4162 6466
405 351 517 411 689

1616 337 1987 399 EXPOSlTlO
2041 336 2112 392 IN
2153 336 2491 393 PSALMOS.

3610 330 3717 388 690

406 475 467 523 et
509 467 703 521 beatus
743 460 950 525 Paulus
997 459 1065 518 de
1107 458 1316 529 iuuenis
1357 458 1635 531 loquens:
1688 454 1813 513 Fiat
1844 471 2026 511 mensa
2064 470 2286 519 eorum,
2316 463 2467 522 cte.;
2516 463 2572 509 et
2614 453 2810 510 beatus
2854 452 3057 511 Petrus
3100 452 3170 509 de
3210 449 3397 507 Juda:
3447 449 3574 505 Fiat
3621 451 3721 504 Ita-

407 560 605 617 bitatio
648 558 766 628 ejus
810 555 1044 613 deserta.
1096 554 1165 612 Et
1202 556 1363 613 ‘certe
1406 554 1647 613 diversis
1700 550 2023 610 constitutis
2073 550 2280 615 rebus,
2335 565 2447 606 non
2495 551 2660 622 quasi
2714 550 2931 621 psalmo
2978 550 3144 607 modo
3195 548 3419 620 quidem
3474 561 3575 618 pro
3628 546 3720 603 his

407 658 604 721 dicto,
649 653 851 709 iterum
899 664 1085 710 autem
1128 653 1199 710 de
1244 653 1383 721 illo,
1432 660 1488 710 et
1534 653 1736 708 iterum
1787 649 1857 706 de
1902 648 2052 703 alio:
2097 646 2199 703 sed
2236 647 2369 717 quia
2411 645 2482 703 de
2528 644 2737 703 Iudaeis
2774 646 2925 702 dicta
2970 656 3099 703 sunt
3143 646 3345 718 plura,
3391 642 3491 715 qui
3534 658 3594 700 se
3636 658 3724 699 se-

409 756 755 825 paraverunt
814 748 885 805 de
936 749 1050 806 Deo
1112 758 1169 806 et
1224 750 1378 823 lege,
1437 749 1832 806 convincentia
1894 747 2119 802 illorum
2174 744 2629 811 indevotionem,
2691 744 3046 801 necessarius
3109 751 3196 800 est
3254 741 3717 798 testimoniorum

411 858 551 899 usus
599 840 769 897 simul
814 847 870 896 et
920 856 989 897 ex
1036 840 1206 898 rebus
1244 848 1443 913 captus
1490 842 1673 913 qualis
1722 847 1842 908 est,
1900 835 2169 892 Dederunt
2211 836 2266 891 in
2308 853 2488 892 escam
2535 855 2708 893 meam
2753 836 2861 907 fel,
2905 849 2955 891 et
3002 838 3056 891 in
3101 836 3195 891 siti
3239 853 3355 893 mea
3404 844 3726 906 potaverunt

409 954 494 991 rue
546 944 715 992 aceto.

487 1055 638 1125 Στίχ.
688 1053 792 1120 κζ’.
828 1087 899 1098 --
942 1056 1056 1110 Καὶ
1101 1056 1177 1130 (Ι)
1212 1038 1510 1112 ἀπέκειντο
1555 1056 1735 1111 πάντα
1781 1055 2016 1128 δρῶντες

2197 1052 2367 1111 Vens.
2401 1055 2492 1111 27.
2521 1086 2591 1096 —
2619 1054 2689 1110 Et
2733 1054 3062 1110 institerunt
3104 1053 3293 1108 omnia
3319 1052 3587 1107 adversus
3627 1068 3730 1105 ltus
3793 1032 3801 1044 ’

412 1148 540 1202 καθ’
586 1148 767 1219 ἡμῶν,
809 1148 900 1204 ὀιεί¹
951 1152 1075 1215 ταῖς
1123 1149 1647 1223 προλαμϐανούσαις
1704 1151 2018 1221 συμφοραῖς

2132 1154 2365 1215 lentare,
2399 1149 2846 1220 praecedentibus
2876 1149 3289 1204 calamitatibus
3341 1162 3561 1217 semper
3589 1147 3729 1200 alias

414 1241 615 1313 ἐτέρας
640 1242 961 1311 εἰσάγοντες
982 1282 998 1309 ,
1032 1242 1130 1297 καὶ
1156 1243 1418 1299 οὐδέποτε
1453 1244 1716 1317 λήγοντες
1742 1242 1839 1298 τοῦ
1879 1241 2019 1314 πρὸς

2132 1245 2629 1315 superinducentes
2647 1284 2662 1309 ,
2687 1251 2742 1300 et
2768 1258 3052 1315 nunquam
3082 1258 3111 1296 a
3139 1241 3280 1297 bello
3302 1240 3596 1295 adversum
3626 1255 3729 1293 nos

414 1335 567 1408 ἡμᾶς
596 1333 863 1405 πολέμου.

382 1418 393 1455 ⁸
492 1426 643 1497 Στίχ.
674 1426 785 1499 κη’.
825 1456 895 1471 .—
928 1427 1043 1482 Οὐκ
1082 1427 1196 1500 ἔχει
1240 1430 1269 1483 ὁ
1307 1429 1440 1495 Θεὸς
1469 1430 1671 1495 αἰτίαν,
1710 1429 1760 1483 εἰ
1789 1428 1928 1500 πρὸς
1962 1427 2022 1481 ὃν

422 1519 699 1591 ἐπόθησαν
733 1520 1150 1592 παραδέδονται,
1182 1522 1387 1595 δηλαδὴ
1418 1522 1496 1594 τῷ
1529 1522 1667 1577 Θεοῦ
1706 1522 2023 1591 ἀποστατή-

424 1626 580 1662 σαντι
629 1610 903 1683 διαϐόλῳ·
949 1610 1308 1677 ἐξαπέστειλε
1356 1612 1487 1682 γοῦν
1532 1613 1731 1677 αὐτοὺς
1772 1610 1915 1666 κατὰ
1954 1608 2027 1675 τᾲ

420 1694 842 1777 ἐπιτηδεύματα
875 1705 984 1760 τῶν
1013 1705 1253 1777 καρδιῶν
1287 1705 1496 1759 αὐτῶν·
1526 1705 1607 1760 διὸ
1633 1702 2026 1777 προστιθέασιν

421 1797 659 1867 ἀνομίας
699 1798 787 1851 ἐπ’
826 1798 1103 1869 ἀνομίαις.
1141 1797 1253 1869 Τὴν
1288 1798 1447 1853 σκιὰν
1482 1798 1539 1852 δὲ
1581 1797 1678 1851 τοῦ
1713 1797 1882 1867 νόμου
1924 1795 2026 1866 τῆς

420 1890 688 1961 ἐλθούσης
740 1892 1185 1963 προτιμήσαντες
1227 1890 1523 1962 ἀληθείας,
1561 1888 1883 1959 ἐξώσθησαν
1929 1885 2028 1940 καὶ

418 1984 517 2036 τοῦ
548 1983 716 2037 τόπου
747 1987 849 2056 τῆς
878 1985 1115 2054 τυπιγῆς
1150 1984 1431 2056 λατρείας,
1467 1988 1534 2057 τῇ
1568 1984 1814 2056 προτέρᾳ
1850 1997 2025 2054 προσ-

418 2072 665 2137 τιθέντες
702 2074 973 2145 ἁμαρτίᾳ,
1012 2076 1070 2128 ἐν
1104 2074 1179 2146 τῷ
1195 2075 1296 2143 τῆς
1335 2074 1595 2139 ἰουδαίας
1611 2073 1717 2142 ἔξω
1737 2072 2027 2145 βούλεσθαι

419 2164 601 2221 ταῦτα
634 2169 830 2231 ποιεῖν,
871 2165 954 2220 διὸ
978 2167 1080 2221 οὐκ
1112 2168 1456 2239 εἰσέρχονται
1495 2168 1554 2221 ἐν
1594 2165 1915 2238 δικαιοσύνῃ
1957 2167 2025 2237 τῇ

416 2259 512 2314 διὰ
542 2260 783 2324 πίστεως
829 2258 1005 2330 Ἰησοῦ
1036 2259 1278 2331 Χριστοῦ
1302 2277 1315 2292 ·
1356 2260 1486 2332 περί
1513 2255 1581 2331 ἧς
1615 2262 1863 2332 εἴρηταιο
1896 2259 2028 2313 Νῦν

418 2352 492 2406 δὲ
535 2353 717 2423 χωρίς
755 2354 947 2423 νόμου
989 2352 1352 2422 δικαιοσύνη
1381 2353 1531 2408 Θεοῦ
1582 2353 2021 2423 πεφανέρωται,

412 2446 883 2516 μαρτυρουμένη
914 2445 1036 2501 ὑπὸ
1060 2445 1168 2500 τοῦ
1198 2446 1389 2515 νόμου
1412 2443 1510 2498 καὶ
1541 2443 1660 2498 τῶν
1678 2443 2025 2514 προφητῶν.

420 2535 563 2610 Περί
592 2538 753 2591 σκιὰν
781 2537 892 2610 γὰρ
919 2536 1138 2608 ἔχοντες
1166 2537 1276 2600 ἀεὶ,
1312 2537 1432 2601 πῶς
1476 2538 1802 2607 εἰσήρχοντο
1846 2539 1906 2590 ἐν
1950 2536 2030 2590 δι-
2060 2518 2067 2529 ι

418 2629 688 2702 καιοσύνῃ
711 2631 779 2703 ἣν
802 2631 1081 2703 ἠγνόησαν
1109 2630 1247 2685 Θεοῦ
1269 2649 1283 2699 ;
1315 2629 1436 2699 Τὴν
1460 2630 1623 2685 ἰδίαν
1646 2629 1758 2700 τὰρ
1782 2628 2029 2698 ζητοῦν-

419 2741 525 2791 τες
541 2723 802 2793 στῆσαι,
834 2723 910 2793 τῇ
936 2723 1295 2793 δικαιοσύνῃ
1326 2723 1434 2777 τοῦ
1463 2722 1613 2778 Θεοῦ
1643 2725 1758 2793 οὐχ
1803 2721 2030 2778 ὑπετά-

420 2833 630 2891 γησαν
650 2834 664 2848 ο
694 2816 897 2872 ταύτὸν
930 2817 1039 2890 γὰρ
1062 2817 1124 2871 τὸ
1162 2817 1529 2888 ὑποταγῆναι,
1563 2816 1644 2888 τῷ
1672 2814 1938 2870 εἰσελθεῖν
1969 2815 2029 2870 ἐν

424 2914 587 2985 αὐτῇ.

500 3004 791 3076 Στίχ.⁶κθ’.
825 3034 898 3047 -—
948 3004 1421 3075 Ἔξαλειερθεῖεν,
1464 3002 1751 3058 τουτέστιν
1800 3002 2029 3060 ἀποθά-

426 3115 611 3153 νοιεν.
653 3096 848 3151 Βίϐλον
875 3097 934 3151 δὲ
962 3096 1113 3166 λέγει
1152 3095 1395 3163 ζώντων,
1425 3093 1504 3160 ὠς
1533 3094 1629 3149 τοῦ
1669 3094 1807 3150 Θεοῦ
1837 3094 2031 3168 ὥσπερ

425 3189 486 3241 ἐν
527 3185 695 3257 βίϐλῳ
721 3184 831 3239 τινὶ
863 3185 992 3249 τοὺς
1031 3185 1244 3250 ζῶντας
1270 3184 1488 3255 ἔχοντος
1524 3184 2027 3256 καταλεγομένους,

422 3281 492 3333 ἐκ
541 3280 856 3351 μεταφορᾶς
908 3277 1018 3332 τῶν
1060 3276 1352 3348 βασιλέων,
1387 3274 1498 3329 τῶν
1536 3277 1595 3330 ἐν
1645 3280 1767 3341 ταῖς
1824 3277 2029 3349 βίϐλοις

423 3367 661 3516 sitmst
699 3366 1192 3440 ἐγγεγραμμένους
1229 3367 1357 3431 τοὺς
1388 3364 1498 3420 τῶν
1532 3366 1887 3439 στρατιωτῶν
1924 3385 2028 3424 κα-

423 3475 455 3515 τ
559 3476 709 3516 γους.

421 3459 709 3533 τδλόγους.

1001 3577 1300 3630 ΨΑΛΜΟΣ
1332 3575 1456 3631 ΟΔ’.

502 3707 760 3811 Era-2ft
792 3738 861 3750 —
897 3708 972 3811 1:22
999 3709 1119 3811 ,πρό
1151 3709 1368 3811 οὐχ-ῶς
1395 3711 1494 3811 ἐπ)ἱ
1516 3712 1709 3783 χρόνου
1750 3709 1922 3781 λέγει,
1952 3710 2027 3775 ῶς
2057 3747 2104 3811 c

423 3817 573 3866 τινες
601 3799 865 3873 ᾠήθησαν
885 3815 900 3832 ο
926 3800 1049 3854 ἐπεὶ¹
1077 3800 1239 3853 ποίαν
1261 3799 1375 3866 ἓξει
1399 3801 1539 3875 πρὸς
1565 3801 1625 3855 τὸ
1657 3802 2031 3873 παραμένειν

424 3892 792 3962 ἀκολουθίανς
824 3891 1290 3964 Συμπαραμενεῖ
1336 3892 1475 3965 γὰρ,
1533 3894 1705 3966 φησί.
1754 3893 1836 3961 τῷ
1876 3896 2031 3963 ἡλίῳ

427 3985 529 4039 καὶ
562 3982 679 4055 πρὸ
711 3981 825 4058 τῆς
857 3982 1132 4052 σελήνης
1152 3984 1365 4053 γενεὰς
1402 3983 1646 4056 γενεῶν.
1684 3985 1757 4040 Τὸ
1789 3987 1887 4057 μὲν
1920 3986 2031 4059 γὰρ

422 4076 928 4147 συμπαραμένειν
965 4077 1047 4141 εἰς
1080 4068 1142 4130 τὸ
1167 4076 1300 4149 ἑξῆς
1332 4076 1575 4147 λέγεται,
1615 4078 1678 4134 τὸ
1709 4079 1766 4133 δὲ
1796 4082 1915 4149 πρό
1935 4080 2030 4134 ἐπὶ

419 4168 537 4224 τῶν
593 4169 1003 4241 προλαϐόντων.
1049 4170 1241 4234 Οὐδεὶς
1272 4164 1367 4226 οῦν
1415 4172 1682 4241 λέγειὸτι
1728 4173 1836 4245 πρὸ
1870 4172 2028 4227 τοῦδε

424 4265 873 4335 συμπαραμενεί.
905 4264 969 4317 Εἰ
994 4262 1051 4317 δέ
1080 4281 1166 4327 τις
1193 4262 1257 4318 τὸ
1286 4265 1751 4335 συμπαραμενεῖ
1790 4266 1865 4337 μὴ
1897 4265 2026 4337 βού-

420 4355 574 4410 λοιτο
601 4356 751 4415 κατὰ
763 4355 945 4410 κοινοῦ
973 4354 1232 4421 νοεῖσθαι,
1261 4355 1458 4421 καὶτὸ,
1484 4354 1598 4425 πρὸ
1621 4354 1731 4425 τῆς
1755 4356 2029 4425 σελήνης

420 4448 641 4518 γενεὰς
687 4446 933 4525 γενεῶν,
990 4447 1143 4502 οὐδὲν
1198 4448 1453 4520 ποιήσει,
1486 4448 1603 4503 ἀλλ’
1650 4448 1683 4519 ἢ
1720 4448 1892 4519 χωλὸν
1933 4450 2030 4504 καί

420 4540 754 4612 ἀπλήρωτον
781 4540 905 4612 ἔχον
924 4542 1024 4612 τὴν
1040 4540 1305 4596 διάνοιαν
1329 4542 1390 4594 οὐ
1418 4541 1526 4612 γὰρ
1548 4542 1823 4613 συνῆπται
1851 4542 2025 4615 αὐτῷ,

418 4632 507 4687 ὅτι
542 4631 710 4697 ἔστιν,
754 4632 841 4687 ὅτι
882 4632 1145 4702 ὑπάρχει,
1176 4632 1210 4703 ἦ
1243 4633 1327 4687 ὅτι
1364 4628 1468 4706 ἦν,
1502 4633 1610 4704 ήτι
1653 4633 1914 4689 τοιοῦτον.
1954 4634 2029 4688 Τὸ

424 4723 528 4795 μὲν
573 4719 668 4777 οῦν
714 4723 1180 4793 συμπαραμενεῐ
1224 4724 1370 4779 κατὰ
1413 4724 1597 4779 κοινοῦ
1646 4725 1831 4795 λέγει·
1877 4726 1937 4779 τὸ
1970 4726 2028 4780 δὲ

418 4814 541 4884 πρό
563 4816 663 4870 οὐκ
690 4816 784 4870 ἐπί
806 4817 905 4888 τῆς
922 4817 1020 4871 τοῦ
1045 4818 1242 4889 χρόνου
1273 4817 1423 4886 λέγει
1451 4818 1751 4890 ὑπεροχῆς,
1786 4819 1903 4873 ἀλλ’
1928 4819 2027 4874 ἐπὶ

420 4909 521 4979 τῆς
550 4908 672 4962 κατ’
720 4908 854 4962 αὐτὸ
900 4908 962 4963 τὸ
995 4908 1297 4979 διαμένειν.
1332 4911 1595 4981 Διαμενεῖ
1624 4912 1829 4976 τοίνυν,
1866 4913 2023 4985 φησὶ,

422 5003 519 5056 καὶ
551 5000 1087 5072 διαφυλαχθήσονται
1112 5003 1145 5073 ἡ
1169 5003 1362 5074 εἰρήνη
1392 5004 1487 5057 καὶ
1510 5004 1571 5057 τὸ
1598 5004 1807 5061 δίκαιον
1835 5006 1924 5061 ἴσα
1948 5007 2027 5079 τῷ

2127 1349 2437 1397 cessantes.

2202 1432 2369 1490 Vens.
2401 1434 2494 1490 28.
2523 1464 2596 1479 -
2626 1433 2769 1490 Deus
2802 1447 2916 1488 non
2953 1440 3040 1487 est
3091 1430 3147 1485 in
3197 1442 3395 1495 causa,
3456 1426 3504 1482 si
3542 1424 3733 1479 traditi

2130 1526 2243 1585 sint
2280 1526 2360 1582 illi
2412 1542 2575 1599 quem
2627 1525 3038 1589 desiderarunt,
3096 1520 3314 1579 scilicet
3370 1517 3597 1574 diabolo
3636 1513 3733 1571 Dei

2130 1620 2446 1677 desertori:
2492 1618 2707 1674 dimisit
2754 1618 2924 1689 igitur
2975 1631 3072 1673 eos
3119 1611 3426 1671 secundum
3463 1610 3733 1665 adinvcn-

2130 1713 2313 1769 tiones
2346 1712 2599 1766 cordium
2634 1712 2883 1780 ipsorum
2914 1726 2929 1776 ;
2978 1706 3190 1762 idcirco
3222 1706 3598 1775 apposuerunt
3628 1698 3737 1753 ini-

2131 1804 2375 1877 quitates
2433 1820 2602 1873 super
2658 1803 3006 1874 iniquitates.
3064 1800 3339 1855 Craterum
3405 1809 3533 1851 cum
3594 1791 3733 1862 legis

2132 1899 2384 1955 umbram
2407 1906 2654 1953 ventura:
2676 1895 2897 1952 veritati
2924 1893 3293 1966 praetulerint,
3323 1890 3489 1945 etiam
3516 1886 3737 1955 expulsi

2133 1999 2266 2049 sunt
2311 2007 2342 2047 e
2394 1991 2517 2047 loco
2571 1991 2755 2046 cultus
2808 1988 3079 2060 liguralis,
3134 1986 3239 2041 hoc
3285 1992 3515 2057 peccato
3558 1981 3733 2052 priori

2133 2084 2487 2155 adjicientes,
2534 2082 2685 2154 quod
2718 2087 2873 2137 extra
2900 2077 3143 2134 Iudaeam
3180 2075 3458 2132 voluerint
3509 2074 3619 2128 ista
3654 2070 3737 2125 fa-

2132 2193 2280 2242 cere,
2330 2176 2456 2231 ideo
2500 2190 2612 2230 non
2649 2174 2860 2228 intrant
2896 2172 2952 2227 in
2996 2170 3304 2242 justitiam,
3363 2183 3487 2237 quae
3518 2171 3604 2221 est
3638 2179 3736 2235 per

2133 2273 2296 2328 ﬁdem
2319 2269 2449 2325 Jesu
2474 2268 2707 2335 Christi,
2752 2266 2821 2322 de
2846 2279 2953 2336 qua
2977 2265 3185 2319 dictum
3211 2268 3294 2317 est
3320 2279 3333 2316 :
3364 2258 3524 2312 Nunc
3558 2264 3736 2310 autem

2132 2368 2246 2423 sine
2275 2366 2386 2437 lege
2425 2363 2649 2434 justitia
2692 2360 2793 2415 Dei
2838 2356 3187 2427 manifestata
3229 2362 3329 2420 est,
3380 2350 3671 2420 testiﬁcata
3702 2363 3735 2400 a

2134 2460 2241 2531 lege
2279 2468 2327 2514 et
2356 2457 2626 2527 prophetis
2658 2449 2844 2525 (Rom.
2878 2467 2963 2517 ιιι,
2991 2450 3114 2519 21).
3148 2447 3287 2503 Cum
3322 2445 3467 2500 enim
3517 2455 3738 2509 semper

2133 2554 2347 2611 umbrat
2382 2551 2752 2612 adhaererent,
2801 2544 3086 2619 quomodo
3133 2543 3441 2598 intrassent
3470 2536 3525 2591 in
3566 2534 3737 2606 justi~

2133 2649 2264 2705 tiam
2300 2646 2395 2703 Dei
2432 2660 2601 2718 quam
2639 2640 3017 2714 ignorabant?
3050 2636 3218 2693 Suam
3249 2634 3397 2688 enim
3440 2640 3737 2701 quwrentes

2132 2749 2388 2803 statuere,
2417 2737 2647 2810 justitia:
2669 2734 2768 2789 Dei
2792 2750 2899 2788 non
2925 2738 3051 2787 sunt
3075 2728 3301 2800 subjecti
3333 2723 3521 2796 (Rom.
3542 2738 3597 2791 ι,
3628 2720 3687 2793 5)
3714 2738 3728 2774 :

2134 2849 2263 2890 nam
2294 2833 2438 2889 idem
2467 2837 2554 2889 est
2581 2828 2808 2898 subjici,
2843 2825 2991 2899 quod
3023 2824 3232 2880 intrare
3265 2820 3322 2875 in
3355 2834 3503 2875 eam.

2206 3014 2380 3072 Vens.
2399 3013 2494 3070 29.
2517 3043 2591 3054 —
2616 3009 2930 3071 Deleantur,
2962 3007 3017 3063 id
3039 3011 3128 3063 est
3147 3002 3472 3058 moriantur.
3502 2998 3735 3053 Librum

2135 3117 2321 3166 autem
2345 3108 2481 3164 dicit
2507 3104 2833 3169 viventium,
2864 3098 3025 3173 quasi
3056 3096 3203 3152 Deus
3226 3095 3282 3150 in
3308 3094 3453 3149 libro
3473 3088 3739 3162 quopiam

2132 3206 2384 3262 viventes
2422 3202 2625 3258 habeat
2674 3196 3008 3259 recensitos,
3050 3207 3120 3250 ex
3163 3188 3486 3259 metaphora
3518 3197 3736 3255 regum,

2134 3299 2228 3370 qui
2262 3296 2320 3352 in
2356 3294 2515 3352 libris
2544 3292 2780 3363 scriptos
2801 3288 3004 3344 habent
3030 3283 3317 3355 catalogus
3342 3280 3549 3337 ducum
3572 3288 3736 3333 exer-

2134 3396 2281 3452 citus

2649 3604 2875 3667 PSALM
2884 3604 2975 3661 US
3027 3602 3215 3658 LXXI.

2208 3709 2378 3766 Vens.
2426 3708 2478 3763 5.
2517 3734 2588 3746 ——
2619 3700 2773 3760 Istud
2823 3708 2945 3755 ante
2995 3712 3103 3752 non
3153 3692 3314 3766 quasi
3367 3690 3435 3745 de
3486 3696 3738 3756 tempore

2134 3805 2295 3869 dicit,
2334 3809 2392 3856 ut
2414 3797 2585 3872 aliqui
2618 3801 2921 3869 putarunt;
2957 3805 3083 3847 nam
3118 3786 3336 3860 qualem
3370 3785 3475 3839 hoc
3509 3781 3738 3836 haberet

2133 3897 2539 3955 connexionem
2592 3907 2721 3948 cum
2749 3887 2920 3944 verbo
2944 3882 3295 3958 permanere?
3323 3877 3460 3932 Nam
3495 3888 3739 3945 comper-

2134 3992 2391 4056 manebit,
2427 3989 2632 4061 inquit,
2666 4002 2787 4041 cum
2820 3982 2931 4038 sole
2960 3990 3008 4035 et
3045 3986 3169 4033 ante
3196 3975 3401 4039 lunam,
3433 3970 3490 4024 in
3521 3982 3740 4040 genera-

2138 4088 2306 4142 tiones
2342 4083 2765 4155 generationum.
2804 4077 2997 4147 Itaque
3036 4070 3269 4128 verbum
3305 4077 3619 4137 permanere
3668 4059 3738 4113 ad

2134 4152 2446 4252 sequentia,
2510 4170 2831 4246 praepositio
2881 4181 3017 4222 vero
3078 4173 3202 4219 ante
3252 4160 3318 4215 ad
3370 4152 3738 4229 praecedentia

2134 4249 2397 4323 refertur.
2427 4262 2603 4319 Nemo
2639 4261 2809 4333 igitur
2847 4257 3008 4324 dicit,
3056 4253 3205 4325 quod
3242 4249 3481 4305 antehac
3515 4257 3738 4318 perma-

2134 4357 2309 4414 nebit.
2346 4354 2405 4410 Si
2458 4352 2587 4425 quis
2637 4332 2771 4405 vero
2825 4345 2972 4404 istud
3025 4337 3474 4411 compermanebit
3525 4332 3737 4404 aliquid

2134 4447 2518 4506 subaudiendo
2539 4441 2771 4512 intelligi
2790 4438 2950 4501 nolit,
2965 4437 3131 4493 etiam
3149 4433 3321 4498 istud,
3338 4438 3461 4484 ante
3477 4430 3660 4483 tunam
3680 4426 3736 4479 in

2131 4542 2492 4616 generationes
2522 4535 2943 4609 generationum,
2964 4529 3045 4585 nil
3075 4527 3182 4583 nisi
3207 4537 3463 4580 mancum
3504 4528 3558 4575 et
3582 4520 3735 4574 clau-

2132 4638 2263 4693 dum
2290 4648 2515 4689 sensum
2549 4629 2757 4694 faciet;
2791 4641 2901 4681 non
2926 4623 3074 4678 enim
3101 4620 3177 4675 illi
3206 4617 3554 4687 adjunctum,
3588 4609 3734 4683 quod

2133 4733 2228 4796 sit,
2260 4728 2408 4801 quod
2440 4725 2698 4789 exsistat,
2736 4720 2824 4775 vel
2853 4716 3003 4788 quod
3039 4712 3230 4776 fuerit,
3260 4709 3346 4766 vel
3371 4706 3505 4779 quid
3534 4704 3734 4760 simile.

2120 4797 2327 4893 itaque
2368 4820 2515 4876 istud
2572 4808 3022 4884 compermanebit
3082 4803 3291 4875 aliquid
3347 4797 3733 4857 subaudiendo

2132 4892 2309 4982 dicit;
2362 4910 2515 4967 istud
2566 4921 2699 4963 vero
2733 4914 2857 4961 ante
2905 4916 3018 4957 non
3070 4898 3141 4954 de
3197 4892 3467 4965 temporis
3500 4904 3734 4946 excessu

2132 5007 2290 5071 dicit,
2328 5004 2425 5063 sed
2459 5004 2529 5060 de
2561 5002 2680 5074 ipsa
2722 4993 3128 5069 permanentia.
3157 4984 3512 5044 Permanebit
3542 4982 3733 5053 igitur,

422 5093 561 5165 ήλίῳ
611 5093 938 5164 λάμποντα,
988 5092 1084 5148 καί
1140 5092 1283 5164 ὑπὲρ
1321 5094 1421 5164 τὴν
1458 5094 1711 5167 σελήνην,
1743 5095 1886 5151 ὥστε
1931 5075 2026 5153 καί

2136 5101 2340 5173 inquit,
2400 5106 2457 5154 et
2507 5094 2856 5152 custodietur
2912 5104 3021 5160 pax
3071 5095 3237 5155 atque
3279 5076 3499 5151 justitia
3558 5075 3737 5128 instar

421 5186 683 5259 προέχειν
732 5186 834 5257 τῆς
872 5185 1105 5257 σελήνης
1149 5184 1291 5239 κατὰ
1335 5185 1514 5239 τοῦτο.
1570 5186 1670 5241 Διὰ
1715 5188 1769 5243 τί
1820 5189 1877 5243 δὲ
1929 5191 2025 5244 καὶ

410 5276 647 5350 προέχει
670 5277 769 5348 τῆς
793 5276 1065 5350 σελήνης;
1099 5276 1226 5331 Ὅτι
1251 5278 1287 5348 ἡ
1317 5277 1417 5349 μὲν
1450 5277 1565 5349 ἔχει
1608 5280 1702 5332 καὶ
1743 5279 2024 5350 μειώσεως

417 5370 657 5435 πολλοὺς
697 5370 926 5439 καιροὺς
948 5411 964 5435 ,
994 5368 1136 5439 αῦτη
1164 5367 1223 5422 δὲ
1259 5371 1315 5423 ἐν
1343 5368 1423 5441 τῷ
1452 5369 1728 5441 διαμένειν
1761 5372 1851 5425 ἀεὶ
1874 5413 1889 5433 .
1927 5377 2022 5429 καί
2053 5368 2055 5371 ’

418 5463 599 5529 αὔξει,
634 5462 732 5517 καὶ
765 5461 1119 5532 φυλάττεται.
1144 5462 1219 5517 Τὸ
1245 5462 1305 5517 δὲ
1325 5502 1339 5529 ,
1367 5462 1584 5532 γενεὰς
1605 5461 1849 5532 γενεῶν,
1880 5465 2025 5520 κατὰ

418 5556 482 5608 τὸ
510 5557 712 5611 οἰκεῖον
745 5554 943 5627 ἰδίωμα
977 5550 1133 5610 εἶπεν
1157 5555 1282 5610 ἀντὶ
1320 5555 1415 5609 τοῦ
1455 5556 1547 5608 ἐπὶ
1574 5554 1731 5609 πολύ.

2135 5167 2273 5253 solvis
2298 5191 2610 5263 splendida,
2643 5197 2699 5243 et
2728 5199 2897 5257 supra
2922 5184 3132 5245 lunam,
3160 5178 3235 5232 ita
3266 5182 3325 5228 ut
3354 5170 3519 5226 etiam
3544 5167 3731 5221 lunam

2132 5290 2309 5363 ipsam
2347 5288 2403 5342 in
2433 5286 2542 5341 hoc
2581 5288 2826 5351 superet.
2859 5278 3044 5343 Quare
3074 5279 3260 5327 autem
3290 5268 3481 5322 lunam
3510 5273 3730 5333 quoque

2131 5352 2308 5455 ipsum
2359 5374 2682 5435 antecellit?
2712 5371 2853 5439 Quia
2902 5366 3166 5422 nimirum
3205 5361 3322 5430 ipsa
3354 5356 3521 5412 etiam
3554 5352 3731 5408 multa

2134 5448 2386 5545 tempora
2405 5465 2736 5525 defectionis
2762 5461 2965 5525 habet,
2998 5457 3115 5512 hazc
3145 5461 3332 5508 autem
3356 5448 3489 5504 dum
3514 5458 3741 5515 semper

2134 5541 2446 5640 permanet,
2493 5561 2659 5617 etiam
2689 5563 2947 5628 augetur,
2981 5559 3036 5608 et
3082 5546 3422 5607 custoditur.
3452 5541 3731 5598 Caeterum

417 5648 593 5714 istud,
639 5647 703 5703 In
752 5648 1117 5721 generationes
1158 5650 1578 5720 generationum,
1649 5653 1953 5710 secundum
2001 5657 2030 5713 ε

2132 5635 2303 5734 ptui-ge
2341 5656 2627 5730 proprium
2662 5649 2924 5722 loquendi
2982 5646 3205 5703 modum
3263 5642 3403 5699 dixit
3454 5654 3557 5710 pro
3606 5635 3739 5693 diu.

492 5882 570 5951 U)
610 5881 684 5938 lix
718 5882 1017 5951 Corderio.
