4162 6462
465 319 564 376 οη

1664 325 2017 387 THEODORI
2054 320 2539 403 uorsuss'rstu

3643 312 3765 397 69's

540 436 705 493 Vens.
736 438 873 492 7--—.
898 436 1230 495 Ostenderat
1266 454 1331 497 se
1372 440 1519 498 istud
1560 446 1893 512 permanebit
1926 462 2041 500 cum

2224 452 2372 524 Στίχ.
2425 455 2489 519 ζ’.
2531 483 2601 496 --
2637 453 2882 521 Ἔδειξεν
2912 453 2995 510 ὅτι
3033 454 3115 523 τὸ,
3153 455 3620 527 συμπαραμενεῖ
3668 453 3751 522 τῷ

464 530 597 591 sole,
618 530 684 583 de
708 542 842 598 pace
870 544 935 582 ac
966 528 1183 599 justitia
1220 530 1465 586 dixisse:
1490 533 1682 588 eadem
1723 534 1890 603 igitur
1916 551 2050 591 usus

464 620 853 685 similitudine,
880 619 1029 676 istud
1054 622 1257 676 orietur
1279 623 1442 692 quasi
1473 624 1543 679 de
1564 625 1682 680 sole
1715 641 1939 696 quoque
1967 626 2048 680 di-

461 712 573 776 xit;
609 711 665 765 id
699 718 783 765 est
822 712 1133 782 apparebit.
1161 711 1263 777 ita,
1289 714 1490 784 inquit,
1521 715 1727 770 lucebit
1760 718 1905 773 sicut
1940 718 2045 772 sol.

458 802 620 859 Nunc
679 804 867 875 itaque
928 805 1034 861 hoc
1085 807 1266 876 ipsum
1316 808 1672 864 manifestius
1722 810 2046 866 declaravit.

461 898 640 967 Atque
673 898 882 961 omnia,
910 898 1110 968 inquit,
1137 915 1234 969 per
1266 915 1453 954 curam
1482 909 1632 955 tuam
1664 911 1774 956 tam
1807 903 1915 956 alta
1946 917 2045 971 pax

394 1010 405 1025 ο
459 990 790 1055 continebit,
838 998 898 1045 ut
936 1006 1091 1062 atque
1124 992 1469 1063 impossibile
1521 994 1771 1049 futurum
1821 994 1913 1057 sit,
1950 1010 2048 1065 pa-

460 1097 578 1137 cem
609 1082 731 1152 ejus
761 1098 826 1138 ac
856 1082 1003 1139 lunae
1048 1084 1420 1140 substantiam
1462 1086 1717 1140 dissolvi.
1750 1074 1901 1139 Solet
1945 1101 2047 1137 au-

458 1183 571 1229 tem
629 1174 917 1245 Scriptura
968 1176 1022 1230 in
1073 1177 1352 1232 similibus
1385 1177 1462 1230 uti
1499 1176 1853 1255 hyperbatis;
1891 1189 1949 1232 ut
1991 1177 2046 1230 in

456 1270 672 1341 psalmo
702 1269 1047 1341 octogesimo
1095 1276 1311 1332 octavo,
1341 1266 1548 1322 Ponam
1590 1270 1643 1321 in
1680 1269 1935 1323 circulum
1976 1286 2052 1322 sed

456 1376 575 1415 tuen
608 1359 743 1430 ejus,
785 1369 836 1413 et
892 1357 1136 1413 thronum
1188 1358 1303 1428 ejus
1356 1359 1493 1412 sicut
1547 1358 1658 1421 dies
1707 1361 1824 1413 ειειὶ
1853 1358 2046 1431 (Psal.

457 1466 725 1518 Lxxxvm,
766 1451 880 1521 50).
905 1450 1039 1517 Cum
1080 1434 1255 1526 magis
1293 1450 1646 1522 hyperbolice
1679 1451 1934 1517 dixisset,
1962 1468 2049 1509 re-

456 1558 624 1618 gnum
661 1543 715 1597 in
751 1541 1172 1598 successoribus
1201 1540 1419 1597 Davidis
1444 1558 1597 1613 teque
1634 1557 1699 1597 ac
1732 1544 1932 1599 cmlum
1958 1546 2045 1599 in-

454 1635 779 1693 dissolubile
812 1649 1257 1705 permansurum,
1285 1635 1342 1690 in
1376 1634 1738 1704 sequentibus
1771 1651 1904 1691 vero
1940 1635 2044 1692 ite-

2152 546 2325 611 ἡλίῳ,
2356 547 2448 598 ἐπὶ
2473 545 2574 614 τῆς
2612 548 2838 621 εἰρήνης
2879 543 2999 601 sine
3034 549 3131 603 καὶ
3158 548 3258 604 τοῦ
3284 548 3539 602 δικαίους·
3568 549 3742 619 -ὲχρή-

2152 654 2282 690 caro
2329 633 2422 690 οὖν
2470 638 2566 691 καὶ
2611 641 2677 709 τῇ
2733 639 3034 711 ὁμοιότητι,
3082 640 3148 693 τὸ
3172 639 3458 695 ἀνατελεῖ
3505 639 3602 695 ἐπὶ
3649 640 3757 692 τοῦ,

2153 729 2303 799 ἡλίου
2334 726 2538 783 εἰπών·
2581 731 2704 784 ἀντὶ
2753 730 2850 785 τοῦ
2898 733 3223 803 φανήσεται.
3275 732 3464 796 Οὕτως
3516 732 3745 801 λάμψει,

2151 822 2336 891 φησιν,
2367 822 2443 887 ὡς
2475 824 2502 877 ὁ
2529 823 2698 894 ἣλιος.
2733 823 2850 877 Νῦν
2892 820 2988 879 οὖν
3024 825 3159 879 αὐτὸ
3208 825 3444 895 ἐδήλωσε
3479 824 3761 893 caprices--

2155 929 2267 982 ρον.
2293 914 2403 967 Καὶ
2434 913 2596 979 οὕτω,
2624 916 2777 986 φησι,
2807 915 3003 986 βαθῖα
3033 917 3215 971 πάντα
3237 916 3453 981 καθέξει
3480 918 3513 987 ἡ
3548 918 3749 987 εἰρήνη

2114 1005 2236 1063 .διὰ
2271 1006 2369 1076 τὴν
2412 1006 2562 1077 παρὰ
2602 1007 2697 1068 σοῦ
2733 1006 3081 1079 κηδεμονίαν,
3114 1009 3188 1073 ὡς
3237 1010 3437 1080 ὁμοίως
3482 1010 3741 1063 ἀδύνατον

2151 1091 2309 1159 εἶναι,
2337 1096 2563 1168 λυθῆναί
2597 1114 2657 1149 τε
2686 1097 2786 1168 τὴν
2817 1098 2904 1151 ἐπ’
2933 1098 3099 1151 αὐτοῦ
3131 1099 3356 1169 εἰρήνην
3394 1099 3489 1152 καὶ
3518 1098 3619 1167 τῆς
3652 1115 3742 1164 σε-

2149 1188 2318 1259 λήνης
2361 1190 2459 1259 τὴν
2512 1187 2763 1261 ὕπαρξιν.
2821 1190 2954 1253 Ταῖς
3010 1190 3069 1243 δὲ
3109 1190 3433 1262 ὑπερϐολαῖς
3488 1190 3582 1243 ἐπὶ
3629 1190 3741 1243 τῶν

2149 1279 2406 1333 τοιούτων
2434 1279 2554 1344 ἔθος
2595 1279 2895 1351 κεχρῆσθαι
2921 1282 2986 1351 τῇ
3035 1278 3157 1352 θείᾳ.
3198 1281 3412 1351 Γραφῇ,
3443 1282 3518 1345 ὡς
3553 1281 3648 1334 κιιύ⁵
3680 1283 3745 1345 ἐν¹

2149 1369 2227 1440 τῷ
2272 1377 2366 1442 πη¹
2409 1370 2630 1445 ψαλμῷ,
2672 1371 2753 1436 τὸ,
2813 1370 3084 1441 Θήσομαι
3128 1374 3216 1438 είς
3269 1372 3375 1425 τὸν
3431 1371 3620 1437 αἰῶνα
3669 1371 3735 1425 τὸ

2149 1461 2388 1531 σπέρμα
2413 1453 2620 1525 αὑτοῦ,
2645 1461 2743 1514 καὶ
2768 1460 2877 1514 τὸν
2905 1463 3122 1529 θρόνον
3139 1461 3327 1516 αὑτοῦ
3355 1462 3436 1528 ὼς
3460 1464 3567 1528 τὰς
3596 1460 3738 1530 ἡμέτ

2142 1569 2258 1621 ρας
2306 1552 2411 1607 τοῦ
2460 1550 2741 1622 οὐρανοῦ.
2810 1550 3345 1629 Ὑπερϐολικὼτερον
3392 1551 3583 1616 εἰπὼν,
3637 1551 3735 1634 τὴν

2152 1645 2428 1717 βασιλείαν
2458 1647 2514 1698 ὲν
2533 1648 2646 1708 τοῖς
2679 1646 2943 1717 διαδόχοις
2975 1645 3071 1701 τοῦ
3104 1644 3268 1698 Δαῦἱδ
3298 1644 3389 1699 ἴσα
3411 1644 3489 1715 τῷ
3520 1644 3736 1715 οὐρανῷ
3802 1658 3813 1673 ε

453 1745 577 1786 rum
599 1729 700 1792 ait,
731 1727 799 1782 Et
828 1727 1045 1782 thronus
1060 1727 1174 1797 ejus
1199 1727 1335 1782 sicut
1354 1727 1435 1781 sol
1454 1727 1507 1781 in
1529 1737 1806 1797 conspectu
1838 1744 1974 1792 meo,
1995 1737 2041 1783 et

2151 1737 2432 1794 ἀδιάλυτον
2458 1738 2795 1810 παραμένειν
2812 1755 2825 1768 ο
2851 1738 2948 1791 καὶ
2974 1736 3103 1807 ἑξῆς
3125 1737 3183 1791 δὲ
3207 1737 3391 1799 πάλιν,
3413 1736 3523 1790 Καὶ
3550 1739 3581 1789 ὀ
3604 1736 3736 1803 θρόι

452 1825 592 1879 sicut
610 1823 740 1877 luna
777 1820 1011 1892 perfecta
1044 1791 1099 1877 in
1140 1829 1391 1876 wternum
1414 1818 1582 1894 (Ibid.
1610 1791 1699 1891 ὅθ)
1734 1840 1747 1876 :
1776 1837 1899 1892 quae
1937 1791 2041 1879 uti-

2146 1848 2255 1899 νος
2288 1830 2474 1886 αὐτοῦ
2523 1791 2627 1896 ῶςι
2653 1833 2687 1884 ὀ
2717 1829 2891 1898 ἥλιος
2930 1791 3211 1884 erat-dor
3258 1845 3391 1895 μου,
3441 1826 3539 1880 καὶ
3580 1791 3660 1893 (In:-
3694 1829 3734 1895 ἢ

454 1934 563 1990 que
601 1932 791 1974 revera
818 1931 945 2003 .non
991 1916 1067 1970 ita
1126 1913 1495 1985 contigerunt,
1538 1914 1634 1970 sed
1690 1914 2044 1989 hyperbolice

455 2008 605 2065 dicta
644 2016 774 2063 sunt
804 1996 839 2060 εἰ
877 2005 1165 2076 Scriptura
1200 2003 1387 2060 divina
1739 1996 1745 2005 ’

527 2200 695 2258 Vens.
726 2201 782 2256 8.
810 2232 880 2243 —
910 2197 1039 2254 Non
1073 2197 1221 2271 quod
1269 2198 1497 2267 omnino
1544 2197 1839 2269 imperabit
1865 2202 1921 2253 et
1954 2211 2043 2252 re-

454 2303 564 2373 get,
595 2293 692 2352 sed
717 2293 847 2366 quia
880 2292 1025 2347 fama
1058 2299 1111 2347 et
1129 2290 1306 2363 gloria
1338 2305 1531 2346 omnes
1561 2289 1739 2360 ipsum
1777 2297 2040 2360 tanquam

452 2388 749 2444 Dominum
782 2401 946 2447 suum
981 2382 1368 2443 admirabundi
1398 2376 1814 2440 venerabuntur
1845 2398 1859 2435 :
1889 2381 2038 2453 quod

450 2483 620 2541 etiam
654 2493 846 2539 revera
883 2477 1088 2534 factum
1122 2478 1420 2548 reperitur.

526 2595 695 2651 Vens.
728 2594 905 2651 i7.-.
933 2590 1034 2647 Hic
1082 2591 1249 2651 etiam
1289 2591 1693 2657 demonstravit
1724 2586 1875 2651 istud
1912 2594 2041 2641 ante

453 2704 565 2746 non
597 2687 665 2743 de
698 2693 949 2756 tempore
986 2684 1117 2749 dici,
1146 2695 1206 2738 ut
1234 2681 1460 2739 Christo
1499 2680 1802 2739 convenire
1840 2679 2040 2736 existi-

452 2789 634 2838 metur
663 2800 676 2837 :
706 2779 855 2852 quod
902 2778 1072 2847 aliqui
1123 2783 1414 2849 putarunt.
1459 2774 1596 2829 Nam
1633 2775 1680 2831 si
1734 2772 1884 2829 istud
1918 2778 2041 2826 ante

450 2875 525 2931 de
552 2883 799 2944 tempore
828 2885 892 2926 ac
920 2870 991 2924 de
1022 2868 1463 2939 praeexsistentia
1490 2865 1722 2930 diceret,
1751 2862 2036 2934 quomodo

452 2964 803 3039 permanebit,
828 2963 978 3035 quod
1013 2963 1068 3018 in
1117 2960 1482 3032 sequentibus
1517 2959 1629 3018 ait?
1662 2958 1809 3013 Adeo
1844 2957 2035 3029 igitur,

453 3058 662 3130 inquit,
699 3055 1060 3124 nomenejus
1102 3059 1289 3108 manet
1338 3051 1691 3116 admirabile,
1717 3065 1828 3105 non
1873 3064 2037 3106 secus

2145 1919 2381 1994 σελήνη
2416 1919 2855 1990 κατηρτισμένη
2895 1920 2984 1987 εὶς
3013 1919 3119 1972 τὸν
3148 1916 3365 1970 αἰῶνα·
3400 1915 3546 1988 ἅπερ
3590 1913 3733 1983 κατᾲ

2147 2013 2246 2084 μὲν
2271 2013 2331 2066 τὸ
2359 2012 2583 2085 ἀκριϐὲς
2621 2013 2720 2082 οὐχ
2754 2010 2896 2065 οὕτω
2941 2010 3187 2079 γέγονεν,
3228 2005 3732 2079 ὑπερϐολικὼτερον

2142 2106 2197 2160 δὲ
2222 2106 2437 2178 εἴρηται
2475 2108 2539 2177 τῇ
2568 2105 2690 2177 θεία
2712 2104 2926 2175 Γραφῇ.

2213 2223 2363 2294 Στίχ.
2401 2221 2473 2292 η’.
2518 2249 2587 2262 —-
2622 2220 2735 2291 Οὐχ
2771 2220 2854 2273 ὅτι
2905 2218 3174 2291 κρατήσει
3205 2215 3422 2279 πάντως
3452 2212 3547 2268 καὶ
3573 2211 3731 2294 βασι·

2142 2288 2348 2380 λεύσεί,
2386 2288 2501 2369 ἀλλ’
2549 2313 2631 2366 ὅτι
2782 2288 3079 2382 φήμῃνκαϊ
3116 2310 3182 2378 τῇ
3234 2305 3362 2378 δόξῃ
3412 2288 3613 2366 πάντες
3656 2300 3731 2371 ὡς

2142 2410 2348 2481 Κύριον
2384 2406 2592 2462 ἑαυτῶν
2631 2389 3031 2476 θαυμάσανται·
3067 2401 3097 2454 ὃ
3129 2400 3224 2454 atati.
3260 2396 3476 2470 ἀληθῶς
3509 2392 3729 2465 γεγονὸς

2141 2501 2476 2574 εὑρίσκεται.

2213 2616 2363 2687 Στίχ.
2401 2617 2485 2682 ιζ’.
2507 2648 2576 2657 --
2609 2614 2815 2680 Ἕδειξε
2849 2610 3130 2666 κάνταῦθα
3161 2610 3243 2662 ὅτι
3274 2606 3336 2660 τὺ
3363 2605 3480 2674 πρό
3507 2604 3608 2657 οὐκ
3635 2601 3729 2656 ἐπὶ

2140 2708 2333 2780 χρόνου
2372 2709 2542 2777 λέγει,
2586 2709 2673 2761 ἵνα
2712 2707 2791 2777 τῷ
2822 2703 3043 2776 Χριστῷ
3076 2701 3369 2774 ἁρμόττειν
3417 2695 3670 2767 νομισθῇ,
3700 2695 3732 2749 ὅ

2140 2815 2284 2863 τινες
2310 2799 2590 2870 ᾠήθησαν.
2625 2800 2687 2852 Et
2716 2796 2824 2869 γὰρ
2850 2797 2911 2849 τὸ
2941 2795 3059 2864 πρό
3093 2792 3190 2846 ἐπὶ
3231 2791 3427 2862 χρόνου
3463 2788 3611 2856 λέγει
3638 2788 3731 2841 καὶ

2142 2889 2558 2963 προῦπάρξεως,
2591 2888 2709 2952 πῶς
2750 2888 2810 2941 τὸ
2843 2884 3127 2955 διαμενεῖ,
3166 2885 3302 2953 ὅπερ
3332 2881 3425 2934 ἐπὶ
3456 2879 3566 2933 τῶν
3600 2877 3731 2947 ἑξῆς

2141 2981 2325 3052 λέγεις
2380 2982 2538 3036 υθτω
2587 2982 2788 3043 τοίνυν,
2831 2978 2987 3049 φησι,
3045 2976 3109 3030 τὸ
3141 2975 3311 3045 ὄνομα
3356 2971 3523 3027 αὐτοῦ
3580 2971 3729 3041 μένει

2142 3073 2582 3146 θαυμαζόμενον.
2611 3073 2709 3127 οὐκ
2756 3071 2978 3127 ἔλαττον
3006 3069 3039 3141 ἢ
3064 3070 3093 3122 ὁ
3124 3067 3274 3138 ἥλιος
3302 3064 3397 3118 καὶ
3427 3064 3460 3134 ἠ
3505 3062 3725 3132 σελήνη.

425 3136 521 3207 ’2ο
575 3150 660 3208 sol
714 3156 771 3205 et
819 3149 971 3203 luna.
1015 3148 1197 3216 Atque
1249 3145 1416 3215 hujus
1474 3144 1873 3229 demonstratio
1920 3152 2033 3205 est,

2145 3136 2466 3220 Καίτοιέτου
2491 3164 2785 3231 ἀπόδειξις,
2812 3163 2873 3216 τὸ
2900 3136 3038 3233 ἄχρι.
3058 3136 3158 3230 τῆς
3186 3156 3347 3228 δεῦρο
3369 3153 3465 3208 τοῦ
3485 3171 3546 3206 τε
3575 3152 3728 3223 ἡλίου

451 3241 604 3314 quod
647 3240 969 3311 usquedum
1001 3238 1084 3293 sol
1120 3245 1176 3293 et
1206 3237 1333 3291 luna
1370 3243 1720 3307 permanent,
1751 3222 1869 3306 ipse
1902 3250 2042 3305 quo-

452 3350 562 3406 que
587 3335 657 3390 ab
684 3330 945 3388 omnibus
978 3329 1305 3384 hominibus
1332 3335 1691 3391 memoratur,
1715 3335 1770 3382 et
1801 3326 2040 3387 admira-

452 3427 595 3481 tioni
628 3424 703 3480 sit
730 3431 956 3495 propter
1003 3420 1355 3492 sapientiam,
1381 3428 1438 3474 et
1496 3418 1753 3489 gloriam,
1777 3428 1832 3474 et
1862 3417 2039 3473 bono-

464 3534 608 3588 rem,
638 3532 801 3590 quem
836 3513 983 3588 apud
1021 3528 1216 3579 omnes
1250 3521 1582 3569 consecutus
1615 3519 1741 3567 est.

526 3631 664 3688 ιιι».
692 3663 766 3673 -
794 3629 897 3685 [lic
923 3630 1163 3685 maxime
1193 3626 1426 3684 adduxit
1456 3640 1684 3682 causam
1717 3638 2037 3681 sermonum

454 3726 526 3783 ad
577 3727 759 3798 ipsum
807 3723 1148 3793 habitorum.
1179 3721 1308 3794 quia
1356 3720 1430 3785 ob
1485 3734 1781 3776 commune
1828 3717 2039 3773 bonum

452 3823 649 3873 narrat
677 3815 801 3886 ejus
833 3814 1057 3870 decora.
1086 3811 1370 3888 Siquidem
1406 3812 1591 3867 omnis
1641 3810 1821 3885 honor
1868 3808 2037 3880 regis,

453 3918 513 3968 et
562 3907 874 3982 praesertim
927 3904 1065 3979 justi
1115 3919 1272 3985 cura,
1324 3917 1679 3977 communem
1743 3899 2039 3957 utilitatem

455 4007 672 4075 Spectat
714 3998 1085 4073 subditorum.
1117 3997 1352 4073 Propter
1401 3996 1586 4071 ipsum
1619 3992 1795 4068 enim,
1832 3990 2037 4075 inquit,

453 4074 819 4152 admirationi
880 4099 1050 4163 erunt
1105 4104 1297 4146 omnes
1344 4087 1546 4157 tribus,
1600 4083 1657 4165 id
1707 4094 1795 4142 est
1858 4074 2042 4161 omnis

452 4188 650 4248 lsrael.
673 4188 857 4260 Atque
889 4185 1059 4258 hujus
1099 4170 1633 4267 argumentum‘est,
1665 4176 1814 4257 quod
1848 4175 2040 4257 regina

454 4278 646 4336 Austri
695 4277 764 4333 ad
808 4277 991 4350 ipsum
1055 4273 1302 4338 veniens,
1348 4272 1542 4343 beatos
1593 4268 2041 4349 pronuntiaverit

456 4372 746 4429 ministros
786 4371 933 4444 ejus,
967 4367 1118 4446 quod
1148 4365 1372 4445 assidue
1409 4362 1683 4447 sapientia
1729 4361 1854 4443 ejus
1894 4361 2042 4441 frue—

456 4473 674 4531 rentur.

949 4622 1275 4684 PSALMUS
1325 4622 1535 4703 Lxxu.

521 4762 695 4820 Vsus.
723 4762 907 4820 ιο.-
936 4757 1006 4813 Et
1038 4760 1223 4814 vivent
1270 4773 1399 4813 cum
1439 4758 1755 4824 saturitate,
1783 4757 1918 4813 dum
1959 4757 2039 4817 ita

452 4855 524 4912 ab
550 4852 688 4926 ipsis
717 4851 831 4908 vita
858 4848 1194 4917 instituitur,
1222 4860 1281 4907 ut
1307 4852 1494 4907 nullus
1520 4852 1644 4908 vitae
1671 4850 1791 4906 dies
1814 4856 2041 4920 prater:

451 4947 608 5011 ﬂuat,
640 4943 780 5016 ipsis
828 4958 861 4998 a
913 4952 1091 4998 morte
1135 4942 1458 5014 praventis.
1491 4939 1609 4997 Hoc
1646 4948 1832 4995 autem
1881 4937 2038 5002 dicit,

449 5057 566 5097 non
599 5038 761 5110 quasi
807 5035 1040 5093 omnino
1080 5034 1506 5091 determinatum
1541 5042 1765 5102 tempus
1816 5030 1892 5087 sit
1937 5044 2039 5085 cu-

447 5133 676 5203 juslibet
715 5129 961 5187 hominis
998 5127 1271 5192 viventis,
1301 5126 1398 5183 sed
1434 5123 1586 5195 quod
1631 5137 1735 5179 nos
1780 5121 2040 5193 frequen-

454 5234 557 5289 ter,
596 5239 723 5280 cum
773 5230 978 5279 natura
1034 5221 1212 5278 simus
1266 5217 1622 5290 passionibus
1679 5216 1930 5283 obnoxii,
1969 5216 2041 5271 ab

451 5319 721 5374 aerumnis
764 5324 821 5373 et
857 5313 1252 5370 aiﬁictionibus
1299 5310 1387 5366 vel
1433 5309 1710 5379 aliquibus
1760 5309 2039 5377 similibus

453 5415 687 5463 mortem
717 5407 1129 5469 sustineamus;
1156 5417 1323 5472 quam
1361 5400 1408 5458 si
1440 5399 1725 5457 declinare
1753 5402 2036 5472 potuisse-

453 5513 604 5561 mus,
635 5498 965 5568 longissimo
1012 5505 1263 5567 tempore
1301 5494 1655 5550 risissemus.
1691 5493 1829 5550 Alite
1883 5495 2035 5551 enim

453 5598 663 5646 mortes
719 5598 851 5649 sunt
907 5604 1033 5661 quae
1081 5589 1153 5645 ab
1207 5587 1472 5645 aerumnis
1525 5586 1864 5650 inferuntur.
1914 5588 2037 5643 alite

455 5682 589 5737 item
640 5696 765 5752 qua:
809 5696 921 5759 non
969 5681 1039 5737 ab
1087 5682 1330 5739 externis
1378 5680 1565 5747 malis,
1601 5679 1697 5736 sed
1723 5696 1790 5736 ex
1831 5680 2038 5749 ipsius-

455 5780 570 5850 μοι
623 5780 838 5851 natura:
884 5773 1201 5843 conditione
1252 5771 1698 5847 proﬁciscuntur.
1728 5768 1867 5826 Nam
1908 5770 2037 5826 licet

2142 3257 2236 3312 καὶ
2280 3257 2381 3328 τῆς
2428 3256 2660 3327 σελήνης
2708 3253 3087 3325 διαμενόντων,
3147 3247 3423 3319 διαμένειν
3474 3246 3730 3299 κάκεῖνον

2142 3347 2295 3418 παρὰ
2321 3347 2488 3400 πᾶσιν
2516 3344 2827 3417 ἀνθρώποις
2862 3337 3336 3414 μνημονευόμενόν
3365 3353 3446 3400 τε,
3479 3335 3575 3388 καὶ
3598 3335 3727 3388 θαυ-

2146 3438 2451 3510 μαζόμενον
2481 3436 2573 3489 Eni
2604 3438 2670 3507 τῇ
2708 3435 2889 3504 σοφίᾳ,
2915 3432 3008 3485 ἰπὶ
3052 3430 3119 3501 τῇ
3148 3427 3299 3500 δόξῃ,
3332 3426 3427 3478 ἐπὶ
3455 3427 3523 3496 τῇ
3564 3426 3725 3495 τιμῇ.

2140 3526 2209 3603 ἧς
2236 3529 2387 3602 παρὰ
2412 3529 2627 3583 πάντων
2654 3525 2834 3596 ἔτυχε.

2224 3640 2489 3695 Ἐνταῦθα
2530 3639 2768 3710 μάλιστα
2806 3637 3081 3708 συνήγαγε
3110 3635 3219 3715 τῶν
3250 3636 3330 3701 είς
3366 3633 3527 3691 αὑτὸν
3556 3632 3729 3700 λὶγων

2140 3733 2240 3805 τὴν
2272 3732 2474 3798 αἰτίαν,
2500 3732 2582 3785 ὅτι
2625 3729 2714 3785 διὰ
2751 3730 2812 3782 τὸ
2836 3729 3012 3783 κοινὸν
3054 3727 3151 3783 τοῦ
3200 3728 3440 3798 πλήθους
3480 3726 3548 3779 τὰ
3599 3723 3729 3792 περὶ

2142 3825 2303 3880 αὑτὸν
2339 3823 2605 3894 διηγεῖται
2636 3820 2795 3876 καλά.
2833 3820 2990 3874 Πᾶσα
3018 3818 3127 3893 γὰρ
3152 3818 3285 3891 τιμὴ
3317 3817 3601 3888 βασιλέως,
3637 3814 3730 3881 καὶ

2145 3918 2378 3991 μάλιστα
2424 3917 2458 3987 ἠ
2509 3913 2604 3969 τοῦ
2636 3913 2846 3968 δικαίου
2898 3913 3138 3985 φροντὶς,
3170 3911 3348 3965 κοινὸν
3381 3908 3571 3977 ὄφελος
3620 3905 3730 3960 τῶν

2143 4009 2598 4087 βασιλευομένων.
2625 4004 3116 4077 Θαυμασθήσονται
3136 4003 3268 4075 γὰρ,
3296 4003 3449 4074 φησι,
3479 4001 3545 4056 δι’
3568 3999 3730 4054 αὑτὸν

2142 4104 2315 4161 πᾶσαι
2347 4103 2403 4157 αἱ
2430 4100 2612 4172 φυλαὶ,
2641 4099 2910 4163 τουτέστι,
2944 4100 3054 4163 πᾶς
3082 4100 3110 4152 ὁ
3145 4096 3380 4170 ’Ῑσραήλι
3403 4096 3511 4148 Καὶ
3538 4093 3728 4147 τούτου

2141 4193 2436 4261 ἀπόδειξις,
2468 4194 2530 4252 τὸ
2557 4192 2655 4265 τὴν
2684 4190 2779 4248 τοῦ
2806 4191 2960 4247 νότου
2990 4189 3309 4261 βασίλισσαν
3345 4184 3729 4259 παραγενομέ-

2141 4303 2262 4358 νην,
2307 4287 2606 4358 μακαρίσαι
2652 4284 2778 4347 τοὺς
2817 4280 3314 4354 ὑπηρετουμένους,
3351 4279 3432 4333 ὅτι
3468 4274 3730 4350 διηνεκῶς

2141 4380 2348 4460 ταθτης
2372 4378 2651 4457 ἀπήλαυον
2686 4375 2787 4447 τῆς
2820 4373 3033 4446 σοφίας.

2716 4622 3006 4679 ΨΑΛΜΟΣ
3042 4619 3161 4675 08".

2220 4762 2369 4832 Στίχ.
2392 4760 2446 4814 ι’.
2477 4790 2547 4803 --
2573 4758 2684 4812 Kal
2707 4758 2965 4831 ζήσονται
2995 4754 3135 4828 μετὰ
3165 4755 3369 4819 ἀδείας.
3399 4770 3725 4825 συγκροτου-

2152 4853 2321 4925 μένης
2361 4852 2544 4915 αὐτοῖς
2574 4851 2672 4920 τῆς
2700 4849 2867 4920 ζωῆς,
2897 4848 2975 4911 ὡς
3013 4847 3089 4919 μὴ
3130 4843 3520 4918 παραιρεῖσθαι
3569 4844 3727 4915 μηδεο

2151 4946 2279 5016 μίαν
2308 4942 2487 4998 αὐτῶν
2514 4942 2751 5014 ἡμέραν,
2790 4940 2884 4996 τοῦ
2910 4940 3026 5011 βίον
3058 4935 3596 5010 προλαμϐανομένων
3629 4934 3731 4989 ὑπὸ

2145 5033 2241 5088 τοῦ
2276 5032 2528 5090 θανάτου.
2557 5031 2727 5089 Τοῦτο
2746 5031 2805 5089 δὲ
2824 5031 2994 5099 λέγει,
3020 5031 3120 5101 οὐχ
3143 5029 3221 5092 ὡς
3247 5027 3463 5090 πάντως
3502 5025 3743 5097 ὡρισμέ-

2147 5145 2237 5185 νον
2270 5127 2461 5198 statpr
2507 5125 2709 5189 παντὸς
2753 5122 3046 5195 ἀνθρώπου
3080 5121 3303 5186 ζῶντος,
3346 5119 3461 5194 ἀλλ’
3490 5119 3565 5182 ὡς
3607 5119 3728 5170 πολ-

2146 5221 2322 5286 λάκις,
2354 5220 2512 5293 ήμῶν
2539 5220 2628 5273 διὰ
2673 5218 2734 5272 τὸ
2765 5217 3045 5287 παθητοίις
3092 5211 3232 5273 εἶναι
3272 5213 3369 5285 τὴν
3400 5212 3585 5283 φύσιν,
3631 5211 3735 5264 ὑπὸ

2149 5314 2444 5387 συμφορῶν
2476 5314 2571 5369 καὶ
2594 5311 2827 5383 θλίψεων
2865 5312 2899 5382 ἦ
2927 5311 3022 5367 καί
3048 5327 3213 5367 τινων
3240 5310 3500 5365 τοιούτων
3530 5309 3730 5377 ὑπομεο

2147 5408 2345 5463 νόντων
2383 5407 2642 5461 θάνατον·
2681 5404 2745 5461 ὃν
2765 5405 2815 5458 εί
2857 5402 3219 5473 δυνηθείημεν
3256 5401 3320 5457 ἂν
3363 5399 3732 5460 ἐκκλίναντες,

2143 5499 2239 5553 ὲπὶ
2283 5499 2545 5570 μήκιστον
2588 5495 2797 5567 βιῶναι.
2829 5493 3181 5565 Ἐτεροιγὰρ
3220 5494 3271 5547 οἱ
3306 5492 3414 5546 ἀπὸ
3443 5491 3552 5546 τῶν
3588 5507 3730 5560 συμ.

2147 5591 2331 5663 φορῶν
2358 5590 2671 5661 γιγνόμενοι
2708 5587 2951 5652 θάνατοι,
2982 5588 3077 5641 καὶ
3114 5585 3293 5656 ἕτεροι
3318 5586 3367 5638 οἱ
3402 5584 3505 5637 οὐκ
3527 5585 3591 5636 ἐκ
3623 5583 3731 5635 τῶν

2144 5678 2344 5745 ἔξωθεν
2382 5679 2591 5745 κακῶν,
2630 5678 2743 5732 ἀλλ’
2773 5678 2867 5732 ἀπ’
2895 5675 3075 5730 αὐτῶν
3106 5677 3162 5728 ὲν
3187 5678 3252 5747 τῇ
3280 5676 3590 5744 κατασκευῇ
3634 5674 3729 5741 τῆς

2146 5771 2363 5853 φύσεως
2406 5770 2812 5844 συμϐαίνοντες.
2848 5766 2969 5841 Κᾶν
3007 5767 3114 5843 γὰρ
3165 5767 3332 5841 μηδὲν
3366 5764 3569 5841 ἔξωθεν
3611 5766 3726 5817 £1.2-
