4162 6466
272 372 283 381 ·
367 339 484 399 693

1589 336 1965 397 exrosmo
1998 301 2066 395 m
2108 336 2457 395 PSALMOS.

3555 330 3667 391 69¢
3692 278 3701 283 ﬁ

363 465 598 536 γένηται
624 455 758 535 (οἷον
784 462 813 517 ό
837 462 926 520 διὰ
961 461 1150 534 ξίφους
1176 464 1210 540 ἢ
1241 464 1384 531 τινος
1414 464 1661 521 τοιούτου
1691 465 1968 533 θάνατος),
2002 503 2015 528 ε

2118 464 2433 521 xtrinsecus
2479 458 2620 518 nihil
2658 457 2968 533 acciderit(
3005 474 3058 516 v.
3117 473 3173 531 g.
3204 472 3357 516 mors
3408 472 3505 530 per
3554 458 3676 529 gla-

361 558 486 614 ἀλλ’
512 558 655 629 αὐτὴ
686 557 906 622 πάντως
938 559 973 630 ἠ
997 558 1159 627 φύσις
1184 562 1264 624 είς
1305 562 1483 634 γῆρας
1507 560 1773 626 ἐλάσασα,
1810 562 1977 631 ἀναγ-

367 652 547 717 καίως
574 652 868 721 ἐφέλκεται
898 653 993 707 τὸν
1034 653 1285 711 θάνατον.
1325 656 1413 719 Ὡς
1442 651 1535 710 οὖν
1584 656 1849 727 πρότερον
1881 655 1978 708 αὑ-

366 744 481 800 τῶν
514 742 686 798 πολλὰ
714 744 939 799 τοιαῦτα
971 746 1378 814 ὑπομενόντων,
1423 749 1520 801 καὶ
1543 748 1649 802 ὑπὸ
1691 747 1802 801 τῶν
1839 764 1977 801 κατ-

369 838 609 911 εχόντων
652 837 842 892 κακῶν
891 838 1155 904 πολλάκις
1199 838 1740 912 προλαμὸανομένων
1783 841 1863 903 εἰς
1885 838 1976 892 τὸν

370 929 633 993 θάνατον,
667 928 828 983 τοῦτό
873 948 1008 1001 φησι
1047 932 1129 985 ὅτι
1172 931 1359 985 οὐκέτι
1408 930 1691 987 πείσονται
1734 930 1978 985 τοιοῦτον

369 1024 550 1091 οὐδὲν,
586 1025 703 1080 ἀλλ’
731 1024 913 1093 ἕξουσι
944 1026 1043 1090 τὰς
1073 1026 1288 1098 ἡμέρας
1335 1024 1585 1099 πλήρεις,
1621 1026 1712 1081 τὸν
1736 1025 1846 1082 ἀπδ
1876 1026 1978 1098 τῆς

370 1120 595 1191 φύσεως
624 1118 855 1175 θάνατον
892 1119 1239 1193 ἐκδεχόμενοι
1275 1120 1457 1191 μόνον.
1738 1134 1755 1149 ‘

943 1325 1240 1380 ΨΔΛΜΟΣ
1294 1325 1416 1381 Ol".

451 1438 599 1510 Στίχ.
631 1446 693 1495 ε’.
707 1441 942 1511 -Ἔχει
961 1440 1061 1512 μὲν
1079 1439 1283 1513 πολλὴν
1307 1439 1417 1496 ἀπὸ
1438 1439 1540 1514 τῆς
1564 1443 1865 1515 ἑρμηνείας
1882 1443 1982 1516 τὴν

375 1533 672 1588 δυσκολίαν
700 1532 763 1587 τὸ
786 1534 970 1605 ῥητόν.
1000 1534 1163 1602 Λέγει
1187 1534 1244 1588 δὲ
1276 1533 1409 1589 αὐτὸ
1437 1534 1739 1609 Σύμμαχος
1761 1537 1977 1608 σαφῶςο

380 1626 630 1679 Ἕθεντο
677 1624 753 1679 τὰ
782 1624 1004 1694 σημεῖα
1049 1624 1252 1681 αὐτῶν
1296 1625 1629 1697 ἐπισήμως,
1675 1628 1985 1700 γνώρισμα

377 1716 536 1772 κατὰ
562 1715 680 1784 τὴν
707 1715 956 1771 εἴσοδον
984 1716 1209 1772 ἐπάνω.
1256 1718 1479 1803 Ἐπειδὴ
1501 1720 1612 1792 γὰρ
1632 1719 1753 1785 ἔθος
1773 1717 1842 1794 ἦν
1870 1724 1984 1787 τοῖς

2078 556 2230 611 dium
2280 566 2375 612 aut
2409 552 2579 610 simili
2632 550 2797 608 modo
2838 550 3049 622 illata),
3074 550 3195 621 ipsa
3224 559 3410 611 tamen
3468 556 3666 605 natura

2080 662 2179 719 per
2213 662 2271 701 se
2303 645 2534 702 omnino
2563 642 2632 698 ad
2668 642 2888 699 senium
2923 649 3207 713 provecta,
3242 642 3564 698 necessario
3585 656 3672 695 se-

2079 757 2206 797 cum
2258 746 2494 794 mortem
2534 737 2787 793 attrahit.
2819 734 3109 807 Tanquam
3151 737 3322 805 igitur
3358 736 3466 806 ipsi
3512 733 3672 805 prius

2080 834 2252 889 multa
2325 831 2641 889 istiusmodi
2696 832 2947 901 perpessi
3004 828 3139 897 sint,
3182 838 3240 885 et
3285 844 3320 884 a
3371 828 3538 885 malis
3586 828 3675 883 in-

2078 926 2407 999 gruentibus
2445 940 2591 996 saepe
2639 923 2940 979 immatura
2985 930 3166 978 morte
3211 922 3480 993 praeventi
3537 921 3673 989 sint,

2081 1022 2158 1076 ait
2198 1021 2350 1092 ipsos
2386 1020 2464 1076 nil
2490 1019 2672 1076 simile
2701 1016 2940 1088 amplius
2966 1014 3025 1070 in
3046 1012 3345 1087 posterum
3376 1025 3675 1084 passuros.

2083 1117 2179 1173 sed
2230 1115 2349 1172 dies
2399 1116 2594 1187 plenos
2625 1111 2941 1175 habituros,
2976 1123 3047 1165 ex
3091 1107 3272 1165 solius
3316 1113 3533 1162 natura
3577 1103 3675 1160 de-

2082 1205 2233 1263 fectu
2263 1213 2497 1263 mortem
2535 1211 2751 1260 tantum
2800 1200 3079 1256 obituros.

2582 1314 2909 1375 PSALMUS
2946 1312 3185 1371 LXXIII.

2102 1422 2105 1423 ν
2153 1435 2323 1492 Vens.
2362 1435 2420 1493 5.
2444 1434 2757 1490 -—Dictttm
2787 1433 2894 1488 boc
2927 1430 3159 1486 multam
3190 1427 3361 1483 habet
3405 1424 3464 1481 in
3509 1432 3686 1478 inter-

2083 1528 2356 1602 pretando
2418 1518 2824 1584 dicultatem.
2874 1514 3250 1596 Symmachus
3289 1506 3476 1576 autem
3525 1517 3680 1573 clare

2086 1622 2190 1679 hoc
2223 1622 2342 1679 ait:
2384 1621 2693 1677 Paruerant
2739 1621 2896 1691 signa
2944 1634 3047 1672 sua
3092 1614 3399 1687 insigniter,
3421 1608 3686 1667 indicium

2086 1713 2158 1768 ad
2177 1714 2479 1786 ingressum
2503 1726 2750 1781 superne.
2774 1709 2913 1764 Cum
2949 1706 3102 1763 enim
3137 1702 3386 1774 antiquis
3415 1703 3686 1759 usitatum

383 1810 661 1875 παλαιοῖς,
689 1811 843 1865 εἵπου
864 1810 989 1865 τινὰ
1018 1812 1335 1884 ἐκράτησαν
1358 1786 1534 1883 πόλιν,
1564 1786 1658 1869 ἐπὶ
1686 1786 1985 1889 τῆς-πύλης

2113 1811 2258 1871 :sset,
2281 1812 2343 1860 ut
2372 1804 2420 1860 si
2447 1803 2673 1875 quando
2707 1801 2990 1858 civitatem
3021 1790 3265 1870 aliquam
3293 1786 3599 1868 cepissent,
3633 1795 3689 1848 in

380 1904 695 1977 γράμματα
740 1905 1146 1978 διαχαράττειν,
1199 1905 1298 1979 τὴν
1350 1907 1563 1963 ἑαυτῶν
1612 1911 1986 1983 προσηγορίαν

381 1997 745 2069 ἐμφαίνοντα,
782 1996 858 2063 ὡς
914 1998 1177 2071 ἐνίκησάν
1213 2000 1421 2055 τεκαὶ
1465 2000 1657 2057 ἔλαϐον
1699 2004 1798 2076 τὴν
1831 2005 1988 2060 πόλιν

381 2090 766 2162 αἰχμάλωτον·
819 2090 1080 2161 πολλάκις
1114 2093 1172 2148 δὲ
1214 2095 1310 2148 καί
1340 2113 1464 2150 τινα
1517 2095 1593 2162 ὡς
1647 2101 1850 2171 σημεῖα
1894 2100 1990 2155 καὶ

384 2181 640 2279 σύμϐολα
673 2184 1246 2279 ἐγκαταπηγνόμενοι,
1279 2181 1368 2241 οἷα
1386 2187 1450 2260 δὴ
1494 2188 1667 2244 πολλὰ
1711 2191 1871 2263 ἡμῶν
1920 2192 1991 2247 τὰ

382 2275 629 2350 τρόπαια
662 2276 758 2332 καὶ
789 2277 859 2333 τὰ
891 2277 1157 2351 σύμϐολα,
1206 2281 1498 2353 ἐπισήμως
1531 2283 1639 2355 πρὸ
1670 2285 1770 2356 τῆς
1813 2284 1992 2359 πύλης

386 2367 618 2520 ξθὲἷῗν,
678 2368 756 2435 ὡς
818 2371 1218 2445 κρατήσαντες,
1266 2373 1343 2441 ὡς
1402 2375 1750 2447 αἰχμάλωτον
1818 2378 1991 2453 αὐτὴν

421 2480 458 2517 α
557 2479 673 2520 τες.

421 2479 673 2528 αοοντες.

2091 1906 2256 1971 porta
2291 1896 2562 1970 quasdam
2610 1896 2828 1952 litteras
2859 1893 3265 1964 insculperent,
3304 1905 3430 1962 quae
3485 1890 3693 1944 nomen
3803 1940 3807 1945 .

2093 2006 2287 2048 eorum
2333 1989 2671 2057 indicarent,
2703 2002 2769 2043 ac
2808 1987 3034 2042 modum
3067 1998 3180 2055 quo
3217 1983 3502 2039 civitatem
3545 1979 3695 2037 devi-

2094 2086 2326 2149 cissent,
2362 2091 2531 2161 atque
2566 2083 2624 2137 in
2676 2093 2835 2137 suam
2879 2082 3243 2150 potestatem
3300 2076 3690 2148 redegissent:

2097 2188 2482 2247 saepenumero
2509 2178 2702 2228 autem
2743 2168 2997 2241 quaedam
3031 2167 3194 2240 quasi
3225 2167 3384 2239 signa
3413 2172 3510 2223 seu
3542 2181 3693 2239 sym-

2096 2270 2224 2327 bola
2273 2266 2694 2340 imprimebant,
2737 2269 2835 2319 aut
2866 2247 3280 2333 insculpebant,
3312 2260 3499 2331 qualia
3527 2258 3696 2315 nimi—

2098 2375 2223 2416 rum
2269 2364 2401 2416 sunt
2437 2355 2612 2412 multa
2666 2359 2863 2410 nostra
2917 2360 3124 2424 tr0paea
3156 2357 3215 2407 et
3258 2349 3532 2422 symbola,
3568 2359 3696 2418 qua:

2099 2453 2396 2525 insigniter
2439 2457 2569 2507 ante
2622 2456 2839 2525 portam
2906 2439 3243 2520 posuerunt,
3280 2450 3548 2514 tanquam
3602 2440 3698 2514 qui

2018 2534 2023 2539 ’
2100 2543 2254 2599 illam
2287 2541 2347 2597 in
2381 2555 2539 2598 suam
2573 2524 2909 2613 potestatem
2961 2534 3304 2608 redegerint,
3332 2540 3387 2589 et
3422 2531 3697 2604 captivam

368 2784 379 2791 ,
464 2728 623 2803 Στίχ.
657 2730 997 2798 ς¹.-Ούτω
1022 2750 1081 2789 τε
1102 2734 1276 2811 αὐτὴν
1292 2737 1530 2809 ἀφειδῶς
1554 2739 1890 2814 ἐπόρθησαν,
1917 2741 1996 2808 ὡς

390 2822 495 2878 καὶ
526 2823 630 2886 τὰς
655 2823 768 2879 τῶν
794 2825 1114 2899 οἰκημάτων
1138 2827 1310 2902 θύρας
1347 2830 1563 2900 ἀξίναις
1604 2834 1995 2900 κατακόπτειν,

395 2914 476 2979 ὡς
505 2914 573 2970 ἂν
599 2918 651 2971 εί
679 2917 814 2985 ξύλα
848 2936 936 2984 τις
982 2921 1040 2974 ἐν
1082 2921 1236 2987 ὕλαις
1282 2923 1508 2996 τέμνοι,
1556 2925 1876 2998 ἀναγκαίως
1909 2925 2000 2983 διὰ

399 3007 503 3080 τὴν
532 3009 641 3067 τῶν
672 3010 979 3085 ἀνθρώπων
1006 3014 1316 3088 τεμνόμενα
1345 3019 1561 3092 χρείαν.

970 3128 1270 3185 ΨΑΛΜΟΣ
1308 3132 1425 3188 ΟΔ’.

2099 2632 2360 2693 fecerint.
3490 2670 3491 2673 η

2143 2726 2346 2785 .Vsns.
2370 2727 2426 2783 6.
2449 2753 2522 2768 —
2558 2725 2697 2783 Tam
2733 2722 3057 2780 immaniter
3105 2735 3227 2777 eam
3279 2724 3599 2784 vastarunt,
3640 2725 3705 2770 ut

2102 2821 2269 2880 etiam
2330 2820 2623 2876 domorum
2678 2817 2883 2889 ianuas
2959 2813 3257 2873 securibus
3310 2808 3697 2881 init-ingerent,

2104 2927 2217 2972 non
2249 2926 2417 2970 secus
2468 2926 2536 2967 ac
2583 2909 2678 2982 qui
2728 2909 2879 2981 ligna
2929 2909 2995 2965 in‘
3040 2907 3199 2963 silvis
3231 2904 3473 2968 caedunt,
3505 2915 3707 2958 neces-

2107 3007 2259 3065 sario
2287 3006 2383 3063 illa
2413 3013 2607 3063 secant
2635 3005 2704 3061 ad
2744 3019 2910 3061 usum
2934 3003 3276 3059 humanum.

2617 3117 2950 3177 PSALMUS
2990 3115 3231 3175 LXXIV.

474 3241 628 3314 Στίχ.
651 3241 930 3313 β’.-Καὶ
955 3243 1064 3298 ἀπὸ
1090 3243 1187 3299 τοῦ
1212 3245 1308 3301 σοῦ
1341 3248 1627 3321 ὀνόματος,
1653 3251 1813 3322 φησὶ,
1835 3253 2002 3309 καλέ-

2142 3284 2145 3287 η
2192 3238 2358 3298 Vens.
2382 3237 2529 3294 2.—
2550 3235 2619 3294 Et
2647 3252 2716 3294 ex
2747 3236 2976 3293 nomine
3028 3243 3149 3313 tuo,
3183 3233 3387 3306 inquit,
3418 3247 3521 3289 nos
3550 3228 3711 3302 ipsos

396 3351 576 3405 -σομεν
615 3334 865 3400 ἑαυτούς.
911 3336 1060 3390 Ἀντὶ
1103 3336 1224 3406 τοῦ,
1254 3340 1534 3413 Δεσπότην
1566 3359 1626 3397 σε
1672 3344 2008 3419 ὁμολογήσο-

408 3445 535 3501 μεν,
571 3427 891 3502 εὐεργέτην,
927 3431 1266 3505 προστάτην,
1300 3433 1531 3501 εἰκότως
1552 3436 1647 3506 ἀφ’
1670 3430 1747 3493 ὧν
1766 3438 2026 3511 ἀπηλαύ-·

401 3538 590 3611 ’ταμεν
630 3520 693 3574 τὸ
738 3521 1020 3593 ὠφέλιμον
1070 3525 1476 3598 παιδευόμενοι.
1531 3529 1695 3585 ’Ίδιον
1741 3531 1853 3606 γὰρ
1900 3533 2011 3589 τῶν

400 3611 741 3685 ἀνθρώπων,
776 3612 839 3667 τὸ
863 3614 960 3670 ἀπ’
987 3615 1217 3672 ἐκείνων
1258 3618 1543 3676 καλεῖσθαι
1579 3622 1689 3676 τῶν
1718 3621 2030 3691 δεσποζόν-Δ

404 3704 582 3776 τωνῆ
616 3706 1077 3779 εὐεργετούντων.
1123 3703 1249 3764 Οἴον
1288 3712 1422 3766 ὅταν
1448 3712 1724 3785 λέγωμεν,
1765 3715 1825 3771 '0
1854 3717 2014 3773 τοῦδε

406 3795 526 3851 εἴτε
554 3796 769 3864 δοῦλος,
798 3797 915 3853 εἴτε
946 3801 1167 3868 οἰκεῖος,
1197 3802 1298 3856 εἴθ’
1331 3804 1413 3859 ὅτι
1434 3804 1635 3874 δήποτε
1664 3808 1928 3865 τοιοῦτον.

412 3981 600 4036 πάντα
642 3983 715 4037 τὰ
768 3981 1054 4055 θαυμάσια
1124 4001 1254 4050 σου,
1303 3987 1443 4042 ἀλλὰ
1491 3990 1858 4065 Διηγήστομαι.
1903 3994 2021 4052 Οὐκ

412 4073 549 4130 ἄλλο
574 4092 626 4129 τι
659 4073 986 4147 βουλόμενος
1031 4079 1229 4144 εἰπεῖν,
1266 4078 1380 4134 ἀλλ’
1410 4080 1488 4145 ὡς
1529 4083 1763 4139 ἑκάστου
1799 4086 1893 4141 τοῦ
1935 4087 2023 4142 λέ-

415 4185 608 4238 γοντος
638 4169 774 4240 ὅπερ
798 4171 858 4223 ἐν
886 4171 954 4241 τῇ
987 4173 1141 4244 κοινῇ
1182 4171 1405 4233 πάντων
1431 4173 1678 4244 γίγνεται
1709 4181 1880 4252 φωνῇ.
1909 4181 2037 4234 Λαο.

419 4261 654 4335 suam;
681 4257 777 4323 οὖν
821 4262 1021 4335 σχολῆς
1059 4263 1153 4320 καὶ
1199 4265 1510 4339 εὐκαιρίας,
1549 4269 1647 4325 καὶ
1685 4271 2025 4342 ἀπαλλαγεὶς

419 4357 522 4427 τῆς
568 4356 762 4427 ἐφόδου
809 4355 920 4411 τῶν
970 4356 1355 4430 πολεμούντων
1397 4360 1559 4434 ἔργον
1612 4363 1875 4436 θήσομαι,
1912 4366 2024 4422 τῶν

421 4451 737 4524 γενομένων
766 4451 829 4505 τὸ
860 4449 1093 4522 μέγεθος
1124 4449 1450 4533 διηγεῖσθαι.
1483 4453 1656 4509 Τοῦτο
1685 4454 1745 4510 δὲ
1772 4454 1906 4510 αὐτὸ
1926 4455 2027 4531 τὴν

2116 3328 2548 3405 appellabimus.
2586 3326 2645 3384 ld
2696 3320 2804 3391 est,
2839 3333 2892 3380 te
2942 3323 3241 3381 Dominum
3295 3319 3713 3378 conﬁtebimur.

2116 3420 2550 3487 benefactorem,
2584 3417 2907 3492 praesidem,
2939 3416 3009 3471 ab
3041 3416 3108 3472 iis
3140 3430 3265 3488 quae
3293 3412 3581 3470 consecuti
3619 3426 3717 3466 su-

2120 3531 2244 3571 mus
2280 3513 2579 3570 utilitatem
2631 3510 2838 3568 edocti.
2863 3509 3162 3581 Proprium
3203 3506 3353 3564 enim
3396 3502 3715 3567 “hominum,

2120 3614 2182 3664 ut
2213 3623 2245 3663 a
2277 3607 2396 3663 suis
2431 3605 2672 3662 dominis
2703 3612 2797 3660 aut
2832 3601 3280 3660 benefactoribus
3312 3597 3689 3669 appellentur,

2078 3746 2087 3753 .
2121 3716 2175 3756 ν.
2209 3715 2261 3770 g.
2293 3699 2424 3754 dum
2463 3696 2740 3753 dicimus:
2768 3694 2874 3775 llic
2902 3694 3051 3749 illius
3083 3700 3168 3748 est
3201 3692 3319 3748 sive
3349 3704 3567 3754 servus,
3600 3686 3722 3743 sive

2028 3830 2031 3835 -
2123 3792 2466 3852 domesticus
2487 3806 2552 3847 ac
2583 3788 2900 3856 familiaris,
2921 3787 3039 3843 sive
3069 3785 3205 3858 quid
3235 3780 3579 3841 istiusmodi.

486 3887 641 3959 Στίχ.
663 3888 736 3959 γ’.
751 3917 824 3928 -
838 3889 1110 3945 Ἐνταῦθα
1128 3890 1325 3958 ἑνικῶς
1345 3889 1522 3962 εἶπεν,
1547 3898 1607 3951 ού
1626 3899 2020 3973 Διηγησόμεθα
2044 3892 2051 3897 “

2197 3884 2367 3944 Vens.
2398 3886 2457 3941 5.
2480 3915 2553 3927 —
2574 3884 2680 3941 Hic
2720 3881 3084 3954 singulariter
3140 3879 3302 3947 dixit,
3331 3875 3454 3947 Non
3489 3862 3739 3931 enarra?

2126 3979 2311 4063 bimus
2365 3979 2554 4034 omnia
2604 3975 2883 4034 mirabilia
2933 3986 3049 4043 tua,
3089 3971 3188 4031 sed
3239 3968 3547 4026 Enarrabo.
3603 3963 3725 4021 Non

2129 4059 2276 4127 aliud
2307 4070 2439 4142 quid
2471 4070 2667 4127 volens
2696 4068 2906 4136 dicere,
2937 4082 3104 4139 quam
3141 4063 3292 4137 quod
3337 4059 3727 4132 unusquisque

2129 4165 2280 4220 dicat
2315 4163 2367 4219 id
2405 4163 2555 4235 quoi
2588 4162 2874 4219 communi
2911 4161 3352 4217 omnium'voce
3405 4155 3486 4210 tit.
3517 4151 3727 4209 Nactus

2131 4244 2304 4328 igitur
2334 4256 2512 4312 otium
2560 4263 2618 4311 et
2666 4253 3166 4326 opportunitatem,
3198 4257 3254 4307 et
3285 4247 3356 4305 ab
3391 4246 3599 4303 insultu
3628 4245 3730 4302 bo-

2130 4351 2301 4406 stium
2324 4349 2621 4414 liberatus,
2652 4346 2760 4403 hoc
2792 4345 2929 4400 mihi
2977 4342 3263 4416 negotium
3309 4352 3641 4410 proponam,
3671 4344 3733 4392 ut

2133 4460 2323 4502 eorum
2351 4458 2474 4515 qua
2506 4440 2654 4496 facta
2679 4448 2812 4496 sunt
2838 4435 3275 4510 magnitudinem
3303 4445 3585 4488 enarrem.
3613 4427 3732 4484 lloc

423 4520 786 4616 εὐχαριστίαν
818 4520 989 4614 λέγει.
1020 4524 1358 4617 Εὑχαριστία
1382 4544 1494 4619 γὰρ
1527 4547 1607 4610 εἰς
1639 4545 1792 4615 Θεὸν,
1815 4548 1876 4602 τὸ
1904 4520 2015 4620 ὁμο-

2138 4538 2318 4608 ipsum
2354 4542 2539 4591 autem
2575 4533 2884 4605 gratiarum
2917 4529 3192 4585 actionem
3224 4531 3408 4581 vocat.
3434 4520 3734 4578 Gratitudo

378 4677 383 4681 ς
425 4615 613 4706 λογεῖν
635 4637 1073 4709 εὐεργετεῖσθαι,
1101 4615 1583 4708 διηγούμενονττὰς
1615 4638 1846 4712 χάριτας
1872 4655 1887 4671 ο
1920 4615 2015 4695 οἷοι

2137 4630 2286 4685 enim
2333 4627 2390 4683 in
2434 4624 2607 4682 Deum
2657 4632 2766 4693 est,
2811 4620 3069 4680 conﬁteri
3122 4617 3477 4684 beneﬁcium,
3526 4615 3736 4688 gratias

429 4731 530 4787 καὶ
575 4733 636 4786 ἐν
675 4731 755 4803 τῷ
801 4730 845 4784 θ’
888 4729 1091 4803 ψαλμῷ
1141 4730 1204 4785 τό
1227 4747 1240 4761 °
1296 4731 1860 4804 Ἐξομολοτήσομαί
1909 4749 2032 4799 σοι,

428 4826 633 4895 Κύριε,
661 4825 734 4880 ἐν
762 4824 877 4896 ὅλῃ
909 4823 989 4894 τῇ
1015 4822 1232 4894 καρδίᾳ
1257 4842 1408 4895 μου·
1446 4824 1809 4897 διηγήσομαι
1840 4823 2039 4881 πάντα

432 4918 511 4977 τὰ
537 4917 847 4990 θαυμάσιά
893 4933 1037 4975 σου.
1076 4919 1212 4973 Ποῖα
1245 4914 1340 4974 οὖν
1393 4917 1675 4991 θαυμάσια
1726 4919 2039 4991 oin-reirei;

447 5011 606 5084 Ἐγὼ
632 5012 970 5082 εὐθύτητας
994 5009 1198 5082 κρινῶ.
1224 5010 1434 5077 Ταῦτα,
1463 5012 1545 5067 ὅτι
1578 5012 1894 5085 ἐπηγγείλω
1920 5011 2044 5083 κρί-

433 5123 553 5162 νειν
571 5104 900 5178 εὐθύτητας,
922 5104 1000 5169 ὡς
1023 5102 1121 5158 τοῦ
1151 5102 1289 5159 Θεοῦ
1311 5102 1470 5158 τοῦτο
1492 5105 1738 5169 εἰπόντος
1761 5103 1858 5158 καὶ
1879 5105 2046 5174 ἐπαγ-

435 5196 792 5271 γειλαμένου.
823 5196 1105 5251 Δέδεικται
1138 5194 1250 5268 γὰρ
1280 5193 1573 5265 πολλαχοῦ,
1605 5193 1728 5249 ἀντὶ⁷
1756 5191 1851 5247 τοῦ
1880 5192 2044 5265 ἔργου

436 5290 726 5360 τδνρλόγον
771 5290 866 5345 καὶ
892 5289 993 5362 τὴν
1021 5287 1360 5359 ἐπαγγελίαν
1403 5285 1719 5358 λαμϐάνων.
1751 5285 1828 5340 Οὐ
1865 5283 1947 5337 δεῖ
1989 5283 2046 5336 δὲ

442 5382 773 5457 θαυμάζειν,
795 5382 878 5436 ὃτι
902 5382 978 5456 μὴ
1004 5378 1149 5447 εἷπε,
1169 5380 1516 5452 Διηγήσομαι
1538 5379 1606 5435 τὰ
1625 5375 1906 5448 θαυμάσιά
1927 5392 2045 5439 σου,

442 5478 579 5532 ὅταν
610 5474 763 5529 λάϐω
789 5474 1001 5546 καιρόν.
1041 5474 1202 5528 Ἴδιον
1234 5472 1343 5545 γὰρ
1377 5468 1568 5536 αὑτοῦ,
1599 5470 1662 5524 τὸ
1686 5470 1752 5523 ὲκ
1784 5470 1883 5540 τῆς
1914 5469 2048 5522 ἁκο-

443 5568 669 5633 λουθίας
700 5566 881 5635 λέγειν
909 5565 981 5620 τὰ
1008 5564 1073 5620 ἐκ
1100 5582 1265 5633 τινων
1306 5562 1564 5637 ρηθέντα,
1592 5563 1690 5616 καὶ
1723 5561 1799 5634 μὴ
1829 5577 2052 5633 προστι-
2084 5563 2109 5582 ⁶

450 5659 603 5715 θέναι
636 5660 697 5713 τὸ
723 5656 929 5723 εἰπάν,
967 5656 1002 5729 ἢ
1036 5655 1255 5727 λέγων,
1283 5656 1318 5728 ἡ
1344 5673 1396 5709 τι
1424 5654 1686 5709 τοιοῦτον.
1711 5654 1825 5707 Καὶ
1851 5651 2051 5706 πολλα-

452 5751 552 5824 χοῦ
596 5753 663 5834 άν
688 5769 773 5819 τις
822 5749 974 5821 εὖροι
1008 5750 1252 5822 ζητήσας
1289 5750 1397 5804 τῶν
1432 5746 1712 5819 Ψαλμῶν·
1739 5742 1849 5801 οἷον
1893 5745 1951 5798 ἐν
1976 5742 2056 5816 τῷ

459 5844 586 5917 ριθ’,
622 5847 778 5914 Πρός
813 5846 1033 5914 Κύριον
1068 5845 1139 5899 ἐν
1173 5842 1254 5909 τῷ
1293 5842 1606 5897 θλίϐεσθαὶ
1637 5857 1715 5911 με
1737 5835 2052 5909 ἐκέκραξα.

2137 4718 2660 4786 commemorando;
2690 4715 2856 4788 quale
2872 4724 2955 4772 est
2977 4723 3031 4770 et
3052 4713 3189 4769 illud
3213 4713 3270 4767 in
3301 4710 3517 4784 psalmo
3540 4722 3726 4765 nono:

2143 4810 2453 4882 Conﬁtebor
2475 4810 2592 4872 tibi.
2626 4809 2875 4875 Domine,
2896 4808 2952 4863 in
2989 4816 3101 4863 toto
3127 4804 3287 4863 corde
3315 4818 3467 4870 meo;
3502 4799 3746 4868 narrabo

2142 4906 2324 4960 omnia
2352 4901 2630 4959 mirabilia
2663 4910 2760 4957 tua
2776 4899 2953 4974 (Psal.
2979 4916 3057 4964 ιι,
3081 4899 3157 4971 l).
3175 4897 3372 4967 Qualia
3393 4897 3560 4969 igitur
3579 4894 3743 4951 mira-

2142 4998 2276 5053 bilia
2323 4995 2589 5051 enarrat?
2639 4993 2751 5066 Ego
2789 4993 3038 5064 justitias
3075 4990 3355 5062 iudicabo.
3406 4987 3535 5049 Ilaec
3588 4992 3745 5051 sunt,

2144 5088 2293 5163 quod
2324 5089 2650 5162 promiseris
2695 5087 2945 5160 justitias
2970 5084 3249 5155 judicare,
3281 5081 3442 5156 quasi
3483 5078 3614 5147 Deo.
3642 5078 3745 5131 hoc

2147 5182 2367 5240 dicente
2395 5198 2461 5240 ac
2489 5182 2873 5255 promittente.
2906 5178 3175 5234 Plurimis
3207 5176 3357 5231 enim
3392 5173 3527 5227 locis
3559 5180 3742 5225 osten-

2149 5292 2274 5335 sum
2305 5285 2415 5341 est,
2445 5274 2596 5346 quod
2632 5289 2735 5344 pro
2785 5285 2953 5344 opere
2980 5281 3296 5327 sermonem
3332 5279 3397 5319 ac
3426 5261 3750 5334 promissio-

2152 5384 2276 5425 nem
2334 5365 2628 5437 acceperit.
2675 5363 2797 5419 Non
2848 5368 3067 5431 oportet
3113 5364 3297 5412 autem
3346 5353 3569 5424 mirari.
3598 5352 3749 5423 quod

2152 5474 2265 5515 non
2315 5458 2540 5524 dixerit,
2610 5454 2898 5511 Enarrabo
2945 5449 3239 5507 mirabilia.
3261 5456 3378 5512 tua,
3420 5461 3549 5505 cum
3584 5460 3757 5501 acce—

2154 5569 2288 5626 pero
2317 5561 2555 5621 tempus.
2580 5546 2876 5618 Proprium
2911 5543 3060 5600 enim
3109 5543 3306 5613 ipsius,
3342 5549 3407 5596 ut
3453 5552 3751 5614 expense-

2156 5645 2345 5717 quenti
2381 5642 2584 5700 referat
2612 5657 2677 5698 ca
2707 5653 2830 5711 quae
2865 5638 2935 5693 ab
2968 5635 3251 5708 aliquibus
3296 5632 3445 5689 diota
3495 5638 3648 5698 sunt,
3696 5639 3752 5686 et

2159 5756 2270 5797 non
2312 5737 2477 5793 addat
2518 5736 2750 5791 verbum
2793 5732 2967 5795 aiens,
3004 5729 3088 5785 vel
3128 5727 3333 5792 dicens,
3364 5731 3460 5780 aut
3502 5722 3633 5794 quid
3678 5719 3749 5774 si-

2159 5833 2308 5892 mile.
2340 5831 2524 5903 Atque
2555 5830 2662 5885 hoc
2700 5822 3176 5896 l’rcqttcnterveqttis
3232 5818 3479 5892 reperiet
3502 5816 3561 5877 in
3607 5806 3758 5869 Psal-
