4162 6476
485 257 592 317 693

1653 274 1742 333 ΤΗ
1751 276 2002 338 EODORI
2033 282 2518 347 MOPSUESTENI

3657 310 3763 366 696

485 371 612 435 tuis,
632 371 676 426 si
691 380 903 444 quaerat
921 392 936 444 ;
952 384 1011 432 ut
1025 375 1078 433 in
1104 379 1316 450 psalmo
1333 385 1640 444 centesimo
1662 389 1876 449 decimo
1894 411 2058 461 nono,

497 461 569 488 ΑΔ
607 461 877 488 n-...:._-_-_-
923 485 954 488 Α.
999 487 1021 488 η
1081 480 1096 488 -
1138 473 1170 488 οι
1231 475 1243 488 ι
1436 476 1448 488 ι
1625 482 1637 488 -
1957 487 1962 488 ,

2170 406 2270 460 καὶ
2297 410 2629 479 εἰσήκουσέ
2648 431 2770 482 μου
2793 429 2807 444 ⁶
2845 414 2940 468 καὶ
2970 416 3031 469 οὐ
3062 419 3468 488 προστεθεικως
3493 421 3552 474 τὸ
3580 423 3764 476 εἰπών

483 461 569 515 Ad
600 461 881 522 Dominum
911 485 1028 523 cum
1076 473 1369 531 tribularer
1397 476 1637 536 clamavi
1665 493 1749 539 :et
1788 487 2064 544 exaudivit

483 573 566 611 me
581 556 756 628 (Psal.
783 575 933 626 cxlx,
954 562 1051 635 4);
1076 572 1131 621 et
1149 581 1257 621 non
1287 568 1596 641 adjungens
1618 575 1843 649 verbum
1865 577 2070 649 dicens,

484 649 791 720 subjunxit,
824 651 1069 719 Domine,
1099 657 1268 714 libera
1310 663 1549 717 animant
1591 645 1784 736 meam,
1810 685 1908 740 per
1937 645 2072 727 reti;

481 743 742 808 centiam,
765 761 829 800 ex
854 753 1211 820 consequenti
1247 755 1564 824 signiﬁcans
1597 760 1746 816 istud
1768 763 1944 818 dicens
1969 780 1987 828 ;
2019 772 2073 819 et

481 834 686 890 clarius
723 836 776 890 in
829 839 1074 896 secundo
1124 843 1703 911 psalmozAstilerunt
1750 852 1930 918 enim,
1997 854 2074 909 ins

480 925 620 992 quit,
655 941 802 996 reges
844 936 1020 997 terra,
1056 941 1105 986 et
1133 935 1398 1005 principes
1437 952 1792 996 conuenerunt
1826 943 1878 997 in
1912 960 2073 998 unum

478 1017 730 1074 adversus
785 1018 1088 1088 Dominum,
1114 1034 1160 1078 et
1212 1025 1464 1084 adversus
1496 1029 1769 1086 Christum
1809 1034 1943 1103 ejus.
1979 1035 2072 1090 Di-

477 1127 787 1179 rumpamus
816 1114 1031 1169 vincula
1068 1132 1249 1171 eorum
1281 1118 1455 1191 (Psal.
1490 1123 1647 1194 11,2).
1677 1123 1834 1181 Nunc
1887 1135 2068 1183 autem

478 1203 798 1272 relinquens
841 1207 1070 1263 verbum
1100 1209 1366 1277 dicentes,
1402 1229 1538 1271 usus
1577 1225 1662 1273 est
1697 1217 1902 1290 ubique
1938 1237 2068 1291 pro-

479 1297 594 1358 pria
617 1300 1032 1369 consequentia.
1058 1301 1238 1372 Atque
1265 1305 1493 1362 omnino
1519 1307 1623 1363 hoc
1653 1309 1909 1379 plurimis
1934 1313 2070 1371 locis

479 1388 720 1454 reperire
741 1389 922 1448 liccat.
941 1391 1048 1448 Sed
1069 1395 1183 1450 haec
1206 1395 1442 1454 suiliciat
1460 1401 1822 1470 proposuisse
1842 1402 1897 1457 in
1916 1405 2071 1460 testi-

476 1479 724 1537 monium
757 1483 878 1554 ejus
903 1486 1050 1557 quod
1069 1502 1099 1542 a
1119 1489 1278 1546 nobis
1297 1489 1528 1546 dictum.
1560 1495 1621 1548 ln
1655 1494 1776 1567 ipsa
1806 1495 2070 1568 deinceps

476 1567 931 1642 interpretatione
965 1592 1109 1649 saepe
1149 1579 1297 1636 dicta
1332 1583 1552 1653 phrasis
1588 1588 1865 1652 occurrit;
1887 1567 2072 1660 legen-

476 1664 608 1716 tium
643 1665 832 1737 utique
873 1669 980 1724 erit
1030 1673 1354 1730 meminisse
1396 1690 1616 1750 semper
1659 1679 2069 1737 subauditionis

475 1770 573 1811 seu
606 1756 1124 1829 adsigniﬁcationis.

545 1844 711 1903 Vsus.
734 1847 785 1903 7.
808 1877 879 1891 -
903 1850 1124 1908 Exitum
1176 1868 1558 1926 saepenumero
1588 1867 1752 1915 vocat
1796 1861 1934 1918 solis
1978 1878 2068 1918 or-

474 1948 618 2002 tum,
647 1950 708 1996 ut
744 1942 901 2006 illud,
929 1943 1126 2002 Exitus
1153 1951 1408 2005 matutini
1447 1961 1501 2008 et
1530 1968 1741 2022 vespere
1775 1955 2066 2011 delectabis

474 2031 651 2102 (Psal.
674 2049 820 2101 mw,
845 2036 924 2103 9).
953 2035 1093 2104 Quia
1115 2041 1281 2096 etiam
1303 2043 1512 2100 exitum
1533 2045 1670 2102 solis
1697 2055 1854 2103 vocat
1886 2048 2064 2117 ipsum

472 2120 763 2186 orientem,
790 2133 849 2179 ut
874 2123 1045 2195 istud,
1066 2127 1108 2184 Α
1127 2145 1334 2185 summa
1348 2133 1478 2188 σαιο
1497 2137 1728 2206 egressio
1742 2136 1858 2198 eius
1880 2135 2058 2209 (Psal.

472 2211 712 2286 xmt,7).
733 2211 1118 2290 Egressionem
1143 2221 1312 2293 igitur
1329 2238 1426 2280 seu
1440 2225 1648 2281 exitum
1667 2227 1802 2282 dicit
1821 2230 2062 2296 partium

470 2308 849 2378 orientalium,
886 2311 1166 2370 desertum
1199 2329 1331 2371 vero
1362 2316 1632 2374 montium
1657 2321 2063 2391 septentriona-

468 2399 605 2455 lium
635 2408 690 2457 et
720 2402 1186 2464 meridionalium.
1222 2405 1357 2462 Nam
1391 2411 1521 2480 quia
1560 2411 1794 2466 duorum
1827 2412 2061 2468 istorum

467 2492 752 2548 climatum
796 2503 984 2567 partes
1036 2499 1156 2555 alite
1208 2499 1431 2570 quidem
1479 2511 1609 2560 sunt
1643 2503 1966 2561 inhabitataa
1995 2519 2061 2561 ac

467 2584 720 2650 desertae,
739 2595 964 2659 propter
978 2604 1268 2653 excessum
1286 2592 1485 2664 glaciei
1505 2595 1741 2667 (scilicet
1762 2596 2058 2668 boreales),

465 2675 587 2731 aliae
602 2691 730 2734 vero
746 2687 970 2752 propter
989 2682 1219 2739 nimium
1237 2686 1478 2743 calorem
1495 2689 1715 2758 (nempe
1729 2688 2054 2759 australes),

468 2771 585 2830 haec
613 2773 726 2830 duo
748 2775 970 2832 climata
996 2778 1279 2836 desertum
1305 2783 1574 2838 montium
1598 2783 1908 2853 appellavit.
1925 2781 2059 2840 Vult

466 2870 654 2920 autem
683 2865 891 2932 dicere,
919 2869 1070 2940 quod
1093 2871 1288 2928 nullibi
1317 2872 1390 2928 sit
1419 2870 1592 2928 Deum
1625 2872 1886 2946 effugere.
1911 2873 2055 2940 Quo-

465 2970 689 3027 cunque
717 2959 865 3023 enim
915 2959 984 3016 ad
1026 2968 1270 3033 quatuor
1301 2962 1429 3018 coeli
1459 2963 1684 3018 climata
1729 2964 2054 3029 recesseris,

2175 495 2442 567 ἐπήγαγε,
2472 503 2668 572 Κύριε,
2689 502 2878 571 ῥῦσαι
2903 505 3018 575 τὴν
3045 510 3259 578 ψυχήν
3289 528 3430 579 μου,
3461 513 3601 576 κατὰ
3630 514 3764 576 ano-

2176 585 2444 660 σιώπησιν
2477 593 2726 664 σημάνας
2761 598 2826 658 ὲκ
2860 598 2962 669 τῆς
2987 599 3308 669 ἀκολουθίας
3333 606 3394 658 τὸ
3423 606 3607 660 εἰπών
3628 625 3640 640 υ
3665 609 3762 661 καὶ

2177 679 2509 754 σαφέστερον
2564 687 2622 738 ἐν
2673 686 2750 757 τῷ
2795 687 3031 762 δευτέρῳ
3067 691 3302 765 ψαλμῷ,
3358 696 3763 767 Παρέστησανε

2173 771 2304 844 γὰρ,
2336 775 2522 845 φησιν,
2554 778 2602 831 οἱ
2631 779 2917 850 βασιλεῖς
2953 781 3061 852 τῆς
3087 783 3216 855 ¹γῆς,
3245 788 3346 840 καὶ
3387 791 3442 842 οἱ
3471 787 3761 862 ἄρχοντες

2173 864 2582 935 συνήχθησαν
2616 869 2714 924 ἐπὶ
2754 872 2821 925 τὸ
2865 874 3013 928 αὐτὸ
3047 877 3198 930 κατὰ
3237 878 3340 932 τοῦ
3382 881 3625 948 Κυρίου,
3658 881 3761 936 και

2173 955 2326 1010 κατά
2356 957 2462 1013 τοῦ
2491 961 2750 1030 Χριστοῦ
2782 964 2992 1020 αὑτοῦ.
3025 966 3442 1038 Διαρῤήξωμεν
3479 971 3622 1038 τοὺς
3667 970 3760 1024 δες

2173 1047 2368 1116 σμοὺς
2392 1051 2608 1107 αὐτῶν.
2633 1053 2746 1107 Νῦν
2767 1054 2824 1108 δὲ
2847 1056 3170 1127 παραλιπὼν
3191 1059 3250 1112 τὸ
3274 1061 3576 1130 λέγοντες,
3607 1063 3758 1134 ἐχρήε

2175 1157 2307 1194 σατο
2354 1143 2420 1213 τῇ
2451 1143 2628 1215 οἰκείᾳ
2675 1145 2743 1199 δι’
2777 1146 2915 1201 ὅλων
2952 1148 3265 1221 ἀκολουθίᾳ.
3302 1152 3412 1212 Καὶ
3463 1152 3601 1216 ὅλως
3633 1153 3762 1206 πολι

2171 1230 2337 1302 λαχοῦ
2367 1232 2526 1287 τοῦτο
2574 1235 2720 1298 ἐστιν
2762 1239 2962 1310 εὑρεῖν.
3008 1241 3194 1312 ’Δρκεῖ
3231 1241 3341 1313 γὰρ
3366 1242 3540 1296 ταῦτα
3581 1260 3762 1316 παραε

2173 1329 2434 1400 θεμένους
2476 1333 2557 1396 είς
2587 1335 2893 1406 μαρτυρίαν
2924 1335 3018 1389 τοῦ
3064 1338 3194 1408 παρ’
3234 1338 3392 1408 ἡμῶν
3439 1336 3754 1409 λεγομένου.

2186 1422 2275 1477 Ἑν
2311 1423 2448 1496 αὐτῇ
2481 1425 2715 1496 καθεξῆς
2739 1427 3005 1500 ἑρμηνείᾳ
3025 1428 3196 1496 δεῖξαι
3223 1429 3493 1500 πολλαχοῦ
3523 1429 3757 1502 φερόμεε

2170 1529 2262 1567 νον
2297 1513 2360 1568 τὸ
2400 1514 2626 1586 ἰδίωμαο
2657 1516 2768 1571 τῶν
2809 1519 3292 1585 ἀναγινωσκόντων
3341 1520 3522 1590 μέντοι
3558 1520 3644 1593 εἴη
3690 1519 3760 1584 ἂνξ

2174 1606 2536 1676 μνημονεύειν
2565 1608 2878 1681 ἁπανταχοῦ
2904 1609 3004 1682 τῆς
3028 1611 3422 1682 ἐπισημασίας.

2242 1860 2392 1931 Στίχ.
2429 1859 2494 1925 ζ’.
2524 1891 2592 1900 -
2627 1858 2846 1926 Ἐξοδον
2877 1859 3146 1931 πολλαχοῦ
3178 1859 3334 1915 καλεῖ
3352 1860 3451 1930 τὴν
3479 1859 3573 1913 τοῦ
3602 1859 3760 1931 ἡλίου

2168 1949 2454 2022 ἀνατολὴν,
2493 1950 2570 2014 ὡς
2612 1950 2694 2014 τὸ,
2745 1949 3025 2016 Ἐξόδους
3075 1950 3296 2018 πρωΐας
3350 1945 3448 2003 καὶ
3494 1948 3756 2018 ἑσπέρας

2167 2040 2430 2110 τέρψεις.
2473 2040 2690 2113 Ἐπειδὴ
2721 2041 2814 2096 καὶ
2861 2040 3038 2108 ἔξοδον
3077 2041 3173 2095 τοῦ
3213 2042 3362 2114 ἡλίου
3399 2041 3554 2095 καλεῖ
3587 2042 3761 2113 αὐτὴν.

2165 2131 2264 2204 τὴν
2313 2133 2614 2204 ἀνατολήν·
2654 2132 2731 2196 ὡς
2777 2131 2858 2198 τὸ,
2902 2133 3018 2187 Ἀπ’
3046 2131 3234 2202 ἇκρου
3265 2132 3370 2186 τοῦ
3415 2131 3676 2201 οὐρανοῦ
3716 2132 3758 2204 ἡ

2166 2224 2380 2292 ἔξοδος
2404 2224 2613 2295 αὐτοῦ.
2646 2223 2866 2292 Ἐξοδον
2887 2219 2978 2280 οὖν
2999 2225 3148 2294 λέγει
3175 2224 3283 2279 τῶν
3305 2223 3601 2290 ἀνατολῶν,
3628 2223 3756 2295 ἔρηο

2168 2333 2269 2387 μον
2297 2316 2354 2370 δὲ
2384 2293 2556 2390 ὀρέων
2596 2317 2798 2390 ἄρκτου
2831 2318 2928 2372 καὶ
2972 2317 3341 2390 μεσημϐρίας.
3393 2315 3613 2387 Ἐπειδὴ
3646 2293 3756 2386 γὰρ

2164 2408 2273 2464 τῶν
2315 2408 2408 2463 δύο
2436 2408 2642 2463 τούτων
2674 2409 2954 2480 κλιμάτων
2986 2409 3056 2462 τά
3102 2407 3200 2480 μέν
3255 2409 3402 2461 ἔστιν
3446 2407 3608 2462 ἀοικα
3661 2407 3759 2468 καὶ,

2164 2503 2368 2576 ἔρημα,
2414 2503 2482 2556 δι’
2515 2501 2823 2574 ὑπερϐολὴν
2869 2501 3073 2573 κρύους
3105 2501 3268 2572 (λέγω
3289 2501 3346 2555 δὲ
3379 2499 3449 2554 τά
3486 2499 3754 2571 ἀρκτῴα),

2162 2595 2232 2659 τὰ
2257 2596 2314 2650 δὲ
2360 2595 2428 2648 δι’
2462 2595 2769 2668 ὑπερϐολὴν
2814 2595 3052 2657 θάλπους
3095 2594 3191 2665 (ὡς
3238 2593 3308 2649 τά
3358 2589 3753 2664 μεσημϐρινὰ),

2162 2687 2386 2759 ἐρήμων
2419 2687 2591 2759 ὁρέων
2620 2686 2849 2742 ἐκάλεσε
2875 2687 3049 2741 ταῦτα
3097 2686 3166 2740 τὰ
3191 2685 3284 2740 δύο
3323 2685 3586 2756 κλίματα.
3620 2681 3754 2736 Βού-

2161 2777 2315 2832 λεται
2361 2778 2419 2832 δὲ
2467 2771 2660 2838 εἰπεῖν.
2693 2778 2776 2832 ὅτι
2821 2776 3124 2849 οὐδαμόθεν
3172 2775 3288 2830 ἔστι
3337 2773 3622 2842 διαφυγεῖν
3662 2771 3758 2828 τὸν

2160 2868 2315 2925 Θεόν.
2344 2871 2522 2925 Ὅπου
2551 2871 2683 2924 ποτὲ
2703 2870 2812 2943 γὰρ
2833 2869 2899 2924 ἂν
2924 2869 3172 2940 ἀπέλθῃς
3194 2866 3302 2921 τῶν
3329 2866 3612 2938 τεσσάρων
3639 2863 3754 2918 κλι-

2164 2965 2350 3038 μάτων
2380 2964 2476 3019 τοῦ
2513 2962 2764 3038 οὐρανοῦ,
2800 2962 3082 3033 διαφυγεῖν
3128 2961 3226 3031 οὐχ
3257 2953 3368 3014 οἷόν
3408 2975 3468 3012 τε
3497 2956 3590 3012 τὸν
3621 2955 3758 3012 Θεὸν

465 3046 638 3103 Deum
685 3064 1034 3106 communem
1075 3051 1319 3124 iudicem
1363 3061 1420 3110 et
1468 3054 1678 3126 ubique
1717 3062 2051 3126 praesentem

2162 3059 2340 3114 κοινὸν
2367 3059 2499 3113 δντα
2524 3057 2785 3128 δικαστὴν
2814 3056 2911 3112 καὶ
2942 3052 3222 3125 πανταχοῦ
3253 3051 3520 3124 πορόντα.

465 3145 708 3217 eﬂ‘ugere
738 3164 1086 3221 nequaquam
1121 3158 1297 3221 potes.

540 3237 706 3296 Vens.
731 3240 783 3295 8.
806 3271 878 3282 —
907 3239 1110 3297 Vinum
1143 3242 1348 3314 accipit
1388 3241 1456 3298 de
1485 3242 1781 3316 supplicio,
1811 3259 1878 3302 eo
1910 3245 2057 3317 quod

465 3329 544 3385 illi
585 3331 679 3402 qui
715 3331 1026 3402 puniuntur
1080 3332 1260 3390 instar
1293 3335 1640 3392 ebriosorum
1677 3337 2060 3410 circumagen-

464 3428 579 3483 tur,
607 3429 663 3478 et
695 3423 1064 3483 succumbant
1096 3425 1268 3496 plagae
1296 3423 1416 3493 Dei.
1439 3425 1613 3489 Habet
1645 3429 1814 3497 enim,
1851 3430 2052 3502 inquit,

463 3513 522 3568 in
580 3529 746 3568 manu
797 3529 896 3569 suo
933 3515 1162 3576 calicem
1197 3516 1422 3588 plenum
1479 3532 1634 3574 mero
1675 3519 1839 3590 vino;
1889 3537 1955 3577 ac
2007 3521 2056 3580 sl

463 3605 614 3660 dicat
665 3606 1029 3664 terribiliores
1077 3623 1292 3680 pinnas.
1317 3625 1386 3668 eo
1424 3610 1576 3684 quod
1606 3613 1796 3668 vinum
1834 3629 2064 3669 merum.

461 3697 642 3768 magis
673 3697 856 3765 feriat,
888 3716 986 3757 seu
1015 3703 1322 3772 perturbet.
1349 3703 1523 3760 Porro
1571 3705 1797 3761 mistum
1835 3721 1947 3762 non
1984 3705 2055 3762 de

462 3789 852 3848 commistione
905 3791 1043 3857 dicit
1085 3793 1400 3866 (quomodo
1446 3796 1619 3861 enim,
1649 3812 1776 3854 cum
1833 3812 2050 3853 merum

462 3878 689 3948 dixerit,
723 3897 921 3939 rursus
979 3884 1205 3942 mistum
1243 3887 1621 3960 appellaret?),
1650 3889 1745 3945 sed
1788 3889 1921 3960 quia
1955 3889 2054 3944 mi-

460 3971 698 4028 stionem
721 3987 866 4044 saepe
892 3989 1158 4033 vocamus
1187 3992 1526 4041 mensuram,
1553 3993 1675 4049 quae
1693 3977 1761 4032 ad
1786 3979 2048 4034 haustum

460 4062 715 4130 sumi-int.
759 4065 874 4122 Hoc
918 4069 1176 4123 nimirum
1206 4069 1380 4125 voluit
1431 4069 1637 4134 dicere,
1669 4069 1818 4141 quod
1865 4070 2049 4126 istius-

459 4151 608 4206 modi
653 4153 838 4210 mistio
870 4153 1035 4212 fuerit
1075 4158 1214 4214 adeo
1245 4173 1465 4230 magna,
1492 4167 1553 4214 ut
1585 4159 1814 4216 calicem
1853 4160 2046 4232 imple-

459 4244 620 4299 verit.
653 4244 732 4301 Ex
784 4255 1021 4320 utroque
1071 4251 1219 4307 enim
1267 4252 1386 4308 vult
1418 4251 1734 4323 signiﬁcare
1783 4251 2045 4324 supplicii

458 4338 860 4411 intensionem;
889 4351 1002 4398 tum
1030 4359 1096 4400 ex
1127 4360 1193 4400 eo
1218 4345 1363 4416 quod
1399 4360 1609 4401 merum
1635 4346 1824 4401 vinum
1854 4346 2042 4413 fuerit,

2233 3234 2384 3306 Στίχ.
2419 3241 2492 3306 η’.
2525 3264 2596 3275 —
2619 3233 2723 3287 Τδν
2751 3226 2895 3287 οἶνον
2927 3230 3022 3285 ἐπὶ
3046 3231 3146 3302 τῆς
3171 3227 3444 3301 τιμωρίας
3459 3225 3750 3298 λαμϐάνει,

2159 3326 2270 3382 ἀπὸ
2301 3325 2396 3381 τοῦ
2430 3325 2814 3398 περιάγεσθαι,
2845 3323 2941 3382 καὶ
2989 3321 3356 3378 καταπίπτειν
3386 3321 3454 3390 τῇ
3488 3317 3584 3372 τοῦ
3613 3314 3752 3370 Θεοῦ
3819 3358 3824 3362 .

2161 3417 2367 3489 πληγῇ,
2407 3418 2536 3481 τοὺς
2563 3416 3008 3487 τιμωρουμένους
3036 3413 3192 3482 δίκην
3234 3409 3561 3483 μεθυόντων.
3596 3409 3752 3480 Ἔχει

2159 3511 2289 3583 γὰρ,
2321 3511 2506 3582 φησὶν,
2543 3511 2599 3562 ὲν
2629 3510 2696 3580 τῇ
2725 3506 2917 3562 ἑαυτοῦ
2940 3507 3084 3578 χειρὶ
3107 3505 3364 3577 ποτήριον
3391 3500 3752 3574 πεπληρωμέρ

2158 3621 2250 3658 νον
2277 3602 2521 3674 ἀκράτου
2543 3601 2718 3654 οἴνου·
2759 3599 2848 3653 ἵνα
2873 3600 3000 3671 εῐπῃ
3029 3596 3413 3670 φοϐερωτέρας
3454 3593 3748 3666 τιμωρίαςε

2157 3693 2265 3748 ἀπὺ
2297 3693 2392 3747 τοῦ
2443 3694 2534 3746 τὸν
2578 3693 2816 3765 ἄκρατον
2860 3687 3004 3746 οἶνον
3038 3690 3300 3763 μειζόνως
3345 3685 3744 3747 καθάπτεσθαι.

2156 3787 2230 3840 Τὸ
2260 3785 2317 3840 δὲ
2367 3785 2715 3858 κεράσματος
2742 3786 2805 3838 οὐ
2851 3784 3196 3856 κεκραμένου
3245 3782 3414 3850 λέγει*
3445 3779 3586 3850 (πῶς
3615 3777 3748 3848 γὰρ,

2156 3874 2268 3934 οἷόν
2296 3895 2356 3931 τε
2388 3879 2614 3932 εἰπόντα
2645 3878 2911 3948 ἀκράτου,
2943 3875 3106 3929 πάλιν
3140 3874 3312 3928 εἰπεῖν
3335 3869 3746 3943 κεκραμένους)

2153 3971 2268 4026 ἀλλ’
2299 3970 2490 4041 ἐπειδὴ
2519 3971 2716 4041 κρᾶσιν
2769 3965 3030 4031 πολλάκις
3061 3964 3333 4038 καλοῦμεν
3377 3964 3438 4017 τὸ
3471 3963 3688 4034 μέτρον,
3717 3958 3751 4020 δ

2153 4063 2293 4136 πρὸς
2330 4063 2486 4117 πόσιν
2516 4063 2695 4133 ἀρκεῖ.
2729 4060 2901 4115 Τοῦτο
2925 4058 3200 4130 ἠϐουλήθη
3236 4059 3431 4123 εἰπεῖν,
3462 4056 3543 4108 ὅτι
3571 4051 3746 4106 τοιαύ-

2149 4174 2252 4228 την
2279 4157 2476 4226 κρᾶσιν
2517 4154 2662 4208 οὕτω
2687 4154 2970 4225 μεγίστην,
2997 4153 3138 4206 ὥστε
3171 4149 3459 4222 πληρῶσαι
3482 4147 3542 4201 τὸ
3575 4147 3744 4217 ποτή-

2155 4266 2288 4321 ριον.
2307 4247 2566 4303 Βούλεται
2578 4247 2634 4302 δὲ
2647 4248 2823 4301 εἰπεῖν
2841 4245 2899 4312 ἐξ
2917 4245 3242 4317 ἀμφοτέρων
3255 4244 3354 4314 τῆς
3364 4241 3633 4312 τιμωρίας
3645 4238 3744 4308 τὴν

2151 4343 2431 4396 ἐπίτασινσ
2468 4341 2560 4396 καὶ
2585 4342 2648 4395 ὲκ
2688 4339 2782 4395 τοῦ
2804 4340 3042 4412 ἄκρατον
3067 4333 3204 4390 εἶναι
3236 4336 3326 4390 τὸν
3348 4331 3508 4395 οῖνον,
3542 4331 3634 4386 καὶ
3678 4333 3742 4384 ὲκ

457 4437 573 4484 tum
605 4447 669 4488 ex
697 4449 765 4489 eo
794 4436 944 4505 quod
974 4436 1117 4492 calix
1149 4437 1345 4509 plenus
1383 4438 1701 4499 exstiterit:
1731 4455 1886 4496 mero
1917 4440 2043 4512 qui-~

2162 4435 2244 4492 τοῦ
2263 4434 2624 4508 πεπληρῶσαι
2640 4434 2700 4488 τὸ
2717 4435 2849 4501 ποτί,
2861 4449 2992 4505 ριον·
3013 4432 3088 4502 τῷ
3113 4428 3211 4502 μὲν
3228 4429 3452 4501 ἀκράτῳ
3466 4429 3524 4481 τὸ
3539 4427 3742 4496 αὐστηο

455 4522 578 4579 dem
605 4529 984 4585 austeritatem
1009 4536 1064 4584 et
1093 4530 1492 4586 vehementiam
1530 4530 1842 4596 declarans,
1870 4531 2045 4602 pleni-

454 4615 646 4672 tudine
669 4633 806 4674 vero
831 4618 1221 4674 sufﬁcientiam
1247 4636 1344 4676 seu
1369 4621 1795 4690 abundantiam,
1821 4630 1876 4677 et
1897 4618 2046 4691 quod

454 4705 522 4760 ad
557 4721 752 4764 omnes
805 4709 1167 4781 pertingeret.
1200 4712 1530 4768 Graviorem
1586 4719 1770 4768 autem
1823 4727 2044 4784 poenam

453 4797 750 4867 appellavit
781 4797 990 4854 faecem.
1021 4799 1157 4871 Ego,
1183 4801 1383 4872 inquit,
1417 4802 1592 4873 magis
1626 4802 1834 4857 clarum
1865 4800 2011 4859 ebibi
2030 4817 2046 4866 ί

453 4887 508 4941 id
556 4895 642 4944 est
685 4887 994 4946 minoribus
1042 4892 1202 4948 malis
1234 4891 1520 4962 subjectus
1565 4891 1662 4946 fui.
1694 4892 1875 4963 Ipsam
1906 4905 2044 4946 vero.

453 4979 641 5035 fmcem
673 4979 962 5054 Babylonii
1010 4981 1225 5050 bibent,
1263 4987 1315 5041 id
1349 4992 1453 5047 est,
1487 4985 1741 5053 graviora
1775 4997 1876 5052 pro
1910 4983 2042 5046 iaci,-

453 5071 690 5131 noribus
723 5074 841 5132 suis
866 5075 1042 5131 luent.

2152 4526 2246 4599 ρὸν
2275 4527 2369 4580 καὶ
2396 4524 2612 4580 εὔτονον
2639 4525 2872 4590 δεικνὺς,
2891 4522 2969 4594 τῷ
2995 4522 3052 4576 δὲ
3079 4521 3274 4593 πλήρει
3297 4520 3359 4573 τὸ
3376 4517 3618 4590 διαρκὲς,
3645 4516 3739 4570 καὶ

2150 4618 2369 4673 πάντων
2410 4618 2735 4690 ἀπτόμενον.
2788 4616 2901 4688 Τὴν
2947 4613 3334 4687 χαλεπωτέραν
3377 4611 3434 4666 δὲ
3468 4607 3740 4681 τιμωρίαν

2148 4712 2377 4784 τρυγίαν
2407 4710 2687 4767 ἐκάλεσεν.
2734 4709 2898 4778 Ἐγὼ,
2923 4708 3076 4780 φησὶ,
3107 4705 3168 4760 τὸ
3185 4703 3537 4774 διειδέστερον
3563 4699 3734 4753 ἔπιον·

2146 4805 2446 4871 τουτέστιν,
2476 4804 2770 4858 ὲλάττωσιν
2795 4801 3110 4873 ὕπεϐλήθην
3136 4801 3343 4862 κακοῖς.
3363 4795 3542 4867 Αὐτὴν
3560 4794 3616 4848 δὲ
3641 4791 3738 4861 τὴν

2148 4895 2504 4966 ὑποστάθμην
2535 4894 2869 4950 Βαϐυλώνιοι
2899 4893 2973 4965 (ι)
3009 4893 3225 4946 πίονται
3250 4906 3263 4920 ⁸
3292 4890 3412 4944 ἀντὶ
3429 4887 3546 4954 τοῦ,
3579 4885 3739 4958 χαλε-ο

2149 4985 2372 5057 πὼτερκ
2397 4979 2472 5040 ὦ)
2503 4985 2831 5057 εἰργάσαντο
2863 4986 3166 5040 πείσονται.

519 5249 595 5347 (‘12
621 5251 938 5347 ﬁngendum
968 5253 1245 5326 Ἀσσύριοι
1275 5260 1461 5310 monet
1490 5255 1618 5311 Otto
1669 5253 1818 5310 Frid.
1855 5251 2138 5314 Fritzschc
2208 5254 2280 5326 De
2323 5255 2522 5327 Thcod.
2580 5255 2750 5347 Maps.
2799 5256 2923 5312 Vita
2951 5270 3001 5317 et
3049 5258 3270 5327 Script.,
3317 5275 3370 5330 p.
3444 5255 3534 5313 50.
3586 5253 3736 5310 “alte

453 5319 607 5376 1846.
635 5319 795 5380 Ειῇτ.
