4162 6480
363 349 474 404 697

1822 347 1891 404 IN
1938 347 2185 407 JOBUM.

3539 343 3646 399 6’.‘8

368 484 393 530 ε
490 479 2753 521 WW-M
2758 478 3553 505 ...Μ
2839 474 3554 486 ----------·-·-·-υ
3570 474 3641 505 π

1654 653 1779 746 ΙΝ
1872 650 2323 744 JOBUM.

340 1006 605 1079 Ejusdem
660 1006 931 1065 Theodori
978 1006 1313 1079 reprobantis
1340 1017 1415 1079 et
1452 1000 1646 1060 librum
1694 1002 1800 1058 Job
1824 1043 1859 1079 λ
1892 1013 1942 1079 et
1973 1004 2017 1063 Α
2048 998 2155 1057 sibi
2185 1006 2239 1054 et
2268 995 2393 1052 ﬁliae
2419 1009 2536 1052 suae
2562 992 2628 1048 ad
2664 992 2977 1048 fabularum
3007 991 3268 1061 ﬁgmenta
3296 992 3648 1045 communio-

408 1090 603 1145 contra
644 1072 1063 1149 conscriptorern
1101 1078 1252 1147 ejus,
1292 1078 1346 1131 id
1384 1086 1463 1132 est
1489 1116 1503 1139 ,
1538 1072 1943 1149 sanctunt_Spi-

321 1142 360 1209 κς
410 1142 578 1203 ritum
602 1192 630 1233 ,.
651 1142 876 1233 dicentis
908 1149 1048 1222 quod
1082 1142 1299 1221 pagana
1328 1149 1540 1218 sapiens
1572 1148 1710 1200 hunc
1746 1144 1942 1199 librum

408 1232 763 1290 conscripsit.

411 1330 512 1386 His
536 1330 613 1404 (l)
646 1347 770 1403 quae
802 1347 904 1403 pro
935 1332 1184 1389 dcetrina
1218 1331 1503 1387 hominum
1538 1331 1743 1404 scripta
1778 1338 1932 1395 sunt,

334 1429 394 1480 ct
433 1422 750 1481 Salomonis
780 1426 907 1480 libri
940 1424 1375 1480 connumerandi
1407 1432 1557 1489 sunt,
1595 1424 1646 1478 id
1678 1434 1782 1489 est,
1806 1422 1943 1479 P-ro-

338 1517 531 1574 verbia
564 1524 620 1573 et
652 1516 1085 1583 Eeelesiastica,
1122 1533 1245 1588 quae
1288 1520 1405 1588 ipse
1451 1534 1515 1573 ex
1554 1533 1657 1573 sua
1701 1533 1940 1589 persona

338 1609 410 1664 ad
448 1610 682 1663 aliorum
723 1609 1020 1665 utilitatem
1064 1610 1418 1679 composuit,
1469 1626 1595 1665 cum
1639 1612 1942 1681 prephetiaa

339 1700 563 1771 quidem
612 1701 847 1772 gratiam
898 1716 1011 1758 non
1055 1702 1405 1772 accepisset,
1453 1702 1765 1775 prudentiae
1806 1720 1941 1760 vero

343 1791 615 1864 gratiam,
671 1809 795 1865 quae
828 1795 1114 1850 evidenter
1146 1798 1319 1851 altera
1366 1805 1454 1853 est
1502 1805 1703 1869 praeter
1750 1798 1938 1868 illam,

339 1886 647 1942 secundum
682 1886 828 1945 beati
860 1886 1013 1942 Pauli
1045 1904 1259 1945 vocem.

938 2003 1023 2091 ει
1048 2014 1168 2075 post
1198 2005 1331 2060 alia.

408 2112 545 2168 Erat
590 2114 763 2185 igitur
810 2124 952 2171 satis
995 2117 1288 2184 idoneum,
1336 2135 1679 2191 supervacua
1715 2123 1937 2193 quidem

334 2207 528 2260 omnia
565 2207 737 2263 verba
776 2207 1000 2265 auferre
1021 2208 1366 2281 Scriptura:
1394 2228 1517 2285 quae
1548 2225 1731 2272 autem
1765 2218 1833 2273 ad
1871 2219 1941 2275 si-

330 2298 754 2370 gniﬁcationem
788 2302 914 2358 vitae
939 2302 1062 2371 ejus
1093 2306 1410 2360 necessaria
1439 2318 1603 2362 erant
1630 2324 1934 2379 exponere,

332 2409 464 2464 qua
498 2395 688 2449 omnia
723 2394 1073 2453 sulliciebant
1107 2399 1415 2469 quemlibet
1443 2400 1510 2455 ad
1544 2404 1773 2459 meliora
1806 2419 1942 2460 con-

331 2493 601 2551 vertere,
654 2493 710 2543 et
756 2489 1141 2545 amulatorem
1195 2489 1377 2546 facere
1419 2490 1575 2547 boni.
1618 2491 1779 2548 Nunc
1809 2510 1942 2550 vero

331 2595 465 2635 cum
504 2579 609 2635 hoc
642 2595 753 2635 non
791 2581 1045 2650 fecisset,
1081 2583 1152 2638 ad
1194 2584 1325 2639 vani
1368 2585 1599 2641 honoris
1639 2596 1939 2644 amatorem

330 2685 449 2723 non
484 2674 860 2728 necessarium
889 2674 1219 2740 respiciens,
1244 2690 1356 2731 non
1384 2676 1442 2730 in
1471 2676 1719 2733 minimis
1743 2679 1941 2734 existi-

330 2762 571 2817 mationi
615 2763 753 2833 justi
803 2766 997 2821 nocuit
1037 2767 1185 2838 apud
1219 2783 1353 2831 eos,
1385 2769 1481 2840 qui
1516 2770 1735 2825 divinas
1794 2770 1945 2826 Seri-

332 2868 529 2925 p:uras
552 2848 660 2913 non
685 2872 810 2913 cum
830 2859 1013 2914 debita
1038 2860 1333 2917 devotione
1356 2861 1615 2932 judicare
1644 2863 1857 2929 solent,
1887 2872 1943 2919 et

336 2965 406 3003 ex
437 2948 541 3005 hoc
572 2950 782 3008 multos
819 2953 951 3007 fecit
983 2953 1195 3024 scripta
1228 2955 1551 3027 ineulpare,
1586 2964 1642 3011 et
1675 2955 1743 3011 ad
1772 2970 1943 3011 accu-

338 3040 614 3099 sationem
642 3058 710 3101 ea
741 3044 965 3102 trahere
994 3047 1139 3102 beati
1173 3046 1301 3102 Job.

953 3154 1021 3215 Et
1052 3165 1173 3226 post
1199 3157 1333 3213 alia.

406 3268 533 3338 Ipsa
567 3270 755 3327 statim
786 3270 955 3327 verba
978 3311 995 3339 ,
1030 3286 1095 3327 ex
1128 3271 1331 3341 quibus
1366 3261 1611 3343 incipere
1640 3287 1766 3328 eum
1805 3272 1942 3327 dicit

329 3362 721 3432 conscriptor,
757 3378 885 3420 cum
932 3365 1320 3435 pervenissent
1359 3366 1556 3431 amici,
1591 3366 1719 3437 quis
1751 3366 1941 3421 consi-

330 3453 601 3509 deranter
631 3456 817 3510 omnia
847 3454 1080 3523 videns,
1133 3458 1319 3512 omnia
1374 3458 1460 3513 vel
1507 3458 1735 3521 dicens,
1788 3466 1942 3528 putet

330 3553 433 3607 aut
462 3546 613 3602 dicat
637 3546 773 3618 justi
804 3564 1050 3619 unquam
1088 3549 1257 3604 menti
1287 3550 1627 3605 convenire?
1653 3549 1940 3605 Maledicta

328 3640 487 3695 cnim
520 3648 632 3694 tam
669 3642 843 3696 multa
881 3641 1149 3713 colligere
1185 3643 1375 3699 statim
1408 3643 1478 3699 ab
1510 3642 1702 3708 initio,
1749 3651 1805 3699 et
1846 3658 1939 3697 re-

228 3720 237 3725 ’
332 3734 447 3788 bus
496 3747 558 3787 ea
602 3733 894 3805 imponere
934 3752 1058 3808 qua:
1090 3736 1445 3793 maledictum
1493 3736 1780 3808 suscipere
1825 3753 1937 3792 non
1968 3708 2011 3768 ο

331 3832 603 3896 possunt,
641 3825 772 3896 quia
803 3842 907 3883 nec
933 3827 1241 3884 subsistere
1281 3828 1613 3894 creduntur,
1651 3830 1779 3898 quis
1814 3828 1936 3883 exi-

328 3918 527 3973 stimet
549 3916 669 3974 viro
697 3921 1032 3989 convenire,
1063 3921 1159 3993 qui
1189 3935 1313 3976 eum
1357 3928 1511 3976 tanta
1556 3920 1833 3991 sapientia
1884 3930 1941 3976 et

327 4008 544 4065 virtute
580 4017 637 4066 et
670 4012 981 4068 reverentia
1012 4028 1169 4069 suam
1206 4012 1378 4067 vitam
1412 4012 1831 4085 gubernasset?

329 4144 409 4211 Et
438 4162 534 4215 per
567 4149 748 4203 omnia
801 4150 1091 4213 reprobans
1135 4149 1463 4218 scripturam
1510 4147 1651 4211 Job.
1699 4156 1751 4204 et
1803 4162 1936 4202 con-

413 4220 1014 4292 scriptorimatedicens
1059 4219 1238 4292 (idem
1278 4230 1458 4274 autem
1495 4218 1777 4292 estdicere
1804 4233 1937 4292 san-

409 4299 495 4345 cto
532 4291 833 4364 Spiritui),
863 4293 920 4348 in
954 4289 1554 4362 ﬁne‘interpretationis
1592 4289 1938 4359 blasphemia

406 4377 521 4417 sua:
550 4363 631 4416 ita
660 4363 831 4417 dicit:

401 4485 646 4540 Parvum
697 4488 881 4536 autem
926 4488 980 4535 et
1024 4477 1177 4535 istud
1222 4476 1492 4549 flagitium
1540 4475 1609 4531 ad
1651 4474 1757 4531 hoc
1786 4475 1937 4546 quod

328 4583 390 4645 in
426 4579 534 4634 ﬁne
565 4575 805 4649 positum
842 4581 949 4629 est.
984 4570 1101 4627 Hoc
1133 4574 1281 4626 enim
1313 4569 1465 4642 quod
1500 4569 1675 4635 dixit,
1713 4569 1936 4625 tertiam

328 4674 508 4729 tiliam
543 4684 703 4727 suam
734 4666 1041 4723 Amaltheae
1088 4679 1265 4721 cornu
1304 4680 1430 4721 eum
1481 4679 1748 4730 vocasse,
1798 4663 1938 4718 nihil

331 4763 487 4820 aliud
520 4770 640 4828 est,
671 4775 837 4831 quam
867 4758 1165 4814 ostendere
1212 4773 1340 4813 eum
1388 4756 1679 4829 paganicis
1735 4755 1939 4812 fabulis

326 4854 771 4919 assentientem,
826 4858 879 4906 et
926 4848 1257 4904 idololatriae
1287 4848 1547 4921 ﬁgmenta
1579 4848 1897 4920 diligentem
1921 4887 1935 4913 ,

326 4958 488 5005 verto
518 4946 746 5019 quidem
792 4944 1133 5010 constituto,
1180 4942 1331 5015 quod
1374 4957 1478 4999 nec
1521 4942 1669 4999 seire
1713 4940 1938 5013 quidem
1978 4948 1986 4952 ‘

321 5044 398 5098 de
430 5040 567 5097 Jove
595 5047 650 5097 et
685 5038 931 5095 Saturno
976 5044 1032 5095 et
1084 5035 1305 5099 Junone
1355 5037 1660 5110 paganicas
1710 5035 1935 5090 fabulas

327 5139 552 5202 poterat
579 5127 682 5185 Job
710 5130 940 5194 beatus,
974 5127 1146 5187 homo
1175 5128 1450 5191 barbarus
1480 5136 1536 5185 et
1568 5127 1936 5183 Edomitanus

326 5238 556 5293 genere.
596 5220 757 5290 Quod
791 5220 843 5278 si
871 5228 925 5276 et
956 5220 1163 5287 sciret,
1194 5220 1289 5275 sed
1319 5234 1431 5274 non
1466 5218 1590 5277 ﬁlim
1624 5233 1739 5274 sua:
1766 5217 1938 5272 mira-

266 5310 293 5393 }
328 5319 516 5373 biliter
542 5316 811 5372 divinitus
844 5323 1005 5380 naue,
1026 5330 1091 5371 ex
1116 5313 1443 5370 idololatriae
1468 5312 1701 5384 paganis
1733 5310 1937 5366 fabulis

327 5427 537 5467 nomen
565 5410 909 5482 imponeret,
940 5407 1211 5464 decorare
1240 5421 1363 5463 eam
1396 5405 1726 5462 existimans
1771 5404 1818 5459 si
1858 5405 1934 5459 ita

330 5506 622 5560 nominata
662 5503 882 5559 fuisset.
917 5500 1035 5557 Hoc
1080 5501 1228 5558 enim
1274 5510 1395 5558 erat
1442 5500 1675 5572 paganis
1728 5497 1930 5553 fabulis

328 5597 741 5657 consentientis
763 5637 776 5659 ,
808 5604 862 5652 et
894 5596 1221 5651 idololatria:
1243 5593 1527 5666 diligentis
1557 5591 1815 5663 ﬁgmenta
1838 5631 1851 5653 ,
1881 5598 1936 5644 et

334 5695 505 5749 ﬁliam
553 5692 817 5747 decorare
860 5706 954 5761 per
982 5705 1042 5745 ea
1074 5688 1343 5749 volentis,
1379 5694 1432 5743 ct
1462 5685 1836 5741 desiderantis
1873 5693 1927 5737 ct

2045 1107 2172 1151 nem
2204 1106 2331 1147 esse
2367 1087 2566 1144 videri.
2605 1086 2711 1142 Sed
2746 1085 2898 1157 quod
2948 1099 3113 1141 omne
3158 1082 3267 1138 hoc
3319 1082 3644 1155 ﬁgmentum

2045 1192 2128 1241 est
2148 1223 2165 1250 ,
2196 1181 2456 1238 omnibus
2488 1188 2702 1236 certum
2733 1185 2840 1234 est.

2647 1311 2718 1368 Et
2748 1288 2870 1380 post
2902 1310 3038 1365 alia.

2118 1431 2186 1485 Et
2217 1428 2570 1501 conscriptor
2598 1427 2823 1499 quidem
2853 1424 3185 1481 manifestus
3208 1432 3329 1489 est,
3362 1439 3428 1480 ex
3458 1437 3651 1479 amore

2042 1539 2246 1595 magno
2277 1532 2333 1578 et
2366 1523 2688 1592 importuno
2720 1519 2852 1575 vani
2883 1518 3117 1574 honoris
3161 1518 3269 1574 hoc
3303 1532 3529 1587 passus.
3578 1515 3650 1573 Ut

2042 1620 2189 1674 enim
2238 1616 2635 1687 semeptipsum
2692 1614 3012 1670 ostenderet
3055 1620 3111 1668 et
3158 1620 3425 1667 extranea
3458 1611 3652 1667 erudi-

2041 1719 2158 1766 tum
2190 1726 2313 1766 esse
2342 1709 2598 1765 doctrina
2618 1749 2633 1774 ,
2663 1716 2718 1763 et
2747 1722 3086 1779 paganorum
3121 1705 3430 1761 fabularum
3464 1707 3652 1762 scien-

2041 1803 2174 1857 tiam
2208 1801 2502 1865 habuisse,
2536 1815 2675 1871 quas
2707 1799 2776 1854 de
2806 1799 2921 1855 illis
2963 1813 3104 1869 quos
3147 1796 3283 1853 deos
3326 1797 3604 1867 putabant
3630 1837 3646 1863 ,

2043 1894 2231 1948 ﬁrmas
2264 1894 2573 1958 habebant,
2608 1893 2899 1947 minimum
2932 1892 3274 1948 existimavit
3308 1891 3649 1946 nominatio-

2042 2003 2167 2042 nem
2213 1987 2374 2041 istam
2426 1988 2552 2041 inde
2601 1994 2883 2055 acceptam
2932 1984 3083 2054 justo
3126 1985 3443 2053 imponere,
3484 1983 3649 2053 quasi

2042 2094 2141 2150 per
2171 2094 2291 2134 eam
2321 2078 2491 2133 ﬁliam
2522 2093 2679 2133 suam
2708 2078 2963 2133 decorari
2995 2076 3222 2132 volenti.
3258 2075 3391 2129 Mihi
3413 2089 3547 2129 vero
3576 2090 3647 2131 ex

2040 2177 2153 2235 tota
2190 2170 2315 2224 libri
2352 2168 2769 2238 conscriptione
2826 2166 2997 2237 liquet
3051 2166 3489 2236 eonscriptorem
3550 2177 3649 2235 pa-

2041 2263 2235 2334 ganica
2263 2262 2498 2318 scientia
2537 2276 2662 2317 esse
2700 2260 3014 2322 eruditum,
3058 2258 3126 2313 ad
3167 2258 3331 2326 cujus
3368 2255 3644 2311 imitatio-

1970 2361 2013 2415 Β
2043 2372 2168 2410 nem
2202 2362 2530 2427 praesentem
2561 2355 2755 2408 volens
2786 2353 3125 2423 scripturam
3159 2364 3516 2420 componere,
3549 2362 3648 2403 no-

2043 2447 2157 2502 cuit
2182 2447 2429 2502 historiae
2452 2445 2879 2516 pulchritudini.
2904 2444 3009 2510 Qui
3034 2443 3185 2497 enim
3210 2440 3365 2512 apud
3384 2442 3510 2495 illos
3536 2448 3646 2496 tra-

2043 2538 2261 2611 gtedia’s
2289 2546 2653 2610 componunt,
2678 2552 2879 2593 causas
2910 2537 3133 2605 quidem
3163 2534 3442 2604 accipiunt
3468 2534 3538 2587 ah
3559 2533 3652 2595 his

2043 2649 2165 2703 quae
2196 2632 2353 2686 multi
2384 2633 2713 2702 loquuntur,
2738 2629 2962 2700 quando
2990 2629 3156 2683 etiam
3185 2642 3309 2682 eam
3343 2626 3649 2697 contigerit

2043 2725 2454 2796 quodammodo
2501 2724 2649 2795 apud
2695 2724 2970 2796 plurimos
3014 2720 3335 2791 opinionem
3386 2720 3646 2775 veritatis

2044 2816 2292 2871 habere:
2334 2830 2470 2886 pura
2510 2822 2697 2869 autem
2738 2828 2909 2867 causa
2951 2819 3214 2876 utentes,
3266 2824 3426 2864 suam
3464 2818 3648 2866 artem

2044 2914 2098 2961 et
2146 2906 2477 2976 sapientiam
2528 2904 2583 2958 in
2638 2902 3049 2972 compositione
3099 2900 3416 2955 fabularum
3452 2908 3649 2955 ostens

2044 2999 2177 3051 dere
2212 2996 2515 3059 festinant,
2545 3002 2601 3051 et
2634 3008 2901 3064 personas
2935 2992 3362 3047 introducentes
3393 2992 3501 3047 sibi
3540 2991 3649 3063 pla-

2045 3092 2188 3146 citas
2207 3131 2224 3158 ,
2264 3096 2318 3144 et
2349 3104 2515 3145 voces
2544 3089 3037 3158 eircumponentes
3064 3085 3151 3140 eis
3175 3125 3190 3151 ,
3221 3099 3270 3138 a-
3293 3084 3503 3154 quibus
3531 3084 3649 3138 ela-

2045 3181 2224 3237 riores
2278 3179 2397 3234 ﬁeri
2447 3179 2801 3234 arbitrantur
2835 3185 2890 3232 et
2925 3176 3218 3242 decorari,
3257 3185 3316 3231 ut
3360 3186 3416 3231 et
3450 3176 3648 3247 queri-

2044 3274 2289 3328 moniam
2343 3278 2399 3327 et
2450 3272 2672 3327 Iaudem
2722 3286 2848 3341 quae
2887 3286 2916 3324 a
2960 3270 3188 3340 scriptis
3227 3268 3487 3333 infertur,
3531 3269 3650 3325 sive

2046 3383 2146 3437 per
2182 3365 2560 3428 intellectum.
2598 3364 2718 3421 sive
2750 3379 2849 3434 per
2878 3364 2998 3435 ipsa
3030 3364 3200 3419 verba
3242 3364 3486 3433 scriptor
3516 3377 3650 3433 pec.

2044 3459 2292 3524 caverit,
2322 3473 2436 3513 non
2469 3457 2536 3512 ad
2572 3473 2844 3529 personas
2876 3472 3112 3529 quarum
3142 3457 3313 3511 verba
3346 3456 3613 3526 contingit
3633 3494 3652 3521 ι

2044 3551 2292 3622 legentes
2339 3549 2623 3617 referant,
2670 3549 2767 3605 sed
2813 3550 2880 3605 ad
2928 3549 3133 3604 fabulae
3178 3549 3644 3618 conscriptorem.

2047 3644 2114 3699 Et
2144 3644 2251 3700 iste
2275 3650 2461 3699 autem
2495 3658 2625 3699 cum
2670 3642 2983 3699 invenisset
3015 3649 3072 3697 et
3115 3640 3185 3697 de
3226 3642 3388 3695 beato
3428 3638 3533 3695 Job
3564 3640 3651 3695 hi-

2046 3738 2277 3795 storiam
2312 3736 2608 3791 maximam
2642 3742 2699 3793 et
2729 3735 2938 3790 claram
2962 3775 2977 3799 ,
3014 3749 3136 3805 quae
3172 3736 3227 3789 in
3265 3749 3363 3790 ore
3396 3734 3649 3789 omnium

2046 3832 2303 3888 similiter
2335 3829 2621 3886 ferebatur
2652 3842 2766 3884 non
2798 3829 2981 3885 solum
3034 3825 3329 3883 lsraelitici
3386 3825 3609 3897 generis
3630 3866 3646 3891 ,

2046 3922 2143 3979 sed
2173 3929 2230 3978 et
2264 3922 2539 3987 aliorum,
2572 3935 2739 3992 quem
2789 3920 2955 3975 etiam
3005 3918 3303 3974 clariorem
3345 3917 3439 3973 Dei
3488 3916 3655 3974 testi-

2047 4014 2305 4068 monium
2346 4012 2587 4069 faciebat
2618 4012 2769 4084 quod
2812 4012 3016 4067 factum
3051 4018 3139 4067 est
3179 4009 3246 4066 ad
3285 4010 3650 4082 prophetam,

2046 4108 2282 4179 gloriam
2330 4122 2398 4161 ex
2436 4106 2821 4179 magnitudine
2860 4119 3049 4160 causae
3089 4107 3284 4160 volens
3317 4103 3607 4175 suscipere
3632 4144 3648 4164 .

2047 4200 2192 4255 hanc
2232 4198 2570 4268 scripturam
2608 4199 2964 4270 composuit,
3006 4212 3118 4253 non
3162 4197 3448 4269 cogitans,
3500 4196 3652 4268 quod

2045 4292 2219 4346 multa
2256 4289 2569 4346 diﬁ'erentia
2604 4298 2692 4347 est
2714 4331 2728 4354 ,
2767 4293 2916 4347 inter
2949 4289 3245 4346 historiam
3276 4290 3415 4359 justi
3447 4304 3652 4345 secun-

2045 4381 2177 4443 dum
2207 4380 2406 4435 divinat
2446 4379 2747 4450 Scriptura:
2776 4388 2832 4435 et
2862 4381 3277 4451 simplicitatem
3328 4388 3384 4435 et
3430 4382 3651 4435 subtili-

2045 4482 2215 4531 tatem
2251 4475 2631 4545 propositam,
2668 4482 2724 4530 et
2758 4475 2903 4529 inter
2932 4473 3101 4528 verba
3139 4472 3419 4544 superﬂua
3442 4514 3457 4539 ,
3493 4484 3547 4529 et
3578 4473 3648 4529 ad

2044 4566 2429 4637 probationem
2474 4563 2735 4618 conﬁcta.
2788 4562 2923 4619 Inde
2971 4570 3026 4619 et
3076 4563 3199 4618 illas
3248 4562 3649 4634 plasmationes

2047 4656 2213 4723 fecit,
2262 4655 2319 4710 in
2372 4655 2578 4725 quibus
2630 4663 2915 4709 certamen
2964 4654 3031 4709 ad
3081 4651 3252 4708 Deum
3291 4651 3651 4708 fecitdiaho-

2047 4750 2199 4813 lum,
2256 4757 2313 4803 et
2362 4763 2529 4803 voces
2586 4747 2733 4803 sicut
2785 4745 2961 4801 voluit
3010 4746 3449 4817 circumposuit,
3511 4746 3651 4802 alias

2047 4844 2273 4916 quidem
2308 4843 2495 4913 justo,
2537 4843 2677 4897 alias
2712 4856 2848 4897 vero
2883 4841 3079 4897 amicis
3112 4860 3139 4903 ξ,
3166 4839 3221 4894 ἰη
3257 4840 3462 4912 quibus
3496 4842 3652 4893 voci-

2046 4940 2153 4996 bus
2208 4949 2476 5011 quantum
2543 4938 2883 5009 competenti
2946 4936 3233 5002 excessit,
3293 4936 3505 4991 dictum
3567 4944 3653 4991 est

2047 5032 2216 5087 etiam
2270 5033 2325 5086 in
2360 5030 2766 5102 superioribus.
2802 5028 2963 5084 Illum
2995 5039 3180 5084 autem
3225 5026 3407 5082 Elium
3448 5028 3502 5081 in
3553 5040 3653 5096 po-

2046 5130 2257 5179 stremo
2306 5121 2619 5177 introduxit
2669 5129 2840 5176 tantae
2878 5120 3103 5190 injuria:
3154 5119 3317 5189 plena
3366 5117 3649 5173 dicentem

2045 5215 2315 5270 adversus
2345 5213 2561 5284 justum
2581 5253 2595 5278 ,
2629 5221 2686 5268 et
2719 5212 2773 5266 in
2815 5211 2924 5266 ﬁne
2954 5224 3206 5281 persona:
3225 5206 3628 5279 magnitudinis

2040 5311 2247 5387 divinae
2287 5320 2503 5365 natura:
2548 5307 2954 5378 circumposuit
3000 5307 3164 5361 talem
3212 5303 3548 5365 dictionem,
3594 5305 3649 5357 iu

2046 5418 2153 5474 qua
2188 5418 2297 5458 non
2334 5403 2511 5473 piguit
2545 5402 2713 5456 etiam
2746 5400 3075 5471 ﬁgmentum
3109 5406 3267 5453 cetus
3304 5395 3530 5450 addere.
3570 5393 3652 5465 Ex

2048 5498 2154 5552 hoc
2183 5505 2365 5552 autem
2400 5496 2724 5566 importuno
2756 5492 2878 5547 vani
2914 5490 3144 5547 honoris
3186 5503 3415 5548 amore.
3451 5496 3506 5545 et
3545 5503 3648 5543 no-

2044 5589 2400 5643 minationem
2446 5588 2587 5641 hanc
2626 5574 2695 5639 'cx
2742 5583 2945 5640 fabulis
2984 5580 3277 5655 paganicis
3316 5587 3601 5654 arreptam
3634 5622 3643 5639 .

2044 5681 2207 5737 beato
2236 5679 2338 5734 Joh
2372 5680 2693 5751 applicavit.
3464 5658 3471 5667 ’

412 5850 493 5921 (lx)
526 5847 606 5904 Ex
637 5847 873 5904 concilio
908 5845 1014 5900 (ΣΡ.
1054 5860 1219 5916 supra
1254 5846 1494 5911 laudato,
1536 5853 1594 5899 ut
1622 5846 1906 5915 sequentia
1940 5847 2104 5901 etiam
2141 5844 2475 5923 fragmenta.
