4162 6466
1784 360 2135 421 THEODORI
2167 360 2655 425 MOPSUESTENI
3726 376 3829 435 700

593 463 3812 517 mw:

1320 617 1446 705 IN
1518 618 2129 710 CANTICUM
2209 621 3041 714 CANTICORUM.

557 881 639 937 Ad
658 881 766 936 Ιιωε
797 881 872 953 (ι)
892 888 1078 965 autem
1097 882 1516 965 despernitidem
1550 882 1859 965 Theodorus
1887 890 1936 965 et
1962 882 2144 965 Cagti-
2173 891 2215 944 A
2247 893 2510 957 tanquam
2565 886 2946 957 insipientium
2970 927 2986 952 ,
3035 896 3090 944 et
3139 891 3261 947 sine
3307 904 3477 948 causa
3521 891 3826 965 alienigena

627 969 746 1005 cum
778 957 1135 1014 canticorum,
1155 962 1204 1006 et
1230 956 1367 1008 sicut
1399 953 1467 1006 ad
1492 965 1731 1007 amatam
1757 954 1859 1008 sibi
1889 954 1999 1008 hmc
2031 953 2137 1009 Sa-

626 1026 885 1077 lomonem
914 1024 1223 1091 scripsisse,
1255 1025 1408 1085 dicit,
1443 1024 1670 1145 inl‘anda
1705 1024 2138 1079 Christianorum

626 1093 843 1145 auribus
874 1093 938 1145 de
963 1094 1059 1145 hoc
1084 1107 1370 1145 exponens.
1404 1092 1490 1145 Ila
1528 1105 1577 1145 et
1608 1104 1784 1145 autem
1810 1097 1886 1145 sic
1913 1111 1929 1145 :

624 1093 843 1147 auribus
874 1093 938 1146 de
963 1094 1059 1146 hoc
1084 1107 1370 1159 exponens.
1404 1092 1577 1147 Habet
1608 1104 1784 1148 autent
1810 1097 1886 1149 sic
1913 1111 1929 1149 :

624 1168 884 1240 Cum’me
914 1185 1184 1255 piguisset
1200 1184 1430 1241 Cantica
1459 1187 1801 1241 canticorum
1835 1187 2135 1257 perlegere,

554 1279 815 1351 quoniam
859 1294 1039 1349 neque
1100 1280 1403 1336 secundum
1459 1281 1834 1351 progiheticam
1892 1281 2135 1352 speciem

552 1372 801 1442 exposita
830 1380 996 1437 sunt,
1028 1388 1206 1443 neque
1233 1373 1536 1429 secundum
1567 1375 1925 1431 historiarum
1969 1373 2137 1429 tradi-

552 1466 756 1520 tionem
778 1503 793 1528 ,
827 1466 973 1521 sicut
1003 1466 1283 1535 scriptura
1318 1482 1614 1537 regnorum
1635 1508 1651 1535 ,
1688 1482 1870 1539 neque
1908 1465 2136 1522 demon-

552 1557 789 1612 strativa
836 1556 1216 1615 admonitione
1255 1559 1426 1614 studii
1473 1569 1725 1624 utuntur,
1777 1556 1967 1615 nescio
2005 1571 2134 1628 quo-

550 1646 717 1703 modo
766 1655 987 1704 tuarum
1038 1650 1348 1706 litterarum
1391 1660 1725 1723 praeceptqu
1778 1650 1848 1707 de
1899 1650 2131 1706 Cantico

550 1739 891 1795 canticorum
943 1741 1172 1812 exigens
1220 1756 1250 1796 a
1309 1743 1472 1799 nobis
1519 1742 1958 1798 irrecusahiliter
2002 1755 2136 1795 cau—

550 1847 703 1898 sam,
739 1831 872 1889 fecit
904 1849 991 1889 me
1018 1835 1167 1889 circa
1208 1850 1334 1890 eum
1367 1820 1780 1907 diligentiorem
1802 1873 1817 1898 ,
1862 1834 2136 1889 violenter

548 1923 796 1992 quidem.
829 1924 895 1979 Et
929 1926 1011 1981 sic
1043 1941 1145 1981 nec
1175 1926 1321 1981 enim
1350 1926 1597 1992 cessavi,
1626 1933 1683 1979 et
1714 1924 1875 1979 initio
1905 1908 2023 1994 ipso
2055 1924 2134 1978 le—

546 2016 748 2071 ctionis
780 2016 939 2087 quasi
985 2017 1235 2073 studiosa
1266 2017 1555 2073 alacritate
1584 2017 1833 2071 oscitans
1864 2013 2128 2085 frequen-

546 2115 651 2175 ter,
682 2117 737 2162 et
764 2109 1103 2177 dormitans,
1136 2112 1279 2165 sicut
1310 2109 1566 2165 convivio
1609 2108 1815 2165 codicis
1858 2108 2123 2179 nuptiali,

542 2211 599 2255 et
628 2201 733 2259 hoc
758 2202 927 2274 regali
947 2241 963 2269 ,
1000 2210 1374 2273 percautatus.

1039 2292 1100 2346 Et
1136 2301 1252 2363 post
1279 2309 1472 2364 pauca.

617 2382 727 2441 Sed
761 2385 843 2440 sic
874 2399 971 2454 per
1002 2386 1328 2455 sapientiam
1377 2385 1637 2457 gentibus
1665 2393 1719 2439 et
1748 2382 1955 2439 Judaais
1997 2398 2132 2453 pra:-

543 2471 836 2529 (licabilem
882 2485 937 2530 et
970 2475 1272 2530 terribilem
1321 2475 1678 2530 exsistentem
1728 2481 1789 2529 ut
1844 2475 2125 2530 solertem.

545 2565 789 2623 Uude'et
820 2583 923 2638 pax
957 2570 1005 2623 ei
1038 2568 1270 2636 ﬁrmior,
1301 2584 1469 2639 quam
1502 2569 1557 2623 in
1587 2568 1961 2625 anteriorihus
1995 2576 2131 2622 tem-

543 2660 774 2731 poribus
813 2669 969 2728 erat,
1017 2664 1212 2717 timore
1259 2678 1489 2718 summae
1530 2663 1680 2718 circa
1730 2676 1791 2717 ea
1824 2662 2135 2732 prudentim’

549 2751 785 2809 frenatis
847 2754 1100 2824 gentibus
1140 2754 1281 2809 bella
1321 2756 1634 2810 amantibus
1662 2795 1677 2820 ,
1738 2753 2125 2827 Egyptiacum

541 2846 857 2900 convivium
903 2846 1072 2912 facit,
1123 2846 1472 2903 Salomonem
1513 2847 1656 2918 apud
1702 2845 1921 2904 Judaaos
1965 2848 2127 2901 vitio-

540 2951 686 3003 sum,
715 2944 975 3009 tanquam
1005 2939 1185 3011 legum
1215 2947 1568 3010 paternarum
1613 2940 2123 3011 praevaricatorem,

541 3029 929 3085 abdicantiunr
977 3032 1312 3103 alienigenas
1369 3033 1632 3103 nuptias,
1693 3040 1748 3088 et
1807 3030 1877 3087 ad
1933 3031 2127 3102 puellae

539 3122 849 3177 convivium
879 3123 1079 3179 cecidit
1111 3124 1383 3195 fugiendae
1415 3124 1639 3194 quidem
1675 3123 1841 3178 etiam
1875 3123 1997 3193 ipso
2032 3138 2126 3192 pa-

538 3212 647 3267 trio
675 3211 914 3267 deformi
949 3215 1136 3271 colore
1186 3215 1637 3288 (nocturnorum
1678 3216 1828 3270 enim
1872 3217 2122 3270 colorum

538 3302 811 3376 Egyptus
838 3306 1122 3378 genitrix),
1161 3307 1339 3379 magis
1369 3324 1498 3365 vero
1532 3308 1825 3378 fugiendae,
1858 3308 2121 3378 quoniam

536 3397 628 3464 qui
660 3413 832 3468 genus
869 3397 1104 3455 habebat
1146 3415 1214 3455 ex
1253 3399 1425 3455 Cham
1450 3439 1465 3464 ,
1507 3399 1601 3471 qui
1636 3401 1811 3456 haeres
1844 3399 1946 3455 fuit
1977 3400 2123 3454 auti-

536 3500 660 3556 quae
680 3488 1090 3545 maledictionis
1123 3488 1271 3557 Noe,
1304 3505 1369 3545 ex
1420 3490 1625 3561 quibus
1674 3506 1873 3561 passus
1896 3497 1982 3547 est
2018 3490 2125 3545 ali—

2240 980 2558 1036 vocantium
2592 995 2658 1037 ea
2687 996 2809 1052 qua:
2841 982 3061 1052 cognita
3090 991 3240 1040 sunt.

2786 1164 2790 1169 Δ
2847 1095 2917 1152 Et
2942 1105 3058 1167 post
3087 1099 3222 1154 alia.

2310 1185 2419 1252 Qui
2468 1187 2614 1243 enim
2660 1191 2810 1244 canit
2857 1205 3074 1246 omnem
3120 1190 3526 1255 cantationem,
3575 1206 3634 1246 se
3671 1188 3824 1246 delc-

2238 1284 2386 1332 ctat:
2416 1294 2518 1350 ego
2564 1295 2694 1336 vero
2740 1281 2962 1351 quidem
3006 1296 3148 1337 cano
3177 1282 3514 1353 propositam
3548 1284 3820 1337 cantatio-

2238 1382 2362 1422 nem
2385 1382 2400 1421 :
2423 1369 2627 1439 quibus
2654 1385 2788 1425 vero
2810 1385 2972 1435 cano,
2994 1386 3105 1426 non
3136 1387 3258 1427 cum
3286 1373 3397 1427 illis
3426 1387 3511 1427 me
3538 1372 3821 1427 delectans

2180 1462 2191 1473 ‘
2237 1473 2410 1514 cano:
2444 1460 2694 1516 nolebam
2724 1462 2870 1516 enim
2902 1477 3146 1517 mearum
3178 1463 3497 1533 nuptiarum
3519 1462 3820 1518 detractio-

2242 1550 2330 1605 nis
2356 1565 2481 1606 esse
2512 1552 2567 1606 in
2596 1553 2795 1607 saecula
2835 1554 3207 1625 co'nscriptor.
3254 1551 3597 1610 Necessitate
3638 1562 3817 1609 autem

2241 1645 2616 1702 excusationis
2663 1645 2856 1703 volens
2901 1661 3139 1713 canere,
3195 1661 3435 1718 quorum
3485 1662 3597 1701 non
3654 1646 3815 1711 volo,

2238 1735 2609 1791 cantationem
2651 1751 2853 1793 canere
2893 1752 3084 1809 cogor,
3126 1745 3186 1792 ut
3229 1737 3303 1794 sit
3353 1738 3491 1793 mihi
3538 1738 3815 1799 canticum

2239 1840 2407 1895 super
2461 1842 2669 1883 morem
2719 1816 2953 1882 cantici.
2997 1829 3210 1883 Canere
3267 1828 3415 1885 enim
3471 1829 3636 1884 modo
3690 1830 3831 1887 cum’

2236 1934 2438 1989 sponsa
2470 1934 2659 1987 cogor,
2695 1934 2820 1990 quae
2863 1919 3181 1990 vituperant
3206 1919 3479 1990 publicam
3510 1918 3818 1975 excusatio-

2238 2027 2363 2067 nem
2389 2051 2406 2077 ,
2439 2019 2494 2067 et
2519 2013 2759 2068 clamare
2802 2026 2867 2067 ea
2909 2025 3034 2083 quae
3091 2010 3436 2068 abscondere
3483 2012 3816 2068 nubentibus

2237 2100 2414 2157 decet.
2452 2101 2723 2168 Quoniam
2759 2102 2905 2155 enim
2935 2099 3233 2171 conﬂigere
3274 2116 3378 2157 nos
3401 2100 3817 2171 vituperationi-

2235 2191 2337 2248 bus
2360 2199 2592 2262 putant,
2616 2199 2673 2251 et.
2692 2193 3186 2262 reprehensionum
3216 2193 3526 2264 opprobriis
3552 2192 3814 2257 dividere,

2233 2280 2458 2335 audiant
2484 2295 2585 2335 nos
2613 2289 2834 2337 nostros
2868 2282 3152 2351 amplexus
3176 2289 3441 2339 canentes
3468 2279 3700 2338 calidius
3717 2319 3733 2347 ,
3759 2290 3816 2337 et

2231 2371 2563 2442 nuptialium
2599 2379 2919 2427 nostrorum
2960 2381 3370 2443 unguentorum
3404 2372 3646 2443 amplius
3680 2371 3816 2427 ode.

2231 2478 2347 2518 rem
2379 2462 2694 2532 accipiant:
2740 2462 3156 2519 circumsonent
3191 2450 3429 2519 canticis
3461 2462 3683 2534 tragicis
3717 2477 3817 2519 no-

2231 2564 2475 2612 strorum
2536 2555 2909 2610 osculorum:
2965 2556 3147 2611 clama
3209 2563 3360 2610 tuam
3399 2554 3812 2626 nigritudinem.

2230 2662 2454 2718 sponsa,
2484 2662 2844 2719 purpuream,
2868 2647 3170 2719 gratiosam
3202 2647 3380 2702 clama
3408 2665 3423 2703 :
3458 2657 3611 2700 tuum
3639 2659 3817 2718 genus

2230 2741 2576 2810 vituperatur
2612 2739 2908 2794 laudabilis
2950 2740 3220 2811 originis,
3265 2740 3439 2794 Israel
3479 2738 3811 2810 congentile.

2228 2829 2415 2901 Incipe
2444 2830 2606 2885 initio
2636 2830 3016 2901 responsionis
3046 2830 3115 2885 ad
3143 2845 3277 2886 eos:
3312 2829 3392 2885 Ex
3419 2830 3616 2886 calidis
3647 2842 3818 2884 oscu-

2226 2922 2296 2977 lis
2337 2922 2475 2977 meis
2524 2929 2885 2992 cognoscant,
2929 2922 3079 2992 quod
3120 2922 3411 2979 amatoriis
3457 2921 3813 2978 sermonibus

2227 3013 2533 3070 adinvicem
2567 3013 2834 3079 fruimur;
2868 3013 3090 3070 discant
3124 3013 3503 3084 percutientes
3531 3013 3816 3084 vitupera-

2225 3105 2474 3162 tionibus
2514 3107 2739 3161 tacitam
2774 3106 3043 3161 citharam
3084 3106 3310 3176 nuptias
3350 3111 3653 3169 amantem;
3710 3116 3807 3157 co-

2225 3205 2500 3270 gnoscant
2547 3198 3065 3264 maledictionibus,
3114 3196 3262 3267 quod
3314 3194 3523 3252 saltare
3573 3195 3631 3250 in
3677 3195 3817 3250 meis

2226 3290 2436 3361 nuptiis
2463 3305 2492 3344 a
2523 3291 2684 3345 nobis
2711 3291 2884 3361 putati
2915 3296 3065 3346 sunt.
3096 3287 3216 3343 Non
3244 3287 3575 3345 maledicere
3600 3286 3814 3351 sciant,

2225 3387 2375 3458 quod
2405 3387 2790 3442 excitaverunt
2825 3400 3065 3440 amorem
3101 3385 3444 3439 iesonantem
3478 3379 3813 3452 jucundiora

2224 3477 2740 3548 vituperatoribus;
2782 3477 2949 3530 intret
2994 3489 3161 3530 aures
3208 3487 3402 3528 eorum
3448 3485 3673 3525 amarus
3714 3467 3817 3522 ali-

535 3549 666 3648 quid
703 3577 963 3636 Salomon
997 3583 1149 3637 circa
1191 3549 1454 3654 αοζιίηείέ
1490 3549 1827 3640 deside-rium
1848 3624 1863 3650 ,
1917 3591 1973 3638 ei
2018 3599 2119 3653 ορ.
2148 3582 2194 3643 c
2225 3571 2350 3641 quis
2385 3569 2445 3624 in
2472 3568 2643 3624 corde
2676 3567 2939 3623 stimulus
2971 3573 3291 3622 nostrorum
3327 3549 3671 3620 osculorum.
3705 3559 3814 3654 _Scd

531 3670 759 3739 probrio
793 3673 1264 3740 praevaricationis
1294 3674 1548 3731 irritatus
1569 3713 1585 3740 ,
1619 3676 1906 3745 componit
1939 3673 2116 3728 canti-

530 3775 653 3816 cam
702 3764 1153 3827 excusationem,
1204 3771 1267 3819 ut
1313 3765 1525 3835 gratior
1575 3766 1741 3821 etiam
1792 3766 1949 3820 uxori
2002 3764 2114 3829 sit,

534 3853 772 3909 canticis
801 3853 1111 3911 delectatus
1140 3871 1241 3926 pro
1267 3872 1330 3911 ea
1360 3857 1521 3913 factis
1547 3877 1561 3913 :
1592 3868 1647 3915 et
1675 3860 2116 3928 improperantes

536 3945 820 4014 sapienter
869 3947 1186 4015 percussit,
1233 3955 1498 4020 tanquam
1544 3950 1848 4020 conscripti
1890 3963 2118 4006 causam

531 4036 611 4092 illi
654 4038 850 4094 dantes
898 4038 1245 4105 lastitiarum,
1274 4050 1331 4097 et
1372 4058 1483 4098 non
1518 4043 1857 4113 ptenitentiae
1897 4049 2120 4113 propter

531 4130 759 4199 nuptias
786 4138 1047 4200 tanquam
1080 4147 1300 4202 pravas.
1334 4133 1493 4190 Unde
1523 4135 1592 4189 ab
1621 4135 1829 4190 osculis
1858 4133 2124 4203 nuptiali-

529 4218 638 4276 bus
665 4222 850 4275 statim
883 4224 930 4278 ei
962 4232 1017 4280 et
1046 4224 1261 4279 initium
1294 4233 1414 4292 est,
1464 4233 1729 4297 tauquam
1764 4226 1982 4283 sistenti
2013 4241 2116 4283 no-

532 4327 658 4381 vam
701 4322 932 4386 nuptam
978 4318 1378 4373 reclamantem
1424 4318 1912 4391 vituperantibus:
1947 4319 2120 4376 Oscu-

533 4406 671 4461 Ietur
699 4423 781 4462 me
804 4424 1029 4479 sponsus
1074 4410 1140 4465 ab
1189 4411 1390 4467 osculis
1436 4412 1545 4468 oris
1596 4416 1713 4483 ejus
1735 4454 1752 4479 ,
1786 4422 1843 4470 et
1868 4421 2118 4469 vestrum

530 4497 667 4554 mihi
695 4513 830 4555 cura
859 4503 1011 4557 nulla
1038 4505 1398 4574 opprobrium
1430 4506 1776 4562 latrantium.
1818 4505 1887 4561 Et
1915 4507 2117 4563 iterum

530 4587 773 4646 irritatio
800 4592 868 4646 ad
897 4588 1333 4663 vituperationes
1363 4610 1464 4664 pro
1494 4611 1702 4671 sponsa
1729 4611 1831 4653 sua
1860 4597 2116 4653 calidior.

532 4675 710 4749 Nigra
739 4695 857 4733 sum
887 4690 937 4735 et
971 4682 1139 4747 bona,
1176 4685 1306 4753 ﬁlim
1333 4683 1670 4752 Jerusalem,
1700 4689 1838 4742 sicut
1870 4687 2117 4741 taberna-

530 4767 653 4820 cula
682 4767 880 4829 Cedar,
914 4771 1051 4824 sicut
1082 4771 1237 4840 pellis
1268 4774 1595 4830 Salomonis.
1631 4774 1711 4831 Ne
1740 4776 1873 4829 mihi
1896 4814 1912 4840 ,
1940 4775 2113 4840 dicit,

530 4859 771 4913 colorem
820 4857 888 4911 ad
939 4861 1402 4931 vituperationem
1448 4870 1777 4937 proponite,
1821 4866 1933 4922 nisi
1976 4866 2117 4922 forte

2226 3662 2544 3718 intellectus
2578 3659 2798 3732 quidem
2836 3657 3202 3729 conscriptori
3230 3653 3502 3725 ejusmodi
3545 3662 3629 3709 cst
3652 3693 3668 3720 ,
3705 3651 3804 3705 ha-

2223 3754 2388 3811 bebat
2418 3768 2550 3808 vero
2583 3752 2919 3808 intellectum
2942 3790 2958 3815 ,
2995 3765 3060 3805 eo
3089 3746 3235 3820 quod
3267 3749 3387 3803 sine
3417 3745 3640 3801 nomine
3670 3758 3803 3798 con-

2226 3845 2582 3917 scriptionem
2614 3843 2782 3908 fecit,
2836 3841 3223 3898 tantummodo
3269 3854 3383 3893 non
3438 3838 3690 3892 clamans
3742 3834 3811 3889 ad

2224 3937 2391 3994 Israel
2413 3979 2428 4003 ,
2456 3937 2603 4008 quod
2636 3952 2746 3991 non
2780 3935 2955 4006 ipsius
2985 3932 3299 3988 Salomonis
3326 3938 3412 3988 est
3440 3928 3811 4000 conscriptor,

2226 4029 2321 4086 sed
2354 4029 2686 4086 necessitate
2717 4024 3108 4083 aemulationis.

2791 4136 2862 4192 Et
2896 4145 3015 4208 post
3052 4150 3244 4207 pauca.

2296 4233 2431 4301 Qum
2474 4230 2662 4287 omnia
2694 4236 2917 4301 oportet
2952 4229 3200 4299 legentes
3238 4224 3440 4281 librum
3474 4221 3769 4296 cogitando
3790 4260 3805 4286 ,

2225 4339 2330 4382 nec
2370 4325 2439 4380 ad
2475 4322 2833 4394 impudicitiae
2872 4319 3243 4375 hortationem
3288 4323 3487 4388 putare
3519 4331 3647 4372 esse
3681 4329 3813 4371 con.

2226 4415 2586 4486 scriptionem
2619 4408 3042 4482 sapientissimi,
3090 4414 3146 4463 et
3204 4413 3429 4476 propter
3474 4404 3579 4459 hoc
3629 4403 3813 4459 odisse

2227 4506 2450 4577 (qualis
2488 4504 2640 4560 enim
2676 4509 2827 4557 esset
2864 4499 3079 4554 utilitas
3121 4495 3400 4552 Salomoni
3442 4494 3709 4550 festinare
3744 4491 3811 4547 ad

2226 4595 2696 4666 conscriptionem
2737 4589 3124 4661 impudicitiae,
3166 4587 3255 4642 cui
3306 4594 3361 4641 et
3410 4586 3532 4642 sine
3563 4583 3813 4642 conscri-

2225 4687 2416 4757 ptione
2449 4693 2699 4757 potestas
2719 4691 2838 4739 erat
2868 4678 3266 4751 impudicitiae?
3288 4678 3327 4744 ),
3361 4694 3463 4733 nec
3494 4676 3814 4732 collaudare

2227 4776 2476 4832 codicem
2497 4818 2510 4839 .
2542 4777 2688 4831 sicut
2722 4774 3014 4830 habentem
3048 4770 3391 4842 prophetiam
3449 4769 3811 4825 dictationem

2230 4868 2502 4924 bonorum
2550 4866 2834 4922 Ecclesia}.
2879 4863 2936 4920 Si
2975 4864 3120 4919 enim
3150 4861 3528 4932 propheticam
3581 4860 3810 4931 gratiam

528 4948 694 5003 etiam
728 4950 869 5004 bene
896 4953 1375 5021 compositurum?
1406 4957 1830 5012 aediﬁcationum
1861 4972 1927 5012 ex
1958 4957 2117 5028 nigro
2152 4937 2194 4993 θ
2223 4960 2555 5025 meruisset,
2612 4958 2950 5014 mentionem
3004 4955 3209 5011 alicubi
3266 4952 3363 5007 Dei
3416 4952 3640 5007 fecisset
3713 4951 3731 5020 (
3759 4953 3811 5004 in

528 5035 709 5107 lapide
735 5039 953 5094 Arabiae
983 5040 1313 5096 miraculum
1332 5082 1347 5109 ,
1377 5044 1836 5112 vituperationem
1867 5062 1989 5103 esse
2021 5063 2117 5118 pu-

528 5131 694 5184 tatis:
720 5146 955 5200 quorum
990 5131 1233 5202 lapidum
1265 5134 1399 5187 mihi
1430 5135 1675 5189 membra
1707 5138 1908 5194 similia
1943 5149 2115 5209 sunt,

527 5221 674 5275 sicut
702 5223 932 5292 quidam
968 5225 1177 5295 lapides
1219 5225 1471 5295 pretiosi.
1505 5227 1755 5284 Caeruleo
1789 5233 1936 5285 enim
1991 5233 2113 5303 ipso

527 5313 767 5380 coloris,
801 5315 949 5384 quod
987 5317 1368 5386 vituperantes
1404 5317 1644 5385 canitis,
1681 5321 1988 5380 similitudo
2027 5335 2111 5382 est

528 5404 724 5460 talium
752 5404 997 5477 lapidum
1020 5448 1035 5473 ,
1064 5416 1119 5464 et
1146 5411 1348 5481 regalis
1378 5425 1658 5482 purpura},
1690 5422 1745 5470 et
1772 5418 1971 5487 regalis
2002 5433 2112 5473 non

529 5495 874 5566 simpliciter.
908 5502 1008 5555 sed
1042 5502 1261 5571 qualem
1296 5502 1554 5559 Salomon
1587 5507 1984 5574 circumdatur,
2018 5510 2112 5580 qui

529 5582 658 5656 plus
685 5589 943 5645 omnibus
974 5593 1194 5663 regibus
1217 5604 1539 5653 ornamenta
1565 5611 1733 5656 amat.
1777 5600 1880 5658 Sed
1913 5614 1969 5656 et
2003 5617 2114 5656 cre-

531 5679 639 5736 teri
695 5683 897 5740 cantici
926 5687 1194 5756 expositio
1214 5730 1228 5755 ,
1261 5690 1501 5748 irritatio
1528 5702 1614 5750 est
1644 5694 2111 5765 vituperatiouum

562 5816 569 5827 ’
605 5816 683 5890 (1)
714 5818 794 5879 Ex
833 5820 1022 5879 cadcm
1057 5826 1270 5882 concilo
1304 5827 1590 5899 Constant.

2222 5055 2373 5110 nulla
2407 5055 2552 5109 enim
2589 5053 2910 5123 prophetica
2949 5053 3229 5122 scriptura
3266 5049 3410 5119 Deus
3446 5065 3556 5104 non
3601 5065 3783 5103 meum

2219 5148 2439 5215 ratur),
2471 5146 2565 5202 sed
2600 5146 2747 5202 scire
2788 5145 2989 5201 debent
3030 5159 3255 5208 omnes,
3291 5141 3664 5198 aemulationis
3713 5156 3782 5193 nu

2220 5238 2407 5308 ptialis
2438 5237 2686 5291 codicem
2731 5236 2979 5291 mensale
3029 5234 3313 5289 canticum
3348 5247 3520 5301 csse,
3573 5232 3722 5286 sicut
3764 5238 3809 5280 ct

2218 5327 2287 5383 de
2312 5343 2499 5383 amore
2529 5336 2716 5398 postea
2740 5325 3057 5381 convivium
3082 5326 3242 5380 Plato
3272 5322 3625 5393 conscripsit.
3657 5318 3813 5374 Unde

2220 5433 2333 5473 nec
2353 5417 2582 5483 Judaeis,
2617 5431 2719 5472 nec
2747 5417 2906 5471 nobis
2935 5417 3156 5486 publica
3186 5416 3352 5471 lectio
3384 5429 3628 5485 unquam
3666 5411 3810 5495 (iam

2220 5509 2318 5564 tici
2351 5512 2697 5564 canticorum
2734 5506 2879 5563 facta
2911 5516 2996 5563 est
3018 5549 3033 5575 ,
3065 5516 3331 5580 tanquam
3378 5506 3721 5563 domesticus
3753 5510 3809 5556 ct

2222 5588 2491 5674 nuptialis
2550 5599 2867 5656 Salomonis
2926 5600 3201 5657 conviviis
3256 5608 3454 5656 cautus
3508 5596 3807 5671 opprobrio

2225 5707 2441 5762 sponsae
2473 5705 2700 5746 sonans.
