4162 6496
355 377 456 435 τοι
1233 383 1745 443 communem
1801 386 1872 442 IN
1911 383 2160 445 NOVUM
2198 369 2750 445 resumerem.
3537 387 3646 444 τοι

390 533 3626 576 Iane-mm

990 713 1806 844 THEODORI
1890 717 3010 848 MOPSUESTENI

548 963 1725 1058 COML‘VIEN'I‘ARIORUM
1812 971 1933 1057 IN
2015 969 2456 1062 NOVUM
2531 972 3437 1064 TESTAMENTUM

1455 1160 1634 1241 ῼυιΕ
1665 1160 2030 1216 REPERIRI
2068 1162 2546 1221 POTUERUNT.

1350 1339 1689 1396 causam,
1795 1341 2160 1398 msrosux'r,
2261 1345 2637 1388 EMENDAVIT

1044 1502 1374 1595 ΟΤΤο
1425 1504 2181 1599 FRIDOLINUS
2243 1474 2944 1614 FBITZSCHE,

631 1709 718 1750 τιι.
755 1711 836 1750 υιι.
863 1711 931 1750 ΕΤ
969 1710 1022 1751 IN
1055 1710 1314 1752 ACADEMJA
1341 1713 1617 1754 TURICE'NSI
1656 1715 1706 1753 Ρ.
1735 1715 1784 1754 Ρ.
1818 1713 1896 1765 ος,
1930 1714 2274 1755 Bl-BUOTHECA

1704 1742 1706 1750 .
1735 1715 1784 1754 P.
1818 1713 1896 1765 0.,
1930 1714 2296 1756 Bl-BIJOTHECJE
2321 1716 2646 1758 REIPUBLICE
2669 1718 2847 1759 TURIC.
2868 1719 2923 1758 ll.
2951 1719 3003 1758 Τ.
3039 1714 3347 1759 PREPECTW

1429 1805 1736 1848 SOCIETATIS
1757 1807 1896 1846 HIST.
1920 1807 2111 1848 THEOL.
2143 1808 2278 1847 LIPS.
2311 1811 2548 1853 SODALIS.

1214 1949 1446 2015 (Turici,
1491 1958 1694 2015 sumptu
1747 1953 1938 2017 Meyeri
1990 1961 2043 2006 et
2097 1953 2301 2005 Zelleri.
2351 1955 2490 2015 1847,
2529 1954 2579 2005 in
2643 1956 2759 2022 8°.)

1648 2293 2328 2387 PRZEFATIO.

405 2657 550 2715 Cum
579 2657 635 2714 in
666 2659 1160 2729 commentatione,
1196 2676 1360 2732 quam
1397 2670 1527 2720 ante
1554 2663 1660 2721 hos
1689 2663 1950 2719 undecim
1982 2677 2162 2719 annos
2195 2662 2264 2718 de
2299 2660 2574 2717 Theodori
2602 2660 2969 2733 Mopsuesteni
3005 2661 3115 2715 vita
3140 2667 3193 2716 et
3222 2660 3451 2732 scriptis
3483 2659 3632 2714 Halae

328 2751 486 2810 edidi
521 2753 621 2824 (1),
659 2768 746 2808 me
773 2769 899 2809 mox
932 2770 1055 2825 qua:
1091 2763 1372 2811 restarent
1396 2756 1464 2812 de
1502 2757 1799 2813 Theodoro
1825 2759 2240 2828 disputaturum
2276 2755 2677 2827 significarem,
2716 2769 2828 2808 non
2860 2753 2977 2810 fore
3005 2755 3345 2817 existimavi,
3383 2763 3442 2808 ut
3467 2753 3626 2808 tidem

325 2845 522 2900 datam
551 2829 662 2899 tam
695 2847 788 2902 diu
823 2846 1086 2904 fallerem.
1119 2849 1225 2904 Sed
1256 2859 1317 2905 ut
1349 2851 1425 2917 fit,
1471 2851 1578 2906 alia
1613 2867 1701 2906 me
1729 2851 1840 2907 alio
1883 2858 2191 2906 traxerunt.
2220 2851 2286 2905 Et
2325 2852 2565 2923 primum
2599 2850 2844 2920 quidem,
2878 2865 3001 2904 cum
3033 2849 3199 2920 paulo
3238 2857 3361 2919 post
3389 2849 3626 2919 patriam

332 2953 463 2992 cum
493 2939 740 2995 l-lelvctia
771 2953 1224 3009 commutassem,
1251 2946 1378 3000 novi
1407 2949 1653 3001 muneris
1685 2950 1932 3004 rationes
1966 2964 2270 3018 rerumque
2302 2946 2728 3003 vicissitudines
2774 2944 3100 3006 effecerunt,
3141 2952 3202 2999 ut
3249 2944 3318 2998 ad
3359 2945 3467 2997 alia
3497 2943 3618 2998 ani-

334 3048 487 3088 mum
518 3037 888 3107 θρρειιθτεηις
919 3039 1118 3095 deinde
1149 3056 1282 3096 vero
1329 3057 1455 3102 cum
1502 3043 1641 3098 mihi
1686 3044 1967 3099 interdum
2002 3045 2200 3107 otium,
2231 3059 2344 3115 quo
2373 3044 2508 3097 nihil
2550 3049 2636 3096 est
2683 3041 2924 3114 dulcius,
2960 3041 3242 3103 fecissem,
3294 3039 3402 3092 alia
3443 3037 3625 3093 studia

326 3125 576 3179 animum
617 3129 738 3183 sive
782 3139 1027 3184 erectum
1071 3132 1419 3187 oblectarent
1468 3134 1586 3190 sive
1634 3135 1910 3205 dejectuin
1961 3145 2282 3191 erexerunt.
2331 3134 2438 3190 Sed
2478 3134 2615 3188 nihil
2661 3133 2728 3188 ad
2766 3134 2904 3187 alios
2949 3131 3267 3186 domesticae
3317 3145 3450 3186 mete
3497 3129 3618 3186 sive

323 3215 748 3285 delectationes,
776 3223 892 3276 sive
924 3224 1364 3293 sollicitudines,
1391 3241 1710 3298 quanquam
1743 3229 1964 3299 seposui
1997 3245 2121 3298 quae
2145 3228 2445 3296 aliquando
2486 3226 2832 3297 depromam.
2862 3223 2945 3279 Ad
2976 3223 3326 3278 Theodorum
3352 3231 3412 3276 ut
3443 3237 3626 3278 rever-

324 3319 437 3376 tar,
467 3328 750 3384 nunquam
782 3318 1005 3388 quidem
1037 3319 1162 3388 ejus
1197 3335 1430 3389 prorsus
1463 3321 1754 3376 immemor
1789 3320 1890 3383 fui,
1923 3321 2016 3376 sed
2051 3337 2179 3376 cum
2214 3322 2458 3376 viderem
2491 3319 2793 3391 quotannis
2824 3316 2938 3372 fere
2981 3332 3126 3371 nova
3158 3316 3280 3387 ejus
3313 3317 3619 3387 fragmenta

321 3421 392 3461 ex
432 3407 677 3463 tenebris
716 3407 784 3463 ad
817 3411 994 3464 lucem
1027 3412 1300 3481 protrahi,
1333 3413 1508 3467 satius
1542 3413 1704 3467 habui
1739 3413 2210 3483 opportunitatem
2253 3411 2562 3468 disserendi
2597 3409 2864 3480 opperiri.
2907 3407 3066 3463 Nunc
3092 3424 3224 3463 vero
3255 3419 3470 3478 tempus
3501 3423 3625 3465 esse

321 3499 565 3564 credidi,
597 3509 658 3556 ut
693 3503 932 3572 primum
969 3506 1154 3560 omnia
1183 3505 1305 3576 ejus
1341 3503 1672 3577 fragmenta,
1707 3522 1831 3576 quae
1862 3507 2155 3577 hucusque
2179 3504 2460 3576 publicata
2488 3510 2638 3564 sunt,
2668 3504 2721 3557 in
2751 3517 2922 3556 unum
2955 3501 3284 3572 colligamus
3318 3509 3372 3557 et
3400 3501 3622 3572 digera-

318 3611 473 3678 rnus.
502 3595 628 3653 Haec
657 3600 806 3654 enim
839 3608 1209 3672 praeterquam
1237 3603 1385 3674 quod
1416 3602 1821 3659 diversissimis
1852 3604 1908 3658 in
1942 3603 2125 3672 libris,
2153 3617 2389 3674 quorum
2420 3601 2603 3658 aditus
2628 3617 2739 3656 non
2778 3600 2968 3655 multis
3014 3609 3162 3670 patet
3191 3601 3473 3671 leguntur,
3503 3599 3620 3654 fieri

320 3692 404 3745 ita
444 3692 666 3760 poterit,
698 3703 759 3747 ut
788 3704 843 3749 et
876 3697 1203 3754 adulterinis
1233 3698 1471 3769 genuina
1505 3697 1726 3754 facilius
1772 3699 2159 3756 discernamus
2192 3705 2249 3755 et
2295 3712 2423 3753 cum
2463 3711 2573 3751 uno
2600 3697 2757 3766 quasi
2799 3701 2994 3748 tenore
3025 3695 3213 3747 animo
3246 3707 3308 3748 ea
3342 3691 3604 3764 persequi

319 3786 610 3852 possimus
633 3787 814 3856 qualis
845 3786 1174 3845 Theodorus
1194 3790 1426 3860 ejusque
1453 3807 1608 3846 mens
1645 3791 1811 3846 fuerit
1847 3793 2164 3848 accuratius
2199 3790 2544 3862 indagemus.
2565 3787 2804 3845 Omnino
2827 3787 2975 3858 quod
3007 3787 3332 3857 praeteriens
3359 3799 3596 3840 moneo:

315 3893 432 3932 non
459 3891 583 3932 eam
621 3879 912 3951 hucusque
952 3898 1116 3952 quam
1150 3884 1398 3954 Oportuit
1431 3884 1534 3940 viri
1567 3884 1712 3939 docti
1747 3884 1802 3939 in
1831 3899 2022 3939 eorum
2064 3885 2402 3956 scriptorum
2441 3883 2973 3948 ecclesiasticorum,
3007 3897 3245 3950 quorum
3274 3881 3396 3937 libri
3427 3879 3609 3936 maxi-

316 3987 469 4025 mam
506 3982 718 4042 partem
747 3977 1054 4046 perierunt,
1101 3978 1433 4051 fragmentis
1475 3980 1802 4052 colligendis
1843 3996 2069 4051 operam
2113 3982 2528 4052 impenderunt.
2559 3979 2660 4036 Cui
2694 3981 2772 4036 rei
2811 3981 2858 4036 si
2899 3980 3078 4051 magis
3111 3977 3451 4042 vacaverint,
3483 3976 3617 4032 mihi

314 4069 532 4125 credite
563 4073 752 4142 plures
778 4089 970 4129 eorum
1000 4077 1158 4147 quasi
1187 4093 1252 4133 ex
1274 4079 1507 4134 mortuis
1538 4078 2048 4141 resuscitalmntur,
2076 4093 2255 4150 neque
2283 4079 2462 4134 solum
2499 4078 2731 4135 historia
2757 4076 3048 4142 litteraria,
3074 4091 3263 4132 verum
3301 4074 3420 4146 ipsa
3449 4072 3616 4130 etiam

314 4160 558 4218 historia
583 4166 962 4223 ecclesiastica
995 4183 1247 4240 magnam
1284 4170 1413 4225 inde
1448 4171 1718 4242 percipiet
1753 4172 2077 4226 utilitatem.

389 4251 508 4308 Hoc
541 4255 710 4325 igitur
738 4257 879 4314 libro
928 4257 1206 4315 Theodori
1256 4263 1785 4318 commentariorum
1829 4263 1882 4317 in
1927 4262 2136 4317 Novum
2178 4263 2600 4319 Testamentum
2650 4263 2916 4332 reliquias
2967 4260 3360 4332 comprehendi
3403 4267 3614 4315 etcum

308 4344 364 4402 J.
390 4346 456 4404 C.
490 4341 731 4408 Orellius
752 4395 766 4418 ,
800 4354 1011 4425 collega
1041 4363 1097 4412 et
1138 4358 1352 4413 amicus
1385 4359 1679 4429 egregius,
1711 4365 2038 4429 potestatem
2076 4359 2212 4412 mihi
2249 4358 2472 4414 fecisset
2502 4356 2672 4412 indici
2706 4357 3004 4411 lectionum
3041 4371 3135 4424 per
3171 4365 3438 4410 semestre
3467 4355 3614 4424 quod

307 4439 492 4497 instat
528 4443 826 4501 hibernum
883 4447 939 4503 in
986 4458 1180 4505 nostra
1222 4451 1508 4506 academia
1561 4451 1944 4507 habendarum
1996 4451 2366 4522 praeludendi,
2395 4450 2501 4505 hac
2543 4449 2840 4505 occasione
2880 4463 3015 4502 usus
3056 4462 3177 4500 sum
3227 4445 3502 4499 Theodori
3543 4445 3612 4500 De

312 4529 708 4591 Incarnatione
732 4536 863 4591 Filii
893 4537 993 4592 Dei
1028 4539 1294 4596 librorum
1335 4556 1458 4612 quae
1497 4549 1804 4612 supersunt
1849 4541 2080 4598 collecta
2111 4551 2166 4598 et
2197 4542 2490 4598 emendata
2519 4541 2805 4606 exhibere,
2851 4540 2946 4610 qui
2992 4538 3216 4594 libellus
3243 4535 3431 4591 Turici
3464 4538 3610 4607 typis

307 4620 509 4680 Orellii
562 4625 807 4684 Fusslini
842 4637 898 4684 ct
940 4631 1220 4687 sociorum
1255 4634 1290 4688 Δ
1322 4634 1630 4706 impressus
1658 4629 1934 4701 est.'Quaa
1967 4643 2182 4690 restant
2225 4634 2502 4690 Theodori
2542 4632 2853 4704 fragmenta
2890 4629 3206 4702 dogmatica
3258 4637 3314 4685 et
3344 4629 3400 4683 in
3437 4626 3608 4684 Vetus

306 4721 732 4780 Testamentum
773 4729 1052 4798 exegetica
1076 4737 1192 4785 tum
1220 4732 1379 4787 edam
1410 4748 1536 4787 cum
1557 4733 1663 4788 hoc
1692 4733 1940 4787 virorum
1972 4732 2264 4788 doctorum
2299 4733 2572 4788 interesse
2601 4743 2947 4798 cognovero.

383 4816 464 4872 De
494 4817 662 4886 hujus
706 4818 833 4874 libri
858 4819 1114 4876 instituto
1145 4823 1338 4892 paucis
1366 4823 1592 4896 defungi
1633 4823 1783 4878 licet.
1821 4822 1958 4876 Nam
2001 4839 2126 4878 cum
2170 4838 2280 4878 non
2319 4822 2372 4876 id
2409 4837 2632 4892 agerem
2656 4860 2672 4884 ,
2711 4826 2772 4874 ut
2813 4816 3168 4872 Theodorum
3237 4815 3608 4886 explicarem,

301 4907 406 4966 sed
441 4916 503 4963 ut
528 4910 653 4980 ejus
691 4911 860 4966 verba
900 4913 1192 4974 emendata
1243 4914 1560 4971 exhiberem
1586 4954 1600 4978 ,
1647 4929 1777 4968 raro
1832 4921 1996 4969 notas
2047 4913 2266 4981 subjeci
2307 4921 2365 4967 et
2403 4911 2517 4993 fere
2554 4911 2726 4966 verbo
2767 4917 2986 4963 tantum
3029 4905 3342 4976 significavi
3386 4905 3431 4960 si
3474 4903 3606 4974 quid

300 5001 429 5055 sive
459 5015 555 5070 per
587 5001 794 5071 lingua:
811 5000 938 5056 sive
974 5017 1070 5071 per
1111 5002 1251 5060 alias
1293 5003 1540 5059 rationes
1570 5003 1818 5058 notabile
1849 5003 1981 5058 mihi
2019 5018 2143 5058 esse
2194 5003 2500 5057 videretur.
2543 5002 2603 5056 In
2641 5007 2795 5055 textu
2843 4996 3195 5054 emendando
3231 5012 3342 5051 non
3376 4997 3606 5050 audacia

251 5135 254 5137 Α
298 5103 360 5148 et
400 5093 454 5148 vi
493 5103 787 5162 grassatus
824 5109 984 5159 sum,
1024 5094 1121 5150 sed
1154 5111 1319 5165 quam
1361 5096 1478 5151 ﬁeri
1502 5098 1683 5166 potuit
1719 5097 1958 5152 maxime
1985 5096 2196 5152 codicis
2222 5096 2451 5167 vestigia
2486 5094 2616 5167 legi.
2662 5091 2793 5148 Scio
2834 5099 3159 5147 catenarum
3209 5097 3426 5143 textum
3486 5089 3602 5158 plc-

299 5200 552 5254 rumque
580 5186 880 5240 admodum
914 5202 1039 5242 esse
1088 5187 1343 5242 vitiatum
1380 5195 1434 5243 et
1464 5197 1788 5258 corruptum
1811 5228 1826 5254 ,
1873 5189 1977 5242 alia
2007 5205 2130 5244 esse
2162 5188 2406 5255 omissa,
2474 5187 2657 5240 alieno
2693 5186 2814 5239 loco
2849 5186 3028 5254 posita
3067 5185 3206 5246 alia,
3234 5181 3473 5248 denique
3537 5181 3603 5232 li-

300 5287 502 5335 center
531 5283 712 5351 egisse
753 5294 1048 5350 auctores;
1079 5292 1460 5359 verumtameu
1491 5286 1536 5340 si
1563 5287 1689 5355 quis
1721 5286 1825 5340 hac
1860 5302 1918 5340 re
1952 5287 2108 5342 nisus
2151 5286 2326 5341 libros
2357 5285 2602 5355 scriptos
2637 5285 2822 5338 minus
2859 5280 3165 5345 curaverit,
3201 5278 3248 5332 is
3296 5287 3354 5330 ut
3415 5277 3592 5330 multa

300 5367 604 5439 ingeniose
627 5413 643 5437 ,
681 5372 749 5425 ad
783 5373 1077 5427 veritatem
1115 5390 1286 5445 pauca
1321 5374 1647 5445 diSputabit.
1692 5374 1799 5430 Sed
1833 5373 1982 5430 haud
2019 5391 2147 5431 raro
2174 5377 2278 5431 levi
2307 5375 2617 5430 mutatione
2639 5371 3107 5445 interpunctionis
3141 5369 3226 5424 vel
3263 5374 3598 5423 accentuum

298 5463 566 5534 genuina:
605 5464 876 5524 leetioncs
917 5469 1139 5524 restitui
1183 5478 1462 5538 poterant.

300 5595 3592 5624 οσσοοοοοοοοοοοοοσοοισι-σο.....ο-σοιοοοοοοοο-οοο’⁸⁸⁸⁵⁸³⁸

367 5650 679 5724 Reliquum
707 5665 793 5710 est
815 5695 831 5720 ,
871 5664 930 5710 ut
962 5659 1326 5728 quaestionem
1363 5659 1736 5730 perdifﬁcilem
1787 5661 1855 5717 de
1881 5661 2173 5733 Theodoro
2209 5657 2482 5716 monacho
2519 5657 2714 5730 paucis
2747 5655 3037 5730 attingam.
3073 5653 3262 5712 Codex
3311 5649 3571 5707 'Crameri

378 5831 458 5904 (i)
485 5833 678 5890 Exstat
713 5833 872 5893 initio
897 5833 1063 5899 huius
1084 5835 1406 5915 voluminis,

4135 4453 4137 4488 1

4133 4491 4137 4542 1

4135 4549 4137 4606 1

4135 4635 4137 4650 ι

4135 4665 4137 4698 1

4131 4857 4137 5110 1

4135 5117 4137 5158 1

4131 5161 4137 5208 1

4126 5211 4137 5290 ’1

4135 5291 4137 5316 Ι

4135 5343 4137 5360 Ι

4135 5361 4137 5384 1

4135 5389 4137 5404 |

4135 5547 4137 5608 1

4133 5613 4137 5650 1

4135 5653 4137 5712 1

4135 5753 4137 5776 1

4135 5783 4137 5807 1
