4162 6500
557 340 666 398 765
1758 332 2110 392 THEODOBI
2147 335 2632 396 MOPSUESTENI
3736 340 3844 399 τοι

560 462 898 520 Bodleianns
923 475 1049 516 cum
1080 468 1332 516 catenam
1373 458 1428 514 ln
1461 456 1771 530 Epistulam
1802 455 1873 511 ad
1907 453 2190 514 Romanos
2222 459 2607 516 tantummodo
2643 475 2819 533 usque
2877 461 2946 518 ad
3013 467 3180 532 caput
3236 474 3444 516 nonum
3497 458 3838 526 contineret,

556 557 793 612 Cramer
821 571 851 609 e
884 555 1077 610 codice
1107 553 1424 610 Munacensi
1449 593 1465 620 ,
1493 554 1558 607 de
1587 567 1699 623 quo
1733 565 1786 608 ν.
1825 551 2041 609 Reiser.
2089 553 2271 608 Catal.
2308 553 2535 626 theoloq.
2561 595 2574 618 ,
2614 570 2670 626 p.
2707 556 2740 611 9
2765 596 2780 621 ,
2829 555 3277 626 supplementum
3318 555 3460 609 satis
3491 553 3738 623 amplum
3780 568 3838 623 p.

563 646 666 700 165
697 661 774 701 ss.
811 646 1031 716 adjecit.
1071 644 1122 700 ls
1155 646 1330 701 codex
1363 645 1586 701 XXXIX
1619 644 1928 716 fragmenta
1963 645 2258 702 Theodoro
2288 650 2562 702 monacho
2597 649 2891 704 adscribit.
2940 647 3148 703 Horum
3183 647 3451 712 sedecim,
3485 645 3628 700 adde
3665 660 3844 698 unum

558 737 910 794 Theodoreto
943 739 1213 793 tributum
1240 781 1255 804 ,
1311 738 1416 793 fide
1454 739 1711 794 codicum
1765 737 2047 793 Bodleiani
2079 748 2135 794 et
2167 738 2451 806 Vaticani,
2491 756 2658 812 quam
2692 743 2832 797 male
2867 741 3157 798 addubites
3179 782 3193 803 .
3245 739 3621 811 Mopsuesteni
3672 746 3840 803 sunt,

557 834 670 880 duo
703 827 1038 884 Theodoreti
1077 847 1167 900 pp.
1198 830 1338 895 416,
1368 831 1500 898 469;
1545 847 1596 886 v.
1625 831 1698 900 ej.
1730 830 1832 900 Op.
1866 832 1956 886 ed.
2001 831 2149 893 llal..
2184 833 2274 898 Ill,
2312 849 2404 904 pp.
2446 834 2572 898 123,
2608 834 2733 899 159,
2772 846 3017 905 quatuor
3051 851 3102 889 c.
3131 833 3343 889 Bodlei.
3377 832 3620 887 Diodoro
3661 831 3844 900 assig-

571 932 726 984 nant,
770 938 858 993 pp.
903 923 1024 986 188,
1061 926 1182 988 199,
1225 924 1354 989 226,
1384 927 1530 992 ’252;
1564 924 1638 980 cf.
1673 941 1766 995 pp.
1799 927 1923 986 105.
1962 927 2087 992 114,
2126 926 2254 994 1Ξ8,
2291 928 2393 983 HO
2422 937 2477 983 et

2291 928 2393 983 HO
2422 937 2477 983 et
2505 944 2676 983 unum
2724 945 2779 1001 p.
2813 929 2921 983 212
2945 929 3207 983 convenit
3247 942 3311 982 ex
3368 934 3520 996 parte
3551 939 3678 979 cum
3729 923 3845 977 fra-

561 1019 806 1083 ginentis
843 1017 898 1071 in
934 1034 986 1072 c.
1025 1017 1183 1074 Bodl.
1227 1037 1277 1090 p.
1324 1023 1427 1075 119
1469 1039 1516 1076 s.
1550 1021 1792 1078 Diodoro
1819 1024 2065 1087 tributis,
2115 1023 2192 1077 ita
2235 1038 2370 1078 vero
2407 1032 2466 1078 ut
2497 1032 2816 1080 catenarum
2851 1032 3109 1079 auctores
3135 1022 3326 1078 eodem
3372 1021 3520 1076 fonte
3553 1034 3686 1075 usos
3719 1033 3848 1074 esse

563 1116 851 1176 appareat.
887 1110 1040 1165 Addo
1073 1113 1223 1181 quod
1253 1113 1396 1169 idem
1428 1114 1604 1170 codex
1643 1131 1696 1187 p.
1733 1116 1841 1171 £23
1863 1131 1909 1171 s.
1947 1115 2222 1170 Diodorea
2255 1116 2418 1179 dicit,
2449 1133 2569 1186 qua:
2602 1133 2692 1189 pp.
2728 1115 2868 1178 2l9,
2901 1116 3032 1178 220.
3097 1115 3398 1172 Severiano
3461 1125 3515 1168 et
3548 1111 3846 1166 'l'heodoro

571 1199 993 1259 adscribuntur.
1026 1204 1259 1261 Restant
1317 1207 1560 1264 sedecim
1601 1208 1911 1279 fragmenta
1941 1226 2033 1280 pp.
2065 1209 2166 1264 l83
2187 1249 2204 1276 ,
2240 1210 2349 1264 260
2375 1249 2390 1274 ,
2416 1210 2486 1265 26

2265 1210 2349 1264 160
2375 1249 2390 1274 ,
2416 1210 2523 1265 263
2545 1251 2558 1272 ,
2593 1211 2726 1276 265,
2763 1211 2889 1276 32!,
2915 1211 3042 1272 328,
3068 1211 3196 1273 581,
3227 1209 3354 1269 587,
3385 1207 3513 1270 392,
3544 1206 3652 1262 395
3670 1245 3685 1268 ,
3711 1203 3844 1269 397,

566 1291 672 1348 401
693 1337 706 1358 ,
740 1296 847 1349 414
871 1337 885 1360 ,
911 1297 1023 1351 417
1048 1340 1062 1364 ,
1101 1301 1237 1364 477,
1270 1301 1374 1357 508
1396 1341 1410 1364 ,
1434 1317 1556 1371 quae
1587 1303 1719 1373 quin
1751 1303 2030 1359 Theodori
2068 1312 2163 1358 aut
2196 1304 2476 1369 monachi,

2265 1304 2476 1369 machi,
2507 1312 2603 1358 aut
2635 1302 3008 1374 Mopsuesteni
3035 1344 3050 1367 ,
3082 1310 3177 1359 aut
3211 1300 3432 1360 Diodori
3457 1298 3571 1354 sint
3600 1312 3712 1352 non
3755 1303 3848 1350 est

566 1387 712 1454 quod
747 1389 988 1446 dubites.
1030 1392 1177 1447 Idem
1212 1395 1356 1448 valet
1381 1393 1448 1449 de
1477 1404 1604 1450 octo
1631 1397 1862 1451 scholiis
1901 1412 2025 1466 quae
2057 1396 2351 1453 Theodoro
2409 1397 2765 1462 tribuuntur,
2796 1412 2847 1451 v.
2887 1413 2942 1468 p.
2980 1397 3107 1452 358.
3169 1393 3321 1464 (Haec
3380 1393 3449 1446 iis
3508 1393 3847 1460 repugnant,

567 1497 690 1551 quae
718 1484 784 1537 ad
814 1486 1062 1541 eumdem
1093 1488 1128 1543 I.
1168 1488 1201 1541 9
1225 1533 1239 1554 ,
1260 1490 1332 1544 25
1356 1506 1406 1544 c.
1441 1488 1623 1546 Vatic.
1653 1489 2008 1548 Theodorum
2035 1491 2212 1563 Maps.
2243 1492 2621 1563 disputantem
2652 1492 2787 1548 facit
2817 1508 2870 1547 ν.
2903 1490 3050 1546 infra
3088 1505 3143 1562 p.
3173 1489 3242 1543 3'5
3273 1491 3346 1554 s.)
3371 1486 3508 1550 359,
3535 1484 3635 1539 Ml
3664 1523 3678 1548 ,
3711 1479 3844 1546 481,

569 1572 673 1628 509
699 1613 713 1636 ,
745 1573 850 1628 5l6
871 1615 886 1641 ,
911 1577 1016 1633 5l8
1039 1620 1052 1644 ,
1082 1578 1205 1633 526.
1240 1580 1376 1647 Quis
1403 1581 1600 1635 horum
1631 1582 1746 1636 haec
1796 1583 2087 1652 scripserit
2124 1598 2190 1638 ex
2231 1582 2416 1639 indole
2452 1582 2887 1654 fragmentorum
2919 1596 3064 1650 aegre
3121 1579 3352 1643 eflicias,
3387 1590 3514 1631 cum
3575 1573 3630 1628 hi
3663 1573 3846 1627 inter-

568 1674 754 1734 pretes
782 1669 926 1724 inter
947 1687 1006 1726 se
1041 1671 1338 1727 admodum
1371 1675 1580 1731 similes
1603 1673 1829 1730 fuerint.
1856 1673 1988 1742 Quae
2017 1691 2142 1730 cum
2172 1675 2248 1730 ita
2305 1677 2418 1731 sint
2454 1685 2662 1732 temere
2690 1676 2873 1746 egisse
2922 1673 3058 1728 mihi
3091 1671 3309 1727 viderer
3340 1670 3385 1726 si
3440 1669 3556 1723 haec
3607 1666 3664 1720 in
3696 1665 3848 1719 hunc

571 1760 771 1816 librum
801 1765 1154 1834 recepissem,
1196 1769 1308 1824 imo
1347 1777 1778 1844 exspectandum
1822 1778 2174 1842 existimavi,
2211 1778 2389 1834 donec
2427 1777 2682 1833 codicum
2733 1775 2868 1832 fides
2917 1775 3069 1829 hunc
3129 1772 3338 1828 nodum
3393 1766 3703 1838 expediret.
3772 1766 3847 1818 At

567 1869 700 1908 vero
746 1866 958 1925 quierat
987 1861 1261 1930 quispiam
1303 1865 1428 1936 quis
1464 1866 1630 1924 fuerit
1675 1871 1767 1928 ille
1796 1870 2123 1928 Theodorus
2156 1871 2318 1926 modo
2346 1873 2650 1929 monachus
2693 1879 2748 1928 et
2781 1871 3084 1942 presbyter,
3121 1867 3282 1921 modo
3316 1853 3644 1923 monachus,
3677 1855 3848 1914 modo

567 1952 856 2022 presbyter
891 1953 1094 2022 dictus,
1126 1959 1220 2028 qui
1251 1959 1305 2014 in
1335 1963 1545 2019 catenis
1575 1981 1720 2036 saepe
1749 1977 2108 2023 memoratur.
2143 1967 2223 2022 Ad
2253 1984 2416 2039 quam
2447 1970 2810 2039 quastionem
2841 1982 2910 2021 ne
2939 1979 3089 2021 nunc
3115 1963 3338 2034 quidem
3369 1961 3449 2030 (ν.
3485 1959 3846 2013 commentat.

567 2047 776 2118 meam)
808 2049 982 2106 habeo
1003 2055 1148 2122 quod
1180 2057 1566 2125 respondeam.
1586 2061 1782 2117 Plures
1802 2064 1952 2120 viros
1979 2062 2050 2117 ita
2082 2064 2384 2134 appellatos
2413 2063 2585 2120 fuisse
2614 2065 2844 2129 scimus,
2874 2078 2929 2118 ν.
2951 2058 3190 2114 Fabricii
3213 2056 3349 2110 Bibl.
3377 2053 3494 2117 Gn,
3527 2049 3622 2105 sed
3644 2047 3846 2103 horum

566 2154 896 2211 quemquam
921 2143 1218 2216 Scriptura:
1245 2163 1426 2204 sacrae
1446 2149 1801 2222 interpretem
1835 2156 2106 2210 claruisse
2133 2156 2410 2210 memoriae
2437 2171 2546 2210 non
2579 2165 2664 2211 est
2694 2156 2994 2225 proditum.
3026 2149 3231 2208 Deinde
3256 2165 3321 2204 ex
3353 2143 3675 2218 fragmentis
3709 2140 3854 2211 ipsis

567 2236 856 2309 hucusque
887 2239 1175 2311 impressis
1206 2259 1276 2299 ne
1316 2247 1633 2316 conjectura
1668 2249 1886 2319 quidem
1916 2251 2255 2320 assequaris,
2307 2251 2488 2322 qualis
2529 2250 2694 2304 fuerit
2741 2259 2795 2304 et
2832 2264 2940 2319 quo
2977 2255 3221 2317 tempore
3258 2241 3477 2297 vixerit.
3517 2239 3849 2307 Quanquam

565 2329 812 2386 virorum
844 2333 1011 2403 hujus
1039 2337 1300 2402 nominis,
1329 2338 1383 2393 in
1415 2357 1553 2411 quos
1585 2343 1772 2410 incidi,
1807 2343 1896 2398 hic
1927 2358 2070 2398 unus
2098 2345 2478 2399 tantummodo
2501 2343 2716 2398 videtur
2745 2343 2799 2397 in
2831 2356 3058 2397 censum
3091 2337 3280 2394 venire
3305 2350 3488 2408 posse,
3520 2329 3856 2387 Theodorus

561 2423 994 2495 Alexandrinus,
1037 2433 1364 2499 monachus,
1413 2438 1506 2506 qui
1541 2436 1853 2495 Severianis
1887 2448 2006 2496 erat
2054 2439 2330 2497 addictus.
2366 2440 2575 2496 Claruit
2612 2441 2716 2495 sub
2747 2439 2933 2495 smculi
2975 2437 3116 2492 sexti
3158 2435 3331 2491 initio.
3368 2431 3513 2486 Dixit
3549 2431 3618 2485 de
3650 2443 3716 2484 eo
3741 2424 3852 2480 Fa-

565 2517 732 2573 cund.
771 2518 827 2585 2,
861 2521 940 2585 5.,
972 2523 1094 2592 ejus
1118 2525 1287 2583 libros
1313 2536 1505 2584 contra
1542 2529 1908 2588 Themistium
1939 2534 2269 2598 memoravit
2299 2533 2530 2590 Pbotius
2561 2533 2698 2588 Bibl.
2727 2548 2778 2588 c.
2805 2532 2944 2600 108;
2979 2531 3205 2586 omnino
3237 2545 3288 2583 ν.
3315 2524 3554 2581 Fabricii
3585 2521 3725 2576 Bibl.
3747 2519 3849 2575 Gr.

565 2611 654 2669 ed.
679 2613 829 2672 llarl.
857 2617 1038 2691 X,pp.
1065 2621 1190 2689 372,
1223 2623 1343 2680 7|0.
1366 2626 1443 2683 Ne
1475 2628 1667 2698 plura;
1704 2631 2017 2702 disquirant
2044 2632 2138 2687 alii
2165 2647 2253 2687 me
2279 2632 2558 2690 doctiores
2584 2631 2651 2685 dc
2681 2630 2802 2685 viro
2833 2629 2949 2692 illo,
2984 2628 3080 2698 qui
3109 2626 3230 2681 sine
3263 2625 3376 2679 ulla
3407 2619 3751 2676 dubitatione
3777 2615 3856 2672 de

565 2705 980 2794 interpretanda
1019 2710 1305 2786 Scriptura
1334 2734 1493 2776 sacra
1523 2721 1663 2778 bene
1694 2724 1914 2779 meruit.
1943 2722 2271 2795 Fragmenta
2307 2725 2428 2793 ejus
2472 2724 2731 2795 leguntur
2765 2723 2819 2777 in
2866 2722 3076 2776 catenis
3111 2719 3165 2774 in
3207 2715 3520 2771 Matlhaaum
3551 2727 3579 2765 a
3612 2710 3854 2765 Ροεείηο

563 2806 621 2849 ct
659 2797 921 2856 Cramero
954 2806 1142 2872 editis,
1175 2811 1263 2864 illa
1292 2813 1534 2867 continet
1567 2814 1670 2868 tria
1702 2813 1744 2870 I.
1770 2831 1861 2886 pp.
1881 2816 1971 2880 35,
1993 2816 2240 2884 63,2”;
2274 2817 2390 2871 hinc
2413 2833 2486 2886 fl“

2274 2817 2390 2871 haec
2413 2815 2732 2886 quindecim
2773 2829 2863 2884 pp.
2895 2813 2986 2878 15,
3015 2811 3107 2875 55,
3137 2809 3228 2874 54,
3257 2807 3346 2874 37,
3379 2806 3470 2868 39,
3500 2803 3592 2867 48,
3624 2800 3716 2862 51,
3751 2797 3846 2863 56,

569 2886 658 2952 75.
691 2889 781 2952 78.
815 2891 901 2959 79,
933 2895 1024 2963 87,
1054 2897 1146 2962 88,
1190 2900 1310 2961 125.
1357 2904 1484 2958 243.
1534 2904 1780 2976 Denique
1809 2908 1933 2963 cod.
1963 2906 2132 2964 Coisl.
2165 2916 2376 2964 catena:
2421 2908 2477 2962 in
2510 2907 2645 2963 Acta
2685 2905 3064 2977 apostolorum
3099 2918 3128 2957 a
3167 2899 3219 2956 .l.
3249 2900 3312 2954 A.
3343 2899 3607 2954 Cramero
3647 2890 3854 2949 Oxonii

566 2981 710 3072 1858
742 2983 902 3040 editae
930 2987 1041 3044 duo
1072 2989 1374 3062 fragmenta
1401 2997 1592 3052 tribuit
1623 2996 1914 3054 Theodoro
1937 3000 2208 3056 monacho
2227 3008 2283 3057 et
2314 3000 2635 3072 presbytero
2655 3015 2744 3070 pp.
2761 2999 2851 3055 33.
2871 2997 3000 3061 227,
3031 2996 3102 3051 cl.
3129 3009 3221 3066 pp.
3248 2991 3375 3057 427,
3411 2987 3540 3054 458,
3572 3002 3696 3060 qua:
3719 2986 3848 3046 cod.

568 3071 708 3130 Nov.
739 3075 943 3151 Collcg.
976 3079 1269 3141 Theodoro
1299 3087 1596 3161 Ancyrano
1632 3093 1902 3162 assignat.
1931 3091 2045 3148 Hoc
2077 3093 2121 3150 si
2155 3108 2369 3159 verum,
2405 3071 2538 3150 sane
2567 3091 2822 3149 Theodoti
2852 3087 3204 3146 scribendum
3232 3092 3340 3153 est,
3373 3096 3688 3156 quanquam
3711 3078 3855 3136 illud

572 3170 712 3230 mire
744 3174 968 3240 cecidit,
997 3179 1143 3248 quod
1175 3181 1230 3236 in
1269 3184 1446 3240 altero
1469 3187 1660 3243 codice
1691 3196 1925 3260 utroque
1958 3188 2081 3245 loco
2111 3188 2377 3245 Theodori
2405 3190 2540 3246 Anc.
2566 3194 2852 3247 exaratum
2876 3195 2978 3245 est.

683 3304 1000 3366 Scribebam
1033 3311 1216 3372 Turici
1251 3317 1372 3374 Kal.
1405 3319 1716 3393 Septembr.
1753 3339 1805 3380 a.
1833 3322 2277 3383 MDCCCXLVll.

3183 3438 3248 3498 0.
3280 3436 3339 3496 F.
3372 3433 3740 3492 FBITSCHE.

1409 3825 2050 3920 THEODOBI
2171 3829 3021 3923 MOPSUESTENI

1016 4027 1099 4089 1N
1128 4027 1662 4092 EVANGELIUM
1718 4029 2118 4093 MATTHIEI
2151 4028 2722 4095 COMMENTARII
2766 4031 3264 4097 FRAGMENTA
3299 4032 3407 4111 (1).

2187 4225 2262 4242 -ο

651 4394 732 4468 (2)
779 4393 1067 4452 Matthaeus
1119 4395 1344 4466 quidem
1394 4399 1733 4470 evangelista
1790 4409 1917 4470 post
1969 4401 2306 4457 tentationes
2345 4398 2512 4464 dicit,
2561 4395 2709 4470 quod
2753 4393 3083 4452 accedentes
3131 4395 3312 4467 angeli
3355 4395 3754 4454 ministrabant
3797 4399 3846 4454 el

578 4489 797 4562 (Matth.
825 4507 900 4556 tv,
933 4492 1022 4564 11)
1051 4507 1067 4544 :
1101 4491 1315 4548 scilicet
1342 4507 1467 4547 cum
1510 4508 1578 4548 eo
1617 4496 1929 4560 constituti,
1965 4503 2021 4550 et
2065 4502 2433 4565 cooperantes
2457 4531 2474 4558 ,
2529 4503 2586 4548 et
2620 4491 2879 4547 onmibus
2923 4491 3072 4544 circa
3119 4505 3243 4546 eum
3287 4489 3400 4547 Deo
3438 4492 3844 4561 ministrantes,

579 4589 724 4659 quod
760 4590 873 4660 jam
911 4605 1006 4660 per
1030 4590 1337 4646 certamina
1377 4590 1446 4644 ad
1487 4590 1770 4647 diabolum
1805 4599 2070 4647 ostensus
2099 4600 2186 4646 est
2216 4590 2446 4646 clarior.
2481 4587 2588 4644 Sed
2636 4597 2691 4643 et
2729 4586 2874 4657 quod
2915 4600 3152 4656 passuro
3187 4585 3238 4640 ei
3271 4585 3504 4640 aderant
3528 4587 3746 4658 angeli,
3778 4603 3846 4642 ex

578 4680 892 4752 Evangeliis
916 4683 1188 4740 discimus
1222 4703 1236 4739 :
1265 4696 1470 4742 etcum
1509 4687 1834 4752 resurrexit,
1873 4687 1928 4741 in
1969 4693 2330 4740 monumento
2357 4684 2461 4739 visi
2502 4690 2653 4739 sunt.
2694 4680 2800 4737 Per
2822 4683 3008 4737 omnia
3037 4681 3239 4736 etenim
3291 4680 3398 4737 ista
3431 4682 3849 4745 monstrabatur

577 4779 820 4847 dignitas
851 4778 1083 4845 Christi,
1129 4781 1276 4851 quod
1314 4781 1632 4852 inseparate
1679 4783 1730 4837 ei
1774 4782 1952 4852 angeli
1995 4780 2250 4844 aderant,
2284 4786 2341 4834 et
2375 4777 2636 4834 omnibus
2661 4776 2813 4831 circa
2845 4790 2971 4830 eum
3012 4773 3424 4830 ministrabant.
3460 4772 3616 4829 Sicut
3641 4774 3788 4828 enim
3819 4790 3847 4827 a

575 4873 939 4941 peccantibus
993 4886 1358 4945 separantur,
1411 4877 1493 4932 sic
1541 4884 1596 4931 et
1648 4891 1746 4946 per
1793 4875 2050 4928 meritum
2083 4872 2372 4927 honoratis
2401 4867 2758 4926 subveniunt.
2807 4865 3037 4937 Propter
3083 4863 3232 4936 quod
3278 4865 3417 4921 bene
3460 4865 3729 4920 Dominus
3774 4867 3850 4919 ait

578 4967 788 5038 (10am,
822 4987 863 5036 ι,
887 4971 1086 5039 5|,52)
1119 4989 1133 5027 :
1167 4956 1324 5038 Quod
1359 4971 1542 5043 majus
1583 4971 1863 5035 videbitis,
1889 4977 1942 5023 et
1971 4969 2115 5040 quod
2154 4968 2354 5024 cmlum
2403 4965 2679 5037 aperietur
2727 4963 2986 5018 omnibus
3015 4976 3114 5032 per
3147 4974 3236 5015 me
3259 5001 3273 5024 ,
3323 4965 3380 5015 et
3431 4973 3624 5014 omnes
3669 4961 3846 5029 angeli

578 5079 796 5136 semper
847 5081 1061 5122 mecum
1089 5075 1288 5134 erunt,
1324 5081 1476 5121 nunc
1514 5065 1736 5137 quidem
1785 5065 2149 5122 ascendentes
2173 5108 2189 5135 ,
2225 5079 2374 5121 nunc
2411 5075 2543 5117 vero
2571 5059 2972 5116 descendentes
2996 5095 3013 5124 ,
3049 5057 3197 5114 sicut
3241 5057 3307 5113 ad
3348 5056 3717 5114 domesticum
3755 5057 3849 5114 Dei

577 5171 631 5216 et
679 5163 943 5217 amicum.

653 5256 732 5326 (3)
772 5254 908 5310 Nam
957 5252 1190 5308 rationis
1234 5249 1458 5321 quidem
1505 5247 1791 5320 proprium
1835 5256 1951 5316 est,
1983 5249 2248 5306 discretio
2287 5250 2562 5306 bonorum
2605 5259 2659 5306 et
2699 5251 2990 5306 malorum.
3025 5250 3164 5305 Cum
3192 5264 3323 5305 vero
3352 5264 3463 5304 non
3501 5257 3692 5305 essent
3722 5264 3849 5303 con-

653 5434 730 5503 (l)
779 5432 1150 5503 Evangelium
1182 5431 1418 5503 Mattbaai
1450 5429 1788 5503 (Theodorus
1814 5473 1828 5496 ,
1861 5441 1997 5488 teste
2023 5432 2159 5490 Ebe-

582 5501 738 5560 diesn
767 5504 1081 5573 (Asseman.
1125 5502 1268 5573 Bibl.
1301 5501 1398 5556 0r.
1446 5501 1534 5565 lll,
1567 5519 1605 5568 ι,
1640 5517 1692 5571 p.
1723 5503 1837 5573 32),
1870 5521 1980 5559 uno
2012 5516 2160 5560 tomo

584 5575 649 5629 ad
677 5573 881 5647 .lullum
917 5572 1230 5647 exlilicayil.
1319 5639 1363 5647 __
1527 5643 1586 5647 μ
1641 5643 1686 5647 __
2267 5577 2529 5647 volumini
2564 5574 2827 5647 praefixa).
3393 5637 3398 5642 ς

657 5645 734 5714 (2)
769 5641 884 5696 Act.
921 5639 1078 5714 conc.
1108 5641 1296 5714 Qunst.
1319 5639 1384 5714 ll,
1421 5659 1493 5702 tv,
1521 5643 1611 5697 26.
1641 5641 1810 5714 ilansi
1835 5642 1926 5707 IX,
1951 5660 2005 5713 ι).
2034 5645 2160 5700 2H.
2338 5648 2413 5714 (51
2447 5646 2485 5700 Α

2338 5648 2413 5714 (3)
2447 5639 2653 5700 Acth.
2698 5639 2890 5700 Const.
2921 5644 2984 5701 ll.
3019 5663 3092 5708 tv,
3125 5645 3213 5704 :35,
3259 5639 3398 5710 Vitr."
3432 5644 3490 5696 (ἶ.
3534 5642 3622 5706 56,
3654 5641 3736 5714 Ea:
3766 5644 3848 5714 his

585 5711 747 5782 Vigil.
784 5721 966 5784 const.
992 5713 1084 5772 '27,
1111 5712 1282 5769 Illansi
1309 5713 1400 5770 lX.
1436 5731 1486 5783 p.
1519 5714 1608 5768 79.
1646 5713 1893 5781 Ejusdem
1923 5711 1984 5768 de
2009 5717 2144 5768 inter
2267 5711 2382 5784 quin
2412 5726 2530 5769 sunt
2562 5719 2612 5768 in
2647 5716 2735 5769 Er.
2769 5733 2870 5768 sec.
2906 5715 3117 5769 παίω..
3153 5718 3202 5768 in
3232 5715 3416 5784 quibus
3445 5715 3616 5765 dixit:
3653 5732 3669 5763 ι
3694 5713 3856 5781 ρηοά

585 5781 875 5867 pretationc
924 5781 1188 5868 Evangelii
1241 5784 1260 5856 [
1295 5781 1447 5838 νου(
1474 5784 1509 5840 Ι.
1569 5785 1850 5839 scamdum
1901 5784 2160 5841 Jomutem
2274 5781 2409 5843 Deus
2445 5789 2635 5841 crearit
2672 5789 2961 5851 contraria,
2994 5789 3030 5842 ἱ.
3059 5805 3102 5839 ί’.
3138 5781 3270 5839 bam}:
3299 5795 3344 5838 et
3382 5787 3541 5839 nmio.
3584 5803 3601 5833 ι

2266 5435 2574 5507 Evangelii]
2602 5436 2738 5507 libro
2763 5437 2934 5505 primo
2953 5451 2974 5491 .°
2997 5435 3090 5490 sed
3120 5452 3171 5507 v_.
3199 5431 3440 5507 quaetlixi
3467 5433 3847 5507 inﬁrmarent.

2265 5507 2333 5562 de
2375 5503 2646 5562 Theodori
2689 5503 2911 5576 MQvita
2955 5515 3009 5560 et
3055 5505 3296 5576 scriptis.
3343 5503 3465 5558 llal.
3509 5503 3648 5558 1856
3693 5503 3849 5570 (huic

3881 5172 3899 5227 ς
