4162 6492
1362 408 1430 473 ΙΝ
1474 406 1932 474 EVANGELIUM

258 418 369 483 705

1972 412 2335 471 MATTIMLI.
3079 406 3088 413 “
3446 406 3551 469 706

262 544 458 604 traria,
486 554 597 595 non
634 546 754 595 erat
784 538 835 593 ei
872 535 1143 611 possibile
1175 535 1388 607 aliquid
1418 536 1760 592 discernere.
1795 533 2041 589 Primum
2077 532 2247 604 igitur
2278 531 2334 586 in
2368 531 2453 587 his
2480 546 2604 603 qua:
2630 539 2817 587 creata
2854 541 3015 599 sunt,
3054 546 3306 606 magnam
3332 543 3553 591 contra-

260 638 518 693 rietatem
558 634 707 691 fecit.

338 728 418 797 (1)
456 726 732 793 Quoniam
766 730 952 779 autem
986 737 1101 777 non
1131 718 1384 776 obaudiit
1419 718 1618 786 Adam,
1647 717 1848 774 deinde
1877 718 2137 776 subditus
2171 729 2257 776 est
2287 722 2451 778 morti
2484 739 2497 776 :
2530 732 2579 775 et
2617 722 2827 776 factum
2858 730 2943 777 est
2983 723 3085 778 hoc
3117 733 3338 795 propter
3365 725 3556 783 inobe-

258 818 556 886 dientiam,
590 817 741 890 quod
774 827 829 873 et
854 817 998 872 citra
1024 811 1454 869 inobedieutiam
1486 818 1718 882 propter
1745 811 2040 867 utilitatem
2074 824 2320 867 nostram
2354 827 2387 866 a
2431 811 2699 869 Creatore
2745 813 2953 869 factum
2997 825 3109 881 est,
3145 816 3323 872 edocti
3357 834 3553 878 sumus

256 927 459 968 omnes
492 918 805 983 peccatum.

918 998 1077 1054 ΚΕΦ.
1120 997 1203 1050 A'.

210 1092 222 1169 ξ
335 1095 484 1164 Στίχ.
520 1099 609 1166 ιη’.
647 1121 717 1132 —
742 1090 817 1144 Τὸ
843 1088 1070 1161 Πνεῦμα
1106 1087 1182 1159 (2)
1210 1085 1272 1141 τὸ
1301 1086 1456 1155 ἅγιον
1485 1084 1585 1156 μία
1620 1082 1706 1147 τίς
1738 1084 1856 1138 ἔστι

263 1189 362 1261 τῆς
403 1182 639 1261 Τριᾶδος
666 1184 983 1249 ὑπόστασις,
1019 1182 1113 1236 καὶ
1135 1180 1259 1234 οῦτε
1287 1179 1478 1250 Πατὴρ
1506 1176 1854 1249 ὀνομάζεται,

253 1282 388 1336 οὗτε
415 1280 566 1344 Υἱὸς,
602 1275 717 1332 ἀλλ’
748 1274 1025 1348 ἐξαίρετόν
1048 1290 1101 1327 τι
1123 1273 1293 1343 ὄνομα
1322 1270 1457 1342 ἔχει.
1488 1270 1551 1323 τὸ
1573 1268 1856 1323 καλεῖσθαι

254 1373 495 1442 Πνεῦμα
524 1371 701 1440 ἅγιον,
737 1368 812 1433 ὥς
847 1384 1013 1438 φησιν
1048 1368 1076 1419 ό
1111 1364 1301 1436 Σωτὴρ
1332 1362 1470 1432 πρὸς
1502 1362 1630 1425 τοὺς
1660 1359 1856 1415 ἑαυτοῦ

258 1465 553 1538 μαθητάς·
618 1460 1019 1530 Πορευθέντες
1062 1457 1481 1526 μαθητεύσατε
1536 1454 1733 1506 πάντα
1785 1452 1860 1506 τὰ

252 1560 437 1627 ἔθνη,
461 1551 857 1623 ,ϐαπτίζοντες
888 1548 1111 1616 αὐτοὺς
1152 1550 1239 1614 είς
1271 1545 1339 1600 τό
1374 1546 1563 1615 ὄνομα
1594 1543 1701 1598 τοῦ
1739 1544 1861 1598 [1a-

250 1650 407 1721 πρὸς
457 1648 554 1702 καί
607 1645 714 1700 τοῦ
776 1642 915 1697 Υίοῦ
954 1640 1052 1695 καί
1100 1637 1206 1692 τοῦ
1257 1636 1429 1705 ἁγίου
1486 1635 1856 1703 Πνεύματος.

259 1745 481 1813 Ὠσπερ
528 1738 639 1810 γὰρ
685 1735 943 1791 κοινωνόν
1009 1736 1127 1786 ἐστι
1164 1727 1337 1799 Πατρί
1370 1744 1429 1781 τε
1481 1727 1577 1780 καὶ
1620 1724 1737 1797 Υίῷ
1777 1726 1860 1790 είς

1887 1003 1937 1061 Α

261 1835 364 1906 τὴν
389 1832 484 1887 τοῦ
510 1831 714 1894 παντὸς
739 1825 1121 1899 δημιουργίαν,
1142 1818 1285 1876 οὕτω
1313 1819 1405 1874 καὶ
1431 1819 1491 1874 τὸ
1514 1821 1578 1873 ὲκ
1598 1819 1697 1891 τῆς
1715 1819 1862 1892 Παρ-

260 1926 421 1981 θένου
464 1923 562 1979 τοῦ
595 1921 846 1993 Σωτῆρος
884 1918 1044 1987 σῶμα
1078 1911 1474 1969 κατεσκεύασε.

926 2009 1083 2063 ΚΕΦ.
1126 2006 1202 2059 B’.

334 2109 487 2179 Στίχ.
529 2112 630 2173 ις’.
664 2133 736 2145 -
766 2103 932 2156 Ὅσον
965 2100 1043 2169 (3)
1075 2099 1188 2171 γὰρ
1217 2097 1406 2169 χρόνον
1437 2094 1796 2151 ὑπώπτευσεν
1834 2096 1863 2147 ὁ

259 2202 522 2272 Ἡρώδης
551 2195 691 2253 εῖναι
726 2195 835 2251 ἀπὸ
867 2194 968 2265 τῆς
1012 2192 1106 2247 τοῦ
1139 2191 1376 2264 Χριστοῦ
1420 2189 1729 2260 γεννήσεως
1772 2188 1862 2242 διὰ

247 2298 362 2367 τῆς
385 2295 498 2349 τῶν
525 2292 715 2365 μάγων
741 2286 1028 2351 ἐλεύσεως,
1048 2284 1320 2339 τοσούτων
1350 2282 1487 2336 ἐτῶν
1514 2282 1711 2344 παῖδας
1733 2282 1861 2335 ἀποο

250 2391 475 2444 κτεῖναι
523 2378 987 2455 παρεκελεύσατο.
1032 2377 1126 2447 Μὴ
1154 2375 1336 2428 τοίνυν
1365 2372 1645 2442 ὑπολάϐῃς
1681 2372 1859 2426 αἰτίαν
1895 2379 1937 2436 Β

248 2477 405 2536 εἶναι
434 2479 535 2549 τῆς
556 2473 665 2528 τῶν
690 2470 898 2525 παίδων
920 2468 1105 2522 ἀδίκου
1143 2465 1357 2535 σφαγῆς
1381 2464 1481 2535 τὴν
1503 2462 1598 2517 τοῦ
1624 2460 1866 2533 Χριστοῦ

249 2572 541 2642 γέννησιν,
577 2565 713 2619 ἀλλὰ
738 2562 836 2635 τὴν
873 2560 968 2615 τοῦ
1017 2558 1260 2631 Ἡρώδου
1293 2558 1482 2612 ἁθεῖαν
1516 2574 1577 2610 τε
1608 2556 1706 2610 καὶ
1740 2557 1869 2610 ἀνο-

253 2664 514 2733 σιότητα·
549 2658 672 2713 οὑδὲ
700 2656 808 2727 γὰρ
833 2656 882 2707 οἱ
905 2653 998 2707 τὸν
1027 2653 1266 2725 Χριστὸν
1295 2648 1713 2722 σταυρώσαντες
1744 2647 1867 2702 τότε

251 2753 529 2825 γεγόνασι
570 2748 839 2820 πονηροὶ,
879 2746 1018 2801 ἀλλὰ
1052 2746 1505 2818 προϋπάρχοντες
1544 2744 1639 2798 καὶ
1673 2739 1867 2812 καιροῦ

250 2845 561 2916 λαϐόμενοι
596 2840 825 2904 ἑαυτοὺς
852 2840 1208 2911 ὲφανέρωσαν
1235 2837 1434 2901 οἵτινες
1461 2830 1624 2908 ἦσαν.

938 3026 1100 3082 ΚΕΦ.
1130 3025 1205 3079 Γ’.

344 3123 496 3197 Στίχ.
533 3128 629 3190 ις’.
660 3152 733 3167 —
771 3120 864 3175 Ἕν
911 3120 1044 3173 εῖδει
1077 3118 1155 3190 (4)
1212 3115 1545 3190 περιστερᾶς
1588 3111 1763 3182 ἐφάνη
1810 3111 1873 3165 τὸ

254 3219 506 3293 Πνεῦμα
526 3218 587 3273 τὸ
612 3218 766 3287 ἅγιον
791 3214 868 3278 ὡς
892 3208 1246 3284 φιλόστοργόν
1267 3225 1326 3262 τε
1349 3208 1444 3261 καὶ
1466 3204 1869 3279 φιλάνθρωπον,

255 3314 370 3371 καὶ
422 3311 686 3373 πολλάκις
737 3307 827 3376 ὑφ’
874 3304 1035 3377 ἡμῶν
1088 3299 1451 3373 ἁθετοὺμενον
1488 3298 1651 3352 πάλιν
1689 3298 1872 3369 ἔχεται

256 3405 434 3478 ἡμῶν
473 3402 570 3457 καὶ
604 3400 891 3470 εὐεργετεῖ
934 3396 1025 3451 διὰ
1053 3390 1377 3466 τὴν·αὑτοῦ
1425 3390 1757 3462 ἀγαθότητα.
1806 3390 1875 3443 Ἦ

256 3501 384 3571 γὰρ
427 3492 733 3567 περιστερὰ
774 3490 1130 3561 φιλόστοργον
1174 3480 1310 3540 οὖσα
1346 3483 1443 3537 καὶ
1494 3481 1876 3553 φιλάνθρωπον

255 3589 437 3656 ζῶον,
472 3586 581 3640 ὑπὸ
609 3582 915 3656 ἀνθρώπων
948 3576 1280 3649 ἀδικουμένη
1320 3575 1391 3628 τὰ
1425 3574 1641 3644 ἐκείνης
1676 3572 1877 3643 ἔκγονα

2633 995 2790 1053 CAP.
2834 998 2872 1054 1.

2036 1086 2206 1145 Vsus.
2238 1089 2327 1146 18.
2355 1119 2428 1130 -
2455 1087 2697 1161 Spiritus
2743 1099 2974 1146 sanctus
3025 1105 3138 1146 una
3178 1100 3265 1147 est
3314 1107 3552 1163 persona

1966 1179 2281 1247 Trinitatis,
2314 1197 2437 1252 quas
2472 1196 2654 1253 neque
2682 1182 2843 1237 Pater
2879 1192 3111 1237 vocatur
3143 1198 3323 1252 neque
3355 1182 3553 1248 Filius,

1967 1274 2060 1328 sed
2091 1275 2375 1344 proprium
2405 1274 2571 1329 habet
2595 1287 2822 1337 nomen,
2843 1271 3087 1343 Spiritus
3113 1284 3359 1338 sanctus,
3394 1275 3557 1343 juxta

1967 1360 2042 1426 id,
2076 1362 2224 1431 quod
2260 1362 2520 1415 Salvator
2551 1360 2618 1415 ad
2646 1360 2952 1430 discipulos
2994 1362 3071 1413 ait
3099 1378 3113 1414 :
3143 1359 3344 1416 Euntes
3376 1363 3557 1418 docete

1965 1469 2145 1508 omnes
2182 1461 2381 1524 gentes,
2411 1454 2746 1523 baptizantes
2780 1468 2868 1507 eos
2916 1451 2974 1506 in
3024 1454 3235 1508 nomine
3274 1453 3460 1509 Patris
3504 1465 3558 1509 et

1964 1543 2100 1600 Filii
2129 1555 2179 1599 ct
2209 1542 2442 1613 Spiritus
2465 1546 2639 1599 sancti
2667 1543 2890 1613 (Matth.
2912 1557 3113 1608 XXVIII,
3131 1544 3196 1599 11ι
3214 1543 3255 1614 ).
3278 1542 3557 1611 Quemad-

1966 1637 2191 1693 modum
2219 1638 2367 1693 enim
2395 1636 2547 1691 Patri
2582 1646 2634 1693 et
2664 1635 2805 1692 Filio
2833 1645 3168 1710 cooperatus
3200 1648 3284 1693 est
3314 1635 3560 1708 Spiritus

1967 1739 2199 1787 sanctus
2250 1730 2309 1785 in
2342 1729 2631 1785 creatione
2661 1730 2886 1798 mundi,
2916 1733 2990 1787 ita
3022 1739 3076 1789 et
3097 1730 3404 1787 Salvatoris
3433 1744 3560 1785 cor-

1965 1836 2072 1893 pus
2104 1837 2174 1880 ex
2210 1821 2437 1897 Virgine
2468 1830 2650 1881 matre
2680 1825 2802 1897 ipse
2830 1829 3042 1898 aptavit
3071 1834 3127 1883 et
3151 1823 3486 1881 construxit.

2628 2003 2782 2058 CAP.
2830 2003 2893 2055 il.

2039 2091 2211 2152 Vens.
2264 2093 2767 2165 lit—Quantum
2824 2096 2973 2149 enim
3031 2101 3248 2165 tempus
3307 2094 3376 2151 ab
3431 2102 3557 2150 ortu

1968 2186 2181 2243 Christi
2215 2190 2405 2246 habita
2434 2190 2658 2246 ratione
2689 2188 2964 2245 adventus
2991 2187 3277 2259 Magorum
3302 2189 3560 2259 opinatus

1969 2289 2057 2335 est
2092 2278 2338 2337 llerodes
2375 2280 2678 2349 eﬂiuxisse,
2720 2288 2888 2337 tanta
2930 2281 3110 2336 aetatis
3144 2281 3405 2350 puerulos
3442 2287 3562 2334 tru-

1966 2372 2238 2429 cidandos
2281 2377 2517 2430 curavit.
2554 2375 2632 2430 Ne
2666 2390 2797 2431 vero
2836 2375 3125 2431 existimes
3160 2389 3387 2429 causam
3434 2388 3562 2430 esse

1970 2466 2140 2522 caedis
2196 2480 2492 2535 puerorum
2535 2467 2886 2524 nativitatem
2935 2468 3189 2524 Christi:
3221 2482 3413 2522 verum
3458 2465 3564 2522 lle-

1970 2558 2125 2613 rodis
2163 2558 2500 2628 impietatem
2537 2575 2600 2613 ac
2634 2559 2882 2615 furorem
2931 2559 3420 2616 immanissimum.
3449 2556 3563 2616 Ne—

1970 2667 2078 2723 que
2102 2652 2249 2705 enitn
2270 2652 2373 2722 ‘qui
2403 2651 2687 2708 Christum
2735 2652 3026 2708 alliserunt
3067 2655 3241 2720 cruci,
3268 2653 3399 2708 mali
3443 2662 3561 2707 tum

1974 2743 2213 2813 primum
2242 2742 2503 2811 fuerunt,
2531 2745 2625 2801 sed
2659 2758 2784 2799 cum
2812 2743 3140 2815 jamdudum
3175 2746 3314 2802 tales
3351 2751 3563 2809 essent,

1975 2844 2197 2906 arrepta
2258 2841 2578 2903 occasione,
2638 2851 2700 2892 se
2764 2837 2873 2908 ipsi
2937 2837 3311 2909 prodiderunt
3368 2838 3567 2908 quales

1976 2939 2187 2986 essent.

2618 3019 2771 3077 CAP.
2816 3017 2908 3079 111.

2052 3110 2217 3169 Vens.
2244 3113 2420 3166 l6.—-
2440 3111 2500 3167 In
2535 3115 2721 3185 specie
2741 3115 3014 3170 columba
3041 3112 3297 3186 apparuit
3322 3103 3569 3184 Spiritus

1977 3216 2209 3266 sanctus
2272 3215 2466 3278 utpote
2541 3216 2744 3263 natura
2794 3209 3122 3273 benevolus,
3168 3214 3223 3261 et
3281 3206 3568 3261 hominum

1979 3300 2197 3372 generis
2256 3313 2450 3356 amans
2482 3318 2496 3355 :
2525 3308 2581 3357 et
2643 3302 2772 3359 licet
2818 3317 2849 3356 a
2894 3302 3058 3357 nobis
3114 3315 3259 3371 saepe
3312 3300 3573 3369 repulsus

1978 3394 2355 3465 exclususque
2399 3411 2598 3451 rursus
2631 3398 2926 3466 requirens
2962 3398 3417 3468 amplectensque
3448 3408 3571 3456 nos.

1978 3485 2266 3541 beneﬁciis
2320 3484 2534 3552 fovens,
2566 3489 2789 3558 propria
2840 3488 3079 3559 quadam
3112 3484 3464 3542 liberalitatis
3499 3483 3575 3537 in-

1979 3584 2126 3632 natae
2152 3577 2420 3633 bonitate.
2440 3578 2706 3634 Columba
2728 3580 2877 3637 enim
2902 3580 3226 3637 benevolum
3254 3577 3572 3631 hominum-

255 3677 654 3736 ἀποσπώντων
691 3691 751 3728 τε
797 3673 892 3727 καὶ
938 3670 1251 3734 ἐσθιόντων,
1298 3667 1401 3721 οὑκ
1439 3664 1737 3736 ἀφίσταται
1768 3665 1873 3720 τῶν

1981 3685 2089 3740 que
2112 3685 2306 3727 amans
2338 3672 2563 3739 animal,
2593 3674 2798 3728 violata
2838 3674 2970 3729 licet
3004 3673 3075 3729 ab
3118 3670 3441 3727 hominibus
3476 3668 3573 3739 qui

256 3769 552 3843 συνήθων,
583 3767 698 3822 ἀλλ’
732 3766 915 3837 ἔχεται
942 3759 1236 3822 παντοίως.

254 3972 475 4033 parere
502 3957 700 4028 pergit.

342 4050 522 4106 Vens.
551 4050 640 4104 15.
675 4078 744 4089 -
782 4045 918 4102 Nam
952 4045 1117 4119 (5)et
1147 4042 1280 4098 illud
1309 4060 1323 4098 :
1357 4040 1461 4097 Hic
1504 4051 1585 4098 est
1622 4039 1672 4097 F
1676 4042 1801 4098 ilius
1835 4059 1981 4098 meus
2021 4042 2272 4109 dilectus,
2308 4044 2366 4098 in
2394 4060 2496 4114 quo
2525 4044 2656 4099 mihi
2705 4042 3024 4114 complacui,
3086 4043 3302 4099 insania
3352 4045 3583 4103 evidens

252 4154 356 4202 est
402 4144 471 4198 de
498 4142 608 4198 Deo
642 4139 826 4197 Verbo
851 4149 1051 4213 putare
1081 4139 1267 4195 dicere
1320 4152 1471 4194 eum.
1502 4135 1609 4205 Qui
1651 4138 1798 4193 enim
1835 4139 1975 4194 dixit
2018 4156 2034 4195 :
2072 4138 2174 4193 Hic
2202 4148 2282 4194 est
2316 4137 2493 4195 Filius
2531 4157 2678 4195 meus
2731 4139 3000 4203 dilectus;
3035 4146 3091 4196 et
3136 4140 3354 4197 intulit:
3390 4144 3446 4198 in
3479 4160 3583 4213 quo

254 4241 413 4297 mihi
440 4238 740 4308 complacui
764 4278 779 4305 ,
812 4236 1142 4310 significavit
1176 4233 1322 4305 quod
1359 4242 1547 4304 aperte
1575 4231 1646 4289 ad
1684 4234 2156 4305 comparationem
2192 4233 2299 4290 hoc
2328 4233 2461 4289 dicit
2494 4233 2730 4289 aliorum
2764 4233 3025 4303 ﬁliorum,
3057 4238 3151 4307 qui
3178 4252 3281 4294 nec
3312 4237 3496 4296 dilecti
3529 4239 3581 4297 ei

255 4342 435 4397 sunt,
476 4348 579 4390 nec
612 4334 832 4408 placere
854 4332 1021 4388 nimis
1051 4336 1352 4402 potuerunt
1372 4330 1444 4386 ei.

930 4426 1088 4481 ΚΕΦ.
1142 4428 1214 4479 A'.
1269 4464 1272 4465 ν

340 4521 506 4595 ἳίτίχ.
537 4519 603 4592 β’.
634 4549 705 4561 -ο
736 4519 867 4573 Ὀτε
895 4518 974 4591 (6)
1006 4520 1034 4573 ὁ
1058 4518 1293 4590 Χριστὸς
1334 4517 1644 4581 ἐπείνασεν,
1676 4516 1752 4580 ὡς
1780 4516 1880 4587 γέ-

253 4709 406 4765 esse
436 4706 579 4760 πάνυ
609 4703 928 4776 τεθαύμακε
966 4702 1063 4775 τὴν
1104 4703 1162 4756 ὲν
1199 4702 1612 4772 τεσσαράκοντα
1643 4702 1883 4774 ἡμέραις

253 4984 489 5055 ἐκείνῳ
513 4982 743 5054 νομίσας
772 4976 910 5037 εἷναι
940 4982 1035 5035 καὶ
1058 4980 1120 5034 οὑ
1155 4979 1321 5034 Θεόν.

1902 3739 1949 3803 C
1980 3739 2167 3833 pullos
2205 3763 2255 3818 ei
2289 3779 2424 3820 suos
2471 3764 2839 3820 substrahunt
2873 3779 3083 3835 eosque
3112 3760 3435 3824 comedunt,
3464 3773 3576 3812 non

254 3865 487 3923 deserit
536 3874 721 3919 tamen
768 3858 997 3916 infestas
1046 3870 1237 3913 eorum
1278 3852 1489 3926 rapinis
1540 3854 1739 3910 domos
1791 3870 1857 3912 ac
1894 3858 2082 3928 nidos,
2121 3860 2326 3933 quibus
2379 3861 2550 3916 semel
2596 3860 2859 3927 insuevit,
2888 3860 2986 3918 sed
3021 3861 3077 3916 in
3116 3861 3187 3919 iis
3253 3861 3447 3924 haeret,
3520 3863 3579 3912 et

2664 4422 2816 4480 CAP.
2859 4422 2951 4479 IV.

2042 4516 2313 4574 ’γεκαὶ
2341 4547 2413 4559 —-
2446 4518 2680 4585 Quando
2727 4517 2989 4574 Christus
3036 4518 3267 4584 esuriit,
3325 4527 3384 4576 ut
3441 4524 3586 4578 scri-

256 4630 551 4690 γρσιπται,
586 4612 709 4666 τότε
746 4614 775 4666 ὁ
801 4610 1046 4675 διάϐολος
1077 4609 1380 4663 ἐπιτίθεται
1404 4608 1708 4681 πειράσων,
1760 4610 1873 4662 ἐπε)

1989 4619 2145 4683 ptum
2172 4619 2281 4678 est,
2312 4619 2446 4668 tunc
2463 4612 2719 4669 diabolus
2750 4615 2807 4667 in
2840 4627 2966 4667 eum
2996 4611 3205 4667 invadit
3245 4620 3583 4671 tentaturus.

1994 4703 2220 4760 Scilicet
2272 4720 2385 4761 non
2438 4704 2675 4760 nimittm
2725 4705 3036 4761 admiratus
3079 4713 3162 4760 est
3214 4706 3586 4778 quadraginta

254 4797 565 4872 νηστείαν,
592 4796 879 4867 γινώσκων
903 4796 994 4851 τὸν
1042 4796 1229 4851 Ἠλίαν
1252 4795 1519 4860 τοσαύτας
1546 4794 1761 4868 ἡμέρας
1787 4813 1873 4866 νη.

1991 4794 2208 4852 dierum
2247 4796 2546 4867 jejunium,
2584 4812 2801 4852 memor
2824 4795 2999 4852 Eliam
3035 4796 3262 4855 totidem
3301 4797 3589 4870 diesjejuo

254 4890 612 4949 στεύσαντα.
667 4889 760 4942 Διδ
802 4891 896 4943 καὶ⁵
939 4888 1223 4961 θαρρήσας
1282 4887 1645 4961 προσέϐαλεν,
1696 4889 1873 4959 ὅμοιον

1993 4888 2088 4944 nio
2108 4890 2489 4945 continuasse.
2518 4889 2650 4947 Inde
2671 4889 2840 4963 igitur
2866 4892 3049 4946 animo
3073 4899 3297 4963 sumpto
3322 4900 3587 4963 tanquam

1917 4973 1962 5027 Ι)
1992 4979 2047 5034 in
2072 4976 2203 5036 Elia:
2238 4980 2476 5036 similem
2500 4978 2632 5049 (IlI
2650 4979 2775 5052 Reg.
2804 4997 2918 5047 xu,
2944 4982 3024 5053 8),
3059 4982 3313 5055 nihilque
3342 4982 3590 5042 humano

253 5079 512 5152 tastigio
553 5078 735 5149 majus
772 5077 1087 5144 habentem,
1113 5075 1393 5141 audacter,
1427 5076 1604 5131 aleam
1637 5074 1962 5133 certaminis
1994 5085 2443 5147 exspectaturus,
2475 5077 2645 5132 vadit.

360 5221 440 5285 _1)
474 5218 599 5273 Act.
626 5217 689 5272 C.
715 5215 907 5272 Const.
933 5231 995 5278 ll,
1022 5231 1097 5277 tv,
1123 5212 1214 5281 56,
1239 5211 1362 5285 Yig.
1394 5220 1587 5285 Const.
1619 5212 1895 5285 57.7Ejus-

250 5371 565 5435 peccatum
593 5354 864 5435 doc—uitet
895 5366 1115 5435 mortem
1157 5354 1505 5435 jntrodt‘txi‘tj‘
1544 5354 1595 5409 ἰν.
1633 5370 1756 5425 quae
1779 5356 1890 5409 dixi

250 5425 329 5493 in
359 5439 673 5489 comment.
708 5446 762 5500 p.
785 5429 877 5493 64,
909 5444 963 5482 n.
1002 5425 1256 5500 5__(inlra,
1279 5429 1393 5500 col.
1420 5426 1533 5492 55).

350 5503 445 5573 (2)
473 5492 757 5571 Leguntth‘
794 5492 908 5555 haec
942 5501 1002 5573 i_n_
1028 5496 1225 5573 Matth.
1275 5496 1578 5567 fragmenta
1608 5492 1890 5573 Craacain

256 5593 303 5632 ι.
358 5567 383 5629 Ξ
427 5567 810 5645 ’δῃιιῶοίοηιηξ
848 5572 903 5625 in
945 5567 1262 5645 Ma‘tthwum
1291 5576 1490 5645 _tomus
1543 5567 1698 5645 prior.
1738 5567 1892 5620 exhi-

252 5651 424 5703 bens
474 5638 724 5697 catenam
767 5640 939 5696 (irate.
1010 5640 1165 5692 Patr.
1210 5638 1368 5692 unius
1424 5646 1472 5691 et
1514 5638 1699 5706 viginti
1755 5653 1893 5690 nunc

252 5717 532 5785 primum
587 5714 815 5785 editam.
855 5710 941 5785 Ea:
995 5711 1311 5785 bibliotheca
1388 5708 1748 5785 illustrissimi

253 5776 483 5845 δατ-οιὶ
514 5785 578 5838 de
611 5782 884 5838 Montcltal
914 5781 1160 5849 archiep._
1190 5778 1443 5835 Tolosani
1478 5778 1667 5832 Petrus
1705 5776 1892 5849 Possi-

252 5873 398 5914 τηις
434 5871 460 5909 e
482 5870 587 5908 coc.
612 5854 741 5909 Iesu
772 5870 980 5909 cacrar.
1023 5848 1345 5905 Litterarum
1378 5849 1585 5904 Tolosa:
1601 5848 1887 5916 professor,

255 5943 348 5987 σε
394 5925 787 5996 antiquissimis
826 5924 1146 5979 membranis
1187 5923 1345 5988 eruit,
1391 5919 1586 5975 Latina
1631 5921 1890 5989 interpre-

2003 5214 2204 5269 tatione
2246 5222 2297 5267 et
2338 5215 2559 5270 scholiis
2588 5214 2904 5279 illustravit,
2942 5212 3243 5283 librumque
3264 5211 3500 5283 _addidit
3528 5212 3593 5268 de

250 5281 406 5348 dein
426 5281 497 5345 ca:
522 5289 658 5343 libro
688 5287 708 5359 [
734 5296 864 5343 vett.
900 5287 1050 5349 libri,
1084 5300 1149 5339 cx
1175 5281 1351 5359 eodem
1384 5283 1517 5359 libro
1542 5284 1562 5357 ]
1590 5284 1729 5353 quod
1750 5281 1891 5359 Deus
2003 5283 2292 5359 concordia
2322 5287 2777 5359 eganﬂgeliatarum
2825 5287 2884 5340 in
2906 5281 3221 5359 rgencalog'ia
3249 5281 3591 5359 Chrisl._1'o-

2000 5355 2129 5427 losae
2160 5355 2316 5427 1646.
2352 5356 2391 5410 l'.
2437 5351 2685 5427 Singulis
2729 5351 3012 5427 praemissa
3067 5351 3197 5427 sunt
3222 5351 3591 5427 v._8&o&tbpou

1999 5425 2512 5495 Μοψουεστίας,υηὶ
2534 5421 2622 5497 (ad
2645 5421 2802 5487 xxiii,
2829 5426 2943 5497 15.)
2973 5421 3410 5497 ΘςΛντιοχέως.
3434 5421 3590 5490 ρυοᾱ

1999 5494 2335 5567 ρνίιιιοίίοςο
2365 5494 2550 5566 posui,
2584 5498 2867 5551 invenitur
2898 5494 2955 5567 ρ.
2991 5494 3079 5551 15.

2068 5566 2147 5703 fi)
2190 5566 2405 5622 Possini
2442 5578 2549 5621 cat.
2586 5583 2642 5637 p.
2674 5567 2764 5621 5|.

2092 5643 2147 5703 ιι)
2187 5634 2413 5692 Possini
2439 5646 2548 5692 cat.
2578 5654 2633 5703 p.
2670 5637 2760 5690 45.

2092 5643 2147 5703 ιι)
2187 5634 2413 5692 Possini
2439 5646 2548 5692 cat.
2578 5634 2633 5707 ί).
2670 5637 2760 5690 45.

2068 5708 2145 5777 (5)
2193 5708 2317 5761 Act.
2356 5709 2419 5762 C.
2452 5703 2645 5762 Const.
2683 5721 2745 5772 ιι,
2782 5722 2857 5769 Iv,
2911 5706 3007 5769 40,
3042 5703 3211 5777 Vigil.
3264 5712 3445 5777 Const.
3497 5705 3593 5773 40,

1998 5775 2253 5843 Eiusdem
2282 5777 2480 5833 Theod.
2522 5793 2587 5833 ea:
2633 5778 3073 5847 interpretatione
3113 5775 3216 5833 sec.
3275 5776 3592 5835 llattlucum

1998 5847 2316 5919 Evangelii;
2356 5849 2450 5903 sed
2483 5865 2537 5903 v.
2569 5864 2693 5917 qua:
2717 5849 2833 5919 dixi
2863 5849 2919 5905 in
2954 5855 3257 5908 comment.

2068 5918 2397 5989 (6)7Pussini
2432 5929 2538 5977 cat.
2573 5935 2627 5991 ι).
2665 5918 2753 5977 16.

3594 932 3603 999 ἰ
