4162 6468
588 395 691 454 7‘37

1248 504 1406 561 CAP.
1445 497 1518 560 Ὺ.

658 603 825 660 Vens.
855 602 944 657 40.
978 630 1042 642 -—
1070 599 1342 656 Convenit
1383 613 1496 653 non
1527 598 1810 654 declinare
1855 598 2168 652 contentio-

585 713 709 753 nem
742 711 869 763 cuni
902 692 1262 758 adversariis,
1291 690 1516 763 quando
1543 706 1608 745 ea
1639 707 1738 761 pro
1770 691 2037 760 religione
2075 695 2173 742 aut

586 789 785 860 pietate
819 786 1002 842 fuerit.
1025 780 1181 839 Tunc
1212 786 1360 838 enim
1391 783 1713 838 exautlandi
1735 782 1994 835 alacriter
2018 780 2174 833 labo-

587 896 678 936 res
725 895 940 944 omnes,
973 886 1029 932 et
1072 877 1214 930 mala
1254 889 1601 946 quaecunque
1655 872 1976 944 perferenda
2010 871 2173 926 etiam

587 989 712 1030 cum
748 974 972 1043 gaudio.
1007 969 1164 1035 Quod
1211 969 1256 1024 si
1295 967 1441 1024 adsit
1485 967 1666 1037 aliqua
1702 965 1861 1036 copia
1904 975 2173 1033 tempora-

587 1064 718 1118 lium
770 1077 978 1125 rcruni,
1018 1057 1300 1113 toleranda
1356 1058 1588 1111 libenter
1645 1054 1766 1126 ejus
1816 1054 2059 1122 jactura,
2116 1060 2173 1107 et

1785 385 2137 445 THEODORI
2171 375 2656 443 MOPSUES'I'ENI

3765 375 3870 431 708

2925 477 3081 553 iter.
3115 498 3189 552 E'.

2346 597 2496 666 Στίχ.
2538 602 2610 664 μ’.
2639 623 2707 634 -—
2734 594 3009 665 Προσήκει
3034 592 3106 662 (1)
3136 590 3233 662 τὴν
3257 590 3392 662 πρὸς
3430 587 3558 651 τοὺς
3585 584 3868 649 ἐναντίους

2279 692 2354 762 μὴ
2379 690 2648 744 ἐκκλίνειν
2692 688 3046 759 φιλονεικίαν,
3093 687 3222 740 ὅταν
3267 684 3408 753 ὑπὲρ
3432 682 3536 752 τῆς
3581 678 3870 740 εὐσεϐείας

2271 785 2538 855 τυγχάνῃ,
2563 782 2765 854 μᾶλλον
2799 782 2898 852 μὲν
2927 776 3020 835 οὖν
3055 779 3152 832 καί
3181 779 3251 832 τὰ
3278 774 3429 830 δεινὰ
3448 772 3741 844 ὑπομένειν
3771 769 3873 824 καὶ

2273 877 2486 949 χαίρειν
2534 877 2630 929 ἐπὶ
2665 876 2895 938 τούτοις.
2935 874 2998 926 Ei
3043 871 3102 924 δὲ
3135 870 3324 940 ἕτερόν
3355 885 3410 921 τι
3451 866 3561 920 τῶν
3597 861 3872 936 βιωτικῶν

2277 967 2536 1038 ὑπάρχει,
2569 965 2742 1035 ἡδέως
2776 965 3131 1034 παραχωρεῖν
3165 959 3242 1032 τῷ
3273 956 3583 1031 βουλομένῳ
3614 953 3708 1008 καὶ
3741 951 3872 1024 μηδ’

2276 1058 2577 1139 ὁπωστιοῦν
2597 1055 3081 1139 ἀντιφθέγγεσθαι.

586 1155 803 1224 eripere
849 1153 1056 1206 volenti
1090 1148 1530 1214 concedendum,
1561 1147 1700 1202 nihil
1726 1147 2028 1218 quidquam
2087 1143 2174 1199 hi-

587 1245 797 1301 scendo
820 1252 1038 1298 contra.

2050 1327 2206 1386 CAP.
2249 1325 2388 1382 VIII.

660 1433 829 1488 Vens.
862 1433 948 1486 13.
983 1458 1054 1471 --
1089 1426 1451 1499 Supplicabat
1477 1424 1555 1497 (2)
1584 1431 1766 1481 autem
1792 1423 1866 1489 ei,
1899 1422 2100 1494 inquit,
2144 1428 2203 1475 ut
2235 1425 2458 1473 curaret
2486 1431 2744 1487 puerum.
2775 1413 2857 1468 Ad
2905 1426 3066 1484 quem
3112 1409 3382 1468 Dominus
3428 1407 3601 1464 dicit:
3631 1403 3744 1477 Ego
3773 1416 3872 1458 ve-

587 1534 750 1589 niens
770 1533 974 1588 curabo
993 1545 1140 1585 eum.
1166 1527 1463 1595 Propterea
1487 1522 1724 1575 maxime
1753 1521 1872 1590 ipse
1891 1515 2203 1588 promptius
2236 1515 2317 1569 ire
2343 1513 2618 1584 promisit,
2649 1521 2710 1566 ut
2732 1513 2910 1565 virtus
2936 1507 3282 1564 centurionis
3301 1521 3425 1562 cum
3455 1503 3657 1573 refugit
3690 1513 3872 1570 appaa

586 1633 755 1682 reret.
790 1624 1024 1685 Etenim,
1062 1619 1184 1674 Non
1221 1594 1340 1672 sum
1374 1615 1584 1684 dignus,
1621 1611 1774 1675 dicit,
1807 1619 1866 1664 ut
1895 1611 2061 1664 intres
2096 1610 2192 1662 sub
2225 1615 2419 1660 tectum
2448 1620 2658 1668 meum;
2691 1605 2855 1674 igitur
2883 1602 3034 1656 verba
3068 1607 3276 1654 tantum
3309 1598 3415 1661 dic,
3448 1604 3504 1650 et
3538 1594 3643 1648 hoc
3668 1604 3874 1646 curare

587 1716 1096 1774 suﬂiciet.Primum
1123 1715 1289 1784 igitur
1319 1710 1678 1766 reverentiam
1709 1709 1964 1769 multam,
1991 1704 2236 1760 secundo
2266 1710 2451 1756 autem
2482 1701 2776 1755 maximam
2833 1699 2993 1753 ﬁdem
3063 1693 3324 1752 ostendit.
3360 1689 3572 1745 Deinde
3628 1695 3684 1741 et
3739 1698 3870 1740 cum

587 1815 877 1886 prudentia
918 1811 1077 1865 ﬁdem
1112 1807 1389 1878 propriam
1425 1813 1774 1859 monstrans:
1809 1801 1955 1855 Nam
2008 1811 2058 1853 et
2086 1814 2180 1867 ego
2212 1804 2255 1858 Β

587 1903 739 1956 homo
759 1918 872 1954 sum
894 1899 989 1952 sub
1018 1906 1297 1968 potestate,
1317 1895 1514 1949 habens
1537 1893 1630 1948 sub
1655 1909 1736 1946 me
1753 1893 1971 1956 milites,
1991 1897 2040 1943 et
2062 1888 2180 1942 dico

586 1993 728 2057 huic,
756 1989 912 2053 Vade,
927 1998 973 2041 et
995 1988 1155 2050 radit;
1174 1998 1221 2040 et
1246 1986 1366 2050 alii,
1394 1983 1609 2050 Veni,et
1628 1986 1858 2047 venit;et
1878 1997 2022 2036 servo
2046 1995 2179 2047 meo,

588 2082 703 2136 Fac
731 2081 848 2144 hoc,
878 2091 928 2135 et
959 2081 1110 2150 facit.
1149 2079 1460 2133 Prudentia:
1489 2076 1635 2131 enim
1682 2081 1823 2134 erat.
1872 2073 2178 2129 secundum

588 2177 855 2229 rationem
871 2188 995 2243 quae
1012 2174 1059 2227 ei
1093 2171 1403 2234 videbatur,
1435 2169 1566 2222 talia
1593 2167 1822 2223 credere
1853 2165 2178 2220 deChristo.

587 2267 764 2322 IIomo
793 2267 936 2320 enim
957 2273 1011 2319 et
1039 2278 1174 2333 ego:
1212 2262 1312 2318 sed
1342 2271 1547 2326 tamen,
1583 2271 1820 2330 quorum
1871 2256 2058 2325 accepi
2090 2269 2182 2325 po-

589 2367 863 2419 testatem,
895 2357 1088 2410 horum
1124 2369 1245 2408 sum
1277 2354 1534 2408 dominus
1562 2372 1574 2407 :
1606 2368 1730 2422 qum
1747 2350 2176 2414 mibividentur,

586 2467 652 2508 ea
685 2451 823 2504 ﬁunt
856 2465 888 2504 a
923 2448 1061 2502 meis
1091 2447 1379 2516 subjectis.
1416 2445 1559 2515 Ergo
1611 2444 1751 2498 nihil
1779 2443 1849 2496 ab
1883 2457 1944 2497 re
1978 2451 2083 2504 est,
2124 2447 2180 2495 et

592 2557 642 2601 te
667 2546 808 2598 hanc
838 2550 1091 2599 sumente
1125 2556 1155 2594 a
1195 2539 1304 2594 Deo
1338 2546 1686 2609 potestatem,
1742 2536 1915 2590 verbo
1964 2541 2178 2587 tantum

581 2639 811 2705 jnhente
862 2635 1062 2705 expelli
1126 2633 1433 2703 passiones.
1499 2629 1689 2699 Neque
1726 2628 1873 2681 enim
1913 2634 2177 2695 tanquam

589 2729 680 2783 Dei
716 2726 940 2791 Filium,
972 2734 1025 2781 et
1053 2734 1179 2779 ante
1197 2738 1417 2779 onmem
1434 2732 1742 2776 creaturam
1763 2719 2177 2780 subsistentem,

587 2827 641 2872 ct
676 2818 923 2872 omnium
981 2833 1102 2885 quae
1135 2823 1265 2869 sunt
1327 2812 1844 2883 opiﬁcem,adierat
1901 2807 2177 2863 centurio.

587 2914 714 2970 Ilaec
742 2915 885 2969 enim
924 2930 1098 2982 neque
1128 2911 1524 2981 discipulorum
1558 2916 1676 2964 erat
1707 2915 1839 2960 tunc
1869 2905 2015 2959 scire
2048 2909 2180 2956 ante

587 3024 832 3072 crucem,
867 3008 1013 3060 sicut
1045 3007 1099 3058 in
1136 3004 1363 3073 reliquis
1394 3001 1773 3061 ostendemus,
1812 2995 2042 3050 Domino
2082 2993 2180 3046 ad-

582 3103 831 3170 juvante,
864 3097 1158 3152 subtilius:
1190 3096 1284 3149 sed
1316 3102 1580 3163 tanquam
1617 3089 1893 3144 hominem
1942 3101 2040 3156 per
2067 3086 2180 3139 vir-

587 3205 756 3248 tutem
787 3193 1043 3261 adeptum
1073 3204 1102 3242 a
1137 3188 1246 3242 Deo
1284 3187 1551 3255 majorem
1581 3196 1744 3253 quam
1787 3187 1872 3235 est
1932 3178 2174 3233 hominis

590 3293 934 3355 potestatem.
999 3279 1156 3336 Unde
1209 3280 1260 3335 ei
1318 3279 1500 3335 dixit:
1566 3276 1700 3330 Nam
1748 3281 1803 3328 et
1857 3287 1960 3344 ego
2004 3272 2173 3326 homo

588 3393 733 3432 SUID.

659 3472 828 3528 Vens.
858 3471 950 3527 34.
981 3502 1052 3514 —-
1081 3469 1375 3537 Rogabant
1423 3467 1588 3539 igitur
1631 3473 1694 3522 ut
1734 3465 1801 3520 ad
1842 3465 1980 3520 alios
2033 3461 2170 3516 lines

589 3566 878 3627 transiret,
911 3562 1068 3631 quasi
1098 3575 1207 3614 non
1231 3558 1380 3628 digni
1401 3566 1587 3612 essent
1610 3556 1704 3625 qui
1731 3563 1884 3609 tanto
1911 3553 2170 3628 bonosua

587 3654 642 3708 in
679 3626 1221 3724 patriafr-uerentur,
1247 3626 1426 3703 territi
1453 3647 1665 3702 scilicet
1697 3653 1919 3716 pmpter
1948 3626 2171 3713 peceata

586 3759 707 3797 sua.

1226 3845 1379 3902 CAP.
1419 3842 1511 3900 IX.

659 3941 828 3998 Vsus.
859 3943 912 3996 8.
938 3970 1010 3981 —
1036 3939 1187 4011 Opus
1241 3939 1462 4011 quidem
1501 3934 1752 3990 divinum
1797 3931 2050 3997 videtur;
2083 3928 2176 3983 ille

585 4043 767 4088 autem
805 4032 895 4100 qni
931 4029 1082 4094 fecit,
1113 4029 1310 4095 homo;
1334 4041 1440 4096 qua
1477 4024 1544 4078 de
1569 4037 1738 4076 causa
1776 4021 1924 4075 velut
1965 4019 2174 4073 donum

588 4121 706 4185 Dei,
729 4136 837 4174 non
871 4126 931 4172 ut
961 4119 1216 4173 virtutem
1252 4115 1458 4172 Christi
1492 4113 1764 4166 mirantur
1801 4109 1959 4165 illud.

1239 4229 1396 4285 CAP.
1439 4225 1510 4281 Χ.

661 4327 824 4381 Vens.
863 4325 916 4379 5.
947 4355 1018 4364 —
1044 4321 1378 4378 Samaritani
1420 4320 1676 4373 civitates
1728 4316 2055 4372 habitabant
2111 4315 2171 4370 in

589 4421 767 4476 media
800 4421 918 4490 ipsa
949 4415 1138 4471 Judiea
1173 4417 1331 4480 sitas,
1359 4428 1457 4483 per
1487 4427 1625 4482 quas
1658 4410 2034 4466 necessarium
2069 4409 2174 4464 iter

2355 1794 2501 1850 Bene
2529 1794 2745 1848 intulit:
2769 1791 2847 1863 (5)
2865 1791 3108 1861 Namque
3128 1799 3177 1844 et
3193 1805 3285 1860 ego
3303 1788 3456 1841 homo
3478 1801 3618 1846 sum,
3637 1789 3698 1835 ut
3719 1781 3870 1836 dicat

2282 1887 2433 1943 Nihil
2464 1886 2774 1941 mirandum
2807 1887 2853 1940 si
2884 1886 2986 1939 hoc
3021 1895 3200 1954 petes,
3243 1895 3366 1935 cum
3403 1879 3480 1934 sis
3520 1877 3684 1931 homo
3714 1872 3873 1927 acci-

2283 1981 2438 2051 piens
2460 1995 2493 2034 a
2525 1977 2637 2034 Deo
2663 1996 2674 2032 :
2700 1980 2959 2048 quoniam
2990 1983 3045 2029 et
3078 1990 3178 2045 ego
3209 1987 3333 2027 cum
3367 1971 3471 2025 hoc
3501 1970 3627 2029 sim,
3655 1965 3873 2034 accipio

2283 2070 2646 2136 obedientes,
2721 2064 2888 2124 semel
2963 2067 3171 2121 habens
3237 2061 3468 2134 jubendi
3539 2065 3869 2130 potestatem

2285 2170 2507 2234 propter
2543 2160 2756 2218 datoris
2803 2159 3228 2225 indulgentiam.

2353 2427 2699 2495 Quapropter
2719 2422 2796 2494 (4)
2821 2437 2922 2476 nec
2950 2421 3313 2488 incongruum
3339 2419 3445 2480 est,
3467 2419 3522 2468 et
3559 2417 3614 2467 te
3644 2415 3875 2478 accepta

2283 2517 2388 2572 ista
2413 2530 2444 2568 a
2482 2514 2591 2569 Deo
2631 2519 2926 2584 potestate,
2959 2508 3131 2563 verbo
3167 2505 3288 2562 solo
3312 2503 3598 2574 jubentem
3647 2498 3878 2569 abigere

2282 2606 2593 2677 passiones.
2640 2603 2750 2657 Nec
2799 2601 2944 2656 enim
3007 2606 3272 2668 tanquam
3303 2593 3440 2649 Filio
3497 2591 3594 2646 Dei
3632 2601 3686 2646 et
3741 2597 3877 2644 ante

2284 2701 2598 2754 universam
2622 2702 2936 2750 creaturam
2974 2689 3292 2755 exsistenti,
3326 2693 3381 2742 et
3411 2682 3654 2742 creatori
3674 2696 3874 2739 eorum

2280 2805 2404 2860 quae
2433 2795 2583 2854 sunt,
2611 2784 2847 2842 accessit
2883 2780 3157 2838 centurio.

2350 3453 2497 3522 Στίχ.
2531 3448 2626 3504 λδθ.
2646 3479 2712 3493 ρ-
2735 3442 3127 3517 Παρεκάλεσαν
3149 3440 3329 3494 τοίνυν
3354 3437 3438 3508 ἐφ’
3462 3436 3684 3509 ἑτέρους
3709 3449 3876 3507 μετα·

2279 3547 2438 3616 ϐῆναι
2466 3543 2684 3605 τόπους,
2707 3539 2782 3601 ὡς
2801 3538 2901 3591 οὐκ
2924 3536 3062 3602 ἄξιοι
3083 3533 3234 3596 ὄντες
3263 3529 3514 3584 τοσοῦτον
3546 3527 3747 3597 ἀγαθὸν
3775 3525 3875 3580 ἐπὶ

2278 3639 2377 3708 τῆς
2412 3634 2619 3696 οἰκείας
2647 3631 2791 3702 ἔχειν
2819 3627 3033 3702 χώρας,
3085 3625 3360 3688 δείσαντες
3392 3623 3565 3694 δήπου
3613 3623 3874 3692 ἁμαρτη-

2285 3732 2470 3803 μάτων
2497 3730 2702 3782 ἕνεκεν.

2944 3834 3100 3888 ΚΕΦ.
3143 3833 3219 3886 8'.

2350 3936 2497 4006 Στίχ.
2531 3940 2600 4006 η’.
2637 3962 2708 3973 —-
2747 3931 2900 3984 Θεῖον
2923 3928 2982 3981 τὸ
3007 3927 3236 3997 πρᾶγμα
3261 3922 3642 3991 γινώσκουσιν,
3679 3919 3772 3974 τὸν
3812 3915 3877 3973 δὲ

2279 4031 2580 4102 ποιήσαντα
2625 4024 2827 4096 ὁρῶσιν
2872 4021 3179 4092 ἄνθρωπον⁸
3217 4017 3304 4072 διὰ
3337 4016 3497 4070 τοῦτο
3539 4013 3616 4079 ὡς
3656 4013 3875 4083 δωρεὰν

2279 4123 2373 4178 τοῦ
2403 4120 2560 4185 Θεοῦ,
2597 4119 2692 4171 καὶ
2720 4117 2816 4186 οὐχ
2844 4115 2920 4178 ὡς
2948 4112 3112 4167 αὐτοῦ
3139 4110 3370 4182 δύναμιν
3401 4108 3798 4180 θαυμάζουσιν.

2949 4231 3110 4284 ΚΕΦ.
3157 4231 3198 4284 I.

2352 4331 2502 4404 Στίχ.
2529 4337 2589 4385 ε’.
2615 4358 2688 4371 —-
2709 4328 2774 4382 Οἱ
2793 4327 3139 4398 Σαμαρεῖται
3173 4322 3251 4395 (5)
3273 4321 3459 4384 πόλεις
3498 4318 3787 4390 κατῴκουν
3812 4315 3877 4370 ἐν

2286 4426 2439 4498 μέσῳ
2470 4427 2568 4496 τῆς
2614 4421 2898 4485 Ἰουδαίας,
2935 4419 3002 4472 δι’
3033 4411 3108 4473 ὧν
3135 4418 3431 4486 ἀναγκαῖον
3467 4409 3535 4485 ἧν
3567 4412 3695 4476 τοὺς
3737 4412 3878 4464 ἀπο-

585 4522 706 4570 erat
729 4511 990 4584 apostolis
1019 4511 1164 4563 ultro
1187 4509 1444 4576 citroque
1471 4521 1568 4575 per
1590 4503 1834 4557 Iudaeam
1857 4511 2174 4556 commean-

2282 4518 2500 4580 στόλους
2523 4512 2872 4587 πορεύεσθαι.
2896 4511 2986 4564 Διὸ
3005 4510 3098 4564 καὶ
3129 4508 3364 4563 ἐκώλυεν
3397 4507 3616 4570 αὐτοὺς,
3639 4503 3726 4573 μὴ
3747 4506 3878 4556 δὶσ-

589 4607 756 4660 tibus.
779 4604 1086 4658 Occasione
1118 4600 1286 4669 igitur
1313 4598 1514 4667 saepius
1531 4610 1834 4652 occursura
1857 4587 2170 4647 introeundi

585 4694 855 4766 ejusmodi
885 4695 1073 4753 urbes.
1101 4701 1248 4745 vetat
1273 4693 1424 4760 ipsos
1453 4707 1466 4744 :
1494 4704 1555 4742 ne
1576 4686 1912 4741 introieritis.
1937 4682 2010 4736 De
2044 4697 2174 4749 gen-

586 4790 733 4843 tibus
763 4800 891 4839 vcro
927 4799 1037 4837 non
1069 4781 1228 4846 dixit,
1259 4798 1322 4836 ne
1359 4780 1696 4842 introieritis,
1730 4778 1826 4830 sed
1855 4773 2092 4828 necatis.

657 4877 828 4932 Vens.
866 4875 1043 4932 16.--
1068 4873 1126 4930 Si
1162 4874 1288 4943 quis
1321 4872 1592 4928 columbae
1632 4869 1813 4939 pullos
1845 4862 2164 4926 abstulerit,

590 4981 770 5026 '.amen
807 4968 898 5022 illa
943 4967 1002 5020 in
1043 4965 1164 5020 loco
1194 4964 1386 5020 eodem
1423 4964 1622 5017 iterum
1651 4975 1754 5013 ova
1791 4956 2082 5012 incubabit
2116 4962 2172 5009 et

583 5060 863 5120 excludet.
883 5057 1077 5129 Itaque
1112 5067 1168 5112 et
1199 5072 1321 5121 vos,
1350 5057 1450 5118 ait,
1487 5052 1706 5107 insidiis
1737 5059 1792 5106 et
1823 5050 2171 5120 persecutiov

588 5157 752 5212 nibus
801 5153 1056 5224 appetiti,
1087 5157 1304 5204 manete
1352 5149 1408 5202 in
1447 5160 1569 5199 mea
1602 5143 1731 5208 ﬁde,
1768 5156 1946 5212 neque
1974 5139 2170 5206 averti,

586 5249 856 5304 abducive
886 5228 985 5301 vos
1020 5257 1296 5314 quoquam
1330 5241 1514 5296 sinite.
1543 5236 1813 5292 Caeterum
1849 5245 1910 5291 ut
1943 5249 2175 5304 serpens

587 5340 806 5412 fugiens
841 5337 1243 5405 occultansque
1275 5335 1523 5404 seipsum
1552 5329 1733 5386 evadit
1767 5331 1978 5395 salvus,
2015 5329 2091 5382 ita
2123 5335 2176 5382 et

585 5447 685 5485 vos
717 5432 762 5485 si
799 5430 923 5498 fuga
954 5426 1264 5481 vitaveritis
1287 5440 1382 5482 eos
1406 5425 1500 5494 qui
1531 5423 1782 5480 cruentis
1809 5421 2009 5478 armati
2033 5419 2174 5475 odiis

586 5535 684 5574 vos
723 5519 792 5573 ad
826 5517 1032 5572 caedem
1061 5524 1340 5588 quaerunt,
1368 5516 1590 5571 vivetis.

661 5656 736 5724 Η)
768 5653 982 5708 Pnssini
1016 5662 1127 5710 cat.
1169 5670 1224 5723 p.
1255 5655 1343 5709 77.

658 5729 733 5796 (2)
768 5724 1008 5779 Facund.
1035 5740 1129 5794 pro
1155 5725 1456 5794 defensione
1483 5737 1552 5779 tr.
1576 5725 1795 5792 capital.
1842 5742 1924 5787 Ill,
1951 5727 1999 5781 4.

656 5799 733 5858 (5)
768 5797 1288 5864 Δοιει,ςιριιο.(]οιιει.
1315 5812 1375 5862 ιι,
1400 5812 1475 5859 iv,
1507 5799 1570 5864 51
1593 5841 1595 5846 .
1618 5797 1801 5862 Vigilii
1829 5795 2170 5853 constit.52.

591 5852 870 5924 cx'qiiarto
899 5852 1037 5910 libro
1067 5868 1346 5914 comment.
1365 5852 1484 5918 ἠεξ
1517 5852 1709 5927 Matth:

2279 4607 2520 4674 έλθητεο
2569 4606 2660 4658 ἐπὶ
2689 4604 2746 4658 δὲ
2775 4602 2883 4656 τῶν
2913 4600 3080 4655 ἐθνῶν
3117 4601 3218 4655 οὐκ
3250 4597 3369 4652 εἷπε
3397 4598 3494 4667 Μὴ
3534 4595 3873 4664 εἰσέλθητε,

2282 4700 2420 4754 ἀλλὰ
2449 4699 2546 4768 Μὴ
2582 4697 2910 4766 ἀπέλθητε.

2351 4877 2499 4949 Στίχ.
2533 4884 2630 4942 ις’.
2669 4909 2736 4919 -
2781 4877 2908 4932 Ἐάν
2934 4895 3016 4941 τις
3055 4875 3134 4946 (ϐ)
3185 4876 3514 4948 περιστερᾶς
3564 4875 3877 4945 ἀφαιρῆται

2279 4971 2406 5035 τοὺς
2433 4971 2706 5036 νεοσσοὺς,
2747 4972 2806 5025 ἐν
2839 4971 2917 5040 τῷ
2957 4971 3108 5040 τόπῳ
3136 4970 3331 5040 ἐκείνῳ
3361 4969 3524 5024 πάλιν
3573 4961 3874 5024 νεοττεύει.

2280 5063 2370 5114 Διὸ
2401 5063 2496 5115 καὶ
2525 5063 2684 5132 ὑμεῖς
2703 5105 2717 5127 ,
2761 5065 2946 5134 φησιν,
2978 5062 3448 5132 ἐπιϐουλευόμενοι
3478 5078 3537 5114 τε
3562 5063 3654 5115 καὶ⁸
3680 5063 3879 5117 διωκό-

2286 5171 2437 5224 μενοι
2474 5153 2664 5225 μένετε
2703 5157 2760 5207 ὲν
2789 5158 2854 5226 τῇ
2905 5156 3012 5227 ἐμῇ
3048 5156 3230 5209 πίστει
3274 5157 3369 5208 καὶ
3405 5155 3526 5226 μηδ’
3561 5156 3700 5220 ὅλως
3743 5157 3878 5227 ἀτί-

2285 5247 2509 5300 στασθε’
2530 5247 2624 5299 καὶ
2649 5246 2839 5318 ὥσπερ
2855 5249 2882 5299 ὁ
2897 5247 3018 5323 ὄφις
3035 5247 3251 5316 φεύγων
3275 5249 3370 5302 καὶ
3393 5248 3654 5320 κρύπτων
3678 5248 3874 5302 ἑαυτὸν

2283 5338 2550 5426 σώζεται,
2581 5335 2725 5390 οὕτω
2757 5337 2853 5391 καὶ
2886 5338 3044 5407 ὑμεῖς
3077 5337 3372 5408 φεύγοντες
3411 5339 3540 5404 τοὺς
3578 5337 3876 5410 μέλλοντας

2278 5430 2524 5501 ἀναιρεῖν
2553 5429 2698 5500 ὑμᾶς
2729 5427 2983 5498 ζήσεσθε.

2356 5657 2433 5725 (4)
2463 5657 2596 5713 Ibid.
2636 5679 2688 5715 ιι.
2721 5662 2789 5715 52

2357 5734 2434 5803 (5)
2477 5730 2692 5803 Possini
2719 5736 2828 5786 cat.

2363 5801 2442 5874 (θ)
2477 5801 2610 5858 Ibid.

2863 5743 2916 5799 p.
2950 5724 3073 5782 I94.
