4162 6488
329 419 440 481 3³09

992 536 1152 592 ΚΕΦ.
1183 537 1277 591 IB'.

395 631 549 702 Στίχ.
581 627 646 694 ζ’.
665 659 735 670 —
756 629 969 682 Θυσιῶν
1003 630 1122 700 μὲν,
1149 630 1316 699 φησιν
1342 631 1440 699 (1),
1467 631 1528 682 οὐ
1558 629 1924 700 προσδέομαι,

322 723 554 795 δέχομαι
579 721 636 774 δὲ
667 722 875 784 ταύτας
898 724 962 793 τῇ
988 724 1089 792 τῆς
1124 721 1398 792 ὑμετέρας
1435 721 1718 783 ἀσθενείας
1734 720 1928 792 γνώμῃ

323 809 805 882 συγκαταϐαίνων,
849 810 1099 864 ἀπαιτῶν
1146 810 1203 861 δὲ
1235 810 1303 862 τὰ
1351 809 1440 862 δύο
1478 810 1673 872 ταῦτα,
1726 811 1825 879 τήν
1869 826 1928 861 τε

321 903 463 973 πρὸς
493 902 596 972 ἐμὲ
636 900 849 954 εὔνοιαν
888 903 982 954 καὶ
1012 901 1115 972 τὴν
1165 901 1244 963 εἰς
1295 900 1388 953 τὸν
1423 901 1593 963 πέλας
1624 899 1928 970 φιλανθρω-

325 995 478 1048 πίαψ
511 993 687 1047 ταῦτα
717 993 827 1064 γάρ
875 992 1184 1064 νομοθετῶν
1234 993 1429 1065 πρῶτα
1469 993 1711 1046 τέθεικα·
1774 993 1931 1060 Ἀγα-

320 1087 550 1151 πήσεις
591 1086 810 1154 Κύριον
844 1085 953 1140 τὸν
1003 1087 1153 1140 Θεόν
1205 1101 1324 1140 σου
1373 1085 1472 1140 καί
1514 1084 1621 1139 τὸν
1664 1085 1930 1152 πλησίον

319 1198 443 1234 σου
476 1180 558 1244 ὡς
592 1179 828 1233 ἑαυτόν.

394 1272 547 1340 Στίχ.
581 1270 674 1324 λδν.
700 1300 769 1311 --
801 1266 872 1323 Ὦ
893 1312 908 1336 ,
942 1271 1075 1340 φησὶ
1098 1309 1114 1337 ,
1145 1270 1365 1324 πάντων
1401 1270 1705 1342 ἀνθρώπων
1760 1287 1928 1342 πονη-

323 1363 548 1434 ρότατοι
599 1362 693 1416 καὶ
739 1362 882 1416 κατὰ
936 1361 1103 1433 μηδὲν
1151 1365 1216 1433 τῇ
1267 1363 1507 1432 πονηρίᾳ
1553 1361 1662 1414 τῶν
1706 1361 1928 1432 ἐχιδνῶν

320 1452 723 1522 ἀφεστηκότες
755 1453 818 1505 οὐ
843 1451 1160 1522 θαυμαστὸν
1187 1455 1235 1505 εί
1260 1453 1431 1524 μηδὲν
1459 1453 1763 1522 φθέγγεσθε
1793 1455 1931 1523 ἁγα-

323 1543 443 1607 θὺν,
481 1543 678 1597 ἕπεται
705 1543 814 1613 γὰρ
843 1547 910 1616 τῇ
945 1542 1186 1597 διαθέσει
1224 1545 1325 1613 τῆς
1358 1545 1538 1617 ψυχῆς
1569 1545 1639 1598 τὰ
1685 1549 1924 1618 ῥήματα·

321 1637 466 1692 ἀλλὰ
487 1637 606 1701 πῶς
635 1635 865 1707 εὔφημα
890 1636 1197 1706 φθέγγεσθε
1216 1677 1229 1702 ,
1255 1637 1326 1690 τὰ
1351 1637 1520 1708 χείρω
1549 1638 1928 1710 προῃρημένοι

1484 418 1549 474 IN
1615 413 2068 472 EVANGELIUM
2115 411 2471 468 MATTIIA‘ZI.

3511 419 3617 475 710

2652 532 2806 586 ctu).
2853 533 2973 588 xu.
3439 606 3443 610 η

2103 621 2268 676 Vens.
2311 623 2360 675 7.
2396 653 2465 663 ——
2500 621 2824 688 Sacriﬁciis,
2863 626 3063 694 inquit,
3087 643 3197 682 non
3240 627 3484 699 indigeo,
3523 628 3613 683 illa

2032 722 2218 770 tamen
2261 716 2509 786 suscipio
2557 731 2644 770 me
2694 727 2892 772 vestrae
2941 719 3250 774 inﬁrmitati
3304 737 3617 777 accommo-

2029 809 2168 863 dans
2197 823 2212 860 :
2253 816 2309 861 at
2337 808 2446 863 duo
2481 810 2592 863 haec
2626 811 2867 879 postulo,
2896 819 2954 865 ut
2995 827 3080 867 me
3114 827 3303 868 amore
3334 824 3387 869 et
3425 814 3618 886 proxi-

2032 915 2182 952 mum
2245 915 2524 970 quemque
2583 901 2932 956 humanitate
2993 905 3442 973 prosequamini;
3493 921 3618 976 qua:

2031 988 2177 1043 enim
2219 991 2426 1059 primas
2481 991 2626 1046 inter
2662 985 2921 1046 mandata
2969 1008 3090 1047 mea
3140 1001 3326 1048 tenent
3366 994 3615 1066 :Diliges

2031 1080 2324 1136 Dominum
2370 1082 2533 1138 Deum
2575 1095 2745 1153 tuum,
2788 1095 2839 1140 et
2861 1087 3162 1156 proximum
3206 1087 3344 1142 sicut
3392 1089 3618 1157 teipsum

2036 1171 2272 1243 (Matth.
2299 1189 2437 1240 xm,
2458 1175 2546 1240 57,
2570 1175 2690 1246 59).

2103 1263 2271 1322 Vens.
2309 1268 2488 1322 54.--
2518 1266 2584 1336 0,
2622 1269 2826 1340 inquit,
2868 1269 3158 1326 hominum
3200 1273 3447 1328 omnium
3495 1289 3621 1330 sce-

2032 1356 2320 1433 lestissimi
2361 1369 2415 1415 et
2455 1363 2667 1415 malitia
2723 1363 2929 1434 viperis
2985 1364 3222 1430 similes,
3259 1383 3370 1421 non
3408 1367 3616 1423 mirum

2033 1451 2079 1507 si
2113 1453 2249 1506 nihil
2287 1454 2418 1507 boni
2473 1454 2804 1525 loquimini;
2844 1457 3031 1512 verbis
3062 1459 3209 1512 enim
3246 1461 3452 1516 mentis
3485 1459 3620 1515 alien

2031 1552 2154 1599 ctus
2181 1549 2608 1615 exprimuntur:
2644 1560 2695 1604 et
2726 1549 3006 1619 quomodo
3039 1550 3370 1606 benedicere
3387 1553 3621 1623 potestis

2030 1638 2124 1706 qui
2177 1640 2316 1692 nihil
2366 1642 2473 1695 nisi
2536 1643 2812 1697 deteriora
2861 1644 3081 1699 sentitis
3142 1654 3197 1700 et
3232 1645 3302 1699 ad
3341 1645 3618 1702 deteriora

320 1729 588 1800 καθάπαξ
615 1730 708 1783 καί⁵
735 1727 868 1798 πρὸς
903 1729 964 1781 τὸ
993 1731 1173 1799 χεῖρον
1207 1727 1572 1793 ἐκκλίνοντεςς
1590 1736 1606 1749 '

2033 1743 2208 1800 usque
2237 1732 2565 1788 declinatis?

980 1819 1136 1880 ΚΕΦ.
1183 1818 1262 1871 ll"

2651 1825 2807 1882 CAP.
2849 1826 2990 1883 XIII.

397 1913 548 1983 Στίχ.
586 1911 686 1980 λγ’.
735 1941 806 1953 —-
859 1911 1118 1983 Ἀλεύρου
1169 1912 1245 1981 (2)
1296 1911 1610 1992 σάταπρία
1661 1911 1930 1986 Ἕλληνας

2103 1910 2272 1969 Vens.
2306 1914 2396 1969 55.
2429 1946 2501 1955 -
2535 1915 2752 1973 Farina:
2801 1928 2920 1973 sata
2971 1921 3077 1974 tria
3123 1918 3366 1987 Gra'cos,
3395 1923 3620 1983 Iudaeos

321 2003 422 2057 καὶ
456 2002 744 2065 Ἰουδαίους
770 2002 864 2056 καὶ
897 2001 1246 2072 Σαμαρείτας
1271 2001 1551 2072 ὀνομάζει·
1580 2002 1792 2068 τούτοις
1818 2007 1930 2068 τοῖς

2033 2013 2087 2060 et
2130 2006 2514 2063 Samaritanos
2561 2019 2742 2063 vocat.
2782 2009 2877 2065 llis
2923 2007 3296 2070 enim‘tribus
3350 2017 3617 2086 injectum

318 2095 506 2166 τρισὶν
535 2093 878 2165 ἐμϐληθεῖσα
907 2095 942 2164 ἡ
970 2093 1118 2165 ζύμη
1142 2091 1199 2148 ἓν
1223 2092 1455 2167 φύραμα
1479 2095 1578 2168 τὴν
1602 2096 1764 2167 φύσιν
1793 2098 1930 2153 πάν-

2035 2094 2370 2150 l'ermentum
2399 2099 2734 2168 evangelicae
2759 2100 3026 2156 doctrina:
3057 2119 3221 2159 unam
3253 2121 3320 2162 ex
3356 2110 3618 2165 omnibus

317 2201 448 2240 των
467 2186 792 2257 εἰργάσατο.

2034 2199 2276 2240 massam
2315 2187 2692 2244 commiscuit.

2656 2277 2810 2332 CAP.
2855 2278 2973 2335 XIV

2104 2364 2270 2422 Vens.
2313 2367 2626 2424 l.—Alius
2681 2377 2766 2424 est
2807 2370 3056 2429 Herodes
3090 2389 3207 2440 rex,
3247 2375 3390 2432 alius
3420 2384 3621 2434 tetrar-

2033 2460 2137 2512 cha
2173 2460 2319 2516 ﬁlius
2360 2460 2504 2530 ejus.
2560 2461 2772 2527 Etenim
2804 2477 2927 2535 post
2957 2467 3167 2523 obitum
3203 2472 3350 2541 regis
3383 2469 3620 2529 Herodis

2035 2549 2088 2602 in
2149 2554 2483 2609 tetrarclnas
2532 2555 2840 2611 diviserunt
2888 2557 3126 2615 Romani
3177 2577 3408 2632 regnum
3470 2564 3618 2636 ejus.

2034 2641 2239 2697 [larum
2279 2662 2440 2700 unam
2483 2647 2628 2703 [ilius
2661 2648 2784 2718 ejus
2819 2651 3082 2718 obtinuit,
3110 2653 3200 2708 hic
3233 2657 3326 2724 qui
3362 2654 3619 2712 Prtecur-

2033 2750 2214 2790 sorem
2271 2737 2590 2795 decollavit.
2615 2739 2792 2811 Cujus
2829 2745 3056 2800 sceleris
3112 2760 3307 2815 pmnas
3359 2763 3473 2802 non
3521 2749 3620 2806 diu

2035 2837 2159 2898 post
2188 2829 2357 2884 dedit.

981 2277 1140 2330 ΚΕΦ.
1183 2278 1280 2332 ΙΔν.

396 2370 552 2441 Στίχ.
588 2376 656 2424 α’.
677 2400 747 2411 —
765 2369 997 2441 ’Έτερός
1020 2371 1097 2441 (5)
1133 2372 1282 2424 ἐστιν
1308 2371 1553 2447 Ἡρώδης
1579 2375 1608 2427 ὁ
1642 2374 1930 2445 βασιλεὺς,

317 2463 421 2517 καὶ
466 2462 654 2532 ἕτερος
686 2464 715 2515 ὁ
743 2461 1053 2534 τετράρχης
1086 2463 1113 2513 ὁ
1143 2463 1257 2527 υίὸς
1291 2464 1482 2518 αὐτοῦ.
1517 2467 1675 2519 Μετὰ
1700 2466 1809 2538 γὰρ
1839 2468 1930 2521 τὸν

316 2555 418 2609 τοῦ
447 2554 712 2625 βασιλέως
749 2552 990 2624 Ἡρώδου
1022 2551 1255 2608 θάνατον
1276 2557 1356 2619 είς
1382 2559 1714 2630 τετραρχίας
1736 2559 1930 2613 διεῖλον

317 2649 373 2701 οἱ
419 2648 684 2718 Ῥωμαῖοι
720 2647 819 2716 τὴν
855 2645 1137 2716 βασιλείαν
1172 2647 1339 2700 αὑτοῦ
1364 2691 1380 2716 ,
1427 2652 1454 2703 ὁ
1489 2651 1545 2704 δὲ
1579 2650 1768 2704 τούτου
1813 2652 1931 2717 υίὸς

316 2739 382 2795 ἓν
419 2740 588 2812 μέρος
636 2738 734 2810 τῆς
767 2736 1100 2811 τετραρχίας
1147 2734 1330 2810 εἶχεν·
1375 2735 1528 2806 οὗτος
1571 2741 1624 2794 ἃ
1667 2738 1733 2814 ἦν
1766 2744 1794 2796 ὁ
1840 2743 1931 2796 τὸν

319 2833 644 2904 Πρόδρομον
675 2832 1070 2904 καρατομήσας
1093 2871 1109 2896 ,
1147 2832 1240 2883 καὶ
1285 2831 1373 2886 διὰ
1417 2832 1582 2887 τοῦτο
1612 2833 1768 2899 δίκας
1799 2833 1933 2889 ἔδω·

319 2941 422 2980 κεν
446 2925 545 2978 οὐκ
569 2926 650 2988 εἰς
689 2923 932 2996 μακράν.

399 3016 548 3087 Στίχ.
584 3015 684 3072 κε’.
710 3045 785 3056 -—
815 3016 1097 3088 Τετάρτην
1125 3016 1202 3086 (ἑ)
1243 3015 1393 3085 λέγει
1434 3016 1678 3089 φυλακὴν
1709 3019 1806 3090 τῆς
1835 3037 1931 3075 νυ-

322 3111 457 3176 κτὸς
491 3110 589 3183 τὴν
624 3110 887 3182 τριωρίαν
920 3110 1017 3182 τὴν
1056 3110 1197 3165 μετὰ
1248 3110 1348 3183 τὴν
1397 3111 1598 3184 ἐνάτην
1636 3111 1787 3184 ὥραν
1833 3115 1932 3186 τῆς

317 3201 541 3266 νυκτός.
975 3221 979 3229 ‘

989 3297 1148 3350 ΚΕΦ.
1187 3296 1290 3351 ΙΕ’.

395 3387 549 3458 Στίχ.
578 3394 667 3456 ιγ’.
689 3387 1069 3458 -Μανιχαῖοι
1101 3389 1158 3442 δὲ
1191 3387 1506 3459 βουλόμενοι
1535 3387 1808 3441 δεικνύναι
1841 3389 1934 3442 τὸν

317 3481 492 3550 νόμον
530 3481 631 3532 οὐκ
690 3474 829 3532 εἶναι
879 3479 974 3532 τοῦ
1029 3479 1242 3548 Πατρὸς
1288 3479 1380 3532 τοῦ
1432 3475 1708 3550 Χριστοῦ,
1761 3477 1932 3549 ταύτῃ

317 3573 628 3644 κέχρηνται
666 3573 730 3642 τῇ
774 3571 1076 3642 μαρτυρίᾳ,
1112 3573 1364 3624 πλεῖστον
1387 3572 1510 3624 ὅσον
1535 3572 1634 3641 τῆς
1673 3569 1933 3641 ἀληθείας

2108 3006 2278 3063 Vens.
2300 3006 2391 3062 25.
2413 3041 2484 3050 --
2502 3009 2766 3076 Quartam
2798 3021 2959 3070 vocat
2987 3016 3166 3072 noctis
3189 3004 3427 3088 vigiliam
3452 3020 3622 3076 trium

2035 3098 2298 3153 horarum
2342 3102 2583 3171 spatium
2633 3119 2754 3173 quae
2797 3111 2925 3175 post
2971 3120 3175 3161 nonam
3210 3108 3393 3164 noctis
3427 3109 3624 3167 horam

2039 3193 2492 3247 numerabantur.

2669 3285 2825 3342 CAP.
2869 3287 2986 3344 XV.

2112 3373 2276 3431 Vens.
2317 3376 2403 3432 15.
2431 3375 2639 3432 -Ηοο
2676 3378 2902 3449 quidem
2938 3381 3318 3438 testimonium
3350 3393 3623 3458 usurpant

2036 3465 2322 3521 Manichaai
2376 3479 2434 3521 ut
2485 3471 2718 3538 probent
2767 3471 2939 3542 legem
2983 3489 3094 3526 non
3135 3475 3308 3530 fuisse
3350 3491 3380 3530 a
3415 3477 3625 3533 Christi

2035 3557 2198 3614 Patre
2251 3563 2640 3626 constitutam,
2670 3564 2764 3616 sed
2827 3580 2990 3633 quam
3045 3565 3367 3635 longissime
3408 3584 3437 3622 a
3474 3570 3620 3624 veri-

2036 3659 2150 3706 tate
2195 3652 2479 3707 aberrant.
2519 3652 2620 3708 llic
2650 3657 2796 3708 enim
2834 3671 2941 3709 non
2979 3658 3161 3726 agitur
3196 3658 3265 3714 de
3304 3659 3438 3727 legis
3482 3675 3622 3730 pra}-

2036 3747 2231 3816 ceptis,
2267 3747 2362 3802 sed
2398 3750 2464 3802 de
2491 3745 2896 3802 Pharisaeorum
2945 3751 3233 3816 doctrinis,
3266 3752 3381 3822 qui,
3411 3753 3624 3822 Opinio-

2035 3841 2200 3896 nibus
2239 3843 2358 3896 suis
2391 3840 2760 3911 indulgentes,
2796 3844 3025 3898 asseclis
3061 3845 3176 3898 suis
3205 3845 3553 3916 disciplinam
3590 3862 3624 3902 a

2035 3931 2154 4004 lege
2178 3935 2642 4003 quamplurimum
2681 3935 3100 3990 dissentientem
3127 3938 3505 4006 inculcabant,
3539 3941 3620 3995 uti

2034 4026 2119 4080 vel
2150 4026 2268 4094 ipse
2294 4022 2548 4078 Salvator
2567 4025 2701 4080 illud
2719 4027 2801 4081 eis
2835 4042 3003 4096 supra
3027 4041 3215 4096 aperte
3241 4031 3620 4100 exprobravit.

2107 4116 2280 4173 Vens.
2311 4119 2400 4173 54.
2421 4147 2494 4158 —-
2518 4118 2774 4173 Nondum
2816 4120 3204 4176 intellexerant
3227 4121 3517 4178 DOminum
3555 4128 3622 4181 ad

2035 4211 2467 4263 conﬁrmandam
2523 4209 2684 4265 tidem
2736 4212 3032 4266 consilium
3065 4215 3278 4283 cepisse
3312 4216 3468 4272 cibos
3501 4233 3626 4271 rur-

2036 4317 2134 4358 sus
2164 4302 2304 4356 mira
2337 4302 2554 4357 ratione
2586 4303 3017 4372 multiplicandi,
3050 4305 3172 4360 licet
3205 4307 3257 4360 id
3291 4309 3469 4378 ipsum
3509 4312 3624 4366 haec

314 4405 604 4478 ερώτησις
638 4407 719 4467 είς
751 4403 913 4458 τοῦτο
945 4405 1080 4458 αὐτὸ
1112 4404 1467 4474 διανίστησιν,
1499 4404 1574 4466 ὡς
1607 4405 1635 4455 ὁ
1681 4402 1930 4472 Ἰωάννης

2036 4394 2397 4464 interrogatio
2451 4395 2799 4462 intenderet,
2837 4398 3002 4451 sicuti
3043 4399 3205 4452 docet
3259 4401 3396 4455 illud
3450 4400 3623 4459 Joan-

313 4498 573 4553 διδάσκει
602 4496 682 4566 τῷ
707 4512 721 4528 ·
763 4497 958 4551 Πόθεν
983 4494 1360 4568 ἁγοράσομεν
1405 4493 1652 4566 ἄρτους,
1687 4496 1787 4550 ἵνα
1816 4494 1930 4564 φά-

2036 4488 2124 4543 nis
2150 4506 2162 4542 :
2191 4485 2338 4542 Unde
2365 4504 2597 4542 amemus
2629 4503 2789 4557 panes
2811 4499 2866 4542 ut
2897 4491 3216 4545 manducent
3245 4492 3340 4550 hi?

315 4606 520 4664 τωσιν
543 4586 748 4655 οὗτοι;
1387 4580 1394 4595 ³
1963 4597 2006 4652 D
2041 4593 2050 4600 ”

410 4681 699 4737 Ἐϐούλετο
735 4679 846 4752 γὰρ
885 4678 1352 4750 διαγυμνάζεσθαι
1386 4679 1484 4750 τὴν
1522 4678 1629 4733 τῶν
1667 4677 1928 4750 μαθητῶν

307 4778 505 4850 ψυχὴν
549 4777 630 4839 είς
660 4775 724 4828 τὸ
762 4773 1042 4827 πιστεύειν
1085 4776 1152 4844 τῇ
1189 4773 1310 4843 θείᾳ
1343 4772 1508 4826 αὑτοῦ
1553 4771 1813 4839 δυνάμει,
1845 4769 1926 4821 ὅτι

313 4875 404 4944 μὴ
436 4870 620 4936 λόγοις
653 4868 839 4939 μόνον,
863 4865 1002 4920 ἀλλὰ
1025 4868 1120 4920 καὶ
1140 4864 1324 4937 ἔργοις
1350 4867 1476 4928 τοὺς
1493 4860 1927 4923 ,ἀκολουθοῦντας

307 4964 639 5020 ἐπαίδευεν.
861 4969 872 4974 ⁷

395 5057 514 5109 Ούκ
547 5052 870 5123 ἀγνοοῦντος
896 5053 930 5124 ἡ
960 5048 1254 5122 ἐρώτησις,
1282 5049 1398 5103 ἀλλ’
1431 5049 1526 5120 ἐπὶ
1552 5047 1653 5119 τὴν
1675 5045 1930 5116 αἴσθησιν

303 5151 422 5220 τῆς
461 5147 659 5201 ἑαυτοῦ
683 5146 968 5217 δυνάμεως
1001 5143 1309 5212 ἐνάγοντος.

314 3665 737 3733 ἀποσφαλέντες
766 3683 777 3695 ·
814 3667 875 3718 οὑ
920 3665 1029 3736 γὰρ
1080 3666 1210 3736 περὶ
1260 3665 1359 3736 τῆς
1399 3665 1541 3717 κατὰ
1580 3663 1744 3733 νόμον
1784 3663 1933 3731 λέγει

314 3762 636 3830 διαγωγῆς,
687 3759 825 3812 ἀλλὰ
883 3758 985 3829 τῆς
1032 3757 1141 3811 τῶν
1181 3758 1493 3828 Φαρισαίων
1540 3757 1840 3828 αἱρέσεως,
1883 3755 1932 3807 οἳ

312 3854 447 3914 ταῖς
487 3851 718 3913 οἰκείαις
751 3850 1016 3914 ἐπινοίαις
1049 3851 1279 3903 πλεῖστα
1327 3848 1546 3902 ἐναντία
1577 3850 1705 3912 τοὺς
1745 3846 1931 3901 πειθο-

319 3944 524 4016 μένους
555 3945 738 4006 αὐτοίς
763 3944 1134 4008 ὲξεπαίδευον,
1163 3942 1346 4006 καθὼς
1375 3943 1472 3997 καὶ
1491 3942 1653 4003 αὐτὸς
1682 3941 1933 4014 ὁΚύριος

313 4037 588 4108 ἀνωτέρω
610 4036 861 4104 φαίνεται
893 4036 1079 4107 σαφῶς
1105 4036 1346 4106 ἐλέγχων
1378 4034 1598 4099 αὐτούς.

399 4128 550 4198 Στίχ.
583 4127 678 4180 λδ’.
713 4155 785 4167 ——
811 4126 979 4180 Ούπω
1007 4127 1108 4198 τὴν
1131 4126 1388 4198 βούλησιν
1417 4125 1659 4195 συνῆκαν
1679 4167 1692 4190 ,
1721 4126 1803 4179 ὅτι
1830 4124 1932 4197 τὴν

313 4219 421 4276 ἐπὶ
453 4223 574 4284 ταῖς
602 4221 836 4288 τροφαῖς
865 4215 1024 4282 αὖθις
1055 4217 1508 4288 θαυματουργίαν
1539 4217 1682 4288 ὑπὲρ
1715 4217 1816 4287 τῆς
1841 4217 1930 4270 πίε

316 4329 504 4374 στεως
544 4313 573 4363 ὁ
605 4313 811 4382 Κύριος
856 4309 1111 4364 ἐϐούλετο
1137 4310 1539 4383 παρασχέσθαι,
1569 4310 1748 4363 καίτοι
1777 4311 1810 4381 ἡ
1843 4313 1935 4364 επ·

2106 4667 2375 4736 Cupiebat
2412 4667 2559 4720 enim
2611 4666 2686 4721 ita
2719 4666 2961 4722 animam
3009 4667 3410 4740 discipulorum
3466 4672 3628 4728 insti-

2035 4766 2190 4813 tuere
2219 4769 2275 4812 ut
2306 4757 2419 4827 jam
2463 4774 2572 4814 non
2606 4760 2673 4813 de
2724 4759 2913 4814 divina
2945 4762 3122 4828 ipsius
3165 4765 3372 4818 virtute
3407 4764 3630 4821 dubita-

2035 4861 2179 4918 rent,
2217 4853 2449 4922 ideoque
2479 4852 2771 4908 erudiebat
2811 4869 2907 4909 eos
2939 4869 3052 4908 non
3107 4858 3465 4913 sermonibus
3507 4869 3632 4914 lan-

2036 4953 2179 5009 ttun,
2205 4943 2302 4998 sed
2335 4943 2621 5015 operibus.

2109 5035 2424 5106 lnterrogat
2457 5052 2564 5091 non
2593 5039 2754 5108 quasi
2785 5040 3019 5111 ignoret,
3053 5043 3147 5100 sed
3181 5050 3242 5098 ut
3281 5041 3490 5099 clarius
3519 5043 3631 5096 vir-

2033 5137 2206 5185 tutem
2254 5145 2411 5185 suam
2448 5129 2816 5188 demonstret.

1815 5249 1969 5307 CAP.
2012 5246 2148 5302 XVI.

2201 5313 2228 5321 ς

400 5357 568 5414 Vens.
605 5358 659 5413 5.
694 5387 766 5397 -
799 5355 1068 5410 Dominus
1121 5354 1267 5409 enim
1308 5350 1564 5407 Christus
1595 5347 1672 5421 (5)
1694 5353 1814 5402 erat
1853 5344 2076 5416 quidem
2129 5353 2183 5398 et
2223 5341 2366 5397 Deus
2398 5349 2453 5397 et
2491 5341 2672 5406 homo,
2708 5350 3006 5413 utrumque
3036 5343 3340 5399 secundum
3373 5349 3630 5399 naturan

309 5455 623 5510 similiter:
642 5469 709 5508 ex
736 5452 913 5506 altero
937 5449 1159 5520 quidem
1186 5457 1484 5514 apparens,
1509 5455 1573 5494 ex
1598 5439 1773 5492 altero
1797 5450 1925 5491 vero
1953 5439 2142 5504 utpote
2165 5431 2469 5488 s'ecundum
2497 5441 2751 5484 naturam
2773 5430 3038 5492 divinam,
3063 5431 3360 5486 invisibilis
3377 5443 3628 5487 exstans.

313 5551 462 5606 Erat
495 5561 680 5606 autem
717 5563 889 5603 unum
923 5545 1150 5616 quidem
1203 5539 1470 5598 omnibus
1527 5532 1888 5591 manifestum
1941 5534 2133 5600 utpote
2180 5526 2329 5597 quod
2377 5524 2723 5596 apparebat:
2779 5522 3056 5578 hominem
3087 5525 3234 5577 enim
3269 5537 3395 5579 eum
3436 5538 3628 5580 omnes

2102 5735 2179 5805 (4)
2203 5733 2282 5805 Ex
2298 5733 2499 5805 Catena
2513 5728 2856 5805 Grameri,_ut
2869 5729 3155 5805 sequentia
3173 5728 3287 5805 duo_
3298 5727 3628 5801 fragmenta.

2032 5835 2034 5837 >
2105 5798 2522 5880 Facund._I.
2566 5802 2602 5856 Ι.
2635 5816 2734 5880 ix,
2869 5798 3101 5880 Videtur
3137 5800 3242 5880 hoc
3265 5798 3628 5880 fragmentum

2032 5870 2174 5940 ex‘lJ
2195 5873 2434 5949 quodam
2459 5872 2739 5932 Theodori
2777 5870 3090 5945 dogmatieo
3120 5871 3529 5946 depromptum.

405 5757 482 5828 (Ι)
526 5755 742 5828 Possini
763 5762 875 5812 cat.
917 5748 1124 5826 p.202.

405 5827 484 5897 (ι)
523 5827 660 5884 Ibid.

408 5900 483 5970 (5)
525 5897 660 5955 una.
