4162 6476
3717 428 3822 483 719.

543 429 638 510 7n
1745 413 2096 487 rneonom
2131 414 2612 486 MorsuEsTEnt

542 583 674 627 tunc
724 568 988 642 temporis
1035 569 1382 627 aestimabant
1427 581 1580 632 esse,
1622 573 1678 622 et
1729 568 1966 638 amplius
2011 569 2170 624 nihil.
2205 568 2362 636 Quod
2396 571 2542 625 enim
2575 569 2632 624 in
2665 566 2760 623 illo
2789 567 3016 635 latebat,
3061 569 3318 624 omnibus
3349 573 3468 622 erat
3498 563 3824 621 incredibile

545 667 732 738 priore
764 673 1012 737 tempore
1043 685 1057 722 :
1094 665 1190 722 sed
1225 679 1291 718 ex
1324 663 1713 734 magnitudine
1736 679 1930 720 eorum
1963 680 2085 735 quae
2110 666 2260 720 circa
2289 667 2440 721 illum
2500 668 2826 737 agebantur.
2856 673 2912 722 et
2939 665 3182 722 novitate
3213 663 3632 725 miraculorum.
3669 676 3825 732 quae-

542 776 762 830 cunque
787 762 853 815 ad
882 759 1192 815 doctrinam
1222 759 1529 839 videntium
1562 759 1834 832 efficiebat
1859 799 1876 826 ,
1910 770 1966 816 et
2001 777 2066 816 ex
2113 762 2290 834 gratia
2327 763 2506 818 sancti
2541 761 2784 834 Spiritus
2814 763 2907 834 qui
2939 777 3108 834 super
3137 762 3420 832 apostolos
3445 759 3620 822 venit,
3659 758 3822 812 intelo

545 857 723 912 lectus
748 865 834 911 est
865 867 1056 927 postea
1087 863 1142 910 et
1173 855 1418 910 creditus
1445 870 1612 910 verus
1647 854 1816 920 Deus,
1849 858 2224 913 essentialiter
2249 868 2478 915 exstans
2510 857 2684 912 Filios
2721 873 2882 914 verus
2913 857 3010 914 Dei
3047 857 3262 912 aeterni.
3295 852 3568 921 Quoniam
3601 865 3735 905 vero
3767 853 3822 904 in

547 951 732 1023 priore
777 958 1026 1020 ten'ipore
1075 948 1436 1020 ignorabatur
1476 947 1581 1002 hoc
1616 947 1922 1003 secundum
1956 950 2254 1004 essentiam
2287 961 2528 1014 exstare,
2577 965 2643 1005 ex
2691 966 2760 1006 eo
2784 958 2968 1006 autem
3003 947 3151 1019 quod
3185 946 3480 1018 apparebat
3508 939 3825 996 videntibus

545 1042 712 1097 homo
744 1057 919 1111 purus
951 1043 1272 1114 putabatur,
1305 1039 1608 1094 secundum
1645 1039 1923 1096 hominem
1949 1043 2234 1112 pleraque,
2267 1050 2322 1096 et
2353 1043 2660 1099 secundum
2711 1059 2835 1099 eam
2869 1059 2992 1114 quae
3021 1042 3321 1114 apparebat
3342 1046 3597 1093 naturam
3627 1035 3821 1103 loque-

546 1134 730 1190 batur.
766 1133 832 1187 Et
862 1134 979 1189 haec
1008 1150 1075 1189 ex
1105 1133 1191 1191 bis
1222 1151 1347 1204 quae
1379 1138 1433 1192 in
1460 1137 1758 1209 Evangelio
1793 1139 2000 1209 scripta
2031 1153 2155 1195 sunt
2185 1139 2367 1210 quivis
2399 1139 2640 1196 inveniet
2679 1139 3127 1194 animadvertens
3156 1135 3440 1191 attentius.

617 1230 909 1286 Proximus
941 1230 1017 1302 (l)
1047 1233 1211 1286 etiam
1245 1233 1491 1302 passioni
1515 1233 1583 1288 ad
1606 1233 1912 1304 discipulos
1938 1233 2207 1292 Dominus
2228 1236 2402 1289 dixit:
2431 1234 2490 1290 Si
2519 1251 2602 1289 me
2626 1236 2854 1301 sciretis,
2886 1235 3066 1305 utique
3092 1242 3142 1287 et
3175 1230 3392 1285 Patrem
3417 1242 3591 1283 meum
3614 1223 3824 1280 sciretis

472 1367 476 1370 .
547 1323 730 1394 (Joan.
759 1340 878 1389 vm,
907 1325 993 1398 l9)
1012 1345 1027 1394 ;
1047 1335 1101 1382 et
1127 1327 1194 1382 ad
1224 1325 1535 1395 Philippum
1569 1339 1585 1381 ε
1618 1326 1790 1381 Tanto
1817 1334 2051 1396 tempore
2079 1327 2347 1381 vobiscum
2373 1343 2516 1392 sum,
2541 1335 2592 1381 et
2625 1343 2730 1381 non
2761 1326 3075 1397 cognovistis
3097 1327 3220 1380 me?
3243 1321 3428 1393 (loan.
3453 1318 3664 1390 κιν,9.)
3689 1316 3821 1370 Phi-

546 1419 700 1486 lippe,
729 1421 821 1492 qui
843 1420 980 1476 videt
1003 1439 1108 1486 me,
1133 1421 1270 1475 videt
1291 1432 1340 1478 et
1365 1422 1587 1478 Patrem
1618 1439 1822 1488 meum;
1846 1423 2146 1480 ostendens
2170 1425 2434 1495 quoniam
2465 1440 2644 1494 neque
2667 1425 2910 1480 divinam
2945 1431 3202 1481 naturam
3237 1421 3484 1478 sciebant
3515 1415 3820 1488 Unigeniti,

545 1529 723 1585 neque
775 1514 946 1570 Deum
1005 1519 1259 1574 sciebant
1311 1533 1501 1572 verum
1538 1517 1778 1574 Patrem.
1819 1519 1974 1574 Unde
2021 1536 2200 1591 neque
2252 1522 2523 1576 dicentem
2553 1521 2622 1576 de
2653 1522 2878 1592 preprio
2908 1519 3071 1576 Patre
3099 1517 3267 1574 veluti
3297 1513 3366 1568 de
3399 1511 3510 1567 Deo
3545 1511 3820 1564 dicentem

543 1605 897 1674 aliquatenus
931 1610 1293 1668 advertebant
1329 1634 1342 1669 :
1377 1615 1473 1669 sed
1510 1615 1686 1671 divisa
1720 1615 2084 1687 intelligentia
2115 1618 2304 1672 eadem
2338 1619 2458 1688 ipsa
2499 1619 2768 1688 putabant
2796 1618 2963 1673 etiam
3011 1617 3128 1673 illa.
3170 1614 3313 1671 Hinc
3345 1613 3511 1670 etiam
3543 1609 3821 1664 adductus

542 1705 626 1751 εει
650 1698 944 1773 Philippus
973 1704 1040 1759 ad
1074 1704 1366 1764 dicendum
1397 1725 1410 1760 :
1449 1707 1680 1762 Ostende
1708 1709 1859 1763 nobis
1894 1707 2136 1774 Patrem,
2168 1718 2218 1763 et
2252 1711 2444 1780 sufﬁcit
2477 1710 2627 1764 nobis
2657 1709 2840 1781 (Joan.
2871 1726 2984 1775 le,
3015 1708 3091 1781 8).
3125 1706 3184 1764 Si
3214 1707 3362 1762 enim
3391 1703 3560 1759 sciret
3585 1701 3820 1769 integre,

543 1788 672 1858 quia
706 1788 922 1848 Patrem
959 1811 1119 1850 suum
1153 1797 1368 1855 dicebat
1399 1817 1557 1868 etun,
1589 1803 1681 1873 qui
1716 1818 1774 1858 re
1807 1818 1936 1858 vera
1969 1803 2093 1872 ejus
2123 1813 2270 1859 esset
2299 1815 2479 1876 pater,
2511 1822 2580 1861 ex
2610 1822 2721 1877 quo
2753 1813 2873 1862 erat
2903 1820 3031 1861 vere
3059 1805 3204 1860 sicut
3232 1803 3378 1858 Deus
3409 1816 3474 1856 ex
3505 1797 3636 1862 Deo.
3671 1812 3821 1850 nu"-

543 1903 708 1958 quam
761 1889 1034 1956 dixisset,
1082 1897 1298 1951 ostende
1343 1898 1494 1954 nobis
1545 1899 1762 1956 Patrem
1805 1908 1991 1963 tuum,
2027 1902 2167 1957 bene
2215 1903 2398 1959 sciens
2432 1903 2561 1973 quia
2595 1905 2891 1960 invisibilis
2917 1911 3003 1959 est
3029 1898 3347 1958 hominibus
3377 1893 3563 1949 divina
3600 1899 3820 1945 natura.

541 1975 959 2049 Cousequeuter
983 1983 1170 2055 itaque
1197 1996 1251 2042 et
1282 1987 1551 2045 Dominus
1581 1991 1722 2046 dixit
1751 1991 1816 2046 ad
1852 1993 2005 2049 illum
2030 2011 2042 2046 :
2072 1986 2242 2049 Tanto
2273 2003 2501 2063 tempore
2527 1993 2798 2049 vobiscum
2831 2010 2970 2062 sunt,
2993 2001 3043 2047 et
3068 2007 3172 2046 non
3205 1984 3522 2059 cognovistis
3549 1997 3654 2044 me,
3689 1979 3823 2034 Phi.

544 2069 722 2138 “P196?
751 2072 919 2144 (Ibid.
953 2075 1031 2147 9.)
1074 2077 1226 2137 Velle
1251 2083 1399 2137 enim
1433 2081 1650 2140 Patrem
1681 2070 1887 2152 videre,
1922 2086 2186 2143 indicium
2218 2091 2339 2144 erat
2379 2104 2447 2144 eo
2490 2089 2640 2160 quod
2671 2105 2853 2161 neque
2887 2090 3067 2161 ipsum
3099 2087 3265 2143 sciret
3297 2083 3422 2154 quis
3443 2089 3592 2136 esset
3624 2092 3828 2133 secun-

541 2167 672 2222 dum
709 2180 1004 2237 naturam,
1042 2191 1222 2246 neque
1265 2194 1431 2248 quem
1461 2178 1672 2235 diceret
1717 2180 1933 2242 Patrem
1960 2197 2115 2250 esse,
2146 2182 2321 2240 Filius
2349 2199 2416 2241 ex
2460 2200 2527 2239 eo
2556 2195 2804 2241 exstans.
2836 2181 2904 2240 Et
2930 2185 3185 2256 aperiens
3217 2179 3324 2234 boc
3353 2176 3534 2248 ipsum
3561 2172 3772 2228 addidit
3810 2187 3825 2224 :

543 2261 648 2328 Qui
679 2266 816 2319 videt
853 2282 956 2330 me.
986 2267 1125 2320 videt
1149 2282 1194 2322 et
1229 2269 1470 2328 Patrem.
1508 2275 1565 2328 Si
1592 2276 1738 2330 enim
1777 2279 2130 2347 cognoveris,
2162 2277 2366 2348 inquit,
2398 2277 2528 2350 quis
2555 2279 2683 2344 sim,
2713 2293 3021 2350 cognosces
3051 2284 3107 2332 et
3136 2273 3311 2339 illum,
3343 2267 3646 2326 secundum
3680 2263 3826 2336 quod

542 2356 808 2424 possibile
836 2365 944 2420 est,
979 2372 1077 2427 per
1101 2374 1188 2413 me
1211 2364 1599 2434 contemplans
1621 2362 1805 2421 Patris
1831 2375 2113 2436 naturam,
2139 2369 2298 2438 cujus
2326 2384 2447 2425 sum
2478 2368 2653 2425 Filius
2683 2385 2747 2424 ex
2777 2371 2896 2441 ipso
2919 2377 3148 2426 exstans
3173 2363 3474 2432 secundum
3505 2359 3827 2422 essentiam,

541 2461 596 2505 ct
631 2452 881 2522 ejusdem
911 2469 1038 2509 cum
1068 2457 1162 2510 illo
1203 2467 1433 2513 exstans
1473 2460 1750 2514 essentia}.
1784 2459 2056 2527 Quoniam
2104 2477 2238 2516 vero
2271 2462 2454 2518 nescis
2482 2477 2593 2526 me,
2623 2478 2802 2534 neque
2834 2460 3056 2517 Patrem
3101 2475 3282 2515 meum
3318 2457 3429 2513 scis
3460 2468 3624 2526 quem
3657 2451 3784 2506 dico
3814 2469 3825 2504 :

540 2555 885 2612 cognoscens
915 2552 1096 2600 autem
1132 2562 1240 2614 me,
1276 2562 1582 2619 cognosces
1616 2559 1670 2606 et
1695 2549 1911 2606 Patrem
1940 2567 2104 2622 quem
2138 2552 2252 2607 dixi
2289 2567 2303 2605 :
2336 2568 2424 2609 me
2449 2552 2642 2610 videns
2677 2553 3145 2625 contemplatione
3177 2547 3579 2622 intelligentia,
3619 2561 3714 2615 per
3743 2560 3828 2598 me

541 2635 756 2692 videbis
796 2639 1023 2694 omnino
1049 2641 1216 2694 etiam
1247 2639 1425 2696 illum.
1452 2641 1683 2697 Addidit
1714 2643 1882 2697 etiam
1914 2663 1927 2699 :
1977 2642 2152 2714 Usque
2193 2659 2333 2699 nunc
2382 2646 2518 2700 nihil
2553 2647 2758 2717 petistis
2790 2647 2844 2699 in
2880 2645 3089 2699 nomine
3116 2659 3228 2697 meo
3259 2639 3441 2712 (Joan.
3467 2652 3578 2700 va,
3615 2634 3729 2706 εἰ).
3767 2634 3829 2688 Et

541 2731 795 2785 aperiens
842 2731 1106 2798 quoniam
1157 2731 1395 2787 necdum
1442 2732 1684 2788 divinam
1722 2743 1978 2790 naturam
2005 2735 2127 2806 ejus
2183 2737 2591 2809 intelligentes,
2625 2755 2808 2809 neque
2847 2738 3132 2793 orationes
3175 2738 3226 2791 ei
3270 2732 3575 2789 offerebant
3619 2736 3678 2784 ut
3720 2726 3830 2824 Deo

540 2829 723 2890 neque
749 2825 1046 2891 petitiones
1073 2823 1288 2893 aliquas
1316 2821 1371 2875 in
1403 2821 1525 2890 ejus
1554 2823 1779 2878 nomine
1812 2823 2109 2888 faciebant,
2141 2826 2286 2882 sicut
2316 2829 2606 2898 oportebat
2639 2830 2824 2886 facere
2856 2829 2913 2884 in
2945 2828 3176 2884 nomine
3200 2825 3296 2882 Dei
3330 2823 3603 2882 exstantis
3628 2832 3681 2878 et
3704 2819 3828 2876 Filii

542 2913 638 2971 Dei
670 2918 916 2972 omnium
946 2937 960 2972 :
995 2926 1051 2974 et
1078 2919 1208 2989 quia
1243 2926 1469 2988 propter
1503 2917 1646 2973 banc
1677 2934 1870 2974 eorum
1915 2920 2291 2976 infirmitatem
2323 2922 2381 2978 in
2429 2925 2890 2980 similitudinibus
2918 2924 2988 2980 de
3011 2921 3176 2978 Patre
3202 2921 3557 2992 loquebatur,
3585 2931 3652 2973 eo
3680 2913 3828 2988 quod

540 3023 723 3081 neque
746 3010 826 3066 illi
857 3019 1160 3082 potuerunt
1190 3014 1404 3086 integre
1429 3017 1575 3070 scire
1605 3030 1668 3071 ea
1691 3032 1814 3086 qua:
1838 3016 2175 3089 dicerentur,
2197 3021 2282 3075 vel
2307 3020 2376 3076 de
2397 3037 2509 3093 quo
2534 3022 2742 3079 diceret
2766 3021 2953 3088 Patre,
2977 3021 3063 3077 vel
3092 3019 3331 3092 qualiter
3355 3024 3626 3082 exstante,
3649 3014 3836 3070 adhuc

540 3107 791 3179 apertius
821 3107 1118 3164 indicatur.
1154 3108 1299 3164 Dixit
1325 3110 1470 3165 enim
1508 3129 1522 3165 :
1559 3110 1690 3166 Haec
1717 3113 1770 3166 in
1804 3114 2081 3183 parabolis
2111 3115 2319 3170 locutus
2348 3133 2468 3170 sum
2492 3117 2673 3183 vobis;
2704 3119 2844 3172 venit
2872 3118 3040 3183 hora,
3068 3111 3281 3188 quando
3315 3125 3416 3166 non
3436 3110 3558 3180 jam
3586 3111 3642 3163 in
3667 3123 3833 3180 para-

539 3199 686 3256 bolis
710 3201 904 3270 loquar
927 3202 1094 3264 vobis,
1117 3203 1207 3257 sed
1234 3201 1528 3258 manifeste
1552 3205 1616 3258 de
1641 3203 1805 3258 Patre
1827 3205 2160 3260 annuntiabo
2181 3207 2328 3262 vobis
2351 3206 2535 3280 (Joan.
2570 3225 2684 3274 xvt,
2722 3209 2838 3281 25).
2871 3209 3017 3275 Quid
3047 3217 3229 3266 autem
3254 3215 3374 3263 erat
3402 3205 3549 3279 quod
3581 3208 3648 3262 de
3672 3205 3834 3262 Patre

539 3305 653 3346 non
688 3293 980 3350 manifeste
1011 3296 1256 3364 dixerat,
1289 3299 1398 3354 nisi
1430 3301 1560 3370 quia
1596 3317 1655 3356 re
1685 3317 1811 3356 vera
1851 3302 2097 3357 divinam
2146 3317 2400 3360 naturam
2435 3303 2718 3376 Unigeniti
2749 3306 3093 3371 nesciebant,
3129 3323 3195 3361 ex
3221 3320 3332 3376 quo
3363 3312 3589 3376 possent
3614 3302 3834 3359 discere

539 3383 713 3440 Deum
741 3386 983 3451 Patrem,
1016 3390 1112 3461 qui
1146 3407 1211 3446 ex
1241 3402 1395 3448 certo
1419 3394 1539 3462 ejus
1560 3403 1706 3450 esset
1730 3394 1913 3461 Pater,
1940 3405 2000 3451 ut
2028 3397 2171 3454 Deus
2196 3397 2289 3452 Dei
2317 3414 2381 3454 ex
2410 3415 2476 3454 eo
2498 3400 2610 3454 nati
2636 3399 2941 3456 secundum
2971 3399 3316 3455 essentiam?
3344 3398 3518 3469 Cujus
3548 3399 3623 3451 rei
3657 3397 3834 3467 gratia

540 3495 640 3550 per
700 3482 1095 3541 similitudines
1141 3489 1222 3544 eis
1273 3485 1342 3542 de
1363 3486 1532 3546 Patre
1562 3490 1894 3560 loquebatur
1937 3511 1950 3549 :
1986 3509 2133 3548 nunc
2177 3494 2398 3564 quidem
2449 3497 2674 3550 nomine
2707 3503 2923 3550 tantum
2965 3495 3110 3566 apud
3139 3509 3237 3552 eos
3273 3502 3460 3561 utens,
3490 3491 3614 3562 ejus
3646 3499 3832 3548 autem

539 3590 725 3632 veram
758 3577 1171 3651 intelligentiam
1199 3583 1255 3637 in
1291 3592 1575 3655 posterum
1605 3586 1718 3641 illis
1743 3603 2039 3644 reservans
2073 3589 2313 3656 edicere,
2349 3589 2574 3659 quando
2598 3605 2696 3646 eos
2719 3589 2894 3660 gratia
2921 3589 3166 3660 Spiritus
3191 3592 3368 3647 sancti
3397 3605 3522 3661 qua:
3546 3606 3715 3662 super
3735 3604 3834 3646 eos

543 3676 710 3738 venit,
766 3676 1069 3734 instituens
1107 3681 1500 3752 perceptibiles
1525 3690 1693 3738 tantae
1722 3684 1992 3740 doctrinae
2010 3685 2319 3754 perficeret.
2344 3684 2578 3758 Propter
2613 3687 2719 3742 hoc
2757 3687 2925 3742 etiam
2958 3687 3077 3758 ipse
3103 3685 3375 3746 Dominus
3407 3689 3465 3744 in
3490 3689 3683 3745 eodem
3713 3689 3834 3759 ipso

539 3781 800 3823 sermone
815 3771 1102 3839 proximus
1126 3773 1396 3842 passioni,
1424 3781 1486 3827 ut
1509 3775 1888 3830 infirmitatem
1905 3792 2096 3830 eorum
2126 3778 2465 3843 ostenderet,
2490 3779 2633 3834 unde
2653 3787 2883 3849 possent
2912 3778 3224 3839 doctrinam
3255 3783 3636 3855 perfecttorem
3657 3769 3834 3842 'assu-

539 3877 714 3925 mere,
766 3863 983 3918 dicebat
1016 3883 1028 3919 :
1059 3868 1232 3922 Multa
1279 3869 1445 3924 habeo
1495 3871 1638 3924 vobis
1686 3871 1861 3926 dicere
1906 3870 2073 3942 (Ibid.
2131 3873 2241 3944 12).
2278 3873 2452 3943 Cujus
2496 3889 2634 3946 ergo
2683 3875 2765 3930 rei
2813 3875 2993 3947 gratia
3023 3879 3188 3933 modo
3222 3894 3332 3934 non
3360 3879 3535 3936 dicis!
3562 3878 3692 3951 quia
3722 3895 3833 3935 non

539 3958 776 4027 potestis
806 3959 972 4014 modo
998 3970 1222 4032 portare
1257 3981 1272 4018 :
1310 3981 1421 4019 non
1459 3965 1738 4029 invidens,
1771 3966 1868 4022 sed
1898 3968 2030 4039 quia
2063 3984 2172 4024 non
2206 3968 2460 4024 sufﬁcitis
2491 3970 2556 4025 ad
2590 3969 2856 4036 majorem
2888 3986 3075 4026 rerum
3101 3973 3534 4043 perceptionem,
3561 3972 3834 4030 infirmius

540 4049 723 4105 adhuc
756 4051 960 4116 aﬂ‘ecti,
995 4071 1158 4125 quam
1187 4066 1246 4110 ut
1271 4057 1470 4110 borum
1495 4057 1814 4129 dogmatum
1845 4059 2217 4129 integritatem
2244 4061 2486 4132 possetis
2509 4061 2752 4117 edoceri.
2789 4059 3026 4128 Quando
3051 4077 3183 4134 ergo
3213 4071 3494 4135 poterunt,
3528 4064 3615 4119 vel
3643 4063 3835 4122 unde?

539 4146 776 4212 Quando
816 4152 1028 4205 venerit
1061 4154 1152 4208 ille
1184 4153 1430 4224 Spiritus
1477 4155 1764 4220 veritatis,
1809 4157 2034 4213 inducet
2073 4174 2171 4213 vos
2221 4158 2278 4212 in
2326 4172 2546 4212 omnem
2590 4157 2902 4212 veritatem.
2948 4155 3316 4229 Superveniet
3355 4158 3501 4213 enim
3539 4171 3709 4228 super
3735 4169 3835 4211 vos

542 4237 783 4311 Spiritus
807 4247 984 4300 sancti
1005 4248 1202 4317 gratia,
1229 4264 1294 4302 ex
1317 4263 1423 4319 qua
1456 4259 1654 4305 cuncta
1679 4251 1996 4323 dogmatum
2031 4253 2394 4309 subtilitatem
2428 4254 2801 4325 cognoscetis.
2824 4251 3065 4309 Proinde
3098 4254 3144 4310 si
3174 4253 3520 4312 divinitatem
3553 4250 3832 4324 Unigeniti

540 4337 876 4396 docerentur
904 4349 959 4396 et
987 4341 1205 4398 Patrem
1244 4343 1416 4401 Deum
1454 4347 1648 4420 utique
1675 4348 2013 4407 docerentur
2045 4359 2234 4422 utpote
2260 4350 2358 4408 Dei
2392 4348 2520 4407 Filii
2566 4351 2818 4417 Patrem,
2850 4351 3050 4423 ecquid
3086 4349 3388 4423 perfectius
3415 4347 3482 4404 ad
3514 4345 3830 4418 dogmatum

539 4431 826 4488 scientiam
859 4434 942 4492 eis
973 4438 1320 4493 remaneret?

1125 4533 1280 4590 CAP.
1324 4535 1520 4592 xxut.
2156 4553 2204 4610 Α

609 4617 778 4679 Vens.
813 4623 896 4679 l5.
929 4653 1000 4663 —
1026 4623 1254 4680 Multam
1299 4627 1558 4698 (inquit)
1587 4629 1643 4683 in
1674 4643 1742 4684 eo
1776 4628 2122 4700 diligentiam

2305 4631 2453 4701 Στίχ.
2490 4639 2567 4687 ιε’.
2602 4659 2669 4673 --
2707 4541 3025 4702 unum;
3059 4537 3375 4698 ἔξιῗμέλειαν
3414 4617 3792 4677 ἐπιδείκνυσθαι
3813 4658 3827 4682 ,

537 4710 864 4778 expromitis
890 4720 951 4766 ut
990 4713 1234 4785 aliquem
1269 4731 1334 4771 ex
1359 4717 1428 4772 iis
1452 4719 1546 4785 qui
1577 4718 1648 4773 ab
1671 4719 1935 4775 lsraelitis
1960 4719 2125 4774 alieni

540 4813 694 4871 sunt,
733 4791 803 4858 ad
833 4820 1019 4860 veram
1071 4807 1398 4880 religionem
1433 4810 1746 4875 adducatis,
1778 4817 1834 4867 et
1875 4810 2127 4866 efﬁciatis

540 4895 900 4968 proselytum.
932 4898 1001 4952 At
1043 4897 1212 4969 hujus
1252 4901 1348 4955 ubi
1389 4901 1530 4956 estis
1561 4902 1670 4956 voti
1705 4911 2014 4972 compotes,
2050 4901 2130 4957 si-

539 4986 676 5050 mul,
726 4986 977 5058 inquam,
1008 4988 1249 5060 aliquem
1309 4991 1594 5062 mysteriis
1646 5006 1790 5046 verte
1836 4993 2127 5064 religionis

534 5077 805 5134 initiastis
835 5079 1137 5153 intimeqne
1165 5083 1515 5147 admovistis,
1545 5092 1660 5137 tttm
1693 5099 1824 5138 vero
1857 5083 2127 5154 pestilen-

538 5171 690 5227 tibus
719 5171 988 5244 exemplis
1021 5174 1293 5228 tualorum
1332 5189 1564 5246 operum
1596 5183 1912 5230 vestrorum
1951 5175 2124 5230 filium

536 5261 802 5332 gehennae
831 5261 1010 5333 ipsum
1046 5262 1250 5317 facitis.

1137 5353 1290 5409 CAP.
1335 5350 1524 5411 XXIV.

609 5441 779 5498 Vens.
811 5443 902 5500 29.
934 5473 1007 5488 —
1039 5444 1359 5502 Graecorum
1415 5449 1699 5520 sapientes
1732 5451 1828 5522 qui
1881 5449 2127 5506 futuram

536 5535 877 5590 conﬁtentur
931 5538 1122 5594 mundi
1172 5539 1684 5613 conﬂagrationem,
1728 5559 1851 5616 quae
1899 5543 2125 5614 quidem

537 5629 627 5684 bic
662 5631 730 5687 de
760 5631 878 5688 sole
908 5647 975 5691 ac
1009 5634 1139 5691 luna
1187 5636 1333 5692 dicta
1384 5644 1514 5693 sunt
1543 5637 1703 5694 facile
1731 5639 2026 5709 recipiunt.
2054 5637 2125 5690 At

613 5809 693 5954 ἓ)
740 5828 757 5858 ι
793 5807 926 5870 Post
953 5813 1233 5886 aliquanta
1269 5815 1350 5870 sic
1388 5818 1586 5873 iterum
1620 5817 1772 5872 dicit.
1817 5838 1835 5872 ι
1867 5829 1870 5836 ’

671 5897 689 5954 )
734 5881 950 5941 Possini
987 5894 1096 5941 cat.
1133 5902 1187 5954 p.
1221 5887 1348 5942 503.

671 5897 689 5954 )
734 5881 950 5941 Possini
987 5881 1096 5941 ca't.
1133 5902 1187 5957 p.
1221 5887 1348 5942 503.

2234 4722 2420 4792 φησὶν,
2451 4722 2591 4776 ὥστε
2630 4722 2752 4777 τινὰ
2785 4723 2892 4776 τῶν
2917 4720 3215 4792 ἀλλοτρίων
3238 4715 3334 4771 τοῦ
3364 4712 3584 4788 Ἰσραὴλ
3613 4711 3709 4766 ἐπὶ
3733 4711 3831 4782 τὴν

2233 4813 2520 4867 εὐσέϐειαν
2547 4815 2774 4884 ἀγαγεῖν
2806 4815 2901 4869 καὶ
2935 4813 3158 4885 ποιῆσαι
3199 4808 3559 4882 προσήλυτονο
3609 4803 3831 4859 ἐπειδὰν

2232 4903 2292 4958 δὲ
2319 4903 2507 4959 τοῦτον
2539 4905 2743 4960 τέλειον
2777 4908 3044 4980 ποιήσητε
3077 4903 3296 4974 καὶτῆς
3321 4899 3607 4964 εὐσεϐείας
3636 4897 3833 4952 οἰκειό-

2233 5011 2416 5063 τατον,
2451 4997 2570 5050 τότε
2605 4998 2693 5054 διὰ
2721 4999 2831 5053 τῶν
2859 4998 3143 5072 ὑμετέρων
3172 4991 3427 5068 πράξεων
3457 4993 3572 5047 υἱον
3607 4991 3832 5062 γεέννης

2233 5087 2398 5141 αὑτὸν
2429 5089 2746 5159 ἐργάζεσθε.

2874 5358 3028 5414 XM.
3063 5359 3191 5414 ΚΝ.

2311 5451 2460 5522 Στιχ.
2484 5451 2673 5505 -κθ’.
2710 5451 2774 5506 0i
2800 5452 2898 5522 τὴν
2937 5451 3012 5523 (3)
3043 5448 3360 5523 ἐκπύρωσιν
3383 5450 3705 5520 εἰσάγοντες
3736 5449 3830 5503 τοῦ

2236 5541 2444 5614 κόσμου
2474 5544 2744 5616 Ἑλλήνων
2774 5544 2951 5614 σοφοὶ,
2974 5544 3043 5598 τὰ
3069 5543 3168 5615 μὲν
3199 5545 3328 5617 περὶ
3355 5542 3506 5615 ἡλίου
3543 5545 3638 5597 καὶ
3674 5541 3832 5612 σελή-

2233 5653 2333 5708 νης
2355 5634 2622 5708 εἰρημένα
2650 5635 2917 5708 δέχονται,
2948 5637 3132 5691 οὐκέτι
3169 5635 3228 5690 δὲ
3256 5637 3352 5691 καὶ
3380 5636 3478 5708 τὴν
3509 5635 3570 5702 ἐξ
3597 5632 3835 5706 οὐρανοῦ

2319 5814 2395 5886 (3)
2436 5813 2651 5871 Possini
2694 5825 2803 5873 eat.
2838 5831 2893 5888 p.
2925 5816 3051 5873 522.
