4162 6480
351 365 457 422 713
1592 362 1661 418 IN
1715 344 2170 421 EVANGELIUM
2205 361 2452 423 MARCI.

3545 374 3653 431 7H

345 484 458 537 τῶν
487 480 736 553 ἀστέρων
757 480 967 536 πτῶσιν
993 481 1371 554 ὁμολογοῦσιν,
1394 482 1469 545 ὡς
1497 482 1823 551 ἀγνοοῦντες
1848 483 1951 556 τὴν
1983 490 2022 546 Α

2082 495 2184 553 [ure
2204 480 2276 537 de
2310 472 2445 537 casu
2481 480 2765 537 stellarum
2792 495 2822 538 e
2857 482 2999 540 coelo
3030 482 3121 539 hie
3158 481 3431 541 habentur
3456 485 3656 544 admit-

346 572 446 628 τοῦ
474 572 612 626 Θεοῦ
649 573 883 645 δύναμιν
914 575 1011 629 καὶ
1037 575 1120 629 ὅτι
1159 574 1342 629 πάντα
1378 573 1457 645 τῷ
1488 572 1754 646 θελήματι
1785 575 1951 630 αὑτοῦ

2085 591 2179 631 ere
2224 582 2513 639 recusant,
2545 574 2872 645 ignorantes
2894 576 3164 633 -videlicet
3198 576 3293 634 Dei
3326 579 3651 650 potentiam,

352 664 656 718 ἀκολουθεῖ.

422 754 571 826 Στίχ.
612 756 855 827 μη’,μθ’.
879 787 950 797 -—
975 755 1049 810 Τὸ
1090 756 1190 829 μὲν
1221 752 1315 811 οὖν
1351 756 1428 828 (1)
1458 756 1639 826 λέγειν
1664 756 1758 812 τὸν
1785 757 1957 812 κακὸν

354 845 559 912 δοῦλον,
588 847 670 902 ὃτι
705 848 968 916 Χρονίζει
993 851 1026 903 ὀ
1059 850 1285 918 κύριος,
1308 847 1525 904 τέθεικε
1556 850 1842 923 σημαίνων
1873 851 1956 907 ὄτι

353 939 455 994 οὐκ
486 938 665 1004 ἄλλως
698 940 1133 1013 ἁμαρτάνουσιν,
1159 940 1277 996 ἀλλ’
1299 941 1334 1013 ἢ
1358 940 1440 1014 τῷ
1472 940 1550 1014 μὴ
1581 935 1839 1015 παρεῖναι
1865 942 1958 997 τὸν

355 1031 575 1102 κριτὴν,
607 1029 733 1102 μηδ’
755 1031 896 1097 ὅλως
920 1031 998 1103 (2)
1030 1031 1251 1086 ἔσεσθαι
1278 1032 1465 1105 κρίσιν
1498 1034 1703 1088 ἐννοεῖν
1737 1033 1955 1096 αὐτούς’

353 1121 418 1174 τὸ
431 1121 509 1189 δὲ,
531 1122 783 1178 τύπτειν
794 1122 937 1190 τοὺς
954 1122 1362 1190 συνδούλους,
1380 1122 1550 1193 λέγει,
1580 1122 1660 1195 τῷ
1696 1123 1959 1195 μεγίστην

356 1209 608 1279 γίνεσθαι
634 1213 748 1277 τοῖς
787 1212 1117 1284 ἀρχομένοις
1144 1212 1350 1286 βλάόην
1372 1214 1516 1270 κατά
1543 1213 1721 1288 ψυχὴν
1746 1214 1834 1269 διὰ
1852 1215 1960 1269 τῶν

358 1302 695 1374 σφαλμάτων
722 1302 834 1357 τῶν
858 1303 1242 1359 διδασκόντων.

933 1584 1186 1639 ΚΕΦΑΛ.
1223 1584 1369 1641 KE'..

437 1675 588 1747 Στίχ.
624 1675 722 1729 κδ’.
754 1704 824 1717 -
856 1676 1256 1749 Κατακρύπτει
1281 1676 1360 1749 (5)
1400 1677 1464 1731 τὸ
1496 1677 1760 1733 τάλαντον
1784 1678 1966 1748 ἀγνώ-

365 1789 485 1843 μων
514 1772 591 1825 ὣν
620 1770 717 1825 καὶ
749 1770 984 1844 ὀκνηρὸς
1005 1813 1021 1839 ,
1066 1772 1163 1825 καὶ
1200 1771 1371 1843 μηδὲν
1416 1772 1797 1844 ἐργασάμενος
1837 1765 1912 1826 ὧν
1937 1775 1966 1826 ό

362 1864 557 1937 κύριος
591 1864 742 1937 αὐτῷ
774 1865 1116 1921 ἐνετείλατο·
1158 1865 1242 1920 διὸ
1291 1863 1386 1919 καὶ
1414 1865 1715 1938 ἀρθήσεται
1752 1866 1850 1920 καὶ
1887 1866 1971 1919 δο-

364 1959 599 2030 θήσεται
629 1957 809 2031 ἐχοντι
844 1960 942 2014 καὶ
979 1957 1359 2033 ἐργαζομένῳ.

940 2052 1192 2108 ΚΕΦΑΛ.
1241 2053 1392 2121 Κσο.

438 2143 590 2215 Στίχ.
620 2144 822 2210 κς’.-
849 2144 964 2199 Οὐκ
994 2144 1071 2217 (4)
1097 2141 1242 2200 εἷπε·
1267 2142 1439 2200 Τοῦτό
1465 2146 1584 2199 ἐστι
1611 2143 1673 2198 τδ
1703 2145 1942 2217 σύμϐολα

364 2235 465 2291 τοῦ
496 2235 749 2309 σώματός
788 2255 910 2309 μου,
943 2238 1038 2293 καὶ
1070 2238 1230 2293 τοῦτο
1250 2237 1351 2293 τοῦ
1379 2238 1612 2311 αἵματός
1653 2256 1779 2311 μου,
1813 2238 1974 2306 ἀλλὰ,

372 2329 561 2385 Τοῦτό
576 2329 710 2385 ἐστι
737 2331 803 2385 τὸ
822 2329 997 2402 σῶμά
1011 2349 1133 2402 μου
1158 2330 1258 2386 καί
1288 2331 1356 2386 τὸ
1378 2326 1522 2403 αἷμά
1538 2349 1681 2403 μου,
1706 2330 1976 2386 διδάσκων

366 2424 518 2495 ἡμᾶς
551 2423 628 2495 μὴ
652 2423 791 2495 πρὸς
811 2423 911 2497 τὴν
938 2424 1102 2495 φύσιν
1133 2426 1266 2498 ὁρᾷν
1289 2424 1385 2481 τοῦ
1419 2424 1807 2497 προκειμένου,
1838 2424 1979 2480 ἀλλὰ

365 2513 459 2567 διὰ
482 2512 586 2583 τῆς
618 2515 913 2587 γενομένης
949 2515 1306 2587 εὐχαριστίας
1346 2516 1426 2581 είς
1475 2515 1656 2589 σάρκα
1694 2515 1791 2571 καὶ
1834 2511 1977 2588 αἷμα

373 2605 835 2679 μεταϐάλλεσθαι.

448 2895 527 2967 (1)
563 2894 787 2967 Possini
823 2904 1026 2967 cat.p.
1059 2896 1185 2956 530.

448 2968 526 3039 (2)
561 2966 709 3033 Cal.,
737 2967 814 3039 μὴ
840 2966 898 3021 δὲ
923 2966 1084 3033 ὅλως.

2059 669 2222 741 cujus
2274 668 2506 724 nutibus
2556 677 2613 722 et
2663 667 2938 724 voluntati
2994 678 3197 725 cuncta
3245 671 3650 743 obsequuntur.

2135 760 2309 819 Vens.
2352 761 2448 829 48,
2480 760 2571 816 49.
2600 790 2670 801 -—
2700 756 2859 826 Quod
2911 758 3192 815 inducitur
3230 761 3311 817 sic
3340 777 3526 819 secum
3573 764 3651 820 di-

2062 871 2198 915 cens
2238 857 2421 912 malus
2462 870 2663 913 servus
2708 852 2961 909 :Tardat
3002 854 3175 908 venire
3223 854 3541 913 dominus...
3590 870 3660 911 eo

2064 948 2414 1020 signiﬁcatur
2455 963 2569 1004 non
2619 947 2726 1003 alia
2756 946 2870 1002 fere
2902 946 2971 1002 de
3013 960 3184 1003 causa
3216 961 3453 1017 peccare
3486 949 3656 1004 homi-

2064 1056 2165 1097 nes
2202 1054 2371 1112 quam
2411 1039 2563 1112 quod
2614 1046 2942 1111 praesentem
2990 1036 3234 1107 judicem
3266 1053 3378 1094 non
3411 1039 3650 1109 videant,

2065 1146 2168 1191 nec
2210 1131 2441 1187 omnino
2491 1144 2737 1202 unquam
2779 1127 3028 1185 futurum
3066 1117 3342 1198 judicium
3381 1136 3658 1200 reputent.

2065 1225 2227 1293 Quod
2292 1225 2447 1281 addit
2507 1224 2714 1279 malum
2773 1237 2994 1280 servum
3047 1220 3326 1277 verberare
3360 1238 3660 1287 conservos,

2067 1318 2193 1375 ideo
2241 1317 2380 1373 dicit
2424 1315 2577 1388 quod
2611 1315 2919 1370 maximum
2955 1328 3019 1369 ac
3047 1313 3225 1385 plagis
3271 1314 3566 1385 quibusvis
3613 1323 3668 1369 et

2045 1409 2399 1466 ‘verberibus
2445 1422 2545 1479 par
2590 1404 3008 1463 incommodum
3059 1406 3118 1460 in
3146 1406 3361 1462 animas
3396 1405 3669 1461 redundet

2070 1499 2421 1558 subditorum
2466 1515 2533 1555 ex
2564 1498 2752 1570 culpis
2791 1498 3196 1569 erroribusque
3242 1497 3665 1570 magistrorum.

2682 1586 2840 1647 CAP.
2879 1586 3049 1645 XXV.

2142 1681 2312 1740 Vsns.
2339 1682 2433 1739 24.
2457 1713 2527 1724 -
2548 1681 2805 1739 Occultat
2836 1680 3107 1737 talentum
3124 1682 3384 1753 ingratus
3406 1691 3463 1739 et
3491 1682 3677 1755 piger,

2072 1776 2322 1848 nihilque
2351 1783 2616 1847 operatus
2643 1790 2838 1832 eorum
2867 1760 2992 1846 quae
3025 1775 3288 1833 dominus
3319 1777 3425 1847 ipsi
3464 1791 3670 1848 praece-

2075 1877 2250 1942 perat.
2280 1867 2409 1925 ldeo
2442 1868 2726 1925 auferetur
2766 1870 2836 1926 ab
2882 1870 2980 1926 illo
3020 1876 3075 1925 et
3107 1868 3335 1923 dabitur
3361 1868 3586 1926 habenti
3618 1879 3673 1925 et

2075 1960 2402 2032 negotianti.

2679 2047 2836 2107 CAP.
2873 2047 3067 2104 XXVI.

2148 2140 2318 2199 Vsus.
2341 2140 2432 2196 26.
2461 2171 2531 2183 —
2556 2139 2675 2196 Non
2702 2140 2842 2196 dixit
2878 2156 2891 2193 :
2924 2138 3040 2197 Hoc
3087 2148 3173 2197 est
3208 2140 3519 2213 symbolum
3551 2154 3675 2196 eor-

2076 2237 2233 2308 poris
2284 2236 2415 2305 mei,
2452 2214 2643 2291 efhoc
2687 2235 2995 2308 symbolum
3037 2235 3331 2307 sanguinis
3362 2235 3492 2300 mei,
3528 2234 3624 2291 sed
3658 2252 3671 2285 :

2081 2328 2198 2384 Hoc
2227 2338 2305 2385 est
2347 2344 2539 2398 corpus
2590 2343 2762 2382 meum
2793 2336 2843 2382 et
2893 2329 3110 2398 sanguis
3157 2343 3324 2382 meus.
3359 2325 3527 2383 Docet
3574 2342 3676 2383 nos

2080 2436 2192 2477 non
2247 2420 2537 2478 attendere
2583 2427 2839 2477 naturam
2888 2421 2966 2475 rei
2999 2420 3265 2492 subjecta:
3311 2433 3379 2476 ac
3418 2418 3677 2476 sensibus

2085 2514 2439 2586 propositam
2473 2528 2538 2569 ea
2587 2513 2738 2569 enim
2799 2527 2898 2584 per
2945 2512 3249 2584 gratiarum
3300 2512 3579 2568 actionem
3624 2524 3681 2567 et

2084 2605 2255 2664 verba
2303 2621 2469 2679 super
2496 2621 2616 2663 eam
2663 2605 3045 2678 pronuntiata,
3076 2604 3135 2660 in
3188 2619 3414 2662 carnem
3447 2611 3503 2661 et
3549 2618 3678 2661 san-

2084 2699 2309 2770 guinem
2344 2705 2555 2755 mutata
2583 2709 2690 2755 est.

2157 2898 2236 3040 (ὅ)
2274 2898 2493 2955 Possini
2522 2905 2633 2955 cat.
2662 2912 2717 2968 p.
2753 2898 2882 2953 558.

2189 2972 2239 3040 4)
2278 2967 2501 3026 Possini
2528 2978 2641 3025 cat.
2666 2983 2721 3040 p.
2753 2967 2880 3025 τεο.

2189 2967 2239 3041 4)
2278 2967 2501 3067 Possini
2528 2978 2641 3025 cat.
2666 2967 2721 3040 p.
2753 2967 2880 3025 550.

412 3154 3661 3188 MWW

1236 3343 1877 3440 THEODORI
1955 3346 2810 3483 MOPSUESTENI

872 3541 984 3603 AD
1042 3539 1581 3603 EVANGELIUM
1629 3539 1889 3604 MARCI
1931 3540 2512 3605 COMMENTABII
2561 3540 3064 3609 FRAGMENTA

994 3890 1223 3946 ΚΕΦΔΛ
1237 3932 1252 3950 .
1308 3889 1383 3944 I".

388 3980 393 3983 Α
459 3983 614 4055 Στῑχ.
645 3983 708 4038 δ’.
733 4012 803 4023 -
845 3980 1062 4054 Ἐρωτᾷ
1090 3980 1167 4053 (2)
1196 3980 1325 4044 τοὺς
1368 3977 1655 4043 Ἰουδαίους
1677 3978 1707 4031 ὁ
1731 3979 1925 4049 Σωτὴρ
1946 3980 1995 4035 εί

391 4077 607 4144 ἔξεστιν
639 4078 698 4131 ἒν
724 4073 992 4146 Σαϐϐάτῳ
1027 4072 1380 4146 θεραπεύειν,
1410 4072 1506 4127 καὶ
1541 4071 1719 4143 ψυχὴν
1759 4070 1932 4125 σῶσαι
1960 4070 1995 4143 ἢ

391 4171 663 4227 ἀπολέσαι
687 4187 700 4200 ο
735 4172 782 4224 οἱ
812 4168 869 4223 δὲ
906 4167 1206 4235 σιωπῶσιν,
1241 4166 1441 4232 εἰδότες
1476 4167 1558 4221 ὅτι
1589 4166 1806 4229 πάντως
1835 4162 2000 4219 αὐτὸν

392 4264 606 4319 ίάσεται
632 4303 646 4320 .

2025 3897 2071 3959 c
2094 3850 2099 3853 _

2752 3887 2909 3945 CAP.
2952 3887 3039 3945 ιιι.

2100 4032 2107 4037 .
2176 3980 2356 4043 Vsus.
2390 3982 2446 4036 4.
2474 4011 2546 4023 --
2565 3978 2789 4037 Iudaeos
2823 3980 3079 4038 Salvator
3100 3984 3408 4055 interrogat
3433 4001 3505 4040 an
3536 3985 3699 4041 liceat

2104 4071 2164 4128 in
2196 4071 2453 4141 Sabbato.
2468 4086 2668 4128 sanare
2695 4079 2753 4128 et
2781 4072 3024 4129 animam
3049 4073 3266 4135 salvare
3294 4081 3388 4130 aut
3432 4074 3698 4146 perdere;

2107 4164 2165 4220 hi
2200 4179 2333 4221 vero
2366 4163 2554 4225 silent.
2577 4171 2967 4235 exspectantes
3012 4164 3190 4223 donec
3219 4167 3447 4223 omnino
3473 4177 3700 4224 curetur

2102 4254 2382 4313 inﬁrmus.

1922 4364 2078 4423 CAP.
2108 4364 2201 4423 ιν.

478 4492 654 4551 Vsus.
683 4491 779 4546 21.
806 4517 881 4531 -—
912 4487 1018 4544 Per
1042 4486 1293 4542 modium
1328 4484 1408 4557 (5)
1435 4483 1660 4555 quidem
1690 4480 1907 4538 malitia
1934 4487 2101 4551 atque
2124 4485 2343 4536 terrena
2374 4479 2692 4551 prudentia,
2731 4494 2828 4550 per
2858 4477 3141 4535 lucernam
3166 4493 3297 4535 vero
3328 4479 3500 4536 virtus
3533 4480 3699 4537 intel-

388 4586 617 4661 ligenda
645 4592 753 4641 est.
789 4581 919 4639 Haec
954 4580 1149 4651 itaque
1170 4578 1277 4636 sub
1306 4578 1523 4636 malitia
1547 4577 1810 4636 collocari
1848 4589 1962 4632 non
1986 4580 2192 4646 potest.
2224 4572 2489 4630 Lectulus
2520 4580 2705 4630 autem
2741 4572 2980 4644 pigritiae
3017 4571 3329 4644 symbolum
3359 4582 3461 4638 est,
3499 4574 3700 4647 quippe

388 4679 617 4752 corpori
644 4677 889 4750 quietem
915 4673 1195 4747 praebens.
1238 4670 1429 4729 Virtus
1458 4672 1727 4746 itaquein
1753 4668 1976 4728 excelso
1996 4668 2383 4737 custodienda,
2418 4683 2530 4724 non
2561 4683 2662 4739 per
2685 4667 2963 4741 pigritiam
2995 4665 3322 4723 occultanda
3348 4676 3468 4739 est;
3490 4669 3698 4726 bonum

387 4774 543 4832 enim
568 4771 881 4844 neglectum
912 4767 1075 4842 perit.

464 4916 618 5002 Στίχ.
651 4927 881 4996 κς’-κθ’.
906 4957 977 4967 -
1022 4925 1342 4996 Βουλήματι
1374 4921 1630 4995 ἡμετέρῳ
1670 4920 1747 4994 (4)
1779 4921 2004 4993 ἐπιτρέ-

395 5043 518 5082 πων
544 5022 786 5078 ὲνταῦθα
824 5024 854 5075 ὁ
892 5020 1086 5093 Σωτὴρ
1128 5019 1229 5088 τὴν
1258 5015 1547 5089 ἐργασίαν,
1574 5013 1664 5068 ἵνα
1695 5014 1769 5085 μὴ
1799 5014 1861 5068 τὸ
1893 5014 2004 5068 πᾶν

392 5118 562 5182 αὐτὸς
591 5111 1075 5186 κατεργαζόμενος
1106 5107 1389 5180 φαίνηται,
1418 5106 1514 5159 καὶ
1544 5103 1707 5177 ἡμῶν
1746 5103 2006 5159 ἀκούσιον

396 5210 557 5265 ἔσται
578 5206 643 5261 τὸ
673 5205 900 5276 ἀγαθὸν,
935 5203 1032 5257 καὶ
1066 5201 1143 5273 μὴ
1179 5198 1323 5254 κατὰ
1350 5197 1673 5270 προαίρεσιν
1708 5195 2007 5268 ἡμετέραν,

2189 4916 2360 4974 Vsus.
2391 4915 2582 4971 26-29.
2615 4945 2685 4957 -
2712 4914 2828 4972 lloc
2869 4916 2991 4973 loco
3043 4916 3310 4973 voluntati
3346 4930 3553 4976 nostra;
3580 4917 3705 4976 Salé

2118 5018 2277 5066 vatur
2315 5007 2612 5063 committit
2667 5022 2834 5081 opus,
2877 5023 2949 5063 ne
3001 5009 3122 5081 ipse
3171 5010 3355 5065 omnia
3393 5009 3592 5068 fecisse
3625 5014 3706 5067 vi-

2118 5104 2335 5168 deatur,
2358 5116 2462 5157 nec
2495 5101 2679 5157 virtus
2704 5109 2893 5157 nostra
2926 5102 2999 5159 sit
3026 5102 3396 5158 involuntaria
3422 5111 3519 5158 aut
3548 5104 3705 5161 inde-

2124 5195 2382 5263 liberata,
2418 5209 2595 5266 quare
2646 5196 2753 5250 hoc
2803 5195 3087 5267 subjungit
3119 5213 3132 5251 :
3167 5194 3337 5252 Terra
3388 5196 3535 5250 enim
3601 5209 3705 5251 sua

482 5396 564 5469 (1)
591 5393 948 5469 Theodorum
976 5387 1148 5469 ψει-οἰ
1173 5383 1535 5458 Evangelium
1573 5383 1841 5466 singulari
1861 5397 2014 5439 com-
2044 5386 2091 5442 D
2121 5381 2355 5469 exposui
2382 5382 2452 5469 ‘in
2488 5386 2786 5469 cotmm'en‘t.

406 5455 695 5523 meniario
728 5461 1108 5518 illustravisse
1141 5473 1244 5526 nec
1282 5455 1855 5526 veterumpquisquam
1881 5469 2013 5524 pro-

406 5537 573 5601 didit,
607 5549 711 5591 nec
742 5531 1031 5605 probabile
1068 5525 1328 5608 est..$ed
1349 5542 1476 5582 cum
1501 5523 1748 5608 Marcum
1772 5523 2015 5608 prorsus

409 5597 694 5678 negligere
727 5597 845 5678 non
881 5609 1094 5672 posset,
1146 5598 1372 5678 ridetur
1405 5612 1523 5654 rem
1553 5597 1630 5678 ita
1677 5597 2013 5678 instituisse,

409 5624 446 5664 n
524 5622 694 5678 Ingere
733 5622 845 5659 non
881 5622 1094 5672 posset,
1152 5622 1372 5654 Vluctur
1408 5622 1523 5654 retu
1553 5622 1628 5651 Ita
1680 5622 2013 5677 IllSlll'UISBC,

403 5622 662 5734 uteghrci
686 5675 780 5749 ubi
810 5688 952 5745 opus
974 5682 1124 5749 esset
1146 5670 1209 5749 in.
1226 5670 1570 5749 reliquorum
1590 5664 2015 5749 Evangeltorum

404 5736 1156 5804 commentariis'rationem
1196 5736 1448 5805 haberet,
1497 5753 1565 5792 ex
1601 5736 1812 5808 quibus
1828 5749 2016 5808 pauca

408 5819 745 5890 tragmenta,
801 5830 926 5886 quas
973 5826 1143 5883 supra
1178 5810 1369 5881 posui,
1428 5805 1715 5865 manarent
1772 5805 1862 5864 Cf.
1894 5819 2017 5878 qua:

623 5915 897 5977 Panos.
940 5909 1056 5971 Gn.
1110 5906 1332 5968 LXVI.

2196 5446 2273 5525 (2)
2301 5453 2506 5525 Catena
2539 5448 2634 5505 Gr.
2661 5450 2884 5525 [atrum
2916 5447 2972 5525 i_n
3003 5446 3101 5525 Er.
3134 5446 3452 5525 scruﬁMarc.
3474 5447 3703 5525 collect.

2121 5516 2289 5649 atqgg:
2378 5522 2612 5591 interpr.
2674 5518 2839 5578 Petro
2915 5518 3170 5576 Possino.
3229 5516 3386 5575 Rom.
3433 5518 3591 5583 1675,
3639 5518 3705 5584 f.,

2121 5610 2174 5649 n.
2279 5635 2294 5649 .

2120 5610 2174 5668 Ρ·
2202 5610 2294 5668 Ψ·

2195 5666 2273 5737 (5)
2304 5664 2509 5737 Catena
2537 5665 2631 5719 Gr.
2654 5658 2953 5737 Patrumjn
2978 5659 3181 5737 Lucam
3211 5659 3404 5718 Latine
3420 5659 3506 5719 ed.
3525 5657 3706 5716 Balth.

2119 5730 2445 5803 Corderius,
2476 5738 2639 5791 Antv.
2674 5731 2833 5797 1628,
2870 5730 2934 5798 f.,
2976 5747 3027 5803 p,
3064 5732 3190 5788 526.

2194 5806 2272 5880 (4)
2305 5807 2522 5868 Possini
2552 5813 2659 5864 cat.
2690 5808 2745 5859 in
2768 5803 2918 5859 Marc
2974 5819 3027 5876 p.
3063 5803 3152 5859 9|.

2370 5910 2375 5915 ’
3300 5897 3379 5958 23
