4162 6534
409 389 513 447 M9

1614 370 1966 425 THEUDORI
2008 367 2495 425 MOPSUESTENI

3573 369 3680 426 720

406 512 560 571 pore,
586 492 683 552 sed
711 497 960 565 prius,et
982 488 1198 545 inscius
1231 466 1457 556 quidem
1489 497 1615 537 cum
1639 497 1705 537 eo
1734 481 1991 545 dimicat;

2113 480 2331 549 Ιιγνοῶν,
2364 480 2617 551 ἡττηθεὶς
2657 480 2715 534 δὲ
2748 480 2971 552 ὕστερον
3001 482 3259 552 γνωρίζει
3306 481 3399 534 καὶ
3432 481 3687 553 ὁμολογεῖ

408 584 609 640 deinde
648 596 776 638 vero
822 580 1024 643 victus,
1063 575 1361 646 imperium
1395 571 1518 642 ejus
1554 571 1807 642 agnoscit
1834 575 2001 637 atque

412 673 705 730 conﬁtetur
747 670 899 725 hisce
934 665 1476 724 verbiszNoscimus
1518 674 1593 729 te,
1634 663 1760 734 quis
1801 663 1907 729 sis;
1939 670 1999 716 tu

411 780 472 821 es
502 764 737 817 Sanctus
769 760 984 815 lsraelis
1004 757 1168 831 (Luc.
1198 756 1386 823 ιν,-54;
1421 754 1595 810 Marc.
1630 771 1670 823 ι,
1692 753 1815 824 54).
1844 752 1997 809 Haud

410 855 559 911 enim
604 860 732 907 ante
768 850 1045 921 baptisma
1080 850 1198 904 haec
1227 846 1545 920 proﬁtetur,
1577 845 1674 902 sed
1706 852 1999 915 postquam

410 953 467 1001 et
524 943 839 1014 baptizatus
903 950 959 996 et
1004 947 1262 995 tentatus
1292 945 1440 994 esset
1501 935 1707 1002 Jesus,
1747 935 2001 990 redierit-

411 1049 519 1104 que
563 1049 629 1089 ex
672 1032 913 1094 deserto.
942 1030 1125 1086 victor
1157 1028 1364 1084 diaboli
1403 1027 1711 1084 secundum
1749 1039 1996 1090 carnem,

413 1124 715 1181 secundum
754 1136 918 1192 quam
948 1128 1003 1177 et
1033 1127 1339 1177 tentaverat
1373 1134 1519 1176 eum.
1546 1117 1597 1173 ls
1629 1117 1776 1173 enim
1826 1114 1999 1171 Deum

418 1215 683 1280 Verbum,
712 1213 957 1269 essentia
985 1227 1085 1268 sua
1113 1212 1368 1268 omnibus
1411 1212 1684 1282 ignotum,
1725 1207 1885 1270 haud
1914 1223 2001 1264 co—

415 1321 708 1380 gnoscens,
746 1320 872 1361 eum
921 1304 1082 1359 modo
1113 1304 1341 1359 tentavit
1385 1303 1688 1357 secundum
1742 1316 1994 1365 carnem,

412 1414 537 1470 quae
573 1406 628 1453 et
688 1412 878 1452 revera
927 1395 1124 1451 famem
1166 1395 1635 1464 tentationemque
1675 1407 1837 1463 passa
1889 1399 1993 1448 est.

412 1488 527 1546 Sed
578 1488 777 1553 Moses,
802 1488 1000 1558 inquit,
1027 1494 1321 1557 postquam
1354 1486 1721 1557 quadraginta
1763 1484 1885 1539 dies
1910 1483 1996 1551 je-

411 1587 724 1655 junaverat.
772 1583 945 1652 legem
1002 1582 1250 1651 accepit;
1300 1578 1432 1634 Elite
1480 1593 1632 1643 vero,
1668 1584 1795 1649 post
1851 1576 1996 1630 idem

417 1685 631 1743 tempus
663 1670 877 1741 jejunio
906 1679 1215 1740 peractum,
1240 1669 1441 1724 divina:
1470 1668 1819 1737 contigerunt
1845 1679 1998 1719 reve-

2100 572 2199 641 τὴν
2233 570 2509 640 βασιλείαν
2532 570 2699 623 αὐτοῦ
2738 572 2928 639 λέγων.
2956 572 3192 643 Οἴδαμέν
3221 589 3280 624 σε
3304 573 3387 633 τίς
3419 570 3489 626 εἷ·
3534 575 3598 627 σὺ
3635 568 3686 627 εἳ

2099 660 2131 714 ὁ
2160 660 2350 728 Ἀγιος
2381 658 2476 713 τοῦ
2518 660 2755 731 Ἰσραήλ.
2788 661 2864 715 Οὐ
2888 660 2999 730 γὰρ
3036 662 3141 733 πρὸ
3178 661 3274 716 τοῦ
3312 662 3690 732 βαπτίσματος

2099 749 2273 804 ταῦτα
2301 751 2577 821 ὁμολογεῖ,
2610 751 2745 807 ἀλλὰ
2777 752 2917 823 μετά
2945 753 3008 806 τὸ
3046 752 3331 824 βάπτισμα
3356 754 3452 807 καὶ
3476 753 3538 807 τὸ
3563 771 3687 808 πει-

2102 841 2366 914 ρασθῆναι
2407 843 2503 896 κα)⁸
2540 841 2822 896 κατελθεῖν
2860 846 2925 898 ἐκ
2979 847 3078 915 τῆς
3130 847 3340 917 ἐρήμου
3385 847 3687 916 νικήσαντα

2097 931 2188 985 τὸν
2212 930 2459 985 διάϐολον
2487 930 2630 986 κατά
2655 930 2754 1001 τὴν
2784 931 2963 1003 σάρκα
2986 974 3001 998 ,
3030 931 3152 989 καθ’
3181 934 3252 1003 ἢν
3280 934 3375 988 καὶ
3396 933 3688 1005 ἐπείραζεν

2098 1021 2282 1075 αὐτόν.
2312 1023 2389 1075 Οὐ
2430 1022 2538 1093 γὰρ
2567 1021 2721 1086 εἰδὼς
2757 1023 2849 1076 τὸν
2882 1022 3014 1078 Θεὸν
3056 1023 3229 1093 Λόγον
3265 1025 3555 1096 ἐπείρασεν
3596 1024 3682 1079 ἀν·

2099 1114 2266 1168 πᾶσιν
2296 1113 2404 1184 γὰρ
2441 1112 2561 1167 κατ’
2586 1112 2776 1167 οὐσίαν
2811 1115 2840 1166 ὀ
2872 1114 3005 1176 Θεός
3042 1115 3189 1167 ἐστιν
3208 1115 3514 1184 ἄγνωστος,
3544 1115 3684 1169 ἀλλὰ

2100 1203 2244 1259 κατά
2286 1204 2385 1275 τὴν
2420 1206 2618 1276 σάρκα,
2648 1203 2771 1258 καθ’
2809 1206 2877 1276 ἢν
2906 1204 3121 1276 ἀληθῶς
3155 1207 3252 1260 καὶ
3293 1207 3547 1260 ὲπείνασε
3591 1209 3690 1261 καὶ

2099 1294 2422 1366 ὲπειράσθη.
2465 1293 2629 1348 Ἀλλά
2665 1296 2901 1367 Μωσῆς,
2934 1296 3121 1366 φησιν,
3163 1297 3377 1367 ἡμέρας
3415 1300 3691 1369 τεσσαρά-

2100 1402 2265 1441 κοντα
2299 1384 2623 1455 νηστεύσας,
2655 1384 2815 1438 ἔλαϐε
2844 1385 2935 1439 τὸν
2970 1387 3158 1456 νόμον*
3205 1386 3390 1450 Ἠλίας
3414 1387 3471 1440 δὲ
3496 1389 3692 1439 τοσού-

2098 1496 2195 1542 τας
2220 1475 2547 1548 νηστεύσας,
2580 1476 2739 1531 θείων
2766 1477 3037 1547 αὐτοψιῶν
3066 1476 3276 1547 ἔτυχεν·
3324 1476 3530 1547 Ἰησοῦς
3555 1478 3610 1530 δὲ
3640 1478 3693 1530 τί

2102 1568 2241 1640 μετὰ
2261 1568 2532 1637 τοσαύτην
2558 1567 2634 1641 (1)
2669 1567 2921 1638 νηστείαν
2944 1566 3135 1621 ἔλαϐεν
3159 1567 3236 1637 (2)
3260 1584 3275 1633 ;
3320 1568 3440 1621 Οὐκ
3464 1563 3585 1620 ἶσον
3613 1567 3693 1637 τῷ

2098 1659 2283 1715 λαϐεῖν
2318 1659 2481 1730 νόμον
2505 1660 2598 1711 καὶ
2619 1657 2874 1723 θεοπτίας
2896 1658 3190 1730 ἀξιωθῆναι
3220 1660 3281 1712 τὸ
3295 1659 3480 1713 λαϐεῖν
3506 1661 3656 1728 Εύαγ
3676 1688 3693 1698 -

416 1765 651 1818 lationes
683 1778 696 1814 :
736 1760 898 1817 Jesus
937 1770 1145 1827 autem,
1178 1760 1313 1831 quid
1363 1768 1486 1831 post
1537 1760 1681 1814 idem
1718 1756 1994 1829 jejunium

2113 1751 2279 1818 γέλιον
2303 1749 2393 1802 καὶ
2422 1748 2660 1819 κηρύξαι
2689 1749 2788 1820 τὴν
2819 1748 2928 1804 τῶν
2959 1749 3202 1821 οὐρανῶν
3233 1747 3533 1819 βασιλείανο
3560 1766 3693 1802 τοσ-

410 1854 673 1925 accepit?
714 1853 874 1908 Haud
904 1853 1135 1922 aequalis
1160 1819 1379 1907 obtinet
1418 1851 1561 1907 ratio
1595 1851 1739 1904 inter
1773 1819 1996 1902 utrum-

2113 1842 2253 1896 ›ὖτον
2285 1841 2342 1895 δὲ
2383 1839 2658 1912 διάφορον,
2686 1819 2810 1897 ὅσον
2847 1819 3077 1911 ούρανδς
3116 1839 3365 1910 διαφέρει
3406 1841 3509 1910 τῆς
3552 1842 3685 1909 γῆς,

418 1963 549 2018 que,
585 1948 755 2017 legem
805 1945 1079 2015 accipere,
1115 1944 1538 2017 divinarumque
1591 1942 1819 2013 dignum
1869 1955 1998 1994 cen-

418 2034 529 2087 seri
588 2034 1008 2100 revelationum,
1043 2040 1208 2104 atque
1265 2032 1615 2104 Evangelium
1657 2031 1907 2100 accipere
1945 2038 2001 2086 et

417 2138 645 2193 regnum
704 2123 971 2177 cmlorum
1029 2124 1354 2194 praedicare.
1401 2123 1577 2178 Tanta
1642 2123 1788 2179 enim
1856 2122 2001 2177 inter

412 2223 711 2284 utrumque
753 2211 1093 2282 diﬂ‘erentia,
1119 2222 1324 2284 quanta
1369 2213 1571 2271 coelum
1622 2213 1769 2268 inter
1814 2219 1899 2267 est
1939 2225 2004 2266 ac

412 2317 643 2372 terram,
676 2305 987 2360 immortale
1005 2312 1061 2359 et
1084 2305 1340 2369 mortale.
1361 2296 1632 2360 internum
1661 2310 1715 2360 et
1727 2311 2004 2373 tempora-

418 2394 588 2449 rium.
618 2393 755 2448 lllud
802 2409 955 2460 vero,
983 2396 1123 2479 omni
1158 2394 1317 2448 ὐετὺο
1366 2392 1463 2454 Dei
1485 2392 1647 2465 (Luc.
1674 2409 1748 2457 tv,
1784 2392 1871 2463 4),
1894 2406 2002 2447 non

414 2482 684 2539 doctrinae
717 2496 881 2536 causa
912 2481 1069 2546 dicit,
1112 2482 1207 2537 sed
1261 2490 1486 2553 propter
1535 2483 2004 2552 comparationem

412 2573 550 2627 cibi.
575 2571 656 2626 Ad
704 2573 940 2642 ineptam
978 2573 1124 2627 enim
1168 2573 1316 2627 illius
1362 2574 1830 2644 provocationem,
1869 2570 2006 2625 Jube

421 2673 481 2715 ut
532 2662 735 2733 lapides
789 2663 883 2717 isti
935 2679 1099 2732 panes
1151 2664 1285 2731 ﬁant
1318 2661 1553 2732 (Matth.
1610 2680 1682 2729 tv,
1718 2662 1813 2732 5),
1845 2660 2005 2732 quasi

424 2752 612 2811 Iesum
653 2754 858 2824 ubique
895 2769 1035 2824 pane
1067 2754 1267 2809 nutriri
1319 2762 1618 2823 dporteret,
1651 2768 1842 2807 eorum
1890 2766 2008 2805 me-

424 2860 543 2899 mor
596 2860 720 2915 quaa
776 2847 834 2899 in
906 2844 1131 2901 deserto
1197 2844 1341 2899 tacta
1401 2852 1611 2907 essent,
1667 2841 2010 2897 commonuit

420 2953 570 3005 eum,
613 2937 843 2993 dicens:
879 2935 1005 2992 Non
1055 2954 1185 3007 opus
1234 2938 1389 2991 habet
1430 2936 1574 2990 Deus
1624 2936 1868 3004 panibus.
1911 2933 2010 2987 Et-

420 3028 571 3083 enim
606 3027 749 3084 Deus
780 3029 992 3099 absque
1053 3043 1195 3098 pane
1249 3027 1507 3082 lsraelem
1542 3025 1774 3079 nutrivit
1829 3025 1886 3077 in
1916 3023 2014 3078 de-

2100 1933 2270 1989 καὶτὸ
2294 1932 2561 1987 ἀθάνατον
2582 1931 2673 1987 τοῦ
2694 1931 2914 2003 θνητοῦ,
2936 1933 3031 1987 καὶ
3052 1932 3113 1985 τὸ
3129 1931 3299 1986 ἀίδιον
3320 1932 3414 1985 τοῦ
3437 1934 3696 2003 προσκαί-

2104 2028 2307 2099 ρου.Τὸ
2319 2028 2396 2097 δὲ,
2435 2027 2759 2084 Ἐπίπαντὶ
2775 2027 2997 2097 ῥήματι
3014 2029 3181 2091 Θεοῦ,
3197 2030 3258 2083 ού
3288 2028 3418 2098 περὶ
3446 2025 3708 2082 διδασκα-·

2100 2120 2221 2185 λίας
2261 2120 2441 2189 λέγει’,
2491 2119 2627 2175 ἀλλά
2676 2120 2814 2191 πρὸς
2858 2119 2950 2173 τὸν
3002 2120 3268 2192 πορισμὸν
3306 2120 3407 2191 τῆς
3463 2118 3691 2189 τροφῆς.

2103 2212 2244 2283 Πρὸς
2274 2211 2383 2283 γὰρ
2414 2211 2512 2283 τὴν
2543 2211 2750 2265 ἐκείνου
2792 2210 3092 2282 πρόκλησιν
3126 2209 3329 2265 ἄτοπον
3367 2206 3555 2275 οὖσαν,
3607 2210 3691 2275 τὸ,

2104 2304 2255 2360 Εἰπὲ
2270 2305 2372 2358 ἵνα
2395 2308 2449 2358 οἱ
2468 2305 2626 2360 λίθοι
2652 2304 2819 2373 ἄρτοι
2849 2305 3127 2374 γίνωνται
3143 2305 3245 2375 (5),
3262 2305 3338 2368 ὡς
3362 2306 3526 2359 παντὶ
3545 2304 3697 2373 τόπῳ

2106 2397 2210 2450 ὑπὸ
2237 2396 2401 2471 ἄρτου
2435 2396 2804 2469 διατραφῆναι
2830 2396 3138 2464 ὀφείλοντος
3157 2440 3172 2464 ,
3208 2397 3281 2452 τὰ
3309 2400 3367 2451 ὲν
3398 2400 3464 2468 τῇ
3502 2399 3696 2469 ἐρήμῳ

2105 2487 2371 2557 γενόμενα
2387 2487 2817 2557 ὑπομιμνήσκων
2834 2486 2995 2539 αὐτὸν
3013 2486 3220 2556 ἔλεγεν,
3237 2487 3312 2551 ὡς
3324 2489 3407 2543 Οὐ
3423 2487 3597 2557 χρεία
3613 2488 3692 2557 (ί)

2107 2576 2301 2645 ἄρτων
2330 2577 2412 2643 τῷ
2447 2578 2588 2642 Θεῷ.
2625 2578 2735 2630 Καὶ
2764 2578 2893 2632 ἀνευ
2916 2581 3026 2650 γὰρ
3054 2579 3234 2649 ἄρτων
3260 2578 3391 2641 Θεὸς
3416 2581 3474 2631 ὲν
3506 2579 3700 2649 ἐρήμῳ

2111 2666 2366 2739 διέθρεψε
2398 2667 2489 2721 τὸν
2531 2666 2767 2739 Ἰσραὴλ,
2795 2670 2890 2722 καὶ
2922 2669 3087 2723 αὑτὸν
3124 2668 3414 2741 διαθρέψαι
3446 2668 3696 2735 δύναται,

2109 2758 2288 2821 καθὼς
2317 2757 2383 2812 ἂν
2418 2757 2697 2829 βούληται,
2732 2760 2884 2831 ῥῆμα
2914 2759 3090 2829 λέγων
3118 2761 3217 2830 τὴν
3251 2761 3539 2832 ποιητικὴν
3571 2758 3697 2830 βού-

2109 2848 2266 2919 λησιν
2302 2848 2396 2901 τοῦ
2432 2848 2588 2902 Θεοῦ.
2632 2849 2709 2920 (5)
2741 2851 2946 2921 Μωσῆς
2993 2850 3048 2902 δὲ
3094 2851 3187 2903 καὶ
3242 2851 3430 2915 Ἠλίας
3470 2851 3701 2923 νηστεύ-

2113 2957 2304 3004 σαντες
2341 2943 2401 2993 ού
2438 2942 2891 3012 συνεχωρήθησαν
2925 2942 3286 3014 πειρασθῆναι
3316 2943 3421 2995 ὑπὸ
3452 2943 3549 2995 τοῦ
3584 2943 3699 2995 δια-

2113 3031 2270 3085 ϐόλου
2309 3032 2448 3102 πρὸς
2472 3032 2636 3104 ἕτερα
2668 3033 2990 3090 σπεύδοντες
3023 3035 3343 3105 μικρότερα·
3375 3036 3403 3087 ὁ
3428 3035 3483 3088 δὲ
3512 3035 3702 3107 Σωτὴρ

425 3127 602 3184 serto,
632 3126 689 3174 et
738 3120 954 3174 nutrire
997 3135 1122 3175 eum
1157 3127 1341 3189 potest
1374 3126 1539 3188 prout
1584 3117 1699 3171 vult
1749 3115 2010 3184 Verbum,

2116 3122 2433 3190 ἀναγκαίως
2474 3124 2847 3196 συνεχωρήθη,
2909 3126 3047 3195 πρὸς
3103 3124 3202 3196 τὴν
3261 3126 3556 3180 κατάλυσιν
3608 3127 3702 3180 τοῦ

429 3213 673 3268 divinam
703 3212 920 3283 (verba)
961 3213 1212 3267 indicans
1258 3210 1581 3266 creatricem
1637 3208 2001 3263 voluntatem.

432 3302 573 3360 Mosi
613 3305 839 3374 quidem
888 3311 944 3358 et
974 3302 1124 3366 Elite,
1165 3302 1232 3357 ad
1274 3302 1485 3355 minora
1525 3300 1632 3352 alia
1675 3300 2014 3368 properanti-

433 3396 558 3461 bus,
596 3394 747 3448 ltaud
792 3395 1128 3464 permissum
1189 3401 1276 3448 est
1317 3392 1517 3448 tentari
1552 3406 1582 3445 a
1611 3391 1833 3453 diabolo
1867 3390 2012 3446 :Re-

429 3484 702 3555 demptori
763 3499 917 3548 vero,
962 3482 1052 3537 cui
1102 3482 1398 3538 dissolutio
1445 3480 1641 3536 mortis
1692 3481 2014 3551 priorisque

433 3577 721 3632 sententia:
773 3591 918 3631 curae
972 3583 1122 3636 erat,
1159 3573 1474 3630 necessario
1524 3572 1576 3627 id
1620 3573 1870 3643 permitti
1917 3573 2016 3629 de-

432 3669 578 3723 buit.
614 3666 783 3723 Valde
812 3667 960 3723 enim
998 3666 1252 3721 diabolus
1288 3666 1538 3721 homines
1573 3673 1769 3720 contra
1798 3662 2017 3720 divinas

437 3759 813 3831 legislationes
839 3758 895 3812 in
936 3757 1031 3821 iis,
1058 3772 1179 3827 qua:
1207 3758 1261 3810 in
1303 3764 1575 3825 potestate
1606 3761 1795 3810 nostra
1833 3753 2016 3826 posita

438 3860 592 3916 sunt,
621 3850 909 3907 deﬂectere
962 3859 1126 3919 atque
1157 3848 1415 3917 decipere
1465 3846 1637 3917 cupit.
1667 3846 1805 3900 Illud
1863 3860 2015 3911 vero,

438 3948 497 3995 ut
530 3940 619 3995 lex
645 3938 925 4003 ederetur,
948 3940 1433 4008 suscipereturque
1460 3952 1586 3991 cum
1619 3951 1726 3992 non
1760 3937 1814 3990 in
1847 3934 2018 3990 Mosis

438 4032 535 4088 s’ed
569 4032 625 4085 in
662 4030 754 4085 Dei
785 4036 932 4085 esset
961 4036 1254 4099 potestate,
1284 4029 1540 4085 diabolus
1578 4028 1843 4099 impedire
1871 4027 2016 4081 haud

439 4122 640 4193 potuit.
669 4120 1012 4177 Concessum
1048 4129 1233 4176 tamen
1267 4121 1344 4175 illi
1378 4129 1484 4185 est,
1511 4121 1566 4174 in
1602 4119 1713 4175 illis
1745 4134 1848 4177 nos
1869 4118 2021 4175 deci-

438 4227 591 4285 pere,
623 4227 744 4283 qua:
795 4211 979 4267 facere
1009 4220 1174 4282 atque
1214 4212 1473 4267 omittere
1505 4211 1563 4264 in
1611 4218 1806 4265 nostro
1842 4210 2022 4281 posita

443 4312 573 4361 sunt
631 4304 878 4361 arbitrio.
908 4302 984 4358 Ita
1020 4319 1241 4375 quoque
1281 4302 1551 4358 Adamum
1599 4301 1816 4372 decepit
1853 4318 1868 4354 :
1915 4317 2019 4374 gu-

443 4396 606 4470 statio
650 4395 806 4449 -enim
861 4395 1097 4462 arboris,
1144 4395 1274 4450 licet
1322 4408 1433 4448 non
1483 4393 1539 4449 in
1597 4399 1871 4464 potestate
1921 4409 2022 4450 no-

2116 3213 2348 3269 θανάτου
2376 3214 2795 3285 πολιτευόμενος
2817 3217 2911 3270 καὶ
2941 3217 3095 3270 λύσιν
3125 3217 3227 3288 τῆς
3262 3219 3534 3290 προτέρας
3569 3222 3706 3274 ἀποο

2116 3306 2359 3376 φάσεως.
2396 3304 2541 3377 Πρὸς
2565 3305 2676 3378 γάρ
2696 3306 2796 3371 τὰς
2824 3308 3148 3379 νομοθεσίας
3185 3307 3278 3362 τοῦ
3308 3310 3443 3363 Θεοῦ
3486 3311 3705 3365 σπεύδει

2115 3397 2209 3449 καὶ
2233 3398 2261 3448 ὁ
2279 3394 2524 3460 διάϐολος
2544 3397 2833 3468 ἐκτρέπειν
2855 3397 2948 3450 καὶ
2971 3398 3188 3469 ἀπατᾷν
3227 3400 3355 3463 τοὺς
3384 3399 3706 3471 ἀνθρώπους

2118 3489 2175 3542 ὲν
2204 3482 2286 3550 οἷς
2316 3486 2383 3541 ἂν
2417 3486 2594 3540 ἔνεστι
2614 3487 2678 3540 τὸ
2702 3489 2787 3556 ἐφ’
2812 3489 2966 3557 ἡμῖν,
3000 3489 3059 3541 τὸ
3082 3488 3140 3541 δὲ
3170 3489 3469 3560 ἀναχθῆναι
3501 3489 3583 3561 (ι)
3613 3491 3707 3543 καὶ

2116 3578 2302 3633 λαϐεῖν
2340 3578 2433 3633 τὸν
2469 3578 2634 3649 νόμον
2673 3581 2702 3633 ὁ
2746 3578 2992 3643 διάϐολος
3043 3581 3255 3633 ἀνελεῖν
3307 3582 3408 3635 οὐκ
3447 3582 3703 3652 ἠδύνατο.

2117 3669 2288 3723 Τοῦτο
2317 3669 2425 3741 γάρ
2470 3665 2538 3741 ἦν
2571 3670 2664 3723 ἐπὶ
2694 3669 2775 3740 τῷ
2811 3669 2932 3740 Θεῷ
2959 3670 3057 3724 καὶ
3101 3671 3203 3725 οὐκ
3235 3671 3327 3724 ἐπὶ
3360 3670 3437 3742 τῷ
3493 3674 3704 3729 Μωσεῖ.

2125 3762 2196 3817 Ἀ
2226 3761 2283 3814 δέ
2318 3762 2467 3815 ἐστιν
2493 3762 2578 3832 ἐφ’
2600 3763 2732 3832 ἡμῖν
2753 3762 2977 3832 ποιῆσαι
3005 3762 3100 3815 καὶ
3129 3761 3203 3833 μὴ
3233 3762 3479 3833 ποιῆσαι,
3508 3765 3564 3819 ὲν
3585 3763 3709 3817 τού-

2119 3869 2233 3916 τοις
2280 3853 2376 3906 καὶ
2427 3854 2641 3924 ἁπατᾷν
2698 3856 3101 3925 συγχωρεῖται,
3140 3855 3276 3927 ὃτςρ
3328 3857 3423 3910 καὶ
3471 3857 3564 3910 ἐπὶ
3611 3856 3707 3911 τοῦ

2136 3939 2306 4012 Ἀδὰμ
2341 3941 2588 4012 ἐποίησε.
2624 3942 2697 3993 Τὸ
2736 3940 2843 4013 γὰρ
2879 3941 3118 4011 ἅψασθαι
3158 3944 3234 4014 (7)
3275 3943 3370 3997 τοῦ
3420 3944 3576 4010 ξύλου
3611 3947 3707 4000 καὶ

2127 4025 2239 4098 μὴ,
2280 4026 2375 4080 τοῦ
2426 4028 2511 4097 ἐφ’
2567 4030 2697 4099 ἡμῖν
2744 4029 2840 4082 καὶ
2888 4030 3232 4101 αὐθαίρετον.
3293 4033 3446 4088 Ἐπεὶ
3477 4031 3571 4090 οὖν
3618 4037 3710 4090 διά

2124 4117 2402 4182 πολιτείας
2437 4118 2532 4175 καὶ
2575 4119 2669 4172 τοῦ
2708 4120 3096 4190 ἀναμαρτήτου
3137 4123 3245 4177 ἔδει
3277 4126 3582 4181 καταλῦσαι
3611 4128 3708 4199 τὴν

2122 4209 2218 4263 τοῦ
2267 4209 2498 4265 θανάτου
2546 4210 2822 4279 ἀπόφασιν
2857 4211 3135 4281 πάσχοντα
3179 4214 3322 4286 ὑπὲρ
3366 4217 3706 4289 ἁμαρτωλῶν

2124 4301 2285 4356 αὐτὸν
2318 4302 2701 4375 ἀναμάρτητον
2730 4302 2860 4356 ὄντα
2883 4342 2898 4367 ,
2932 4303 3033 4356 οὐκ
3063 4303 3336 4360 ἐδείκνυτο
3365 4307 3424 4363 δὲ
3450 4309 3707 4380 ἀναμάρθ

2124 4411 2289 4466 τητος
2328 4394 2363 4447 ὁ
2414 4395 2581 4467 μήπω
2621 4391 2764 4448 κατά
2806 4394 2986 4448 πάντα
3025 4394 3481 4468 πολιτευσάμενος
3528 4395 3628 4452 καὶ
3654 4400 3712 4451 ἐν

443 4494 558 4549 stra
601 4485 777 4557 posita
800 4486 895 4553 sit,
937 4493 1238 4556 spontanea
1286 4492 1469 4539 tamen
1512 4492 1617 4539 est.
1656 4482 1796 4540 Cum
1855 4484 2011 4555 igitur

2131 4488 2299 4540 πᾶσιν
2330 4486 2742 4556 ἀγωνισάμενος
2775 4484 2911 4563 πρὸς
2942 4486 3042 4556 τὴν
3081 4486 3381 4560 ἁμαρτίαν,
3420 4489 3510 4543 διὰ
3552 4489 3712 4543 τοῦτο

443 4578 621 4649 ipsum
658 4574 872 4639 Jesum,
905 4575 999 4647 qui
1049 4576 1261 4645 absque
1307 4582 1534 4645 peccato
1562 4576 1740 4639 esset,
1766 4583 2027 4646 peccato-

446 4685 568 4725 rum
603 4684 773 4726 causa
801 4670 955 4724 curis
1011 4675 1179 4738 atque
1228 4669 1546 4725 innocentia
1585 4683 1688 4724 sua
1738 4668 1875 4738 pati,
1903 4683 2029 4724 sen-

447 4761 783 4830 tentiamque
838 4757 1031 4813 mortis
1103 4759 1322 4813 auferre
1358 4764 1659 4826 Oporteret,
1692 4773 1802 4812 non
1843 4768 2023 4811 tamen

517 4963 593 5025 (1)
627 4958 693 5011 V.
726 4958 936 5013 Theed.
973 4955 1038 5010 ad
1073 4955 1261 5011 Μιιιιιι.
1294 4973 1368 5021 tv,
1396 4956 1450 5010 2.

517 4966 563 5025 (t
627 4966 693 5011 ν.
726 4966 936 5013 't‘need.
973 4966 1038 5010 ad
1075 4966 1261 5011 lllntth.
1294 4973 1368 5021 ιν,
1396 4966 1450 5010 2.

515 4966 593 5102 (εξ
628 5027 691 5102 v.
754 5027 913 5081 Ἀλλά
957 5027 1134 5102 Μωσί-
1162 5055 1233 5066 -
1257 5055 1329 5065 -
1358 5024 1550 5078 ἐλαϐεν
1576 5065 1593 5102 ,_
1620 5022 1826 5078 Juliani
1856 5030 2021 5102 sunt_,

442 5093 557 5154 non
576 5093 769 5161 etiam,
810 5105 869 5151 ut
915 5097 1056 5150 male
1087 5094 1314 5166 Muent.,
1345 5093 1633 5166 sequentia
1662 5121 1734 5132 —-
1763 5094 2026 5166 προσκαίτ

451 5187 567 5242 pou.
599 5169 673 5221 Τὸ
694 5168 875 5242 δὲη-τ-
906 5166 1076 5242 λέγει.
1112 5164 1236 5242 Ηῳο
1261 5161 1492 5242 propter
1527 5161 1717 5242 falsam
1755 5203 1770 5227 ,
1807 5161 2027 5242 'J_u_l‘ia_ni

449 5232 632 5305 credo,
679 5254 713 5291 ν
760 5238 871 5289 ⁸ἐπὶ
905 5232 988 5307 π(
1013 5238 1063 5307 ρ.
1088 5253 1137 5289 τ.
1168 5235 1218 5287 θ⁴
1261 5232 1766 5307 interpretationem
1796 5234 2023 5290 addidit.

454 5301 727 5382 Πορισμὸν
749 5325 798 5360 τ.
831 5323 917 5379 τρ.
952 5301 1024 5359 de"
1050 5303 1462 5377 comparatione
1487 5301 1615 5357 cibi.

522 5378 601 5451 ('5)
634 5378 932 5451 [ἐνωνταὲ

519 5445 598 5519 (4)
634 5447 834 5519 Muent.
893 5445 1005 5515 Προ
1054 5460 1162 5517 γαρ
1216 5460 1318 5514 την
1374 5472 1446 5483 -
1486 5472 1575 5498 -.
1622 5460 1789 5517 αρτου
1842 5445 2030 5500 διατα-

450 5516 616 5589 φηναι
680 5516 982 5583 οφειλοντες
1043 5530 1114 5569 τα
1136 5516 1214 5555 ⁷-
1251 5530 1551 5583 γενομενα,
1608 5516 2036 5589 υπομιμνησκων

454 5586 663 5641 αυτου..
695 5614 767 5624 --
796 5614 866 5623 —-
896 5600 1083 5656 χρειαν
1118 5613 1187 5623 —-
1215 5614 1285 5623 —
1314 5594 1437 5638 ante
1492 5586 1936 5656 provocationem
1965 5615 2038 5626 —

489 5658 608 5711 uasi
645 5670 846 5709 necesse
874 5655 1087 5709 omnino
1112 5663 1276 5717 esset,
1314 5665 1369 5708 ut
1397 5655 1574 5725 omnia
1603 5672 1719 5725 qua:
1742 5657 1798 5709 in
1828 5656 2033 5710 deserto

489 5675 608 5711 τίσει
645 5675 846 5709 necesse
874 5675 1087 5709 omnino
1112 5675 1276 5717 εσθαι,
1314 5675 1368 5708 ιιι
1397 5675 1574 5710 omnia
1603 5675 1719 5725 qute
1742 5675 1798 5709 tn
1828 5675 2033 5710 ασθαι-ιο

454 5675 602 5795 ἵσοια
630 5734 838 5790 essent,
890 5742 922 5778 a
952 5741 1084 5794 pane
1128 5725 1347 5795 dissolvi
1375 5724 1650 5793 deberent,
1709 5727 2034 5780 commonuit

444 5794 572 5851 eum
606 5798 790 5853 dicens
821 5827 888 5836 -—
915 5797 974 5850 .l
1039 5794 1376 5866 Ὀφείλοντος
1434 5803 1581 5852 recte
1636 5795 1749 5867 jam
1809 5797 2034 5866 scripsit

2125 4576 2187 4641 ἐξ
2214 4576 2462 4646 ἀνάγκης
2487 4578 2853 4646 συγχωρεῖται
2883 4576 3247 4650 πειρασθῆναι
3276 4580 3380 4634 ὑπὸ
3402 4580 3496 4635 τοῦ
3527 4581 3709 4634 διαϐό-

2124 4666 2238 4731 λου,
2268 4666 2344 4729 ὡς
2367 4665 2614 4736 βούλεται
2646 4665 2812 4729 αὐτὸς
2836 4667 2865 4718 ὁ
2892 4665 3158 4735 διάϐολος,
3184 4669 3270 4724 ἵνα
3296 4670 3556 4741 καθαρῶς
3584 4673 3713 4725 ἀνα-

2132 4757 2408 4828 μάρτητος
2424 4758 2585 4830 ὀφθῇ,
2618 4759 2678 4812 ού
2703 4756 2783 4827 τῷ
2813 4755 2887 4827 μὴ
2916 4761 3301 4832 πειρασθῆναι,
3336 4762 3472 4817 ἀλλὰ
3498 4765 3576 4835 τῷ
3608 4783 3709 4835 φυ-

2131 4973 2184 5034 y'.
2217 4957 2273 5013 d.
2338 4959 2393 5015 in
2411 4956 2757 5034 Dtederlein.
2806 4963 2989 5020 Theol.
3037 4964 3179 5021 Bibl.
3237 4964 3275 5022 l.
3325 4966 3378 5031 Ι,
3427 4977 3547 5034 pag.
3584 4964 3708 5019 495.

2136 5024 2298 5112 Verte
2333 5045 2351 5112 ξ
2388 5031 2470 5083 Ad
2532 5032 2761 5112 ineptam
2813 5038 2955 5089 enim
2996 5035 3145 5112 illius
3196 5024 3713 5102 ρνουοέαἰὶοἷιεηι-

2132 5098 2290 5173 ιιιιιιέί
2318 5096 2730 5173 {estimabin
2757 5118 2895 5171 pane
2921 5106 3119 5159 nutriri
3144 5096 3428 5172 oporteret.

2207 5168 2285 5238 (5)
2318 5166 2438 5222 Jam
2472 5170 2539 5224 ad
2571 5166 2735 5227 aliam
2758 5166 2879 5230 rem
2911 5175 3114 5235 transit
3138 5166 3204 5227 ac
3232 5173 3394 5228 docet
3418 5214 3431 5235 ,
3459 5170 3562 5228 cul-
3590 5174 3717 5229 Ser-

2135 5241 2616 5314 vator_tentandus
2649 5243 2866 5314 fuisset,
2895 5259 3075 5314 neque
3100 5259 3231 5299 vero
3262 5243 3712 5314 Mosesetililias.

2143 5305 2496 5431 (litaniflestum
2527 5319 2645 5377 est,
2676 5328 2802 5369 eum
2835 5305 2924 5369 liic
2952 5305 3175 5385 quoque
3208 5322 3402 5369 contra
3433 5312 3715 5369 lulianum

2184 5393 2305 5431 lSDlI
2335 5394 2451 5431 are.

2184 5393 2451 5431 lSDlllal‘e.

2211 5395 2572 5524 Efﬁgiem,
2625 5450 2873 5522 ανεχθειν
2896 5454 2961 5507 ‘il
3010 5451 3350 5524 ἀναχθῆναι,
3381 5453 3508 5507 duci
3542 5469 3617 5507 sc.
3663 5453 3718 5507 in

2142 5516 2370 5571 mentem
2401 5516 2578 5573 Sinai.

2209 5587 2292 5668 (7)
2330 5587 2535 5642 Muent.
2567 5591 2773 5668 Τοχαρ
2830 5590 3156 5668 οᾲασθαι--
3184 5600 3351 5668 atque
3406 5592 3473 5668 in_
3498 5591 3717 5668 ltishne-

2144 5660 2259 5738 seio
2290 5673 2468 5738 quam
2520 5660 2779 5715 subtilem
2822 5660 3721 5733 distinctionemdeprehendisse

2142 5727 2246 5780 Slbl
2284 5743 2436 5782 Visus
2472 5738 2575 5782 est.
2622 5729 2794 5788 Paulo
2826 5740 2948 5788 post
2974 5733 3068 5788 τοῦ
3095 5733 3178 5788 ἐφ’
3203 5735 3338 5788 ἡμῖν
3364 5733 3507 5788 bene
3533 5731 3721 5788 habet.

2562 5769 2575 5781 .
2622 5750 2794 5785 ιἰιιιιο
2826 5750 2948 5785 DOSI.
2974 5750 3047 5785 τοι

2142 5735 2246 5806 Sibi
2284 5735 2436 5782 visus
2472 5738 2575 5782 est.
2622 5735 2794 5791 Paulo
2826 5740 2948 5799 post
2974 5735 3068 5788 τοῦ
3095 5735 3178 5805 ἐφ’
3203 5735 3338 5806 ἡμῖν
3364 5735 3507 5788 bene
3533 5735 3725 5791 habet.

2142 5796 2248 5849 Του
2279 5805 2361 5854 est
2396 5799 2564 5869 genit.
2594 5800 2905 5869 partitivus.
