4162 6498
500 520 606 575 7'23
1645 518 1995 576 TIIEODORI
2036 517 2493 575 MOPbUESTEN
2501 519 2519 573 ι
3642 510 3751 576 798

436 688 447 695 .
500 634 613 691 Deo
633 633 777 691 haud
809 635 1030 706 quidem
1066 635 1309 698 credere,
1343 634 1436 691 sed
1472 634 1632 691 ﬁdem
1667 635 1902 693 fortasse
1926 650 2170 707 quaerere
2201 636 2440 691 videtur.
2487 633 2653 689 Iesus
2720 633 2886 703 igitur
2953 633 3240 689 malitiam'
3262 632 3466 690 diaboli
3530 631 3751 698 refellit,

499 730 591 798 qui
631 743 727 799 per
755 729 1062 784 simulatam
1095 732 1151 784 in
1195 727 1364 782 Deum
1413 728 1663 783 ﬁduciam
1697 729 1906 784 circulo
1930 736 2098 798 atque
2128 729 2447 798 ambagibus
2491 725 2560 780 ad
2593 724 2948 782 diuidendum
2988 726 3247 782 inducere
3294 740 3421 785 eum
3455 724 3647 780 voluit.
3687 720 3753 776 Et

499 817 604 874 hoc
629 818 849 889 quidem
881 820 1193 884 dicendum,
1219 820 1477 890 quoniam
1501 820 1709 874 dictum
1748 827 1834 875 est
1865 820 1933 875 de
1967 821 2204 874 humana
2246 827 2442 874 natura
2481 824 2729 873 tentata:
2761 815 3047 872 Dominum
3077 817 3245 873 Deum
3292 827 3440 874 tuum
3468 814 3745 877 adorabis,

498 908 652 964 etilli
698 911 800 964 soli
838 912 1027 965 servies
1058 909 1208 982 (Luc.
1244 924 1316 974 tv,
1354 908 1446 981 8);
1493 909 1811 977 neutiquam
1848 916 2031 964 tamen
2072 909 2143 965 ab
2178 908 2501 964 adoratione
2554 906 2737 963 Patris
2801 905 3056 976 sejuncto
3112 906 3296 964 Verbo
3351 908 3541 964 divino
3584 912 3754 976 atque

501 998 711 1071 Spiritu
739 1008 949 1057 sancto.

1124 1089 1276 1145 CAP.
1316 1089 1457 1144 XXI.

574 1180 742 1237 Vens.
783 1181 837 1235 7.
869 1211 939 1220 —
969 1178 1120 1233 Talia
1154 1180 1352 1250 sacpius
1393 1179 1536 1235 facta
1567 1188 1696 1234 sunt
1727 1191 1891 1250 atque
1920 1182 2073 1235 liunt.

506 1273 569 1328 Et
598 1274 872 1344 quomodo
906 1282 1034 1331 sunt
1065 1274 1180 1328 haec
1222 1272 1714 1327 consummationis
1746 1272 1939 1342 signa?
1981 1270 2077 1325 Ast

506 1367 630 1421 licet
677 1380 786 1421 non
833 1366 889 1421 in
939 1366 1218 1427 omnibus,
1262 1380 1443 1433 neque
1476 1364 1659 1418 omnia
1703 1364 1887 1427 simul,
1936 1363 2078 1418 facta

506 1458 638 1520 sint,
665 1473 809 1512 nunc
842 1464 1024 1512 tamen
1056 1457 1240 1511 omnia
1277 1456 1415 1518 haec,
1440 1455 1637 1525 partim
1670 1471 1848 1525 neque
1878 1455 2079 1525 ubique

512 1548 675 1611 facta,
710 1548 970 1602 omnibus
996 1547 1050 1601 in
1084 1546 1223 1602 locis
1258 1546 1538 1608 evenient,
1578 1554 1638 1600 ut
1665 1545 1921 1602 omnibus
1952 1560 2080 1601 cono

505 1640 755 1708 spicuum
790 1650 920 1693 tunc
950 1639 1044 1703 sit,
1090 1637 1351 1692 mundum
1385 1637 1539 1692 hisce
1568 1652 1630 1692 cx
1669 1637 1854 1693 causis
1885 1652 2077 1708 quem-

508 1727 799 1781 admodum
850 1725 1120 1781 inﬁrmum
1169 1726 1520 1781 interiturum
1568 1740 1723 1790 esse,
1776 1725 1899 1789 cui,
1951 1739 2075 1781 cum

503 1817 687 1871 omnia
746 1818 899 1887 signa
949 1816 1199 1870 mortalia
1239 1815 1294 1869 in
1330 1815 1433 1869 hoc
1483 1831 1650 1870 unum
1703 1821 2077 1879 concurrant,

506 1905 653 1958 nulla
696 1904 932 1974 amplius
966 1910 1215 1973 superest
1247 1918 1396 1974 spes,
1435 1903 1563 1960 licet
1607 1903 1808 1974 saepius
1842 1902 2077 1974 quodam

505 1995 700 2049 horum
722 1994 1084 2066 aagrotaverit,
1105 2004 1449 2065 mortemque
1477 1996 1740 2058 evaserit,
1757 2010 1881 2050 cum
1906 2008 2076 2049 unum

505 2086 555 2136 td
593 2086 657 2139 ad
684 2095 910 2141 mortem
946 2086 1188 2143 hominis
1221 2085 1558 2143 efﬁciendam
1590 2086 1739 2142 haud
1767 2085 2070 2144 suffecerit.

502 2175 730 2240 Quando
754 2177 937 2248 igitur,
956 2178 1158 2248 inquit,
1178 2178 1361 2233 omnia
1388 2179 1502 2234 haec
1519 2178 1682 2234 simul
1699 2178 1973 2244 evenient,
2000 2178 2079 2232 l‘a-

504 2281 620 2319 mes
632 2275 793 2336 atque
807 2266 996 2338 pestis,
1013 2268 1449 2324 insurrectiones
1466 2270 1793 2339 populorum
1810 2269 2078 2324 adversus

499 2358 754 2428 populos,
787 2366 842 2414 et
885 2374 1176 2431 regnorum
1209 2360 1477 2416 adversus
1519 2376 1709 2433 regna,
1748 2369 1914 2432 atque
1951 2360 2077 2416 reli-

2761 1083 3010 1137 ΚΕΦΑΛ.
3045 1085 3175 1141 KA'.

2254 1175 2452 1246 Στίχ.ζ¹
2462 1175 2631 1245 .—(l)
2653 1173 2893 1230 Τοιαῦτα
2911 1175 3171 1240 πολλάκις
3186 1177 3395 1245 ἐγίνετο
3415 1180 3752 1248 καὶγίνεται·

2179 1266 2273 1318 καὶ
2306 1264 2423 1328 πῶς
2472 1263 2646 1318 ταῦτα
2676 1263 2986 1326 συντελείας
3018 1268 3252 1336 σημεῖα;
3299 1267 3439 1320 Ἀλλ’
3470 1270 3520 1321 εἰ
3552 1271 3648 1324 καὶ
3677 1273 3753 1340 (2)

2177 1357 2366 1425 γέγονε
2389 1354 2640 1418 τοιαῦτα,
2686 1355 2786 1409 οὐκ
2826 1356 2919 1409 sit).
2950 1356 3189 1421 πάντων,
3223 1358 3343 1411 οὐδὲ
3374 1359 3557 1413 πάντα
3578 1360 3715 1430 ὁμοῦ
3736 1380 3750 1392 ·

2178 1446 2273 1501 νῦν
2308 1448 2365 1502 δὲ
2402 1447 2579 1519 ταῦτα*
2609 1447 2787 1502 πάντα
2826 1447 2970 1502 κατά
3019 1449 3183 1521 μέρος
3214 1450 3305 1504 καὶ
3343 1451 3446 1505 οὐκ
3478 1453 3571 1506 ἐπὶ
3621 1456 3753 1509 πᾶσι

2178 1539 2436 1610 γινόμενα
2476 1540 2552 1610 ('5)
2581 1540 2874 1611 γενήσεται
2917 1541 3193 1611 πανταχοῦ
3238 1543 3382 1608 τότε,
3421 1543 3562 1597 ὥστε
3590 1548 3757 1600 πᾶσιν

2180 1624 2318 1682 εἶναι
2359 1629 2667 1697 καταφανὲς
2712 1630 2776 1681 ὲκ
2807 1629 3014 1685 τούτων
3056 1631 3147 1685 τὸν
3179 1631 3383 1703 κόσμον
3428 1633 3757 1705 λυθήσεσθαι

2179 1719 2367 1791 ὥσπερ
2411 1721 2693 1791 άῤῥωστον
2739 1721 2797 1774 έν
2841 1720 3150 1791 ἀπογνώσει
3198 1724 3510 1795 γενόμενον,
3543 1727 3760 1780 πάντων

2178 1809 2314 1882 ὁμοῦ
2344 1810 2452 1864 τῶν
2495 1810 2827 1881 φθειρόντων
2878 1812 3042 1866 αὐτὸν
3083 1814 3325 1883 σημείων
3369 1818 3759 1886 συμπεσόντων

2179 1905 2259 1968 εἰς
2288 1903 2469 1967 ταὺτὸ,
2491 1904 2694 1974 καίπερ
2720 1903 2979 1967 πολλάκις
3007 1903 3333 1974 νοσήσαντος
3364 1901 3428 1958 εκ
3457 1923 3600 1970 τινος
3629 1907 3757 1960 τού-

2179 2014 2286 2050 των
2318 1996 2416 2050 καὶ
2443 1995 2795 2064 διαφυγόντος
2827 1994 2903 2066 (4)
2938 1995 3030 2049 τὸν
3062 1995 3289 2050 θάνατον
3327 1994 3417 2050 διά
3446 1997 3507 2050 τὸ
3539 1996 3613 2068 μὴ
3643 2000 3761 2051 ἱκα-

2178 2086 2268 2141 νὸν
2304 2087 2559 2157 γενέσθαι
2591 2086 2652 2140 τὸ
2684 2086 2742 2140 ἓν
2774 2086 3084 2157 διαφθεῖραι
3116 2087 3208 2140 τὸν
3250 2086 3557 2159 ἄνθρωπον.
3591 2088 3759 2142 Ὅταν

2177 2174 2294 2241 οὖν.
2337 2180 2511 2248 φησὶ,
2544 2172 2723 2231 πάντα
2753 2176 2888 2248 ὁμοῦ
2931 2177 3104 2231 ταῦτα
3136 2178 3360 2249 γένηται
3384 2220 3399 2244 ,
3444 2179 3624 2249 λοιμοὶ
3664 2182 3761 2234 καὶ

2178 2269 2328 2341 λιμοὶ
2357 2270 2451 2322 καὶ
2476 2269 2870 2332 ἐπαναστάσεις
2899 2268 3067 2322 έθνῶν
3093 2270 3184 2322 ἐπὶ
3209 2268 3335 2341 ἔθνη
3362 2270 3455 2324 καὶ
3482 2270 3760 2339 βασιλείας

2178 2361 2273 2413 ἐπὶ
2306 2359 2582 2431 βασιλείαν
2612 2360 2687 2431 (5)
2722 2360 2816 2414 καὶ
2849 2361 2917 2415 τὰ
2963 2359 3100 2415 ἄλλα
3132 2360 3167 2415 ἃ
3208 2356 3329 2416 εἷπε
3360 2361 3765 2433 φόϐητρα,,καὶ

678 2421 880 2516 omnia,
933 2421 1055 2524 qua;
1095 2451 1232 2519 dixi,
1268 2453 1537 2508 terribilia
1576 2421 1631 2508 ξι
1678 2421 1863 2508 omnia
1908 2450 2074 2509 simul

2182 2421 2362 2504 πάντα
2402 2450 2539 2523 ὁμοῦ
2583 2421 2727 2505 κατά
2762 2450 2978 2505 πάντων
3021 2451 3214 2523 κινηθῇ
3236 2491 3251 2516 ,
3279 2421 3401 2505 τότε
3450 2421 3762 2523 σημαίνειν,

503 2537 730 2593 omnino
781 2540 1313 2608 commovebuntur;
1376 2550 1508 2596 tunc
1565 2541 1811 2598 vicinum
1867 2542 2072 2598 adven-

500 2638 616 2684 tum
650 2629 770 2699 ejus
803 2629 1035 2687 indicari
1066 2631 1143 2688 ait
1170 2631 1323 2703 (Luc.
1363 2648 1479 2698 ut,
1507 2632 1595 2700 ll,
1626 2631 1739 2705 l2).

1100 2742 1255 2800 CAP.
1300 2744 1469 2800 XXII.

572 2833 736 2891 Vsus.
779 2836 847 2893 59
877 2850 1001 2906 sqq.
1024 2864 1096 2879 —
1120 2834 1186 2890 Et
1214 2836 1343 2891 talia
1373 2850 1615 2907 quoque,
1666 2836 1869 2906 inquit,
1913 2835 2075 2893 Jesus

499 2932 656 2993 erat;
687 2939 812 2980 nam
837 2927 1003 2982 miser
1036 2926 1200 2981 homo
1235 2925 1603 2980 calamitatem
1637 2925 1911 2982 sustinere
1930 2925 2073 2981 haud

500 3022 696 3082 potens
735 3021 878 3078 orat,
914 3022 1099 3084 atque,
1136 3012 1265 3067 licet
1300 3012 1448 3068 Deus
1487 3013 1583 3077 sit,
1624 3012 1694 3067 ab
1729 3013 1924 3084 angelo
1951 3028 2074 3070 cor-

500 3107 813 3161 roboratur.
865 3103 1002 3172 Quis
1038 3118 1170 3158 vero
1222 3103 1345 3169 tibi,
1394 3101 1567 3170 Luca,
1614 3104 1954 3161 renuntiavit
2009 3104 2077 3161 de

501 3197 718 3266 angelo,
747 3195 1023 3267 quomodo
1043 3195 1377 3250 successerit
1405 3193 1482 3261 id,
1514 3210 1638 3250 cum
1668 3194 1947 3265 discipuli,
1977 3195 2073 3266 qui

499 3298 634 3341 tunc
675 3288 733 3341 in
772 3287 971 3341 vicinia
1000 3293 1223 3342 orantes
1258 3293 1465 3352 essent,
1498 3286 1686 3343 videre
1734 3287 1878 3342 haud
1922 3288 2076 3342 vale-

502 3379 662 3433 rent?
691 3376 1031 3432 dormiebant
1063 3377 1234 3433 enim.
1274 3376 1643 3443 Quamobrem
1681 3393 1799 3444 eos,
1847 3379 1915 3435 ab
1953 3395 2079 3435 ora-

501 3472 653 3525 tione
692 3468 943 3535 veniens,
997 3484 1112 3540 pra:
1163 3470 1423 3526 maestitia
1482 3470 1817 3527 dormientes
1871 3472 2079 3543 reperit

502 3563 752 3634 dixitque
783 3580 796 3617 :
824 3561 964 3629 Quid
993 3561 1238 3615 dormitis
1260 3564 1286 3620 ξ)
1307 3559 1516 3632 Surgite
1537 3572 1585 3615 et
1608 3571 1755 3618 orate
1778 3562 2075 3631 (Lucmxu,

499 3655 612 3727 46),
661 3665 802 3723 etc.;
849 3663 903 3710 et
954 3653 1185 3711 inferius
1230 3654 1401 3726 (vers.
1447 3653 1578 3726 47):
1616 3655 1800 3709 Adhuc
1861 3671 1922 3710 eo
1962 3654 2079 3711 haec

501 3748 760 3820 loquente,
808 3763 924 3802 ecce
960 3746 1117 3801 turba
1165 3762 1361 3816 magna
1407 3759 1459 3800 et
1511 3744 1709 3801 ludas.
1745 3745 1978 3816 Propter
2024 3745 2077 3800 id
2106 3777 2149 3833 ρ

500 3854 723 3910 quoque
764 3835 1028 3902 Ioannes,
1063 3838 1155 3908 qui
1211 3837 1351 3892 nihil
1382 3837 1617 3900 viderat,
1652 3836 1791 3892 nihil
1834 3836 2074 3907 scripsit.

503 3932 628 3988 llaec
656 3932 929 3987 Iulianus.
968 3929 1125 3985 Haud
1165 3939 1253 3985 est
1287 3928 1629 3985 fortitudinis
1659 3935 1827 3999 atque
1859 3929 2079 3998 sapien—

499 4026 594 4080 tia:
615 4024 1027 4086 documentum,
1068 4037 1178 4076 non
1216 4035 1585 4091 expavescere
1633 4019 1923 4083 terribilia,
1958 4021 2075 4087 sed,

501 4130 628 4174 cum
655 4114 783 4170 talia
806 4115 945 4170 bene
963 4112 1183 4186 cognita
1203 4114 1337 4178 sint,
1368 4112 1668 4183 prudenter
1687 4127 1751 4169 ea
1782 4112 2079 4184 aliquando

501 4207 796 4263 sustinere.
828 4205 970 4261 Nihil
1001 4205 1148 4261 enim
1187 4205 1502 4261 hominibus
1541 4213 1719 4261 morte
1752 4204 2074 4271 terribilius,

499 4298 631 4352 licet
665 4310 784 4352 eam
816 4297 888 4352 ob
921 4293 1186 4351 beneﬁcia
1217 4294 1417 4350 collata
1451 4295 1706 4366 patiaris.
1736 4293 1872 4350 Cum
1909 4295 2079 4365 igitur

498 4388 756 4444 Christus
783 4387 1085 4444 secundum
1116 4400 1341 4442 carnem
1361 4392 1706 4456 assumptam
1724 4401 1888 4441 verus
1914 4385 2079 4441 homo

500 4485 698 4534 natura
742 4477 1079 4535 constitutus
1129 4485 1299 4543 esset,
1344 4491 1576 4534 necesse
1605 4491 1825 4548 quoque
1856 4484 1976 4532 erat
2006 4486 2066 4532 ut

571 4614 648 4685 (l)
674 4612 735 4668 In
770 4615 877 4670 hoc
921 4613 1230 4685 fragmento
1259 4610 1539 4685 refellitur
1559 4609 1836 4674 Julianus,
1864 4611 1959 4679 qui
1992 4612 2069 4666 si-

498 4680 603 4752 gna
631 4680 744 4737 'illa
794 4680 1119 4745 συντελείας.
1164 4682 1299 4736 Luc.
1345 4697 1461 4747 xxi,
1507 4680 1539 4734 7
1586 4696 1710 4750 sqq.
1743 4690 2068 4743 memorata,

501 4754 647 4806 nulla
683 4767 807 4806 esse
837 4752 1219 4806 contenderat.

514 4858 519 4861 -
570 4822 648 4889 (2)
680 4821 803 4873 Haec
825 4819 1027 4874 Juliani
1056 4827 1209 4889 sunt,
1243 4835 1364 4889 qua:
1379 4817 1703 4874 Theodorus
1742 4817 1856 4887 jam
1880 4817 2063 4873 diluit.

572 4888 649 4961 (5)
684 4889 831 4961 Fort.
868 4892 903 4942 I.
919 4888 1230 4961 Αγενόμενα.

572 4956 649 5027 (4)
684 4959 887 5013 Muent.
912 4956 1277 5027 διαφευγοτος.
1299 4956 1361 5010 F.
1394 4958 1429 5011 l.
1451 4957 1853 5025 διαφεύγοντος.

576 5026 654 5100 (5)
684 5030 887 5100 liuent.
921 5026 1019 5081 επι
1049 5026 1343 5100 βασιλειας.

574 5091 651 5167 (6)
680 5091 1065 5165 Fragmentum
1111 5098 1213 5167 hoc
1253 5095 1684 5167 anepigraplium
1726 5091 1970 5167 Muenter
2011 5095 2065 5148 in

499 5161 720 5228 schedis
770 5161 906 5223 bibl.
939 5167 1156 5223 Corsin.
1188 5161 1591 5229 inveni—Lquod
1626 5161 1901 5217 Theodori
1943 5178 2067 5218 esse

498 5252 555 5296 et
585 5242 677 5312 qui
710 5239 941 5312 sgitedas
973 5237 1097 5312 illas
1124 5234 1350 5303 scripsit
1374 5241 1429 5312 et
1456 5233 1701 5312 Muettter
1732 5240 1879 5312 recte
1919 5232 2067 5302 judi-

499 5301 718 5366 raritnt.
746 5307 975 5362 Videtur
1012 5307 1157 5360 enim
1188 5301 1257 5358 ei
1290 5304 1479 5357 eodem
1518 5303 1609 5356 illo
1657 5301 1781 5357 cod.
1811 5301 2061 5358 catenam

499 5382 554 5433 in
582 5381 782 5439 Lucam
820 5377 1115 5430 exhibente
1142 5372 1513 5441 desumptum,
1549 5380 1698 5427 certe
1730 5372 1963 5441 pertinet
1995 5373 2064 5427 ad

497 5448 635 5504 an.
665 5462 802 5507 nu,
836 5445 1023 5514 39-51.
1057 5451 1112 5498 et
1150 5460 1270 5514 quae
1302 5453 1522 5512 propter
1552 5442 1699 5514 hunc
1747 5444 1927 5496 locum
1952 5441 2063 5514 Ju-

496 5520 681 5574 lianus
727 5521 918 5570 contra
970 5510 1185 5569 Jesum'
1213 5510 1516 5583 protulerat
1563 5512 1907 5583 refelluntur.
1943 5510 2062 5567 Jam

498 5605 623 5643 cum
648 5585 970 5641 Theodorus
999 5587 1053 5637 in
1069 5579 1463 5638 commentario
1484 5582 1539 5635 in
1561 5581 1765 5636 Lucam
1784 5579 2061 5636 Iulianum

497 5658 700 5727 sti-pius
728 5653 1049 5727 refutaverit
1100 5655 1183 5724 (v.
1222 5652 1379 5723 inl.),
1430 5660 1657 5727 externa
1712 5667 1835 5727 qua:
1874 5652 2065 5727 dicunt

496 5721 821 5797 argumenta
858 5722 925 5777 ad
970 5721 1330 5797 Theodorum
1339 5721 1460 5797 nos
1494 5722 1725 5797 ducunt.
1751 5721 1862 5797 [Ioc
1890 5724 2064 5797 magis

496 5790 660 5851 etiam
697 5797 766 5851 de
814 5794 1044 5849 internis
1091 5797 1250 5849 valet.
1294 5790 1514 5856 Oratio,
1553 5791 1836 5846 refellendi
1868 5792 2061 5857 ratio,

496 5866 731 5938 denique
771 5864 1015 5924 doctrina
1047 5864 1338 5922 manifesto
1366 5861 1637 5919 Theodori
1666 5861 1901 5916 indolem
1928 5858 2065 5915 refe-

492 5947 643 6017 runt.

2170 2543 2356 2615 φησὶν,
2366 2543 2533 2612 ἐγγὺς
2559 2536 2723 2598 οὖσαν
2752 2542 2850 2615 τὴν
2879 2542 3180 2614 παρουσίαν
3207 2541 3397 2598 αὑτοῦ.

2766 2748 3015 2803 ΚΕΦΑΛ.
3049 2748 3176 2803 KB’.

2253 2836 2402 2908 Στίχ.
2435 2837 2533 2892 λθ’.
2556 2868 2627 2882 —
2680 2837 2841 2892 Ἀλλά
2876 2838 2969 2892 καὶ
2998 2837 3075 2907 (6)
3114 2837 3341 2893 τοιαῦτα
3373 2839 3763 2911 προσεύχεται,

2184 2927 2369 2999 φησιν,
2424 2929 2454 2982 ό
2511 2927 2739 2999 Ἰησοῦς,
2784 2925 2874 2983 οἶα
2911 2928 3096 2994 ἄθλιος
3138 2929 3425 3000 ἄνθρωπος
3475 2932 3766 3002 συμφορὰν

2183 3019 2373 3091 φέρειν
2410 3019 2648 3081 εὐκόλως
2674 3020 2737 3072 οὐ
2767 3018 3084 3090 δυνάμενος,
3116 3020 3209 3075 καὶ
3246 3022 3337 3075 ὑπ’
3370 3021 3604 3091 ἀγγέλου
3631 3023 3765 3086 Θεὸς

2183 3108 2259 3164 ὢν
2278 3109 2607 3181 ένισχύεται.
2632 3111 2727 3174 Τίς
2746 3110 2803 3164 δέ
2830 3111 2925 3164 καὶ
2948 3110 3239 3181 ἁνήγγειλέ
3261 3128 3367 3175 σοι,
3398 3112 3603 3176 Λουκᾶ,
3630 3113 3766 3180 περὶ

2182 3201 2277 3256 τοῦ
2309 3202 2544 3272 ἀγγέλου
2572 3203 2729 3267 ὅπου,
2760 3204 2809 3255 εἰ
2842 3202 2936 3256 καὶ
2964 3202 3156 3271 γέγονε
3185 3202 3373 3269 τοῦτο;
3407 3203 3530 3257 οὐδὲ
3563 3204 3614 3257 οί
3632 3204 3764 3257 τότε

2184 3292 2450 3364 παρόντες
2480 3292 2556 3364 (7)
2586 3291 2865 3364 εὐχομένω
2896 3292 3021 3346 ἰδεῖν
3052 3287 3157 3346 οἷοί
3183 3308 3243 3346 τε
3267 3289 3431 3363 ἦσαν·
3461 3293 3765 3365 ἐκοιμῶντο
3876 3308 3879 3313 '

2182 3386 2312 3457 γάρ.
2343 3385 2435 3437 Διὸ
2461 3385 2554 3439 καὶ
2582 3384 2690 3438 ἀπὸ
2717 3384 2817 3453 τῆς
2843 3382 3154 3455 προσευχῆς
3184 3382 3353 3436 ἐλθὼν
3383 3376 3544 3454 εὗρεν
3566 3385 3765 3448 αὐτοὺς

2183 3477 2560 3548 κοιμωμένους
2591 3477 2698 3530 ἀπὸ
2744 3476 2844 3547 τῆς
2882 3475 3059 3546 λύπης
3108 3475 3202 3528 καὶ
3243 3469 3365 3527 εἷπε
3388 3489 3401 3503 ⁸
3450 3475 3511 3529 Tl
3546 3474 3766 3529 καθεύο

2183 3567 2350 3633 δετες
2382 3569 2758 3634 ἀναστάντες
2776 3568 3210 3636 προσεύχεσθε,
3237 3566 3330 3619 καὶ
3350 3566 3417 3621 τὰ
3440 3565 3587 3637 ἑξῆς,
3619 3561 3763 3622 εἶταο

2184 3661 2295 3715 Kal
2324 3661 2413 3715 ἔτι
2443 3660 2629 3715 αὑτοῦ
2678 3660 2753 3730 (8)
2796 3659 2954 3715 τοῦτο
2981 3659 3350 3724 λαλοῦντος,
3397 3658 3527 3712 ἰδοὺ
3579 3657 3767 3726 ὄχλος

2184 3753 2380 3819 πολὺς
2428 3753 2529 3807 καί
2584 3751 2836 3819 Ἰούδας.
2877 3754 2969 3805 Διδ
3014 3750 3135 3805 οὐδὲ
3173 3748 3412 3819 ἔγραψεν
3475 3750 3762 3821 Ἰωάννης,

2186 3843 2306 3897 οὐδὲ
2332 3842 2441 3918 γὰρ
2468 3840 2596 3897 εἶδε.
2624 3842 2811 3897 Ταῦτα
2868 3842 3171 3906 Ἰουλιανός.
3207 3842 3321 3896 Οὐκ
3367 3840 3620 3912 ἀνδρείας
3644 3841 3764 3894 ἐστί

2183 3949 2245 3986 τε
2276 3933 2368 3987 καὶ
2401 3934 2594 4001 σοφίας
2622 3932 2684 3986 τὸ
2732 3932 2807 4002 μὴ
2845 3931 3130 4001 φοϐεῖσθαι
3163 3931 3231 3985 τὰ
3262 3930 3499 4003 φοϐερά,
3534 3930 3671 3984 ἀλλά
3702 3930 3764 3984 τὸ

2185 4024 2282 4079 καὶ
2318 4023 2546 4079 τοιαῦτα
2577 4024 2754 4078 είδότα
2781 4023 2878 4095 (9),
2900 4025 3052 4094 ὅμως
3084 4024 3179 4077 σὺν
3209 4022 3352 4092 λόγῳ
3379 4021 3506 4075 ποτέ
3537 4021 3765 4105 καταδέο

2183 4116 2396 4187 χεσθαι.
2427 4115 2672 4171 Θανάτου
2703 4115 2814 4188 γὰρ
2840 4116 3148 4187 ἀνθρώποις
3173 4115 3328 4169 οὐδὲν
3364 4112 3638 4185 φοϐερώτε
3649 4131 3761 4184 ρον,

2184 4206 2287 4262 κᾶν
2318 4208 2458 4279 ὑπὲρ
2482 4206 2575 4262 τοῦ
2610 4206 2971 4279 εύεργετῆσαί
2997 4224 3147 4271 τινας
3293 4207 3449 4263 Ἐπεὶ
3482 4203 3576 4261 οὖν
3612 4207 3707 4261 καὶ
3734 4209 3763 4260 ό

2183 4299 2420 4369 Χριστὸς
2467 4300 2603 4354 κατά
2653 4298 2748 4371 τὴν
2780 4300 2960 4372 σάρκα
2991 4300 3089 4370 τὴν
3137 4299 3432 4370 ληφθεῖσαν
3478 4300 3763 4371 ἅνθρωπος

2186 4390 2404 4461 ἀληθῶς
2436 4389 2579 4444 κατά
2608 4389 2769 4459 φύσιν
2801 4385 2892 4462 ἦν,
2926 4391 2973 4443 εί
3005 4391 3100 4444 καὶ
3126 4390 3220 4444 τοῦ
3254 4390 3367 4461 (l0)
3389 4391 3600 4461 Πατρὸς
3629 4406 3759 4442 κατ’⁹

2173 4483 2441 4553 αγόμενος
2465 4482 2710 4555 λογισμῷ
2732 4482 2825 4537 καὶ
2855 4482 3032 4553 κρίσει
3064 4482 3475 4554 πολιτευόμενος
3512 4483 3612 4554 (7),
3644 4479 3760 4534 ἀλλ’

2245 4616 2323 4684 (7)
2364 4616 2565 4671 Muent.
2600 4617 2741 4671 male
2771 4616 3109 4686 interpunxit
3136 4631 3233 4670 nec
3264 4615 3442 4686 locum
3470 4613 3756 4686 intellexit.

2178 4683 2342 4754 verte
2376 4703 2389 4739 :
2417 4687 2548 4753 Quis
2605 4702 2722 4740 vero
2771 4687 2891 4752 tibi,
2918 4683 3103 4747 'Luca,
3137 4686 3202 4739 de
3235 4684 3419 4754 angelo
3468 4685 3756 4748 nuntiarit,

2176 4752 2269 4824 tibi
2301 4752 2460 4824 etiam
2502 4756 2664 4824 fuerit
2695 4759 2848 4817 (erat
2878 4763 3060 4809 autem
3111 4756 3166 4809 in
3218 4752 3404 4808 monte
3453 4754 3759 4809 Olivarum.

2174 4823 2261 4877 Cf.
2330 4822 2464 4877 Luc.
2502 4822 2650 4887 ‘xxtt,
2692 4826 2781 4889 '59,
2836 4824 2929 4889 40)
2982 4825 3195 4878 etiamsi
3245 4824 3379 4876 illud
3429 4824 3630 4891 factum
3679 4833 3761 4878 est

2175 4891 2424 4962 (etiamsi
2456 4895 2600 4959 quod
2671 4909 2865 4947 narras
2902 4910 3088 4949 verum
3144 4894 3303 4955 est)?
3331 4893 3471 4959 Quid
3507 4907 3662 4962 (vero
3708 4894 3757 4947 si

2175 4961 2389 5017 scribas
2451 4964 2685 5031 ἀγγέλου
2731 4963 2928 5017 ὁπόθεν
2980 4963 3075 5017 καὶ
3114 4962 3340 5030 γένονε;
3379 4961 3756 5031 (undertiam

2174 5031 2462 5101 venerit?)
2502 5029 2666 5086 τοῦτο
2696 5063 2786 5086 -.
2818 5032 2930 5087 liae
2959 5029 3175 5088 ratione
3220 5032 3456 5101 respexit
3498 5029 3756 5101 Julianus

2174 5116 2228 5155 ν.
2268 5100 2449 5156 Lucae
2472 5103 2601 5170 ἀγγ.
2644 5104 2737 5157 ἀπ’
2767 5101 3000 5172 ούρανοῦ
3043 5117 3279 5171 eumque
3316 5100 3478 5159 ridet,
3515 5100 3617 5172 qui
3643 5110 3755 5172 tam

2173 5179 2429 5242 accurate
2466 5180 2677 5234 narret,
2714 5170 2861 5242 quod
2913 5188 2982 5226 ne
3035 5181 3147 5224 tum
3192 5170 3492 5242 praesentes
3529 5170 3753 5242 quidem

2169 5240 2357 5296 videre
2396 5239 2911 5311 potuissentfﬂinc
2942 5242 3241 5311 intelligas,
3272 5256 3372 5296 cur
3402 5239 3561 5294 τοῦτο
3609 5239 3757 5299 serio

2171 5318 2321 5382 ptum
2349 5312 2440 5373 sit,
2468 5326 2647 5382 neque
2670 5327 2804 5367 vero
2833 5310 3042 5364 τοῦτον.

2242 5380 2319 5451 (8)
2353 5381 2528 5453 Αὐτοῦ
2556 5377 2665 5453 non
2715 5382 2915 5453 legitur
2952 5380 3094 5450 apud
3128 5378 3401 5453 Mttenter.
3427 5377 3600 5432 Τοῦτο
3649 5394 3752 5453 att-

2169 5458 2277 5521 tem
2302 5449 2490 5521 verbis
2521 5452 2703 5507 citatis
2734 5449 2999 5521 scriptor
3025 5449 3436 5521 perspicuitatis
3483 5463 3654 5504 causa
3684 5449 3757 5504 de

2170 5519 2291 5575 suis
2320 5518 2542 5586 adjecit.

2266 5587 2321 5658 9)
2362 5588 2569 5643 Muent.
2600 5588 2785 5641 είδοτι.

2275 5659 2357 5729 10)
2390 5658 2595 5729 Mtte_nt.
2625 5675 2715 5726 ην,
2758 5675 2821 5729 εη
2850 5674 2969 5729 του.

2272 5726 2469 5802 ll)__(_‘-f.
2499 5726 2541 5781 '1‘
2548 5728 2706 5802 lieo_d.
2742 5726 2829 5802 api.
2857 5726 3049 5784 Leont.
3073 5727 3223 5802 (Mai.
3253 5726 3454 5798 Seript.
3480 5737 3757 5785 σαυππε

2173 5800 2322 5867 coll.,
2350 5796 2439 5865 VI,
2473 5814 2529 5869 ι).
2563 5797 2669 5852 ξοδ
2706 5796 2852 5869 sq.).
