4162 6466
371 399 482 457 725

1618 412 1685 469 IN
1726 414 2122 474 EVANGELIU
2137 416 2182 471 .\I
2210 414 2442 472 LUCJ'I.
3579 423 3680 477 726

370 523 474 576 οὐκ
503 523 562 575 ὲν
591 523 834 594 σχήματι
865 526 957 580 καὶ
982 525 1202 600 δοκήσει
1234 532 1614 587 πολιτεύεσθαι
1645 535 1839 601 δοκῶν,
1866 537 1970 590 δει-

2084 535 2270 593 Patris
2299 534 2542 592 consilio
2582 533 2888 592 duceretur
2937 546 3102 609 alque
3134 537 3351 609 judicio
3398 537 3521 606 ejus
3551 540 3687 593 ohe-

370 614 462 684 λιᾲ
497 613 588 666 τὸν
622 609 857 670 θάνατον
892 617 1036 671 κατὰ
1075 619 1238 689 φύσιν
1276 621 1580 694 ἀνθρώπων
1609 627 1704 679 καὶ
1747 627 1967 698 εὔχεται

372 707 468 760 καὶ
493 705 808 778 ἑνισχύεται
839 709 946 764 ὑπὸ
975 711 1212 780 ἀγγέλου
1243 715 1343 786 (1).
1378 716 1492 787 Τῆς
1525 719 1626 788 μὲν
1662 719 1842 792 ψυχῆς
1875 721 1972 774 αὑ-

368 797 466 852 τοῦ
504 799 970 874 προθυμουμένης
998 803 1246 877 λογισμῷ
1274 809 1548 878 αἱρεῖσθαι
1577 810 1719 881 ὑπὲρ
1752 812 1970 866 πάντων

369 890 462 945 τὸν
486 890 740 956 θάνατον,
773 893 866 946 τοῦ
894 893 953 947 δὲ
983 895 1234 966 σώματος
1260 897 1645 964 διαπίπτοντος
1675 904 1742 974 τῇ
1773 902 1967 974 δειλίᾳ,

368 981 586 1053 ἀληθῶς
610 978 705 1037 οῦν
727 983 979 1056 ἀνδρείαν
1000 986 1183 1060 ψυχὴν
1209 985 1276 1062 ἦν
1304 991 1602 1046 θεάσασθαι
1633 995 1690 1047 ὲν
1715 994 1970 1068 ἀσθενείᾳ.

369 1075 625 1146 σώματος
655 1077 901 1149 λογισμῷ
939 1079 1087 1152 μόνῳ
1123 1083 1261 1154 πρὸς
1304 1083 1403 1156 τὴν
1437 1085 1600 1154 φύσιν
1650 1089 1971 1160 μαχομένην

366 1167 466 1221 καὶ
497 1170 810 1240 κρατοῦσαν
840 1172 938 1242 (2).
974 1174 1065 1244 Μὴ
1100 1171 1194 1228 οὖν
1236 1176 1430 1248 σύγχει
1467 1179 1535 1233 τὰ
1567 1179 1842 1251 λεγόμενα
1877 1182 1969 1251 ὑφ’

364 1260 546 1330 ἡμῶν.
575 1261 652 1315 Οὐ
677 1263 786 1335 γὰρ
817 1263 1008 1336 ἐπειδὴ
1035 1265 1168 1319 Θεὸν
1193 1268 1428 1340 λέγομεν
1451 1271 1545 1324 τὸν
1563 1273 1796 1343 Χριστὸν
1827 1277 1971 1329 κατὰ

369 1350 475 1434 τὴν
517 1351 688 1405 ἀΐδιον
731 1354 827 1407 καὶ
868 1354 1105 1426 ἄναρχον
1128 1358 1194 1410 ὲκ
1224 1358 1361 1413 Θεοῦ
1395 1362 1488 1414 καὶ
1518 1363 1734 1434 Harpe;
1781 1365 1966 1434 φύσιν,

369 1443 496 1514 οὐχί
541 1445 636 1497 καὶ
661 1445 950 1516 ἄνθρωπον
983 1447 1202 1519 ἀληθῶς
1233 1451 1607 1525 ὁμολογοῦμεν
1633 1457 1796 1510 αὑτὸν
1827 1458 1968 1513 κατὰ

364 1536 469 1608 τὴν
495 1535 832 1608 πρόσκαιρον
860 1540 956 1592 καὶ
980 1541 1119 1610 μετὰ
1145 1543 1349 1608 πολλὰς
1375 1547 1568 1613 γενεὰς
1585 1549 1887 1620 γενομένην
1911 1551 1970 1617 ἐξ

361 1626 676 1700 ἀνθρώπιον
713 1629 969 1704 διαδοχήν
1003 1634 1116 1706 (5);
1160 1637 1234 1689 Οὐ
1281 1636 1392 1709 γὰρ
1434 1638 1512 1710 τῷ
1559 1640 1970 1712 μεταϐληθῆναι

360 1718 604 1791 λέγομεν
650 1723 906 1792 γενέσθαι
951 1726 1044 1780 τὸν
1076 1728 1210 1782 Θεὸν
1255 1730 1432 1800 Λόγον
1458 1734 1660 1802 σάρκα,
1707 1734 1845 1788 ἀλλὰ
1892 1735 1971 1806 τῷ

362 1809 662 1864 ἀναλαϐεῖν
693 1813 874 1885 σάρκα
897 1814 995 1887 (4).
1030 1817 1239 1872 Μαθεῖν
1272 1819 1328 1872 δὲ
1357 1820 1448 1874 τὸν
1474 1823 1690 1877 Λουκᾶν
1714 1826 1845 1896 περὶ
1873 1826 1966 1880 τοῦ

2079 628 2345 684 dientiam
2398 636 2712 699 prtestaret.
2759 627 2864 682 Sed
2910 645 3035 684 eum
3085 646 3194 684 non
3239 631 3294 684 in
3345 630 3520 700 figura
3571 639 3693 682 tan-

2080 728 2196 774 tum
2227 728 2394 790 atque
2425 736 2526 792 pro
2557 719 2731 775 forma
2774 720 3001 776 obedire
3031 721 3214 786 vellet,
3266 731 3499 777 mortem
3548 737 3688 792 quo-

2080 822 2188 879 que
2237 810 2543 865 secundum
2587 809 2888 864 humanam
2937 821 3191 864 naturam
3241 811 3444 876 timuit,
3477 811 3688 865 oravit-

2073 914 2202 969 que,
2242 907 2298 954 et
2334 900 2405 956 ab
2452 901 2653 972 angelo
2699 901 3098 956 corroboratus
3143 908 3251 956 est.
3306 901 3505 956 Anima
3536 902 3687 956 enim

2074 977 2195 1060 ejus
2226 992 2488 1056 consilio,
2517 994 2711 1048 mortis
2749 994 2801 1047 in
2835 994 3074 1048 salutem
3109 994 3361 1047 omnium
3389 993 3684 1063 eligenda},

2075 1086 2400 1152 inhaerente,
2431 1101 2668 1156 corpore
2710 1094 2892 1141 autem
2926 1101 3039 1156 prae
3071 1086 3270 1141 timore
3297 1098 3686 1149 evanescente,
3717 1101 3721 1123 ι

2075 1175 2273 1232 fortem
2327 1193 2465 1233 sane
2494 1180 2760 1245 animam,
2801 1180 2858 1233 in
2909 1179 3235 1234 infirmitate
3277 1178 3532 1248 corporis
3569 1180 3688 1234 solo
3731 1215 3741 1237 .·

2074 1285 2177 1324 suo
2216 1270 2455 1325 consilio
2501 1284 2628 1324 cum
2682 1278 2884 1325 natura
2924 1269 3315 1334 dimicantem,
3370 1268 3691 1323 victricem-
3725 1296 3740 1352 η

2073 1380 2181 1433 que
2228 1362 2417 1418 videre
2468 1371 2610 1417 erat.
2660 1361 2739 1418 Ne
2773 1363 2942 1433 igitur
2979 1363 3146 1417 verba
3205 1376 3397 1417 nostra
3446 1358 3690 1414 eonfun-
3742 1355 3768 1368 ”

2073 1456 2172 1512 das
2209 1475 2221 1511 :
2253 1471 2380 1511 cum
2423 1456 2573 1512 enim
2615 1455 2902 1512 Christum
2949 1456 3205 1510 dicamus
3251 1455 3422 1510 Deum
3479 1467 3690 1509 secun-

2073 1549 2204 1605 dum
2241 1557 2504 1604 aternam
2545 1557 2712 1620 atque
2740 1548 3046 1603 increatam
3080 1546 3204 1616 ejus
3247 1561 3314 1602 ex
3353 1543 3465 1600 Deo
3511 1543 3676 1598 Patre

2073 1651 2358 1710 naturam,
2402 1658 2589 1696 nonne
2616 1641 2785 1696 etiam
2819 1655 2948 1695 eum
2989 1638 3273 1694 hominem
3308 1652 3501 1692 verum
3544 1650 3684 1691 cou-

2075 1735 2318 1799 fltemur,
2357 1733 2666 1790 secundum
2699 1732 3121 1790 successionem
3163 1731 3288 1802 ejus
3331 1745 3399 1786 ex
3450 1728 3691 1784 homini-

2074 1830 2182 1885 bus
2214 1827 2632 1898 temporariam,
2667 1835 2836 1898 atque
2882 1835 3012 1897 post
3051 1826 3260 1879 multas
3296 1821 3688 1894 generationes

361 1903 606 1972 ἀγγέλου
646 1905 982 1978 πολλαχόθεν
1018 1906 1087 1983 ἦν
1119 1911 1345 1967 δυνατόν
1366 1931 1380 1946 ι
1425 1915 1645 1986 πρῶτον
1683 1919 1782 1988 μὲν
1817 1920 1969 1990 παρὰ

2076 1920 2317 1976 factam?
2345 1917 2465 1974 Non
2493 1919 2641 1974 enim
2683 1917 3013 1983 mutatione,
3049 1915 3148 1972 sed
3177 1918 3531 1986 susceptione
3563 1928 3689 1968 car-

363 1996 581 2067 Πέτρου
612 1998 706 2051 καὶ
732 1998 840 2052 τῶν
868 2000 1157 2056 Ζεϐεδαίου
1194 2003 1328 2058 υἱῶν
1362 2007 1645 2078 εὐχομένω
1682 2011 1970 2081 παρόντων

360 2087 445 2159 τῷ
491 2088 689 2159 Ἰησοῦ,
718 2089 910 2146 ἔπειτα
944 2094 1039 2146 καὶ
1071 2097 1203 2165 παρ’
1235 2097 1401 2151 αὐτοῦ
1439 2100 1579 2169 μετὰ
1602 2101 1701 2172 τὴν
1728 2103 1970 2157 ἀνάστα-

363 2195 454 2232 σιν
505 2179 918 2252 τεσσαράκοντα
965 2183 1180 2256 ἡμέρας
1241 2187 1428 2253 αὐτοῖς
1476 2190 1966 2262 συναυλιζομὲνου.

361 2271 485 2324 Οὐκ
511 2270 719 2342 ἔγραψε
748 2272 806 2326 δὲ
833 2273 991 2330 τοῦτο
1037 2277 1293 2350 Ἰωάννης
1326 2280 1484 2344 εἰδὼς
1503 2322 1516 2345 ,
1553 2282 1676 2335 ἐπεὶ
1711 2284 1805 2346 καὶ
1834 2284 1971 2338 ἄλλα

365 2363 544 2435 μυρία
576 2363 736 2427 είδὼς
765 2366 866 2419 οὐκ
906 2365 1115 2440 ἔγραψε
1137 2411 1151 2436 ,
1182 2371 1324 2441 τάχα
1353 2372 1448 2426 καὶ
1476 2372 1607 2426 διότι
1642 2368 1798 2440 οὗτος
1828 2375 1968 2448 ἔφθη

359 2457 587 2528 γράψας
617 2458 718 2530 (5).
751 2459 875 2524 Πῶς
901 2459 958 2513 δὲ
995 2463 1171 2516 ἐκεῖνο
1202 2464 1262 2516 οὺ
1305 2464 1569 2537 καθορᾷς,
1609 2465 1684 2530 ὡς
1715 2468 1812 2538 οὐχ
1852 2468 1969 2540 ἅμα

357 2549 445 2622 τῷ
477 2550 733 2622 εῦχεσθαι
769 2552 861 2606 τὸν
902 2554 1110 2625 Ἰησοῦν
1137 2555 1490 2622 καθεύδοντες
1519 2561 1566 2612 οἱ
1592 2560 1836 2632 μαθηταὶ
1865 2580 1971 2616 πα-

361 2641 686 2714 ραδέδονται
710 2685 724 2710 ,
757 2643 846 2698 ἵνα
893 2645 1032 2716 μηδὲ
1086 2645 1384 2702 θεάσωνται
1417 2649 1510 2703 τὸν
1547 2650 1800 2721 ἄγγελον,
1852 2654 1970 2723 είγε

363 2734 634 2789 ἐνεδίδοτο
669 2735 805 2807 πρὸς
839 2737 901 2791 τὸ
924 2737 1223 2793 θεάσασθαι
1248 2741 1420 2805 ;Οὑδὲ
1450 2742 1560 2815 γὰρ
1601 2744 1794 2816 πὸρῤω
1840 2744 1969 2810 θέας

363 2829 466 2881 καὶ
492 2829 668 2900 ἀκοῆς
691 2825 854 2902 ἦσαν,
882 2834 1358 2905 παρατεινομένης
1383 2836 1442 2889 δὲ
1470 2836 1572 2908 τῆς
1612 2837 1780 2911 εὐχῆς
1821 2838 1972 2911 αὑτῷ

362 2920 655 2975 συνέϐαινε
689 2925 803 2987 τοῖς
839 2923 1112 2995 μαθηταῖς
1141 2927 1204 2980 τὸ
1233 2926 1522 2998 βαρεῖσθαι
1551 2947 1612 2983 τε
1647 2931 1745 2985 καὶ
1772 2929 1974 2986 καθεύ-

358 3017 500 3069 δειν.
536 3015 753 3082 Ἀλλως
795 3033 856 3071 τε
894 3019 988 3072 καὶ
1017 3018 1094 3088 (6)
1145 3021 1333 3092 τρίτον
1383 3024 1829 3096 προσευξαμένου
1878 3025 1976 3079 καὶ

358 3105 796 3179 διυπνιζομένων
839 3110 920 3174 είς
948 3111 1010 3164 τὸ
1045 3113 1450 3184 προσεύχεσθαι
1484 3115 1619 3187 όρᾷν
1649 3132 1714 3185 γε
1745 3116 1829 3181 (7)
1879 3117 1974 3171 τὸν

2072 2014 2184 2080 nis,
2224 2011 2397 2067 Deum
2431 2013 2619 2068 Vel-bu
2647 2031 2675 2063 n
2730 2027 2956 2066 carnem
3003 2025 3130 2067 esse
3169 2009 3376 2064 factmn
3419 2007 3683 2062 dicimus.

2076 2103 2266 2159 Multis
2313 2112 2502 2158 autem
2557 2119 2623 2158 ex
2673 2103 2814 2158 locis
2863 2101 3046 2158 Lucas
3100 2102 3171 2157 de
3219 2101 3418 2172 angelo
3465 2100 3688 2155 discere

2076 2194 2257 2266 potuit
2289 2213 2302 2249 :
2337 2195 2518 2265 primo
2551 2194 2774 2266 quidem
2816 2208 2848 2248 a
2878 2192 3045 2249 Petro
3079 2200 3134 2248 et
3166 2209 3195 2248 a
3236 2190 3684 2252 ﬁliisZebed-xi,

2077 2288 2170 2358 qui
2223 2303 2352 2342 cum
2402 2285 2567 2342 Iesus
2629 2293 2817 2340 oraret
2857 2295 3159 2357 praesentes
3217 2291 3408 2340 essent
3460 2281 3682 2353 (Matth.

2072 2396 2222 2447 xxvr,
2279 2379 2381 2445 37;
2438 2377 2611 2434 Marc.
2664 2394 2786 2444 xw,
2836 2377 2971 2449 55);
3012 2377 3140 2433 dein
3190 2390 3413 2447 quoque
3472 2389 3504 2428 a
3557 2371 3690 2428 Jesu

2075 2472 2220 2542 ipso,
2279 2479 2410 2542 post
2473 2470 2944 2526 resurrectionem
2991 2467 3363 2540 quadraginta
3410 2480 3508 2538 per
3565 2464 3686 2520 dies

2072 2579 2201 2620 cum
2225 2564 2338 2620 illis
2369 2572 2740 2618 commorato.
2766 2561 3012 2618 JOannes
3037 2578 3192 2627 vero,
3232 2561 3336 2616 hoc
3363 2561 3493 2614 licet
3513 2558 3689 2629 probe

2073 2655 2314 2720 noverit,
2355 2656 2504 2711 haud
2542 2654 2792 2726 scripsit,
2825 2669 2952 2709 cum
2994 2663 3049 2708 et
3091 2653 3202 2706 alia
3251 2651 3513 2722 plurima,
3559 2648 3688 2702 licet

2075 2747 2282 2812 sciens,
2344 2746 2602 2802 omiserit
2637 2744 2784 2816 (Act.
2832 2759 2872 2808 ι,
2926 2743 2980 2809 5,
3033 2742 3114 2809 4),
3158 2742 3325 2796 facile
3369 2748 3426 2796 et
3471 2741 3526 2794 in
3579 2737 3688 2791 hoe

2075 2854 2303 2911 quoque
2357 2854 2390 2894 a
2441 2837 2590 2894 Luca
2632 2838 2751 2909 jam
2806 2843 3148 2909 prteventus.
3197 2833 3490 2902 Quomodo
3553 2845 3687 2886 vero

2075 2947 2187 2990 non
2221 2930 2647 2998 animadvertis,
2684 2931 2838 3002 quod
2866 2929 3017 2984 haud
3048 2944 3244 2985 omnes
3273 2925 3560 2997 discipuli,
3605 2921 3687 2979 si-

2079 3025 2194 3082 mul
2226 3039 2293 3080 ac
2317 3021 2482 3080 Jesus
2517 3030 2939 3089 oraret,somno
2970 3020 3142 3078 dediti
3183 3027 3394 3085 essent,
3427 3028 3487 3073 ut
3516 3031 3685 3087 ange-

2077 3117 2218 3184 lum,
2267 3115 2316 3172 si
2351 3116 2517 3170 modo
2558 3114 2862 3170 videndum
2909 3129 3032 3169 sese
3072 3110 3392 3180 przebuerit,
3441 3123 3555 3164 non
3607 3107 3689 3160 vi-

360 3201 602 3270 ἄγγελον
629 3203 945 3257 συνέϐαινεν
975 3206 1032 3259 ὲν
1061 3206 1216 3260 νυκτῖ
1241 3207 1563 3280 πανσελήνῳ
1591 3209 1690 3279 (8),
1719 3210 1815 3263 καὶ
1842 3209 1970 3264 ἄνευ

2078 3206 2632 3266 dissent?Noneuim
2658 3208 2853 3278 procul
2876 3212 3036 3262 erant
3053 3219 3083 3259 a
3107 3205 3230 3261 visu
3257 3210 3424 3273 atque
3447 3198 3640 3256 auditu
3669 3216 3682 3250 :

360 3295 464 3349 τοῦ
492 3295 672 3365 φωτὸς
701 3297 776 3367 (9)
804 3297 898 3351 τοῦ
930 3300 987 3354 ὲν
1027 3301 1183 3353 νυκτὶ
1225 3300 1408 3372 πολλῷ
1449 3303 1975 3375 περιαστραπτομέ-

365 3405 462 3444 νου
497 3389 639 3458 φωτὶ
663 3389 848 3461 (·10),ἢ
879 3392 974 3445 καὶ
999 3391 1164 3446 αὑτοῦ
1202 3392 1297 3446 τοῦ
1345 3392 1519 3465 Ἰησοῦ
1549 3393 1972 3466 παραδηλὼσαν-

361 3500 460 3546 τος
489 3483 677 3546 αὐτοῖς
705 3484 824 3538 τότε
857 3483 924 3537 τὰ
960 3485 1523 3557 παρακολουθήσαντα
1553 3487 1706 3560 αὺτῷ
1737 3505 1973 3561 προσευ-

360 3576 625 3648 χομένῳ,
673 3577 762 3631 ἵνα
808 3577 1009 3649 μᾶλλον
1052 3579 1251 3643 αὐτοὺς
1301 3581 1384 3643 είς
1423 3581 1736 3654 προσευχὴν
1785 3581 1974 3637 διανα-

366 3671 570 3740 στήσῃ.

2078 3312 2373 3374 prorogata
2406 3309 2591 3358 autem
2642 3302 2714 3358 ab
2753 3301 2850 3357 illo
2898 3299 3174 3366 oratione,
3223 3296 3405 3353 evenit
3444 3291 3694 3363 discipu~

2078 3397 2151 3453 lis
2179 3404 2239 3450 ut
2269 3410 2470 3452 somno
2518 3401 2888 3466 gravarentur
2929 3401 2985 3450 et
3025 3390 3359 3448 dormirent.
3401 3385 3690 3457 Praecipue

2076 3504 2210 3544 vero
2254 3489 2310 3542 in
2357 3496 2523 3543 nocte
2568 3487 2880 3558 plenilunio
2938 3485 3218 3541 illustrata
3254 3479 3444 3538 videre
3485 3487 3686 3550 potue-

2077 3591 2210 3635 runt
2239 3580 2525 3652 angelum,
2577 3594 2705 3634 cum
2745 3579 2906 3636 tertia
2936 3579 3050 3649 jam
3097 3577 3215 3632 vice
3247 3585 3455 3638 oraret,
3495 3571 3688 3640 illique

2077 3673 2184 3742 ipsi
2217 3670 2597 3743 expergefacti
2636 3678 2829 3726 essent
2868 3669 2938 3724 ad
2973 3667 3246 3723 orandum
3273 3661 3493 3736 (Matth.
3530 3677 3683 3721 xxvi,

363 3763 484 3833 45).
525 3764 592 3817 Ει
635 3764 845 3835 absque
881 3765 1006 3820 luce
1041 3765 1166 3833 hac,
1203 3768 1438 3822 multum
1474 3768 1530 3823 in
1583 3775 1748 3823 nocte
1786 3766 2143 3838 splendorem
2180 3765 2472 3830 reddente,
2509 3764 2596 3819 vel
2625 3765 2693 3820 ab
2765 3763 2889 3834 ipso
2957 3762 3112 3826 Jesu,
3176 3774 3290 3830 quo
3364 3755 3564 3811 melius
3609 3753 3696 3812 ad.

361 3853 687 3911 orationem
723 3854 1119 3922 incitarentur,
1167 3855 1234 3912 de
1288 3857 1420 3924 illis,
1457 3873 1578 3929 qua:
1619 3858 1764 3913 inter
1793 3857 2069 3913 orandum
2103 3855 2154 3912 ei
2187 3855 2531 3923 evenissent,
2573 3853 2799 3912 edoceri
2829 3860 3150 3925 potuerunt.

969 3969 1224 4024 ΚΕΦΑΛ.
1273 3969 1402 4026 ΚΓ.

441 4059 592 4131 Στίχ.
642 4065 714 4131 η’.
757 4059 968 4133 Ἰησοῦς
997 4061 1054 4114 δὲ
1087 4061 1203 4131 (II)
1239 4060 1504 4133 ἐπαχθεὶς
1536 4061 1674 4134 πρὸς
1721 4062 1970 4134 Ἡρώδην

363 4153 524 4206 οὐδὲν
554 4152 781 4224 ἐποίησε
817 4155 1066 4225 σημεῖον,
1096 4152 1300 4225 καίπερ
1327 4155 1542 4208 ἐκείνου
1571 4153 1972 4226 ἐπιθυμοῦντος

369 4245 504 4300 ἰδεῖν
523 4245 558 4316 ἢ
584 4244 818 4326 ἀκοῦσαί
847 4264 900 4300 τι
929 4244 1203 4316 λέγοντος,
1232 4247 1422 4318 ἐπειδὴ
1450 4246 1569 4318 ⁴ᾔδει
1594 4245 1670 4312 ὡς
1693 4247 1806 4301 οὐκ.
1824 4247 1978 4317 εὐερ-

363 4327 760 4409 γετηθήσεται.
783 4337 866 4392 Τὰ
903 4338 1015 4413 γὰρ
1037 4341 1242 4410 σημεῖα
1272 4340 1374 4411 οὐχ
1402 4339 1592 4403 ἁπλῶς
1626 4339 1802 4393 ἐποίει
1833 4338 1974 4410 (Ιῖ),

365 4428 495 4482 οὐδὲ
533 4429 672 4502 πρὸς
702 4429 961 4495 ἐπίδειξιν
1000 4431 1088 4485 ἴνα
1124 4431 1289 4495 αὐτὸς
1325 4429 1701 4503 θαυμάξηται,
1737 4431 1853 4486 ἀλλ’
1886 4431 1974 4484 ἵνα

369 4517 572 4572 ἐκεῖνοι
595 4521 992 4584 πιστεύσαντες
1022 4519 1292 4576 σωθῶσιν.
1325 4519 1497 4592 Δῆλος
1517 4519 1629 4592 γὰρ
1654 4515 1722 4592 ἦν
1753 4520 1854 4574 οὐκ
1881 4521 1976 4574 ἐπὶ

442 4717 523 4790 (I)
555 4715 645 4790 Cf.
697 4716 894 4774 Leont.
941 4717 1231 4781 (Galland.
1290 4719 1432 4775 Bibl.
1490 4718 1697 4783 Pattr.,
1758 4735 1857 4783 κη,
1903 4737 1958 4790 p.

366 4788 499 4857 688)
532 4805 547 4842 :
584 4788 787 4842 Timuit
828 4799 1053 4843 mortem
1095 4799 1349 4858 tanquam
1379 4790 1516 4862 hanc
1546 4792 1698 4846 enixe
1733 4788 1965 4862 fugiens,

365 4876 530 4983 quam
564 4877 836 4930 nunquam
868 4870 1052 4928 sponte
1078 4862 1344 4915 sustinere
1377 4861 1652 4924 voluisset,
1681 4861 1966 4916 nisiluam

392 4946 586 4983 onaam
641 4942 689 4983 et
743 4931 1013 4983 prolixam
1077 4930 1497 4983 admonitionem
1553 4942 1743 4983 nactus
1801 4943 1962 4983 esset.

392 4946 586 5000 angam
641 4942 689 4984 et
743 4931 1013 4998 prolixam
1077 4930 1497 4986 admonitionem
1553 4942 1743 4988 nactus
1801 4943 1962 4999 esset,

363 5017 529 5072 quam
565 5019 596 5054 a
641 5011 691 5055 te
723 5003 908 5071 ﬁctam
941 5001 1125 5071 angelo
1155 5002 1429 5055 attribuis.

444 5071 522 5143 (2)
543 5071 750 5126 Statuit
782 5070 1132 5143 Theodorus,
1163 5069 1352 5126 Jesum
1388 5072 1584 5126 sensim
1615 5090 1678 5126 ac
1701 5075 1966 5141 paulatim

363 5151 418 5196 et
451 5141 656 5197 meritis
704 5143 816 5197 suis
857 5158 983 5198 cum
1036 5141 1243 5213 factum
1273 5158 1448 5213 (esse,
1477 5143 1570 5213 qui
1621 5144 1840 5200 fuisset.
1873 5144 1960 5199 (il.

367 5228 423 5269 v.
453 5228 504 5267 c.
538 5215 662 5269 Act.
689 5214 753 5268 C.
797 5213 992 5268 Const.
1025 5229 1086 5279 ιι,
1121 5229 1196 5275 tv,
1227 5211 1318 5275 52,
1343 5213 1432 5267 59.

441 5282 728 5356 (5)7Facili
766 5285 1103 5356 conjectura
1131 5282 1378 5338 scribere
1427 5283 1612 5355 possis
1643 5301 1686 5356 :_
1711 5285 1777 5337 Τί
1820 5284 1971 5356 γάρ;

365 5353 965 5426 ἐπειδὴ-διαδοχήη
1011 5353 1313 5426 εοιιῄοονοί
1356 5353 1444 5410 ne‘
1471 5370 1595 5424 qua:
1645 5353 1974 5412 Theodorus

368 5427 714 5496 negligenter
747 5424 972 5495 scripsit
995 5424 1270 5496 corrigas.
1305 5425 1378 5496 lta
1414 5434 1581 5496 recte,
1615 5427 1807 5493 credo,
1838 5441 1975 5481 con:

363 5497 502 5563 jecit
535 5511 740 5552 censor
773 5496 866 5551 ille
918 5495 1069 5566 Lips.
1105 5495 1139 5548 Ι.
1179 5495 1216 5548 l.
1250 5510 1304 5565 p.
1343 5495 1471 5551 495.
1529 5495 1734 5552 Muent.
1799 5514 1970 5566 μετα·

369 5566 662 5618 κληθῆναι.

369 5584 662 5622 κιηυηναι.

439 5585 769 5710 (Ἦὶέῗὲοᾱ.
826 5651 917 5710 an.
964 5636 1160 5690 Leont.
1193 5634 1358 5710 (Mai.
1405 5637 1466 5710 l_._
1497 5637 1533 5710 1.
1576 5653 1631 5710 p_.
1667 5637 1794 5704 510,
1824 5639 1969 5710 Ban-

553 5706 759 5782 Ctttat.
799 5707 920 5782 cdd.
980 5723 1196 5782 msscr.“
1239 5705 1368 5782 ρίω.
1408 5705 1785 5782 Mem-Laur,
1838 5709 1874 5782 Ι.
1916 5728 1969 5782 p.

381 5779 522 5846 I70)
558 5797 572 5832 :
612 5779 803 5850 Ἡμεῖς
841 5778 1122 5849 εἰληφέναι
1167 5776 1458 5850 ᾅνθρωπον
1509 5778 1601 5850 τδν
1636 5779 1769 5832 Θεὸν
1799 5776 1973 5849 Λόγον

377 5850 488 5936 καὶ.
511 5848 741 5936 σφόδρα(⁸
767 5848 966 5936 φαμὲν,
1003 5848 1354 5936 ,γεγενῆσθαι
1388 5851 1445 5933 δε
1488 5849 1806 5936 ἄῇνθρωπονη
1847 5848 1970 5936 καθ’

378 5920 522 5990 ὑμᾶς
547 5917 1014 5992 (Apollinaristas)
1034 5919 1134 5972 οὐκ
1151 5917 1214 5972 ἄν
1242 5935 1368 5973 ποτε
1391 5923 1564 5974 εἰπεῖν
1582 5917 1971 5993 ἀνασχοίμεθα.

2693 3967 2848 4025 CAP.
2900 3964 3090 4022 XXIII.

2153 4060 2324 4118 Vens.
2367 4061 2421 4118 8.
2452 4091 2524 4106 —-
2553 4059 2718 4117 Jesus
2747 4074 2905 4126 vero,
2961 4071 3150 4114 coram
3203 4053 3418 4111 Herode
3461 4053 3695 4116 ductus,

2081 4158 2295 4212 nullum
2344 4154 2478 4212 fecit
2537 4154 2894 4219 miraculum,
2944 4151 3076 4207 licet
3124 4149 3217 4205 ille
3264 4147 3425 4202 valde
3463 4156 3688 4216 cuperet

2079 4247 2416 4305 miraculum
2440 4247 2663 4315 videre,
2687 4245 2774 4302 vel
2805 4258 3097 4302 sermones
3117 4241 3242 4311 ejus
3262 4239 3491 4295 audire:
3516 4239 3689 4309 probe

2079 4339 2292 4404 sciens,
2330 4337 2605 4394 Herodem
2651 4353 2682 4392 a
2727 4352 2788 4394 se
2829 4351 2939 4390 non
2977 4333 3250 4390 beneﬁcio
3287 4341 3548 4388 ornatum
3591 4331 3688 4385 iri.

2080 4429 2199 4484 Non
2249 4429 2397 4485 enim
2453 4427 2664 4483 frustra
2718 4428 2804 4484 vel
2853 4425 3251 4482 ostentationis
3290 4439 3456 4479 causa
3513 4423 3686 4476 mira-

2079 4523 2202 4578 cula
2256 4519 2413 4589 fecit,
2447 4529 2501 4575 ut
2561 4520 2818 4578 Herodes.
2861 4533 2988 4576 eum
3044 4515 3452 4573 admiraretur:
3492 4516 3585 4570 sed
3625 4523 3686 4569 ut

2145 4719 2224 4792 (5)
2254 4717 2458 4792 Probat
2513 4718 2842 4792 Theodorus
2882 4717 3121 4792 antiquae
3167 4715 3428 4792 Ecclesiae
3460 4725 3684 4792 sentcn-

2078 4787 2215 4845 tiani
2256 4807 2364 4864 qua
2420 4789 2695 4864 Joannes,
2737 4789 2968 4858 reliquis
3035 4787 3350 4864 Evangeliis
3410 4790 3680 4864 probatis.

2078 4876 2240 4916 suum
2273 4859 2666 4932 'supplementi
2724 4877 2894 4932 causa
2945 4859 3196 4932 scripsit.
3229 4873 3463 4928 eamque
3519 4859 3685 4914 latius

2077 4933 2337 5000 exposuit
2371 4929 2428 4987 in
2462 4932 2701 4987 Promtn.
2737 4933 2790 4985 in
2821 4929 3245 5000 J‘oann..iinfra.

2149 4999 2226 5073 (6)
2251 5001 2499 5059 Muenler
2521 5003 2608 5058 ςδε
2634 5020 2826 5055 και-.
2846 5001 3013 5056 Errat
3028 4999 3382 5066 Theodorus;
3412 5017 3461 5054 v.
3489 4999 3680 5055 Matth.

2077 5089 2233 5136 xxvn,
2271 5075 2337 5144 ςῌ
2377 5090 2463 5144 sq.

2148 5145 2225 5217 ('_7)
2265 5143 2676 5217 pluen’tenépav
2706 5144 2784 5198 δε.

2148 5209 2227 5282 (8)
2263 5213 2474 5270 Pascha
2509 5209 2823 5270 Julia-orum
2863 5213 2936 5280 (tl.
2972 5227 3064 5266 xlv
3098 5226 3172 5264 m.
3211 5209 3416 5280 Nisan)
3461 5227 3684 5281 semper

2086 5285 2141 5339 in
2173 5295 2390 5354 tempus
2419 5285 2711 5355 p-lenilunii
2761 5284 3005 5337 incidere
3038 5289 3283 5338 constat.

2156 5355 2234 5424 (9)
2266 5355 2492 5424 MtIent.:
2569 5372 2699 5409 ανευ
2727 5355 2784 5407 δε
2813 5369 3010 5421 φωτος.

2163 5422 2278 5496 (10)
2319 5423 2590 5493 Intelligo,
2630 5433 2688 5478 ut
2731 5425 3024 5496 rver'iASsime
3060 5422 3501 5496 monuitncensor
3525 5437 3680 5496 coni-

2084 5491 2316 5551 me'nta't.
2345 5512 2478 5551 mem
2513 5491 2572 5549 in
2615 5497 2650 5550 Ι.
2691 5495 2761 5547 ab
2794 5492 3174 5547 Rheinwaldio
3221 5491 3368 5562 edito
3409 5492 3548 5562 Allg.
3583 5492 3682 5546 lle-

2082 5569 2376 5636 pertorium
2427 5569 2515 5634 fur
2562 5565 2648 5618 die
2701 5565 2861 5618 tlteol.
2911 5560 3304 5636 Literatur,"I‘.
3362 5560 3510 5627 Iuv,—
3540 5563 3674 5617 fasc.

2082 5633 2137 5704 λι,
2175 5639 2332 5698 1859.
2365 5633 2496 5692 illud
2550 5637 2756 5700 lumen,
2791 5649 2903 5706 quo
2953 5635 3129 5704 angeli
3182 5633 3335 5688 cit-cu
3363 5635 3509 5688 mlati
3557 5649 3680 5689 esse

2085 5711 2444 5779 putabantur.

2153 5780 2269 5850 (lt)
2306 5779 2510 5834 Mue-nt.
2558 5778 2593 5832 Ι.
2655 5792 2704 5830 c.
2737 5792 2789 5846 p.
2845 5775 2950 5830 H5
2981 5791 3027 5831 s.
3080 5774 3434 5832 I’rtcmissum
3479 5774 3680 5846 legitur

2080 5851 2358 5920 Θεόδωρον
2373 5896 2385 5908 .

2162 5917 2275 5993 (l2)
2304 5923 2388 5977 Cf.
2423 5919 2633 5976 Theod.
2670 5919 2738 5976 ad
2762 5917 2924 5975 Joan.
2960 5935 3034 5984 x1,
3069 5918 3158 5974 δι.
