4162 6476
494 375 596 433 727

1594 384 1946 442 rnsooom
1987 351 2486 443 uorsussrsnt

3649 383 3755 441 7‘28
3782 380 3792 393 “

492 492 573 547 illi
606 493 1306 560 ercdentes,salvarentur.
1337 495 1628 555 Manifeste
1656 514 1787 556 vero
1819 498 2068 555 Herodes
2100 548 2104 561 ,

2189 499 2345 570 τούτῳ
2369 497 2546 570 ζητῶν
2570 516 2621 551 τι
2656 497 2840 569 θαῦμα
2858 540 2873 565 ,
2903 497 3017 551 ἀλλ’
3044 497 3120 561 ὡς
3155 494 3412 567 μεμηνὼς
3440 494 3562 549 κατ’
3588 495 3755 550 αὐτοῦ

493 584 636 640 hanc
668 585 738 640 ob
784 602 1007 643 causam
1038 590 1247 649 nullum
1280 591 1533 660 qumsivit
1578 592 1929 657 miraculum,
1973 590 2073 647 sed

492 677 569 732 illi
602 678 774 734 iratus
796 668 1175 750 indignatione
1198 680 1423 753 dignum
1449 683 1655 753 aliquid
1674 682 1858 740 videre
1871 696 2070 752 exspe-

491 768 676 821 ctavit.
719 766 838 823 Non
878 770 1024 825 enim
1072 780 1332 844 tanquam
1365 776 1663 839 insontem,
1698 772 1828 828 licet
1878 780 1939 827 ut
1971 772 2073 826 im—

490 864 769 925 potentem
805 874 930 915 eum
976 872 1282 931 sperneret,
1313 864 1503 923 Jesum
1548 865 1778 931 dimisit,
1823 864 1921 921 sed
1973 865 2071 919 mi-

492 946 639 1002 litari
674 963 799 1004 eum
829 959 978 1008 veste
1024 953 1280 1020 induens,
1319 956 1474 1012 misit
1527 955 1595 1010 ad
1633 954 1894 1021 Pilatum,
1928 970 2071 1026 quo-

491 1049 639 1105 cum,
668 1046 878 1094 rcmota
927 1044 1258 1113 suspicione,
1324 1046 1717 1104 reconciliatus
1752 1053 1892 1112 erat,
1941 1060 2069 1101 cum

494 1127 655 1185 hoste
686 1140 851 1202 atque
880 1133 1105 1191 inimico
1137 1138 1365 1207 potitus,
1398 1153 1522 1195 eum
1546 1138 1695 1195 velut
1727 1138 1937 1194 hostem
1965 1138 2071 1193 im-

493 1226 770 1288 potentem
799 1230 1189 1281 contemneret.

2175 590 2271 645 καὶ⁸
2316 589 2464 655 ἄξιον
2505 588 2675 660 ὀργῆς
2717 606 2769 641 τι
2810 587 3109 643 θεάσασθαι
3152 585 3484 658 προσδοκῶν.
3533 585 3610 639 Ού
3645 585 3755 658 γὰρ

2175 682 2350 737 ἀθῶον
2377 682 2609 752 ἀφῆκεν,
2632 680 2834 751 καίπερ
2860 679 3277 750 καταφρονήσας
3298 676 3373 742 ὡς
3401 676 3568 748 μηδὲν
3596 676 3751 745 ποιῆ-

2176 791 2265 829 σαι
2310 772 2627 843 δυνάμενον,
2671 771 2808 827 ἀλλὰ
2856 766 3255 841 στρατιωτικὴν
3311 765 3474 821 αὐτὸν
3525 763 3753 828 eyes“;

2175 863 2380 935 ἐσθῆτα
2422 861 2718 931 ἀπέπεμψε
2763 859 2842 930 τῷ
2886 858 3102 928 Πιλάτῳ
3132 856 3282 927 φίλος
3310 854 3634 925 γενόμενος,
3675 852 3754 917 ὼς

2177 953 2514 1024 ἀπαλλαγεὶς
2544 951 2775 1023 ὑποψίας
2816 951 2911 1006 καὶ
2941 950 3219 1021 κρατήσας
3248 944 3444 1018 ἐχθροῦ
3471 946 3565 1000 καὶ
3595 944 3755 999 πολε-

2181 1044 2329 1116 μίου,
2351 1041 2715 1111 ἐξουδενύηας
2734 1041 2895 1096 αὑτὸν
2922 1042 2998 1105 ὼς
3022 1038 3215 1110 ἐχθρὸν
3240 1036 3435 1109 μηκέτι
3453 1052 3507 1090 τι
3533 1035 3757 1106 ποιῆσαι

2176 1137 2498 1205 δυνάμενον.

2864 1407 2894 1420 ,ρ
2910 1404 3029 1418 ,ρο

1342 1534 1973 1627 THEODORI
2067 1534 2903 1627 MOPSUESTENI

932 1726 1015 1787 IN
1046 1724 1576 1789 EVANGELIUM
1634 1727 1969 1789 JOANNIS
2018 1726 2591 1790 COMMENTA-Rll
2649 1728 3152 1791 FRAGMENTA
3203 1725 3312 1807 (1).

1078 2005 1424 2067 PROtEMlU
1433 2008 1480 2064 Μ
1489 2049 1502 2064 .

2775 2006 3176 2062 ΠΡΟΟΙΜΙΟΝ.

580 2118 709 2174 Post
775 2115 993 2173 Domini
1054 2117 1110 2174 in
1176 2121 1348 2179 caelos
1416 2123 1839 2190 ascensionem,
1919 2092 2104 2196 longo‘

2261 2124 2413 2178 Μετὰ
2437 2124 2533 2194 τὴν
2569 2124 2641 2195 (‘2)
2678 2126 2756 2188 είς
2795 2126 3058 2196 οὐρανοὺς
3086 2124 3349 2195 ἀνάληψιν
3391 2122 3485 2178 τοῦ
3531 2124 3763 2194 Κυρίου,

498 2221 745 2281 tempore
787 2211 1048 2283 discipuli
1110 2211 1475 2287 Jerosolymis
1525 2218 1850 2272 commorati
1912 2228 2072 2284 sunt,

498 2299 712 2355 vicinas
753 2300 1006 2357 civitates
1048 2302 1317 2361 obeuntes
1344 2344 1359 2371 ,
1394 2313 1448 2360 et
1482 2302 1688 2363 Iudaeis
1728 2307 2080 2376 potissimum

499 2392 865 2461 praedicantes
888 2433 903 2459 ,
939 2393 1116 2450 donec
1146 2410 1379 2468 magnus
1413 2397 1507 2454 ille
1534 2397 1758 2463 Paulus,
1808 2398 2079 2455 instinctu

510 2484 711 2539 divina:
762 2486 953 2555 gratize
1004 2485 1073 2539 ad
1120 2486 1296 2556 palam
1345 2489 1604 2558 gentibus
1669 2488 2079 2559 prmdicandum

502 2584 819 2647 segregatus
869 2574 988 2632 l'uit.
1050 2575 1338 2649 Temporis
1395 2588 1578 2637 autem
1646 2597 1942 2653 progressu
2001 2580 2084 2634 di-

502 2667 626 2721 vina
666 2667 841 2737 gratia
897 2682 1028 2724 suos
1066 2670 1451 2739 praedicatores
1500 2680 1654 2742 parte
1684 2673 1867 2743 aliqua
1926 2680 2083 2727 terra:

502 2758 757 2814 concludi
799 2760 1025 2816 minime
1065 2762 1421 2832 permittens,
1471 2762 1703 2819 diversis
1748 2778 1844 2818 eos
1878 2762 2085 2818 muniis

502 2850 571 2906 ad
616 2858 827 2905 remota
885 2851 1004 2907 loca
1056 2851 1263 2908 eduxit.
1331 2852 1574 2909 Simonis
1630 2852 1902 2922 siquidem
1955 2866 2085 2923 pro-

502 2942 674 2998 fessio
747 2941 908 2997 beato
965 2941 1125 2997 Petro
1184 2941 1414 2997 Romam
1475 2944 1856 3013 proﬁciscendi
1921 2957 2083 2999 occa-

504 3022 714 3085 sionem
784 3030 972 3097 dedit,
1028 3032 1185 3087 alteri
1234 3047 1363 3087 vero
1413 3032 1520 3088 alio
1572 3054 1588 3088 :
1637 3049 1745 3088 non
1785 3032 1933 3088 enim
1983 3034 2087 3089 ista

504 3120 826 3177 recensendi
897 3121 1061 3176 modo
1128 3129 1343 3192 tempus
1394 3131 1498 3178 est.
1555 3121 1645 3179 Sic
1702 3139 1868 3194 porro
1929 3124 2089 3179 beato

506 3227 727 3282 quoque
768 3211 967 3266 Joanni
996 3211 1247 3283 Ephesus
1277 3214 1472 3285 obtigit
1514 3214 1893 3278 inhabitanda,
1952 3220 2079 3271 uni-

504 3317 723 3356 versam
773 3302 971 3358 exinde
1020 3303 1206 3357 Asiam
1277 3306 1625 3375 peragranti,
1686 3308 2090 3378 maximamque

504 3391 630 3458 ejus
673 3392 870 3474 incolis
910 3393 1300 3463 prazdicatione
1355 3409 1456 3450 sua
1487 3397 1780 3453 utilitatem
1817 3395 2087 3453 allerenti.

2183 2214 2277 2267 ἐπὶ
2340 2213 2519 2283 πολλῷ
2564 2214 2661 2284 μὲν
2709 2215 2821 2278 τοῖς
2866 2214 3259 2285 Ἰεροσολύμοις
3317 2215 3653 2286 ἐνδιέτριψαν
3715 2217 3764 2268 ot

2189 2305 2431 2376 μαθηταὶ
2492 2302 2570 2375 τῷ
2629 2306 2841 2376 χρόνῳ,
2897 2305 2996 2370 τὰς
3043 2307 3270 2378 πλησίον
3324 2308 3765 2379 περινοστοῦντες

2184 2395 2364 2460 πόλεις
2399 2395 2492 2449 καὶ
2527 2395 2725 2467 μᾶλλον
2775 2400 2885 2460 τοῖς
2929 2398 3200 2462 Ἰουδαίοις
3226 2398 3596 2469 διαλεγόμενοι
3639 2401 3766 2471 περὶ

2185 2485 2280 2539 τοῦ
2338 2487 2715 2558 κηρύγματος,
2773 2489 2935 2559 μέχρι
2992 2489 3201 2553 Παῦλος
3247 2490 3277 2542 ὁ
3313 2490 3485 2561 μέγας
3533 2490 3638 2543 ὑπὸ
3668 2490 3766 2561 τῆς

2185 2577 2333 2642 θείας
2365 2578 2587 2650 χάριτος
2617 2579 2862 2650 ἐναχθεὶς
2903 2581 3151 2653 φανερῶς
3199 2581 3335 2653 πρὸς
3372 2583 3431 2636 τὸ
3450 2584 3563 2646 τοῖς
3587 2581 3765 2636 ἔθνεσι

2186 2668 2475 2740 κηρύττειν
2529 2659 2836 2743 ἀφωρίσθη.
2896 2672 3001 2726 Τοῦ
3050 2673 3106 2726 δὲ
3164 2674 3356 2744 χρόνου
3405 2672 3703 2746 προϐάντος
3731 2674 3765 2743 ἡ

2186 2757 2305 2811 θεία
2338 2758 2529 2830 χάρις,
2571 2760 2674 2812 οὐκ
2710 2761 3011 2832 ἀνεχομένη
3067 2764 3192 2826 τοὺς
3247 2762 3479 2825 οἰκείους
3520 2763 3766 2833 κήρυκας

2187 2849 2245 2902 ἐν
2292 2848 2447 2921 μέρει
2479 2851 2920 2922 περικεκλεῖσθαι
2954 2852 3053 2923 τῆς
3082 2856 3214 2924 γῆς,
3257 2854 3533 2924 διαφόροις
3563 2854 3766 2907 οἰκονο-

2192 2940 2343 3011 μίαις
2373 2942 2569 3006 αὐτοὺς
2613 2943 2705 2996 ἐπὶ
2747 2945 2874 3008 τοὺς
2914 2945 3105 3015 πόρρω
3134 2945 3330 3008 τόπους
3365 2945 3651 3015 ἐξήγαγεν.
3700 2945 3766 2997 Ἡ

2193 3033 2291 3104 μὲν
2322 3032 2430 3106 γάρ
2452 3034 2693 3105 Σίμωνος
2724 3034 3000 3105 πρόφασις
3026 3034 3116 3088 τὸν
3148 3035 3413 3106 μακάριον
3438 3035 3643 3105 Πέτρον
3669 3033 3768 3104 τὴν

2192 3126 2284 3178 ἐπὶ
2325 3125 2541 3197 Ῥώμην
2573 3126 2689 3180 ὁδὸν
2718 3128 3047 3197 ποιήσασθαι
3098 3126 3538 3198 παρεσκεύαζεν,
3583 3125 3768 3196 ἕτερον

2190 3216 2248 3271 δὲ
2292 3218 2493 3290 ἑτέρως
2519 3235 2532 3248 ·
2585 3220 2647 3272 ού
2690 3218 2797 3291 γὰρ
2848 3218 3021 3273 ταῦτα
3060 3219 3154 3273 νῦν
3195 3218 3517 3286 καταλέγειν
3557 3214 3764 3288 καιρός.

2192 3307 2349 3367 Οὕτω
2379 3308 2443 3380 δὴ
2469 3309 2562 3362 καὶ
2588 3311 2616 3362 ὁ
2646 3309 2915 3381 μακάριος
2954 3308 3205 3380 Ἰωάννης
3223 3309 3363 3362 οίκεῖ
3388 3307 3485 3379 τὴν
3512 3308 3769 3377 Ἔφεσον,

2195 3398 2414 3452 ἃπασαν
2447 3399 2715 3469 ἐφοδεύων
2757 3401 2858 3472 τὴν
2905 3400 3085 3454 Ἀσίαν
3132 3400 3226 3454 καὶ
3268 3398 3467 3469 πολλὴν
3500 3399 3612 3461 τοῖς
3655 3396 3772 3449 ἐκεῖ

505 3467 849 3555 (ἒοηεοι-ἰριίἐ
900 3486 1069 3556 igitur
1104 3485 1380 3558 editisque
1428 3494 1756 3544 caeterorum
1788 3488 2075 3559 evangeli-

2193 3489 2283 3543 διὰ
2313 3489 2422 3543 τῶν
2451 3467 2669 3545 οίκείων
2714 3467 2887 3559 λόγων
2915 3491 3015 3560 τὴν
3062 3490 3327 3560 ὠφέλειαν
3374 3467 3769 3559 παρεχόμενος.

505 3585 717 3632 starum
756 3575 993 3634 Matthaei
1033 3585 1088 3634 et
1127 3577 1321 3645 Marci,
1359 3594 1575 3637 necnon
1616 3589 1673 3636 et
1714 3578 1877 3635 Lucae
1914 3579 2089 3634 Evan-

505 3667 685 3739 geliis,
727 3669 911 3725 statim
952 3669 1211 3726 omnibus
1247 3685 1343 3740 per
1380 3671 1570 3727 orbem
1608 3670 1865 3727 fidelibus
1899 3670 2091 3727 distri-

506 3760 663 3822 buta,
694 3767 749 3815 et
787 3760 857 3815 ah
888 3761 1085 3817 iisdem
1133 3777 1354 3833 magno,
1399 3762 1479 3816 uti
1514 3776 1614 3832 par
1640 3770 1783 3827 erat,
1812 3763 1997 3818 studio
2024 3776 2089 3816 ac

506 3850 775 3919 religione
817 3859 1039 3922 accepta
1078 3859 1227 3907 sunt.
1259 3851 1463 3908 Verum
1507 3865 1634 3906 cum
1669 3851 1854 3907 ﬁdeles
1894 3852 2089 3907 Asiani

507 3941 731 3996 beatum
780 3938 1046 3996 Joannem
1084 3942 1152 3997 ad
1204 3941 1564 4014 Evangelium
1603 3942 1999 4007 scribendum,
2035 3950 2091 3997 et

512 4030 852 4086 auctoritate
879 4046 944 4085 ac
976 4030 1082 4088 ﬁde
1115 4033 1333 4089 caneris
1359 4033 1681 4104 praeponere
1708 4033 2090 4089 existimarent

510 4127 595 4191 (ut
621 4122 716 4193 qui
746 4130 874 4177 ante
899 4120 1214 4178 Mattharum
1244 4119 1371 4178 cum
1393 4124 1620 4181 Christo
1646 4122 1829 4179 fuerat
1851 4137 2086 4179 conver-

512 4223 666 4270 satus
693 4221 748 4275 et
781 4212 1046 4284 majorem
1085 4214 1397 4271 dilectionis
1426 4229 1490 4269 ac
1532 4217 1724 4287 gratiae
1770 4214 2093 4286 praerogati-

511 4320 635 4359 vam
676 4313 1011 4376 acceperat),
1057 4305 1231 4363 libros
1261 4305 1685 4379 Evangeliorum
1720 4308 1825 4380 ipsi
1864 4308 2085 4363 obtule-

511 4403 673 4462 rnnt,
710 4402 772 4451 ut
812 4396 935 4467 ejus
980 4395 1048 4452 de
1074 4397 1209 4468 ipsis
1244 4397 1512 4467 judicium
1545 4398 1918 4469 explorarent.
1965 4399 2092 4469 Ipse

514 4499 694 4547 autem
724 4503 821 4546 eos
849 4496 911 4543 ut
932 4489 1149 4545 veritati
1172 4490 1394 4561 quidem
1439 4505 1719 4546 consonos
1738 4490 2087 4561 approbavit,

511 4582 781 4636 nonnulla
831 4588 1014 4635 tamen
1054 4580 1293 4638 dixitrah
1322 4584 1405 4639 eis
1452 4583 1830 4652 praetermissa
1881 4591 1938 4636 et
1964 4582 2092 4651 qui-

402 4740 407 4745 .
512 4671 634 4727 dem
662 4712 676 4739 ,
709 4686 833 4741 quae
867 4669 935 4723 ad
966 4672 1335 4727 eruditionem
1383 4673 1632 4726 omnium
1683 4671 1799 4727 fere
1855 4669 2093 4725 maxime

510 4762 923 4826 conducerent,
977 4761 1267 4816 miracula.
1317 4759 1566 4817 Addebat
1608 4762 1834 4833 insuper
1874 4775 2000 4815 eum
2023 4758 2093 4814 de

510 4852 720 4907 Christi
751 4853 804 4907 in
834 4867 1005 4909 carne
1058 4854 1299 4909 adventu
1337 4852 1757 4916 disseruissent,
1787 4868 1898 4907 non
1928 4866 2089 4921 opor-

510 4943 690 4999 tuisse
719 4959 943 5014 qnoque
987 4943 1334 4998 divinitatem
1375 4942 1496 5010 ejus
1530 4944 1754 4997 silentio
1788 4941 2092 5011 praeterire,

511 5053 581 5092 ne
609 5039 870 5107 temporis
902 5051 1168 5091 successu
1200 5035 1457 5089 homines
1488 5035 1558 5089 iis
1579 5032 1852 5088 duntaxat
1879 5048 2095 5088 sermn-

513 5134 679 5190 nilius
730 5134 959 5200 assueti,
1014 5133 1069 5187 id
1122 5140 1336 5187 tantum
1395 5130 1541 5201 quod
1573 5128 1871 5198 apparebat
1902 5127 2094 5184 crede-

513 5235 657 5281 rent.
717 5226 962 5295 Rogatus
1022 5232 1108 5280 est
1172 5224 1359 5293 itaque
1410 5237 1440 5276 a
1503 5221 1790 5285 fratribus,
1855 5229 1916 5276 ut
1971 5237 2094 5291 quae

2191 3580 2406 3636 Γίνεται
2451 3582 2630 3635 τοίνυν
2673 3583 2730 3635 ἐν
2764 3582 2973 3645 τούτοις
3011 3581 3121 3635 τῶν
3144 3581 3345 3634 λοιπῶν
3376 3578 3773 3648 εύαγγελιστῶν

2192 3672 2424 3737 ἐκδοσις,
2451 3673 2731 3727 Ματθαίου
2760 3690 2818 3727 τε
2842 3674 2935 3726 καὶ
2956 3673 3209 3746 Μάρκου,
3236 3672 3317 3725 ἔτι
3344 3672 3449 3744 μὴν
3472 3672 3567 3726 καὶ
3586 3671 3773 3725 Λουκᾶ

2191 3761 2259 3816 τά
2277 3763 2450 3816 οἰκεῖα
2470 3761 2823 3833 γεγραφότων
2849 3761 3178 3831 Εὐαγγέλια,
3201 3760 3407 3831 διεδόθη
3437 3777 3497 3814 τε
3522 3759 3775 3813 καὶκατὰ

2193 3852 2373 3923 πάσης
2392 3853 2451 3907 ἐν
2472 3853 2672 3924 ἀκαρεῖ
2695 3854 2793 3923 τῆς
2822 3853 3146 3923 οἰκουμένης
3172 3851 3265 3905 καὶ
3298 3850 3402 3904 ὑπὸ
3430 3848 3538 3904 τῶν
3569 3848 3774 3903 πιστῶν

2194 3943 2557 4008 ἐσπουδάζετο
2588 3943 2805 3998 πάντων
2833 3944 2969 4013 μετὰ
2992 3942 3218 4010 πολλῆς,
3240 3943 3316 4005 ὼς
3342 3940 3510 4005 εἰκὸς,
3539 3939 3639 4010 τῆς
3657 3939 3774 3994 δια-

2194 4034 2415 4097 θέσεως.
2462 4033 2601 4087 Ἀλλ’
2631 4033 2682 4086 οἱ
2714 4034 2843 4104 περί
2877 4035 2974 4103 τὴν
3003 4033 3189 4085 Ἀσίαν
3233 4031 3436 4097 πιστοὶ,
3469 4029 3776 4095 ἀξιοπιστό-

2190 4142 2351 4196 τερον
2376 4125 2485 4179 τῶν
2512 4125 2714 4179 λοιπῶν
2748 4126 2827 4189 είς
2853 4126 2953 4196 τὴν
2976 4123 3071 4178 τοῦ
3098 4125 3432 4194 Εὑαγγελίου
3469 4123 3777 4195 μαρτυρίαν

2206 4214 2459 4286 Ἰωάννην
2483 4215 2767 4286 κρίναντες
2796 4212 2934 4269 εἶναι
2954 4216 3048 4270 τὸν
3080 4216 3368 4288 μακάριον,
3399 4216 3475 4279 ὡς
3510 4215 3604 4277 καὶ
3631 4214 3774 4268 ἂνω·

2194 4309 2286 4364 θεν
2319 4309 2471 4379 αὐτῷ
2515 4309 2740 4363 συνόντα
2791 4309 2885 4362 καλ⁵
2934 4309 3042 4380 πρὸ
3075 4308 3359 4363 Ματθαίου
3405 4307 3498 4362 καὶ
3534 4307 3776 4370 πλείονος

2192 4402 2279 4456 διὰ
2299 4401 2399 4472 τὴν
2418 4401 2639 4471 ἀγάπην
2667 4401 2767 4471 τῆς
2794 4399 3017 4471 χάριτος
3040 4399 3444 4463 ἀπολαύσαντα,
3473 4398 3777 4471 προσήνεγ-

2193 4508 2297 4544 καν
2330 4492 2430 4562 μὲν
2462 4491 2611 4563 αύτῷ
2637 4491 2734 4555 τὰς
2781 4491 3018 4562 βίϐλους,
3053 4491 3244 4562 μαθεῖν
3269 4492 3462 4563 ἥντινα
3522 4489 3652 4561 περὶ
3678 4489 3777 4542 αύ-

2192 4583 2302 4638 τῶν
2349 4581 2463 4653 ἔχει
2508 4582 2607 4652 τὴν
2652 4581 2810 4647 δόξαν
2863 4585 2992 4653 παρ’
3037 4582 3203 4636 αὐτοῦ
3245 4582 3575 4652 βουλόμενοι.
3627 4580 3688 4633 Ὀ
3721 4580 3778 4634 δὲ

2195 4672 2427 4741 ἐπῄνεσε
2474 4673 2574 4741 μὶν
2601 4674 2702 4743 τῆς
2729 4673 2989 4745 ἀληθείας
3019 4676 3149 4737 τοὺς
3180 4673 3522 4743 γεγραφότας
3542 4711 3558 4737 ,
3607 4670 3778 4742 ἔφησε

2198 4761 2256 4814 δὲ
2280 4762 2485 4833 βραχέα
2509 4763 2610 4833 μὲν
2632 4765 2815 4829 αὐτοῖς
2836 4763 3261 4836 παραλελεῖφθαι
3287 4764 3382 4817 καὶ
3405 4762 3514 4816 τῶν
3542 4762 3779 4833 μάλιστα

2127 4810 2171 4864 θ
2195 4810 3778 4926 ὲζμᾶξῼέῑιξνῗέχόἧζρᾷἰ’όὲιῖεἷέιζῷζρ’ζέιῖιέξέκᾷἆέκὲἱὲὲᾷᾃῖ
3878 4841 3883 4845 ·

2193 4957 2264 4993 τα
2318 4940 2535 5013 μικροῦ.
2583 4938 2718 4997 Εἶτα
2752 4947 2848 4998 καὶ
2880 4945 2991 4997 δεῖν
3028 4944 3232 5012 ἔφασκε
3264 4946 3393 5007 τοὺς
3428 4943 3559 5015 περὶ
3587 4944 3687 5013 τῆς
3721 4948 3779 4997 ἐν

2196 5034 2358 5104 σαρκὶ
2375 5035 2678 5104 παρουσίας
2692 5036 2787 5089 τοῦ
2808 5036 3045 5108 Χριστοῦ
3065 5037 3479 5108 διαλεγομένους
3501 5036 3636 5107 μηδὲ
3652 5037 3778 5101 τοὺς

2193 5125 2323 5195 περὶ
2352 5124 2444 5195 τῆς
2490 5124 2744 5196 θεότητος
2782 5127 2976 5197 λόγους
3017 5128 3369 5199 παραλιπεῖν,
3400 5128 3543 5182 ὥστε
3577 5129 3652 5199 μὴ
3681 5127 3777 5181 τοῦ

2191 5217 2379 5288 χρόνου
2413 5217 2796 5289 προόαίνοντος
2834 5219 3047 5282 τούτοις
3067 5218 3440 5283 ἐνεθισθέντας
3466 5222 3577 5283 τοῖς
3597 5220 3778 5289 λόγοις

512 5317 752 5370 maxime
801 5317 869 5370 ad
916 5313 1288 5371 eruditionem
1336 5313 1650 5369 necessaria
1691 5312 1986 5383 judicaret,
2035 5321 2091 5367 et

2198 5310 2325 5373 τοὺς
2361 5310 2680 5381 ἀνθρώπους
2724 5309 2884 5364 τοῦτο
2917 5311 3076 5382 μόνον
3131 5312 3294 5366 αὑτὸν
3344 5311 3584 5383 νομίζειν
3640 5313 3778 5385 ὅπερ

514 5422 545 5460 a
577 5407 793 5461 caeteris
829 5403 1206 5461 praetermissa
1238 5412 1510 5471 cerneret,
1544 5404 1841 5476 diligenter
1875 5405 2088 5476 scripto

2202 5401 2473 5473 ἐφαίνετο.
2537 5403 2660 5457 Ἐπὶ
2716 5402 2927 5467 τούτοις
2984 5403 3329 5476 παράκλησις
3377 5403 3484 5460 τῶν
3536 5404 3776 5474 ἀδελφῶν

592 5558 663 5627 (1)
697 5556 868 5627 Hujus
892 5556 1269 5611 commentarii
1302 5555 1599 5627 fragmenta
1634 5556 1825 5627 Grates
1858 5572 1979 5623 quae
2006 5572 2086 5612 se-
2192 5556 2513 5627 Balthasare
2544 5556 2804 5611 Corderio
2839 5553 3228 5627 AAntverpiano
3264 5554 3321 5609 S.
3349 5553 3398 5609 J.
3430 5551 3778 5627 s.‘th.‘_DA._ct

515 5618 796 5693 qnnntur'
819 5625 931 5680 fere
969 5627 1164 5697 ﬁomnia
1220 5618 1472 5697 lvgnnfur
1531 5629 1583 5682 in
1617 5626 1821 5683 Catena
1860 5618 2082 5697 Patrum
2194 5627 2249 5679 in
2267 5629 2409 5681 alma
2432 5626 2724 5681 Viennensi
2759 5625 2909 5697 univ.
2944 5624 3031 5697 [Ὗ.
3058 5618 3369 5697 λιιινωήιιὶεε
3400 5618 3555 5697 1650,
3587 5624 3622 5677 1’.
3658 5621 3778 5677 Sin-

518 5692 826 5751 tirrecornm
864 5696 916 5749 in
966 5692 1021 5747 S.
1069 5692 1331 5753 Joannciu
1373 5714 1435 5753 ex
1481 5698 1866 5767 antiquissimo
1896 5696 2086 5752 Graeco

2194 5698 2336 5767 gulis
2365 5696 2583 5766 prmlixn
2617 5705 2745 5751 sunt
2774 5712 2822 5747 v.
2848 5693 3121 5766 Θεοδώρου
3154 5692 3553 5765 Μοῷουεστίας.

517 5767 707 5822 ροίίιο
767 5782 867 5821 ms.
925 5780 1067 5819 nunc
1117 5770 1349 5836 primum
1394 5769 1446 5822 in
1488 5766 1664 5823 lucem
1698 5771 1841 5823 cdita
1870 5799 1936 5809 -—
1965 5798 2032 5810 -—
2059 5782 2089 5820 a
2208 5766 2213 5767 ⁷
2268 5766 2342 5839 (‘2)
2372 5767 2533 5850 (20ml.
2572 5774 2673 5821 cat.
2712 5780 2941 5836 prolem.
