  <div class='ocr_page' id='page_1' title='image "/cluster/home/n/w/nwhite01/storage/ocr_20150623/66/coo.31924054869676/372.png"; bbox 0 0 4162 6524; ppageno 0'>
   <div class='ocr_carea' id='block_1_1' title="bbox 369 370 478 432">
    <p class='ocr_par' dir='ltr' id='par_1_1' title="bbox 369 370 478 432">
     <span class='ocr_line' id='line_1_1' title="bbox 369 370 478 432; baseline 0.046 -4"><span class='ocrx_word' id='word_1_1' title='bbox 369 370 478 432; x_wconf 65' lang='grc'><strong>729</strong></span> 
     </span>
    </p>
   </div>
   <div class='ocr_carea' id='block_1_2' title="bbox 1555 358 2474 440">
    <p class='ocr_par' dir='ltr' id='par_1_2' title="bbox 1555 358 2474 440">
     <span class='ocr_line' id='line_1_2' title="bbox 1555 358 2474 440; baseline 0.002 -6"><span class='ocrx_word' id='word_1_2' title='bbox 1555 358 1636 435; x_wconf 75' lang='grc' dir='ltr'>ἰΝ</span> <span class='ocrx_word' id='word_1_3' title='bbox 1673 378 2124 440; x_wconf 75' lang='lat' dir='ltr'><strong>EVANGELIUM</strong></span> <span class='ocrx_word' id='word_1_4' title='bbox 2166 362 2474 439; x_wconf 73' lang='lat' dir='ltr'><strong>JOANNIS.</strong></span> 
     </span>
    </p>
   </div>
   <div class='ocr_carea' id='block_1_3' title="bbox 3553 387 3658 447">
    <p class='ocr_par' dir='ltr' id='par_1_3' title="bbox 3553 387 3658 447">
     <span class='ocr_line' id='line_1_3' title="bbox 3553 387 3658 447; baseline 0.029 -3"><span class='ocrx_word' id='word_1_5' title='bbox 3553 387 3658 447; x_wconf 80' lang='lat'><strong>750</strong></span> 
     </span>
    </p>
   </div>
   <div class='ocr_carea' id='block_1_4' title="bbox 368 492 1974 572">
    <p class='ocr_par' dir='ltr' id='par_1_4' title="bbox 368 492 1966 572">
     <span class='ocr_line' id='line_1_4' title="bbox 368 492 1966 572; baseline 0.006 -25"><span class='ocrx_word' id='word_1_6' title='bbox 368 494 610 564; x_wconf 76' lang='grc' dir='ltr'>ἐγένετο,</span> <span class='ocrx_word' id='word_1_7' title='bbox 649 492 821 549; x_wconf 84' lang='grc' dir='ltr'>ταῦτα</span> <span class='ocrx_word' id='word_1_8' title='bbox 845 493 881 550; x_wconf 78' lang='grc' dir='ltr'>ἃ</span> <span class='ocrx_word' id='word_1_9' title='bbox 909 495 1145 568; x_wconf 86' lang='grc' dir='ltr'>μάλιστα</span> <span class='ocrx_word' id='word_1_10' title='bbox 1173 498 1450 568; x_wconf 86' lang='grc' dir='ltr'>ἀναγκαῖα</span> <span class='ocrx_word' id='word_1_11' title='bbox 1492 498 1591 570; x_wconf 82' lang='grc' dir='ltr'><strong>μὲν</strong></span> <span class='ocrx_word' id='word_1_12' title='bbox 1625 499 1800 572; x_wconf 89' lang='grc' dir='ltr'>κρίνει</span> <span class='ocrx_word' id='word_1_13' title='bbox 1829 501 1966 570; x_wconf 80' lang='grc' dir='ltr'>πρὸς</span> 
     </span>
    </p>
   </div>
   <div class='ocr_carea' id='block_1_5' title="bbox 2075 492 3658 572">
    <p class='ocr_par' dir='ltr' id='par_1_5' title="bbox 2075 500 3658 571">
     <span class='ocr_line' id='line_1_5' title="bbox 2075 500 3658 571; baseline 0.003 -15"><span class='ocrx_word' id='word_1_14' title='bbox 2075 501 2394 568; x_wconf 78' lang='lat' dir='ltr'><strong>mandaret,</strong></span> <span class='ocrx_word' id='word_1_15' title='bbox 2427 501 2574 571; x_wconf 91' lang='lat' dir='ltr'><strong>quod</strong></span> <span class='ocrx_word' id='word_1_16' title='bbox 2607 509 2662 556; x_wconf 90' lang='lat' dir='ltr'><strong>et</strong></span> <span class='ocrx_word' id='word_1_17' title='bbox 2699 500 2851 557; x_wconf 86' lang='lat' dir='ltr'><strong>fecit.</strong></span> <span class='ocrx_word' id='word_1_18' title='bbox 2893 501 3048 559; x_wconf 86' lang='lat' dir='ltr'>Unde</span> <span class='ocrx_word' id='word_1_19' title='bbox 3084 502 3275 561; x_wconf 91' lang='lat' dir='ltr'><strong>statim</strong></span> <span class='ocrx_word' id='word_1_20' title='bbox 3333 501 3387 558; x_wconf 90' lang='lat' dir='ltr'><strong>in</strong></span> <span class='ocrx_word' id='word_1_21' title='bbox 3426 505 3658 560; x_wconf 77' lang='lat' dir='ltr'><strong>exordio</strong></span> 
     </span>
    </p>
   </div>
   <div class='ocr_carea' id='block_1_6' title="bbox 364 585 1965 664">
    <p class='ocr_par' dir='ltr' id='par_1_6' title="bbox 364 585 1965 664">
     <span class='ocr_line' id='line_1_6' title="bbox 364 585 1965 664; baseline 0.005 -26"><span class='ocrx_word' id='word_1_22' title='bbox 364 585 740 652; x_wconf 77' lang='grc' dir='ltr'><strong>διδασκαλίαν,</strong></span> <span class='ocrx_word' id='word_1_23' title='bbox 796 589 1276 662; x_wconf 82' lang='grc' dir='ltr'><strong>παραλελειμμένα</strong></span> <span class='ocrx_word' id='word_1_24' title='bbox 1328 590 1386 644; x_wconf 82' lang='grc' dir='ltr'>δὲ</span> <span class='ocrx_word' id='word_1_25' title='bbox 1444 592 1548 664; x_wconf 82' lang='grc' dir='ltr'><strong>ὁρᾷ</strong></span> <span class='ocrx_word' id='word_1_26' title='bbox 1599 595 1712 658; x_wconf 88' lang='grc' dir='ltr'>τοῖς</span> <span class='ocrx_word' id='word_1_27' title='bbox 1757 594 1965 658; x_wconf 84' lang='grc' dir='ltr'><strong>λοιποῖς</strong></span> 
     </span>
    </p>
   </div>
   <div class='ocr_carea' id='block_1_7' title="bbox 364 677 1964 755">
    <p class='ocr_par' dir='ltr' id='par_1_7' title="bbox 364 677 1964 755">
     <span class='ocr_line' id='line_1_7' title="bbox 364 677 1964 755; baseline 0.004 -24"><span class='ocrx_word' id='word_1_28' title='bbox 364 677 579 750; x_wconf 75' lang='grc' dir='ltr'>γράψαι</span> <span class='ocrx_word' id='word_1_29' title='bbox 617 679 758 748; x_wconf 85' lang='grc' dir='ltr'>μετὰ</span> <span class='ocrx_word' id='word_1_30' title='bbox 803 681 1063 752; x_wconf 83' lang='grc' dir='ltr'><strong>σπουδῆς,</strong></span> <span class='ocrx_word' id='word_1_31' title='bbox 1108 682 1136 735; x_wconf 84' lang='grc' dir='ltr'><strong>ὃ</strong></span> <span class='ocrx_word' id='word_1_32' title='bbox 1184 683 1250 754; x_wconf 83' lang='grc' dir='ltr'><strong>δὴ</strong></span> <span class='ocrx_word' id='word_1_33' title='bbox 1299 682 1396 737; x_wconf 75' lang='grc' dir='ltr'>καὶ</span> <span class='ocrx_word' id='word_1_34' title='bbox 1447 683 1773 755; x_wconf 86' lang='grc' dir='ltr'>πεποίηκεν.</span> <span class='ocrx_word' id='word_1_35' title='bbox 1798 685 1964 739; x_wconf 85' lang='grc' dir='ltr'>Ὅθεν</span> 
     </span>
    </p>
   </div>
   <div class='ocr_carea' id='block_1_8' title="bbox 367 769 1964 844">
    <p class='ocr_par' dir='ltr' id='par_1_8' title="bbox 367 769 1964 844">
     <span class='ocr_line' id='line_1_8' title="bbox 367 769 1964 844; baseline 0.005 -24"><span class='ocrx_word' id='word_1_36' title='bbox 367 769 499 822; x_wconf 82' lang='grc' dir='ltr'>εὐθὺ</span> <span class='ocrx_word' id='word_1_37' title='bbox 538 769 640 840; x_wconf 84' lang='grc' dir='ltr'>μὲν</span> <span class='ocrx_word' id='word_1_38' title='bbox 671 771 768 825; x_wconf 77' lang='grc' dir='ltr'><strong>καὶ</strong></span> <span class='ocrx_word' id='word_1_39' title='bbox 815 770 876 836; x_wconf 76' lang='grc' dir='ltr'>ἐξ</span> <span class='ocrx_word' id='word_1_40' title='bbox 902 771 1079 844; x_wconf 85' lang='grc' dir='ltr'>ἀρχῆς</span> <span class='ocrx_word' id='word_1_41' title='bbox 1120 773 1250 843; x_wconf 77' lang='grc' dir='ltr'>περὶ</span> <span class='ocrx_word' id='word_1_42' title='bbox 1293 773 1401 827; x_wconf 84' lang='grc' dir='ltr'>τῶν</span> <span class='ocrx_word' id='word_1_43' title='bbox 1428 773 1531 840; x_wconf 80' lang='grc' dir='ltr'>τῆς</span> <span class='ocrx_word' id='word_1_44' title='bbox 1561 772 1812 844; x_wconf 82' lang='grc' dir='ltr'><strong>θεότητος</strong></span> <span class='ocrx_word' id='word_1_45' title='bbox 1847 777 1964 844; x_wconf 85' lang='grc' dir='ltr'>ἐφι-</span> 
     </span>
    </p>
   </div>
   <div class='ocr_carea' id='block_1_9' title="bbox 364 859 1960 936">
    <p class='ocr_par' dir='ltr' id='par_1_9' title="bbox 364 859 1960 936">
     <span class='ocr_line' id='line_1_9' title="bbox 364 859 1960 936; baseline 0.004 -23"><span class='ocrx_word' id='word_1_46' title='bbox 364 859 638 934; x_wconf 83' lang='grc' dir='ltr'>λοσόφησε</span> <span class='ocrx_word' id='word_1_47' title='bbox 677 863 1000 934; x_wconf 81' lang='grc' dir='ltr'><strong>δογμάτων,</strong></span> <span class='ocrx_word' id='word_1_48' title='bbox 1047 864 1256 936; x_wconf 82' lang='grc' dir='ltr'>ταύτην</span> <span class='ocrx_word' id='word_1_49' title='bbox 1297 865 1604 933; x_wconf 78' lang='grc' dir='ltr'><strong>ἀναγκαίαν</strong></span> <span class='ocrx_word' id='word_1_50' title='bbox 1635 865 1834 936; x_wconf 87' lang='grc' dir='ltr'>κρίνων</span> <span class='ocrx_word' id='word_1_51' title='bbox 1867 866 1960 920; x_wconf 80' lang='grc' dir='ltr'>τοῦ</span> 
     </span>
    </p>
   </div>
   <div class='ocr_carea' id='block_1_10' title="bbox 363 953 1963 1030">
    <p class='ocr_par' dir='ltr' id='par_1_10' title="bbox 363 953 1963 1030">
     <span class='ocr_line' id='line_1_10' title="bbox 363 953 1963 1030; baseline 0.005 -25"><span class='ocrx_word' id='word_1_52' title='bbox 363 953 706 1022; x_wconf 84' lang='grc' dir='ltr'>Εὐαγγελίου</span> <span class='ocrx_word' id='word_1_53' title='bbox 753 955 974 1010; x_wconf 80' lang='grc' dir='ltr'>ἔσεσθαι</span> <span class='ocrx_word' id='word_1_54' title='bbox 1022 955 1122 1026; x_wconf 82' lang='grc' dir='ltr'><strong>τὴν</strong></span> <span class='ocrx_word' id='word_1_55' title='bbox 1171 958 1369 1030; x_wconf 80' lang='grc' dir='ltr'>ἀρχὴν,</span> <span class='ocrx_word' id='word_1_56' title='bbox 1417 957 1514 1012; x_wconf 78' lang='grc' dir='ltr'><strong>καὶ</strong></span> <span class='ocrx_word' id='word_1_57' title='bbox 1549 956 1692 1012; x_wconf 76' lang='grc' dir='ltr'>οὕτω</span> <span class='ocrx_word' id='word_1_58' title='bbox 1735 959 1829 1011; x_wconf 73' lang='grc' dir='ltr'><strong>ἐπὶ</strong></span> <span class='ocrx_word' id='word_1_59' title='bbox 1864 958 1963 1030; x_wconf 83' lang='grc' dir='ltr'>τὴν</span> 
     </span>
    </p>
   </div>
   <div class='ocr_carea' id='block_1_11' title="bbox 2068 593 3658 672">
    <p class='ocr_par' dir='ltr' id='par_1_11' title="bbox 2068 593 3658 672">
     <span class='ocr_line' id='line_1_11' title="bbox 2068 593 3658 672; baseline 0.003 -23"><span class='ocrx_word' id='word_1_60' title='bbox 2068 593 2136 649; x_wconf 91' lang='lat' dir='ltr'><strong>de</strong></span> <span class='ocrx_word' id='word_1_61' title='bbox 2159 593 2454 649; x_wconf 89' lang='lat' dir='ltr'><strong>divinitate</strong></span> <span class='ocrx_word' id='word_1_62' title='bbox 2481 601 2741 651; x_wconf 85' lang='lat' dir='ltr'><strong>accurate</strong></span> <span class='ocrx_word' id='word_1_63' title='bbox 2773 595 3042 653; x_wconf 83' lang='lat' dir='ltr'><strong>disseruit</strong></span> <span class='ocrx_word' id='word_1_64' title='bbox 3076 613 3090 650; x_wconf 89' lang='lat'><strong>:</strong></span> <span class='ocrx_word' id='word_1_65' title='bbox 3129 598 3260 654; x_wconf 93' lang='lat' dir='ltr'><strong>hinc</strong></span> <span class='ocrx_word' id='word_1_66' title='bbox 3300 597 3658 672; x_wconf 79' lang='lat' dir='ltr'><strong>Evangelium</strong></span> 
     </span>
    </p>
   </div>
   <div class='ocr_carea' id='block_1_12' title="bbox 2068 685 3658 757">
    <p class='ocr_par' dir='ltr' id='par_1_12' title="bbox 2068 685 3658 757">
     <span class='ocr_line' id='line_1_12' title="bbox 2068 685 3658 757; baseline 0.003 -17"><span class='ocrx_word' id='word_1_67' title='bbox 2068 685 2391 740; x_wconf 85' lang='lat' dir='ltr'><strong>necessario</strong></span> <span class='ocrx_word' id='word_1_68' title='bbox 2470 685 2873 757; x_wconf 86' lang='lat' dir='ltr'><strong>auspicandum</strong></span> <span class='ocrx_word' id='word_1_69' title='bbox 2941 698 3126 755; x_wconf 91' lang='lat' dir='ltr'><strong>ratus,</strong></span> <span class='ocrx_word' id='word_1_70' title='bbox 3198 703 3300 745; x_wconf 86' lang='lat' dir='ltr'><strong>ac-</strong></span> <span class='ocrx_word' id='word_1_71' title='bbox 3338 688 3538 746; x_wconf 88' lang='lat' dir='ltr'><strong>deinde</strong></span> <span class='ocrx_word' id='word_1_72' title='bbox 3589 693 3658 744; x_wconf 82' lang='lat' dir='ltr'><strong>ad</strong></span> 
     </span>
    </p>
   </div>
   <div class='ocr_carea' id='block_1_13' title="bbox 2068 773 3660 848">
    <p class='ocr_par' dir='ltr' id='par_1_13' title="bbox 2068 773 3660 848">
     <span class='ocr_line' id='line_1_13' title="bbox 2068 773 3660 848; baseline 0.003 -16"><span class='ocrx_word' id='word_1_73' title='bbox 2068 773 2471 834; x_wconf 84' lang='lat' dir='ltr'><strong>incarnationis</strong></span> <span class='ocrx_word' id='word_1_74' title='bbox 2537 792 2676 848; x_wconf 80' lang='lat' dir='ltr'><strong>opus</strong></span> <span class='ocrx_word' id='word_1_75' title='bbox 2725 777 3040 844; x_wconf 89' lang='lat' dir='ltr'><strong>transiens,</strong></span> <span class='ocrx_word' id='word_1_76' title='bbox 3100 795 3286 837; x_wconf 88' lang='lat' dir='ltr'><strong>rerum</strong></span> <span class='ocrx_word' id='word_1_77' title='bbox 3350 795 3383 835; x_wconf 87' lang='lat' dir='ltr'><strong>a</strong></span> <span class='ocrx_word' id='word_1_78' title='bbox 3425 780 3660 837; x_wconf 89' lang='lat' dir='ltr'><strong>Domino</strong></span> 
     </span>
    </p>
   </div>
   <div class='ocr_carea' id='block_1_14' title="bbox 2067 869 3660 942">
    <p class='ocr_par' dir='ltr' id='par_1_14' title="bbox 2067 869 3660 942">
     <span class='ocr_line' id='line_1_14' title="bbox 2067 869 3660 942; baseline 0.002 -17"><span class='ocrx_word' id='word_1_79' title='bbox 2067 869 2344 926; x_wconf 89' lang='lat' dir='ltr'><strong>dietarum</strong></span> <span class='ocrx_word' id='word_1_80' title='bbox 2367 871 2455 928; x_wconf 90' lang='lat' dir='ltr'><strong>vel</strong></span> <span class='ocrx_word' id='word_1_81' title='bbox 2483 881 2762 942; x_wconf 74' lang='lat' dir='ltr'><strong>gestarum</strong></span> <span class='ocrx_word' id='word_1_82' title='bbox 2791 885 2901 927; x_wconf 92' lang='lat' dir='ltr'><strong>non</strong></span> <span class='ocrx_word' id='word_1_83' title='bbox 2933 871 3082 926; x_wconf 88' lang='lat' dir='ltr'><strong>aliud</strong></span> <span class='ocrx_word' id='word_1_84' title='bbox 3113 881 3312 942; x_wconf 83' lang='lat' dir='ltr'><strong>praeter</strong></span> <span class='ocrx_word' id='word_1_85' title='bbox 3348 874 3454 929; x_wconf 86' lang='lat' dir='ltr'><strong>hoc</strong></span> <span class='ocrx_word' id='word_1_86' title='bbox 3482 874 3660 942; x_wconf 84' lang='lat' dir='ltr'><strong>veris-</strong></span> 
     </span>
    </p>
   </div>
   <div class='ocr_carea' id='block_1_15' title="bbox 2067 964 3475 1037">
    <p class='ocr_par' dir='ltr' id='par_1_15' title="bbox 2067 964 3475 1037">
     <span class='ocr_line' id='line_1_15' title="bbox 2067 964 3475 1037; baseline 0.002 -17"><span class='ocrx_word' id='word_1_87' title='bbox 2067 964 2274 1020; x_wconf 88' lang='lat' dir='ltr'><strong>simum</strong></span> <span class='ocrx_word' id='word_1_88' title='bbox 2307 980 2434 1022; x_wconf 89' lang='lat' dir='ltr'><strong>esse</strong></span> <span class='ocrx_word' id='word_1_89' title='bbox 2472 965 2812 1037; x_wconf 85' lang='lat' dir='ltr'><strong>principium</strong></span> <span class='ocrx_word' id='word_1_90' title='bbox 2853 971 3206 1036; x_wconf 86' lang='lat' dir='ltr'><strong>perspectum</strong></span> <span class='ocrx_word' id='word_1_91' title='bbox 3237 966 3475 1024; x_wconf 86' lang='lat' dir='ltr'><strong>habens.</strong></span> 
     </span>
    </p>
   </div>
   <div class='ocr_carea' id='block_1_16' title="bbox 362 1043 3663 1129">
    <p class='ocr_par' dir='ltr' id='par_1_16' title="bbox 362 1043 3663 1129">
     <span class='ocr_line' id='line_1_16' title="bbox 362 1043 3663 1129; baseline 0.005 -35"><span class='ocrx_word' id='word_1_92' title='bbox 362 1043 680 1114; x_wconf 78' lang='grc' dir='ltr'>οἰκονομίαν</span> <span class='ocrx_word' id='word_1_93' title='bbox 712 1044 975 1114; x_wconf 81' lang='grc' dir='ltr'>μεταϐὰς,</span> <span class='ocrx_word' id='word_1_94' title='bbox 1004 1046 1126 1099; x_wconf 91' lang='grc' dir='ltr'>τότε</span> <span class='ocrx_word' id='word_1_95' title='bbox 1151 1047 1249 1101; x_wconf 74' lang='grc' dir='ltr'><strong>καὶ</strong></span> <span class='ocrx_word' id='word_1_96' title='bbox 1272 1045 1437 1110; x_wconf 81' lang='grc' dir='ltr'>αὐτὸς</span> <span class='ocrx_word' id='word_1_97' title='bbox 1458 1047 1587 1118; x_wconf 64' lang='grc' dir='ltr'><strong>περ)⁵</strong></span> <span class='ocrx_word' id='word_1_98' title='bbox 1620 1045 1714 1101; x_wconf 81' lang='grc' dir='ltr'>τοῦ</span> <span class='ocrx_word' id='word_1_99' title='bbox 1747 1048 1954 1119; x_wconf 80' lang='grc' dir='ltr'>Κυρίου</span> <span class='ocrx_word' id='word_1_100' title='bbox 1992 1051 2295 1124; x_wconf 78' lang='grc' dir='ltr'>λεχθέντων</span> <span class='ocrx_word' id='word_1_101' title='bbox 2324 1055 2358 1127; x_wconf 79' lang='grc' dir='ltr'>ἢ</span> <span class='ocrx_word' id='word_1_102' title='bbox 2387 1056 2690 1126; x_wconf 84' lang='grc' dir='ltr'>γεγονότων</span> <span class='ocrx_word' id='word_1_103' title='bbox 2719 1057 2818 1129; x_wconf 84' lang='grc' dir='ltr'>οὐχ</span> <span class='ocrx_word' id='word_1_104' title='bbox 2842 1056 3039 1128; x_wconf 75' lang='grc' dir='ltr'>ἑτέραν</span> <span class='ocrx_word' id='word_1_105' title='bbox 3066 1056 3211 1123; x_wconf 82' lang='grc' dir='ltr'>τινὰ,</span> <span class='ocrx_word' id='word_1_106' title='bbox 3277 1056 3391 1112; x_wconf 82' lang='grc' dir='ltr'>ἀλλ’</span> <span class='ocrx_word' id='word_1_107' title='bbox 3425 1055 3460 1121; x_wconf 83' lang='grc' dir='ltr'>ἢ</span> <span class='ocrx_word' id='word_1_108' title='bbox 3532 1055 3663 1112; x_wconf 80' lang='grc' dir='ltr'>ταύ-</span> 
     </span>
    </p>
   </div>
   <div class='ocr_carea' id='block_1_17' title="bbox 361 1130 1499 1212">
    <p class='ocr_par' dir='ltr' id='par_1_17' title="bbox 361 1130 1499 1212">
     <span class='ocr_line' id='line_1_17' title="bbox 361 1130 1499 1212; baseline 0.011 -29"><span class='ocrx_word' id='word_1_109' title='bbox 361 1145 470 1202; x_wconf 87' lang='grc' dir='ltr'><strong>την</strong></span> <span class='ocrx_word' id='word_1_110' title='bbox 502 1133 659 1197; x_wconf 76' lang='grc' dir='ltr'>εἰδὼς</span> <span class='ocrx_word' id='word_1_111' title='bbox 689 1130 856 1190; x_wconf 83' lang='grc' dir='ltr'>οὖσαν</span> <span class='ocrx_word' id='word_1_112' title='bbox 892 1136 1269 1210; x_wconf 79' lang='grc' dir='ltr'><strong>ἀληθεστάτην</strong></span> <span class='ocrx_word' id='word_1_113' title='bbox 1301 1140 1499 1212; x_wconf 84' lang='grc' dir='ltr'>ἀρχήν.</span> 
     </span>
    </p>
   </div>
   <div class='ocr_carea' id='block_1_18' title="bbox 977 1230 1358 1287">
    <p class='ocr_par' dir='ltr' id='par_1_18' title="bbox 977 1230 1358 1287">
     <span class='ocr_line' id='line_1_18' title="bbox 977 1230 1358 1287; baseline 0.01 -4"><span class='ocrx_word' id='word_1_114' title='bbox 977 1230 1232 1286; x_wconf 81' lang='grc' dir='ltr'><strong>ΚΕΦΑΛ.</strong></span> <span class='ocrx_word' id='word_1_115' title='bbox 1278 1233 1358 1287; x_wconf 81' lang='lat' dir='ltr'><strong>A&#39;.</strong></span> 
     </span>
    </p>
   </div>
   <div class='ocr_carea' id='block_1_19' title="bbox 437 1318 1961 1396">
    <p class='ocr_par' dir='ltr' id='par_1_19' title="bbox 437 1318 1961 1396">
     <span class='ocr_line' id='line_1_19' title="bbox 437 1318 1961 1396; baseline 0.007 -27"><span class='ocrx_word' id='word_1_116' title='bbox 437 1318 587 1390; x_wconf 86' lang='grc' dir='ltr'>Στίχ.</span> <span class='ocrx_word' id='word_1_117' title='bbox 620 1325 688 1388; x_wconf 89' lang='grc' dir='ltr'>γ’.</span> <span class='ocrx_word' id='word_1_118' title='bbox 735 1351 807 1362; x_wconf 87' lang='lat'><strong>-—</strong></span> <span class='ocrx_word' id='word_1_119' title='bbox 855 1322 1012 1386; x_wconf 84' lang='grc' dir='ltr'>Τινὲς</span> <span class='ocrx_word' id='word_1_120' title='bbox 1045 1323 1143 1394; x_wconf 84' lang='grc' dir='ltr'><strong>μὲν</strong></span> <span class='ocrx_word' id='word_1_121' title='bbox 1168 1319 1261 1379; x_wconf 73' lang='grc' dir='ltr'>οὖν</span> <span class='ocrx_word' id='word_1_122' title='bbox 1291 1325 1370 1396; x_wconf 76' lang='grc'>(1)</span> <span class='ocrx_word' id='word_1_123' title='bbox 1411 1324 1586 1390; x_wconf 76' lang='grc' dir='ltr'>οὕτως</span> <span class='ocrx_word' id='word_1_124' title='bbox 1621 1326 1961 1396; x_wconf 79' lang='grc' dir='ltr'>ἀνέγνωσαν,</span> 
     </span>
    </p>
   </div>
   <div class='ocr_carea' id='block_1_20' title="bbox 366 1409 1964 1486">
    <p class='ocr_par' dir='ltr' id='par_1_20' title="bbox 366 1409 1964 1486">
     <span class='ocr_line' id='line_1_20' title="bbox 366 1409 1964 1486; baseline 0.006 -25"><span class='ocrx_word' id='word_1_125' title='bbox 366 1411 443 1461; x_wconf 88' lang='grc' dir='ltr'><strong>Ὃ</strong></span> <span class='ocrx_word' id='word_1_126' title='bbox 470 1409 718 1479; x_wconf 73' lang='grc' dir='ltr'>γέγονεν</span> <span class='ocrx_word' id='word_1_127' title='bbox 741 1413 812 1466; x_wconf 80' lang='grc' dir='ltr'><strong>ἐν</strong></span> <span class='ocrx_word' id='word_1_128' title='bbox 844 1414 1022 1482; x_wconf 81' lang='grc' dir='ltr'>αὐτῷ,</span> <span class='ocrx_word' id='word_1_129' title='bbox 1051 1417 1170 1470; x_wconf 78' lang='grc' dir='ltr'>ἀντὶ</span> <span class='ocrx_word' id='word_1_130' title='bbox 1195 1416 1317 1485; x_wconf 81' lang='grc' dir='ltr'>τοῦ,</span> <span class='ocrx_word' id='word_1_131' title='bbox 1342 1409 1417 1471; x_wconf 66' lang='grc' dir='ltr'><strong>δι’</strong></span> <span class='ocrx_word' id='word_1_132' title='bbox 1447 1418 1655 1486; x_wconf 87' lang='grc' dir='ltr'>αὐτοῦ,</span> <span class='ocrx_word' id='word_1_133' title='bbox 1690 1417 1964 1486; x_wconf 85' lang='grc' dir='ltr'>λέγοντες·</span> 
     </span>
    </p>
   </div>
   <div class='ocr_carea' id='block_1_21' title="bbox 347 1501 1968 1580">
    <p class='ocr_par' dir='ltr' id='par_1_21' title="bbox 347 1501 1968 1580">
     <span class='ocr_line' id='line_1_21' title="bbox 347 1501 1968 1580; baseline 0.008 -28"><span class='ocrx_word' id='word_1_134' title='bbox 347 1501 494 1565; x_wconf 83' lang='grc' dir='ltr'>’Πῶς</span> <span class='ocrx_word' id='word_1_135' title='bbox 518 1503 573 1555; x_wconf 80' lang='grc' dir='ltr'><strong>δὲ</strong></span> <span class='ocrx_word' id='word_1_136' title='bbox 602 1505 702 1558; x_wconf 78' lang='grc' dir='ltr'><strong>οὐκ</strong></span> <span class='ocrx_word' id='word_1_137' title='bbox 728 1506 922 1576; x_wconf 72' lang='grc' dir='ltr'>εῠηθες</span> <span class='ocrx_word' id='word_1_138' title='bbox 939 1503 1028 1577; x_wconf 81' lang='grc' dir='ltr'>ἦν,</span> <span class='ocrx_word' id='word_1_139' title='bbox 1050 1510 1099 1562; x_wconf 87' lang='grc' dir='ltr'><strong>εί</strong></span> <span class='ocrx_word' id='word_1_140' title='bbox 1124 1507 1281 1562; x_wconf 83' lang='grc' dir='ltr'>τοῦτο</span> <span class='ocrx_word' id='word_1_141' title='bbox 1306 1508 1501 1580; x_wconf 72' lang='grc' dir='ltr'>ἔμελλε</span> <span class='ocrx_word' id='word_1_142' title='bbox 1529 1509 1708 1580; x_wconf 89' lang='grc' dir='ltr'>λέγειν</span> <span class='ocrx_word' id='word_1_143' title='bbox 1733 1511 1762 1562; x_wconf 85' lang='grc' dir='ltr'>ὁ</span> <span class='ocrx_word' id='word_1_144' title='bbox 1788 1511 1968 1578; x_wconf 78' lang='grc' dir='ltr'>Εὐαγ-</span> 
     </span>
    </p>
   </div>
   <div class='ocr_carea' id='block_1_22' title="bbox 362 1595 1964 1674">
    <p class='ocr_par' dir='ltr' id='par_1_22' title="bbox 362 1595 1964 1674">
     <span class='ocr_line' id='line_1_22' title="bbox 362 1595 1964 1674; baseline 0.007 -28"><span class='ocrx_word' id='word_1_145' title='bbox 362 1595 646 1668; x_wconf 80' lang='grc' dir='ltr'>γελιστὴς,</span> <span class='ocrx_word' id='word_1_146' title='bbox 684 1597 759 1661; x_wconf 84' lang='grc' dir='ltr'>ὥς</span> <span class='ocrx_word' id='word_1_147' title='bbox 789 1617 842 1652; x_wconf 91' lang='grc' dir='ltr'><strong>τι</strong></span> <span class='ocrx_word' id='word_1_148' title='bbox 871 1600 1137 1656; x_wconf 82' lang='grc' dir='ltr'>διδάσκων</span> <span class='ocrx_word' id='word_1_149' title='bbox 1169 1605 1319 1674; x_wconf 79' lang='grc' dir='ltr'>ἡμᾶς</span> <span class='ocrx_word' id='word_1_150' title='bbox 1349 1604 1535 1657; x_wconf 85' lang='grc' dir='ltr'>καινὸν</span> <span class='ocrx_word' id='word_1_151' title='bbox 1574 1604 1670 1659; x_wconf 80' lang='grc' dir='ltr'>καὶ</span> <span class='ocrx_word' id='word_1_152' title='bbox 1707 1607 1822 1668; x_wconf 89' lang='grc' dir='ltr'>τοῖς</span> <span class='ocrx_word' id='word_1_153' title='bbox 1865 1605 1964 1658; x_wconf 84' lang='grc' dir='ltr'><strong>ἀν-</strong></span> 
     </span>
    </p>
   </div>
   <div class='ocr_carea' id='block_1_23' title="bbox 362 1685 1962 1768">
    <p class='ocr_par' dir='ltr' id='par_1_23' title="bbox 362 1685 1962 1768">
     <span class='ocr_line' id='line_1_23' title="bbox 362 1685 1962 1768; baseline 0.008 -31"><span class='ocrx_word' id='word_1_154' title='bbox 362 1685 613 1757; x_wconf 81' lang='grc' dir='ltr'>θρώποις</span> <span class='ocrx_word' id='word_1_155' title='bbox 643 1691 956 1760; x_wconf 85' lang='grc' dir='ltr'>ἄγνωστον;</span> <span class='ocrx_word' id='word_1_156' title='bbox 994 1695 1060 1748; x_wconf 91' lang='grc' dir='ltr'><strong>Ὃ</strong></span> <span class='ocrx_word' id='word_1_157' title='bbox 1091 1693 1194 1749; x_wconf 84' lang='grc' dir='ltr'><strong>κᾶν</strong></span> <span class='ocrx_word' id='word_1_158' title='bbox 1232 1695 1261 1747; x_wconf 86' lang='grc' dir='ltr'>ὁ</span> <span class='ocrx_word' id='word_1_159' title='bbox 1307 1695 1486 1766; x_wconf 83' lang='grc' dir='ltr'>τυχὼν</span> <span class='ocrx_word' id='word_1_160' title='bbox 1523 1699 1697 1751; x_wconf 83' lang='grc' dir='ltr'>εἰπεῖν</span> <span class='ocrx_word' id='word_1_161' title='bbox 1729 1697 1962 1768; x_wconf 79' lang='grc' dir='ltr'>ἐδυνήθη</span> 
     </span>
    </p>
   </div>
   <div class='ocr_carea' id='block_1_24' title="bbox 365 1779 1965 1857">
    <p class='ocr_par' dir='ltr' id='par_1_24' title="bbox 365 1779 1965 1857">
     <span class='ocr_line' id='line_1_24' title="bbox 365 1779 1965 1857; baseline 0.008 -26"><span class='ocrx_word' id='word_1_162' title='bbox 365 1781 466 1833; x_wconf 79' lang='grc' dir='ltr'><strong>καὶ</strong></span> <span class='ocrx_word' id='word_1_163' title='bbox 497 1779 626 1850; x_wconf 78' lang='grc' dir='ltr'>περὶ</span> <span class='ocrx_word' id='word_1_164' title='bbox 649 1782 924 1852; x_wconf 84' lang='grc' dir='ltr'>τυχόντος·</span> <span class='ocrx_word' id='word_1_165' title='bbox 937 1785 1125 1854; x_wconf 82' lang='grc' dir='ltr'>Χωρὶς</span> <span class='ocrx_word' id='word_1_166' title='bbox 1147 1788 1336 1842; x_wconf 85' lang='grc' dir='ltr'>αὐτοῦ</span> <span class='ocrx_word' id='word_1_167' title='bbox 1355 1787 1592 1857; x_wconf 73' lang='grc' dir='ltr'>ἐγένετο</span> <span class='ocrx_word' id='word_1_168' title='bbox 1605 1787 1747 1843; x_wconf 79' lang='grc' dir='ltr'>οὐδὲ</span> <span class='ocrx_word' id='word_1_169' title='bbox 1761 1787 1831 1843; x_wconf 80' lang='grc' dir='ltr'><strong>ἐν</strong></span> <span class='ocrx_word' id='word_1_170' title='bbox 1845 1787 1965 1843; x_wconf 82' lang='grc' dir='ltr'><strong>τῶν</strong></span> 
     </span>
    </p>
   </div>
   <div class='ocr_carea' id='block_1_25' title="bbox 362 1858 2042 1951">
    <p class='ocr_par' dir='ltr' id='par_1_25' title="bbox 362 1858 2042 1951">
     <span class='ocr_line' id='line_1_25' title="bbox 362 1858 2042 1951; baseline 0.005 -27"><span class='ocrx_word' id='word_1_171' title='bbox 362 1870 444 1924; x_wconf 83' lang='grc' dir='ltr'>δι’</span> <span class='ocrx_word' id='word_1_172' title='bbox 473 1873 662 1948; x_wconf 72' lang='grc' dir='ltr'>αὐτοῦ</span> <span class='ocrx_word' id='word_1_173' title='bbox 691 1876 1042 1944; x_wconf 76' lang='grc' dir='ltr'>γεγονότων.</span> <span class='ocrx_word' id='word_1_174' title='bbox 1086 1878 1202 1942; x_wconf 82' lang='grc' dir='ltr'><strong>Πᾶς</strong></span> <span class='ocrx_word' id='word_1_175' title='bbox 1240 1881 1350 1950; x_wconf 86' lang='grc' dir='ltr'>γὰρ</span> <span class='ocrx_word' id='word_1_176' title='bbox 1397 1880 1647 1933; x_wconf 75' lang='grc' dir='ltr'>ὁστισοῦν</span> <span class='ocrx_word' id='word_1_177' title='bbox 1696 1881 1791 1933; x_wconf 73' lang='grc' dir='ltr'><strong>καὶ</strong></span> <span class='ocrx_word' id='word_1_178' title='bbox 1838 1880 1970 1951; x_wconf 75' lang='grc' dir='ltr'>περὶ</span> <span class='ocrx_word' id='word_1_179' title='bbox 2001 1858 2042 1912; x_wconf 72' lang='grc' dir='ltr'><strong><em>Β</em></strong></span> 
     </span>
    </p>
   </div>
   <div class='ocr_carea' id='block_1_26' title="bbox 365 1966 1970 2043">
    <p class='ocr_par' dir='ltr' id='par_1_26' title="bbox 365 1966 1970 2043">
     <span class='ocr_line' id='line_1_26' title="bbox 365 1966 1970 2043; baseline 0.006 -27"><span class='ocrx_word' id='word_1_180' title='bbox 365 1966 572 2028; x_wconf 83' lang='grc' dir='ltr'>παντὸς</span> <span class='ocrx_word' id='word_1_181' title='bbox 603 1966 763 2019; x_wconf 79' lang='grc' dir='ltr'>τοῦτο</span> <span class='ocrx_word' id='word_1_182' title='bbox 789 1968 922 2040; x_wconf 86' lang='grc' dir='ltr'>ὲρεῖ,</span> <span class='ocrx_word' id='word_1_183' title='bbox 953 1970 1186 2042; x_wconf 74' lang='grc' dir='ltr'>ἐπείπερ</span> <span class='ocrx_word' id='word_1_184' title='bbox 1214 1971 1373 2043; x_wconf 82' lang='grc' dir='ltr'>δῆλον</span> <span class='ocrx_word' id='word_1_185' title='bbox 1396 1971 1473 2036; x_wconf 85' lang='grc' dir='ltr'><strong>ὡς</strong></span> <span class='ocrx_word' id='word_1_186' title='bbox 1505 1973 1599 2026; x_wconf 80' lang='grc' dir='ltr'><strong>ὲπὶ</strong></span> <span class='ocrx_word' id='word_1_187' title='bbox 1628 1972 1830 2037; x_wconf 78' lang='grc' dir='ltr'>παντὸς</span> <span class='ocrx_word' id='word_1_188' title='bbox 1859 1972 1970 2026; x_wconf 85' lang='grc' dir='ltr'><strong>τῶν</strong></span> 
     </span>
    </p>
   </div>
   <div class='ocr_carea' id='block_1_27' title="bbox 363 2058 1966 2138">
    <p class='ocr_par' dir='ltr' id='par_1_27' title="bbox 363 2058 1966 2138">
     <span class='ocr_line' id='line_1_27' title="bbox 363 2058 1966 2138; baseline 0.006 -28"><span class='ocrx_word' id='word_1_189' title='bbox 363 2058 393 2110; x_wconf 83' lang='grc' dir='ltr'><strong>ὃ</strong></span> <span class='ocrx_word' id='word_1_190' title='bbox 420 2075 476 2110; x_wconf 86' lang='grc' dir='ltr'><strong>τι</strong></span> <span class='ocrx_word' id='word_1_191' title='bbox 510 2060 640 2111; x_wconf 81' lang='grc' dir='ltr'>ποτὲ</span> <span class='ocrx_word' id='word_1_192' title='bbox 687 2060 1172 2133; x_wconf 78' lang='grc' dir='ltr'>διαπραττομένων</span> <span class='ocrx_word' id='word_1_193' title='bbox 1205 2065 1306 2118; x_wconf 77' lang='grc' dir='ltr'><strong>οὐκ</strong></span> <span class='ocrx_word' id='word_1_194' title='bbox 1350 2065 1417 2119; x_wconf 86' lang='grc' dir='ltr'><strong>ἂν</strong></span> <span class='ocrx_word' id='word_1_195' title='bbox 1447 2065 1592 2120; x_wconf 87' lang='grc' dir='ltr'>είποι</span> <span class='ocrx_word' id='word_1_196' title='bbox 1624 2083 1708 2130; x_wconf 89' lang='grc' dir='ltr'><strong>τις</strong></span> <span class='ocrx_word' id='word_1_197' title='bbox 1743 2066 1966 2138; x_wconf 81' lang='grc' dir='ltr'>ἑτέρως,</span> 
     </span>
    </p>
   </div>
   <div class='ocr_carea' id='block_1_28' title="bbox 362 2151 1970 2229">
    <p class='ocr_par' dir='ltr' id='par_1_28' title="bbox 362 2151 1970 2229">
     <span class='ocr_line' id='line_1_28' title="bbox 362 2151 1970 2229; baseline 0.007 -27"><span class='ocrx_word' id='word_1_198' title='bbox 362 2151 399 2219; x_wconf 82' lang='grc' dir='ltr'><strong>ἢ</strong></span> <span class='ocrx_word' id='word_1_199' title='bbox 451 2152 533 2203; x_wconf 85' lang='grc' dir='ltr'>ὅτι</span> <span class='ocrx_word' id='word_1_200' title='bbox 602 2151 726 2206; x_wconf 73' lang='grc' dir='ltr'><strong>Τῶν·</strong></span> <span class='ocrx_word' id='word_1_201' title='bbox 765 2153 841 2206; x_wconf 84' lang='grc' dir='ltr'>δι’</span> <span class='ocrx_word' id='word_1_202' title='bbox 885 2155 1075 2210; x_wconf 84' lang='grc' dir='ltr'>αὐτοῦ</span> <span class='ocrx_word' id='word_1_203' title='bbox 1120 2157 1458 2227; x_wconf 76' lang='grc' dir='ltr'>γενομένων</span> <span class='ocrx_word' id='word_1_204' title='bbox 1520 2156 1702 2212; x_wconf 77' lang='grc' dir='ltr'>οὐδὲν</span> <span class='ocrx_word' id='word_1_205' title='bbox 1760 2157 1970 2229; x_wconf 78' lang='grc' dir='ltr'>γέγονε</span> 
     </span>
    </p>
   </div>
   <div class='ocr_carea' id='block_1_29' title="bbox 366 2238 1967 2318">
    <p class='ocr_par' dir='ltr' id='par_1_29' title="bbox 366 2238 1967 2318">
     <span class='ocr_line' id='line_1_29' title="bbox 366 2238 1967 2318; baseline 0.006 -25"><span class='ocrx_word' id='word_1_206' title='bbox 366 2242 556 2310; x_wconf 77' lang='grc' dir='ltr'>χωρὶς</span> <span class='ocrx_word' id='word_1_207' title='bbox 604 2238 818 2298; x_wconf 77' lang='grc' dir='ltr'>αὐτοῦ.</span> <span class='ocrx_word' id='word_1_208' title='bbox 877 2246 1035 2310; x_wconf 81' lang='grc' dir='ltr'>Τινὲς</span> <span class='ocrx_word' id='word_1_209' title='bbox 1090 2247 1148 2300; x_wconf 80' lang='grc' dir='ltr'>δὲ</span> <span class='ocrx_word' id='word_1_210' title='bbox 1203 2249 1407 2318; x_wconf 79' lang='grc' dir='ltr'>ἑτέρως</span> <span class='ocrx_word' id='word_1_211' title='bbox 1444 2249 1802 2318; x_wconf 85' lang='grc' dir='ltr'>ἀνέγνωσαν·</span> <span class='ocrx_word' id='word_1_212' title='bbox 1855 2251 1967 2306; x_wconf 81' lang='grc' dir='ltr'><strong>Καὶ</strong></span> 
     </span>
    </p>
   </div>
   <div class='ocr_carea' id='block_1_30' title="bbox 366 2333 1971 2414">
    <p class='ocr_par' dir='ltr' id='par_1_30' title="bbox 366 2333 1971 2414">
     <span class='ocr_line' id='line_1_30' title="bbox 366 2333 1971 2414; baseline 0.009 -30"><span class='ocrx_word' id='word_1_213' title='bbox 366 2333 554 2401; x_wconf 78' lang='grc' dir='ltr'>χωρὶς</span> <span class='ocrx_word' id='word_1_214' title='bbox 585 2335 772 2390; x_wconf 84' lang='grc' dir='ltr'>αὐτοῦ</span> <span class='ocrx_word' id='word_1_215' title='bbox 804 2337 1041 2407; x_wconf 78' lang='grc' dir='ltr'>ἐγένετο</span> <span class='ocrx_word' id='word_1_216' title='bbox 1071 2339 1215 2394; x_wconf 81' lang='grc' dir='ltr'>οὐδὲ</span> <span class='ocrx_word' id='word_1_217' title='bbox 1258 2340 1330 2394; x_wconf 76' lang='grc' dir='ltr'><strong>ἓν</strong></span> <span class='ocrx_word' id='word_1_218' title='bbox 1356 2358 1368 2372; x_wconf 75' lang='grc'><strong><em>⁸</em></strong></span> <span class='ocrx_word' id='word_1_219' title='bbox 1425 2336 1545 2396; x_wconf 76' lang='grc' dir='ltr'>εἶτα</span> <span class='ocrx_word' id='word_1_220' title='bbox 1564 2357 1577 2370; x_wconf 87' lang='grc'><strong>·</strong></span> <span class='ocrx_word' id='word_1_221' title='bbox 1625 2343 1695 2395; x_wconf 88' lang='grc' dir='ltr'>Ὅ</span> <span class='ocrx_word' id='word_1_222' title='bbox 1723 2344 1971 2414; x_wconf 70' lang='grc' dir='ltr'>γέγονεν</span> 
     </span>
    </p>
   </div>
   <div class='ocr_carea' id='block_1_31' title="bbox 365 2424 1966 2506">
    <p class='ocr_par' dir='ltr' id='par_1_31' title="bbox 365 2424 1966 2506">
     <span class='ocr_line' id='line_1_31' title="bbox 365 2424 1966 2506; baseline 0.008 -29"><span class='ocrx_word' id='word_1_223' title='bbox 365 2425 442 2477; x_wconf 76' lang='grc' dir='ltr'><strong>ἐν</strong></span> <span class='ocrx_word' id='word_1_224' title='bbox 472 2425 633 2491; x_wconf 82' lang='grc' dir='ltr'>αὐτῷ</span> <span class='ocrx_word' id='word_1_225' title='bbox 663 2426 776 2498; x_wconf 75' lang='grc' dir='ltr'><strong>ζωὴ</strong></span> <span class='ocrx_word' id='word_1_226' title='bbox 811 2424 889 2499; x_wconf 85' lang='grc' dir='ltr'><strong>ἦν</strong></span> <span class='ocrx_word' id='word_1_227' title='bbox 913 2448 925 2460; x_wconf 91' lang='grc'><strong>·</strong></span> <span class='ocrx_word' id='word_1_228' title='bbox 973 2430 1144 2485; x_wconf 79' lang='grc' dir='ltr'>πολλὰ</span> <span class='ocrx_word' id='word_1_229' title='bbox 1178 2432 1287 2504; x_wconf 79' lang='grc' dir='ltr'>γὰρ</span> <span class='ocrx_word' id='word_1_230' title='bbox 1317 2433 1565 2504; x_wconf 79' lang='grc' dir='ltr'>ἀμέτοχα</span> <span class='ocrx_word' id='word_1_231' title='bbox 1608 2432 1755 2506; x_wconf 79' lang='grc' dir='ltr'>ζωῆς</span> <span class='ocrx_word' id='word_1_232' title='bbox 1797 2437 1966 2502; x_wconf 83' lang='grc' dir='ltr'>ἐστιν,</span> 
     </span>
    </p>
   </div>
   <div class='ocr_carea' id='block_1_32' title="bbox 364 2517 1969 2596">
    <p class='ocr_par' dir='ltr' id='par_1_32' title="bbox 364 2517 1969 2596">
     <span class='ocr_line' id='line_1_32' title="bbox 364 2517 1969 2596; baseline 0.009 -28"><span class='ocrx_word' id='word_1_233' title='bbox 364 2517 448 2579; x_wconf 83' lang='grc' dir='ltr'>ὡς</span> <span class='ocrx_word' id='word_1_234' title='bbox 483 2517 556 2587; x_wconf 82' lang='grc' dir='ltr'>γῆ</span> <span class='ocrx_word' id='word_1_235' title='bbox 588 2521 680 2572; x_wconf 68' lang='grc' dir='ltr'>καὶ</span> <span class='ocrx_word' id='word_1_236' title='bbox 709 2518 832 2590; x_wconf 80' lang='grc' dir='ltr'>ὅρη.</span> <span class='ocrx_word' id='word_1_237' title='bbox 867 2519 1055 2576; x_wconf 81' lang='grc' dir='ltr'>Ἔστιν</span> <span class='ocrx_word' id='word_1_238' title='bbox 1087 2518 1180 2576; x_wconf 76' lang='grc' dir='ltr'><strong>οὖν</strong></span> <span class='ocrx_word' id='word_1_239' title='bbox 1219 2523 1394 2596; x_wconf 85' lang='grc' dir='ltr'>πλοκὴ</span> <span class='ocrx_word' id='word_1_240' title='bbox 1423 2525 1518 2580; x_wconf 79' lang='grc' dir='ltr'><strong>καὶ</strong></span> <span class='ocrx_word' id='word_1_241' title='bbox 1548 2523 1843 2595; x_wconf 80' lang='grc' dir='ltr'>βεϐαίωσις</span> <span class='ocrx_word' id='word_1_242' title='bbox 1875 2527 1969 2582; x_wconf 84' lang='grc' dir='ltr'><strong>τοῦ</strong></span> 
     </span>
    </p>
   </div>
   <div class='ocr_carea' id='block_1_33' title="bbox 365 2607 1972 2690">
    <p class='ocr_par' dir='ltr' id='par_1_33' title="bbox 365 2607 1972 2690">
     <span class='ocr_line' id='line_1_33' title="bbox 365 2607 1972 2690; baseline 0.005 -28"><span class='ocrx_word' id='word_1_243' title='bbox 365 2610 642 2682; x_wconf 83' lang='grc' dir='ltr'>προτέρου</span> <span class='ocrx_word' id='word_1_244' title='bbox 683 2628 695 2643; x_wconf 90' lang='grc'><strong>·</strong></span> <span class='ocrx_word' id='word_1_245' title='bbox 752 2607 873 2667; x_wconf 76' lang='grc' dir='ltr'>εἶτα</span> <span class='ocrx_word' id='word_1_246' title='bbox 913 2615 1007 2668; x_wconf 75' lang='grc' dir='ltr'><strong>καὶ</strong></span> <span class='ocrx_word' id='word_1_247' title='bbox 1048 2617 1081 2686; x_wconf 84' lang='grc' dir='ltr'>ἡ</span> <span class='ocrx_word' id='word_1_248' title='bbox 1129 2617 1418 2687; x_wconf 85' lang='grc' dir='ltr'>σαφήνεια.</span> <span class='ocrx_word' id='word_1_249' title='bbox 1468 2616 1658 2672; x_wconf 84' lang='grc' dir='ltr'>Εἰπὼν</span> <span class='ocrx_word' id='word_1_250' title='bbox 1699 2617 1832 2690; x_wconf 79' lang='grc' dir='ltr'>γὰρ,</span> <span class='ocrx_word' id='word_1_251' title='bbox 1887 2619 1972 2672; x_wconf 84' lang='grc' dir='ltr'><strong>ὅτι</strong></span> 
     </span>
    </p>
   </div>
   <div class='ocr_carea' id='block_1_34' title="bbox 366 2701 1972 2780">
    <p class='ocr_par' dir='ltr' id='par_1_34' title="bbox 366 2701 1972 2780">
     <span class='ocr_line' id='line_1_34' title="bbox 366 2701 1972 2780; baseline 0.006 -26"><span class='ocrx_word' id='word_1_252' title='bbox 366 2701 579 2757; x_wconf 78' lang='grc' dir='ltr'><em>Πάντα</em></span> <span class='ocrx_word' id='word_1_253' title='bbox 633 2703 707 2756; x_wconf 77' lang='grc' dir='ltr'>δι’</span> <span class='ocrx_word' id='word_1_254' title='bbox 755 2705 942 2759; x_wconf 82' lang='grc' dir='ltr'>αὑτοῦ</span> <span class='ocrx_word' id='word_1_255' title='bbox 995 2707 1259 2776; x_wconf 75' lang='grc' dir='ltr'>ἐγένετο,</span> <span class='ocrx_word' id='word_1_256' title='bbox 1309 2709 1576 2780; x_wconf 78' lang='grc' dir='ltr'>ὲπήγαγε³</span> <span class='ocrx_word' id='word_1_257' title='bbox 1631 2710 1740 2764; x_wconf 82' lang='grc' dir='ltr'><strong>Καὶ</strong></span> <span class='ocrx_word' id='word_1_258' title='bbox 1791 2712 1972 2780; x_wconf 82' lang='grc' dir='ltr'>χωρὶς</span> 
     </span>
    </p>
   </div>
   <div class='ocr_carea' id='block_1_35' title="bbox 363 2794 1972 2873">
    <p class='ocr_par' dir='ltr' id='par_1_35' title="bbox 363 2794 1972 2873">
     <span class='ocr_line' id='line_1_35' title="bbox 363 2794 1972 2873; baseline 0.007 -27"><span class='ocrx_word' id='word_1_259' title='bbox 363 2794 560 2847; x_wconf 81' lang='grc' dir='ltr'>αὐτοῦ</span> <span class='ocrx_word' id='word_1_260' title='bbox 603 2795 745 2850; x_wconf 83' lang='grc' dir='ltr'>οὐδὲ</span> <span class='ocrx_word' id='word_1_261' title='bbox 781 2795 850 2850; x_wconf 78' lang='grc' dir='ltr'><strong>ἓν</strong></span> <span class='ocrx_word' id='word_1_262' title='bbox 885 2796 915 2851; x_wconf 86' lang='grc' dir='ltr'>ὃ</span> <span class='ocrx_word' id='word_1_263' title='bbox 942 2798 1210 2870; x_wconf 71' lang='grc' dir='ltr'>γέγονεν,</span> <span class='ocrx_word' id='word_1_264' title='bbox 1251 2800 1500 2854; x_wconf 86' lang='grc' dir='ltr'>τουτέστι</span> <span class='ocrx_word' id='word_1_265' title='bbox 1544 2802 1641 2856; x_wconf 79' lang='grc' dir='ltr'>καὶ</span> <span class='ocrx_word' id='word_1_266' title='bbox 1687 2804 1972 2873; x_wconf 86' lang='grc' dir='ltr'>συντόμως</span> 
     </span>
    </p>
   </div>
   <div class='ocr_carea' id='block_1_36' title="bbox 365 2886 1968 2968">
    <p class='ocr_par' dir='ltr' id='par_1_36' title="bbox 365 2886 1968 2968">
     <span class='ocr_line' id='line_1_36' title="bbox 365 2886 1968 2968; baseline 0.008 -30"><span class='ocrx_word' id='word_1_267' title='bbox 365 2886 568 2951; x_wconf 79' lang='grc' dir='ltr'>εἰπεῖν,</span> <span class='ocrx_word' id='word_1_268' title='bbox 615 2886 781 2940; x_wconf 81' lang='grc' dir='ltr'>Οὐδὲν</span> <span class='ocrx_word' id='word_1_269' title='bbox 814 2888 923 2943; x_wconf 83' lang='grc' dir='ltr'><strong>τῶν</strong></span> <span class='ocrx_word' id='word_1_270' title='bbox 954 2891 1260 2958; x_wconf 84' lang='grc' dir='ltr'>γεγονότων</span> <span class='ocrx_word' id='word_1_271' title='bbox 1289 2892 1418 2947; x_wconf 76' lang='grc' dir='ltr'>ἄνευ</span> <span class='ocrx_word' id='word_1_272' title='bbox 1453 2895 1622 2948; x_wconf 77' lang='grc' dir='ltr'>αὐτοῦ</span> <span class='ocrx_word' id='word_1_273' title='bbox 1653 2897 1968 2968; x_wconf 86' lang='grc' dir='ltr'>γεγένηται,</span> 
     </span>
    </p>
   </div>
   <div class='ocr_carea' id='block_1_37' title="bbox 371 2976 1974 3058">
    <p class='ocr_par' dir='ltr' id='par_1_37' title="bbox 371 2976 1974 3058">
     <span class='ocr_line' id='line_1_37' title="bbox 371 2976 1974 3058; baseline 0.009 -30"><span class='ocrx_word' id='word_1_274' title='bbox 371 2976 542 3047; x_wconf 85' lang='grc' dir='ltr'>μόνου</span> <span class='ocrx_word' id='word_1_275' title='bbox 567 2977 661 3030; x_wconf 80' lang='grc' dir='ltr'>τοῦ</span> <span class='ocrx_word' id='word_1_276' title='bbox 691 2979 904 3050; x_wconf 82' lang='grc' dir='ltr'>Πατρδς</span> <span class='ocrx_word' id='word_1_277' title='bbox 936 2981 1180 3056; x_wconf 81' lang='grc' dir='ltr'>ὑπεξῃρη</span> <span class='ocrx_word' id='word_1_278' title='bbox 1191 2984 1352 3054; x_wconf 87' lang='grc' dir='ltr'>μένου</span> <span class='ocrx_word' id='word_1_279' title='bbox 1378 2986 1478 3056; x_wconf 83' lang='grc' dir='ltr'>τῆς</span> <span class='ocrx_word' id='word_1_280' title='bbox 1503 2987 1668 3040; x_wconf 79' lang='grc' dir='ltr'>αὐτοῦ</span> <span class='ocrx_word' id='word_1_281' title='bbox 1703 2990 1974 3058; x_wconf 83' lang='grc' dir='ltr'>ποιήσεως</span> 
     </span>
    </p>
   </div>
   <div class='ocr_carea' id='block_1_38' title="bbox 367 3067 1972 3148">
    <p class='ocr_par' dir='ltr' id='par_1_38' title="bbox 367 3067 1972 3148">
     <span class='ocr_line' id='line_1_38' title="bbox 367 3067 1972 3148; baseline 0.007 -28"><span class='ocrx_word' id='word_1_282' title='bbox 367 3069 476 3122; x_wconf 80' lang='grc' dir='ltr'><strong>σὺν</strong></span> <span class='ocrx_word' id='word_1_283' title='bbox 508 3067 586 3138; x_wconf 77' lang='grc' dir='ltr'>τῷ</span> <span class='ocrx_word' id='word_1_284' title='bbox 617 3071 756 3140; x_wconf 83' lang='grc' dir='ltr'>ἁγίῳ</span> <span class='ocrx_word' id='word_1_285' title='bbox 787 3071 1085 3144; x_wconf 83' lang='grc' dir='ltr'>Πνεύματι,</span> <span class='ocrx_word' id='word_1_286' title='bbox 1122 3075 1421 3148; x_wconf 80' lang='grc' dir='ltr'>ἐπειδήπερ</span> <span class='ocrx_word' id='word_1_287' title='bbox 1447 3079 1536 3130; x_wconf 72' lang='grc' dir='ltr'><strong>ἀεὶ</strong></span> <span class='ocrx_word' id='word_1_288' title='bbox 1565 3079 1740 3132; x_wconf 88' lang='grc' dir='ltr'>συνὼν</span> <span class='ocrx_word' id='word_1_289' title='bbox 1767 3081 1972 3144; x_wconf 81' lang='grc' dir='ltr'>αὐτοῖς,</span> 
     </span>
    </p>
   </div>
   <div class='ocr_carea' id='block_1_39' title="bbox 366 3157 2041 3271">
    <p class='ocr_par' dir='ltr' id='par_1_39' title="bbox 366 3157 2041 3271">
     <span class='ocr_line' id='line_1_39' title="bbox 366 3157 2041 3271; baseline 0.01 -62"><span class='ocrx_word' id='word_1_290' title='bbox 366 3157 606 3222; x_wconf 83' lang='grc' dir='ltr'>είκότως</span> <span class='ocrx_word' id='word_1_291' title='bbox 651 3162 744 3214; x_wconf 72' lang='grc' dir='ltr'>καὶ</span> <span class='ocrx_word' id='word_1_292' title='bbox 790 3163 932 3216; x_wconf 76' lang='grc' dir='ltr'>κατὰ</span> <span class='ocrx_word' id='word_1_293' title='bbox 973 3165 1072 3234; x_wconf 85' lang='grc' dir='ltr'><strong>τὴν</strong></span> <span class='ocrx_word' id='word_1_294' title='bbox 1098 3165 1208 3220; x_wconf 83' lang='grc' dir='ltr'>τῶν</span> <span class='ocrx_word' id='word_1_295' title='bbox 1235 3165 1371 3221; x_wconf 80' lang='grc' dir='ltr'>ὅλων</span> <span class='ocrx_word' id='word_1_296' title='bbox 1395 3167 1756 3240; x_wconf 84' lang='grc' dir='ltr'>δημιουργίαν</span> <span class='ocrx_word' id='word_1_297' title='bbox 1786 3173 1971 3237; x_wconf 86' lang='grc' dir='ltr'>αὐτοῖς</span> <span class='ocrx_word' id='word_1_298' title='bbox 1998 3213 2041 3271; x_wconf 76' lang='lat' dir='ltr'><strong><em>C</em></strong></span> 
     </span>
    </p>
   </div>
   <div class='ocr_carea' id='block_1_40' title="bbox 367 3249 767 3320">
    <p class='ocr_par' dir='ltr' id='par_1_40' title="bbox 367 3249 767 3320">
     <span class='ocr_line' id='line_1_40' title="bbox 367 3249 767 3320; baseline 0.005 -17"><span class='ocrx_word' id='word_1_299' title='bbox 367 3249 767 3320; x_wconf 83' lang='grc' dir='ltr'>κεκοινώνηκε.</span> 
     </span>
    </p>
   </div>
   <div class='ocr_carea' id='block_1_41' title="bbox 448 3340 1972 3426">
    <p class='ocr_par' dir='ltr' id='par_1_41' title="bbox 448 3340 1972 3426">
     <span class='ocr_line' id='line_1_41' title="bbox 448 3340 1972 3426; baseline 0.009 -31"><span class='ocrx_word' id='word_1_300' title='bbox 448 3343 620 3397; x_wconf 83' lang='grc' dir='ltr'>Τοῦτο</span> <span class='ocrx_word' id='word_1_301' title='bbox 659 3340 814 3400; x_wconf 75' lang='grc' dir='ltr'>εἶπεν</span> <span class='ocrx_word' id='word_1_302' title='bbox 853 3347 928 3418; x_wconf 77' lang='grc'><strong>(2)</strong></span> <span class='ocrx_word' id='word_1_303' title='bbox 963 3347 1051 3403; x_wconf 79' lang='grc' dir='ltr'>διὰ</span> <span class='ocrx_word' id='word_1_304' title='bbox 1082 3348 1300 3404; x_wconf 86' lang='grc' dir='ltr'>πάντων</span> <span class='ocrx_word' id='word_1_305' title='bbox 1341 3349 1627 3423; x_wconf 76' lang='grc' dir='ltr'>βουληθεὶς</span> <span class='ocrx_word' id='word_1_306' title='bbox 1662 3352 1837 3419; x_wconf 80' lang='grc' dir='ltr'>δεῖξαι</span> <span class='ocrx_word' id='word_1_307' title='bbox 1872 3353 1972 3426; x_wconf 73' lang='lat'><strong>(3),</strong></span> 
     </span>
    </p>
   </div>
   <div class='ocr_carea' id='block_1_42' title="bbox 367 3432 1973 3518">
    <p class='ocr_par' dir='ltr' id='par_1_42' title="bbox 367 3432 1973 3518">
     <span class='ocr_line' id='line_1_42' title="bbox 367 3432 1973 3518; baseline 0.006 -26"><span class='ocrx_word' id='word_1_308' title='bbox 367 3441 461 3492; x_wconf 81' lang='grc' dir='ltr'><strong>ὅτι</strong></span> <span class='ocrx_word' id='word_1_309' title='bbox 493 3432 647 3502; x_wconf 71' lang='grc' dir='ltr'>οὗτος</span> <span class='ocrx_word' id='word_1_310' title='bbox 677 3439 764 3492; x_wconf 81' lang='grc' dir='ltr'>ἀεὶ</span> <span class='ocrx_word' id='word_1_311' title='bbox 793 3440 958 3511; x_wconf 84' lang='grc' dir='ltr'>συνῆν</span> <span class='ocrx_word' id='word_1_312' title='bbox 996 3439 1074 3512; x_wconf 83' lang='grc' dir='ltr'>τῷ</span> <span class='ocrx_word' id='word_1_313' title='bbox 1106 3443 1305 3513; x_wconf 73' lang='grc' dir='ltr'>Πατρὶ,</span> <span class='ocrx_word' id='word_1_314' title='bbox 1339 3443 1415 3508; x_wconf 86' lang='grc' dir='ltr'>ὡς</span> <span class='ocrx_word' id='word_1_315' title='bbox 1442 3445 1626 3514; x_wconf 79' lang='grc' dir='ltr'>ὅμοιος</span> <span class='ocrx_word' id='word_1_316' title='bbox 1661 3446 1760 3518; x_wconf 80' lang='grc' dir='ltr'><strong>τὴν</strong></span> <span class='ocrx_word' id='word_1_317' title='bbox 1789 3446 1973 3515; x_wconf 80' lang='grc' dir='ltr'>φύσιν,</span> 
     </span>
    </p>
   </div>
   <div class='ocr_carea' id='block_1_43' title="bbox 368 3532 1973 3609">
    <p class='ocr_par' dir='ltr' id='par_1_43' title="bbox 368 3532 1973 3609">
     <span class='ocr_line' id='line_1_43' title="bbox 368 3532 1973 3609; baseline 0.006 -25"><span class='ocrx_word' id='word_1_318' title='bbox 368 3532 455 3596; x_wconf 85' lang='grc' dir='ltr'>ὡς</span> <span class='ocrx_word' id='word_1_319' title='bbox 500 3532 754 3596; x_wconf 87' lang='grc' dir='ltr'>κοινωνὸς</span> <span class='ocrx_word' id='word_1_320' title='bbox 800 3533 900 3604; x_wconf 85' lang='grc' dir='ltr'>τῆς</span> <span class='ocrx_word' id='word_1_321' title='bbox 944 3533 1330 3605; x_wconf 81' lang='grc' dir='ltr'>δημιουργίας,</span> <span class='ocrx_word' id='word_1_322' title='bbox 1367 3537 1442 3601; x_wconf 79' lang='grc' dir='ltr'><strong>ὡς</strong></span> <span class='ocrx_word' id='word_1_323' title='bbox 1491 3536 1668 3592; x_wconf 88' lang='grc' dir='ltr'>συνὼν</span> <span class='ocrx_word' id='word_1_324' title='bbox 1719 3538 1821 3609; x_wconf 81' lang='grc' dir='ltr'><strong>μὲν</strong></span> <span class='ocrx_word' id='word_1_325' title='bbox 1863 3541 1973 3604; x_wconf 73' lang='grc' dir='ltr'>ἀεὶ,</span> 
     </span>
    </p>
   </div>
   <div class='ocr_carea' id='block_1_44' title="bbox 371 3623 1977 3703">
    <p class='ocr_par' dir='ltr' id='par_1_44' title="bbox 371 3623 1977 3703">
     <span class='ocr_line' id='line_1_44' title="bbox 371 3623 1977 3703; baseline 0.006 -27"><span class='ocrx_word' id='word_1_326' title='bbox 371 3623 860 3695; x_wconf 84' lang='grc' dir='ltr'>συνεργασάμενος</span> <span class='ocrx_word' id='word_1_327' title='bbox 886 3624 943 3678; x_wconf 83' lang='grc' dir='ltr'>δὲ</span> <span class='ocrx_word' id='word_1_328' title='bbox 969 3627 1058 3680; x_wconf 85' lang='grc' dir='ltr'>ὅτε</span> <span class='ocrx_word' id='word_1_329' title='bbox 1091 3626 1197 3680; x_wconf 82' lang='grc' dir='ltr'>ἔδει</span> <span class='ocrx_word' id='word_1_330' title='bbox 1222 3628 1477 3696; x_wconf 83' lang='grc' dir='ltr'>γενέσθαι</span> <span class='ocrx_word' id='word_1_331' title='bbox 1504 3629 1572 3685; x_wconf 78' lang='grc' dir='ltr'>τὰ</span> <span class='ocrx_word' id='word_1_332' title='bbox 1602 3631 1751 3686; x_wconf 71' lang='grc' dir='ltr'>ὄντα.</span> <span class='ocrx_word' id='word_1_333' title='bbox 1782 3632 1977 3703; x_wconf 84' lang='grc' dir='ltr'>Σαφῶς</span> 
     </span>
    </p>
   </div>
   <div class='ocr_carea' id='block_1_45' title="bbox 368 3716 1977 3788">
    <p class='ocr_par' dir='ltr' id='par_1_45' title="bbox 368 3716 1977 3788">
     <span class='ocr_line' id='line_1_45' title="bbox 368 3716 1977 3788; baseline 0.005 -16"><span class='ocrx_word' id='word_1_334' title='bbox 368 3719 434 3772; x_wconf 85' lang='grc' dir='ltr'>δὲ</span> <span class='ocrx_word' id='word_1_335' title='bbox 479 3716 702 3785; x_wconf 74' lang='grc' dir='ltr'>ἔδειξεν,</span> <span class='ocrx_word' id='word_1_336' title='bbox 748 3718 834 3772; x_wconf 84' lang='grc' dir='ltr'><strong>ὅτι</strong></span> <span class='ocrx_word' id='word_1_337' title='bbox 869 3717 950 3786; x_wconf 85' lang='grc' dir='ltr'><strong>τὸ,</strong></span> <span class='ocrx_word' id='word_1_338' title='bbox 1003 3719 1077 3772; x_wconf 83' lang='grc' dir='ltr'>δι’</span> <span class='ocrx_word' id='word_1_339' title='bbox 1118 3721 1328 3787; x_wconf 82' lang='grc' dir='ltr'>αὐτοῦ,</span> <span class='ocrx_word' id='word_1_340' title='bbox 1377 3723 1436 3776; x_wconf 78' lang='grc' dir='ltr'>οὒ</span> <span class='ocrx_word' id='word_1_341' title='bbox 1477 3723 1755 3788; x_wconf 78' lang='grc' dir='ltr'>διακονίας</span> <span class='ocrx_word' id='word_1_342' title='bbox 1791 3726 1977 3780; x_wconf 77' lang='grc' dir='ltr'>ἕνεκεν</span> 
     </span>
    </p>
   </div>
   <div class='ocr_carea' id='block_1_46' title="bbox 370 3812 1977 3890">
    <p class='ocr_par' dir='ltr' id='par_1_46' title="bbox 370 3812 1977 3890">
     <span class='ocr_line' id='line_1_46' title="bbox 370 3812 1977 3890; baseline 0.002 -21"><span class='ocrx_word' id='word_1_343' title='bbox 370 3812 532 3883; x_wconf 80' lang='grc' dir='ltr'>αὐτῷ</span> <span class='ocrx_word' id='word_1_344' title='bbox 564 3814 759 3877; x_wconf 85' lang='grc' dir='ltr'>κεῖται,</span> <span class='ocrx_word' id='word_1_345' title='bbox 791 3812 928 3866; x_wconf 75' lang='grc' dir='ltr'>ἀλλὰ</span> <span class='ocrx_word' id='word_1_346' title='bbox 949 3815 1267 3884; x_wconf 89' lang='grc' dir='ltr'>συνεργείας</span> <span class='ocrx_word' id='word_1_347' title='bbox 1292 3832 1307 3847; x_wconf 80' lang='lat'><strong><em>°</em></strong></span> <span class='ocrx_word' id='word_1_348' title='bbox 1356 3817 1450 3870; x_wconf 73' lang='grc' dir='ltr'><strong>καὶ</strong></span> <span class='ocrx_word' id='word_1_349' title='bbox 1475 3817 1567 3871; x_wconf 82' lang='grc' dir='ltr'>τοῦ</span> <span class='ocrx_word' id='word_1_350' title='bbox 1607 3818 1774 3890; x_wconf 84' lang='grc' dir='ltr'>μηδὲν</span> <span class='ocrx_word' id='word_1_351' title='bbox 1805 3819 1977 3890; x_wconf 84' lang='grc' dir='ltr'>ὑφεξ-</span> 
     </span>
    </p>
   </div>
   <div class='ocr_carea' id='block_1_47' title="bbox 371 3904 1981 3980">
    <p class='ocr_par' dir='ltr' id='par_1_47' title="bbox 371 3904 1981 3980">
     <span class='ocr_line' id='line_1_47' title="bbox 371 3904 1981 3980; baseline 0.002 -19"><span class='ocrx_word' id='word_1_352' title='bbox 371 3904 656 3977; x_wconf 84' lang='grc' dir='ltr'>αιρεῖσθαι</span> <span class='ocrx_word' id='word_1_353' title='bbox 703 3905 802 3976; x_wconf 79' lang='grc' dir='ltr'>τῆς</span> <span class='ocrx_word' id='word_1_354' title='bbox 853 3905 1019 3959; x_wconf 81' lang='grc' dir='ltr'>αὑτοῦ</span> <span class='ocrx_word' id='word_1_355' title='bbox 1072 3909 1346 3978; x_wconf 86' lang='grc' dir='ltr'>ποιήσεως</span> <span class='ocrx_word' id='word_1_356' title='bbox 1387 3908 1496 3962; x_wconf 85' lang='grc' dir='ltr'><strong>τῶν</strong></span> <span class='ocrx_word' id='word_1_357' title='bbox 1558 3910 1886 3980; x_wconf 85' lang='grc' dir='ltr'>γεγονότων,</span> <span class='ocrx_word' id='word_1_358' title='bbox 1918 3912 1981 3964; x_wconf 79' lang='grc' dir='ltr'><strong>τὸ</strong></span> 
     </span>
    </p>
   </div>
   <div class='ocr_carea' id='block_1_48' title="bbox 371 3998 1978 4072">
    <p class='ocr_par' dir='ltr' id='par_1_48' title="bbox 371 3998 1978 4072">
     <span class='ocr_line' id='line_1_48' title="bbox 371 3998 1978 4072; baseline 0.003 -20"><span class='ocrx_word' id='word_1_359' title='bbox 371 4000 688 4067; x_wconf 75' lang='grc' dir='ltr'>ἐπαγαγεῖν</span> <span class='ocrx_word' id='word_1_360' title='bbox 711 4012 723 4026; x_wconf 91' lang='grc'><strong>·</strong></span> <span class='ocrx_word' id='word_1_361' title='bbox 769 3998 880 4052; x_wconf 83' lang='lat' dir='ltr'><strong>Kal</strong></span> <span class='ocrx_word' id='word_1_362' title='bbox 923 3999 1105 4067; x_wconf 77' lang='grc' dir='ltr'>χωρὶς</span> <span class='ocrx_word' id='word_1_363' title='bbox 1143 4001 1330 4055; x_wconf 82' lang='grc' dir='ltr'>αὐτοῦ</span> <span class='ocrx_word' id='word_1_364' title='bbox 1371 4001 1609 4071; x_wconf 75' lang='grc' dir='ltr'>ἐγένετο</span> <span class='ocrx_word' id='word_1_365' title='bbox 1642 4002 1787 4057; x_wconf 79' lang='grc' dir='ltr'>οὐδὲ</span> <span class='ocrx_word' id='word_1_366' title='bbox 1826 4001 1917 4072; x_wconf 73' lang='grc' dir='ltr'><strong>ἐν,</strong></span> <span class='ocrx_word' id='word_1_367' title='bbox 1947 4002 1978 4056; x_wconf 84' lang='grc' dir='ltr'><em>ὃ</em></span> 
     </span>
    </p>
   </div>
   <div class='ocr_carea' id='block_1_49' title="bbox 373 4091 763 4163">
    <p class='ocr_par' dir='ltr' id='par_1_49' title="bbox 373 4091 763 4163">
     <span class='ocr_line' id='line_1_49' title="bbox 373 4091 763 4163; baseline 0.003 -1"><span class='ocrx_word' id='word_1_368' title='bbox 373 4091 634 4162; x_wconf 74' lang='grc' dir='ltr'>γέγονεν</span> <span class='ocrx_word' id='word_1_369' title='bbox 663 4091 763 4163; x_wconf 68' lang='grc' dir='ltr'>(ιι)-</span> 
     </span>
    </p>
   </div>
   <div class='ocr_carea' id='block_1_50' title="bbox 452 4179 1978 4254">
    <p class='ocr_par' dir='ltr' id='par_1_50' title="bbox 452 4179 1978 4254">
     <span class='ocr_line' id='line_1_50' title="bbox 452 4179 1978 4254; baseline 0.002 -20"><span class='ocrx_word' id='word_1_370' title='bbox 452 4181 602 4252; x_wconf 83' lang='grc' dir='ltr'>Στίχ.</span> <span class='ocrx_word' id='word_1_371' title='bbox 640 4181 702 4234; x_wconf 87' lang='grc' dir='ltr'>δ’.</span> <span class='ocrx_word' id='word_1_372' title='bbox 752 4211 820 4222; x_wconf 92' lang='lat'><strong>--</strong></span> <span class='ocrx_word' id='word_1_373' title='bbox 863 4180 969 4236; x_wconf 75' lang='grc' dir='ltr'><em>Ἐν</em></span> <span class='ocrx_word' id='word_1_374' title='bbox 1003 4181 1080 4253; x_wconf 81' lang='lat'><strong>(5)</strong></span> <span class='ocrx_word' id='word_1_375' title='bbox 1135 4181 1298 4248; x_wconf 80' lang='grc' dir='ltr'><strong>αὐτῷ</strong></span> <span class='ocrx_word' id='word_1_376' title='bbox 1341 4181 1453 4252; x_wconf 74' lang='grc' dir='ltr'><strong>ζωὴ</strong></span> <span class='ocrx_word' id='word_1_377' title='bbox 1506 4179 1618 4254; x_wconf 77' lang='grc' dir='ltr'><strong>ἦν·</strong></span> <span class='ocrx_word' id='word_1_378' title='bbox 1675 4184 1796 4238; x_wconf 75' lang='grc' dir='ltr'>ἀντὶ</span> <span class='ocrx_word' id='word_1_379' title='bbox 1844 4183 1978 4250; x_wconf 77' lang='grc' dir='ltr'>τοῦ,</span> 
     </span>
    </p>
   </div>
   <div class='ocr_carea' id='block_1_51' title="bbox 375 4272 1981 4346">
    <p class='ocr_par' dir='ltr' id='par_1_51' title="bbox 375 4272 1981 4346">
     <span class='ocr_line' id='line_1_51' title="bbox 375 4272 1981 4346; baseline 0 -18"><span class='ocrx_word' id='word_1_380' title='bbox 375 4273 630 4344; x_wconf 80' lang='grc' dir='ltr'>Πηγάζει</span> <span class='ocrx_word' id='word_1_381' title='bbox 659 4272 758 4345; x_wconf 85' lang='grc' dir='ltr'>τὴν</span> <span class='ocrx_word' id='word_1_382' title='bbox 809 4272 1048 4344; x_wconf 81' lang='grc' dir='ltr'>ζωτικὴν</span> <span class='ocrx_word' id='word_1_383' title='bbox 1082 4273 1335 4345; x_wconf 84' lang='grc' dir='ltr'>δύναμιν,</span> <span class='ocrx_word' id='word_1_384' title='bbox 1379 4275 1456 4339; x_wconf 85' lang='grc' dir='ltr'>ὡς</span> <span class='ocrx_word' id='word_1_385' title='bbox 1493 4275 1568 4346; x_wconf 84' lang='grc' dir='ltr'>μὴ</span> <span class='ocrx_word' id='word_1_386' title='bbox 1624 4276 1786 4346; x_wconf 88' lang='grc' dir='ltr'>μόνον</span> <span class='ocrx_word' id='word_1_387' title='bbox 1818 4275 1981 4328; x_wconf 69' lang='grc' dir='ltr'>αὐτὸν</span> 
     </span>
    </p>
   </div>
   <div class='ocr_carea' id='block_1_52' title="bbox 375 4363 1980 4439">
    <p class='ocr_par' dir='ltr' id='par_1_52' title="bbox 375 4363 1980 4439">
     <span class='ocr_line' id='line_1_52' title="bbox 375 4363 1980 4439; baseline 0.001 -20"><span class='ocrx_word' id='word_1_388' title='bbox 375 4368 506 4438; x_wconf 77' lang='grc' dir='ltr'>ζῇν,</span> <span class='ocrx_word' id='word_1_389' title='bbox 534 4365 671 4419; x_wconf 83' lang='grc' dir='ltr'>ἀλλὰ</span> <span class='ocrx_word' id='word_1_390' title='bbox 721 4364 817 4418; x_wconf 74' lang='grc' dir='ltr'>καὶ</span> <span class='ocrx_word' id='word_1_391' title='bbox 851 4364 1030 4430; x_wconf 80' lang='grc' dir='ltr'>ζῶντα</span> <span class='ocrx_word' id='word_1_392' title='bbox 1064 4369 1260 4433; x_wconf 88' lang='grc' dir='ltr'>ποιεῖν,</span> <span class='ocrx_word' id='word_1_393' title='bbox 1292 4369 1428 4439; x_wconf 82' lang='grc' dir='ltr'>ὅπερ</span> <span class='ocrx_word' id='word_1_394' title='bbox 1457 4367 1554 4420; x_wconf 69' lang='grc' dir='ltr'>καὶ</span> <span class='ocrx_word' id='word_1_395' title='bbox 1589 4363 1657 4438; x_wconf 83' lang='grc' dir='ltr'>ἦν</span> <span class='ocrx_word' id='word_1_396' title='bbox 1683 4367 1980 4421; x_wconf 87' lang='grc' dir='ltr'>ἀκόλουθον</span> 
     </span>
    </p>
   </div>
   <div class='ocr_carea' id='block_1_53' title="bbox 374 4457 1978 4530">
    <p class='ocr_par' dir='ltr' id='par_1_53' title="bbox 374 4457 1978 4530">
     <span class='ocr_line' id='line_1_53' title="bbox 374 4457 1978 4530; baseline 0 -17"><span class='ocrx_word' id='word_1_397' title='bbox 374 4458 499 4529; x_wconf 82' lang='grc' dir='ltr'>τῷ,</span> <span class='ocrx_word' id='word_1_398' title='bbox 540 4459 643 4512; x_wconf 81' lang='grc' dir='ltr'><strong>Καὶ</strong></span> <span class='ocrx_word' id='word_1_399' title='bbox 672 4457 852 4528; x_wconf 80' lang='grc' dir='ltr'>χωρίς</span> <span class='ocrx_word' id='word_1_400' title='bbox 881 4459 1068 4513; x_wconf 83' lang='grc' dir='ltr'>αὐτοῦ</span> <span class='ocrx_word' id='word_1_401' title='bbox 1099 4459 1337 4529; x_wconf 76' lang='grc' dir='ltr'>ἐγένετο</span> <span class='ocrx_word' id='word_1_402' title='bbox 1375 4459 1518 4514; x_wconf 81' lang='grc' dir='ltr'>οὐδὲ</span> <span class='ocrx_word' id='word_1_403' title='bbox 1547 4459 1617 4513; x_wconf 75' lang='grc' dir='ltr'><strong>ἓν</strong></span> <span class='ocrx_word' id='word_1_404' title='bbox 1645 4459 1676 4513; x_wconf 85' lang='grc' dir='ltr'><strong><em>ὃ</em></strong></span> <span class='ocrx_word' id='word_1_405' title='bbox 1713 4458 1978 4530; x_wconf 76' lang='grc' dir='ltr'>γέγονεν.</span> 
     </span>
    </p>
   </div>
   <div class='ocr_carea' id='block_1_54' title="bbox 2744 1231 2979 1290">
    <p class='ocr_par' dir='ltr' id='par_1_54' title="bbox 2744 1231 2979 1290">
     <span class='ocr_line' id='line_1_54' title="bbox 2744 1231 2979 1290; baseline -0.013 0"><span class='ocrx_word' id='word_1_406' title='bbox 2744 1232 2900 1290; x_wconf 83' lang='lat' dir='ltr'><strong>CAP.</strong></span> <span class='ocrx_word' id='word_1_407' title='bbox 2934 1231 2979 1287; x_wconf 90' lang='lat' dir='ltr'><strong>l.</strong></span> 
     </span>
    </p>
   </div>
   <div class='ocr_carea' id='block_1_55' title="bbox 2140 1323 3667 1400">
    <p class='ocr_par' dir='ltr' id='par_1_55' title="bbox 2140 1323 3667 1400">
     <span class='ocr_line' id='line_1_55' title="bbox 2140 1323 3667 1400; baseline 0.006 -21"><span class='ocrx_word' id='word_1_408' title='bbox 2140 1323 2306 1383; x_wconf 71' lang='lat' dir='ltr'><strong>Vens.</strong></span> <span class='ocrx_word' id='word_1_409' title='bbox 2335 1326 2389 1380; x_wconf 81' lang='grc'>5.</span> <span class='ocrx_word' id='word_1_410' title='bbox 2410 1354 2475 1368; x_wconf 84' lang='grc'><strong>-</strong></span> <span class='ocrx_word' id='word_1_411' title='bbox 2493 1325 2779 1398; x_wconf 86' lang='lat' dir='ltr'><strong>chcrunt</strong></span> <span class='ocrx_word' id='word_1_412' title='bbox 2815 1325 3039 1397; x_wconf 88' lang='lat' dir='ltr'><strong>quidem</strong></span> <span class='ocrx_word' id='word_1_413' title='bbox 3062 1326 3274 1396; x_wconf 85' lang='lat' dir='ltr'><strong>plures,</strong></span> <span class='ocrx_word' id='word_1_414' title='bbox 3300 1329 3442 1398; x_wconf 85' lang='lat' dir='ltr'><strong>quod</strong></span> <span class='ocrx_word' id='word_1_415' title='bbox 3462 1330 3667 1400; x_wconf 80' lang='lat' dir='ltr'><strong>factum</strong></span> 
     </span>
    </p>
   </div>
   <div class='ocr_carea' id='block_1_56' title="bbox 2068 1417 3667 1488">
    <p class='ocr_par' dir='ltr' id='par_1_56' title="bbox 2068 1417 3667 1488">
     <span class='ocr_line' id='line_1_56' title="bbox 2068 1417 3667 1488; baseline 0.005 -17"><span class='ocrx_word' id='word_1_416' title='bbox 2068 1426 2143 1472; x_wconf 84' lang='lat' dir='ltr'><strong>est</strong></span> <span class='ocrx_word' id='word_1_417' title='bbox 2177 1417 2230 1471; x_wconf 89' lang='lat' dir='ltr'><strong>in</strong></span> <span class='ocrx_word' id='word_1_418' title='bbox 2263 1417 2402 1487; x_wconf 85' lang='lat' dir='ltr'><strong>ipsa,</strong></span> <span class='ocrx_word' id='word_1_419' title='bbox 2435 1433 2536 1488; x_wconf 92' lang='lat' dir='ltr'><strong>pro</strong></span> <span class='ocrx_word' id='word_1_420' title='bbox 2562 1433 2654 1487; x_wconf 85' lang='lat' dir='ltr'><strong>per</strong></span> <span class='ocrx_word' id='word_1_421' title='bbox 2681 1419 2877 1486; x_wconf 85' lang='lat' dir='ltr'><strong>ipsum,</strong></span> <span class='ocrx_word' id='word_1_422' title='bbox 2904 1418 3153 1475; x_wconf 86' lang='lat' dir='ltr'><strong>dicentes</strong></span> <span class='ocrx_word' id='word_1_423' title='bbox 3179 1435 3194 1473; x_wconf 88' lang='lat'><strong>:</strong></span> <span class='ocrx_word' id='word_1_424' title='bbox 3221 1418 3326 1486; x_wconf 88' lang='lat' dir='ltr'><strong>Qui</strong></span> <span class='ocrx_word' id='word_1_425' title='bbox 3347 1432 3530 1478; x_wconf 87' lang='lat' dir='ltr'><strong>autem</strong></span> <span class='ocrx_word' id='word_1_426' title='bbox 3556 1439 3667 1481; x_wconf 92' lang='lat' dir='ltr'><strong>non</strong></span> 
     </span>
    </p>
   </div>
   <div class='ocr_carea' id='block_1_57' title="bbox 2067 1509 3667 1585">
    <p class='ocr_par' dir='ltr' id='par_1_57' title="bbox 2067 1509 3667 1585">
     <span class='ocr_line' id='line_1_57' title="bbox 2067 1509 3667 1585; baseline 0.005 -20"><span class='ocrx_word' id='word_1_427' title='bbox 2067 1517 2218 1566; x_wconf 86' lang='lat' dir='ltr'><strong>esset</strong></span> <span class='ocrx_word' id='word_1_428' title='bbox 2239 1510 2539 1566; x_wconf 89' lang='lat' dir='ltr'><strong>ridiculum</strong></span> <span class='ocrx_word' id='word_1_429' title='bbox 2561 1551 2576 1577; x_wconf 93' lang='lat'><strong>,</strong></span> <span class='ocrx_word' id='word_1_430' title='bbox 2612 1510 2659 1566; x_wconf 89' lang='lat' dir='ltr'><strong>si</strong></span> <span class='ocrx_word' id='word_1_431' title='bbox 2701 1511 2777 1564; x_wconf 90' lang='lat' dir='ltr'><strong>ita</strong></span> <span class='ocrx_word' id='word_1_432' title='bbox 2808 1511 3085 1582; x_wconf 88' lang='lat' dir='ltr'><strong>loquendo</strong></span> <span class='ocrx_word' id='word_1_433' title='bbox 3120 1509 3475 1585; x_wconf 79' lang='lat' dir='ltr'><strong>Evangelista</strong></span> <span class='ocrx_word' id='word_1_434' title='bbox 3501 1554 3515 1579; x_wconf 92' lang='lat'><strong>,</strong></span> <span class='ocrx_word' id='word_1_435' title='bbox 3563 1531 3667 1573; x_wconf 90' lang='lat' dir='ltr'><strong>nos</strong></span> 
     </span>
    </p>
   </div>
   <div class='ocr_carea' id='block_1_58' title="bbox 2070 1603 3669 1682">
    <p class='ocr_par' dir='ltr' id='par_1_58' title="bbox 2070 1603 3669 1682">
     <span class='ocr_line' id='line_1_58' title="bbox 2070 1603 3669 1682; baseline 0.005 -24"><span class='ocrx_word' id='word_1_436' title='bbox 2070 1618 2186 1658; x_wconf 87' lang='lat' dir='ltr'><strong>rem</strong></span> <span class='ocrx_word' id='word_1_437' title='bbox 2231 1612 2537 1682; x_wconf 85' lang='lat' dir='ltr'><strong>novamet</strong></span> <span class='ocrx_word' id='word_1_438' title='bbox 2591 1603 2914 1661; x_wconf 86' lang='lat' dir='ltr'><strong>hominibus</strong></span> <span class='ocrx_word' id='word_1_439' title='bbox 2951 1604 3194 1677; x_wconf 78' lang='lat' dir='ltr'><strong>ignotam</strong></span> <span class='ocrx_word' id='word_1_440' title='bbox 3238 1607 3439 1664; x_wconf 89' lang='lat' dir='ltr'><strong>docere</strong></span> <span class='ocrx_word' id='word_1_441' title='bbox 3485 1608 3669 1665; x_wconf 89' lang='lat' dir='ltr'><strong>inten-</strong></span> 
     </span>
    </p>
   </div>
   <div class='ocr_carea' id='block_1_59' title="bbox 2070 1695 3667 1770">
    <p class='ocr_par' dir='ltr' id='par_1_59' title="bbox 2070 1695 3667 1770">
     <span class='ocr_line' id='line_1_59' title="bbox 2070 1695 3667 1770; baseline 0.004 -20"><span class='ocrx_word' id='word_1_442' title='bbox 2070 1695 2246 1750; x_wconf 81' lang='lat' dir='ltr'><strong>derit?</strong></span> <span class='ocrx_word' id='word_1_443' title='bbox 2277 1695 2371 1752; x_wconf 84' lang='lat' dir='ltr'><strong>Vel</strong></span> <span class='ocrx_word' id='word_1_444' title='bbox 2406 1697 2602 1752; x_wconf 87' lang='lat' dir='ltr'><strong>obvius</strong></span> <span class='ocrx_word' id='word_1_445' title='bbox 2628 1696 2864 1767; x_wconf 85' lang='lat' dir='ltr'><strong>quisque</strong></span> <span class='ocrx_word' id='word_1_446' title='bbox 2892 1706 2947 1752; x_wconf 94' lang='lat' dir='ltr'><strong>et</strong></span> <span class='ocrx_word' id='word_1_447' title='bbox 2983 1697 3053 1752; x_wconf 92' lang='lat' dir='ltr'><strong>dc</strong></span> <span class='ocrx_word' id='word_1_448' title='bbox 3085 1697 3249 1753; x_wconf 89' lang='lat' dir='ltr'><strong>obvio</strong></span> <span class='ocrx_word' id='word_1_449' title='bbox 3277 1713 3498 1770; x_wconf 87' lang='lat' dir='ltr'><strong>quoque</strong></span> <span class='ocrx_word' id='word_1_450' title='bbox 3521 1699 3667 1756; x_wconf 86' lang='lat' dir='ltr'><strong>idem</strong></span> 
     </span>
    </p>
   </div>
   <div class='ocr_carea' id='block_1_60' title="bbox 2071 1787 3670 1859">
    <p class='ocr_par' dir='ltr' id='par_1_60' title="bbox 2071 1787 3670 1859">
     <span class='ocr_line' id='line_1_60' title="bbox 2071 1787 3670 1859; baseline 0.004 -19"><span class='ocrx_word' id='word_1_451' title='bbox 2071 1801 2321 1843; x_wconf 89' lang='lat' dir='ltr'><strong>asserere</strong></span> <span class='ocrx_word' id='word_1_452' title='bbox 2390 1787 2663 1857; x_wconf 89' lang='lat' dir='ltr'><strong>potuisset</strong></span> <span class='ocrx_word' id='word_1_453' title='bbox 2709 1807 2723 1843; x_wconf 92' lang='lat'><strong>:</strong></span> <span class='ocrx_word' id='word_1_454' title='bbox 2794 1788 2923 1844; x_wconf 85' lang='lat' dir='ltr'><strong>Sine</strong></span> <span class='ocrx_word' id='word_1_455' title='bbox 2984 1789 3100 1858; x_wconf 83' lang='lat' dir='ltr'><strong>ipso</strong></span> <span class='ocrx_word' id='word_1_456' title='bbox 3158 1789 3360 1859; x_wconf 75' lang='lat' dir='ltr'><strong>factum</strong></span> <span class='ocrx_word' id='word_1_457' title='bbox 3411 1799 3488 1846; x_wconf 84' lang='lat' dir='ltr'><strong>est</strong></span> <span class='ocrx_word' id='word_1_458' title='bbox 3534 1791 3670 1846; x_wconf 89' lang='lat' dir='ltr'><strong>nihil</strong></span> 
     </span>
    </p>
   </div>
   <div class='ocr_carea' id='block_1_61' title="bbox 2071 1879 3670 1954">
    <p class='ocr_par' dir='ltr' id='par_1_61' title="bbox 2071 1879 3670 1954">
     <span class='ocr_line' id='line_1_61' title="bbox 2071 1879 3670 1954; baseline 0.008 -25"><span class='ocrx_word' id='word_1_459' title='bbox 2071 1892 2252 1930; x_wconf 85' lang='lat' dir='ltr'><strong>eorum</strong></span> <span class='ocrx_word' id='word_1_460' title='bbox 2278 1893 2395 1947; x_wconf 71' lang='lat' dir='ltr'><strong>qua:</strong></span> <span class='ocrx_word' id='word_1_461' title='bbox 2425 1895 2518 1948; x_wconf 87' lang='lat' dir='ltr'><strong>per</strong></span> <span class='ocrx_word' id='word_1_462' title='bbox 2580 1880 2755 1950; x_wconf 84' lang='lat' dir='ltr'><strong>ipsum</strong></span> <span class='ocrx_word' id='word_1_463' title='bbox 2787 1879 2936 1949; x_wconf 82' lang='lat' dir='ltr'><strong>facta</strong></span> <span class='ocrx_word' id='word_1_464' title='bbox 2975 1890 3118 1936; x_wconf 84' lang='lat' dir='ltr'><strong>sunt.</strong></span> <span class='ocrx_word' id='word_1_465' title='bbox 3150 1881 3286 1937; x_wconf 87' lang='lat' dir='ltr'><strong>Nam</strong></span> <span class='ocrx_word' id='word_1_466' title='bbox 3316 1884 3548 1954; x_wconf 86' lang='lat' dir='ltr'><strong>quilibet</strong></span> <span class='ocrx_word' id='word_1_467' title='bbox 3581 1886 3670 1941; x_wconf 90' lang='lat' dir='ltr'><strong>vel</strong></span> 
     </span>
    </p>
   </div>
   <div class='ocr_carea' id='block_1_62' title="bbox 2071 1967 3668 2045">
    <p class='ocr_par' dir='ltr' id='par_1_62' title="bbox 2071 1967 3668 2045">
     <span class='ocr_line' id='line_1_62' title="bbox 2071 1967 3668 2045; baseline 0.007 -24"><span class='ocrx_word' id='word_1_468' title='bbox 2071 1967 2139 2024; x_wconf 91' lang='lat' dir='ltr'><strong>de</strong></span> <span class='ocrx_word' id='word_1_469' title='bbox 2189 1969 2437 2036; x_wconf 90' lang='lat' dir='ltr'><strong>quolibet</strong></span> <span class='ocrx_word' id='word_1_470' title='bbox 2487 1969 2633 2026; x_wconf 90' lang='lat' dir='ltr'><strong>idem</strong></span> <span class='ocrx_word' id='word_1_471' title='bbox 2683 1970 3060 2042; x_wconf 83' lang='lat' dir='ltr'><strong>proﬁtebitur,</strong></span> <span class='ocrx_word' id='word_1_472' title='bbox 3109 1987 3236 2028; x_wconf 91' lang='lat' dir='ltr'><strong>cum</strong></span> <span class='ocrx_word' id='word_1_473' title='bbox 3279 1984 3541 2045; x_wconf 85' lang='lat' dir='ltr'><strong>appareat</strong></span> <span class='ocrx_word' id='word_1_474' title='bbox 3599 1976 3668 2032; x_wconf 87' lang='lat' dir='ltr'><strong>de</strong></span> 
     </span>
    </p>
   </div>
   <div class='ocr_carea' id='block_1_63' title="bbox 2071 2059 3669 2134">
    <p class='ocr_par' dir='ltr' id='par_1_63' title="bbox 2071 2059 3669 2134">
     <span class='ocr_line' id='line_1_63' title="bbox 2071 2059 3669 2134; baseline 0.008 -22"><span class='ocrx_word' id='word_1_475' title='bbox 2071 2059 2268 2130; x_wconf 89' lang='lat' dir='ltr'><strong>quovis</strong></span> <span class='ocrx_word' id='word_1_476' title='bbox 2321 2075 2436 2114; x_wconf 91' lang='lat' dir='ltr'><strong>rem</strong></span> <span class='ocrx_word' id='word_1_477' title='bbox 2482 2076 2878 2133; x_wconf 83' lang='lat' dir='ltr'><strong>quamcunque</strong></span> <span class='ocrx_word' id='word_1_478' title='bbox 2935 2065 3257 2134; x_wconf 85' lang='lat' dir='ltr'><strong>perficiente</strong></span> <span class='ocrx_word' id='word_1_479' title='bbox 3302 2067 3492 2122; x_wconf 90' lang='lat' dir='ltr'><strong>eadem</strong></span> <span class='ocrx_word' id='word_1_480' title='bbox 3537 2068 3669 2133; x_wconf 85' lang='lat' dir='ltr'><strong>dici,</strong></span> 
     </span>
    </p>
   </div>
   <div class='ocr_carea' id='block_1_64' title="bbox 2074 2149 3674 2228">
    <p class='ocr_par' dir='ltr' id='par_1_64' title="bbox 2074 2149 3674 2228">
     <span class='ocr_line' id='line_1_64' title="bbox 2074 2149 3674 2228; baseline 0.007 -26"><span class='ocrx_word' id='word_1_481' title='bbox 2074 2149 2275 2203; x_wconf 82' lang='lat' dir='ltr'><strong>Eorum</strong></span> <span class='ocrx_word' id='word_1_482' title='bbox 2304 2167 2423 2221; x_wconf 79' lang='lat' dir='ltr'><strong>qua:</strong></span> <span class='ocrx_word' id='word_1_483' title='bbox 2457 2168 2550 2220; x_wconf 84' lang='lat' dir='ltr'><strong>per</strong></span> <span class='ocrx_word' id='word_1_484' title='bbox 2577 2153 2749 2220; x_wconf 86' lang='lat' dir='ltr'><strong>ipsum</strong></span> <span class='ocrx_word' id='word_1_485' title='bbox 2785 2153 2928 2223; x_wconf 70' lang='lat' dir='ltr'><strong>facta</strong></span> <span class='ocrx_word' id='word_1_486' title='bbox 2958 2165 3080 2208; x_wconf 87' lang='lat' dir='ltr'><strong>sunt</strong></span> <span class='ocrx_word' id='word_1_487' title='bbox 3109 2156 3240 2209; x_wconf 82' lang='lat' dir='ltr'><strong>nihil</strong></span> <span class='ocrx_word' id='word_1_488' title='bbox 3272 2157 3384 2211; x_wconf 83' lang='lat' dir='ltr'><strong>sine</strong></span> <span class='ocrx_word' id='word_1_489' title='bbox 3416 2159 3529 2226; x_wconf 86' lang='lat' dir='ltr'><strong>ipso</strong></span> <span class='ocrx_word' id='word_1_490' title='bbox 3557 2159 3674 2228; x_wconf 77' lang='lat' dir='ltr'><strong>fac-</strong></span> 
     </span>
    </p>
   </div>
   <div class='ocr_carea' id='block_1_65' title="bbox 2074 2240 3668 2318">
    <p class='ocr_par' dir='ltr' id='par_1_65' title="bbox 2074 2240 3668 2318">
     <span class='ocr_line' id='line_1_65' title="bbox 2074 2240 3668 2318; baseline 0.007 -25"><span class='ocrx_word' id='word_1_491' title='bbox 2074 2249 2185 2294; x_wconf 84' lang='lat' dir='ltr'><strong>tum</strong></span> <span class='ocrx_word' id='word_1_492' title='bbox 2205 2249 2306 2298; x_wconf 80' lang='lat' dir='ltr'><strong>est.</strong></span> <span class='ocrx_word' id='word_1_493' title='bbox 2337 2240 2575 2307; x_wconf 85' lang='lat' dir='ltr'><strong>Quidam</strong></span> <span class='ocrx_word' id='word_1_494' title='bbox 2595 2251 2779 2299; x_wconf 91' lang='lat' dir='ltr'><strong>autem</strong></span> <span class='ocrx_word' id='word_1_495' title='bbox 2802 2244 2961 2299; x_wconf 90' lang='lat' dir='ltr'><strong>aliter</strong></span> <span class='ocrx_word' id='word_1_496' title='bbox 2988 2245 3259 2315; x_wconf 81' lang='lat' dir='ltr'><strong>legerunt,</strong></span> <span class='ocrx_word' id='word_1_497' title='bbox 3289 2263 3417 2301; x_wconf 88' lang='lat' dir='ltr'><strong>nam</strong></span> <span class='ocrx_word' id='word_1_498' title='bbox 3447 2248 3627 2318; x_wconf 89' lang='lat' dir='ltr'><strong>primo</strong></span> <span class='ocrx_word' id='word_1_499' title='bbox 3653 2267 3668 2304; x_wconf 90' lang='lat'><strong>:</strong></span> 
     </span>
    </p>
   </div>
   <div class='ocr_carea' id='block_1_66' title="bbox 2075 2331 3671 2409">
    <p class='ocr_par' dir='ltr' id='par_1_66' title="bbox 2075 2331 3671 2409">
     <span class='ocr_line' id='line_1_66' title="bbox 2075 2331 3671 2409; baseline 0.005 -23"><span class='ocrx_word' id='word_1_500' title='bbox 2075 2331 2143 2386; x_wconf 86' lang='lat' dir='ltr'><strong>Et</strong></span> <span class='ocrx_word' id='word_1_501' title='bbox 2166 2335 2280 2388; x_wconf 84' lang='lat' dir='ltr'><strong>sine</strong></span> <span class='ocrx_word' id='word_1_502' title='bbox 2306 2335 2419 2404; x_wconf 87' lang='lat' dir='ltr'><strong>ipso</strong></span> <span class='ocrx_word' id='word_1_503' title='bbox 2447 2335 2650 2403; x_wconf 76' lang='lat' dir='ltr'><strong>factum</strong></span> <span class='ocrx_word' id='word_1_504' title='bbox 2669 2346 2747 2392; x_wconf 84' lang='lat' dir='ltr'><strong>est</strong></span> <span class='ocrx_word' id='word_1_505' title='bbox 2772 2337 2926 2403; x_wconf 80' lang='lat' dir='ltr'><strong>nihil,</strong></span> <span class='ocrx_word' id='word_1_506' title='bbox 2945 2346 3001 2392; x_wconf 87' lang='lat' dir='ltr'><strong>et</strong></span> <span class='ocrx_word' id='word_1_507' title='bbox 3024 2338 3222 2395; x_wconf 87' lang='lat' dir='ltr'><strong>deinde</strong></span> <span class='ocrx_word' id='word_1_508' title='bbox 3249 2355 3262 2390; x_wconf 89' lang='lat'><strong>:</strong></span> <span class='ocrx_word' id='word_1_509' title='bbox 3292 2339 3444 2405; x_wconf 82' lang='lat' dir='ltr'><strong>Quod</strong></span> <span class='ocrx_word' id='word_1_510' title='bbox 3469 2341 3671 2409; x_wconf 71' lang='lat' dir='ltr'><strong>factum</strong></span> 
     </span>
    </p>
   </div>
   <div class='ocr_carea' id='block_1_67' title="bbox 2072 2425 3666 2496">
    <p class='ocr_par' dir='ltr' id='par_1_67' title="bbox 2072 2425 3666 2496">
     <span class='ocr_line' id='line_1_67' title="bbox 2072 2425 3666 2496; baseline 0.005 -18"><span class='ocrx_word' id='word_1_511' title='bbox 2072 2433 2149 2479; x_wconf 74' lang='lat' dir='ltr'><strong>est</strong></span> <span class='ocrx_word' id='word_1_512' title='bbox 2176 2425 2230 2478; x_wconf 86' lang='lat' dir='ltr'><strong>in</strong></span> <span class='ocrx_word' id='word_1_513' title='bbox 2259 2426 2371 2495; x_wconf 87' lang='lat' dir='ltr'><strong>ipso</strong></span> <span class='ocrx_word' id='word_1_514' title='bbox 2406 2427 2516 2480; x_wconf 83' lang='lat' dir='ltr'><strong>vita</strong></span> <span class='ocrx_word' id='word_1_515' title='bbox 2559 2437 2709 2493; x_wconf 82' lang='lat' dir='ltr'><strong>erat;</strong></span> <span class='ocrx_word' id='word_1_516' title='bbox 2756 2428 2932 2483; x_wconf 89' lang='lat' dir='ltr'><strong>multa</strong></span> <span class='ocrx_word' id='word_1_517' title='bbox 2961 2429 3107 2484; x_wconf 90' lang='lat' dir='ltr'><strong>enim</strong></span> <span class='ocrx_word' id='word_1_518' title='bbox 3147 2430 3262 2485; x_wconf 84' lang='lat' dir='ltr'><strong>vita</strong></span> <span class='ocrx_word' id='word_1_519' title='bbox 3316 2439 3542 2496; x_wconf 81' lang='lat' dir='ltr'><strong>carent,</strong></span> <span class='ocrx_word' id='word_1_520' title='bbox 3587 2433 3666 2486; x_wconf 86' lang='lat' dir='ltr'><strong>uti</strong></span> 
     </span>
    </p>
   </div>
   <div class='ocr_carea' id='block_1_68' title="bbox 2074 2519 3673 2594">
    <p class='ocr_par' dir='ltr' id='par_1_68' title="bbox 2074 2519 3673 2594">
     <span class='ocr_line' id='line_1_68' title="bbox 2074 2519 3673 2594; baseline 0.003 -21"><span class='ocrx_word' id='word_1_521' title='bbox 2074 2527 2223 2574; x_wconf 89' lang='lat' dir='ltr'><strong>terra</strong></span> <span class='ocrx_word' id='word_1_522' title='bbox 2281 2529 2338 2576; x_wconf 88' lang='lat' dir='ltr'><strong>et</strong></span> <span class='ocrx_word' id='word_1_523' title='bbox 2394 2529 2632 2577; x_wconf 87' lang='lat' dir='ltr'><strong>montes.</strong></span> <span class='ocrx_word' id='word_1_524' title='bbox 2689 2519 2818 2576; x_wconf 83' lang='lat' dir='ltr'><strong>Haec</strong></span> <span class='ocrx_word' id='word_1_525' title='bbox 2861 2521 3034 2592; x_wconf 83' lang='lat' dir='ltr'><strong>igitur</strong></span> <span class='ocrx_word' id='word_1_526' title='bbox 3093 2522 3460 2594; x_wconf 83' lang='lat' dir='ltr'><strong>praecedentia</strong></span> <span class='ocrx_word' id='word_1_527' title='bbox 3517 2537 3673 2579; x_wconf 89' lang='lat' dir='ltr'><strong>com-</strong></span> 
     </span>
    </p>
   </div>
   <div class='ocr_carea' id='block_1_69' title="bbox 2072 2611 3671 2683">
    <p class='ocr_par' dir='ltr' id='par_1_69' title="bbox 2072 2611 3671 2683">
     <span class='ocr_line' id='line_1_69' title="bbox 2072 2611 3671 2683; baseline 0.001 -17"><span class='ocrx_word' id='word_1_528' title='bbox 2072 2611 2280 2683; x_wconf 89' lang='lat' dir='ltr'><strong>plicant</strong></span> <span class='ocrx_word' id='word_1_529' title='bbox 2335 2621 2390 2670; x_wconf 89' lang='lat' dir='ltr'><strong>et</strong></span> <span class='ocrx_word' id='word_1_530' title='bbox 2448 2612 2816 2682; x_wconf 83' lang='lat' dir='ltr'><strong>confirmant,</strong></span> <span class='ocrx_word' id='word_1_531' title='bbox 2865 2614 2977 2668; x_wconf 92' lang='lat' dir='ltr'><strong>imo</strong></span> <span class='ocrx_word' id='word_1_532' title='bbox 3034 2621 3090 2669; x_wconf 92' lang='lat' dir='ltr'><strong>et</strong></span> <span class='ocrx_word' id='word_1_533' title='bbox 3156 2615 3458 2670; x_wconf 85' lang='lat' dir='ltr'><strong>elucidant.</strong></span> <span class='ocrx_word' id='word_1_534' title='bbox 3533 2614 3671 2669; x_wconf 84' lang='lat' dir='ltr'><strong>Nam</strong></span> 
     </span>
    </p>
   </div>
   <div class='ocr_carea' id='block_1_70' title="bbox 2074 2705 3679 2775">
    <p class='ocr_par' dir='ltr' id='par_1_70' title="bbox 2074 2705 3679 2775">
     <span class='ocr_line' id='line_1_70' title="bbox 2074 2705 3679 2775; baseline 0.003 -17"><span class='ocrx_word' id='word_1_535' title='bbox 2074 2711 2200 2775; x_wconf 86' lang='lat' dir='ltr'><strong>post</strong></span> <span class='ocrx_word' id='word_1_536' title='bbox 2229 2705 2340 2771; x_wconf 87' lang='lat' dir='ltr'><strong>illa,</strong></span> <span class='ocrx_word' id='word_1_537' title='bbox 2381 2705 2575 2760; x_wconf 80' lang='lat' dir='ltr'><strong>Omnia</strong></span> <span class='ocrx_word' id='word_1_538' title='bbox 2602 2721 2694 2774; x_wconf 86' lang='lat' dir='ltr'><strong>per</strong></span> <span class='ocrx_word' id='word_1_539' title='bbox 2717 2706 2889 2774; x_wconf 85' lang='lat' dir='ltr'><strong>ipsum</strong></span> <span class='ocrx_word' id='word_1_540' title='bbox 2912 2705 3060 2775; x_wconf 82' lang='lat' dir='ltr'><strong>facta</strong></span> <span class='ocrx_word' id='word_1_541' title='bbox 3083 2716 3231 2772; x_wconf 83' lang='lat' dir='ltr'><strong>sunt,</strong></span> <span class='ocrx_word' id='word_1_542' title='bbox 3263 2707 3434 2773; x_wconf 86' lang='lat' dir='ltr'><strong>addit,</strong></span> <span class='ocrx_word' id='word_1_543' title='bbox 3466 2706 3533 2760; x_wconf 85' lang='lat' dir='ltr'><strong>Et</strong></span> <span class='ocrx_word' id='word_1_544' title='bbox 3562 2710 3679 2763; x_wconf 71' lang='lat' dir='ltr'><strong>sine</strong></span> 
     </span>
    </p>
   </div>
   <div class='ocr_carea' id='block_1_71' title="bbox 2075 2797 3668 2870">
    <p class='ocr_par' dir='ltr' id='par_1_71' title="bbox 2075 2797 3668 2870">
     <span class='ocr_line' id='line_1_71' title="bbox 2075 2797 3668 2870; baseline 0.001 -20"><span class='ocrx_word' id='word_1_545' title='bbox 2075 2798 2190 2868; x_wconf 83' lang='lat' dir='ltr'><strong>ipso</strong></span> <span class='ocrx_word' id='word_1_546' title='bbox 2215 2797 2351 2852; x_wconf 83' lang='lat' dir='ltr'><strong>nihil</strong></span> <span class='ocrx_word' id='word_1_547' title='bbox 2370 2797 2510 2867; x_wconf 87' lang='lat' dir='ltr'><strong>quod</strong></span> <span class='ocrx_word' id='word_1_548' title='bbox 2533 2797 2761 2866; x_wconf 77' lang='lat' dir='ltr'><strong>factum,</strong></span> <span class='ocrx_word' id='word_1_549' title='bbox 2795 2798 2902 2853; x_wconf 90' lang='lat' dir='ltr'><strong>hoc</strong></span> <span class='ocrx_word' id='word_1_550' title='bbox 2925 2807 3009 2853; x_wconf 89' lang='lat' dir='ltr'><strong>est</strong></span> <span class='ocrx_word' id='word_1_551' title='bbox 3035 2805 3096 2852; x_wconf 90' lang='lat' dir='ltr'><strong>ut</strong></span> <span class='ocrx_word' id='word_1_552' title='bbox 3121 2813 3235 2852; x_wconf 88' lang='lat' dir='ltr'><strong>uno</strong></span> <span class='ocrx_word' id='word_1_553' title='bbox 3255 2799 3424 2855; x_wconf 83' lang='lat' dir='ltr'><strong>verbo</strong></span> <span class='ocrx_word' id='word_1_554' title='bbox 3448 2800 3668 2870; x_wconf 89' lang='lat' dir='ltr'><strong>loquar,</strong></span> 
     </span>
    </p>
   </div>
   <div class='ocr_carea' id='block_1_72' title="bbox 2076 2888 3672 2961">
    <p class='ocr_par' dir='ltr' id='par_1_72' title="bbox 2076 2888 3672 2961">
     <span class='ocr_line' id='line_1_72' title="bbox 2076 2888 3672 2961; baseline 0.003 -18"><span class='ocrx_word' id='word_1_555' title='bbox 2076 2888 2225 2944; x_wconf 86' lang='lat' dir='ltr'><strong>Nihil</strong></span> <span class='ocrx_word' id='word_1_556' title='bbox 2248 2905 2439 2946; x_wconf 90' lang='lat' dir='ltr'><strong>eorum</strong></span> <span class='ocrx_word' id='word_1_557' title='bbox 2468 2906 2590 2961; x_wconf 69' lang='lat' dir='ltr'><strong>quae</strong></span> <span class='ocrx_word' id='word_1_558' title='bbox 2625 2890 2770 2947; x_wconf 86' lang='lat' dir='ltr'><strong>facta</strong></span> <span class='ocrx_word' id='word_1_559' title='bbox 2802 2899 2933 2946; x_wconf 85' lang='lat' dir='ltr'><strong>sunt</strong></span> <span class='ocrx_word' id='word_1_560' title='bbox 2969 2891 3037 2946; x_wconf 87' lang='lat' dir='ltr'><strong>ab</strong></span> <span class='ocrx_word' id='word_1_561' title='bbox 3060 2891 3170 2946; x_wconf 89' lang='lat' dir='ltr'><strong>alio</strong></span> <span class='ocrx_word' id='word_1_562' title='bbox 3195 2891 3342 2946; x_wconf 87' lang='lat' dir='ltr'><strong>facta</strong></span> <span class='ocrx_word' id='word_1_563' title='bbox 3375 2902 3524 2957; x_wconf 85' lang='lat' dir='ltr'><strong>sunt,</strong></span> <span class='ocrx_word' id='word_1_564' title='bbox 3563 2893 3672 2949; x_wconf 89' lang='lat' dir='ltr'><strong>nisi</strong></span> 
     </span>
    </p>
   </div>
   <div class='ocr_carea' id='block_1_73' title="bbox 2078 2981 3674 3056">
    <p class='ocr_par' dir='ltr' id='par_1_73' title="bbox 2078 2981 3674 3056">
     <span class='ocr_line' id='line_1_73' title="bbox 2078 2981 3674 3056; baseline 0.001 -18"><span class='ocrx_word' id='word_1_565' title='bbox 2078 2981 2218 3039; x_wconf 86' lang='lat' dir='ltr'><strong>forte</strong></span> <span class='ocrx_word' id='word_1_566' title='bbox 2249 2997 2279 3036; x_wconf 91' lang='lat' dir='ltr'><strong>a</strong></span> <span class='ocrx_word' id='word_1_567' title='bbox 2310 2982 2474 3039; x_wconf 90' lang='lat' dir='ltr'><strong>Patre</strong></span> <span class='ocrx_word' id='word_1_568' title='bbox 2514 2983 2637 3054; x_wconf 87' lang='lat' dir='ltr'><strong>ejus</strong></span> <span class='ocrx_word' id='word_1_569' title='bbox 2668 2991 2722 3040; x_wconf 88' lang='lat' dir='ltr'><strong>et</strong></span> <span class='ocrx_word' id='word_1_570' title='bbox 2751 2983 2964 3054; x_wconf 88' lang='lat' dir='ltr'><strong>Spiritu</strong></span> <span class='ocrx_word' id='word_1_571' title='bbox 3011 2993 3246 3053; x_wconf 87' lang='lat' dir='ltr'><strong>sancto;</strong></span> <span class='ocrx_word' id='word_1_572' title='bbox 3283 3000 3410 3039; x_wconf 89' lang='lat' dir='ltr'><strong>nam</strong></span> <span class='ocrx_word' id='word_1_573' title='bbox 3446 2984 3674 3056; x_wconf 87' lang='lat' dir='ltr'><strong>quando</strong></span> 
     </span>
    </p>
   </div>
   <div class='ocr_carea' id='block_1_74' title="bbox 2079 3074 3672 3146">
    <p class='ocr_par' dir='ltr' id='par_1_74' title="bbox 2079 3074 3672 3146">
     <span class='ocr_line' id='line_1_74' title="bbox 2079 3074 3672 3146; baseline 0.002 -19"><span class='ocrx_word' id='word_1_574' title='bbox 2079 3074 2148 3128; x_wconf 92' lang='lat' dir='ltr'><strong>ab</strong></span> <span class='ocrx_word' id='word_1_575' title='bbox 2182 3075 2262 3130; x_wconf 77' lang='lat' dir='ltr'><strong>eis</strong></span> <span class='ocrx_word' id='word_1_576' title='bbox 2297 3089 2582 3146; x_wconf 86' lang='lat' dir='ltr'><strong>nunquam</strong></span> <span class='ocrx_word' id='word_1_577' title='bbox 2606 3074 2898 3138; x_wconf 87' lang='lat' dir='ltr'><strong>dividitur,</strong></span> <span class='ocrx_word' id='word_1_578' title='bbox 2938 3084 2992 3130; x_wconf 90' lang='lat' dir='ltr'><strong>et</strong></span> <span class='ocrx_word' id='word_1_579' title='bbox 3021 3089 3206 3130; x_wconf 89' lang='lat' dir='ltr'><strong>rerum</strong></span> <span class='ocrx_word' id='word_1_580' title='bbox 3233 3075 3481 3130; x_wconf 91' lang='lat' dir='ltr'><strong>omnium</strong></span> <span class='ocrx_word' id='word_1_581' title='bbox 3513 3089 3672 3132; x_wconf 83' lang='lat' dir='ltr'><strong>crea-</strong></span> 
     </span>
    </p>
   </div>
   <div class='ocr_carea' id='block_1_75' title="bbox 2080 3167 3276 3237">
    <p class='ocr_par' dir='ltr' id='par_1_75' title="bbox 2080 3167 3276 3237">
     <span class='ocr_line' id='line_1_75' title="bbox 2080 3167 3276 3237; baseline -0.001 -16"><span class='ocrx_word' id='word_1_582' title='bbox 2080 3167 2288 3222; x_wconf 86' lang='lat' dir='ltr'><strong>tionem</strong></span> <span class='ocrx_word' id='word_1_583' title='bbox 2324 3182 2435 3223; x_wconf 88' lang='lat' dir='ltr'><strong>una</strong></span> <span class='ocrx_word' id='word_1_584' title='bbox 2467 3182 2593 3222; x_wconf 90' lang='lat' dir='ltr'><strong>cum</strong></span> <span class='ocrx_word' id='word_1_585' title='bbox 2618 3167 2700 3223; x_wconf 91' lang='lat' dir='ltr'><strong>eis</strong></span> <span class='ocrx_word' id='word_1_586' title='bbox 2736 3173 2998 3237; x_wconf 88' lang='lat' dir='ltr'><strong>operetur</strong></span> <span class='ocrx_word' id='word_1_587' title='bbox 3037 3175 3276 3236; x_wconf 86' lang='lat' dir='ltr'><strong>oportet.</strong></span> 
     </span>
    </p>
   </div>
   <div class='ocr_carea' id='block_1_76' title="bbox 2152 3345 3676 3418">
    <p class='ocr_par' dir='ltr' id='par_1_76' title="bbox 2152 3345 3676 3418">
     <span class='ocr_line' id='line_1_76' title="bbox 2152 3345 3676 3418; baseline 0.001 -18"><span class='ocrx_word' id='word_1_588' title='bbox 2152 3347 2268 3403; x_wconf 80' lang='lat' dir='ltr'><strong>Hoc</strong></span> <span class='ocrx_word' id='word_1_589' title='bbox 2296 3347 2469 3412; x_wconf 81' lang='lat' dir='ltr'><strong>dixit,</strong></span> <span class='ocrx_word' id='word_1_590' title='bbox 2503 3355 2562 3402; x_wconf 89' lang='lat' dir='ltr'><strong>ut</strong></span> <span class='ocrx_word' id='word_1_591' title='bbox 2600 3363 2698 3418; x_wconf 89' lang='lat' dir='ltr'><strong>per</strong></span> <span class='ocrx_word' id='word_1_592' title='bbox 2732 3347 2849 3402; x_wconf 66' lang='lat' dir='ltr'><strong>haec</strong></span> <span class='ocrx_word' id='word_1_593' title='bbox 2876 3347 3061 3403; x_wconf 89' lang='lat' dir='ltr'><strong>omnia</strong></span> <span class='ocrx_word' id='word_1_594' title='bbox 3099 3345 3454 3403; x_wconf 88' lang='lat' dir='ltr'><strong>conﬁrmaret</strong></span> <span class='ocrx_word' id='word_1_595' title='bbox 3478 3345 3676 3403; x_wconf 86' lang='lat' dir='ltr'><strong>Filium</strong></span> 
     </span>
    </p>
   </div>
   <div class='ocr_carea' id='block_1_77' title="bbox 2079 3438 3667 3512">
    <p class='ocr_par' dir='ltr' id='par_1_77' title="bbox 2079 3438 3667 3512">
     <span class='ocr_line' id='line_1_77' title="bbox 2079 3438 3667 3512; baseline -0.002 -13"><span class='ocrx_word' id='word_1_596' title='bbox 2079 3455 2299 3512; x_wconf 89' lang='lat' dir='ltr'><strong>semper</strong></span> <span class='ocrx_word' id='word_1_597' title='bbox 2331 3440 2526 3496; x_wconf 90' lang='lat' dir='ltr'><strong>adesse</strong></span> <span class='ocrx_word' id='word_1_598' title='bbox 2563 3438 2755 3506; x_wconf 89' lang='lat' dir='ltr'><strong>Patri,</strong></span> <span class='ocrx_word' id='word_1_599' title='bbox 2801 3447 2861 3495; x_wconf 92' lang='lat' dir='ltr'><strong>ut</strong></span> <span class='ocrx_word' id='word_1_600' title='bbox 2901 3442 2994 3511; x_wconf 93' lang='lat' dir='ltr'><strong>qui</strong></span> <span class='ocrx_word' id='word_1_601' title='bbox 3033 3440 3282 3512; x_wconf 88' lang='lat' dir='ltr'><strong>ejusdem</strong></span> <span class='ocrx_word' id='word_1_602' title='bbox 3321 3442 3394 3496; x_wconf 88' lang='lat' dir='ltr'><strong>sit</strong></span> <span class='ocrx_word' id='word_1_603' title='bbox 3433 3449 3667 3504; x_wconf 69' lang='lat' dir='ltr'><strong>naturae,</strong></span> 
     </span>
    </p>
   </div>
   <div class='ocr_carea' id='block_1_78' title="bbox 2078 3533 3670 3606">
    <p class='ocr_par' dir='ltr' id='par_1_78' title="bbox 2078 3533 3670 3606">
     <span class='ocr_line' id='line_1_78' title="bbox 2078 3533 3670 3606; baseline -0.002 -14"><span class='ocrx_word' id='word_1_604' title='bbox 2078 3545 2132 3593; x_wconf 91' lang='lat' dir='ltr'><strong>et</strong></span> <span class='ocrx_word' id='word_1_605' title='bbox 2165 3549 2398 3590; x_wconf 90' lang='lat' dir='ltr'><strong>consors</strong></span> <span class='ocrx_word' id='word_1_606' title='bbox 2438 3533 2807 3602; x_wconf 86' lang='lat' dir='ltr'><strong>operationis,</strong></span> <span class='ocrx_word' id='word_1_607' title='bbox 2839 3550 3060 3604; x_wconf 91' lang='lat' dir='ltr'><strong>semper</strong></span> <span class='ocrx_word' id='word_1_608' title='bbox 3084 3535 3305 3606; x_wconf 87' lang='lat' dir='ltr'><strong>quidem</strong></span> <span class='ocrx_word' id='word_1_609' title='bbox 3352 3536 3403 3591; x_wconf 92' lang='lat' dir='ltr'><strong>ei</strong></span> <span class='ocrx_word' id='word_1_610' title='bbox 3446 3537 3670 3591; x_wconf 81' lang='lat' dir='ltr'><strong>coexsi-</strong></span> 
     </span>
    </p>
   </div>
   <div class='ocr_carea' id='block_1_79' title="bbox 2080 3625 3678 3697">
    <p class='ocr_par' dir='ltr' id='par_1_79' title="bbox 2080 3625 3678 3697">
     <span class='ocr_line' id='line_1_79' title="bbox 2080 3625 3678 3697; baseline 0 -15"><span class='ocrx_word' id='word_1_611' title='bbox 2080 3637 2267 3693; x_wconf 86' lang='lat' dir='ltr'><strong>stens,</strong></span> <span class='ocrx_word' id='word_1_612' title='bbox 2309 3639 2618 3695; x_wconf 84' lang='lat' dir='ltr'><strong>cooperans</strong></span> <span class='ocrx_word' id='word_1_613' title='bbox 2658 3640 2794 3680; x_wconf 87' lang='lat' dir='ltr'><strong>vero</strong></span> <span class='ocrx_word' id='word_1_614' title='bbox 2847 3641 2974 3680; x_wconf 88' lang='lat' dir='ltr'><strong>cum</strong></span> <span class='ocrx_word' id='word_1_615' title='bbox 3024 3625 3354 3697; x_wconf 76' lang='lat' dir='ltr'><strong>expediebat</strong></span> <span class='ocrx_word' id='word_1_616' title='bbox 3420 3629 3678 3684; x_wconf 86' lang='lat' dir='ltr'><strong>universa</strong></span> 
     </span>
    </p>
   </div>
   <div class='ocr_carea' id='block_1_80' title="bbox 2079 3716 3673 3790">
    <p class='ocr_par' dir='ltr' id='par_1_80' title="bbox 2079 3716 3673 3790">
     <span class='ocr_line' id='line_1_80' title="bbox 2079 3716 3673 3790; baseline 0.001 -17"><span class='ocrx_word' id='word_1_617' title='bbox 2079 3717 2338 3790; x_wconf 89' lang='lat' dir='ltr'><strong>produci.</strong></span> <span class='ocrx_word' id='word_1_618' title='bbox 2388 3716 2550 3772; x_wconf 87' lang='lat' dir='ltr'><strong>Clare</strong></span> <span class='ocrx_word' id='word_1_619' title='bbox 2602 3722 2786 3772; x_wconf 90' lang='lat' dir='ltr'><strong>autem</strong></span> <span class='ocrx_word' id='word_1_620' title='bbox 2831 3717 3112 3781; x_wconf 86' lang='lat' dir='ltr'><strong>ostendit,</strong></span> <span class='ocrx_word' id='word_1_621' title='bbox 3144 3718 3318 3783; x_wconf 89' lang='lat' dir='ltr'><strong>illud,</strong></span> <span class='ocrx_word' id='word_1_622' title='bbox 3352 3735 3446 3789; x_wconf 84' lang='lat' dir='ltr'><strong>per</strong></span> <span class='ocrx_word' id='word_1_623' title='bbox 3473 3721 3673 3787; x_wconf 84' lang='lat' dir='ltr'><strong>ipsum,</strong></span> 
     </span>
    </p>
   </div>
   <div class='ocr_carea' id='block_1_81' title="bbox 2082 3809 3678 3884">
    <p class='ocr_par' dir='ltr' id='par_1_81' title="bbox 2082 3809 3678 3884">
     <span class='ocr_line' id='line_1_81' title="bbox 2082 3809 3678 3884; baseline -0.001 -16"><span class='ocrx_word' id='word_1_624' title='bbox 2082 3813 2150 3868; x_wconf 90' lang='lat' dir='ltr'><strong>de</strong></span> <span class='ocrx_word' id='word_1_625' title='bbox 2181 3827 2248 3868; x_wconf 89' lang='lat' dir='ltr'><strong>eo</strong></span> <span class='ocrx_word' id='word_1_626' title='bbox 2275 3827 2384 3866; x_wconf 92' lang='lat' dir='ltr'><strong>non</strong></span> <span class='ocrx_word' id='word_1_627' title='bbox 2425 3810 2726 3867; x_wconf 90' lang='lat' dir='ltr'><strong>ministerii</strong></span> <span class='ocrx_word' id='word_1_628' title='bbox 2759 3825 2954 3880; x_wconf 78' lang='lat' dir='ltr'><strong>causa,</strong></span> <span class='ocrx_word' id='word_1_629' title='bbox 2989 3809 3084 3866; x_wconf 89' lang='lat' dir='ltr'><strong>sed</strong></span> <span class='ocrx_word' id='word_1_630' title='bbox 3112 3812 3523 3881; x_wconf 89' lang='lat' dir='ltr'><strong>cooperationis</strong></span> <span class='ocrx_word' id='word_1_631' title='bbox 3555 3828 3678 3884; x_wconf 78' lang='lat' dir='ltr'><strong>gra-</strong></span> 
     </span>
    </p>
   </div>
   <div class='ocr_carea' id='block_1_82' title="bbox 2080 3902 3678 3976">
    <p class='ocr_par' dir='ltr' id='par_1_82' title="bbox 2080 3902 3678 3976">
     <span class='ocr_line' id='line_1_82' title="bbox 2080 3902 3678 3976; baseline 0.002 -18"><span class='ocrx_word' id='word_1_632' title='bbox 2080 3904 2160 3958; x_wconf 91' lang='lat' dir='ltr'><strong>tia</strong></span> <span class='ocrx_word' id='word_1_633' title='bbox 2219 3903 2428 3959; x_wconf 89' lang='lat' dir='ltr'><strong>dictum</strong></span> <span class='ocrx_word' id='word_1_634' title='bbox 2483 3917 2647 3969; x_wconf 89' lang='lat' dir='ltr'><strong>esse,</strong></span> <span class='ocrx_word' id='word_1_635' title='bbox 2710 3911 2768 3958; x_wconf 87' lang='lat' dir='ltr'><strong>et</strong></span> <span class='ocrx_word' id='word_1_636' title='bbox 2828 3917 2898 3958; x_wconf 90' lang='lat' dir='ltr'><strong>ne</strong></span> <span class='ocrx_word' id='word_1_637' title='bbox 2942 3902 3076 3972; x_wconf 90' lang='lat' dir='ltr'><strong>quid</strong></span> <span class='ocrx_word' id='word_1_638' title='bbox 3138 3918 3325 3960; x_wconf 89' lang='lat' dir='ltr'><strong>rerum</strong></span> <span class='ocrx_word' id='word_1_639' title='bbox 3373 3905 3443 3960; x_wconf 91' lang='lat' dir='ltr'><strong>ab</strong></span> <span class='ocrx_word' id='word_1_640' title='bbox 3495 3905 3678 3976; x_wconf 88' lang='lat' dir='ltr'><strong>ipsius</strong></span> 
     </span>
    </p>
   </div>
   <div class='ocr_carea' id='block_1_83' title="bbox 2084 3993 3674 4064">
    <p class='ocr_par' dir='ltr' id='par_1_83' title="bbox 2084 3993 3674 4064">
     <span class='ocr_line' id='line_1_83' title="bbox 2084 3993 3674 4064; baseline 0 -14"><span class='ocrx_word' id='word_1_641' title='bbox 2084 3995 2450 4051; x_wconf 78' lang='lat' dir='ltr'><strong>fabricatione</strong></span> <span class='ocrx_word' id='word_1_642' title='bbox 2505 3994 2864 4060; x_wconf 73' lang='lat' dir='ltr'><strong>eximeretur,</strong></span> <span class='ocrx_word' id='word_1_643' title='bbox 2899 3993 3230 4064; x_wconf 75' lang='lat' dir='ltr'><strong>adiunctum</strong></span> <span class='ocrx_word' id='word_1_644' title='bbox 3265 4003 3320 4051; x_wconf 80' lang='lat' dir='ltr'><strong>et</strong></span> <span class='ocrx_word' id='word_1_645' title='bbox 3364 3995 3504 4051; x_wconf 90' lang='lat' dir='ltr'><strong>illud</strong></span> <span class='ocrx_word' id='word_1_646' title='bbox 3547 4015 3561 4052; x_wconf 91' lang='lat'><strong>:</strong></span> <span class='ocrx_word' id='word_1_647' title='bbox 3605 3995 3674 4050; x_wconf 83' lang='lat' dir='ltr'><strong>Et</strong></span> 
     </span>
    </p>
   </div>
   <div class='ocr_carea' id='block_1_84' title="bbox 2085 4087 3434 4160">
    <p class='ocr_par' dir='ltr' id='par_1_84' title="bbox 2085 4087 3434 4160">
     <span class='ocr_line' id='line_1_84' title="bbox 2085 4087 3434 4160; baseline -0.001 -15"><span class='ocrx_word' id='word_1_648' title='bbox 2085 4091 2198 4145; x_wconf 85' lang='lat' dir='ltr'><strong>sine</strong></span> <span class='ocrx_word' id='word_1_649' title='bbox 2229 4091 2345 4160; x_wconf 87' lang='lat' dir='ltr'><strong>ipso</strong></span> <span class='ocrx_word' id='word_1_650' title='bbox 2374 4088 2579 4157; x_wconf 76' lang='lat' dir='ltr'><strong>factum</strong></span> <span class='ocrx_word' id='word_1_651' title='bbox 2611 4096 2690 4143; x_wconf 85' lang='lat' dir='ltr'><strong>est</strong></span> <span class='ocrx_word' id='word_1_652' title='bbox 2719 4087 2876 4154; x_wconf 85' lang='lat' dir='ltr'><strong>nihil,</strong></span> <span class='ocrx_word' id='word_1_653' title='bbox 2919 4087 3061 4159; x_wconf 81' lang='lat' dir='ltr'><strong>quod</strong></span> <span class='ocrx_word' id='word_1_654' title='bbox 3099 4088 3307 4158; x_wconf 78' lang='lat' dir='ltr'><strong>factum</strong></span> <span class='ocrx_word' id='word_1_655' title='bbox 3335 4098 3434 4144; x_wconf 77' lang='lat' dir='ltr'><strong>est.</strong></span> 
     </span>
    </p>
   </div>
   <div class='ocr_carea' id='block_1_85' title="bbox 2155 4178 3677 4248">
    <p class='ocr_par' dir='ltr' id='par_1_85' title="bbox 2155 4178 3677 4248">
     <span class='ocr_line' id='line_1_85' title="bbox 2155 4178 3677 4248; baseline 0.002 -14"><span class='ocrx_word' id='word_1_656' title='bbox 2155 4179 2328 4236; x_wconf 71' lang='lat' dir='ltr'><strong>Vnus.</strong></span> <span class='ocrx_word' id='word_1_657' title='bbox 2365 4179 2420 4234; x_wconf 72' lang='grc'>4.</span> <span class='ocrx_word' id='word_1_658' title='bbox 2451 4208 2524 4221; x_wconf 91' lang='lat'>—</span> <span class='ocrx_word' id='word_1_659' title='bbox 2561 4178 2625 4233; x_wconf 87' lang='lat' dir='ltr'><strong>In</strong></span> <span class='ocrx_word' id='word_1_660' title='bbox 2651 4180 2767 4248; x_wconf 86' lang='lat' dir='ltr'><strong>ipso</strong></span> <span class='ocrx_word' id='word_1_661' title='bbox 2797 4179 2907 4234; x_wconf 78' lang='lat' dir='ltr'><strong>vita</strong></span> <span class='ocrx_word' id='word_1_662' title='bbox 2931 4188 3068 4235; x_wconf 87' lang='lat' dir='ltr'><strong>erat.</strong></span> <span class='ocrx_word' id='word_1_663' title='bbox 3094 4180 3370 4247; x_wconf 82' lang='lat' dir='ltr'><strong>Quoniam</strong></span> <span class='ocrx_word' id='word_1_664' title='bbox 3396 4181 3505 4236; x_wconf 89' lang='lat' dir='ltr'><strong>vim</strong></span> <span class='ocrx_word' id='word_1_665' title='bbox 3535 4181 3677 4237; x_wconf 86' lang='lat' dir='ltr'><strong>vivi-</strong></span> 
     </span>
    </p>
   </div>
   <div class='ocr_carea' id='block_1_86' title="bbox 2085 4269 3678 4335">
    <p class='ocr_par' dir='ltr' id='par_1_86' title="bbox 2085 4269 3678 4335">
     <span class='ocr_line' id='line_1_86' title="bbox 2085 4269 3678 4335; baseline 0.001 -11"><span class='ocrx_word' id='word_1_666' title='bbox 2085 4271 2242 4325; x_wconf 83' lang='lat' dir='ltr'><strong>ficam</strong></span> <span class='ocrx_word' id='word_1_667' title='bbox 2318 4269 2450 4324; x_wconf 90' lang='lat' dir='ltr'><strong>facit</strong></span> <span class='ocrx_word' id='word_1_668' title='bbox 2503 4272 2808 4335; x_wconf 89' lang='lat' dir='ltr'><strong>scaturire,</strong></span> <span class='ocrx_word' id='word_1_669' title='bbox 2877 4272 2952 4325; x_wconf 91' lang='lat' dir='ltr'><strong>ita</strong></span> <span class='ocrx_word' id='word_1_670' title='bbox 3002 4280 3062 4326; x_wconf 91' lang='lat' dir='ltr'><strong>ut</strong></span> <span class='ocrx_word' id='word_1_671' title='bbox 3121 4287 3232 4326; x_wconf 93' lang='lat' dir='ltr'><strong>non</strong></span> <span class='ocrx_word' id='word_1_672' title='bbox 3287 4272 3468 4327; x_wconf 92' lang='lat' dir='ltr'><strong>solum</strong></span> <span class='ocrx_word' id='word_1_673' title='bbox 3525 4272 3678 4327; x_wconf 82' lang='lat' dir='ltr'><strong>vivat</strong></span> 
     </span>
    </p>
   </div>
   <div class='ocr_carea' id='block_1_87' title="bbox 2084 4362 3677 4433">
    <p class='ocr_par' dir='ltr' id='par_1_87' title="bbox 2084 4362 3677 4433">
     <span class='ocr_line' id='line_1_87' title="bbox 2084 4362 3677 4433; baseline 0.001 -15"><span class='ocrx_word' id='word_1_674' title='bbox 2084 4364 2240 4433; x_wconf 90' lang='lat' dir='ltr'><strong>ipse,</strong></span> <span class='ocrx_word' id='word_1_675' title='bbox 2302 4378 2494 4419; x_wconf 89' lang='lat' dir='ltr'><strong>verum</strong></span> <span class='ocrx_word' id='word_1_676' title='bbox 2559 4364 2722 4418; x_wconf 90' lang='lat' dir='ltr'><strong>etiam</strong></span> <span class='ocrx_word' id='word_1_677' title='bbox 2781 4362 2906 4418; x_wconf 90' lang='lat' dir='ltr'><strong>aliis</strong></span> <span class='ocrx_word' id='word_1_678' title='bbox 2966 4362 3136 4418; x_wconf 86' lang='lat' dir='ltr'><strong>vitam</strong></span> <span class='ocrx_word' id='word_1_679' title='bbox 3196 4371 3444 4432; x_wconf 81' lang='lat' dir='ltr'><strong>praestet.</strong></span> <span class='ocrx_word' id='word_1_680' title='bbox 3515 4363 3677 4420; x_wconf 85' lang='lat' dir='ltr'><strong>Unde</strong></span> 
     </span>
    </p>
   </div>
   <div class='ocr_carea' id='block_1_88' title="bbox 2085 4454 3672 4525">
    <p class='ocr_par' dir='ltr' id='par_1_88' title="bbox 2085 4454 3672 4525">
     <span class='ocr_line' id='line_1_88' title="bbox 2085 4454 3672 4525; baseline -0.001 -14"><span class='ocrx_word' id='word_1_681' title='bbox 2085 4456 2339 4525; x_wconf 86' lang='lat' dir='ltr'><strong>sequitur</strong></span> <span class='ocrx_word' id='word_1_682' title='bbox 2369 4472 2384 4510; x_wconf 87' lang='lat'><strong>:</strong></span> <span class='ocrx_word' id='word_1_683' title='bbox 2416 4454 2487 4508; x_wconf 80' lang='lat' dir='ltr'><strong>Et</strong></span> <span class='ocrx_word' id='word_1_684' title='bbox 2523 4456 2636 4510; x_wconf 83' lang='lat' dir='ltr'><strong>sine</strong></span> <span class='ocrx_word' id='word_1_685' title='bbox 2669 4456 2784 4524; x_wconf 85' lang='lat' dir='ltr'><strong>ipso</strong></span> <span class='ocrx_word' id='word_1_686' title='bbox 2823 4455 3027 4524; x_wconf 78' lang='lat' dir='ltr'><strong>factum</strong></span> <span class='ocrx_word' id='word_1_687' title='bbox 3073 4465 3152 4510; x_wconf 82' lang='lat' dir='ltr'><strong>est</strong></span> <span class='ocrx_word' id='word_1_688' title='bbox 3207 4455 3346 4510; x_wconf 85' lang='lat' dir='ltr'><strong>nihil</strong></span> <span class='ocrx_word' id='word_1_689' title='bbox 3377 4455 3516 4525; x_wconf 86' lang='lat' dir='ltr'><strong>quod</strong></span> <span class='ocrx_word' id='word_1_690' title='bbox 3555 4456 3672 4525; x_wconf 78' lang='lat' dir='ltr'><strong>fac-</strong></span> 
     </span>
    </p>
   </div>
   <div class='ocr_carea' id='block_1_89' title="bbox 390 4545 1974 4621">
    <p class='ocr_par' dir='ltr' id='par_1_89' title="bbox 390 4547 1974 4621">
     <span class='ocr_line' id='line_1_89' title="bbox 390 4547 1974 4621; baseline -0.001 -19"><span class='ocrx_word' id='word_1_691' title='bbox 390 4547 651 4619; x_wconf 81' lang='grc' dir='ltr'>Ἐποίησε</span> <span class='ocrx_word' id='word_1_692' title='bbox 668 4547 799 4620; x_wconf 87' lang='grc' dir='ltr'>γὰρ,</span> <span class='ocrx_word' id='word_1_693' title='bbox 831 4550 986 4618; x_wconf 80' lang='grc' dir='ltr'>φησὶ,</span> <span class='ocrx_word' id='word_1_694' title='bbox 1005 4548 1075 4602; x_wconf 86' lang='grc' dir='ltr'>τὰ</span> <span class='ocrx_word' id='word_1_695' title='bbox 1093 4550 1244 4614; x_wconf 69' lang='grc' dir='ltr'>ὄντα,</span> <span class='ocrx_word' id='word_1_696' title='bbox 1275 4548 1540 4621; x_wconf 77' lang='grc' dir='ltr'>πηγάζων</span> <span class='ocrx_word' id='word_1_697' title='bbox 1569 4549 1665 4620; x_wconf 82' lang='grc' dir='ltr'>τὴν</span> <span class='ocrx_word' id='word_1_698' title='bbox 1691 4548 1857 4620; x_wconf 79' lang='grc' dir='ltr'>ζωὴν,</span> <span class='ocrx_word' id='word_1_699' title='bbox 1886 4549 1974 4602; x_wconf 58' lang='grc' dir='ltr'><strong>καὶ</strong></span> 
     </span>
    </p>
   </div>
   <div class='ocr_carea' id='block_1_90' title="bbox 2075 4545 3672 4621">
    <p class='ocr_par' dir='ltr' id='par_1_90' title="bbox 2089 4545 3672 4618">
     <span class='ocr_line' id='line_1_90' title="bbox 2089 4545 3672 4618; baseline 0.001 -17"><span class='ocrx_word' id='word_1_700' title='bbox 2089 4555 2198 4602; x_wconf 83' lang='lat' dir='ltr'><strong>tum</strong></span> <span class='ocrx_word' id='word_1_701' title='bbox 2231 4554 2332 4602; x_wconf 85' lang='lat' dir='ltr'><strong>est.</strong></span> <span class='ocrx_word' id='word_1_702' title='bbox 2368 4545 2526 4602; x_wconf 85' lang='lat' dir='ltr'><strong>Fecit</strong></span> <span class='ocrx_word' id='word_1_703' title='bbox 2551 4545 2725 4613; x_wconf 87' lang='lat' dir='ltr'><strong>enim,</strong></span> <span class='ocrx_word' id='word_1_704' title='bbox 2773 4547 2977 4618; x_wconf 85' lang='lat' dir='ltr'><strong>inquit,</strong></span> <span class='ocrx_word' id='word_1_705' title='bbox 3017 4547 3224 4610; x_wconf 89' lang='lat' dir='ltr'><strong>omnia,</strong></span> <span class='ocrx_word' id='word_1_706' title='bbox 3258 4546 3428 4601; x_wconf 89' lang='lat' dir='ltr'><strong>vitam</strong></span> <span class='ocrx_word' id='word_1_707' title='bbox 3473 4563 3672 4618; x_wconf 51' lang='lat' dir='ltr'><strong>suppec</strong></span> 
     </span>
    </p>
   </div>
   <div class='ocr_carea' id='block_1_91' title="bbox 371 4636 1979 4712">
    <p class='ocr_par' dir='ltr' id='par_1_91' title="bbox 371 4636 1979 4712">
     <span class='ocr_line' id='line_1_91' title="bbox 371 4636 1979 4712; baseline -0.001 -18"><span class='ocrx_word' id='word_1_708' title='bbox 371 4639 443 4694; x_wconf 86' lang='grc' dir='ltr'><strong>οὐ</strong></span> <span class='ocrx_word' id='word_1_709' title='bbox 472 4638 708 4708; x_wconf 83' lang='grc' dir='ltr'>παράγει</span> <span class='ocrx_word' id='word_1_710' title='bbox 727 4636 886 4706; x_wconf 86' lang='grc' dir='ltr'>μόνον</span> <span class='ocrx_word' id='word_1_711' title='bbox 908 4637 1099 4706; x_wconf 83' lang='grc' dir='ltr'>φύσεις</span> <span class='ocrx_word' id='word_1_712' title='bbox 1126 4639 1334 4705; x_wconf 85' lang='grc' dir='ltr'>ἁπλῶς,</span> <span class='ocrx_word' id='word_1_713' title='bbox 1367 4638 1501 4693; x_wconf 83' lang='grc' dir='ltr'>ἀλλὰ</span> <span class='ocrx_word' id='word_1_714' title='bbox 1529 4638 1638 4712; x_wconf 79' lang='grc' dir='ltr'>γὰρ</span> <span class='ocrx_word' id='word_1_715' title='bbox 1669 4640 1764 4692; x_wconf 72' lang='grc' dir='ltr'>καὶ</span> <span class='ocrx_word' id='word_1_716' title='bbox 1797 4637 1979 4704; x_wconf 80' lang='grc' dir='ltr'>ζῶσας</span> 
     </span>
    </p>
   </div>
   <div class='ocr_carea' id='block_1_92' title="bbox 374 4733 551 4784">
    <p class='ocr_par' dir='ltr' id='par_1_92' title="bbox 374 4733 551 4784">
     <span class='ocr_line' id='line_1_92' title="bbox 374 4733 551 4784; baseline 0.006 -1"><span class='ocrx_word' id='word_1_717' title='bbox 374 4733 551 4784; x_wconf 86' lang='grc' dir='ltr'>ποιεῖ.</span> 
     </span>
    </p>
   </div>
   <div class='ocr_carea' id='block_1_93' title="bbox 469 4823 1976 4896">
    <p class='ocr_par' dir='ltr' id='par_1_93' title="bbox 469 4823 1976 4896">
     <span class='ocr_line' id='line_1_93' title="bbox 469 4823 1976 4896; baseline 0.002 -20"><span class='ocrx_word' id='word_1_718' title='bbox 469 4824 618 4878; x_wconf 74' lang='grc' dir='ltr'>Ἀντὶ</span> <span class='ocrx_word' id='word_1_719' title='bbox 657 4824 788 4880; x_wconf 67' lang='grc' dir='ltr'>τοῦ*</span> <span class='ocrx_word' id='word_1_720' title='bbox 844 4825 993 4896; x_wconf 82' lang='grc' dir='ltr'>Αὐτὴ</span> <span class='ocrx_word' id='word_1_721' title='bbox 1043 4825 1292 4896; x_wconf 83' lang='grc' dir='ltr'>μέντοιὴ</span> <span class='ocrx_word' id='word_1_722' title='bbox 1342 4823 1400 4877; x_wconf 80' lang='grc' dir='ltr'><strong>ἐν</strong></span> <span class='ocrx_word' id='word_1_723' title='bbox 1445 4823 1594 4895; x_wconf 81' lang='grc' dir='ltr'>αὐτῷ</span> <span class='ocrx_word' id='word_1_724' title='bbox 1642 4823 1872 4896; x_wconf 82' lang='grc' dir='ltr'>δύναμις</span> <span class='ocrx_word' id='word_1_725' title='bbox 1915 4827 1976 4880; x_wconf 83' lang='grc' dir='ltr'>οὐ</span> 
     </span>
    </p>
   </div>
   <div class='ocr_carea' id='block_1_94' title="bbox 376 4916 1977 4990">
    <p class='ocr_par' dir='ltr' id='par_1_94' title="bbox 376 4916 1977 4990">
     <span class='ocr_line' id='line_1_94' title="bbox 376 4916 1977 4990; baseline 0.002 -20"><span class='ocrx_word' id='word_1_726' title='bbox 376 4919 669 4984; x_wconf 77' lang='grc' dir='ltr'>ζωοποιεῖν</span> <span class='ocrx_word' id='word_1_727' title='bbox 713 4919 874 4990; x_wconf 86' lang='grc' dir='ltr'>μόνον</span> <span class='ocrx_word' id='word_1_728' title='bbox 917 4919 1099 4989; x_wconf 83' lang='grc' dir='ltr'>ἱκανὴ,</span> <span class='ocrx_word' id='word_1_729' title='bbox 1139 4917 1276 4972; x_wconf 87' lang='grc' dir='ltr'>ἀλλὰ</span> <span class='ocrx_word' id='word_1_730' title='bbox 1307 4917 1402 4972; x_wconf 74' lang='grc' dir='ltr'><strong>καὶ</strong></span> <span class='ocrx_word' id='word_1_731' title='bbox 1437 4917 1693 4988; x_wconf 81' lang='grc' dir='ltr'>γνώσεως</span> <span class='ocrx_word' id='word_1_732' title='bbox 1734 4916 1977 4990; x_wconf 81' lang='grc' dir='ltr'>πληροῦν</span> 
     </span>
    </p>
   </div>
   <div class='ocr_carea' id='block_1_95' title="bbox 375 5009 1193 5081">
    <p class='ocr_par' dir='ltr' id='par_1_95' title="bbox 375 5009 1193 5081">
     <span class='ocr_line' id='line_1_95' title="bbox 375 5009 1193 5081; baseline 0.001 -19"><span class='ocrx_word' id='word_1_733' title='bbox 375 5011 480 5072; x_wconf 78' lang='grc' dir='ltr'>τὰς</span> <span class='ocrx_word' id='word_1_734' title='bbox 513 5010 623 5063; x_wconf 84' lang='grc' dir='ltr'><strong>τῶν</strong></span> <span class='ocrx_word' id='word_1_735' title='bbox 654 5009 961 5081; x_wconf 83' lang='grc' dir='ltr'>ἀνθρώπων</span> <span class='ocrx_word' id='word_1_736' title='bbox 993 5009 1193 5081; x_wconf 78' lang='grc' dir='ltr'>ψυχάς.</span> 
     </span>
    </p>
   </div>
   <div class='ocr_carea' id='block_1_96' title="bbox 455 5101 1974 5174">
    <p class='ocr_par' dir='ltr' id='par_1_96' title="bbox 455 5101 1974 5174">
     <span class='ocr_line' id='line_1_96' title="bbox 455 5101 1974 5174; baseline 0.001 -22"><span class='ocrx_word' id='word_1_737' title='bbox 455 5101 604 5171; x_wconf 85' lang='grc' dir='ltr'>Στίχ.</span> <span class='ocrx_word' id='word_1_738' title='bbox 640 5106 715 5166; x_wconf 81' lang='grc' dir='ltr'>ς’.</span> <span class='ocrx_word' id='word_1_739' title='bbox 746 5132 816 5144; x_wconf 83' lang='lat'><strong>—</strong></span> <span class='ocrx_word' id='word_1_740' title='bbox 838 5101 1233 5174; x_wconf 87' lang='grc' dir='ltr'>Μετεληλυθὼς</span> <span class='ocrx_word' id='word_1_741' title='bbox 1263 5101 1338 5172; x_wconf 84' lang='grc'>(6)</span> <span class='ocrx_word' id='word_1_742' title='bbox 1377 5101 1566 5156; x_wconf 85' lang='grc' dir='ltr'>λοιπὸν</span> <span class='ocrx_word' id='word_1_743' title='bbox 1596 5103 1689 5156; x_wconf 71' lang='grc' dir='ltr'><strong>ἐπὶ</strong></span> <span class='ocrx_word' id='word_1_744' title='bbox 1717 5101 1817 5172; x_wconf 86' lang='grc' dir='ltr'>τὴν</span> <span class='ocrx_word' id='word_1_745' title='bbox 1850 5101 1974 5154; x_wconf 79' lang='grc' dir='ltr'>ἐπι-</span> 
     </span>
    </p>
   </div>
   <div class='ocr_carea' id='block_1_97' title="bbox 377 5187 1977 5265">
    <p class='ocr_par' dir='ltr' id='par_1_97' title="bbox 377 5187 1977 5265">
     <span class='ocr_line' id='line_1_97' title="bbox 377 5187 1977 5265; baseline 0 -19"><span class='ocrx_word' id='word_1_746' title='bbox 377 5191 613 5262; x_wconf 82' lang='grc' dir='ltr'>φάνειαν</span> <span class='ocrx_word' id='word_1_747' title='bbox 637 5191 733 5247; x_wconf 77' lang='grc' dir='ltr'>τοῦ</span> <span class='ocrx_word' id='word_1_748' title='bbox 763 5193 918 5261; x_wconf 78' lang='grc' dir='ltr'><strong>Υίοῦ,</strong></span> <span class='ocrx_word' id='word_1_749' title='bbox 952 5193 1075 5248; x_wconf 88' lang='grc' dir='ltr'>τίνα</span> <span class='ocrx_word' id='word_1_750' title='bbox 1108 5195 1174 5248; x_wconf 85' lang='grc' dir='ltr'>ἂν</span> <span class='ocrx_word' id='word_1_751' title='bbox 1205 5187 1364 5264; x_wconf 75' lang='grc' dir='ltr'>εὗρεν</span> <span class='ocrx_word' id='word_1_752' title='bbox 1389 5192 1563 5265; x_wconf 81' lang='grc' dir='ltr'>ἀρχὴν</span> <span class='ocrx_word' id='word_1_753' title='bbox 1597 5193 1813 5264; x_wconf 77' lang='grc' dir='ltr'>ἑτέραν,</span> <span class='ocrx_word' id='word_1_754' title='bbox 1840 5193 1874 5263; x_wconf 84' lang='grc' dir='ltr'>ἢ</span> <span class='ocrx_word' id='word_1_755' title='bbox 1907 5191 1977 5246; x_wconf 84' lang='grc' dir='ltr'>τὰ</span> 
     </span>
    </p>
   </div>
   <div class='ocr_carea' id='block_1_98' title="bbox 373 5278 1976 5356">
    <p class='ocr_par' dir='ltr' id='par_1_98' title="bbox 373 5278 1976 5356">
     <span class='ocr_line' id='line_1_98' title="bbox 373 5278 1976 5356; baseline -0.001 -19"><span class='ocrx_word' id='word_1_756' title='bbox 373 5283 528 5338; x_wconf 78' lang='grc' dir='ltr'>κατὰ</span> <span class='ocrx_word' id='word_1_757' title='bbox 550 5283 639 5338; x_wconf 77' lang='grc' dir='ltr'>τὸν</span> <span class='ocrx_word' id='word_1_758' title='bbox 675 5283 962 5356; x_wconf 83' lang='grc' dir='ltr'>Ίωάννην;</span> <span class='ocrx_word' id='word_1_759' title='bbox 993 5285 1109 5353; x_wconf 84' lang='grc' dir='ltr'><strong>’Δφ’</strong></span> <span class='ocrx_word' id='word_1_760' title='bbox 1139 5278 1200 5339; x_wconf 75' lang='grc' dir='ltr'><strong>οὗ</strong></span> <span class='ocrx_word' id='word_1_761' title='bbox 1224 5283 1608 5356; x_wconf 77' lang='grc' dir='ltr'>γνωρίζεσθαι,</span> <span class='ocrx_word' id='word_1_762' title='bbox 1638 5285 1786 5347; x_wconf 83' lang='grc' dir='ltr'>ὅστις</span> <span class='ocrx_word' id='word_1_763' title='bbox 1815 5278 1882 5354; x_wconf 85' lang='grc' dir='ltr'>ἦν</span> <span class='ocrx_word' id='word_1_764' title='bbox 1917 5282 1976 5347; x_wconf 88' lang='grc' dir='ltr'>ὃς</span> 
     </span>
    </p>
   </div>
   <div class='ocr_carea' id='block_1_99' title="bbox 373 5375 966 5448">
    <p class='ocr_par' dir='ltr' id='par_1_99' title="bbox 373 5375 966 5448">
     <span class='ocr_line' id='line_1_99' title="bbox 373 5375 966 5448; baseline -0.003 -16"><span class='ocrx_word' id='word_1_765' title='bbox 373 5378 480 5446; x_wconf 86' lang='grc' dir='ltr'><strong>τὴν</strong></span> <span class='ocrx_word' id='word_1_766' title='bbox 516 5375 689 5448; x_wconf 77' lang='grc' dir='ltr'>ἀρχὴν</span> <span class='ocrx_word' id='word_1_767' title='bbox 724 5375 966 5440; x_wconf 71' lang='grc' dir='ltr'>ἐδέξατο.</span> 
     </span>
    </p>
   </div>
   <div class='ocr_carea' id='block_1_100' title="bbox 459 5552 1964 5625">
    <p class='ocr_par' dir='ltr' id='par_1_100' title="bbox 459 5552 1964 5625">
     <span class='ocr_line' id='line_1_100' title="bbox 459 5552 1964 5625; baseline 0.002 -19"><span class='ocrx_word' id='word_1_768' title='bbox 459 5554 536 5625; x_wconf 87' lang='lat' dir='ltr'><strong>(l)</strong></span> <span class='ocrx_word' id='word_1_769' title='bbox 557 5555 630 5608; x_wconf 80' lang='lat' dir='ltr'><strong>Ex</strong></span> <span class='ocrx_word' id='word_1_770' title='bbox 653 5552 915 5609; x_wconf 87' lang='lat' dir='ltr'><strong>Vaticana</strong></span> <span class='ocrx_word' id='word_1_771' title='bbox 933 5553 1138 5625; x_wconf 78' lang='lat' dir='ltr'><strong>Evang.</strong></span> <span class='ocrx_word' id='word_1_772' title='bbox 1155 5554 1595 5625; x_wconf 71' lang='lat' dir='ltr'><strong>catenacd.Ang.</strong></span> <span class='ocrx_word' id='word_1_773' title='bbox 1615 5553 1788 5610; x_wconf 82' lang='lat' dir='ltr'><strong>Maius</strong></span> <span class='ocrx_word' id='word_1_774' title='bbox 1815 5554 1964 5610; x_wconf 71' lang='lat' dir='ltr'><strong>Scr:-</strong></span> 
     </span>
    </p>
   </div>
   <div class='ocr_carea' id='block_1_101' title="bbox 375 5623 1968 5696">
    <p class='ocr_par' dir='ltr' id='par_1_101' title="bbox 375 5623 1968 5696">
     <span class='ocr_line' id='line_1_101' title="bbox 375 5623 1968 5696; baseline -0.001 -16"><span class='ocrx_word' id='word_1_775' title='bbox 375 5623 525 5696; x_wconf 78' lang='lat' dir='ltr'><strong>ptor.</strong></span> <span class='ocrx_word' id='word_1_776' title='bbox 553 5634 673 5696; x_wconf 72' lang='grc' dir='ltr'>ιιειι.</span> <span class='ocrx_word' id='word_1_777' title='bbox 704 5641 839 5696; x_wconf 85' lang='lat' dir='ltr'><strong>nova</strong></span> <span class='ocrx_word' id='word_1_778' title='bbox 873 5623 1105 5688; x_wconf 78' lang='lat' dir='ltr'><strong>collecl.,</strong></span> <span class='ocrx_word' id='word_1_779' title='bbox 1127 5625 1312 5696; x_wconf 76' lang='lat' dir='ltr'><strong>t._l,p.</strong></span> <span class='ocrx_word' id='word_1_780' title='bbox 1339 5623 1465 5680; x_wconf 70' lang='lat'><strong>225.</strong></span> <span class='ocrx_word' id='word_1_781' title='bbox 1501 5623 1593 5694; x_wconf 77' lang='lat' dir='ltr'><strong>qui</strong></span> <span class='ocrx_word' id='word_1_782' title='bbox 1627 5642 1679 5696; x_wconf 88' lang='lat' dir='ltr'><strong>p.</strong></span> <span class='ocrx_word' id='word_1_783' title='bbox 1711 5626 1815 5681; x_wconf 85' lang='lat'><strong>575</strong></span> <span class='ocrx_word' id='word_1_784' title='bbox 1835 5641 1968 5680; x_wconf 86' lang='lat' dir='ltr'><strong>con-</strong></span> 
     </span>
    </p>
   </div>
   <div class='ocr_carea' id='block_1_102' title="bbox 378 5693 1964 5768">
    <p class='ocr_par' dir='ltr' id='par_1_102' title="bbox 378 5693 1964 5768">
     <span class='ocr_line' id='line_1_102' title="bbox 378 5693 1964 5768; baseline 0.002 -20"><span class='ocrx_word' id='word_1_785' title='bbox 378 5694 699 5768; x_wconf 62' lang='lat' dir='ltr'><strong>ferrrjuhet</strong></span> <span class='ocrx_word' id='word_1_786' title='bbox 747 5695 893 5768; x_wconf 64' lang='lat' dir='ltr'><strong>hunc</strong></span> <span class='ocrx_word' id='word_1_787' title='bbox 920 5693 1391 5768; x_wconf 63' lang='lat' dir='ltr'><strong>_locuanr:ecum</strong></span> <span class='ocrx_word' id='word_1_788' title='bbox 1435 5693 1558 5768; x_wconf 76' lang='lat' dir='ltr'><strong>cum</strong></span> <span class='ocrx_word' id='word_1_789' title='bbox 1598 5693 1790 5753; x_wconf 57' lang='lat' dir='ltr'><strong>ljatino</strong></span> <span class='ocrx_word' id='word_1_790' title='bbox 1821 5697 1964 5768; x_wconf 84' lang='lat' dir='ltr'><strong>apud</strong></span> 
     </span>
    </p>
   </div>
   <div class='ocr_carea' id='block_1_103' title="bbox 378 5764 1569 5836">
    <p class='ocr_par' dir='ltr' id='par_1_103' title="bbox 378 5764 1569 5836">
     <span class='ocr_line' id='line_1_103' title="bbox 378 5764 1569 5836; baseline 0.002 -16"><span class='ocrx_word' id='word_1_791' title='bbox 378 5765 770 5820; x_wconf 80' lang='lat' dir='ltr'><strong>Combclisium</strong></span> <span class='ocrx_word' id='word_1_792' title='bbox 807 5764 947 5820; x_wconf 88' lang='lat' dir='ltr'><strong>Bibl.</strong></span> <span class='ocrx_word' id='word_1_793' title='bbox 991 5767 1253 5835; x_wconf 69' lang='lat' dir='ltr'><strong>conciam,</strong></span> <span class='ocrx_word' id='word_1_794' title='bbox 1283 5767 1323 5834; x_wconf 84' lang='lat' dir='ltr'><strong>l,</strong></span> <span class='ocrx_word' id='word_1_795' title='bbox 1361 5781 1412 5836; x_wconf 87' lang='lat' dir='ltr'><strong>p.</strong></span> <span class='ocrx_word' id='word_1_796' title='bbox 1443 5765 1569 5822; x_wconf 74' lang='lat' dir='ltr'><strong>28L</strong></span> 
     </span>
    </p>
   </div>
   <div class='ocr_carea' id='block_1_104' title="bbox 457 5835 1082 5907">
    <p class='ocr_par' dir='ltr' id='par_1_104' title="bbox 457 5835 1082 5907">
     <span class='ocr_line' id='line_1_104' title="bbox 457 5835 1082 5907; baseline -0.006 -13"><span class='ocrx_word' id='word_1_797' title='bbox 457 5835 720 5905; x_wconf 71' lang='lat' dir='ltr'><strong>(‘2)Cord.</strong></span> <span class='ocrx_word' id='word_1_798' title='bbox 766 5845 870 5893; x_wconf 89' lang='lat' dir='ltr'><strong>cat.</strong></span> <span class='ocrx_word' id='word_1_799' title='bbox 903 5851 955 5907; x_wconf 76' lang='grc' dir='ltr'>ν.</span> <span class='ocrx_word' id='word_1_800' title='bbox 997 5837 1082 5890; x_wconf 84' lang='lat' dir='ltr'><strong>l7.</strong></span> 
     </span>
    </p>
   </div>
   <div class='ocr_carea' id='block_1_105' title="bbox 2085 4639 3676 4710">
    <p class='ocr_par' dir='ltr' id='par_1_105' title="bbox 2085 4639 3676 4710">
     <span class='ocr_line' id='line_1_105' title="bbox 2085 4639 3676 4710; baseline -0.003 -13"><span class='ocrx_word' id='word_1_801' title='bbox 2085 4642 2288 4706; x_wconf 89' lang='lat' dir='ltr'><strong>ditans,</strong></span> <span class='ocrx_word' id='word_1_802' title='bbox 2345 4641 2421 4696; x_wconf 88' lang='lat' dir='ltr'><strong>ita</strong></span> <span class='ocrx_word' id='word_1_803' title='bbox 2473 4650 2531 4696; x_wconf 90' lang='lat' dir='ltr'><strong>ut</strong></span> <span class='ocrx_word' id='word_1_804' title='bbox 2582 4656 2693 4697; x_wconf 91' lang='lat' dir='ltr'><strong>non</strong></span> <span class='ocrx_word' id='word_1_805' title='bbox 2743 4649 2975 4696; x_wconf 88' lang='lat' dir='ltr'><strong>naturas</strong></span> <span class='ocrx_word' id='word_1_806' title='bbox 3018 4640 3290 4696; x_wconf 80' lang='lat' dir='ltr'><strong>duntaxat</strong></span> <span class='ocrx_word' id='word_1_807' title='bbox 3349 4639 3676 4710; x_wconf 87' lang='lat' dir='ltr'><strong>simpliciter</strong></span> 
     </span>
    </p>
   </div>
   <div class='ocr_carea' id='block_1_106' title="bbox 2083 4733 3013 4806">
    <p class='ocr_par' dir='ltr' id='par_1_106' title="bbox 2083 4733 3013 4806">
     <span class='ocr_line' id='line_1_106' title="bbox 2083 4733 3013 4806; baseline 0.002 -18"><span class='ocrx_word' id='word_1_808' title='bbox 2083 4734 2384 4806; x_wconf 86' lang='lat' dir='ltr'><strong>producat,</strong></span> <span class='ocrx_word' id='word_1_809' title='bbox 2418 4733 2516 4791; x_wconf 88' lang='lat' dir='ltr'><strong>sed</strong></span> <span class='ocrx_word' id='word_1_810' title='bbox 2545 4736 2713 4790; x_wconf 89' lang='lat' dir='ltr'><strong>etiam</strong></span> <span class='ocrx_word' id='word_1_811' title='bbox 2750 4734 3013 4790; x_wconf 83' lang='lat' dir='ltr'><strong>vivificet.</strong></span> 
     </span>
    </p>
   </div>
   <div class='ocr_carea' id='block_1_107' title="bbox 2157 4821 3674 4897">
    <p class='ocr_par' dir='ltr' id='par_1_107' title="bbox 2157 4821 3674 4897">
     <span class='ocr_line' id='line_1_107' title="bbox 2157 4821 3674 4897; baseline -0.002 -16"><span class='ocrx_word' id='word_1_812' title='bbox 2157 4826 2436 4894; x_wconf 84' lang='lat' dir='ltr'><strong>Quoniam</strong></span> <span class='ocrx_word' id='word_1_813' title='bbox 2472 4827 2666 4883; x_wconf 91' lang='lat' dir='ltr'><strong>eadem</strong></span> <span class='ocrx_word' id='word_1_814' title='bbox 2705 4827 2762 4882; x_wconf 91' lang='lat' dir='ltr'><strong>in</strong></span> <span class='ocrx_word' id='word_1_815' title='bbox 2801 4827 2921 4897; x_wconf 90' lang='lat' dir='ltr'><strong>ipso</strong></span> <span class='ocrx_word' id='word_1_816' title='bbox 2951 4825 3154 4892; x_wconf 88' lang='lat' dir='ltr'><strong>virtus,</strong></span> <span class='ocrx_word' id='word_1_817' title='bbox 3180 4839 3294 4879; x_wconf 89' lang='lat' dir='ltr'><strong>non</strong></span> <span class='ocrx_word' id='word_1_818' title='bbox 3325 4821 3674 4878; x_wconf 78' lang='lat' dir='ltr'><strong>vivificandis</strong></span> 
     </span>
    </p>
   </div>
   <div class='ocr_carea' id='block_1_108' title="bbox 2078 4915 3674 4983">
    <p class='ocr_par' dir='ltr' id='par_1_108' title="bbox 2078 4915 3674 4983">
     <span class='ocr_line' id='line_1_108' title="bbox 2078 4915 3674 4983; baseline -0.004 -5"><span class='ocrx_word' id='word_1_819' title='bbox 2078 4920 2260 4978; x_wconf 90' lang='lat' dir='ltr'><strong>solum</strong></span> <span class='ocrx_word' id='word_1_820' title='bbox 2294 4919 2595 4976; x_wconf 87' lang='lat' dir='ltr'><strong>animabus</strong></span> <span class='ocrx_word' id='word_1_821' title='bbox 2621 4919 2933 4983; x_wconf 84' lang='lat' dir='ltr'><strong>hominum,</strong></span> <span class='ocrx_word' id='word_1_822' title='bbox 2960 4932 3153 4975; x_wconf 86' lang='lat' dir='ltr'><strong>verum</strong></span> <span class='ocrx_word' id='word_1_823' title='bbox 3189 4917 3359 4973; x_wconf 87' lang='lat' dir='ltr'><strong>etiam</strong></span> <span class='ocrx_word' id='word_1_824' title='bbox 3399 4915 3552 4972; x_wconf 90' lang='lat' dir='ltr'><strong>omni</strong></span> <span class='ocrx_word' id='word_1_825' title='bbox 3579 4930 3674 4971; x_wconf 86' lang='lat' dir='ltr'><strong>co-</strong></span> 
     </span>
    </p>
   </div>
   <div class='ocr_carea' id='block_1_109' title="bbox 2079 5010 3358 5083">
    <p class='ocr_par' dir='ltr' id='par_1_109' title="bbox 2079 5010 3358 5083">
     <span class='ocr_line' id='line_1_109' title="bbox 2079 5010 3358 5083; baseline -0.003 -17"><span class='ocrx_word' id='word_1_826' title='bbox 2079 5010 2332 5083; x_wconf 82' lang='lat' dir='ltr'><strong>gnitione</strong></span> <span class='ocrx_word' id='word_1_827' title='bbox 2363 5011 2488 5066; x_wconf 90' lang='lat' dir='ltr'><strong>illas</strong></span> <span class='ocrx_word' id='word_1_828' title='bbox 2522 5011 2841 5067; x_wconf 86' lang='lat' dir='ltr'><strong>imbuendis</strong></span> <span class='ocrx_word' id='word_1_829' title='bbox 2876 5011 3098 5068; x_wconf 86' lang='lat' dir='ltr'><strong>abunde</strong></span> <span class='ocrx_word' id='word_1_830' title='bbox 3124 5010 3358 5067; x_wconf 76' lang='lat' dir='ltr'><strong>sufficit.</strong></span> 
     </span>
    </p>
   </div>
   <div class='ocr_carea' id='block_1_110' title="bbox 2150 5102 3668 5174">
    <p class='ocr_par' dir='ltr' id='par_1_110' title="bbox 2150 5102 3668 5174">
     <span class='ocr_line' id='line_1_110' title="bbox 2150 5102 3668 5174; baseline -0.003 -16"><span class='ocrx_word' id='word_1_831' title='bbox 2150 5104 2316 5160; x_wconf 73' lang='lat' dir='ltr'><strong>Vens.</strong></span> <span class='ocrx_word' id='word_1_832' title='bbox 2339 5103 2468 5157; x_wconf 89' lang='lat'><strong>6.—</strong></span> <span class='ocrx_word' id='word_1_833' title='bbox 2488 5105 2760 5160; x_wconf 65' lang='lat' dir='ltr'><strong>Caeterum</strong></span> <span class='ocrx_word' id='word_1_834' title='bbox 2792 5103 2862 5159; x_wconf 89' lang='lat' dir='ltr'><strong>ad</strong></span> <span class='ocrx_word' id='word_1_835' title='bbox 2884 5102 3009 5158; x_wconf 89' lang='lat' dir='ltr'><strong>Filii</strong></span> <span class='ocrx_word' id='word_1_836' title='bbox 3042 5102 3446 5174; x_wconf 82' lang='lat' dir='ltr'><strong>apparitionem</strong></span> <span class='ocrx_word' id='word_1_837' title='bbox 3479 5107 3668 5154; x_wconf 85' lang='lat' dir='ltr'><strong>trans-</strong></span> 
     </span>
    </p>
   </div>
   <div class='ocr_carea' id='block_1_111' title="bbox 2075 5191 3667 5269">
    <p class='ocr_par' dir='ltr' id='par_1_111' title="bbox 2075 5191 3667 5269">
     <span class='ocr_line' id='line_1_111' title="bbox 2075 5191 3667 5269; baseline -0.008 -15"><span class='ocrx_word' id='word_1_838' title='bbox 2075 5200 2232 5263; x_wconf 88' lang='lat' dir='ltr'><strong>iens,</strong></span> <span class='ocrx_word' id='word_1_839' title='bbox 2295 5199 2559 5269; x_wconf 90' lang='lat' dir='ltr'><strong>quidnam</strong></span> <span class='ocrx_word' id='word_1_840' title='bbox 2628 5196 2780 5252; x_wconf 91' lang='lat' dir='ltr'><strong>aliud</strong></span> <span class='ocrx_word' id='word_1_841' title='bbox 2843 5195 3180 5266; x_wconf 84' lang='lat' dir='ltr'><strong>principium</strong></span> <span class='ocrx_word' id='word_1_842' title='bbox 3239 5191 3451 5249; x_wconf 84' lang='lat' dir='ltr'><strong>invenit</strong></span> <span class='ocrx_word' id='word_1_843' title='bbox 3501 5202 3667 5258; x_wconf 87' lang='lat' dir='ltr'><strong>quam</strong></span> 
     </span>
    </p>
   </div>
   <div class='ocr_carea' id='block_1_112' title="bbox 2075 5277 3670 5348">
    <p class='ocr_par' dir='ltr' id='par_1_112' title="bbox 2075 5277 3670 5348">
     <span class='ocr_line' id='line_1_112' title="bbox 2075 5277 3670 5348; baseline -0.008 -6"><span class='ocrx_word' id='word_1_844' title='bbox 2075 5287 2212 5343; x_wconf 93' lang='lat' dir='ltr'><strong>illud</strong></span> <span class='ocrx_word' id='word_1_845' title='bbox 2263 5286 2570 5342; x_wconf 88' lang='lat' dir='ltr'><strong>secundum</strong></span> <span class='ocrx_word' id='word_1_846' title='bbox 2616 5284 2925 5340; x_wconf 83' lang='lat' dir='ltr'><strong>Joannem?</strong></span> <span class='ocrx_word' id='word_1_847' title='bbox 2983 5281 3140 5338; x_wconf 87' lang='lat' dir='ltr'><strong>Unde</strong></span> <span class='ocrx_word' id='word_1_848' title='bbox 3190 5281 3318 5336; x_wconf 90' lang='lat' dir='ltr'><strong>licet</strong></span> <span class='ocrx_word' id='word_1_849' title='bbox 3363 5277 3670 5348; x_wconf 74' lang='lat' dir='ltr'><strong>intelligere</strong></span> 
     </span>
    </p>
   </div>
   <div class='ocr_carea' id='block_1_113' title="bbox 2074 5376 3077 5450">
    <p class='ocr_par' dir='ltr' id='par_1_113' title="bbox 2074 5376 3077 5450">
     <span class='ocr_line' id='line_1_113' title="bbox 2074 5376 3077 5450; baseline -0.008 -16"><span class='ocrx_word' id='word_1_850' title='bbox 2074 5379 2201 5450; x_wconf 81' lang='lat' dir='ltr'><strong>quis</strong></span> <span class='ocrx_word' id='word_1_851' title='bbox 2230 5379 2304 5436; x_wconf 86' lang='lat' dir='ltr'><strong>sit</strong></span> <span class='ocrx_word' id='word_1_852' title='bbox 2333 5379 2430 5450; x_wconf 91' lang='lat' dir='ltr'><strong>qui</strong></span> <span class='ocrx_word' id='word_1_853' title='bbox 2471 5377 2808 5448; x_wconf 88' lang='lat' dir='ltr'><strong>principium</strong></span> <span class='ocrx_word' id='word_1_854' title='bbox 2842 5376 3077 5445; x_wconf 87' lang='lat' dir='ltr'><strong>accepit.</strong></span> 
     </span>
    </p>
   </div>
   <div class='ocr_carea' id='block_1_114' title="bbox 2147 5548 3228 5624">
    <p class='ocr_par' dir='ltr' id='par_1_114' title="bbox 2147 5548 3228 5624">
     <span class='ocr_line' id='line_1_114' title="bbox 2147 5548 3228 5624; baseline -0.004 -16"><span class='ocrx_word' id='word_1_855' title='bbox 2147 5555 2224 5624; x_wconf 84' lang='lat'><strong>(&#39;5)</strong></span> <span class='ocrx_word' id='word_1_856' title='bbox 2258 5553 2323 5609; x_wconf 83' lang='lat' dir='ltr'><strong>V.</strong></span> <span class='ocrx_word' id='word_1_857' title='bbox 2353 5555 2523 5621; x_wconf 82' lang='grc' dir='ltr'>δεῖξαι</span> <span class='ocrx_word' id='word_1_858' title='bbox 2559 5555 2611 5609; x_wconf 92' lang='lat' dir='ltr'><strong>in</strong></span> <span class='ocrx_word' id='word_1_859' title='bbox 2643 5560 2835 5624; x_wconf 72' lang='lat' dir='ltr'><strong>catena</strong></span> <span class='ocrx_word' id='word_1_860' title='bbox 2871 5568 2978 5608; x_wconf 89' lang='lat' dir='ltr'><strong>non</strong></span> <span class='ocrx_word' id='word_1_861' title='bbox 3012 5548 3228 5622; x_wconf 77' lang='lat' dir='ltr'><strong>legitur.</strong></span> 
     </span>
    </p>
   </div>
   <div class='ocr_carea' id='block_1_115' title="bbox 2149 5622 2916 5695">
    <p class='ocr_par' dir='ltr' id='par_1_115' title="bbox 2149 5622 2916 5695">
     <span class='ocr_line' id='line_1_115' title="bbox 2149 5622 2916 5695; baseline -0.001 -17"><span class='ocrx_word' id='word_1_862' title='bbox 2149 5622 2225 5695; x_wconf 70' lang='grc'>(4)</span> <span class='ocrx_word' id='word_1_863' title='bbox 2259 5625 2378 5679; x_wconf 85' lang='lat' dir='ltr'><strong>Cat.</strong></span> <span class='ocrx_word' id='word_1_864' title='bbox 2414 5641 2466 5695; x_wconf 89' lang='lat' dir='ltr'><strong>p.</strong></span> <span class='ocrx_word' id='word_1_865' title='bbox 2507 5625 2588 5689; x_wconf 85' lang='lat' dir='ltr'><strong>l6,</strong></span> <span class='ocrx_word' id='word_1_866' title='bbox 2617 5624 2644 5677; x_wconf 82' lang='grc' dir='ltr'><strong>ὃ</strong></span> <span class='ocrx_word' id='word_1_867' title='bbox 2678 5622 2916 5695; x_wconf 76' lang='grc' dir='ltr'>ἐγένετο.</span> 
     </span>
    </p>
   </div>
   <div class='ocr_carea' id='block_1_116' title="bbox 2129 5694 2893 5766">
    <p class='ocr_par' dir='ltr' id='par_1_116' title="bbox 2129 5694 2893 5766">
     <span class='ocr_line' id='line_1_116' title="bbox 2129 5694 2893 5766; baseline -0.045 0"><span class='ocrx_word' id='word_1_868' title='bbox 2129 5694 2224 5766; x_wconf 74' lang='grc'>,(5)</span> <span class='ocrx_word' id='word_1_869' title='bbox 2251 5694 2422 5766; x_wconf 63' lang='lat' dir='ltr'><strong>00rd.</strong></span> <span class='ocrx_word' id='word_1_870' title='bbox 2448 5705 2555 5749; x_wconf 82' lang='lat' dir='ltr'><strong>cat.</strong></span> <span class='ocrx_word' id='word_1_871' title='bbox 2601 5711 2667 5766; x_wconf 63' lang='lat' dir='ltr'><strong>p.</strong></span> <span class='ocrx_word' id='word_1_872' title='bbox 2689 5694 2772 5766; x_wconf 76' lang='lat' dir='ltr'><strong>l8,</strong></span> <span class='ocrx_word' id='word_1_873' title='bbox 2813 5695 2893 5749; x_wconf 48' lang='lat'><strong>[9.</strong></span> 
     </span>
    </p>
   </div>
   <div class='ocr_carea' id='block_1_117' title="bbox 2149 5765 2736 5839">
    <p class='ocr_par' dir='ltr' id='par_1_117' title="bbox 2149 5765 2736 5839">
     <span class='ocr_line' id='line_1_117' title="bbox 2149 5765 2736 5839; baseline -0.003 -20"><span class='ocrx_word' id='word_1_874' title='bbox 2149 5769 2226 5839; x_wconf 68' lang='lat' dir='ltr'><strong>(ti)</strong></span> <span class='ocrx_word' id='word_1_875' title='bbox 2258 5765 2419 5821; x_wconf 71' lang='lat' dir='ltr'><strong>tjord.</strong></span> <span class='ocrx_word' id='word_1_876' title='bbox 2446 5775 2550 5822; x_wconf 87' lang='lat' dir='ltr'><strong>cat.</strong></span> <span class='ocrx_word' id='word_1_877' title='bbox 2577 5765 2736 5836; x_wconf 70' lang='lat' dir='ltr'><strong>p.2l.</strong></span> 
     </span>
    </p>
   </div>
  </div>
