4162 6536
533 394 633 454 73!

1733 394 2087 453 THEODORI
2123 394 2605 454 MOPSUESTENI

3687 369 3690 372 ’
3711 393 3809 455 732

605 514 667 569 In
703 513 780 584 (Ι)
800 513 992 568 mundo
1016 521 1152 577 erat,
1187 522 1234 569 et
1269 511 1492 567 mundus
1524 529 1616 583 per
1635 530 1752 569 eum
1779 515 1954 583 [actus
1983 530 2081 580 est,
2114 526 2163 570 et
2191 517 2416 570 mundus
2439 531 2558 569 eum
2589 530 2690 568 non
2720 515 2981 586 cognovit,
3015 512 3208 570 dicens
3234 512 3547 569 venientem
3572 512 3626 568 in
3663 514 3809 568 hunc

538 606 804 659 "ualidum
842 607 910 660 de
967 605 1197 661 Domino
1237 605 1462 660 Christo
1497 607 1635 661 bene
1669 607 1882 674 intulit,
1921 605 1987 661 In
2030 606 2224 662 mundo
2252 616 2388 674 erat,
2425 616 2485 662 ut
2531 605 2848 663 ostenderet
2874 607 3005 678 quia
3035 605 3346 664 venientem
3382 604 3450 660 ad
3495 604 3812 659 manifesta-

537 699 746 753 tioncm
789 701 996 754 retulit.
1032 700 1353 756 Substantia
1397 703 1544 756 enim
1577 709 1630 757 et
1670 711 1871 757 natura
1914 710 2036 758 erat
2069 703 2124 757 in
2167 703 2396 770 mundo,
2433 703 2632 774 inquit,
2673 712 2728 760 et
2755 710 2938 760 antea.
2971 703 3036 758 Et
3067 702 3236 760 veluti
3282 703 3386 756 hoc
3414 716 3606 772 parum
3644 711 3812 766 esset,

539 790 745 853 intulit,
778 790 1009 845 Mundus
1039 809 1130 862 per
1155 809 1269 846 eum
1303 793 1477 860 [actus
1498 802 1576 848 est
1611 809 1629 847 :
1657 794 1762 847 hoc
1795 804 1900 862 est,
1936 794 2079 860 Quid
2101 795 2302 849 mirum
2337 795 2384 851 si
2409 803 2528 850 erat
2549 796 2604 849 in
2628 793 2857 860 mundo,
2888 794 2982 866 qui
3019 811 3129 850 non
3158 803 3327 858 esset,
3358 795 3466 849 nisi
3494 795 3585 849 ille
3610 794 3818 848 voluis-

539 885 661 944 set?
695 884 800 938 Sed
842 893 1023 938 tamen
1049 893 1166 940 erat
1195 885 1417 956 quidem
1477 887 1530 940 in
1557 886 1770 941 mundo
1819 895 1874 942 et
1907 895 2087 953 antea,
2119 895 2176 942 et
2213 887 2344 942 fecit
2371 887 2536 944 etiam
2586 887 2851 943 mundum
2885 887 3024 958 ipse,
3061 887 3130 941 Et
3166 888 3392 942 mundus
3424 903 3543 940 eum
3586 902 3691 940 non
3738 902 3824 939 co-

536 978 736 1045 gnovit.
769 977 911 1032 Bene
947 978 1034 1032 hic
1068 977 1134 1031 Et
1157 996 1261 1032 non
1295 981 1533 1050 cognovit
1560 981 1721 1047 dixit,
1752 981 1900 1036 velut
1931 981 1977 1036 si
2003 980 2215 1036 diceret
2237 995 2347 1036 non
2379 988 2757 1052 cognoverunt
2785 982 3071 1052 proprium
3099 981 3412 1036 Dominum.

615 1069 779 1124 Vens.
814 1069 898 1123 i0.
921 1101 988 1110 —-
1016 1068 1146 1125 Post
1177 1072 1270 1125 illa
1304 1073 1469 1127 verba
1507 1091 1521 1128 :
1570 1073 1867 1129 Venientem
1900 1075 1956 1129 in
1983 1073 2121 1128 hunc

2292 1075 2442 1145 Στίχ.
2494 1081 2546 1129 ι’.
2577 1105 2649 1115 -
2702 1073 2889 1129 Εἰπὼν
2930 1074 3008 1146 (2)
3057 1073 3159 1141 τὸ,
3203 1074 3570 1142 Ἐρχόμενον
3595 1075 3682 1140 εἷς
3714 1073 3826 1127 τὸν

542 1160 820 1226 mundum,
854 1161 922 1214 de
951 1159 1182 1216 Domino
1212 1163 1334 1232 ejus
1359 1162 1581 1220 Christo
1603 1173 1753 1221 recte
1791 1165 2121 1236 subiunxit:

542 1251 609 1304 In
639 1251 834 1306 mundo
869 1260 1020 1318 erat,
1059 1262 1115 1308 ut
1155 1253 1469 1310 declararet
1518 1256 1655 1317 illud
1691 1258 1980 1312 venientem
2009 1257 2128 1312 dic-

541 1349 658 1397 tum
712 1358 838 1399 esse
889 1353 1115 1415 prOpter
1165 1347 1352 1401 carnis
1397 1347 1927 1403 manifestationem.
1988 1347 2126 1403 Nam

544 1434 849 1490 secundum
893 1436 1215 1508 hypostasin
1242 1479 1257 1504 ,
1295 1437 1518 1508 inquit,
1554 1454 1621 1495 ac
1657 1450 1915 1495 naturam
1943 1455 2126 1503 suam,

543 1526 708 1580 etiam
745 1534 906 1581 antea
963 1527 1015 1581 in
1051 1528 1256 1581 mundo
1298 1536 1420 1583 erat
1445 1569 1461 1596 ,
1496 1530 1619 1600 ipso
1649 1531 1908 1588 videlicet
1949 1530 2130 1585 adhuc

549 1617 902 1687 imperfecto,
936 1618 1080 1673 unde
1121 1621 1410 1687 subjunxit
1448 1641 1460 1676 :
1493 1621 1566 1678 Et
1592 1624 1820 1677 mundus
1838 1641 1932 1693 per
1955 1625 2130 1695 ipsum

545 1710 722 1777 factus
779 1719 878 1764 est.
949 1710 1118 1777 Quasi
1165 1711 1314 1767 dicat
1354 1732 1367 1767 :
1403 1713 1610 1785 Ecquid
1668 1716 1906 1780 mirum,
1969 1717 2015 1772 si
2071 1717 2130 1771 in

544 1802 752 1856 nmndo
779 1809 935 1868 erat,
979 1804 1074 1874 qui
1101 1805 1328 1860 omnino
1377 1822 1489 1861 non
1527 1807 1727 1866 fuisset
1754 1849 1768 1874 ,
1810 1810 1916 1865 nisi
1946 1810 2130 1880 ipsum

544 1909 670 1949 esse
703 1895 973 1950 voluisset
999 1897 1022 1949 ?

615 1985 1190 2044 Vens.15.——Uberem
1209 2005 1346 2046 sane
1363 2006 1423 2046 se
1445 1991 1888 2061 suscipientibus
1918 2007 2133 2048 merce-

544 2076 669 2131 dem
697 2077 975 2132 retribuit.
999 2079 1244 2136 Primum
1274 2085 1549 2154 siquidem
1589 2085 2003 2155 maximumque
2034 2085 2133 2141 bo-

545 2184 701 2233 num,
735 2169 962 2226 honoris
1000 2173 1411 2242 quodammodo
1455 2176 1539 2231 sui
1589 2177 1702 2232 illis
1763 2177 1998 2245 largitus
2052 2185 2136 2231 est

541 2264 939 2333 aequalitatem,
961 2267 1131 2336 paulo
1147 2268 1364 2322 scilicet
1381 2284 1484 2324 suo
1503 2269 1798 2334 minorem,
1827 2270 2008 2340 qualis
2029 2269 2135 2340 ipsi

2227 1167 2481 1236 κόσμον,
2506 1167 2634 1238 περὶ
2657 1167 2752 1220 τοῦ
2779 1167 3050 1220 Δεσπότου
3075 1165 3313 1237 Χριστοῦ
3339 1164 3520 1228 καλῶς
3541 1166 3828 1235 ὲπήγαγεν

2226 1259 2306 1327 τὸ,
2350 1259 2445 1314 Ἐν
2467 1259 2549 1327 τῷ
2577 1262 2784 1330 κόσμῳ
2813 1256 2915 1332 ἦν,
2949 1259 3089 1314 ὥστε
3119 1258 3310 1326 δεῖξαι,
3341 1258 3423 1311 ὅτι
3456 1257 3536 1323 τδ,
3579 1257 3832 1326 ἐρχόμε-

2228 1367 2363 1418 νον,
2407 1349 2545 1423 πρὸς
2571 1351 2671 1423 τὴν
2699 1351 2786 1406 διά
2819 1351 3017 1422 σαρκὸς
3050 1346 3203 1405 εἶπεν
3231 1349 3560 1422 φανέρωσιν.
3598 1349 3678 1420 Τῇ
3713 1346 3833 1419 γὰρ

2235 1443 2560 1508 ὑποστάσει,
2593 1444 2749 1515 φησὶ,
2775 1444 2871 1498 καὶ
2903 1445 2969 1515 τῇ
3005 1443 3166 1512 φύσει
3194 1438 3265 1514 ἦν
3296 1444 3355 1496 ὲν
3379 1441 3458 1513 τῷ
3491 1442 3703 1512 κόσμῳ,
3729 1440 3836 1495 καὶ

2230 1535 2338 1606 πρὸ
2382 1533 2596 1600 τούτου,
2627 1536 2722 1588 καὶ
2758 1535 2835 1599 ὡς
2876 1535 2971 1589 καὶ
2999 1533 3194 1588 τούτου
3238 1533 3436 1605 μικροῦ
3485 1551 3629 1598 τινος
3674 1532 3837 1596 ὄντος

2232 1628 2482 1697 ἐπήγαγε
2503 1642 2516 1656 ’
2541 1625 2651 1680 Καὶ
2672 1628 2705 1680 ό
2724 1626 2953 1695 κόσμος
2975 1624 3049 1678 δι’
3064 1625 3141 1678 αὑ
3152 1623 3257 1678 τοῦ
3274 1623 3532 1693 ἐγένετο⁸
3556 1622 3837 1687 τουτέστι,

2231 1717 2342 1770 Καὶ
2366 1717 2416 1770 τί
2446 1715 2779 1787 θαυμαστὸν,
2811 1715 2860 1768 εἰ
2889 1711 2956 1786 ἦν
2987 1715 3046 1767 ὲν
3080 1713 3159 1785 τῷ
3187 1714 3397 1785 κόσμῳ,
3425 1713 3484 1776 ὃς
3511 1712 3612 1766 οὐκ
3645 1711 3712 1766 ἂν
3739 1708 3839 1782 ἦν,

2233 1808 2283 1860 εἰ
2316 1806 2392 1879 μὴ
2424 1809 2634 1870 ἐκεῖνος
2662 1805 2932 1876 ἐϐουλήθη
2961 1822 2974 1870 ;

2309 1985 2458 2055 Στίχ.
2496 1991 2587 2054 ιγ’.
2622 2011 2692 2023 -·
2731 1983 2846 2038 Οὐκ
2872 1983 3099 2055 ἀκερδὲς
3251 1982 3313 2037 τὸ
3343 1983 3578 2054 πρᾶγμα
3613 1982 3848 2051 ἐγένετο

2235 2079 2346 2139 τοῖς
2381 2074 2697 2147 δεξαμένοις
2730 2075 2916 2129 αὐτόν.
2949 2074 3022 2126 Τὸ
3051 2073 3158 2146 γάρ
3189 2072 3406 2145 πρῶτον
3441 2073 3535 2127 καὶ
3577 2073 3850 2142 μέγιστον

2236 2168 2441 2237 ἀγαθὸν
2471 2167 2763 2240 ἐχαρίσατο
2789 2168 2889 2238 τὴν
2920 2167 3058 2239 πρὸς
3089 2167 3279 2221 ἑαυτὸν
3321 2164 3594 2236 ἰσοτιμίαν
3632 2167 3849 2238 μικροῦ

2236 2260 2485 2324 δεδωκὼς
2515 2263 2638 2314 καθ’
2670 2261 2794 2314 ὅσον
2822 2255 2889 2332 ἦν
2922 2262 2979 2314 ὲν
3009 2259 3228 2329 ἐξουσίᾳ
3261 2258 3426 2330 ἔχειν,
3455 2260 3556 2330 τῆς
3585 2260 3851 2331 υίότητος

544 2368 780 2421 capaces
795 2365 971 2420 erant,
996 2354 1280 2412 ﬁliationis
1306 2373 1402 2414 eos
1426 2374 1657 2414 munere
1687 2359 1947 2414 donando
1980 2378 1993 2415 :
2026 2374 2133 2430 qua

2246 2355 2336 2424 τὴν
2365 2352 2666 2406 ἀπόλαυσιν
2692 2353 2876 2415 αὐτοῖς
2909 2351 3295 2422 χαρισάμενος,
3319 2344 3388 2422 ἦς
3418 2351 3699 2421 άπήλαυον
3731 2350 3848 2420 (4),

544 2446 722 2515 gratia
776 2445 1052 2513 fruuntur,
1095 2463 1203 2504 non
1249 2451 1554 2505 secundum
1613 2451 1916 2506 naturalem
1969 2466 2135 2523 gene-

545 2534 784 2590 rationis
846 2535 1098 2591 ordinem
1173 2540 1547 2609 corporaliter
1605 2539 1984 2604 renascendo,
2036 2539 2135 2597 sed

550 2627 739 2681 divina
789 2627 1038 2694 virtute,
1096 2645 1194 2701 per
1253 2631 1677 2688 similitudinem
1723 2631 2020 2703 quamdam
2079 2639 2137 2687 et

545 2717 863 2774 aﬂinitatem
894 2721 1262 2790 spiritualiter
1300 2723 1598 2792 procreati.

617 2809 832 2866 Etenim
866 2810 1033 2877 Deus,
1062 2812 1330 2869 charitate
1366 2813 1561 2883 plenus
1596 2828 1726 2883 erga
1768 2813 2020 2867 homines
2053 2817 2138 2863 at-

545 2917 655 2974 que
678 2903 980 2970 beneﬁcus,
1031 2919 1140 2959 non
1179 2905 1255 2970 vi,
1316 2920 1418 2960 nec
1461 2905 1817 2969 necessitate,
1877 2903 2139 2959 suasione

548 3003 732 3050 autem
790 3011 855 3050 ac
899 2996 1297 3052 benefaciendo
1339 3013 1534 3053 omnes
1596 2997 1664 3050 ad
1708 2997 1888 3067 ipsum
1942 2997 2135 3052 traxit.

549 3089 757 3158 Itaque,
816 3103 940 3142 cum
995 3088 1260 3153 venisset,
1310 3091 1404 3143 alii
1459 3105 1586 3145 eum
1641 3097 1994 3160 receperunt,
2044 3091 2138 3145 alii

548 3193 684 3232 vero
707 3192 839 3232 non.
879 3177 1142 3234 Homines
1172 3180 1321 3233 enim
1353 3179 1597 3250 quidem,
1635 3198 1760 3236 cum
1797 3192 2022 3254 propter
2047 3200 2140 3240 nec

549 3269 863 3324 cessitatem
893 3270 1091 3326 domus
1122 3272 1489 3327 ministerium
1523 3275 1840 3339 instituunt,
1869 3278 1964 3347 qui
2002 3293 2129 3333 con-

550 3357 701 3411 ducti
738 3367 864 3413 sunt
891 3373 1090 3427 magno
1137 3377 1366 3416 numero
1412 3362 1530 3432 lege
1578 3363 1781 3418 domini
1821 3368 2140 3438 astringun-

552 3458 662 3504 tur.
695 3448 840 3504 Deus
870 3460 1052 3504 autem
1083 3467 1191 3505 non
1224 3453 1474 3524 indigens
1503 3457 1714 3526 aliquo,
1756 3468 1977 3529 propter
2033 3475 2134 3515 no-

553 3551 723 3596 stram
751 3543 984 3598 salutem
1016 3560 1149 3599 vero
1172 3547 1354 3599 omnia
1387 3558 1576 3617 agens,
1610 3550 1774 3620 hujus
1826 3568 1924 3607 nos
1959 3551 2140 3606 domi-

554 3648 657 3687 nos
689 3632 838 3688 facit.
869 3634 1011 3700 Quid
1042 3651 1172 3706 ergo
1205 3639 1455 3708 castigat,
1485 3641 1682 3710 inquit,
1734 3660 1841 3697 non
1879 3645 2142 3698 obedien-

2235 2445 2297 2499 ού
2330 2444 2474 2498 κατὰ
2504 2444 2604 2515 τὴν
2652 2444 2862 2497 οἰκείαν
2900 2443 3062 2511 φύσιν
3093 2442 3256 2496 πάλιν
3303 2443 3523 2514 διαδοχῇ
3579 2461 3683 2498 τινι
3727 2460 3850 2498 σω-

2241 2535 2487 2608 ματικῶς
2516 2536 2850 2604 τικτόμενοι,
2890 2534 3026 2588 ἀλλά
3059 2534 3181 2606 θείᾳ
3211 2535 3442 2606 δυνάμει
3467 2535 3556 2588 διά
3577 2536 3675 2605 τῆς
3693 2536 3848 2606 πρὸς

2238 2629 2403 2684 αὐτὸν
2434 2628 2754 2700 ὁμοιότητός
2785 2645 2846 2681 τε
2883 2629 2977 2682 καὶ
3025 2627 3325 2697 συναφείας
3364 2626 3465 2700 τὴν
3500 2627 3719 2696 γένεσιν
3749 2627 3854 2681 δε-

2239 2720 2300 2793 χό
2307 2737 2480 2790 μενοι.

2312 2814 2389 2883 (5)
2419 2811 2806 2884 Φιλάνθρωπος
2849 2810 2959 2880 γάρ
3013 2809 3088 2865 ὢν
3144 2813 3173 2866 ό
3221 2811 3356 2876 Θεὸς
3407 2811 3504 2866 καὶ
3555 2812 3856 2884 εὖεργετι-

2239 2905 2357 2970 κὸς,
2392 2903 2485 2975 βίᾳ
2513 2903 2612 2974 μὲν
2638 2903 2760 2956 οὐδὲ
2795 2902 3010 2974 ἀνάγκῃ
3035 2943 3048 2969 ,
3085 2903 3268 2956 πειθοῖ
3305 2902 3363 2957 δὲ
3411 2904 3507 2958 καὶ
3537 2904 3616 2976 τῷ
3657 2908 3854 2959 ποιεῖν

2240 2990 2298 3049 εὗ
2349 2996 2476 3057 τοὺς
2519 2993 2877 3065 βουλομένους
2916 2995 3163 3058 ἅπαντας
3217 2994 3366 3048 ἕλκει
3417 2995 3554 3065 πρὸς
3593 2995 3788 3050 ἑαυτόν
3833 3015 3850 3028 ·

2241 3087 2336 3140 καὶ
2367 3087 2455 3140 διά
2477 3085 2635 3138 τοῦτο
2667 3085 2890 3140 ἐλθόντα
2913 3085 3076 3140 αύτδν
3103 3087 3150 3138 οἱ
3187 3085 3285 3156 μὲν
3312 3085 3525 3150 ἔλαϐον,
3556 3088 3604 3140 οἱ
3645 3087 3699 3140 δὲ
3737 3089 3858 3142 οὐκ

2243 3177 2834 3248 ὲδέξαντο.Ἀνθρωποι
2865 3176 2964 3247 μὲν
2995 3175 3127 3249 γὰρ,
3150 3177 3246 3231 ἃτε
3276 3179 3335 3231 ὲν
3370 3177 3530 3250 χρείᾳ
3560 3179 3858 3232 καθεστῶ-

2241 3287 2332 3333 τες
2367 3270 2468 3342 τῆς
2512 3267 2620 3323 τῶν
2675 3268 2905 3323 οἰκετῶν
2957 3268 3265 3335 διακονίας,
3317 3269 3413 3323 καὶ
3479 3269 3860 3341 βουλομένους

2243 3361 2472 3425 πολλοὺς
2505 3360 2582 3431 τῷ
2629 3361 2726 3432 τῆς
2765 3359 3084 3423 δεσποτείας
3132 3359 3424 3432 κατέχουσι
3469 3361 3621 3431 νόμῳ
3645 3377 3658 3391 ·
3696 3363 3728 3414 ὁ
3779 3362 3853 3416 δὲ

2243 3454 2378 3517 Θεὸς
2402 3453 2655 3523 ἀνενδεὴς
2685 3449 2762 3503 ὢν
2782 3492 2795 3516 ,
2824 3453 2923 3522 τῆς
2954 3450 3010 3503 δὲ
3036 3452 3311 3524 ἡμετέρας
3353 3452 3537 3506 ἕνεκεν
3566 3454 3859 3523 σωτηρίας

2248 3544 2408 3612 μόνον
2443 3543 2659 3597 ἅπαντα
2698 3541 2988 3611 πράττων,
3035 3542 3184 3612 ἡμᾶς
3230 3541 3431 3605 αὐτοὺς
3467 3545 3612 3596 ποιεῖ
3647 3541 3856 3596 τούτου

2246 3633 2492 3704 κυρίους.
2541 3631 2604 3684 Τί
2646 3628 2740 3685 οὖν
2784 3629 3038 3694 κολάζει,
3090 3631 3263 3702 φησὶ,
3303 3632 3432 3694 τοὺς
3479 3633 3580 3685 οὐκ
3619 3633 3860 3702 ἔχοντας

554 3733 635 3781 tes
663 3727 808 3781 sibi?
831 3727 970 3794 Quia
999 3729 1164 3783 etiam
1198 3729 1580 3787 inohcdicntes
1611 3751 1710 3789 nos
1759 3751 1907 3790 cura:
1955 3737 2138 3792 habet.

2248 3723 2545 3778 ὑπακούειν
2577 3722 2754 3794 om;
2784 3722 2906 3775 Ὀτι
2942 3722 3037 3775 κα)⁹
3067 3723 3142 3794 μὴ
3171 3724 3508 3794 πειθομένων
3541 3725 3695 3794 ἡμῶν
3724 3723 3862 3778 λίαν

553 3817 705 3872 Adeo
753 3818 930 3874 bonus
985 3827 1093 3886 est,
1131 3829 1192 3874 ut
1222 3837 1322 3875 nos
1356 3821 1724 3885 diSt'CthlliCS,
1779 3834 1873 3878 aut
1929 3825 2143 3895 fugien-

553 3918 638 3964 tes
675 3926 782 3964 non
816 3910 1071 3979 deserat;
1118 3913 1214 3967 sed
1267 3929 1390 3968 cum
1446 3917 1679 3985 primam
1744 3917 1965 3971 virtutis
1997 3919 2140 3974 viam

555 4001 1018 4071 derelinquimus,
1071 4005 1214 4060 viam
1271 4007 1594 4062 obedientiae
1633 4023 1696 4060 ac
1753 4011 2142 4078 prosperitatis

555 4094 720 4148 aliam
752 4095 911 4151 nobis
958 4096 1206 4167 imponit,
1258 4101 1399 4155 viam
1434 4101 1820 4171 castigationis
1855 4111 2020 4172 atque
2061 4103 2143 4156 ul-

558 4184 793 4250 tionum,
835 4202 904 4240 ne
944 4187 1160 4242 illarum
1191 4191 1630 4260 experimentum
1664 4193 1966 4261 capiamus.
2000 4194 2144 4248 invi-

557 4275 714 4346 tique
761 4279 1124 4347 sapientiores
1169 4281 1492 4336 eﬂiciamur.
1534 4279 1665 4336 Nam
1701 4293 1753 4338 et
1779 4285 2140 4355 legislatores,

558 4370 614 4424 in
661 4369 1045 4428 maleiactores
1103 4374 1305 4428 nmltas
1364 4389 1429 4428 ac
1477 4391 1699 4431 severas
1749 4380 2143 4450 castigationes

557 4460 893 4528 decernunt,
953 4464 1314 4521 nihilominus
1380 4482 1486 4520 non
1551 4484 1868 4526 aversantur
1921 4484 2144 4545 atquee

558 4562 751 4609 contra
800 4554 1226 4626 castigationum
1293 4558 1466 4628 gratia
1510 4561 1692 4628 magni
1747 4560 2018 4631 facimus;
2089 4566 2136 4619 si

557 4647 748 4709 etiam,
779 4648 873 4717 qui
900 4647 968 4703 de
997 4649 1209 4703 ratione
1241 4649 1438 4719 agendi
1470 4651 1756 4720 sapienter
1805 4662 2143 4718 statuerunt,

560 4737 933 4802 admiramur;
1002 4748 1211 4808 quanto
1284 4742 1462 4812 magis
1525 4742 1788 4796 admirari
1853 4760 2148 4814 amareque

562 4829 732 4884 Deum
766 4832 833 4884 oh
870 4830 1190 4899 liujusmodi
1219 4847 1410 4887 curam
1453 4833 1754 4891 debemus!
1803 4836 2146 4906 Stupendum

561 4930 743 4975 autem
777 4928 924 4976 esset
957 4921 1193 4991 aliquem
1229 4924 1562 4992 discipulum
1599 4941 1708 4978 non
1748 4926 1996 4995 magistri
2053 4926 2148 4982 de-

561 5013 760 5066 decore
797 5011 1147 5078 erubescere,
1201 5016 1296 5070 sed
1335 5015 1600 5068 audacter
1650 5016 1754 5069 hoc
1787 5016 2147 5086 opprobrium

563 5110 754 5157 notum
790 5100 1004 5164 facere;
1040 5103 1254 5175 hocque
1284 5104 1503 5176 signum
1532 5111 1681 5158 esset.
1711 5119 1820 5157 non
1855 5106 2138 5162 minimum

639 5271 714 5342 (1)
746 5268 988 5327 Facund.
1021 5271 1056 5324 1.
1099 5272 1135 5325 l.
1169 5287 1244 5331 Ix.
1279 5272 1332 5342 3.

636 5337 713 5411 (9.)
741 5342 904 5395 Cord.
938 5350 1044 5396 cat.
1081 5359 1132 5412 p.
1161 5343 1251 5396 25.
1277 5340 1364 5395 Cf.
1407 5337 1544 5410 l'rag.
1587 5354 1844 5410 sequens,
1878 5339 2066 5394 Latine
2089 5355 2155 5395 ex

563 5406 841 5465 Facundo.

610 5426 841 5467 acunuo.

637 5483 717 5550 (5)
757 5480 931 5552 ξονι]ἶ
949 5488 1067 5552 cat.
1101 5498 1154 5552 p.
1188 5481 1279 5536 27.

667 5549 720 5621 ιι)
761 5549 883 5621 Vill.
917 5549 1156 5606 Matthiae
1189 5551 1342 5608 Ausi.
1383 5554 1587 5621 griech.
1618 5554 1861 5609 Gramm.
1896 5553 1982 5609 ed.
2008 5553 2063 5618 2,
2109 5551 2148 5616 Ι,

568 5636 624 5692 p.
651 5620 778 5692 5170.
814 5620 918 5692 sed
951 5622 1131 5677 inveni
1161 5632 1324 5678 etiam
1349 5620 1546 5679 Aelii”.
1577 5623 1696 5680 Tat.
1728 5627 1815 5682 ed.
1848 5622 2146 5678 FJacobs.

662 5691 730 5746 M
754 5691 1060 5766 ἀπήλαυσα,
1088 5693 1248 5749 Basil.
1272 5694 1340 5748 Μ.
1369 5697 1513 5750 Ιιοιη.
1548 5696 1600 5750 ἱιι
1633 5714 1718 5766 ps.
1752 5713 1862 5758 xw,
1906 5697 1946 5759 l,
1975 5711 2024 5764 p.
2049 5693 2152 5747 H9.

571 5761 771 5838 εἴπω,
800 5761 953 5816 πόσοι
977 5764 1113 5838 ὄναρ
1137 5766 1542 5838 πλουτήσαντες
1586 5761 2048 5838 ύτὶεραπήΜυάαν
2076 5767 2154 5832 (at

579 5833 868 5907 legendum
903 5851 1025 5891 cum
1071 5833 1486 5895 llemsterhusio
1518 5835 1667 5909 ὕπαρ
1698 5833 2061 5909 ἀπήλαυσαν,
2100 5851 2151 5889 v.

2254 3817 2477 3885 κήδεται
2503 3855 2518 3880 ,
2551 3815 2758 3886 σφόδρα
2787 3813 2862 3868 ὣν
2897 3813 3136 3883 ἀγαθὸς,
3174 3815 3268 3868 καὶ
3315 3814 3720 3885 ἀποπηδῶντων
3757 3820 3864 3871 καὶ

2216 3898 2222 3906 ’
2255 3907 2564 3977 φευγόντων
2595 3909 2695 3960 οὐκ
2723 3906 3017 3976 ἀφίσταται
3036 3919 3051 3934 ⁶
3079 3905 3192 3958 ἀλλ’
3227 3907 3416 3976 ἐπειδὴ
3448 3907 3717 3978 προτέραν
3748 3909 3864 3978 τῆς

2253 4000 2572 4072 εὐεργεσίας
2595 3999 2714 4052 ὁδὸν
2755 3998 3117 4069 ἀπεωσάμεθα,
3143 3999 3241 4070 τὴν
3265 3998 3352 4051 διὰ
3379 3992 3477 4068 τῆς
3507 3998 3726 4062 πειθοῦς
3755 4003 3862 4054 καὶ

2251 4093 2344 4146 τοῦ
2376 4092 2567 4146 παθεῖν
2601 4087 2684 4156 εὖ,
2726 4092 2824 4163 τὴν
2860 4091 3055 4162 ἑτέραν
3082 4093 3214 4161 ἡμῖν
3239 4092 3597 4160 ἐπεισήγαγε,
3632 4091 3728 4162 τὴν
3759 4094 3864 4148 διὰ

2251 4189 2350 4257 τῆς
2382 4185 2657 4249 κολάσεως
2689 4184 2783 4238 καὶ
2809 4183 2919 4237 τῶν
2946 4183 3226 4254 τιμωριῶν
3246 4224 3261 4247 ,
3306 4185 3454 4247 ὅπως
3483 4183 3591 4236 δέει
3629 4183 3702 4255 μὴ
3733 4190 3863 4237 π;ῑ-

2259 4293 2356 4347 ραν
2393 4275 2502 4329 τῶν
2533 4273 2793 4328 τοιούτων
2835 4272 3040 4334 λαϐεῖν,
3071 4271 3165 4325 καὶ
3188 4271 3412 4335 ἄκοντες
3456 4272 3856 4341 σωφρονῶμεν.

2266 4371 2419 4423 Ἐπεὶ
2447 4368 2542 4423 καὶ
2569 4369 2620 4421 οἱ
2647 4365 2933 4437 νομοθέται
2957 4365 3159 4428 πολλάς
3188 4365 3283 4418 καὶ
3312 4363 3554 4434 χαλεπάς
3578 4362 3717 4416 κατά
3741 4364 3860 4417 τῶν

2252 4461 2657 4534 ἡμαρτηκότων
2701 4458 2912 4512 τιθέασι
2967 4457 3240 4528 τιμωρίας
3266 4471 3281 4487 ο
3333 4456 3426 4509 καὶ
3464 4453 3614 4524 ὅμως
3654 4453 3862 4517 αὐτοὺς

2253 4555 2354 4607 οὐκ
2383 4550 2844 4624 ἀποστρεφόμεθα
2868 4569 2882 4582 ·
2918 4549 3006 4604 διὰ
3033 4549 3205 4603 ταῦτα
3245 4547 3338 4601 καὶ
3373 4547 3572 4618 μᾶλλον
3603 4547 3858 4617 τιμῶμεν

2253 4645 2363 4698 τῶν
2397 4643 2673 4698 κολάσεων
2717 4642 2905 4712 χάριν·
2940 4643 2988 4695 εἰ
3030 4641 3088 4695 δὲ
3120 4639 3345 4702 τούτους
3373 4638 3728 4708 θαυμάζομεν
3758 4640 3858 4691 εὑ-

2254 4737 2444 4802 ταξίαν
2476 4735 2795 4802 εἰσάγοντας
2842 4735 2902 4786 ὲν
2935 4731 3015 4804 τῷ
3056 4731 3158 4804 βίῳ
3181 4773 3196 4797 ,
3225 4731 3284 4784 ού
3321 4729 3500 4800 πολλῷ
3536 4730 3736 4800 μᾶλλον
3761 4729 3856 4783 τὸν

2255 4827 2387 4881 Θεδν
2408 4825 2807 4896 ἐκπλήττεσθαι
2835 4825 2916 4878 δεῖ
2945 4825 3039 4879 καὶ
3068 4823 3292 4894 ἀγαπᾷν
3320 4823 3420 4893 τῆς
3449 4821 3721 4891 τοσαύτης
3749 4839 3854 4892 κη-

2255 4917 2508 4988 δεμονίας
2555 4915 2770 4981 ἓνεκεν;
2815 4916 3107 4987 Θαυμάσαι
3145 4913 3190 4966 δ’
3239 4913 3304 4967 ἀν
3346 4929 3434 4976 τις
3472 4911 3566 4966 τοῦ
3606 4910 3852 4982 μαθητοῦ

2260 5008 2337 5080 μὴ
2365 5007 2750 5078 αἰσχυνόμενος
2774 5009 2867 5063 ἐπὶ
2899 5010 2966 5079 τῇ
2997 5006 3092 5060 τοῦ
3117 5003 3438 5058 διδασκάλου
3469 5003 3680 5074 ἀτιμία,
3716 5002 3854 5057 άλλά

2264 5101 2403 5173 μετὰ
2437 5100 2753 5172 παρρησίας
2783 5101 2884 5172 τὴν
2942 5101 3023 5162 εἰς
3061 5097 3226 5153 αὑτὸν
3273 5096 3649 5167 γεγενημένην
3697 5095 3853 5167 ὕϐριν

2267 5268 2576 5325 Aristzeneti
2604 5267 2912 5338 epist._cur.
2933 5264 3214 5338 _Abresch.
3241 5262 3459 5338 Zyvollze
3481 5259 3617 5338 ΙἨῼ
3649 5275 3699 5328 ρ.
3724 5257 3752 5338 ,ί
3772 5257 3851 5338 ιφ)

2265 5340 2365 5410 τῆς
2403 5331 2654 5410 ζημίας;’
2675 5337 2732 5391 ln
2760 5335 3249 5410 Theodoretohacc
3278 5334 3449 5410 forma
3479 5333 3682 5410 smptus
3724 5331 3858 5410 legi-

2267 5402 2374 5464 tn'r.
2415 5402 2490 5465 ΥΣ
2513 5409 2679 5462 indic.
2720 5407 2806 5461 cd.
2857 5405 2975 5459 Hal.
3011 5421 3057 5460 s.
3104 5403 3523 5474 ἀπηλαύσαμεν.
3558 5402 3616 5474 Si
3641 5409 3860 5474 eatena:

2265 5481 2419 5546 lides,
2455 5477 2778 5535 Theodorus
2815 5477 2955 5530 intra
3015 5476 3084 5530 ad
3137 5469 3299 5531 Joan.
3325 5469 3416 5536 vr,'
3452 5473 3506 5536 5,
3549 5469 3858 5541 ἠρύθμιζεν

2262 5558 2721 5692 “Egisiiagtenus
2749 5617 3118 5692 fragmentum
3162 5625 3248 5670 est
3276 5615 3449 5692 etiam
3476 5611 3621 5692 apud
3653 5609 3861 5692 Corde-

2259 5682 2404 5746 rinm
2429 5691 2480 5744 in
2510 5689 2741 5744 Catena.
2775 5682 2960 5758 Pergit
3013 5703 3140 5742 vere
3182 5683 3633 5758 multo_u_l_tcrins
3677 5682 3856 5758 codex

2266 5761 2488 5830 Reginae
2516 5758 2729 5813 Suecia:
2762 5756 2848 5826 IX,
2882 5750 2970 5829 ap.
3006 5760 3145 5829 Ang.
3189 5755 3300 5811 Mai
3342 5752 3484 5808 Bibl.
3525 5769 3642 5806 nov.
3698 5750 3858 5807 Patr.

2265 5847 2362 5900 vn,
2398 5847 2450 5902 p.
2484 5830 2609 5886 596.
2642 5830 2800 5885 Εοιτ.
