4162 6540
2834 367 2879 380 ςκ

531 446 643 508 755
1717 446 2071 506 THEODORI
2104 434 2601 528 MQPSUESTEN'I
3701 444 3857 505 736

532 567 645 623 Nos
679 581 809 625 vero
830 567 943 638 jam
978 566 1326 626 immortales
1366 565 1573 625 virtute
1616 568 2032 640 promissionis,
2056 568 2112 625 in

2238 587 2329 624 mw
2361 587 2421 623 τε
2458 563 2596 639 ὁμοῦ
2641 561 2736 634 τὴν
2764 564 3072 636 ἀμνηστίαν
3103 565 3435 639 ἐδωρήσατο,
3465 565 3556 619 καὶ
3581 570 3673 618 τὸν
3716 565 3855 619 ϐἀ.-

534 665 816 728 posterum
845 658 1028 729 reipsa
1060 659 1481 715 immortalitate
1518 659 1768 727 donavit,
1799 668 2121 732 peccatum-

2238 676 2385 715 ναι-ον
2408 659 2499 713 διὰ
2525 657 2621 712 τοῦ
2648 656 2850 711 οἰκείου
2878 656 3046 719 λύσας
3070 656 3302 713 θανάτου
3326 699 3342 724 ,
3373 656 3551 711 ἀνεῖλε
3583 657 3684 727 μέν
3717 656 3859 726 τὴν

531 764 640 819 que
668 748 852 805 diluit.
906 747 1077 806 Recte
1105 765 1236 824 ergo
1266 751 1374 807 hoc
1409 751 1465 807 in
1494 751 1616 808 loco
1643 752 1767 823 agni
1799 767 1992 809 vocem
2026 752 2122 808 ad-

2238 755 2284 805 ὲν
2310 753 2377 822 τῇ
2409 748 2568 820 φύσει
2612 748 2713 817 τῆς
2752 746 3079 819 θνητότητος
3109 747 3469 819 ὲρριζομένην
3515 747 3853 817 ἁμαρτίαν,

535 838 736 894 hibuit.
782 839 985 897 Dicens
1030 850 1213 898 autem
1248 860 1264 898 :
1301 858 1418 897 ecce
1457 843 1641 913 Agnus
1681 843 1817 910 Dei,
1855 843 1971 915 jam
1996 859 2122 900 eum

2238 842 2527 906 Ιιθανάτους
2556 840 2612 895 δὲ
2641 840 2745 911 ήδη
2790 839 2889 911 μὲν
2916 842 2983 911 τῇ
3013 838 3319 911 ἐπαγγελίᾳ
3339 881 3355 904 ,
3387 841 3469 904 εἰς
3498 839 3738 912 ὕστερον
3774 840 3854 893 δὲ

532 940 888 1002 exspectasse
908 933 1151 1000 videtur,
1184 950 1336 990 nunc
1364 943 1549 991 autem
1578 936 1757 992 oculis
1793 944 2120 1007 praesentem

2238 933 2321 988 καὶ
2350 931 2430 1004 τῷ
2457 933 2743 1005 πράγματι
2776 931 3149 1003 ἐργασάμενος
3188 930 3269 1001 τῷ
3298 930 3455 1002 δώρῳ
3481 930 3581 1001 τῆς
3605 931 3853 984 ἀθανα-

532 1019 946 1085 demonstrans,
983 1037 1045 1078 se
1074 1038 1182 1077 non
1222 1022 1436 1079 diutius
1466 1032 1797 1094 exspectare
1828 1024 2118 1091 ostendit;

2238 1024 2353 1088 σίας
2373 1065 2390 1092 ,
2420 1024 2515 1078 καὶ
2551 1023 2653 1095 τὴν
2695 1023 2971 1093 ἁμαρτίαν
3019 1020 3317 1077 κατέλυσεν
3340 1040 3355 1055 ⁸
3389 1021 3855 1076 ἀκολουθότατον

537 1126 665 1166 nam
693 1113 869 1169 lsaias
892 1113 1111 1169 dixerat
1139 1130 1153 1168 :
1179 1112 1327 1170 Sicut
1349 1116 1457 1170 ovis
1486 1115 1555 1169 ad
1582 1116 1900 1171 occisionem
1928 1117 2122 1171 ductus

2238 1115 2407 1170 τοίνυν
2435 1114 2670 1171 ἐνταῦθα
2698 1116 2764 1186 τῇ
2793 1111 2888 1167 τοῦ
2923 1112 3118 1183 ἀμνοῦ
3149 1112 3491 1185 προσηγορίᾳ
3522 1113 3847 1184 ἐχρήσατο.

534 1212 611 1257 οδε
637 1242 653 1269 ,
688 1212 739 1258 et
790 1204 930 1259 sicut
976 1221 1144 1276 agnus
1198 1221 1382 1261 coram
1436 1207 1680 1262 tondente
1713 1224 1768 1263 se
1806 1208 2124 1264 obmutescet

2238 1207 2482 1262 Φαίνεται
2513 1207 2695 1278 μέντοι
2725 1206 2819 1260 καὶ
2850 1205 3055 1271 τὸ,”Ιδε
3090 1208 3123 1261 ό
3158 1206 3364 1276 Ἀμνὸς
3396 1203 3502 1258 τοῦ
3534 1202 3708 1270 Θεοῦ,
3732 1202 3849 1256 λέ-

536 1293 674 1361 (Isa.
712 1309 830 1361 ιιιι,
869 1296 946 1368 7).
979 1297 1085 1363 Qui
1115 1298 1414 1354 credebant
1449 1301 1734 1372 prophetat
1765 1302 1973 1365 verbis,
1998 1300 2124 1357 illos

2238 1319 2341 1371 γων
2383 1301 2459 1366 ὡς
2498 1301 2564 1355 ἂν
2598 1300 2699 1370 ἤδη
2740 1298 2840 1369 μὲν
2863 1298 3025 1352 αὐτὸν
3053 1295 3505 1369 προσδοκώμενον
3528 1337 3545 1361 ,
3572 1295 3852 1365 παρόντα

537 1387 685 1443 hunc
718 1396 1045 1459 exspectare
1068 1390 1298 1457 sciebat,
1331 1393 1542 1448 scilicet
1566 1408 1900 1464 quemquam
1927 1401 2125 1449 ventu-

538 1490 661 1530 rum
705 1492 829 1534 esse
874 1479 969 1549 qui
1018 1480 1136 1536 suis
1179 1481 1533 1552 passionibus
1587 1481 1831 1554 perfecte
1872 1484 2156 1554 omnium.

537 1574 763 1636 pec'cata
788 1568 1186 1628 dilueret.Ecce
1217 1571 1397 1643 Agnus
1435 1572 1552 1642 Dei,
1582 1574 1797 1630 scilicet
1820 1575 1912 1631 hic
1941 1584 2027 1632 est
2058 1574 2126 1630 de

538 1672 650 1727 quo
703 1661 1055 1730 prephetavit
1104 1664 1300 1721 Isaias.
1353 1664 1763 1720 Advertendum
1808 1677 1894 1721 est
1938 1675 2124 1722 tamen

539 1751 814 1821 quomodo
833 1751 1180 1825 Evangelista
1204 1754 1404 1811 dixerit
1428 1756 1495 1811 ad
1520 1757 1696 1828 ipsum
1724 1759 1940 1814 venisse
1963 1763 2125 1829 (non-

540 1838 671 1893 dum
694 1850 879 1898 autem
899 1843 1213 1914 baptizatus
1232 1845 1456 1914 fuerat).
1481 1845 1559 1901 ita
1581 1864 1647 1903 ex
1670 1848 1927 1905 omnibus
1943 1849 2129 1907 dicere

541 1932 747 1988 omissa
784 1932 1043 1992 festinare
1072 1935 1314 2003 videtur,
1340 1938 1487 1994 dicta
1510 1956 1644 1997 vero
1667 1941 1895 2010 iterare,
1923 1957 2119 2012 super-

541 2020 713 2078 ﬂuum
747 2026 1094 2083 existimans.

2230 1392 2286 1447 δὲ
2325 1391 2419 1446 νῦν
2450 1393 2561 1455 τοῖς
2598 1389 2797 1462 ὁρῶσιν
2831 1388 3148 1451 ὑποδεικνὺς
3166 1427 3181 1451 ,
3210 1388 3304 1443 καὶ
3327 1385 3486 1440 τοῦτο
3509 1386 3614 1438 οὐκ
3644 1384 3845 1453 ἠλπιο

2233 1484 2391 1552 κότος
2412 1501 2426 1515 ’
2461 1482 2649 1554 ἐπειδὴ
2674 1482 2783 1554 γὰρ
2810 1481 2953 1535 κατὰ
2968 1480 3067 1552 τὴν
3104 1480 3327 1534 Ἡσαΐου
3347 1479 3551 1548 φωνὴν,
3584 1474 3847 1546 τὴν,Ὢς

2234 1578 2532 1646 πρόϐατον
2558 1575 2657 1630 ἐπὶ
2682 1573 2931 1644 σφαγὴν
2959 1572 3117 1643 ἤχθη
3136 1614 3152 1640 ,
3200 1571 3297 1626 καὶ
3339 1571 3421 1637 ὡς
3445 1568 3636 1639 ἀμνὸς
3663 1566 3843 1640 ἄφω-

2234 1686 2340 1736 νος
2367 1669 2571 1724 ἔναντι
2599 1666 2706 1721 τοῦ
2741 1666 3054 1734 κείραντος
3077 1664 3263 1719 αὐτόν
3287 1680 3301 1695 ·
3331 1660 3635 1733 προσδοκᾷν
3657 1657 3845 1712 αὐτὸν

2234 1762 2302 1833 τῇ
2332 1760 2642 1830 προφητικῇ
2674 1755 3205 1819 κατακολουθοῦντας
3235 1755 3335 1826 ἢδη
3359 1754 3511 1823 φωνῇ
3533 1790 3549 1814 ,
3574 1750 3651 1814 ὡς
3674 1747 3843 1801 ἐλεύ-

2238 1854 2390 1908 σεταί
2412 1870 2494 1917 τις
2522 1851 2582 1917 ὃς
2610 1851 2751 1922 ὑπὲρ
2780 1850 2999 1904 πάντων
3030 1847 3221 1902 παθὼν
3254 1846 3410 1901 λύσει
3437 1844 3538 1908 τὰς
3566 1841 3840 1897 ἁπάντων

2226 1944 2501 2017 ἁμαρτίας
2528 1943 2773 2006 εἰκότως.
2811 1942 2884 1994 Τὸ
2920 1940 3000 2007 δὲ,
3033 1939 3146 1995 Ἴδε
3186 1941 3219 1994 ό
3254 1938 3459 2007 Ἀμνός
3501 1934 3606 1989 τοῦ
3646 1931 3834 1996 Θεοῦ,

2160 2023 2202 2077 Β
2230 2034 2530 2103 τουτέστιν,
2549 2027 2716 2098 Οὗτος
2749 2033 2955 2095 ἐκεῖνος
2979 2032 3108 2103 περὶ
3126 2023 3186 2085 οὗ
3208 2029 3535 2101 προείρηκεν
3569 2023 3832 2086 Ἠσαίας⁵

540 2115 779 2187 κάκείνῳ
807 2119 988 2189 μέντοι
1021 2121 1348 2192 προσεκτέον
1378 2124 1528 2187 ὅπως
1557 2125 1586 2177 ό
1616 2124 2008 2197 εὐαγγελιστὴς
2038 2124 2099 2179 τὸ
2139 2126 2237 2198 μὲν
2283 2128 2365 2181 ὅτι
2409 2126 2546 2199 πρὸς
2575 2126 2737 2180 αὐτὸν
2775 2124 3032 2195 ἐλήλυθεν
3053 2163 3068 2188 ,
3121 2118 3274 2175 εἶπεν
3296 2137 3311 2153 ’
3350 2120 3433 2174 ὅτι
3497 2118 3554 2172 δὲ
3601 2115 3838 2170 maml-

542 2204 664 2293 σθη.
701 2208 801 2262 οὐκ
837 2209 917 2264 ἔτι
938 2225 951 2240 ·
987 2211 1130 2266 οὕτω
1160 2212 1226 2265 δι’
1263 2212 1386 2268 ὅλου
1426 2215 1675 2285 φαίνεται
1712 2217 1779 2272 τὰ
1814 2217 1913 2287 μὲν
1948 2219 2427 2293 παραλελειμμένα
2453 2218 2769 2285 σπουδάζων
2789 2218 2985 2283 εἰπεῖν,
3052 2215 3123 2270 τὰ
3190 2214 3248 2268 δὲ
3307 2212 3573 2284 εἰρημένα
3638 2209 3837 2263 δευτε-

542 2292 690 2364 ροῦν,
724 2299 975 2368 περιττὸν
1012 2300 1271 2370 νομίζων.

614 2429 780 2487 Vens.
810 2433 901 2489 52.
947 2464 1021 2477 —-
1052 2436 1184 2495 inde
1230 2440 1589 2499 manifestum
1638 2453 1726 2499 est
1773 2458 1887 2501 non
1931 2461 2124 2503 omnes

542 2530 790 2580 astantes
847 2525 1115 2597 Spiritum
1180 2541 1436 2587 sanctum
1492 2544 1756 2604 tanquam
1810 2537 2124 2593 columbam

541 2611 965 2673 descendentem
1010 2619 1258 2686 vidisse,
1312 2623 1409 2679 sed
1462 2627 1765 2682 secundum
1831 2627 2127 2698 quamdam

541 2705 884 2775 spiritualem
915 2710 1181 2767 visionem
1211 2716 1390 2771 solum
1419 2715 1690 2773 Joannem
1717 2720 1946 2783 vidisse,
1982 2719 2131 2774 sicut

542 2799 821 2868 propheta:
873 2801 927 2855 in
979 2805 1160 2859 medio
1199 2808 1502 2863 multorum
1532 2809 1793 2865 omnibus
1823 2809 2131 2865 invisibilia

541 2886 730 2946 videre
771 2892 1043 2949 solebant.
1094 2895 1266 2952 Porro
1313 2899 1708 2955 stultissimum
1754 2907 1842 2955 est
1891 2901 2038 2970 quod
2095 2916 2125 2955 a

542 2981 880 3052 quibusdam
906 2985 1138 3051 dicitur,
1165 2989 1381 3045 scilicet
1410 2989 1538 3045 ideo
1558 2990 1785 3047 Christo
1811 2991 2129 3047 inferiorem

543 3073 758 3129 ostendi
802 3073 1068 3145 Spiritum
1111 3089 1388 3144 sanctum,
1423 3082 1571 3151 quod
1616 3083 1873 3137 columba
1910 3083 2133 3140 homine

545 3164 619 3219 sit
648 3164 909 3234 inferior;
937 3183 1064 3221 nam
1096 3168 1257 3233 visio,
1288 3187 1397 3225 non
1422 3179 1622 3227 natura
1644 3181 1765 3228 erat
1789 3173 1937 3242 quod
1960 3188 2133 3243 appa-

547 3255 722 3310 rebat.
749 3253 979 3327 Insuper
1010 3258 1056 3312 si
1108 3274 1221 3315 non
1258 3261 1399 3316 dixit
1427 3281 1439 3318 :
1473 3264 1775 3333 unigenitus
1806 3263 2010 3329 Filius,
2046 3264 2132 3319 vel

546 3348 637 3416 qui
663 3357 739 3402 est
768 3348 823 3401 in
851 3349 974 3402 sinu
1011 3349 1224 3413 Patris,
1259 3367 1384 3407 cum
1418 3355 1490 3408 sit
1525 3356 1689 3411 unius
1722 3355 1821 3410 Dei
1853 3356 2133 3411 dimittere

2302 2446 2451 2517 Στίχ.
2475 2445 2576 2517 λβ¹.
2595 2474 2663 2486 --
2684 2444 2854 2515 Δῆλον
2878 2442 2954 2515 (1)
2975 2443 3031 2497 δὲ
3063 2439 3310 2495 ἐντεῦθεν
3334 2439 3409 2503 ὡς
3433 2439 3490 2491 ὲν
3515 2437 3646 2491 εῖδει
3669 2454 3834 2507 περι-

2236 2541 2432 2612 στερᾶς
2459 2539 2723 2610 γενομένη
2757 2540 2791 2608 ἡ
2820 2535 2913 2591 τοῦ
2940 2535 3260 2605 Πνεύματος
3283 2531 3532 2596 κάθοδος,
3564 2530 3626 2583 οὐ
3659 2532 3833 2582 πᾶσιν

2235 2630 2392 2702 ὤφθη
2426 2633 2539 2694 τοῖς
2567 2627 2834 2701 παροῦσιν
2860 2670 2874 2695 ,
2907 2627 3045 2682 ἀλλὰ
3083 2625 3224 2679 κατά
3273 2640 3397 2677 τινα
3448 2619 3833 2692 πνευματικὴν

2236 2722 2474 2793 Θεωρίαν
2508 2721 2653 2791 μόνῳ
2682 2718 2836 2789 ὤφθη
2861 2717 2939 2787 τῷ
2983 2715 3228 2787 Ἰωάννῃ,
3257 2711 3439 2777 καθὼς
3475 2711 3592 2774 ἔθος
3622 2708 3691 2783 ἦν
3715 2714 3832 2773 τοῖς

2240 2813 2549 2883 προφήταις
2579 2812 2638 2866 ὲν
2681 2811 2830 2881 μέσῳ
2863 2807 3074 2862 πολλῶν
3102 2807 3170 2860 τά
3194 2806 3360 2859 πᾶσιν
3387 2802 3673 2875 sesama
3708 2802 3830 2871 $3.35-

2232 2921 2363 2957 -πειν
2392 2904 2494 2973 (2).
2536 2902 2912 2973 Εὑηθέστατον
2950 2900 3058 2972 ἄρα
3102 2900 3324 2953 κάκεῖνο
3367 2897 3427 2950 τὸ
3481 2895 3633 2966 παρά
3663 2911 3833 2948 τινων

2239 2994 2553 3066 λεγόμενον,
2590 2993 2666 3059 ὡς
2700 2993 2919 3046 ἔλαττον
2946 2990 3196 3046 ἐντεῦθεν
3227 2988 3322 3043 τοῦ
3352 2986 3585 3060 Χριστοῦ
3612 2987 3830 3040 δείκνυ-

2237 3104 2329 3141 ται
2376 3085 2438 3140 τὸ
2472 3086 2719 3157 Πνεῦμα,
2761 3085 3062 3156 ἐπειδήπερ
3115 3081 3416 3155 περιστερὰ
3468 3080 3701 3134 ἐλάττων
3734 3079 3835 3132 ἀν-

2238 3176 2494 3250 θρώπων·
2518 3177 2754 3230 όπτασία
2786 3176 2894 3246 γὰρ
2927 3171 3020 3246 ἦν,
3052 3175 3113 3227 οὐ
3150 3171 3333 3243 φύσις,
3362 3173 3423 3226 τὸ
3458 3173 3777 3242 φαινόμενον
3811 3187 3826 3200 ³

2239 3272 2287 3324 εἰ
2318 3270 2375 3323 δὲ
2401 3269 2496 3324 καὶ⁸
2532 3269 2607 3341 μὴ
2638 3263 2815 3335 εἶπεν,
2842 3272 2874 3321 ό
2893 3267 3232 3338 μονογενὴς
3259 3266 3412 3331 Υἱὸς,
3455 3264 3512 3335 ἢ,
3542 3267 3575 3318 ὀ
3614 3262 3700 3316 ὢν
3738 3265 3833 3326 εἱς

2238 3360 2350 3415 τὸν
2378 3361 2614 3415 κόλπον
2651 3359 2757 3414 τοῦ
2790 3360 3040 3426 Πατρός,
3080 3357 3203 3411 ἐπεὶ
3234 3357 3294 3410 τὸ
3341 3356 3517 3427 αίρειν
3553 3356 3830 3425 ἁμαρτίας

547 3447 772 3507 peccata
795 3477 810 3501 ,
854 3456 952 3510 per
987 3458 1183 3511 agnum
1235 3444 1675 3501 incarnationem
1716 3447 2094 3503 manifestavit
2117 3487 2133 3513 ,

2245 3451 2408 3523 μόνου
2441 3449 2597 3512 Θεοῦ.
2622 3450 2710 3504 διὰ
2738 3451 2832 3503 τοῦ
2854 3417 3050 3520 άρνιέῧ
3078 3448 3176 3521 τὴν
3206 3417 3517 3518 οἰκονομίαν
3536 3417 3824 3516 ἐδηλωσενλ

548 3535 603 3585 et
634 3544 732 3599 per
761 3531 864 3585 hor
896 3532 1041 3603 quod
1068 3534 1304 3591 habebat
1332 3537 1477 3604 quod
1509 3538 1817 3595 divinitatis
1846 3538 2135 3610 proprium

548 3631 654 3686 est,
682 3621 829 3692 quod
857 3625 1114 3680 convenit
1139 3641 1304 3697 agno,
1336 3637 1560 3699 propter
1585 3629 1917 3688 ineliabilem
1952 3632 2138 3687 unita-

549 3724 679 3779 tem,
710 3731 775 3771 ac
808 3729 1032 3789 propter
1064 3736 1232 3777 unum
1275 3730 1331 3775 et
1382 3722 1546 3792 idem,
1598 3724 1887 3781 immixtim
1937 3726 2043 3781 hoc
2084 3734 2141 3781 et

550 3807 707 3862 illud.

626 3920 790 3978 Vens.
822 3923 1011 3981 32-34.
1039 3953 1110 3966 -—
1136 3924 1381 3986 Joannes
1409 3929 1602 4001 igitur,
1647 3928 1742 4000 qui
1781 3935 1959 3984 totum
1996 3937 2140 3985 tem-

548 4028 655 4085 pus
683 4018 1025 4087 praeteritum
1049 4035 1227 4089 usque
1269 4020 1336 4075 ad
1365 4019 1897 4077 demonstrationem
1920 4020 2132 4077 Christi

553 4108 608 4160 in
636 4106 879 4163 obscuro
912 4109 1039 4164 vitat
1072 4125 1275 4182 genere
1309 4119 1366 4167 et
1395 4112 1452 4166 in
1490 4112 1715 4168 deserto
1755 4118 2134 4183 transegerat,

552 4212 582 4251 a
611 4198 802 4253 divina
830 4200 911 4257 sic
927 4203 1205 4258 excitatus
1228 4202 1430 4274 gratia,
1457 4210 1519 4259 ut
1539 4203 1669 4260 talis
1695 4205 1873 4269 tleret,
1905 4204 2128 4275 qualem

550 4294 671 4348 ﬁeri
706 4307 830 4349 eum
863 4302 1175 4366 oporteret,
1211 4310 1338 4350 cum
1379 4296 1513 4350 talia
1544 4295 1723 4351 oiiieia
1759 4295 1987 4351 Christo
2031 4294 2141 4350 Do-

551 4384 702 4439 mino
742 4392 1024 4454 praestare,
1064 4392 1234 4457 atque
1280 4401 1599 4457 przecursor
1642 4384 1766 4456 ejus
1798 4387 1958 4442 brevi
2014 4384 2139 4442 ﬁeri

550 4475 806 4544 deberet,
854 4477 951 4533 illo
1008 4477 1249 4548 denique
1293 4488 1539 4549 tempore
1573 4478 1914 4549 conspicuus
1962 4477 2141 4535 iactus

550 4576 658 4637 est,
695 4586 805 4625 non
857 4570 913 4624 in
947 4570 1116 4625 urbes
1152 4570 1468 4640 ingressus,
1500 4571 1592 4627 sed
1640 4572 1698 4625 in
1730 4569 1954 4627 deserto
1993 4585 2139 4641 opus

552 4676 715 4717 suum
776 4662 1093 4732 perﬁciens.
1159 4660 1358 4719 Omnia
1426 4663 1610 4729 enim,
1691 4671 1753 4719 ut
1813 4664 1887 4718 ita
1957 4661 2144 4718 eveni-

2242 3541 2336 3596 καὶ
2357 3541 2444 3595 διὰ
2466 3541 2559 3594 τοῦ
2590 3541 2988 3612 ἐπιφερομένου
3018 3541 3077 3592 τὸ
3101 3540 3231 3594 ῐδιον
3264 3541 3362 3610 τῆς
3390 3539 3639 3610 θεότητος
3655 3579 3667 3600 ,
3691 3537 3829 3612 ὅπερ

2239 3634 2452 3704 ἥρμοσε
2478 3632 2560 3703 τῷ
2589 3632 2747 3703 ἀμνῷ
2777 3632 2867 3686 διὰ
2914 3633 3014 3702 τὴν
3045 3631 3319 3705 ἄφραστον
3353 3631 3576 3692 ἕνωσιν,
3615 3630 3707 3682 καὶ
3739 3628 3828 3683 διὰ

2239 3725 2303 3778 τὸ
2335 3724 2395 3780 ἓν
2423 3724 2517 3778 καὶ
2553 3723 2615 3777 τὸ
2644 3724 2777 3778 αὐτὸ
2806 3724 3128 3794 ἁσυγχύτως
3157 3722 3315 3778 τοῦτό
3344 3740 3407 3775 τε
3442 3724 3682 3776 κάκεῖνο.

2312 3927 2462 3999 Στίχ.
2504 3927 2709 3999 λβ’-λδ’.
2753 3956 2825 3969 -—
2865 3926 2923 3979 '0
2956 3925 3134 3980 τοίνυν
3188 3925 3440 3996 Ἰωάννης
3474 3924 3565 3994 ζ(’5)
3616 3922 3824 3978 ἅπαντα

2241 4017 2334 4071 τὸν
2363 4015 2778 4088 παρεληλυθότα
2806 4015 2997 4088 χρόνον
3025 4014 3116 4070 τὸν
3149 4018 3344 4088 μέχρις
3382 4015 3823 4080 ἁναδείξεωςαὺ-

2242 4108 2337 4163 τοῦ
2364 4109 2577 4180 ἀφανὴς
2602 4108 2679 4163 ὣν
2708 4108 2803 4162 καὶ
2849 4109 2991 4164 κατὰ
3030 4108 3129 4179 τὴν
3165 4108 3371 4180 ἔρημον
3400 4107 3626 4176 διάγων,
3658 4107 3819 4171 οὕτως

2243 4199 2350 4253 ὑπὸ
2378 4201 2476 4271 τῆς
2522 4200 2672 4265 θείας
2705 4200 3024 4271 κινούμενος
3070 4202 3291 4273 χάριτος
3330 4201 3424 4254 ἐπὶ
3468 4200 3545 4271 τῷ
3578 4199 3821 4268 γενέσθαι

2242 4288 2485 4345 τοιοῦτον
2510 4290 2692 4356 αὑτὸν,
2720 4287 2942 4364 οἷόνπερ
2988 4291 3242 4361 γενέσθαι
3267 4290 3434 4363 ἐχρῆν
3464 4289 3696 4361 τοσαύτῃ
3724 4288 3819 4341 λει-

2242 4380 2474 4454 τουργίᾳ
2502 4382 2870 4437 διακονεῖσθαι
2920 4382 3182 4454 μέλλοντα
3217 4383 3310 4437 καὶ
3350 4382 3657 4454 πρόδρομον
3691 4381 3818 4451 γινό-

2249 4489 2411 4544 μενον
2454 4474 2726 4528 Δεσπότου
2753 4472 3014 4545 Χριστοῦ,
3051 4474 3138 4528 διὰ
3182 4472 3395 4545 μακροῦ
3435 4473 3557 4526 τότε
3593 4473 3818 4541 ἀνεςάνη

2242 4562 2337 4616 τοῦ
2367 4565 2586 4636 χρόνου,
2615 4566 2716 4619 οὐκ
2747 4565 2829 4627 είς
2856 4564 2956 4635 τὴν
2991 4565 3145 4618 πόλιν
3193 4564 3528 4635 ἐξεληλυθὼς
3552 4605 3567 4628 ,
3599 4562 3692 4615 ἀλ).
3712 4563 3820 4616 ’ἐπὶ

2244 4653 2346 4725 τὴν
2395 4654 2603 4727 ἔρημον
2651 4655 2714 4709 τὸ
2762 4657 2960 4710 οἰκεῖον
3002 4655 3163 4728 ἔργον
3192 4641 3450 4710 ἐκτελῶν.
3497 4655 3685 4709 Πάντα
3726 4654 3820 4725 γὰρ

552 4760 700 4817 rent,
745 4751 932 4808 divina
969 4754 1149 4825 gratia
1180 4754 1478 4825 disposuit.
1520 4754 1768 4810 Joannes
1821 4753 2011 4824 igitur,
2070 4766 2135 4808 ne

2242 4744 2416 4808 οὕτως
2448 4747 2480 4816 ἡ
2512 4744 2630 4799 θεία
2659 4746 2816 4817 χάρις
2846 4747 3099 4815 γενέσθαι
3132 4746 3505 4818 ᾠκονόμησεν·
3538 4747 3614 4810 ὡς
3635 4744 3698 4799 ἂν
3726 4761 3820 4816 μη-

552 4841 878 4899 hominibus
914 4859 1083 4915 prava
1118 4844 1188 4901 de
1223 4860 1313 4910 co,
1344 4844 1440 4915 qui
1476 4844 1638 4899 testis
1675 4841 1893 4897 Domini
1928 4840 2137 4896 Christi

553 4948 685 4990 esse
728 4932 981 5001 deberet,
1017 4937 1262 4993 oriretur
1311 4935 1523 5008 opinio,
1574 4934 1737 5005 quasi
1792 4935 1879 4989 vel
1935 4946 2143 5004 cogna-

555 5024 747 5089 tionis,
780 5041 889 5096 qua
920 5042 1048 5081 cum
1080 5024 1306 5083 Christo
1329 5027 1561 5097 junctus
1592 5032 1744 5081 esset
1780 5022 2143 5094 (consangui-

554 5127 672 5169 neae
708 5114 855 5170 enim
906 5123 1111 5172 matres
1165 5129 1359 5172 eorum
1410 5123 1467 5168 et
1512 5111 1777 5167 amicitiae
1830 5111 1995 5166 avitae
2029 5124 2147 5166 me-

2242 4835 2406 4905 δεμία
2436 4836 2615 4907 φαύλη
2644 4854 2728 4902 τις
2757 4838 2980 4910 γένηται
3007 4838 3085 4908 (ι)
3126 4840 3242 4903 τοῖς
3270 4838 3578 4909 ἀνθρώποις
3615 4837 3822 4890 ὑπόνοια

2247 4923 2344 4976 τοῦ
2376 4924 2665 4994 μέλλοντος
2700 4931 3002 4999 μαρτυρεῖν
3031 4928 3108 5000 τῷ
3138 4929 3387 5002 Δεσπότῃ
3414 4929 3658 5001 Χριστῷ,
3700 4927 3820 4998 ὼςῆ

2251 5016 2569 5085 συγγενείας
2596 5017 2783 5071 ἕνεκεν
2809 5022 2909 5092 τῆς
2939 5022 3077 5093 πρὸς
3109 5021 3200 5077 τὸν
3229 5021 3466 5095 Χριστὸν
3502 5020 3822 5090 (συγγενίδες

2248 5108 2359 5181 γὰρ
2399 5104 2542 5180 ἦσαν
2569 5111 2626 5164 αἱ
2660 5112 2900 5183 μητέρες
2928 5112 3110 5166 αὐτῶν
3139 5112 3235 5166 καὶ
3259 5112 3442 5183 φιλίας
3470 5112 3823 5183 ἐμνημόνευον

554 5220 740 5262 mores
763 5206 969 5279 erant),
995 5207 1080 5262 vel
1102 5204 1533 5262 consuetudinis
1565 5219 1593 5258 a
1624 5202 1810 5274 pueris
1836 5216 2007 5258 causa
2031 5201 2135 5257 haec

2251 5200 2374 5274 τῆς)
2409 5202 2712 5285 προγόνων,
2742 5203 2775 5276 ἢ
2804 5205 2891 5260 διὰ
2918 5204 3016 5275 τὴν
3047 5205 3112 5259 ἐκ
3144 5205 3349 5260 παίδων
3381 5204 3672 5277 συνήθειαν
3714 5201 3824 5274 βού-

555 5295 623 5350 de
658 5308 726 5350 eo
752 5296 1069 5351 testimonia
1114 5295 1343 5350 reddere
1382 5293 1568 5354 vellet,
1607 5308 1637 5346 a
1666 5290 1851 5346 divina
1883 5292 2061 5364 gratia
2086 5291 2140 5346 in

558 5385 836 5443 desertum
870 5387 1076 5443 ductus
1102 5395 1209 5452 est,
1247 5395 1302 5441 et
1333 5383 1541 5455 ubique
1579 5383 1876 5454 impulsus,
1912 5394 1969 5439 ut
1995 5382 2142 5439 veri-

591 5656 603 5672 .
629 5588 706 5672 (η
731 5584 995 5668 Posthinc
1034 5600 1209 5654 usque
1232 5584 1301 5641 ad
1331 5584 1391 5639 τὺ
1425 5562 1752 5654 φαινόμενον
1777 5583 1976 5657 legitur
2002 5580 2144 5654 apud

562 5656 914 5710 Corderium.

564 5725 868 5814 “(allato
886 5724 1379 5814 addi‘t'Corderius
1414 5742 1536 5814 qum
1581 5728 1769 5814 omisit
1797 5725 1901 5812 μοὶ
1941 5723 2145 5814 ιε’ξᾷπεῖ

562 5791 817 5879 nepti-nev
840 5791 1208 5879 ﬁvso‘kérew,
1226 5799 1300 5879 ὡς
1336 5791 1587 5879 Ἰωάννης
1606 5798 1955 5879 ἐμαρτύρησε
1973 5795 2146 5879 λέ-Υων

559 5865 941 5923 τεθεᾶσθαιτὺ
969 5865 1208 5942 Πνεῦμα,
1235 5872 1392 5941 ειπερ
1422 5865 1664 5937 ἅπαντας
1699 5865 1986 5933 κοινωνοὺς
2022 5867 2145 5933 ἔσχε

2251 5290 2438 5346 λεσθαι
2463 5292 2689 5347 τοιαῦτα
2717 5297 3014 5367 μαρτυρεῖν
3041 5294 3212 5367 αὐτῷ,
3246 5296 3351 5349 ὑπὸ
3380 5296 3479 5367 τῆς
3504 5295 3653 5359 θείας
3685 5295 3825 5367 χάρι-

2244 5398 2338 5446 τος
2369 5382 2451 5446 είς
2475 5380 2571 5452 τὴν
2598 5381 2805 5456 ἔρημον
2831 5381 3121 5456 ἐξηνέχθη,
3144 5383 3479 5456 πανταχόθεν
3502 5383 3824 5455 ἐπαγόμενος

2254 5584 2351 5654 τῆς
2380 5580 2505 5655 θέας
2530 5582 2655 5655 τοῦς
2687 5580 3404 5655 παρόνταςκῐῇὑηθέστατον,
3434 5601 3490 5637 κ.
3522 5601 3573 5639 τ.
3607 5584 3657 5640 λ.
3685 5583 3823 5642 Eutr.

2326 5653 2567 5734 (βλ-1106
2593 5651 3237 5734 iragurentttuuhinettter
3273 5654 3510 5734 primum
3542 5655 3711 5734 edidit
3731 5655 3760 5707 Ι.
3789 5655 3821 5707 Ι.

2254 5743 2307 5797 p.
2337 5721 2448 5778 ’155
2478 5739 2553 5780 ss.
2582 5739 2647 5777 ex
2677 5721 2800 5774 cod.
2843 5721 3076 5778 Vindob.
3115 5739 3239 5777 Lxxt
3275 5721 3526 5780 catenam
3552 5724 3605 5781 in
3633 5724 3822 5780 Lucam

2255 5795 2564 5849 exhibente.
2612 5791 2964 5846 Praemissum
2987 5800 3070 5849 est
3099 5808 3152 5849 v.
3171 5792 3468 5849 Θεοδώρου.

2255 5808 2564 5867 unguento.
2612 5808 2964 5867 Praemissum
2987 5808 3070 5851 εει
3099 5808 3152 5849 v.
3171 5808 3468 5867 υεοοωρου.

2332 5866 2407 5936 (4)
2441 5863 2643 5922 Muent.
2676 5862 2914 5935 γίνηται.
