4162 6464
209 383 311 441 757
1381 383 1446 437 IN

1513 381 1962 440 EVANGELIUM
2013 383 2324 442 JOANNIS.

3402 389 3504 447 758

208 503 303 558 τοῦ
335 504 438 572 τῆς
467 500 728 572 ἀληθείας
760 501 944 553 ἕνεκεν
991 503 1288 574 μαρτυρεῖν
1339 503 1488 573 αὺτῷ
1515 503 1583 557 τὰ
1612 504 1812 576 γνωρί-

1918 507 2048 561 tatis
2074 519 2243 560 causa
2277 504 2400 574 ejus
2432 502 2817 561 manil‘estaret
2844 505 3238 577 perfectiones.
3268 502 3507 576 Propter

211 609 420 666 σματα.
467 590 602 644 ’Λπὺ
628 588 684 642 δὲ
715 588 816 659 τῆς
845 591 988 643 κατὰ
1033 592 1133 661 τὴν
1164 590 1370 663 ἔρημον
1401 593 1684 664 διατριῦἧς
1714 595 1808 648 καὶ

208 684 320 738 ἀπὸ
346 683 444 736 τοῦ
473 681 843 750 ἀκοινωνήτου
875 682 972 752 τῆς
998 682 1273 754 διαγωγῆς
1323 682 1484 737 τοῦτο
1528 685 1660 739 αὐτὸ
1694 686 1810 739 δια-

211 773 636 848 μαρτυρόμενος
689 771 845 840 ἒλεγε
877 789 892 802 ·
965 773 1137 842 Κάγὼ
1195 777 1306 829 οὐκ
1359 775 1531 844 ᾔδειν
1586 777 1807 842 αὑτὸν,

206 867 352 923 ἀλλ’
386 870 420 920 ό
448 865 696 935 πέμψας
719 881 797 935 με
829 864 1146 929 βαπτίζειν
1160 868 1230 923 ἐν
1259 868 1431 923 ὕδατι
1455 868 1686 937 ἐκεῖνός
1708 887 1811 939 μοι

207 957 366 1011 εἷπε.

280 1049 436 1118 Στίχ.
470 1047 577 1118 με.
632 1077 706 1088 —-
743 1048 810 1102 Ἢ
839 1049 1095 1121 Ναζαρὲτ
1141 1051 1220 1121 (I)
1269 1052 1411 1106 πάνυ
1441 1051 1812 1124 διαϐέϐληται

207 1142 367 1213 παρὰ
398 1144 515 1205 τοῖς
557 1139 836 1206 Ἰουδαίοις
885 1141 1113 1208 ἄνωθεν,
1143 1143 1390 1214 δηλονότι
1418 1145 1495 1209 ὡς
1537 1146 1643 1200 ὑπὸ
1671 1146 1814 1200 ὲθνι-

207 1233 327 1286 κῶν
370 1232 576 1303 μᾶλλον
605 1232 923 1303 οἰκούμενον
972 1234 1034 1287 τὸ
1069 1236 1271 1307 χωρίον
1311 1237 1406 1291 καὶ
1432 1236 1634 1305 ἀγαθὸν
1660 1238 1814 1307 ἐνεγ-

205 1326 326 1376 κεῖν
371 1322 634 1375 οὐδέποτέ
681 1340 735 1375 τι
785 1323 1102 1394 δυνάμενον.
1135 1325 1301 1379 Ὅθεν
1342 1327 1436 1380 καὶ
1477 1328 1527 1380 oi
1571 1327 1813 1382 Ἰουδαῖοι

205 1415 401 1482 ελεγον
434 1414 576 1484 πρὸς
599 1412 691 1465 τὸν
718 1413 1032 1485 Νικόδημον
1054 1431 1068 1447 ο
1101 1417 1464 1485 Ἐρεύνησον
1481 1415 1580 1470 καὶ
1603 1416 1693 1470 ἴδε
1719 1416 1810 1480 τὸ,

206 1505 540 1575 Προφήτης
559 1504 628 1557 ἐκ
645 1502 754 1572 τῆς
774 1507 1109 1574 Γαλιλαίας
1131 1509 1244 1562 οὐκ
1262 1507 1590 1579 ἐγήγερται.
1617 1509 1813 1574 Καλῶς

204 1595 303 1652 οὖν
350 1596 451 1651 καὶ
495 1599 524 1650 6
570 1597 839 1662 Φίλιππος
873 1598 1013 1668 πρὸς
1057 1599 1150 1654 τὸν
1193 1599 1488 1671 Ναθαναήλ
1513 1617 1528 1634 ο
1587 1603 1814 1671 Ἔρχου

205 1688 305 1740 καὶ
341 1687 456 1739 τδε.
512 1686 736 1757 Ἐπειδὴ
780 1688 888 1758 γάρ
922 1704 1036 1758 μοι,
1083 1689 1238 1759 φησὶ,
1281 1688 1380 1761 τὴν
1406 1691 1643 1746 παλαιὰν
1679 1709 1814 1764 προ-

203 1776 385 1847 ϐάλλῃ
414 1775 601 1843 δόξαν,
646 1775 758 1845 ἐγώ
791 1793 873 1830 σοι
899 1777 968 1831 τὰ
1007 1778 1310 1850 πράγματα
1339 1781 1612 1836 δεικνύναι
1640 1784 1808 1852 ἐπαγ-

1918 596 2418 652 commorationem
2456 610 2590 652 vero
2619 595 2742 666 ejus
2785 597 2841 651 in
2870 597 3114 663 deserto,
3148 604 3316 668 atque
3351 597 3507 651 inso-

1917 686 2118 742 ciabile
2148 686 2278 741 vitae
2306 685 2650 750 institutum,
2682 686 2818 741 illud
2855 687 3036 756 ipsum
3065 689 3230 744 etiam
3269 696 3507 744 testatus

1917 779 2061 833 dixit
2098 797 2111 834 :
2147 777 2218 833 Et
2247 794 2343 849 ego
2383 779 2678 835 nesciebam
2721 795 2876 843 eum;
2905 779 2996 832 sed
3030 780 3120 849 qui
3147 781 3292 834 misit
3323 797 3405 835 me
3450 788 3507 833 ut

1920 870 2250 942 baptizare»:
2290 885 2454 940 aqua,
2486 873 2532 927 is
2557 870 2688 925 mihi
2715 869 2859 924 dixit
2886 867 3072 924 lJoan.
3104 885 3144 935 ι,
3177 869 3294 942 33).

1993 1033 2165 1091 Vens.
2194 1033 2286 1089 t7.
2319 1065 2391 1075 -——
2415 1031 2690 1088 Nazareth
2715 1031 2850 1088 olim
2889 1046 2920 1086 a
2951 1029 3160 1086 ludatis
3187 1029 3348 1086 valde
3377 1044 3512 1086 con-

1919 1126 2299 1190 temnebatur,
2340 1125 2470 1196 quia
2499 1124 2764 1180 nimirum
2807 1125 2880 1180 ab
2916 1122 3159 1180 ethnicis
3208 1120 3328 1177 fere
3359 1121 3514 1190 regio

1921 1217 2016 1273 illa
2048 1216 2422 1282 incolebatur,
2470 1230 2575 1272 nec
2616 1230 2862 1286 unquam
2895 1215 3028 1270 boni
3065 1213 3354 1285 quidpiam
3381 1227 3514 1286 pro-

1920 1309 2130 1365 tulerit.
2188 1307 2342 1364 Unde
2395 1311 2564 1365 etiam
2610 1306 2787 1363 Judaei
2849 1307 3116 1363 dicebant
3168 1304 3514 1362 Nicodemo:

1921 1401 2180 1458 Scrutare
2211 1399 2526 1470 Scripturas
2564 1411 2616 1456 ct
2657 1400 2810 1466 cide,
2855 1401 2985 1471 quia
3033 1416 3066 1452 a
3113 1398 3346 1454 Gatilwa
3393 1413 3517 1467 pro-

1919 1494 2079 1563 pheta
2110 1510 2217 1548 non
2258 1494 2431 1564 surgit
2475 1492 2665 1564 (Joau.
2702 1507 2801 1556 vn,
2833 1492 2948 1563 52).
2979 1492 3151 1548 Recte
3183 1490 3354 1561 igitur
3384 1488 3516 1546 Phi-

1919 1586 2109 1658 lippus
2151 1585 2482 1642 Nathanaeli
2537 1586 2657 1641 ait:
2710 1585 2854 1642 Vade
2899 1593 2957 1641 et
3006 1584 3144 1640 vide.
3187 1583 3328 1640 Cum
3362 1585 3514 1640 enim

1921 1679 2099 1744 mihi,
2133 1679 2347 1749 inquit,
2398 1680 2690 1751 antiquam
2725 1679 2965 1750 obiicias
2998 1679 3321 1750 opinionem
3343 1717 3361 1745 ,
3413 1690 3517 1747 ego

1921 1770 2021 1825 tibi
2049 1786 2139 1827 res
2161 1771 2314 1841 ipsas
2329 1772 2622 1829 declarare
2643 1769 3112 1833 instituo.De_inde
3130 1767 3516 1836 Jesus,videns

205 1868 476 1938 γέλλομαι
496 1867 599 1939 (2).
617 1863 753 1921 Εἶτα
773 1869 848 1931 ὡς
875 1868 1054 1940 Ἰησοῦ
1075 1870 1357 1941 πόρρωθεν
1376 1872 1713 1945 θεασαμένου
1730 1876 1812 1929 τὸν

1925 1862 2131 1933 alonge
2153 1863 2466 1944 venientem
2487 1864 2554 1918 ad
2573 1879 2634 1918 se
2655 1861 2983 1927 Nathanael,
3005 1861 3180 1916 dixit:
3204 1858 3344 1914 Ecce
3363 1873 3516 1912 verus

207 1957 539 2027 Ναθαναὴλ,
571 1957 666 2010 καὶ
699 1957 969 2022 εἰπόντος,
1008 1958 1133 2014 Ἴδε
1164 1960 1402 2028 ἀληθὴς
1443 1961 1819 2030 Ἰσραηλίτης

201 2049 274 2102 ἐν
294 2041 346 2113 ᾧ
367 2047 556 2111 δόλος
574 2049 686 2102 οὐκ
708 2047 842 2103 ἐστι
862 2067 876 2081 ·
910 2050 1012 2104 καὶ
1037 2051 1146 2106 τοῦ
1168 2051 1496 2120 Ναθαναὴλ
1519 2053 1815 2120 εἰπόντος,

203 2139 409 2193 Πόθεν
419 2153 500 2206 με
517 2137 871 2206 γινώσκεις;
907 2140 1224 2208 Ἀπεκρίθη
1259 2141 1503 2209 Ἰησοῦς
1521 2157 1535 2172 ο
1564 2142 1685 2211 Πρὸ
1711 2141 1818 2196 τοῦ

201 2247 276 2286 σε
315 2229 634 2284 Φίλιππον
664 2230 964 2300 φωνῆσαι,
999 2233 1094 2286 καὶ
1124 2233 1253 2304 ἑξῆς
1277 2248 1290 2261 ·
1343 2231 1468 2287 ὅθεν
1507 2234 1602 2287 καὶ
1639 2237 1668 2287 6
1700 2235 1817 2288 Να-

201 2323 422 2394 θαναὴλ
473 2321 660 2394 ἔργοις
710 2325 898 2388 αὐτοῖς
938 2326 1038 2396 τὴν
1074 2325 1353 2392 ἀπόδειξιν
1404 2324 1608 2390 λαϐὼν,
1658 2327 1813 2397 φησί·

201 2416 290 2470 Σὺ
316 2409 386 2470 εἴ
413 2418 448 2470 ὁ
497 2414 634 2482 Υἱὸς
661 2416 768 2471 τοῦ
810 2417 959 2472 Θεοῦ
993 2421 1027 2473 ό
1055 2417 1358 2484 βασιλεὺς
1392 2418 1502 2473 τοῦ
1541 2419 1812 2488 Ἰσραήλ.

200 2506 398 2562 Ταῦτα
452 2509 699 2579 δηλονότι
746 2509 875 2579 περὶ
915 2507 1012 2562 τοῦ
1065 2509 1301 2580 Χριστοῦ
1354 2511 1698 2578 προσεδόκων
1738 2511 1816 2573 ὡς

199 2601 571 2670 οἰκειωμένου
621 2601 774 2673 παρὰ
825 2602 1034 2666 πάντας
1076 2602 1234 2673 Θεῷ,
1282 2602 1360 2667 ὡς
1403 2602 1667 2674 βασιλέως
1719 2602 1812 2656 τοῦ

213 2691 465 2764 Ἰσραὴλ,
490 2695 540 2746 si
566 2693 661 2746 καὶ
681 2693 1052 2764 ἀμυδρότερον
1071 2692 1211 2747 αὐτὰ
1237 2694 1332 2746 καὶ
1355 2692 1815 2764 σωματικώτερον

198 2780 347 2843 τέως
395 2781 748 2850 προσεδόκων
782 2798 795 2814 ο
855 2781 981 2835 οὔτε
1021 2781 1131 2854 γὰρ
1186 2783 1336 2846 ὅπως
1379 2779 1449 2855 ἦν
1503 2783 1631 2848 Υἱὸς
1677 2784 1813 2839 Θεοῦ

212 2869 518 2934 Ἰουδαίους
564 2871 685 2923 τότε
715 2871 913 2926 εἰδέναι
963 2872 1188 2926 δυνατὸν
1217 2869 1287 2944 ἦν
1309 2913 1323 2938 ,
1370 2875 1486 2929 ἀλλ’
1517 2875 1638 2929 οὐδὲ
1665 2876 1815 2939 ὅπως

202 2959 471 3029 βασιλεὺς
502 2976 516 2991 ·
570 2960 686 3014 ἀλλ’
710 2961 830 3014 οὐδὲ
871 2956 941 3032 ἦν
995 2961 1088 3015 τοῦ
1121 2962 1418 3033 Ναθαναὴλ
1446 2964 1610 3028 εὐθὺς
1639 2966 1815 3018 ἐκεῖνο

201 3052 551 3120 ἐπιγνῶναι,
606 3051 635 3104 ὂ
685 3052 881 3123 μακρῷ
929 3054 1110 3124 χρόνῳ
1158 3056 1254 3108 καὶ
1301 3059 1429 3120 τοὺς
1479 3057 1814 3120 ἀποστόλους

198 3145 444 3215 ὕστερον
484 3145 799 3212 ἐγνωκότας
831 3144 980 3198 ἔστιν
1021 3147 1204 3218 εὑρεῖν
1244 3164 1259 3180 ·
1313 3149 1544 3221 ἐπείπερ
1587 3148 1812 3221 ἐθεώρει

199 3241 307 3308 μὲν
361 3238 657 3308 ἄνθρωπον
683 3253 696 3268 °
748 3238 816 3291 τὰ
858 3238 916 3291 δὲ
964 3239 1116 3310 παρὰ
1160 3239 1254 3292 τοῦ
1295 3241 1502 3312 Κυρίου
1547 3241 1810 3312 λεχθέντα

195 3331 344 3402 πρὸς
369 3330 538 3384 αὐτὸν
573 3327 727 3382 οὔπω
750 3329 973 3383 τοιαῦτα
998 3323 1086 3400 ἦν,
1109 3328 1249 3382 ὥστε
1268 3330 1366 3402 τὴν
1407 3330 1566 3400 φύσιν
1595 3331 1812 3402 ἐκείνην

196 3424 500 3495 ἐμφαίνειν
530 3439 543 3454 ·
603 3423 726 3476 ἐπεὶ
779 3422 874 3476 καὶ
923 3422 1224 3494 προφητῶν
1276 3423 1436 3496 ἔργον
1488 3423 1649 3478 τοῦτο
1700 3419 1766 3495 ἦν
1797 3441 1808 3453 ·

194 3519 400 3589 ἀμέλει
420 3517 516 3570 καὶ
551 3518 855 3582 Ἐλισσαῖος
878 3517 1094 3587 ὲλέγχει
1113 3517 1204 3570 τὸν
1223 3518 1423 3571 οίκεῖον
1447 3516 1699 3590 μαθητὴν
1723 3516 1813 3570 τὸν

193 3611 436 3684 χρυσίον
465 3609 699 3664 λαϐόντα
723 3611 876 3682 παρὰ
897 3612 992 3666 τοῦ
1015 3611 1257 3683 Νεεμὰν,
1285 3610 1458 3665 καίτοι
1483 3627 1545 3678 γε
1573 3609 1812 3680 πλείστῳ

193 3704 272 3775 τῷ
309 3703 650 3775 διαστήματι
682 3703 968 3776 πόρρωθεν
993 3723 1005 3736 ⁸
1056 3705 1168 3758 ἀλλ’
1195 3706 1343 3776 ὅμως
1372 3703 1550 3757 καὶτὸ
1580 3705 1814 3776 πρᾶγμα

190 3797 354 3860 ὅπως
417 3797 648 3864 ἐγένετο.
695 3797 977 3851 ὑποκάτω
1025 3798 1134 3868 τῆς
1175 3797 1379 3866 συκῆς
1459 3799 1812 3863 materiam;

191 3884 465 3947 Μείζονα
496 3887 724 3940 τούτων
755 3887 892 3955 ὄψει
917 3904 930 3919 ο
960 3889 1058 3942 καὶ
1085 3887 1259 3952 οὕτως
1295 3886 1496 3950 ἔδειξεν
1543 3887 1628 3940 ὅτι
1659 3887 1812 3942 οὐδὲν

196 3980 356 4051 μέγα
381 3977 446 4031 τὸ
479 3977 611 4050 παρ’
636 3979 803 4032 αὑτοῦ
844 3978 1055 4050 λεχθὲν,
1091 3979 1225 4051 μηδὲ
1257 3978 1400 4032 οὕτω
1445 3977 1632 4032 ἱκανὸν
1668 3977 1810 4032 ὥστε

189 4067 456 4142 ἀκριϐῶς
492 4067 680 4136 αὑτὸν,
713 4069 863 4132 ὅστις
903 4068 1012 4140 εἴη,
1047 4070 1418 4142 παραστῆσαι.

263 4160 431 4231 Στίχ.
462 4165 528 4214 ν’.
557 4191 623 4201 -——
650 4158 952 4230 Αὑτάρκως
986 4160 1061 4233 (5)
1113 4161 1396 4231 ἐμφαίνων
1424 4159 1577 4232 αὑτῷ
1604 4161 1704 4233 τῆς
1733 4161 1811 4215 οἱ·

188 4258 360 4320 κείας
391 4255 678 4325 δυνάμεως
711 4253 810 4325 τὴν
858 4254 1201 4327 περιουσίαν,
1246 4255 1367 4309 ὅθεν
1420 4255 1516 4310 καὶ
1559 4257 1588 4309 6
1626 4254 1811 4310 Ναθα-

187 4347 337 4419 ναὴλ
389 4345 574 4418 ἔργοις
607 4346 793 4408 αὐτοῖς
845 4345 941 4416 τὴν
1001 4344 1274 4412 ἀπόδειξιν
1331 4346 1536 4414 λαϐὼν,
1601 4347 1806 4418 φησιν’

1921 1952 2204 2018 Israelita,
2224 1955 2278 2007 in
2307 1970 2410 2025 quo
2429 1953 2586 2009 dolus
2616 1970 2722 2009 non
2753 1963 2854 2009 est.
2893 1953 3037 2008 Dicit
3070 1953 3120 2007 ei
3149 1949 3464 2005 Nathanael
3496 1965 3515 2003 .'

1928 2043 2076 2099 Unde
2100 2061 2180 2100 me
2217 2046 2398 2102 nosti?
2423 2045 2709 2114 Respondit
2728 2043 2888 2100 Jesus
2913 2058 2931 2097 :
2956 2043 3286 2113 Priusquam
3310 2049 3360 2096 te
3384 2039 3517 2094 ΡΙιὶ-

1921 2137 2096 2206 lippus
2129 2146 2362 2202 vocaret,
2399 2147 2456 2194 et
2499 2139 2822 2209 reliqua.....
2874 2134 3032 2190 Unde
3077 2143 3133 2190 et
3167 2132 3305 2203 ipsis
3339 2131 3518 2202 operi-

1919 2228 2025 2286 bus
2044 2230 2336 2286 convictus
2351 2230 2530 2285 fuerat
2553 2238 2615 2283 ut
2636 2229 2848 2284 diceret
2872 2244 2886 2283 :
2911 2226 2953 2280 T
2957 2243 2991 2279 ιι
3010 2241 3064 2280 es
3090 2223 3269 2278 Filius
3303 2221 3421 2288 Dei,
3457 2229 3514 2274 tu

1918 2336 1974 2374 es
1986 2335 2081 2374 rex
2101 2319 2278 2375 Israel
2295 2323 2372 2391 (v.
2403 2320 2518 2392 39).
2537 2317 2797 2376 Christus
2819 2317 3066 2389 profecto
3088 2312 3518 2385 exspectabatur

1919 2419 2184 2482 tanquam
2218 2411 2314 2467 Dei
2339 2426 2452 2483 prae
2483 2411 2746 2467 omnibus
2775 2407 3092 2472 familiaris,
3123 2414 3389 2476 tanquam
3417 2417 3516 2458 rex

1917 2501 2110 2570 Israel,
2143 2503 2253 2559 nisi
2285 2506 2456 2560 etiam
2481 2502 2627 2559 forte
2670 2501 2968 2558 obscurius
3006 2499 3295 2569 magisque
3320 2509 3520 2550 carna-

1918 2594 2084 2660 liter;
2131 2610 2234 2651 nec
2266 2595 2414 2651 enim
2451 2595 2734 2666 quomodo
2782 2599 2930 2650 esset
2961 2590 3138 2646 Filius
3166 2589 3262 2645 Dei
3296 2587 3521 2644 Iudaeos

1917 2694 2039 2742 erat
2071 2687 2338 2757 possibile
2381 2691 2529 2746 scire
2552 2729 2567 2754 ,
2619 2704 2720 2744 nec
2747 2686 3029 2759 quomodo
3072 2700 3203 2752 rex;
3249 2697 3353 2738 nec
3383 2697 3520 2753 ergo

1918 2780 2181 2849 possibile
2200 2792 2322 2838 erat
2343 2781 2645 2837 Nathanael
2670 2782 2862 2836 statim
2888 2780 2993 2835 hoc
3023 2779 3190 2844 scire,
3216 2775 3363 2848 quod
3392 2785 3518 2845 post

1917 2872 2142 2943 longum
2173 2883 2390 2944 tempus
2425 2875 2579 2944 ipsos
2613 2857 3151 2944 apostolos'tandcm
3186 2868 3519 2941 cognovisse

1918 2964 2192 3020 videmus.
2226 2964 2330 3019 Hic
2367 2967 2514 3021 enim
2551 2973 2765 3020 tantum
2797 2964 3078 3020 hominem
3109 2961 3364 3026 videbat;
3395 2973 3520 3030 quae

1917 3066 2099 3114 autem
2123 3056 2192 3111 ad
2213 3056 2394 3127 ipsum
2417 3071 2448 3111 a
2465 3055 2706 3114 Domino
2756 3057 2903 3112 dicta
2927 3056 3168 3122 fuerant,
3192 3055 3261 3108 ad
3291 3053 3520 3109 demon-

1919 3147 2207 3202 strandam
2243 3147 2475 3202 alteram
2513 3155 2768 3204 naturam
2799 3162 2910 3203 non
2956 3153 3212 3218 poterant
3243 3144 3517 3202 sullicere.

1917 3237 2168 3309 Namque
2195 3241 2264 3296 de
2295 3241 2582 3312 prophetis
2627 3241 2760 3298 talia
2796 3247 3100 3295 narrantur
3133 3259 3146 3294 :
3181 3239 3325 3293 haud
3353 3237 3520 3293 dubie

1919 3331 2138 3388 Eliseus
2155 3332 2490 3404 discipulum
2510 3349 2670 3390 suum
2687 3332 3044 3404 reprehendit
3066 3331 3117 3402 (I
3137 3332 3196 3387 Υ.
3212 3331 3402 3402 Reg.v,
3424 3331 3518 3401 26)

1918 3425 2065 3495 quod
2099 3439 2131 3479 a
2157 3423 2406 3480 Naaman
2435 3441 2639 3481 aurum
2691 3436 2982 3498 acceperat
3003 3466 3018 3492 ,
3051 3425 3307 3496 quamvis
3355 3425 3520 3493 longe

1919 3514 2161 3570 abesset.
2208 3515 2469 3570 Attamen
2511 3523 2576 3584 get
2617 3522 2833 3570 tantum
2864 3524 3089 3586 propter
3128 3515 3276 3585 quod
3307 3513 3519 3570 factum

1920 3612 2006 3660 est
2051 3602 2126 3675 (ν.
2163 3605 2254 3675 50)
2295 3605 2394 3659 sub
2433 3606 2540 3676 ﬁcu
2573 3606 2788 3662 credis?
2837 3605 3022 3678 Majas
3051 3606 3136 3660 his
3166 3604 3386 3659 videbis.
3425 3603 3516 3658 Sic

1917 3694 2160 3750 ostendit
2201 3695 2341 3750 nihil
2385 3711 2511 3752 esse
2546 3711 2808 3767 magnum
2841 3697 2990 3768 quod
3019 3697 3110 3752 ille
3138 3697 3376 3757 dixerat,
3412 3710 3516 3750 nec

1919 3787 1984 3843 ad
2013 3789 2175 3858 plane
2215 3789 2666 3859 patefaciendum
2700 3790 2883 3862 qualis
2913 3798 3030 3846 erat
3062 3788 3372 3846 suliicicns.

1994 4161 2164 4218 Vsus.
2194 4161 2287 4218 50.
2322 4193 2394 4206 -
2422 4161 2658 4219 Abunde
2690 4163 2942 4235 profecto
2965 4164 3107 4220 satis
3141 4162 3248 4233 ipsi
3295 4162 3518 4218 virtutis

1920 4270 2034 4311 sua:
2083 4253 2525 4325 magnitudinem
2570 4253 2991 4320 declaraverat,
3066 4251 3517 4324 quandoquidem

1919 4349 2226 4404 Nathanael
2273 4349 2342 4403 ah
2373 4348 2512 4418 ipsis
2549 4349 2717 4404 etiam
2760 4347 3028 4418 operibus
3070 4353 3296 4415 accepta
3327 4345 3517 4400 decla-

199 4437 434 4502 'Pa66’l,
477 4435 559 4490 σὺ
589 4435 647 4490 εἷ
679 4438 712 4490 ό
754 4434 889 4500 Υἱὸς
918 4436 1026 4492 τοῦ
1062 4436 1234 4504 Θεοῦ,
1257 4436 1339 4493 σὺ
1361 4433 1423 4492 εἷ
1442 4440 1475 4494 d
1506 4436 1812 4503 βασιλεὺς

1918 4443 2156 4508 ratione,
2193 4442 2345 4497 dicat
2373 4458 2388 4494 :
2419 4439 2588 4495 Rabbi
2611 4480 2626 4504 ,
2672 4434 2811 4496 tu'es
2844 4439 3023 4493 Filius
3058 4438 3158 4493 Dei
3183 4477 3198 4502 ,
3253 4447 3306 4491 tu
3340 4455 3393 4491 es
3423 4453 3516 4490 rex

183 4530 302 4584 τοῦ
360 4528 638 4598 Ἰσραήλ.
676 4527 864 4582 Ταῦτα
891 4529 1000 4601 γὰρ
1024 4529 1265 4601 δηλονότι
1291 4533 1420 4604 περὶ
1444 4531 1536 4587 τοῦ
1569 4531 1811 4604 Χριστοῦ

186 4621 581 4694 προσεδόκων.

1913 4531 2115 4588 Israel.
2175 4529 2284 4586 Ista
2333 4530 2594 4588 videlicet
2657 4537 2826 4603 atque
2877 4529 3157 4600 ejusmodi
3193 4529 3260 4586 de.
3291 4528 3516 4584 Christo

1918 4625 2342 4696 exspectabant.

263 4713 458 4768 Rabbi
495 4713 592 4785 (4).
628 4721 685 4766 tu
721 4729 780 4768 cs
807 4711 981 4772 Filius
1018 4713 1215 4781 Dei,tu
1246 4731 1306 4772 es
1339 4731 1435 4772 rex
1462 4715 1656 4783 Israel,
1683 4717 1790 4773 hoc
1816 4727 1904 4775 est
1931 4735 1945 4772 :
1978 4715 2061 4771 Tu
2087 4733 2147 4772 es
2174 4717 2269 4771 ille
2303 4716 2401 4788 qui
2431 4715 2501 4771 de
2534 4714 2698 4787 longe
2741 4714 3075 4786 praedicatus
3114 4723 3201 4772 cst
3238 4715 3518 4776 Christus.

185 4809 312 4865 Iloc
351 4809 500 4861 enim
533 4805 749 4861 scilicet
783 4806 852 4860 de
883 4792 1108 4862 Christo
1137 4810 1418 4882 sperabat,
1464 4810 1610 4866 sicut
1642 4811 1955 4868 domestico
1984 4811 2288 4866 constituto
2330 4818 2530 4880 prmter
2565 4825 2760 4866 omnes
2797 4809 2931 4865 Deo.

252 4905 474 4960 Certus
510 4903 732 4971 quidem
766 4903 920 4974 (5)ct
948 4901 1067 4972 ipse
1102 4911 1244 4970 erat,
1283 4904 1486 4959 Filium
1521 4907 1615 4961 Dei
1652 4922 1760 4961 non
1796 4907 2105 4964 secundum
2139 4906 2366 4962 dcitatis
2403 4905 2599 4960 dicens
2642 4904 3013 4968 nativitatem,
3064 4903 3164 4962 sed.
3216 4902 3519 4960 secundum

182 4994 356 5068 quod
393 4993 740 5048 domesticus
772 4991 882 5046 Deo
906 4999 1026 5046 erat
1072 5013 1084 5049 :
1120 5009 1216 5063 per
1247 4994 1395 5066 quod
1433 4996 1528 5050 lilii
1556 4994 1672 5063 Dei,
1706 4997 1802 5068 qui
1827 5013 1927 5070 per
1951 4999 2214 5054 virtutem
2246 4995 2540 5055 domestici
2568 4993 2680 5051 Deo
2715 4994 3010 5050 constituti
3047 4994 3327 5061 homines,
3373 4996 3517 5052 inte-

182 5099 299 5154 rim
337 5093 710 5150 vocabantur.

831 5181 1087 5237 ΚΕΦΑΛ.
1120 5180 1195 5232 B'.

259 5282 425 5354 Στίχ.
457 5277 528 5350 γ’.
553 5311 621 5325 --
655 5275 837 5343 ’Ἄξιον
862 5275 941 5348 (6)
976 5275 1208 5345 ζητῆσαι
1249 5271 1415 5326 πόθεν
1467 5271 1700 5346 ἐπῆλθεν
1741 5275 1810 5344 τῇ

2586 5182 2742 5241 CAP.
2778 5183 2846 5239 II.

1995 5272 2162 5331 Vens.
2195 5276 2250 5330 3.
2303 5303 2371 5317 -ν
2403 5275 2603 5334 Merito
2635 5276 3027 5348 inquirendum
3051 5286 3138 5331 est
3173 5274 3319 5330 unde
3351 5276 3513 5330 matri

183 5377 378 5449 μητρὶ
415 5373 560 5444 μέγα
585 5390 636 5426 τι
663 5369 1037 5442 φαντασθῆναι
1067 5367 1194 5438 περὶ
1219 5365 1314 5420 τοῦ
1345 5364 1536 5430 παιδός
1554 5383 1567 5398 ο
1589 5367 1812 5436 σημεῖον

1925 5365 1994 5422 de
2027 5367 2139 5423 lilio
2166 5367 2284 5425 haec
2317 5371 2484 5426 tacita
2509 5371 2710 5428 ﬁducia
2748 5378 2870 5428 orta
2911 5379 3094 5438 esset;
3119 5369 3336 5424 nullum
3367 5371 3513 5424 enim

181 5472 310 5542 γὰρ
349 5467 504 5522 οὐδὲν
533 5461 602 5536 ἦν
653 5461 976 5536 πεποιηκώς
1000 5479 1015 5493 ·
1043 5460 1250 5528 ταύτην
1284 5458 1396 5531 γάρ
1442 5475 1609 5529 φησιν
1635 5456 1810 5529 ἀρχὴν

1922 5458 2254 5516 miraculum
2291 5460 2499 5519 fecerat
2523 5505 2537 5531 ,
2583 5478 2709 5518 cum
2743 5462 3081 5534 evangelista
3115 5460 3266 5516 dicat
3316 5459 3390 5530 (ν.
3427 5458 3516 5530 ll)

1921 5637 2057 5692 libro
2079 5639 2274 5706 primo.
2303 5639 2424 5693 Act.
2458 5638 2522 5694 C.
2556 5639 2620 5694 C.
2655 5655 2719 5704 tt,
2753 5655 2828 5706 Iv,
2863 5640 2951 5694 35.
2981 5637 3102 5708 Vig.
3133 5638 3197 5694 C.
3232 5639 3322 5694 '55.

1993 5709 2068 5781 (ὅ)
2104 5708 2173 5781 Et
2197 5720 2315 5778 post
2343 5711 2475 5766 alia.
2497 5712 2618 5765 Act.
2658 5711 2720 5766 C.
2751 5710 2813 5766 C.
2863 5711 2924 5778 Il,
2956 5726 3029 5777 Iv,
3051 5707 3142 5766 54.
3179 5708 3304 5781 Vig.
3339 5707 3516 5767 (1.54.

261 5647 357 5784 γι)
385 5643 552 5727 (Iord.
589 5660 640 5716 p.
677 5643 768 5697 60.

291 5717 361 5783 9.)
394 5715 580 5784 Pergit
616 5714 768 5769 Theo

1989 5779 2063 5834 (Gl
2101 5780 2201 5835 Mai
2241 5781 2375 5837 ibid.

291 5705 361 5783 2')
394 5705 944 5787 Pergit'Theodorus
983 5725 1070 5780 ap.
1108 5706 1313 5763 Maium
1351 5705 1486 5763 ibid.

263 5789 364 5856 (5)
396 5783 558 5842 Cord.
587 5794 696 5841 cat.
731 5783 905 5856 μοι.

264 5789 338 5846 (5
396 5789 558 5842 Cord.
587 5794 696 5841 cat.
731 5800 786 5856 p.
814 5789 905 5837 6t.

264 5789 365 5934 (Α)
396 5856 586 5930 Ejusd.
638 5857 736 5913 Th.
771 5854 834 5910 de
869 5855 1142 5922 interpret.
1173 5867 1277 5908 sec.
1317 5847 1373 5904 J.
1406 5845 1701 5920 Evangelii,
1742 5847 1805 5900 de
