4162 6460
680 367 788 421 739

1869 353 2212 411 THEODORI
2254 348 2736 407 MOPSUESTENI

3834 338 3936 394 740

681 482 787 537 hoc
839 477 1035 535 fecisse
1095 476 1312 532 initium
1367 475 1651 546 signorum
1687 473 1742 529 in
1795 474 1938 528 Cana
1986 474 2239 528 Galilaeae.

2349 472 2457 524 τῶν
2489 467 2728 538 σημείων
2758 467 3010 536 ἐποίησεν
3057 467 3113 517 ἐν
3144 463 3298 534 Κανᾷ
3329 463 3424 531 τῆς
3454 458 3738 520 Γαλιλαίας
3765 473 3777 487 ο
3809 460 3855 511 εἰ
3881 460 3937 510 δὲ

679 568 912 636 Quidam
965 578 1144 621 autem
1177 565 1317 622 forte
1351 564 1550 620 dixerit
1576 565 1680 619 hoc
1711 579 1817 618 non
1844 563 2078 634 probare
2102 561 2252 618 suill—

679 661 891 717 cienter
941 660 1162 714 initium
1208 659 1312 712 hoc
1351 657 1523 712 fuisse
1575 656 2010 720 miraculorum;
2047 654 2152 709 hoc
2197 655 2253 708 in

679 753 800 807 loco
831 752 1066 822 primum
1102 750 1325 819 quidem
1369 748 1542 805 fuisse
1562 787 1577 810 ,
1619 749 1714 804 sed
1743 764 1853 802 non
1882 748 2106 802 omnino
2136 747 2250 818 pri-

679 860 861 905 mum;
903 857 1038 901 nam
1081 841 1380 897 verisimile
1435 848 1522 895 est
1567 841 1674 894 alia
1723 840 1854 894 alibi
1889 837 2108 894 fecisse.
2169 837 2252 892 Ad

680 934 783 986 hoc
818 933 1274 1002 respondebimus
1327 931 1593 985 Joannem
1651 930 1860 984 dixisse
1905 929 1968 997 (I,
2004 929 2093 998 5i)
2131 947 2144 983 :
2186 927 2254 981 Et

676 1036 768 1089 ego
792 1021 980 1074 nescie.’
999 1037 1083 1072 am
1127 1037 1244 1073 eum
1274 1035 1294 1074 :
1334 1020 1424 1073 sed
1453 1027 1512 1073 ut
1559 1018 1924 1086 manifestatur
1952 1019 2007 1071 in
2054 1016 2249 1082 Israel,

677 1121 952 1182 propterea
979 1112 1092 1165 veni
1127 1110 1422 1179 baptizans.
1477 1109 1652 1166 Porro
1681 1111 1727 1164 si
1759 1117 2004 1176 tempore
2063 1109 2249 1162 adole-

677 1205 899 1258 scentiae
947 1203 1211 1256 miracula
1244 1201 1486 1266 fecisset,
1518 1203 1726 1256 nullum
1768 1217 1907 1271 opus
1939 1201 2134 1255 fuisset
2166 1201 2252 1254 ls-

677 1297 885 1350 raelitis
911 1303 970 1348 ut
1005 1295 1488 1361 manifestaretnr;
1545 1309 1667 1364 quae
1709 1294 1857 1348 enim
1921 1293 2064 1345 facta
2109 1291 2250 1345 fuis-

677 1395 798 1443 sent
839 1428 855 1454 ,
911 1387 1214 1442 illustriora
1270 1385 1444 1442 fuisse
1505 1387 1877 1445 viderentur,
1937 1393 2124 1454 utpote
2181 1382 2252 1437 ab

677 1478 1024 1533 adolescente
1053 1476 1214 1531 facta.
1246 1477 1426 1532 Unum
1460 1492 1592 1531 vero
1618 1484 1831 1530 tantum
1874 1473 2248 1530 testimonium

677 1570 806 1624 huic
840 1567 994 1623 aﬂ'ert
1022 1567 1199 1623 Lucas
1223 1573 1306 1635 (ιι,
1331 1567 1444 1637 42),
1470 1583 1588 1620 cum
1618 1567 1793 1636 factus
1825 1574 1960 1619 esset
1990 1581 2249 1619 annorum

675 1659 989 1721 duodecim,
1037 1657 1331 1728 magistros
1374 1659 1686 1712 audientem
1739 1656 1974 1717 sedisse,
2019 1654 2251 1724 suisque

676 1747 962 1818 responsis
1006 1747 1313 1802 mirabilem
1358 1748 1470 1803 illis
1514 1749 1693 1803 visum
1728 1747 1922 1801 fuisse.
1959 1743 2248 1800 Verisimi-

676 1839 800 1894 liter
829 1846 1009 1893 autem
1054 1845 1107 1892 et
1156 1845 1216 1891 ut
1253 1853 1382 1893 vere
1411 1838 1646 1903 dicatur,
1683 1852 1790 1892 non
1823 1836 1992 1906 coepit
2017 1849 2047 1888 a
2075 1835 2249 1904 prima

674 1928 1041 1985 adolescentia
1101 1928 1366 1983 miracula
1411 1930 1611 1992 facere,
1660 1943 1729 1983 ne
1760 1929 2085 1997 phantasma
2123 1940 2251 1982 esse

673 2021 972 2074 vnderetur.
1007 2017 1161 2073 Unde
1187 2034 1341 2088 ergo,
1376 2019 1577 2088 inquit,
1602 2027 1752 2073 tanta
1781 2019 1896 2073 haec
1921 2018 2082 2072 matri
2108 2017 2249 2071 fidu-

669 2110 753 2166 cia
772 2111 840 2166 de
885 2111 978 2164 illo
1002 2112 1116 2181 (5)?
1142 2111 1410 2180 reliquum
1436 2118 1520 2165 est
1539 2121 1597 2165 ut
1627 2110 1962 2166 manifestari
1996 2109 2244 2180 coeperit.

670 2202 747 2257 Ex
779 2200 1009 2258 Joannis
1039 2203 1259 2273 quidem
1284 2202 1601 2257 testimonio
1632 2202 2014 2257 manifestatus
2045 2201 2244 2266 fuerat,

667 2311 735 2350 ex
766 2295 948 2349 verbis
978 2309 1098 2364 qure
1129 2295 1198 2348 ad
1236 2293 1540 2363 discipulos
1575 2295 1912 2363 protulerat;
1951 2309 2115 2364 supra
2149 2307 2246 2346 au-

611 2447 614 2450 ,
672 2395 782 2441 tem
811 2385 994 2440 omnia
1025 2386 1162 2449 haec,
1198 2399 1262 2439 ex
1309 2385 1670 2454 conceptione
1703 2391 1868 2454 atque
1910 2400 1976 2439 ex
2008 2385 2094 2439 his
2123 2399 2246 2454 quae

672 2476 1086 2546 conceptionem
1128 2475 1346 2531 fuerant
1386 2477 1666 2538 comitata,
1711 2476 1946 2529 maxima
1982 2477 2046 2530 de
2073 2492 2244 2546 puero

669 2574 788 2620 orta
820 2565 979 2618 matri
1017 2565 1188 2618 fuerat
1211 2565 1420 2635 opinio,
1456 2566 1753 2634 omniaque
1787 2565 2154 2619 conservabat
2183 2567 2240 2620 in

669 2655 835 2710 corde
872 2671 973 2710 suo
1013 2653 1162 2725 (Luc.
1191 2671 1254 2719 ιι,
1280 2655 1391 2723 19).
1424 2654 1562 2709 Cum
1587 2655 1753 2725 igitur
1786 2655 2046 2725 cognovit
2073 2654 2244 2710 Joan-

669 2761 790 2801 nem
823 2747 998 2816 gratia
1031 2747 1177 2801 illius
1210 2746 1448 2809 venisse,
1484 2745 1553 2801 de
1581 2746 1674 2800 illo
1707 2745 2084 2801 testimonium
2115 2761 2240 2814 per-

667 2836 876 2902 hibere,
897 2835 1308 2906 discipulosque
1348 2836 1571 2899 habere,
1605 2845 1735 2892 tunc
1765 2845 1963 2890 caetera
1996 2837 2242 2905 gaudens

668 2928 962 2982 revocavit.
1005 2926 1138 2982 Nam
1189 2944 1249 2984 se
1285 2928 1641 2983 illustriorem
1678 2927 1862 2982 facere
1895 2927 2242 2997 gratiamque

665 3018 776 3071 illis
809 3019 1050 3088 praebere
1097 3019 1334 3074 volebat.
1369 3017 1532 3072 Forte
1561 3018 1770 3086 aliquid
1821 3018 2046 3072 humani
2075 3033 2242 3088 expe-

2356 562 2503 631 λέγει
2531 579 2614 624 τις
2651 561 2724 630 μὴ
2755 556 2895 613 εἶναι
2941 557 3102 610 τοῦτο
3147 557 3442 624 τεκμήριον
3477 551 3659 606 ἰκανὸν
3685 550 3779 604 τοῦ
3804 549 3937 604 τα.ιῖ-

2354 669 2454 722 την
2479 651 2651 721 ἀρχὴν
2688 647 2824 703 εἶναι
2849 648 2957 701 τῶν
2983 649 3224 718 σημείων
3246 643 3522 716 ἐγχωροῦν
3552 644 3668 695 ἐκεῖ
3696 642 3936 712 πρῶτον,

2359 741 2434 812 μὴ
2467 743 2648 812 μέντοι
2683 743 2897 804 πάντως
2926 739 3169 811 πρῶτονο
3197 739 3342 800 εἰκὸς
3371 737 3478 806 γὰρ
3507 735 3667 788 αὑτὸν
3696 733 3934 803 ἀλλαχοῦ

2356 833 2713 904 πεποιηκέναι
2746 833 2908 903 ἕτερα
2931 849 2943 862 ο
2977 834 3150 884 ἐκεῖνο
3177 829 3312 901 πρὸς
3341 829 3536 890 αὐτοὺς
3573 825 3827 896 ἐροῦμεν,
3851 828 3938 879 ὅτι

2367 925 2619 995 Ἰωάννης
2657 925 2840 994 φησὶν,
2879 924 2958 976 ὅτι
3007 921 3153 990 Ἐγὼ
3183 923 3293 974 οὐκ
3335 918 3505 988 ᾔδειν
3547 918 3753 977 αὺτὸν,
3793 917 3936 970 ἀλλ’

2354 1017 2455 1070 ἵνα
2491 1015 2804 1085 φανερωθῇ
2833 1014 2911 1079 τῷ
2948 1013 3184 1081 Ἰσραὴλ
3211 1054 3224 1072 ,
3261 1012 3359 1065 διὰ
3396 1009 3571 1064 τοῦτο
3599 1005 3789 1078 ἦλθον
3814 1009 3936 1072 ,ϐα-

2353 1104 2568 1166 πτίζων
2587 1125 2601 1138 ·
2643 1108 2692 1158 εἰ
2720 1105 2826 1176 γὰρ
2865 1104 2986 1174 καθ’
3009 1105 3226 1174 ἡλικίαν
3247 1103 3706 1174 ἐθαυματούργει,
3735 1103 3834 1155 οὐκ
3868 1102 3938 1154 ἂν

2354 1197 2649 1269 ἐδεήθησαν
2675 1199 2724 1250 oi
2767 1196 3094 1267 Ἰσραηλῖται
3139 1195 3233 1249 τοῦ
3276 1196 3436 1248 αὑτὸν
3469 1194 3882 1264 φανερώσαντος
3919 1212 3933 1224 ⁸

2352 1290 2419 1342 τά
2466 1307 2525 1342 τε
2555 1290 2665 1360 γὰρ
2714 1287 2974 1359 γινόμενα
3011 1287 3416 1358 παραδοξότερα
3450 1286 3516 1339 ἂν
3564 1285 3740 1350 ἔδοξεν
3769 1282 3934 1350 εἶναι,

2353 1379 2448 1433 ἆτε
2490 1380 2640 1449 παρὰ
2674 1378 2957 1448 μειρακίου
2989 1378 3256 1446 γενόμενα
3278 1394 3291 1406 ’
3325 1376 3381 1429 ἓν
3423 1377 3476 1428 δέ
3507 1376 3666 1444 μόνον
3696 1377 3940 1446 ἐμαρτύ-

2356 1486 2519 1540 ρησεν
2544 1471 2692 1539 αὐτῷ
2730 1471 2760 1522 ὁ
2782 1471 2995 1530 Λουκᾶς
3013 1511 3027 1525 .
3062 1470 3142 1522 ὅτι
3171 1467 3460 1532 ἐκαθέζετο
3487 1469 3824 1536 δωδεκαετὴς
3856 1468 3936 1521 ὢν

2350 1560 2459 1612 τῶν
2479 1559 2815 1612 διδασκάλων
2846 1557 3222 1629 ἀκροώμενος,
3244 1558 3338 1611 καὶ
3369 1558 3456 1610 διὰ
3487 1559 3586 1626 τῆς
3611 1560 3935 1628 ἐρωτήσεως

2353 1651 2524 1705 ἐδόκει
2559 1652 2742 1714 αὐτοῖς
2782 1650 3082 1720 Θαυμάσιος
3109 1645 3248 1703 εἶναι
3278 1665 3292 1677 ·
3329 1650 3552 1712 εἰκότως
3583 1649 3640 1702 δέ
3670 1650 3763 1702 καὶ
3791 1652 3936 1703 κατά

2351 1743 2506 1809 λόγον
2530 1742 2630 1796 οὐκ
2663 1741 2866 1813 ἤρξατο
2899 1741 3007 1794 τῶν
3049 1741 3290 1811 σημείων
3331 1743 3395 1794 ἐκ
3437 1740 3660 1811 πρώτης
3687 1742 3932 1810 ἡλικίας,

2281 1808 2324 1866 Β
2353 1808 2441 1885 ἵνα
2478 1831 2551 1903 μὴ
2602 1808 2795 1896 δόξωσι
2834 1808 3135 1901 φάντασμα.
3167 1826 3324 1884 εἶναι.
3350 1808 3518 1883 Πόθεν
3559 1808 3651 1884 οῦν
3697 1808 3933 1897 ἐπῆλθεν

2350 1924 2415 1991 τῇ
2472 1923 2638 1992 μητρὶ
2704 1923 2847 1990 μέγα
2902 1921 3273 1991 φαντασθῆναι
3327 1923 3456 1993 περὶ
3503 1922 3690 1984 αὐτοῦ,
3728 1924 3927 1991 φησίνς

2350 2011 2833 2064 ἀποκαλύπτεσθαι
2863 2011 3048 2064 λοιπὸν
3069 2013 3264 2082 ἤρχετο
3287 2028 3300 2042 ·
3332 2013 3426 2065 καὶ
3452 2012 3508 2078 ἐξ
3546 2013 3793 2066 Ἰωάννου
3830 2032 3931 2066 κα·

2349 2102 2576 2172 τάδηλος
2607 2099 2710 2174 ἦν,
2744 2105 2808 2155 ἐκ
2855 2103 2964 2155 τῶν
3011 2103 3146 2172 πρὸς
3180 2105 3309 2166 τοὺς
3345 2103 3592 2174 μαθητὰς
3622 2105 3932 2174 εἰρημένων

2350 2194 2529 2264 αὐτῷ’
2562 2195 2656 2247 καὶ
2687 2193 2792 2266 πρὸ
2821 2194 3012 2248 τούτου
3041 2195 3097 2248 δὲ
3122 2195 3359 2255 πάντων,
3403 2196 3539 2264 αὐτὴ
3577 2198 3608 2266 ἠ
3646 2196 3927 2265 σύλληψις,

2350 2285 2445 2339 καὶ
2483 2287 2552 2338 τὰ
2577 2285 2707 2356 περὶ
2740 2286 2838 2355 τὴν
2873 2287 3134 2356 σύλληψιν
3163 2286 3452 2355 γενόμενα,
3488 2287 3752 2357 μεγίστην
3790 2289 3927 2358 αὐτῇ

2349 2376 2598 2447 περὶτοῦ
2633 2378 2824 2441 παιδὸς
2871 2377 3127 2448 ἐνέθηκεν
3168 2378 3266 2450 τὴν
3297 2379 3522 2451 [δόξαν],
3561 2382 3658 2434 κει)⁵
3688 2377 3756 2451 ἦν
3789 2398 3929 2450 συμ-

2347 2470 2637 2534 ϐάλλουσα,
2666 2471 2821 2540 φησὶ,
2855 2470 3030 2525 πάντα
3051 2473 3107 2523 ἐν
3136 2473 3200 2540 τῇ
3226 2471 3420 2542 καρδίᾳ
3454 2472 3639 2543 αὐτῆς.
3667 2474 3798 2526 Ὅτε
3834 2470 3930 2528 οὖν

2345 2557 2483 2614 οἶδεν
2529 2564 2612 2615 ὅτι
2655 2563 2908 2631 Ἰωάννης
2955 2563 3022 2616 δι’
3055 2565 3215 2617 αὐτὸν
3262 2558 3426 2634 ἦλθεν
3479 2563 3570 2616 καὶ
3626 2565 3928 2635 ἐμαρτύρει

2347 2653 2495 2722 αὐτῷ
2516 2693 2531 2716 ,
2559 2655 2654 2706 καὶ
2682 2655 2764 2706 ὃτι
2794 2654 3040 2722 μαθητὰς
3073 2654 3249 2724 ἔσχεν,
3285 2655 3404 2708 τότε
3438 2653 3619 2706 λοιπὸν
3645 2654 3928 2726 θαρροῦσα

2345 2744 2674 2814 παρεκάλει·
2699 2744 2948 2798 ἐϐούλετο
2980 2746 3088 2816 γάρ
3119 2745 3317 2814 ἑαυτὴν
3350 2744 3734 2816 λαμπροτέραν
3770 2749 3930 2818 ποιῆ-

2346 2851 2437 2886 σαι
2461 2835 2538 2903 (Ι)
2573 2835 2803 2897 ἐκείνοις
2846 2853 2905 2888 τε
2933 2837 3092 2906 χάριν
3130 2836 3456 2890 καταθέσθαι
3478 2855 3492 2868 ο
3529 2839 3620 2891 καὶ
3651 2841 3788 2908 τάχα
3817 2843 3930 2912 γὰρ

2343 2922 2682 2992 ἀνθρώπινόν
2715 2942 2767 2976 τι
2804 2924 3028 2994 ἔπασχε,
3063 2927 3316 2998 καθάπερ
3346 2929 3440 2981 κα.)⁵
3470 2932 3517 2981 οἰ
3571 2929 3790 2999 ἀδελφοί
3820 2932 3928 2984 αὖ·

2342 3011 2436 3064 τοῦ
2466 3011 2713 3080 λέγοντες
2736 3029 2752 3043 ο
2796 3013 3004 3078 Δεῖξον
3032 3017 3293 3068 σεαυτὸν
3325 3016 3404 3082 τῷ
3453 3019 3658 3086 κόσμῳ
3681 3036 3693 3048 ·
3734 3019 3928 3088 βουλό-

667 3110 935 3174 riebatur,
957 3109 1418 3179 quemadmodum
1442 3108 1642 3163 fratres
1662 3109 1783 3176 ejus
1813 3109 1904 3177 qui
1937 3108 2195 3162 dicebant
2221 3127 2232 3162 :

2347 3120 2496 3173 μενοι
2533 3105 2626 3175 τὴν
2655 3107 2719 3158 ἐκ
2746 3105 2856 3160 τῶν
2886 3105 3177 3178 θαυμάτων
3205 3109 3360 3175 δόξαν
3393 3110 3812 3180 καρπώσασθαι.

667 3199 958 3266 Manifesta
987 3201 1209 3270 teipsum
1240 3197 1437 3252 mundo
1461 3198 1583 3267 (vn,
1606 3195 1684 3268 4),
1717 3213 1781 3254 ex
1811 3198 2094 3255 miraculis
2122 3199 2242 3270 ejus

665 3292 895 3361 gloriam
932 3290 1229 3362 adepturos
1255 3296 1566 3360 sperantes.

733 3403 899 3460 Vsus.
936 3404 989 3460 9.
1027 3432 1098 3445 —
1130 3401 1558 3459 Architriclinus
1580 3402 1891 3460 ministerio
1923 3420 2238 3463 mensarum

662 3495 1058 3568 apparatuiquc
1088 3495 1404 3565 nuptiarum
1432 3503 1682 3566 praeerat.
1733 3496 2014 3556 Advocare
2060 3508 2238 3555 autem

661 3605 960 3660 sponsum,
992 3603 1100 3658 quo
1132 3587 1318 3642 audito
1363 3588 1668 3659 inquirere,
1719 3591 1985 3647 scientem
2036 3609 2240 3664 sponso

660 3697 770 3737 non
803 3695 929 3736 esse
973 3679 1203 3734 alterum
1265 3679 1490 3744 vinum,
1553 3695 1617 3735 ac
1674 3682 1894 3752 quidem
1950 3693 2237 3755 postquam

660 3769 1040 3840 inquisivisset
1100 3767 1248 3824 unde
1318 3768 1509 3823 vinum
1579 3779 1772 3836 esset,
1834 3773 1978 3841 quod
2035 3773 2236 3830 factum

663 3861 836 3916 fuerat
872 3859 1088 3914 discere
1114 3899 1129 3924 ,
1165 3860 1392 3915 omnino
1426 3875 1643 3930 aequum
1677 3871 1818 3918 erat.
1851 3863 2023 3921 Nemo
2053 3874 2235 3921 tamen

659 3953 879 4006 illorum
913 3949 1172 4014 credidit,
1198 3951 1290 4006 sed
1322 3959 1532 4008 tantum
1556 3953 1660 4009 hoc
1690 3955 1877 4008 retulit
1899 3957 2236 4028 evangelista

657 4048 716 4096 ut
749 4039 1064 4096 ostenderet
1098 4054 1205 4097 non
1238 4039 1412 4094 solum
1452 4056 1649 4110 aquam
1695 4043 1749 4097 in
1787 4045 1972 4098 vinum
2005 4060 2236 4100 conver-

657 4148 773 4188 sam
805 4131 1096 4192 fuisse,sed
1126 4130 1180 4184 in
1204 4137 1455 4185 naturam
1487 4133 1730 4202 aliquam
1756 4135 2065 4190 mirabilem
2097 4136 2230 4190 vini.

655 4223 864 4278 Caetera
897 4232 1080 4277 autem
1113 4229 1172 4276 ut
1197 4221 1498 4294 superﬂua,
1533 4239 1635 4281 nec
1669 4225 1897 4280 utilitati
1930 4227 2232 4284 inservien-

655 4318 732 4370 tia
763 4314 1024 4386 neglexit.

724 4429 889 4486 Vsus.
942 4429 1130 4487 14-19.
1177 4461 1245 4472 —
1295 4429 1460 4488 Visus
1511 4439 1597 4488 est
1673 4431 1956 4500 Christus,
2019 4450 2142 4490 cum
2194 4453 2224 4492 e

652 4522 853 4592 templo
881 4522 1195 4577 venditores
1209 4524 1723 4595 nummulariosque
1748 4527 2083 4593 exturbavit,
2109 4545 2219 4583 non

651 4613 1083 4683 negotiationem
1136 4613 1358 4677 solum,
1410 4629 1604 4669 verum
1648 4616 1811 4670 etiam
1872 4619 2220 4673 victimarum

649 4705 813 4760 ritum
845 4704 1140 4758 sustulisse
1163 4743 1178 4766 ,
1234 4703 1680 4775 quandoquidem
1712 4707 1879 4762 boves
1910 4711 2224 4764 columbas-

648 4809 757 4863 que
815 4807 1003 4848 earum
1034 4792 1302 4846 duntaxat
1329 4794 1504 4862 gratia
1536 4796 1856 4851 venderent.
1894 4796 2052 4853 Unde
2087 4802 2221 4854 satis

650 4887 708 4942 llt
753 4883 1068 4954 probabile.
1114 4899 1238 4938 eum
1298 4885 1366 4937 ad
1415 4889 1879 4943 resurrectionem
1931 4890 2220 4956 allusissc,

649 4988 714 5029 ac
755 4974 801 5028 si
833 4972 997 5026 tacite
1029 4970 1238 5026 diceret
1271 4990 1284 5026 :
1317 4971 1450 5041 Ejus
1486 4974 1706 5044 signum
1748 4976 2032 5043 quaeritis,
2081 4994 2225 5048 pau-

647 5065 819 5135 lisper
865 5069 1198 5132 exspectate.
1242 5062 1377 5116 Cum
1422 5065 1569 5118 enim
1616 5079 1702 5118 me
1744 5065 2020 5122 sublatum
2055 5076 2218 5138 puta-

2412 3411 2561 3482 Στίχ.
2599 3409 2663 3467 θ’.
2711 3443 2781 3454 -
2832 3414 3258 3489 Ἀρχιτρίκλινον
3305 3418 3455 3489 λέγει
3485 3421 3575 3476 τὸν
3620 3421 3928 3493 ἐξάρχοντα

2339 3503 2438 3572 τῆς
2471 3504 2779 3574 ὑπηρεσίας
2811 3508 2906 3560 καὶ
2933 3508 3032 3578 τῆς
3057 3512 3137 3572 εἰς
3175 3511 3268 3563 τὸν
3311 3512 3486 3583 γάμον
3518 3518 3876 3586 παρασκευῆς
3907 3535 3922 3547 ·

2339 3593 2484 3658 εἰκὸς
2516 3595 2571 3647 δέ
2599 3592 2667 3667 ἦν
2694 3597 2785 3649 καὶ
2811 3597 2901 3650 τὸν
2931 3601 3161 3670 νυμφίον
3183 3601 3600 3672 ἐγκαλούμενον.
3629 3607 3722 3660 καὶ
3749 3607 3928 3660 ἀκού-

2341 3703 2508 3740 σαντα
2531 3686 2854 3760 διαπορῆσαι
2877 3729 2891 3754 ,
2928 3691 3107 3745 εἰδότα
3136 3692 3212 3755 ὡς
3235 3693 3336 3746 οὐκ
3361 3690 3428 3763 ἦν
3461 3695 3609 3766 αὐτῷ
3639 3693 3777 3759 οἶνος
3798 3698 3929 3752 ’ἐτε-

2341 3795 2431 3848 ρος
2455 3820 2468 3843 ,
2501 3783 2594 3832 καὶ
2625 3782 2897 3851 ἐρωτῆσαι
2945 3783 3043 3853 μέν
3072 3779 3195 3838 ὅθεν
3237 3786 3266 3838 ὁ
3295 3781 3437 3850 οἰνος
3457 3828 3471 3850 ,
3516 3789 3706 3857 μαθεῖν
3751 3789 3807 3842 δέ
3861 3793 3931 3846 τὸ

2335 3869 2590 3935 γεγονόςο
2627 3870 2742 3922 ἀλλ’
2777 3872 2926 3941 ὅμως
2947 3873 3098 3927 οὐδὲν
3137 3874 3339 3928 τούτων
3370 3876 3707 3948 προσέθηκεν
3731 3920 3744 3944 ,
3781 3879 3928 3934 ἀλλά

2339 3961 2500 4032 μόνον
2545 3961 2702 4016 τοῦτο
2735 3964 3142 4034 ἐμνημόνευσεν
3165 4007 3178 4029 ,
3229 3965 3367 4019 ὥστε
3401 3968 3639 4037 δηλῶσαι
3673 3968 3796 4041 [ὅτι]
3857 3974 3927 4026 οὗ

2338 4054 2497 4124 μόνον
2520 4055 2579 4107 τὸ
2608 4054 2751 4126 ὕδωρ
2779 4059 2858 4120 εἰς
2873 4052 3011 4110 οἶνον
3045 4058 3423 4128 μετεποίησεν,
3443 4060 3577 4113 ἀλλὰ
3594 4060 3700 4129 γὰρ
3722 4063 3813 4114 καὶ
3839 4065 3930 4127 εἰς

2335 4141 2650 4214 θαυμαστήν
2678 4160 2800 4196 τινα
2838 4145 3000 4213 φύσιν
3045 4147 3188 4198 οἴνου
3212 4163 3228 4179 ο
3287 4147 3356 4200 τά
3392 4149 3572 4218 μέντοι
3630 4149 3789 4202 λοιπά
3843 4152 3930 4216 ὡς

2333 4233 2581 4305 περιττὰ,
2611 4234 2777 4305 μηδὲν
2801 4239 2864 4307 τῇ
2895 4237 3053 4309 χρείᾳ.
3087 4237 3504 4309 συμϐαλλόμενα
3532 4242 3927 4312 παρῃτήσατο.

2398 4433 2546 4505 Στίχ.
2573 4433 2749 4488 ιδὀιθ¹.
2775 4465 2844 4474 -
2881 4434 3086 4488 Ἐδόκει
3126 4435 3202 4508 (2)
3251 4437 3278 4488 ό
3315 4437 3548 4506 Χριστὸς
3587 4439 3712 4504 τοὺς
3749 4440 3805 4493 ἐν
3836 4442 3929 4512 τῷ

2331 4527 2462 4598 ἱερῷ
2492 4528 2809 4582 ἀπελαύνων
2837 4527 3115 4598 καπήλους
3162 4529 3254 4582 καὶ
3295 4527 3698 4601 κο).[λ]υ6ιστάς
3721 4531 3782 4584 οὐ
3813 4532 3927 4604 τὴν

2329 4619 2598 4689 ἐμπορίαν
2653 4619 2812 4688 μόνον
2852 4619 3175 4683 καταλύειν,
3230 4620 3364 4675 ἀλλά
3418 4621 3513 4674 καὶ
3551 4619 3610 4675 τὸ
3649 4622 3756 4674 τῶν
3805 4621 3927 4675 θυ-

2327 4709 2456 4762 σιῶν
2491 4709 2632 4774 ἔθος,
2663 4711 2891 4784 ἐπείπερ
2930 4712 3151 4765 ἐκείνων
3193 4713 3377 4766 ἕνεκεν
3413 4715 3461 4766 οἰ
3511 4715 3925 4786 πιπράσκοντες

2324 4800 2450 4864 τούς
2483 4819 2541 4854 τε
2575 4801 2700 4871 βόας
2731 4807 2826 4856 καὶ
2863 4805 2962 4868 τὰς
3006 4805 3332 4875 περιστερὰς
3361 4806 3717 4878 ἐπίπρασκον.
3751 4809 3924 4864 Ὅθεν

2326 4889 2549 4954 εἰκότως
2580 4892 2672 4944 ἐπὶ
2708 4894 2807 4964 τὴν
2850 4895 3147 4949 ἀνάστασιν
3184 4895 3480 4967 ἐχώρησεν,
3522 4898 3596 4961 ὡς
3633 4895 3700 4951 ἂν
3748 4900 3882 4971 εἴπῃ
3905 4919 3918 4930 ο

2325 4980 2542 5052 Ταύτης
2569 4986 2790 5053 σημεῖον
2817 4984 3048 5057 ζητεῖτε,
3074 4985 3246 5058 βραχύ
3276 5005 3326 5040 τι
3355 4988 3698 5058 ἀναμείνατε.
3732 4989 3922 5042 Ἐπει-

2324 5072 2421 5126 δάν
2451 5073 2559 5144 γὰρ
2590 5075 2797 5129 ἀνελεῖν
2833 5095 2899 5148 με
2927 5076 3134 5149 δόξητε,
3179 5081 3300 5132 τότε
3331 5080 3566 5143 ἀναστὰς
3595 5081 3760 5133 πᾶσιν
3786 5081 3920 5133 ἐαυ-

646 5155 804 5218 bitis.
838 5164 969 5210 tunc
1002 5152 1219 5208 demum
1272 5169 1607 5222 resurgens,
1661 5157 1920 5211 omnibus
1956 5160 2222 5229 meipsum

2342 5167 2411 5220 τὸν
2439 5170 2692 5240 γνωρίσω
2719 5171 2867 5234 ὅστις
2907 5171 3040 5242 εἰμί.
3072 5173 3182 5225 Καὶ
3213 5172 3354 5226 οὕτω
3379 5173 3549 5227 ταῦτα
3579 5172 3679 5242 μέν
3712 5172 3780 5225 τά
3809 5175 3918 5227 πά-

644 5248 944 5312 exhibebo,
980 5245 1381 5314 ostendamque
1436 5247 1530 5317 qui
1572 5247 1698 5302 sim.
1749 5247 1813 5302 Et
1864 5251 1944 5304 sic
1995 5251 2218 5321 quidem

643 5340 925 5395 veteribus
985 5338 1094 5392 illis
1140 5338 1482 5406 antiquatis,
1535 5356 1673 5393 nova
1706 5341 1953 5411 quaedam
1988 5346 2221 5399 exsistet

644 5429 857 5497 politis,
887 5442 1039 5482 novae
1060 5427 1318 5481 videlicet
1345 5427 1495 5484 illius
1520 5429 1648 5485 vitm
1695 5440 1818 5502 post
1852 5435 2220 5489 resurrectio-

645 5532 768 5574 nem
799 5519 1106 5588 promissae.

2324 5257 2410 5310 λαι
2457 5259 2768 5329 λυθήσεται,
2812 5262 2906 5316 καὶ
2958 5264 3115 5331 καινή
3167 5279 3250 5326 τις
3293 5262 3553 5329 πολιτεία,
3588 5263 3682 5316 ac:
3719 5262 3783 5334 δὴ
3815 5265 3916 5316 καὶ

2324 5347 2510 5400 καινοῦ
2559 5349 2674 5416 βίου
2727 5350 2819 5402 τοῦ
2874 5351 3013 5421 μετὰ
3052 5353 3148 5423 τὴν
3205 5354 3496 5408 ἀνάστασιν
3538 5355 3916 5424 κατευαγγελ-

2323 5437 2676 5509 λ[ιζ]ομένου.
3163 5429 3168 5432 ’

709 5692 787 5833 ρ)
819 5690 917 5778 ἰξίο
958 5696 1317 5779 praenoscitur
1364 5707 1518 5768 pater
1550 5699 1783 5756 Nestorii
1827 5701 1892 5756 de
1930 5701 2106 5771 gloria
2145 5701 2198 5763 Β,
2249 5705 2318 5761 Μ.
2347 5704 2406 5758 V.
2438 5704 2795 5762 detrahentis.

735 5763 793 5833 τὶ)
824 5766 985 5820 Lord.
1019 5773 1123 5820 cat.
1157 5783 1205 5833 p.
1241 5769 1323 5822 75.

735 5763 793 5833 τὶ)
824 5763 985 5820 (Iord.
1019 5773 1123 5820 cat.
1156 5783 1205 5836 p.
1241 5769 1323 5822 75.

2338 5865 2364 5886 ,ι
