4162 6486
257 378 362 436 741

872 496 1126 550 ΚΕΦΛΛ.
1180 496 1257 553 ἰν.

330 586 486 657 Στίχ.
516 593 575 640 ε’.
610 614 683 627 --
714 585 818 640 Τὸν
845 588 1044 660 τρόπον
1073 589 1150 661 (Ι)
1185 588 1493 661 ἐξηγήσατο
1525 589 1625 659 τῆς
1656 587 1748 643 διὰ
1770 587 1865 642 τοῦ
1914 630 1921 639 .

252 680 640 751 βαπτίσματος
671 680 1110 752 άναγεννήσεως,
1159 680 1256 735 τοῦ
1314 683 1413 754 μὲν
1456 681 1672 749 ὓδατος,
1724 684 1783 736 ὲν
1820 672 1868 749 ᾧ

257 771 570 844 πληροῦται
598 771 660 825 τὸ
684 771 845 844 ἔργον
879 771 1071 839 εἰπὼν,
1095 772 1186 827 τοῦ
1228 773 1286 827 δὲ
1330 773 1646 844 Πνεύματος
1687 774 1745 827 ὲν
1786 771 1867 843 τῷ

258 863 421 918 ὕδατι
449 863 548 936 τὴν
574 864 782 919 οἰκείαν
812 863 1147 937 πληροῦντος
1173 864 1476 937 ἐνέργειαν.
1508 865 1567 919 'O
1598 863 1731 929 Θεὸς
1757 863 1868 935 γὰρ

258 958 361 1013 καὶ
392 957 617 1030 Πνεῦμα
645 957 916 1023 υἱοθεσίας
941 946 1181 1029 λέγεται,
1205 960 1303 1030 οὐχ
1328 958 1493 1030 ὕδωρ,
1529 957 1717 1029 ἐπειδὴ
1745 956 1870 1010 τού-

256 1068 358 1106 του
387 1053 452 1124 τῇ
478 1050 709 1123 δυνάμει
733 1051 833 1125 τὴν
859 1051 1221 1124 ἀναγέννησιν
1248 1051 1545 1123 δεχόμεθα·
1579 1049 1768 1104 τούτου
1802 1065 1869 1117 γε

255 1144 434 1199 ἓνεκα
473 1145 570 1198 καὶ
619 1146 678 1199 ὲν
724 1144 806 1216 τῷ
855 1144 1193 1217 βαπτίσματι
1231 1144 1293 1198 τὸ
1327 1145 1427 1215 μὲν
1463 1142 1691 1214 Πνεῦμα
1729 1141 1870 1214 μετὰ

256 1236 482 1309 Πατρδς
518 1237 616 1290 καὶ
655 1235 786 1290 Υίοῦ
821 1235 1183 1309 ὀνομάζομεν,
1227 1233 1323 1290 τοῦ
1357 1234 1416 1289 δὲ
1446 1233 1639 1298 ὕδατος
1674 1235 1736 1289 οὐ
1768 1249 1869 1305 με·

260 1329 544 1401 μνήμεθα·
592 1331 670 1393 ὡς
722 1328 1041 1401 φαίνεσθαι,
1076 1329 1161 1383 ὅτι
1204 1328 1268 1382 τὸ
1299 1327 1396 1399 μὲν
1447 1326 1716 1398 σύμϐολον
1775 1326 1872 1379 καὶ

255 1424 456 1495 χρείας
478 1423 622 1487 τινὸς
660 1422 846 1477 ἕνεκεν
874 1421 1389 1494 παραλαμϐάνεται,
1417 1422 1480 1477 τὺ
1513 1419 1571 1473 δὲ
1610 1418 1685 1484 ὡς
1716 1420 1872 1490 ἐνερ-

253 1514 399 1584 γοῦν
428 1516 565 1587 μετὰ
590 1515 805 1587 Πατρὸς
832 1517 926 1569 καὶ
952 1514 1083 1569 Υἱοῦ
1110 1513 1537 1583 ὲπικαλούμεθα,
1569 1512 1692 1567 ἐπεὶ
1716 1512 1811 1566 καὶ
1841 1511 1871 1565 ό

201 1605 216 1640 ⁸
253 1608 474 1679 Κύριος
502 1607 637 1679 πρὸς
667 1607 727 1661 τὸ
746 1649 760 1673 ,
788 1608 1045 1663 Δύναται
1074 1609 1159 1674 είς
1187 1606 1306 1677 τὴν
1337 1606 1577 1662 κοιλίαν
1607 1603 1718 1674 τῆς
1758 1621 1870 1675 μη-

210 1684 213 1687 ’
251 1702 406 1769 τρὶς
439 1700 741 1755 εἰσελθεῖν
779 1701 879 1754 καὶ
924 1698 1311 1771 γεννηθῆναι,
1357 1698 1418 1752 τὸ
1462 1698 1523 1766 ἐξ
1568 1696 1761 1760 ὕδατός
1809 1712 1868 1749 τε

254 1794 360 1847 καὶ
402 1791 722 1863 Πνεῦματος
758 1791 1071 1859 ἀντέταξεν.
1105 1791 1318 1862 Ὥσπερ
1346 1791 1442 1844 ἐπὶ
1483 1789 1583 1862 τῆς
1630 1788 1869 1860 φυσικῆς

252 1887 577 1957 γεννήσεως
605 1886 639 1957 ἠ
676 1883 856 1938 κοιλία
884 1882 944 1937 τὸ
970 1884 1220 1954 φυσικὸν
1241 1882 1607 1956 ὲργαστήριόν
1634 1882 1774 1943 ἐστι,
1812 1880 1871 1933 ὲν

252 1970 307 2046 ᾧ
345 1977 413 2030 τὸ
474 1976 796 2048 τικτόμενον
856 1974 1199 2030 ἀποτελεῖται
1244 1974 1367 2047 θείᾳ
1406 1973 1659 2045 δυνάμει,
1708 1972 1743 2043 ἢ
1796 1968 1874 2042 (‘2)

253 2070 413 2124 κατὰ
438 2069 532 2122 τὸν
554 2069 761 2123 ἄνωθεν
793 2069 918 2140 ὅρον
945 2066 1077 2122 αὐτὸ
1106 2066 1446 2122 διαπλάττει*
1474 2065 1619 2120 οὕτω
1653 2064 1749 2119 καὶ
1789 2064 1876 2116 tv-

257 2160 448 2215 ταῦθα
475 2160 538 2214 τὸ
563 2160 707 2232 ὕδωρ
740 2160 800 2213 ὲν
841 2159 994 2227 τάξει
1033 2159 1135 2231 τῆς
1173 2159 1380 2231 μητρὸς
1420 2157 1776 2230 λαμϐάνεται.
1814 2156 1877 2211 τὸ

256 2253 324 2307 δὲ
355 2245 589 2321 Πνεῦμα
615 2253 675 2306 ὲν
706 2250 859 2319 τάξει
887 2251 983 2306 τοῦ
1010 2251 1431 2316 διαπλάττοντος
1456 2250 1749 2305 Δεσπότου.

334 2430 491 2502 Στίχ.
540 2437 648 2486 κα’.
700 2461 773 2473 --
821 2430 1017 2494 Καλῶς
1068 2429 1147 2501 (5)
1207 2426 1395 2485 εἶπεν*
1442 2432 1497 2483 '0
1544 2432 1618 2485 τὰ
1668 2429 1877 2501 φαῦλα

250 2521 584 2594 πράσσων·
622 2525 737 2591 καὶ,
774 2524 829 2577 '0
875 2521 1067 2579 ποιῶν
1115 2522 1234 2593 τὴν
1275 2523 1547 2592 ἀλήθεια)
1572 2541 1586 2557 ο
1635 2523 1781 2590 οὔτε,
1817 2523 1877 2577 ’0

252 2617 508 2688 πράξας,
544 2616 739 2682 εἰπὼν,
762 2616 908 2686 οὔτε,
943 2618 1005 2671 '0
1036 2618 1291 2689 ποιήσας.
1338 2618 1603 2690 Ἐγχωρεῖ
1643 2619 1752 2687 γὰρ
1782 2616 1877 2672 καὶ

248 2710 353 2764 τὸν
381 2711 691 2780 ποιήσαντα
723 2709 784 2763 τὸ
814 2710 984 2764 κακὸν
1024 2708 1327 2782 ἀποστῆναι
1373 2710 1474 2780 μὲν
1516 2708 1614 2781 τῆς
1653 2709 1873 2775 κακίας,

253 2800 399 2855 ἰδεῖν
433 2797 491 2852 δὲ
524 2798 663 2870 πρὸς
707 2798 769 2852 τὸ
795 2798 981 2866 καλὸν,
1032 2798 1128 2852 καὶ
1170 2798 1264 2852 τὸν
1307 2801 1374 2870 τῇ
1407 2799 1639 2872 ἀληθείᾳ
1663 2800 1877 2873 χαίρειν

249 2890 746 2963 ἐπαγγελλόμενον
773 2890 962 2946 νεῦσαί
986 2907 1117 2945 ποτε
1151 2890 1289 2962 πρὸς
1324 2891 1386 2959 τὸ
1434 2894 1633 2964 χεῖρον.
1666 2891 1758 2946 Διὸ
1800 2886 1879 2945 εἴ·

250 3001 369 3038 πεν
411 2983 476 3038 τὸ
521 2983 820 3053 πράσσων
869 2984 966 3038 καὶ⁵
1016 2982 1080 3036 τὸ
1131 2982 1341 3038 ποιῶν·
1384 2982 1510 3038 οὔτε
1550 2984 1660 3055 γὰρ
1698 2984 1877 3039 ἔνεστι

253 3072 400 3144 περὶ
424 3073 527 3145 τὴν
554 3072 759 3128 κακίαν
777 3072 1122 3144 διακείμενον
1146 3073 1362 3146 χαίρειν
1389 3074 1470 3146 τῷ
1498 3075 1674 3148 καλῷ,
1721 3077 1816 3131 καὶ
1847 3080 1876 3131 ό

1473 381 1542 439 ιιι
1558 425 1562 429 ‹
1579 380 2031 439 ΕνΑιιοειοιυΜ
2067 384 2379 444 JOANNIS.

3454 390 3560 449 πει
3626 456 3633 465 ,

2627 496 2783 557 CAP.
2821 499 2913 557 111.

2042 585 2206 642 Vens.
2239 589 2292 644 5.
2323 619 2389 631 —
2421 588 2641 646 Modum
2675 607 2789 663 quo
2819 608 2918 664 per
2955 593 3295 665 baptismum
3325 606 3560 665 regene-

1970 696 2199 748 remur,
2252 683 2555 753 exposuit,
2600 684 2732 740 dum
2774 685 2831 740 in
2877 700 3021 757 aqua
3051 687 3276 757 quidem
3315 682 3561 741 conferri

1970 772 2150 836 illum,
2196 770 2290 828 sed
2337 780 2535 828 sancto
2588 770 2802 844 Spiritu
2849 775 3133 845 propriam
3168 775 3227 829 in
3282 774 3562 830 elemento

1969 867 2234 922 virtutem
2264 874 2589 933 exsercute,
2620 866 2816 938 perﬁci
2857 868 3139 939 negotium
3170 866 3277 923 hoc
3304 867 3558 921 aﬁirmat.

1971 954 2118 1011 Deus
2148 955 2423 1027 siquidem
2456 996 2471 1022 ,
2508 963 2562 1011 et
2594 972 2703 1011 non
2741 972 2884 1028 aqua
2911 1000 2926 1024 ,
2968 955 3210 1029 Spiritus
3239 954 3561 1028 adoptionis

1971 1048 2302 1119 appellatur,
2347 1048 2801 1119 quandoquidem
2829 1048 3034 1103 virtute
3061 1047 3238 1103 solius
3266 1045 3365 1101 Dei
3406 1060 3567 1115 rege-

1971 1154 2257 1196 neremur.
2288 1140 2462 1207 Quam
2489 1142 2560 1197 ob
2582 1155 2811 1197 causam
2841 1141 2899 1196 in
2936 1140 3216 1209 baptismo
3244 1137 3413 1192 etiam
3439 1134 3567 1206 Spi-

1971 1233 2145 1289 ritum
2173 1250 2282 1289 una
2316 1250 2442 1289 cum
2477 1233 2646 1290 Patre
2686 1233 2941 1305 Filioque
2980 1233 3336 1288 nominamus
3359 1269 3375 1297 ,
3408 1242 3572 1299 aquae

1970 1344 2105 1386 vero
2144 1329 2473 1401 neutiquam
2504 1329 2893 1395 meminimus,
2936 1337 2996 1383 ut
3030 1327 3118 1382 vel
3156 1325 3289 1381 inde
3324 1320 3566 1378 manife-

1971 1424 2122 1478 stum
2187 1421 2301 1490 sit,
2348 1421 2507 1499 illam
2565 1423 2790 1493 quidem
2854 1423 3033 1478 instar
3076 1418 3223 1490 signi
3275 1415 3569 1487 cujusdam

1971 1528 2039 1570 ac
2091 1523 2265 1582 noue,
2320 1513 2391 1571 ad
2454 1515 2741 1586 quidpiam
2808 1511 3238 1586 signiﬁcandum
3303 1507 3515 1565 assumi
3551 1522 3591 1561 ε’

1974 1606 2245 1678 Spiritum
2272 1622 2405 1664 vero
2447 1616 2711 1681 tanquam
2747 1608 3069 1665 eﬂ’ectorem
3099 1620 3206 1660 una
3237 1617 3364 1658 cum
3403 1600 3570 1656 Patre

1973 1698 2228 1772 Filioque
2267 1700 2552 1766 invocari,
2593 1699 3051 1772 quandoquidem
3085 1697 3253 1754 etiam
3301 1694 3575 1750 Dominus

1975 1791 2100 1848 istis
2134 1792 2356 1855 verbis,
2402 1791 2585 1848 Potest
2622 1794 2678 1847 in
2732 1778 2979 1848 uentrem
3005 1789 3198 1844 matris
3249 1786 3478 1843 introire
3520 1791 3572 1839 et

1977 1886 2210 1949 renasci,
2242 1884 2348 1939 hoc
2375 1883 2444 1941 de
2472 1900 2615 1957 aqua
2639 1893 2696 1940 et
2728 1884 2939 1955 Spiritu
2960 1882 3223 1955 opposuit
3249 1899 3262 1936 :
3292 1887 3352 1935 ut
3382 1893 3574 1950 quem-

1978 1975 2280 2033 admodum
2309 1976 2366 2032 in
2401 1976 2641 2031 naturali
2678 1976 3063 2048 generatione,
3105 1979 3305 2030 venter
3325 1979 3568 2032 natura.

1977 2069 2032 2124 in
2067 2083 2177 2140 qua
2213 2068 2359 2125 fetus
2395 2068 2617 2134 divina,
2661 2068 2744 2123 uti
2794 2075 2925 2124 ante
2957 2067 3167 2122 dictum
3208 2071 3295 2121 est
3318 2104 3337 2131 ,
3362 2064 3577 2119 virtute

1978 2159 2161 2229 ipsum
2208 2158 2539 2216 ell'ormante
2586 2160 2910 2231 perﬁcitur,
2947 2158 3165 2215 oﬁicina
3201 2156 3463 2214 exsistit:
3492 2155 3575 2211 sic

1977 2258 2035 2306 ct
2065 2251 2172 2306 hoc
2202 2251 2350 2317 loco,
2389 2265 2533 2322 aqua
2561 2250 2785 2322 quidem
2814 2251 3067 2306 matricis
3090 2288 3108 2317 ,
3147 2247 3388 2320 Spiritus
3434 2261 3573 2303 vero

1978 2341 2258 2399 etl‘ectoris
2290 2342 2507 2398 Domini
2543 2344 2699 2400 vices
2732 2342 2906 2400 subit.

2052 2435 2221 2495 Vens.
2254 2436 2347 2493 21.
2373 2465 2447 2478 --
2478 2434 2629 2492 Scite
2662 2447 2873 2504 autem,
2902 2437 2994 2508 qui
3020 2435 3163 2491 male
3195 2435 3357 2505 facit,
3393 2443 3443 2488 et
3483 2432 3575 2504 qui

1979 2528 2112 2600 facit
2143 2529 2457 2595 ueritatem,
2501 2542 2612 2584 non
2639 2544 2808 2596 vero,
2844 2530 2935 2600 qui
2967 2528 3094 2599 fecit
3115 2569 3131 2594 ,
3165 2529 3329 2585 dixit.
3388 2526 3577 2597 Siqui-

1980 2624 2106 2681 dem
2131 2623 2427 2695 contingit,
2464 2638 2592 2679 eum
2627 2623 2723 2694 qui
2753 2622 2896 2677 mala
2924 2620 3285 2694 perpetravit,
3317 2634 3577 2675 nonnun-

1979 2730 2146 2788 quam
2168 2715 2521 2786 resipiscere,
2548 2720 2605 2770 et
2627 2728 2659 2768 a
2687 2714 2959 2785 pravitate
2990 2713 3271 2770 abstinere
3298 2730 3313 2768 :
3348 2726 3576 2767 rursum

1979 2821 2116 2864 vero
2144 2814 2231 2863 est
2268 2805 2480 2874 videro,
2517 2795 2677 2873 eum:
2694 2804 2788 2876 qui
2817 2813 2874 2860 et
2901 2802 3214 2860 honestatis
3246 2809 3301 2858 et
3326 2801 3579 2856 veritatis

1980 2909 2197 2955 amator
2220 2898 2446 2955 habitus
2468 2899 2562 2965 sit,
2613 2905 2831 2954 mutare
2849 2897 3169 2969 aliquando,
3197 2902 3253 2952 et
3274 2895 3342 2950 ad
3370 2894 3577 2949 malum

1985 3004 2220 3060 vergere
2250 2989 2519 3061 quocirca
2547 2987 2638 3058 qui
2668 2986 2804 3055 facit
2828 2986 2966 3042 dixit
2998 3001 3014 3038 :
3052 2985 3169 3041 ﬁeri
3194 2984 3341 3041 enim
3363 2985 3578 3055 nequit,

1980 3088 2043 3136 ut
2087 3080 2183 3153 qui
2233 3080 2462 3136 malitiae
2501 3079 2727 3135 deditus
2761 3087 2887 3143 est,
2945 3077 3137 3132 virtuti
3181 3076 3255 3132 sit
3291 3076 3578 3141 addictus,

249 3164 365 3235 τῆς
399 3163 663 3236 ἀληθείας
705 3163 943 3238 ἐραστὴς
986 3165 1206 3232 πὰντως
1253 3165 1370 3221 ἐστὶ
1406 3165 1516 3222 τῶν
1547 3167 1729 3223 καλῶν
1762 3169 1873 3223 ἐπι-

1980 3183 2035 3231 et
2062 3174 2322 3246 quisquis
2356 3174 2612 3230 veritatis
2639 3182 2858 3229 amator
2890 3179 3010 3238 est,
3056 3171 3328 3225 virtutum
3357 3185 3580 3243 quoque

250 3255 330 3312 θυ
339 3256 544 3328 μητής.

339 3367 490 3440 Στῖχ.
511 3368 612 3424 κδ’.
626 3369 811 3423 -Ὅλα
837 3369 915 3443 (4)
932 3368 1105 3425 ταῦτα
1125 3372 1291 3445 πρότε
1302 3390 1368 3445 ρα
1387 3375 1648 3444 γεγονότα
1662 3375 1763 3448 τῆς
1779 3375 1876 3431 τοῦ

248 3459 578 3515 Βαπτιστοῦ
598 3459 936 3534 καθείρξεως
951 3462 1062 3516 τῶν
1080 3462 1284 3518 λοιπῶν
1303 3464 1727 3536 εὐαγγελιστῶν,
1744 3466 1875 3521 εὐθὺ

253 3553 413 3628 μετὰ
423 3552 532 3628 [τὸ]
549 3551 643 3608 τοῦ
663 3554 871 3626 Κυρίου
893 3553 1203 3627 βάπτισμα,
1220 3556 1316 3611 καὶ
1341 3558 1469 3622 τοὺς
1487 3559 1733 3614 διαϐόλου
1756 3577 1877 3614 πει-

247 3648 540 3722 ρασμοὺς,
555 3647 840 3703 Ματθαίου
860 3649 959 3721 μὲν
982 3649 1249 3715 εἰπόντος’
1267 3652 1563 3718 Ἀκούσας
1579 3652 1667 3707 ὅτι
1682 3652 1873 3709 Ἰωάν-

244 3760 382 3816 νης
400 3740 734 3810 παρεδόθη,
760 3741 1154 3812 ἀνεχώρησεν
1169 3743 1292 3799 ἀπὸ
1317 3745 1431 3814 τῆς
1465 3744 1754 3814 Ἰουδαίας
1784 3749 1873 3814 εἰς

244 3831 388 3900 τὴν
416 3834 795 3888 Γαλιλαίαν·
855 3832 1081 3907 εὔδηλον
1144 3835 1328 3906 μέντοι
1374 3836 1459 3890 ὅτι
1514 3837 1610 3891 καὶ
1655 3839 1873 3903 Λουκᾶς

246 3928 368 3998 τὴν
398 3926 575 3999 αὐτὴν
608 3925 844 3990 ἐκείνοις
891 3926 1219 3982 ἀκολουθίαν
1252 3928 1528 4001 ἐζήλωσεν
1577 3930 1680 4003 τῆς
1725 3930 1873 3986 διδα-

246 4018 525 4084 σκαλίας
552 4019 631 4085 ὡς
658 4019 947 4088 φαίνεσθαι
988 4021 1072 4077 ὅτι
1097 4021 1180 4077 δεῖ
1206 4023 1700 4098 καταλ[ε]ιπόντων
1725 4026 1872 4082 ἐκείο

245 4128 375 4167 νων
404 4111 476 4165 τὰ
504 4111 615 4184 πρὸ
644 4112 742 4184 τῆς
773 4113 1021 4169 Ἰωάννου
1048 4112 1384 4186 καθείρξεως
1412 4116 1518 4172 ὑπὸ
1544 4117 1639 4172 τοῦ
1662 4118 1869 4192 Κυρίου

246 4203 535 4275 γεγονότα
559 4245 574 4272 ,
608 4204 784 4261 ταῦτα
831 4206 1068 4276 μάλιστα
1116 4208 1283 4274 αὐτὸς
1327 4208 1668 4282 ἐφρόντισεν.
1703 4211 1768 4266 Ei
1810 4212 1869 4268 δέ

245 4314 349 4362 τις
389 4297 573 4366 λέγοι,
626 4299 740 4353 Καὶ⁸
774 4298 882 4373 μὴν
908 4301 938 4354 ὁ
966 4301 1247 4368 Ματθαῖος
1292 4302 1464 4359 εἰπὼν
1505 4305 1870 4377 βεϐαπτίσθαι

247 4390 359 4445 τὸν
401 4389 637 4461 Ἰησοῦν,
671 4392 767 4446 καὶ
812 4392 876 4446 τὸ
913 4392 1143 4466 Πνεῦμα
1171 4396 1259 4449 ἐπ’
1289 4396 1454 4453 αὑτὸν
1486 4399 1870 4473 καταϐεϐηκέ-

249 4476 381 4541 ναιξ
394 4481 746 4552 παραχρῆμα
764 4482 1040 4556 ἐπιφέρει,
1069 4486 1207 4540 Τότε
1226 4486 1511 4547 ἐκϐάλλει
1530 4489 1598 4545 τό
1621 4491 1869 4563 Πνεῦμα

246 4572 462 4629 αὑτὸν
508 4576 599 4640 εις
634 4574 752 4644 τὴν
787 4575 1017 4648 ἔρημον
1038 4621 1056 4646 ,
1099 4579 1321 4638 λεκτέον
1381 4582 1459 4649 ὡς
1508 4586 1543 4656 ἡ
1598 4588 1735 4643 τότε
1777 4589 1868 4644 λέ-

249 4667 347 4735 Et;
386 4665 489 4720 οὐκ
541 4668 632 4722 ἀεὶ
663 4668 724 4723 τὸ
754 4670 1124 4742 παραχρῆμα
1172 4676 1456 4747 σημαίνει,
1491 4678 1609 4733 ἀλλ’
1636 4680 1753 4736 ἐσθ’
1786 4684 1879 4739 ὅτε

248 4757 368 4813 καὶ
399 4757 471 4812 τὰ
526 4760 667 4830 μετὰ
714 4761 887 4816 πολὺν
937 4763 1130 4839 χρόνον
1179 4766 1579 4842 συμϐησόμενα
1596 4788 1611 4803 ο
1660 4773 1740 4839 ὡς
1790 4776 1875 4842 τὸ,

258 4851 416 4905 Τότε
458 4853 515 4905 ol
558 4852 632 4907 ἐν
665 4851 742 4923 τῇ
783 4855 1045 4925 Ἰουδαίᾳ
1072 4859 1468 4928 φευγέτωσαν
1488 4904 1504 4933 ,
1544 4862 1739 4938 ὥσπερ
1779 4870 1876 4924 καὶ

247 4943 319 4998 τὸ
359 4946 566 5013 εὐθύς.

251 5359 563 5433 ὲτεροδόξῳ
597 5360 665 5415 δι’
698 5361 902 5449 ἔχθραν
943 5365 1008 5419 τὺ
1057 5366 1206 5440 ὕδωρ
1242 5368 1427 5425 δοῦναι
1469 5376 1870 5446 παραιτήσατο.

250 5454 384 5509 ἀλλ’
411 5454 488 5520 ὡς
525 5455 791 5527 μέλλοντα
822 5459 915 5512 τὸν
957 5458 1019 5526 ἐξ
1053 5460 1289 5534 ἀρχαίου
1317 5463 1571 5536 κείμενον
1606 5467 1759 5540 αὐτῴ
1784 5470 1873 5523 νό-

254 5544 490 5621 [μι]μον
507 5548 826 5623 παραϐῆναι
844 5552 935 5606 ὑπ’
945 5551 1195 5627 ἀνάγκης
1212 5555 1526 5629 ὑπομνῆσαι
1550 5557 1871 5635 βουλομένη.

336 5729 417 5808 (ξ)
454 5729 623 5808 ςοτᾱ.
654 5743 768 5808 cat.
797 5752 854 5808 p.
878 5730 988 5808 .88.

249 5800 424 5930 αὓὲξῖ
446 5803 570 5860 Cat.
627 5800 834 5863 omissa
877 5801 940 5864 'v.
994 5809 1031 5883 ἦ
1082 5812 1290 5884 praebet
1341 5800 1715 5873 deinde'aO-cai
1774 5834 1872 5890 pro

1985 3285 2208 3341 semper
2236 3278 2324 3327 est
2357 3271 2560 3326 cultor.

2056 3384 2227 3443 Vsus.
2256 3386 2350 3442 24.
2376 3415 2448 3426 -
2474 3385 2674 3441 Omnia
2706 3386 2822 3443 haec
2855 3384 3038 3458 prima
3073 3383 3141 3441 ad
3166 3384 3583 3441 incarceratio-

1984 3497 2109 3538 nem
2159 3479 2394 3537 Joannis
2448 3479 2710 3551 Baptistae.
2759 3479 3070 3551 spectantia
3099 3520 3114 3545 ,
3167 3478 3312 3550 apud
3347 3487 3584 3533 caeteros

1982 3573 2390 3644 evangelistas,
2435 3572 2625 3629 statim
2665 3580 2791 3643 post
2839 3569 3058 3627 Domini
3093 3569 3430 3640 baptismum
3458 3576 3580 3625 ten-

1983 3668 2342 3738 tationesque
2395 3664 2606 3721 diaboli
2651 3673 2998 3731 evenerunt;
3049 3662 3309 3717 Matthaeo
3353 3658 3579 3732 quidem

1980 3761 2204 3817 dicente
2233 3760 2331 3831 (tv,
2364 3758 2477 3827 12),
2513 3758 2646 3815 Cum
2678 3755 2917 3812 audisset
2959 3754 3120 3811 Iesus
3152 3755 3294 3827 quod
3338 3752 3582 3809 Joannes

1982 3854 2214 3909 traditus
2248 3861 2406 3918 esset,
2437 3852 2653 3908 secessit
2679 3868 2710 3906 a
2732 3849 2929 3906 Judwa
2953 3851 3009 3904 in
3040 3847 3346 3904 Galilaeam.
3371 3846 3574 3904 Notum

1978 3958 2062 4003 est
2087 3947 2255 4003 etiam
2283 3944 2492 4001 Lucam
2521 3960 2633 4018 prae
2655 3943 2873 4002 caeteris
2903 3950 3157 4000 catenam
3187 3941 3459 3999 factorum
3491 3941 3578 3997 di-

1979 4041 2237 4096 viuorum
2286 4046 2551 4096 accurate
2601 4040 2900 4106 retulisse,
2932 4050 2992 4095 ut
3037 4039 3222 4096 videre
3271 4048 3377 4102 est,
3424 4052 3577 4100 cum.

1978 4133 2196 4192 caeteris
2229 4131 2618 4189 omittentibus
2650 4148 2775 4203 quae
2806 4133 3306 4189 incarcerationem
3348 4129 3581 4186 Joannis

1978 4232 2417 4291 antecesserant,
2450 4233 2699 4295 tempore
2720 4230 2902 4281 autem
2928 4223 3135 4281 Christi
3167 4223 3313 4279 facta
3335 4222 3578 4288 fuerant,

1977 4317 2045 4375 ad
2097 4318 2191 4374 illa
2247 4316 2490 4373 maxime
2541 4316 2883 4372 incubuerit.
2927 4315 3161 4383 Quidam
3210 4315 3353 4373 forte
3379 4316 3579 4372 dicet:

1976 4408 2094 4469 lmo
2136 4410 2461 4476 Mattbaeus,
2527 4416 2823 4481 postquam
2872 4410 3013 4466 dixit
3069 4408 3259 4466 Jesum
3324 4410 3580 4480 baptiza—

1977 4513 2095 4561 tum
2139 4503 2352 4570 fuisse,
2403 4517 2470 4560 ac
2521 4502 2788 4574 Spiritum
2823 4510 3079 4559 sanctum
3112 4517 3281 4573 super
3334 4516 3459 4557 eum
3484 4502 3582 4559 de-

1975 4597 2296 4662 scendisse,
2333 4595 2523 4652 statim
2553 4595 2707 4651 addit
2740 4613 2755 4651 :
2789 4593 2937 4649 Tunc
2964 4594 3201 4666 Spiritus
3227 4594 3428 4664 expulit
3458 4608 3580 4650 eum

1974 4690 2320 4746 indesertam
2355 4686 2572 4762 (Matth,
2620 4704 2676 4744 Iv
2702 4728 2719 4753 ,
2753 4687 3021 4758 i;Marc.
3056 4687 3241 4759 1,12).
3273 4685 3580 4743 Dicendum

1973 4791 2060 4843 est
2095 4797 2286 4839 vocem
2316 4790 2443 4837 tunc
2475 4797 2586 4838 non
2622 4797 2844 4852 semper
2868 4784 3051 4838 statim
3084 4782 3443 4856 signiﬁcare;
3483 4783 3581 4838 scd

1972 4872 2275 4946 aliquando
2304 4889 2429 4946 qua:
2464 4876 2631 4947 longo
2660 4883 2784 4947 post
2809 4882 3060 4947 tempore
3094 4885 3360 4933 eventura
3411 4884 3578 4944 sunt;

1971 4967 2188 5024 scilicet
2224 4985 2239 5024 :
2276 4966 2429 5022 Tunc
2470 4969 2563 5038 qui
2614 4970 2671 5023 in
2712 4967 2910 5024 Judwa
2948 4979 3073 5026 sunt
3098 4970 3309 5042 fugiant
3355 4948 3581 5041 (Matth.

1980 5076 2137 5126 xxrv,
2172 5060 2286 5133 16),
2321 5061 2794 5134 quemadmodum
2825 5064 2991 5123 etiam
3015 5065 3142 5120 cito.
3329 5076 3335 5081 ‘

2635 5169 2792 5228 CAP.
2842 5172 2933 5229 IV.

2056 5288 2226 5346 Vens.
2256 5288 2313 5346 9.
2342 5318 2416 5329 —
2441 5286 2614 5344 Docet
2641 5295 2828 5344 autem
2859 5302 2987 5355 nos,
3019 5289 3304 5360 quomodo
3332 5304 3444 5346 non
3465 5296 3585 5346 tan-

1981 5397 2150 5456 quam
2188 5380 2359 5438 alicui
2408 5380 2642 5437 alterius
2685 5390 2886 5447 sectae,
2924 5390 3156 5452 propter
3202 5383 3580 5448 inimicitiam.

1982 5475 2063 5537 illi
2104 5486 2305 5544 aquam
2337 5470 2471 5528 dare
2504 5470 2879 5536 recusaverit,
2911 5470 3009 5528 sed
3036 5472 3185 5544 quod
3223 5473 3404 5542 ipsum
3437 5473 3582 5529 obli-

1978 5563 2227 5636 gationis
2256 5576 2374 5619 suae
2410 5562 2685 5619 monitum
2718 5560 2918 5629 vellet,
2969 5577 3039 5619 ne
3080 5563 3366 5635 antiquam
3402 5565 3583 5635 legem

2051 5744 2130 5882 (Ξ)
2160 5743 2463 5829 Cord.cat.
2504 5761 2560 5816 p.
2610 5745 2730 5803 i02.
2812 5724 2833 5741 λ

2116 5821 2130 5879 )
2163 5815 2267 5870 Mat
2298 5818 2431 5872 Ibid.

2054 5815 2130 5882 (4)
2163 5815 2267 5870 Mai
2298 5816 2431 5872 ibid.
2506 5815 2519 5816 ί

2054 5886 2133 5961 (5)
2173 5886 2340 5944 Cord.
2384 5897 2492 5945 cat.
2526 5888 2651 5945 121.
