4162 6480
553 375 659 432 ’143

1744 357 2100 417 THEODOBI
2143 352 2637 415 MOPSUESTENI

3739 354 3844 410 7“

553 497 799 554 violaret.
836 491 976 563 Lege
1005 488 1303 562 siquidem,
1337 501 1404 542 ne
1439 481 1787 540 immundum
1825 488 2140 554 tangerent,

2265 479 2351 533 Γοῦ
2385 480 2496 551 γὰρ
2527 479 2696 549 νόμου
2732 475 3016 548 εἰρηκότος
3041 492 3052 506 ’
3110 474 3443 546 Ἀκαθὰρτου
3485 473 3557 544 μὴ
3609 472 3842 541 aui/quiis,

558 595 801 650 vetante,
847 599 1026 654 neque
1050 582 1484 652 alienigenarum
1529 590 1756 632 carnem
1801 581 2146 630 contrectare

553 684 672 738 ausi
711 685 890 748 erant,
924 684 1183 748 putantes
1222 688 1284 728 se
1321 671 1429 726 hoc
1464 671 1630 725 modo
1660 667 2032 737 coinquinari.

1217 801 1373 859 CAP.
1417 799 1484 855 ν.

625 923 794 978 Vsus.
831 920 920 975 1%.
960 947 1031 959 —
1063 917 1206 972 Cum
1256 914 1404 970 enim
1441 927 1582 983 opus
1631 910 1713 965 illi
1769 909 1887 974 sit,
1936 905 2150 976 majora

554 1014 876 1070 hominibus
897 1008 1318 1074 administrare,
1343 1003 1610 1072 nullaque
1630 1002 1750 1072 lege
1763 998 2148 1072 prohibeatur,

553 1119 734 1176 neque
781 1104 950 1159 etiam
1011 1098 1278 1170 operandi
1334 1097 1639 1154 terminum
1684 1093 1893 1159 habet;
1937 1089 2150 1147 idcirco

554 1198 738 1268 inquit
775 1215 790 1252 :
829 1194 898 1249 Et
929 1211 1024 1264 ego
1051 1207 1260 1262 operor,
1295 1190 1563 1262 quoniam
1587 1187 1733 1252 volo,
1764 1185 1976 1241 nullum
2010 1180 2152 1238 meis

555 1286 874 1342 actionibus
926 1283 1260 1356 praeﬁnitum
1309 1289 1530 1351 tempus
1563 1278 1777 1332 habens
1800 1315 1814 1340 ,
1852 1287 1951 1345 pro
1993 1286 2150 1328 com-

556 1377 713 1434 muni
773 1376 1062 1432 hominum
1124 1374 1322 1431 salute.
1382 1371 1443 1426 Si
1484 1370 1654 1443 igitur
1705 1380 1869 1423 nemo
1931 1364 2150 1419 Patrem

555 1468 958 1541 reprehendat,
1004 1466 1136 1538 quia
1193 1477 1476 1522 summum
1525 1461 1606 1516 illi
1657 1457 2006 1519 dominium,
2053 1455 2152 1526 jus

559 1563 756 1634 fasque
783 1561 1016 1627 tribuit,
1050 1574 1231 1631 neque
1264 1573 1352 1613 me
1385 1556 1680 1627 quisquam
1716 1565 1983 1609 accusare
2012 1564 2154 1619 pra:-

563 1663 788 1721 sumat;
834 1670 946 1710 non
994 1653 1145 1709 enim
1184 1651 1360 1719 mihi,
1407 1662 1572 1720 quam
1631 1646 1741 1713 illi,
1797 1645 1982 1699 minus
2024 1641 2154 1696 licet

559 1749 585 1804 ί
584 1763 746 1804 acere
776 1746 925 1818 quod
962 1745 1138 1800 lubet.

2217 571 2368 625 οὐδὲ
2411 571 2512 640 τῆς
2561 574 2764 640 σαρκὸς
2799 569 2908 623 τῶν
2946 567 3251 638 ἀλλογενῶν
3297 565 3538 637 ἐτόλμων
3581 565 3844 634 ἅψασθαι,

2251 663 2565 733 νομίζοντες
2599 665 2662 715 ἐκ
2694 661 2883 716 τούτου
2919 659 3265 731 μολύνεσθαι.

2869 798 3121 851 ΚΕΦΑΛ.
3157 799 3234 852 E'.

2314 914 2463 984 Στίχ.
2497 913 2584 984 ιβ’.
2608 943 2680 954 --
2701 913 2912 983 Ὥσπερ
2936 911 3011 982 (1)
3035 911 3148 981 γὰρ
3179 911 3339 981 ἔργον
3371 910 3562 980 ἐκείνῳ
3602 910 3669 962 τὰ
3712 909 3851 980 ὑπὲρ

2251 1002 2360 1056 τῶν
2391 1002 2488 1056 ἀνθ
2498 1002 2696 1074 ρώπων
2720 1003 3026 1072 οἰκονομεῖν
3053 1000 3150 1054 καὶ
3180 1000 3342 1070 νόμος
3372 999 3546 1062 οὐδεὶς
3572 1002 3600 1052 ὁ
3627 999 3850 1052 κωλύων

2253 1095 2439 1160 αὐτὸν,
2469 1095 2592 1149 οὕτε
2622 1094 2727 1166 μὴν
2755 1094 2880 1165 ὅρον
2910 1093 3024 1163 ἔχει
3058 1093 3157 1162 τῆς
3194 1091 3466 1162 πράξεως,
3497 1091 3668 1152 οὕτως
3697 1087 3846 1142 εἷπε·

2253 1187 2427 1257 Κάγὼ
2449 1186 2780 1257 ἐργάζομαι,
2821 1185 2955 1238 διότι
2987 1185 3084 1237 καὶ
3124 1183 3405 1254 βούλομαι,
3443 1181 3633 1234 οὐδένα
3661 1178 3853 1250 καιρὸν

2253 1277 2636 1348 ἀφωρισμένον
2679 1276 2819 1347 ἔχων
2868 1276 2982 1338 τοῖς
3027 1275 3156 1344 παρ’
3188 1273 3324 1344 ἐμοῦ
3359 1271 3670 1341 γενομένοις
3710 1268 3853 1340 ὑπὲρ

2252 1370 2352 1441 τῆς
2381 1369 2566 1441 κοινῆς
2594 1368 2700 1422 τῶν
2733 1365 3036 1438 ἀνθρώπων
3075 1365 3370 1436 σωτηρίας.
3421 1364 3485 1417 Εἰ
3528 1362 3586 1416 δὲ
3615 1360 3787 1422 οὐδεὶς
3825 1362 3856 1412 ὁ

2257 1462 2608 1534 μεμφόμενος
2629 1459 2823 1530 ἐκείνῳ
2845 1460 2900 1529 (ἡ
2927 1457 3038 1529 γὰρ
3059 1457 3347 1511 δεσποτεία
3369 1455 3466 1528 τὴν
3490 1455 3673 1510 ἄδειαν
3695 1451 3852 1522 χαρί-

2257 1553 2451 1623 ζεται),
2479 1552 2783 1622 ἐγκαλείτω
2812 1550 2879 1620 δὴ
2915 1549 3037 1621 μηδ’
3074 1550 3199 1620 ἐμοὶ
3233 1548 3442 1620 μηδείς.
3474 1547 3708 1618 Ὁμοίως
3743 1544 3857 1615 γὰρ

2258 1643 2436 1711 ἔξεστι
2467 1643 2637 1714 κάμοὶ
2662 1641 2834 1694 ποιεῖν
2867 1638 3195 1710 βουλομένῳ.

628 1861 799 1916 Vens.
834 1860 921 1916 19.
948 1889 1017 1900 —
1045 1856 1346 1926 Postquam
1377 1851 1614 1908 dixisset
1644 1867 1658 1904 :
1700 1847 1824 1902 Non
1857 1853 2028 1915 potest
2053 1842 2154 1897 Fi-

2329 1839 2477 1910 Στίχ.
2514 1838 2676 1893 ιθ’.--
2692 1836 2877 1892 Εἰπὼν
2899 1836 2999 1907 (2),
3029 1836 3110 1890 ὃτι
3145 1836 3231 1890 οὐ
3261 1836 3512 1890 δύναται
3535 1837 3566 1889 ό
3598 1836 3731 1901 Υἱὸς
3748 1835 3853 1905 ἀφ’

562 1955 665 2009 tius
711 1971 746 2007 a
790 1969 846 2006 se
889 1951 1064 2020 facere
1120 1947 1442 2018 quidquam,
1484 1955 1712 1998 causam
1758 1938 1974 1994 addidit
2007 1954 2021 1991 :
2053 1937 2158 1991 nisi

557 2047 698 2117 quod
721 2044 906 2100 viderit
931 2043 1146 2098 Patrem
1172 2039 1454 2109 facientem
1481 2051 1499 2090 :
1533 2047 1854 2104 quacunque
1883 2031 2024 2086 enim
2065 2029 2159 2083 ille

558 2141 763 2210 fecerit,
797 2139 908 2194 hcce
933 2145 984 2190 et
1019 2134 1195 2189 Filius
1224 2131 1476 2185 similiter
1508 2129 1677 2198 facit;
1715 2139 1829 2180 non
1865 2124 2012 2180 enim
2049 2122 2159 2176 alia

557 2238 690 2288 sunt
723 2230 792 2284 ab
820 2229 918 2283 illo
944 2225 1115 2291 facta,
1145 2230 1200 2278 et
1223 2222 1332 2276 alia
1357 2234 1388 2274 a
1425 2233 1513 2273 me
1555 2215 1859 2274 secundum
1903 2213 2161 2270 similitu-

559 2323 745 2378 dinem
799 2334 993 2376 eorum
1035 2333 1158 2388 qua:
1206 2314 1351 2370 facta
1389 2318 1521 2368 sunt
1566 2309 1635 2364 ab
1663 2308 1831 2379 ipso;
1879 2305 1979 2362 sed
2005 2319 2161 2375 quaa-

559 2429 781 2484 cunque
805 2411 938 2466 facit
964 2411 1078 2474 ille,
1114 2408 1228 2462 haec
1251 2414 1304 2460 et
1324 2418 1427 2474 ego
1456 2401 1619 2464 facio,
1644 2413 1707 2454 ex
1733 2396 2012 2453 communi
2032 2408 2162 2466 0pc-

560 2505 813 2567 ratione,
855 2514 1055 2570 meque
1101 2507 1155 2554 et
1201 2497 1297 2550 illo
1327 2494 1516 2550 eadem
1567 2489 2008 2560 perﬁcientibus.
2041 2485 2160 2540 Non

559 2597 698 2652 dixit
729 2593 1074 2663 simpliciter,
1107 2589 1233 2644 Hcce
1254 2596 1303 2642 et
1339 2583 1513 2639 Filius
1543 2582 1700 2651 facit,
1722 2581 1799 2634 ita
1820 2587 1883 2633 ut
1911 2577 2162 2648 operatio

561 2687 816 2758 superior
844 2685 900 2738 in
939 2683 1078 2753 ipsis
1113 2679 1390 2740 videatur,
1428 2673 1524 2730 sed
1557 2669 1770 2725 addidit
1801 2669 2071 2727 similiter.
2101 2673 2163 2721 ut

561 2756 672 2833 non
706 2775 885 2830 solum
907 2769 1228 2827 communia
1254 2780 1377 2822 esse
1403 2776 1598 2834 opera,
1628 2759 1724 2814 sed
1748 2759 1911 2813 etiam
1938 2756 2162 2811 modum

561 2868 938 2943 operationis,
975 2871 1140 2931 atque
1184 2858 1528 2914 identilatem
1581 2851 1844 2923 potentiae
1884 2858 1938 2904 et
1966 2847 2164 2904 volun-

563 2942 694 3017 tatis
725 2957 1064 3016 ostenderet.
1116 2950 1314 3005 Merito
1343 2960 1476 3012 ergo
1519 2942 1661 2996 dixit
1693 2955 1801 2994 non
1841 2953 2004 3009 posse
2037 2952 2067 2990 a
2106 2951 2166 2992 se

564 3053 748 3109 facere
773 3048 1109 3120 quidquam;
1138 3055 1265 3097 cum
1289 3037 1436 3094 enim
1462 3032 1778 3088 communia
1807 3030 1919 3084 sint
1940 3035 1996 3083 et
2022 3027 2166 3083 facta

563 3157 618 3202 et
664 3143 863 3198 modus
913 3133 1277 3208 operationis,
1329 3126 1606 3198 quomodo
1637 3122 1927 3179 consilium
1966 3127 2021 3174 et
2064 3135 2162 3174 vo-

563 3239 751 3292 luntas
799 3230 928 3286 facti
966 3225 1137 3282 dividi
1171 3219 1452 3294 possent?
1501 3217 1666 3272 Pater
1718 3214 1898 3284 diligit
1939 3209 2162 3274 Filium,

563 3337 612 3383 et
647 3325 828 3382 omnia
865 3321 1196 3375 demonstrat
1235 3316 1312 3380 ei,
1369 3311 1451 3368 sic
1505 3307 1978 3380 interpretandum
2033 3315 2164 3359 eSL:

563 3419 702 3474 Cum
740 3413 1008 3470 Dominus
1033 3416 1241 3469 noster,
1297 3405 1662 3472 Salvatorque
1683 3398 1846 3454 Jesus
1884 3395 2166 3460 Christus,

567 3510 640 3565 sit
661 3508 806 3562 Deus
834 3512 888 3559 et
915 3503 1103 3564 homo,
1135 3501 1189 3552 in
1216 3497 1327 3552 Deo
1350 3503 1533 3548 autem
1555 3491 1742 3548 omnia
1769 3496 1953 3545 essent
1978 3487 2166 3549 insita,

569 3602 626 3655 in
672 3597 952 3654 hominem
993 3607 1124 3648 vero
1164 3589 1350 3645 omnia
1389 3587 1652 3654 deinceps
1681 3579 2030 3643 devenerint,
2071 3592 2169 3648 per

568 3691 825 3746 idoneam
857 3683 1268 3756 copulationem
1295 3699 1308 3746 ;
1343 3681 1425 3735 sic
1457 3687 1724 3746 tanquam
1755 3673 1920 3726 homo
1958 3670 2024 3724 ab
2057 3669 2168 3722 illis

569 3781 820 3849 arguitur
854 3777 1004 3848 quod
1061 3774 1355 3829 sabbatum
1407 3769 1610 3831 solvit,
1640 3774 1696 3822 et
1744 3779 1812 3820 ex
1850 3761 2170 3818 testimonio

569 3874 723 3930 verbi
777 3872 876 3926 Dei
903 3884 1014 3923 non
1046 3867 1189 3923 solvi
1226 3864 1610 3926 demonstrat;
1644 3859 1815 3912 licere
1844 3862 2030 3910 autem
2059 3852 2168 3924 ipsi

571 3962 761 4019 omnia
801 3972 1151 4031 quaacunque
1186 3954 1368 4008 facere
1399 3951 1649 4006 voluerit.
1705 3947 2056 4017 Quapropter
2099 3943 2168 3998 de

573 4057 740 4127 hujus
771 4061 982 4108 natura:
1021 4045 1403 4118 magnitudine
1451 4043 1715 4114 loquitur.
1751 4039 1828 4093 Ex
1863 4037 2169 4109 exprobra-

571 4147 1066 4208 tioneludaeorum
1103 4143 1457 4196 occasionem
1510 4135 1680 4206 capit,
1720 4141 1780 4188 ut
1819 4147 1974 4189 suam
2008 4143 2170 4189 natu-

571 4257 688 4297 ram
716 4241 1058 4296 demonstret
1077 4241 1284 4305 quanta
1313 4239 1367 4287 et
1393 4229 1572 4301 qualis
1594 4234 1763 4292 esset;
1791 4234 1906 4281 tum
1934 4226 2169 4282 adivino

573 4331 640 4386 ad
672 4331 978 4384 humanum
1021 4323 1258 4389 transit,
1300 4336 1426 4376 cum
1458 4319 1608 4375 dicta
1643 4327 1752 4372 tam
1789 4314 2018 4372 multum
2054 4316 2166 4372 dis.

571 4429 798 4492 crepent
831 4435 862 4474 a
901 4417 1083 4474 factis.

2259 1930 2476 1986 ἑαυτοῦ
2506 1931 2702 1985 ποιεῖν
2723 1929 2926 1996 οὐδὲν,
2955 1929 3056 2000 τὴν
3079 1927 3259 1982 αἰτίαν
3291 1928 3592 1998 ἐπήγαγεν,
3621 1927 3732 1981 ἐὰν
3768 1927 3850 1994 μή

2260 2038 2313 2073 τι
2339 2019 2547 2088 ,βλέπῃ
2571 2061 2586 2084 ,
2614 2019 2770 2090 φησὶ,
2799 2021 2907 2072 τὸν
2946 2017 3179 2086 Πατέρα
3210 2015 3502 2070 ποιοῦντα
3531 2029 3544 2043 '
3572 2014 3611 2069 ἃ
3637 2016 3745 2084 γὰρ
3773 2015 3853 2068 ἂν

2261 2110 2492 2175 ἐκεῖνος
2543 2109 2730 2176 ποιεῖ,
2766 2111 2956 2165 ταῦτα
2985 2109 3084 2163 καὶ
3130 2111 3162 2164 ὁ
3211 2107 3344 2174 Υἱὸς
3396 2110 3612 2177 ὁμοίως
3649 2108 3809 2160 ποιεῖ
3836 2125 3849 2139 ·

2261 2203 2322 2255 ού
2353 2202 2463 2274 γὰρ
2497 2201 2662 2274 ἐτερα
2695 2201 2794 2272 μὲν
2833 2200 2902 2254 τὰ
2941 2202 3072 2270 παρ’
3102 2199 3314 2254 ἐκείνου
3342 2199 3603 2267 γινόμενα
3625 2237 3638 2260 ,
3688 2198 3858 2268 ἕτερα

2263 2291 2319 2345 δὲ
2348 2293 2415 2347 τὰ
2447 2293 2579 2364 παρ’
2619 2290 2756 2363 ἐμοῦ
2779 2331 2792 2356 ,
2842 2290 2965 2344 καθ’
3001 2290 3293 2360 ὁμοίοτητα
3327 2289 3436 2342 τῶν
3485 2290 3614 2360 παρ’
3644 2289 3856 2342 ἐκείνου

2264 2381 2572 2454 γενομένων
2599 2423 2612 2447 ,
2649 2381 2766 2436 ἀλλ’
2800 2380 2945 2452 ἆπερ
2993 2382 3196 2443 ἐκεῖνος
3246 2382 3428 2446 ποιεῖ,
3479 2379 3649 2433 ταῦτα
3696 2379 3857 2448 κάγὼ

2266 2474 2426 2541 ποιῶ,
2459 2475 2646 2543 κοινῆς
2673 2472 2842 2542 οῠσης
2874 2472 2975 2544 τῆς
3005 2471 3267 2542 ἐργασίας
3295 2511 3310 2533 ,
3340 2469 3412 2523 τὰ
3443 2469 3584 2522 αὐτὰ
3623 2469 3756 2540 ἐμοῦ
3794 2486 3855 2524 τε

2266 2567 2520 2622 κάκείνου
2568 2564 2943 2628 ἐπιτελοῦντος
2975 2579 2991 2597 ο
3032 2564 3127 2618 καὶ
3173 2563 3274 2616 οὐκ
3318 2558 3471 2616 εἶπεν
3522 2562 3730 2625 ἁπλῶς,
3766 2563 3853 2616 ὅτι

2270 2659 2462 2714 Ταῦτα
2491 2660 2589 2714 καὶ
2624 2661 2656 2712 d
2688 2658 2822 2722 Υἱὸς
2855 2656 3030 2720 ποιεῖ,
3061 2656 3204 2710 ὥστε
3235 2656 3309 2727 μὴ
3340 2657 3524 2710 δοκεῖν·
3547 2655 3859 2727 ὑπηρετού-

2269 2768 2428 2821 μενον
2481 2751 2539 2803 ἐν
2582 2751 2776 2812 αὐτοῖς.
2812 2747 3138 2820 ἐργάζεσθαι
3163 2791 3178 2814 ,
3208 2748 3344 2802 ἀλλὰ
3380 2747 3722 2819 προσέθηκεν
3769 2749 3856 2815 τὸ,

2265 2843 2483 2912 ὁμοίως
2508 2881 2521 2906 ,
2558 2841 2697 2895 ὥστε
2755 2839 2923 2906 δεῖξαι
2958 2840 3035 2903 ὡς
3077 2840 3137 2892 οὐ
3197 2839 3355 2910 μόνον
3389 2841 3544 2894 κοινὰ
3581 2840 3651 2893 τὰ
3697 2839 3858 2911 ἔργα.

2267 2934 2405 2989 ἀλλὰ
2439 2935 2532 2989 καὶ
2562 2935 2662 3004 τῆς
2691 2933 2958 3003 ἐργασίας
2984 2935 3011 2987 ὁ
3037 2934 3266 3003 τρόπος,
3296 2935 3392 2986 καὶ
3419 2935 3518 3004 τῆς
3549 2934 3862 3001 δυνάμεως,

2267 3031 2362 3084 καὶ
2389 3028 2484 3082 τοῦ
2520 3027 2860 3099 βουλήματος
2905 3028 3229 3098 ἠταυτότης
3248 3043 3262 3057 ο
3295 3025 3435 3079 ὥστε
3472 3027 3654 3091 καλῶς
3685 3026 3860 3096 ἔφησε

2268 3122 2331 3175 τὸ
2361 3121 2435 3192 μὴ
2476 3120 2739 3174 δύνασθαι
2770 3121 2864 3188 ἀφ’
2901 3119 3099 3176 ἑαυτοῦ
3131 3118 3300 3190 μηδὲν
3339 3121 3514 3172 ποιεῖν
3535 3136 3548 3150 ·
3592 3117 3721 3171 ἔνθα
3749 3118 3864 3189 γὰρ

2270 3214 2425 3268 κοινά
2457 3229 2517 3264 τε
2546 3212 2614 3266 τὰ
2655 3212 2952 3282 γινόμενα,
2990 3211 3086 3264 καὶ
3125 3210 3225 3281 τῆς
3266 3211 3530 3282 ἐργασίας
3563 3212 3594 3264 ὁ
3633 3210 3864 3282 τρόπος,

2270 3305 2386 3367 πῶς
2410 3303 2476 3358 ἂν
2499 3304 2722 3358 δυνατὸν
2737 3303 3065 3358 διασπᾶσθαι
3091 3303 3188 3373 τὴν
3224 3302 3419 3373 βουλὴν
3439 3304 3534 3357 καὶ
3556 3303 3655 3372 τὴν
3680 3302 3864 3373 πρόσ-

2270 3397 2418 3450 θεσιν
2471 3396 2565 3449 τοῦ
2609 3398 2939 3467 γινομένου;
2995 3396 3068 3448 Τὸ
3097 3395 3175 3460 δὲ,
3216 3397 3279 3447 '0
3318 3395 3524 3462 Πατὴρ
3557 3395 3725 3464 φιλεῖ
3755 3395 3870 3448 τὸν

2284 3488 2435 3554 ιὶὸν,
2469 3488 2568 3542 καὶ
2597 3487 2796 3540 πάντα
2821 3486 3139 3541 δείκνυσιν
3166 3485 3326 3552 αὐτῷ
3351 3524 3365 3547 ,
3392 3485 3566 3548 οὕτως
3595 3487 3870 3556 ἑρμηνευ-

2268 3580 2410 3633 τέον·
2448 3579 2780 3649 Ἐπειδήπερ
2817 3579 2846 3632 ό
2875 3577 3079 3647 Κύριος
3111 3576 3268 3647 ἡμῶν
3307 3576 3399 3630 καὶ
3429 3577 3616 3647 Σωτὴρ
3654 3575 3869 3647 Ἰησοῦς

2272 3670 2507 3742 Χριστὸς
2525 3709 2540 3733 ,
2575 3671 2604 3722 ὁ
2645 3670 2776 3735 Θεὸς
2803 3669 2878 3722 ὢν
2913 3670 3008 3723 καὶ
3035 3669 3350 3739 ἄνθρωπος,
3391 3670 3483 3722 καὶ
3511 3669 3589 3739 τῷ
3618 3669 3717 3739 μὲν
3742 3667 3870 3738 Θεῷ

2273 3763 2449 3818 πάντα
2470 3763 2679 3832 προσῆν
2697 3760 2979 3832 ἐμφύτως,
3003 3761 3082 3830 τῷ
3105 3761 3164 3814 δὲ
3191 3761 3287 3814 ἀνθ
3298 3760 3464 3831 ρώπῳ
3495 3761 3670 3814 πάντα
3689 3778 3867 3833 προσ-

2270 3856 2490 3925 εγένετο
2519 3855 2767 3926 ὕστερον,
2798 3853 2888 3907 διὰ
2926 3852 3029 3922 τῆς
3073 3852 3210 3922 πρὸς
3237 3852 3495 3924 ἐκεῖνο[ν]
3545 3853 3868 3923 συναφείας,

2270 3947 2496 4010 είκότως
2524 3945 2600 4009 ὡς
2631 3945 2916 4016 ἄνθρωπος
2945 3945 3073 4015 παρ’
3106 3942 3287 3996 αὐτῶν
3326 3942 3749 4012 ἐγκαλούμενος,
3781 3944 3871 3998 ὅτι

2274 4039 2605 4109 παραϐαίνει
2634 4038 2696 4091 τὸ
2729 4036 3006 4094 Σάϐϐατον
3031 4075 3047 4101 ,
3097 4035 3204 4089 ἀπὸ
3233 4036 3333 4106 τῆς
3371 4034 3466 4088 τοῦ
3499 4034 3635 4088 Θεοῦ
3687 4036 3869 4103 Λόγου

2274 4131 2652 4199 ἀξιοπιστίας,
2681 4131 2744 4185 τὸ
2777 4130 2852 4201 μὴ
2884 4127 3244 4200 παραϐαίνειν
3276 4127 3656 4181 ἀποδείκνυσιν
3677 4165 3692 4190 ,
3725 4125 3871 4191 ἐξεῖ-

2274 4243 2363 4280 ναι
2393 4225 2450 4279 δὲ
2494 4223 2643 4296 αὐτῷ
2691 4223 2870 4278 πάντα
2917 4223 3089 4274 ποιεῖν
3117 4219 3154 4275 ἃ
3187 4218 3254 4273 ἂν
3303 4219 3594 4290 βούληται·
3639 4219 3733 4272 καὶ
3776 4218 3872 4273 διὰ

2273 4318 2432 4372 τοῦτο
2487 4319 2588 4388 τῆς
2639 4316 2856 4385 φύσεως
2905 4315 3122 4385 ἐκείνης
3160 4313 3310 4381 λέγει
3365 4313 3426 4366 τὸ
3461 4314 3707 4385 ἀξίωμα’
3766 4311 3873 4383 τὴν

2289 4410 2558 4464 Ἰουδαίων
2591 4407 2801 4479 μέμψιν
2835 4406 3092 4478 ἀφορμὴν
3125 4405 3306 4460 λαϐὼν
3339 4406 3418 4469 είς
3442 4405 3503 4458 τὸ
3544 4404 3872 4476 παραδεῖξαι

572 4489 906 4588 τὴννοίκείαν
949 4513 1142 4583 φύσιν,
1189 4510 1310 4565 καθ’
1354 4511 1479 4564 ὅσον
1524 4507 1654 4577 ἐνῆν
1679 4544 1695 4570 ,
1743 4505 1830 4559 οἵα
1871 4505 1953 4568 τίς
1984 4507 2132 4557 ἐστιν
2157 4521 2169 4534 ·
2207 4503 2296 4558 διὰ
2319 4505 2476 4558 τοῦτο
2508 4489 2819 4566 ἀκολούθως
2851 4501 2944 4557 ἐπὶ
2975 4501 3037 4554 τὸ
3059 4500 3402 4572 ἀνθρώπινον
3424 4499 3673 4555 ἐντεῦθεν
3736 4497 3873 4571 μεθ-

577 4608 827 4671 ίσταται,
864 4605 1166 4674 ἐπειδήπερ
1211 4602 1307 4655 καὶ
1338 4598 1473 4652 πολὺ
1511 4597 1785 4669 ἀπᾴδοντα
1813 4591 1906 4647 τοῦ
1941 4591 2266 4664 φαινομένου
2300 4593 2371 4648 τὰ
2410 4593 2703 4663 λεγόμενα.
3610 4645 3614 4649 _

647 4691 816 4748 Vsus.
840 4693 930 4747 35.
965 4711 1036 4732 -'—-
1066 4692 1163 4745 Ille
1191 4687 1468 4759 siquidem
1501 4685 1662 4756 quasi
1710 4686 1955 4740 lucernae
1986 4682 2161 4737 vicem

2344 4685 2495 4756 Στίχ.
2538 4684 2631 4738 λε’.
2663 4713 2733 4724 --
2773 4682 2992 4754 Ἐπειδὴ
3027 4681 3104 4753 (5)
3149 4684 3356 4746 ἐκεῖνος
3413 4682 3512 4753 μέν
3559 4681 3746 4752 ὥσπερ
3773 4682 3872 4736 λύ-

574 4786 786 4849 obibat,
816 4783 998 4853 cujus,
1036 4784 1267 4837 absente
1299 4779 1448 4859 _sole,
1496 4779 1551 4832 in
1588 4776 1834 4832 tenebris
1873 4791 2011 4830 usus
2055 4781 2163 4829 est.

523 4933 528 4937 .
576 4878 727 4936 0rt0’
745 4885 929 4933 autem
965 4875 1114 4938 sole,
1161 4872 1444 4942 superﬂua
1479 4878 1600 4934 est,
1634 4885 1736 4925 nec
1768 4869 1835 4922 ad
1861 4866 2166 4938 quidquam

575 4969 833 5046 prodest.

651 5062 819 5118 Vsus.
845 5059 933 5113 45.
967 5087 1036 5098 -
1071 5055 1194 5127 Ego
1224 5053 1446 5127 quidem
1472 5094 1486 5114 ,
1539 5053 1760 5122 inquit,
1794 5067 1920 5106 cum
1968 5066 2067 5107 vos
2096 5049 2164 5104 ad

578 5155 750 5214 Deum
786 5151 1054 5208 adducam
1077 5191 1091 5216 ,
1125 5147 1266 5204 nihil
1298 5147 1353 5201 in
1395 5147 1497 5201 hac
1537 5145 1647 5200 vita
1680 5143 1958 5214 magniﬁci
2001 5144 2163 5214 polli-

580 5247 783 5311 cendo,
835 5242 1109 5298 doctrina:
1162 5252 1299 5294 mea:
1329 5235 1713 5293 diilieultatem
1751 5234 2162 5305 sublert‘ugitis.

577 5340 675 5396 llle
713 5352 886 5401 vero,
925 5349 1052 5390 cum
1081 5347 1302 5389 omnem
1347 5345 1505 5388 suam
1544 5330 1598 5384 in
1637 5328 1894 5399 praesenti
1930 5326 2165 5398 gloriam

579 5437 842 5497 ostentet,
903 5428 1204 5499 plurimam
1248 5426 1304 5480 in
1359 5439 1418 5481 se
1460 5420 1814 5480 credentibus
1863 5417 2164 5477 stabilitam

651 5629 728 5768 Et;
759 5628 926 5708 (Iord.
961 5636 1078 5708 .cat.
1111 5643 1165 5697 p.
1203 5625 1326 5681 148.

674 5697 709 5750 Ξ
767 5696 1037 5768 blartbid.

674 5696 728 5752 at
767 5696 870 5749 Mai
904 5697 1037 5752 ibid.

655 5765 732 5839 (ὃ)
754 5765 920 5822 Cord.
947 5774 1054 5820 cat.
1080 5781 1134 5837 p.
1167 5765 1290 5821 164.

2266 4793 2393 4848 χνου
2427 4776 2582 4842 τάξιν
2619 4779 2856 4846 ἐπεῖχεν,
2880 4776 2939 4839 ὃς
2967 4775 3028 4828 οὐ
3053 4777 3319 4848 παρόντος
3347 4775 3442 4828 τοῦ
3471 4775 3623 4847 ἡλίου
3655 4778 3766 4840 τοῖς
3807 4777 3870 4830 ἐν

2267 4867 2444 4938 σκότῳ
2499 4866 2598 4936 τὴν
2657 4867 2846 4937 χρείαν
2912 4865 3230 4936 παρέχεται.
3290 4865 3745 4936 Παραγενομένου
3808 4865 3872 4919 δὲ

2265 4959 2477 5012 ἐκείνου
2506 4957 2760 5030 περιττός
2791 4961 2928 5022 ἐστι,
2962 4957 3128 5028 μηδὲν
3164 4956 3624 5027 συμϐαλλόμενος.

2345 5050 2490 5121 Στίχ.
2523 5057 2631 5121 μγ’.
2653 5049 2882 5118 -Ἐγὼ
2915 5050 3014 5113 μὲν
3048 5048 3147 5118 (4),
3181 5048 3364 5118 φησὶν,
3397 5049 3697 5121 ἐπειδήπερ
3723 5049 3874 5119 ὑμᾶς

2276 5140 2410 5210 πρὸς
2437 5140 2530 5192 τὸν
2555 5139 2688 5193 Θεὸν
2721 5139 2929 5221 ανάγω,
2955 5139 3104 5192 οὐδὲν
3145 5141 3202 5192 ἐν
3249 5137 3328 5208 τῷ
3368 5137 3466 5209 βίῳ
3505 5139 3873 5210 περίϐλεπτον

2274 5233 2405 5300 ὑμῖν
2436 5230 2927 5299 ἐπαγγελλόμενος,
2961 5226 3298 5296 ἀποφεύγετε
3347 5227 3456 5280 τῶν
3492 5230 3616 5298 παρ’
3640 5229 3758 5298 ἐμοῖ
3787 5227 3872 5298 (5)

2275 5322 2583 5392 λεγομένων
2612 5321 2712 5391 τὴν
2742 5319 3026 5373 δυσκολίαν
3055 5319 3152 5390 (6).
3193 5318 3429 5382 Ἐκεῖνος
3461 5319 3538 5385 δὲ,
3569 5319 3873 5392 ἐπειδήπερ

2275 5417 2332 5468 ἐν
2366 5414 2442 5486 τῷ
2475 5414 2574 5485 βίῳ
2606 5413 2782 5484 τούτῳ
2809 5413 2908 5484 τὴν
2931 5414 3112 5467 πᾶσαν
3161 5412 3540 5478 ἐαυτοῦ-δόξαν
3566 5413 3874 5468 ἐπιδείκνυο

2353 5613 2430 5686 (1)
2463 5576 2774 5686 ροτιίιοιιι.
2805 5629 2863 5686 ι).
2905 5611 3024 5686 168.

2357 5683 2436 5758 (5)
2472 5683 2591 5758 gat.
2623 5683 2868 5758 Crameri
2912 5701 2972 5758 rp.
3005 5683 3134 5750 240,
3171 5701 3231 5739 π.
3264 5683 3423 5758 ἐμοῦ.

2359 5754 2434 5828 (6)
2464 5755 2648 5812 Cram.
2680 5754 3044 5810 διδασκαλίαν,
