4162 6466
340 374 467 430 ’ῖίὸ

341 584 543 639 ἄνεσίν
574 601 633 637 τε
661 584 1116 657 καὶδορυιρορίαν
1145 586 1221 657 (ι)
1249 586 1714 657 ἐπαγγελλόμενος
1732 628 1745 651 ,
1776 585 1965 640 ἐπιθυ-

346 676 461 750 μίᾳ
489 676 593 747 τῆς
625 676 912 749 παρούσης
940 677 1096 748 δόξης
1134 678 1220 730 ἐπ’
1250 678 1413 732 αὐτὸν
1446 677 1852 750 συνδραμείσοε.

973 793 1229 846 ΚΕΦΑΛ.
1268 796 1359 861 ς’.

431 872 586 957 Στίχ.
626 892 698 955 γ’.
746 916 819 925 -
853 884 1109 957 Ἀνῆλθεν
1158 886 1237 956 (2)
1282 889 1363 949 εἰς
1415 886 1477 939 τὸ
1531 885 1656 955 ὅρος
1701 884 1965 938 διδάσκων

341 979 528 1050 ἡμᾶς,
561 979 644 1032 ὅτι
667 977 760 1031 τὸν
788 978 1021 1049 μάλιστα
1043 976 1166 1049 Θεῷ
1195 978 1490 1050 προσιόντα
1512 978 1693 1047 πάσης
1722 976 1967 1047 ἀπηλλά-

341 1070 482 1136 χθαι
510 1070 594 1123 δεῖ
619 1070 869 1141 ταραχῆς
897 1071 990 1124 καὶ
1014 1070 1209 1143 καιρὸν
1235 1071 1330 1124 καὶ
1355 1070 1519 1124 τόπον
1541 1067 1769 1141 θορύϐου
1798 1067 1967 1122 καθα-

345 1160 450 1233 ρδν
478 1161 688 1231 ζητεῖν.

423 1254 583 1325 Στίχ.
615 1260 675 1307 ε’.
712 1283 784 1294 -
816 1253 946 1318 Πῶς
968 1253 1069 1307 ούκ
1099 1254 1176 1323 (5)
1204 1252 1486 1308 ἀναϐαίνει
1513 1254 1594 1315 είς
1620 1252 1720 1325 τὴν
1745 1250 1963 1324 ἑορτὴν,

342 1348 495 1401 ἀλλὰ
527 1348 753 1401 πάντων
780 1347 1156 1417 ἐπειγομένων
1191 1348 1272 1410 εἰς
1300 1345 1369 1400 τὰ
1408 1345 1775 1418 Ἰεροσόλυμα,
1803 1344 1965 1409 αὐτὸς

343 1442 434 1504 εἰς
462 1441 567 1513 τὴν
597 1439 893 1493 Γαλιλαίαν
916 1439 1138 1510 ἔρχεται
1164 1456 1179 1505 ;
1214 1438 1401 1493 λοιπὸν
1428 1439 1729 1503 ὑπεξέλυσε
1759 1438 1852 1491 τὸν
1882 1439 1968 1492 νό·

345 1547 457 1602 μον
486 1571 501 1595 ,
536 1531 796 1602 ἀφορμὴν
829 1530 1123 1601 λαμϐάνων
1179 1529 1288 1582 ἀπὸ
1317 1528 1418 1599 τῆς
1464 1524 1770 1597 Ἰουδαϊκῆς
1798 1546 1965 1598 πονη-

343 1625 480 1697 ρίας
499 1641 514 1654 ο
547 1622 981 1694 ἐπισημαίνεται
1013 1623 1071 1676 δὲ
1109 1624 1137 1676 ό
1164 1620 1558 1693 εὐαγγελιστὴς
1581 1620 1702 1674 καθ’
1725 1620 1783 1673 ὃν
1815 1621 1967 1691 ἔμελ-

339 1717 440 1770 λεν
467 1716 534 1769 τὸ
565 1717 794 1787 σημεῖον
836 1718 1011 1769 ποιεῖν
1035 1756 1050 1781 ,
1083 1714 1160 1779 ὡς
1189 1713 1256 1767 ἂν
1304 1714 1594 1783 φαίνεσθαι
1644 1714 1817 1770 ταῦτα
1857 1715 1966 1786 πρὸ

341 1808 538 1878 ὀλίγου
562 1809 663 1879 τῆς
689 1808 888 1879 ἑορτῆς
928 1806 1260 1880 γεγενῆσθαί
1300 1825 1360 1861 τε
1410 1807 1506 1861 καὶ
1561 1806 1795 1877 ᾑρῆσθαι
1832 1807 1869 1862 δι
1896 1806 1966 1860 δι-

339 1901 614 1972 ηγεῖσθαι
667 1899 876 1971 μέλλει.
918 1899 1032 1955 Καὶ
1064 1898 1427 1968 ἀναϐλέψας
1477 1900 1603 1964 τοῖς
1636 1898 1969 1967 ὀφθαλμοῖς

268 2000 276 2009 '
340 1993 463 2064 ὁρᾷ
509 1994 705 2064 ὄχλον
760 1993 997 2048 πολύν·
1025 1992 1301 2047 δείκνυσιν
1352 1993 1436 2045 ὄτι
1468 1992 1729 2046 οὐδέποτε
1780 1992 1968 2055 ἁπλῶς

341 2087 595 2159 ἐκάθητο
627 2084 770 2156 μετὰ
802 2085 912 2139 τῶν
948 2084 1229 2157 μαθητῶν,
1267 2083 1383 2138 ἀλλ’
1417 2086 1548 2146 ἴσως
1572 2083 1965 2154 ἀκριϐολογού-

345 2182 521 2253 μενός
555 2199 611 2234 τι
645 2180 785 2253 πρὸς
810 2181 1008 2245 αὐτοὺς
1032 2222 1046 2247 ,
1078 2180 1173 2233 καὶ
1203 2177 1555 2251 ἐπιστρέφων
1591 2179 1726 2250 πρὸς
1755 2178 1967 2242 ἑαυτὸν,

340 2274 371 2329 δ
405 2275 654 2348 μάλιστα
700 2273 868 2328 αὐτοῦ
907 2273 1007 2344 τὴν
1056 2271 1390 2343 κηδεμονίαν
1461 2273 1837 2338 ἐνδείκνυται,
1880 2273 1973 2325 καὶ

341 2371 406 2424 τὸ
437 2368 703 2423 ταπεινὸν
725 2368 821 2421 καὶ
844 2367 906 2422 τὸ
940 2364 1418 2437 συγκαταϐατικὸν
1448 2366 1508 2419 τὸ
1540 2366 1677 2437 πρὸς
1702 2366 1967 2431 ἐκείνους·

345 2462 738 2534 συνεκάθηντο
772 2461 883 2534 γὰρ
913 2461 1052 2534 πρὸς
1084 2461 1352 2534 ἀλλήλους
1379 2460 1615 2533 ὁρῶντες
1638 2477 1651 2491 ·
1685 2456 1803 2515 εἶτα
1835 2463 1970 2516 άνα-

341 2556 558 2626 ϐλέψας
593 2556 699 2626 ὁρᾷ
724 2555 816 2609 τὸν
845 2554 1026 2626 ὄχλον,
1064 2555 1161 2609 καὶ
1192 2554 1260 2608 τὰ
1297 2554 1444 2625 ἑξῆς.

426 2647 586 2718 Στίχ.
622 2651 699 2711 ς’.
739 2645 900 2699 -Εί
940 2644 998 2699 δὲ
1036 2644 1138 2716 (3’)
1178 2643 1316 2714 πρὸς
1344 2642 1440 2696 ἕνα
1478 2643 1659 2714 λέγειν
1696 2647 1725 2698 ό
1768 2645 1975 2720 Κύριος

342 2738 679 2803 ὲδόκει,ὰλλ“
697 2733 792 2793 οὖν
816 2755 882 2807 γε
910 2738 1087 2792 κοινδν
1106 2736 1244 2809 ὑπὲρ
1268 2737 1365 2807 τῆς
1380 2737 1637 2791 ἁπάντων
1666 2738 1856 2810 χρείας
1885 2739 1977 2794 τὸν

338 2833 516 2901 ’λόγον
535 2832 798 2885 ἐποιεῖτο.
821 2829 1014 2899 Ὅμως
1038 2831 1066 2881 ὁ
1092 2828 1487 2901 εὐαγγελιστὴς
1533 2830 1853 2901 ἑρμηνεύων
1883 2833 1977 2885 καὶ

341 2927 454 2994 τῆς
490 2924 819 2995 ἐρωτήσεως
862 2922 955 2975 τὸν
986 2922 1187 2993 τρόπον
1222 2921 1419 2992 ἐπάγει
1441 2939 1454 2953 ’
1490 2924 1674 2978 Τοῦτο
1708 2924 1776 2977 δὲ
1807 2926 1979 2990 ἔλεγε

344 3016 649 3087 πειράζων
682 3016 873 3071 αὑτὸν
894 3055 909 3079 ,
951 3016 1073 3069 ἀντὶ
1122 3015 1239 3082 τοῦ,
1270 3014 1604 3086 δοκιμάζων,
1636 3018 1805 3071 εἰπὼν
1828 3059 1844 3083 ,
1891 3020 1979 3074 ἵνα

345 3112 515 3181 εἴπῃ,
556 3108 788 3178 δόκιμον
832 3107 1025 3161 ποιῶν.
1059 3107 1134 3160 Τὸ
1181 3108 1292 3179 γὰρ
1328 3108 1656 3179 διαπορῆσαι
1710 3111 1978 3181 πρότερον

1534 374 1601 451 lN
1642 374 2094 431 EVANGELIUM
2136 375 2438 434 JOANNlS.

338 509 445 547 ται
470 491 675 562 πολλὴν
703 490 801 564 τὴν
842 491 1073 546 ἐνταῦθα
1118 495 1230 558 τοῖς
1280 495 1365 547 ἐπ’
1411 494 1574 547 αὐτὸν
1617 494 1961 548 πιστεύουσιν

2080 495 2332 551 satellitio
2420 496 2777 551 securitatem
2862 495 3280 567 promittendo,

3554 372 3658 427 716

3368 496 3662 566 praesentis

2068 589 2259 658 gloriae
2309 589 2615 661 cupiditate
2666 592 2890 656 allecti,
2937 594 3003 648 ad
3052 592 3234 664 ipsum
3286 605 3483 646 omnes
3526 604 3662 644 ωηο

2070 682 2313 753 fugietis.

2710 796 2863 854 CAP.
2888 797 2978 852 Vl.

2140 886 2309 943 Vrsas.
2337 889 2389 943 5.
2424 919 2495 929 ——
2522 889 2791 945 Ascendit
2818 891 2872 943 in
2898 896 3163 954 montem,
3191 895 3253 943 ut
3285 902 3386 945 nos
3410 888 3661 955 doceret,

2067 993 2195 1033 eum
2232 979 2328 1049 qui
2369 978 2480 1034 Deo
2509 980 2747 1035 maxime
2783 979 3233 1051 appropinquare
3268 980 3422 1042 velit,
3458 979 3666 1034 tumul-

2070 1079 2187 1127 tum
2222 1086 2443 1128 omnem
2496 1073 2741 1138 evitare,
2789 1087 2852 1127 ac
2900 1072 3087 1125 locum
3141 1080 3468 1140 tempusque
3498 1069 3567 1124 ab
3599 1084 3668 1124 eo

2070 1164 2309 1220 liberum
2339 1180 2589 1234 quaerere
2618 1167 2843 1222 debere.

2145 1257 2313 1314 Vens.
2342 1259 2393 1313 5.
2423 1289 2495 1298 —
2534 1257 2716 1324 Quare
2735 1273 2844 1313 non
2883 1257 3135 1313 ascendit
3168 1254 3237 1309 ad
3271 1254 3493 1319 festum,
3548 1253 3668 1315 sed,

2070 1366 2195 1406 cum
2223 1367 2416 1408 omnes
2437 1350 2745 1408 Jerusalem
2772 1357 3135 1414 concurrunt,
3168 1349 3286 1419 ipse
3313 1348 3366 1402 in
3392 1346 3669 1402 Galilaeam

2068 1437 2263 1493 vadit?
2328 1437 2448 1495 Uno
2503 1441 2674 1497 verbo
2725 1442 2900 1511 legem
2954 1439 3226 1503 dissolvit,
3281 1454 3348 1493 ex
3404 1437 3676 1508 pravitate

2068 1528 2299 1587 Judaica
2352 1533 2705 1589 occasionem
2740 1534 2991 1603 capiens.
3024 1530 3269 1602 Tempus
3300 1538 3486 1585 autem
3525 1530 3674 1585 desi—

2068 1633 2201 1693 gnat
2242 1626 2581 1697 evangelista
2621 1642 2732 1697 quo
2782 1625 3113 1681 miraculum
3156 1631 3476 1695 patraturus
3533 1632 3670 1687 erat,

2070 1721 2133 1769 ut
2161 1724 2351 1770 notum
2382 1725 2535 1772 esset
2569 1718 2734 1788 paulo
2761 1728 2888 1773 ante
2918 1716 3123 1775 festum
3154 1726 3433 1790 patratum
3478 1717 3670 1782 fuisse,

2074 1806 2348 1879 ﬁdemque
2395 1808 2607 1866 faceret
2659 1809 2932 1865 dicendis.
2996 1809 3129 1868 Cum
3178 1810 3507 1865 sublct'asset
3551 1827 3675 1881 ergo

2073 1900 2254 1955 oculos
2285 1901 2463 1967 Iesus,
2482 1912 2532 1957 et
2565 1902 2783 1958 vidisset
2817 1904 2941 1974 quia
2986 1902 3277 1958 multitudo
3327 1903 3569 1958 "taminia
3599 1919 3679 1956 re-

2075 1992 2281 2047 uinex
2314 1994 2400 2049 his
2440 2011 2724 2066 nunquam
2794 1999 2974 2052 otiose
3030 2011 3156 2051 cum
3219 1997 3511 2067 discipulis
3557 1998 3676 2049 suis

2075 2084 2291 2141 sedisse
2344 2088 2607 2155 ostendit,
2642 2090 2740 2145 sed
2780 2104 2999 2161 semper
3066 2090 3134 2144 de
3181 2090 3367 2161 aliquo
3418 2099 3677 2143 aecumte

2076 2178 2221 2248 apud
2258 2178 2383 2235 illos
2414 2181 2806 2247 disserentem,
2850 2182 3320 2252 sernetipsutnque
3354 2182 3678 2252 recolliget:-

2078 2277 2209 2336 tem,
2242 2272 2615 2330 humilitatem
2658 2284 2823 2347 atque
2850 2275 2920 2330 ad
2969 2277 3093 2331 illos
3140 2275 3467 2331 descensum
3504 2275 3677 2326 inira.-

2077 2366 2263 2422 biliter
2295 2367 2582 2438 probasse.
2628 2369 2908 2424 Sedebant
2958 2384 3092 2440 ergo
3120 2368 3287 2424 simul
3317 2367 3677 2437 aspicientes;

2078 2457 2279 2515 deinde
2313 2476 2437 2516 cum
2475 2461 2822 2518 sublevasset
2883 2460 3079 2516 oculos
3133 2460 3282 2515 videt
3317 2458 3561 2523 turbant,
3625 2466 3681 2512 et

2078 2553 2315 2624 reliqua.

2152 2646 2316 2703 Vsus.
2351 2647 2404 2703 6.
2439 2647 2646 2705 -—Etsi
2675 2648 2768 2704 uni
2806 2655 3015 2704 tantum
3048 2647 3197 2718 loqui
3232 2644 3502 2700 Dominus
3534 2643 3680 2698 video

2079 2750 2253 2805 retur,
2302 2744 2680 2809 communemf
2715 2750 2901 2797 tamen
2961 2741 3029 2797 de
3076 2740 3324 2796 omnium
3376 2736 3684 2807 indigentia

2083 2849 2395 2890 sermonem
2433 2835 2701 2889 instituit.
2742 2832 3207 2905 lnterrogationis
3237 2840 3420 2884 autem
3458 2829 3685 2884 modum

2083 2928 2250 2983 simul
2282 2927 2569 2997 explicans
2598 2927 2962 2997 evangelista,
2998 2923 3320 2993 subiungit:
3359 2920 3477 2976 Hoc
3508 2930 3686 2974 autem

2083 3018 2290 3074 dicebat
2323 3028 2533 3074 tentans
2584 3035 2702 3073 eum
2730 3058 2744 3082 ,
2783 3018 2835 3072 id
2864 3028 2949 3073 est
3005 3018 3281 3086 probans,
3317 3029 3381 3067 ac
3417 3015 3464 3070 si
3515 3012 3685 3073 dicat.

2087 3111 2377 3182 probatutn
2447 3110 2711 3167 reddens.
2796 3108 2937 3163 Nam
3011 3124 3137 3164 cum
3212 3107 3452 3177 primum
3520 3109 3688 3159 animi

345 3206 566 3257 ἐκεῖνον
600 3202 689 3256 διὰ
725 3199 825 3273 τὴν
863 3200 1093 3268 ἔνδειαν,
1124 3198 1245 3255 εἶτα
1274 3203 1338 3255 ὲκ
1369 3202 1677 3273 παραδόξου
1711 3203 1964 3277 θεωρῆσα

2096 3203 2396 3273 penderet,
2456 3218 2520 3257 ac
2550 3202 2753 3258 deinde
2795 3199 2947 3271 quod
2985 3199 3272 3269 inopinato
3313 3198 3478 3251 (lebat
3520 3196 3692 3250 mira-

276 3284 279 3285 ν
343 3298 411 3350 τὸ
450 3296 741 3365 γινόμενον
774 3292 984 3365 θαῦμα,
1010 3294 1294 3348 ἐδίδασκεν
1335 3293 1497 3346 αὐτὸν
1548 3295 1634 3346 ἀεὶ
1660 3294 1738 3365 τῷ
1767 3296 1887 3368 Θεῷ
1921 3300 1985 3353 τὸ

347 3392 469 3444 πᾶν
496 3388 840 3460 ἐπιτρέπειν,
865 3386 960 3441 καὶ
1007 3386 1281 3457 μηδέποτε
1322 3386 1428 3439 ὑπὸ
1473 3386 1684 3450 ἐνδείας
1720 3405 1983 3461 στενοχω-

353 3483 580 3559 ρεῖσθαι
609 3483 704 3536 τὸν
738 3481 1025 3551 λογισμόν.

424 3575 581 3646 Στίχ.
611 3573 678 3630 θ’.
710 3604 783 3616 -
810 3574 999 3628 Ταῦτα
1034 3574 1222 3646 μέντοι
1255 3576 1331 3647 (4)
1360 3576 1489 3646 ἔφη,
1521 3575 1598 3638 ὡς
1635 3577 1709 3648 μὴ
1757 3578 1844 3632 διὰ
1882 3579 1982 3650 τὴν

346 3669 567 3724 οἰκείαν
593 3666 788 3740 χρείαν
819 3666 1273 3736 ἀποκρύπτεσῡαί
1305 3681 1354 3722 τι
1378 3668 1485 3722 τῶν
1515 3668 1744 3722 ἐνόντων
1774 3670 1977 3743 δοκοίη.

349 3761 483 3814 Ὅτι
521 3758 624 3828 μὲν
655 3757 766 3828 γὰρ
797 3756 957 3811 τοῦτο
987 3757 1063 3829 (5)
1099 3758 1268 3830 μηδὲν
1298 3754 1367 3827 ἦν
1400 3758 1537 3830 πρὸς
1577 3760 1801 3813 τοσοῦτο
1843 3761 1982 3831 πλῆ-

346 3852 469 3914 θος,
511 3850 677 3914 αὐτός
716 3867 777 3902 τε
817 3849 922 3920 ἔφη
965 3849 1149 3903 καὶτὸ
1180 3853 1417 3922 πρᾶγμα
1464 3853 1563 3923 οὐχ
1610 3852 1809 3923 ἑτέρως
1842 3854 1977 3924 ἔχει.

420 3941 575 4012 Στίχ.
609 3946 694 4012 ιβ’.
730 3972 800 3981 —
824 3941 1204 4011 Συναγάγετε
1237 3943 1314 4014 (6)
1359 3944 1432 3997 τὰ
1482 3948 1981 4013 περισσεύσαντα

344 4036 733 4107 κλάσματα..
763 4034 936 4090 Τοῦτο
979 4036 1076 4105 μὲν
1107 4036 1287 4105 λέγειν
1326 4035 1483 4101 δόξας
1519 4039 1600 4101 εἰς
1640 4038 1701 4090 τὸ
1739 4040 1978 4109 εὐπροσ-

342 4127 521 4192 ὡπως
576 4128 764 4190 αὐτοῖς
812 4126 1067 4179 κελεῦσαι
1115 4127 1211 4196 τὴν
1266 4126 1375 4181 τῶν
1426 4126 1760 4198 κλασμάτων
1817 4130 1975 4200 ποιή-

349 4220 560 4276 σασθαι
597 4218 890 4289 συλλογὴν,
923 4220 1102 4272 ἐκεῖνο
1148 4218 1206 4272 δὲ
1252 4218 1708 4290 οἱκονομούμενος
1744 4221 1883 4292 ὅπερ
1916 4221 1974 4289 ἐξ

345 4311 523 4367 αὐτοῦ
576 4310 982 4382 παρηκολούθει
1032 4310 1127 4364 τοῦ
1173 4311 1525 4383 πράγματος,
1567 4310 1629 4364 τὸ
1664 4311 1758 4364 ἐπὶ
1811 4312 1975 4365 πλέον

344 4404 732 4469 ἀπολαύοντας
758 4404 963 4475 μᾶλλον
985 4403 1080 4456 τοῦ
1104 4405 1386 4473 γεγονότος
1421 4403 1729 4476 μεμνῆσθαι
1761 4403 1863 4458 Οαύ
1871 4422 1974 4475 μα-

342 4517 465 4563 τος,
499 4498 535 4569 ἢ
577 4499 671 4551 καὶ
711 4492 853 4550 ὥστέ
902 4497 1123 4567 δοθῆναι
1167 4498 1259 4550 καὶ
1302 4497 1512 4568 ἑτέροις
1542 4497 1620 4567 (7)
1651 4497 1710 4551 τὸ
1740 4514 1971 4569 γεγενη-

2092 3298 2279 3351 culum
2328 3297 2572 3361 videret,
2625 3296 2859 3351 edoctus
2914 3293 3021 3349 fuit
3079 3300 3257 3348 totum
3310 3291 3421 3347 Deo
3474 3307 3692 3362 semper

2087 3388 2589 3454 committendum,
2644 3404 2750 3444 nec
2800 3402 3051 3459 unquam
3109 3394 3338 3459 propter
3397 3386 3691 3456 penuriam

2087 3484 2276 3536 animo
2306 3482 2680 3538 delleiendum
2710 3496 2856 3537 esse.

2159 3571 2328 3628 Vens.
2355 3573 2409 3627 9.
2439 3602 2510 3613 --
2534 3572 2662 3627 llaec
2693 3573 2887 3643 utique
2908 3571 3072 3633 dixit,
3100 3588 3168 3627 ne
3198 3586 3343 3638 eam,
3372 3573 3424 3625 in
3451 3588 3557 3641 qua
3602 3587 3690 3625 re-

2088 3668 2205 3737 ipsa
2236 3668 2635 3731 versabantur,
2669 3667 2964 3738 penuriam
2997 3667 3184 3721 celare
3215 3665 3519 3721 videretur.
3557 3664 3692 3717 Nam

2090 3761 2195 3816 ista
2230 3770 2398 3816 tantae
2430 3759 2774 3815 multitudini
2832 3758 2996 3830 quasi
3049 3758 3191 3812 nihil
3255 3772 3422 3822 esse,
3478 3768 3532 3812 et
3567 3773 3695 3811 vere

2088 3853 2253 3917 dixit,
2286 3871 2389 3910 nec
2424 3855 2586 3910 aliter
2612 3870 2704 3910 res
2731 3869 2792 3909 se
2820 3853 3085 3908 habebat.

2160 3944 2333 4003 Vsus.
2384 3946 2468 4002 l2.
2525 3975 2598 3985 —
2648 3944 2903 4015 Colligite
2938 3959 3057 4015 qua:
3098 3950 3482 4012 superaverunt
3546 3942 3695 4013 frag-

2089 4051 2289 4095 menta.
2344 4038 2460 4093 lloc
2495 4035 2718 4107 quidem
2757 4036 2945 4091 dicere
2988 4034 3143 4091 visus
3190 4044 3307 4103 est,
3341 4043 3400 4089 ut
3435 4034 3699 4089 benevole

2093 4133 2220 4187 illos
2258 4130 2568 4199 fragmenta
2612 4128 2877 4200 colligere
2907 4127 3170 4198 iuberet;
3209 4143 3337 4205 rem_
3357 4141 3491 4181 vero
3522 4133 3696 4179 totam

2092 4226 2167 4280 ita
2200 4222 2570 4293 dispensavit,
2614 4228 2675 4275 ut
2703 4236 2816 4291 quo
2862 4221 3050 4289 plures
3079 4219 3366 4289 copiosius
3403 4216 3698 4272 reficeren-

2093 4326 2202 4381 tur,
2236 4329 2303 4369 eo
2334 4314 2511 4384 magis
2541 4312 2683 4366 tanti
2730 4312 2986 4366 miraculi
3037 4322 3313 4365 memores
3358 4311 3543 4364 forent
3568 4350 3582 4373 ,
3616 4309 3700 4362 vel

2078 4417 2141 4464 ut
2186 4408 2355 4463 etiam
2410 4406 2504 4460 alii
2559 4405 2682 4474 ejus
2742 4404 2874 4458 facti
2928 4403 3229 4473 participes
3291 4402 3676 4457 redderentur.

2076 4499 2286 4555 Gratiae
2311 4497 2585 4568 siquidem
2614 4499 2843 4553 ubertas
2869 4497 2926 4551 in
2958 4497 3052 4550 illa
3085 4496 3336 4550 ciborum
3368 4494 3681 4549 redundan-

346 4592 540 4664 μένον.
580 4590 877 4660 Ἐφαίνετο,
900 4588 1010 4659 γὰρ
1041 4589 1136 4643 καὶ
1172 4590 1235 4643 τὸ
1270 4588 1494 4659 δαψιλὲς
1524 4592 1624 4661 τῆς
1652 4591 1875 4663 χάριτος
1916 4593 1973 4644 ὲν

2081 4593 2192 4654 tia,
2227 4588 2570 4645 multitudini
2616 4587 2952 4660 apparebat,
2989 4585 3389 4655 Christumque
3419 4584 3688 4655 quidlibet

342 4684 429 4756 τῷ
479 4683 677 4754 πλήθει
714 4686 816 4753 τῆς
866 4682 1190 4754 περισσείας
1238 4682 1335 4735 καὶ
1381 4682 1465 4736 ὅτι
1509 4683 1691 4737 πάντα
1728 4683 1868 4737 κατὰ
1914 4683 1977 4747 τὸ

343 4776 550 4833 δοκοῦν
578 4775 729 4847 αὐτῷ
755 4775 1171 4847 διαπράττεται.
1216 4774 1574 4847 Συνεχώρησε
1600 4775 1657 4829 δὲ
1687 4774 1982 4847 περισσεῦ-

347 4887 449 4924 σαι
478 4868 722 4923 τοσαῦτα
752 4870 1049 4941 κλάσματα
1091 4870 1153 4922 ού
1198 4869 1268 4922 δι’
1297 4868 1579 4936 ἐπίδειξιν.
1624 4868 1830 4938 ἄπαγε,
1862 4868 1980 4924 ἀλλ’

344 4962 498 5016 ὥστε
538 4962 614 5033 μὴ
642 4962 947 5032 φαντασίαν
975 4961 1300 5033 νομισθῆναι
1336 4961 1398 5015 τὸ
1420 4963 1674 5032 πρᾶγμα.

424 5053 583 5123 Στίχ.
620 5054 725 5108 κο’.
752 5084 823 5095 —
844 5054 1015 5107 Τοῦτό
1045 5052 1124 5124 (8)
1152 5069 1319 5122 φησιν
1359 5054 1388 5105 ὁ
1429 5050 1636 5123 Κύριος
1667 5053 1865 5115 συνεὶς,
1898 5053 1981 5105 δτι

347 5147 618 5201 πλεῖστον
674 5148 873 5202 αὐτῶνθ
902 5147 1223 5220 ὑπερϐαίνει
1269 5145 1368 5217 τὴν
1401 5145 1571 5216 ἀκοὴν
1624 5148 1652 5199 ὁ
1704 5146 1833 5216 περὶ
1880 5144 1975 5198 τοῦ

351 5240 671 5312 μυστηρίου
710 5240 903 5309 λόγος·
949 5239 1110 5294 τοῦτο
1168 5238 1280 5310 γὰρ
1319 5234 1387 5310 ἦν
1422 5238 1497 5308 (9)
1545 5239 1578 5308 ἡ
1635 5238 1979 5307 πνευματικὴ

345 5335 561 5406 τροφή.
610 5334 727 5387 Ούκ
763 5333 928 5397 εὐθὺς
974 5329 1068 5388 οὖν
1116 5330 1394 5403 ἐπιτρέχει
1434 5332 1500 5400 τῇ
1552 5329 1825 5400 διηγήσει,
1865 5329 1979 5381 ἁλλ’

347 5424 465 5496 ὁδῷ
495 5426 766 5497 κέχρηται
794 5428 862 5497 τῇ
890 5424 1180 5497 πρεπούσῃ
1225 5421 1364 5492 πρὸς
1415 5421 1507 5474 τὸν
1556 5420 1733 5488 λόγον.
1773 5419 1837 5473 Ἡ
1872 5419 1980 5491 γὰρ

436 5608 515 5679 (l)
553 5605 1141 5679 ῼτίιηιηδωροφορίαν.

436 5676 516 5749 (2)
548 5676 715 5749 Cord.
750 5676 955 5749 cat.'p.i
986 5678 1110 5749 171.

438 5748 518 5815 ('5)
546 5748 650 5802 Mai
679 5749 814 5805 ibid.
858 5765 911 5818 p.
944 5748 1071 5803 599.

440 5820 546 5889 (δ’)
576 5819 738 5875 Cord.
772 5828 878 5873 cat.
912 5836 964 5890 p.
1004 5820 1129 5875 172.

443 5891 522 5965 φ)
551 5890 719 5947 Cord.
746 5898 858 5945 cat.
903 5905 954 5960 p.
991 5890 1118 5945 174.

703 5986 980 6048 ΡΛτιιοι..
1022 5985 1143 6048 Gn.
1196 5985 1419 6047 LXVI.

2084 4698 2188 4757 pro
2226 4685 2433 4755 placito
2471 4696 2689 4754 gerere.
2725 4679 2831 4736 Tot
2871 4678 3186 4751 fragmenta
3239 4693 3534 4749 superesse
3567 4694 3691 4745 per-

2086 4777 2241 4832 misit
2271 4817 2286 4842 ,
2335 4790 2445 4829 non
2488 4782 2714 4844 propter
2757 4770 3195 4827 ostentationem
3223 4811 3238 4833 ,
3269 4768 3458 4833 absit,
3492 4767 3588 4823 sed
3625 4785 3694 4821 ne

2086 4868 2211 4938 quis
2239 4875 2458 4938 putaret
2485 4880 2626 4936 opus
2658 4866 2714 4919 in
2748 4865 2934 4934 specie
2970 4871 3189 4917 tantum
3229 4862 3434 4917 factum
3476 4877 3621 4916 esse.

2162 5045 2331 5102 Vsus.
2381 5045 2475 5099 29.
2514 5073 2586 5083 —-—
2632 5042 2749 5098 lloc
2800 5045 2876 5097 ait
2931 5042 3202 5098 Dominus
3241 5041 3387 5112 quod
3448 5041 3695 5111 mysterii

2091 5156 2292 5195 nomen
2321 5147 2545 5210 captum
2571 5154 2763 5193 eorum
2788 5137 3060 5194 excedere
3093 5151 3200 5190 non
3229 5136 3511 5205 ignoraret
3538 5149 3550 5184 :
3575 5140 3697 5185 erat

2090 5234 2236 5288 enim
2259 5232 2418 5287 cibus
2441 5231 2730 5303 spiritalis.
2763 5231 2948 5298 Quare
2974 5245 3083 5283 non
3121 5229 3267 5282 illico
3299 5226 3484 5281 intulit
3514 5225 3693 5293 expli-

2091 5327 2391 5388 cationem,
2432 5323 2531 5380 sed
2552 5324 2904 5379 commodum
2938 5323 3115 5376 tenuit
3141 5319 3417 5373 orationis
3442 5332 3693 5371 cursum.

2089 5417 2229 5473 Nam
2266 5419 2432 5481 tides,
2470 5416 2692 5487 inquit,
2730 5417 2782 5469 in
2835 5429 2920 5469 me
2945 5454 2959 5478 ,
2991 5415 3134 5467 viam
3170 5412 3333 5466 vobis
3368 5417 3577 5465 sternet
3623 5407 3692 5462 ad

2160 5600 2238 5669 (ὕ)
2264 5599 2411 5669 Cat.,
2440 5598 2550 5669 γὰρ
2584 5598 2663 5652 τό.
2726 5638 2741 5669 ν.

2185 5666 2239 5737 6)
2269 5666 2581 5724 (ἶόιτόζςίίι.
2622 5688 2672 5736 p.
2716 5666 2838 5721 1⁸⁷6.

2185 5674 2239 5737 6)
2269 5674 2433 5724 (10rd.
2473 5680 2581 5723 cal.
2622 5688 2672 5736 p.
2716 5674 2838 5721 1'76.

2160 5674 2241 5809 Ξῖ)
2273 5742 2479 5795 Catena
2519 5739 2730 5801 (Iram,
2768 5758 2816 5809 p.
2856 5739 2984 5801 “245,
3029 5738 3107 5801 εἰς
3143 5737 3378 5810 ἑτέρους.

2167 5810 2243 5881 (8)
2270 5812 2437 5866 C(ll’tl.
2466 5821 2575 5865 cat.
2616 5813 2731 5865 UH.

2166 5878 2241 5954 (‘9)
2275 5883 2336 5939 C.
2366 5884 2482 5947 (le,
2514 5900 2563 5953 p.
2596 5883 2720 5948 QlS,
2759 5884 2957 5938 omittit
2990 5878 3053 5953 ἦν
3090 5890 3139 5936 et
3173 5898 3294 5935 mox
3321 5881 3408 5949 τῇ.

3256 5971 3434 6040 ,24
