4162 6514
503 414 603 468 ἽΠ
1674 404 2025 463 THEODORI
2066 402 2551 462 MOPSUESTENI

3659 404 3761 460 738

495 539 821 588 cat-'erarum
867 543 1053 586 rerum
1098 526 1470 601 cognitionem
1518 533 1685 598 atque
1731 526 2070 581 doctrinam.

2198 525 2385 587 ιτίστις.
2419 523 2604 593 φησὶν,
2652 522 2685 593 ἡ
2721 522 2799 583 είς
2845 521 2944 591 ἐμὲ
2986 522 3102 585 ὁδὸς
3146 522 3271 593 ὑμῖν
3307 521 3465 588 ἔσται
3496 520 3628 592 πρὸς
3669 523 3767 592 τὴν

497 622 635 680 Nam
669 622 1029 680 credentibus
1057 621 1279 693 quidem
1311 619 1381 677 de
1409 620 1565 676 nullo
1602 620 1877 675 dictorum
1911 618 2075 673 dubi—

500 727 618 773 tare
649 716 895 781 licitum,
949 714 1201 772 infideles
1250 729 1383 770 vero
1434 714 1575 768 nihil
1627 728 1818 768 eorum
1878 726 2077 781 capere

499 805 720 871 valent,
759 811 820 858 ut
853 817 975 874 quae
1005 803 1172 859 nimis
1205 816 1403 873 magna
1436 802 1588 866 sint,
1623 817 1688 856 ac
1721 817 1875 855 mere
1917 802 2081 871 spiri—

500 896 657 964 talia,
688 903 1026 966 captumque
1060 902 1310 950 nostrum
1339 894 1572 949 multum
1604 900 1888 964 superent.

568 1070 741 1130 Vsus.
791 1072 885 1127 55.
935 1099 1005 1115 --
1037 1069 1187 1139 Cum
1210 1077 1338 1142 post
1377 1069 1848 1125 resurrectionem
1875 1109 1891 1133 ,
1933 1085 2081 1124 scm-

500 1164 773 1236 piternam
798 1173 965 1234 atque
986 1162 1358 1219 immortalem
1384 1162 1553 1216 vitam
1585 1160 1674 1216 det
1699 1160 2076 1224 credentibus,

500 1256 712 1313 idcirco
735 1256 811 1312 ibi
840 1269 1021 1326 neque
1042 1254 1197 1309 cibus
1225 1268 1402 1323 neque
1432 1261 1597 1323 potus
1623 1254 1752 1318 erit,
1787 1252 1882 1323 qui
1910 1268 2077 1308 sensu

502 1348 863 1419 percipiatur,
896 1346 1146 1415 adeoque
1172 1359 1284 1399 non
1320 1346 1593 1399 esurient.

574 1438 744 1495 Vens.
775 1439 863 1495 39.
901 1467 968 1478 —
995 1436 1112 1492 Duo
1137 1437 1243 1492 ista
1277 1439 1534 1506 superius
1557 1434 1882 1500 declaravit,
1916 1436 2082 1491 nimi-

499 1546 624 1587 rum
657 1545 850 1586 omnes
878 1531 932 1584 ln
967 1529 1150 1599 ipsum
1182 1526 1408 1582 credere
1435 1534 1717 1597 oportere,
1765 1535 1929 1597 atque
1962 1542 2083 1583 cre-

500 1622 761 1678 dentibus
803 1621 975 1675 vilam
997 1628 1256 1675 aeternam
1283 1633 1405 1675 esse
1438 1620 1810 1675 tribuendam.
1837 1618 2084 1691 Utraque

502 1714 672 1784 igitur
703 1712 1077 1784 pulcherrime
1118 1711 1434 1776 connectit,
1492 1711 1742 1768 eamdem
1795 1712 1903 1768 sibi
1955 1726 2080 1767 cum

501 1803 664 1860 Patre
723 1804 1065 1881 voluntatem
1116 1817 1243 1860 esse
1292 1817 1653 1868 asseverans,
1711 1812 1773 1859 ut
1827 1803 2082 1858 videlicet

2179 616 2286 668 τ’ὦν
2314 614 2513 668 λοιπῶν
2542 612 2779 683 κατανόη
2790 610 2868 665 σίν
2900 629 2960 665 τε
2989 613 3082 665 καὶ
3108 612 3473 666 διδασκαλίαν.
3499 611 3635 665 Οὔτε
3659 612 3768 683 γὰρ

2179 706 2533 769 πιστεύοντας
2559 704 2735 757 ἔνεστι
2763 703 2898 775 πρὸς
2924 704 3025 774 τὴν
3055 704 3167 758 τῶν
3211 705 3521 775 λεγομένων
3559 703 3771 774 βεϐαιό-

2177 817 2317 868 τητα
2341 801 2417 867 (1)
2448 796 2829 868 ἀμφιϐάλλειν,
2852 796 2976 849 οὗτε
3025 796 3097 867 μὴ
3140 797 3492 859 πιστεύοντας
3519 793 3767 861 δέξασθαί

2178 909 2231 943 τι
2257 891 2365 944 τῶν
2393 888 2702 959 λεγομένων
2725 888 2969 950 δυνατὸν,
3008 888 3280 959 μεγάλων,
3304 886 3540 955 νοητῶν
3569 888 3644 960 (2)
3676 891 3771 944 καὶ

2181 983 2315 1035 πολὺ
2343 981 2440 1054 τὴν
2467 979 2743 1053 ἡμετέραν
2776 980 3216 1051 ὑπερϐαινόντων
3247 980 3437 1050 ἀκοήν.

2262 1075 2414 1145 Στίχ.
2449 1073 2542 1127 λε’.
2587 1105 2655 1115 -
2690 1072 2908 1143 Ἐπειδὴ
2939 1073 3012 1143 (5)
3047 1073 3182 1143 μετὰ
3220 1071 3320 1142 τὴν
3346 1072 3640 1125 ἀνάστασιν
3674 1074 3773 1145 τὴν

2181 1163 2349 1217 ἀΐδιον
2390 1164 2485 1217 καὶ
2524 1162 2801 1235 ἄφθαρτον
2838 1164 3022 1217 δίδωσι
3064 1162 3209 1233 ζωὴν
3251 1167 3363 1229 τοῖς
3401 1164 3771 1228 πιστεύουσιν,

2180 1255 2345 1324 ἡνίκα
2367 1254 2465 1306 οὐκ
2489 1254 2640 1307 ἔσται
2667 1254 2868 1323 βρῶσις
2900 1254 3020 1308 οὐδὲ
3063 1254 3217 1317 πόσις
3264 1256 3520 1327 αἰσθητὴ,
3559 1257 3653 1309 καὶ
3686 1255 3776 1308 διὰ

2181 1346 2339 1402 τοῦτο
2366 1347 2426 1401 οὐ
2458 1346 2532 1417 μὴ
2562 1347 2882 1400 πεινάσωσι.

2246 1435 2393 1506 Στίχ.
2430 1436 2528 1490 λθν.
2555 1466 2625 1476 -
2666 1435 2771 1488 Δύο
2798 1434 2972 1489 ταῦτα
2997 1436 3075 1505 (4)
3101 1436 3159 1491 ὲν
3195 1439 3304 1500 τοῖς
3328 1436 3620 1508 ἁνωτέροις
3645 1438 3771 1508 ἔφη.

2183 1528 2266 1582 ὅτι
2290 1528 2369 1590 εἰς
2395 1525 2560 1581 αὑτὸν
2590 1526 2879 1578 πιστεῦσαι
2911 1528 3116 1591 πάντας
3142 1528 3404 1598 προσῆκε,
3420 1529 3514 1581 καὶ
3541 1529 3621 1581 ὅτι
3662 1533 3776 1592 τοῖς

2184 1617 2508 1672 πιστεύσασι
2556 1619 2653 1688 τῆς
2682 1618 2899 1671 αἰωνίου
2926 1618 3186 1688 πρόξενὸς
3232 1620 3347 1671 ἐστι
3380 1618 3544 1688 ζωῆς.
3580 1620 3775 1683 Καλῶς

2181 1704 2276 1763 οὖν
2306 1708 2589 1780 ἀμφότερα
2618 1707 2940 1778 ἐξήρτησεν,
2963 1708 3058 1761 τοῦ
3093 1707 3393 1779 θελήματος
3437 1710 3528 1762 τοῦ
3565 1711 3776 1777 Πατρδς

2185 1801 2347 1855 αὑτοῦ
2378 1800 2587 1870 θέλημα
2610 1795 2749 1852 εἶναι
2780 1801 2959 1871 φήσας
2993 1800 3086 1853 καὶ
3131 1800 3195 1853 τὸ
3238 1799 3526 1853 πιστεῦσαι
3566 1799 3776 1864 πάντας

501 1911 696 1952 omnes
725 1896 780 1950 in
826 1897 1005 1967 ipsum
1053 1897 1318 1964 credant,
1350 1904 1405 1952 et
1444 1895 1736 1951 credentes
1768 1910 1866 1965 per
1901 1895 2080 1965 ipsum

2198 1896 2266 1958 εἰς
2299 1893 2460 1946 αὑτὸν
2493 1890 2587 1945 καὶ¹
2622 1890 2683 1943 τὸ
2715 1891 3109 1955 πιστεύσαντας
3156 1891 3254 1962 τὴν
3298 1891 3365 1945 δι’
3411 1892 3577 1946 αὐτοῦ
3621 1892 3777 1960 κομί-

504 1988 787 2057 przemium
835 1988 1241 2060 adipiscantur.
1278 1988 1439 2045 Unde
1472 1995 1649 2059 patet,
1682 1987 1808 2043 illos
1846 1987 1901 2041 in
1930 1995 2082 2043 utro-

500 2095 609 2148 que
640 2079 735 2136 Dei
763 2078 944 2137 Patris
978 2081 1248 2136 voluntati
1281 2095 1410 2137 esse
1436 2081 1763 2136 reluctatos.

570 2170 740 2227 Vens.
773 2172 866 2227 M.
897 2200 969 2212 —
1023 2171 1152 2228 Haec
1203 2173 1314 2228 duo
1342 2172 1458 2243 jam
1492 2188 1659 2244 supra
1692 2172 1867 2228 dixit:
1926 2188 2089 2243 opor-

503 2274 618 2320 tere
641 2274 702 2319 ut
735 2277 931 2320 omnes
987 2264 1044 2321 in
1075 2263 1277 2320 Filium
1311 2264 1561 2333 credant,
1621 2265 2088 2337 credentibusque

503 2357 672 2411 vitam
726 2363 989 2411 aeternam
1047 2371 1171 2415 esse
1222 2356 1508 2413 daturum.
1568 2355 1706 2412 Cum
1742 2357 2082 2413 voluntatem

508 2447 686 2502 Patris
713 2447 1047 2503 voluntatem
1098 2462 1253 2503 suam
1288 2463 1413 2504 esse
1468 2447 1718 2513 dixisset,
1780 2456 1930 2504 recte
1959 2464 2089 2519 ergo

505 2538 668 2593 ambo
697 2538 1006 2607 conjunxit,
1030 2545 1088 2594 et
1116 2546 1372 2609 oportere
1400 2546 1461 2595 ut
1492 2553 1686 2594 omnes
1712 2539 1768 2593 in
1808 2554 1934 2594 eum
1965 2555 2089 2594 cre-

504 2631 660 2695 dant,
691 2637 746 2684 et
771 2628 1060 2686 credentes
1114 2629 1425 2686 mercedem
1479 2646 1577 2702 per
1624 2631 1804 2702 ipsum
1864 2632 2092 2702 adeptu-

506 2738 599 2778 ros
617 2739 741 2779 esse
765 2741 780 2778 :
813 2723 888 2777 ita
918 2731 980 2778 ut
1007 2738 1077 2779 ex
1104 2723 1193 2781 his
1218 2723 1436 2782 duobus
1466 2724 1590 2782 illos
1621 2725 1889 2781 voluntati
1912 2724 2093 2781 Patris

507 2814 794 2871 decertare
825 2822 1106 2885 appareat.

581 2902 747 2961 Vens.
771 2903 863 2959 6l.
893 2934 967 2945 —
992 2904 1175 2960 Durus
1203 2913 1322 2962 erat
1349 2905 1495 2961 baud
1522 2906 1690 2962 dubie
1757 2923 1931 2961 sermo
1970 2921 2096 2961 car-

509 2996 660 3052 nium
692 3006 1034 3054 comestores
1090 2997 1489 3069 sanguinisque
1519 3006 1795 3069 potatores
1847 2997 1940 3068 qui
1999 3013 2096 3053 at.-

508 3088 733 3145 diebant
750 3088 1185 3144 constituturum
1201 3104 1325 3145 esse
1354 3090 1460 3146 sibi
1484 3104 1799 3160 proponens
1821 3107 1836 3157 ;
1856 3089 1941 3145 his
1968 3103 2097 3144 vero

511 3180 607 3251 qui
634 3180 995 3279 spirit-utiliter
1020 3181 1327 3279 spiritualia
1368 3181 1749 3279 intelligebant
1796 3181 1937 3236 nihil
1989 3181 2092 3236 du-
2123 3220 2167 3279 α

510 3285 634 3325 rum
660 3269 975 3334 videbatur,
1010 3271 1107 3327 sed
1140 3271 1303 3327 verba
1327 3280 1484 3327 erant
1547 3271 1710 3342 plena
1774 3272 1977 3342 pietate
2014 3279 2099 3326 at-

510 3376 621 3432 que
672 3361 810 3432 ipsis
839 3362 1007 3417 vitam
1048 3370 1311 3419 mternam
1335 3371 1620 3435 paratura.
1686 3362 1867 3420 Sciens
1923 3374 2100 3420 autem

511 3452 670 3509 Iesus
700 3454 829 3525 quia
854 3455 1263 3509 murmurabant
1293 3455 1358 3510 de
1387 3455 1506 3522 hoc,
1531 3456 1676 3526 quod
1735 3472 1858 3527 qua:
1908 3457 1976 3513 ad
2025 3457 2100 3512 di-

513 3547 799 3603 vinitatem
846 3562 1002 3605 suam
1032 3548 1356 3618 spectabant
1385 3558 1439 3604 et
1469 3548 1586 3604 haec
1616 3550 1874 3620 mysteria
1920 3551 2100 3621 palam

515 3638 845 3709 proferebat,
876 3637 1125 3694 dicebat:
1162 3636 1277 3692 [ioc
1312 3654 1401 3693 vos
1436 3639 1815 3697 scandalizat?
1863 3639 1924 3697 Si
1978 3657 2102 3712 ergo

512 3729 752 3786 videritis
781 3729 829 3784 F
832 3732 985 3786 ilium
1027 3731 1258 3787 hominis
1288 3730 1656 3787 ascendentem
1684 3732 1775 3787 ubi
1803 3742 1921 3787 erat
1954 3734 2101 3803 prius

514 3823 593 3892 (ν.
619 3818 894 3893 63)?Jam
947 3831 1131 3877 autem
1164 3821 1383 3877 dixerat
1426 3821 1769 3879 Nathanael:
1796 3823 1937 3890 Quia
1989 3824 2106 3878 dixi

518 3913 648 3968 tibi:
699 3910 825 3966 Vidi
850 3921 899 3967 te
933 3912 1030 3967 sub
1063 3914 1190 3983 ﬁcu,
1221 3923 1277 3969 et
1307 3914 1538 3985 reliqua.
1570 3914 1685 3969 Cur
1717 3930 1848 3985 ergo
1876 3914 2107 3970 diﬁicul-

516 4006 723 4061 tatibus
754 4004 1102 4061 dillicultates
1145 4005 1386 4075 iungis?
1440 4002 1790 4075 Nentiquam,
1841 4006 1945 4060 hoe
1994 4020 2103 4060 non

518 4097 633 4165 fiat;
662 4097 758 4152 sed
788 4096 855 4150 ad
879 4095 1313 4167 magnitudinem
1344 4096 1861 4166 multitudinemque
1886 4096 2104 4167 dogma-

516 4197 633 4242 tum
666 4188 781 4243 vult
810 4187 935 4244 illos
966 4188 1284 4259 perducere.
1343 4188 1401 4242 Si
1431 4188 1577 4244 enim
1638 4188 2018 4244 tantummodo
2075 4203 2107 4244 e

516 4280 659 4337 caelo
679 4279 1035 4337 descendisse
1059 4279 1462 4346 dixisset,nihil
1484 4280 1693 4336 addens
1709 4282 1964 4351 amplius,
1992 4295 2108 4335 ma-

517 4372 602 4444 gis
667 4370 1026 4427 scandalizati
1086 4372 1357 4439 fuissent;
1434 4372 1609 4444 magis
1664 4387 1789 4427 cum
1841 4372 2103 4427 dixisset:

518 4463 725 4534 Corpus
746 4480 921 4519 meum
954 4465 1061 4520 vita
1093 4474 1173 4520 est
1217 4463 1442 4531 mundi;
1464 4475 1537 4530 et,
1572 4463 1721 4519 Sicut
1741 4466 1888 4519 misit
1917 4482 1998 4520 me
2029 4466 2107 4519 vi-

2189 1984 2382 2039 σασθαι
2404 1982 2632 2053 δωρεὰν,
2663 1980 2804 2035 ὥστε
2835 1983 3065 2054 φανῆναι
3113 1982 3180 2035 δι’
3225 1982 3548 2053 ἀμφοτέρων
3580 1984 3777 2046 αὐτοὺς

2186 2077 2266 2147 τῷ
2295 2074 2564 2146 θελήματι
2591 2071 2685 2127 τοῦ
2718 2072 2934 2145 Πατρδς
2965 2073 3371 2145 μεμαχηκέναι.

2261 2191 2411 2261 Στίχ.
2435 2188 2845 2261 μα⁹.--Δύογάρ
2864 2187 3037 2242 ταῦτα
3057 2187 3156 2260 μ’)
3171 2190 3227 2241 ὲν
3240 2192 3354 2252 τοῖς
3370 2187 3630 2259 ἀνωτέρω
3651 2186 3774 2259 ἔφη,

2190 2283 2272 2336 ὅτι
2306 2281 2399 2334 τοῦ
2444 2280 2736 2334 πιστεῦσαι
2771 2279 2981 2343 πάντας
3014 2279 3293 2349 προσῆκεν
3328 2279 3415 2332 ἐπ’
3457 2278 3607 2350 αὐτῷ
3633 2317 3648 2341 ,
3683 2280 3780 2332 καὶ

2191 2375 2273 2429 ὃτι
2305 2376 2418 2437 τοῖς
2449 2373 2773 2426 πιστεύσασι
2800 2371 2901 2443 τῆς
2927 2371 3146 2425 αἰωνίου
3178 2370 3435 2444 πρόξενός
3466 2372 3581 2424 ἐστι
3610 2370 3777 2441 ζωῆς·

2192 2465 2375 2529 καλῶς
2418 2461 2512 2517 οὖν
2560 2464 2850 2536 ἀμφότερα
2899 2462 3166 2533 ὲξήρτησε
3216 2461 3310 2515 τοῦ
3351 2461 3654 2533 θελήματος
3687 2460 3779 2514 τοῦ

2194 2554 2484 2627 πατρικοῦ,
2506 2555 2672 2609 αὐτοῦ
2703 2554 2919 2626 θέλημα
2950 2549 3089 2607 εἶναι
3111 2555 3319 2625 φήσας,
3351 2555 3446 2607 καὶ
3475 2554 3535 2606 τὸ
3562 2553 3783 2606 πιστεῦ-

2197 2663 2288 2700 σαι
2317 2646 2527 2709 πάντας
2566 2646 2648 2709 είς
2678 2644 2845 2699 αὐτὸν
2867 2684 2882 2709 ,
2908 2644 3004 2698 καὶ
3038 2643 3099 2697 τὸ
3131 2645 3531 2706 πιστεύσαντας
3578 2643 3677 2713 τὴν
3719 2644 3783 2696 δι’

2194 2735 2359 2791 αὐτοῦ
2400 2735 2731 2807 κομίσασθαι
2759 2736 2998 2807 δωρεάν’
3045 2735 3187 2789 ὥστε
3234 2736 3468 2807 φανῆναι
3509 2734 3575 2788 δι’
3607 2737 3787 2805 ἀμφο-

2194 2827 2370 2899 τέρων
2398 2828 2598 2891 αὐτοὺς
2620 2827 2699 2899 τῷ
2727 2827 2993 2900 θελήματι
3018 2828 3112 2882 τοῦ
3138 2829 3351 2899 [ἰατρὸς
3388 2828 3748 2899 μαχομένους.

2268 2918 2419 2989 Στίχ.
2456 2919 2559 2986 ξα’.
2592 2949 2661 2959 -—
2689 2918 2965 2987 Σκληρός
2993 2914 3062 2990 ἧν
3098 2918 3313 2989 ἀληθῶς
3344 2922 3376 2973 ό
3413 2921 3595 2988 λόγος
3622 2921 3651 2972 ὁ
3699 2936 3787 2971 νο-

2202 3005 2495 3078 μιζόμενος
2548 3008 2932 3078 σαρκοφάγους
2960 3008 3112 3071 τινὰς
3160 3008 3253 3062 καὶ
3301 3008 3630 3079 αἱμοϐὁρους
3660 3009 3790 3069 τοὺς

2198 3096 2497 3163 ἀκούοντας
2546 3098 2870 3153 ἀποτελεῖν·
2910 3101 3024 3162 τοῖς
3070 3098 3128 3152 δέ
3189 3116 3248 3166 γε
3297 3097 3683 3169 πνευματικῶς
3721 3100 3791 3150 τά

2200 3189 2549 3260 πνευματικὰ
2581 3189 3017 3260 ὲκλαμϐἀνουσιν
3045 3189 3200 3242 οὐδὲν
3243 3189 3494 3258 ἐφαίνετο
3532 3187 3787 3258 σκληρὸν.

2202 3279 2339 3334 ἀλλὰ
2367 3281 2589 3352 ῥήματα
2620 3279 2904 3343 εὐσεϐείας
2937 3279 3253 3350 ὑπάρχοντα
3272 3319 3286 3344 ,
3321 3279 3421 3350 τὴν
3445 3276 3660 3332 αἰώνιον
3691 3277 3792 3330 αὐ-

2202 3373 2315 3435 τοῖς
2335 3373 2742 3443 πρυτανεύοντα
2764 3372 2909 3443 ζωήν
2932 3372 3031 3444 (5).
3048 3370 3238 3437 Εἰδὼς
3265 3370 3333 3424 δὲ
3361 3374 3395 3426 ό
3434 3369 3676 3440 Ἰησοῦς
3702 3367 3796 3423 ὅτι

2202 3457 2583 3530 γογγίζουσιν
2614 3460 2685 3513 ἐν
2713 3459 2951 3525 ἑαυτοῖς
2982 3461 3100 3528 (καὶ
3130 3460 3239 3529 γὰρ
3267 3460 3360 3514 καὶ
3390 3458 3551 3513 τοῦτο
3570 3459 3670 3529 τῆς
3693 3459 3796 3513 αὖε·

2201 3551 2298 3606 τοῦ
2348 3551 2600 3624 θεότητος
2625 3592 2641 3614 ,
2678 3553 2738 3606 τὸ
2783 3554 2852 3606 τὰ
2892 3552 3182 3624 ἀπόρρητα
3233 3553 3420 3625 φέρειν
3454 3555 3534 3615 είς
3583 3553 3794 3623 μέσον),

2204 3643 2391 3711 ἔλεγεν
2417 3659 2430 3673 ·
2467 3642 2656 3697 Τοῦτο
2678 3642 2836 3712 ὑμᾶς
2856 3643 3238 3703 σκανδαλίζει
3262 3660 3282 3707 ;
3325 3644 3465 3697 Ἐὰν
3490 3637 3604 3696 οὖν
3631 3643 3799 3709 ἴδητε

2206 3733 2316 3787 τὸν
2335 3734 2473 3787 Υιὸν
2505 3733 2611 3788 τοῦ
2634 3732 2947 3802 ἀνθρώπου
2991 3734 3398 3789 ἀναϐαίνοντα
3436 3733 3589 3787 ὅπου
3618 3730 3696 3804 ἦν
3728 3734 3800 3787 τὸ

2208 3825 2499 3893 πρότερον
2515 3841 2534 3889 ;
2563 3825 2722 3879 τοῦτο
2746 3826 2804 3878 δὲ
2836 3825 2930 3878 ἐπὶ
2953 3825 3047 3879 τοῦ
3075 3824 3371 3895 Ναθαναὴλ
3420 3825 3674 3895 ἐποίησεν
3707 3824 3801 3878 λέ-

2208 3931 2345 3982 γων·
2368 3914 2499 3967 ’Ότι
2522 3910 2696 3969 εἶπόν
2723 3930 2822 3969 σοι
2861 3915 2950 3968 ὅτι
2982 3913 3146 3969 εἶδόν
3172 3932 3245 3969 σε
3265 3915 3547 3970 ὑποκάτω
3574 3915 3797 3983 συκῆς,

2209 4005 2306 4059 καὶ
2342 4003 2411 4059 τὰ
2463 4005 2612 4075 ἑξῆς.
2645 4006 2711 4059 Ti
2752 4002 2845 4060 οὖν
2875 4007 3130 4077 ἀπορίαις
3182 4007 3414 4078 ἀπορίας
3460 4007 3801 4075 συνάπτειςς

2215 4095 2380 4167 Οὐχὶ,
2430 4096 2506 4169 μὴ
2535 4097 2771 4165 γένοιτο·
2809 4098 2947 4152 ἀλλά
2978 4098 3058 4169 τῷ
3092 4099 3315 4170 μεγέθει
3353 4099 3464 4154 τῶν
3513 4099 3805 4172 δογμάτων

2210 4186 2307 4242 καὶ
2357 4186 2439 4258 τῷ
2467 4187 2665 4259 πλήθει
2721 4188 3101 4257 ἐπαγαγέσθαι
3157 4189 3356 4254 αὐτοὺς
3419 4188 3714 4259 βούλεται·
3772 4192 3806 4243 ὁ

2214 4279 2314 4350 μὲν
2341 4277 2454 4351 γὰρ
2483 4277 2652 4333 εἰπὼν
2677 4279 2863 4345 ἁπλῶς
2888 4283 2971 4334 ὅτι
3014 4281 3109 4334 Ἐκ
3141 4281 3247 4335 τοῦ
3267 4280 3530 4347 οἰφανοῦ
3558 4279 3802 4333 καταϐέ-

2212 4367 2393 4436 ϐηκα,
2422 4368 2518 4421 καὶ
2563 4369 2732 4439 μηδὲν
2765 4369 2926 4423 πλέον
2957 4369 3245 4441 προσθεὶς,
3286 4369 3484 4441 μᾶλλον
3514 4369 3580 4423 ἂν
3609 4371 3804 4422 ὲσκαν-

2211 4459 2427 4514 δάλισεν
2450 4478 2466 4494 ο
2498 4462 2701 4533 μᾶλλον
2738 4462 2795 4516 δὲ
2850 4461 3041 4527 εἰπὼν,
3074 4464 3157 4516 δτι
3197 4466 3267 4517 Τὸ
3312 4463 3486 4532 σῶμά
3535 4479 3656 4532 μου
3687 4461 3802 4530 ζωὴ

518 4572 640 4609 nens
676 4554 863 4619 Pater,
883 4566 936 4610 et
968 4572 1063 4626 ego
1096 4556 1212 4609 vivo
1238 4565 1454 4624 propter
1475 4554 1695 4608 Patrem
1717 4573 1737 4621 ,'
1759 4564 1834 4619 et,
1866 4554 2099 4610 Descen-

2214 4552 2320 4607 τοῦ
2336 4553 2571 4623 κόσμου
2599 4571 2609 4582 ·
2641 4554 2736 4608 καὶ
2764 4557 2793 4607 ὁ
2814 4554 3006 4619 εἰπὼν,
3039 4555 3120 4608 ὅτι
3153 4555 3361 4621 Καθὼς
3380 4551 3707 4608 ἀπέστειλέ
3727 4570 3808 4623 με

519 4647 659 4702 dide
688 4647 819 4702 caelo
846 4656 903 4701 ut
933 4647 1295 4717 difﬁcultatem
1327 4647 1602 4703 solverem.
1627 4646 1922 4704 Proferens
1957 4649 2099 4702 enim

2216 4646 2251 4698 ό
2281 4642 2392 4704 ζῶν
2426 4643 2627 4713 Πατὴρ
2646 4685 2661 4709 ,
2690 4644 2854 4713 κάγὼ
2881 4644 2955 4706 ζῶ
2988 4645 3088 4699 διὰ
3112 4646 3222 4700 τὸν
3254 4646 3487 4715 Πατέρα
3513 4662 3526 4674 ·
3554 4646 3648 4699 καὶ
3674 4648 3703 4699 ὁ
3730 4648 3809 4699 εἱ-

518 4752 692 4791 unum
722 4752 979 4808 magnum
1018 4738 1401 4793 tantummodo
1438 4737 1506 4794 de
1534 4752 1615 4800 se,
1642 4738 1695 4791 in
1730 4737 2099 4807 suspicionem

2221 4734 2447 4800 πὼν,ὄτι
2481 4736 2583 4791 Ἐκ
2602 4736 2710 4791 τοῦ
2729 4737 2992 4806 οὐρανοῦ
3025 4737 3541 4805 καταϐέϐηκα,τὴν
3551 4738 3809 4805 ἀπορίαν

520 4828 590 4883 de
623 4828 912 4884 mendacio
956 4828 1149 4897 venit;
1194 4829 1308 4883 haec
1349 4844 1482 4884 vero
1528 4829 1739 4893 dicens,
1776 4831 1832 4884 in
1866 4829 2099 4883 futurum

2215 4829 2421 4882 λύειν·
2459 4830 2488 4881 ὁ
2529 4828 2627 4899 μὲν
2664 4827 2773 4901 γὰρ
2821 4830 2880 4884 ἓν
2908 4848 2962 4883 τι
3011 4830 3153 4901 μέγα
3184 4833 3312 4902 περὶ
3347 4829 3540 4883 ἑαυτοῦ
3577 4830 3810 4898 φθεγγό-

521 4935 739 4974 omnem
773 4920 1143 4990 suspicionem
1175 4920 1377 4975 aufert.
1426 4920 1621 4976 Omnia
1650 4933 1830 4975 autem
1864 4920 1993 4974 facit
2025 4920 2099 4973 di-

2220 4937 2416 4992 μενος,
2454 4920 2549 4972 καὶ
2580 4920 2821 4985 ὕποπτος
2849 4922 3060 4990 γίνεται
3083 4921 3158 4984 ὡς
3190 4920 3471 4974 πλάττων·
3506 4924 3533 4975 ὁ
3557 4922 3613 4975 δὲ
3635 4921 3809 4975 ταῦτα

522 5011 707 5082 citque
738 5011 814 5066 ita
849 5023 909 5067 ut
939 5012 1010 5067 ab
1042 5013 1411 5068 existimando
1436 5020 1646 5083 patrem
1685 5015 1807 5080 ejus
1839 5028 1961 5068 esse
2013 5011 2109 5066 Jo-

521 5103 657 5173 seph
684 5101 1049 5158 abducantur.
1079 5100 1199 5157 Non
1244 5118 1376 5173 ergo
1407 5112 1464 5156 ut
1503 5102 1826 5157 scandalum
1888 5110 2106 5173 augeat,

529 5198 634 5251 hoc
663 5194 821 5258 dicit,
858 5194 951 5250 sed
1010 5195 1193 5264 potius
1224 5203 1282 5248 nt
1334 5196 1528 5250 solvat.
1590 5193 1696 5261 Qui
1757 5195 1904 5250 enim
1956 5194 2110 5249 illum

594 5395 672 5467 ll)
699 5392 765 5448 ν.
798 5392 1145 5467 βεᾷαιότητα-
1165 5405 1195 5444 a
1211 5392 1635 5467 catenahabest,
1679 5401 1739 5467 ut
1769 5406 1854 5460 ap.
1886 5390 2111 5467 Grame-

524 5461 670 5529 rum',
720 5480 776 5532 p.
801 5461 965 5527 '248;
1000 5461 1095 5518 sed
1132 5461 1445 5531 hujusmodi
1478 5462 1807 5517 vocabulum
1839 5463 2113 5518 excidisse

526 5542 817 5587 contextus
845 5533 1024 5587 docet.

600 5602 685 5673 (2)Δ
711 5600 949 5673 Suidas;
980 5601 1200 5673 Νοητάξ
1229 5601 1299 5655 τὰ
1346 5601 1421 5673 μὴ
1459 5602 1716 5673 αἰσθητὰ,
1760 5603 1829 5656 τὰ
1880 5602 2109 5673 ἀόρατα.
2152 5629 2160 5635 -

530 5668 766 5742 Omnino
805 5670 855 5724 id
894 5668 1167 5742 significat
1189 5672 1302 5726 hate
1332 5668 1434 5726 v05:
1467 5668 1623 5742 quod
1644 5668 1986 5727 solummodo
2012 5672 2115 5726 sub

531 5737 863 5813 intellectum
893 5737 1161 5813 ve'tlidem
1182 5742 1330 5813 cadit
1352 5750 1405 5795 et
1422 5737 1521 5813 pro
1546 5744 1816 5813 cujusque
1851 5743 1953 5795 lm'i
1984 5757 2109 5795 con-

534 5815 682 5860 textu
718 5809 866 5863 varie
893 5823 923 5861 a
961 5809 1213 5866 Patribus
1246 5808 1451 5869 Grtecis
1483 5808 1804 5883 usurpatur.
1851 5813 1913 5864 ll.
1950 5813 1984 5865 I.
2023 5813 2109 5865 in-

2217 5014 2381 5084 εῖρων
2405 5054 2420 5075 ,
2452 5013 2652 5085 ἐφεξῆς
2705 5016 2888 5068 πᾶσαν
2927 5017 3145 5085 ἀναιρεῖ
3176 5015 3274 5082 τὴν
3319 5013 3554 5082 ὑποψίαν
3582 5032 3594 5044 ·
3632 5014 3812 5068 πάντα

2219 5104 2276 5158 δὲ
2312 5107 2456 5157 ποιεῖ
2480 5105 2573 5157 καὶ
2600 5105 2746 5174 λέγει
2785 5107 2926 5161 ὥστε
2956 5107 3153 5169 αὐτοὺς
3185 5107 3495 5173 ἀπαγαγεῖν
3527 5104 3624 5158 τοῦ
3656 5107 3812 5174 νομί-

2222 5195 2337 5261 ζειν
2361 5196 2526 5250 αὐτοῦ
2557 5199 2773 5270 πατέρα
2796 5199 2887 5252 τὸν
2930 5200 3148 5269 Ἰωσήφ.
3198 5198 3274 5250 Οὐ
3303 5196 3482 5251 τοίνυν
3531 5197 3592 5251 τὸ
3647 5214 3816 5252 σκαν·

2219 5399 2544 5464 terpretare,
2570 5396 2844 5464 spiritalia
2874 5425 2946 5435 -——
2976 5394 3222 5449 Cramer.
3248 5395 3377 5464 legit
3403 5394 3597 5450 ὄντων.

2292 5461 2372 5535 (ὃ)
2403 5465 2573 5519 Cord.
2599 5461 2716 5519 cat.
2750 5481 2804 5535 p.
2833 5464 2957 5535 185.

2295 5532 2373 5605 (4)
2395 5535 2560 5590 Cord.
2594 5544 2701 5589 cal.
2825 5534 2947 5589 186.

2295 5604 2397 5674 (ιν)
2427 5605 2532 5660 Mai
2569 5605 2701 5659 ibid.

2294 5675 2667 5746 (5)Hac_tenns
2717 5674 3081 5740 fragmentum
3126 5676 3269 5746 apud
3333 5675 3654 5733 Corderium
3710 5678 3816 5732 sui)

2221 5745 2445 5798 nomine
2483 5743 2758 5801 Theodori
2810 5743 3174 5802 Heracleotae.
3208 5750 3276 5800 At
3307 5747 3359 5800 in
3388 5745 3510 5802 Vat.
3546 5746 3670 5804 cod.
3710 5746 3816 5802 sub

2221 5812 2470 5881 Μοιζι.,ιιι
2507 5830 2744 5886 semper.
2784 5815 2849 5869 fit
2902 5818 3276 5888 prosequitur.
3323 5816 3450 5872 Mat.
