4162 6470
375 413 498 471 πθ

1602 415 1667 470 IN
1694 415 2149 473 EVANGELIUM
2179 415 2489 474 JOANNIS.

3591 428 3694 486 750

368 536 548 589 δαλον
577 534 848 588 ἐπιτεῖναι
870 534 1040 589 θέλων
1069 533 1230 589 τοῦτο
1255 535 1466 604 ἔλεγεν,
1491 535 1628 589 ἀλλά
1659 535 1818 590 λῦσαι
1852 535 1992 606 μᾶλ-

2103 551 2165 589 ex
2191 534 2395 605 Joseph
2424 550 2548 592 esse
2581 536 2960 602 existimabat,
2989 553 3099 593 non
3134 538 3281 594 dicta
3330 541 3505 610 ipsius
3533 558 3691 599 rece-

368 627 476 682 λον
499 644 514 659 ·
549 628 580 681 ό
627 627 727 698 μὲν
764 627 876 700 γὰρ
920 628 1031 682 ἀπὸ
1072 627 1167 682 τοῦ
1216 627 1414 701 Ἰωσὴφ
1445 629 1609 683 αὑτὸν
1655 626 1797 683 εἶναι
1834 629 1988 699 νομί-

371 719 494 785 ζων
514 764 529 785 ,
562 720 666 774 οὑκ
696 716 763 774 ἂν
800 720 1137 791 παρεδέξατο
1167 721 1237 775 τά
1267 720 1567 792 λεγόμεναο
1599 724 1628 775 ό
1660 722 1717 774 δὲ
1742 722 1987 786 πεισθεὶς

368 812 466 864 ὅτι
495 814 564 865 ὲκ
597 810 692 864 τοῦ
720 810 955 882 οὑρανοῦ
996 811 1377 883 καταϐέϐηκεν
1395 853 1409 877 ,
1439 812 1535 865 καὶ
1564 815 1683 865 ἐκεῖ
1714 813 1988 884 ἀναϐήσε-

369 921 496 968 ται,
526 903 901 976 εὐκολώτερον
938 905 1004 959 ἂν
1045 906 1316 978 προσέχεε
1346 909 1460 970 τοῖς
1486 907 1820 977 λεγομένοις.

1001 1062 1250 1116 ΚΕΦΑΛ.
1305 1066 1381 1121 Z'.

451 1199 610 1270 Στίχ.
648 1196 733 1252 ιθ’.
782 1228 854 1238 -
891 1197 1224 1268 Ἐπειδήπερ
1288 1199 1347 1252 ὲν
1415 1201 1480 1269 τῇ
1535 1198 1782 1269 προτέρα
1828 1199 1989 1269 ἑορτῇ

368 1285 525 1362 ἦσαν
555 1287 960 1359 ὲγκεκληκότες
997 1288 1148 1359 αὑτῷ
1177 1290 1271 1341 ἐπὶ
1294 1287 1390 1342 τοῦ
1422 1288 1737 1360 παραλύτου
1763 1289 1862 1361 τὴν
1896 1289 1989 1343 τοῦ

368 1380 575 1450 Νόμου
608 1377 958 1448 παράϐασιν,
994 1379 1095 1448 τὴν
1127 1378 1391 1431 δοκοῦσαν
1414 1378 1714 1446 ἀπολογίαν
1741 1379 1841 1449 τῆς
1866 1380 1993 1433 ἀπι-

372 1472 543 1534 στίας
578 1470 761 1524 αὑτῶν
790 1469 1018 1533 ἀνελὼν,
1042 1470 1132 1522 τὸν
1166 1472 1297 1541 περὶ
1326 1470 1537 1524 ἐκείνου
1567 1470 1727 1539 λόγον
1755 1472 1992 1542 ἀναλαμ-

371 1564 540 1617 ϐάνει
590 1563 786 1627 πάλιν,
838 1563 931 1617 καί
977 1579 1149 1634 φησι·
1178 1565 1262 1617 Οὐ
1292 1563 1521 1632 Μωσῆς
1553 1563 1816 1618 δέδωκεν
1849 1565 1993 1634 ὑμῖν

371 1656 495 1710 τὸν
517 1657 727 1725 Νόμων
743 1671 763 1719 ;
793 1655 891 1709 καὶ
918 1655 1121 1722 οὐδεὶς
1153 1654 1223 1720 ἐξ
1262 1654 1426 1725 ὑμῶν
1454 1655 1610 1709 ποιεῖ
1631 1654 1738 1709 τὸν
1766 1657 1988 1726 Νόμων,

372 1749 473 1802 ὅτι
502 1764 585 1817 με
619 1745 844 1815 ζητεῖτε
872 1746 1225 1801 ἀποκτεῖναι
1248 1762 1263 1778 ⁶
1308 1749 1513 1810 ἐκεῖνος
1561 1747 1660 1818 μὲν
1690 1747 1800 1820 γὰρ
1826 1765 1990 1817 νομο-

369 1842 581 1907 θετῶν,
622 1841 940 1912 μιαιφονίας
972 1840 1275 1912 ἀπέχεσθαι
1310 1841 1520 1894 κελεύει
1548 1859 1561 1872 ·
1601 1844 1760 1913 ὑμεῖς
1798 1842 1854 1895 δὲ
1888 1842 1989 1913 ἤδη

2098 628 2214 697 pit;
2269 629 2364 697 qui
2396 642 2532 683 vero
2595 644 2721 683 eum
2779 630 2982 685 ecoelo
3028 633 3384 689 (ti-scendisse
3449 635 3690 707 illucque

2096 734 2458 776 ascensurum
2493 719 2825 788 crediderat,
2864 722 3124 778 lihentius
3151 726 3334 783 verbis
3363 727 3485 798 ejus
3528 728 3693 784 obsc-

2098 813 2392 883 quebatnr.

2749 1061 2905 1119 CAP.
2938 1061 3052 1119 \‘ll.

2177 1196 2338 1251 Vens.
2372 1197 2454 1251 l9.
2485 1227 2553 1237 -——
2576 1195 2713 1251 Cum
2762 1196 2815 1250 in
2850 1197 3183 1267 praecedenti
3213 1197 3353 1256 festo
3388 1201 3540 1257 illum
3576 1204 3695 1257 vio-

2102 1289 2324 1346 lationis
2357 1289 2520 1361 Legis
2568 1291 2623 1345 in
2678 1291 2928 1346 sanando
2961 1293 3265 1363 paralytico
3313 1308 3694 1356 accusasscnt.

2100 1383 2245 1453 quod
2268 1383 2553 1438 videbatur
2574 1384 2861 1439 excusatio
2886 1384 3131 1453 ipsorum
3162 1386 3566 1444 incredulitatis
3593 1391 3700 1443 tol-

2103 1475 2239 1538 lens,
2263 1470 2331 1527 de
2355 1474 2458 1529 hoc
2480 1463 2680 1529 iterum
2708 1476 2979 1545 loquitur,
3003 1475 3198 1532 dicens
3223 1497 3235 1532 :
3262 1477 3456 1535 Nonne
3485 1479 3697 1554 Moyses

2097 1564 2243 1621 dedit
2279 1567 2425 1622 vobis
2477 1566 2719 1638 Legem?
2749 1576 2799 1621 et
2832 1585 2983 1624 nemo
3023 1584 3089 1624 ea:
3121 1571 3265 1625 vobis
3300 1570 3431 1641 facit
3464 1559 3694 1642 Legem;

2099 1662 2351 1731 quoniam
2380 1662 2618 1733 quazritis
2655 1679 2736 1716 me
2771 1663 3068 1735 interﬁcere
3095 1679 3114 1717 :
3149 1664 3241 1718 ille
3271 1672 3455 1720 autem
3493 1664 3695 1737 Legem

2103 1750 2306 1814 ferens.
2333 1753 2633 1808 homicidio
2657 1761 2717 1808 ut
2745 1754 3090 1813 abstineatur
3116 1755 3368 1826 principit
3395 1775 3410 1824 ;
3440 1772 3539 1812 vos
3565 1774 3698 1813 vero

2097 1841 2212 1913 jam
2254 1844 2497 1897 maxima
2529 1845 2739 1899 malitia
2787 1845 2857 1901 de
2887 1861 2974 1901 me
3009 1846 3317 1903 occidendo
3346 1850 3696 1904 consultatis.

367 1936 443 1989 δι’
479 1935 768 2006 ἀκρότητα
790 1933 1094 2004 ,πονηρὶας
1139 1935 1270 2004 περὶ
1316 1934 1416 2004 τῆς
1465 1934 1611 2004 ἐμῆς
1659 1935 1995 2005 ἀναιρέσεως

2103 1936 2217 1991 Hoc
2243 1948 2424 1991 autem
2461 1938 2534 1992 ita
2575 1940 2647 1994 sit
2676 1958 2688 1994 :
2719 1937 2828 1994 Sed
2858 1939 3084 2011 Moysis,
3114 1940 3314 2010 inquit,
3343 1940 3541 2012 Legem
3577 1942 3699 1997 vin-

370 2025 737 2097 βουλεύεσθε.
770 2026 843 2079 Ἦ
874 2026 970 2079 καὶ
999 2024 1174 2089 οὑτως
1193 2041 1207 2055 ·
1250 2023 1419 2078 Ἀλλὰ
1447 2024 1539 2077 τὸν
1564 2025 1814 2087 Μωσέως
1834 2064 1849 2085 ,
1887 2042 1992 2096 φη-

372 2122 492 2185 σὶν,
522 2121 796 2174 ὲκδικεῖτε
826 2120 1010 2191 Νόμον
1031 2134 1045 2148 ·
1074 2118 1287 2186 δείξατε
1326 2119 1506 2173 τοίνυν
1536 2119 1628 2172 ἐπὶ
1675 2118 1781 2171 τῶν
1816 2118 1996 2190 ἔργων

369 2214 477 2268 τοῦ
510 2213 704 2285 Νόμου
743 2213 844 2284 τὴν
885 2212 1134 2284 φυλακὴν
1162 2256 1176 2279 ,
1211 2213 1305 2266 καὶ
1335 2211 1528 2265 εἴπατε
1562 2211 1663 2282 τὴν
1708 2212 1890 2267 αἰτίαν
1927 2207 2009 2290 ἧς.

369 2306 549 2359 ἕνεκα
575 2303 789 2357 ἀνελεῖν
810 2320 878 2374 με
909 2302 1191 2373 βούλεσθε,
1221 2303 1250 2356 ὃ
1284 2302 1504 2357 πάντων
1526 2300 1891 2356 ἀνοσιώτατον
1918 2300 1995 2373 τῷ

371 2400 559 2470 Νόμῳ
583 2397 926 2468 νενόμισται.
958 2398 1021 2451 Οἱ
1043 2396 1102 2450 δὲ
1136 2395 1274 2465 πρὸς
1298 2394 1457 2466 ὓϐριν
1489 2394 1884 2466 ἀποκριθέντες
1913 2390 1993 2447 εἶα-

372 2510 509 2545 ςτον·
544 2492 869 2560 Δαιμόνιον
904 2488 1069 2560 ἔχεις
1094 2504 1108 2518 ·
1145 2490 1237 2556 τίς
1281 2504 1356 2542 σε
1412 2487 1574 2556 ζητεῖ
1604 2487 1994 2553 ἀποκτεῖναι;

369 2587 554 2660 ὀργῆς
586 2585 648 2637 τὸ
686 2583 842 2656 ῥῆμα
874 2585 973 2637 καὶ
1004 2582 1180 2654 θυμοῦ
1210 2583 1306 2637 καὶ
1337 2582 1518 2653 ψυχῆς
1560 2580 1995 2651 ἁναισθητούσης

371 2682 475 2734 ἐπὶ
522 2678 606 2749 τῷ
640 2678 962 2749 παραδόξως
1012 2676 1322 2748 ἐληλέχθαι.
1354 2673 1491 2731 Εἶτα
1532 2675 1776 2746 ἄφυκτον
1811 2673 1997 2746 βουλό-

376 2790 542 2843 μενοι
570 2768 915 2839 ἐργάσασθαι
937 2769 1029 2822 τὸν
1056 2767 1671 2840 ἐπιϐουλευόμενον,διά
1699 2768 1800 2838 τῆς
1827 2768 1998 2839 ἀρνή-

373 2882 545 2931 σεως,
582 2862 745 2917 τοῦτο
770 2860 1021 2917 ποιοῦσιν
1042 2877 1057 2892 ⁶
1088 2861 1251 2924 αὐτὸς
1289 2860 1346 2913 δὲ
1376 2861 1535 2930 ἀφεὶς
1563 2859 1781 2929 ἐλέγξαι
1810 2859 1991 2925 τοῦτο,

368 2960 526 3013 ὥστε
562 2957 640 3029 μὴ
678 2953 1203 3024 ἀναισχυντοτέρους
1236 2954 1483 3022 ποιῆσαι,
1527 2953 1691 3007 πάλιν
1727 2954 1827 3025 τῆς
1857 2953 1996 3006 ἀπο-

371 3051 576 3120 λογίας
613 3048 849 3102 ἅπτεται
878 3046 1019 3116 ὑπὲρ
1065 3044 1160 3098 τοῦ
1200 3044 1497 3108 σαϐϐάτου,
1539 3045 1648 3099 ἀπὸ
1674 3045 1770 3099 τοῦ
1804 3045 1992 3116 Νόμου

379 3139 849 3211 συλλογιζόμενος
902 3135 1102 3201 αὐτούς
1122 3154 1135 3167 ·
1177 3137 1273 3190 καὶ
1299 3136 1400 3208 δρα
1430 3136 1549 3199 πῶς
1584 3136 1823 3200 συνετῶς
1843 3152 1857 3167 ο
1891 3137 1997 3190 Οὑ-

376 3238 475 3291 ὃὲν
508 3230 848 3304 θαυμαστὸν,
888 3230 1076 3301 φησὶν,
1111 3230 1160 3282 εἰ
1185 3227 1321 3301 ἐμοῦ
1353 3228 1699 3300 παρακούετε
1719 3269 1733 3291 ,
1762 3231 1896 3283 ὅπου
1930 3247 1995 3299 γε

374 3328 510 3383 οὐδὲ
558 3321 729 3380 αὑτοῦ
761 3321 856 3375 τοῦ
886 3321 1077 3392 Νόμου
1105 3319 1408 3391 ἠκούσατε·
1444 3319 1635 3391 ἐπειδὴ
1665 3322 1777 3393 γὰρ
1809 3320 1997 3389 ἔλεγον

372 3422 463 3475 ὃτι
494 3412 691 3484 Μωσῇ
712 3410 1062 3478 λελάληκεν
1092 3413 1125 3464 ὁ
1149 3410 1297 3478 Θεὸς
1315 3450 1331 3476 ,
1362 3410 1584 3466 τοῦτον
1607 3411 1677 3465 δὲ
1699 3415 1811 3468 οὐκ
1837 3412 1999 3467 οἶδα-

369 3529 499 3584 μεν
546 3508 741 3564 πόθεν
784 3502 959 3560 ἐστὶν
984 3547 997 3571 ,
1054 3503 1330 3559 δείκνυσιν
1386 3504 1471 3560 ὅτι
1509 3506 1607 3561 καὶ
1671 3507 1751 3572 εἰς
1789 3507 1999 3562 ἐκεῖνον

377 3605 636 3678 ὕϐριζον.

429 3700 593 3771 Στίχ.
627 3697 808 3770 κβ¹.--
824 3698 1063 3763 Ἐκεῖνος
1089 3696 1164 3769 (1)
1183 3697 1280 3768 μὲν
1308 3695 1420 3767 γὰρ
1447 3694 1756 3767 νομοθετῶν
1780 3712 2000 3768 μιαιφο-

378 3796 509 3858 νίας
543 3792 851 3864 ἀπέχεσθαι
881 3790 1111 3854 κελεύει,
1141 3790 1300 3860 ὑμεῖς
1321 3788 1379 3842 δὲ
1398 3787 1464 3841 δι’
1507 3787 1789 3860 ἀκρότητα
1828 3803 1999 3857 πονη-

381 3887 514 3956 ρίας
543 3885 678 3958 περὶ
711 3885 812 3955 τῆς
845 3883 987 3955 ἐμῆς
1012 3883 1345 3955 ἀναιρέσεως
1375 3879 1736 3952 βουλεύεσθες
1765 3881 1875 3934 ἀπὸ
1905 3880 1999 3934 τοῦ

376 3982 548 4051 λόγου
575 3976 1028 4048 συλλογιζόμενος
1056 3976 1192 4048 πρὸς
1222 3972 1421 4051 αὑτρύς
1451 3990 1644 4045 φησιν’
1682 3976 1793 4027 Ἓν
1822 3973 2003 4043 ἔργον

378 3991 548 4051 λόγου
575 3991 1028 4048 συλλογιςομενος
1056 3991 1192 4048 προς
1222 3991 1323 4029 αυτ
1359 3991 1421 4038 υς
1451 3991 1644 4045 φησιν⁹
1685 3991 1793 4027 ίιιν
1822 3991 2002 4043 apror-

375 4072 673 4139 ἐποίησα,
708 4069 811 4124 καὶ
863 4067 1088 4135 πάντες
1121 3991 1465 4138 ﬂammigare,
1491 4065 1760 4131 τουτέστι,
1800 4066 2002 4137 ταράτ-

376 4165 574 4227 τεσθε,
608 4160 954 4235 θορυϐεῖσθε.

459 4255 618 4327 Στὶχ.
632 4250 894 4325 hit—To
907 4250 1233 4323 δαψιλὲς(ι⁶)
1247 4250 1350 4321 τῆς
1366 4250 1589 4322 χάριτος
1606 4252 1998 4321 αἰνιττόμενος,

380 4351 530 4419 ὅπερ
558 4344 801 4417 ἀλλαχοῦ
844 4361 1021 4416 φησι,
1057 4344 1231 4416 Πηγὴ
1270 4343 1492 4410 ὓδατος
1536 4341 1882 4412 ἁλλομένου
1913 4347 2003 4406 εἶς

382 4441 550 4507 (tuin-
577 4437 846 4503 αἰώνιον,
872 4435 1143 4500 τουτέστι,
1177 4434 1380 4505 πολλὴν
1406 4435 1518 4502 ἕξει
1541 4435 1723 4507 χάριν,
1761 4434 2000 4506 ἀλλαχοῦ

388 4534 498 4606 μὲν
538 4531 697 4600 ζωὴν
730 4529 982 4585 αἰώνιον
1029 4528 1181 4598 λέγει
1208 4569 1223 4591 ,
1256 4527 1494 4581 ἐνταῦθα
1547 4527 1605 4581 δὲ
1653 4526 1811 4595 ὕδωρ
1860 4526 1998 4589 ζῶν,

2100 2027 2319 2082 dicate.”
2354 2028 2642 2084 Ostendite
2694 2045 2828 2101 ergo
2886 2031 2954 2087 de
3012 2047 3258 2103 quanam
3310 2032 3700 2089 observatione

2099 2136 2327 2192 operum
2358 2121 2538 2192 Legis,
2560 2136 2899 2193 causamque
2921 2122 3091 2178 dicite
3121 2132 3344 2194 propter
3365 2140 3531 2195 quam
3558 2126 3702 2179 occi-

2099 2214 2229 2268 dere
2271 2228 2360 2268 me
2403 2216 2616 2282 vultis;
2671 2215 2818 2270 haud
2854 2216 3024 2272 dubie
3057 2216 3164 2271 hoc
3207 2217 3417 2271 crimen
3459 2217 3700 2273 maxime

2100 2305 2332 2376 impium
2367 2305 2513 2377 Lege
2562 2307 2904 2376 prohibitum
2957 2315 3063 2365 est.
3109 2307 3190 2363 llli
3238 2318 3420 2363 autem
3475 2309 3543 2363 ad
3595 2309 3701 2364 hoc

2098 2398 2460 2468 opprobrium
2481 2401 2886 2470 respondentes
2898 2400 3094 2457 dicunt
3113 2419 3126 2455 :
3152 2399 3486 2456 Dwmoninm
3501 2400 3660 2455 habes
3679 2416 3698 2455 :

2097 2492 2217 2561 quis
2263 2500 2311 2545 te
2340 2493 2531 2562 quaerit
2566 2493 2866 2561 interﬁcere
2889 2495 2915 2549 ?
2945 2491 3063 2548 Hoc
3093 2494 3320 2549 verbum
3365 2495 3469 2560 ira,
3517 2494 3701 2550 furore

2100 2596 2384 2653 pravaqtte
2420 2582 2771 2639 conscientia
2806 2582 2911 2637 fuit
2945 2584 3246 2652 prolatum.
3284 2582 3493 2639 Deinde
3545 2584 3697 2638 illum

2101 2674 2349 2731 volentes
2369 2674 2490 2730 sine
2511 2691 2609 2746 spe
2630 2673 2948 2744 aufugiendi
2975 2688 3195 2745 capere,
3228 2690 3327 2745 per
3347 2673 3698 2730 mendacium

2098 2764 2306 2819 exitum
2347 2766 2756 2836 adipiscuntur.
2791 2766 2886 2821 Ille
2918 2773 3125 2832 autem,
3157 2773 3220 2819 ut
3249 2767 3356 2820 hoc
3387 2780 3418 2820 a
3446 2780 3506 2821 se
3530 2767 3704 2835 repel-

2100 2856 2215 2910 lant
2244 2858 2457 2920 sinens,
2489 2873 2558 2912 ne
2590 2858 2763 2913 nimio
2799 2857 3012 2928 pudore
3044 2856 3461 2921 suﬂ‘undantur,
3497 2858 3700 2912 iterum

2098 2945 2515 3000 excusationem
2565 2947 2634 3001 de
2672 2945 2889 3001 sabbati
2922 2946 3227 3002 violatione
3256 2946 3600 3017 perstringit,
3630 2962 3697 3002 ex

2100 3034 2219 3104 ipsa
2245 3034 2387 3108 Lege
2422 3038 2545 3093 illos
2589 3038 2978 3105 convincens;
3034 3038 3222 3094 videre
3264 3047 3350 3095 est
3388 3053 3553 3109 quam
3604 3053 3698 3094 sa-

2099 3126 2317 3195 pienter
2347 3146 2360 3183 :
2394 3128 2539 3183 Nihil
2574 3130 2851 3195 mirabile,
2887 3131 3088 3204 inquit,
3117 3132 3161 3186 si
3201 3146 3288 3187 me
3327 3148 3437 3186 non
3469 3132 3698 3197 auditis.

2100 3231 2225 3274 cum
2270 3235 2342 3273 ne
2399 3220 2575 3292 ipsam
2607 3222 2829 3293 quidem
2856 3222 3056 3295 Legem
3088 3223 3367 3292 audiatis;
3414 3239 3541 3278 nam
3573 3241 3698 3280 cum

2101 3310 2351 3365 dicerent
2381 3312 2514 3382 quia
2546 3308 2725 3384 Moysi
2775 3313 2983 3369 locutus
3012 3323 3092 3370 est
3130 3314 3270 3369 Deus
3295 3330 3314 3369 :
3358 3315 3496 3369 hunc
3524 3324 3702 3369 autem

2103 3403 2368 3457 nescimus
2397 3404 2538 3459 unde
2563 3407 2634 3459 sit
2671 3404 2866 3476 (Joan.
2895 3422 2974 3473 ις,
3006 3406 3123 3473 29),
3164 3407 3407 3462 ostendit
3437 3407 3540 3478 ipsi
3566 3422 3704 3478 quo-

2103 3510 2211 3564 que
2243 3496 2367 3552 illos
2400 3499 2723 3554 conviciari.

2177 3700 2342 3757 Vens.
2366 3700 2532 3756 22—
2548 3700 2644 3755 Ille
2656 3699 2876 3771 quidem
2899 3700 3043 3771 Lege
3064 3701 3237 3757 vetuit
3252 3704 3318 3755 ne
3340 3701 3699 3757 homicidium

2105 3794 2475 3851 admitteretis
2502 3813 2514 3849 :
2540 3809 2636 3850 vos
2660 3802 2848 3850 autem
2870 3802 3102 3864 propter
3130 3809 3405 3849 summam
3430 3796 3700 3851 malitiam

2107 3896 2349 3944 vestram
2384 3888 2455 3942 de
2481 3895 2658 3942 morte
2692 3902 2813 3942 mea
2847 3886 3128 3958 cogitatis.
3149 3886 3269 3953 Qua
3299 3886 3516 3944 ratione
3539 3891 3700 3946 insti-

2106 3986 2228 4034 tuto
2276 3986 2603 4047 argumento
2630 3975 2770 4031 dicit
2814 3996 2826 4030 :
2867 3974 3043 4031 Unum
3084 3993 3216 4046 opus
3262 3977 3394 4047 feci,
3426 3987 3476 4033 et
3520 3995 3702 4044 omnes

2105 4070 2401 4137 miramini,
2443 4070 2549 4125 hoc
2586 4079 2693 4135 est,
2726 4069 3152 4141 perlttrbamini,
3187 4071 3631 4128 tumultuamini.

2180 4254 2343 4309 Vsus.
2374 4254 2464 4309 58.
2496 4283 2568 4293 —
2592 4252 3005 4308 Abundantiam
3054 4251 3252 4322 gratiae
3291 4251 3591 4324 signiﬁcat,
3639 4251 3708 4305 de

2107 4348 2380 4416 quamlibi
2412 4346 2549 4400 dicit
2577 4364 2590 4400 :
2629 4344 2773 4400 Fons
2800 4360 2955 4415 aqua:
2985 4344 3231 4398 salientis
3260 4345 3315 4397 in
3353 4345 3517 4398 vitam
3550 4354 3707 4398 arter-

2107 4456 2231 4493 nam
2266 4437 2461 4511 (Joan.
2496 4454 2568 4501 iv,
2608 4439 2729 4508 lt);
2778 4436 2832 4492 id
2867 4443 2974 4501 est,
3004 4438 3230 4490 multam
3261 4438 3495 4508 gratiam
3535 4438 3706 4493 habe-

2108 4534 2188 4588 bit
2218 4550 2233 4596 ;
2269 4532 2398 4586 alibi
2446 4544 2626 4585 autem
2679 4530 2850 4593 dicit,
2902 4530 3067 4583 vitam
3113 4538 3393 4593 teter-nam,
3446 4529 3537 4583 hic
3575 4545 3706 4584 vero

383 4624 697 4689 τουτέστιν,
730 4620 995 4695 ἐνεργοῦν
1025 4622 1140 4699 ἀεί’
1187 4623 1236 4675 εἰ
1265 4620 1375 4693 γὰρ
1404 4619 1498 4674 τοῦ
1530 4620 1852 4692 Πνεὺματος
1899 4620 1996 4691 χά-

2110 4643 2307 4697 aquam
2352 4626 2547 4687 vivam,
2594 4625 2645 4678 id
2693 4632 2799 4691 est,
2849 4638 3069 4694 semper
3101 4629 3446 4692 operantem.
3488 4620 3706 4677 Etenim

386 4735 480 4790 ρις
499 4757 515 4782 ,
544 4715 738 4787 ἐπειδὴ
764 4718 843 4780 εἰς
876 4714 1124 4785 καθαρὰν
1151 4714 1392 4768 διάνοιαν
1417 4713 1547 4787 ἔλθῃ
1574 4715 1669 4766 καὶ
1692 4713 2004 4787 ὲνιὸρυνθῇ,

388 4813 584 4881 πάσης
614 4810 803 4881 πηγῆς
837 4807 1038 4880 μᾶλλον
1064 4804 1379 4870 ἀναϐλύζει,
1425 4809 1520 4859 καὶ
1539 4808 1600 4860 οὑ
1623 4806 2001 4877 διαλιμπάνει,

381 4904 519 4960 οὑδὲ
563 4902 784 4955 ἵσταται
812 4900 938 4954 οὑδὲ
970 4898 1257 4954 κενοῦται’
1290 4898 1383 4953 καὶ
1424 4898 1553 4963 ἴδοις
1582 4897 1648 4952 ἃν
1682 4899 1744 4952 τὸ
1769 4899 2004 4971 λεγόμε-

386 5012 485 5051 νον
523 4994 716 5065 σαφῶς
756 4994 815 5047 ἐν
864 4994 977 5056 τοῖς
1029 4991 1388 5056 ἀποστόλοις,
1445 4991 1565 5056 πῶς
1603 4991 1757 5045 οὐδὲν
1805 4993 2004 5057 αὐτοὺς

387 5087 645 5159 ἐφοϐήθη
680 5086 806 5141 οὐδὲ
831 5085 1118 5156 ὑφίστατο,
1160 5085 1223 5138 οὑ
1251 5084 1440 5157 δήμων
1470 5085 1675 5156 θυμὸς,
1708 5086 1767 5138 οὑ
1798 5088 2005 5158 τυράν-

382 5198 505 5237 νων
532 5181 940 5244 ἐπαναστάσεις
961 5221 975 5243 ,
1003 5178 1119 5234 ἀλλ’
1148 5178 1224 5243 ὡς
1252 5176 1494 5248 ποταμὸς
1526 5177 1707 5250 πολλῷ
1728 5178 1806 5250 τῷ
1838 5180 2005 5251 ῥοίζῳ

389 5275 708 5349 φερόμενος
728 5316 743 5340 ,
773 5273 919 5329 οὑτω
950 5272 1129 5326 πάντα
1156 5271 1571 5342 παρασύροντες
1621 5274 1893 5346 ἀπῄεσαν.

1020 5477 1274 5531 ΚΕΦΛΛ.
1309 5476 1391 5528 II'.

466 5571 625 5643 Στίχ.
662 5576 771 5625 κα⁹.
793 5600 866 5612 ——
905 5568 1186 5623 Ἀπελθεῖν
1208 5569 1285 5640 (2)
1317 5569 1370 5621 δέ
1407 5586 1494 5637 με,
1527 5568 2004 5641 φησὶηπρυσήκει,

470 5756 554 5829 (1)
576 5754 671 5829 ΕΞ
695 5754 941 5810 Crameri
974 5765 1190 5811 catena.

473 5825 579 5894 (1⁸)
623 5825 725 5880 Mai
760 5829 899 5881 iit‘il.

478 5900 557 5971 ('2)
586 5895 753 5953 Cord.
790 5909 898 5953 cat.
938 5915 989 5968 p.
1035 5897 1162 5950 9.9.8.
1207 5894 1528 5950 'l'heo'lurus
1582 5896 1894 5966 pcricnpatn
1941 5896 2007 5949 th:

2111 4721 2351 4791 Spiritus
2370 4718 2549 4774 sancti
2575 4719 2774 4789 gratia,
2797 4732 2922 4772 cum
2958 4717 3013 4771 in
3040 4717 3279 4770 animam
3308 4730 3502 4786 puram
3523 4717 3708 4770 veniat

2109 4818 2277 4879 atque
2313 4808 2521 4862 habitet
2558 4808 2612 4861 in
2640 4822 2725 4874 ea,
2773 4806 2924 4861 omni
2965 4806 3118 4861 fonte
3148 4804 3531 4861 abundantius
3561 4809 3712 4861 exsi-

2110 4904 2169 4957 lit
2190 4943 2206 4964 ,
2233 4918 2335 4957 nec
2363 4901 2704 4967 intermittit,
2738 4917 2840 4958 nec
2871 4901 3040 4969 sistit,
3094 4916 3197 4956 nec
3227 4901 3578 4959 exhauritur.
3611 4901 3709 4956 γί-

2109 4997 2240 5051 dere
2262 5004 2347 5052 est
2364 4998 2419 5051 in
2444 4998 2711 5067 apostolis
2740 4996 2847 5050 hoc
2873 4996 3159 5066 perspicue
3180 4995 3415 5061 dictum,
3434 4996 3712 5065 quomodo

2111 5105 2214 5145 nec
2243 5088 2423 5144 territi
2480 5091 2592 5143 sint
2640 5104 2741 5144 nec
2785 5088 2944 5154 victi,
2982 5104 3085 5144 nec
3118 5089 3447 5158 populorum
3500 5086 3710 5151 furore,

2111 5196 2215 5237 nec
2274 5182 2525 5251 potentia
2589 5193 2978 5254 tyrannorum,
3038 5180 3135 5235 scil
3188 5190 3455 5251 tanquam
3507 5179 3711 5234 ﬂunwn

2113 5274 2304 5330 multis
2338 5275 2499 5345 aquis
2547 5275 2866 5340 exundans,
2927 5275 3114 5328 omnia
3170 5288 3358 5328 secum
3417 5272 3711 5329 trahentes

2120 5367 2381 5422 abierint.

2750 5479 2903 5534 CAP.
2942 5479 3077 5534 Vill.
3249 5514 3278 5568 '

2192 5570 2354 5626 Vens.
2385 5569 2477 5624 2|.
2499 5601 2566 5611 -—
2595 5571 2923 5627 Aheundum
2952 5580 3139 5628 autem
3173 5573 3309 5628 mihi
3337 5613 3351 5637 ,
3383 5571 3598 5644 inquit,
3630 5583 3717 5628 (εει

2124 5758 2355 5812 muliere
2383 5757 2653 5822 adultera,
2678 5773 2798 5825 qua:
2818 5757 3143 5830 ppaulorante
3173 5759 3382 5830 legitur:
3404 5773 3513 5813 non
3546 5759 3718 5813 inter-

2116 5840 2363 5896 pretatus
2395 5839 2476 5883 est
2503 5837 2640 5884 teste
2674 5829 2887 5883 st'huho
2911 5829 3034 5883 cod.
3064 5828 3283 5884 33531.1
3322 5828 3586 5901 (Griesb.)
