4162 6484
492 401 586 459 731

1711 402 2061 457 THEODOIll
2095 401 2575 459 MOPSUESTENI

3641 406 3752 459 76"!

488 533 591 585 eo,
648 531 758 588 quo
809 514 902 572 ubi
958 514 1133 579 fuero,
1169 528 1269 568 vos
1334 512 1553 582 quidem
1610 515 1898 584 pervenire
1960 532 2070 570 non

2180 517 2303 570 ὅπου
2346 518 2637 588 γενόμενος
2683 520 2805 590 ἐμοὶ
2833 522 2929 592 μὲν
2970 522 3265 595 πλησιάσαι
3309 527 3464 596 ὑμεῖς
3493 526 3552 579 ού
3601 525 3752 592 δυνή-

494 611 775 680 poteritis,
804 608 898 665 sed
934 607 1120 663 delicti
1161 608 1215 661 in
1249 622 1338 661 me
1376 622 1575 677 pmnas
1611 608 1837 664 dabitis.

564 743 730 798 Vens.
758 741 848 797 26.
881 772 950 783 -
983 740 1161 795 Multa
1208 740 1278 796 de
1332 740 1523 797 multis
1572 741 1767 795 habens
1818 742 1885 795 de
1932 743 2071 796 vobis

484 835 750 906 judicare,
797 831 949 903 jusle
994 847 1094 887 vos
1130 846 1242 886 non
1275 830 1475 899 dignos
1527 830 1744 900 loquela
1791 845 1912 883 mea
1958 831 2073 884 exi-

492 926 676 981 stimo.
711 922 823 979 Nec
851 922 946 993 qui
994 924 1143 977 misit
1175 938 1282 986 me,
1332 937 1418 975 me
1452 921 1601 975 misit
1630 929 1688 973 ut
1729 921 1884 975 vobis
1920 937 2075 975 men-

493 1017 648 1072 dacia
672 1016 953 1086 loquerer,
986 1030 1113 1068 cum
1146 1014 1219 1068 sit
1249 1013 1307 1067 in
1330 1011 1590 1067 omnibus
1618 1027 1802 1076 verax,
1834 1028 2074 1082 semper-

492 1126 599 1177 que
649 1110 766 1164 sola
800 1108 1031 1163 veritate
1078 1106 1359 1176 gaudens;
1412 1120 1515 1161 nec
1562 1121 1667 1173 ego
1707 1106 1814 1160 alia
1857 1106 1925 1160 ab
1963 1106 2072 1169 bis,

491 1217 613 1271 quin
642 1202 723 1256 illi
746 1200 985 1271 placent,
1022 1199 1218 1267 loquor
1244 1216 1258 1252 :
1290 1197 1365 1251 ita
1410 1205 1488 1262 ut,
1516 1200 1609 1268 qui
1633 1213 1730 1254 vos
1761 1198 2074 1253 incredulos

486 1292 635 1358 juste
672 1287 1043 1343 condemnare
1072 1301 1313 1357 possem,
1335 1284 1493 1355 'juste
1523 1286 1689 1342 etiam
1737 1288 1881 1357 loqui
1918 1286 2074 1342 vobis

492 1384 823 1441 abstineam.

561 1516 731 1575 Vens.
764 1517 854 1573 35.
884 1547 951 1559 —
981 1517 1453 1585 Quemadmodum
1481 1517 1740 1574 dominus
1765 1518 1927 1573 domo
1958 1533 2076 1572 ma-

491 1610 605 1663 lum
634 1625 859 1665 servum
888 1610 1138 1680 expellit,
1174 1625 1298 1664 cum
1334 1610 1439 1665 sibi
1484 1610 1773 1680 placuerit,
1811 1609 2077 1678 illumque

493 1701 671 1769 pretiis
701 1700 905 1770 quibus
953 1700 1189 1755 voluerit
1233 1699 1500 1770 subjicit;
1536 1700 1649 1753 ﬁlio
1678 1708 1881 1763 autem,
1932 1699 2077 1755 sicut

490 1791 741 1855 domino,
772 1790 1025 1861 expulsio
1064 1789 1216 1845 nulla
1257 1789 1503 1844 timenda
1534 1798 1619 1847 est
1644 1808 1658 1843 :
1686 1791 1789 1856 ,sic
1831 1788 2073 1859 quidem,

2176 609 2353 674 σεσθε,
2381 611 2471 663 τοῦ
2502 611 2557 662 δὲ
2601 614 2680 672 είς
2719 613 2817 684 ἐμὲ
2851 612 3319 687 πλημμελήματας
3357 618 3553 670 δώσετε
3576 616 3752 684 δίκην.

2245 741 2392 809 Στίχ.
2428 748 2541 806 κς·’.
2573 772 2643 782 -—-
2675 745 2882 798 Πολλὰ
2920 746 3077 814 ἔχων
3103 750 3179 820 (1)
3212 749 3364 819 ὑμᾶς
3407 749 3497 803 ἐπὶ
3543 749 3754 810 πολλοῖς

2174 833 2494 897 αἰτιᾶσθαι,
2516 834 2739 899 δικαίως
2777 836 2843 889 ἂν
2872 839 2994 891 οὐδὲ
3021 841 3120 910 τῆς
3147 842 3283 912 ἐμῆς
3314 842 3519 911 ἠξίωσα
3542 839 3753 909 φωνῆς’

2173 924 2297 976 οὐδὲ
2316 925 2423 995 γὰρ
2436 926 2465 976 6
2483 926 2705 995 πέμψας
2719 945 2785 998 με
2807 929 3149 1001 ἐνεχείρησεν
3166 933 3337 984 εἰπεῖν
3349 949 3399 983 τι
3416 931 3604 1000 ψευδὲς
3621 929 3755 999 πρὸς

2177 1016 2342 1086 ὑμᾶς,
2370 1016 2576 1089 ἀληθὴς
2601 1017 2676 1072 ὢν
2711 1018 2852 1072 κατὰ
2881 1020 3059 1075 πάντα
3082 1063 3096 1087 ,
3140 1023 3234 1075 καὶ
3270 1026 3336 1094 τῇ
3368 1022 3592 1093 ἀληθείᾳ
3620 1021 3757 1091 μόνῃ

2176 1108 2406 1161 πάντοτε
2436 1110 2641 1180 χαίρων
2667 1126 2679 1140 ⁸
2717 1109 2840 1163 οῦτε
2870 1111 2926 1163 δὲ
2961 1113 3071 1181 ἐγὼ
3097 1114 3259 1185 ἕτερα
3290 1113 3438 1183 παρὰ
3466 1114 3534 1166 τὰ
3562 1111 3755 1179 ἐκείνῳ

2174 1198 2435 1254 δοκοῦντα
2474 1199 2781 1272 φθέγγομαι
2803 1218 2815 1231 ·
2842 1201 2981 1256 ὥστε
3015 1204 3239 1267 δικαίως
3278 1205 3406 1275 ύμῖν
3440 1199 3757 1257 ἀπιστοῦσιν

2176 1291 2425 1358 ἐγκαλεῖν
2439 1292 2752 1363 δυνάμενος,
2768 1294 2851 1360 ,ὡς
2864 1296 2996 1366 πρὸς
3015 1296 3112 1364 τὴν
3127 1296 3384 1365 ἀλήθειαν
3400 1295 3507 1347 ἀπο
3515 1290 3759 1363 μαχομέ-

2176 1399 2315 1447 νοις,
2343 1382 2566 1447 δικαίως
2595 1384 2660 1438 ἂν
2695 1385 2787 1439 και)¹
2819 1386 2912 1439 τοῦ
2946 1386 3127 1439 λαλεῖν
3150 1387 3285 1458 πρὸς
3314 1388 3457 1457 ὑμᾶς
3495 1384 3755 1453 ἀπέστην.

2247 1518 2397 1588 Στίχ.
2428 1520 2523 1573 λε’.
2553 1552 2623 1563 -—~
2661 1522 2868 1593 Ὥσπερ
2908 1525 2937 1576 6
2968 1524 3235 1594 δεσπότης
3269 1522 3520 1575 ἐκϐάλλει
3557 1520 3653 1589 τῆς
3690 1520 3761 1572 οἰ-

2178 1607 2303 1671 κίας
2330 1608 2421 1660 τὸν
2460 1608 2644 1662 δοῦλον
2673 1610 3193 1681 κακογνωμονοῦντα
3238 1612 3328 1664 ὅτε
3362 1612 3455 1664 καὶ
3489 1608 3757 1678 βούλεται,

2179 1700 2274 1752 κα).
2296 1701 2587 1771 τιμωρίαις
2611 1702 2775 1754 αὑτὸν
2810 1703 3100 1756 ὑποϐάλλει
3126 1706 3244 1766 ταῖς
3268 1701 3553 1762 δοκούσαις
3576 1698 3758 1767 αὐτῷ·

2178 1790 2207 1842 6
2230 1788 2285 1841 δὲ
2315 1789 2428 1851 υἱὸς
2461 1791 2535 1852 ὡς
2563 1791 2833 1861 δεσπότης
2865 1793 2965 1845 ούκ
2994 1792 3106 1862 ἔχει
3149 1792 3238 1844 τὸν
3274 1790 3529 1857 ἐξεοῦντα
3556 1805 3571 1821 ’
3611 1786 3760 1858 ὁμῶς

490 1882 584 1952 qui
621 1883 790 1937 servit
822 1889 1075 1952 'peccato
1133 1881 1509 1951 expulsusque
1561 1889 1646 1936 est
1698 1896 1768 1935 ex
1819 1881 2075 1935 omnibus

2180 1876 2205 1927 6
2237 1877 2335 1945 μὲν
2369 1879 2433 1946 τῇ
2462 1878 2705 1949 ἁμαρτίᾳ
2737 1880 3134 1949 δεδουλωμένος
3161 1880 3264 1945 ἔξω
3284 1879 3563 1942 καθεστὼς
3589 1878 3760 1931 ἁπάν-

490 1989 612 2044 quae
640 1988 825 2029 coram
844 1973 955 2030 Deo
984 1980 1115 2030 sunt
1139 1974 1306 2037 bona,
1337 1982 1558 2029 aeternae
1585 1974 1778 2027 ultioni
1803 1974 2070 2027 traditur:

488 2065 583 2137 qui
620 2074 800 2121 autem
831 2065 1085 2121 libertate
1130 2064 1335 2120 fruitus
1354 2071 1459 2129 est,
1494 2072 1659 2136 atque
1691 2064 1746 2118 in
1772 2063 1865 2117 lilii
1896 2063 2075 2133 digni-

488 2166 600 2213 tate
626 2157 957 2214 constitutus
982 2165 1354 2224 est,aeternam
1379 2171 1569 2212 eorum
1605 2172 1728 2228 qua:
1750 2171 1933 2211 coram
1958 2156 2069 2210 Deo

497 2252 640 2305 bona
680 2257 808 2306 sunt
846 2250 1258 2320 possessionem
1282 2249 1502 2320 accipit.

561 2383 728 2439 Vens.
768 2383 860 2439 42.
891 2413 962 2424 -
1003 2372 1229 2440 P'oterat
1268 2384 1491 2455 quidem
1536 2392 1592 2440 et
1642 2384 1777 2439 illud
1816 2398 2070 2454 arguere,

489 2474 566 2529 ita
602 2490 664 2530 se
689 2490 800 2530 non
830 2474 1036 2531 habere
1073 2491 1087 2530 :
1131 2490 1275 2547 saepe
1315 2490 1557 2547 namque
1579 2475 1868 2530 commixti
1900 2474 2075 2546 genti-

486 2565 614 2631 bus,
647 2573 702 2621 et
742 2581 810 2620 ex
861 2564 1231 2622 fornicatione
1271 2566 1497 2637 plurimi
1547 2574 1706 2622 erant
1746 2567 1893 2633 nati;
1926 2564 2074 2636 quod

486 2672 518 2707 a
555 2658 843 2726 prephetis
866 2671 1244 2728 saepenumero
1269 2657 1378 2713 illis
1397 2657 1832 2727 improperatum
1851 2656 2071 2725 legitur.

489 2746 599 2803 Sed
652 2747 707 2802 id
756 2747 1024 2805 Dominus
1071 2749 1300 2805 minime
1333 2748 1505 2817 facit,
1552 2763 1741 2805 verum
1788 2764 1820 2803 a
1852 2750 2076 2818 propria

488 2840 614 2895 iltes
647 2854 782 2895 voce
811 2838 1119 2910 redarguit.

560 2969 727 3026 Vens.
755 2971 847 3027 ιδ.
878 3000 948 3014 -
981 2971 1095 3027 Hoc
1123 2973 1244 3028 vult
1275 2972 1461 3028 dicere
1488 2992 1500 3027 :
1555 2971 1662 3028 Sed
1690 2972 1833 3035 dico,
1872 2972 2074 3042 inquit,

486 3063 668 3128 vobis,
703 3062 881 3130 Quare
910 3063 1176 3134 loquelam
1207 3080 1378 3117 meam
1403 3081 1507 3118 non
1541 3064 1859 3132 cognoscitis
1886 3066 1911 3119 ?
1939 3064 2076 3119 Cum

488 3154 670 3210 dicere
696 3154 936 3224 potuerit
963 3173 976 3207 :
1001 3153 1140 3220 Quia
1165 3155 1229 3209 ad
1260 3155 1462 3209 malum
1489 3155 1646 3225 proni
1678 3154 1834 3211 estis.
1859 3156 2077 3225 Aperlae

487 3244 799 3314 probationi
826 3258 1081 3314 parcens,
1115 3260 1422 3301 sermonem
1458 3246 1755 3310 continuit,
1790 3245 1951 3312 Quia,
1991 3246 2076 3300 in-

490 3336 631 3407 quit,
687 3352 793 3390 non
825 3336 1068 3403 potestis.
1112 3335 1323 3392 Deinde
1355 3336 1597 3393 ostendit
1635 3352 1807 3408 quare
1842 3354 1944 3391 non
1978 3353 2075 3406 po-

490 3428 638 3484 testis
663 3445 678 3483 :
710 3428 922 3494 Quanta
945 3436 1063 3484 erat
1085 3432 1231 3483 enim
1256 3439 1436 3485 vestra
1462 3430 1618 3500 quasi
1648 3430 1925 3498 parentela
1952 3444 2077 3483 cum

490 3518 586 3573 illo
632 3518 725 3588 qui
759 3517 827 3571 ad
865 3516 1212 3572 mendacium
1268 3525 1464 3572 natura
1503 3533 1713 3588 pronus
1757 3524 1863 3583 est,
1925 3526 2077 3570 tanta

490 3609 557 3664 ad
616 3609 915 3680 veritatem
953 3609 1250 3665 conversio
1296 3610 1458 3666 debet
1508 3625 1657 3665 esse.
1685 3610 1860 3664 Aliter
1894 3616 2075 3663 autem

488 3700 623 3756 dicit
648 3720 662 3756 :
694 3700 957 3757 Diabolus
983 3710 1137 3772 pater
1165 3711 1252 3758 est
1283 3702 1575 3767 mendacii,
1598 3716 1721 3757 cum
1747 3700 1880 3755 illud
1912 3700 2075 3753 etiam

489 3794 753 3864 genuerit.
785 3792 1005 3848 Primus
1036 3793 1175 3847 illud
1227 3792 1519 3857 adhibens,
1552 3792 1828 3862 loquendo
1847 3790 2076 3854 Adamo,

491 3883 772 3952 proprium
826 3897 966 3952 opus
1018 3882 1289 3947 exercuit,
1331 3884 1439 3937 alia
1470 3897 1572 3951 pro
1612 3882 1737 3937 aliis
1776 3897 2076 3951 usurpans.

493 3975 638 4029 Dicit
682 3972 868 4043 igitur,
903 3972 1043 4039 Quia
1078 3972 1307 4026 mendas:
1333 3981 1409 4026 est
1439 3981 1488 4026 et
1517 3981 1667 4042 pater
1696 3971 1808 4040 ejus
1843 3972 1924 4041 (v.
1952 3971 2075 4039 44),

490 4065 620 4134 quia
663 4062 877 4118 scilicet
918 4059 1207 4117 mendacio
1232 4062 1445 4131 primus
1477 4075 1609 4116 usus
1657 4068 1762 4127 est,
1793 4069 1852 4113 ut
1885 4059 2081 4130 probat

490 4154 713 4213 additus
762 4152 1050 4217 articulus,
1102 4160 1164 4208 ut
1196 4152 1338 4208 solet
1369 4151 1749 4207 indifferenter
1791 4151 2077 4222 Scriptura

490 4262 650 4303 sacra
678 4245 852 4316 loqui.
892 4243 1188 4314 PrOpterea
1232 4243 1403 4315 igitur
1432 4243 1579 4314 quod
1630 4243 1903 4299 mendacii
1938 4244 2078 4300 socii

491 4336 636 4402 sitis,
669 4336 737 4391 ad
764 4334 1050 4391 veritatem
1086 4347 1248 4403 quam
1283 4332 1480 4403 loquor
1504 4347 1615 4388 non
1642 4332 1842 4388 mirum
1869 4341 1955 4388 est
1980 4347 2078 4388 vos

404 4444 411 4447 ‘
492 4445 602 4485 non
633 4428 939 4484 attendere.
974 4424 1091 4481 Hoc
1123 4432 1307 4480 autem
1338 4423 1637 4480 enodavit:
1675 4427 1856 4490 Quare
1883 4427 2079 4480 verita-

495 4530 596 4574 tem
623 4535 792 4573 meam
816 4533 923 4572 non
962 4516 1277 4588 cognoscitis
1302 4518 1327 4571 7
1348 4516 1474 4585 quia
1506 4532 1609 4569 non
1639 4518 1860 4583 potestis
1891 4517 2079 4571 audire
2109 4545 2154 4600 ι)

492 4623 782 4663 sermonem
809 4622 1004 4662 meum.
1042 4604 1285 4660 Causam
1313 4606 1462 4660 enim
1491 4605 1630 4661 dixit
1657 4614 1884 4676 prepter
1912 4622 2078 4678 quam

494 4716 604 4755 non
642 4705 896 4769 possunt,
949 4695 1025 4750 ita
1052 4703 1113 4750 ut
1153 4711 1265 4751 non
1297 4697 1352 4750 in
1387 4704 1606 4762 natura,
1647 4697 1743 4752 sed
1766 4698 1823 4752 in
1858 4698 2077 4753 illorum

496 4792 775 4847 voluntate
803 4788 1084 4850 videatur,
1117 4803 1347 4858 operum
1402 4788 1723 4859 impotentia
1751 4788 1806 4843 in
1842 4803 2082 4859 propen-

493 4888 651 4939 sione
683 4888 850 4951 atque
880 4878 1173 4935 aﬂectione
1207 4879 1276 4934 ad
1299 4880 1501 4935 malum
1525 4880 1765 4950 jacente.
1796 4879 1934 4935 Cum
1970 4894 2082 4933 non

493 4973 722 5029 credant
770 4971 987 5027 veritati
1032 4972 1341 5035 verborum,
1393 4987 1494 5026 nec
1528 4971 1653 5026 ideo
1691 4971 1836 5026 dicta
1881 4970 2085 5026 intelli-

497 5073 647 5138 gant,
693 5073 958 5135 tanquam
986 5076 1052 5117 ex
1075 5064 1369 5118 ratiocinio
1388 5064 1730 5119 concludens
1755 5064 1892 5119 dixit
1918 5082 1932 5119 :
1964 5063 2079 5134 Ego

498 5158 766 5213 veritatem
796 5156 936 5222 dico,
970 5170 1072 5209 non
1100 5155 1317 5211 creditis
1348 5157 1478 5210 mihi
1510 5155 1596 5227 (v.
1625 5155 1747 5223 45).

2177 1983 2284 2020 των
2312 1966 2447 2036 ὁμοῦ
2469 1968 2578 2020 τῶν
2596 1970 2749 2039 παρά
2770 1969 2905 2022 Θεοῦ
2933 1971 3135 2035 καλῶν,
3161 1974 3227 2041 τῇ
3255 1971 3493 2040 διηνεκεῖ
3520 1967 3759 2039 τιμωρίᾳ

2179 2058 2528 2129 παραδίδοται
2556 2076 2567 2089 ·
2598 2063 2625 2113 6
2648 2060 2705 2113 δὲ
2734 2062 2833 2132 τῆς
2876 2062 3192 2133 ἐλευθερίας
3232 2061 3545 2123 ἀπολαύσας
3573 2062 3665 2113 καὶ
3699 2062 3756 2112 ἐν

2178 2147 2293 2201 υἱοῦ
2324 2147 2475 2213 τάξει
2529 2152 2807 2214 καταστὰς
2853 2151 3092 2223 διηνεκεῖ
3142 2151 3250 2205 τῶν
3301 2152 3449 2222 παρὰ
3500 2150 3592 2203 τοῦ
3621 2146 3758 2201 Θεοῦ

2170 2241 2396 2308 ’ἀγαθῶν
2428 2242 2646 2312 δέχεται
2675 2243 2772 2314 τὴν
2800 2244 3121 2311 ἀπόλαυσιν.

2243 2375 2395 2445 Στίχ.
2416 2376 2599 2445 μβ’.-
2619 2377 2989 2449 Ἠδύνατο(1⁶)
3020 2380 3121 2450 μὲν
3156 2380 3251 2433 καὶ
3282 2378 3440 2432 τοῦτο
3465 2378 3562 2447 οὐχ
3589 2376 3761 2439 οῦτως

2176 2467 2321 2537 ἔχειν
2346 2470 2421 2539 (2)
2445 2467 2681 2537 ἐλέγξειν
2715 2471 2809 2523 καὶ
2841 2471 2949 2541 γὰρ
2986 2473 3329 2543 ἐπεμίγησαν
3355 2470 3614 2531 πολλάκις
3648 2470 3760 2530 τοῖς

2178 2559 2387 2612 ἔθνεσιν
2425 2560 2518 2612 καὶ
2550 2563 2614 2614 ἐκ
2644 2562 2902 2631 πορνείας
2930 2563 3114 2615 πολλοὶ
3158 2565 3285 2634 παρ’
3315 2563 3496 2624 αὐτοῖς
3534 2560 3759 2630 ἐτέχθη·

2179 2668 2297 2715 σαν,
2327 2653 2419 2703 καὶ
2449 2652 2689 2721 συνεχῶς
2714 2652 2872 2705 τοῦτο
2899 2653 3281 2722 ὀνειδιζόμενοι
3310 2653 3460 2723 παρὰ
3489 2655 3600 2715 τοῖς
3630 2668 3763 2721 προ-

2178 2742 2377 2810 φήταις
2412 2740 2710 2808 φαίνονται.
2754 2741 2894 2793 Ἀλλ’
2928 2741 3047 2794 ούδὲ
3101 2741 3257 2794 τοῦτο
3299 2744 3472 2793 ποιεῖν
3503 2740 3530 2791 ὁ
3559 2738 3762 2809 Κύριος

2177 2832 2449 2902 ἀνέχεται,
2480 2831 2595 2884 ἀλλ’
2624 2833 2731 2885 ἀπὸ
2764 2834 2863 2902 τῆς
2893 2833 3072 2886 αὐτῶν
3111 2835 3291 2903 φωνῆς
3326 2836 3422 2905 ('5).

2249 2963 2396 3034 Στίχ.
2430 2972 2613 3034 μγ¹.--
2633 2966 2802 3019 Τοῦτο
2824 2966 3069 3035 βούλεται
3094 2967 3168 3034 (4)
3196 2968 3370 3018 εἰπεῖν
3394 2983 3404 2995 ·
3439 2965 3577 3018 Ἀλλ’
3604 2967 3761 3028 εἴπω,

2180 3056 2362 3125 φησιν,
2390 3057 2536 3125 ὑμῖν,
2576 3058 2742 3122 Τίνος
2770 3058 2979 3111 ἕνεκεν
3006 3061 3077 3111 οὐ
3094 3060 3335 3111 συνίετε
3364 3060 3434 3112 τὰ
3463 3059 3597 3125 παρ’
3618 3057 3764 3127 ἐμοῦ

2179 3144 2508 3213 λεγόμενα;
2538 3148 2657 3200 ἀντὶ
2690 3147 2785 3199 τοῦ
2817 3149 3009 3215 εἰπεῖν,
3046 3150 3189 3218 Πρὸς
3227 3150 3286 3201 τὸ
3309 3153 3488 3222 χεῖρον
3526 3151 3719 3217 ρέπετε
3746 3167 3761 3179 ·

2182 3238 2398 3307 φεύγων
2423 3238 2515 3293 τοῦ
2546 3240 2769 3311 ἐλέγχου
2798 3242 2857 3295 τὸ
2888 3242 3181 3312 προφανὲς,
3219 3242 3457 3295 ἐκώλυσε
3478 3243 3566 3295 τὸν
3586 3243 3763 3312 λόγον,

2193 3329 2455 3399 Ἐπειδὴ,
2483 3332 2666 3402 φησὶν,
2697 3335 2768 3387 οὺ
2791 3333 3055 3389 δύνασθε
3079 3352 3091 3365 ·
3126 3331 3244 3389 εἶτα
3260 3336 3399 3389 ὥστε
3435 3335 3603 3399 δεῖξαι
3625 3335 3767 3388 κατὰ

2179 3419 2231 3471 τί
2262 3422 2333 3473 οὐ
2364 3420 2661 3476 δύνασθε·
2694 3423 2900 3475 ἐκείνου
2933 3425 3042 3495 γὰρ
3076 3426 3211 3495 πρὸς
3237 3425 3297 3478 τὸ
3342 3426 3535 3494 ψεῦδος
3571 3425 3765 3494 ῥέπον-

2178 3529 2271 3576 τος
2305 3514 2427 3566 ὅσον
2462 3514 2611 3584 ἔχετε
2643 3514 2742 3584 τὴν
2779 3516 2915 3586 πρὸς
2950 3518 3110 3569 αὑτὸν
3142 3518 3468 3589 οἰκειότητα,
3503 3518 3769 3586 τοσαύτην

2181 3605 2344 3675 ἐχρῆν
2382 3606 2526 3673 ὑμᾶς
2576 3607 2787 3678 ἀνάγκῃ
2835 3608 2970 3678 πρὸς
3017 3608 3114 3679 τὴν
3166 3610 3422 3680 ἀλήθειαν
3476 3612 3573 3681 τὴν
3609 3610 3768 3663 ἀλλο-

2179 3695 2403 3767 τρίωσιν
2418 3712 2430 3725 ·
2464 3695 2653 3749 ’Ὀταν
2670 3697 2776 3767 γὰρ
2802 3698 2988 3766 λαλῇ,
3008 3701 3125 3752 ἀντὶ
3138 3700 3253 3767 τοῦ,
3271 3703 3329 3755 '0
3345 3702 3589 3766 διάϐολος
3614 3705 3641 3756 6
3670 3702 3767 3755 τοῦ

2179 3783 2408 3853 ψεύδους
2436 3783 2639 3855 πατὴρ,
2669 3784 2728 3848 ὃς
2761 3786 3063 3857 ἐπειδήπερ
3103 3788 3234 3841 αὐτὸ
3270 3789 3364 3842 καὶ
3405 3789 3766 3858 γεγέννηκεν

2183 3875 2399 3947 πρῶτος
2420 3876 2550 3930 αὐτὸ
2573 3876 2884 3946 περιϐαλὼν
2908 3881 2968 3931 ἐν
2993 3882 3058 3949 τῇ
3091 3880 3226 3949 πρὶς
3242 3881 3412 3950 Ἀδὰμ
3435 3884 3585 3951 φωνῇ
3605 3881 3772 3951 ἕτερά

2181 3985 2240 4020 τε
2268 3967 2404 4037 πρὸς
2436 3968 2597 4020 αὐτὸν
2635 3968 2753 4021 ἀνθ’
2797 3969 2999 4041 ἐτέρων
3037 3972 3209 4023 εἰπεῖν
3240 3972 3318 4042 τῷ
3360 3972 3473 4043 ἰδίῳ
3501 3973 3768 4043 κέχρηται

2182 4059 2348 4129 ἔργῳ·
2370 4059 2431 4111 τὸ
2449 4054 2542 4111 οὖν
2560 4059 2688 4113 "Ott
2712 4062 2989 4129 ψεύστης
3005 4061 3135 4115 ἐστὶ
3160 4062 3257 4117 καὶ
3280 4066 3313 4117 ὀ
3343 4066 3540 4132 πατὴρ
3556 4065 3767 4129 αὐτοῦ,

2183 4150 2271 4205 ἶνα
2303 4152 2434 4226 εἴπῃ
2460 4154 2540 4206 ὅτι
2578 4153 2672 4206 καὶ
2696 4152 2925 4224 ψεύδους
2959 4154 3174 4225 πρῶτος
3203 4155 3365 4220 αὐτὸς
3401 4159 3767 4229 χρησάμενος,

2181 4245 2257 4307 ὡς
2287 4246 2536 4313 φαίνεται
2570 4247 2631 4300 τὸ
2663 4247 2864 4320 ἄρθρον
2904 4249 3357 4320 παρεγκείμενον,
3388 4252 3530 4305 κατά
3571 4253 3669 4322 τὴν
3711 4254 3770 4304 ἐν

2179 4340 2246 4408 τῇ
2280 4338 2401 4409 θείᾳ
2427 4338 2619 4412 Γραῷῇ
2666 4340 2767 4409 τῆς
2796 4340 3049 4412 φράσεως
3090 4341 3442 4413 ἀδιαφορίαν·
3482 4344 3568 4397 διὰ
3613 4343 3771 4397 τοῦτο

2180 4429 2358 4483 τοίνυν
2383 4431 2598 4495 οἰκείως
2629 4432 2843 4502 ἔχοντες
2864 4434 3001 4504 πρὸς
3022 4434 3083 4486 τὸ
3108 4434 3323 4505 ψεῦδος,
3352 4436 3451 4505 τὴν
3479 4436 3607 4506 παρ’
3631 4435 3767 4505 ἐμοῦ

2181 4522 2485 4594 λεγομένην
2525 4524 2782 4594 ἀλήθειαν
2810 4527 3034 4589 εἰκότως
3070 4527 3131 4578 ού
3165 4525 3451 4597 προσίεσθε
3477 4543 3489 4555 ·
3520 4525 3678 4579 τοῦτο
3710 4528 3768 4578 δὲ

2184 4613 2431 4667 ἀπέδωτο
2465 4615 2601 4685 πρὸς
2622 4615 2703 4676 τὸ,
2731 4615 2833 4669 Διὰ
2851 4617 2910 4668 τί
2937 4618 3051 4684 τὴν
3073 4616 3362 4683 ἀλήθειαν
3388 4618 3502 4685 τὴν
3522 4617 3677 4686 ἐμὴν
3695 4620 3769 4670 οὐ

2182 4702 2539 4774 qur-(barcen;
2561 4705 2731 4760 ὅτιού
2752 4706 3016 4762 δύνασθε
3043 4710 3288 4763 ἀκούειν
3306 4710 3414 4762 τὸν
3426 4712 3763 4778 ,λόγονμου⁹

2182 4793 2282 4863 τὴν
2306 4794 2417 4865 γὰρ
2446 4795 2625 4849 αἰτίαν
2659 4792 2811 4849 εἶπεν
2840 4795 2906 4850 δι’
2938 4797 3004 4867 ἢν
3029 4798 3089 4850 οὐ
3121 4797 3394 4861 δύνανται,
3422 4799 3560 4851 ὥστε
3594 4799 3771 4867 φανῆ-

2182 4901 2271 4938 ναι
2293 4886 2351 4939 ἐν
2383 4888 2448 4957 τῇ
2472 4886 2649 4939 αὐτῶν
2677 4888 3016 4959 προαιρέσει,
3046 4889 3140 4943 καὶ
3162 4890 3261 4943 οὐκ
3285 4892 3342 4943 ἐν
3373 4893 3439 4961 τῇ
3471 4889 3649 4959 φύσει,
3672 4889 3772 4959 τὴν

2183 4974 2280 5028 τοῦ
2309 4976 2636 5047 πράγματος
2685 4976 2988 5048 ἀδυναμίαν
3022 4980 3305 5049 κειμένην,
3349 4981 3405 5031 ἐν
3435 4983 3500 5051 τῇ
3534 4980 3670 5051 πρὸς
3704 4979 3775 5032 τὰ

2188 5068 2357 5139 χείρω
2384 5071 2525 5141 ῥοπῇ
2562 5071 2655 5123 καὶ
2684 5070 2863 5141 φιλία’
2897 5071 2958 5124 οὐ
3003 5072 3376 5142 προσιεμένων
3411 5072 3518 5125 τῶν
3548 5071 3776 5139 λεγομέ-

2189 5177 2296 5215 νων
2332 5162 2432 5233 τὴν
2461 5161 2751 5232 ἀλήθειαν·
2785 5163 2873 5217 διὰ
2917 5163 3074 5216 τοῦτο
3111 5164 3232 5216 οὐδὲ
3263 5163 3551 5217 συνιέντων
3586 5162 3653 5216 τὰ
3684 5163 3774 5215 λε-

498 5250 724 5321 γόμενα,
759 5246 948 5320 ὥσπερ
971 5263 1022 5301 τι
1066 5247 1427 5320 συλλογισμοῦ
1461 5245 1835 5318 συμπέρασμα
1866 5245 2025 5301 τοῦτο
2061 5249 2312 5308 ἀπέδωτο
2332 5253 2413 5321 τὸ,
2448 5254 2580 5308 Ὅτι
2609 5254 2722 5322 τὴν
2754 5254 3045 5322 ἀλήθειαν
3081 5254 3256 5324 λέγω,
3327 5255 3398 5307 οὐ
3462 5251 3777 5307 πιστεύετέ

494 5358 615 5411 μοι.

571 5558 781 5638 (litigi
819 5559 949 5638 una.
979 5575 1031 5629 p.
1067 5559 1194 5638 ιορΣ

573 5627 681 5699 (Γ)
700 5628 875 5699 90rd.
900 5627 1007 5683 cat.
1040 5646 1093 5699 p.
1133 5630 1264 5684 237.

578 5697 654 5769 (:3)
677 5697 822 5769 ραι..
853 5698 1014 5769 ἔχων.

576 5767 652 5834 (5)
686 5765 751 5839 Ut
769 5765 1039 5839 sententia
1057 5776 1213 5839 certe,
1230 5768 1440 5839 integra
1466 5770 1536 5825 sit
1562 5769 1700 5825 adde
1724 5778 1847 5839 post
1878 5786 1931 5825 v.
1972 5788 2086 5839 φω-

511 5833 601 5904 νῆς
621 5851 671 5890 v.
704 5836 915 5907 ἐλέγχει
940 5837 1156 5900 αὐτούς.
1180 5833 1500 5909 Cujusiuodi
1524 5855 1609 5896 vv.
1636 5833 1867 5896 l‘oriasse
1897 5833 2084 5897 errore

2183 5566 2526 5632 exciderunt,
2560 5581 2871 5636 quanquam
2918 5566 2972 5619 in
3021 5566 3229 5621 catenis
3264 5567 3405 5621 haud
3442 5582 3569 5622 raro
3602 5570 3776 5625 oratio

2192 5643 2397 5692 temere
2422 5639 2499 5691 ita
2534 5646 2816 5708 contracta
2844 5706 2853 5708 _
2880 5645 2984 5698 est,
3032 5645 3091 5708 ut
3123 5638 3347 5706 intelligi
3374 5648 3627 5708 nequeat,
3669 5641 3776 5694 nisi

2188 5706 2733 5849 “(ignitiemiifvlerba
2788 5704 2924 5761 falso
2964 5707 3169 5765 omissa
3200 5704 3477 5778 scriptori"
3495 5709 3776 5765 restituas.

2421 5793 2514 5831 ait
2562 5793 2573 5830 l
2623 5818 2635 5830 .

2421 5793 2470 5831 3|
2501 5793 2635 5831 ιυιυ.
