4162 6466
373 317 575 401 755,

1006 439 1261 494 ΚΕΦΔΛ.
1305 439 1382 494 8'.

454 529 614 599 Στίχ.
651 527 717 599 β.
750 529 1084 600 -σΕὔλογον
1133 534 1231 604 μὲν
1291 534 1473 588 αἰτίαν
1516 529 1655 589 εἶναι
1715 534 1806 590 τοῦ
1859 553 1991 606 συμ-

376 623 585 685 ϐάντος
613 621 921 689 ἐπίστευον,
963 626 1058 678 καὶ
1088 625 1187 678 οὐκ
1216 626 1281 679 ἂν
1315 626 1501 690 ἁπλῶς
1534 627 1684 699 αὐτῷ
1714 626 1988 697 συμϐῆναι

374 716 443 767 τὸ
468 714 669 780 πάθος,
705 714 801 768 τοῦ
819 716 957 770 Θεοῦ
984 717 1042 770 τὸ
1063 715 1402 788 ἀνθρώπινον
1423 718 1827 791 ὲπιμελημένου
1852 737 1991 791 πρα-

375 803 652 876 γμάτων·
698 808 839 862 κατά
881 809 939 862 δὲ
982 809 1079 880 τὴν
1115 810 1464 883 ἀνθρωπίνην
1496 811 1806 875 ἀσθένειαν,
1840 812 1990 865 οὐδὲν

375 898 556 953 πλέον
585 900 880 954 ὑπολαϐεῖν
909 901 1248 974 δυνηθέντες.
1278 904 1375 976 τὴν
1418 905 1513 959 τοῦ
1550 905 1856 975 συμϐάντος
1903 906 1990 959 αἰ·-

374 992 509 1046 τίαν
563 993 658 1045 ἐπὶ
708 993 986 1066 ἁμαρτίαν
1023 996 1193 1066 μόνην
1234 996 1519 1069 ἀνέφερον,
1554 999 1674 1069 ἦτοι
1720 998 1922 1066 γονέων
1957 998 1991 1068 ἢ

338 1144 357 1161 ε
375 1085 482 1139 καὶ
510 1083 682 1139 αὑτοῦ
718 1085 1053 1150 πεπονθότος
1073 1105 1088 1118 υ
1123 1089 1220 1159 οὐχ
1248 1088 1323 1152 ὡς
1349 1090 1438 1143 διά
1465 1088 1527 1143 τὸ
1555 1092 1869 1161 ἀμαρτῆσαι
1896 1108 1996 1144 παι

373 1178 578 1242 θόντος
605 1195 621 1210 ⁸
655 1179 773 1243 πῶς
812 1179 920 1252 γὰρ
966 1174 1077 1234 οἷόν
1118 1198 1177 1234 τε
1214 1177 1281 1252 ἦν
1333 1183 1599 1253 ἁμαρτεῖν
1627 1182 1718 1237 τὸν
1767 1183 1994 1255 μηδέπω

373 1268 726 1338 γεννηθέντα
746 1286 761 1333 ;
798 1268 912 1322 ἀλλ’
947 1269 1024 1334 ὼς
1054 1270 1119 1324 ἂν
1148 1271 1237 1324 διά
1269 1270 1329 1323 τὺ
1376 1271 1590 1342 μέλλειν
1635 1272 1992 1343 ἁμαρτάνειν,

374 1358 483 1413 τοῦ
522 1361 664 1414 Θεοῦ
714 1362 851 1432 μετά
888 1363 1198 1434 πρόγνωσιν
1232 1365 1393 1417 αὑτὸν
1445 1365 1523 1436 τῷ
1570 1366 1734 1419 πάθει
1767 1366 1997 1435 περιϐα-

376 1452 601 1515 λόντος.
686 1458 693 1465 ’

457 1545 620 1616 Στίχ.
658 1553 725 1614 γ’.
759 1576 829 1585 -
866 1547 1071 1613 Εἰπὼν,
1096 1549 1220 1602 Ἵνα
1252 1550 1566 1620 φανερωθῇ
1606 1553 1643 1620 ἡ
1694 1551 1845 1616 δόξα
1888 1553 1996 1606 τοῦ

380 1638 569 1704 Θεοῦ,
602 1639 733 1707 περὶ
760 1640 959 1693 ἑαυτοῦ
1002 1643 1267 1713 φησιν,ού
1301 1646 1430 1714 περί
1458 1644 1551 1697 τοῦ
1586 1645 1819 1716 Πατρός·
1855 1644 1999 1699 ὲκεί-

378 1745 481 1781 νου
517 1728 633 1799 γὰρ
662 1730 695 1799 ἡ
744 1730 871 1795 δόξα
892 1782 897 1785 ,
920 1733 1131 1804 φανερά
1172 1730 1239 1807 ἦν
1263 1750 1276 1765 ·
1310 1735 1499 1805 ἐπειδὴ
1532 1736 1640 1807 γὰρ
1689 1738 1884 1808 ἤκουον
1914 1738 1997 1792 ὅτι

375 1823 412 1871 ὀ
427 1821 573 1884 Θεὸς
596 1822 824 1893 ἐποίησε
851 1823 943 1876 τὸν
963 1825 1251 1895 ἄνθρωπον
1274 1826 1403 1897 χοῦν
1425 1827 1604 1881 λαϐὼν
1620 1830 1729 1882 ἀπὸ
1751 1830 1852 1900 τῆς
1872 1832 1997 1901 γῆς,

376 1913 477 1967 διὰ
506 1914 673 1967 τοῦτο
702 1915 793 1968 καὶ
820 1916 984 1980 αὐτὸς
1009 1918 1266 1989 ἐποίησεν
1420 1920 1493 1973 T6
1526 1922 1625 1992 μὲν
1654 1922 1765 1994 γάρ
1795 1924 1997 1986 εἰπεῖν,

376 2010 470 2060 ὅτι
523 2006 672 2075 Ἐγὼ
711 2010 826 2079 είμι
860 2009 889 2060 ό
923 2010 1015 2063 καὶ
1042 2010 1165 2064 τότε
1196 2010 1652 2085 πλαστουργήσας
1670 2015 1762 2070 τὸν
1794 2015 2003 2088 ἄνθρω-

377 2117 517 2163 πον,
575 2098 883 2171 πρόσαντες
937 2101 1111 2156 ἐδόκει
1160 2106 1271 2169 τοῖς
1325 2106 1622 2160 ἀκούουσιο
1670 2107 1758 2160 διά
1801 2107 1857 2161 δὲ
1907 2108 2003 2161 τοῦ

377 2193 562 2265 ἔργου
590 2193 755 2247 τοῦτο
786 2194 1160 2266 δεικνύμενον,
1193 2198 1377 2253 οὐκέτι
1411 2199 1596 2254 λοιπὸν
1631 2199 1962 2272 προσίστατο
1987 2217 2001 2232 '

379 2284 472 2339 διὸ
496 2285 566 2356 δὴ
594 2285 689 2339 καὶ
711 2285 874 2351 αὐτὸς
897 2287 1079 2341 λαϐὼν
1104 2289 1234 2360 χοῦν
1268 2291 1377 2345 ἀπὸ
1406 2292 1506 2364 τῆς
1534 2293 1658 2363 γῆς,
1692 2294 1786 2346 καὶ
1816 2292 2005 2365 φυρῶν

377 2380 468 2450 τῷ
506 2378 817 2448 πτύσματι,
866 2380 1041 2445 οὓτως
1071 2381 1169 2453 τὴν
1216 2384 1607 2455 κεκρυμμένην
1652 2385 1818 2439 αὑτοῦ
1848 2385 2005 2450 δόξαν

382 2472 751 2542 ἑφανέρωσε’
783 2473 843 2525 οὐ
881 2474 1055 2545 μικρά
1087 2475 1193 2543 γὰρ
1234 2475 1362 2541 δόξα
1385 2476 1447 2530 τὸ
1475 2475 1815 2549 δημιουργὸν
1841 2479 2006 2532 αὐτὸν

380 2566 728 2636 νομισθῆναι
756 2570 856 2637 τῆς
884 2568 1116 2632 κτίσεως
1139 2586 1152 2599 ·
1180 2571 1228 2622 εί
1264 2569 1372 2641 γάρ
1408 2571 1537 2642 περὶ
1564 2571 1662 2626 τοῦ
1697 2571 1943 2643 μείζονος
1969 2574 2002 2644 ἡ

380 2660 599 2723 κτίσις,
625 2662 720 2712 καὶ
735 2660 794 2716 τὸ
824 2660 1047 2714 ἔλαττον
1078 2660 1330 2715 ἐϐεϐαίου
1351 2681 1363 2694 ·
1390 2664 1622 2728 κτίσεως
1647 2664 1755 2737 γὰρ
1784 2665 2007 2736 ἀπάσης

379 2750 734 2822 τιμιώτερον
765 2754 794 2805 ό
826 2752 1135 2823 ἄνθρωπος,
1168 2754 1260 2807 καὶ
1305 2755 1411 2808 τῶν
1442 2757 1500 2810 ἐν
1540 2759 1675 2826 ἡμῖν
1706 2757 1886 2827 μελῶν
1926 2775 2008 2811 τι·

385 2844 674 2915 μιὼτερον
702 2846 732 2897 6
760 2844 1039 2922 όρθαλμός
1066 2862 1078 2874 ⁸
1111 2846 1212 2917 οὐχ
1258 2847 1392 2918 ὕλης
1416 2849 1473 2902 δὲ
1504 2848 1670 2921 ἔτερα
1702 2850 1792 2903 τὸν
1836 2850 2009 2920 πηλὸν

379 2936 694 3008 λαμϐάνει,
730 2937 846 2990 ἀλλ’
891 2939 1085 2992 ἑαυτὸν
1126 2936 1265 2994 εἶναι
1319 2941 1588 2996 διδάσκων
1635 2943 2006 3015 δημιουργόν

377 3029 490 3082 καὶ
522 3028 693 3098 νίψας
708 3029 983 3084 ἀπολῦσαι
1004 3047 1018 3062 ·
1048 3033 1144 3085 καὶ
1172 3033 1255 3086 ὅτι
1282 3034 1411 3106 περὶ
1436 3034 1629 3089 ἑαυτοῦ
1656 3054 1844 3109 φησιν,
1876 3038 2013 3092 Ἵνα

1592 324 1658 377 ΙΝ
1690 321 2144 379 EVANGELIUM
2176 322 2480 378 JO.\NN|S.

3580 325 3683 380 ’ἴω

2747 439 2902 500 CAP.
2930 440 3022 497 IX.

2174 527 2340 583 Vsus.
2370 528 2425 582 2.
2452 557 2523 569 -—
2556 530 2790 585 Causam
2830 531 3114 587 infortunii
3156 531 3512 587 verisimilem
3561 544 3683 586 esse

2096 622 2418 687 credebant,
2455 636 2555 676 nec
2586 622 2636 676 ei
2669 622 2951 679 immerito
2980 631 3299 680 eventuram
3342 637 3465 678 esse
3490 622 3683 676 adver-

2095 716 2337 779 sitatem,
2370 714 2504 777 Deo,
2532 715 2774 769 humano
2808 730 2985 779 more,
3016 731 3105 773 res
3129 717 3399 771 humanas
3427 724 3679 770 curante.

2095 804 2438 860 lnlirmitatis
2478 806 2736 860 humanae
2764 820 2957 870 causa,
2988 806 3129 860 nihil
3166 807 3399 877 amplius
3438 807 3681 876 cogitan-

2096 906 2199 962 tes,
2230 899 2332 953 soli
2367 910 2594 967 peccato
2621 914 2718 954 seu
2749 908 3058 969 parentum,
3090 914 3184 955 seu
3218 901 3391 970 ipsius
3424 898 3683 970 patientis

2096 1004 2319 1045 causam
2364 989 2651 1045 infortunii
2686 990 3025 1054 tribuebant,
3055 1006 3165 1045 non
3199 991 3418 1061 quidem
3461 1000 3685 1060 peccato

2092 1083 2205 1153 jam
2230 1086 2296 1137 ab
2318 1083 2410 1138 illo
2426 1083 2725 1139 commisso
2750 1101 2762 1137 :
2787 1083 3066 1153 quomodo
3089 1084 3236 1139 enim
3262 1083 3503 1137 nondum
3525 1092 3687 1137 natus

2100 1189 2329 1243 peccare
2362 1175 2679 1245 potuisset?
2705 1176 2801 1230 sed
2842 1182 3070 1245 peccato
3109 1175 3522 1240 committendo,
3558 1173 3687 1240 Deo,

2095 1270 2252 1339 juxta
2289 1270 2691 1340 prmVisionem,
2721 1268 3109 1325 adversitatem
3146 1267 3489 1339 providente.

2179 1554 2343 1611 Vsus.
2372 1556 2501 1610 5.-
2521 1553 2655 1609 Cum
2680 1555 2850 1609 dicit:
2884 1554 2952 1609 Ut
2979 1556 3351 1625 manifestatur
3374 1554 3548 1625 gloria
3577 1552 3690 1615 Dei,

2102 1647 2169 1703 de
2217 1649 2402 1717 seipso
2433 1647 2590 1713 dicit,
2645 1662 2754 1701 non
2798 1647 2867 1702 de
2894 1644 3097 1713 Patre;
3140 1646 3307 1716 hujus
3338 1648 3483 1701 enim
3519 1646 3692 1715 gloria

2104 1740 2399 1795 manifesta
2442 1746 2583 1794 erat.
2613 1738 2746 1793 Nam
2782 1738 2976 1804 Deum,
3030 1739 3162 1794 limo
3196 1753 3227 1794 e
3263 1748 3407 1793 terra
3452 1746 3694 1807 sumpto,

2105 1832 2385 1888 hominem
2410 1830 2612 1887 fecisse
2642 1832 2953 1896 audierant,
2991 1838 3216 1902 propter
3245 1830 3396 1901 quod
3423 1831 3539 1900 ipse
3567 1846 3700 1900 quo-

2106 1943 2213 1999 que
2251 1927 2475 1982 fecerat.
2518 1926 2578 1980 Si
2613 1926 2761 1982 enim
2807 1926 3071 1981 dixisset:
3116 1925 3228 1996 Ego
3269 1940 3392 1979 sum
3434 1926 3528 1996 qui
3567 1933 3699 1978 tunc

2107 2033 2327 2089 quoque
2360 2017 2624 2086 plasmavi
2672 2015 2973 2080 hominem,
3002 2014 3198 2071 durius
3231 2015 3336 2070 hoc
3365 2015 3474 2070 illis
3516 2015 3696 2070 visum

2108 2112 2324 2167 fuisset.
2369 2108 2488 2163 Hoc
2515 2124 2654 2179 opus
2683 2123 2809 2163 cum
2843 2108 2914 2162 sit
2945 2114 3268 2177 patraturus
3291 2107 3430 2161 nihil
3461 2106 3700 2176 amplius

2108 2202 2337 2257 addidit.
2374 2200 2493 2271 Ipse
2531 2216 2666 2271 ergo
2714 2215 2936 2272 quoque
2970 2215 3000 2255 e
3027 2206 3179 2255 terra
3224 2199 3415 2253 limum
3447 2212 3697 2262 sumens,

2109 2304 2385 2366 sputoque
2415 2294 2682 2356 miscens.
2735 2296 2817 2349 sic
2870 2291 3247 2349 absconditam
3285 2306 3440 2347 suam
3470 2290 3703 2361 gloriam

2110 2384 2486 2439 manifestavit
2512 2401 2527 2451 ;
2557 2399 2668 2438 non
2697 2384 2845 2439 enim
2877 2392 2999 2439 erat
3021 2383 3073 2439 ei
3104 2382 3319 2437 modica
3352 2381 3525 2453 gloria
3557 2395 3707 2436 crea-

2108 2475 2281 2530 tionis
2307 2485 2586 2529 auctorem
2616 2475 2947 2531 eximimari.
2984 2474 3121 2529 Nam
3147 2476 3192 2529 si
3221 2475 3288 2531 de
3314 2475 3519 2546 majore
3549 2487 3707 2529 crea-

2111 2570 2185 2624 tio
2216 2568 2531 2636 haberetur,
2565 2568 2714 2639 quod
2744 2576 2865 2623 erat
2892 2567 3077 2622 minus
3099 2566 3484 2622 confirmabat.
3513 2565 3709 2632 Quem-

2113 2661 2409 2717 admodum
2435 2662 2582 2717 enim
2615 2660 2773 2716 omni
2796 2659 3081 2716 creatione
3120 2659 3362 2714 nobilior
3392 2667 3477 2715 est
3516 2658 3705 2724 homo,

2112 2755 2193 2810 sic
2233 2754 2492 2810 omnibus
2536 2754 2802 2810 membris
2838 2755 3048 2809 nostris
3083 2753 3328 2808 nobilior
3370 2759 3456 2808 est
3486 2752 3705 2807 oculus.

2111 2846 2257 2901 Nihil
2288 2847 2436 2901 aliud
2458 2862 2622 2917 quam
2648 2848 2841 2901 limum
2872 2862 3120 2912 sumens,
3144 2847 3335 2917 sicque
3360 2845 3565 2901 docens
3586 2860 3712 2901 esse

2113 2945 2443 3004 creatorem,
2493 2939 2699 3009 jubens
2750 2954 2971 3010 quoque
3027 2939 3201 2993 lavari
3248 2946 3308 2993 ut
3377 2944 3707 3004 sanaretur;

2115 3030 2324 3085 addens
2373 3044 2593 3100 quoque
2635 3032 2703 3085 de
2739 3031 2945 3100 seipso,
2994 3028 3065 3083 Ut
3110 3029 3480 3097 manifestatur
3535 3029 3712 3100 gloria

381 3122 723 3193 φανερωθῇ
751 3126 789 3193 ἦ
824 3124 976 3189 δόξα
1023 3125 1132 3180 τοῦ
1180 3127 1351 3191 Θεοῦ,
1390 3130 1706 3198 ἐπήγαγεν·
1752 3130 1885 3200 Ἐμὲ
1917 3132 2007 3187 δεῖ

2116 3121 2255 3177 Dei:
2291 3140 2372 3177 me
2397 3132 2603 3192 oportet
2634 3124 2867 3189 operari,
2917 3121 2972 3176 id
3009 3121 3130 3188 est,
3155 3120 3384 3193 Oportet
3414 3137 3500 3176 me
3534 3123 3711 3176 mani-

380 3214 774 3284 ἐργιὶζεσθαι,
794 3217 1063 3281 τουτέστι,
1092 3218 1185 3270 Δεῖ
1209 3236 1274 3289 με
1311 3220 1629 3290 φανερῶσαι
1657 3221 1893 3292 ἐμαυτὸν
1914 3224 2013 3277 καὶ

384 3310 633 3380 ποιῆσαι
662 3306 732 3360 τά
756 3308 1066 3379 δυνάμενα·
1091 3310 1264 3375 δεῖξαι
1301 3311 1398 3382 μὲν
1442 3311 1512 3365 τά
1546 3313 1688 3366 αὐτὰ
1713 3313 1793 3385 τῷ
1828 3315 2012 3386 Πατρὶ

384 3398 689 3459 ποιοῦντα.
725 3398 754 3452 ὃ
791 3399 1041 3470 μείζονός
1071 3403 1219 3455 ἐστιν
1253 3402 1693 3474 ἀπαραλλαξίαις.

466 3492 603 3543 Ὅτι
642 3490 744 3558 μὲν
770 3492 803 3561 ἡ
829 3492 959 3563 περὶ
991 3492 1084 3545 τὸν
1118 3493 1317 3561 τυφλὸν
1351 3494 1620 3566 θεραπεία
1639 3494 1791 3567 αὑτῷ
1818 3510 1879 3549 τε
1921 3495 2012 3549 λυ-

388 3582 625 3652 σιτελὴς
646 3584 887 3651 ἐγένετο,
913 3583 1010 3637 τοῦ
1043 3584 1253 3649 πάθους
1272 3586 1372 3658 τὴν
1397 3587 1724 3659 ἀπαλλαγὴν
1754 3588 2014 3661 ἀφορμὴν

386 3674 627 3729 λαϐόντι
660 3675 759 3746 τῆς
791 3675 888 3729 τοῦ
921 3676 1262 3745 Μονογενοῦς
1288 3677 1660 3745 ἐπιγνώσεως,
1698 3681 1795 3735 καὶ
1833 3680 2013 3752 ἕτεροι

386 3766 462 3838 δὴ
496 3766 692 3819 πολλοὶ
738 3767 838 3839 τὴν
884 3769 972 3821 ἐπ’
1004 3769 1167 3822 αὑτὸν
1213 3769 1397 3824 πίστιν
1449 3772 1707 3825 ἁπάντων
1737 3776 2014 3845 προτιμᾷν

389 3858 838 3930 ὲπαιδεύθησαν,
893 3859 1157 3930 εὔδηλονο
1200 3862 1282 3916 ὅτι
1337 3862 1395 3916 δὲ
1441 3862 1601 3917 τοῦτο
1649 3864 1869 3919 ἔσεσθαι
1919 3866 2017 3920 καὶ

391 3956 548 4025 πρὸς
585 3952 765 4008 ταῦτα
803 3954 1055 4026 λυσιτελῆ
1084 3950 1354 4027 εἶναιτὴν
1387 3958 1638 4028 πήρωσιν
1675 3959 1840 4012 αὐτοῦ
1886 3978 2015 4013 συν-

394 4046 648 4110 ἔϐαινεν,
676 4045 929 4110 ἅπαντας
961 4047 1092 4110 τοὺς
1110 4046 1435 4118 ἀνθρώπους
1468 4049 1575 4119 πρὸ
1600 4049 1700 4120 τῆς
1729 4049 2014 4114 ἐκϐάσεως

2115 3215 2322 3272 festare
2361 3215 2655 3288 facereque
2689 3216 2837 3287 quod
2865 3226 3062 3286 potens
3091 3231 3212 3271 sum
3241 3233 3255 3284 ;
3292 3215 3514 3270 tandem
3549 3230 3608 3270 se
3627 3229 3714 3271 ea-

2114 3309 2238 3365 dem
2269 3323 2331 3363 ac
2360 3308 2574 3365 Patrem
2613 3309 2907 3365 facientem
2945 3309 3269 3376 ostendens,
3304 3310 3597 3363 maximam
3631 3306 3708 3364 si-

2115 3400 2483 3455 militudinem
2525 3400 2891 3456 demonstrat.

2130 3544 2136 3549 .
2188 3493 2326 3549 Caeci
2356 3494 2699 3549 sanationem
2725 3495 2806 3550 illi
2831 3493 3135 3565 profuisse,
3167 3510 3292 3550 cum
3329 3511 3397 3550 ex
3426 3494 3719 3549 sanatione

2116 3586 2456 3641 infirmitatis
2497 3585 2847 3642 occasionem
2878 3589 3088 3657 ceperit
3137 3586 3205 3641 ad
3240 3586 3400 3641 fidem
3431 3584 3731 3655 Unigeniti.

2117 3677 2583 3744 constituendam,
2614 3686 2954 3749 creterosque
2978 3679 3180 3733 multos
3197 3677 3358 3733 fidem
3382 3677 3503 3749 ejus
3532 3676 3716 3732 omni-

2117 3771 2220 3828 bus
2254 3772 2658 3842 anteposuisse,
2691 3771 2910 3825 cunctis
2937 3778 3111 3841 patet.
3144 3769 3343 3826 Omnia
3375 3777 3560 3825 autem
3592 3769 3710 3823 haec

2120 3859 2259 3926 fore,
2289 3862 2354 3916 ad
2378 3877 2501 3933 quae
2526 3861 2629 3916 fuit
2649 3861 2801 3917 utilis
2827 3860 3145 3929 infirmitas,
3167 3876 3363 3917 omnes
3386 3868 3516 3915 ante
3544 3874 3715 3915 even-

2119 3964 2233 4010 tum
2254 3956 2506 4026 ignorare
2522 3970 2751 4011 necesse
2767 3965 2907 4012 erat.
2921 3953 2998 4008 lta
3017 3958 3121 4010 hoc
3134 3954 3406 4009 miraculo
3433 3969 3582 4008 nunc
3599 3952 3726 4008 reli-

2120 4064 2230 4121 qua
2256 4049 2584 4105 confirmata
2615 4056 2784 4117 sunt;
2818 4049 3044 4116 etenim,
3078 4056 3137 4103 ut
3161 4064 3228 4103 ex
3262 4046 3721 4102 antecedentibus

390 4140 625 4207 ἀγνοεῖν
668 4132 738 4209 ἦν
791 4138 1041 4208 ἀνάγκη·
1079 4138 1254 4200 οὕτως
1300 4140 1397 4194 νῦν
1443 4142 1552 4196 ἀπὸ
1599 4144 1694 4201 τοῦ
1749 4145 2007 4216 παρόντος

2121 4144 2398 4204 novimus,
2425 4142 2642 4198 diverse
2674 4142 2963 4197 stultitiam
2995 4156 3151 4198 suam
3174 4140 3348 4196 Judaei
3380 4140 3447 4196 de
3478 4140 3723 4194 miracu-

390 4229 754 4285 ἐπιστώσατο
768 4230 835 4284 τά
857 4231 1023 4285 λοιπά
1041 4246 1055 4261 ⁸
1076 4233 1265 4303 ἐπειδὴ
1284 4234 1562 4307 διαφόρως
1575 4237 1633 4289 ἐν
1648 4240 1763 4301 τοῖς
1784 4238 2007 4309 γενομέ-

2123 4235 2192 4290 lis
2207 4234 2587 4299 ostenderant,
2606 4234 2884 4304 imprimis
2912 4233 2980 4289 de
3009 4232 3392 4290 sanationibus
3422 4231 3511 4287 die
3529 4230 3722 4288 sabba-
3752 4271 3771 4278 .-

390 4340 516 4385 νοις
538 4321 818 4391 θαύμασιν
844 4324 944 4395 τὴν
979 4323 1187 4378 οἰκείαν
1222 4325 1617 4397 ἀγνωμοσύνην
1640 4327 2007 4382 ὲπεδείκνυντι

2124 4328 2189 4393 ti,
2208 4328 2472 4397 illumque
2499 4327 2759 4397 persequi
2787 4335 2847 4380 ut
2870 4326 3096 4396 impium
3128 4325 3425 4394 quemdam
3451 4323 3745 4394 Legisque’.

412 4414 696 4479 Ἰουδαῖοι,
722 4414 799 4479 ὡς
831 4416 899 4468 ὲκ
929 4413 1040 4468 τῶν
1066 4415 1453 4488 προλαϐόντων
1476 4418 1747 4490 ἔγνωμεν·
1784 4419 2007 4491 μάλιστα

2128 4419 2619 4492 praevaricatorem
2649 4425 3014 4474 tentaverant.
3054 4415 3356 4471 Sahbatum
3387 4424 3576 4470 autem
3601 4422 3750 4469 erat.

392 4510 459 4563 δὲ
481 4511 545 4562 ὲν
568 4511 635 4580 τῇ
661 4508 758 4562 τοῦ
788 4508 1066 4562 σαϐϐάτου
1098 4508 1424 4581 θεραπεύειν
1450 4512 1656 4585 ἡμέρᾳ,
1683 4514 1777 4568 καὶ
1800 4513 2007 4568 διώκειν

2127 4515 2214 4570 die
2261 4528 2369 4585 qua
2398 4528 2603 4568 caecum
2636 4528 2668 4566 a
2712 4510 3003 4566 nativitate
3042 4518 3171 4565 erat.
3206 4515 3543 4575 sanaturus;
3576 4508 3748 4563 unde;

396 4600 577 4655 αὑτὸν
611 4600 690 4664 ὡς
712 4599 889 4670 ἀσεϐῆ
915 4618 1038 4654 τινα
1063 4602 1159 4654 καὶ
1184 4603 1505 4674 παράνομον
1528 4606 1850 4678 ἐπειρῶντο’
1890 4608 2021 4662 σάϐ-

392 4695 576 4748 ϐατον
594 4693 653 4746 δὲ
677 4689 748 4764 ἦν
778 4694 899 4746 κατ’
929 4691 1146 4765 ἐκείνην
1171 4695 1272 4765 τὴν
1299 4697 1513 4770 ἡμέραν
1539 4699 1668 4753 ὅταν
1691 4699 2017 4772 θεραπεύειν

392 4783 638 4854 ἔμελλεν
668 4783 762 4836 τὸν
791 4784 857 4837 ὲκ
882 4785 1120 4856 γενητῆς
1147 4786 1368 4854 τυφλόν·
1394 4787 1519 4844 ὅθεν
1540 4791 1635 4844 καὶ
1657 4794 1706 4845 οἱ
1738 4796 2017 4865 φαρισαῖοι

394 4875 720 4943 ἀντιλέγειν
774 4875 1015 4946 πρὸςτὸ
1064 4875 1252 4948 θαῦμα
1296 4878 1358 4931 οὐ
1406 4878 1717 4953 δυνάμενοι,
1771 4885 1879 4939 ἀπὸ
1915 4886 2017 4957 τῆς

394 4967 628 5038 ἡμέρας
664 4966 974 5020 διαϐάλλειν
1015 4967 1076 5021 τὸ
1124 4969 1349 5038 γεγονὸς
1388 4972 1688 5046 ἐπειρῶντο
1726 4976 2013 5045 λέγοντες⁸

389 5057 600 5137 Οὗτος
654 5063 687 5113 d
738 5058 1056 5128 ἅνθρωπος
1090 5064 1202 5116 οὐκ
1237 5063 1371 5119 ἐστι
1417 5067 1580 5135 παρὰ
1611 5069 1783 5136 Θεοῦ,
1822 5070 1913 5125 ὅτι
1953 5072 2018 5125 τὸ

395 5152 723 5207 σάϐϐατον
750 5153 822 5205 οὺ
849 5152 1046 5221 τηρεὶπ
1083 5154 1265 5219 καλῶς
1304 5157 1594 5228 προλαϐών
1640 5178 1841 5232 φησιν·
1889 5162 2021 5232 Ἐμὲ

396 5244 505 5298 δεῖ
530 5242 887 5313 ἐργάζεσθαι
920 5243 993 5298 τὰ
1037 5244 1183 5316 ἔργα
1211 5247 1319 5302 τοῦ
1349 5247 1704 5319 πέμψαντός
1728 5270 1826 5323 με.
1862 5251 2018 5322 Οἶδα,

398 5338 603 5408 φησὶν,
636 5336 723 5389 ὅτι
767 5337 1107 5407 μαχήσονται
1148 5343 1429 5411 φαρισαῖοι
1478 5344 1607 5414 ’περὶ
1641 5346 1741 5417 τῆς
1778 5347 2016 5419 ἡμέρας’

399 5432 505 5483 καὶ
567 5429 743 5500 ἀσεϐῆ
772 5429 868 5482 καὶ
902 5431 1223 5504 παράνομον
1279 5433 1355 5497 ὡς
1393 5433 1454 5487 τὺ
1506 5436 1779 5493 σάϐϐατον
1828 5440 2023 5495 λύοντα

399 5520 860 5585 ἀποκαλέσουσιν
883 5538 895 5551 ο
930 5522 1046 5576 ἀλλ’
1077 5523 1127 5575 οί
1156 5524 1256 5594 μὲν
1283 5524 1461 5581 ταῦτα
1484 5530 1577 5581 καὶ
1598 5529 1907 5598 λεγέτωσαν
1930 5534 2023 5587 καὶ

402 5615 772 5681 ποιείτωσαν,
794 5617 892 5687 ἐμὲ
922 5616 978 5671 δὲ
1001 5618 1095 5673 τοῦ
1119 5620 1474 5691 πέμψαντος
1501 5623 1641 5696 ἔργα
1662 5629 1834 5680 ποιεῖν
1858 5646 2025 5699 προσ-

2131 4608 2417 4673 Pharisaei,
2440 4606 2538 4677 qui
2568 4605 2837 4661 miraculo
2862 4603 3243 4659 contradicere
3279 4617 3389 4658 non
3438 4609 3718 4673 poterant,

2129 4700 2203 4757 ob
2234 4700 2379 4755 diem
2415 4698 2682 4753 damnare
2711 4696 2917 4751 factum
2944 4693 3567 4758 tentarunt,diccntes.:
3597 4689 3737 4745 Non

2124 4803 2204 4848 est
2220 4794 2305 4848 hic
2328 4792 2482 4845 homo
2501 4808 2533 4844 a
2553 4789 2685 4858 Deo,
2705 4789 2795 4860 qui
2815 4788 3097 4842 sabbatum
3127 4804 3232 4841 non
3263 4785 3493 4841 custodit
3513 4787 3589 4856 (v.
3611 4783 3721 4854 16).

2128 4885 2277 4941 Bene
2326 4882 2670 4953 respondens
2712 4878 2881 4937 Iesus
2927 4878 3108 4935 dixit:
3143 4877 3232 4934 Me
3279 4888 3484 4948 oportet
3515 4878 3728 4947 operari

2129 4994 2292 5049 opera
2322 4977 2440 5046 ejus
2472 4977 2571 5047 qui.
2595 4976 2743 5030 misit
2766 4992 2847 5030 me
2883 4974 2957 5045 (v.
2986 4974 3070 5045 4).
3102 4972 3232 5030 Scio
3255 5013 3269 5038 ,
3303 4973 3502 5044 inquit,
3537 4971 3726 5042 phari-

2125 5085 2266 5128 ςαξοβ
2309 5069 2379 5124 de
2426 5067 2517 5123 die
2552 5066 2960 5135 decertaturos,
2986 5082 3183 5137 meque
3216 5065 3447 5136 impium
3476 5071 3532 5118 et
3562 5060 3731 5132 Legis

2126 5164 2614 5234 praevaricatorem
2645 5202 2661 5226 ,
2717 5171 2978 5231 tanquam
3030 5159 3317 5215 sabbatum
3369 5157 3720 5221 solventem,

2126 5267 2493 5314 accusaturos
2524 5270 2688 5321 esse;
2746 5252 2842 5309 sed
2891 5251 3007 5306 haec
3049 5250 3239 5305 dicant
3272 5263 3338 5303 ac
3374 5247 3605 5311 faciant,
3637 5263 3725 5302 me

2128 5362 2310 5408 autem
2344 5350 2607 5405 mittentis
2633 5360 2801 5417 opera
2839 5344 3022 5399 facere
3069 5342 3248 5407 decet,
3283 5341 3400 5397 haec
3429 5340 3725 5411 perlicien-

2126 5455 2236 5503 tem
2269 5457 2437 5515 opera
2470 5455 2593 5511 quae
2626 5440 2745 5510 ipse
2771 5438 2988 5500 statuit,
3014 5448 3141 5490 cum
3157 5433 3352 5488 horum
3378 5438 3604 5503 tempus
3628 5433 3725 5486 ad-

2127 5539 2200 5594 sit
2234 5542 2629 5607 opportunum.
2667 5528 2782 5583 Erit
2813 5527 2961 5583 enim
3006 5535 3226 5595 tempus
3261 5538 3374 5596 quo
3402 5539 3490 5578 me
3528 5523 3598 5578 ab
3636 5522 3727 5578 his

2131 5629 2392 5703 operibus
2421 5623 2693 5680 desistere
2725 5619 3018 5692 oportebit.
3061 5616 3543 5686 Quemadmodum
3577 5615 3728 5673 enim

480 5797 561 5864 (.l)
590 5796 930 5869 Qua'cunque
960 5799 1215 5854 enimille
1241 5801 1446 5872 fecerit,
1479 5804 1590 5859 Ιιανι-
1641 5817 1695 5860 ει.
1721 5806 1895 5864 Filius
1931 5810 2201 5877 similiter,
2245 5825 2364 5878 cap.
2416 5822 2465 5871 v,
2500 5819 2643 5860 vers.
2675 5801 2728 5858 4.
