4162 6536
414 350 521 407 755

1493 417 1504 433 ἱ
1572 349 1922 407 τι-ιεοοοιιι
1959 347 2444 410 MOPSUESTENI

3574 358 3682 416 756

414 468 559 539 apud
594 468 846 526 homines
874 471 1270 527 discernuntur
1317 469 1435 525 dies
1468 479 1519 526 et
1564 488 1694 539 nox,
1729 474 1988 544 operibus

2116 490 2237 545 ικει,
2285 474 2457 528 ταῦτα
2486 474 2947 546 διαπραττόμενον
2981 474 3125 546 άπερ
3164 475 3301 546 ἔργα
3345 474 3684 545 καθέστηκεν

416 571 633 631 tempus
668 561 879 617 ducunt
923 578 988 617 ac
1023 562 1195 633 quieti
1266 571 1659 633 opportunum,
1706 580 1818 635 quo
1858 566 1997 621 nihil

418 653 535 708 ﬁeri
568 661 764 723 potest:
792 654 866 708 ita
895 654 1030 708 mihi
1058 662 1275 724 tempus
1307 654 1697 710 miraculorum
1724 658 1998 726 operatio-

418 746 507 800 nis
536 760 713 815 usque
737 745 805 800 ad
836 746 1152 816 passionem
1183 754 1289 812 est,
1313 761 1424 815 quo
1455 747 1599 802 inter
1630 747 1852 804 diversa
1873 763 2001 819 cpe-

415 835 530 889 rari
558 833 713 891 decet
734 837 920 890 omnia
943 852 1065 907 qua:
1082 844 1212 891 sunt
1244 834 1403 907 juxta
1435 838 1772 894 voluntatem
1796 837 1994 895 Patris.

415 926 712 997 Cognoscit
781 938 964 982 autem
1031 942 1207 982 meam
1256 935 1618 999 potestatem,
1672 931 1857 1000 qualis
1904 932 1997 985 sit.

416 1016 549 1072 Post
580 1033 710 1073 vero
735 1021 1072 1089 passionem,
1100 1020 1169 1073 ab
1203 1019 1290 1075 his
1323 1022 1581 1078 omnibus
1612 1022 1881 1079 desistere
1903 1040 2000 1079 ne-

414 1124 575 1164 resse
630 1119 735 1174 est,
794 1125 918 1165 cum
967 1119 1127 1166 terra:
1152 1114 1625 1169 conversationem
1657 1116 2000 1186 reliquerim.

419 1199 675 1267 Quandiu
704 1217 821 1254 sum
850 1201 905 1254 in
939 1202 1037 1256 hoc
1064 1203 1281 1266 mundo,
1311 1204 1515 1274 inquit,
1539 1203 1633 1257 lux
1661 1222 1781 1259 sum
1818 1205 2001 1259 mundi

419 1295 497 1359 (ν.
535 1292 613 1366 5),
639 1292 692 1347 id
721 1293 1311 1360 est,Quemadmodum
1341 1296 1447 1359 sol,
1474 1296 1618 1353 diem
1645 1299 1999 1368 perﬁciendo,

420 1386 688 1455 operandi
712 1387 1030 1443 hominibus
1052 1388 1397 1443 occasionem
1423 1391 1650 1459 prebet,
1680 1391 1760 1445 sic
1782 1399 1865 1446 est
1890 1394 2002 1447 vita

420 1490 577 1541 utea;
615 1478 1076 1547 quemadmodum
1107 1480 1396 1549 praesentia
1434 1496 1534 1535 sua
1569 1482 1711 1537 diem
1745 1482 1895 1549 facit,
1925 1476 2005 1539 sic

423 1570 686 1625 sanitates
713 1586 835 1641 qua
864 1572 1153 1643 operandae
1187 1580 1316 1626 sunt
1339 1587 1555 1642 operor.
1587 1574 1723 1629 Cum
1750 1585 1877 1631 ante
1902 1577 2005 1631 mi-

422 1664 672 1717 raculum
693 1664 807 1718 luee
838 1664 1088 1728 dixisset,
1113 1664 1560 1736 ostendissetque
1580 1683 1640 1722 se
1659 1668 2005 1738 indignantes

426 1754 723 1821 videntem,
757 1771 866 1810 non
899 1771 928 1809 a
960 1757 1241 1812 miraculis
1266 1758 1554 1825 desistere,
1586 1758 1728 1815 facta
1752 1777 1876 1831 qua)
1899 1762 2003 1817 sibi

423 1856 477 1898 et
523 1846 671 1901 Patri
727 1848 1014 1918 placebant
1059 1849 1201 1912 ﬁeri.
1243 1849 1378 1905 nihil
1426 1850 1536 1907 illis
1570 1852 1641 1906 ob
1680 1853 1785 1907 hoc
1821 1853 2002 1923 ipsum

2098 565 2329 628 ἐκείνου,
2358 565 2453 619 ἐὰν
2486 567 2579 620 καὶ
2605 566 2698 621 τὸν
2729 566 2823 620 τοῦ
2853 566 3016 637 ἔργου
3039 566 3228 636 καιρὸν
3262 568 3516 636 παρεῖναι
3542 582 3684 637 ουμ-

2099 657 2273 711 σαίνει
2296 675 2309 689 ”
2334 657 2487 713 ἔσται
2524 657 2635 729 γὰρ
2663 659 2855 729 καιρὸς
2883 657 3120 727 ὁπηνίκα
3151 656 3467 711 παύσασθαι
3507 656 3588 709 δεῖ
3618 672 3685 727 με

2097 750 2209 803 τῶν
2237 749 2414 820 ἔργων
2435 749 2638 803 τούτων
2658 764 2670 778 ο
2695 748 2884 819 ὥσπερ
2906 747 3016 818 γὰρ
3040 750 3152 811 τοῖς
3176 746 3484 818 ἀνθρώποις
3505 747 3611 818 ήμέ
3622 765 3687 819 ρᾳ

2099 859 2159 895 τε
2191 842 2526 913 διακρίνεται
2560 842 2655 894 καί
2693 839 2809 904 νὺξ,
2843 839 2938 892 καὶ
2970 838 3070 909 τῆς
3121 839 3219 908 μὲν
3250 835 3516 908 ἐργασίας
3568 838 3688 889 ὲπι-

2101 937 2312 1006 τήδειον
2345 936 2536 1006 καιρὸν
2564 928 2703 989 εἶναι
2744 931 3045 1003 νομίζουσι,
3072 933 3172 1002 τῆς
3211 930 3267 984 δὲ
3302 931 3686 994 ἀναπαύσεως,

2103 1027 2227 1082 καθ’
2253 1028 2319 1099 ἢν
2339 1026 2460 1080 οὐδὲ
2492 1024 2833 1096 ἐργάσασθαί
2860 1041 2914 1076 τι
2938 1023 3186 1077 δυνατόν’
3209 1022 3354 1075 οὕτω
3374 1022 3546 1093 κάμοὶ
3572 1039 3690 1075 και-

2107 1119 2196 1189 ρδς
2228 1118 2329 1188 τῆς
2365 1116 2475 1171 τῶν
2507 1116 2801 1187 θαυμάτων
2834 1114 3099 1186 ἐργασίας
3133 1113 3295 1185 μέχρι
3326 1111 3422 1166 τοῦ
3461 1112 3688 1178 πάθους,

2103 1214 2163 1266 ὲν
2196 1204 2240 1280 ᾧ
2270 1211 2380 1264 τῶν
2414 1208 2798 1281 προκειμένων
2822 1205 3042 1277 ἔχεσθαι
3076 1208 3346 1279 προσήκει
3372 1206 3549 1260 πάντα
3573 1207 3695 1257 ὲπι-

2109 1303 2389 1374 μελούντα,
2417 1303 2454 1355 ἃ
2476 1301 2741 1372 σύμφωνα
2762 1302 2862 1372 μὲν
2887 1301 3001 1353 ἐστι
3027 1301 3092 1369 τῇ
3126 1297 3322 1370 γνώμῃ
3337 1296 3431 1352 τοῦ
3457 1298 3689 1368 Πατρός⁸

2106 1396 2362 1467 γνωρίζει
2394 1395 2453 1449 δὲ
2475 1395 2576 1466 τὴν
2627 1396 2766 1465 ἐμὴν
2816 1393 2992 1459 ἀξίαν,
3026 1393 3150 1462 ἥτις
3184 1391 3332 1445 ἐστί·
3385 1390 3522 1461 μετὰ
3546 1390 3603 1442 δὲ
3634 1389 3694 1443 τδ

2110 1488 2281 1552 πάθος
2308 1488 2521 1557 ἀνάγκη
2562 1485 2875 1539 παύσασθαί
2914 1503 2980 1556 με
3005 1484 3213 1536 τούτων
3243 1481 3522 1545 ἁπάντων,
3555 1480 3696 1533 άπο-

2108 1581 2447 1652 λιμπὰνοντα
2486 1580 2587 1642 τὰς
2638 1578 2729 1631 ἐπὶ
2779 1578 2885 1646 γῆς
2926 1575 3226 1647 διατριϐάς.
3264 1574 3454 1627 Ὅταν
3500 1572 3571 1627 ἐν
3614 1570 3698 1638 τῷ

2108 1675 2316 1742 κόσμῳ
2340 1668 2405 1734 ὦ,
2443 1671 2598 1740 φησί,
2640 1668 2768 1739 φῶς
2809 1671 2923 1739 εἰμι
2958 1668 3065 1721 τοῦ
3108 1667 3376 1736 κόσμου’
3411 1664 3533 1718 ἀντὶ
3577 1661 3695 1728 τοῦ,

2113 1763 2326 1832 Ὠσπερ
2352 1762 2380 1813 ὁ
2408 1760 2559 1831 ἥλιος
2586 1759 2683 1829 τὴν
2722 1757 2938 1828 ἡμέραν
2964 1754 3263 1818 ἀποτελῶν,
3290 1751 3385 1805 τοῦ
3410 1751 3575 1822 ἔργου
3604 1750 3700 1821 τὴν

2114 1853 2370 1925 ἀφορμὴν
2394 1852 2625 1923 παρέχει
2649 1852 2762 1913 τοῖς
2782 1847 3109 1919 ἀνθρώποις,
3133 1845 3277 1901 κατὰ
3299 1845 3449 1899 τόνδε
3469 1843 3560 1897 τὸν
3589 1842 3701 1911 βίον

425 1941 678 2010 persequi
714 1940 998 2010 prodesse,
1051 1958 1173 1995 eum
1223 1942 1357 1996 nihil
1411 1944 1522 2014 pati
1561 1953 1689 2001 ante
1737 1951 2006 2001 statutum

2116 1947 2251 2017 εἰμὶ,
2278 1946 2469 2015 ὥσπερ
2496 1943 2709 2015 ἡμέραν
2729 1939 3005 1995 ἀποτελῶν
3024 1938 3113 1992 διὰ
3141 1939 3240 2009 τῆς
3266 1937 3473 1999 οἰκείας
3496 1953 3692 2007 παρου-

426 2039 641 2099 tempus
675 2031 947 2101 nequiret,
974 2049 1075 2089 nec
1104 2048 1280 2104 usque
1304 2035 1372 2089 ad
1404 2036 1508 2089 hoc
1537 2045 1755 2106 tempus
1779 2037 1850 2091 ab
1878 2054 2010 2108 ope-

2117 2039 2260 2102 σίας,
2293 2037 2393 2100 τὰς
2439 2035 2825 2107 προσηκούσας
2879 2029 3178 2103 θεραπείας
3218 2027 3472 2082 ὲπιτελῶ.
3518 2026 3703 2079 Ταῦτα

426 2121 637 2176 ratione
687 2122 1080 2178 miraculorum
1116 2132 1265 2179 esset
1310 2125 1635 2192 destiturus,
1666 2127 1731 2182 ad
1761 2131 2008 2184 eamdem

2118 2131 2225 2200 πρὸ
2263 2129 2358 2182 τοῦ
2394 2127 2672 2197 θαύματος
2701 2122 2961 2197 εἰρηκὼς,
2991 2121 3082 2176 κα)⁵
3111 2120 3291 2187 δείξας
3324 2120 3406 2173 ὅτι
3442 2136 3502 2171 τε
3529 2118 3701 2187 ἀγαν-

423 2228 555 2283 ergo
584 2216 959 2285 operationem
986 2217 1377 2271 miraculorum
1419 2218 1708 2273 incumbit.

2119 2224 2419 2286 ακτοῦντας
2447 2220 2601 2282 εἰδὼς
2621 2257 2635 2279 ,
2676 2219 2777 2271 ούκ
2805 2215 3101 2285 ἀφίσταται
3125 2214 3235 2266 τῶν
3266 2210 3581 2281 θαυμάτων,
3609 2208 3702 2263 καὶ

423 2310 506 2360 "ti
533 2306 791 2362 δοκοῦντα
816 2307 912 2362 καὶ
941 2306 1021 2379 τῷ
1052 2308 1229 2379 Πατρὶ
1260 2307 1467 2376 γίνεται
1499 2309 1569 2363 τά
1603 2313 1885 2383 γινόμενα,
1914 2318 2006 2370 καὶ
2043 2318 2126 2370 ὅτι
2158 2316 2321 2388 μηδὲν
2351 2314 2541 2383 ὄφελος
2575 2310 2805 2371 ἐκείνοις
2834 2310 2897 2360 ὲκ
2923 2304 3020 2358 τοῦ
3074 2303 3289 2357 διώκειν
3334 2302 3494 2356 αὐτὸν
3559 2301 3704 2370 γίνεο

423 2420 536 2466 ται,
563 2400 688 2455 οὔτε
726 2401 918 2456 παθεῖν
946 2420 998 2455 τι
1030 2402 1137 2473 πρὸ
1174 2403 1269 2456 τοῦ
1305 2403 1517 2467 δέοντος
1555 2406 1751 2474 καιροῦ
1779 2407 2102 2477 δυναμένου,
2130 2409 2253 2463 οὔτε
2295 2408 2422 2479 ἄχρι
2482 2407 2581 2477 τῆς
2643 2402 2982 2474 προθεσμίας
3044 2396 3257 2466 ἐκείνης
3322 2396 3701 2465 ἀποστησάμε-

423 2512 511 2558 vo;
531 2497 630 2565 τῆς
649 2493 759 2546 τῶν
790 2493 1082 2564 θαυμάτων
1111 2494 1392 2563 ἐργασίας,
1415 2497 1499 2548 ἐπ’
1525 2498 1697 2568 αὐτὴν
1722 2499 1871 2569 ὁρμᾷ
1899 2501 2083 2554 λοιπὸν
2110 2502 2204 2556 τοῦ
2233 2500 2511 2571 θαύματος
2544 2499 2644 2568 τὴν
2671 2494 2953 2567 ἐργασίαν.

500 2649 663 2705 Vens.
696 2649 783 2704 17.
823 2679 893 2690 ——
919 2648 1175 2705 Attamen
1207 2658 1501 2720 postquam
1525 2651 1667 2707 inter
1692 2668 1751 2709 se
1782 2662 2010 2708 conten-

2190 2655 2340 2726 Στίχ.
2372 2655 2459 2718 ιζ’.
2491 2683 2560 2693 -
2587 2652 2780 2721 Ὅμως
2813 2648 2923 2701 ἀπὸ
2969 2648 3068 2716 τῆς
3118 2649 3199 2709 εἰς
3246 2644 3508 2715 ἀλλήλους
3556 2642 3707 2711 φιλο-

425 2744 657 2807 dissent,
688 2741 754 2797 ad
785 2757 989 2798 crecum
1022 2744 1221 2799 iterum
1265 2759 1326 2799 se
1359 2753 1711 2812 convertunt,
1748 2754 2010 2817 tanquam

2119 2748 2346 2810 νεικίας,
2391 2746 2484 2798 ὲπί
2526 2744 2616 2797 τὸν
2649 2741 2849 2811 τυφλὸν
2890 2738 3053 2792 πάλιν
3097 2736 3472 2806 μεθίστανται,
3515 2737 3706 2803 ὥσπερ

425 2834 818 2890 controversia:
866 2850 981 2890 suze
1028 2835 1297 2890 arbitrum
1348 2836 1666 2907 seligentes,
1712 2838 1903 2908 illique
1934 2838 2010 2890 di-

2119 2839 2382 2905 δικαστὴν
2409 2836 2572 2890 αὑτὸν
2593 2834 2693 2905 τῆς
2722 2832 2930 2894 οἰκείας
2960 2828 3276 2902 αἱρούμενοι
3300 2826 3587 2896 διαφορᾶς,
3611 2834 3705 2884 κοί

425 2934 559 2980 eunt
586 2945 601 2982 :
623 2925 724 2991 Tu,
744 2926 872 2997 quid
895 2926 1029 2982 dicis
1048 2927 1113 2982 de
1130 2927 1226 2982 illo
1244 2928 1332 2996 qui
1356 2928 1561 2997 aperuit
1581 2928 1762 2981 oculos
1783 2938 1900 2982 tuos
1914 2928 1938 2982 ?
1954 2930 2010 2982 lu

2122 2948 2256 2999 φασι
2287 2930 2423 2999 πρὸς
2442 2926 2631 2980 αὐτόν·
2660 2924 2745 2979 Σὺ
2765 2924 2822 2978 τί
2846 2921 3045 2992 λέγεις
3073 2918 3211 2988 περὶ
3233 2918 3422 2972 αὐτοῦ
3454 2915 3599 2981 (cod.
3621 2916 3709 2969 hic

428 3020 863 3091 interrogatione
909 3029 1093 3075 autem
1163 3019 1713 3074 animadvertendum
1782 3026 1869 3074 est
1921 3035 2010 3075 eos

2123 3018 2479 3089 ἑαυτοῦ),ὅτι
2523 3016 2735 3086 ἤνοιξέ
2784 3031 2901 3069 σου
2948 3012 3093 3079 τοὺς
3142 3009 3529 3080 ὀφθαλμούς;
3567 3008 3711 3061 κατὰ

426 3111 788 3181 eunjunxisse
819 3110 920 3178 Tu,
960 3111 1085 3183 quid
1127 3112 1262 3165 dicis
1304 3110 1369 3165 de
1407 3110 1545 3166 illo?
1580 3120 1655 3176 et,
1693 3110 1783 3180 qui
1808 3111 2010 3180 aperuit

2117 3114 2387 3185 ἐρώτησιν
2423 3111 2481 3165 δὲ
2506 3108 2979 3178 ὲπαναγνωστέον,
3023 3106 3459 3175 ἐπισυνάψαντας
3501 3103 3585 3167 τὸ,
3625 3102 3711 3157 Σὺ

431 3204 610 3257 oculos
634 3213 750 3257 tuo:
773 3221 791 3258 :
824 3219 938 3258 non
966 3218 1096 3258 vero
1122 3204 1495 3274 disiunxisse;
1527 3218 1634 3257 non
1664 3202 1810 3257 enim
1840 3204 2010 3257 inter-

2117 3207 2177 3259 τί
2216 3202 2414 3274 λέγεις
2460 3202 2596 3270 περὶ
2639 3201 2849 3262 αὐτοῦς
2893 3199 3007 3265 καὶ,
3037 3199 3128 3252 ὅτι
3174 3195 3380 3267 ἤνοιξέ
3409 3213 3528 3251 σου
3567 3196 3703 3260 τοὺς

428 3296 695 3366 rogabant
724 3309 931 3350 cmcum
970 3310 1038 3350 an
1087 3296 1281 3351 oculos
1310 3311 1444 3351 suos
1467 3297 1784 3366 aperuerit:
1820 3310 2017 3365 super—

428 3390 599 3442 ﬂuum
634 3395 752 3441 erat
788 3388 891 3441 hoc
922 3388 1222 3457 inquirere,
1253 3404 1378 3443 eum
1413 3387 1543 3442 illud
1568 3386 1853 3455 viderent;
1881 3387 2014 3442 sed:

433 3479 577 3545 Quid
614 3479 749 3533 dicis
787 3479 853 3533 de
871 3478 965 3532 illo
985 3482 1011 3536 1’
1039 3480 1224 3546 utquid
1252 3480 1460 3546 aperuit
1490 3480 1673 3533 oculos
1701 3488 1824 3533 tuos
1847 3479 2018 3549 ?qt_tia

434 3569 701 3624 mirabilis
730 3577 815 3624 est
844 3569 1009 3638 hujus
1035 3570 1163 3636 lacti
1195 3584 1385 3631 causa,
1409 3571 1493 3624 vel
1525 3570 1661 3640 legis
1685 3569 2017 3639 praevarica-

432 3676 518 3717 tor
548 3662 620 3717 ob
660 3662 875 3718 sabbati
907 3662 1279 3717 violationem.
1320 3659 1474 3718 Unde
1516 3661 1584 3716 ad
1634 3660 1899 3732 inquisita
1930 3673 2019 3717 sa-

431 3756 645 3820 pienter
674 3753 1018 3824 respondens
1051 3770 1230 3809 caicus
1263 3754 1403 3809 dixit
1429 3773 1441 3808 :
1469 3753 1612 3818 Quia
1644 3753 1897 3822 praplieta
1920 3761 2018 3820 est,

432 3861 544 3900 non
566 3860 715 3909 vero,
746 3845 896 3900 Talis
921 3853 1004 3899 est
1029 3845 1161 3899 mihi
1180 3846 1247 3900 de
1268 3846 1361 3899 illo
1384 3846 1741 3908 existimatio,
1762 3844 2021 3915 quoniam

437 3946 640 3993 tactum
668 3937 771 3991 hoc
801 3945 860 3991 ut
886 3936 953 3991 de
981 3951 1047 3991 eo
1077 3936 1253 3991 dicam
1297 3935 1614 4006 persuadet.

510 4274 679 4331 Vsus.
722 4275 815 4329 27.
869 4307 939 4317 ——
986 4276 1187 4331 lterum
1250 4274 1326 4328 illi
1385 4289 1509 4329 eum
1568 4274 2016 4345 interrogabant:

2119 3295 2502 3366 ὀφθαλμούςο
2543 3293 2606 3347 οὐ
2652 3293 2759 3364 μὴν
2789 3291 3064 3355 διελόντας
3107 3290 3272 3343 αὐτόο
3306 3290 3366 3342 οὐ
3402 3288 3510 3360 γὰρ
3553 3287 3712 3341 τοῦτο

2118 3388 2209 3442 τὸν
2233 3387 2434 3456 τυφλὸν
2469 3384 2723 3457 ἠρώτων,
2755 3385 2804 3437 εἰ
2837 3384 2965 3446 τοὺς
3005 3381 3320 3453 ὀφθαλμοὺς
3357 3380 3523 3434 αὑτοῦ
3567 3379 3711 3450 ῆνοι-

2122 3478 2210 3544 ξεν
2228 3497 2242 3511 ο
2272 3479 2527 3548 περιττὸν
2554 3477 2664 3549 γάρ
2686 3472 2756 3549 ἦν
2786 3476 2944 3529 τοῦτο
2963 3474 3259 3544 βλέποντας
3288 3474 3519 3544 ἐρωτᾷν,
3549 3471 3709 3532 ἀλλὰ,

2128 3574 2190 3628 Τί
2221 3572 2357 3639 περὶ
2388 3572 2577 3627 αὑτοῦ
2627 3571 2849 3640 λέγεις,
2880 3568 3034 3636 ὑπὲρ
3066 3562 3156 3621 ὧν
3183 3564 3393 3635 ἤνοιξέ
3425 3583 3542 3619 σου
3566 3563 3712 3629 τοὺς

2122 3662 2493 3734 ὀφθαλμούς
2530 3664 2613 3717 ὅτι
2657 3660 2972 3732 θαυμαστὸς
3016 3658 3105 3711 διά
3151 3657 3212 3711 τὸ
3240 3655 3629 3725 γεγενημένον,
3675 3652 3709 3723 ἦ

2122 3756 2441 3826 παράνομος
2463 3752 2552 3806 διὰ
2577 3752 2677 3824 τὴν
2700 3751 2794 3805 τοῦ
2832 3750 3106 3804 σαϐϐάτου
3131 3748 3286 3802 λύσιν
3303 3747 3470 3811 ;.δθεν
3503 3743 3709 3799 καταλ-

2122 3848 2297 3919 λήλως
2312 3848 2406 3901 καὶ
2421 3848 2449 3900 ὁ
2464 3846 2664 3916 τυφλὸς
2679 3845 3169 3916 ἁπεκρίνατοοὌτι
3185 3839 3498 3910 προφήτης
3514 3837 3707 3892 ἐστίν·

2122 3939 2244 3992 ἀντὶ
2273 3938 2389 4003 τοῦ,
2417 3938 2634 4008 Ταύτην
2654 3936 2763 4008 ἔχω
2814 3936 2943 4008 περὶ
2973 3935 3139 3990 αὑτοῦ
3192 3934 3291 4005 τὴν
3318 3934 3476 3998 δόξαν
3498 3949 3514 3965 ·
3554 3930 3712 3986 τοῦτο

2122 4033 2230 4103 γὰρ
2280 4030 2422 4101 ὑπὲρ
2471 4030 2564 4084 τοῦ
2614 4029 2899 4099 γεγονότος
2948 4029 3075 4101 περὶ
3119 4026 3282 4082 αὑτοῦ
3331 4026 3511 4095 λέγειν
3580 4041 3712 4095 προ-

2125 4140 2349 4194 αγομαι.

2193 4279 2343 4349 Στίχ.
2392 4278 2497 4343 κζ’.
2540 4309 2610 4318 —
2657 4278 2827 4332 Πάλιν
2880 4278 2956 4348 (l)
3012 4279 3212 4330 ἐκεῖνοι
3265 4275 3527 4347 ⁴ἰιρώτων·
3579 4272 3713 4339 Πῶς

442 4366 722 4434 ριιοιιιοάο
752 4367 962 4436 aperuit
1003 4367 1098 4420 tibi
1126 4365 1349 4422 oculos?
1403 4365 1525 4436 Ipse
1586 4373 1767 4419 autem
1826 4366 2010 4435 majori

2124 4373 2351 4438 ἀνέῳξέ
2396 4391 2513 4428 σου
2556 4374 2698 4439 τοὺς
2729 4372 3111 4442 ὀφθαλμούς-ς
3158 4371 3216 4423 Ὁ
3250 4369 3308 4422 δὲ
3351 4368 3538 4423 λοιπὸν
3566 4370 3706 4437 παρ-

437 4468 699 4515 ι-ςειειιιηι
733 4474 870 4515 usus
893 4459 1168 4524 libertate,
1223 4473 1318 4513 eos
1368 4456 1688 4527 increpabat
1725 4458 1907 4516 simul.
1966 4467 2010 4512 et

2131 4466 2476 4537 ρησιαίτερον
2503 4464 2579 4536 (2)
2614 4464 2692 4535 τῷ
2733 4464 2870 4536 πρὸς
2898 4462 3096 4526 αὐτοὺς
3132 4460 3340 4534 ὲλέγχῳ
3374 4459 3714 4531 κεχρημένος

436 4552 722 4608 veritatem
748 4566 1067 4622 oppugnare
1086 4550 1373 4621 arguebat,
1412 4550 1545 4620 quin
1581 4561 1632 4605 et
1683 4552 1827 4606 salse
1855 4552 2018 4605 simul

438 4644 858 4714 perstringeudo
887 4642 1176 4697 irridebat.
1200 4642 1342 4707 Quid
1359 4643 1505 4697 enim
1534 4641 1651 4696 ait?
1672 4641 1947 4713 Numquid
1972 4652 2022 4696 et

441 4753 526 4789 ras
555 4735 716 4789 vultis
749 4734 1001 4802 discipuli
1044 4736 1158 4799 eius
1193 4734 1358 4803 ﬁeri?

513 4890 684 4945 Vens.
723 4890 814 4944 Η.
844 4920 914 4928 ——
947 4888 1418 4954 Quemadmodum
1445 4896 1626 4943 autem
1662 4889 1919 4959 superius
1953 4891 2020 4942 de

441 4985 691 5039 libertate
741 4997 772 5035 a
830 4984 1072 5054 peccatis
1128 4981 1375 5052 loquenti
1437 4980 1668 5035 Domino
1722 4982 2021 5052 responde-

442 5084 599 5131 runt:
631 5075 817 5131 Semen
845 5076 1074 5130 Abralite
1102 5090 1307 5138 sumus,
1333 5090 1427 5128 nec
1454 5073 1555 5127 ulli
1581 5075 1889 5128 seruiuimus
1923 5091 2023 5127 un-

441 5186 618 5237 quam,
644 5158 712 5223 de
735 5169 1008 5238 corporali
1045 5167 1313 5222 servitute
1337 5166 1738 5236 intelligentes:
1769 5166 2022 5221 similiter

441 5269 493 5311 ιιι
529 5261 617 5315 Ιιίο
672 5260 903 5315 ῡοηιὶιιο
949 5260 1054 5314 illis
1108 5257 1411 5328 spiritalem
1466 5258 1769 5312 caecitatem
1826 5272 2024 5328 expro-

443 5348 669 5411 brante,
710 5350 810 5419 ipsi
847 5362 1104 5419 tauquam
1152 5346 1243 5415 qui
1298 5346 1548 5416 corporis
1591 5347 1765 5401 oculis
1816 5347 2024 5416 optime

445 5439 687 5502 rideant,
705 5440 772 5495 de
788 5440 978 5495 iisdem
996 5441 1357 5496 disserebant.
1381 5438 1513 5494 lude
1537 5439 1720 5509 itaque
1740 5438 2020 5504 Dominus,

522 5705 597 5780 tl)
620 5706 791 5780 gord.
828 5720 934 5765 cat.
960 5727 1011 5780 ρ.
1032 5711 1156 5766 25L

518 5774 595 5835 ιει
620 5772 1249 5835 Tlte0(loret.71ist.cccl.
1273 5796 1352 5845 ιιι,
1380 5782 1433 5837 ll
1463 5803 1474 5835 :
1496 5781 1779 5845 Ἰουλιανὸς
1803 5783 1855 5836 δὲ
1880 5788 2016 5854 παρ-

2128 4557 2263 4627 ὀμοῦ
2293 4556 2391 4627 μὲν
2417 4556 2491 4621 ὡς
2525 4556 2661 4627 πρὸς
2693 4555 2789 4626 τὴν
2812 4554 3070 4626 ἀλήθειαν
3101 4552 3443 4625 μαχομένους
3478 4551 3712 4621 ἐλέγχει,

2127 4648 2263 4719 ὁμοῦ
2289 4648 2345 4701 δὲ
2381 4649 2476 4702 καὶ
2514 4648 2632 4719 μετ’
2668 4647 2954 4718 εἰρωνείας
2987 4646 3245 4717 ἐχλεύασε
3266 4661 3280 4676 ’
3313 4644 3368 4698 τί
3401 4644 3511 4716 γάρ
3544 4659 3712 4714 φησι;

2132 4740 2228 4809 Μὴ
2265 4741 2361 4793 καί
2397 4739 2565 4810 ὑμεῖς
2589 4738 2848 4810 μαθηταὶ
2883 4739 3070 4793 αὐτοῦ
3098 4737 3305 4794 θέλετε
3331 4736 3644 4808 τενέσθαις

2202 4892 2352 4962 Στίχ.
2404 4898 2515 4961 μα’.
2546 4921 2618 4931 -
2651 4890 2866 4962 Ὥσπερ
2885 4891 2942 4944 δὲ
2968 4891 3046 4962 ('5)
3078 4891 3334 4963 ἀνωτέρω
3366 4888 3461 4943 τοῦ
3507 4888 3714 4960 Κυρίου

2129 4984 2262 5056 περὶ
2310 4982 2623 5055 ἐλευθερίας
2664 4984 2850 5046 αὐτοῖς
2891 4983 3273 5055 διαλεγομένου
3306 4984 3404 5054 τῆς
3454 4983 3561 5037 ἀπὸ
3604 4980 3715 5036 τῶν

2129 5078 2543 5149 ἁμαρτημάτων
2594 5078 2788 5130 ἐκεῖνοι
2846 5077 3119 5145 ἔφασκον·
3173 5076 3416 5144 Σπέρμα
3469 5073 3715 5144 Ἁϐραάμ

2130 5171 2318 5240 ἐσμεν
2359 5171 2460 5224 καί
2504 5170 2705 5225 οὐδενὶ
2753 5171 3233 5240 δεδουλεύκαμεν
3281 5168 3539 5232 πώποτε,
3586 5169 3715 5239 περὶ

2134 5265 2454 5333 σωματικῆς
2502 5262 2878 5334 διαλεγόμενοι
2929 5262 3194 5327 δουλείας,
3245 5261 3390 5315 οὓτω
3436 5260 3717 5315 κάνταῦθα

2132 5351 2382 5421 πήρωσιν
2413 5351 2597 5416 αὐτοῖς
2624 5353 2719 5406 τοῦ
2744 5352 2950 5423 Κυρίου
2988 5351 3087 5423 τὴν
3132 5352 3273 5405 κατὰ
3316 5351 3492 5423 ψυχὴν
3521 5351 3714 5406 ὀνειδί-

2134 5442 2345 5507 ζοντος,
2383 5445 2578 5498 ἐκεῖνοι
2606 5445 2733 5517 περὶ
2762 5445 2872 5498 τῶν
2904 5443 3001 5498 τοῦ
3032 5444 3282 5516 σώματος
3320 5445 3615 5517 ὀφθαλμῶν
3638 5444 3714 5510 ὡς

2130 5714 2496 5786 ῥησιαίτερον,
2523 5716 2595 5770 ul.
2634 5715 3128 5787 παρῤησιάστερον.

2200 5768 2277 5854 i5)
2308 5768 2608 5841 ιλυὶηιάυςιι.
2647 5768 2859 5855 ρῦὲθὶι.
