4134 6464
509 407 643 461 15ὓῖ

1592 407 1866 464 SYNESII
1906 405 2369 464 PTOLEMAIDIS
2409 403 2720 464 EPISCOPI

3611 406 3731 463 1568

505 532 658 586 sunt.
682 522 816 578 citra
856 522 1021 577 ullam
1047 522 1552 594 tergiversationem
1585 528 1757 596 parati
1795 527 1861 582 ad
1890 535 2089 582 nulum

2220 544 2351 596 [εται
2374 542 2387 557 ’
2439 525 2668 596 ἕϐδομον
2697 523 2795 595 μὲν
2828 521 2946 584 ἔτος
2974 520 3076 591 ἤδη
3108 517 3467 592 προπράξασα
3506 521 3731 592 πονηρῶς

506 614 860 685 imperatoris
897 610 1186 671 fuerimus.
1218 616 1323 671 Sed
1358 616 1628 673 hactenus
1657 617 2088 690 Pentapolitaua:

2188 616 2306 671 ἀλλ’
2348 615 2539 687 ὥσπερ
2584 614 2720 680 ζῶον
2768 610 3172 670 δυσθανατοῦν,
3221 609 3447 679 ἀνέφερε
3494 610 3583 663 καὶ
3630 627 3737 663 συν-

509 723 601 762 res
634 707 749 760 heri
792 720 859 759 ac
883 705 1289 763 nudiustertius
1322 709 1378 763 in
1406 706 1782 765 Romanorum
1817 718 2088 781 potestate

2220 707 2410 780 ligatis
2463 706 2559 761 τοῦ
2628 706 2936 777 πνεύματος
2996 703 3061 756 τὸ
3128 701 3461 772 λειπόμενον.
3508 698 3741 771 Εὐφημος

510 806 857 862 manserunt,
891 799 984 869 qui
1029 798 1315 870 deinceps,
1346 802 1550 857 amissa
1583 817 1648 857 ea
1691 811 1875 875 gente,
1911 804 1965 858 in
2000 820 2088 859 re-

511 889 806 944 censendis
868 889 1213 960 prael'ecturis
1289 892 1408 947 suis
1466 893 1616 947 illam
1681 896 2085 964 praeterierunt.

511 981 749 1036 Prorsus
794 997 942 1037 nunc
975 982 1045 1037 de
1089 980 1375 1053 Pentapoli
1416 991 1600 1038 actum
1652 992 1772 1052 est;
1822 985 2091 1050 funditus,

511 1074 761 1143 inquam,
788 1074 880 1128 illa
902 1072 1147 1128 concidit
1181 1091 1193 1127 :
1226 1089 1349 1142 quae
1378 1074 1544 1129 variis
1578 1075 1799 1145 quidem
1831 1078 2095 1133 aerumnis

515 1180 719 1220 annum
760 1166 874 1235 jam
924 1173 1049 1220 ante
1099 1166 1396 1236 septimum
1454 1165 1763 1221 conﬂictari
1808 1178 2092 1238 coeperat:

514 1254 611 1311 sed
638 1255 1100 1323 quemadmodum
1127 1256 1328 1308 animal
1352 1255 1623 1324 quoddam
1652 1271 1796 1327 aegre
1823 1258 2097 1324 moriens,

518 1348 601 1402 sic
635 1347 728 1401 illa
762 1347 995 1416 spiritus
1045 1347 1129 1401 sui
1170 1347 1432 1415 reliquias
1463 1349 1696 1419 cogebat
1744 1357 1912 1419 atque
1962 1365 2098 1404 con-

519 1436 793 1490 trahebat.
836 1434 983 1490 Felix
1021 1435 1093 1491 sit
1124 1435 1318 1506 Anysii
1357 1438 1639 1491 memoria.
1665 1437 1907 1509 30018
1950 1439 2101 1494 enim

520 1542 724 1582 annum
755 1525 823 1580 ad
871 1526 1016 1581 illius
1058 1534 1273 1596 tempus
1316 1526 1540 1597 adjecit,
1573 1543 1699 1583 cum
1733 1529 1943 1599 clypeis
1975 1529 2101 1599 qui-

520 1622 640 1674 dem
700 1618 969 1681 omnium,
1024 1616 1470 1690 Unnigardarum
1511 1635 1643 1675 vero
1688 1621 1946 1677 manibus
2003 1635 2105 1690 op-

520 1719 755 1779 portune
795 1717 1060 1763 uteretur.
1099 1708 1290 1778 Itaque
1318 1710 1571 1765 nonnihil
1598 1711 1769 1766 dilata
1813 1712 2105 1767 calamitas

520 1813 626 1859 est.
657 1802 847 1873 Neque
876 1803 1024 1857 enim
1067 1801 1336 1859 confertis
1365 1805 1544 1874 copiis
1588 1806 1871 1873 regionem
1912 1820 2107 1874 perra-

524 1894 634 1966 gati
660 1902 811 1949 sunt.
839 1893 920 1948 Ad
957 1893 1247 1949 latrocinia
1282 1910 1406 1951 sese
1436 1905 1851 1958 converterunt,
1889 1896 2103 1968 fugicn-
2138 1877 2180 1932 Β

521 1994 607 2041 tes
661 1983 999 2048 identidem,
1055 1993 1222 2056 atque
1280 1985 1668 2055 irrumpentes.
1741 1986 2105 2057 Posteaquam

521 2091 656 2130 vero
702 2084 787 2130 ter
822 2075 1094 2130 instructa
1136 2075 1257 2130 acie
1306 2076 1541 2145 praeliati
1589 2077 1885 2131 consilium
1930 2085 2110 2133 muta-

522 2176 674 2230 runt,
728 2180 878 2221 nunc
933 2180 1161 2236 campos
1215 2167 1374 2237 longe
1431 2166 1652 2237 lateque
1694 2182 1887 2224 omnes
1936 2184 2107 2238 eques

522 2259 760 2323 obtinet,
795 2272 943 2312 nunc
975 2258 1120 2312 intra
1154 2258 1358 2314 mmnia
1385 2259 1636 2313 conclusi
1679 2260 1880 2316 milites
1914 2267 2109 2316 tenen-

523 2356 638 2410 tur,
669 2348 761 2402 alii
796 2348 905 2402 alio
933 2347 1210 2418 dissipati,
1250 2348 1397 2419 quod
1441 2350 1688 2404 Cerealis
1715 2358 1960 2420 tempore
1994 2367 2109 2407 ma-

527 2430 641 2496 luni
672 2440 907 2507 accidit;
939 2456 1042 2495 nec
1080 2440 1244 2495 utiles
1287 2441 1392 2496 sibi
1424 2457 1549 2498 esse
1582 2443 1819 2499 invicem
1851 2453 2106 2515 possunt,

526 2532 673 2602 quod
706 2549 818 2587 non
863 2531 1082 2589 collecti
1129 2532 1182 2587 in
1219 2548 1386 2587 unum
1416 2548 1480 2589 ac
1524 2535 1703 2591 coacti
1741 2536 1872 2592 sint.
1906 2535 2111 2603 Quam-

526 2612 741 2680 ohrem.
766 2625 1011 2682 hostium
1059 2641 1150 2681 res
1192 2626 1484 2681 luculeut.e
1523 2641 1587 2680 ac
1632 2641 1912 2696 prospera:
1955 2634 2106 2683 sunt.

528 2716 634 2783 Qui
684 2718 832 2773 enim
882 2721 1171 2791 superiore
1222 2736 1368 2775 anno
1419 2719 1615 2775 velites
1668 2728 1870 2785 erant,
1924 2728 1980 2775 et
2040 2720 2110 2775 ad

529 2807 715 2880 fugam
745 2812 1010 2883 expediti,
1058 2829 1208 2869 nunc
1250 2821 1661 2884 oppugnatores
1688 2811 1906 2866 urbium
1955 2821 2107 2867 sunt.

530 2897 690 2956 Nunc
717 2911 1079 2973 posteaquam
1115 2918 1382 2975 pagorum
1414 2917 1604 2957 muros
1635 2909 1976 2966 everterunt,
2013 2917 2113 2972 op-

530 2991 659 3061 pida
705 2992 827 3062 ipsa
862 2995 1017 3064 justo
1054 2997 1302 3052 exercitu
1353 2995 1725 3051 circumdant.
1772 2994 1916 3061 Quid
1963 2994 2113 3050 enim

532 3096 642 3136 non
682 3083 791 3139 illis
835 3086 1143 3142 successit?
1188 3086 1485 3142 Ausuriani
1535 3085 1813 3141 Thracum
1863 3087 2110 3157 equitum

2203 801 2450 855 Ἀνυσίου
2486 800 2673 871 μνήμη
2728 796 2961 866 ἐνιαυτῷ
3004 796 3095 848 τὸν
3151 793 3339 865 χρόνον
3389 791 3552 861 αὐτῆς
3596 791 3743 843 πλείω

2193 891 2484 961 πεποίηκε,
2522 892 2644 953 ταῖς
2675 888 2771 959 μὲν
2802 888 3060 941 ἀπάντων
3106 883 3319 947 ἀσπίσι,
3360 884 3476 944 ταῖς
3516 879 3570 933 δὲ
3602 880 3745 933 Olm-

2193 982 2412 1052 γαρδῶν
2463 984 2651 1052 χερσὶν
2711 981 2790 1043 είς
2839 978 2958 1031 δέον
3014 978 3380 1047 χρησάμενος.
3439 971 3748 1042 Τοιγαροῦν,

2194 1072 2432 1142 ἀναϐολή
2467 1089 2551 1135 τις
2595 1072 2811 1140 ἐγένετο
2842 1068 2936 1122 τοῦ
2979 1067 3174 1122 κακοῦ.
3204 1066 3278 1119 Ού
3311 1065 3419 1135 γὰρ
3445 1062 3751 1133 ἐξεχύθησαν

2196 1166 2304 1235 ὅλῳ
2339 1163 2534 1235 πλήθει
2567 1164 2711 1218 κατά
2737 1162 2835 1233 τῆς
2863 1160 3046 1232 χώρας
3070 1175 3083 1189 ·
3131 1160 3211 1220 είς
3254 1155 3519 1230 λῃστήρια
3551 1153 3755 1224 μετετά-

2202 1255 2361 1321 ξαντο
2385 1274 2398 1287 ο
2452 1254 2752 1325 ἀφήλλοντο
2791 1252 2886 1306 καὶ
2937 1248 3320 1321 προσήλλοντο.
3378 1246 3526 1299 Ἐπεὶ
3552 1244 3605 1296 δὲ
3649 1243 3755 1313 τρὶς

2203 1345 2678 1417 παραταξαμένοις
2720 1344 2904 1407 αὐτοῖς
2952 1340 3308 1413 μετεμέλησε,
3351 1337 3446 1391 νῦν
3482 1337 3578 1405 μὲν
3616 1336 3759 1387 ίππο·

2203 1440 2487 1510 κρατεῖται
2523 1437 2588 1492 τά
2628 1436 2806 1499 πεδία,
2836 1434 2931 1489 νῦν
2969 1436 3018 1486 οί
3058 1432 3170 1504 [τον.
3199 1431 3295 1484 νῦν
3328 1428 3410 1500 δὲ]
3455 1427 3758 1500 στρατιῶται

2202 1533 2477 1601 τειχήρεις
2504 1570 2519 1595 ,
2590 1529 2748 1591 ἄλλος
2813 1526 3079 1596 ἀλλαχόσε
3130 1521 3539 1594 διειλημμένοι,
3582 1519 3638 1571 τὸ
3682 1517 3763 1571 ἐπὶ

2206 1622 2508 1693 Κερεαλίου
2547 1619 2717 1672 κακὸν
2762 1618 2900 1688 (99),
2942 1616 3094 1669 οὐδὲν
3124 1614 3375 1684 ἀλλήλοις
3401 1611 3583 1680 ὄφελος
3607 1610 3761 1671 ὅντες,

2207 1712 2290 1767 ὅτι
2319 1712 2394 1782 μὴ
2426 1709 2851 1779 συνετάχθησαν.
2902 1705 3201 1777 Τοιγαροῦν
3238 1705 3309 1756 τὰ
3362 1702 3468 1756 τῶν
3515 1701 3765 1768 πολεμίων

2208 1804 2441 1875 λαμπρά
2464 1804 2511 1857 oi.
2546 1802 2773 1872 πέρυσιν
2813 1799 3060 1864 εύζωνοι,
3097 1798 3190 1851 καὶ
3219 1797 3356 1867 πρὸς
3388 1795 3450 1849 τὸ
3476 1796 3656 1865 φυγεῖν
3689 1793 3768 1844 εύ-

2208 1896 2451 1966 τρεπεῖς,
2500 1893 2594 1947 νῦν
2649 1892 3029 1964 πολιορκηταὶ,
3066 1890 3162 1943 νῦν
3207 1891 3277 1941 τα
3324 1884 3609 1958 κωμητικά
3654 1883 3766 1954 In).

2209 1984 2456 2057 κωμικὰ]
2486 1985 2639 2054 τείχη
2678 1982 3021 2044 καθελόντες,
3056 1980 3254 2033 πλατεῖ
3286 1975 3649 2047 στρατεύματι
3687 1973 3771 2033 τὰς

2207 2080 2393 2143 πόλεις
2445 2077 2962 2149 περιστοιχίξονται.
3022 2074 3085 2126 Τί
3133 2073 3240 2143 γὰρ
3292 2073 3352 2124 ού
3404 2066 3772 2141 προύχώρησεν

2211 2174 2435 2239 αύτοῖς;
2483 2168 2845 2241 Αύσουριανοὶ
2886 2168 3012 2230 τοὺς
3049 2166 3159 2220 τῶν
3191 2163 3429 2237 θρακών
3452 2161 3557 2215 τῶν
3587 2158 3775 2212 ἱππέων

2211 2266 2527 2321 ὲνεδύσαντο
2559 2263 2835 2336 θώρακας,
2876 2263 2937 2316 ού
2970 2262 3116 2316 κατὰ
3157 2262 3370 2334 χρείαν,
3409 2258 3523 2314 ἀλλ’
3564 2258 3774 2324 ἐπεγγε-

2210 2358 2408 2420 λῶντες
2433 2356 2509 2427 τῷ
2545 2357 2822 2426 σχήματι·
2860 2357 2979 2417 ταῖς
3008 2352 3401 2424 Μαρκομανῶν
3427 2350 3667 2412 ἀσπίσιν,
3700 2347 3777 2399 ἐπὶ

2211 2450 2422 2514 τούτοις
2455 2449 2759 2519 ἐχρήσαντο
2785 2463 2799 2476 ’
2840 2448 2920 2509 είς
2951 2443 3289 2516 γυμνητικὸν
3326 2442 3541 2497 ἐτέλεσε
3563 2440 3623 2494 τὸ
3660 2439 3774 2491 Ῥω-

2198 2542 2388 2613 .μαίων
2419 2536 2721 2601 ὁπλιτικὸν,
2759 2536 2972 2608 ἐχθρῶν
3004 2535 3138 2607 ἐλέῳ
3173 2535 3274 2606 τὴν
3325 2534 3598 2606 σωτηρίαν
3639 2530 3781 2598 εὑρά-

2215 2649 2389 2704 μενοι.
2426 2629 2660 2701 Δακρύω
2703 2630 2832 2693 τοὺς
2878 2628 3101 2699 ἄνδρας,
3129 2628 3229 2681 οὐκ
3264 2626 3514 2691 ὀνειδίζω
3539 2627 3635 2695 τὴν
3663 2638 3783 2691 συμο

2212 2726 2404 2797 φοράν.
2434 2725 2499 2778 Τί
2529 2724 2637 2797 γὰρ
2673 2722 2737 2778 ἂν
2766 2722 3028 2793 ἐποίησαν
3058 2722 3137 2785 είς
3172 2719 3549 2774 πολυπλάσιον
3578 2716 3781 2786 πλῆθος,

2212 2816 2419 2872 οἱκατὰ
2439 2815 2604 2887 μέρος
2624 2814 2733 2888 [πο.
2746 2813 2928 2885 μένος]
2950 2814 3134 2875 αὐτοῖς
3151 2810 3371 2883 ἀθρόοις
3390 2810 3784 2881 ἐντυγχάνοντες

2213 2907 2538 2980 Ούνιγάρδαι
2559 2924 2573 2974 ;
2598 2908 2671 2961 Τὸ
2696 2906 2794 2979 μὲν
2823 2906 2914 2960 ἐπὶ
2934 2905 3011 2976 τῷ
3032 2904 3172 2976 Θεῷ,
3204 2906 3303 2958 καὶ
3332 2908 3400 2976 τῇ
3427 2902 3607 2974 ῥώμῃ,
3626 2900 3783 2970 καὶτῇ

2213 2999 2322 3054 τῶν
2354 3000 2534 3053 ὅπλων
2563 2997 2836 3070 ἐμπειρίᾳ
2871 2996 3153 3062 σώζονται.
3180 2996 3252 3049 Τὸ
3277 2996 3337 3050 δὲ
3364 2996 3458 3048 ἐπί
3481 2997 3548 3065 τῇ
3576 3007 3791 3063 στρατη-

2213 3091 2329 3163 γίᾳ,
2363 3091 2416 3144 τί
2459 3089 2525 3145 ἂν
2573 3088 2667 3143 καὶ
2701 3090 2844 3160 μέγα
2899 3089 3068 3142 κακὸν
3117 3087 3245 3150 τοὺς
3290 3085 3587 3156 πολεμίους
3619 3078 3791 3153 εἰργά-

435 3222 451 3236 ,
530 3172 736 3230 loricas
770 3174 1088 3241 induerunt,
1114 3192 1225 3234 non
1254 3178 1400 3249 quod
1433 3178 1501 3234 iis
1529 3193 1671 3249 opus
1699 3178 1985 3243 haberent,
2015 3178 2110 3235 sed

2220 3199 2397 3247 σαντο,
2423 3180 2544 3235 καθ’
2570 3175 2644 3235 ὧν
2673 3181 2733 3233 ού
2760 3180 2890 3253 παρ’
2914 3179 3147 3234 ἑκόντων
3165 3177 3422 3248 ἀφίενται
3445 3176 3553 3232 τῶν
3573 3175 3793 3246 ἀγόντων

532 3273 596 3319 ιιι
645 3275 901 3321 ornatum
957 3277 1123 3339 atque
1182 3269 1428 3325 habitum
1487 3270 1807 3326 irriderent.
1869 3269 2117 3328 Posthaac

535 3357 1015 3415 Marcomannorum
1049 3361 1259 3433 clypeis
1309 3363 1396 3418 usi
1430 3371 1577 3421 sunt.
1610 3361 1691 3417 Ad
1720 3362 1912 3420 velites
1953 3372 2118 3434 atque

534 3451 822 3523 expeditos
856 3451 1233 3510 Romanorum
1270 3455 1412 3527 legio
1444 3456 1667 3512 redacta
1699 3463 1807 3520 est,
1851 3455 1946 3525 qui
1991 3456 2118 3525 qni-

536 3543 660 3598 dem
692 3543 1049 3601 miseratione
1092 3546 1332 3602 hostium
1368 3548 1602 3603 salutem
1634 3548 1917 3602 consecuti
1966 3554 2114 3601 sunt.

538 3634 823 3704 Eiusmodi
877 3639 1131 3694 homines
1158 3637 1409 3709 deploro,
1461 3640 1834 3695 calamitatem
1875 3656 1985 3695 non
2024 3654 2121 3693 ex—

539 3726 765 3796 probro.
800 3728 944 3794 Quid
976 3730 1122 3783 enim
1155 3729 1423 3786 adversus
1460 3730 1633 3783 multo
1665 3731 1902 3797 maiores
1935 3730 2124 3799 cupias

542 3822 787 3878 facerent
815 3821 1172 3895 Unnigardae,
1197 3825 1327 3880 dum
1366 3824 1636 3880 confertis
1672 3825 1777 3895 ipsi
1806 3826 1858 3880 in
1893 3825 2124 3881 lacinias

541 3915 779 3984 dispersi
827 3917 1221 3971 occurrerent?
1262 3916 1453 3986 Itaque
1502 3925 1770 3988 quantum
1814 3918 1867 3973 in
1910 3918 2024 3972 Deo
2071 3926 2126 3974 et

430 4046 435 4049 -
540 4005 744 4059 virtute
802 4017 967 4077 atque
1023 4022 1301 4062 annorum
1346 4009 1540 4077 peritia
1573 4008 1720 4071 luit.
1769 4009 1906 4064 salvi
1963 4017 2127 4080 atque

544 4096 850 4152 incolumes
903 4107 1049 4152 sunt.
1086 4098 1362 4166 Quantum
1403 4116 1533 4156 vero
1580 4100 1647 4156 ad
1691 4101 1859 4155 duces
1906 4102 2124 4167 attinet,

545 4203 655 4258 quo
702 4188 922 4245 tandem
973 4190 1179 4263 ingenti
1205 4193 1350 4247 malo
1391 4191 1607 4249 allicere
1643 4195 1830 4250 hostes
1878 4202 2125 4264 possent,

547 4281 600 4335 in
640 4296 780 4351 quos
806 4281 899 4351 qui
929 4282 1077 4353 ipsos
1122 4281 1353 4346 ducunt,
1384 4298 1494 4338 non
1521 4284 1758 4340 libenter
1786 4299 1881 4339 eos
1927 4284 2129 4338 immit-

548 4380 691 4437 tunt,
732 4373 827 4428 sed
878 4374 923 4430 si
974 4380 1197 4445 quando
1241 4376 1553 4429 catulorum
1601 4376 1775 4430 instar
1819 4375 2126 4446 eruperint,

545 4464 625 4520 illi
675 4480 895 4521 rursum
948 4468 1101 4538 ipsas
1153 4475 1280 4524 ante
1339 4467 1647 4536 reducunt;
1709 4484 1773 4524 ac
1826 4476 2124 4535 revocant,

547 4571 711 4626 quam
743 4572 866 4614 sese
894 4572 1059 4614 cursu
1088 4571 1153 4611 ac
1182 4555 1356 4612 ferina
1383 4558 1531 4614 crede
1558 4559 1766 4615 satiare
1804 4567 2127 4629 potuerunt.

548 4646 876 4717 Quanquam
906 4659 1145 4703 extremo
1176 4649 1340 4704 etiam
1366 4650 1584 4720 agmine
1616 4658 1764 4706 esset
1789 4666 1928 4722 Opus
1958 4649 2133 4707 Uuni-

548 4740 758 4810 gartlis,
809 4741 1180 4812 ordinatoque
1230 4743 1504 4798 exercitu.
1555 4741 1789 4813 Oportet
1831 4745 2001 4810 enim,
2052 4744 2133 4800 uti

549 4832 783 4901 opinor.
836 4832 1160 4903 phalangis,
1197 4835 1348 4888 velut
1393 4835 1557 4889 validi
1601 4835 1890 4905 cujusdam
1943 4835 2129 4900 ensis,

552 4922 880 4991 vegetiorem
914 4923 1136 4992 quidem
1173 4932 1384 4993 partem
1418 4924 1472 4979 in
1503 4925 1706 4989 fronte,
1732 4926 2039 4996 graviorem
2077 4927 2130 4980 in

552 5012 817 5069 subsidiis
856 5014 1053 5068 locari.
1118 5013 1197 5069 lta
1240 5015 1386 5069 enim
1448 5016 1615 5072 altius
1651 5018 1808 5088 plaga
1860 5025 2129 5088 penetrat.

553 5104 752 5171 Atque,
793 5110 853 5157 ut
896 5119 1007 5158 uno
1032 5103 1201 5160 verbo
1230 5103 1434 5162 dicam.
1468 5106 1766 5161 multitudo
1805 5106 1987 5161 omnis
2013 5107 2134 5161 illo-

555 5209 676 5249 rum
723 5196 949 5263 paucior
992 5203 1077 5252 est
1115 5212 1281 5268 quam
1332 5205 1390 5252 ut
1435 5198 1633 5253 bellum
1677 5198 1823 5254 istud
1860 5203 2135 5255 sustinere

556 5285 753 5355 possit.
784 5285 937 5354 Quod
963 5304 1031 5344 ne
1056 5288 1111 5343 in
1134 5298 1323 5345 nostra
1348 5286 1570 5359 quidem
1598 5289 1822 5360 regione
1847 5290 2138 5346 commode

2224 3274 2420 3338 αύτούς
2445 3290 2459 3303 σ
2511 3273 2627 3326 ἀλλ’
2665 3273 2850 3325 εἴποτε
2891 3272 3178 3325 σκυλάκιον
3208 3271 3371 3342 δίκην
3400 3268 3790 3327 ἀποὸιάσαιντο,

2224 3368 2274 3421 οί
2317 3366 2375 3420 δὲ
2426 3364 2590 3419 πάλιν
2640 3359 2815 3435 ἦγξαν
2869 3362 3066 3427 αὐτούς
3098 3363 3173 3433 (l)
3200 3379 3213 3394 ·
3263 3364 3360 3417 καὶ
3395 3359 3793 3430 ἀνεκαλέσαντο,

2226 3458 2357 3529 πρὶν
2388 3456 2720 3529 κορεσθῆναι
2759 3455 2985 3526 δρόμου,
3026 3455 3122 3508 καὶ
3151 3454 3318 3523 φόνου
3345 3452 3588 3525 θηρείου.
3624 3447 3798 3504 Καίτοι

2227 3554 2321 3607 καὶ
2348 3549 2709 3627 Ούνιγᾲρδαις
2752 3548 3017 3619 οὐραγίας
3064 3547 3196 3613 ἔδει,
3246 3547 3345 3602 καὶ
3387 3541 3797 3613 συντεταγμένου

2223 3644 2656 3715 στρατεύματος.
2708 3640 2855 3694 Ἔδει
2900 3640 3030 3711 γὰρ,
3074 3635 3248 3710 οἶμαι,
3282 3639 3588 3709 φάλαγγος,
3630 3633 3799 3699 ὥσπερ

2223 3733 2451 3807 ἐνεργοῦ
2476 3733 2771 3806 μαχαίρας,
2793 3733 2853 3784 τὸ
2879 3731 2975 3801 μὲν
2997 3730 3366 3803 ἀκμαιότερον
3389 3722 3799 3801 προϐεϐλῆσθαι.

2225 3826 2282 3881 τὸ
2321 3828 2377 3880 δὲ
2418 3823 2819 3897 στιϐαρώτερον
2868 3822 3289 3877 ἐπελαύνεσθαι.
3334 3823 3526 3886 Οῦτως
3569 3822 3601 3892 ἡ
3639 3812 3801 3886 πληγὴ

2224 3917 2512 3988 τομωτέρα
2542 3916 2769 3983 γίνεται.
2797 3914 2976 3977 Ὄλως
3008 3914 3063 3967 δὲ
3093 3913 3155 3967 τὸ
3193 3913 3403 3984 πλῆθος
3431 3911 3610 3965 αὐτῶν
3643 3906 3803 3972 ὀλίγον

2234 4009 2354 4063 ἐστὶ
2390 4008 2527 4080 προς
2569 4006 2627 4059 τὺ
2672 4006 3071 4077 διαπολεμῆσαι
3117 4005 3209 4058 τὸν
3259 4004 3523 4074 πόλεμον.
3580 4004 3673 4062 Ὃς
3708 3992 3804 4049 οὐδ’

2236 4100 2301 4154 ἂν
2343 4100 2399 4153 ἐν
2440 4102 2551 4162 τοῖς
2586 4096 2708 4151 καθ’
2738 4099 2886 4169 ἡμᾶς
2931 4098 3117 4161 τόποις
3157 4094 3588 4167 διαπολεμηθείη
3620 4086 3802 4149 καλῶς-

2246 4189 2385 4243 Ἀλλ’
2414 4190 2461 4243 εἰ
2503 4190 2577 4260 μή
2598 4206 2680 4251 τις
2716 4190 2796 4253 είς
2816 4189 2913 4259 τὴν
2941 4189 3165 4242 ἐκείνων
3200 4188 3548 4259 Ούνιγάρδας
3578 4179 3807 4238 διαϐιῆἀ-

2239 4299 2419 4345 σειεν,
2450 4282 2542 4334 ἐπὶ
2574 4280 2791 4344 τούτους
2833 4280 2915 4335 δεῖ
2961 4280 3198 4351 πλήθους
3246 4279 3597 4335 ἐκατοστύων
3647 4270 3810 4328 τεττά-

2240 4391 2347 4446 ρων
2373 4391 2387 4406 ⁸
2444 4374 2644 4443 μᾶλλον
2696 4374 2754 4428 δὲ
2814 4373 3080 4444 πρότερον
3128 4371 3235 4426 ἔδει
3284 4372 3545 4427 τοσούτου
3595 4367 3811 4437 πλήθους

2237 4469 2332 4521 καὶ
2369 4466 2694 4539 στρατηγοῦ,
2721 4465 2851 4539 πρὶν
2882 4467 3027 4537 ἡμᾶς
3058 4466 3300 4536 οἴχεσθαι
3338 4465 3562 4537 κομιδῇ,
3595 4462 3716 4532 πρὶν
3741 4458 3809 4518 εἰς

2234 4556 2488 4609 τοσοῦτον
2510 4555 2808 4626 αὐξηθῆναι
2836 4559 2947 4620 τοῖς
2973 4556 3250 4626 πολεμίοις
3281 4554 3351 4608 τὰ
3376 4557 3698 4626 πράγματα.
3729 4548 3811 4608 Εἰς

2234 4647 2302 4701 τα
2332 4649 2616 4702 τελευταῖα
2641 4647 2835 4712 ταῦτα,
2871 4647 2965 4701 καὶ⁵
2988 4649 3241 4716 γυναῖκες
3265 4643 3807 4718 συνεστρατεύσαντο.

2237 4737 2408 4800 Εἶδον,
2440 4735 2579 4793 εἶδον
2607 4740 2777 4811 συχνὰ
2806 4737 2921 4811 [γρ.
2953 4737 3164 4810 συχνοὶ]
3197 4740 3439 4807 γυναῖκα
3489 4727 3814 4810 μαχαιροφό·

2239 4849 2332 4906 ρον
2360 4831 2519 4903 ὁμοῦ,
2555 4832 2651 4887 καὶ
2687 4830 2864 4902 βρέφη
2897 4831 3310 4902 τιθηνουμένην.
3345 4829 3445 4895 Τίς
3469 4830 3531 4883 οὐ
3567 4826 3714 4898 ζηλοῖ
3736 4821 3814 4874 τὸν

2240 4925 2521 4978 ἀκίνδυνον
2535 4924 2609 4995 (2)
2643 4923 2878 4994 πόλεμον
2904 4940 2919 4988 ;
2955 4923 3128 4995 ’Υπὲρ
3157 4922 3397 4993 ἐμαυτοῦ
3427 4916 3814 4992 πεφοϐημένος,

2240 5018 2382 5089 ὑπὲρ
2402 5017 2508 5071 τῶν
2535 5016 2742 5088 καιρῶν
2765 5014 2878 5088 [γρ.
2898 5014 3237 5087 Καισάρων],
3262 5014 3406 5086 ὑπὲρ
3431 5015 3533 5085 τῆς
3558 5007 3816 5066 πολιτείας

2243 5108 2588 5180 αἰσχύνομαι.
2644 5110 2708 5162 Ὦ
2738 5108 2834 5162 τοῦ
2891 5108 3059 5162 πάλαι
3100 5108 3393 5178 Ῥωμαίων
3443 5099 3814 5179 φρονήματοςί

2242 5204 2289 5257 οί
2328 5202 2504 5255 πάντα
2557 5200 2832 5271 πανταχοῦ
2873 5200 3162 5265 νικῶντες,
3193 5200 3242 5253 οί
3284 5200 3385 5264 τὰς
3410 5198 3674 5270 ἠπείρους
3708 5208 3820 5263 τρο·

2243 5293 2426 5357 παίοις
2458 5294 2569 5366 (γρ.
2594 5290 2883 5365 τροπαίοις]
2916 5292 3271 5363 συνάψαντες,
3290 5291 3386 5345 νῦν
3428 5290 3544 5363 [τσ.
3570 5287 3649 5381 ,τὰ
3677 5288 3820 5355 ἠπει-

1767 5422 1957 5481 DION.
2039 5425 2318 5483 PETAVll
2380 5425 2616 5484 NOTAE.

560 5541 970 5681 εῃξὲἒ)¹ἳέιὶλέπὶ
999 5543 1322 5612 Κερεαλίου
1352 5545 1562 5598 κακόν.
1602 5543 1677 5600 De
1698 5544 1910 5602 Cereali
1938 5546 2060 5602 vide
2090 5546 2144 5601 in

2252 5548 2607 5623 interpretor,
2640 5557 2698 5603 ut
2740 5557 2945 5623 tantam
2976 5550 3032 5623 in
3080 5548 3333 5623 hostibus
3366 5544 3546 5623 fuisse
3582 5538 3821 5623 ﬁduciam

2250 5617 2421 5684 dicat,
2455 5628 2514 5674 ut
2546 5622 2663 5689 ipse
2686 5620 2851 5674 etiam
2878 5620 3334 5690 tnulieres,quasi
3366 5617 3437 5670 ad
3466 5617 3820 5687 certissimam

634 5682 711 5759 (_l_)
741 5683 935 5737 Πάλιν
985 5680 1182 5759 ἥγξιιν
1220 5683 1459 5759 αὐτούς.
1492 5685 1631 5752 Quid
1680 5688 1724 5741 si
1770 5686 1941 5751 ῐῦξαν,
1976 5686 2028 5740 id
2064 5702 2115 5743 es

2251 5678 2488 5759 praedam
2517 5678 2832 5757 bellumque
2865 5691 3091 5759 periculi
3124 5678 3305 5744 clunis
3340 5701 3566 5758 expers,
3598 5695 3719 5738 cum
3750 5678 3820 5729 ίῐι·

567 5750 729 5805 sibilo
758 5750 1087 5807 revocarunt
1113 5754 1137 5805 ?
1174 5763 1267 5806 aut
1297 5750 1470 5816 ἦξανς

640 5817 714 5893 (‘2)
744 5822 839 5887 Τις
872 5824 945 5877 σὺ
972 5821 1142 5889 ζηλοῖ
1171 5821 1275 5875 τὸν
1302 5817 1648 5882 ἀκίνδυνον.
1684 5826 1776 5881 Sic
1807 5842 1928 5882 cum
1963 5827 2144 5882 locum

2249 5758 2493 5816 fantibus
2521 5758 2883 5831 perrexerint.
