4134 6468
407 337 544 395 1569

1823 320 2283 391 CATAs'rASIS.

3570 329 3713 389 I570

406 458 616 533 ρωτικά
650 456 909 529 τρόπαια,
950 454 1025 520 ὡς
1080 454 1230 528 παρά
1274 457 1351 512 Μ.
1385 454 1591 526 Τυρίῳ.
1639 454 1699 510 Δ.
1747 452 1879 527 κα.]
1908 452 2015 508 ὑπὸ

2125 452 2501 509 administrari
2545 459 2748 524 potest.
2787 452 2949 526 381
2985 452 3095 509 Sed
3112 453 3217 509 nisi
3256 450 3401 508 forte
3431 450 3710 523 quispiam

403 552 691 622 δυστήνου,
742 550 838 604 καὶ
882 548 1171 622 νομαδίτου
1221 548 1411 616 γένους
1464 545 1836 601 κινδυνεύουσι
1890 548 2013 611 ταῖς

418 643 689 715 Ἑλληνίσι
727 642 933 707 Λιϐύας
968 639 1411 713 προσαποϐαλεῖν
1432 681 1444 704 ,
1474 641 1570 694 καὶ
1618 638 1717 711 τὴν
1752 640 1882 711 παρ’
1914 637 2012 692 Αἴ-

407 754 617 807 γυπτον
655 734 1088 805 Ἀλεξάνδρειαν.
1129 733 1338 786 Ἐκεῖνο
1370 729 1554 803 μεῖζον
1586 731 1666 796 είς
1697 729 1856 799 λόγον
1878 747 2015 802 χρη-

412 828 622 900 μάτων,
653 825 811 881 τοῦτο
846 824 902 879 δὲ
925 827 1005 889 είς
1032 822 1278 889 εὐδοξίαν
1307 821 1408 875 οὐκ
1428 820 1668 885 ἔλαττον,
1687 819 1741 873 ετ
1769 837 1853 885 τις
1871 815 2015 873 οἶδεν

407 920 785 993 αἰσχύνεσθαι,
823 918 919 974 καὶ
946 915 1183 971 ποιεῖταί
1213 933 1332 969 τινα
1371 915 1529 984 λόγον
1561 913 1656 966 τοῦ
1688 913 2009 985 πρέποντος.

413 1018 480 1071 ’Ὠ
517 1015 613 1069 τοῦ
649 1016 1018 1086 φρονήματος,
1059 1011 1179 1081 μεθ’
1205 1010 1332 1062 ὅσου
1357 1008 1459 1079 τὴν
1480 1006 1665 1079 χώραν
1690 1004 2018 1076 σεσαγηνεύ-

408 1131 540 1170 κασι
572 1114 585 1166 l
619 1111 847 1176 Τούτοις
881 1109 1036 1164 οὐδὲν
1069 1107 1193 1162 οὔτε
1226 1107 1352 1181 ὅρος
1387 1107 1590 1162 ἄϐατον
1617 1106 1863 1177 γέγονεν,
1892 1104 2016 1160 οὔτε

410 1204 672 1278 φρούριον
692 1205 792 1276 ὲρυ
802 1201 954 1274 μνόνο
978 1201 1159 1254 πᾶσαν
1184 1199 1488 1271 ὑπεξῆλθον
1518 1198 1629 1272 [ἷσ.
1651 1197 1871 1271 κώμην]
1909 1199 2013 1252 πᾶ-

412 1318 512 1355 σαν
544 1298 974 1370 διηρευνήσαντο
999 1309 1016 1326 °
1060 1295 1244 1348 πᾶσαν
1292 1292 1512 1365 ήλικίαν
1542 1291 1655 1364 [ἵσ.
1691 1290 1892 1364 οίκίαν]
1924 1293 2016 1362 ὴν-

409 1392 823 1467 δραποδίσαντο.
876 1388 1054 1443 Πάλαι
1088 1388 1220 1442 ποτὲ
1266 1386 1375 1441 τῶν
1412 1386 1543 1458 παρ’
1577 1385 1806 1456 Ἕλλησι
1859 1385 2018 1454 λογο-

408 1487 642 1558 γράφων
697 1482 922 1547 ἀκούω,
959 1480 1318 1535 ΓΥΝΛῙΚΑΣ
1376 1480 1502 1534 ΚΑΙ
1555 1478 1880 1533 ΠΑΙΔΑΡΙΑ
1916 1477 2019 1550 (5),

410 1575 857 1634 ΓΝΩΡΙΣΜΑΤΑ
898 1575 1037 1629 ΤΩΝ
1079 1572 1496 1627 ΠΟΡΘΗΣΕΩΝ
1547 1570 2017 1626 ΥΠΕΛΕΙΠΕΤΟ.

423 1670 586 1725 Ἀ).λά
619 1669 774 1740 παρά
822 1667 996 1723 ταῦτα
1059 1666 1297 1738 μάλιστα
1333 1664 1527 1734 γέγονε
1561 1663 1920 1719 Πενταπόλει.
1954 1662 2022 1718 Τί

411 1764 523 1835 γὰρ
547 1760 903 1833 Αὐσουριανῷ
922 1757 1143 1813 κάλλιον
1170 1757 1360 1830 κτῆμα
1385 1755 1610 1826 γυναίου
1634 1755 1729 1809 καὶ
1760 1755 2017 1828 βρέφους

414 1856 514 1911 Ἵν³
547 1857 604 1908 al
637 1854 736 1925 μὲν
772 1854 959 1917 αὐτοῖς
1008 1852 1268 1915 τίκτοιεν,
1320 1851 1369 1903 ot
1420 1848 1513 1913 δὲ,
1552 1848 1639 1903 ἵνα
1692 1847 2019 1918 αὐξηθέντες

416 1946 816 2021 στρατεύοιντο.
849 1941 1009 2000 Εὗνοι
1043 1944 1154 2015 γὰρ
1174 1943 1295 1996 ἀντὶ
1316 1943 1426 1995 τῶν
1440 1940 1712 1996 τεκόντων
1748 1942 1862 2004 τοῖς
1892 1938 2020 2012 θρέ·

412 2042 549 2110 ψασι
581 2040 843 2110 γίνονται.
873 2039 938 2091 Ὢ
966 2038 1212 2109 πονηρᾶς
1238 2034 1499 2098 ἀποικίας
1528 2034 1596 2105 ἣν
1620 2031 2017 2103 ἀποικίζομενι

420 2136 648 2201 Ἀγεται
684 2133 875 2201 νεότης
913 2130 1282 2202 αἰχμάλωτος.
1315 2128 1385 2182 τὰ
1429 2127 1690 2199 τάγματα
1721 2124 1830 2179 τῶν
1861 2124 2023 2177 πολε-

417 2227 556 2299 μίων
585 2226 917 2296 αὐξήσουσα.
945 2224 1102 2289 Ἥξει
1131 2222 1305 2293 δῆμος
1328 2220 1424 2275 ἐπὶ
1441 2219 1540 2291 τὴν
1568 2216 1897 2288 ὲνεγκοῦσαν
1924 2233 2023 2270 που

413 2322 625 2392 λέμιος.
684 2320 854 2390 Κερεῖ
902 2317 1121 2381 νεανίας
1181 2315 1278 2387 τὴν
1333 2314 1458 2385 γῆν,
1497 2314 1565 2386 ἣν
1617 2311 1905 2384 μειράκιον
1942 2309 2024 2364 ἔτι

418 2414 560 2486 μετά
592 2412 688 2467 τοῦ
724 2410 934 2483 πατρὸς
974 2409 1353 2480 ἐξειργάσατο.
1390 2405 1508 2462 Νῦν
1539 2408 1597 2459 ὲν
1623 2404 1762 2477 ὁδῷ·
1794 2403 1891 2457 νῦν
1917 2404 2024 2456 ἀπ-

417 2511 642 2578 άγεται·
680 2506 776 2562 νῦν
826 2506 908 2559 ἔτι
945 2502 1216 2575 δεσμῶτις
1248 2503 1282 2572 ή
1330 2499 1725 2563 Πενταπόλεως
1770 2495 2021 2569 ὲφήϐεια.

428 2604 655 2677 ’Δμύνει
699 2602 757 2656 δὲ
787 2601 985 2665 οὐδεὶς,
1033 2597 1155 2653 οὐδὲ
1203 2596 1450 2651 δύναται.
1494 2593 1688 2650 Καίτοι
1715 2592 1848 2660 φασὶ
1889 2607 2026 2662 προ-

417 2694 707 2766 θυμεῖσθαι
734 2693 827 2747 τὸν
875 2690 1202 2764 στρατηγόν*
1243 2686 1382 2742 ἀλλά
1412 2686 1474 2740 ού
1510 2685 1619 2758 γὰρ
1669 2685 1832 2738 ἐῶσιν
1874 2681 2025 2737 Ἀλε-

417 2786 688 2860 ξανδρέων
720 2788 770 2840 oi
804 2786 951 2856 κακῇ
987 2783 1153 2856 μοίρᾳ
1189 2780 1581 2843 Πενταπόλεως
1612 2779 1672 2832 ὲν
1699 2777 1838 2848 αὐτῇ
1863 2792 2029 2847 στρα-

415 2879 764 2950 τευσάμενοι.
798 2877 865 2931 Τί
893 2875 1005 2948 γὰρ
1036 2875 1104 2930 ἀν
1134 2892 1219 2938 τις
1256 2874 1569 2927 αἰτιάσαιτο
1602 2869 1693 2925 τὸν
1732 2869 1976 2924 ἀναίτιον
2007 2886 2024 2935 ;

416 2967 464 3043 ᾧ
491 2973 590 3028 καὶ
616 2971 796 3043 γῆρας
826 2968 988 3040 βαθὺ,
1025 2969 1121 3024 καὶ
1164 2967 1325 3020 νόσου
1366 2962 1644 3036 καταϐολὴ
1670 2962 2028 3034 πολυχρόνιος

418 3065 520 3135 τὴν
557 3058 892 3131 συγγνώμην
944 3056 1392 3130 ὲμνηστεύσατο;
1437 3054 1633 3109 Καίτοι
1677 3054 1878 3126 ῥᾷστον
1933 3048 2024 3125 ἦν,

2116 545 2175 602 in
2223 545 2447 601 illorum
2493 560 2691 616 agmen
2738 545 3086 619 Unnigardas
3128 546 3416 612 immittat,
3469 555 3714 617 quatuor

2115 636 2384 695 adversus
2428 653 2528 694 eos
2577 639 2851 695 centuriis
2891 656 3033 711 opus
3076 649 3199 709 est;
3248 640 3332 697 vel
3367 648 3486 697 erat
3526 639 3712 712 potius

2117 737 2276 786 tanto
2327 745 2562 786 numero
2592 745 2753 800 opus,
2800 747 2864 787 ac
2900 733 3060 798 duce,
3108 743 3408 803 antequam
3460 731 3719 788 funditus

2116 825 2516 894 periissemus,
2568 833 2863 895 antequam
2907 840 3086 896 usque
3134 827 3273 881 adeo
3323 826 3571 882 hostium
3621 840 3717 881 res

2116 922 2295 971 auctae
2317 929 2383 969 ac
2416 914 2760 970 conﬁrmatae
2789 915 3050 972 fuissent.
3097 915 3153 971 In
3186 916 3295 972 hoc
3331 918 3528 973 ultimo
3565 918 3717 974 bello

2117 1008 2253 1079 ipsae
2304 1008 2471 1064 etiam
2521 1008 2787 1065 mulieres
2850 1009 2922 1065 ad
2982 1010 3386 1081 expeditionem
3452 1011 3716 1082 profecta

2118 1110 2272 1158 sunt.
2305 1100 2455 1169 Vidi,
2495 1102 2746 1173 inquam,
2780 1117 3164 1173 saepenumero
3197 1103 3380 1175 gladio
3405 1104 3720 1159 aceinctam

2117 1194 2432 1262 mulierem,
2486 1202 2657 1266 atque
2699 1209 2809 1249 una
2857 1194 3127 1250 infantem
3182 1209 3345 1250 suum
3396 1195 3716 1251 laetantem.

2119 1286 2257 1355 Quis
2299 1303 2563 1345 securum
2597 1285 2737 1342 adeo
2767 1287 2973 1343 bellum
3007 1301 3117 1342 non
3148 1285 3491 1342 fortunatum
3518 1286 3723 1357 putet?

2123 1380 2295 1437 Pudet
2340 1396 2426 1437 me
2480 1390 2534 1437 et
2585 1380 2725 1435 mihi
2783 1381 2912 1451 ipsi,
2947 1386 3005 1435 et
3064 1379 3326 1450 tempori,
3387 1387 3443 1435 et
3499 1377 3716 1450 reipub.

2123 1473 2401 1530 timuisse.
2432 1472 2479 1529 0
2503 1481 2721 1529 veteres
2750 1472 2878 1527 illos
2917 1470 3299 1527 Romanorum
3342 1471 3593 1542 spiritus,
3624 1471 3719 1542 qui

2120 1568 2326 1639 ubique
2373 1567 2559 1623 omnia
2631 1565 2913 1623 debellare
2970 1564 3269 1630 solebant,
3327 1564 3421 1635 qui
3488 1563 3721 1620 dissitas

2121 1665 2473 1718 continentes
2518 1660 2745 1731 tropaeis
2797 1659 2917 1714 suis
2970 1659 3407 1729 coniunxerunt,
3460 1673 3613 1714 nunc
3653 1658 3724 1713 ab

2123 1753 2329 1810 inteliei
2358 1754 2724 1825 dispersaque
2747 1757 2912 1821 gente
2942 1765 3010 1807 eo
3040 1749 3252 1807 redacti
3295 1760 3447 1813 sunt,
3488 1759 3547 1805 ut
3577 1748 3725 1820 peric
3829 1797 3835 1803 .

2123 1847 2309 1903 culum
2345 1846 2419 1902 sit
2448 1859 2516 1900 ne
2558 1855 2757 1917 praeter
2788 1841 3010 1899 Graecas
3058 1842 3248 1905 urbes,
3290 1843 3458 1899 etiam
3506 1840 3726 1898 Africa-

2123 1956 2248 2004 nas,
2291 1940 2578 2011 ipsamque
2607 1938 2767 2003 adeo,
2796 1952 2922 2008 quae
2965 1938 3022 1992 in
3070 1936 3310 2009 Egypto
3336 1944 3449 2001 est,
3479 1935 3725 1991 Alexan-

2123 2029 2303 2086 driam
2350 2029 2608 2084 amittant
2638 2029 2652 2083 ι
2682 2027 2781 2084 Est
2832 2025 2970 2083 illud
3000 2026 3222 2099 quidem
3260 2025 3408 2098 quod
3454 2024 3525 2080 ad
3558 2038 3726 2095 pecu-

2124 2121 2345 2176 niarum
2387 2121 2662 2176 rationem
2714 2119 2935 2186 attinet,
2988 2118 3222 2189 majoris
3265 2118 3531 2173 momenti
3567 2134 3582 2174 :
3617 2118 3725 2173 hoc

2124 2226 2256 2268 vero
2301 2210 2371 2266 ad
2424 2210 2779 2281 splendorem
2832 2224 2898 2265 ac
2943 2208 3178 2279 gloriam
3240 2221 3352 2262 non
3401 2208 3623 2270 minus,
3675 2207 3723 2263 si

2126 2306 2251 2377 quis
2293 2305 2627 2361 erubescere
2658 2304 2829 2359 modo
2858 2304 3040 2367 novit,
3073 2316 3138 2357 ac
3184 2300 3406 2356 decoris
3449 2298 3723 2355 rationem

2088 2432 2092 2436 η
2128 2397 2296 2451 ullam
2334 2402 2503 2465 atque
2543 2394 2855 2450 honestatis
2903 2393 3093 2453 habet.
3148 2389 3297 2447 Proh
3326 2388 3618 2446 audaciam
3658 2389 3726 2445 il-

2127 2488 2258 2551 lam,
2296 2502 2404 2557 qua
2442 2485 2568 2541 freti
2604 2486 2760 2541 velut
2782 2484 2995 2541 retibus
3025 2483 3341 2540 universam
3378 2482 3725 2553 provinciam

2127 2583 2365 2654 amplexi
2425 2583 2594 2638 sunt!
2624 2578 2824 2634 Nullus
2865 2579 2934 2635 iis
2979 2591 3214 2633 accessu
3280 2589 3443 2631 mons
3492 2573 3724 2637 arduus,

2125 2676 2344 2732 nullum
2400 2675 2539 2730 satis
2579 2672 2857 2728 munitum
2907 2669 3197 2725 castellum
3249 2666 3401 2724 fuit:
3443 2666 3724 2739 regionem

2125 2783 2345 2827 omnem
2395 2764 2703 2839 pervagati,
2747 2777 2967 2819 omnem
3009 2761 3348 2833 perscrutati
3398 2767 3550 2823 sunt,
3595 2766 3729 2814 aeta-

2129 2869 2354 2932 temque
2375 2874 2596 2916 omnem
2631 2858 2687 2913 in
2731 2857 3061 2915 servitutem
3096 2854 3451 2925 redegerunt.
3486 2851 3627 2907 Olim
3660 2867 3730 2908 ex

2127 2953 2523 3009 historicorum
2570 2962 2805 3005 numero
2840 2947 2919 3002 ita
2956 2945 3294 3002 scribentem
3344 2943 3537 2999 nescio
3565 2956 3729 3011 quem

2130 3045 2340 3101 audio:
2372 3042 2681 3099 FEMINAS
2728 3039 2819 3096 ET
2869 3037 3249 3095 PUERULUS
3292 3032 3731 3092 EXCIDIORUH

419 3124 823 3225 είστρατηγών
848 3124 1260 3221 ηὐτυχήσαμεν,
1291 3145 1647 3215 ὑπερήφανον
1680 3124 2026 3213 στράτευμα,

2132 3137 2221 3192 AC
2270 3131 2817 3192 SUBVERSIONUM
2861 3128 3301 3188 ABGUMENTO
3348 3124 3732 3193 RELINQUE~

419 3246 516 3300 καὶ
538 3239 916 3315 προσκεκοφδς
959 3237 1039 3309 τῷ
1077 3235 1197 3307 Θεῷ
1216 3274 1232 3299 ,
1261 3235 1419 3304 δίκην
1449 3232 1705 3296 ἀσεϐείας
1735 3231 2028 3303 εἰσπράξα-

423 3339 570 3392 σθαι.
596 3335 774 3390 Ποίων
804 3332 968 3406 ίερῶν
997 3325 1164 3395 οὗτοι,
1193 3329 1365 3383 ποίων
1394 3327 1561 3381 ὁσίων
1585 3325 1910 3394 ὲφείσαντο;
1952 3324 2028 3378 Οὐ

424 3425 696 3499 πολλαχοῦ
736 3424 831 3479 τοῦ
856 3424 966 3479 τῶν
996 3420 1286 3494 Βαρκαίων
1309 3418 1496 3473 πεδίου
1521 3417 1590 3471 τὰ
1617 3416 1895 3486 νεοσκαφῆ
1920 3415 2030 3468 τῶν

429 3522 731 3595 μνημάτων
771 3517 1094 3588 ἀνέχωσανς
1130 3514 1206 3568 Οὐ
1246 3510 1399 3584 παρά
1430 3509 1637 3564 τούτων
1669 3506 2029 3595 αίῆπανταχοῦ

424 3616 526 3686 τῆς
555 3614 646 3685 ὑφ’
684 3613 835 3684 ἡμᾶς
878 3607 1260 3682 Ἀμπελίτιδος
1303 3602 1595 3675 ἐκκλησίαι
1644 3599 2029 3673 πυρίκαυστοι,

426 3709 526 3763 καὶ
570 3705 825 3779 ὲρείπια;
860 3704 936 3757 Ού
984 3701 1085 3766 τὰς
1132 3700 1231 3772 μὲν
1259 3696 1542 3770 τραπέζας
1595 3694 1697 3758 τάς
1738 3692 1913 3762 ἱερὰς,
1956 3691 2034 3754 ώς

2133 3229 2340 3286 BANT.
2407 3229 2518 3285 Sed
2570 3229 2733 3300 longe
2770 3225 2921 3281 aliud
2976 3222 3262 3295 Pentapoli
3307 3221 3559 3293 contigit.
3599 3217 3733 3285 Quae

2132 3325 2280 3381 enim
2323 3322 2646 3379 Ausuriano
2680 3319 2967 3391 possessio
3004 3315 3352 3373 commodior
3402 3310 3733 3369 muliercula

2133 3427 2190 3475 et
2225 3415 2546 3473 infantulo?
2569 3412 2643 3469 Ut
2679 3420 2737 3469 et
2782 3413 2891 3468 illae
2938 3412 3077 3483 ipsis
3111 3409 3355 3481 pariant,
3402 3413 3457 3462 et
3490 3404 3528 3461 ii
3567 3404 3734 3460 simul

2132 3491 2301 3579 atque
2331 3506 2697 3570 adoleverint,
2725 3518 2838 3560 una
2871 3502 2938 3558 ad
2972 3501 3229 3557 militiam
3260 3486 3562 3554 ducantur.
3591 3493 3734 3551 Sunt

2134 3600 2283 3656 enim
2328 3612 2459 3666 erga
2502 3595 2766 3652 nutritios
2813 3593 3003 3665 potius
3042 3595 3210 3662 quam
3247 3596 3509 3660 parentes
3545 3585 3737 3640 animo

2138 3689 2424 3762 propensi.
2446 3686 2492 3745 Ο
2516 3687 2776 3744 miseram
2811 3686 2959 3740 illam
2994 3697 3160 3753 quam
3185 3691 3555 3753 propagamus
3585 3676 3741 3731 colo-

431 3770 716 3873 βεϐήλους,
749 3796 844 3852 ἐπὶ
878 3770 1186 3869 κρεανομίᾳ
1221 3790 1552 3864 παρέθεντο·
1585 3786 1654 3840 τὰ
1702 3786 1759 3839 δὲ
1797 3784 2026 3856 μυστικὰ

2138 3785 2323 3839 niam!
2360 3781 2592 3854 Captiva
2616 3779 2883 3850 juventus
2926 3776 3112 3846 agitur
3131 3788 3255 3845 quae
3290 3770 3537 3828 hostium
3571 3783 3737 3825 exer-

430 3866 635 3965 σκεύη,
675 3892 746 3945 τὰ
799 3866 1292 3960 λελειτουργηκότα
1347 3885 1413 3956 τῇ
1464 3879 1832 3953 δημιουργικῇ
1879 3892 2026 3929 σττον⁴

2140 3878 2287 3933 citus
2324 3884 2545 3947 augeat.
2581 3872 2780 3929 Veniet
2816 3870 3041 3928 hostilis
3073 3866 3374 3939 aliquando
3416 3870 3613 3921 contra
3644 3877 3741 3932 pa-

430 3989 548 4060 δείᾳ
581 3959 657 4057 (4)
710 3983 925 4053 τελετῇ,
961 3970 1210 4049 δαίμοσιν
1241 3979 1323 4040 εἰς
1370 3975 1470 4045 τὴν
1501 3971 1772 4042 πολεμίαν
1811 3968 2026 4041 κομίζε-

2143 3974 2306 4029 triam
2359 3970 2622 4042 populus.
2657 3965 2799 4022 Eum
2856 3978 3049 4036 agrum
3093 3959 3386 4034 populabit
3432 3966 3599 4028 atque
3645 3971 3744 4011 ex-

432 4099 524 4138 ται
557 4098 574 4150 ;
604 4079 672 4134 Τί
721 4076 927 4131 τούτων
971 4069 1198 4126 ἀνεκτὸν
1226 4071 1306 4133 είς
1352 4067 1523 4138 ἀκοὴν
1572 4064 1747 4119 ἐλθεῖν
1776 4062 1979 4132 εὐσεϐῆ
2019 4076 2026 4127 ς

2144 4065 2367 4123 scindet
2405 4061 2647 4134 juvenis,
2676 4072 2868 4131 quem,
2904 4070 3033 4111 cum
3084 4050 3535 4110 adolescentulus
3568 4054 3741 4111 esset,

436 4144 627 4234 Ὅστις
655 4169 767 4241 γὰρ
797 4166 940 4232 ἀξιοῖ
968 4162 1188 4235 μνήμης
1214 4159 1250 4214 ὃ.
1275 4157 1600 4213 κατέσεισαν
1640 4154 1897 4226 φρουρία,
1938 4152 2026 4223 τὴν

2147 4174 2253 4213 una
2299 4171 2426 4211 cum
2483 4162 2644 4225 patre
2690 4151 2961 4206 coluerat.
3009 4144 3168 4201 Nunc
3210 4145 3268 4200 in
3298 4144 3385 4200 via
3437 4150 3517 4198 est
3550 4154 3565 4194 :
3594 4154 3745 4195 nunc

437 4260 845 4330 σκευαγωγίαν,
885 4255 956 4308 τὰ
1011 4251 1217 4307 ἔπιπλα
1244 4291 1258 4314 ,
1289 4247 1389 4309 τὰς
1423 4245 1573 4317 βοῦς,
1619 4243 1720 4307 τὰς
1774 4243 1876 4306 ὄϊς,
1913 4242 2026 4295 ὅσαι

2144 4249 2442 4304 abducitur
2478 4264 2491 4298 :
2525 4258 2677 4299 nunc
2712 4243 2766 4296 in
2798 4238 3043 4296 vinculis
3087 4236 3273 4291 adhuc
3315 4231 3744 4304 Pentapolitana

433 4357 546 4412 τῶν
596 4324 948 4427 βαρϐαρικῶν
996 4346 1308 4420 λῃστηρίων
1358 4338 1500 4416 ἦσαν
1549 4337 2026 4409 ὲγκαταλείμματα

2145 4342 2411 4414 pubertas
2446 4343 2563 4403 est;
2593 4350 2695 4391 nec
2729 4339 2815 4389 est
2851 4331 2998 4386 ullus
3032 4329 3126 4399 qni
3157 4328 3226 4384 iis
3258 4340 3419 4397 opem
3454 4324 3616 4387 ferat,
3647 4329 3745 4377 aut

434 4448 558 4515 ταῖς
596 4416 887 4519 ’φάραγξιν
921 4416 1533 4511 ἐγκατακρυπτόμεναι,
1582 4434 1643 4487 ἐν
1696 4430 2026 4505 τηλικούτοις

2147 4436 2294 4491 ferre
2317 4431 2516 4504 possit.
2540 4428 2704 4501 302
2723 4426 2909 4495 Neque
2937 4423 3084 4478 enim
3110 4419 3258 4475 istud
3282 4419 3476 4475 sinunt
3502 4416 3744 4471 Alexan—

437 4504 636 4605 κακοῖς
657 4504 1010 4613 μικρολογίας
1035 4504 1215 4588 αἰτίαν
1237 4530 1299 4584 ού
1319 4504 1886 4597 διαπέφευγε.Καίτοι
1921 4538 2026 4577 πενη

2125 4525 2300 4581 ’ἀπ’ίηὶ
2334 4522 2434 4586 illi,
2465 4522 2558 4591 qui
2592 4518 2837 4590 pessimo
2871 4511 3238 4582 Pentapoleos
3274 4508 3390 4563 fato
3421 4506 3477 4562 in
3524 4519 3589 4561 ea
3624 4504 3746 4575 ipsa

437 4599 807 4705 τακισξίλίαίς
838 4599 958 4693 ταῖς
981 4625 1253 4697 καμήλοις
1280 4619 1764 4691 ἐσκευαγώγησαν.
1794 4613 2026 4689 Ἀριθμᾷ

2153 4618 2486 4674 militarunt.
2530 4610 2675 4679 Quid
2708 4610 2855 4665 enim
2889 4615 2975 4663 est
3012 4618 3114 4659 cur
3135 4602 3433 4674 quisquam
3476 4599 3749 4654 innocen-

440 4732 498 4787 δὲ
523 4691 815 4783 ἀναλύουσι
858 4691 1204 4794 τριπλασίονι
1230 4716 1297 4787 τῇ
1333 4712 1442 4767 τῶν
1477 4708 1840 4782 αἰχμαλώτων
1874 4724 2026 4779 προσε

2143 4718 2254 4767 tem
2300 4707 2649 4771 criminetur,
2699 4701 2792 4758 cui
2833 4708 2888 4756 et
2932 4698 3127 4754 alfecta
3184 4705 3343 4761 tetas,
3386 4701 3443 4750 et
3481 4691 3749 4748 diuturna

444 4784 612 4898 θήκῃ.
655 4784 913 4888 τοσούτῳ·
931 4812 1149 4876 πλείους
1193 4784 1492 4880 γινόμενοι.
1524 4803 1801 4875 Τέθνηκεν
1826 4801 2026 4857 ἀπέσϐη

2147 4801 2332 4859 morbi
2361 4798 2614 4856 accessio
2647 4795 2864 4852 veniam
2899 4790 3187 4848 obtinuit?
3227 4786 3393 4857 Atqui
3422 4784 3750 4841 facillimum

2438 4892 2455 4898 -
2523 4892 2534 4898 -
2862 4887 2874 4898 .
3194 4883 3231 4898 .,
3492 4878 3711 4898 ALL“

524 4878 939 4973 ήενταπόλεωςο
955 4907 1110 4970 τέλος
1128 4904 1260 4975 ἔχει·
1276 4878 1725 4971 διακεχείρισταν
1741 4894 2025 4951 ἀπόλωλεν

2146 4902 2289 4960 erat,
2328 4892 2494 4949 modo
2523 4892 2796 4947 bonorum
2844 4887 3047 4942 ducum
3083 4883 3244 4955 copia
3278 4890 3451 4945 esset,
3487 4878 3556 4934 ab
3591 4879 3748 4933 inso-

412 5002 419 5009 ’
446 4969 649 5066 ῥέζετε
676 5006 793 5061 ἐστὶ
832 4969 1134 5064 παντελῶς,
1158 4969 1286 5051 ὀὗθ’
1317 4969 1468 5066 ἡμῖν,
1499 4969 1626 5046 οὔτε
1654 4988 1885 5061 βασιλεῖ.
1911 4985 2026 5042 Οὔτ

2148 4988 2285 5044 lenti
2333 4983 2621 5051 exercitu,
2672 4983 2878 5053 quique
2929 4977 3100 5034 Deum
3154 4974 3430 5031 oﬂensum
3484 4969 3748 5033 haberet,

584 5102 792 5176 βασιλεῖ
825 5100 1013 5169 κτῆμα
1039 5062 1237 5164 γένοιτ’
1270 5062 1370 5155 ἂν,
1395 5086 1520 5143 ὅθεν
1547 5083 1701 5140 οὐδὲν
1734 5081 2020 5136 ἀποίσεται

2158 5080 2461 5153 impietatis
2496 5093 2695 5151 pinnas
2729 5082 3001 5148 repetere.
3031 5069 3380 5139 Quibusnam
3414 5064 3497 5123 illi
3544 5062 3753 5131 sacris,

1700 5238 1884 5296 DION.
1952 5235 2231 5294 PETAVll
2266 5234 2508 5293 NOTAE.

2153 5393 2227 5434 ne
2257 5377 2521 5433 mulieres
2550 5374 2772 5447 quidem
2823 5385 2889 5425 ac
2915 5368 3177 5447 puerulos
3228 5357 3756 5447 reliquisse._Porro

2157 5431 2714 5532 pro—eoiquod'erat
2764 5431 2950 5503 antea,
2980 5441 3214 5508 γυναῖκα
3244 5431 3422 5505 (quasi
3462 5431 3753 5513 historiam

2159 5522 2307 5558 Illam
2372 5518 2575 5558 nullipl'
2630 5515 2880 5558 mrmdam
2931 5508 3243 5558 scrinseritl
3300 5500 3753 5558 substituendum

2158 5508 2309 5575 illam
2372 5508 2575 5573 mulier
2630 5515 2880 5586 quaedam
2931 5508 3243 5580 scripserit)
3300 5508 3758 5560 substituendum

2158 5598 2293 5661 puto
2331 5590 2611 5661 γυναῖκες,
2648 5594 2712 5661 ut
2736 5582 3061 5637 ὑπελείπετο
3094 5579 3163 5633 ad
3209 5575 3566 5647 γνωρίσματα
3611 5570 3755 5627 refe-

2164 5656 2354 5720 ratur.
2374 5658 2579 5726 alioqui
2608 5656 2788 5711 active
2823 5661 3092 5726 sumetur.

2236 5712 2428 5800 (4)’Τῇ
2455 5712 2852 5800 δήμιονργικῇ
2882 5719 3200 5800 σπρνδείςι.
3245 5712 3626 5800 Exppngenda
3651 5723 3760 5767 vox

2163 5786 2380 5873 τελετῇ,
2397 5786 2545 5872 ’ὶιιιαῖ
2566 5786 2846 5869 glossema
2864 5793 3010 5864 sapit
3030 5786 3186 5849 vocis
3217 5786 3528 5849 σπονδείοις.

551 5402 608 5473 '5)
642 5398 951 5473 l‘mfai‘xac
978 5390 1097 5473 _qu
1148 5385 1460 5473 :zazddpta.
1490 5380 1924 5473 '|_(;pnjeetttra-rn
1981 5379 2052 5473 ad

457 5454 627 5545 huius
642 5454 768 5526 loci
788 5454 1252 5545 emendationem
1282 5454 1413 5545 non
1439 5454 2051 5545 adhibuisseiiius.nnisi

460 5522 1048 5611 ea'l'dret'ejusmodi,
1111 5531 1380 5611 cuivis__ut
1428 5524 1653 5611 probari
1688 5523 1886 5611 possit.
1913 5522 2053 5588 Quis

462 5597 635 5677 Bina
664 5597 802 5667 non.
834 5610 983 5664 videt
1035 5597 1230 5677 "vocem
1279 5601 1426 5677 illam
1460 5597 1737 5677 fumificas
1765 5609 1889 5676 cum
1928 5609 2056 5644 παι⁹

646 5664 773 5758 esse
803 5677 1167 5749 copulandam
1185 5674 1303 5758 'lnut
1337 5673 1395 5758 in
1423 5664 1894 5758 CliI—(ii—Shil.|9ic.illgl-ll}
1909 5678 2057 5758 Δηιμιῖ

650 5732 932 5809 3.];th
956 5732 1013 5805 et
1038 5745 1256 5819 pueruli
1297 5743 1747 5819 relinquerentur
1773 5750 1786 5786 :
1827 5732 1880 5788 id
1899 5733 2054 5816 quod

475 5806 1023 5899 gquEn—tiaﬁomnino
1040 5806 1410 5878 convincunt,
1435 5806 1562 5867 cum
1593 5810 1670 5863 ait
1700 5806 2055 5862 'Ausuriauos
