4134 6502
510 355 639 411 ιδῖι
745 324 749 328 ’
1559 347 1828 405 stEsu
1871 344 2343 403 PTOLEMAIDIS
2382 347 2688 403 EPISCOPI
3638 346 3763 404 1572

505 471 713 540 quibus
741 467 1014 537 religiosis
1045 465 1183 523 locis
1220 465 1623 539 pepercerunt?
1646 465 1843 521 Nonne
1865 465 1919 518 in
1950 464 2084 517 mul-
2120 474 2137 526 Α

2132 468 2169 525 Α
2194 461 2292 525 Τίς
2322 461 2367 514 δ’
2408 462 2474 516 ἂν
2489 463 2693 516 οίσεται
2745 464 2894 535 παρὰ
2948 465 3048 535 τῆς
3083 464 3292 537 ἐρήμου
3340 462 3610 533 καρποὺςς
3652 463 3764 517 υἷι-ε’

508 565 581 615 tis
620 560 736 630 agri
769 558 974 613 Barcaei
1007 558 1146 614 locis
1184 557 1439 628 sepulcra
1466 556 1717 610 recentia
1748 554 2096 611 effoderunt?

2201 554 2325 624 ἐμοὶ
2352 554 2574 625 πατρὶς,
2598 555 2665 625 ἢν
2686 554 2995 625 ἀπολείψω’
3029 555 3181 627 παρὰ
3226 554 3336 626 γὰρ
3366 553 3498 608 ναῦν
3522 555 3633 607 ἔστι
3667 570 3766 623 μοι,

507 650 703 707 Nonne
729 651 799 705 ab
828 649 1019 705 iisdem
1049 648 1187 719 ipsis
1221 664 1318 719 per
1346 634 1661 702 universam
1688 647 2094 719 Ampelitidem,

2200 647 2262 699 τὸ
2311 645 2386 716 μὴ
2421 647 2521 701 οὐκ
2577 647 2678 718 ήδη
2711 647 2971 715 πελάγιον
3010 644 3168 712 εἶναι,
3206 650 3298 701 καὶ
3344 648 3491 718 νήσῳ
3535 663 3772 718 περισκο-

507 757 630 812 quae
682 740 905 811 quidem
962 738 1068 794 sub
1129 750 1319 794 nostra
1379 747 1651 808 potestate
1700 750 1807 802 est,
1850 739 2097 793 ecclesiae

2207 741 2329 792 πεῖν
2353 740 2452 810 (5).
2487 740 2750 811 Αἰγύπτῳ
2777 740 2886 811 γὰρ
2918 742 3134 795 ἀπιστῶ
3158 759 3170 771 ·
3215 742 3376 795 κάκεῖ
3421 740 3634 794 δύναται
3670 739 3772 793 δια-

507 846 701 886 omnes
746 844 1030 884 succensa:
1063 835 1214 891 sunt,
1256 836 1423 896 alque
1467 828 1525 881 in
1571 827 1772 882 rudera
1802 833 1857 881 et
1907 828 2098 881 ruinas

2206 831 2368 901 ϐῆναι
2392 833 2638 903 κάμηλος
2669 834 3035 905 Αὐσουριανὸν
3054 833 3281 889 ὁπλίτην
3311 832 3641 901 βαστάσασα.
3673 831 3775 901 Νη-

509 921 785 978 redactae?
820 918 939 973 Non
977 933 1168 974 sacras
1200 931 1426 973 mensas
1471 917 1702 987 perinde
1738 932 1802 971 ac
1837 918 2099 987 profanas

2208 922 2409 994 σιώτης
2464 926 2692 995 οἰκήσω,
2746 925 2918 996 πένης
2963 924 3072 979 ἀπὸ
3116 923 3489 995 κτηματικοῦ·
3524 922 3772 993 μέτοικος·

509 1020 576 1075 ad
623 1016 949 1074 dividendus
981 1029 1183 1069 carnes
1228 1015 1646 1084 apposuerunt!
1668 1011 1899 1083 Mystica
1931 1026 2099 1083 porro

2206 1015 2530 1088 ἀτιμότερος
2577 1016 2742 1069 ἀστοῦ
2797 1016 3099 1089 Κυθηρίου.
3155 1013 3632 1086 Πολυπραγμονῶν
3681 1011 3777 1082 γὰρ

507 1128 662 1176 vasa,
688 1112 895 1182 quibus
933 1108 999 1163 ad
1028 1107 1279 1177 publicas
1309 1121 1608 1176 sacrasque
1646 1106 1940 1160 libationes
1980 1113 2098 1159 ute-

2205 1103 2304 1175 ήδη
2342 1104 2597 1174 μανθάνω
2638 1105 2867 1177 Κύθηρα
2902 1106 2961 1159 τὸ
3014 1107 3187 1177 πέραν
3224 1102 3361 1159 εἶναι
3389 1106 3487 1176 τῆς
3524 1103 3780 1157 Πενταπό·

508 1205 735 1268 bantur,
771 1219 959 1259 nonne
989 1205 1058 1259 ad
1088 1201 1373 1258 obeundas
1407 1198 1713 1252 daemonum
1738 1196 2098 1251 caeremonias

2204 1195 2362 1261 λεως.
2401 1198 2550 1251 Ἑκεί
2595 1217 2661 1269 με
2712 1202 2874 1271 τυχὸν
2921 1200 3154 1254 οἴσουσιν
3200 1200 3393 1271 ἄνεμοι
3440 1200 3611 1253 νότον
3663 1198 3780 1268 παρ’

509 1298 568 1351 in
626 1297 886 1353 hostilem
944 1301 1227 1369 regionem
1281 1291 1547 1346 translata
1602 1290 1773 1344 sunt?
1819 1287 2095 1352 Quidnam

2205 1289 2436 1354 ἐκείνοις
2483 1290 2786 1363 βιώσομαι,
2851 1292 3025 1360 ξένος,
3086 1293 3311 1365 ἀλήτης.
3377 1292 3488 1345 Καὶ
3545 1290 3610 1344 ἂν
3678 1293 3782 1343 ἐπι-

508 1389 709 1444 horum
757 1388 1034 1458 religiosis
1064 1385 1292 1441 auribus
1336 1379 1624 1435 tolerabile
1666 1378 1790 1434 est?
1818 1377 1957 1432 Nam
1999 1378 2093 1447 qui

2204 1384 2447 1453 χειρήσω
2498 1400 2551 1436 τι
2609 1384 2739 1455 περὶ
2782 1385 3064 1453 εὐγενείας
3118 1387 3326 1448 εἰπεῖν,
3381 1384 3779 1452 ἀπιστήσουσιν.

508 1464 945 1538 commemorare
1004 1478 1135 1533 velit
1188 1484 1323 1546 quot
1379 1471 1610 1528 castella
1662 1469 1913 1525 demoliti
1973 1471 2121 1536 sint,
2193 1482 2464 1541 quantum
2535 1476 2905 1540 utensilium,
2963 1492 3029 1532 ac
3086 1476 3452 1546 supellectilis
3517 1475 3780 1528 avexerint

507 1573 682 1629 boves
716 1574 842 1628 item
876 1586 1120 1636 ovesque
1149 1584 1366 1634 omnes,
1394 1580 1516 1637 quae
1536 1565 1758 1635 quidem
1786 1580 1817 1618 e
1840 1564 2205 1619 barbarorum
2268 1566 2456 1636 praeda
2512 1577 2747 1625 servatae
2778 1570 3024 1642 reliquiae
3048 1571 3102 1625 in
3162 1570 3468 1641 prairuptis
3536 1570 3783 1623 montium

506 1672 564 1722 et
611 1664 863 1721 cavernis
918 1662 1118 1716 abditae
1166 1658 1433 1713 fuerant:
1482 1656 1534 1710 is
1588 1656 1643 1710 in
1684 1657 1856 1710 tantis
1910 1653 2071 1709 malis
2113 1668 2221 1709 non
2262 1657 2383 1712 sine
2432 1658 2566 1712 vitio
2623 1659 2808 1729 aliquo
2860 1660 3091 1715 minutis
3133 1659 3533 1731 persequendis
3574 1659 3783 1713 nimium

507 1760 709 1815 anxius
754 1757 1021 1811 videatur.
1065 1752 1397 1822 Quanquam
1458 1750 1702 1819 quinque
1760 1748 2101 1802 camelorum
2137 1747 2382 1805 millibus
2444 1751 2685 1821 praedam
2716 1753 2967 1808 avexisse
2992 1739 3276 1807 dicuntur.
3315 1751 3557 1806 Numero
3621 1757 3783 1804 autem

507 1851 673 1922 triplo
708 1850 915 1920 majore
938 1848 1194 1911 redeunt,
1225 1844 1546 1901 accessione
1569 1841 1917 1910 captivorum
1940 1846 2096 1893 tanto
2135 1840 2323 1911 plures
2343 1840 2546 1897 effecti.
2575 1844 2815 1908 Periere,
2840 1845 3129 1899 exstinctae
3168 1851 3298 1898 sunt
3359 1840 3781 1911 Pentapolitanze

505 1956 633 2003 res,
668 1941 736 1996 ad
784 1943 989 1995 exitum
1042 1945 1336 1999 venerunt,
1377 1933 1648 1991 confecta:
1696 1941 1847 1997 sunt,
1890 1931 2261 1987 occiderunt:
2293 1949 2478 2004 neque
2510 1936 2670 1991 nobis
2704 1937 2935 1991 omnino
2988 1937 3228 2006 amplius
3256 1974 3271 1999 ,
3334 1948 3517 2003 neque
3573 1934 3787 2002 impera-

505 2033 613 2086 tori
651 2042 968 2103 supersunt.
1001 2030 1191 2101 Neque
1256 2028 1405 2083 enim
1466 2026 1820 2098 imperatoris
1885 2039 1950 2080 ea
2009 2026 2288 2096 possessio
2345 2028 2457 2083 dici
2522 2037 2726 2100 potest,
2777 2044 2807 2084 e
2849 2045 2957 2101 qua
3029 2031 3166 2085 nihil
3230 2029 3493 2084 utilitatis
3537 2031 3784 2097 reportet.

510 2134 719 2204 Ecquis
748 2147 879 2187 vero
908 2130 1124 2186 fructus
1162 2143 1232 2183 ex
1259 2125 1485 2182 deserto
1522 2123 1783 2193 colligere
1812 2120 1962 2175 ullus
2030 2121 2250 2191 possit?
2292 2121 2480 2193 Neque
2523 2125 2660 2180 mihi
2728 2129 2902 2196 patria
2974 2135 3251 2196 superest,
3299 2141 3465 2196 quam
3517 2123 3786 2178 deseram:

504 2228 621 2281 sola
671 2226 815 2280 enim
855 2222 1011 2278 navis
1054 2221 1242 2291 inopia
1298 2217 1452 2282 facit,
1510 2225 1570 2271 ut
1608 2213 1855 2269 nondum
1892 2211 1949 2267 in
1992 2213 2102 2267 alto
2178 2216 2456 2286 navigem,
2505 2225 2560 2272 et
2629 2217 2697 2271 ad
2739 2219 2973 2273 insulam
3024 2219 3265 2289 aliquam
3318 2218 3610 2289 appellam.
3664 2213 3786 2269 Nam

504 2319 746 2389 Egypto
776 2314 992 2381 difﬁde,
1027 2322 1324 2384 propterea
1354 2309 1504 2381 quod
1548 2323 1615 2363 eo
1653 2322 1875 2378 quoque
1939 2306 2187 2361 camelus
2228 2308 2516 2376 pervenire
2556 2316 2739 2379 potest
2767 2311 3144 2366 Ausurianum
3191 2312 3422 2365 militem
3468 2318 3705 2379 gestans.
3735 2307 3783 2361 lu

504 2411 706 2466 insulis
734 2410 918 2477 itaque
948 2407 1165 2475 degam,
1199 2403 1362 2474 inops
1401 2416 1467 2456 ex
1517 2399 1707 2462 divite,
1738 2397 2067 2468 inquilinus,
2121 2395 2385 2467 Cytlterio
2431 2400 2553 2453 cive
2632 2399 2944 2470 ignobilior.
3012 2400 3165 2456 Nunc
3227 2402 3378 2455 enim
3458 2400 3671 2455 demum
3711 2411 3789 2450 cu.

503 2503 709 2557 riosius
747 2500 1036 2569 inquirens
1066 2495 1234 2551 audio
1264 2494 1505 2566 Cythera
1569 2492 1717 2547 ultra
1760 2488 2107 2559 Pentapolim
2146 2503 2271 2544 esse
2344 2491 2469 2546 sita.
2538 2489 2675 2546 llluc
2714 2508 2801 2548 me
2835 2492 3092 2549 fortassis
3130 2478 3310 2547 austri
3354 2492 3621 2555 deferent,
3661 2488 3786 2559 apud

504 2595 628 2650 illos
675 2594 869 2662 degam
925 2591 1126 2662 hospes
1184 2587 1473 2661 profugus.
1536 2585 1696 2653 Quod
1755 2585 1803 2641 si
1851 2582 1986 2656 quid
2041 2584 2110 2639 de
2148 2585 2369 2655 generis
2420 2589 2523 2643 mei
2575 2588 2862 2643 nobilitate
2916 2588 3129 2660 jactare
3166 2590 3441 2655 audeam,
3486 2589 3642 2644 [idem
3682 2585 3787 2640 nul-

506 2691 610 2742 lam
644 2684 1005 2740 adhibebunt.

572 2779 734 2849 303
758 2776 873 2832 Heu
903 2776 1195 2846 Cyrenem,
1230 2775 1393 2847 cujus
1420 2775 1656 2845 publica:
1683 2773 1883 2829 tabulae
1914 2773 1980 2826 ad
2011 2786 2096 2826 me
2132 2773 2174 2832 Β

2158 2775 2174 2831 ι
2270 2768 2435 2839 ’ῼμοι
2476 2770 2773 2840 Κυρήνης,
2822 2764 2891 2841 ἧς
2924 2770 2978 2823 αἱ
3030 2770 3292 2841 δημόσιαι
3349 2770 3574 2843 κύρϐεις
3617 2772 3790 2842 μέχρις

503 2886 683 2940 usque
735 2869 928 2938 stirpis
978 2867 1262 2923 Herculeae
1314 2868 1731 2924 successionem
1792 2864 2102 2920 deducuntl

2211 2859 2348 2930 ἐμοῦ
2393 2860 2694 2927 κατάγουσι
2731 2858 2831 2924 τὰς
2885 2861 2981 2929 ἀφ’
3040 2860 3380 2931 Ἡρακλέους
3416 2862 3694 2932 διαδοχάςι
3726 2863 3788 2915 Οὐ

501 2960 624 3018 Non
656 2961 802 3016 enim
842 2961 1071 3029 ineptus
1099 2960 1312 3023 videar,
1351 2975 1477 3014 cum
1513 2960 1660 3013 inter
1691 2958 1936 3013 scientes
1977 2971 2107 3024 pro-

2212 2950 2323 3021 γὰρ
2360 2950 2427 3003 ἂν
2476 2951 2596 3021 εἵην
2644 2951 2893 3020 ἀρχαῖος,
2928 2952 2986 3003 ὲν
3033 2950 3230 3004 εἰδόσιν
3277 2950 3673 3022 ὀλοφυρόμενος
3704 2948 3790 3019 τήν

504 3057 757 3116 pagatam
818 3041 946 3099 inde
1006 3043 1349 3098 nobilitatem
1384 3041 1630 3111 deploro.
1670 3040 1816 3094 Proh
1856 3040 2109 3109 sepulcra

2214 3041 2700 3114 καταϐεϐλημένην
2729 3042 3028 3111 εὐγένειαν.
3069 3044 3233 3113 ’ᾫμοι
3271 3043 3387 3098 τῶν
3416 3044 3618 3113 τάφων,
3644 3036 3714 3099 ὧν
3739 3043 3789 3095 οὐ

504 3138 602 3189 illa
635 3134 859 3200 Dorica,
906 3148 1142 3203 quorum
1180 3133 1459 3203 particeps
1493 3145 1600 3185 non
1632 3131 1768 3185 ero!
1800 3127 1914 3185 Heu
1966 3127 2111 3183 infe--

2217 3134 2429 3207 μεθέξω
2466 3135 2576 3189 τῶν
2608 3134 2906 3206 Δωρικῶνε
2951 3135 3114 3207 ᾭμοι
3148 3135 3550 3207 Πτολεμαΐδος,
3601 3130 3666 3207 ἦς
3707 3137 3790 3188 ἀνα

504 3231 664 3283 licem
700 3226 1129 3292 Ptolemaidem,
1162 3224 1325 3295 cujus
1361 3238 1463 3293 ego
1498 3231 1812 3293 postremus
1865 3222 2110 3275 omnium

2215 3227 2459 3298 εδείχθην
2490 3225 2723 3292 ὕστατος
2750 3226 2966 3298 ίερεύςῑ
3008 3227 3170 3282 una
3202 3227 3471 3300 πρόσεστί
3506 3247 3596 3301 μοι
3621 3228 3676 3281 τὸ
3696 3227 3790 3280 δει-

509 3320 774 3375 sacerdos
803 3319 915 3372 fui!
952 3317 1154 3371 Verum
1207 3331 1272 3371 ea
1311 3316 1602 3370 calamitas
1653 3316 1839 3370 animo
1869 3329 1989 3370 meo
2019 3313 2114 3368 ad-

2217 3320 2306 3373 νόν
2328 3335 2341 3350 ⁸
2373 3318 2563 3373 οὐκέτι
2600 3318 2835 3391 δύναμαι
2860 3319 3043 3388 λέγειν
3068 3336 3081 3350 ·
3116 3319 3557 3392 ὲπιλαμδάνεταί
3592 3337 3687 3390 μου
3706 3318 3790 3387 τῆς

506 3413 784 3469 harescit.
802 3409 947 3491 Nihil
969 3411 1153 3465 dicere
1180 3410 1417 3479 amplius
1444 3424 1694 3479 possum,
1724 3408 1984 3482 lacrymae
2008 3407 2111 3485 lin:

2216 3414 2465 3486 γλώττης
2492 3413 2562 3467 τὰ
2586 3413 2816 3487 δάκρυα.
2849 3414 3055 3484 Γέγονα
3085 3413 3224 3486 πρὸς
3254 3413 3357 3484 τὴν
3381 3412 3678 3483 φαντασίαν
3705 3412 3790 3480 τῆς

506 3516 669 3574 gnam
717 3514 895 3556 meam
951 3500 1481 3569 impediuntztotus
1529 3513 1651 3554 sum
1709 3498 1765 3552 in
1795 3512 1858 3552 ea
1907 3497 2115 3567 cegita-

2215 3507 2324 3560 τῶν
2375 3505 2535 3578 ἱερῶν
2575 3505 2936 3577 ἀπολείψεως,
2994 3506 3145 3559 Ἔδει
3203 3505 3306 3575 μὲν
3339 3506 3580 3578 οἴχεσθαι
3620 3502 3791 3556 πλέον·

505 3596 659 3651 tione
689 3594 929 3657 defixus,
966 3592 1114 3663 quod
1149 3592 1281 3647 mihi
1311 3607 1473 3648 sacra
1503 3589 1941 3662 derelinquenda
1980 3591 2112 3645 sint.

2214 3617 2316 3663 τας
2336 3617 2349 3629 ·
2388 3599 2503 3653 ἀλλ’
2533 3601 2663 3654 ὅταν
2692 3600 2785 3653 ἐπὶ
2816 3599 2947 3654 ναῦν
2977 3617 3061 3663 τις
3090 3599 3254 3672 καλῇ,
3291 3602 3490 3672 μικρὸν
3523 3599 3789 3669 ἀναμεῖναι

506 3684 873 3754 Navigatione
903 3686 1125 3756 quidem
1167 3685 1299 3739 hinc
1324 3700 1409 3739 me
1444 3684 1757 3739 subducere
1789 3689 2070 3753 oporteret
2096 3700 2109 3735 :

2216 3692 2503 3763 δεήσομαι.
2556 3690 2861 3761 Βαδιοῦμαι
2900 3691 3010 3764 γὰρ
3043 3693 3261 3765 πρῶτον
3291 3694 3389 3747 ἐπὶ
3426 3693 3516 3746 τὸν
3550 3690 3679 3746 νεὼν
3708 3686 3788 3741 τοῦ

505 3776 606 3835 sed
628 3793 752 3832 cum
771 3778 837 3834 ad
858 3793 1048 3833 navem
1082 3775 1558 3831 conscendendam
1578 3774 1854 3845 quispiam
1874 3773 2115 3840 vocabit,

2217 3781 2353 3836 Θεοῦ
2373 3801 2388 3815 ο
2424 3781 2780 3854 κυκλώσομαι
2808 3783 2869 3837 τὺ
2920 3782 3309 3857 θυσιαστήριον
3328 3803 3343 3817 ο
3378 3785 3605 3857 δάκρυσι
3635 3779 3790 3853 βρέξω

509 3871 789 3942 paulisper
850 3879 913 3923 ut
955 3874 1243 3938 exspectet
1302 3867 1373 3921 ab
1425 3866 1522 3921 illo
1578 3876 1785 3937 petam.
1861 3863 2108 3919 Primum

2216 3874 2278 3928 τὸ
2304 3873 2744 3945 τιμαλφέστατον
2789 3873 3005 3945 ἔδαφος.
3056 3876 3173 3930 Οὐκ
3218 3877 3639 3951 ἀποδραμοῦμαι
3676 3873 3790 3945 πρὶν

506 3962 655 4017 enim
698 3961 765 4015 ad
816 3960 912 4014 Dei
955 3958 1218 4027 templum
1262 3956 1521 4012 accedam
1564 3975 1577 4010 :
1630 3963 1746 4011 tum
1792 3955 1967 4011 altare
2011 3957 2119 4011 cir-

2218 3966 2391 4039 θύραν
2432 3967 2650 4039 ἐκείνην
2703 3967 2796 4025 καὶ
2846 3968 3034 4041 θρόνον
3076 3970 3282 4023 ἐκεῖνον
3327 3969 3689 4026 ἀσπάσασθαι.
3735 3965 3788 4018 Ὢ

506 4051 732 4108 cumibo
764 4069 779 4106 :
813 4050 1276 4121 pretiosissimum
1296 4049 1674 4121 pavimentum
1696 4049 1959 4120 lacrymis
1988 4061 2116 4119 per-

2156 4129 2181 4134 _
2218 4059 2453 4125 ποσάκις
2499 4059 2851 4132 θεοκλυτήσω
2896 4077 2981 4126 τε,
3027 4063 3121 4114 καὶ
3162 4058 3716 4134 μεταστραφήσομαιι
3749 4054 3788 4109 ὢ

507 4143 759 4199 fundam.
789 4140 909 4197 Non
951 4144 1105 4213 prius
1146 4142 1465 4205 abscedam,
1493 4155 1659 4212 quam
1702 4141 1931 4210 januam
1960 4140 2110 4194 illam

2154 4129 2184 4186 Β
2219 4153 2448 4216 ποσάκις
2481 4153 2602 4216 ταῖς
2627 4129 2866 4223 κιγκλίσι
2908 4153 2976 4207 τά
3014 4129 3175 4224 χεῖρε-
3200 4129 3620 4227 προσμάξομαιῗι
3664 4148 3786 4204 Ἀλλ’

509 4236 885 4305 tbronumque
925 4235 1079 4289 illum
1129 4235 1421 4290 osculatus
1472 4232 1650 4289 fuero.
1686 4232 1732 4288 Ο
1760 4232 1980 4304 quoties
2012 4231 2110 4289 Dei

2221 4243 2441 4315 ἰσχυρὸν
2469 4243 2686 4313 ἀνάγκη
2718 4245 2974 4315 πρᾶγμα,
3006 4244 3102 4299 καὶ
3134 4244 3331 4315 βίαιον.
3374 4242 3652 4317 Ἐπιθυμῶ
3680 4240 3787 4295 δοῦ-

512 4326 674 4383 ίίάοιη
703 4326 1014 4397 appellabo,
1066 4340 1131 4381 ac
1163 4326 1375 4381 vultum
1407 4327 1769 4382 convertam!
1806 4324 1851 4381 Ο
1885 4325 2109 4396 quoties

2216 4352 2307 4390 ναι
2340 4334 2639 4407 ὀφθαλμοῖς
2694 4335 2863 4390 ὕπνον
2915 4335 3407 4407 ἀπερισάλπιστον.
3454 4336 3631 4408 Μέχρι
3674 4334 3786 4385 πότε

510 4420 777 4475 cancellis
808 4434 1002 4474 manus
1034 4417 1299 4488 injiciaml
1334 4415 1444 4472 Sed
1512 4419 1812 4474 vehemens
1850 4419 2105 4489 quaedam

2217 4427 2369 4501 παρά
2393 4427 2614 4493 ἔπαλξιν
2648 4430 2915 4501 στήσομαι
2943 4446 2957 4495 ;
2993 4429 3171 4502 Μέχρι
3204 4430 3334 4483 πότε
3364 4431 3589 4502 τηρήσω
3618 4425 3675 4482 τδ
3704 4440 3787 4495 με-

511 4526 601 4567 res
644 4519 730 4567 est
789 4524 854 4564 ac
896 4510 1157 4573 violenta,
1216 4509 1549 4565 necessitas.
1601 4509 1780 4580 Cupio
1847 4525 2105 4566 somnum

2216 4519 2556 4589 ταπύργιον;
2614 4518 2970 4590 Ἀπαγορεύω
2999 4518 3248 4589 φυλακὰς
3274 4520 3577 4574 ἐπιτάττων
3617 4532 3787 4573 νυκτε-

510 4603 693 4657 oculis
726 4602 866 4657 meis
920 4601 1074 4656 nullo
1129 4600 1390 4655 tubarum
1440 4599 1677 4671 strepitu
1738 4602 2106 4673 interruptum

2221 4611 2393 4682 ρινὰς,
2419 4610 2512 4665 καὶ
2541 4610 2824 4681 φυλάττων
2848 4612 2913 4677 ἐκ
2928 4610 3008 4682 τῷ
3048 4612 3227 4684 μέρει,
3256 4611 3352 4666 καὶ
3389 4611 3785 4683 φυλαττόμενος,

511 4693 837 4749 concedere.
871 4691 993 4758 Quo
1023 4694 1243 4747 tandem
1271 4708 1448 4763 usque
1478 4695 1545 4749 ad
1578 4709 1863 4751 murorum
1902 4712 2110 4769 propu-

2216 4704 2246 4756 ὁ
2277 4701 2445 4756 πολλὰ
2477 4703 2743 4774 πρότερον
2769 4704 3130 4773 ἀγρυπνήσας
3157 4703 3253 4756 ἐπὶ
3295 4706 3415 4769 ταῖς
3443 4705 3653 4775 ἄστρων
3680 4702 3785 4752 ἑπι-

512 4786 808 4855 gnaculum
856 4784 1056 4840 stabo?
1086 4783 1385 4854 Quousque
1418 4786 1655 4842 turrium
1686 4788 1972 4845 intervalla
2004 4806 2101 4845 cu-

2224 4792 2460 4856 στολαῖς.
2503 4793 2898 4865 Ἀποκναίομαι
2927 4792 3023 4847 νῦν
3054 4795 3374 4867 ἐγρηγορῶν
3414 4796 3505 4850 ἐπὶ
3539 4797 3655 4857 ταῖς
3693 4788 3786 4843 τῶν

514 4880 783 4933 stodiaml
811 4877 1076 4934 Defessus
1117 4894 1240 4934 sum
1268 4890 1576 4935 nocturnas
1605 4882 1872 4938 excubias
1905 4883 2098 4953 dispo-

2226 4885 2500 4955 πολεμίων
2550 4883 2848 4950 ἐπιϐολαῖς.
2900 4885 3044 4958 Πρὸς
3097 4887 3606 4960 διαμεμετρημένον
3661 4883 3787 4950 ὕδωρ

514 4989 671 5038 nens,
704 4987 768 5027 ac
802 4973 1049 5027 vicissim
1111 4979 1166 5026 et
1210 4972 1533 5028 custodiens
1575 4973 1693 5044 ipse
1735 4974 1899 5040 alios,
1933 4982 1989 5029 et
2034 4975 2103 5031 ab

2226 4975 2560 5046 καθεύδομεν
2581 4990 2597 5007 ο
2630 4975 2725 5029 καὶ
2755 4975 2815 5029 τὸ
2834 4975 2999 5046 λαχόν
3030 4994 3120 5047 μοι
3154 4978 3319 5049 μέρος
3343 4980 3423 5041 είς
3453 4977 3616 5031 ὕπνον
3643 4975 3786 5041 ἀφαι-

514 5066 639 5121 aliis
695 5064 1027 5121 custoditus.
1057 5064 1125 5119 Et
1161 5066 1258 5136 qui
1307 5079 1690 5136 saepenumero
1742 5065 1797 5119 in
1850 5076 2103 5121 contem-

2231 5071 2400 5141 ρεῖται
2456 5066 2718 5131 πολλάκις
2759 5069 2789 5120 ὁ
2839 5069 3029 5123 κώδων
3070 5068 3100 5120 ὁ
3149 5070 3518 5140 φυλακτήριος
3557 5066 3649 5137 (ti).
3701 5063 3785 5115 Ἂν

513 5158 718 5230 plaudo
750 5159 995 5214 siderum
1043 5168 1235 5213 exortu
1292 5156 1616 5229 pervigilem
1662 5164 1884 5210 noctem
1947 5159 2104 5223 duxi,

2213 5163 2271 5217 δὲ
2317 5160 2623 5232 καταμύσω
2678 5160 2913 5232 μικρὸν,
2970 5161 3017 5215 ὣ
3049 5161 3159 5216 τῶν
3210 5163 3480 5216 ἐνυπνίων
3512 5159 3618 5214 τῶν
3666 5171 3780 5210 σκυ-

514 5253 767 5307 eumdem
806 5266 895 5306 me
936 5252 1099 5305 modo
1148 5250 1310 5305 taedet
1343 5248 1711 5304 observandis
1750 5247 2105 5305 hostiumin-

2215 5255 2483 5327 θρωπῶνε
2517 5256 2597 5318 είς
2630 5248 2719 5307 οἷα
2752 5254 3218 5326 παραπέμπουσιν
3241 5256 3392 5326 ἡμᾶς
3422 5256 3477 5308 αἱ
3518 5251 3633 5324 μεθ’
3662 5245 3784 5321 ἡμέ-

514 5343 872 5400 cursionibus
925 5342 1236 5414 invigilare.
1276 5343 1360 5398 Ad
1393 5356 1593 5411 aquam
1633 5341 1949 5398 demensam
1984 5346 2108 5399 dor-

2219 5361 2317 5415 ραν
2366 5346 2667 5417 φροντίδες.
2725 5346 2799 5400 Τὸ
2854 5347 3014 5417 λῆξαι
3063 5349 3265 5414 πόνων,
3314 5346 3579 5421 ἄρξασθαι
3623 5342 3782 5395 πόνων

516 5436 774 5490 mimus:
829 5446 994 5505 atque
1034 5450 1099 5491 ea
1157 5436 1337 5491 somni
1391 5449 1543 5506 pars,
1579 5448 1702 5503 quae
1758 5434 1893 5488 mihi
1954 5446 2107 5492 sorte

2213 5439 2355 5492 ὲστί.
2410 5438 2711 5512 Φεύγομεν,
2752 5440 3116 5512 ἅλισκόμεθα,
3172 5439 3606 5515 τιτρωσκομεθα,
3656 5429 3783 5486 δεδέ-

954 5580 991 5611 ,,
1779 5533 1969 5602 ὀιοΝ.
2013 5548 2287 5606 PETAVII
2323 5551 2554 5607 noras.

699 5635 844 5739 53.11“
849 5636 1481 5739 mzm.‘n$€¢affpisir.
1511 5639 1676 5699 Forte
1724 5646 2100 5715 προσκωπετν,

2208 5645 2397 5739 ξωνος,
2426 5661 2535 5739 quo
2569 5648 2761 5739 vLigilels
2789 5648 3108 5739 utebantyr,
3148 5643 3697 5739 meminit'Plutarcli.
3723 5640 3775 5727 ‘iu

523 5705 669 5792 qugd
699 5716 784 5792 est
814 5707 1214 5792 appelleret”.
1248 5709 1434 5792 νῆσον)
1635 5781 1653 5792 _
1720 5783 1731 5792 .
1769 5705 1781 5715 ’
1919 5784 1950 5792 η
2051 5784 2063 5792 _
2084 5705 2097 5714 ’

2209 5705 2414 5792 Arato;
2445 5705 2880 5792 Ἂναὸἇινοντων
2896 5705 3368 5792 δὲίτῶίπρώτων,
3399 5723 3428 5775 ὁ
3447 5719 3542 5791 τήν
3569 5714 3775 5780 ἑωθινὴν

592 5771 672 5841 (δ)
718 5774 780 5829 ὀ
821 5771 1026 5830 κώδων
1071 5782 1103 5832 ό
1149 5771 1580 5851 έουλάκτήριος.
1635 5781 1954 5841 Istiusmodi
1997 5784 2104 5842 κώ·
2214 5806 2224 5838 ‹

1997 5784 2104 5842 κώ·
2214 5786 2462 5860 φυλακὴν
2494 5771 3081 5860 παραδιδοὺςτὲφιθδευε
3116 5771 3588 5865 τνῷίιιιίιδωννιίέιε.
