4134 6526
514 364 536 420 l
549 364 654 421 573
1919 372 2103 432 CONS'

2210 375 2401 437 'UTIO.
3663 391 3692 452 ’ί
3706 394 3808 455 574

511 481 674 557 μεθα,
707 485 1157 556 πιπρασκόμεθα.
1209 489 1449 553 Ποσάκις
1499 490 1793 563 ἑξανέστην
1837 493 2096 562 ἄσμενος,

2214 497 2473 569 contigit,
2506 499 2858 559 excubitorio
2897 503 3277 562 tintinnabulo
3311 507 3516 578 saepius
3550 512 3806 582 eripitur.

504 578 589 631 δτι
627 575 895 648 δεσπότην
933 578 1200 634 ἀπέλιπον
1242 582 1256 636 !
1293 583 1538 646 Ποσὰκις
1571 582 1868 656 ἐξανέστην
1901 585 2103 659 ὑπέρα-

2214 589 2375 657 Quod
2403 591 2450 648 si
2480 607 2778 666 parumper
2808 597 3005 656 oculos
3030 599 3306 664 clausero,
3341 602 3482 673 proh
3524 604 3713 661 tristia
3741 622 3810 663 ac

507 665 700 734 σθμος,
741 665 928 738 ίδρῶτι
979 671 1318 741 ῥαινόμενος,
1349 670 1485 743 ὁμοῦ
1538 672 1633 727 τὸν
1671 667 1837 729 ὕπνον
1879 677 1977 730 καὶ
2016 677 2103 732 τὸν

2212 684 2451 742 molesta
2496 665 2738 753 somnia,
2775 704 2902 759 quae
2959 690 3095 747 mihi
3157 665 3373 748 diurna:
3428 709 3582 751 curae
3640 705 3810 769 atque

502 758 703 831 δρόμον
753 759 1061 826 ἀπολιπὼν,
1109 763 1170 817 ὃν
1226 765 1556 853 καταιιΞίνας
1602 765 1834 837 ἔφευγον
1875 768 2103 841 ὁπλίτην

2210 778 2569 849 mgritudines
2601 781 2861 851 injiciunt
2886 784 2899 836 !
2926 782 3206 841 Laborum
3243 788 3509 853 cessatio,
3568 758 3800 845 aliorun.

502 828 764 921 πολέμιον
800 850 818 906 1
852 852 1053 917 Μόνοις
1101 854 1235 925 ἡμῖν
1303 828 1546 921 mea...
1591 828 1760 912 osaév'
1783 856 1956 927 λέγει,
2006 828 2103 932 τήν

2211 828 2567 849 πυ--,----,-
2601 828 2860 851 ---,--.--.-
2886 828 2899 836 .
2926 828 3206 841 ---νημη
3244 828 3509 853 ..νοω-..η
3568 828 3800 845 ...ιω-..ι

2210 871 2348 927 mihi
2374 872 2628 928 laborum
2660 874 2884 929 initium
2912 883 2997 932 est
3024 894 3037 930 :
3073 876 3338 946 fugimus,
3379 882 3806 951 comprehendi-

464 979 485 996 .
500 943 693 998 ἐλπίδα
717 947 967 1019 τηρήσας
996 947 1132 1001 είσω
1158 946 1254 1002 τοῦ
1279 948 1459 1003 πίθου.
1492 950 1705 1015 Πάντες
1729 950 1990 1023 ἀθαρσεῖς
2012 953 2103 1007 καὶ

2210 978 2355 1028 mur,
2378 964 2761 1028 vulneramur,
2790 966 3088 1035 vincimur,
3119 970 3432 1031 vendimur.
3461 973 3638 1038 Quam
3661 990 3807 1045 saepe

497 1035 841 1101 δυσέλπιδες
893 1039 922 1091 ὁ
984 1040 1531 1112 πεπαροιμιασμένος
1582 1041 1698 1112 βίος
1745 1042 1822 1114 (7)
1870 1042 2103 1108 ἀϐίωτος

2210 1055 2447 1112 libenter
2471 1072 2502 1111 ο
2524 1071 2721 1113 somno
2743 1059 3017 1115 excitatus
3039 1075 3186 1126 sum,
3207 1065 3352 1132 quod
3370 1065 3655 1119 dominum
3676 1069 3799 1123 reli-

497 1130 597 1201 οὐχ
627 1129 816 1201 ἕτερός
848 1130 1019 1197 ἐστιν,
1052 1132 1266 1204 ἄνδρες,
1299 1132 1416 1188 ἀλλ’
1453 1133 1513 1186 ὃν
1548 1132 1732 1205 ζῶμεν
1775 1136 1961 1205 ἡμεῖς.
2004 1134 2103 1200 Τίς

2210 1148 2488 1218 quissem!
2524 1148 2757 1216 Quoties
2784 1152 3057 1209 anhelans
3082 1168 3149 1209 ac
3181 1129 3460 1226 palpitans
3479 1159 3800 1229 expergefa-

484 1225 528 1295 ’ἠ
562 1223 849 1295 διατριϐῆς
902 1224 968 1279 Τί
1012 1225 1314 1298 μέλλομενς
1377 1226 1720 1299 Ἀπήχθηται
1764 1226 2102 1292 Πεντάπολις

2210 1250 2328 1296 ctus
2358 1252 2507 1308 sum,
2531 1241 2738 1298 sudore
2776 1250 2925 1300 totus
2958 1223 3246 1312 difﬂuens,
3274 1223 3400 1302 tuna
3435 1264 3467 1303 a
3510 1223 3705 1306 somno
3746 1258 3803 1307 et

493 1315 573 1388 τῷ
596 1316 736 1387 Θεῷ.
768 1319 991 1383 Ποιναῖς
1021 1319 1372 1390 ὲκδεδόμεθα.
1408 1321 1473 1375 Ἦ
1495 1321 1605 1392 γὰρ
1634 1321 1817 1392 ἁκρὶς,
1852 1321 1955 1374 οὐκ
1981 1320 2100 1375 ἐστι

2210 1348 2370 1389 cursu
2391 1333 2682 1402 desinens,
2721 1351 2883 1406 quem
2910 1338 3208 1394 intendens
3229 1381 3244 1406 ,
3271 1349 3548 1396 armatum
3582 1343 3799 1400 hostem

493 1412 664 1466 κακὸν
693 1411 1088 1484 ἀκριϐέστερον
1111 1453 1126 1478 ,
1162 1411 1220 1467 τὸ
1242 1412 1298 1468 δὲ
1332 1411 1445 1484 πῦρ
1473 1413 1502 1468 ὃ
1533 1412 1643 1486 πρὸ
1677 1412 1785 1467 τῶν
1819 1412 2098 1484 πολεμίων

2210 1422 2477 1495 fugiebant
2502 1426 2515 1480 !
2542 1424 2831 1483 Nobismet
2855 1426 3129 1484 Hesiodus
3151 1429 3289 1485 solis
3317 1430 3456 1484 nihil
3490 1431 3699 1486 dixisse
3722 1418 3806 1487 vi:

489 1503 666 1590 τριῶν
712 1504 921 1558 πόλεων
967 1506 1299 1576 ἐπενείματο
1327 1507 1474 1579 λήῖα.
1527 1509 1594 1562 Τί
1646 1506 1823 1579 πέρας
1869 1504 2094 1570 κακῶν;

2210 1525 2297 1567 sus
2329 1518 2436 1577 est,
2462 1526 2588 1565 cum
2633 1527 2785 1582 spem
2815 1513 2964 1568 intra
3015 1514 3226 1569 dolium
3265 1525 3537 1582 reservat,
3594 1520 3800 1590 quippe

489 1596 555 1649 Εἰ
580 1588 789 1649 τούτων
806 1595 1032 1664 ἄγουσιν
1063 1597 1380 1670 ἐλευθερίαν
1406 1600 1463 1654 αἱ
1482 1599 1661 1670 νῆσοι,
1693 1598 1807 1669 ἐγὼ
1840 1598 1941 1670 μὲν
1965 1598 2095 1651 ὅταν

2210 1608 2392 1651 omnes
2415 1595 2614 1679 trepidi
2634 1612 2851 1661 sumus,
2867 1604 2923 1651 ct
2942 1607 3166 1667 speratu
3191 1597 3279 1653 dif
3280 1598 3452 1654 ﬁciles
3473 1619 3486 1656 :
3507 1600 3672 1672 303
3690 1588 3799 1656 vita

489 1685 774 1759 ὰφυϐρίσῃ
799 1686 859 1750 τὸ
893 1686 1153 1757 πέλαγος,
1184 1688 1547 1760 πλευσοῢμαι.
1588 1689 1751 1744 Ἀλλὰ
1784 1685 2091 1759 φοϐοῦμαι,

2210 1686 2289 1742 illa
2319 1688 2740 1765 minus'vitalis,
2760 1705 2885 1761 qua:
2901 1688 2954 1743 in
2974 1691 3330 1760 proverbium
3360 1692 3519 1756 abiit,
3552 1708 3661 1747 non
3690 1693 3798 1747 alia

492 1778 566 1850 μὴ
600 1779 850 1854 προλάϐῃ
898 1800 966 1852 με
996 1784 1057 1836 τὸ
1081 1783 1277 1837 δεινόν.
1313 1782 1548 1847 Πελάζει
1581 1782 1690 1854 γὰρ
1721 1784 1754 1855 ἡ
1794 1783 1960 1854 κυρία
1989 1782 2093 1853 τῆς

2210 1788 2302 1847 ast,
2343 1781 2654 1848 auditores,
2681 1798 2848 1853 quam
2891 1798 2956 1839 ea
2994 1783 3115 1854 ipsa
3143 1798 3309 1853 quam
3334 1784 3611 1854 degimus.
3649 1783 3796 1850 Quid

485 1873 818 1945 προσϐολῆς,
846 1875 914 1947 ἢν
944 1878 1012 1947 τῇ
1048 1877 1227 1942 πόλει,
1262 1877 1450 1947 φασὶν,
1483 1878 1512 1930 ὁ
1561 1877 1898 1949 πτεροφόρος
1927 1876 2089 1948 ἠπεί-

2210 1889 2409 1944 ηειιῐιρυε
2444 1874 2867 1946 terimus?quid
2900 1875 3222 1930 moramur?
3245 1874 3427 1930 Invisa
3458 1874 3570 1931 Deo
3595 1878 3797 1930 Penta—

485 1961 669 2036 λησεν,
701 1969 731 2020 ὁ
774 1967 871 2020 τοῦ
918 1968 1178 2039 πολεμίου
1229 1968 1599 2041 ἐξηγούμενος
1651 1971 2086 2040 στρατεύματος.

2210 1965 2336 2021 )olis
2362 1973 2467 2021 est.
2489 1964 2678 2022 Poenis
2707 1983 2774 2022 ac
2797 1968 3088 2037 suppliciis
3113 1968 3284 2024 dediti
3311 1983 3525 2024 sumus.
3546 1969 3683 2023 Nam
3712 1969 3794 2023 lo-

482 2059 740 2115 Μὰλιστα
763 2061 827 2133 δὴ
867 2062 1078 2136 καιρῶν
1112 2063 1324 2127 ἐκεῖνος
1354 2063 1562 2135 ίερεῦσι
1605 2062 1697 2116 τὸν
1724 2062 1821 2116 ἐπὶ
1845 2061 1946 2127 τὰς
1984 2062 2086 2116 αύ-

2210 2065 2350 2112 :usta
2371 2072 2721 2130 nequaquam
2746 2061 2934 2115 acrius
2962 2067 3051 2116 est
3077 2067 3132 2116 et
3162 2061 3388 2132 gravius
3420 2061 3659 2127 malum;
3695 2062 3791 2117 sed

480 2151 581 2219 λὰς
605 2152 702 2207 τοῦ
738 2154 873 2208 Θεοῦ
901 2155 1101 2228 δρόμον
1130 2156 1434 2225 ἀναγκαῖον
1465 2156 1759 2226 ἀποφανεῖ,
1792 2153 1860 2210 ἂν
1881 2156 1939 2208 ἐν
1968 2154 2087 2227 χρῷ

2210 2148 2332 2218 gnis
2361 2149 2453 2205 ille
2479 2151 2575 2221 qui
2592 2160 2721 2206 ante
2738 2151 2929 2209 hostes
2950 2152 3119 2206 trium
3139 2153 3359 2208 urbium
3384 2160 3505 2207 sata
3524 2152 3792 2224 depastus

478 2244 583 2317 τῆς
610 2246 819 2311 πόλεως
843 2248 872 2300 ὁ
913 2248 1158 2313 κίνδυνος
1207 2248 1459 2319 γένηται.
1529 2245 1673 2314 Ἐγὼ
1721 2246 1866 2300 κατὰ
1899 2245 2085 2318 χώραν

2210 2245 2294 2294 ξεί.
2311 2239 2451 2306 Quis
2473 2242 2745 2296 malorum
2766 2243 2984 2299 exitus?
3006 2242 3065 2298 Si
3087 2244 3155 2298 ab
3180 2244 3250 2299 iis
3270 2244 3546 2300 immunes
3568 2259 3632 2299 ac
3660 2245 3793 2300 libeo

478 2339 568 2392 ἐπ’
618 2339 938 2411 ἐκκλησίας·
975 2340 1142 2412 μενῶ.
1211 2339 1325 2405 Τὰς
1375 2341 1642 2408 παναγεῖς
1695 2339 2086 2410 προστήσομαι

2210 2347 2265 2386 'a‘.
2285 2333 2649 2400 suntinsulae,
2686 2336 2943 2406 equidem
2975 2337 3142 2392 simul
3163 2345 3328 2408 atque
3356 2354 3513 2393 mare
3528 2337 3791 2395 desaevie-

477 2429 755 2502 χέρνιϐας.
797 2430 1193 2503 Προσφύσομαι
1244 2430 1356 2485 τῶν
1388 2430 1587 2485 κιόνων
1638 2428 1748 2484 τῶν
1804 2429 1991 2501 ἱερῶν,
2025 2428 2084 2483 αἳ

2210 2421 2285 2486 'it,
2320 2424 2569 2492 solvam;
2607 2427 2703 2483 sed
2750 2443 2946 2483 vrreor
2983 2444 3052 2484 ne
3098 2445 3187 2485 me
3214 2431 3417 2484 malum
3454 2438 3785 2486 antevertat.

474 2519 576 2591 τὴν
604 2520 803 2575 ἄσυλον
839 2522 950 2576 ἀπὸ
985 2522 1092 2594 γῆς
1125 2522 1380 2593 ἀνέχουσι
1410 2521 1715 2594 τράπεζαν.
1791 2520 1940 2574 Ἐκεῖ
1985 2521 2084 2574 καὶ

2210 2511 2324 2569 iam
2356 2515 2711 2586 impressioni
2745 2528 2801 2574 et
2826 2519 3136 2576 incursioni
3172 2504 3480 2577 constituta
3517 2523 3636 2580 dies
3689 2538 3789 2594 ap-

475 2611 585 2676 ζῶν
614 2612 968 2685 καθεδοῦμαι,
1000 2617 1094 2670 καὶ
1116 2614 1406 2670 ἀποθανὼν
1435 2614 1714 2685 κείσομαι.
1745 2614 2088 2686 Λειτουργός

2210 2608 2546 2679 »τορίηίιυοι,
2573 2626 2738 2681 quam
2772 2612 2921 2679 urbi,
2946 2620 3007 2667 ut
3043 2613 3220 2677 aiunt,
3249 2626 3526 2683 pennatus
3557 2616 3789 2671 nunlius

475 2709 591 2779 ειμι
622 2708 715 2763 τοῦ
741 2708 902 2775 Θεοῦ,
935 2711 1032 2763 καὶ
1076 2709 1176 2781 τὴν
1205 2709 1384 2782 ψυχὴν
1420 2709 1552 2772 ἴσως
1577 2707 2079 2779 ἀπολειτουργῆσαι

2210 2702 2558 2759 :omminatus
2608 2712 2714 2771 est,
2750 2704 2797 2760 is
2827 2706 2922 2775 qui
2955 2707 3216 2762 hostilem
3247 2708 3559 2764 exercitum
3609 2707 3784 2764 ducit.

478 2816 547 2871 με
584 2800 684 2855 δεῖ.
719 2801 794 2855 Οὐ
831 2801 937 2874 μὴν
971 2803 1000 2857 ὅ
1028 2819 1093 2872 γε
1123 2801 1258 2866 Θεὸς
1290 2800 1618 2872 περιόψεται
1647 2799 1740 2855 τὸν
1774 2798 1957 2871 βωμὸν
1986 2797 2079 2855 τὸν

2210 2798 2331 2853 iane
2374 2796 2512 2853 illud
2550 2814 2662 2869 prae
2695 2799 2911 2855 caeteris
2962 2812 3185 2871 tempus
3242 2800 3631 2857 sacerdotibus
3689 2816 3787 2856 ne-

471 2893 813 2964 ἁναίμακτον
843 2895 1034 2967 ἱερέως
1060 2895 1255 2966 αἵματι
1290 2894 1662 2967 μιαινόμενον.

2210 2891 2493 2947 :essarium
2526 2891 2597 2946 ad
2646 2892 2788 2947 atria
2845 2892 2941 2948 Dei
2974 2909 3206 2949 cursum
3250 2893 3478 2961 efﬁciet,
3534 2908 3662 2950 cum
3713 2895 3785 2949 ad

471 2990 648 3060 ipsam
684 2990 875 3045 urbem
935 3007 1185 3062 praesens
1239 2992 1545 3061 periculum
1600 2989 1922 3046 accesserit.
1952 2986 2070 3059 Ego
2105 2986 2166 3043 in
2197 2988 2323 3044 loco
2360 3001 2484 3044 meo
2514 2987 2570 3042 in
2601 2988 2846 3044 ecclesia
2892 2989 3256 3059 permanebo.
3313 2988 3587 3045 Lustralis
3654 2998 3784 3045 ante

467 3097 558 3139 me
595 3099 753 3154 aquae
794 3086 1151 3142 sanctissima
1202 3102 1337 3142 vasa
1371 3086 1684 3141 collocabo.
1735 3083 1997 3139 Sacratas
2048 3084 2346 3139 columnas
2384 3082 2725 3152 amplectar,
2765 3097 2889 3152 quae
2942 3097 3140 3152 puram
3181 3091 3236 3137 et
3287 3081 3782 3137 incontaminatam

467 3190 499 3230 a
546 3187 695 3233 terra
743 3194 993 3234 mensam
1054 3179 1339 3236 sustinent
1379 3200 1392 3236 :
1438 3181 1557 3235 illic
1605 3193 1708 3250 ego
1752 3186 1810 3234 et
1842 3174 2055 3233 sedebo
2101 3177 2283 3243 vivus,
2328 3185 2384 3232 et
2413 3185 2665 3233 mortuus
2709 3175 2929 3247 iaccho.
2973 3174 3073 3232 Dei
3106 3177 3361 3233 minister
3385 3192 3488 3248 ego
3527 3191 3672 3242 sum,
3716 3189 3783 3229 ac

466 3271 778 3336 sacriﬁcus,
823 3287 888 3327 ac
944 3270 1184 3328 fortasse
1227 3273 1473 3327 animam
1511 3272 1688 3342 ipsam
1747 3269 2072 3326 sacriﬁcare
2112 3269 2192 3325 illi
2232 3286 2322 3327 me
2346 3269 2627 3327 convenit.
2701 3267 2893 3341 Neque
2922 3284 3055 3326 vero
3114 3284 3266 3326 aram
3316 3268 3467 3325 illam
3513 3269 3781 3325 incruen-

474 3379 566 3426 tan
606 3366 751 3425 Deus
784 3368 1091 3424 sacerdotis
1119 3381 1321 3423 cruore
1352 3367 1622 3438 pollutam
1658 3364 1923 3438 negligat.

534 3461 1046 3535 _Elnc_xpdtta'tng
1083 3461 1155 3515 ἐν
1178 3460 1516 3535 λόγοις-καί
1550 3458 1919 3535 πράγμασιν,
2095 3452 2103 3495 ⁴

2377 3453 2633 3535 ξενηιοηε
2662 3452 3066 3535 ρνιεειρινεὺςιε
3094 3461 3144 3508 et
3166 3463 3338 3535 ¹θεείῳ
3366 3467 3576 3535 precor,

532 3526 608 3606 ᾯ
635 3522 830 3600 acida,
870 3522 1184 3598 Θαλέξιαιε,
1211 3522 1453 3587 παιδεία
1489 3522 1723 3602 πρέπεῖ
1750 3530 1769 3585 ι
1774 3530 1852 3602 8).
1905 3522 1914 3526 ’

2389 3525 2559 3591 Quem
2590 3534 2804 3592 cuncta,
2828 3523 3116 3591 Tltalela’e,
3143 3522 3392 3594 dbclrina
3427 3522 3668 3577 addecet.

1731 3687 1918 3745 DION.
1967 3684 2249 3742 PETAVII
2281 3681 2520 3739 NOTAL.

2242 3793 2318 3863 (8)
2345 3793 2495 3860 Ειης
2515 3791 2856 3861 κράτιστος.
2878 3789 3038 3863 Duos
3074 3791 3198 3848 illos
3238 3805 3363 3847 esse
3397 3790 3647 3863 senarios
3673 3791 3773 3848 deo

2210 3862 2586 3927 reh’endimns,
2618 3872 2674 3918 et
2703 3862 2928 3920 aliunde
2962 3865 3070 3919 huc
3098 3864 3366 3930 intrusos,
3400 3862 3673 3934 planeque
3699 3863 3773 3918 ab

2208 3950 2273 3992 ac
2301 3934 2576 3991 Catastasi
2607 3934 2841 3991 alienos.

530 3809 608 3882 (A7)
648 3808 713 3861 '0
734 3806 1326 3882 πεπαροιμιασμένος
1353 3803 1516 3882 βίος.
1549 3799 1939 3882 Qommodeex
1963 3812 2060 3853 ve-

457 3873 563 3935 ter'i
589 3873 908 3947 germanam
941 3873 1233 3933 lectionem
1257 3876 1533 3947 eruimus.
1563 3873 1743 3927 Antea
1776 3873 1925 3928 enim
1954 3885 2059 3922 πε-

457 3945 944 4025 παρρησιασμένος
973 3961 1263 4019 perperam
1292 3945 1602 4018 legebatur.

476 4146 3761 4194 Μ

808 4341 1553 4464 ΣΥΝΕΣΙΟΥ
1627 4337 2578 4459 ΞΕΠΙΣΚΟΠΟΥ
2676 4336 3410 4457 ΚΪῬΗΝΗΣ

1743 4559 2468 4656 ΚΑΤΑΣΤΑΣΙΣ.

1435 4924 2022 5044 SYNESII
2101 4874 2796 5047 CYRENZEI

1597 5165 2433 5263 CONSTITUTIO
2485 5160 2603 5260 (α).

517 5507 663 5569 Οὔτε
691 5509 1012 5581 φιλοσοφίαν
1034 5507 1387 5564 ἀπολίτευτον
1415 5509 1799 5583 προελόμενος,
1833 5514 1927 5568 καὶ
1947 5515 2049 5587 τῆς

2227 5517 2411 5590 305.
2452 5515 2593 5573 Cum
2642 5516 2891 5575 studium
2938 5516 3223 5588 sapientiae
3276 5533 3386 5574 non
3435 5515 3673 5575 alienum
3717 5535 3751 5576 a

448 5601 970 5676 φιλανθρωποτάτης
996 5602 1299 5676 θρησκείας
1320 5602 1622 5677 ἐναγούσης
1640 5607 1722 5670 είς
1742 5601 1877 5679 ἦθος
1900 5608 2047 5678 φιλό-

2213 5608 2308 5665 vili
2354 5609 2780 5668 conversatione
2815 5609 3107 5683 elegerim,
3169 5618 3224 5666 et
3263 5612 3448 5668 cultus
3499 5613 3750 5667 omnium

447 5712 648 5753 κοινον·
677 5696 967 5771 ὑπήκουσα
994 5713 1046 5751 τε
1064 5696 1400 5770 καλούμενος
1420 5696 1512 5769 ὑφ’
1542 5698 1719 5770 ὑμῶν,
1750 5700 1845 5756 καὶ
1863 5702 2044 5775 χαίρω

2210 5702 2601 5764 imanissimus
2629 5702 2827 5763 invitet
2874 5710 3041 5776 atque
3070 5704 3295 5762 inducat
3327 5703 3397 5760 ad
3428 5719 3613 5762 mores
3659 5718 3751 5762 so-

518 5878 600 5959 (α)
631 5877 760 5937 Sive
792 5853 1036 5950 EIogt‘um
1081 5879 1288 5952 Anysii.
1332 5876 1463 5937 Fed.
1526 5877 1755 5940 Morello
1822 5880 2148 5953 interprete.
