4134 6474
531 334 672 398 15τὸ

1664 324 1936 387 εγιιεδιι
1973 324 2435 384 ΡτοιειιΑιοιε
2478 319 2790 385 EPlSCOPl

3625 331 3743 391 ιιιι

528 459 747 516 eictatis
776 462 1044 522 amantes,
1088 448 1348 511 obaudivi
1381 460 1610 509 vocatus
1654 466 1684 505 a
1709 451 1884 517 vobis,
1909 459 2100 521 etgau-

2219 448 2407 521 μαθὼν
2437 451 2522 520 ἐφ’
2549 443 2631 515 οἷς
2652 452 2708 505 αἱ
2727 448 2910 514 πόλεις
2939 448 3459 522 συνδεδραμήκατον.
3492 450 3744 524 Προῦργου

528 549 634 605 deo
669 547 819 619 quod
849 546 1136 603 didicerim
1163 560 1273 617 qua
1308 545 1378 600 de
1407 556 1572 600 causa
1614 543 1779 597 urbes
1805 556 2107 597 concurre-

529 643 646 696 rint
682 641 826 695 inter
860 653 941 695 se.
975 637 1113 692 Nam
1158 651 1340 707 opera:
1382 635 1618 706 pretium
1666 634 1818 704 ipsas
1865 632 2108 687 facturas

529 731 765 802 opinor,
812 730 858 784 si
898 737 954 783 et
1002 742 1151 783 nunc
1194 735 1249 783 et
1286 728 1344 781 in
1389 736 1667 796 posterum
1708 739 1839 795 erga
1881 738 1978 779 eos
2013 723 2107 793 qui

530 822 676 877 ultro
718 820 978 876 beneﬁcia
1016 820 1074 874 in
1109 820 1259 889 ipsas
1288 817 1660 879 contulerunt,
1708 826 1876 885 grata:
1913 820 1969 869 et
1997 814 2108 869 sint

527 924 582 968 et
616 910 930 968 videantur.
963 910 1338 977 Quamobrem
1372 922 1693 964 communes
1728 906 1916 977 populi
1943 916 2107 961 voces

530 1005 898 1075 suscepimus,
929 1010 984 1058 et
1022 1002 1069 1057 si
1104 1001 1378 1072 quispiam
1412 1000 1667 1072 privatim
1698 1014 1981 1057 sermones
2008 999 2107 1052 ha-

529 1095 667 1161 buit,
708 1110 901 1150 omnes
939 1096 1127 1163 utique
1164 1093 1420 1150 laudibus
1447 1094 1637 1149 extuli.
1685 1092 1979 1147 Enimvero
2008 1106 2107 1163 par

526 1195 613 1241 est
639 1202 728 1241 me
760 1202 886 1242 esse
925 1202 991 1241 ex
1030 1201 1221 1241 eorum
1249 1200 1479 1242 numero
1509 1186 1600 1256 qui
1630 1184 1766 1240 bene
1795 1185 1958 1239 dictis
1987 1200 2108 1240 cer-

527 1286 666 1332 tant.
707 1275 851 1342 Quin
880 1278 1045 1332 etiam
1091 1276 1205 1331 haec
1236 1275 1302 1331 ad
1342 1291 1428 1331 me
1467 1276 1643 1346 magis
1669 1291 1833 1345 quam
1864 1274 1931 1329 ad
1970 1275 2106 1330 alios

528 1370 782 1430 attinent,
810 1382 931 1438 qua:
960 1368 1273 1422 communia
1310 1374 1438 1423 sum
1464 1385 1477 1421 :
1509 1376 1561 1420 et
1596 1366 1829 1437 gratiam
1862 1381 1961 1435 pro
1991 1367 2106 1420 sin-

525 1459 691 1530 gulis,
728 1473 828 1529 pro
863 1459 980 1514 cive
1004 1467 1058 1514 et
1091 1458 1331 1522 civitate,
1370 1457 1485 1528 ipse
1514 1472 1634 1513 meo
1664 1456 1885 1511 nomine
1908 1456 2108 1511 debere

528 1551 599 1607 iis
631 1551 726 1621 qui
762 1551 994 1621 benigne
1026 1551 1273 1611 fecerint,
1325 1550 1604 1605 existimo.
1644 1548 1846 1615 Quidni
1877 1549 2021 1604 enim
2056 1549 2105 1604 is

528 1657 695 1713 quem
728 1656 830 1712 pro
851 1641 1236 1696 communibus
1272 1640 1432 1695 bonis
1458 1654 1649 1711 preces
1681 1639 1909 1694 fundere
1942 1654 2105 1709 opor-

527 1743 626 1800 tet,
660 1735 734 1789 illi
766 1734 998 1805 gratiam
1032 1732 1251 1799 debeat,
1279 1732 1370 1804 qui
1407 1734 1525 1803 ipsa
1549 1742 1661 1788 tum
1693 1733 1960 1796 exercitu,
1989 1740 2103 1786 tum

528 1827 634 1880 alia
671 1840 799 1881 cura
852 1840 915 1879 ac
962 1824 1335 1881 sollicitudine
1384 1824 1642 1881 auxerit?
1671 1823 1775 1891 Qui
1823 1838 1955 1880 vero
1991 1840 2102 1880 non

530 1917 732 1985 quovis
764 1916 974 1971 honore
1021 1915 1291 1971 atlicerem
1340 1931 1466 1971 eum
1499 1917 1588 1971 cui
1634 1926 1694 1971 ut
1723 1917 1837 1971 voti
1878 1931 2105 1987 compos

528 2008 696 2064 forem
731 2008 1023 2064 sudoribus
1051 2007 1317 2078 perfecit?
1356 2008 1620 2079 Equidem
1650 2023 1680 2062 a
1712 2007 1821 2062 Deo
1866 2008 1997 2078 petii
2046 2018 2107 2065 ut

528 2099 668 2155 male
705 2098 948 2169 perirent
975 2098 1103 2152 mali
1133 2105 1187 2153 et
1227 2099 1554 2156 cxsecrandi
1586 2098 1829 2154 barbari.
1857 2096 1971 2154 lloc
2005 2116 2105 2154 au-

525 2197 633 2245 tem
672 2190 861 2261 Anysii
905 2204 1104 2246 manus
1133 2189 1229 2246 Dei
1276 2192 1476 2246 virtute
1519 2191 1884 2262 perfecerunt.
1915 2193 1993 2249 Ex
2035 2194 2104 2251 iis

523 2289 674 2337 certe
706 2281 1010 2352 equitibus,
1046 2282 1140 2352 qui
1165 2295 1331 2352 supra
1372 2282 1522 2338 mille
1565 2298 1739 2354 nuper
1778 2286 2103 2356 impressio-

524 2388 646 2430 nem
685 2373 950 2438 fecerant,
1004 2391 1076 2433 ne
1119 2376 1370 2447 quintam
1417 2376 1638 2447 quidem
1689 2379 1934 2433 relictam
1980 2395 2104 2436 esse

524 2472 731 2536 partem
780 2469 933 2523 aiunt
975 2474 1085 2521 tam
1125 2468 1201 2522 illi
1244 2467 1346 2537 ipsi
1385 2467 1479 2538 qui
1523 2468 1813 2527 inferiores
1857 2470 2099 2537 fuerunt,

522 2573 687 2628 quam
713 2560 809 2630 qui
864 2567 1176 2631 prostratos
1215 2571 1698 2629 enumeraverunt,
1730 2569 1785 2615 et
1811 2563 1989 2619 adhuc
2012 2579 2103 2619 su-

523 2651 795 2721 perstitcs'
834 2661 1008 2707 sunt:
1042 2652 1205 2721 idque
1248 2654 1458 2724 peregit
1506 2669 1617 2708 non
1672 2655 1886 2725 magnis
1926 2656 2102 2725 copiis

522 2740 811 2811 przefectns
860 2750 1025 2812 atque
1074 2745 1428 2799 instructus:
1483 2744 1685 2814 quippe
1733 2744 2100 2816 quadraginta

521 2839 733 2886 tantum
767 2833 867 2887 viri
904 2849 1029 2889 cum
1070 2835 1191 2905 ipso
1222 2836 1442 2891 stabant
1475 2836 1530 2889 in
1567 2836 1706 2892 acie.
1731 2836 1897 2907 Atqui
1932 2838 2000 2893 de
2032 2839 2101 2897 iis

522 2923 767 2993 profecto
797 2925 925 2979 mali
973 2926 1108 2981 nihil
1140 2925 1318 2981 dicam
1355 2927 1781 2997 tam'equitibus
1806 2944 1970 2999 quam
2005 2945 2101 3000 pe-

517 3010 748 3079 ditibus,
775 3014 977 3084 quibus
1006 3014 1342 3072 frumentum
1368 3016 1585 3072 damus.
1627 3016 1825 3074 Verum
1871 3019 1960 3074 hic
1987 3036 2098 3089 pu-

2209 539 2319 610 γὰρ
2351 540 2543 604 αὑταῖς
2581 541 2762 611 οῐομαι
2801 542 2896 594 καὶ
2938 540 3035 594 νῦν
3072 542 3165 594 καὶ
3209 540 3511 612 ἐσύστερον,
3549 544 3603 607 ἐς
3638 548 3748 610 τοὺς

2209 630 2557 703 ὑπάρξαντας
2586 633 2761 705 ἔργων
2788 632 3009 700 ἀγαθῶν
3027 633 3378 705 εὐχαρίστους
3402 634 3495 687 καὶ
3519 630 3750 690 εἶναικαὶ

2209 723 2517 792 φαίνεσθαι.
2552 727 2662 788 Τάς
2692 742 2750 779 τε
2784 722 2877 780 οῦν
2911 725 3091 788 κοινὰς
3119 724 3457 796 ὑπεδεξάμην
3482 725 3570 779 τοῦ
3597 727 3749 799 δήμου

2209 813 2427 884 φωνάς,
2480 814 2575 870 καὶ
2606 817 2753 880 ὅστις
2809 816 2914 888 ἰδία
2942 816 3097 884 λόγον
3128 815 3349 881 διέθετο,
3390 817 3587 882 πάντας
3631 819 3751 889 ὁμοῦ
3802 800 3805 803 ’

2206 908 2321 971 τοῖς
2353 906 2594 973 ἐπαίνοις
2627 902 2888 978 ἐπῄνεσα.
2932 907 3096 961 ’Δλλὰ
3127 908 3270 978 κάμὲ
3298 909 3378 961 δεῖ
3399 908 3634 976 γενέσθαι
3658 909 3753 964 τῶν

2208 997 2595 1066 εύλογούντων,
2644 1000 2811 1071 κάμοὶ
2855 1000 3123 1071 προσήκει
3187 998 3385 1069 μᾶλλον
3419 998 3628 1070 ἐτέρων,
3672 998 3758 1052 καὶ

2207 1088 2277 1143 τὰ
2304 1089 2478 1154 κοινὰ,
2526 1093 2620 1145 καὶ
2646 1091 2748 1164 τὴν
2787 1093 2927 1164 ὑπὲρ
2960 1092 3190 1145 ἑκάστου
3218 1090 3396 1161 χάριν,
3429 1091 3519 1143 καὶ
3547 1088 3752 1154 ἰδιώτου,

2208 1183 2301 1235 καὶ
2318 1182 2523 1246 πόλεως
2541 1184 2703 1247 αὐτὸς
2730 1184 2964 1253 ὀφείλειν
2984 1186 3093 1249 τοίς
3112 1180 3170 1239 εὖ
3192 1202 3245 1239 τι
3276 1186 3554 1254 ποιήσασιν
3571 1184 3753 1252 οἴομαι.

2213 1272 2309 1325 Ὃν
2335 1275 2441 1344 γὰρ
2475 1273 2614 1345 ὑπὲρ
2639 1274 2748 1330 τῶν
2779 1274 2972 1329 κοινῶν
2997 1274 3218 1344 ἀγαθῶν
3249 1273 3503 1338 εὔξασθαι
3528 1273 3625 1340 δεῖ,
3654 1273 3755 1337 πῶς

2205 1363 2307 1418 οὐκ
2351 1365 2577 1435 ὀφλήσει
2626 1368 2784 1437 χάριν
2829 1367 2909 1439 τῷ
2952 1368 3042 1422 διὰ
3068 1369 3356 1440 στρατείας
3395 1366 3533 1421 αὐτὰ
3554 1366 3643 1420 καὶ
3670 1366 3756 1436 τῆς

2207 1456 2373 1528 ἄλλης
2407 1459 2724 1527 ἐπιμελείας
2771 1459 3097 1531 αὐξήσαντις
3149 1461 3273 1523 Πῶς
3311 1460 3366 1512 δέ
3393 1460 3453 1512 ού
3483 1457 3568 1512 διὰ
3597 1457 3757 1527 πάσης

2205 1548 2339 1603 οῐσω
2358 1550 2523 1621 τιμῆς
2551 1550 2661 1613 τὸν,
2686 1550 2771 1604 ἵνα
2794 1550 2940 1622 τύχω
2955 1551 3057 1621 τῆς
3076 1550 3261 1622 εὐχῆς,
3287 1550 3467 1621 ἱδρῶτι
3486 1548 3759 1618 διαπραξάι

2211 1655 2403 1710 μενονς
2430 1641 2650 1704 Κακοὺς
2666 1641 2853 1705 κακῶς
2877 1641 3278 1696 ἀπολωλεκέναι
3307 1642 3429 1705 τοὺς
3447 1640 3759 1711 καταράτους

2210 1730 2538 1803 βαρϐάρους,
2572 1733 2685 1802 ἐγὼ
2714 1733 2813 1804 μὲν
2844 1733 3024 1805 ᾔτησα
3047 1734 3140 1787 τὸν
3163 1734 3318 1789 Θεόν.
3345 1735 3409 1786 Δί
3444 1733 3500 1787 δὲ
3538 1730 3761 1785 ’Δνυσίου

2137 1789 2180 1845 Β
2207 1789 2402 1894 χείρεξ
2426 1789 2568 1876 κατὰ
2599 1789 2730 1876 ὸεὸν
2778 1789 3183 1894 ἐξείργάσαντο.
3228 1822 3350 1876 Τῶν
3379 1823 3440 1891 γέ
3466 1838 3547 1874 τοι
3591 1818 3762 1893 πρώην

2203 1912 2636 1985 εἰσϐεϐληκότων
2703 1914 2946 1977 ἱππέων,
3012 1915 3152 1987 ὑπὲρ
3211 1914 3413 1985 χιλίους
3466 1914 3628 1966 ὄντων
3683 1909 3762 1964 τὸν

2203 2005 2456 2077 ἀριθμὸν,
2502 2006 2626 2059 οὐδὲ
2671 2008 3066 2079 πεμπτημόρια
3092 2005 3360 2070 λείπεται,
3409 2004 3566 2074 φασὶν
3596 2003 3643 2056 οἱ
3679 2016 3758 2054 πει

2205 2098 2487 2164 πονθότες,
2534 2100 2690 2153 αὐτοὶ
2722 2093 2871 2153 οὗτοι
2897 2097 3032 2164 ζῶσι
3063 2100 3191 2161 τοὺς
3223 2097 3574 2159 πεπτωκότας
3605 2094 3764 2164 διαριδ

2204 2190 2534 2263 θμήσαντες.
2564 2192 2678 2244 Καὶ
2720 2190 2896 2245 ταῦτα
2928 2192 2990 2244 οὐ
3025 2189 3223 2244 πολλοῦ
3260 2187 3655 2261 στρατεύματος
3687 2182 3764 2248 ἐξ·

2200 2281 2505 2352 ηγουμένου
2556 2280 2880 2350 εἴργασται·
2931 2280 3047 2336 ἀλλ’
3104 2278 3295 2349 ἄνδρες
3335 2276 3484 2348 αύτῷ
3529 2289 3763 2346 συμπαρο

2206 2372 2493 2426 ετάττοντο
2508 2370 2942 2441 τεσσαράκοντα.
2960 2368 3132 2438 Κάγὼ
3156 2369 3253 2439 μὲν
3276 2366 3428 2420 οὐδὲν
3462 2364 3567 2436 ἐρῶ
3584 2360 3763 2430 φαῦλον

2201 2460 2284 2528 οἷς
2308 2464 2618 2534 σιτοδοῦμεν
2651 2464 2863 2518 ἱππέων
2893 2479 2954 2516 τε
2982 2463 3078 2516 καὶ
3114 2460 3317 2527 πεζῶν.
3348 2458 3541 2513 Οὑτοσὶ
3566 2456 3619 2509 δέ
3642 2453 3763 2508 Οὕν-

2203 2555 2482 2625 νιγάρδαις
2508 2556 2618 2609 δεῖν
2654 2554 2825 2608 οἴεται
2857 2554 2993 2625 πρὸς
3024 2553 3239 2607 ἅπαντα
3267 2551 3539 2623 χρῆσθαι·
3572 2548 3688 2606 τοὺς
3712 2540 3761 2595 δέ

2201 2647 2430 2710 πολλοὺς
2467 2645 2711 2709 τούτους,
2738 2645 2859 2699 οὐδὲ
2901 2645 3010 2698 τῶν
3044 2644 3342 2715 ἀλλοτρίων
3375 2642 3547 2714 ἔργων
3575 2633 3763 2705 ἐπηγάσ

2201 2755 2330 2807 γετο
2367 2740 2582 2801 θεατάς.
2616 2733 2775 2791 Οὗτοι
2817 2736 3085 2808 χωροῦσιν
3124 2734 3291 2788 αὑτοῦ
3331 2734 3494 2805 μόνου
3520 2729 3586 2783 τὰ
3613 2742 3761 2796 στρα·

2200 2832 2512 2902 τηγήματα.
2560 2829 2778 2883 Τούτων
2825 2830 2942 2882 ἐστὶ
2980 2828 3198 2900 λοχίτης
3223 2827 3321 2881 καὶ
3363 2822 3616 2896 λοχαγόςο
3649 2816 3758 2872 wi-

2199 2940 2308 2977 των
2338 2924 2456 2975 ἐστὶ
2483 2920 2889 2993 συστρατιώτης
2919 2921 3014 2975 καὶ
3045 2919 3381 2993 στρατηγός·
3419 2916 3553 2989 μετὰ
3575 2912 3763 2968 τούτων

2200 3015 2383 3086 τρέχει
2433 3013 2522 3068 διὰ
2564 3013 2661 3082 τῆς
2715 3012 2898 3085 χώρας
2952 3011 3152 3082 δρόμον
3206 3009 3450 3064 ἔνοπλον.
3496 3004 3637 3078 Ταχὺ

519 3110 600 3158 tat
633 3102 1076 3176 Unnigardarum
1110 3121 1277 3178 opera
1325 3107 1392 3162 ad
1423 3108 1607 3165 omnia
1639 3124 1765 3165 esse
1803 3110 2094 3168 utendum:

2200 3105 2516 3177 ἁπανταχοῦ
2545 3106 2756 3175 γίνεται
2775 3120 2788 3135 ·
2824 3105 2951 3174 νικᾷ
2981 3103 3038 3157 δὲ
3066 3104 3198 3157 ὅπου
3234 3103 3332 3156 καὶ
3364 3101 3587 3171 γένοιτο.
3622 3090 3765 3151 Οὗτοι

520 3194 659 3251 istos
686 3211 839 3263 vero,
892 3211 1129 3266 quantm
1172 3197 1352 3267 major
1387 3207 1474 3254 est
1512 3212 1797 3262 numerus,
1851 3215 1921 3255 ne
1967 3201 2102 3256 alie-

521 3302 716 3342 uorum
746 3287 969 3358 quidem
999 3303 1225 3358 operum
1256 3297 1595 3357 spectatores
1627 3288 1866 3345 induxit.
1929 3288 2102 3346 Unni-

520 3376 707 3449 gat-dae
740 3378 916 3449 ipsius
947 3380 1122 3435 solius
1159 3378 1324 3450 306
1357 3379 1552 3435 bellica
1596 3387 1718 3435 acta
1771 3389 1827 3437 et
1866 3383 2101 3439 consilia

521 3470 766 3539 capiunt.
815 3471 1016 3526 Eorum
1052 3480 1138 3528 est
1171 3470 1570 3543 manipularius
1611 3479 1666 3530 et
1710 3472 1957 3530 cohortis
2000 3473 2103 3529 du-

518 3568 681 3615 ctor:
722 3562 1039 3619 eorumdem
1070 3563 1376 3619 commilito
1405 3573 1460 3620 et
1491 3564 1788 3636 imperator
1817 3585 1830 3622 :
1864 3580 1989 3621 eum
2016 3565 2101 3621 his

518 3654 762 3709 excurrit
807 3672 903 3726 per
942 3672 1222 3728 campum,
1272 3671 1440 3716 cursu
1484 3657 1537 3711 in
1594 3658 1766 3715 armis
1824 3657 2098 3714 confecto.

517 3746 780 3804 Celeriter
824 3749 1028 3819 ubique
1066 3749 1312 3805 locorum
1346 3759 1431 3804 est
1462 3768 1475 3804 :
1522 3749 1695 3805 vincit
1744 3761 1924 3805 autem
1960 3765 2100 3822 quo-

523 3854 735 3908 cunque
775 3840 1033 3895 adfuerit.
1092 3840 1249 3906 Quod
1302 3839 1349 3895 si
1385 3839 1439 3894 hi
1488 3840 1675 3907 plures
1708 3849 1915 3906 essent,
1966 3849 2100 3911 puta

520 3940 717 4001 praeter
754 3946 849 3987 eos
883 3948 1024 4002 quos
1057 3933 1340 3998 habemus,
1372 3932 1619 3997 ducenti,
1656 3931 1753 3989 Dei
1790 3932 1964 3989 fretus
1995 3947 2100 4003 ope

519 4021 696 4076 audeo
726 4035 1044 4076 asseverare
1070 4020 1217 4075 hunc
1252 4019 1559 4076 animosum
1587 4021 1845 4091 juvenem
1876 4023 1932 4078 in
1975 4023 2101 4079 bar-

520 4115 780 4171 barorum
819 4121 1019 4169 terram
1057 4113 1259 4169 bellum
1311 4114 1695 4184 trajecturum.
1742 4113 1923 4182 Quare
1952 4117 2101 4190 Any-

521 4206 604 4262 sio
634 4205 761 4261 duci
797 4205 1066 4262 ducentos
1111 4205 1456 4277 Unnigardas
1498 4222 1814 4278 poscemus,
1850 4209 1896 4265 si
1946 4210 2099 4280 cogi-

521 4302 701 4351 temus
726 4301 781 4349 et
808 4295 1040 4351 velimus
1081 4297 1525 4367 consanguineos
1557 4311 1587 4349 a
1620 4296 1979 4352 barbarorum
2010 4312 2097 4354 re-

525 4387 684 4458 gione
723 4402 1011 4443 revocare.
1054 4385 1274 4443 Utinam
1311 4403 1528 4459 possem
1564 4388 1750 4445 videre
1794 4390 2095 4460 spoliorum

520 4494 774 4535 acervum
822 4490 877 4535 et
922 4482 1158 4551 prtedam
1205 4481 1604 4550 mancipiorum
1654 4480 2093 4547 barbarieorum,

518 4577 680 4639 atque
708 4586 832 4625 eum
864 4571 957 4641 qui
983 4585 1160 4641 nuper
1201 4570 1462 4625 dominus
1491 4580 1632 4633 erat,
1673 4570 1918 4624 vicissim
1973 4570 2096 4626 aliis

516 4662 888 4716 servientem!
929 4660 1053 4716 llaec
1078 4660 1279 4716 nudius
1309 4661 1529 4731 quidem
1567 4661 1765 4716 tertius
1799 4669 1987 4733 optare
2018 4661 2098 4716 fa-

514 4750 621 4804 cile
645 4759 763 4804 erat
793 4767 807 4804 :
839 4766 988 4805 nunc
1007 4766 1138 4807 vero
1163 4752 1326 4805 etiam
1357 4765 1582 4821 sperare
1598 4752 1786 4807 eadem
1820 4752 2094 4824 integrum

515 4849 621 4897 est.
663 4839 798 4895 Nam
831 4856 952 4910 quae
979 4842 1157 4896 oculis
1178 4841 1424 4911 subjecta
1460 4840 1620 4898 fidem
1647 4841 1880 4909 faciunt,
1899 4859 2092 4899 eorum

513 4946 637 5002 quae
665 4937 1053 4997 exspectantur
1092 4933 1317 5001 pignora
1356 4930 1499 4987 facta
1526 4941 1691 5001 sunt;
1720 4943 2095 4989 verumtamen

515 5021 584 5075 ad
600 5020 715 5075 haec
738 5021 1030 5076 obtinenda
1064 5022 1273 5093 Anysio
1294 5022 1651 5077 ducentorum
1680 5023 1939 5095 praefecto
1955 5039 2095 5095 opus

512 5121 618 5168 est.
651 5111 751 5167 Hie
779 5110 1113 5184 Unnigardis
1142 5114 1328 5169 utendi
1362 5124 1416 5169 et
1448 5114 1685 5171 indolem
1722 5116 1887 5170 habet
1914 5123 1968 5171 et
2003 5131 2094 5170 ar-

516 5211 623 5257 tem
658 5220 671 5256 :
713 5209 769 5256 et
801 5202 944 5263 idem
988 5210 1169 5273 potest
1216 5205 1365 5259 viros
1400 5219 1709 5271 exarmare,
1753 5211 2091 5269 excastrare,

514 5304 570 5347 et
607 5304 666 5349 ut
718 5294 871 5350 lubet.
917 5307 1125 5366 regere.
1164 5295 1492 5368 Unnigardre
1529 5311 1654 5350 cum
1708 5296 1934 5368 Anysio,
1984 5296 2096 5356 Ro-

518 5398 694 5438 manat
726 5392 855 5439 sunt
886 5400 1104 5451 manus,
1138 5384 1383 5442 Romana
1413 5387 1632 5441 militia.
1663 5386 1782 5443 Jam
1817 5389 1936 5444 sine
1965 5388 2092 5453 isto,

516 5478 900 5548 quadragenos
928 5480 1092 5535 etiam
1123 5489 1418 5551 praesentes
1456 5480 1682 5537 laudare
1710 5480 1929 5553 quidem
1966 5498 2097 5553 pos-

517 5582 639 5622 sum
676 5569 748 5623 ob
784 5571 953 5624 robur
984 5588 999 5624 :
1040 5571 1134 5626 sed
1170 5588 1269 5642 pro
1317 5572 1559 5644 ipsorum
1590 5574 1776 5628 animo
1824 5577 2094 5645 spondere

513 5657 701 5711 nolim.
741 5657 958 5715 Relatio
1011 5663 1309 5718 adornetur
1338 5681 1460 5734 quae
1510 5665 1578 5721 de
1611 5666 1819 5738 Anysio
1852 5673 1990 5733 oret,
2037 5672 2092 5720 et

512 5747 719 5806 milites
745 5758 798 5806 et
822 5753 1037 5821 tempus
1068 5763 1262 5825 poscat
1296 5764 1524 5814 strenuo
1567 5756 1701 5815 huic
1731 5758 1870 5814 viro.
1922 5756 2086 5834 Λιβία

2202 3197 2420 3261 πλείους
2450 3199 2499 3251 εί
2522 3197 2786 3266 γένοιντο,
2821 3196 2959 3268 πρὸς
2987 3189 3070 3259 οἷς
3107 3194 3307 3266 ἔχομεν
3337 3192 3613 3257 διακόσιοι,
3641 3184 3765 3259 μετὰ

2201 3290 2298 3345 τοῦ
2318 3289 2454 3345 Θεοῦ
2473 3289 2691 3362 θαρρῶν
2708 3289 3102 3359 ἀποφαίνομαι,
3126 3288 3343 3342 τουτονὶ
3359 3287 3447 3341 τὸν
3467 3282 3676 3340 νεανίαν
3694 3281 3765 3344 εις

2201 3384 2301 3456 τὴν
2327 3382 2550 3437 ἐκείνων
2571 3381 2909 3437 διαϐιϐάσειν
2932 3382 3024 3435 τὸν
3049 3381 3308 3452 πόλεμον.
3350 3379 3579 3450 ’Δνυσίῳ
3612 3391 3764 3448 στρα-

2202 3474 2356 3547 τηγῴ
2381 3475 2688 3537 διακοσίους
2708 3474 3080 3546 Οὑννιγάρδας
3109 3474 3412 3545 αἰτήσομεν
3447 3474 3497 3525 εἰ
3520 3469 3765 3541 μέλλομεν

2203 3566 2492 3634 ἐπανάξειν
2511 3566 2620 3621 ἀπὸ
2637 3566 2735 3637 τῆς
2761 3565 3037 3638 βαρϐάρου
3058 3567 3182 3629 τοὺς
3216 3566 3523 3635 συγγενεῖς.
3554 3561 3674 3617 Εἴθε
3692 3574 3767 3629 γε⁸

2202 3658 2396 3729 νοίμην
2417 3656 2673 3728 λαφύρων
2697 3658 2825 3711 ίδεῖν
2850 3656 3041 3729 νομὴν,
3065 3656 3417 3729 ἀνδραπόδων
3439 3649 3766 3728 βαρϐαρικῶν

2202 3749 2293 3800 τὸν
2335 3748 2473 3811 τέως
2524 3746 2791 3817 δεσπότην
2832 3745 3272 3801 ἀντιδουλεύοντα
3312 3745 3329 3799 ι
3359 3744 3544 3798 Ταῦτα
3592 3738 3765 3812 πρώην

2205 3839 2303 3909 μὲν
2343 3837 2602 3904 εὔξασθαι
2634 3839 2763 3910 ῥᾷον
2800 3832 2901 3909 ἦν’
2934 3835 3029 3891 νῦν
3072 3837 3129 3890 δέ
3164 3836 3313 3891 ἐστιν
3345 3836 3485 3892 αὐτὰ
3515 3834 3607 3889 καὶ
3633 3827 3765 3884 ἐλπί.

2203 3949 2315 3986 σαι.
2342 3932 2422 3986 Τὰ
2448 3930 2555 4004 γὰρ
2578 3933 2634 3986 ἐν
2661 3930 2957 4002 ὀφθαλμοῖς
2979 3929 3167 3997 πιστά,
3188 3930 3296 3985 τῶν
3324 3923 3764 4002 προσδοκωμένων

2202 4023 2435 4095 ἐνέχυρα
2486 4023 2698 4092 γέγονε.
2734 4023 2878 4095 Πρὸς
2922 4017 3015 4077 οῦν
3062 4022 3236 4077 ταῦτα
3279 4021 3527 4075 Ἀνυσίου
3568 4019 3644 4072 δεῖ
3671 4014 3766 4068 τῶν

2199 4114 2487 4169 διακοσίων
2513 4115 2840 4186 ἡγουμένου.
2871 4107 3041 4178 Οὗτος
3070 4113 3464 4185 Ούννιγάρδαις
3485 4105 3765 4183 κεχρῆσθαι

2202 4209 2295 4262 καὶ
2349 4208 2509 4280 φύσιν
2557 4207 2799 4280 ἔχεικαὶ
2848 4208 3068 4280 τέχνην.
3122 4206 3358 4263 Δύναται
3411 4210 3535 4272 τοὺς
3587 4204 3766 4274 ἄνδρας

2199 4297 2578 4367 ἐξοπλίζεσθαι
2601 4299 2697 4352 καὶ
2727 4298 3223 4371 μεταχειρίζεσθαι.
3253 4298 3610 4370 υύννιγάρδαι
3642 4292 3764 4364 μετά

2204 4384 2457 4446 Ἀνυσίου
2498 4389 2804 4460 Ῥωμαϊκαὶ
2858 4390 3041 4461 χεῖρές
3092 4392 3251 4445 εἰσιν.
3304 4394 3468 4446 ’Δνευ
3511 4390 3566 4444 δὲ
3593 4387 3764 4443 τούτου

2201 4479 2448 4544 καὶτοὺς
2494 4480 2906 4551 τεσσαράκοντα
2934 4481 3061 4544 τοὺς
3110 4481 3383 4552 παρόντας
3415 4483 3651 4535 ἐπαινεῖν
3680 4477 3766 4548 μὲν

2199 4570 2308 4641 ἔχω
2332 4572 2431 4642 τῆς
2462 4570 2673 4642 ῥώμης,
2702 4569 3079 4640 ἐγγυήσασθαι
3106 4570 3165 4624 δέ
3187 4570 3288 4640 τῆς
3321 4571 3549 4642 γνώμης
3574 4569 3632 4622 ού
3658 4561 3768 4636 βού-

2197 4663 2381 4733 λομαι.
2469 4662 2744 4734 Ἀναφορὰ
2814 4661 3115 4716 στελλέσθω
3194 4663 3324 4734 περὶ
3386 4661 3577 4716 τούτου
3649 4670 3766 4727 πρε-

2200 4753 2502 4818 σϐεύουσα“,
2540 4752 2881 4824 στρατιώτας
2912 4753 3008 4808 καὶ
3054 4754 3245 4825 χρόνον
3294 4754 3525 4807 αἰτοῦσα
3554 4750 3629 4822 τῷ
3653 4763 3765 4817 γεν-

2198 4845 2353 4917 ναίῳ.
2398 4845 2509 4899 Καὶ
2566 4844 2714 4898 τᾶλλ’
2766 4845 2950 4908 ὁποῖος
3002 4845 3178 4917 άνήρ;
3228 4845 3320 4899 τὸν
3348 4846 3442 4899 ἐπὶ
3474 4835 3765 4915 εἰρήνηςδέ

2197 4938 2455 5008 πόλεμον,
2499 4937 2590 4991 τὸν
2628 4935 2826 5008 μικροῦ
2870 4935 2963 4989 τοῦ
3015 4936 3350 5009 βαρϐαρικοῦ
3381 4934 3763 5007 χαλεπώτερον,

2194 5029 2288 5083 τὸν
2341 5031 2420 5082 ἐκε
2461 5027 2563 5101 τῆς
2624 5029 3024 5100 στρατιωτικῆς
3085 5029 3315 5096 ἀταξίας
3369 5030 3465 5084 καὶ
3516 5028 3612 5098 τῆς
3665 5022 3764 5076 τῶν

2195 5117 2506 5190 ταξιάρχων
2555 5116 2889 5184 πλεονεξίας,
2938 5119 3037 5189 οὐχ
3077 5111 3234 5182 οὗτος
3276 5121 3305 5173 ό
3348 5118 3563 5181 παύσας
3595 5113 3759 5176 ἐστίν;

2209 5210 2323 5279 Ἐφ’
2360 5205 2422 5263 οῦ
2457 5211 2619 5281 μόνου
2669 5225 2732 5280 γε
2758 5208 2869 5263 τῶν
2920 5210 3130 5265 πολλῶν
3181 5210 3506 5283 στρατηγῶν
3566 5205 3761 5273 ἰδιώτης

2194 5301 2544 5373 ἠδικημένος,
2601 5302 2787 5372 μεῖζον
2827 5302 3164 5373 στρατιώτου
3203 5304 3522 5373 φθέγγεται.
3557 5300 3685 5354 Τίνα
3711 5294 3761 5348 δὲ

2195 5391 2372 5457 ἔξεστι
2425 5392 2610 5447 καλεῖν
2660 5393 3034 5464 άδωρότατον;
3069 5395 3145 5448 Οὐ
3175 5393 3266 5448 τὸν
3298 5394 3647 5467 ὑπερορῶντα
3680 5386 3760 5442 καὶ

2193 5484 2300 5537 τῶν
2332 5485 2440 5556 ἀπὸ
2472 5485 2566 5537 τοῦ
2593 5486 2760 5558 νόμου
2808 5486 3049 5556 κερδῶν;
3088 5485 3148 5540 '0
3198 5485 3458 5557 θεοσεϐὴς
3489 5487 3544 5540 δέ
3582 5483 3659 5547 τίς
3701 5479 3761 5534 ἄν

2193 5578 2404 5644 γένοιτο
2456 5576 2689 5647 μᾶλλον,
2735 5577 2770 5650 ἦ
2810 5578 2956 5642 ὅστις
2990 5578 3231 5644 ἅπαντος
3283 5578 3447 5651 ἔργου
3483 5577 3574 5632 καὶ
3617 5572 3758 5641 λόγου

2194 5665 2685 5739 θεόθενάρχεταις
2734 5669 2853 5723 ἀνθ’
2900 5663 2974 5723 ὧν
3034 5670 3288 5725 ἁπάντων
3328 5668 3504 5747 ἔξεστι
3547 5666 3607 5738 δὴ
3638 5663 3757 5717 πᾶσι

2193 5756 2428 5815 κάνθάδε
2475 5760 2875 5833 προσεύξασθαι
2926 5762 3105 5835 γῆρας
3138 5761 3287 5835 αὐτῷ
3323 5761 3461 5835 βαθὺ
3486 5760 3582 5818 καὶ
3610 5757 3753 5811 λιπα-
