4134 6466
324 383 464 444 ηπ
1437 390 1527 447 DE
1563 390 1750 451 DONO
1781 392 2207 456 ASTROLABII
2247 396 2504 459 SEMO.
2870 400 2874 402 ’
3472 408 3613 463 1578

320 502 422 576 ρδν
470 499 840 574 παραμένειν,
889 501 1001 567 τοῖς
1039 502 1310 573 ἐνιαυτοῖς
1358 509 1772 585 συμπροῖούσης
1816 515 1916 586 τῆς

2022 515 2234 572 calet-is
2267 517 2486 588 qualem
2517 533 2578 575 se
2611 519 2881 590 praebuit!
2929 521 3137 581 Bellum
3175 525 3329 598 pacis
3369 533 3615 597 tempore

323 593 546 668 ἀρετῆς.
2026 618 2303 676 exortum,
2332 619 2389 667 et
2414 613 2522 668 hoc
2551 613 2846 674 barbarico
2879 620 3042 690 paulo
3091 593 3379 679 molestius
3417 593 3617 680 ex—mi-

325 695 487 749 litum
534 695 817 752 incondita
857 698 1312 765 tumultuatione,
1357 699 1612 766 deliciis,
1683 711 1850 772 atque
1907 706 2142 763 avaritia
2185 709 2595 785 insolentiaque
2647 715 2850 771 ducum
2901 719 3228 786 excitatum,
3292 738 3477 779 nonne
3524 725 3615 782 hic.

323 793 411 842 cst
455 787 551 857 qui
588 790 933 860 compescuit
977 798 1032 846 et
1068 790 1386 864 oppressit?
1439 791 1557 848 Sub
1604 809 1716 865 quo
1757 797 1876 851 solo
1907 811 1939 853 e
1980 800 2171 858 multis
2217 802 2477 873 ducibus,
2529 805 2781 877 privatus
2829 808 3031 878 injuria
3077 811 3308 868 ail'eetus
3381 812 3616 868 liberius
3650 795 3664 806 ⁴

323 888 381 975 et
432 881 599 939 altius
657 884 884 975 clamat,
936 900 1102 956 quam
1143 886 1348 942 miles?
1395 887 1569 953 Quem
1624 904 1791 959 porro
1861 892 1990 949 licet
2028 895 2270 952 alienum
2310 913 2342 953 a
2374 900 2704 956 muneribus
2731 901 3095 975 accipiendis.
3138 913 3191 961 et
3221 905 3616 961 abhorrentem
3657 879 3673 956 ί

325 971 492 1036 dona,
517 975 752 1030 vocare?
772 973 968 1032 Nonne
999 992 1126 1033 eum
1158 977 1252 1047 qui
1282 977 1518 1049 despicit
1559 981 1728 1035 etiam
1775 982 1927 1037 lucra
1963 999 2087 1056 quae
2114 989 2233 1060 lege
2266 991 2607 1048 obveniunt?
2630 971 2969 1065 Religiosior
3000 1011 3128 1052 vero
3191 998 3448 1068 quisnam
3518 1012 3618 1068 po-

324 1068 436 1166 tius
460 1067 604 1124 foret
638 1087 803 1166 quam
861 1073 909 1128 is
940 1073 1035 1144 qui
1074 1073 1260 1128 omnia
1301 1073 1445 1130 facta
1474 1083 1530 1130 et
1562 1076 1710 1131 dicta
1747 1091 1777 1130 a
1830 1077 1942 1135 Deo
1980 1083 2242 1140 orditur?
2305 1086 2414 1143 Pro
2461 1088 2552 1146 his
2599 1098 2748 1147 certe
2787 1091 3062 1166 omnibus
3108 1067 3223 1148 fasi
3255 1099 3340 1150 est
3384 1067 3618 1147 cunctos

324 1161 628 1217 etiamnum
653 1162 821 1312 Dium
842 1167 1080 1236 pret-ari,
1103 1175 1163 1223 ut
1193 1180 1455 1227 senectus
1485 1169 1666 1240 ipsum
1696 1181 1960 1243 provecta
1998 1185 2053 1233 et
2097 1179 2293 1239 viridis
2323 1189 2566 1253 maneat,
2600 1183 2726 1256 ejus
2753 1163 2960 1242 virtute
3026 1185 3194 1242 simul
3257 1199 3386 1241 cum
3453 1184 3618 1239 annis

324 1269 679 1312 progressum
725 1257 959 1312 aciente.

324 1269 679 1327 progressum
703 1257 959 1315 faciente.

358 1467 3563 1525 Μ

896 1639 1638 1764 ΣΥΝΕΣΙΟΥ
1728 1648 2036 1768 ΤΟΥ
2151 1653 3049 1774 ΚΥΡΗΝΑΙΟΥ

1680 1865 1890 1934 ιΠΡΟΣ
1917 1867 2257 1924 ΠΔΙΟΝΙΟΝ

1223 2022 1421 2080 ΥΠΕΡ
1454 2025 1586 2082 ΤΟΥ
1612 2024 1858 2082 ΔΩΡΟΥ
1889 2028 2707 2086 ΑΣΤΡΟΛΑΒΙΟΥΔΟΓΟΣ.

1258 2355 1843 2476 SYNESII
1984 2291 2682 2478 CYBENASI

1758 2597 1843 2642 AD
1882 2595 2181 2644 PEONIUM
2265 2644 2268 2646 ν

1321 2740 1581 2806 saeuo
1623 2743 1723 2805 DE
1763 2743 1972 2808 ΒΟΝο
2014 2745 2478 2809 ASTROLABII
2505 2744 2613 2829 (ι).

422 3060 650 3120 Ᾱκούων
686 3079 780 3119 σου
807 3062 997 3138 πρώην
1026 3063 1170 3138 ὑπὲρ
1197 3063 1516 3136 φιλοσοφίας
1549 3048 1917 3137 ἀγανακτοῦν·

2100 3068 2266 3142 307
2299 3067 2436 3125 Cum
2461 3082 2570 3124 non
2603 3068 2676 3124 ita
2705 3067 2914 3141 pridem
2947 3075 3006 3124 te
3046 3067 3412 3142 philosOphia:
3443 3069 3620 3127 vicem

317 3169 435 3222 τος,
468 3158 518 3211 εί
551 3156 721 3229 μηδὲν
753 3156 908 3212 ἔσται
961 3155 1137 3226 πέρας
1168 3156 1478 3229 ἀνορώποις
1511 3160 1612 3228 τῆς
1638 3161 1718 3226 εἰς
1748 3161 1917 3233 αὐτὴν

2024 3162 2269 3232 graviter
2307 3161 2473 3227 ferre,
2519 3171 2573 3218 et
2621 3163 2886 3233 conqueri
2936 3164 3208 3231 audirem,
3255 3165 3398 3235 quod
3452 3165 3618 3222 linem

320 3249 601 3317 ἀσεϐείας,
635 3251 730 3304 καὶ
757 3250 875 3323 ἀμα
921 3251 1005 3305 ὅτι
1037 3249 1251 3323 χαλεπῇ
1281 3251 1460 3322 χρῷτο
1492 3250 1632 3325 τύχῃ
1673 3252 1766 3306 καὶ
1797 3251 1918 3307 λίαν

321 3341 635 3414 ἀγνώμονι,
681 3343 748 3415 ἣν
795 3345 843 3397 οῖ
893 3343 990 3414 μὲν
1039 3342 1530 3415 προσποιούμενοι,
1579 3342 1667 3397 διά
1719 3345 1919 3418 συχνῆς

317 3435 608 3509 τερατείας
660 3434 1036 3505 εὐδοκιμοῦσιν
1081 3435 1237 3506 παρά
1285 3451 1344 3488 τε
1377 3435 1667 3500 δυνάσταις
1715 3437 1811 3490 καὶ
1859 3438 1918 3490 ἐν

319 3528 434 3592 τοῖς
463 3525 756 3598 πλήθεσιν·
787 3529 835 3580 oi
861 3527 918 3580 δὲ
949 3526 1308 3598 ἀληθεύοντες
1330 3525 1708 3593 ἀπιστοῦνται,
1739 3528 1834 3583 καὶ
1861 3530 1918 3582 ὲν

321 3619 507 3692 Καρὸς
535 3619 700 3692 μοίρᾳ
729 3618 1022 3690 τιμῶνται,
1051 3619 1151 3691 τῆς
1185 3620 1282 3692 μὲν
1309 3617 1486 3692 ὁρμῆς
1511 3620 1737 3691 ἠγάμην
1761 3637 1774 3650 ·
1807 3620 1917 3674 ἀπὸ

320 3713 436 3785 γάρ
477 3714 619 3768 πάνυ
653 3713 908 3782 γενναίας
933 3715 1180 3785 προῆκτο
1215 3713 1452 3784 φύσεωςο
1485 3714 1544 3768 ού
1578 3714 1684 3785 μὴν
1709 3715 1916 3783 ἀγανα-

320 3808 470 3862 κτεῖν
498 3823 620 3859 τινα
646 3805 830 3877 οἴομαι
855 3806 984 3872 δεῖν,
1015 3807 1144 3861 ὅταν
1166 3806 1225 3860 τὸ
1259 3805 1400 3861 κατά
1431 3806 1587 3871 λόγον
1620 3806 1913 3879 συμϐαίνῃ.

322 3897 561 3969 Εὓλογον
611 3897 669 3952 δὲ
721 3900 895 3970 δήπου
944 3899 1242 3970 τυγχάνειν
1296 3898 1550 3964 ἕκαστον,
1604 3891 1680 3954 ὧν
1733 3901 1918 3970 τυχεῖν

320 3991 683 4054 ἐσπούδακεν,
728 3992 822 4044 καὶ⁴
865 3990 994 4066 περὶ
1023 3990 1059 4046 ἃ
1093 3990 1619 4062 πεπραγμάτευται·
1662 3991 1758 4046 καὶ
1783 3993 1919 4046 ἀπο-

317 4083 612 4155 τυγχάνειν
657 4080 724 4137 αὗ
759 4083 923 4137 πάλιν
958 4083 1203 4148 ἐκείνων,
1240 4076 1314 4136 ὧν
1345 4082 1470 4136 οὔτε
1517 4083 1737 4156 ὠρέχθη
1764 4083 1915 4151 ποτὲ,

321 4173 451 4231 οὔτε
493 4174 812 4249 ἐπεμελήθη
840 4177 989 4238 ὅπως
1017 4175 1084 4230 ἂν
1113 4174 1263 4246 αύτῷ
1295 4173 1678 4247 παραγένοιτο.
1711 4175 1772 4228 Ei
1803 4174 1917 4228 τοί-

321 4289 416 4327 νυν
443 4273 471 4327 ὁ
502 4273 602 4345 μὲν
630 4273 946 4344 ἐφρόντισεν
975 4272 1070 4326 τοῦ
1100 4271 1356 4343 γενέσθαι
1396 4273 1579 4343 σοφὸς,
1610 4275 1638 4328 ό
1668 4273 1726 4328 δὲ
1757 4275 1916 4346 μόνον

320 4364 417 4420 τοῦ
444 4365 614 4431 δόξαι,
643 4365 906 4438 ἑκάτερος
934 4366 995 4419 τὸ
1020 4365 1299 4438 προσῆκον
1324 4364 1557 4436 ἔχουσιν,
1583 4367 1612 4419 ὁ
1635 4367 1733 4437 μὲν
1762 4365 1858 4432 ὢν,
1888 4365 1917 4421 ὀ

320 4459 379 4513 δὲ
407 4456 547 4513 εἶναι
575 4457 767 4513 δοκῶν.
807 4458 876 4513 Ἦ
907 4459 1057 4512 δεινά
1086 4461 1136 4528 γ’
1165 4457 1231 4512 ἂν
1261 4457 1488 4512 πάθοιεν
1519 4459 1614 4512 καὶ
1644 4459 1914 4514 δικαιότε-

323 4564 419 4624 ρον
459 4549 842 4620 ἀγανακτοῖεν,
883 4549 932 4602 oi
967 4547 1060 4602 διὰ
1086 4550 1184 4619 τῆς
1215 4549 1316 4602 ούκ
1345 4546 1534 4620 οὔσης,
1561 4547 1696 4603 ἀλλά
1725 4566 1916 4619 φαινο-

326 4638 497 4712 μένης
547 4639 899 4710 φιλοσοφίας,
956 4638 1114 4706 suam;
1162 4637 1507 4710 θηρώμενοι,
1565 4639 1614 4692 εί
1651 4642 1764 4703 τοῖς
1819 4639 1919 4710 μὲν

324 4732 585 4806 ἑκάτερον
607 4731 841 4802 ὑπάρξει
874 4723 1111 4803 θατέρου
1133 4728 1505 4802 φροντίσασιν,
1531 4730 1682 4801 σφίσι
1703 4729 1761 4784 δὲ
1782 4731 1918 4803 μηδ-

324 4822 531 4896 έτερον.
572 4821 764 4878 Καίτοι
815 4822 877 4876 τὸ
917 4824 1117 4895 ῥᾷστον
1164 4823 1226 4877 ού
1284 4821 1351 4876 δι’
1395 4821 1679 4886 ἐλάττονος
1722 4824 1920 4894 ἐπιμε-

323 4911 476 4975 λείας
523 4910 1038 4983 ὲπιτετηδεύκασιν,
1091 4910 1376 4982 ἀπατῆσαι
1404 4913 1531 4974 τοὺς
1561 4911 1663 4964 οὐκ
1705 4913 1920 4976 εἰδότας

325 5004 458 5076 περὶ
489 4995 565 5059 ὧν
591 5002 929 5057 ἀπατῶνται.
972 4996 1133 5056 Οὗτοι
1166 5002 1264 5073 μὲν
1305 4998 1398 5056 οὖν
1428 5003 1601 5056 ἔστων
1643 5002 1917 5076 λαμπροὶ,

326 5098 424 5153 καὶ
456 5099 568 5161 τοῖς
599 5097 851 5170 θεάτροις
888 5094 1329 5164 στεφανούσθων,
1377 5097 1426 5149 εί
1470 5094 1773 5167 βούλονται.
1808 5097 1920 5168 Τῆς

324 5188 437 5262 γὰρ
490 5188 753 5261 ἀληθείας
808 5188 1352 5260 παραχωρήσαντες,
1405 5187 1672 5259 ὀνόματος
1737 5188 1918 5260 ἡμφι-

328 5284 629 5356 σΰητησαν.
677 5284 839 5355 Ἡμῖν
877 5281 934 5336 δὲ
983 5280 1470 5353 ὀλιγωρουμένοις·
1522 5281 1709 5354 ἐπειδὴ
1750 5280 1814 5334 σύ
1852 5300 1920 5355 με

328 5375 509 5448 βούλει
541 5377 653 5440 τοῖς
699 5376 763 5429 ὲκ
791 5374 887 5429 τοῦ
933 5374 1161 5428 σπανίου
1196 5374 1390 5442 γένους
1416 5373 1792 5445 συναριθμεῖν,
1826 5375 1922 5428 καὶ

325 5470 428 5541 οὐχ
472 5468 674 5539 ἥκιστα
713 5467 780 5522 δι’
827 5467 928 5539 ἐμὲ
959 5467 1058 5538 τὴν
1081 5465 1402 5536 φιλοσοφίας
1428 5464 1599 5537 τύχην
1625 5466 1921 5538 ἐδυσχέρα-

330 5583 459 5631 ναςο
508 5567 641 5638 ημῖν
691 5556 782 5616 οὖν
829 5559 1227 5633 ἀμελουμένοις
1280 5559 1386 5613 ὑπὸ
1446 5559 1554 5613 τῶν
1613 5557 1921 5631 ἀνθρώπων

329 5657 645 5730 ἀγαπητέον
675 5653 773 5728 τὴν
802 5653 979 5720 τάξιν,
1005 5656 1084 5718 εἰς
1111 5653 1178 5724 ἢν
1200 5654 1290 5722 ὑφ’
1319 5651 1529 5706 ἑαυτῶν
1568 5651 1880 5724 ἐτάχθημεν
1903 5669 1918 5684 ο

401 5867 482 5941 (1)
519 5868 826 5935 interprete
853 5860 986 5919 ch.
1025 5861 1274 5918 Morcllo.

541 5963 814 6020 Pa'rnnt.
857 5959 972 6020 Gtt.
1024 5959 1246 6021 LXVI.

2022 3254 2236 3309 nullum
2269 3263 2366 3309 aut
2391 3255 2614 3310 modum
2644 3254 2896 3311 facerent
2923 3256 3178 3314 homines
3207 3258 3376 3328 impie
3398 3273 3460 3314 se
3483 3272 3620 3328 erga

2020 3360 2142 3402 eam
2172 3349 2400 3418 gerendi
2434 3367 2448 3404 :
2481 3353 2599 3403 tum
2630 3349 2776 3418 quod
2811 3357 2921 3402 tam
2974 3349 3122 3404 tristi
3155 3356 3211 3404 et
3246 3349 3460 3405 difﬁcili
3501 3349 3620 3406 for-

2022 3447 2156 3494 tuna
2184 3448 2455 3508 uteretur,
2488 3449 2714 3512 tamque
2763 3440 2954 3511 iniqua
2989 3451 3155 3513 atque
3189 3442 3404 3513 ingrata
3441 3461 3457 3497 :
3488 3458 3618 3498 cum

2016 3532 2116 3603 qui
2167 3532 2309 3588 hanc
2342 3533 2655 3588 simulatam
2701 3533 2987 3599 affectant,
3017 3537 3088 3590 ob
3121 3536 3352 3591 crebras
3397 3537 3620 3607 praesti-

2020 3625 2161 3694 gias,
2214 3625 2565 3680 celebrentur
2614 3627 2911 3698 magnique
2963 3626 3118 3691 ﬁant,
3159 3635 3267 3682 tam
3313 3629 3461 3700 apud
3499 3643 3621 3699 pro-

2020 3727 2176 3772 ceres
2236 3728 2302 3770 ac
2368 3724 2661 3786 potentes,
2724 3732 2890 3788 quam
2957 3719 3013 3773 in
3083 3719 3323 3790 populo;
3387 3719 3485 3775 sed
3549 3719 3620 3774 iis

2021 3807 2117 3879 qui
2168 3823 2297 3865 vere
2348 3823 2468 3864 eam
2518 3809 2901 3880 proﬁteantur,
2943 3810 3074 3866 ﬁdes
3130 3827 3240 3866 non
3271 3811 3619 3878 adhibeatur,

2023 3915 2126 3958 nec
2185 3902 2362 3973 pluris
2426 3917 2590 3974 quam
2643 3903 2815 3960 Cares
2862 3904 3202 3960 aestimentur
3252 3921 3266 3959 :
3317 3904 3624 3959 admiratus

2023 4010 2147 4052 sum
2168 3994 2297 4066 jure
2326 3996 2492 4053 istum
2525 3995 2695 4053 animi
2729 3995 2810 4052 tui
2860 3995 3160 4068 impetum;
3189 3996 3235 4052 is
3257 3997 3404 4052 enim
3438 4003 3623 4052 motus

2022 4103 2051 4142 a
2093 4102 2364 4158 generosa
2408 4089 2573 4160 plane
2617 4099 2814 4146 natura
2873 4088 2994 4144 fuit.
3051 4087 3440 4145 Verumtamen
3492 4105 3620 4145 suc-

2021 4193 2252 4235 censere
2283 4194 2622 4251 quemquam
2656 4187 2915 4252 oportere
2942 4196 3052 4235 non
3077 4180 3361 4246 existimo,
3387 4181 3434 4238 si
3459 4182 3618 4254 quid,

2022 4277 2083 4322 ut
2111 4271 2254 4325 ratio
2291 4271 2418 4335 fert,
2451 4269 2692 4324 eveniat.
2720 4267 2842 4324 Jam
2873 4284 3006 4324 vero
3061 4271 3265 4326 rationi
3321 4283 3623 4329 consenta-

2023 4377 2189 4416 neum
2224 4369 2308 4418 est
2343 4376 2797 4432 unumquemque
2841 4376 2905 4417 ea
2942 4362 3206 4434 consequi
3259 4379 3384 4434 qua:
3414 4373 3472 4420 ut
3517 4367 3620 4422 ob-

2023 4455 2226 4510 tineret
2283 4454 2610 4522 elaboravit,
2646 4463 2702 4509 et
2744 4454 2799 4509 in
2861 4455 3066 4524 quibus
3117 4466 3423 4529 occupatus
3459 4457 3567 4513 fuit
3601 4478 3619 4515 :

2022 4557 2079 4604 et
2105 4556 2299 4603 contra
2327 4562 2438 4603 non
2464 4548 2687 4619 assequi
2726 4563 2790 4603 ea
2814 4563 2937 4619 qua:
2987 4564 3166 4619 neque
3217 4551 3484 4620 appetivit
3511 4567 3619 4606 un-

2022 4656 2209 4713 quam,
2246 4655 2445 4712 neque,
2480 4647 2542 4694 ut
2573 4639 2681 4694 sibi
2715 4639 2997 4705 adessent,
3023 4654 3174 4694 curae
3204 4640 3418 4695 habuit.
3463 4639 3622 4707 Quo-

2023 4735 2172 4790 niam
2206 4749 2340 4806 ergo
2385 4734 2529 4790 alius
2583 4733 2688 4788 hoc
2741 4731 2955 4790 studuit
3014 4733 3238 4804 egitque
3273 4741 3334 4788 ut
3395 4735 3622 4805 sapiens

2021 4835 2195 4893 esset,
2226 4827 2370 4883 alius
2400 4836 2582 4883 autem
2619 4834 2680 4882 ut
2712 4824 2761 4882 is
2794 4825 3074 4881 videretur
3106 4834 3359 4892 tantum;
3388 4835 3623 4898 uterque

2023 4928 2176 4976 certe
2205 4920 2260 4976 id
2293 4918 2461 4975 habet
2490 4918 2638 4990 quod
2678 4919 2729 4974 ei
2761 4919 3066 4990 competit;
3103 4934 3230 4974 cum
3261 4919 3355 4975 hic
3395 4921 3620 4992 quidem

2021 5029 2084 5070 re
2117 5029 2246 5071 vera
2277 5021 2380 5080 est,
2409 5013 2501 5068 ille
2536 5013 2755 5069 videtur
2785 5029 2928 5070 esse.
2963 5011 3169 5081 Quidni
3213 5031 3347 5071 vero
3379 5015 3457 5070 illi
3493 5031 3622 5086 gra-

2023 5108 2146 5164 vius
2175 5107 2573 5179 afﬂigerentur,
2605 5115 2660 5164 et
2678 5107 2885 5178 iustius
2941 5107 3386 5178 indignarentur,
3425 5108 3520 5178 qui
3549 5123 3618 5164 ex

2023 5215 2088 5254 ea
2119 5215 2242 5270 quae
2271 5214 2465 5270 reapse
2497 5213 2607 5254 non
2632 5207 2720 5254 est
2747 5198 3122 5270 philosophia,
3156 5199 3252 5254 sed
3284 5198 3406 5268 ejus
3433 5199 3614 5254 solum

2024 5290 2264 5360 speciem
2303 5305 2414 5360 prae
2463 5305 2524 5346 se
2584 5289 2725 5353 fert,
2770 5289 3002 5360 gloriam
3063 5297 3436 5359 aucupantur,
3466 5291 3511 5344 si
3549 5291 3617 5346 iis

2022 5379 2248 5451 quidem
2279 5390 2576 5449 utrumque
2631 5384 2911 5448 suppetat,
2939 5376 3032 5447 qui
3069 5375 3138 5432 de
3183 5377 3360 5432 altero
3399 5384 3616 5432 tantum

2025 5472 2246 5529 solliciti
2284 5471 2511 5526 fuerunt
2554 5489 2567 5524 :
2600 5468 2736 5539 ipsis
2771 5475 2955 5522 autem
2990 5476 3248 5523 neutrum
3277 5469 3617 5523 succurrat?

2024 5575 2210 5622 tamen
2233 5565 2338 5621 etsi
2368 5564 2416 5621 ei
2449 5563 2598 5635 quod
2633 5561 2958 5617 facillimum
2988 5569 3073 5617 est
3103 5577 3214 5616 non
3246 5562 3458 5616 minore
3481 5575 3617 5616 cura

2026 5655 2363 5721 studuerint,
2398 5664 2562 5725 atque
2593 5650 2969 5718 incubuerint,
3006 5666 3204 5724 nempe
3243 5659 3303 5707 ut
3335 5650 3618 5722 decipiant

3217 5942 3290 6007 δυ
