4134 6490
580 406 719 508 ετξ-ις
1638 445 1904 502 svxrsn
1958 444 2423 504 PTOLEMAIDIS
2471 444 2783 504 EPlSCOPI
3675 455 3796 512 l380

575 581 674 620 eos
726 563 819 634 qui
858 577 921 619 ea
955 577 1066 617 non
1096 571 1299 617 norunt
1335 561 1389 615 in
1439 559 1639 631 quibus
1688 560 2055 633 decipiuntur.
2095 561 2138 617 li

2266 563 2360 616 καὶ
2390 563 2451 616 ού
2491 562 2782 635 ζηλωτέον,
2811 563 2929 617 ούδέ
2960 564 3326 636 μακαριστέον
3348 565 3467 629 τοὺς
3510 566 3795 637 ἡμιπαιδεύ-
3838 556 3843 561 ’

574 657 741 726 igitur
768 653 1041 725 Splendidi
1065 663 1119 709 et
1170 654 1413 708 illustres
1454 665 1586 706 sane
1616 662 1800 717 sunto,
1839 660 1892 707 et
1924 654 1976 707 in
2002 653 2143 708 thea-

2255 671 2381 718 τους
2411 654 2651 720 τούτους,
2686 656 2815 711 ὅταν
2868 656 2972 708 ὑπὸ
3012 651 3124 709 τῶν
3177 656 3451 720 παντελῶς
3497 658 3799 712 ἀπαιδεύτων

468 758 473 765 ’
572 749 674 803 tris
730 754 1102 813 coronentur,
1134 744 1181 800 si
1228 743 1418 798 lubet:
1461 756 1492 795 a
1540 741 1771 796 veritate
1825 744 1968 797 enim
2025 758 2143 799 cum

2260 746 2526 820 μετέωροι
2549 751 2839 821 φέρωνται.
2892 746 3029 802 υύτε
3066 748 3174 820 γὰρ
3218 750 3350 821 ὁρᾷν
3378 749 3547 822 ψυχῆς
3583 751 3800 805 ἐκκεκα-

569 840 915 902 deﬂexerint,
952 838 1021 893 de
1066 838 1288 893 nomine
1346 834 1782 890 controversiam
1841 846 2143 893 moverunt.

2256 837 2535 909 θαρμένης
2562 837 2754 902 κάλλος
2796 840 2846 892 οἱ
2878 838 2955 911 μὴ
2984 839 3216 912 καθαροὶ
3251 842 3490 896 δυνατοῦ
3524 842 3610 895 καὶ
3638 840 3692 895 τὸ
3719 858 3803 911 κη-

567 932 738 987 Nobis
767 942 900 986 vero
941 931 1037 1001 qui
1089 927 1920 999 despicimur(quandoquidem
1963 938 2020 983 tu
2066 946 2143 987 me

2256 931 2473 1003 ρύττειν
2511 931 2723 995 ἐαυτὸν,
2764 933 2861 985 καὶ¹
2916 932 3095 986 πάντα
3135 935 3308 986 ποιεῖν
3337 932 3475 1005 ὑπὲρ
3504 932 3800 1000 ἐπιδείξεως.

567 1027 650 1080 vis
681 1025 750 1081 iis
794 1024 888 1095 qui
934 1040 963 1079 e
1006 1023 1217 1077 rariore
1254 1037 1452 1093 genere
1500 1027 1630 1075 sunt
1681 1029 2143 1090 annumerare,et

2255 1024 2317 1077 ού
2361 1024 2576 1094 σοφίας,
2620 1022 2761 1078 ἀλλὰ
2816 1024 3128 1094 σοφιστείας
3181 1026 3347 1081 ἐστίν.
3402 1025 3491 1079 Διὸ
3537 1026 3630 1095 τῆς
3673 1023 3806 1095 παρὰ

566 1119 731 1190 308
753 1126 975 1189 propter
1003 1132 1089 1172 me
1121 1114 1463 1185 potissimum
1514 1110 1580 1167 de
1607 1119 1756 1167 sorte
1792 1112 2143 1185 philosophia

2258 1117 2470 1172 πολλῶν
2491 1117 2853 1189 ἀμοιροῦντας
2877 1118 3059 1183 αἰδοῦς
3087 1120 3266 1183 καλῶς
3294 1119 3405 1191 ἔχει
3431 1120 3619 1188 λέγειν·

568 1206 909 1266 succensens
949 1217 1290 1280 conquestus
1331 1208 1437 1277 es),
1474 1205 1637 1261 nobis
1679 1206 1849 1279 igitur
1874 1248 1890 1278 ,
1924 1208 2019 1279 qui
2063 1208 2133 1265 ab
2176 1208 2499 1268 hominibus
2548 1214 2981 1280 contemnimur,
3013 1212 3407 1283 amplexandus
3448 1212 3595 1268 locus
3630 1219 3726 1278 est,
3758 1228 3805 1266 in

578 1320 741 1379 quem
775 1305 996 1376 ipsimet
1054 1319 1155 1359 nos
1189 1304 1582 1359 constituimus
1617 1322 1630 1359 :
1663 1320 1842 1375 neque
1884 1305 2155 1369 aemulari,
2192 1321 2294 1361 nec
2326 1307 2518 1364 beatos
2552 1314 2749 1378 putare
2780 1308 2906 1365 illos
2935 1307 3270 1363 semidoctus
3335 1306 3611 1367 debemus.
3676 1306 3805 1377 quod

565 1421 592 1458 a
625 1405 787 1489 plane
812 1401 1052 1457 indoctis
1087 1402 1141 1455 in
1191 1401 1362 1456 altqu
1428 1402 1753 1458 evehantur.
1830 1400 1967 1456 Nam
2034 1404 2353 1475 perpurgati
2408 1403 2579 1459 animi
2639 1403 2811 1460 decus
2858 1412 2913 1458 et
2963 1402 3423 1475 pulchritudinem
3486 1402 3677 1458 intueri
3721 1418 3807 1458 ne-

563 1504 772 1569 queunt
808 1495 901 1567 qui
933 1496 1054 1566 puri
1098 1510 1209 1549 non
1243 1501 1374 1550 sunt
1406 1514 1419 1550 :
1454 1502 1510 1549 et
1533 1509 1842 1566 praeconem
1873 1494 1963 1549 sui
2003 1510 2147 1561 esse,
2189 1505 2356 1567 atque
2383 1495 2451 1551 ad
2486 1496 2913 1553 ostentationem
2980 1505 3034 1551 et
3079 1509 3335 1566 pompam
3383 1495 3563 1550 omnia
3621 1492 3805 1559 facere,

563 1607 675 1646 non
711 1588 998 1658 sapientia:
1041 1598 1146 1653 est,
1190 1588 1296 1662 sed
1347 1589 1667 1659 sophisticae
1711 1589 1989 1645 versutiae.
2051 1587 2327 1655 Quocirca
2396 1606 2494 1647 eos
2550 1590 2641 1662 qui
2700 1605 2732 1644 a
2800 1591 2964 1662 vulgo
3037 1589 3300 1644 honorem
3362 1587 3813 1656 reverentiamque

565 1704 672 1744 non
706 1686 979 1748 obtinent,
1010 1686 1332 1756 praeclarum
1369 1695 1693 1758 rectumque
1745 1687 1912 1742 fuerit
1946 1685 2151 1751 dicere,

777 1867 790 1880 .
814 1863 825 1877 .
851 1863 866 1881 .
890 1866 903 1877 .
926 1865 940 1878 .
958 1823 1033 1877 nil
1064 1838 1244 1876 moror
1270 1823 1407 1876 hunc
1440 1838 1533 1893 ego
1569 1821 1819 1893 honorem
1845 1836 1868 1893 7:

658 1896 926 1967 luppiter,
961 1904 1017 1947 ut
1048 1908 1222 1963 spero,
1259 1892 1567 1963 ingentiore
1600 1892 1807 1946 ornabit
1835 1892 2072 1944 honore:

559 2027 820 2100 praclare
874 2024 1039 2080 etiam
1092 2036 1280 2079 secum
1317 2021 1401 2093 agi
1432 2021 1773 2085 existiment,
1820 2029 1874 2077 et
1916 2020 1974 2075 in
2020 2020 2147 2074 sinu

557 2119 855 2192 gaudeant,
889 2118 934 2173 si
972 2130 1097 2171 eum
1128 2115 1275 2170 nacti
1316 2113 1522 2169 fuerint
1557 2114 1734 2168 virum
1775 2113 1867 2185 qui
1907 2112 2148 2185 pruden-

558 2215 686 2267 tiam
757 2211 922 2268 simul
972 2217 1029 2264 et
1089 2208 1388 2278 potentiam
1457 2207 1783 2277 possederit.
1843 2206 1937 2261 Sic
2001 2204 2147 2261 enim

556 2320 734 2377 neque
776 2319 902 2359 cum
946 2299 1188 2371 indignis
1230 2298 1611 2365 versabimur,
1666 2294 1846 2369 neque
1880 2296 2149 2369 iguobiics

555 2409 722 2469 atque
750 2394 971 2467 inglorii
1013 2393 1242 2448 omnino
1269 2391 1640 2447 censebimur.

625 2488 738 2544 Cur
771 2501 903 2558 ergo
936 2492 1234 2540 cunctarcr
1267 2483 1515 2538 tribuere
1556 2482 1808 2535 intimum
1842 2481 1902 2533 in
1960 2481 2147 2534 animo

553 2584 735 2639 locum
786 2577 1097 2634 admirabili
1128 2575 1346 2631 Paconio
1400 2585 1623 2639 nostro,
1672 2574 1763 2644 qui
1822 2573 1985 2643 longo
2032 2571 2177 2640 jam,

554 2685 800 2746 tempore
830 2670 1263 2742 sepimeutorum
1313 2681 1635 2739 magnorum
1668 2665 1973 2720 intervallis
2001 2664 2145 2743 inter

552 2784 614 2823 se
666 2739 993 2822 vdistinc-tas
1056 2761 1461 2834 philosophiam
1535 2767 1592 2815 et
1656 2773 1770 2813 rem
1850 2739 2144 2811 militarem

552 2875 721 2915 unum
752 2859 806 2913 in
845 2858 1023 2913 locum
1057 2855 1333 2910 adducere
1356 2862 1410 2910 et
1446 2852 1590 2908 inter
1615 2866 1675 2906 se
1700 2850 1960 2921 copulare
1982 2863 2146 2904 orsus

549 2960 655 3016 est,
684 2965 808 3006 cum
840 2949 1120 3018 antiquam
1161 2945 1357 3000 horum
1396 2942 1706 2999 studiorum
1754 2938 2142 3009 cognationem

549 3059 675 3102 esse
708 3048 868 3097 acute
898 3036 1293 3095 observasset?
1325 3037 1393 3089 At
1422 3034 1569 3090 enim
1603 3047 1728 3087 cum
1788 3029 1939 3084 Italia
1963 3043 2145 3099 quon-

549 3141 677 3193 dam
729 3133 953 3192 eosdem
989 3133 1216 3187 haberet
1271 3136 1325 3184 et
1366 3127 1693 3200 Pythagorae
1746 3124 2050 3188 auditores,
2087 3130 2142 3176 et

2966 1821 3092 1874 οὔτι
3117 1839 3193 1890 με
3227 1822 3446 1887 ταύτης

2179 1857 2227 1916 Β
2249 1891 2412 1961 Χρεὼ
2438 1890 2613 1963 τιμῆς
2632 1907 2646 1923 ο
2925 1857 3524 1960 22'z27733322'3'1ac
3548 1894 3685 1963 αἴσῃ
3701 1909 3714 1922 ·

2251 2028 2471 2098 ἆγαπᾷν
2524 2043 2587 2081 τε
2631 2026 2727 2082 καὶ
2776 2024 3169 2097 διασμενίζειν,
3215 2027 3458 2097 ἐντυχεῖν
3506 2027 3653 2098 ἀνδρὶ
3691 2027 3812 2098 φρό-

2251 2137 2407 2192 νησιν
2441 2120 2557 2190 ἅμα
2587 2122 2683 2174 καὶ
2725 2119 2956 2191 δύναμιν
3002 2120 3351 2190 κεκτημένῳ.
3389 2119 3545 2174 Οὕτω
3579 2119 3683 2191 γάρ
3711 2118 3812 2173 οὔτ’

2251 2212 2489 2277 ἀναξίοις
2514 2213 2583 2267 ἂν
2608 2212 3030 2284 συγγενοίμεθα,
3056 2212 3169 2266 οὒτ’
3195 2212 3261 2265 ἂν
3285 2214 3471 2283 ἄτιμοι
3496 2214 3818 2267 παντάπασιν

2251 2301 2629 2374 νομιζοίμεθα.

2320 2480 2445 2546 Πῶς
2475 2476 2570 2536 οὖν
2610 2482 2670 2535 ού
2709 2482 2888 2552 μέλλω
2924 2484 3023 2555 τὴν
3064 2483 3241 2555 μέσην
3276 2484 3334 2537 ἐν
3369 2487 3435 2556 τῇ
3474 2484 3618 2555 ψυχῇ
3650 2482 3817 2555 χώραν

2240 2575 2325 2646 ’τῷ
2352 2573 2652 2646 θαυμαστῷ
2690 2575 2928 2647 Παιονίῳ
2973 2576 3178 2647 νέμειν,
3221 2576 3282 2641 ὃς
3334 2578 3400 2631 ὲκ
3440 2577 3631 2631 πολλοῦ
3662 2578 3817 2632 διατε-

2248 2667 2593 2745 τειχισμένας
2615 2668 2860 2739 θριγκοῖς
2889 2669 3171 2739 μεγάλοις,
3201 2669 3524 2738 φιλοσοφίαν
3554 2670 3646 2723 καὶ
3672 2683 3817 2739 στρα-

2247 2761 2419 2821 τείαν,
2469 2759 2692 2830 ἐξεῦρεν
2736 2746 3102 2829 ἐπαναγαγεῖν
3156 2761 3251 2815 καὶ
3291 2761 3552 2831 συνάψαι,
3601 2758 3819 2814 παλαιάν

2247 2868 2369 2906 τινα
2409 2851 2599 2905 ἐνιδὼν
2648 2855 2759 2915 τοῖς
2796 2852 3195 2923 ἐπιτηδεύμασι
3223 2854 3439 2918 τούτοις
3481 2853 3821 2924 συγγένειαν;

2262 2934 2461 2998 Ἰταλία
2496 2943 2596 3013 μέν
2632 2944 2739 3015 γὰρ
2774 2944 2943 2997 πάλαι
2990 2946 3115 3009 τοὺς
3157 2947 3359 3011 αὐτοὺς
3411 2946 3612 3018 ἔχουσα
3655 2945 3820 2999 Πυθα-

2249 3032 2416 3103 γόρου
2441 3048 2501 3085 τε
2523 3033 2817 3099 ἀκουστὰς,
2846 3034 2939 3086 καὶ
2963 3033 3071 3087 τῶν
3088 3034 3294 3089 πόλεων
3319 3036 3624 3108 ἁρμοστὰς,
3651 3033 3821 3095 Ἑλλὰς

2246 3127 2283 3197 ἡ
2319 3123 2528 3196 μεγάλη
2566 3125 3040 3197 προσηγορεύετοο
3092 3127 3189 3181 καὶ
3223 3126 3374 3197 μάλα
3411 3129 3470 3180 ἐν
3511 3128 3667 3202 δίκην
3700 3124 3821 3196 παρ’

550 3230 834 3285 civitatum
894 3231 1163 3285 rectores,
1196 3219 1388 3290 Magna
1447 3216 1659 3273 Graecia
1710 3211 2142 3286 cognominaba-

2248 3211 2329 3282 οἷς
2352 3215 2650 3289 Χαρώνδας
2682 3218 2781 3289 μὲν
2822 3218 3153 3288 ἐνομοθέτει,
3181 3220 3276 3272 καὶ
3306 3220 3602 3284 Ζάλευκος,
3642 3221 3822 3289 ἐστρα-

551 3332 642 3374 tur
674 3338 687 3373 :
716 3333 815 3374 nec
846 3315 903 3372 id
951 3314 1196 3385 injuria;
1227 3311 1428 3381 quippe
1464 3322 1589 3363 cum
1626 3304 1771 3376 apud
1823 3320 1918 3361 eas
1951 3311 2142 3375 gentes

550 3412 875 3470 Charondas
913 3409 1133 3480 quidem
1192 3414 1245 3461 et
1280 3403 1548 3466 Zaleucus
1594 3403 1738 3473 leges
1785 3398 2087 3454 conderent
2125 3415 2138 3451 :

550 3509 822 3563 bellorum
857 3512 1040 3561 autem
1074 3501 1244 3555 duces
1279 3505 1464 3554 essent
1493 3495 1749 3566 Archytae
1772 3502 1826 3549 ct
1855 3489 2091 3545 Philolai
2125 3505 2160 3562 ι,

551 3599 810 3669 princeps
864 3601 1049 3659 autem
1100 3590 1190 3645 ille
1247 3595 1687 3642 astronomorum
1731 3580 1968 3635 Timams
2018 3573 2142 3630 urbi

551 3667 941 3761 praeﬁceretur,
988 3690 1045 3740 et
1092 3682 1392 3753 legationes
1434 3678 1647 3741 obiret,
1691 3674 1924 3742 aliisque
1964 3667 2143 3723 civilis

551 3760 1056 3841 administrationis
1096 3774 1423 3829 muneribus
1456 3773 1773 3838 iungeretur
1803 3783 1816 3818 :
1842 3777 1953 3833 quo
1974 3760 2140 3817 etiam

550 3881 777 3928 auctore
802 3870 954 3925 Plato
986 3866 1146 3922 nobis
1175 3868 1245 3921 de
1271 3863 1463 3919 mundi
1497 3870 1692 3916 natura
1713 3855 2142 3928 disputationem

550 3962 959 4022 instituit.Cum
977 3957 1352 4030 igiturhorum
1373 3954 1495 4011 fidei
1528 3967 1675 4022 resp.
1703 3945 2139 4009 creditafuisset,

551 4058 619 4112 ad
672 4069 872 4111 nonam
925 4066 1102 4121 usque
1140 4063 1170 4103 a
1208 4049 1515 4120 Pythagora
1563 4052 1801 4103 aetatem.
1833 4041 2045 4098 beatam
2078 4051 2143 4091 ac

563 4151 850 4203 ﬂorentem
882 4144 1091 4200 Italiam
1136 4149 1557 4198 conservarunt.
1602 4137 1670 4193 Et
1711 4145 1862 4193 certe
1901 4132 2142 4189 Eleatica

547 4240 776 4296 Athenis
802 4238 992 4294 schola
1023 4236 1239 4292 litteras
1270 4233 1436 4289 simul
1463 4242 1710 4294 etarma,
1748 4230 1865 4301 pari
1898 4227 2130 4292 honore,

549 4350 698 4391 cura:
730 4332 943 4389 habuit.
975 4330 1110 4386 Nam
1141 4328 1287 4384 haud
1332 4326 1495 4383 facile
1545 4323 1925 4381 numeraveris
1975 4334 2142 4392 quam

548 4429 752 4486 mutas
776 4423 1093 4498 tyrannides
1128 4422 1277 4478 Zeno
1307 4419 1600 4485 exciderit,
1633 4427 1839 4473 etcum
1877 4414 2142 4470 adversus

548 4537 646 4578 ess
678 4521 929 4576 saniores
959 4517 1242 4573 civitatum
1265 4522 1448 4586 partes
1461 4513 1814 4569 concitasset.
1833 4507 2137 4578 Xenophon

2244 3310 2448 3381 τήγουν
2479 3309 2537 3363 δὲ
2588 3309 2852 3380 Ἀρχύται
2894 3309 2991 3364 καὶ
3021 3309 3291 3377 Φιλόλαοι,
3343 3313 3374 3366 ὀ
3422 3314 3481 3367 δὲ
3522 3314 3824 3384 ἀστρονομι-

2244 3399 2488 3463 κώτατος
2520 3400 2750 3471 Τίμαιος
2784 3401 3100 3474 ἐπολιάρχει
3123 3400 3235 3473 [γρ.
3264 3403 3641 3475 ἐπολιτάρχει]
3666 3419 3720 3455 τε
3744 3398 3824 3453 καὶ

2243 3489 2565 3563 ἐπρέσϐευε,
2599 3491 2693 3546 καὶ
2716 3487 2887 3546 τᾶλλα
2916 3493 3261 3555 ἐπολιτεύετο
3280 3512 3294 3523 ’
3328 3496 3467 3567 παρ’
3499 3490 3561 3549 οὒ
3589 3494 3681 3549 καὶ
3706 3492 3828 3549 [1λά-

2241 3600 2350 3638 των
2390 3586 2525 3656 ἡμῖν
2581 3584 2709 3657 περὶ
2756 3584 2963 3656 κόσμου
3004 3585 3221 3654 φύσεως
3268 3586 3612 3659 διαλέγεται.
3677 3582 3824 3640 Ταῦτ’

2242 3677 2353 3747 ἄρα
2398 3676 2595 3748 μέχρις
2637 3678 2832 3748 ἐνάτης
2873 3679 2982 3733 ἀπὸ
3014 3677 3333 3751 Πυθαγόρου
3357 3684 3556 3750 γενεᾶς
3595 3679 3661 3733 τά
3690 3675 3827 3737 κοινὰ

2244 3768 2654 3834 πιστευθέντες,
2699 3768 2992 3833 εὐδαίμονα
3036 3770 3137 3843 τὴν
3196 3771 3433 3826 Ἰταλίαν
3487 3772 3823 3842 διετήρησαν·

2244 3862 2340 3915 καὶ
2368 3862 2472 3933 μὴν
2491 3863 2551 3917 τὸ
2588 3862 2924 3917 Ἐλαιατικὸν
2961 3862 3217 3935 Ἀθήνῃσι
3244 3864 3645 3927 διδασκαλεῖον,
3670 3862 3834 3928 λόγων

2241 3970 2301 4007 τε
2331 3953 2450 4025 ἅμα
2497 3954 2589 4008 καὶ
2622 3954 2803 4009 ὅπλων
2853 3956 3129 4026 ύμοτίμως
3162 3956 3611 4028 ἐπεμελήθησαν.
3662 3953 3829 4023 Ζήνων

2240 4062 2301 4098 τε
2329 4045 2437 4117 γάρ
2462 4046 2571 4101 οὐδ’
2599 4046 2665 4101 ἂν
2697 4047 3030 4119 ἀριθμήσαις
3072 4046 3270 4119 ῥᾳδίως
3313 4048 3449 4109 ὅσας
3489 4044 3713 4113 ἐξέκοψε
3743 4056 3828 4092 τυρ

2246 4138 2513 4210 ραννίδας,
2544 4138 2798 4205 συνιστὰς
2821 4139 2907 4192 ἐπ’
2931 4139 3101 4202 αύτᾶς
3126 4138 3238 4211 [γρ.
3264 4136 3486 4209 αὑταῖς]
3513 4138 3574 4189 τὸ
3606 4134 3831 4203 ὑγιαῖνον

2241 4229 2350 4282 τῶν
2404 4229 2630 4284 πόλεων.
2687 4231 2797 4285 Καὶ
2847 4227 3099 4299 Ξενοφῶν
3142 4229 3529 4301 ἀπειρηκότας
3582 4228 3685 4281 ὑπὸ
3733 4222 3830 4276 τῶν

2244 4319 2544 4391 συμφορῶν
2579 4319 2673 4373 καὶ
2706 4318 3054 4383 θανατῶντας
3095 4319 3195 4391 ἤδη
3226 4320 3355 4384 τοὺς
3386 4319 3619 4391 μυρίους
3668 4328 3837 4383 πικρῶν⁴

2240 4412 2444 4477 λαϐὼν,
2480 4412 2576 4465 ἀπ’
2608 4412 2782 4483 ἄκρας
2805 4412 2911 4481 τῆς
2945 4410 3173 4483 Περσῶν
3206 4410 3575 4483 ἐπικρατείας
3608 4407 3832 4478 κατήγα-

2242 4520 2305 4572 γε
2328 4504 2593 4568 νικῶντας
2623 4502 2768 4557 ἅπαν
2796 4503 2857 4556 τὸ
2894 4503 3281 4573 ὑφιστάμενον.
3308 4504 3377 4556 Τί
3408 4503 3454 4556 δ’
3478 4503 3545 4557 ἄν
3577 4520 3660 4564 τις
3683 4500 3830 4557 είποιν

548 4620 733 4667 autem
757 4609 947 4666 decem
993 4606 1225 4661 millium
1274 4604 1601 4669 exercitum,
1638 4602 1731 4673 qui
1780 4599 1886 4657 sub
1916 4596 2142 4653 calami-

2245 4597 2327 4663 τὸ,
2374 4596 2551 4650 Δίωνα
2583 4594 2675 4648 ἐπὶ
2710 4596 2809 4665 τὴν
2835 4592 3108 4649 Διονυσίου
3146 4593 3453 4664 μοναρχίαν
3491 4593 3690 4654 ἐλθεῖν,
3727 4587 3833 4640 δου-

549 4705 758 4760 tatibus
797 4702 1223 4771 chperassent,
1281 4708 1336 4753 et
1383 4694 1632 4768 oppressi
1676 4693 1790 4764 jam
1846 4688 2143 4747 occubuis-

550 4803 698 4860 sent,
751 4795 821 4849 ah
865 4804 1114 4848 extrema
1166 4791 1323 4860 regni
1369 4787 1582 4843 Persici
1613 4800 1711 4841 ora
1758 4793 2017 4854 acceptos
2056 4797 2143 4837 rc—

548 4887 730 4950 duxit,
772 4885 1057 4940 vincentes
1084 4898 1250 4938 omne
1272 4879 1425 4952 quod
1455 4879 1593 4951 ipsis
1638 4879 2045 4932 adversaretur.
2076 4875 2145 4925 At

546 4977 715 5050 309
746 4978 876 5049 quid
906 4976 1019 5047 jam
1060 4975 1131 5031 de
1162 4972 1340 5029 Dione
1369 4971 1574 5042 aliquis
1630 4971 1801 5032 dicat,
1831 4966 1977 5038 quod
2009 4964 2144 5019 adiit

549 5070 798 5142 Dionysii
846 5068 1263 5140 principatum:
1299 5063 1391 5134 qui
1417 5063 1641 5119 Graecas
1679 5058 1901 5131 quidem
1961 5055 2016 5109 in
2047 5052 2136 5108 Si-

548 5165 676 5219 cilia
707 5163 879 5218 urbes
914 5159 1167 5217 servituti
1217 5157 1527 5220 addixerat,
1573 5169 1756 5226 neque
1790 5150 2035 5222 potentia
2086 5157 2140 5204 ct

549 5256 881 5310 auctoritate
939 5252 1200 5308 minimas
1244 5265 1274 5305 e
1334 5248 1639 5313 Barharis;
1672 5255 1805 5299 tum
1853 5240 2139 5312 Carthagi-

550 5350 804 5405 nensium
853 5348 1058 5401 fastum
1091 5340 1613 5414 depresserat;jam
1662 5352 1797 5392 vero
1840 5348 2019 5405 usque
2068 5331 2137 5387 ad

549 5457 703 5499 oram
741 5440 1075 5494 maritimam
1116 5437 1285 5492 Italiae
1327 5431 1730 5505 grassabatur?
1758 5430 1962 5485 Contra
1992 5431 2135 5485 hanc

549 5529 926 5586 momrchiam
966 5528 1215 5583 collectis
1261 5535 1619 5581 externorum
1654 5521 1852 5591 copiis,
1886 5520 2151 5576 Platonis

548 5623 639 5678 ille
661 5630 893 5684 amator,
949 5630 1002 5676 et
1037 5636 1065 5677 a
1112 5619 1336 5674 Platone
1399 5623 1636 5680 amatus,
1689 5630 1812 5670 cum
1863 5613 1915 5668 in
1964 5628 2132 5667 unam

551 5726 766 5773 navem,
795 5720 849 5764 et
875 5712 1024 5765 illam
1053 5708 1270 5780 quidem
1305 5703 1620 5772 rotundam,
1653 5713 1825 5759 totum
1850 5704 2131 5757 sociorum

2245 4686 2571 4757 λωσαμένην
2592 4688 2690 4757 μὲν
2712 4687 2810 4750 τὰς
2837 4684 3147 4758 Ἑλληνίδας
3177 4687 3233 4739 ἐν
3265 4684 3495 4757 Σικελίᾳ
3527 4683 3727 4743 πόλεις,
3746 4678 3835 4730 ούκ

2247 4777 2537 4848 ἐλαχίστας
2577 4777 2634 4831 δὲ
2665 4780 2724 4831 ἐν
2752 4779 2897 4850 ἀρχῇ
2933 4776 3045 4849 [γρ.
3079 4776 3242 4848 αὐτῇ]
3273 4776 3368 4831 καὶ
3413 4776 3756 4849 βαρϐάρους-
3782 4768 3839 4821 τὸ

2245 4869 2301 4922 δὲ
2327 4868 2718 4940 Καρχηδονίων
2746 4868 3000 4938 φρόνημα
3044 4865 3409 4928 καθελοῦσαν,
3443 4862 3833 4937 ἐπινεμομένην

2245 4961 2302 5015 δὲ
2336 4962 2439 5031 ἤδη
2467 4962 2566 5031 τῆς
2612 4959 2841 5023 Ἰταλίας
2869 4958 2969 5030 τὴν
2994 4958 3303 5032 παραλίαν;
3343 4958 3493 5012 Ἀλλ’
3524 4959 3618 5011 ἐπὶ
3649 4953 3836 5019 ταύτην

2247 5052 2608 5123 ξενολογήσας
2640 5053 2668 5103 ὁ
2699 5051 2985 5114 Πλάτωνος
3026 5051 3260 5122 ἐραστὴς
3295 5050 3396 5104 καὶ
3436 5049 3735 5122 ἐρώμενος,
3768 5043 3837 5094 ἐνὶ

2246 5146 2416 5217 πλοίῳ
2463 5146 2559 5198 καὶ
2603 5144 2776 5216 τούτῳ
2832 5144 3146 5217 στρογγύλῳ
3195 5145 3255 5197 τὸ
3307 5141 3672 5215 συμμαχικὴν
3708 5140 3837 5193 ἅπαν

2245 5239 2584 5311 ἐμϐιϐάσας,
2648 5240 2717 5308 τῇ
2780 5237 3002 5307 Σικελία
3064 5234 3505 5308 προσέπλευσεν.
3572 5233 3684 5286 Καὶ
3743 5225 3838 5280 ἀπ’)

2241 5332 2345 5403 τῆς
2378 5330 2644 5401 τοσαύτης
2671 5330 3030 5401 παρασκευῆς
3058 5328 3335 5389 Διονύσιος
3371 5326 3477 5397 μέν
3505 5320 3836 5397 ἐξηλαύνετο.

2240 5426 2343 5495 τὴν
2370 5422 2649 5478 πολιτείαν
2679 5423 2736 5476 δέ
2763 5418 2902 5477 Δίων
2931 5420 3433 5494 μετεσχημάτιζεν,
3466 5417 3751 5476 ἀποδιδοὺς
3779 5409 3841 5478 τῇ

2242 5516 2351 5570 τῶν
2395 5514 2579 5586 νόμων
2620 5513 2892 5587 ἡγεμονίᾳ
2916 5516 3020 5578 τὰς
3067 5514 3273 5577 πόλεις.
3326 5511 3498 5565 Οὕτω
3546 5509 3714 5563 πάλαι
3754 5502 3841 5573 μὲν

2245 5606 2588 5676 συνεγίνοντο
2634 5607 2924 5676 φιλοσοφία
2989 5607 3081 5659 καὶ
3146 5605 3427 5672 πολιτεία,
3482 5605 3581 5658 καὶ
3636 5593 3841 5653 ἐπειδὰν

2245 5699 2567 5765 συνέλθοιεν,
2606 5697 2832 5753 τοιαῦτα
2858 5692 3197 5771 εἰργάζοντο.

549 5802 850 5857 exercitum
905 5804 1254 5863 collocasset,
1306 5801 1361 5854 in
1425 5797 1671 5854 Siciliam
1730 5796 2097 5867 adnavigavit.
2175 5795 2257 5851 Ab
2317 5795 2421 5849 hoc
2478 5793 2646 5862 igitur
2715 5800 2869 5846 tanto
2936 5801 3206 5863 apparatu
3267 5798 3324 5848 et
3390 5788 3693 5862 Dionysius
3750 5792 3839 5835 CX‘

549 5900 743 5967 pulsus
771 5895 892 5963 fuit,
924 5902 979 5955 et
1008 5906 1124 5950 tum
1166 5912 1339 5966 remp.
1380 5896 1475 5952 Dio
1503 5898 1558 5951 in
1610 5895 2046 5966 praestantiorem
2104 5892 2335 5949 formam
2381 5890 2618 5961 redegit,
2685 5905 2809 5946 cum
2861 5890 3040 5961 legum
3097 5887 3333 5970 imperio
3378 5890 3641 5945 civitates
3698 5876 3842 5939 resli°
