4134 6458
372 380 503 436 1381

1518 382 1606 437 DE
1635 382 1820 441 DONO
1859 385 2278 443 ASTROLABII
2312 385 2568 445 SERMO.

3532 393 3552 448 Ι
3565 391 3688 449 589‘

371 501 574 552 tueret.
621 492 700 549 Ita
744 492 968 550 sociatae
1018 494 1148 551 olim
1196 494 1550 567 philosophia
1593 503 1648 552 et
1694 497 1880 553 civilis
1920 497 2329 555 administratio
2367 497 2540 565 fuere,
2585 507 2638 556 et
2678 501 2770 556 ubi
2819 502 2901 558 sic
2967 506 3303 572 convehere,
3341 511 3523 563 tantas
3577 522 3670 563 res

370 588 770 657 praestiterunt.

445 679 661 752 Ὠσπερ
698 679 756 733 δὲ
795 679 864 734 τὰ
895 680 1034 735 ἄλλα
1065 679 1133 735 τὰ
1179 681 1320 736 κα.λά
1355 681 1452 736 καὶ
1499 683 1696 754 σεμνὰ,
1732 683 1857 738 καθ’
1894 675 1964 740 ὧν

2147 674 2344 741 Porro,
2387 673 2533 732 sicut
2562 675 2683 731 alia:
2719 692 2809 734 res
2845 677 3094 736 honestae
3125 687 3179 736 et
3213 696 3432 752 graves,
3471 683 3671 742 adver-

371 771 628 827 ἀπάντων
656 773 686 825 ὀ
717 773 910 844 χρόνος
939 774 1318 829 ἐνεανιεύσατο
1344 792 1358 806 ο
1392 775 1486 829 καὶ
1511 774 1670 829 τοῦτο
1709 776 1968 830 κατιόντα

369 863 461 917 τὸν
495 862 610 932 βίον
645 863 880 916 ἀπέλιπε
933 864 996 917 τὸ
1035 865 1209 920 διττὸν
1253 862 1412 932 εἶδος,
1448 868 1541 921 καὶ
1583 866 1964 939 κατεχωρίσθη

335 1021 344 1033 _
370 955 526 1029 παρά
547 955 639 1010 τὸν
663 957 911 1028 ὕστερον.
944 959 1249 1030 Τοιγαροῦν
1269 960 1390 1013 οὐδὲ
1420 962 1569 1026 ἄξιον
1595 961 1791 1024 εἰπεῖν,
1818 961 1967 1024 ὅπως

2074 784 2172 825 sus
2207 784 2348 840 quas
2379 769 2672 826 universas
2703 777 2924 841 tempus
2956 773 3066 826 vim
3123 775 3460 842 petulantem
3509 792 3670 833 exer-

2073 860 2190 915 cuit
2251 879 2266 915 :
2331 860 2406 915 ita
2446 862 2550 917 hoc
2589 861 2756 916 etiam
2797 861 2999 930 duplex
3053 879 3227 934 genus
3275 865 3665 924 succedentem

2071 952 2600 1008 hon'iinumretatem
2655 954 2928 1019 destituit,
2979 965 3032 1010 et
3071 972 3100 1009 a
3158 959 3396 1027 posteris
3439 959 3542 1014 fuit
3576 977 3666 1016 se-
3767 996 3769 999 ι

337 1043 340 1046 ’
367 1050 483 1122 ἔχει
503 1053 613 1115 τοῖς
635 1051 944 1124 ἀνθρώποις
962 1052 1029 1106 τὰ
1058 1053 1377 1124 πράγματα.
1403 1054 1495 1126 Μὴ
1522 1053 1632 1126 γὰρ
1650 1055 1785 1108 διότι
1807 1053 1964 1108 τοῦτο

2069 1045 2346 1115 junctum.
2381 1045 2643 1102 lndenam
2691 1063 2825 1120 ergo
2867 1064 2936 1104 ne
2988 1049 3100 1104 dici
3165 1052 3386 1120 quidem
3436 1053 3671 1111 honeste

369 1145 464 1199 καὶ
519 1140 690 1198 τᾶλλα
741 1147 888 1217 ἡμᾶς
924 1145 1280 1199 ἀπολέλοιπεν
1325 1147 1542 1214 άγαθά;
1587 1147 1675 1210 Ὡς
1713 1146 1866 1200 οὐδὲν
1899 1146 1967 1202 ἂν

368 1239 579 1307 γένοιτο
612 1237 801 1291 πόλεσι
831 1237 1152 1308 δυστύχημα
1177 1237 1502 1308 μεῖζον,“τοῦ
1529 1238 1589 1292 τὸ
1618 1238 1716 1309 μὲν
1746 1238 1968 1309 ἰσχυρὸν

366 1327 596 1398 ἀνόητον
629 1326 795 1398 ἔχειν,
822 1327 881 1380 τὸ
909 1328 956 1381 δ’
983 1328 1218 1400 ἔμφρον,
1267 1329 1549 1386 ἀδύνατον.
1598 1330 1736 1384 Ἀλλ’
1781 1331 1967 1395 ἔοικας

366 1419 476 1492 γὰρ
521 1420 685 1483 αὐτὸς
727 1419 916 1492 ἄρξειν
953 1420 1058 1494 [ῐσ.
1113 1421 1319 1494 ἄρξων]
1367 1424 1667 1493 ἐπανάγειν
1701 1427 1834 1496 ήμῖν
1873 1425 1965 1480 τὸν

369 1513 711 1584 συνδυασμδν
757 1513 971 1568 τοῦτον.
1009 1515 1092 1569 Τά
1124 1533 1184 1568 τε
1229 1516 1339 1588 γὰρ
1371 1517 1527 1571 κοινά
1580 1519 1840 1590 πράττειν
1873 1537 1966 1572 πι-

367 1606 534 1680 στεύῃ
559 1605 669 1680 [γρ.
695 1607 1005 1682 πιστεύῃς].
1039 1610 1134 1663 καὶ
1156 1609 1475 1679 φιλοσοφίαν
1499 1612 1600 1664 οίει
1629 1611 1739 1666 δεῖν
1768 1613 1964 1683 ἐπιτη-

363 1697 564 1752 δεύειν.
612 1697 769 1753 Βάλλ’
793 1698 988 1766 οὕτως,
1006 1701 1083 1766 ὡς
1107 1701 1299 1771 ἀγῶνα
1336 1702 1501 1756 καλὸν
1521 1703 1663 1775 ύπέρ
1689 1721 1750 1757 τε
1780 1704 1963 1775 ἡμῶν,

364 1791 511 1862 ὑπέρ
554 1809 614 1845 τε
660 1790 890 1847 Μουσῶν
943 1794 1210 1868 ἀγωνίζῃ,
1254 1795 1348 1849 τοῦ
1396 1796 1470 1868 μή
1509 1813 1630 1849 τινα
1677 1796 1848 1860 αὐτὰς
1889 1796 1965 1860 ὡς

364 1883 686 1956 ἀπράκτους
736 1886 831 1938 καὶ
874 1887 1102 1957 ἄχειρας
1153 1889 1361 1960 ἀγορᾶς
1415 1905 1475 1941 τε
1523 1889 1618 1942 καὶ
1671 1889 1965 1959 στρατείας

363 1976 711 2041 ἀπελαύνειν,
744 1977 840 2031 ἀτε
892 1979 1060 2050 μηδὲν
1107 1981 1207 2049 μὲν
1253 1980 1447 2051 ὄφελος
1493 1979 1660 2044 οὔσας
1690 1984 1747 2044 ἐς
1780 1981 1880 2045 τὰς
1905 1984 1964 2036 ἐν

2071 1145 2259 1209 queat,
2285 1153 2395 1209 quo
2429 1139 2594 1194 modo
2621 1155 2712 1196 res
2741 1140 3000 1196 humanae
3025 1157 3083 1198 se
3109 1142 3366 1198 habeant.
3407 1144 3670 1216 Nunquid

2070 1245 2200 1283 vero
2253 1245 2321 1286 ex
2378 1247 2444 1287 eo
2506 1233 2656 1303 quod
2705 1233 2823 1287 haec
2875 1241 2930 1288 et
2986 1235 3094 1288 alia
3143 1250 3247 1291 nos
3301 1238 3671 1294 deseruerunt

2068 1326 2258 1381 bona?
2301 1324 2463 1380 Nulla
2506 1325 2781 1397 siquidem
2821 1327 3058 1384 urbibus
3107 1332 3432 1401 contingere
3485 1343 3668 1403 potest

2068 1420 2291 1491 gravior
2327 1420 2642 1486 calamitas,
2674 1435 2842 1491 quam
2883 1421 2930 1476 si
2974 1422 3144 1476 robur
3180 1424 3419 1478 habeant
3470 1430 3670 1482 mentis

2069 1515 2229 1585 inops
2277 1522 2331 1568 et
2368 1513 2718 1584 prudentiam
2769 1515 2890 1569 sine
2945 1514 3178 1570 viribus.
3234 1519 3305 1571 At
3351 1519 3502 1572 enim
3553 1519 3672 1589 ipse

2068 1607 2176 1662 hoc
2201 1621 2499 1678 aggressus
2533 1607 2759 1672 videris,
2792 1615 2853 1662 ut
2882 1609 3140 1678 copulam
3185 1610 3326 1665 hanc
3351 1612 3419 1665 ad
3449 1627 3552 1668 nos
3585 1627 3674 1668 re-

2069 1717 2256 1757 voces.
2289 1699 2426 1754 Nam
2461 1708 2514 1756 et
2567 1701 2785 1772 publica
2817 1702 3037 1772 negotia
3072 1703 3172 1757 tibi
3218 1706 3668 1771 committuntur,

2068 1801 2124 1848 et
2172 1793 2537 1864 philosophia:
2588 1808 2814 1864 operam
2873 1793 3115 1848 dandam
3172 1811 3298 1851 esse
3349 1798 3667 1853 existimas.

2069 1885 2186 1942 llac
2225 1903 2408 1959 perge,
2454 1895 2632 1942 macte
2672 1888 2880 1954 animo,
2931 1895 2990 1941 ut
3049 1889 3346 1958 pulchrum
3385 1902 3668 1948 certamen

2069 1997 2170 2053 pro
2210 1983 2374 2037 nobis
2413 1995 2467 2037 et
2525 1997 2624 2052 pro
2659 1982 2831 2038 Musis
2866 1981 3141 2046 decet-tes,
3189 2000 3258 2038 ne
3302 1984 3429 2054 quis
3473 1984 3576 2040 has
3610 1993 3671 2040 ut

364 2068 619 2140 ὑπαίθρῳ
667 2070 929 2142 πράξεις,
979 2071 1197 2143 κομψάς
1241 2073 1298 2126 δὲ
1337 2073 1648 2146 παιδαρίοις
1683 2074 1963 2146 προσαθύ-

2070 2089 2266 2142 vanas,
2301 2074 2613 2130 ineliicaces
2657 2083 2711 2130 et
2760 2087 3007 2141 maneas,
3047 2075 3169 2130 foro
3227 2078 3540 2147 militiaque
3569 2093 3661 2133 ex-

366 2177 482 2231 ρειν
520 2176 580 2214 τε
607 2161 700 2214 καὶ
743 2162 1177 2232 στωμύλλεσθαι.
1214 2164 1323 2218 Καὶ
1369 2166 1517 2235 ἡμᾶς
1565 2182 1648 2220 σοι
1693 2167 1964 2238 προσήκει

364 2254 523 2324 χεῖρα
552 2253 771 2325 ὀρέγειν
820 2254 1119 2320 ἑκάστους,
1161 2257 1263 2328 ὅση
1290 2256 1541 2328 δύναμις.
1575 2258 1732 2312 Οὕτω
1757 2257 1866 2330 γὰρ
1901 2259 1967 2312 ἂν

365 2343 432 2398 σύ
479 2362 540 2400 τε
587 2347 1034 2418 ἀπειργασμένος
1070 2349 1189 2418 εἴης
1225 2349 1324 2419 οὐχ
1355 2350 1617 2421 ἡμιτελὴς
1651 2351 1814 2419 σοφὸς
1843 2349 1966 2404 οὐδὲ

364 2437 610 2504 κολοϐὸς,
642 2439 734 2492 ἐπὶ
776 2439 948 2511 μόνης
983 2440 1278 2512 ὀχούμενος
1315 2442 1416 2511 τῆς
1453 2445 1692 2514 φυσικῆς
1728 2443 1965 2513 ὑποσχέ-

365 2549 504 2596 σεως
530 2549 544 2566 ο
576 2535 643 2604 τῇ
685 2551 744 2587 τε
781 2533 1026 2606 πολιτεία
1058 2534 1242 2598 καλῶς
1273 2533 1337 2589 ἂν
1379 2535 1491 2607 ἔχοι
1521 2536 1672 2606 παρά
1709 2535 1967 2589 τοιούτων

363 2623 862 2695 ἐπιτροπεύεσθαι,
900 2626 994 2679 καὶ
1033 2627 1198 2698 ἡμεῖς
1235 2627 1563 2699 όνησόμεθα,
1591 2627 1757 2700 τιμὴν
1786 2627 1846 2694 ἐξ
1873 2629 1969 2682 ἀν-

362 2715 602 2787 θρώπων
629 2717 920 2789 φιλοσοφίᾳ
946 2718 1386 2790 μνηστεύσαντες
1423 2719 1564 2790 μετά
1586 2719 1677 2773 τοῦ
1703 2719 1886 2791 μένειν
1909 2723 1966 2772 ὲν

363 2809 524 2880 ήθεσι
559 2809 881 2881 πρέπουσιν.
919 2811 957 2862 Γ
959 2811 1135 2863 ένοιτο
1173 2810 1284 2882 γάρ
1330 2810 1396 2865 ἂν
1432 2810 1604 2876 οὕτως
1656 2812 1808 2876 εἰκὸς
1841 2814 1966 2866 τού-

365 2903 583 2957 ναντίον
629 2902 708 2974 τῷ
748 2904 931 2976 μικρῷ
979 2906 1218 2979 πρόσθεν
1266 2907 1469 2973 εἰκότι,
1519 2907 1608 2960 ὅτε
1639 2909 1707 2979 τῇ
1739 2907 1837 2978 μὲν
1869 2908 1963 2962 τοῦ

365 2996 609 3068 πλήθους
638 2996 852 3068 ἀμαθίᾳ
899 2999 962 3052 τὸ
995 3000 1310 3070 σοφιστικὸν
1361 3000 1527 3072 φῦλον
1555 2999 1817 3072 ἐλέγομεν
1847 3002 1968 3055 ἐπι-

363 3092 612 3148 τίθεσθαι
633 3109 646 3120 ·
678 3093 743 3146 ἐκ
771 3091 828 3145 δὲ
856 3090 1068 3160 τούτου,
1107 3093 1427 3165 συμϐαίνειν
1455 3094 1583 3157 τοὺς
1623 3093 1843 3165 ἀληθεῖς
1879 3111 1967 3163 φι-

363 3188 621 3259 λοσοφίας
671 3188 1042 3258 συντρόφους,
1095 3188 1320 3244 ἔλαττον
1364 3188 1511 3260 ἔχειν
1537 3189 1616 3251 είς
1653 3187 1812 3253 δόξαν
1855 3187 1965 3242 ὠν

366 3279 776 3352 ὑποὸολιμαίων
804 3283 901 3335 καὶ
937 3281 1408 3352 παρεγγράπτων.
1457 3279 1597 3333 Ἀλλ’
1627 3280 1756 3334 ὅταν
1785 3282 1835 3334 οἱ
1865 3280 1965 3345 τὰς

363 3373 542 3445 ἀρχὰς
580 3374 862 3445 ἄρχοντες,
913 3373 1008 3426 καὶ
1051 3373 1141 3427 διά
1180 3372 1364 3445 χειρὸς
1397 3371 1612 3443 ἔχοντες
1639 3372 1706 3424 τὰ
1733 3371 1841 3425 τῶν
1873 3373 1966 3426 πό-

365 3465 502 3520 λεων
541 3468 868 3540 πράγματα,
908 3466 985 3540 μὴ
1011 3466 1104 3521 τοῦ
1145 3465 1386 3537 πλήθους
1420 3460 1577 3530 ὦσιν,
1610 3466 1724 3519 ἀλλ’
1765 3465 1962 3536 ἔχωσιν

362 3559 511 3623 νοῦν,
543 3561 684 3632 ταχὺ
731 3559 1124 3629 διαγνώσονται
1164 3558 1253 3612 τὸν
1288 3558 1444 3612 νόθον
1484 3573 1544 3612 τε
1581 3558 1675 3612 καὶ
1716 3557 1806 3610 τὸν
1829 3558 1964 3628 γνή-

366 3670 513 3708 σιονο
550 3654 648 3710 καὶ
694 3655 795 3709 οὐκ
823 3651 898 3707 ἔτ’
940 3652 1006 3708 ἂν
1036 3652 1290 3724 χαλεπῶς
1329 3653 1358 3705 ὁ
1405 3650 1574 3721 δῆμος
1605 3651 1705 3721 τὴν
1745 3649 1962 3721 ἀπάτην

367 3745 832 3817 μεταδιδάσκοιτο.
868 3747 947 3801 Οὐ
988 3746 1099 3818 γάρ
1150 3747 1324 3800 εἰπεῖν
1360 3764 1412 3800 τι
1450 3745 1531 3798 δεῖ
1568 3744 1706 3816 πρὸς
1740 3743 1959 3806 αὐτοὺς,

362 3837 479 3892 ἀλλ’
518 3837 755 3910 ἀφανείᾳ
801 3838 1102 3910 διαγράψαι
1145 3838 1271 3902 τοὺς
1306 3837 1617 3910 κιϐδήλους.
1655 3836 1766 3890 Καὶ
1801 3835 1973 3906 φύσις.

364 3931 483 3984 ἐστὶ
519 3930 609 3986 διὰ
639 3931 740 4001 τῆς
785 3931 895 3985 τῶν
947 3931 1272 4004 ἀρχομένων
1321 3929 1780 4001 συγκαταθέσεως
1827 3928 1961 3983 θαυ-

366 4022 635 4094 μάζεσθαι
661 4023 723 4076 τὸ
748 4022 1082 4095 ἡγούμενονο
1115 4025 1236 4078 ἐπεὶ
1273 4024 1368 4077 καὶ
1399 4023 1495 4076 νῦν
1523 4023 1622 4093 ούχ
1659 4021 1859 4093 ἥκιστα
1894 4024 1960 4094 τῇ

362 4115 474 4169 τῶν
515 4116 857 4186 πραγμάτων
900 4117 1103 4188 ἀτοπίᾳ
1158 4117 1218 4171 τὸ
1273 4115 1481 4187 πλῆθος
1527 4115 1794 4184 ἑπόμενον
1835 4116 1962 4179 τοὺς

365 4205 772 4277 ἀκερσεκόμας,
819 4207 918 4260 καὶ
955 4207 1167 4272 πάντας
1209 4208 1336 4271 τοὺς
1377 4206 1716 4278 τολμῶντας,
1770 4222 1962 4277 περιτ-

363 4300 491 4363 τοὺς
520 4298 584 4372 δή
611 4315 764 4364 τινας
786 4300 1020 4371 ἥγηνται
1039 4315 1054 4330 θ
1083 4299 1153 4354 τά
1182 4317 1242 4353 τε
1274 4299 1409 4355 ἄλλα
1440 4297 1808 4369 ποικιλώτερα
1827 4297 1960 4369 γένη

363 4392 474 4445 τῶν
500 4391 1084 4464 σοφιστῶνγμονονουχὶ
1111 4393 1362 4447 σέϐονταί
1384 4411 1445 4447 τε
1473 4393 1569 4446 καὶ
1599 4392 1841 4456 ἅζονται,
1867 4391 1962 4445 καὶ

366 4483 606 4554 μάλιστα
648 4481 829 4537 αὐτῶν
861 4484 976 4537 ὅσοι
1017 4483 1261 4554 βαίνουσι
1296 4482 1538 4555 κορύνῃ.
1580 4481 1675 4535 καὶ
1720 4479 1828 4553 πρὸ
1866 4480 1960 4534 τοῦ

365 4577 701 4646 φθέγξασθαι
741 4578 1139 4649 χρέμπτονται.
1185 4575 1398 4632 Οὐκοῦν
1435 4578 1526 4630 καὶ⁸
1562 4574 1854 4647 βοηθήσεις
1893 4579 1961 4645 τῇ

363 4670 503 4741 τύχῃ
535 4669 885 4740 φιλοσοφίας,
918 4670 1033 4725 ἀλλ’
1073 4671 1133 4724 οὐ
1175 4669 1581 4742 κατηγορήσεις
1612 4668 1786 4739 αὐτῆς
1809 4667 1964 4722 οὐδὲν

2070 2167 2262 2238 agitet,
2295 2182 2358 2222 ac
2393 2167 2440 2223 si
2487 2167 2626 2221 nihil
2663 2168 3041 2223 conducerent
3081 2169 3150 2223 ad
3177 2169 3355 2225 serias
3392 2171 3665 2237 actiones,

2067 2276 2193 2331 qua:
2219 2259 2324 2316 sub
2347 2267 2540 2330 aperto
2569 2261 2710 2315 coelo
2741 2268 3033 2331 geruntur,
3061 2262 3216 2318 scitae.
3238 2270 3421 2316 autem
3455 2263 3567 2316 sint
3596 2263 3665 2317 ad

2067 2353 2299 2409 delicias
2336 2363 2392 2409 et
2441 2353 2656 2408 ludicra
2697 2353 2954 2424 puerilia,
2988 2363 3154 2422 atque
3195 2370 3372 2427 nugas
3404 2354 3666 2410 cﬂ'utien-

2068 2446 2189 2502 das.
2222 2445 2334 2500 Nos
2363 2445 2532 2500 etiam
2565 2445 2666 2499 tibi
2689 2460 2914 2500 manum
2941 2446 3353 2515 opitulatricein
3386 2449 3692 2518 porrigere-

2071 2556 2170 2611 par
2199 2550 2284 2596 est
2307 2539 2588 2609 singulos,
2615 2547 2888 2609 quantum
2921 2541 3163 2609 quisque
3193 2541 3402 2594 conniti
3435 2541 3664 2610 poterit.

2071 2631 2166 2688 Sic
2189 2633 2335 2687 enim
2368 2632 2664 2688 absolutus
2699 2632 2923 2702 sapiens
2963 2631 3170 2697 fueris,
3202 2647 3314 2687 non
3349 2633 3665 2699 inchoatus,

2069 2741 2249 2796 neque
2283 2726 2649 2796 imperfectus
2676 2732 2732 2779 et
2763 2724 3014 2788 mutilus,
3047 2731 3107 2778 ut
3155 2724 3250 2794 qui
3285 2739 3351 2780 eo
3385 2725 3506 2780 solo
3547 2741 3668 2782 eve-

2068 2815 2241 2882 hitur,
2267 2815 2417 2886 quod
2461 2829 2491 2869 a
2526 2823 2729 2869 natura
2769 2814 3106 2885 suggeritur.
3142 2813 3207 2868 Et
3279 2829 3408 2870 cum
3467 2816 3664 2886 repub.

2066 2923 2289 2978 quoque
2333 2907 2596 2978 praeclare
2643 2914 2873 2978 agatur,
2907 2923 3035 2962 cuin
3069 2908 3209 2964 tales
3259 2908 3430 2980 hujus
3470 2925 3663 2966 curam

2070 3007 2304 3069 gerant:
2345 2999 2506 3054 nobis
2549 2998 2740 3052 hocin
2805 2997 3010 3052 bonum
3046 3006 3243 3065 vertet,
3277 3000 3543 3056 honorem
3596 3001 3669 3056 ah

2071 3093 2390 3148 hominibus
2429 3092 2796 3163 philosophiae
2848 3091 3252 3162 despondisse,
3302 3093 3374 3150 iis
3418 3095 3668 3151 moribus

2069 3185 2481 3256 perseverando
2508 3185 2602 3256 qui
2631 3185 2820 3240 decori
2859 3193 3010 3240 sunt.
3041 3183 3178 3240 Nam
3235 3185 3311 3241 ita
3365 3187 3671 3245 verisimile

2068 3281 2302 3335 exsistet
2331 3279 2678 3334 contrarium
2721 3277 2769 3333 ei
2804 3278 3116 3341 verisimili,
3148 3279 3297 3348 quod
3343 3279 3508 3350 paulo
3540 3289 3668 3337 ante

2068 3373 2384 3440 expositum
2423 3368 2548 3436 fuit,
2586 3385 2714 3424 cum
2750 3369 3126 3427 multitudinis
3163 3371 3395 3426 inscitiae
3428 3378 3484 3427 et
3516 3373 3671 3428 rudi-

2067 3445 2165 3516 tati
2193 3469 2412 3531 gentem
2436 3462 2816 3532 sophistarum
2866 3462 3033 3532 310
3075 3463 3328 3518 insidiari
3379 3462 3666 3522 diximus:

2066 3551 2214 3608 unde
2245 3551 2540 3606 usuveniat
2583 3560 2642 3605 ut
2673 3551 2788 3607 veri
2838 3553 3203 3622 philosophiae
3233 3553 3443 3609 alumni
3481 3556 3668 3614 minus

2067 3644 2416 3699 honorentur
2479 3659 2646 3715 quam
2707 3643 2982 3700 subdititii
3034 3653 3090 3700 et
3156 3646 3474 3717 ascriptitii.
3525 3648 3665 3704 Cum

2066 3747 2248 3792 autem
2287 3737 2325 3791 ii
2360 3737 2456 3809 qui
2493 3738 2850 3809 magistratus
2882 3745 3104 3810 gerunt,
3135 3747 3190 3794 et
3240 3740 3530 3795 civitatum
3563 3758 3663 3813 ne-

2067 3833 2215 3902 gotia
2245 3838 2512 3896 tractant,
2537 3847 2647 3888 non
2685 3833 2908 3904 quidam
2933 3849 2964 3889 e
2984 3832 3149 3905 vulgo
3179 3832 3407 3900 fuerint,
3444 3837 3540 3892 sed
3576 3837 3666 3892 in-

2070 3924 2389 3994 telligentes
2434 3921 2714 3992 homines,
2753 3924 3047 3982 confestim
3086 3927 3162 3979 illi
3185 3927 3506 3983 discerneut
3534 3944 3668 4000 spu-

2071 4017 2213 4071 rium
2251 4031 2282 4071 a
2311 4034 2444 4074 vero
2467 4027 2521 4074 et
2552 4020 2836 4090 legitimo:
2865 4035 3046 4091 neque
3072 4020 3186 4091 jam
3215 4021 3437 4078 diﬂicile
3459 4025 3667 4095 populo

2065 4122 2213 4168 esset
2250 4128 2496 4168 errorem
2549 4129 2712 4169 suum
2749 4113 3059 4171 dediscere.
3125 4113 3245 4170 Non
3279 4117 3426 4170 enim
3482 4117 3668 4180 dicere

2067 4205 2154 4266 bis
2189 4206 2491 4277 quidquam
2527 4214 2765 4277 oportet,
2803 4223 2997 4260 verum
3032 4207 3394 4277 ignobilitatis
3421 4218 3550 4274 nota
3583 4211 3668 4266 in-

2065 4296 2272 4353 ducere
2301 4297 2589 4369 improbos
2623 4308 2678 4352 et
2710 4297 3076 4375 adulterinos.
3112 4297 3178 4352 Et
3208 4308 3410 4354 natura
3435 4317 3666 4374 compa-

2066 4397 2247 4444 ratum
2282 4398 2386 4456 est,
2430 4398 2490 4444 ut
2525 4385 2707 4462 is‘qui
2737 4389 3056 4461 praeficitur,
3082 4407 3150 4447 ex
3183 4394 3345 4462 plena
3377 4394 3486 4450 sibi
3534 4397 3668 4452 sub-

2065 4485 2306 4538 ditorum
2332 4485 2680 4552 assensione,
2707 4485 2763 4540 in
2791 4483 3215 4540 admirationem
3247 4487 3452 4542 veniat.
3479 4487 3668 4554 Quan-

2067 4577 2364 4647 doquidem
2423 4577 2728 4633 etiamnum
2797 4576 3040 4632 maxime
3097 4592 3284 4632 rerum
3334 4579 3666 4636 absurditati

2066 4670 2264 4740 vulgus
2298 4668 2611 4734 adhmrens,
2653 4668 2914 4735 cii-ratos,
2943 4669 3195 4726 intonsos
3225 4679 3280 4724 et
3309 4685 3504 4728 omnes
3561 4687 3667 4728 au-

365 4761 681 4833 ἀδικούσης.
709 4763 782 4815 Τὸ
809 4764 918 4835 γὰρ
939 4762 1085 4826 εἰκὸς
1111 4763 1284 4834 ἐφάνη
1315 4762 1622 4832 γινόμενον,
1655 4760 1684 4814 ὂ
1712 4760 1778 4814 σὺ
1804 4778 1964 4833 μετα-

2071 4761 2347 4824 daciores,
2379 4761 2588 4832 primos
2622 4770 2678 4816 et
2718 4762 2952 4818 eximios
2999 4761 3272 4832 quosdam
3330 4765 3486 4821 viros
3541 4782 3667 4824 esse

367 4856 554 4926 θήσεις
588 4857 682 4910 ἐπὶ
707 4857 766 4911 τὸ
810 4858 1088 4928 προσῆκον
1116 4858 1208 4911 καὶ
1247 4857 1478 4928 βέλτιον,
1498 4859 1628 4912 ὅταν
1651 4855 1964 4931 ἐρρωμενέ-

366 4951 560 5022 στερόν
592 4967 686 5004 σου
713 4950 783 5004 τά
799 4950 1120 5020 φιλοσοφίας
1142 4951 1474 5023 ἀνθάψηται.
1520 4953 1676 5006 Ἐπεὶ
1711 4951 1846 5024 μηδὲ
1867 4949 1964 5003 νῦν

365 5046 612 5118 ἀγεννῶς
637 5043 866 5118 ὲνῆρξας
885 5045 984 5114 τῆς
1020 5045 1499 5115 συμμαχίας,τοὺς
1534 5043 1702 5108 κύνας
1737 5042 1966 5097 ἀνθυλα-

366 5137 598 5206 κτήσας,
618 5136 711 5190 καὶ
731 5134 828 5206 τὴν
845 5133 1132 5187 Δεκέλειαν
1153 5136 1187 5205 ὴ
1196 5133 1312 5204 μῶν
1332 5134 1700 5205 ἀποτειχίζειν
1718 5133 1965 5187 ἐπιλαϐό⁹

370 5245 553 5298 μενος.
580 5227 888 5300 Πυθόμενος
904 5244 964 5280 τε
987 5221 1080 5280 οὖν
1095 5225 1224 5298 περὶ
1244 5225 1336 5278 σοῦ
1357 5226 1506 5297 παρὰ
1526 5226 1634 5279 τῶν
1653 5225 1954 5298 προλαϐόν-

369 5343 477 5378 των
501 5321 706 5394 ἐπίτὴν
739 5321 837 5394 σὴν
868 5321 1178 5392 συνήθειαν,
1210 5321 1304 5374 κα)⁸
1321 5319 1482 5382 αὐτὸς
1549 5317 1772 5388 .“ὀλίγοι)
1802 5335 1960 5372 κατα·

367 5423 566 5494 νοήσας
597 5416 707 5488 ἐρῶ
738 5418 867 5477 τοὺς
905 5415 1336 5488 ἀστρονομικοὺς
1383 5410 1687 5484 σπινθῆρας
1744 5411 1964 5477 ἐνόντας

369 5530 463 5570 σου
497 5515 564 5585 τῇ
595 5511 742 5582 ψυχῇ
777 5509 1004 5572 τούτους
1035 5507 1254 5590 ἐξάψαι,
1286 5507 1378 5560 καὶ
1412 5504 1506 5558 ἐπὶ
1541 5505 1685 5577 μέγα
1714 5501 1847 5576 ἆραι
1877 5505 1965 5558 διὰ

365 5609 476 5662 τῶν
520 5605 751 5660 ἐνόντων
785 5595 1228 5673 ἐπιϐαλλόμενος.
1278 5597 1637 5671 Ἀστρονομία
1676 5597 1784 5666 γὰρ
1823 5597 1961 5667 αὐτή

366 5717 429 5752 τε
462 5694 806 5769 ὑπέρσεμνός
853 5695 1003 5749 ἐστιν
1045 5693 1351 5766 ἐπιστήμη,
1402 5691 1494 5746 καὶ
1539 5689 1657 5761 τάχ’
1689 5687 1961 5744 ἀναϐιϐα-

372 5791 509 5863 σμὸς
537 5789 629 5844 ἐπί
650 5807 702 5843 τι
725 5787 1099 5860 πρεσϐύτερον
1127 5785 1324 5856 γένοιτ’
1354 5784 1441 5839 ἄν·
1465 5783 1534 5855 ἢν
1557 5780 1670 5852 ἐγὼ
1695 5780 1964 5854 προσεχὲς

369 5887 610 5961 ἡγοῦμαι
641 5883 938 5957 πορθμεῖον
970 5887 1070 5954 τῆς
1104 5884 1418 5957 ἀπορρήτου
1445 5878 1756 5948 θεολογίας.
1791 5875 1965 5950 Ὕλην

2072 4863 2280 4910 censet.
2310 4851 2542 4923 Reliqua
2595 4863 2802 4918 autem,
2859 4857 3038 4925 magis
3090 4855 3243 4909 varia
3292 4865 3348 4912 et
3382 4858 3662 4915 callidior:

2073 4947 2447 5018 sophistarum
2477 4962 2677 5016 genera
2716 4954 2931 5001 tantum
2968 4963 3076 5001 non
3115 4947 3266 5003 omni
3290 4950 3441 5004 cultu
3472 4957 3527 5005 et
3573 4967 3668 5007 ve-

2072 5041 2361 5096 neratione
2404 5049 2842 5110 prosequuntur,
2888 5055 2984 5096 eos
3049 5042 3351 5110 praesertim
3404 5043 3498 5111 qui
3540 5058 3665 5098 cum

2072 5137 2226 5191 clava
2260 5141 2356 5188 aut
2384 5133 2631 5204 scipione
2683 5133 2967 5197 incedunt,
3023 5140 3078 5187 et
3122 5140 3287 5202 sputa
3328 5142 3457 5188 ante
3499 5150 3665 5204 quam

2073 5228 2240 5282 verba
2283 5225 2546 5281 fundunt.
2585 5224 2768 5291 Quare
2809 5233 2863 5280 ct
2897 5225 3097 5293 iniqua:
3131 5225 3293 5288 sorti,
3342 5240 3447 5294 qua
3485 5226 3666 5294 philo-

2073 5321 2266 5390 50phia
2297 5323 2488 5383 utitur.
2522 5334 2837 5380 succurres,
2863 5334 3039 5388 neque
3071 5319 3219 5372 illam
3255 5319 3668 5389 criminaberis,

2073 5430 2196 5484 qua:
2218 5414 2474 5485 injuriam
2503 5429 2613 5469 non
2644 5412 2796 5468 facit.
2845 5411 2979 5466 Nam
3011 5426 3121 5482 quo
3175 5426 3394 5481 aequum
3446 5421 3501 5468 et
3531 5426 3668 5466 ron-

2071 5515 2398 5564 sentancum
2427 5515 2534 5570 est,
2570 5507 2623 5562 id
2656 5507 2914 5578 apparuit
2949 5506 3084 5562 ﬁeri.
3124 5505 3238 5560 lloc
3269 5514 3324 5560 tu
3360 5505 3668 5562 transferes

2070 5599 2223 5654 adid
2275 5598 2423 5670 quod
2481 5600 2656 5670 magis
2709 5601 2972 5655 decorum
3035 5609 3091 5655 et
3147 5599 3506 5669 praestantius
3557 5603 3667 5664 est,

2073 5689 2298 5760 quando
2355 5691 2630 5744 valentius
2682 5701 2736 5746 et
2787 5690 3113 5762 ﬂagrantius
3176 5697 3229 5745 te
3287 5687 3669 5760 philosophica

2074 5778 2494 5848 eorripuerint:
2533 5795 2657 5833 cum
2693 5796 2763 5835 ne
2793 5798 2941 5835 nunc
2973 5779 3196 5852 quidem
3253 5780 3491 5852 segniter
3537 5793 3690 5850 pro--

2076 5871 2467 5947 pugnationem
2503 5872 2733 5930 adortus
2763 5875 2882 5949 sis:
2925 5875 3125 5946 quippe
3166 5875 3260 5946 qui
3309 5873 3544 5930 canibus
3587 5873 3667 5928 la-
