4134 6464
385 390 407 448 1
420 391 526 449 585

1485 396 1575 455 DE
1606 396 1793 457 ΒΟΝο
1820 397 2245 458 ASTBOLABll
2282 403 2540 464 SERMO.

3534 396 3680 455 liii-'6

380 501 577 573 λόγους
606 500 827 575 τέμνειν
870 504 1144 578 διδούσης,
1196 508 1629 581 συγγενεστέραν
1683 509 1979 583 ἡγούμενοι

2105 524 2140 570 τι
2186 531 2322 572 cura
2361 518 2787 583 statuissemus,
2822 515 3270 581 elaboravimus,
3316 521 3371 571 et
3413 510 3683 585 scriptum

381 593 481 666 τὴν
501 594 754 650 ὁπωσοῦν
781 594 971 668 κοίλην
994 599 1061 671 τῇ
1085 597 1270 651 τέλεον
1300 602 1567 674 σφαιρικῇ
1591 618 1605 633 ⁸
1638 601 1983 675 ὑπεμὼλαίᾳ

382 688 447 743 τὸ
476 688 678 754 πλάτος
712 689 1095 761 ὲκοιλάναμεν,
1143 691 1214 751 τά
1245 707 1304 745 τε
1336 691 1474 747 ἄλλα
1519 694 1980 767 ἐπεμελήθημεν,

384 780 537 847 ὅπως
571 781 638 836 ἂν
663 784 696 854 ἠ
729 783 1005 852 φαντασία
1034 782 1126 838 τοῦ
1157 784 1393 855 ὀργάνου
1427 787 1526 858 τῆς
1552 787 1814 859 ἀληθείας
1849 788 1985 841 ὑπο-

389 876 678 949 μιμνήσκῃ
706 877 799 931 τὸν
824 875 1009 931 ἔννουν
1036 878 1257 949 θεατήν.
1296 879 1407 933 Καὶ
1436 879 1544 952 γὰρ
1577 884 1692 945 τοῖς
1720 879 1781 946 ἒξ
1816 879 1983 951 μεγέ-

387 969 540 1023 θεσιν
590 969 718 1033 τοὺς
769 968 1126 1041 διαφέροντας
1173 969 1413 1042 ἀστέρας
1460 971 1834 1044 ένετάξαμεν,
1889 970 1986 1025 καὶ

388 1062 516 1125 τοὺς
537 1061 675 1130 πρὸς
694 1060 958 1133 ἀλλήλους
978 1061 1157 1115 αὐτῶν
1177 1064 1591 1134 σχηματισμοὺς
1614 1064 1985 1134 ἐτηρήσαμεν.

398 1153 522 1207 Τῶν
549 1153 609 1207 δὲ
634 1152 853 1209 κύκλων
882 1155 1012 1219 τοὺς
1043 1155 1142 1226 μὲν
1179 1155 1617 1228 περιηγάγομεν,
1649 1157 1779 1220 τοὺς
1818 1155 1875 1209 δὲ
1906 1155 1988 1209 δι-

391 1249 678 1320 ηγάγομεν
704 1267 716 1279 ·
746 1249 994 1312 ἅπαντας
1016 1249 1073 1303 δὲ
1099 1250 1369 1322 ὲτέμομεν
1389 1250 1675 1322 μοιρικῶς,
1698 1249 1795 1315 τὰς
1809 1249 1989 1306 ’πέντε

396 1342 677 1414 μοιριαίας
719 1342 987 1413 γραμμὰς
1051 1343 1271 1410 μείζους
1326 1343 1437 1397 τῶν
1493 1342 1783 1414 μοιριαίων
1832 1342 1995 1413 ποιή-

396 1451 592 1495 σαντες
614 1451 628 1465 ·
681 1435 764 1489 ὅτι
812 1434 908 1488 καὶ
953 1434 1054 1500 τὰς
1106 1435 1423 1508 ἐπιγραφὰς
1448 1434 1557 1488 τῶν
1589 1430 1840 1507 ἀριθμῶν
1868 1433 1991 1489 κατ’

2088 606 2402 674 edidimus,
2438 608 2728 680 quodcum
2767 608 2923 679 c0pia
2962 607 3279 664 necessaria
3305 647 3321 671 ,
3362 614 3477 661 tum
3504 607 3687 660 varie-

2094 697 2625 754 Iatetbeorematum
2661 698 3025 764 stipavimus,
3066 704 3120 752 et
3158 696 3226 751 ad
3258 694 3542 750 materiam
3574 702 3683 746 tra-

2088 784 2294 842 ducere
2355 784 2760 859 disputationes
2828 788 3182 853 studuimus,
3246 784 3686 858 pulcherrimum

2086 877 2292 933 tabula:
2327 879 2516 933 mundi
2545 879 2907 935 simulacrum
2936 878 3132 933 moliti.
3165 876 3303 933 Cum
3337 891 3466 931 vero
3494 874 3688 928 eadem

2092 970 2353 1026 tractatio
2413 980 2469 1027 ει
2521 972 2745 1042 planam
2792 970 3184 1041 superﬁciem,
3230 978 3285 1025 ct
3345 968 3691 1039 aequabiliter

2089 1075 2284 1116 cavam
2337 1061 2392 1117 in
2449 1063 2696 1118 rationes
2740 1071 2923 1117 certas
2967 1076 3158 1116 secare
3205 1060 3519 1122 concedat,
3559 1057 3690 1128 quia

2089 1151 2357 1223 majorem
2418 1156 2809 1224 cognationem
2851 1152 3056 1210 habere
3106 1151 3448 1208 ducebamus
3501 1149 3692 1221 quale-

2096 1260 2317 1317 cunque
2363 1260 2560 1300 cavum
2625 1260 2752 1300 cum
2813 1258 3047 1317 corpore
3106 1242 3351 1314 perfecte
3410 1241 3689 1312 globoso:

2094 1336 2306 1394 idcirco
2354 1340 2517 1409 plana
2563 1338 2749 1393 tabula
2788 1352 2984 1393 cavum
3037 1333 3402 1407 deprimendo
3458 1331 3694 1404 perfeci-

2092 1446 2218 1486 mus
2259 1449 2272 1486 :
2323 1439 2439 1486 tum
2479 1430 2585 1486 alia
2645 1430 3081 1501 exquisivimus,
3117 1443 3230 1500 quo
3258 1424 3448 1497 organi
3483 1424 3695 1495 species

393 1528 566 1591 αὑτὰς
597 1527 1056 1601 παρηυξήσαμεν,
1108 1529 1204 1583 καὶ
1246 1530 1303 1582 έν
1349 1527 1578 1599 ἀργύρῳ
1619 1526 1713 1581 τοῦ
1764 1525 1999 1597 μέλανος

2105 1534 2351 1593 sagacem
2397 1529 2765 1591 spectatorem
2809 1520 2878 1576 de
2913 1519 3147 1575 veritate
3197 1518 3510 1573 admoneat.
3557 1513 3694 1569 Nam

395 1620 637 1691 ἔμφασιν
657 1620 865 1691 βιϐλίου
888 1618 1172 1684 ποιοῦντος
1192 1620 1254 1674 τὸ
1276 1620 1659 1690 ὑποκείμενον.
1682 1617 1994 1689 Τέτμηνται

2105 1621 2150 1668 et
2179 1613 2369 1670 stellas
2403 1613 2549 1678 illas,
2578 1628 2812 1683 quarum
2851 1626 2983 1667 sena
3024 1608 3469 1682 magnitudinum
3498 1606 3699 1663 discri-

392 1714 453 1768 δὲ
478 1714 578 1787 οὐχ
607 1713 944 1785 όμοστοίχως
981 1712 1223 1776 ἅπαντες
1242 1754 1256 1777 ,
1300 1710 1415 1767 οὗθ’
1444 1713 1658 1776 ἑαυτοῖς
1690 1708 1804 1764 οὔτ’
1830 1707 1996 1780 ἀλλή-

2105 1704 2247 1759 mina
2291 1714 2453 1770 sunt,
2490 1704 2685 1760 ordine
2721 1704 3099 1770 inseruimus,
3136 1710 3192 1757 et
3230 1701 3424 1755 barum
3471 1699 3614 1755 inter
3639 1712 3700 1753 se

394 1808 511 1873 λοις
531 1824 546 1839 ’
578 1807 694 1862 ἀλλ’
715 1807 766 1860 οἱ
792 1806 890 1877 μὲν
915 1807 997 1867 εις
1027 1805 1152 1869 ῑσας
1179 1806 1375 1877 τομὰς,
1398 1807 1447 1858 oi
1473 1805 1530 1859 δὲ
1562 1803 1869 1876 ἀνωμάλως
1896 1801 1996 1874 μὲν

2105 1795 2575 1851 conformationes
2646 1795 3008 1851 servavimus.
3082 1789 3159 1846 De
3215 1790 3446 1847 circulis
3514 1797 3698 1843 autem

397 1902 494 1954 καὶ
539 1899 745 1963 ἀνίσως
777 1897 924 1953 κατά
952 1898 1053 1968 τὴν
1080 1896 1361 1968 αἴσθησιν,
1408 1896 1488 1969 τῷ
1514 1896 1662 1968 λόγῳ
1691 1895 1748 1950 δὲ
1776 1893 1998 1966 ὁμαλῶς

2105 1885 2370 1962 quosdam
2409 1887 2621 1942 circum
2668 1886 2850 1952 alios,
2890 1882 3165 1956 quosdam
3210 1896 3309 1953 per
3356 1879 3494 1935 alios
3540 1877 3703 1934 duxi-

393 2012 457 2049 τε
504 1995 600 2049 καὶ
630 1989 724 2047 ἶσα
757 1991 870 2066 [γρ.
903 1989 1079 2062 tome].
1114 1990 1290 2045 Τοῦτο
1335 1989 1448 2063 γάρ
1498 1991 1607 2044 ἔδει
1643 1986 1992 2059 συμϐαίνειν,

396 2086 466 2141 ἶν’
492 2084 809 2158 ὁμολογήσῃ
839 2084 908 2138 τὰ
941 2082 1274 2156 διαφέροντα
1304 2084 1582 2154 σχήματα.
1614 2080 1694 2133 Δι’
1720 2080 1789 2150 ἢν
1814 2078 1996 2134 αἰτίαν

396 2176 493 2233 καὶ
522 2178 572 2232 ol
600 2177 688 2231 διὰ
718 2177 828 2230 τῶν
863 2176 1045 2229 πόλων
1076 2192 1136 2230 τε
1164 2175 1259 2228 καὶ
1291 2173 1401 2229 τῶν
1428 2170 1714 2245 τροπικῶν
1747 2168 1994 2241 σημείων

394 2269 736 2341 γραφόμενοι
767 2267 1014 2340 μέγιστοι
1059 2266 1285 2332 κύκλοι,
1332 2265 1411 2336 τῷ
1439 2264 1584 2337 λόγῳ
1616 2264 1869 2335 μένοντες
1900 2260 1998 2317 κύ-

396 2363 537 2430 κλοι,
573 2362 863 2432 γεγόνασιν
892 2360 1103 2415 εὐθεῖαι
1137 2363 1203 2433 τῇ
1253 2358 1545 2430 μεταθέσει
1573 2355 1669 2411 τοῦ
1700 2355 1993 2427 θεωρήμα-

396 2471 527 2520 τοςο
574 2455 604 2509 ὅ
631 2473 693 2509 τε
728 2454 1121 2528 Ἀνταρκτικδς
1162 2451 1365 2524 μείζων
1394 2450 1717 2505 ὲντέτακται
1756 2446 1865 2502 τῶν
1900 2462 1999 2517 με·

396 2546 624 2615 γίστων,
648 2547 744 2601 καὶ
772 2546 842 2601 τά
871 2546 1011 2620 πρὸς
1041 2545 1303 2617 ἀλλήλους
1329 2544 1677 2614 διαστήματα
1702 2538 1814 2594 τῶν
1835 2536 1998 2592 ἀστέο

403 2656 514 2708 ρων
546 2638 887 2711 ὲμεγεθύνθη
928 2638 1049 2693 κατ’
1082 2638 1261 2693 ἐκεῖνο
1301 2636 1405 2708 τῆς
1448 2632 1833 2703 ὲξαπλὼσεως.
1871 2629 1996 2685 Τῶν

398 2732 458 2787 δὲ
487 2732 931 2807 ἐπιγραμμάτων
970 2731 1008 2787 ἃ.
1036 2731 1127 2786 διά
1153 2729 1360 2804 χρυσοῦ
1393 2727 1617 2801 στερεοῦ
1644 2727 1767 2790 ταῖς
1801 2722 1999 2796 σχολα-

2099 1996 2224 2037 mus
2249 1999 2264 2036 :
2297 1980 2588 2036 universos
2614 1987 2797 2035 autem
2830 1978 2885 2033 iu
2916 1984 3103 2048 partes
3124 1973 3438 2042 secuimus;
3468 1983 3522 2027 et
3545 1970 3703 2042 quin.

2098 2078 2281 2129 tarum
2310 2080 2465 2130 certe
2492 2073 2729 2144 partium
2760 2071 2934 2126 lineas
2957 2068 3283 2141 grandiores
3304 2081 3471 2137 quam
3507 2063 3701 2134 singu-

2098 2163 2282 2219 larum
2320 2164 2564 2236 partium
2601 2161 2833 2219 fecimus
2865 2180 2879 2217 :
2918 2171 3212 2233 propterea
3244 2157 3396 2231 quod
3433 2170 3704 2213 numero.

2099 2270 2224 2311 rum
2261 2256 2430 2311 etiam
2477 2253 2873 2326 inscriptiones
2910 2252 3069 2323 juxta
3114 2250 3214 2305 has
3259 2246 3702 2318 exsculpsimus,

2100 2355 2268 2419 atque
2299 2347 2354 2402 in
2376 2352 2607 2419 argento
2628 2385 2642 2411 ,
2686 2346 2753 2400 in‘
2784 2359 2895 2416 quo
2926 2351 3106 2398 atrum
3149 2340 3275 2396 libri
3318 2339 3559 2411 speciem
3594 2351 3706 2407 prae

2102 2455 2164 2498 se
2191 2439 2320 2505 fert,
2354 2438 2408 2495 id
2430 2439 2576 2510 quod
2604 2438 2821 2493 litteras
2848 2437 3075 2508 excipit.
3107 2434 3341 2492 Dissecti
3363 2439 3547 2487 autem
3577 2438 3708 2485 sunt

2102 2547 2217 2589 non
2264 2531 2385 2604 pari
2442 2530 2590 2587 serie
2636 2528 2917 2593 universi,
2950 2536 3062 2583 tam
3112 2528 3216 2600 ipsi
3268 2542 3365 2598 per
3412 2540 3474 2581 se
3539 2536 3705 2593 quam

2102 2633 2362 2696 respectu
2415 2623 2560 2678 inter
2598 2636 2659 2677 se
2700 2639 2713 2676 :
2766 2621 2862 2677 sed
2911 2622 3002 2676 alii
3063 2621 3291 2692 quidem
3336 2618 3390 2672 in
3433 2615 3709 2672 sectiones

2103 2717 2386 2790 aequales,
2442 2714 2536 2770 alii
2604 2727 2735 2768 vero
2795 2713 3198 2782 inaequabiliter
3248 2716 3303 2766 et
3367 2705 3710 2777 inaequaliter

402 2798 633 2889 ζούσαις
671 2798 921 2897 ἀστέρων
967 2798 1211 2896 χώραις,
1261 2822 1404 2878 κατά
1460 2798 1553 2875 τδν
1606 2814 1999 2889 ’Δνταρκτικὸν

2109 2826 2308 2875 sensu,
2346 2808 2563 2864 ratione
2597 2814 2782 2863 autem
2822 2814 2878 2862 et
2917 2804 3261 2877 aequabiliter
3295 2809 3350 2858 ct
3397 2798 3707 2870 aequaliter.

402 2916 606 2971 κύκλον
635 2889 1437 2989 έγκολάψαντεςπένεθήκαμεν,
1470 2915 1532 2968 τὸ
1563 2914 1662 2985 μὲν
1688 2910 1916 2981 ὕστερον
1941 2907 2002 2962 τδ

2111 2902 2171 2959 ld
2218 2901 2365 2958 enim
2428 2900 2684 2957 accidere
2739 2905 2985 2971 oportet,
3043 2905 3104 2953 ut
3165 2902 3540 2950 consentanea
3597 2889 3712 2945 sint

401 2982 761 3080 τετράστιγῳν
819 2982 1046 3079 ἀρχαῖόν
1094 2982 1243 3063 ἐστιν
1262 3049 1278 3077 ,
1316 2982 1711 3077 ,ἁπλουστέρως
1756 3002 1877 3075 ἔχον
1925 3001 2002 3065 εἰς

2116 2996 2350 3053 diversae
2397 2993 2604 3065 ﬁgurae.
2633 2992 2753 3061 Qua
2807 2991 2877 3047 de
2927 3003 3096 3046 causa
3128 2997 3183 3043 ct
3225 2987 3304 3041 illi
3346 2983 3568 3040 maximi
3610 2982 3713 3036 cir-

402 3077 773 3175 ἀστρονομίαν
796 3077 1074 3174 ἐγκιθμιον
1096 3117 1112 3135 ο

2121 3089 2233 3146 culi
2262 3086 2356 3157 qui
2394 3102 2490 3158 per
2513 3088 2671 3159 polos
2700 3092 2756 3142 et
2784 3093 2988 3157 puncta
3019 3081 3232 3153 tropica
3282 3077 3715 3143 describuntur,

405 3214 534 3256 cum
568 3200 906 3256 circulorum
932 3198 1202 3254 rationem
1236 3197 1535 3262 retineant,
1559 3194 1898 3250 theoremata
1917 3191 2155 3249 mutato,
2185 3195 2351 3240 rectae
2370 3182 2534 3238 lineae
2562 3180 2694 3236 facti
2724 3191 2857 3237 sunt
2883 3195 2897 3232 :
2922 3178 3382 3245 Antarcticusque
3411 3177 3490 3230 ita
3528 3172 3713 3226 inser-

407 3301 501 3349 tus
528 3299 638 3359 est,
678 3298 739 3347 ut
773 3291 949 3361 major
972 3293 1046 3348 sit
1067 3304 1234 3363 quam
1265 3289 1344 3345 illi
1371 3286 1599 3343 maximi
1641 3303 1658 3341 :
1686 3292 1801 3339 tum
1841 3279 2128 3337 intervalla
2155 3278 2360 3348 quibus
2398 3276 2572 3333 stellae
2615 3275 2759 3330 inter
2788 3289 2849 3330 se
2873 3271 3117 3336 distant,
3159 3267 3370 3336 majora
3400 3265 3541 3320 facta
3580 3272 3712 3317 sunt

408 3386 469 3442 in
508 3387 599 3442 illa
629 3386 1035 3457 explanationis
1064 3354 1301 3441 ratione.
1343 3382 1419 3439 De
1455 3377 1878 3453 epigrammatis
1915 3383 2135 3439 autem,
2167 3388 2293 3444 quae
2330 3388 2397 3430 ex
2441 3373 2623 3429 solido
2648 3384 2788 3425 auro
2815 3369 2873 3425 in
2900 3366 3143 3422 vaeuiset
3181 3362 3361 3420 stellis
3403 3359 3576 3425 locis,
3609 3354 3718 3413 sub

408 3481 623 3536 circulo
654 3450 976 3551 Antarctico
1005 3487 1236 3537 exarata
1275 3450 1635 3549 apposuinms
1660 3492 1674 3529 :
1711 3472 1780 3529 de
1806 3469 1915 3532 his,
1947 3471 2196 3539 inquam,
2229 3466 2464 3522 alterum
2505 3462 2788 3536 posterius
2818 3471 2874 3519 et
2904 3465 3147 3530 quatuor
3171 3468 3458 3517 versuum,
3478 3450 3536 3506 id
3559 3457 3714 3505 vetus

410 3582 519 3640 est,
560 3572 710 3644 quod
749 3573 1106 3630 astronomia
1132 3570 1351 3627 laudem
1383 3566 1655 3632 continet,
1695 3558 2056 3633 simplicioris
2083 3554 2379 3628 cujusdam
2411 3553 2580 3609 modi.

415 3706 538 3768 οἷδ’
565 3712 657 3767 ὅτι
697 3710 915 3779 θνατὸς
956 3708 1106 3778 ἐγὼ,
1149 3707 1248 3765 καὶ
1294 3704 1594 3780 ἐφήμερος
1615 3720 1630 3734 ο
1667 3700 1843 3787 ,ἄζυξ
1863 3696 2002 3787 ὅταν

2191 3690 2324 3748 Sum
2351 3689 2597 3747 mortalis
2619 3688 2797 3755 homo,
2822 3686 2944 3742 vita:
2965 3699 3167 3757 quoque
3190 3680 3489 3753 perbrevis:
3515 3689 3570 3733 at
3596 3693 3717 3730 cum

889 3772 907 3779 ⁷
996 3772 1010 3778 ’
1093 3772 1103 3778 ⁷
1328 3772 1346 3779 ’
1409 3772 1428 3780 ⁷
1483 3772 1496 3775 ⁷
1665 3772 1941 3846 [ἄστρων

500 3852 748 3924 Ἰχνεύω
772 3850 1039 3920 πυκινὰς
1071 3845 1745 3924 ἁμφιδρδμοᾼυςᾲξλικας,
1800 3914 1814 3924 _
1873 3907 1902 3920 η

406 3926 534 3994 Οὐκ
552 3914 640 3978 ἴτ’
663 3924 941 3994 ἐπιψαύω
963 3914 1138 3994 τὰ(ηέ
1155 3914 1366 3981 Exod-21",
1387 3914 1566 3994 ape
1576 3917 1713 3994 παρς
1747 3914 1909 3978 αὐτῷ

2192 3829 2355 3883 Astra
2386 3825 2672 3899 globosque
2692 3824 2803 3899 poli
2840 3822 3096 3878 scandere
3126 3821 3226 3899 fert
3253 3818 3502 3899 quimus;

2124 3899 2259 3957 Tum
2291 3891 2513 3969 pedibus
2538 3891 2643 3952 non
2667 3891 2816 3969 calce
2849 3899 3062 3969 solum;
3094 3891 3182 3948 sed
3207 3891 3400 3969 celsior
3432 3891 3542 3969 alto

486 3993 638 4065 Ζηνὶ
670 3986 1027 4064 διοτρεφέὠς
1061 3986 1410 4062 enim”;
1444 3986 1803 4058 ἀμϐροσίης.

415 4130 494 4185 Tt
521 4129 580 4184 δὲ
610 4127 917 4201 ἡγούμενον
956 4124 1124 4181 αὐτοῦ
1154 4124 1216 4179 τὸ
1243 4123 1588 4193 όιιτάστιχον,
1639 4119 1870 4192 ἐποιήθη
1917 4119 2020 4190 μὲν

417 4221 511 4293 ὑφ’
562 4214 625 4277 οὗ
665 4219 729 4274 τὸ
772 4219 954 4292 ἔργον,
1002 4217 1136 4290 ὲμοῦ
1161 4231 1176 4248 ’
1229 4213 1613 4288 σπερματικὴν
1657 4212 1715 4268 δὲ
1762 4211 1878 4283 ἔχει
1923 4208 2022 4264 καὶ

417 4313 718 4385 καθολικὴν
764 4311 1047 4385 περίνοιαν
1091 4309 1203 4365 τῶν
1249 4307 1634 4380 ὲνορωμένων,
1682 4306 1801 4377 μετ’
1838 4301 2023 4374 ίσχύος

418 4404 866 4477 ἀπηγγελμένον,
892 4405 989 4458 καὶ
1020 4398 1465 4473 ὲπιστημονικῶς
1495 4397 1699 4470 μᾶλλον
1724 4396 1758 4469 ἢ
1781 4392 2024 4466 ἀκριϐῶς

423 4499 541 4573 [γρ.
575 4496 788 4572 ἁϐρῶς]
833 4496 1216 4568 συγκείμενον.
1251 4496 1317 4548 Ὅ
1347 4491 1657 4561 διαλέγεται
1690 4488 1828 4561 πρὸς
1865 4488 2026 4561 μόνον

422 4591 517 4646 τὸν
542 4591 901 4664 ἀστρονόμον,
933 4587 988 4643 τί
1029 4587 1097 4643 ἂν
1130 4586 1317 4642 ὄναιτο
1345 4584 1442 4639 τοῦ
1478 4584 1735 4655 ὀργάνου.
1774 4581 1887 4647 Τὰς
1915 4580 2027 4651 γὰρ

426 4683 634 4756 ἐποχὰς
679 4683 1023 4753 ὑπισχνεῖται
1063 4679 1175 4734 τῶν
1218 4677 1468 4750 ἀστέρων
1506 4691 1520 4706 ·
1574 4675 1691 4730 ἀλλ’
1735 4673 1852 4730 οΰτι
1893 4672 2028 4746 φησὶ

426 4774 568 4848 πρὸς
614 4774 706 4830 τὸν
769 4771 1034 4839 ζωδιακὸν
1059 4812 1076 4837 ,
1132 4770 1270 4826 ἀλλά
1326 4768 1465 4842 πρὸς
1529 4767 1623 4822 τὸν
1688 4766 2025 4838 ἰσημερινόν.

441 4870 647 4941 Ἐφᾴνη
675 4868 786 4941 γὰρ
835 4866 926 4923 διά
968 4865 1078 4920 τῶν
1116 4863 1465 4937 γραμμάτων
1519 4859 1582 4915 τὸ
1615 4859 1843 4924 ἐκείνως
1888 4859 2031 4913 ἑλεῖν

2190 3960 2362 4026 Adito
2385 3969 2509 4026 Jovi
2528 4008 2543 4037 ,
2578 3978 2737 4039 atque
2763 3967 2907 4021 alma
2936 3964 3185 4037 perfruar
3211 3960 3502 4017 ambrosia.

2121 4130 2288 4202 313
2316 4128 2569 4185 Alterum
2595 4140 2728 4183 vero
2751 4125 2947 4181 ordine
2976 4122 3155 4194 prius,
3192 4118 3342 4191 quod
3369 4124 3498 4174 octo
3527 4130 3724 4171 versus

2122 4221 2324 4286 habet,
2360 4219 2730 4290 compositum
2780 4226 2868 4272 est
2911 4215 2980 4269 ab
3031 4229 3096 4270 eo
3137 4227 3168 4269 a
3211 4226 3324 4283 quo
3370 4216 3428 4265 et
3470 4222 3649 4278 opus,
3695 4222 3725 4259 a

2124 4327 2212 4368 me
2244 4311 2476 4367 scilicet.
2516 4308 2781 4380 Sparsam
2810 4315 2995 4362 autem
3037 4303 3289 4359 continet
3322 4309 3379 4357 et
3406 4298 3724 4371 generalem

2124 4402 2635 4460 considerationem
2667 4413 2860 4456 eorum
2889 4412 3012 4468 quae
3038 4401 3384 4458 cernuntur,
3411 4389 3726 4463 profertur-

2126 4511 2237 4568 que
2270 4510 2394 4550 cum
2431 4494 2519 4562 vi,
2553 4508 2681 4550 cum
2712 4493 2794 4547 ita
2827 4490 3031 4546 factum
3058 4489 3162 4552 sit,
3201 4496 3263 4541 ut
3290 4483 3563 4540 doctrina:
3598 4482 3727 4551 plus

2127 4602 2294 4659 quam
2353 4584 2643 4656 elegantiae
2694 4581 2919 4637 habeat.
2977 4578 3212 4633 Euarrat
3257 4576 3462 4647 quippe
3513 4580 3726 4628 tantum

2129 4690 2472 4740 astronomo,
2500 4675 2634 4747 quid
2660 4674 2878 4730 fructus
2899 4672 2968 4728 ab
2989 4683 3205 4742 organo
3220 4668 3507 4740 percipere
3530 4663 3728 4736 possit.

2129 4773 2269 4830 Nam
2298 4780 2353 4829 et
2385 4772 2507 4826 loca
2541 4769 2817 4842 promittit
2853 4766 3134 4827 siderum,
3168 4778 3280 4819 non
3311 4769 3499 4816 tamen
3544 4757 3730 4829 Signi-

2133 4865 2239 4922 feri
2281 4873 2578 4937 respectu,
2628 4861 2728 4918 sed
2778 4855 3260 4931 Equiuoctialis:
3310 4854 3418 4909 hoc
3460 4851 3608 4908 enim
3665 4848 3735 4905 de

428 4960 713 5019 ἀδύνατον.
776 4958 890 5012 Καὶ
929 4957 1032 5021 τὰς
1073 4955 1332 5022 λοξώσεις
1380 4954 1547 5026 φησὶν
1595 4950 1875 5019 δίδοσθαι,
1921 4949 2002 5005 τῶι

2133 4959 2485 5031 expositione
2513 4957 2722 5025 scripta
2755 4954 2870 5026 jam
2911 4952 3092 5023 patuit
3119 4990 3135 5016 ,
3166 4948 3286 5005 ﬁeri
3322 4961 3434 5003 non
3464 4958 3632 5016 posse
3675 4950 3735 4996 ut

433 5051 619 5124 μερῶν
661 5049 757 5104 τοῦ
810 5045 1079 5113 ζωδιακοῦ
1144 5045 1390 5117 δηλονότι
1438 5042 1578 5116 πρὸς
1621 5041 1691 5100 τὰ
1741 5043 1884 5115 μέρη
1934 5045 2002 5095 τοί

2105 5051 2231 5124 ‘illo
2275 5049 2441 5105 modo
2472 5045 2985 5118 deprehendantur.
3021 5038 3163 5095 Tum
3200 5035 3614 5109 obliquationes
3656 5031 3737 5085 ait

434 5102 755 5216 ἱστῖμερινοῦ
779 5157 795 5174 ο
819 5102 932 5195 Ἐπὶ
971 5140 1108 5194 πᾶσι
1145 5102 1247 5202 τάς
1292 5102 1693 5206 συναναφόράς,
1728 5102 1884 5189 coiit"
1914 5131 2002 5188 ἐστ

2105 5116 2347 5201 ἐιηειιιε
2390 5102 2564 5204 esse:
2605 5140 2846 5211 partium
2900 5134 3118 5191 scilicet
3169 5102 3396 5188 Zodiaci
3440 5128 3507 5183 ad
3547 5132 3735 5199 partes

431 5241 554 5303 ταῖς
581 5238 778 5301 πόσαις
807 5233 901 5289 τοῦ
943 5229 1209 5298 ζωδιακοῦ
1254 5229 1469 5302 μοίραις
1508 5231 1563 5284 al
1592 5225 1878 5283 πόσαιτοῦ
1912 5228 2000 5299 ίση

2138 5233 2576 5307 Ᾱῖιιιιίιιοειῑιιιίε
2597 5272 2612 5296 ,
2641 5243 2696 5288 et
2732 5231 2789 5286 in
2821 5228 3056 5298 singulis
3093 5240 3216 5296 qua:
3241 5238 3369 5279 cum
3401 5221 3514 5277 illis
3541 5234 3650 5274 una
3676 5232 3736 5272 sc

438 5329 663 5405 μερινοῦ
694 5329 788 5386 τὸν
819 5328 984 5384 αὐτὸν
1011 5325 1328 5398 ἰσημερινὸν
1361 5323 1751 5397 διεξέρχονται.
1787 5322 1945 5376 Ἔστι
1975 5321 2002 5375 δ

2137 5329 2474 5403 proferunt:
2520 5325 2577 5381 id
2625 5337 2748 5392 est,
2796 5338 2922 5377 cum
2971 5330 3106 5391 quot
3160 5317 3419 5389 partibus
3472 5310 3736 5373 Zodiaci,

583 5437 598 5454 ’
666 5420 966 5495 γεγράφθω
1023 5419 1084 5473 δὲ
1127 5416 1249 5473 τῶν
1285 5415 1516 5490 ὕστερον
1563 5415 2002 5487 ἀναγνωσομένω

2137 5402 2274 5493 quot
2312 5416 2749 5490 Equinoctialis
2798 5428 2895 5485 per
2935 5412 3088 5466 illum
3125 5409 3307 5480 ipsum
3341 5402 3735 5477 Equinoctia-

437 5516 623 5574 εἵνεκα
649 5532 665 5550 ο
696 5512 819 5569 ἐπεὶ
849 5514 932 5568 σοί
960 5529 1025 5584 γε
1048 5511 1154 5566 κάν
1181 5508 1259 5580 τῷ
1286 5508 1481 5563 πίνακι
1504 5508 1757 5579 κείμενον
1781 5507 2002 5579 ἐξαρκεῖ

2136 5512 2243 5569 lem
2269 5515 2579 5567 transeunt.
2608 5506 2709 5565 Est
2749 5515 2931 5561 autem
2962 5502 3317 5575 Epigramma
3357 5497 3506 5571 quod
3553 5505 3739 5569 poste-

438 5621 628 5664 rorum
672 5619 845 5662 causa
895 5605 1002 5662 hoc
1050 5603 1174 5660 loco
1223 5601 1525 5672 ascriptum
1576 5606 1662 5656 est
1692 5643 1708 5668 ,
1758 5601 1853 5671 qui
1911 5602 1996 5659 sin

2105 5606 2254 5662 :cturi
2291 5627 2303 5662 :
2350 5620 2480 5661 nam
2517 5601 2619 5659 tibi
2651 5599 2872 5672 quidem
2906 5597 3043 5656 satis
3071 5609 3190 5661 est,
3262 5596 3317 5649 in
3365 5590 3551 5649 tabula
3615 5605 3739 5647 esse

440 5717 702 5760 mensum.

449 5793 521 5853 Ἣ
536 5794 723 5865 σοφίη
741 5793 954 5865 στίδον
973 5788 1152 5865 εὗρεν
1169 5792 1237 5865 ἐς
1251 5788 1533 5865 οὐρανόν.
1551 5786 1619 5844 ’Ὦ
1632 5789 1786 5865 μέγα
1801 5791 1997 5865 θαῦμα

2144 5786 2348 5865 lugqm't
2381 5782 2567 5854 sophia
2587 5778 2851 5865 ,ᾳιζριειοδ
2877 5776 3080 5865 τιάἔιιξηι
3120 5791 3151 5865 τ’
3182 5776 3333 5857 ολνὶα
3372 5777 3509 5830 mira
3532 5776 3562 5831 ὲ

510 5845 903 5925 causam
921 5845 1124 5921 cassi:
1157 5845 1344 5934 me;
1369 5845 1767 5932 ἀπουρανῖωἱε.
1886 5845 1892 5847 “

2218 5855 2286 5914 Ut
2324 5845 2470 5916 utens
2501 5851 2764 5910 caelitibus
2800 5850 2933 5907 venit
2964 5847 3028 5903 ab
3061 5845 3327 5905 (rt/mils.
