4134 6464
357 382 497 439 {(517
1828 374 2036 439 Ν.)οΠ

2086 382 2200 440 NA.
3521 386 3582 437 η
3595 378 3649 436 1?

356 499 491 556 dine
538 513 718 555 annos
752 499 822 555 55
872 499 1192 571 exegisset,
1240 516 1365 558 arrae
1409 502 1633 558 tandem
1670 503 1916 574 vulgaris
1961 503 2106 568 449,
2157 504 2286 557 vitae
2330 517 2446 558 suae
2490 517 2718 558 cursum
2769 501 3004 559 feliciter
3044 502 3472 559 consummavit.
3526 502 3660 573 Ejus

360 588 689 645 memoriam
727 589 986 646 recolunt
1009 589 1188 646 Graeci
1211 590 1302 648 die
1325 591 1360 647 8
1384 591 1537 659 Maii,
1564 593 1744 649 Latini
1779 609 1910 649 vero
1937 594 2003 650 i9
2026 593 2183 651 Julii.
2209 595 2344 661 Quae
2375 603 2558 650 autem
2583 595 2640 649 in
2668 609 2854 650 eremo
2883 594 3151 666 pra-clare
3180 593 3354 665 gessit
3375 608 3441 649 ac
3469 593 3662 650 docutt

360 686 595 738 sanctus
627 680 825 749 abbas,
861 683 1116 740 studiose
1144 684 1370 757 coilegit
1394 686 1710 758 litterisque
1744 690 2032 746 mandavit
2056 691 2257 747 beatus
2288 688 2618 745 Theodorus
2654 688 2898 755 Studita,
2936 688 3173 759 ejusque
3207 688 3659 745 lucttbrationem

358 788 426 828 ex
458 780 782 842 pervetustn
811 775 1010 832 codice
1045 776 1412 849 Seguieriano
1440 781 1780 853 descriptam
1820 782 2045 838 edidere
2085 782 2451 855 hagiographi
2486 782 2838 839 Bollandiani
2867 784 2988 854 (in),
3020 782 3371 854 eruditisque
3409 781 3661 838 animad-

361 866 721 924 versionibus
747 869 1124 927 illustrarunt.

432 960 522 1016 Ill.
559 959 750 1018 Graeca
790 965 1001 1033 pariter
1035 982 1098 1023 ac
1134 968 1384 1025 Romana
1428 970 1703 1042 sapientia
1746 971 1923 1029 fuisse
1967 972 2357 1030 admirandum
2402 989 2662 1046 magnum
2712 973 3036 1040 Arsenium,
3073 980 3313 1028 testatur
3364 971 3510 1027 idem
3562 969 3659 1042 qui

360 1054 483 1124 ejus
510 1063 637 1110 acta
665 1056 722 1110 in
752 1057 967 1113 litteras
1000 1061 1191 1115 retulit
1227 1061 1446 1118 Studita
1469 1064 1575 1133 (η),
1621 1065 1911 1138 Ἑλληνικῇ
1933 1084 2036 1121 τε)

2084 1066 2114 1119 Li.
2146 1066 2436 1137 Ῥωμαϊκῇ
2457 1065 2622 1137 σοφίᾳ
2647 1063 3083 1135 θαυμαζόμενος.
3101 1061 3295 1133 Neque
3317 1063 3478 1118 aliter
3509 1061 3657 1133 Apo—

360 1147 719 1220 phthegmata
755 1148 1006 1217 Patrum,
1032 1160 1094 1208 ut
1121 1155 1382 1226 superius
1409 1156 1673 1215 vidimus.
1712 1157 1861 1225 Quin
1895 1159 2085 1225 etiam,
2119 1159 2165 1215 si
2206 1157 2516 1230 Nicephoro
2544 1157 2685 1213 ﬁdes
2716 1155 2815 1229 (ο),
2848 1177 2866 1209 ‹
2899 1156 3070 1211 libros
3094 1170 3321 1227 quoque
3342 1154 3661 1225 complures

362 1242 458 1298 ille
480 1241 679 1301 beatus
707 1259 876 1302 senex
908 1248 1206 1319 reliquisse
1240 1252 1503 1322 traditur,
1540 1268 1684 1324 quos
1718 1253 1952 1309 historia
1981 1270 2036 1324 qt

2084 1269 2105 1308 ε
2137 1255 2206 1310 tle
2233 1268 2298 1310 eo
2332 1263 2440 1317 est,
2480 1250 2652 1309 refert
2683 1271 2696 1307 :
2734 1270 2753 1304 ι
2792 1253 2889 1307 καλ⁸
2924 1252 3120 1320 λόγους
3159 1249 3451 1311 πλείστους
3488 1265 3661 1303 καταο

365 1337 655 1405 λελοιπὼς,
684 1340 779 1406 οὓς
816 1344 850 1414 ή
887 1343 1011 1419 κατέ
1048 1345 1214 1400 αὐτὸν
1252 1348 1466 1420 ἱστορία
1501 1349 1775 1415 διέξεισιν.
1804 1348 2007 1405 Verum

2090 1364 2158 1403 na
2195 1358 2408 1405 tantum
2440 1347 2508 1402 ad
2540 1362 2645 1403 nos
2670 1345 2922 1417 pervenit
2951 1343 3140 1417 Magni
3175 1342 3389 1398 Arsenii
3419 1343 3663 1398 doctrina

362 1442 416 1486 et
442 1434 746 1491 exhortatio
777 1437 844 1492 ad
880 1440 1210 1503 monachos,
1248 1446 1309 1495 ut
1338 1440 1579 1504 videtur,
1610 1456 1775 1511 quam
1801 1442 2016 1511 primus
2045 1440 2253 1512 publici
2279 1439 2427 1509 juris
2464 1438 2596 1494 fecit
2630 1435 3003 1493 Combelisius
3044 1434 3147 1506 (p),
3177 1432 3351 1488 multa
3378 1431 3663 1502 majestate

362 1530 415 1577 et
439 1522 713 1590 claritate,
746 1525 887 1580 brevi
917 1527 1051 1582 adeo
1087 1527 1366 1582 verborum
1397 1529 1697 1598 complexu,
1735 1544 2069 1597 expressam.
2098 1530 2180 1585 Ita
2218 1527 2444 1599 quidem
2471 1525 2540 1582 de
2568 1524 2892 1595 hujusmodi
2932 1525 3207 1597 opusculo
3232 1532 3423 1580 censet
3462 1523 3664 1579 doctus

362 1613 545 1670 editor
582 1614 692 1687 (q);
726 1616 964 1686 ejusque
993 1618 1289 1674 sententias
1317 1618 1628 1675 subscribit
1656 1617 1992 1678 Guillelmus
2022 1619 2240 1677 Caveus
2273 1619 2369 1693 (r).
2411 1617 2555 1676 Huic
2584 1625 2770 1674 autem
2802 1615 3130 1675 Arseniana:
3152 1617 3454 1681 Doctrina,
3476 1617 3662 1686 magni

364 1724 501 1769 sane
525 1709 825 1779 faciendas,
849 1727 974 1784 quae
1004 1718 1271 1783 praeterea
1308 1711 1377 1768 de
1418 1712 1571 1770 illius
1606 1714 1787 1770 sancti
1830 1714 2052 1771 abbatis
2086 1715 2261 1785 gestis
2302 1713 2581 1784 dictisque
2610 1712 2889 1769 habentur
2924 1712 2981 1767 in
3013 1711 3515 1785 Apophthegmatis
3557 1710 3665 1765 Pa-

366 1813 513 1860 trum
548 1804 918 1863 Cotelerianis
951 1822 1017 1863 ac
1046 1806 1416 1874 Possinianis,
1452 1808 1781 1881 adiecimus.
1813 1809 1972 1878 Quod
2017 1818 2294 1882 superest,
2330 1810 2747 1868 admonendum
2792 1819 3076 1883 putamus,
3111 1809 3181 1867 de
3210 1818 3409 1867 nostro
3448 1808 3663 1869 beatis-

365 1897 511 1954 simo
541 1912 676 1956 sene
709 1899 819 1954 tria
848 1900 1204 1971 tetrasticha,
1231 1909 1287 1959 et
1318 1901 1485 1975 digna
1503 1902 1729 1974 quidem
1762 1920 1888 1977 quae
1923 1904 2204 1975 legantur,
2232 1902 2594 1963 eontexuisse
2621 1900 2892 1961 Joannem
2922 1901 3276 1959 Gcometram
3303 1902 3394 1975 (ε),
3420 1909 3663 1974 suntque

365 2008 581 2050 numm.
613 1993 772 2062 9,1θ
796 2000 848 2052 et
888 1995 977 2051 Η.

431 2142 528 2238 (In)
567 2101 844 2204 Bollaud.‘
880 2147 1005 2207 Act.
1061 2147 1201 2238 _SS.,
1252 2149 1370 2208 Jul.
1425 2159 1562 2209 tom.
1615 2151 1709 2220 ιν,
1750 2168 1805 2225 p.
1847 2151 1957 2208 617
2068 2168 2216 2238 θοιςἰ
2260 2224 2317 2238 η

367 2231 529 2427 εθξῖίξ
558 2284 813 2368 Bolland.
849 2290 894 2372 ι.⁸
914 2305 965 2347 c.
991 2306 1115 2363 pag.
1144 2291 1272 2359 6l8,
1303 2290 1331 2365 δ
1368 2293 1423 2349 '5.

449 2371 517 2437 Δο)
557 2355 794 2437 ῌιωρὴ.
824 2359 968 2437 Hist.
998 2363 1131 2418 eccl.
1164 2363 1261 2437 lib.
1290 2379 1392 2429 xu,
1422 2378 1545 2435 cap.
1579 2363 1675 2430 25,
1722 2365 1829 2422 sub
1862 2364 1958 2437 fin.

2147 2222 2221 2296 ’q)
2257 2224 2342 2349 Ed.
2377 2223 2517 2349 ibi}.
2550 2239 2678 2349 ρης.
2701 2222 2964 2348 515,ιεοι.
3086 2268 3103 2324 ..
3202 2291 3308 2349 279

2084 2228 2215 2437 i3
2251 2311 2412 2422 ηεξ.
2468 2305 3190 2437 έέερςιςξτειςιναίιξτιέεεςξί.

462 2355 517 2500 0'3
557 2355 790 2487 Nicegeh.
824 2359 968 2417 Hist.
992 2355 1131 2418 'ecEl.
1164 2355 1266 2444 lib.
1290 2355 1392 2429 fit,
1422 2378 1545 2435 cap.
1579 2363 1675 2430 25,
1722 2365 1829 2422 sub
1862 2364 1958 2422 ﬁn.
2144 2355 2215 2450 (ε)
2251 2364 2412 2422 Joan.
2468 2363 2659 2422 Geom.
2711 2355 2920 2420 Parad.
2956 2355 3190 2421 Τέιὶαῑι.
3242 2364 3296 2419 in
3345 2363 3493 2422 Bibl.
3538 2362 3660 2423 PP.

462 2444 495 2495 ρ
557 2427 691 2484 Com
770 2430 810 2488 f.
848 2431 1078 2490 Auctor.
1126 2450 1328 2490 namss.
1372 2443 1518 2500 part.
1567 2450 1604 2500 ι,
1649 2450 1812 2500 pagg.
1853 2436 1953 2492 501
2073 2434 2282 2500 Parta.
2315 2444 2450 2493 tom.
2482 2435 2628 2500 XIV,
2662 2451 2791 2500 pag.
2823 2435 2950 2491 449.

440 2427 516 2500 (ρ)
557 2427 810 2488 Combef.
848 2431 1078 2490 Auctor.
1126 2435 1328 2490 novin.
1372 2427 1518 2506 part'.
1567 2450 1604 2503 I,
1649 2427 1812 2509 pagg.
1853 2436 1953 2492 501

2084 2427 2282 2501 Ρᾰνίε..
2315 2444 2450 2493 tom.
2482 2435 2628 2501 XIV,
2662 2451 2791 2508 pag.
2823 2435 2950 2491 M9.

388 2641 1650 2678 ω

1382 2656 1389 2659 ν
1397 2643 1896 2660 *-““Μ*-“
1905 2652 1923 2659 -
1960 2650 1997 2661 -

1664 2667 1733 2677 κῆρ

1738 2651 1923 2676 τε...-
1960 2650 1997 2661 ..
2013 2650 3643 2684 ἮΜ,.Ξ³,

968 2811 1318 2930 ΤΟΥ
1471 2812 2009 2935 ΟΣΙΟΥ
2156 2800 3043 2933 ΑΡΣΕΝΙΟΥ

1744 3050 1883 3106 ΤΟΥ
1933 3051 2168 3106 ΜΕΓΑΛ
2177 3053 2268 3106 ΟΥ

1179 3211 1854 3304 ΔΙΔΑΣΚΑΛΙΑ
1927 3217 2127 3301 ΚΑΙ
2203 3216 2863 3307 ΠΑΡΑΙΝΕΣΙΣ

798 3598 1351 3715 MAGNI
1460 3595 2448 3733 SANCTIQUE
2563 3594 3256 3713 ABSENII

1113 3862 1736 3955 DOCTBINA
1824 3863 1981 3954 ET
2068 3860 2929 3959 EXHORTATIO.

448 4223 526 4278 A’.
563 4218 808 4290 Ἀδελφοί.
841 4215 934 4272 καὶ
989 4214 1263 4287 Πατέρες,
1320 4206 1522 4271 παντὸς
1572 4205 1901 4279 πράγματος
1928 4198 1975 4277 ᾧ
2003 4213 2036 4273 Δ

2147 4207 2189 4264 l.
2244 4206 2471 4263 Fratres
2513 4221 2579 4265 ac
2622 4209 2839 4276 Patres,
2905 4209 3178 4280 quidquid
3219 4210 3442 4266 tandem
3479 4209 3683 4282 aliquis

375 4317 443 4372 ἄν
461 4298 545 4381 τις
599 4309 925 4385 ἐπιχειροίη,
968 4306 1119 4365 αἰτία
1153 4323 1239 4372 τις
1265 4302 1591 4377 προηγεῖται
1626 4300 1723 4355 καὶ
1753 4299 1981 4366 σκοπὸς,

377 4408 501 4466 καθ’
531 4407 590 4463 ὃν
615 4407 936 4478 πράττεται.
965 4402 1157 4458 Αίτίαν
1173 4401 1230 4455 δὲ
1254 4395 1525 4470 τῆςὴμῶν
1553 4396 1623 4463 ἐκ
1642 4390 1739 4447 τοῦ
1768 4393 1979 4465 κόσμου

379 4499 580 4570 φυγῆς,
613 4495 873 4566 οὐδεμίαν
907 4493 1079 4565 ἄλλην
1104 4492 1357 4561 εἴποιμεν
1373 4486 1463 4553 ἂν,
1478 4486 1513 4558 ἢ
1548 4484 1650 4557 τὴν
1672 4485 1772 4558 τῆς
1796 4484 1981 4556 ψυχῆς

378 4591 670 4660 κάθαρσιν,
709 4589 801 4644 καὶ
821 4587 917 4660 τὴν
949 4588 1158 4642 ἐκεῖθεν
1189 4584 1464 4657 ἑπομένην
1487 4582 1660 4653 αὐτῆς
1680 4584 1979 4655 σωτηρίαν.

378 4685 751 4741 Σπουδασεέον
808 4676 903 4736 οὖν
958 4682 1090 4753 ἡμῖν
1150 4680 1252 4749 ὅση
1284 4677 1517 4749 δύναμις
1558 4677 1788 4739 ἑαυτοὺς
1820 4676 1985 4730 ὲκκα-

380 4761 588 4851 θάραιί
624 4776 723 4831 καὶ
780 4774 983 4847 μᾶλλον
1027 4773 1117 4828 τὸν
1151 4772 1304 4836 ἐντὸς
1357 4769 1666 4844 ἄνθρωπον,
1697 4767 1829 4823 ἔνθα
1862 4767 1929 4841 δὴ
1954 4768 1985 4821 ὁ

380 4869 617 4940 πόλεμος
648 4864 873 4938 μείζων,
930 4863 1026 4918 καὶ
1065 4864 1098 4935 ἡ
1145 4862 1272 4935 νίκη
1321 4860 1744 4934 δυσχερεστέρα.
1789 4861 1985 4915 Πολλοὶ

381 4962 492 5034 γᾰρ
520 4962 682 5025 εἰσιν,
709 4955 762 5012 οἳ
816 4956 946 5028 περὶ
988 4955 1090 5028 μὲν
1130 4953 1428 5027 μολυσμῶν
1487 4954 1712 5027 σαρκὸς,
1761 4953 1985 5026 καὶτῆς

380 5054 504 5109 κατ’
530 5050 815 5123 ἐνέργειαν
858 5047 1156 5120 ἁμαρτίας,
1196 5046 1328 5100 πολὺ
1380 5047 1444 5101 τὸ
1480 5046 1748 5120 ἐγκρατὲς
1774 5045 1985 5100 ἐπεδεί-

384 5146 575 5213 ξαντο,
618 5142 898 5218 νηστείαις
952 5141 1290 5212 ἐχρήσαντο,
1342 5140 1435 5193 καί
1484 5140 1839 5212 ἀγρυπνίαις,
1890 5140 1987 5193 καὶ

383 5240 575 5301 ἄλλαις
593 5236 749 5301 ὅσαις
776 5232 1176 5297 κακοπαθείαις
1193 5248 1207 5265 ο
1231 5232 1362 5303 περὶ
1384 5232 1443 5286 δὲ
1460 5227 1553 5286 τοῦ
1582 5232 1724 5287 κατὰ
1745 5231 1986 5286 διάνοιαν

393 5327 700 5404 μολυσμοῦ,
735 5329 833 5383 καὶ⁹
876 5326 981 5398 τῆς
1039 5324 1289 5390 ἐντελοῦς
1353 5324 1695 5397 καθάρσεως,
1735 5325 1909 5392 οὐδὲν,
1951 5324 1984 5395 ἢ

384 5426 546 5496 ὀλίγα
576 5421 857 5488 παντελῶς
886 5421 1241 5495 ἑφρόντισανυ
1268 5417 1513 5489 καίτοιγε
1542 5417 1637 5473 τοῦ
1665 5417 1983 5492 παραγγέλ-

390 5533 560 5590 ματος
592 5516 655 5570 οὺ
683 5514 815 5588 περὶ
844 5514 1166 5587 καθάρσεως
1205 5509 1302 5565 τοῦ
1338 5512 1438 5584 τῆς
1476 5509 1678 5582 σαρκὸς
1703 5509 1982 5581 μολυσμοῦ

391 5582 572 5682 μόνον,
595 5607 735 5662 ἀλλὰ
762 5582 863 5662 καὶ
902 5582 1031 5680 περὶ
1053 5606 1150 5661 τοῦ
1174 5582 1485 5676 πνεύμασος
1513 5602 1749 5674 ἔχοντος.
1772 5604 1846 5657 Οὐ
1879 5601 1986 5673 μὴν
2016 5582 2059 5637 Β

388 5702 527 5757 ἀλλὰ
554 5703 651 5757 καὶ
674 5699 771 5755 τοῦ
806 5700 1066 5772 πορνείαν
1103 5699 1204 5772 μὲν
1236 5698 1333 5753 καὶ
1377 5696 1476 5767 τὴν
1510 5695 1679 5768 ἄλλην
1723 5696 1985 5765 ἐκφυγεῖν

269 5783 276 5793 ’
387 5792 761 5865 ἡδυπάθειαν,
805 5791 1024 5856 πολλοῖς
1079 5790 1320 5862 ἐμέλησε
1355 5804 1371 5821 θ
1438 5787 1579 5843 ὥστε
1641 5786 1825 5858 μέντοι
1876 5785 1986 5839 τῶν

392 5887 782 5963 κρυφιωτέρων
817 5884 1029 5953 παθῶν,
1080 5879 1195 5940 οἷον
1243 5884 1474 5956 φθόνου,
1510 5881 1838 5953 φιλοδοξίας,
1870 5883 1978 5952 οἰή-

2083 4300 2296 4374 negotii
2336 4300 2714 4372 aggrediatur,
2746 4300 2892 4357 ratio
2924 4301 3113 4372 aliqua
3150 4300 3393 4371 ﬁnisque
3419 4302 3682 4373 proprius

2083 4401 2291 4467 praeeat
2313 4409 2545 4452 necesse
2571 4402 2679 4462 est,
2717 4410 2830 4467 quo
2881 4410 2942 4451 se
2983 4395 3140 4467 operi
3176 4395 3452 4466 accingat.
3481 4391 3682 4450 Ratio-

2085 4504 2210 4547 nem
2241 4504 2373 4547 vero
2416 4504 2482 4545 ac
2523 4503 2776 4559 causam,
2826 4505 2929 4546 cur
2970 4506 3001 4545 a
3048 4489 3252 4547 saeculo
3286 4487 3473 4561 fugam
3517 4487 3683 4544 nobis

2084 4584 2385 4642 ineundam
2451 4584 2765 4652 duximus,
2835 4584 3044 4640 nullam
3108 4581 3275 4638 aliam
3346 4582 3678 4645 dixerimus,

2086 4694 2255 4751 quam
2304 4686 2366 4735 ut
2413 4678 2662 4733 animum
2711 4676 3104 4741 emundantes,
3142 4690 3269 4748 qua:
3316 4675 3449 4732 huic
3492 4689 3683 4732 comes

2085 4781 2173 4829 est
2201 4771 2606 4837 emundationi,
2636 4772 2870 4829 salutem
2893 4784 3329 4840 consequamur.
3351 4769 3682 4826 Adhibenda

2042 4866 2257 4938 ,igitur
2310 4865 2474 4921 nobis
2534 4879 2636 4936 pro
2683 4864 2831 4921 virili
2893 4863 3204 4936 diligentia,
3251 4869 3314 4919 ut
3369 4878 3473 4920 nos
3528 4863 3684 4935 ipsos

2086 4958 2475 5024 emundemtts,
2507 4959 2815 5029 praesertim
2845 4972 2976 5012 vero
3013 4955 3335 5014 interiorem
3368 4956 3677 5019 hominem,

2087 5067 2259 5124 penes
2293 5066 2460 5123 quem
2491 5059 2547 5106 et
2583 5049 2807 5122 gravior
2829 5039 3102 5103 incumbit
3131 5048 3260 5105 belli
3293 5046 3490 5112 moles,
3516 5054 3572 5102 et
3604 5047 3682 5102 vi-

2089 5147 2267 5203 ctoria
2296 5144 2582 5201 difﬁcilior
2621 5151 2728 5201 est.
2762 5141 2905 5197 Sunt
2940 5140 3089 5199 enim
3134 5140 3316 5204 multi,
3352 5139 3445 5212 qui
3487 5155 3685 5196 emun—

2089 5239 2289 5296 dandis
2313 5237 2632 5295 carnalibus
2664 5236 2948 5300 sordibus,
2974 5250 3040 5290 ac
3072 5242 3300 5304 peccato
3338 5233 3486 5305 quod
3518 5247 3687 5304 opere

2088 5341 2410 5403 praestatur,
2436 5329 2801 5396 eliminando,
2829 5328 3192 5384 continentiae
3235 5327 3538 5399 plurimum
3587 5341 3684 5382 ex-

2088 5424 2412 5490 hibuerunt,
2449 5424 2772 5497 jejuniaque
2819 5431 2875 5477 et
2921 5421 3137 5493 vigilias
3187 5421 3582 5484 adhibuerunt,
3620 5433 3684 5473 ac

2088 5520 2320 5590 reliquis
2381 5527 2610 5574 strenue
2669 5515 2920 5588 corporis
2989 5513 3439 5570 aﬁlictationibus
3505 5510 3687 5568 functi

2090 5615 2256 5675 sunt;
2292 5606 2359 5662 ad
2400 5607 2571 5661 animi
2614 5615 2798 5663 autem
2829 5605 3026 5662 sordes
3057 5605 3205 5676 quod
3259 5605 3475 5672 attinet,
3506 5602 3687 5673 perfe-

2091 5709 2349 5769 ctamque
2376 5699 2850 5764 emundationem,
2882 5698 3023 5753 nihil
3065 5706 3160 5754 aut
3204 5712 3394 5769 parum
3424 5694 3558 5767 quid
3586 5694 3686 5751 ad-

2093 5791 2319 5847 modum
2374 5799 2745 5857 curaverunt;
2801 5804 3118 5861 quanquam
3166 5803 3276 5843 non
3330 5788 3385 5843 in
3430 5803 3498 5845 eo
3526 5787 3689 5844 nobis

2092 5881 2198 5936 sita
2226 5877 2497 5950 professio
2532 5887 2639 5946 cst,
2672 5888 2734 5936 ut
2760 5882 2947 5936 carnis
2979 5878 3391 5946 duntaxat,sed
3429 5888 3487 5935 ut
3520 5878 3683 5935 etiam
