  <div class='ocr_page' id='page_1' title='image "/cluster/home/n/w/nwhite01/storage/ocr_20150623/66/coo.31924054869676/817.png"; bbox 0 0 4134 6470; ppageno 0'>
   <div class='ocr_carea' id='block_1_1' title="bbox 471 367 612 427">
    <p class='ocr_par' dir='ltr' id='par_1_1' title="bbox 471 367 612 427">
     <span class='ocr_line' id='line_1_1' title="bbox 471 367 612 427; baseline -0.028 0"><span class='ocrx_word' id='word_1_1' title='bbox 471 367 612 427; x_wconf 66' lang='grc'><strong>1619</strong></span> 
     </span>
    </p>
   </div>
   <div class='ocr_carea' id='block_1_2' title="bbox 1678 363 2432 425">
    <p class='ocr_par' dir='ltr' id='par_1_2' title="bbox 1678 363 2432 425">
     <span class='ocr_line' id='line_1_2' title="bbox 1678 363 2432 425; baseline -0.001 -2"><span class='ocrx_word' id='word_1_2' title='bbox 1678 366 1736 423; x_wconf 89' lang='lat' dir='ltr'><strong>S.</strong></span> <span class='ocrx_word' id='word_1_3' title='bbox 1785 363 2063 425; x_wconf 76' lang='lat' dir='ltr'><strong>ARSEMI</strong></span> <span class='ocrx_word' id='word_1_4' title='bbox 2101 363 2432 422; x_wconf 71' lang='grc' dir='ltr'><strong>ΕΒΕΜΙΤᾸΞ</strong></span> 
     </span>
    </p>
   </div>
   <div class='ocr_carea' id='block_1_3' title="bbox 3610 375 3755 430">
    <p class='ocr_par' dir='ltr' id='par_1_3' title="bbox 3610 375 3755 430">
     <span class='ocr_line' id='line_1_3' title="bbox 3610 375 3755 430; baseline 0.007 -1"><span class='ocrx_word' id='word_1_5' title='bbox 3610 375 3755 430; x_wconf 66' lang='grc'><strong>1620</strong></span> 
     </span>
    </p>
   </div>
   <div class='ocr_carea' id='block_1_4' title="bbox 466 478 2038 561">
    <p class='ocr_par' dir='ltr' id='par_1_4' title="bbox 466 478 2038 555">
     <span class='ocr_line' id='line_1_4' title="bbox 466 478 2038 555; baseline -0.003 -16"><span class='ocrx_word' id='word_1_6' title='bbox 466 484 700 555; x_wconf 69' lang='lat' dir='ltr'><strong>Spiritus</strong></span> <span class='ocrx_word' id='word_1_7' title='bbox 731 483 1112 540; x_wconf 88' lang='lat' dir='ltr'><strong>cmundationi</strong></span> <span class='ocrx_word' id='word_1_8' title='bbox 1141 481 1485 539; x_wconf 87' lang='lat' dir='ltr'><strong>studeamus.</strong></span> <span class='ocrx_word' id='word_1_9' title='bbox 1512 479 1681 550; x_wconf 80' lang='lat' dir='ltr'><strong>Atqui</strong></span> <span class='ocrx_word' id='word_1_10' title='bbox 1708 478 1900 535; x_wconf 90' lang='lat' dir='ltr'><strong>multis</strong></span> <span class='ocrx_word' id='word_1_11' title='bbox 1924 494 2038 536; x_wconf 83' lang='lat' dir='ltr'><strong>sam</strong></span> 
     </span>
    </p>
   </div>
   <div class='ocr_carea' id='block_1_5' title="bbox 2141 478 3751 561">
    <p class='ocr_par' dir='ltr' id='par_1_5' title="bbox 2162 482 3751 561">
     <span class='ocr_line' id='line_1_5' title="bbox 2162 482 3751 561; baseline 0.006 -27"><span class='ocrx_word' id='word_1_12' title='bbox 2162 499 2320 544; x_wconf 85' lang='grc' dir='ltr'>σεως.</span> <span class='ocrx_word' id='word_1_13' title='bbox 2354 482 2653 553; x_wconf 80' lang='grc' dir='ltr'>χρημάτων</span> <span class='ocrx_word' id='word_1_14' title='bbox 2693 484 2896 555; x_wconf 74' lang='grc' dir='ltr'>ἔρωτος</span> <span class='ocrx_word' id='word_1_15' title='bbox 2922 501 2936 515; x_wconf 79' lang='grc'><em>’</em></span> <span class='ocrx_word' id='word_1_16' title='bbox 2983 486 3078 539; x_wconf 78' lang='grc' dir='ltr'>καὶ</span> <span class='ocrx_word' id='word_1_17' title='bbox 3106 486 3204 541; x_wconf 79' lang='grc' dir='ltr'>τοῦ</span> <span class='ocrx_word' id='word_1_18' title='bbox 3236 487 3456 542; x_wconf 86' lang='grc' dir='ltr'>πάντων</span> <span class='ocrx_word' id='word_1_19' title='bbox 3482 489 3751 561; x_wconf 86' lang='grc' dir='ltr'>χείρονος,</span> 
     </span>
    </p>
   </div>
   <div class='ocr_carea' id='block_1_6' title="bbox 464 572 2053 643">
    <p class='ocr_par' dir='ltr' id='par_1_6' title="bbox 464 572 2053 643">
     <span class='ocr_line' id='line_1_6' title="bbox 464 572 2053 643; baseline -0.004 -13"><span class='ocrx_word' id='word_1_20' title='bbox 464 589 530 630; x_wconf 85' lang='lat' dir='ltr'><strong>ea</strong></span> <span class='ocrx_word' id='word_1_21' title='bbox 557 575 789 631; x_wconf 85' lang='lat' dir='ltr'><strong>incessit</strong></span> <span class='ocrx_word' id='word_1_22' title='bbox 822 590 977 643; x_wconf 86' lang='lat' dir='ltr'><strong>cura,</strong></span> <span class='ocrx_word' id='word_1_23' title='bbox 1009 585 1069 630; x_wconf 90' lang='lat' dir='ltr'><strong>ut</strong></span> <span class='ocrx_word' id='word_1_24' title='bbox 1097 573 1494 630; x_wconf 88' lang='lat' dir='ltr'><strong>scortationem</strong></span> <span class='ocrx_word' id='word_1_25' title='bbox 1537 586 1603 626; x_wconf 90' lang='lat' dir='ltr'><strong>ac</strong></span> <span class='ocrx_word' id='word_1_26' title='bbox 1635 572 1892 627; x_wconf 81' lang='lat' dir='ltr'><strong>carnales</strong></span> <span class='ocrx_word' id='word_1_27' title='bbox 1924 572 2053 626; x_wconf 91' lang='lat' dir='ltr'><strong>reli-</strong></span> 
     </span>
    </p>
   </div>
   <div class='ocr_carea' id='block_1_7' title="bbox 466 665 2056 737">
    <p class='ocr_par' dir='ltr' id='par_1_7' title="bbox 466 665 2056 737">
     <span class='ocr_line' id='line_1_7' title="bbox 466 665 2056 737; baseline -0.001 -17"><span class='ocrx_word' id='word_1_28' title='bbox 466 682 604 737; x_wconf 89' lang='lat' dir='ltr'><strong>quas</strong></span> <span class='ocrx_word' id='word_1_29' title='bbox 643 667 900 723; x_wconf 83' lang='lat' dir='ltr'><strong>libidines</strong></span> <span class='ocrx_word' id='word_1_30' title='bbox 950 666 1294 736; x_wconf 83' lang='lat' dir='ltr'><strong>aﬂ&#39;ectusque</strong></span> <span class='ocrx_word' id='word_1_31' title='bbox 1321 665 1615 735; x_wconf 77' lang='lat' dir='ltr'><strong>diligenter</strong></span> <span class='ocrx_word' id='word_1_32' title='bbox 1663 671 1966 718; x_wconf 85' lang='lat' dir='ltr'><strong>caverent:</strong></span> <span class='ocrx_word' id='word_1_33' title='bbox 1997 672 2056 718; x_wconf 92' lang='lat' dir='ltr'><strong>ut</strong></span> 
     </span>
    </p>
   </div>
   <div class='ocr_carea' id='block_1_8' title="bbox 466 753 2053 825">
    <p class='ocr_par' dir='ltr' id='par_1_8' title="bbox 466 753 2053 825">
     <span class='ocr_line' id='line_1_8' title="bbox 466 753 2053 825; baseline -0.004 -13"><span class='ocrx_word' id='word_1_34' title='bbox 466 765 648 812; x_wconf 81' lang='lat' dir='ltr'><strong>autem</strong></span> <span class='ocrx_word' id='word_1_35' title='bbox 677 757 983 812; x_wconf 86' lang='lat' dir='ltr'><strong>occultiora</strong></span> <span class='ocrx_word' id='word_1_36' title='bbox 1014 756 1145 812; x_wconf 85' lang='lat' dir='ltr'><strong>vitia</strong></span> <span class='ocrx_word' id='word_1_37' title='bbox 1177 757 1451 819; x_wconf 90' lang='lat' dir='ltr'><strong>eluerent,</strong></span> <span class='ocrx_word' id='word_1_38' title='bbox 1491 764 1621 825; x_wconf 89' lang='lat' dir='ltr'><strong>puta</strong></span> <span class='ocrx_word' id='word_1_39' title='bbox 1656 753 1896 817; x_wconf 65' lang='lat' dir='ltr'><strong>invidiae,</strong></span> <span class='ocrx_word' id='word_1_40' title='bbox 1932 755 2053 807; x_wconf 84' lang='lat' dir='ltr'><strong>ina-</strong></span> 
     </span>
    </p>
   </div>
   <div class='ocr_carea' id='block_1_9' title="bbox 461 846 2052 920">
    <p class='ocr_par' dir='ltr' id='par_1_9' title="bbox 461 846 2052 920">
     <span class='ocr_line' id='line_1_9' title="bbox 461 846 2052 920; baseline -0.001 -20"><span class='ocrx_word' id='word_1_41' title='bbox 461 847 552 901; x_wconf 85' lang='lat' dir='ltr'><strong>nis</strong></span> <span class='ocrx_word' id='word_1_42' title='bbox 587 849 797 919; x_wconf 66' lang='lat' dir='ltr'><strong>glorize,</strong></span> <span class='ocrx_word' id='word_1_43' title='bbox 831 865 989 904; x_wconf 65' lang='lat' dir='ltr'><strong>vanae</strong></span> <span class='ocrx_word' id='word_1_44' title='bbox 1025 866 1141 906; x_wconf 66' lang='lat' dir='ltr'><strong>sua&quot;:</strong></span> <span class='ocrx_word' id='word_1_45' title='bbox 1170 847 1453 920; x_wconf 75' lang='lat' dir='ltr'><strong>Opinionis</strong></span> <span class='ocrx_word' id='word_1_46' title='bbox 1483 855 1537 902; x_wconf 88' lang='lat' dir='ltr'><strong>et</strong></span> <span class='ocrx_word' id='word_1_47' title='bbox 1561 846 1865 916; x_wconf 70' lang='lat' dir='ltr'><strong>jactantize,</strong></span> <span class='ocrx_word' id='word_1_48' title='bbox 1899 860 2052 899; x_wconf 88' lang='lat' dir='ltr'><strong>amo-</strong></span> 
     </span>
    </p>
   </div>
   <div class='ocr_carea' id='block_1_10' title="bbox 460 934 2048 1010">
    <p class='ocr_par' dir='ltr' id='par_1_10' title="bbox 460 934 2048 1010">
     <span class='ocr_line' id='line_1_10' title="bbox 460 934 2048 1010; baseline -0.006 -11"><span class='ocrx_word' id='word_1_49' title='bbox 460 938 541 999; x_wconf 75' lang='lat' dir='ltr'><strong>ris</strong></span> <span class='ocrx_word' id='word_1_50' title='bbox 579 941 964 1009; x_wconf 83' lang='lat' dir='ltr'><strong>pecuniarum,</strong></span> <span class='ocrx_word' id='word_1_51' title='bbox 1007 941 1372 1010; x_wconf 90' lang='lat' dir='ltr'><strong>omniumque</strong></span> <span class='ocrx_word' id='word_1_52' title='bbox 1417 939 1679 994; x_wconf 87' lang='lat' dir='ltr'><strong>vitiorum</strong></span> <span class='ocrx_word' id='word_1_53' title='bbox 1738 934 2048 1000; x_wconf 85' lang='lat' dir='ltr'><strong>deterrimi,</strong></span> 
     </span>
    </p>
   </div>
   <div class='ocr_carea' id='block_1_11' title="bbox 461 1027 2051 1105">
    <p class='ocr_par' dir='ltr' id='par_1_11' title="bbox 461 1027 2051 1105">
     <span class='ocr_line' id='line_1_11' title="bbox 461 1027 2051 1105; baseline -0.003 -21"><span class='ocrx_word' id='word_1_54' title='bbox 461 1032 754 1100; x_wconf 71' lang='lat' dir='ltr'><strong>superbite,</strong></span> <span class='ocrx_word' id='word_1_55' title='bbox 786 1048 960 1105; x_wconf 84' lang='lat' dir='ltr'><strong>seque</strong></span> <span class='ocrx_word' id='word_1_56' title='bbox 987 1033 1187 1089; x_wconf 91' lang='lat' dir='ltr'><strong>horum</strong></span> <span class='ocrx_word' id='word_1_57' title='bbox 1229 1032 1480 1087; x_wconf 84' lang='lat' dir='ltr'><strong>molestia</strong></span> <span class='ocrx_word' id='word_1_58' title='bbox 1528 1031 1852 1093; x_wconf 88' lang='lat' dir='ltr'><strong>liberarent,</strong></span> <span class='ocrx_word' id='word_1_59' title='bbox 1889 1027 2051 1097; x_wconf 88' lang='lat' dir='ltr'><strong>pauci</strong></span> 
     </span>
    </p>
   </div>
   <div class='ocr_carea' id='block_1_12' title="bbox 459 1120 2052 1183">
    <p class='ocr_par' dir='ltr' id='par_1_12' title="bbox 459 1120 2052 1183">
     <span class='ocr_line' id='line_1_12' title="bbox 459 1120 2052 1183; baseline -0.002 -8"><span class='ocrx_word' id='word_1_60' title='bbox 459 1122 755 1183; x_wconf 87' lang='lat' dir='ltr'><strong>admodum</strong></span> <span class='ocrx_word' id='word_1_61' title='bbox 801 1140 1095 1181; x_wconf 89' lang='lat' dir='ltr'><strong>curavere.</strong></span> <span class='ocrx_word' id='word_1_62' title='bbox 1129 1124 1270 1179; x_wconf 82' lang='lat' dir='ltr'><strong>Hinc</strong></span> <span class='ocrx_word' id='word_1_63' title='bbox 1316 1123 1374 1178; x_wconf 92' lang='lat' dir='ltr'><strong>fit</strong></span> <span class='ocrx_word' id='word_1_64' title='bbox 1411 1131 1472 1181; x_wconf 90' lang='lat' dir='ltr'><strong>ut</strong></span> <span class='ocrx_word' id='word_1_65' title='bbox 1518 1121 1752 1178; x_wconf 91' lang='lat' dir='ltr'><strong>dimidio</strong></span> <span class='ocrx_word' id='word_1_66' title='bbox 1798 1120 2052 1175; x_wconf 82' lang='lat' dir='ltr'><strong>mutilam</strong></span> 
     </span>
    </p>
   </div>
   <div class='ocr_carea' id='block_1_13' title="bbox 2160 571 3753 648">
    <p class='ocr_par' dir='ltr' id='par_1_13' title="bbox 2160 571 3753 648">
     <span class='ocr_line' id='line_1_13' title="bbox 2160 571 3753 648; baseline 0.006 -25"><span class='ocrx_word' id='word_1_67' title='bbox 2160 571 2569 642; x_wconf 76' lang='grc' dir='ltr'>ὑπερηφανείας</span> <span class='ocrx_word' id='word_1_68' title='bbox 2593 587 2607 599; x_wconf 82' lang='grc'><strong>’</strong></span> <span class='ocrx_word' id='word_1_69' title='bbox 2664 574 2869 629; x_wconf 84' lang='grc' dir='ltr'>τούτων</span> <span class='ocrx_word' id='word_1_70' title='bbox 2903 576 3164 645; x_wconf 79' lang='grc' dir='ltr'>ἐκφυγεῖν</span> <span class='ocrx_word' id='word_1_71' title='bbox 3201 576 3302 641; x_wconf 80' lang='grc' dir='ltr'><strong>τάς</strong></span> <span class='ocrx_word' id='word_1_72' title='bbox 3344 577 3615 648; x_wconf 76' lang='grc' dir='ltr'><strong>ὀχλήσεις,</strong></span> <span class='ocrx_word' id='word_1_73' title='bbox 3648 579 3753 631; x_wconf 85' lang='grc' dir='ltr'>ὀλί-</span> 
     </span>
    </p>
   </div>
   <div class='ocr_carea' id='block_1_14' title="bbox 2159 662 3757 742">
    <p class='ocr_par' dir='ltr' id='par_1_14' title="bbox 2159 662 3757 742">
     <span class='ocr_line' id='line_1_14' title="bbox 2159 662 3757 742; baseline 0.006 -29"><span class='ocrx_word' id='word_1_74' title='bbox 2159 678 2249 729; x_wconf 92' lang='grc' dir='ltr'><strong>γοι</strong></span> <span class='ocrx_word' id='word_1_75' title='bbox 2298 662 2495 733; x_wconf 84' lang='grc' dir='ltr'>κομιδῇ</span> <span class='ocrx_word' id='word_1_76' title='bbox 2554 666 2982 736; x_wconf 80' lang='grc' dir='ltr'>πεφροντήκασι.</span> <span class='ocrx_word' id='word_1_77' title='bbox 3022 668 3292 742; x_wconf 82' lang='grc' dir='ltr'>Ταύτῃτοι</span> <span class='ocrx_word' id='word_1_78' title='bbox 3343 669 3442 740; x_wconf 75' lang='grc' dir='ltr'>τὴν</span> <span class='ocrx_word' id='word_1_79' title='bbox 3482 670 3757 741; x_wconf 77' lang='grc' dir='ltr'><strong>κάθαρσιν</strong></span> 
     </span>
    </p>
   </div>
   <div class='ocr_carea' id='block_1_15' title="bbox 2158 753 3756 832">
    <p class='ocr_par' dir='ltr' id='par_1_15' title="bbox 2158 753 3756 832">
     <span class='ocr_line' id='line_1_15' title="bbox 2158 753 3756 832; baseline 0.006 -26"><span class='ocrx_word' id='word_1_80' title='bbox 2158 753 2219 820; x_wconf 73' lang='grc' dir='ltr'><strong>ἐξ</strong></span> <span class='ocrx_word' id='word_1_81' title='bbox 2249 754 2504 824; x_wconf 78' lang='grc' dir='ltr'><strong>ἡμισείας</strong></span> <span class='ocrx_word' id='word_1_82' title='bbox 2538 755 2752 826; x_wconf 78' lang='grc' dir='ltr'>ἔχουσιν</span> <span class='ocrx_word' id='word_1_83' title='bbox 2780 754 2925 813; x_wconf 74' lang='grc' dir='ltr'>οὗτοι</span> <span class='ocrx_word' id='word_1_84' title='bbox 2949 775 2963 788; x_wconf 92' lang='grc'><strong>·</strong></span> <span class='ocrx_word' id='word_1_85' title='bbox 2993 760 3195 830; x_wconf 79' lang='grc' dir='ltr'>μᾶλλον</span> <span class='ocrx_word' id='word_1_86' title='bbox 3223 762 3302 826; x_wconf 83' lang='grc' dir='ltr'>δὲ,</span> <span class='ocrx_word' id='word_1_87' title='bbox 3327 761 3407 832; x_wconf 82' lang='grc' dir='ltr'>τῷ</span> <span class='ocrx_word' id='word_1_88' title='bbox 3428 762 3633 815; x_wconf 81' lang='grc' dir='ltr'>πλείονι</span> <span class='ocrx_word' id='word_1_89' title='bbox 3657 764 3756 816; x_wconf 76' lang='grc' dir='ltr'>καὶ</span> 
     </span>
    </p>
   </div>
   <div class='ocr_carea' id='block_1_16' title="bbox 2158 847 3756 925">
    <p class='ocr_par' dir='ltr' id='par_1_16' title="bbox 2158 847 3756 925">
     <span class='ocr_line' id='line_1_16' title="bbox 2158 847 3756 925; baseline 0.008 -27"><span class='ocrx_word' id='word_1_90' title='bbox 2158 847 2481 917; x_wconf 85' lang='grc' dir='ltr'>κυριωτέρῳ</span> <span class='ocrx_word' id='word_1_91' title='bbox 2542 848 2701 920; x_wconf 87' lang='grc' dir='ltr'>μέρει</span> <span class='ocrx_word' id='word_1_92' title='bbox 2735 848 3039 923; x_wconf 77' lang='grc' dir='ltr'><strong>ἀκάθαρτοι</strong></span> <span class='ocrx_word' id='word_1_93' title='bbox 3096 856 3441 925; x_wconf 81' lang='grc' dir='ltr'>μεμενήκασι</span> <span class='ocrx_word' id='word_1_94' title='bbox 3467 871 3481 884; x_wconf 82' lang='lat'><strong><em>°</em></strong></span> <span class='ocrx_word' id='word_1_95' title='bbox 3514 857 3607 909; x_wconf 76' lang='grc' dir='ltr'>καὶ</span> <span class='ocrx_word' id='word_1_96' title='bbox 3637 850 3756 911; x_wconf 73' lang='grc' dir='ltr'>οἷον</span> 
     </span>
    </p>
   </div>
   <div class='ocr_carea' id='block_1_17' title="bbox 2158 937 3757 1016">
    <p class='ocr_par' dir='ltr' id='par_1_17' title="bbox 2158 937 3757 1016">
     <span class='ocr_line' id='line_1_17' title="bbox 2158 937 3757 1016; baseline 0.006 -26"><span class='ocrx_word' id='word_1_97' title='bbox 2158 937 2477 1008; x_wconf 80' lang='grc' dir='ltr'><strong>ἀνδριάντες</strong></span> <span class='ocrx_word' id='word_1_98' title='bbox 2514 939 2673 1003; x_wconf 74' lang='grc' dir='ltr'>εἰσὶν,</span> <span class='ocrx_word' id='word_1_99' title='bbox 2702 940 2752 993; x_wconf 84' lang='grc' dir='ltr'><strong>οἶ</strong></span> <span class='ocrx_word' id='word_1_100' title='bbox 2786 941 2985 1005; x_wconf 74' lang='grc' dir='ltr'>ἔξωθεν</span> <span class='ocrx_word' id='word_1_101' title='bbox 3021 944 3120 1013; x_wconf 83' lang='grc' dir='ltr'>μὲν</span> <span class='ocrx_word' id='word_1_102' title='bbox 3162 944 3240 1013; x_wconf 81' lang='grc' dir='ltr'>τῷ</span> <span class='ocrx_word' id='word_1_103' title='bbox 3270 944 3457 1016; x_wconf 85' lang='grc' dir='ltr'>χρυσῷ</span> <span class='ocrx_word' id='word_1_104' title='bbox 3491 946 3757 1011; x_wconf 77' lang='grc' dir='ltr'>πολλάκις</span> 
     </span>
    </p>
   </div>
   <div class='ocr_carea' id='block_1_18' title="bbox 2158 1028 3758 1109">
    <p class='ocr_par' dir='ltr' id='par_1_18' title="bbox 2158 1028 3758 1109">
     <span class='ocr_line' id='line_1_18' title="bbox 2158 1028 3758 1109; baseline 0.007 -28"><span class='ocrx_word' id='word_1_105' title='bbox 2158 1028 2192 1100; x_wconf 80' lang='grc' dir='ltr'>ἢ</span> <span class='ocrx_word' id='word_1_106' title='bbox 2218 1028 2314 1082; x_wconf 74' lang='grc' dir='ltr'><strong>καὶ</strong></span> <span class='ocrx_word' id='word_1_107' title='bbox 2340 1028 2533 1100; x_wconf 80' lang='grc' dir='ltr'>χαλκῷ</span> <span class='ocrx_word' id='word_1_108' title='bbox 2574 1031 2872 1097; x_wconf 78' lang='grc' dir='ltr'>στίλϐουσι,</span> <span class='ocrx_word' id='word_1_109' title='bbox 2899 1034 2969 1087; x_wconf 82' lang='grc' dir='ltr'><strong>τά</strong></span> <span class='ocrx_word' id='word_1_110' title='bbox 2996 1034 3053 1087; x_wconf 83' lang='grc' dir='ltr'>δὲ</span> <span class='ocrx_word' id='word_1_111' title='bbox 3081 1032 3253 1097; x_wconf 74' lang='grc' dir='ltr'>ἔνδον,</span> <span class='ocrx_word' id='word_1_112' title='bbox 3283 1037 3628 1109; x_wconf 70' lang='grc' dir='ltr'><strong>ἀκαθαρσίας</strong></span> <span class='ocrx_word' id='word_1_113' title='bbox 3657 1040 3758 1092; x_wconf 74' lang='grc' dir='ltr'>καὶ</span> 
     </span>
    </p>
   </div>
   <div class='ocr_carea' id='block_1_19' title="bbox 2161 1118 3483 1196">
    <p class='ocr_par' dir='ltr' id='par_1_19' title="bbox 2161 1118 3483 1196">
     <span class='ocr_line' id='line_1_19' title="bbox 2161 1118 3483 1196; baseline 0.01 -26"><span class='ocrx_word' id='word_1_114' title='bbox 2161 1118 2293 1189; x_wconf 79' lang='grc' dir='ltr'>ὕλης</span> <span class='ocrx_word' id='word_1_115' title='bbox 2326 1119 2508 1190; x_wconf 81' lang='grc' dir='ltr'><strong>πάσης</strong></span> <span class='ocrx_word' id='word_1_116' title='bbox 2538 1119 2705 1190; x_wconf 79' lang='grc' dir='ltr'>ἄλλης</span> <span class='ocrx_word' id='word_1_117' title='bbox 2738 1122 3097 1193; x_wconf 82' lang='grc' dir='ltr'><strong>πεπλήρωται</strong></span> <span class='ocrx_word' id='word_1_118' title='bbox 3117 1124 3483 1196; x_wconf 81' lang='grc' dir='ltr'>φαυλοτάτης.</span> 
     </span>
    </p>
   </div>
   <div class='ocr_carea' id='block_1_20' title="bbox 455 1212 3759 1292">
    <p class='ocr_par' dir='ltr' id='par_1_20' title="bbox 455 1212 3759 1292">
     <span class='ocr_line' id='line_1_20' title="bbox 455 1212 3759 1292; baseline 0.003 -21"><span class='ocrx_word' id='word_1_119' title='bbox 455 1215 517 1273; x_wconf 89' lang='lat' dir='ltr'><strong>hi</strong></span> <span class='ocrx_word' id='word_1_120' title='bbox 549 1218 995 1273; x_wconf 90' lang='lat' dir='ltr'><strong>emundationem</strong></span> <span class='ocrx_word' id='word_1_121' title='bbox 1024 1218 1342 1285; x_wconf 86' lang='lat' dir='ltr'><strong>obtineant;</strong></span> <span class='ocrx_word' id='word_1_122' title='bbox 1379 1216 1513 1287; x_wconf 90' lang='lat' dir='ltr'><strong>quin</strong></span> <span class='ocrx_word' id='word_1_123' title='bbox 1550 1216 1663 1269; x_wconf 89' lang='lat' dir='ltr'><strong>imo</strong></span> <span class='ocrx_word' id='word_1_124' title='bbox 1700 1213 1898 1284; x_wconf 85' lang='lat' dir='ltr'><strong>majori</strong></span> <span class='ocrx_word' id='word_1_125' title='bbox 1941 1212 2253 1283; x_wconf 86' lang='lat' dir='ltr'><strong>potiorique</strong></span> <span class='ocrx_word' id='word_1_126' title='bbox 2286 1220 2441 1282; x_wconf 81' lang='lat' dir='ltr'><strong>parte</strong></span> <span class='ocrx_word' id='word_1_127' title='bbox 2507 1214 2776 1269; x_wconf 88' lang='lat' dir='ltr'><strong>immundi</strong></span> <span class='ocrx_word' id='word_1_128' title='bbox 2844 1227 3203 1287; x_wconf 82' lang='lat' dir='ltr'><strong>perseverant</strong></span> <span class='ocrx_word' id='word_1_129' title='bbox 3235 1237 3250 1287; x_wconf 91' lang='lat'><strong>;</strong></span> <span class='ocrx_word' id='word_1_130' title='bbox 3321 1230 3567 1292; x_wconf 86' lang='lat' dir='ltr'><strong>suntque</strong></span> <span class='ocrx_word' id='word_1_131' title='bbox 3636 1234 3759 1280; x_wconf 54' lang='lat' dir='ltr'><strong>star</strong></span> 
     </span>
    </p>
   </div>
   <div class='ocr_carea' id='block_1_21' title="bbox 455 1304 3755 1390">
    <p class='ocr_par' dir='ltr' id='par_1_21' title="bbox 455 1304 3755 1390">
     <span class='ocr_line' id='line_1_21' title="bbox 455 1304 3755 1390; baseline 0.004 -25"><span class='ocrx_word' id='word_1_132' title='bbox 455 1311 570 1365; x_wconf 92' lang='lat' dir='ltr'><strong>tuis</strong></span> <span class='ocrx_word' id='word_1_133' title='bbox 605 1309 838 1376; x_wconf 86' lang='lat' dir='ltr'><strong>similes,</strong></span> <span class='ocrx_word' id='word_1_134' title='bbox 876 1309 1015 1365; x_wconf 88' lang='lat' dir='ltr'><strong>foris</strong></span> <span class='ocrx_word' id='word_1_135' title='bbox 1053 1310 1274 1380; x_wconf 89' lang='lat' dir='ltr'><strong>quidem</strong></span> <span class='ocrx_word' id='word_1_136' title='bbox 1315 1308 1520 1380; x_wconf 63' lang='lat' dir='ltr'><strong>saepius</strong></span> <span class='ocrx_word' id='word_1_137' title='bbox 1555 1323 1696 1364; x_wconf 91' lang='lat' dir='ltr'><strong>auro</strong></span> <span class='ocrx_word' id='word_1_138' title='bbox 1746 1315 1845 1363; x_wconf 90' lang='lat' dir='ltr'><strong>aut</strong></span> <span class='ocrx_word' id='word_1_139' title='bbox 1916 1305 2081 1361; x_wconf 89' lang='lat' dir='ltr'><strong>etiam</strong></span> <span class='ocrx_word' id='word_1_140' title='bbox 2121 1321 2227 1360; x_wconf 67' lang='grc' dir='ltr'>σξιο</span> <span class='ocrx_word' id='word_1_141' title='bbox 2270 1304 2631 1376; x_wconf 88' lang='lat' dir='ltr'><strong>fulgentibus,</strong></span> <span class='ocrx_word' id='word_1_142' title='bbox 2704 1324 2829 1364; x_wconf 90' lang='lat' dir='ltr'><strong>cum</strong></span> <span class='ocrx_word' id='word_1_143' title='bbox 2881 1311 3031 1373; x_wconf 86' lang='lat' dir='ltr'><strong>intus</strong></span> <span class='ocrx_word' id='word_1_144' title='bbox 3077 1312 3432 1372; x_wconf 89' lang='lat' dir='ltr'><strong>immunditia</strong></span> <span class='ocrx_word' id='word_1_145' title='bbox 3486 1320 3755 1390; x_wconf 84' lang='lat' dir='ltr'><strong>omnique</strong></span> 
     </span>
    </p>
   </div>
   <div class='ocr_carea' id='block_1_22' title="bbox 455 1397 1598 1456">
    <p class='ocr_par' dir='ltr' id='par_1_22' title="bbox 455 1397 1598 1456">
     <span class='ocr_line' id='line_1_22' title="bbox 455 1397 1598 1456; baseline -0.005 0"><span class='ocrx_word' id='word_1_146' title='bbox 455 1399 561 1456; x_wconf 71' lang='lat' dir='ltr'><strong>alia</strong></span> <span class='ocrx_word' id='word_1_147' title='bbox 600 1398 873 1453; x_wconf 85' lang='lat' dir='ltr'><strong>vilissima</strong></span> <span class='ocrx_word' id='word_1_148' title='bbox 905 1398 1137 1452; x_wconf 87' lang='lat' dir='ltr'><strong>materia</strong></span> <span class='ocrx_word' id='word_1_149' title='bbox 1169 1398 1441 1453; x_wconf 75' lang='lat' dir='ltr'><strong>infercita&#39;:</strong></span> <span class='ocrx_word' id='word_1_150' title='bbox 1469 1397 1598 1452; x_wconf 87' lang='lat' dir='ltr'><strong>sint.</strong></span> 
     </span>
    </p>
   </div>
   <div class='ocr_carea' id='block_1_23' title="bbox 525 1483 2045 1560">
    <p class='ocr_par' dir='ltr' id='par_1_23' title="bbox 525 1483 2045 1560">
     <span class='ocr_line' id='line_1_23' title="bbox 525 1483 2045 1560; baseline -0.006 -11"><span class='ocrx_word' id='word_1_151' title='bbox 525 1492 592 1549; x_wconf 87' lang='grc' dir='ltr'>ιι.</span> <span class='ocrx_word' id='word_1_152' title='bbox 636 1489 732 1546; x_wconf 84' lang='lat' dir='ltr'><strong>llis</strong></span> <span class='ocrx_word' id='word_1_153' title='bbox 767 1505 870 1550; x_wconf 92' lang='lat' dir='ltr'><strong>nos</strong></span> <span class='ocrx_word' id='word_1_154' title='bbox 904 1490 1091 1560; x_wconf 90' lang='lat' dir='ltr'><strong>itaque</strong></span> <span class='ocrx_word' id='word_1_155' title='bbox 1121 1489 1289 1545; x_wconf 89' lang='lat' dir='ltr'><strong>ctiam</strong></span> <span class='ocrx_word' id='word_1_156' title='bbox 1333 1490 1590 1546; x_wconf 89' lang='lat' dir='ltr'><strong>obscuris</strong></span> <span class='ocrx_word' id='word_1_157' title='bbox 1619 1486 1774 1544; x_wconf 88' lang='lat' dir='ltr'><strong>vitiis</strong></span> <span class='ocrx_word' id='word_1_158' title='bbox 1805 1502 1870 1542; x_wconf 86' lang='lat' dir='ltr'><strong>ac</strong></span> <span class='ocrx_word' id='word_1_159' title='bbox 1910 1483 2045 1541; x_wconf 78' lang='lat' dir='ltr'><strong>affe-</strong></span> 
     </span>
    </p>
   </div>
   <div class='ocr_carea' id='block_1_24' title="bbox 453 1580 2044 1653">
    <p class='ocr_par' dir='ltr' id='par_1_24' title="bbox 453 1580 2044 1653">
     <span class='ocr_line' id='line_1_24' title="bbox 453 1580 2044 1653; baseline -0.006 -15"><span class='ocrx_word' id='word_1_160' title='bbox 453 1584 637 1638; x_wconf 89' lang='lat' dir='ltr'><strong>ctibus</strong></span> <span class='ocrx_word' id='word_1_161' title='bbox 677 1583 942 1653; x_wconf 87' lang='lat' dir='ltr'><strong>majorem</strong></span> <span class='ocrx_word' id='word_1_162' title='bbox 992 1583 1048 1636; x_wconf 93' lang='lat' dir='ltr'><strong>in</strong></span> <span class='ocrx_word' id='word_1_163' title='bbox 1102 1581 1327 1636; x_wconf 89' lang='lat' dir='ltr'><strong>modum</strong></span> <span class='ocrx_word' id='word_1_164' title='bbox 1378 1581 1671 1636; x_wconf 89' lang='lat' dir='ltr'><strong>emundari</strong></span> <span class='ocrx_word' id='word_1_165' title='bbox 1700 1580 2044 1635; x_wconf 79' lang='lat' dir='ltr'><strong>Studeamus.</strong></span> 
     </span>
    </p>
   </div>
   <div class='ocr_carea' id='block_1_25' title="bbox 455 1671 2041 1745">
    <p class='ocr_par' dir='ltr' id='par_1_25' title="bbox 455 1671 2041 1745">
     <span class='ocr_line' id='line_1_25' title="bbox 455 1671 2041 1745; baseline -0.005 -15"><span class='ocrx_word' id='word_1_166' title='bbox 455 1675 600 1743; x_wconf 84' lang='lat' dir='ltr'><strong>Quin</strong></span> <span class='ocrx_word' id='word_1_167' title='bbox 645 1689 715 1730; x_wconf 89' lang='lat' dir='ltr'><strong>ne</strong></span> <span class='ocrx_word' id='word_1_168' title='bbox 754 1675 861 1729; x_wconf 89' lang='lat' dir='ltr'><strong>hoc</strong></span> <span class='ocrx_word' id='word_1_169' title='bbox 899 1689 1118 1745; x_wconf 89' lang='lat' dir='ltr'><strong>quoque</strong></span> <span class='ocrx_word' id='word_1_170' title='bbox 1166 1689 1268 1728; x_wconf 87' lang='lat' dir='ltr'><strong>nos</strong></span> <span class='ocrx_word' id='word_1_171' title='bbox 1313 1672 1501 1735; x_wconf 89' lang='lat' dir='ltr'><strong>lateat,</strong></span> <span class='ocrx_word' id='word_1_172' title='bbox 1555 1672 1776 1735; x_wconf 82' lang='lat' dir='ltr'><strong>fratres,</strong></span> <span class='ocrx_word' id='word_1_173' title='bbox 1827 1671 2041 1727; x_wconf 86' lang='lat' dir='ltr'><strong>hostem</strong></span> 
     </span>
    </p>
   </div>
   <div class='ocr_carea' id='block_1_26' title="bbox 454 1762 2045 1835">
    <p class='ocr_par' dir='ltr' id='par_1_26' title="bbox 454 1762 2045 1835">
     <span class='ocr_line' id='line_1_26' title="bbox 454 1762 2045 1835; baseline -0.006 -11"><span class='ocrx_word' id='word_1_174' title='bbox 454 1776 710 1825; x_wconf 84' lang='lat' dir='ltr'><strong>nostrum</strong></span> <span class='ocrx_word' id='word_1_175' title='bbox 744 1766 1020 1827; x_wconf 90' lang='lat' dir='ltr'><strong>diabolum</strong></span> <span class='ocrx_word' id='word_1_176' title='bbox 1066 1766 1255 1821; x_wconf 89' lang='lat' dir='ltr'><strong>multis</strong></span> <span class='ocrx_word' id='word_1_177' title='bbox 1295 1766 1577 1835; x_wconf 85' lang='lat' dir='ltr'><strong>variisque</strong></span> <span class='ocrx_word' id='word_1_178' title='bbox 1633 1763 1907 1821; x_wconf 83' lang='lat' dir='ltr'><strong>machinis</strong></span> <span class='ocrx_word' id='word_1_179' title='bbox 1938 1762 2045 1822; x_wconf 81' lang='lat' dir='ltr'><strong>hoc</strong></span> 
     </span>
    </p>
   </div>
   <div class='ocr_carea' id='block_1_27' title="bbox 453 1854 2118 1945">
    <p class='ocr_par' dir='ltr' id='par_1_27' title="bbox 453 1854 2118 1945">
     <span class='ocr_line' id='line_1_27' title="bbox 453 1854 2118 1945; baseline -0.005 -28"><span class='ocrx_word' id='word_1_180' title='bbox 453 1861 637 1917; x_wconf 90' lang='lat' dir='ltr'><strong>moliri</strong></span> <span class='ocrx_word' id='word_1_181' title='bbox 667 1867 726 1914; x_wconf 95' lang='lat' dir='ltr'><strong>ut</strong></span> <span class='ocrx_word' id='word_1_182' title='bbox 760 1860 990 1915; x_wconf 89' lang='lat' dir='ltr'><strong>seducat</strong></span> <span class='ocrx_word' id='word_1_183' title='bbox 1030 1860 1272 1930; x_wconf 88' lang='lat' dir='ltr'><strong>bonique</strong></span> <span class='ocrx_word' id='word_1_184' title='bbox 1302 1874 1367 1914; x_wconf 89' lang='lat' dir='ltr'><strong>ac</strong></span> <span class='ocrx_word' id='word_1_185' title='bbox 1398 1858 1617 1913; x_wconf 83' lang='lat' dir='ltr'><strong>honesti</strong></span> <span class='ocrx_word' id='word_1_186' title='bbox 1652 1857 1837 1927; x_wconf 81' lang='lat' dir='ltr'><strong>specie</strong></span> <span class='ocrx_word' id='word_1_187' title='bbox 1868 1856 1922 1909; x_wconf 92' lang='lat' dir='ltr'><strong>in</strong></span> <span class='ocrx_word' id='word_1_188' title='bbox 1959 1854 2042 1909; x_wconf 89' lang='lat' dir='ltr'><strong>fo-</strong></span> <span class='ocrx_word' id='word_1_189' title='bbox 2075 1890 2118 1945; x_wconf 77' lang='grc' dir='ltr'><strong>Β</strong></span> 
     </span>
    </p>
   </div>
   <div class='ocr_carea' id='block_1_28' title="bbox 453 1945 2043 2016">
    <p class='ocr_par' dir='ltr' id='par_1_28' title="bbox 453 1945 2043 2016">
     <span class='ocr_line' id='line_1_28' title="bbox 453 1945 2043 2016; baseline -0.004 -10"><span class='ocrx_word' id='word_1_190' title='bbox 453 1968 612 2008; x_wconf 87' lang='lat' dir='ltr'><strong>veam</strong></span> <span class='ocrx_word' id='word_1_191' title='bbox 643 1952 911 2007; x_wconf 90' lang='lat' dir='ltr'><strong>malorum</strong></span> <span class='ocrx_word' id='word_1_192' title='bbox 954 1966 1018 2006; x_wconf 88' lang='lat' dir='ltr'><strong>ac</strong></span> <span class='ocrx_word' id='word_1_193' title='bbox 1048 1951 1281 2006; x_wconf 81' lang='lat' dir='ltr'><strong>exitium</strong></span> <span class='ocrx_word' id='word_1_194' title='bbox 1324 1951 1526 2004; x_wconf 89' lang='lat' dir='ltr'><strong>trahat.</strong></span> <span class='ocrx_word' id='word_1_195' title='bbox 1568 1948 1726 2013; x_wconf 88' lang='lat' dir='ltr'><strong>Puta,</strong></span> <span class='ocrx_word' id='word_1_196' title='bbox 1752 1945 2043 2016; x_wconf 85' lang='lat' dir='ltr'><strong>hospitali-</strong></span> 
     </span>
    </p>
   </div>
   <div class='ocr_carea' id='block_1_29' title="bbox 452 2040 2043 2107">
    <p class='ocr_par' dir='ltr' id='par_1_29' title="bbox 452 2040 2043 2107">
     <span class='ocr_line' id='line_1_29' title="bbox 452 2040 2043 2107; baseline -0.001 -9"><span class='ocrx_word' id='word_1_197' title='bbox 452 2053 620 2100; x_wconf 88' lang='lat' dir='ltr'><strong>tatem</strong></span> <span class='ocrx_word' id='word_1_198' title='bbox 671 2045 857 2099; x_wconf 90' lang='lat' dir='ltr'><strong>colere</strong></span> <span class='ocrx_word' id='word_1_199' title='bbox 899 2042 1180 2107; x_wconf 87' lang='lat' dir='ltr'><strong>admonet,</strong></span> <span class='ocrx_word' id='word_1_200' title='bbox 1225 2051 1281 2097; x_wconf 90' lang='lat' dir='ltr'><strong>et</strong></span> <span class='ocrx_word' id='word_1_201' title='bbox 1320 2049 1381 2097; x_wconf 92' lang='lat' dir='ltr'><strong>ut</strong></span> <span class='ocrx_word' id='word_1_202' title='bbox 1426 2041 1791 2097; x_wconf 86' lang='lat' dir='ltr'><strong>adventantes</strong></span> <span class='ocrx_word' id='word_1_203' title='bbox 1840 2040 2043 2097; x_wconf 81' lang='lat' dir='ltr'><strong>fratres</strong></span> 
     </span>
    </p>
   </div>
   <div class='ocr_carea' id='block_1_30' title="bbox 452 2132 2043 2206">
    <p class='ocr_par' dir='ltr' id='par_1_30' title="bbox 452 2132 2043 2206">
     <span class='ocr_line' id='line_1_30' title="bbox 452 2132 2043 2206; baseline -0.002 -15"><span class='ocrx_word' id='word_1_204' title='bbox 452 2137 560 2192; x_wconf 79' lang='lat' dir='ltr'><strong>laeti</strong></span> <span class='ocrx_word' id='word_1_205' title='bbox 590 2136 982 2206; x_wconf 87' lang='lat' dir='ltr'><strong>suscipiamus,</strong></span> <span class='ocrx_word' id='word_1_206' title='bbox 1006 2134 1337 2206; x_wconf 85' lang='lat' dir='ltr'><strong>quibuscum</strong></span> <span class='ocrx_word' id='word_1_207' title='bbox 1365 2134 1481 2203; x_wconf 87' lang='lat' dir='ltr'><strong>pari</strong></span> <span class='ocrx_word' id='word_1_208' title='bbox 1508 2147 1698 2189; x_wconf 89' lang='lat' dir='ltr'><strong>mensa</strong></span> <span class='ocrx_word' id='word_1_209' title='bbox 1725 2132 1911 2187; x_wconf 85' lang='lat' dir='ltr'><strong>cibum</strong></span> <span class='ocrx_word' id='word_1_210' title='bbox 1941 2149 2043 2203; x_wconf 88' lang='lat' dir='ltr'><strong>po-</strong></span> 
     </span>
    </p>
   </div>
   <div class='ocr_carea' id='block_1_31' title="bbox 451 2223 2039 2299">
    <p class='ocr_par' dir='ltr' id='par_1_31' title="bbox 451 2223 2039 2299">
     <span class='ocr_line' id='line_1_31' title="bbox 451 2223 2039 2299; baseline -0.003 -16"><span class='ocrx_word' id='word_1_211' title='bbox 451 2238 683 2299; x_wconf 86' lang='lat' dir='ltr'><strong>tumque</strong></span> <span class='ocrx_word' id='word_1_212' title='bbox 717 2241 1027 2284; x_wconf 86' lang='lat' dir='ltr'><strong>sumamus.</strong></span> <span class='ocrx_word' id='word_1_213' title='bbox 1059 2224 1238 2296; x_wconf 83' lang='lat' dir='ltr'><strong>Hujus</strong></span> <span class='ocrx_word' id='word_1_214' title='bbox 1266 2225 1433 2284; x_wconf 82' lang='lat' dir='ltr'><strong>ratio.</strong></span> <span class='ocrx_word' id='word_1_215' title='bbox 1464 2225 1756 2280; x_wconf 88' lang='lat' dir='ltr'><strong>charitatis</strong></span> <span class='ocrx_word' id='word_1_216' title='bbox 1795 2223 2039 2292; x_wconf 87' lang='lat' dir='ltr'><strong>bonum;</strong></span> 
     </span>
    </p>
   </div>
   <div class='ocr_carea' id='block_1_32' title="bbox 451 2315 2041 2390">
    <p class='ocr_par' dir='ltr' id='par_1_32' title="bbox 451 2315 2041 2390">
     <span class='ocr_line' id='line_1_32' title="bbox 451 2315 2041 2390; baseline -0.001 -18"><span class='ocrx_word' id='word_1_217' title='bbox 451 2328 682 2390; x_wconf 88' lang='lat' dir='ltr'><strong>tumque</strong></span> <span class='ocrx_word' id='word_1_218' title='bbox 722 2318 860 2373; x_wconf 80' lang='lat' dir='ltr'><strong>adeo</strong></span> <span class='ocrx_word' id='word_1_219' title='bbox 909 2317 1114 2372; x_wconf 87' lang='lat' dir='ltr'><strong>sensim</strong></span> <span class='ocrx_word' id='word_1_220' title='bbox 1161 2317 1437 2384; x_wconf 88' lang='lat' dir='ltr'><strong>obrepens</strong></span> <span class='ocrx_word' id='word_1_221' title='bbox 1468 2330 1533 2369; x_wconf 91' lang='lat' dir='ltr'><strong>ac</strong></span> <span class='ocrx_word' id='word_1_222' title='bbox 1560 2315 1820 2376; x_wconf 84' lang='lat' dir='ltr'><strong>illiciens,</strong></span> <span class='ocrx_word' id='word_1_223' title='bbox 1845 2330 1910 2370; x_wconf 93' lang='lat' dir='ltr'><strong>eo</strong></span> <span class='ocrx_word' id='word_1_224' title='bbox 1941 2329 2041 2370; x_wconf 90' lang='lat' dir='ltr'><strong>oc-</strong></span> 
     </span>
    </p>
   </div>
   <div class='ocr_carea' id='block_1_33' title="bbox 450 2407 2042 2478">
    <p class='ocr_par' dir='ltr' id='par_1_33' title="bbox 450 2407 2042 2478">
     <span class='ocr_line' id='line_1_33' title="bbox 450 2407 2042 2478; baseline -0.003 -11"><span class='ocrx_word' id='word_1_225' title='bbox 450 2412 597 2467; x_wconf 83' lang='lat' dir='ltr'><strong>culte</strong></span> <span class='ocrx_word' id='word_1_226' title='bbox 628 2411 798 2467; x_wconf 88' lang='lat' dir='ltr'><strong>trahit</strong></span> <span class='ocrx_word' id='word_1_227' title='bbox 829 2418 889 2464; x_wconf 89' lang='lat' dir='ltr'><strong>ut</strong></span> <span class='ocrx_word' id='word_1_228' title='bbox 923 2410 1101 2464; x_wconf 82' lang='lat' dir='ltr'><strong>ventri</strong></span> <span class='ocrx_word' id='word_1_229' title='bbox 1130 2410 1476 2476; x_wconf 85' lang='lat' dir='ltr'><strong>serviamus;</strong></span> <span class='ocrx_word' id='word_1_230' title='bbox 1516 2409 1752 2478; x_wconf 88' lang='lat' dir='ltr'><strong>indeque</strong></span> <span class='ocrx_word' id='word_1_231' title='bbox 1794 2407 2042 2463; x_wconf 88' lang='lat' dir='ltr'><strong>libidini-</strong></span> 
     </span>
    </p>
   </div>
   <div class='ocr_carea' id='block_1_34' title="bbox 448 2500 2040 2572">
    <p class='ocr_par' dir='ltr' id='par_1_34' title="bbox 448 2500 2040 2572">
     <span class='ocr_line' id='line_1_34' title="bbox 448 2500 2040 2572; baseline 0 -15"><span class='ocrx_word' id='word_1_232' title='bbox 448 2502 555 2557; x_wconf 90' lang='lat' dir='ltr'><strong>hus</strong></span> <span class='ocrx_word' id='word_1_233' title='bbox 597 2516 665 2556; x_wconf 86' lang='lat' dir='ltr'><strong>ae</strong></span> <span class='ocrx_word' id='word_1_234' title='bbox 709 2502 1085 2572; x_wconf 82' lang='lat' dir='ltr'><strong>voluptatibus</strong></span> <span class='ocrx_word' id='word_1_235' title='bbox 1130 2501 1611 2572; x_wconf 87' lang='lat' dir='ltr'><strong>impudicitiisqnc</strong></span> <span class='ocrx_word' id='word_1_236' title='bbox 1657 2500 1727 2555; x_wconf 90' lang='lat' dir='ltr'><strong>ad</strong></span> <span class='ocrx_word' id='word_1_237' title='bbox 1775 2515 2040 2558; x_wconf 88' lang='lat' dir='ltr'><strong>nauseam</strong></span> 
     </span>
    </p>
   </div>
   <div class='ocr_carea' id='block_1_35' title="bbox 449 2593 2042 2665">
    <p class='ocr_par' dir='ltr' id='par_1_35' title="bbox 449 2593 2042 2665">
     <span class='ocr_line' id='line_1_35' title="bbox 449 2593 2042 2665; baseline 0 -17"><span class='ocrx_word' id='word_1_238' title='bbox 449 2609 628 2665; x_wconf 88' lang='lat' dir='ltr'><strong>usque</strong></span> <span class='ocrx_word' id='word_1_239' title='bbox 662 2593 1038 2664; x_wconf 86' lang='lat' dir='ltr'><strong>inquinemur.</strong></span> <span class='ocrx_word' id='word_1_240' title='bbox 1070 2595 1206 2649; x_wconf 81' lang='lat' dir='ltr'><strong>Aliis</strong></span> <span class='ocrx_word' id='word_1_241' title='bbox 1242 2609 1440 2649; x_wconf 86' lang='lat' dir='ltr'><strong>rursus</strong></span> <span class='ocrx_word' id='word_1_242' title='bbox 1468 2594 1875 2665; x_wconf 82' lang='lat' dir='ltr'><strong>elecmosynam</strong></span> <span class='ocrx_word' id='word_1_243' title='bbox 1912 2609 2042 2651; x_wconf 85' lang='lat' dir='ltr'><strong>sua-</strong></span> 
     </span>
    </p>
   </div>
   <div class='ocr_carea' id='block_1_36' title="bbox 449 2684 2037 2756">
    <p class='ocr_par' dir='ltr' id='par_1_36' title="bbox 449 2684 2037 2756">
     <span class='ocr_line' id='line_1_36' title="bbox 449 2684 2037 2756; baseline 0.001 -21"><span class='ocrx_word' id='word_1_244' title='bbox 449 2684 588 2743; x_wconf 83' lang='lat' dir='ltr'><strong>dens</strong></span> <span class='ocrx_word' id='word_1_245' title='bbox 617 2700 681 2740; x_wconf 90' lang='lat' dir='ltr'><strong>ac</strong></span> <span class='ocrx_word' id='word_1_246' title='bbox 712 2686 1130 2756; x_wconf 78' lang='lat' dir='ltr'><strong>benignitatem,</strong></span> <span class='ocrx_word' id='word_1_247' title='bbox 1164 2687 1331 2756; x_wconf 91' lang='lat' dir='ltr'><strong>inque</strong></span> <span class='ocrx_word' id='word_1_248' title='bbox 1355 2700 1560 2756; x_wconf 89' lang='lat' dir='ltr'><strong>egenos</strong></span> <span class='ocrx_word' id='word_1_249' title='bbox 1594 2684 2037 2751; x_wconf 89' lang='lat' dir='ltr'><strong>beneficentiam,</strong></span> 
     </span>
    </p>
   </div>
   <div class='ocr_carea' id='block_1_37' title="bbox 448 2776 2036 2847">
    <p class='ocr_par' dir='ltr' id='par_1_37' title="bbox 448 2776 2036 2847">
     <span class='ocr_line' id='line_1_37' title="bbox 448 2776 2036 2847; baseline -0.002 -15"><span class='ocrx_word' id='word_1_250' title='bbox 448 2792 549 2847; x_wconf 86' lang='lat' dir='ltr'><strong>per</strong></span> <span class='ocrx_word' id='word_1_251' title='bbox 574 2793 696 2831; x_wconf 90' lang='lat' dir='ltr'><strong>eam</strong></span> <span class='ocrx_word' id='word_1_252' title='bbox 720 2778 1071 2833; x_wconf 86' lang='lat' dir='ltr'><strong>occasionem</strong></span> <span class='ocrx_word' id='word_1_253' title='bbox 1101 2778 1460 2847; x_wconf 78' lang='lat' dir='ltr'><strong>pecuniarum</strong></span> <span class='ocrx_word' id='word_1_254' title='bbox 1489 2792 1733 2831; x_wconf 89' lang='lat' dir='ltr'><strong>amorem</strong></span> <span class='ocrx_word' id='word_1_255' title='bbox 1761 2776 2036 2845; x_wconf 87' lang='lat' dir='ltr'><strong>accendit,</strong></span> 
     </span>
    </p>
   </div>
   <div class='ocr_carea' id='block_1_38' title="bbox 449 2869 2038 2926">
    <p class='ocr_par' dir='ltr' id='par_1_38' title="bbox 449 2869 2038 2926">
     <span class='ocr_line' id='line_1_38' title="bbox 449 2869 2038 2926; baseline -0.001 -2"><span class='ocrx_word' id='word_1_256' title='bbox 449 2877 506 2925; x_wconf 86' lang='lat' dir='ltr'><strong>et</strong></span> <span class='ocrx_word' id='word_1_257' title='bbox 536 2879 595 2924; x_wconf 92' lang='lat' dir='ltr'><strong>ut</strong></span> <span class='ocrx_word' id='word_1_258' title='bbox 626 2870 871 2925; x_wconf 69' lang='lat' dir='ltr'><strong>avaritia:</strong></span> <span class='ocrx_word' id='word_1_259' title='bbox 900 2881 1075 2926; x_wconf 67' lang='lat' dir='ltr'><strong>(nstro</strong></span> <span class='ocrx_word' id='word_1_260' title='bbox 1118 2869 1421 2924; x_wconf 89' lang='lat' dir='ltr'><strong>insaniant.</strong></span> <span class='ocrx_word' id='word_1_261' title='bbox 1445 2869 1585 2923; x_wconf 76' lang='lat' dir='ltr'><strong>Aliis</strong></span> <span class='ocrx_word' id='word_1_262' title='bbox 1619 2869 1853 2923; x_wconf 89' lang='lat' dir='ltr'><strong>aliorum</strong></span> <span class='ocrx_word' id='word_1_263' title='bbox 1884 2869 2038 2923; x_wconf 91' lang='lat' dir='ltr'><strong>utili-</strong></span> 
     </span>
    </p>
   </div>
   <div class='ocr_carea' id='block_1_39' title="bbox 449 2959 2040 3029">
    <p class='ocr_par' dir='ltr' id='par_1_39' title="bbox 449 2959 2040 3029">
     <span class='ocr_line' id='line_1_39' title="bbox 449 2959 2040 3029; baseline 0.003 -19"><span class='ocrx_word' id='word_1_264' title='bbox 449 2966 645 3022; x_wconf 89' lang='lat' dir='ltr'><strong>tatem,</strong></span> <span class='ocrx_word' id='word_1_265' title='bbox 699 2959 769 3023; x_wconf 90' lang='lat' dir='ltr'><strong>iis</strong></span> <span class='ocrx_word' id='word_1_266' title='bbox 821 2959 1108 3029; x_wconf 80' lang='lat' dir='ltr'><strong>capiendis</strong></span> <span class='ocrx_word' id='word_1_267' title='bbox 1158 2973 1342 3014; x_wconf 89' lang='lat' dir='ltr'><strong>escam</strong></span> <span class='ocrx_word' id='word_1_268' title='bbox 1393 2959 1806 3023; x_wconf 88' lang='lat' dir='ltr'><strong>subseminans,</strong></span> <span class='ocrx_word' id='word_1_269' title='bbox 1846 2970 2040 3014; x_wconf 88' lang='lat' dir='ltr'><strong>auctor</strong></span> 
     </span>
    </p>
   </div>
   <div class='ocr_carea' id='block_1_40' title="bbox 450 3049 2037 3122">
    <p class='ocr_par' dir='ltr' id='par_1_40' title="bbox 450 3049 2037 3122">
     <span class='ocr_line' id='line_1_40' title="bbox 450 3049 2037 3122; baseline 0.001 -19"><span class='ocrx_word' id='word_1_270' title='bbox 450 3049 553 3104; x_wconf 89' lang='lat' dir='ltr'><strong>fuit</strong></span> <span class='ocrx_word' id='word_1_271' title='bbox 607 3058 669 3103; x_wconf 85' lang='lat' dir='ltr'><strong>ut</strong></span> <span class='ocrx_word' id='word_1_272' title='bbox 717 3050 1071 3106; x_wconf 88' lang='lat' dir='ltr'><strong>solitudinem</strong></span> <span class='ocrx_word' id='word_1_273' title='bbox 1124 3051 1283 3122; x_wconf 89' lang='lat' dir='ltr'><strong>quasi</strong></span> <span class='ocrx_word' id='word_1_274' title='bbox 1334 3051 1583 3106; x_wconf 90' lang='lat' dir='ltr'><strong>inutilem</strong></span> <span class='ocrx_word' id='word_1_275' title='bbox 1642 3052 1875 3121; x_wconf 90' lang='lat' dir='ltr'><strong>ejusque</strong></span> <span class='ocrx_word' id='word_1_276' title='bbox 1924 3052 2037 3105; x_wconf 84' lang='lat' dir='ltr'><strong>otia</strong></span> 
     </span>
    </p>
   </div>
   <div class='ocr_carea' id='block_1_41' title="bbox 448 3143 2036 3213">
    <p class='ocr_par' dir='ltr' id='par_1_41' title="bbox 448 3143 2036 3213">
     <span class='ocr_line' id='line_1_41' title="bbox 448 3143 2036 3213; baseline 0.001 -18"><span class='ocrx_word' id='word_1_277' title='bbox 448 3143 788 3206; x_wconf 88' lang='lat' dir='ltr'><strong>desererent,</strong></span> <span class='ocrx_word' id='word_1_278' title='bbox 816 3151 872 3197; x_wconf 90' lang='lat' dir='ltr'><strong>et</strong></span> <span class='ocrx_word' id='word_1_279' title='bbox 918 3152 977 3196; x_wconf 91' lang='lat' dir='ltr'><strong>ut</strong></span> <span class='ocrx_word' id='word_1_280' title='bbox 1022 3143 1373 3199; x_wconf 72' lang='lat' dir='ltr'><strong>saecularium</strong></span> <span class='ocrx_word' id='word_1_281' title='bbox 1412 3144 1575 3212; x_wconf 82' lang='lat' dir='ltr'><strong>vulgo</strong></span> <span class='ocrx_word' id='word_1_282' title='bbox 1607 3143 1884 3213; x_wconf 86' lang='lat' dir='ltr'><strong>colloquia</strong></span> <span class='ocrx_word' id='word_1_283' title='bbox 1929 3143 2036 3197; x_wconf 87' lang='lat' dir='ltr'><strong>mi-</strong></span> 
     </span>
    </p>
   </div>
   <div class='ocr_carea' id='block_1_42' title="bbox 2222 1476 3760 1569">
    <p class='ocr_par' dir='ltr' id='par_1_42' title="bbox 2222 1476 3760 1569">
     <span class='ocr_line' id='line_1_42' title="bbox 2222 1476 3760 1569; baseline 0.018 -39"><span class='ocrx_word' id='word_1_284' title='bbox 2222 1476 2295 1534; x_wconf 82' lang='lat' dir='ltr'><strong>B&#39;.</strong></span> <span class='ocrx_word' id='word_1_285' title='bbox 2330 1480 2550 1539; x_wconf 83' lang='grc' dir='ltr'>Τούτων</span> <span class='ocrx_word' id='word_1_286' title='bbox 2577 1476 2672 1537; x_wconf 75' lang='grc' dir='ltr'>οὖν</span> <span class='ocrx_word' id='word_1_287' title='bbox 2703 1482 2797 1541; x_wconf 74' lang='grc' dir='ltr'><strong>καὶ</strong></span> <span class='ocrx_word' id='word_1_288' title='bbox 2837 1485 3039 1556; x_wconf 74' lang='grc' dir='ltr'>μᾶλλον</span> <span class='ocrx_word' id='word_1_289' title='bbox 3066 1490 3225 1560; x_wconf 81' lang='grc' dir='ltr'><strong>ἡμεῖς</strong></span> <span class='ocrx_word' id='word_1_290' title='bbox 3247 1492 3355 1548; x_wconf 82' lang='grc' dir='ltr'><strong>τῶν</strong></span> <span class='ocrx_word' id='word_1_291' title='bbox 3390 1497 3603 1569; x_wconf 82' lang='grc' dir='ltr'><strong>ἀδήλων</strong></span> <span class='ocrx_word' id='word_1_292' title='bbox 3642 1519 3760 1556; x_wconf 71' lang='grc' dir='ltr'>πα-</span> 
     </span>
    </p>
   </div>
   <div class='ocr_carea' id='block_1_43' title="bbox 2150 1567 3752 1667">
    <p class='ocr_par' dir='ltr' id='par_1_43' title="bbox 2150 1567 3752 1667">
     <span class='ocr_line' id='line_1_43' title="bbox 2150 1567 3752 1667; baseline 0.017 -46"><span class='ocrx_word' id='word_1_293' title='bbox 2150 1567 2271 1667; x_wconf 67' lang='grc' dir='ltr'><strong>θῶν⁸</strong></span> <span class='ocrx_word' id='word_1_294' title='bbox 2296 1572 2726 1667; x_wconf 77' lang='grc' dir='ltr'>ἐκκαθαίρεσθαι</span> <span class='ocrx_word' id='word_1_295' title='bbox 2759 1579 3172 1651; x_wconf 83' lang='grc' dir='ltr'>σπουδάσωμεν.</span> <span class='ocrx_word' id='word_1_296' title='bbox 3231 1586 3344 1638; x_wconf 81' lang='grc' dir='ltr'><strong>Καὶ</strong></span> <span class='ocrx_word' id='word_1_297' title='bbox 3389 1567 3550 1644; x_wconf 72' lang='grc' dir='ltr'>τούτο</span> <span class='ocrx_word' id='word_1_298' title='bbox 3582 1593 3640 1646; x_wconf 85' lang='grc' dir='ltr'>δὲ</span> <span class='ocrx_word' id='word_1_299' title='bbox 3669 1594 3752 1667; x_wconf 84' lang='grc' dir='ltr'>μὴ</span> 
     </span>
    </p>
   </div>
   <div class='ocr_carea' id='block_1_44' title="bbox 2148 1661 3754 1755">
    <p class='ocr_par' dir='ltr' id='par_1_44' title="bbox 2148 1661 3754 1755">
     <span class='ocr_line' id='line_1_44' title="bbox 2148 1661 3754 1755; baseline 0.016 -42"><span class='ocrx_word' id='word_1_300' title='bbox 2148 1661 2457 1755; x_wconf 82' lang='grc' dir='ltr'>λανθανέτω</span> <span class='ocrx_word' id='word_1_301' title='bbox 2518 1669 2688 1738; x_wconf 78' lang='grc' dir='ltr'>ἡμᾶς,</span> <span class='ocrx_word' id='word_1_302' title='bbox 2747 1670 2992 1740; x_wconf 76' lang='grc' dir='ltr'>ἀδελφοὶ,</span> <span class='ocrx_word' id='word_1_303' title='bbox 3027 1673 3176 1738; x_wconf 83' lang='grc' dir='ltr'>ὅπως</span> <span class='ocrx_word' id='word_1_304' title='bbox 3215 1677 3243 1729; x_wconf 89' lang='grc' dir='ltr'>ὁ</span> <span class='ocrx_word' id='word_1_305' title='bbox 3277 1676 3583 1749; x_wconf 86' lang='grc' dir='ltr'>ὲχθραίνων</span> <span class='ocrx_word' id='word_1_306' title='bbox 3610 1661 3754 1755; x_wconf 69' lang='grc' dir='ltr'>ἡμῖν</span> 
     </span>
    </p>
   </div>
   <div class='ocr_carea' id='block_1_45' title="bbox 2146 1753 3805 1848">
    <p class='ocr_par' dir='ltr' id='par_1_45' title="bbox 2146 1753 3805 1848">
     <span class='ocr_line' id='line_1_45' title="bbox 2146 1753 3805 1848; baseline 0.015 -41"><span class='ocrx_word' id='word_1_307' title='bbox 2146 1753 2411 1823; x_wconf 74' lang='grc' dir='ltr'>διάϐολος,</span> <span class='ocrx_word' id='word_1_308' title='bbox 2444 1759 2666 1825; x_wconf 87' lang='grc' dir='ltr'>πολλαῖς</span> <span class='ocrx_word' id='word_1_309' title='bbox 2709 1763 2801 1817; x_wconf 76' lang='grc' dir='ltr'>καὶ</span> <span class='ocrx_word' id='word_1_310' title='bbox 2840 1764 3117 1830; x_wconf 80' lang='grc' dir='ltr'><strong>ποικίλαις</strong></span> <span class='ocrx_word' id='word_1_311' title='bbox 3154 1770 3274 1833; x_wconf 84' lang='grc' dir='ltr'>ταῖς</span> <span class='ocrx_word' id='word_1_312' title='bbox 3307 1777 3575 1843; x_wconf 84' lang='grc' dir='ltr'>μηχαναῖς</span> <span class='ocrx_word' id='word_1_313' title='bbox 3601 1753 3754 1848; x_wconf 79' lang='grc' dir='ltr'>χρώ·</span> <span class='ocrx_word' id='word_1_314' title='bbox 3796 1816 3805 1820; x_wconf 84' lang='grc'><strong><em>-</em></strong></span> 
     </span>
    </p>
   </div>
   <div class='ocr_carea' id='block_1_46' title="bbox 2150 1848 3751 1939">
    <p class='ocr_par' dir='ltr' id='par_1_46' title="bbox 2150 1848 3751 1939">
     <span class='ocr_line' id='line_1_46' title="bbox 2150 1848 3751 1939; baseline 0.017 -41"><span class='ocrx_word' id='word_1_315' title='bbox 2150 1865 2311 1916; x_wconf 88' lang='grc' dir='ltr'>μενος</span> <span class='ocrx_word' id='word_1_316' title='bbox 2336 1848 2614 1924; x_wconf 81' lang='grc' dir='ltr'>ὲξαπατᾷν</span> <span class='ocrx_word' id='word_1_317' title='bbox 2643 1857 2925 1926; x_wconf 77' lang='grc' dir='ltr'>πειρᾶται,</span> <span class='ocrx_word' id='word_1_318' title='bbox 2964 1858 3060 1912; x_wconf 74' lang='grc' dir='ltr'><strong>καὶ</strong></span> <span class='ocrx_word' id='word_1_319' title='bbox 3087 1861 3361 1930; x_wconf 81' lang='grc' dir='ltr'><strong>προφάσει</strong></span> <span class='ocrx_word' id='word_1_320' title='bbox 3389 1866 3483 1918; x_wconf 79' lang='grc' dir='ltr'>τοῦ</span> <span class='ocrx_word' id='word_1_321' title='bbox 3510 1868 3751 1939; x_wconf 75' lang='grc' dir='ltr'>ἀγαθοῦ,</span> 
     </span>
    </p>
   </div>
   <div class='ocr_carea' id='block_1_47' title="bbox 2146 1943 3756 2029">
    <p class='ocr_par' dir='ltr' id='par_1_47' title="bbox 2146 1943 3756 2029">
     <span class='ocr_line' id='line_1_47' title="bbox 2146 1943 3756 2029; baseline 0.016 -37"><span class='ocrx_word' id='word_1_322' title='bbox 2146 1943 2260 2005; x_wconf 84' lang='grc' dir='ltr'>τοῖς</span> <span class='ocrx_word' id='word_1_323' title='bbox 2292 1947 2551 2015; x_wconf 80' lang='grc' dir='ltr'>πονηροῖς</span> <span class='ocrx_word' id='word_1_324' title='bbox 2586 1948 2880 2017; x_wconf 80' lang='grc' dir='ltr'>ἐμπίπτειν</span> <span class='ocrx_word' id='word_1_325' title='bbox 2904 1954 3340 2023; x_wconf 81' lang='grc' dir='ltr'>παρασκευάζει.</span> <span class='ocrx_word' id='word_1_326' title='bbox 3375 1954 3500 2012; x_wconf 76' lang='grc' dir='ltr'>Οἴον</span> <span class='ocrx_word' id='word_1_327' title='bbox 3534 1962 3756 2029; x_wconf 79' lang='grc' dir='ltr'>φιλοξε-</span> 
     </span>
    </p>
   </div>
   <div class='ocr_carea' id='block_1_48' title="bbox 2145 2032 3756 2117">
    <p class='ocr_par' dir='ltr' id='par_1_48' title="bbox 2145 2032 3756 2117">
     <span class='ocr_line' id='line_1_48' title="bbox 2145 2032 3756 2117; baseline 0.016 -33"><span class='ocrx_word' id='word_1_328' title='bbox 2145 2032 2265 2086; x_wconf 79' lang='grc' dir='ltr'>νίαν</span> <span class='ocrx_word' id='word_1_329' title='bbox 2290 2034 2701 2104; x_wconf 75' lang='grc' dir='ltr'>ὑποτιθέμενος,</span> <span class='ocrx_word' id='word_1_330' title='bbox 2728 2041 2821 2092; x_wconf 73' lang='grc' dir='ltr'>καὶ</span> <span class='ocrx_word' id='word_1_331' title='bbox 2850 2041 2949 2112; x_wconf 84' lang='grc' dir='ltr'>τὴν</span> <span class='ocrx_word' id='word_1_332' title='bbox 2975 2042 3086 2097; x_wconf 83' lang='grc' dir='ltr'><strong>τῶν</strong></span> <span class='ocrx_word' id='word_1_333' title='bbox 3117 2047 3576 2117; x_wconf 76' lang='grc' dir='ltr'>παραύαλλόντων</span> <span class='ocrx_word' id='word_1_334' title='bbox 3596 2054 3756 2109; x_wconf 84' lang='grc' dir='ltr'>ἀδελ-</span> 
     </span>
    </p>
   </div>
   <div class='ocr_carea' id='block_1_49' title="bbox 2146 2123 3753 2207">
    <p class='ocr_par' dir='ltr' id='par_1_49' title="bbox 2146 2123 3753 2207">
     <span class='ocr_line' id='line_1_49' title="bbox 2146 2123 3753 2207; baseline 0.016 -32"><span class='ocrx_word' id='word_1_335' title='bbox 2146 2123 2261 2190; x_wconf 72' lang='grc' dir='ltr'><strong>φῶν</strong></span> <span class='ocrx_word' id='word_1_336' title='bbox 2304 2124 2618 2190; x_wconf 82' lang='grc' dir='ltr'>ἀκολούθως</span> <span class='ocrx_word' id='word_1_337' title='bbox 2650 2128 3075 2204; x_wconf 68' lang='grc' dir='ltr'>φιλοφροσύνην,</span> <span class='ocrx_word' id='word_1_338' title='bbox 3108 2137 3407 2193; x_wconf 82' lang='grc' dir='ltr'>συνεσθίειν</span> <span class='ocrx_word' id='word_1_339' title='bbox 3443 2143 3626 2207; x_wconf 81' lang='grc' dir='ltr'>αὐτοῖς</span> <span class='ocrx_word' id='word_1_340' title='bbox 3650 2148 3753 2200; x_wconf 76' lang='grc' dir='ltr'>καὶ</span> 
     </span>
    </p>
   </div>
   <div class='ocr_carea' id='block_1_50' title="bbox 2147 2216 3752 2308">
    <p class='ocr_par' dir='ltr' id='par_1_50' title="bbox 2147 2216 3752 2308">
     <span class='ocr_line' id='line_1_50' title="bbox 2147 2216 3752 2308; baseline 0.016 -42"><span class='ocrx_word' id='word_1_341' title='bbox 2147 2216 2434 2308; x_wconf 70' lang='grc' dir='ltr'>συμπίνειν</span> <span class='ocrx_word' id='word_1_342' title='bbox 2460 2219 2893 2289; x_wconf 79' lang='grc' dir='ltr'>παρασκευάζει.</span> <span class='ocrx_word' id='word_1_343' title='bbox 2925 2223 3089 2301; x_wconf 78' lang='grc' dir='ltr'>Καὶή</span> <span class='ocrx_word' id='word_1_344' title='bbox 3116 2227 3286 2295; x_wconf 75' lang='grc' dir='ltr'>αἰτία,</span> <span class='ocrx_word' id='word_1_345' title='bbox 3313 2229 3375 2293; x_wconf 63' lang='grc' dir='ltr'>τὸ</span> <span class='ocrx_word' id='word_1_346' title='bbox 3396 2232 3494 2303; x_wconf 87' lang='grc' dir='ltr'><strong>τῆς</strong></span> <span class='ocrx_word' id='word_1_347' title='bbox 3519 2234 3752 2308; x_wconf 84' lang='grc' dir='ltr'>ἀγάπης</span> 
     </span>
    </p>
   </div>
   <div class='ocr_carea' id='block_1_51' title="bbox 2144 2303 3746 2394">
    <p class='ocr_par' dir='ltr' id='par_1_51' title="bbox 2144 2303 3746 2394">
     <span class='ocr_line' id='line_1_51' title="bbox 2144 2303 3746 2394; baseline 0.014 -34"><span class='ocrx_word' id='word_1_348' title='bbox 2144 2306 2310 2363; x_wconf 81' lang='grc' dir='ltr'>καλόν</span> <span class='ocrx_word' id='word_1_349' title='bbox 2329 2324 2342 2337; x_wconf 82' lang='grc'><em>’</em></span> <span class='ocrx_word' id='word_1_350' title='bbox 2376 2303 2479 2361; x_wconf 80' lang='grc' dir='ltr'>εἶθ’</span> <span class='ocrx_word' id='word_1_351' title='bbox 2505 2309 2681 2376; x_wconf 74' lang='grc' dir='ltr'>οὕτως</span> <span class='ocrx_word' id='word_1_352' title='bbox 2706 2314 3067 2370; x_wconf 83' lang='grc' dir='ltr'>ὑποκλέπτων</span> <span class='ocrx_word' id='word_1_353' title='bbox 3110 2319 3299 2390; x_wconf 76' lang='grc' dir='ltr'>ἡρέμα</span> <span class='ocrx_word' id='word_1_354' title='bbox 3328 2321 3425 2376; x_wconf 74' lang='grc' dir='ltr'>καὶ</span> <span class='ocrx_word' id='word_1_355' title='bbox 3455 2303 3746 2394; x_wconf 76' lang='grc' dir='ltr'>ύποσπῶν,</span> 
     </span>
    </p>
   </div>
   <div class='ocr_carea' id='block_1_52' title="bbox 2145 2399 3745 2484">
    <p class='ocr_par' dir='ltr' id='par_1_52' title="bbox 2145 2399 3745 2484">
     <span class='ocr_line' id='line_1_52' title="bbox 2145 2399 3745 2484; baseline 0.014 -33"><span class='ocrx_word' id='word_1_356' title='bbox 2145 2400 2225 2463; x_wconf 87' lang='grc' dir='ltr'><strong>είς</strong></span> <span class='ocrx_word' id='word_1_357' title='bbox 2274 2399 2336 2452; x_wconf 76' lang='grc' dir='ltr'><strong>τὸ</strong></span> <span class='ocrx_word' id='word_1_358' title='bbox 2391 2403 2456 2473; x_wconf 82' lang='grc' dir='ltr'>τῇ</span> <span class='ocrx_word' id='word_1_359' title='bbox 2492 2405 2694 2474; x_wconf 76' lang='grc' dir='ltr'>γαστρὶ</span> <span class='ocrx_word' id='word_1_360' title='bbox 2747 2405 3019 2462; x_wconf 80' lang='grc' dir='ltr'>δουλεύειν</span> <span class='ocrx_word' id='word_1_361' title='bbox 3068 2411 3221 2481; x_wconf 77' lang='grc' dir='ltr'>ἡμᾶς</span> <span class='ocrx_word' id='word_1_362' title='bbox 3264 2412 3439 2484; x_wconf 88' lang='grc' dir='ltr'>λάθρα</span> <span class='ocrx_word' id='word_1_363' title='bbox 3474 2418 3697 2473; x_wconf 73' lang='grc' dir='ltr'>εἵλκυσε</span> <span class='ocrx_word' id='word_1_364' title='bbox 3728 2437 3745 2452; x_wconf 74' lang='grc' dir='ltr'><strong>ο</strong></span> 
     </span>
    </p>
   </div>
   <div class='ocr_carea' id='block_1_53' title="bbox 2143 2490 3744 2579">
    <p class='ocr_par' dir='ltr' id='par_1_53' title="bbox 2143 2490 3744 2579">
     <span class='ocr_line' id='line_1_53' title="bbox 2143 2490 3744 2579; baseline 0.015 -36"><span class='ocrx_word' id='word_1_365' title='bbox 2143 2490 2440 2547; x_wconf 82' lang='grc' dir='ltr'>κάντεῦθεν</span> <span class='ocrx_word' id='word_1_366' title='bbox 2465 2494 2794 2564; x_wconf 82' lang='grc' dir='ltr'>ἐμπαθείαις</span> <span class='ocrx_word' id='word_1_367' title='bbox 2808 2498 2904 2551; x_wconf 77' lang='grc' dir='ltr'>καὶ</span> <span class='ocrx_word' id='word_1_368' title='bbox 2929 2500 3148 2571; x_wconf 81' lang='grc' dir='ltr'>ἡδοναῖς</span> <span class='ocrx_word' id='word_1_369' title='bbox 3172 2506 3253 2568; x_wconf 86' lang='grc' dir='ltr'><strong>είς</strong></span> <span class='ocrx_word' id='word_1_370' title='bbox 3274 2506 3434 2577; x_wconf 80' lang='grc' dir='ltr'>κόρον</span> <span class='ocrx_word' id='word_1_371' title='bbox 3459 2510 3744 2579; x_wconf 83' lang='grc' dir='ltr'>ἐμόλυνεν.</span> 
     </span>
    </p>
   </div>
   <div class='ocr_carea' id='block_1_54' title="bbox 2146 2578 3748 2671">
    <p class='ocr_par' dir='ltr' id='par_1_54' title="bbox 2146 2578 3748 2671">
     <span class='ocr_line' id='line_1_54' title="bbox 2146 2578 3748 2671; baseline 0.017 -41"><span class='ocrx_word' id='word_1_372' title='bbox 2146 2578 2364 2645; x_wconf 82' lang='grc' dir='ltr'>Ἀλλοις</span> <span class='ocrx_word' id='word_1_373' title='bbox 2397 2582 2561 2637; x_wconf 90' lang='grc' dir='ltr'>πάλιν</span> <span class='ocrx_word' id='word_1_374' title='bbox 2598 2584 2973 2660; x_wconf 75' lang='grc' dir='ltr'>ἐλεημοσύνην</span> <span class='ocrx_word' id='word_1_375' title='bbox 3014 2590 3334 2648; x_wconf 86' lang='grc' dir='ltr'>ὑποϐἀλλων</span> <span class='ocrx_word' id='word_1_376' title='bbox 3373 2599 3469 2651; x_wconf 77' lang='grc' dir='ltr'>καὶ</span> <span class='ocrx_word' id='word_1_377' title='bbox 3498 2578 3748 2671; x_wconf 5' lang='grc' dir='ltr'>ἀχρηστό-</span> 
     </span>
    </p>
   </div>
   <div class='ocr_carea' id='block_1_55' title="bbox 2143 2674 3745 2756">
    <p class='ocr_par' dir='ltr' id='par_1_55' title="bbox 2143 2674 3745 2756">
     <span class='ocr_line' id='line_1_55' title="bbox 2143 2674 3745 2756; baseline 0.016 -32"><span class='ocrx_word' id='word_1_378' title='bbox 2143 2689 2304 2742; x_wconf 85' lang='grc' dir='ltr'>τητα,</span> <span class='ocrx_word' id='word_1_379' title='bbox 2336 2674 2432 2727; x_wconf 77' lang='grc' dir='ltr'>καὶ</span> <span class='ocrx_word' id='word_1_380' title='bbox 2453 2676 2553 2742; x_wconf 80' lang='grc' dir='ltr'>τὴν</span> <span class='ocrx_word' id='word_1_381' title='bbox 2587 2678 2719 2749; x_wconf 72' lang='grc' dir='ltr'>περὶ</span> <span class='ocrx_word' id='word_1_382' title='bbox 2747 2679 2876 2744; x_wconf 75' lang='grc' dir='ltr'>τοὺς</span> <span class='ocrx_word' id='word_1_383' title='bbox 2898 2681 3138 2755; x_wconf 81' lang='grc' dir='ltr'>πένητας</span> <span class='ocrx_word' id='word_1_384' title='bbox 3184 2687 3455 2756; x_wconf 79' lang='grc' dir='ltr'>εὐποιίαν,</span> <span class='ocrx_word' id='word_1_385' title='bbox 3490 2695 3745 2749; x_wconf 72' lang='grc' dir='ltr'>ἐντεῦθεν</span> 
     </span>
    </p>
   </div>
   <div class='ocr_carea' id='block_1_56' title="bbox 2142 2762 3746 2859">
    <p class='ocr_par' dir='ltr' id='par_1_56' title="bbox 2142 2762 3746 2859">
     <span class='ocr_line' id='line_1_56' title="bbox 2142 2762 3746 2859; baseline 0.016 -43"><span class='ocrx_word' id='word_1_386' title='bbox 2142 2762 2324 2859; x_wconf 46' lang='lat' dir='ltr'><strong>spend.</strong></span> <span class='ocrx_word' id='word_1_387' title='bbox 2350 2784 2455 2837; x_wconf 88' lang='grc' dir='ltr'><strong>χρη</strong></span> <span class='ocrx_word' id='word_1_388' title='bbox 2465 2768 2648 2859; x_wconf 77' lang='grc' dir='ltr'>μάτων</span> <span class='ocrx_word' id='word_1_389' title='bbox 2683 2770 2865 2836; x_wconf 81' lang='grc' dir='ltr'>αὐτοῖς</span> <span class='ocrx_word' id='word_1_390' title='bbox 2889 2774 3074 2846; x_wconf 73' lang='grc' dir='ltr'>ἐνῆκε,</span> <span class='ocrx_word' id='word_1_391' title='bbox 3095 2779 3191 2832; x_wconf 71' lang='grc' dir='ltr'>καὶ</span> <span class='ocrx_word' id='word_1_392' title='bbox 3213 2781 3349 2852; x_wconf 74' lang='grc' dir='ltr'>πρὸς</span> <span class='ocrx_word' id='word_1_393' title='bbox 3374 2783 3746 2859; x_wconf 74' lang='grc' dir='ltr'>φιλαργυρίαν</span> 
     </span>
    </p>
   </div>
   <div class='ocr_carea' id='block_1_57' title="bbox 2143 2853 3747 2941">
    <p class='ocr_par' dir='ltr' id='par_1_57' title="bbox 2143 2853 3747 2941">
     <span class='ocr_line' id='line_1_57' title="bbox 2143 2853 3747 2941; baseline 0.016 -35"><span class='ocrx_word' id='word_1_394' title='bbox 2143 2853 2429 2926; x_wconf 79' lang='grc' dir='ltr'>ὲξὲμηνεν.</span> <span class='ocrx_word' id='word_1_395' title='bbox 2463 2858 2708 2931; x_wconf 80' lang='grc' dir='ltr'>Ἐτέροις</span> <span class='ocrx_word' id='word_1_396' title='bbox 2754 2862 2854 2935; x_wconf 82' lang='grc' dir='ltr'><strong>τὴν</strong></span> <span class='ocrx_word' id='word_1_397' title='bbox 2885 2865 2997 2919; x_wconf 85' lang='grc' dir='ltr'><strong>τῶν</strong></span> <span class='ocrx_word' id='word_1_398' title='bbox 3020 2868 3234 2923; x_wconf 82' lang='grc' dir='ltr'>πολλῶν</span> <span class='ocrx_word' id='word_1_399' title='bbox 3264 2853 3532 2941; x_wconf 69' lang='grc' dir='ltr'>ὠφέλειαν</span> <span class='ocrx_word' id='word_1_400' title='bbox 3558 2853 3637 2940; x_wconf 79' lang='grc' dir='ltr'><strong>εἰς</strong></span> <span class='ocrx_word' id='word_1_401' title='bbox 3661 2878 3747 2941; x_wconf 78' lang='grc' dir='ltr'>δέ·</span> 
     </span>
    </p>
   </div>
   <div class='ocr_carea' id='block_1_58' title="bbox 2141 2945 3746 3034">
    <p class='ocr_par' dir='ltr' id='par_1_58' title="bbox 2141 2945 3746 3034">
     <span class='ocr_line' id='line_1_58' title="bbox 2141 2945 3746 3034; baseline 0.015 -35"><span class='ocrx_word' id='word_1_402' title='bbox 2141 2945 2274 3018; x_wconf 87' lang='grc' dir='ltr'>λεαρ</span> <span class='ocrx_word' id='word_1_403' title='bbox 2311 2949 2682 3022; x_wconf 82' lang='grc' dir='ltr'>ὑποσπείρων,</span> <span class='ocrx_word' id='word_1_404' title='bbox 2713 2954 2814 3027; x_wconf 81' lang='grc' dir='ltr'>τὴν</span> <span class='ocrx_word' id='word_1_405' title='bbox 2863 2958 3095 3029; x_wconf 78' lang='grc' dir='ltr'>ἡσυχίαν</span> <span class='ocrx_word' id='word_1_406' title='bbox 3139 2961 3216 3026; x_wconf 84' lang='grc' dir='ltr'>ὡς</span> <span class='ocrx_word' id='word_1_407' title='bbox 3265 2964 3516 3034; x_wconf 85' lang='grc' dir='ltr'>ἄκαρπον</span> <span class='ocrx_word' id='word_1_408' title='bbox 3547 2968 3746 3022; x_wconf 86' lang='grc' dir='ltr'>ἀπολι-</span> 
     </span>
    </p>
   </div>
   <div class='ocr_carea' id='block_1_59' title="bbox 2142 3042 3745 3132">
    <p class='ocr_par' dir='ltr' id='par_1_59' title="bbox 2142 3042 3745 3132">
     <span class='ocr_line' id='line_1_59' title="bbox 2142 3042 3745 3132; baseline 0.017 -42"><span class='ocrx_word' id='word_1_409' title='bbox 2142 3042 2263 3092; x_wconf 87' lang='grc' dir='ltr'>πεῖν</span> <span class='ocrx_word' id='word_1_410' title='bbox 2306 3043 2691 3112; x_wconf 75' lang='grc' dir='ltr'>παρεσκεύασε</span> <span class='ocrx_word' id='word_1_411' title='bbox 2717 3067 2729 3079; x_wconf 89' lang='grc'><strong>·</strong></span> <span class='ocrx_word' id='word_1_412' title='bbox 2758 3050 2854 3103; x_wconf 76' lang='grc' dir='ltr'>καὶ</span> <span class='ocrx_word' id='word_1_413' title='bbox 2882 3051 3102 3117; x_wconf 88' lang='grc' dir='ltr'>πολλοῖς</span> <span class='ocrx_word' id='word_1_414' title='bbox 3137 3055 3236 3125; x_wconf 83' lang='grc' dir='ltr'><strong>μὲν</strong></span> <span class='ocrx_word' id='word_1_415' title='bbox 3294 3057 3404 3110; x_wconf 80' lang='grc' dir='ltr'>τῶν</span> <span class='ocrx_word' id='word_1_416' title='bbox 3451 3063 3745 3132; x_wconf 69' lang='grc' dir='ltr'>κοσμικῶν</span> 
     </span>
    </p>
   </div>
   <div class='ocr_carea' id='block_1_60' title="bbox 2140 3131 3744 3220">
    <p class='ocr_par' dir='ltr' id='par_1_60' title="bbox 2140 3131 3744 3220">
     <span class='ocr_line' id='line_1_60' title="bbox 2140 3131 3744 3220; baseline 0.017 -38"><span class='ocrx_word' id='word_1_417' title='bbox 2140 3131 2351 3202; x_wconf 77' lang='grc' dir='ltr'>ῥμιλεῖν</span> <span class='ocrx_word' id='word_1_418' title='bbox 2376 3148 2390 3162; x_wconf 89' lang='grc'><strong>·</strong></span> <span class='ocrx_word' id='word_1_419' title='bbox 2445 3133 2562 3189; x_wconf 79' lang='grc' dir='ltr'>ἔστι</span> <span class='ocrx_word' id='word_1_420' title='bbox 2610 3135 2656 3191; x_wconf 80' lang='grc' dir='ltr'>δ’</span> <span class='ocrx_word' id='word_1_421' title='bbox 2700 3139 2790 3192; x_wconf 86' lang='grc' dir='ltr'>ὅτε</span> <span class='ocrx_word' id='word_1_422' title='bbox 2822 3143 2917 3195; x_wconf 77' lang='grc' dir='ltr'>καὶ</span> <span class='ocrx_word' id='word_1_423' title='bbox 2945 3143 3082 3214; x_wconf 79' lang='grc' dir='ltr'>πρὸς</span> <span class='ocrx_word' id='word_1_424' title='bbox 3105 3149 3373 3214; x_wconf 87' lang='grc' dir='ltr'>γυναῖκας</span> <span class='ocrx_word' id='word_1_425' title='bbox 3407 3131 3744 3220; x_wconf 74' lang='grc' dir='ltr'>ἀφυλάκτως</span> 
     </span>
    </p>
   </div>
   <div class='ocr_carea' id='block_1_61' title="bbox 448 3226 2038 3318">
    <p class='ocr_par' dir='ltr' id='par_1_61' title="bbox 448 3235 2035 3318">
     <span class='ocr_line' id='line_1_61' title="bbox 448 3235 2035 3318; baseline -0.001 -29"><span class='ocrx_word' id='word_1_426' title='bbox 448 3241 709 3297; x_wconf 79' lang='lat' dir='ltr'><strong>soerent:</strong></span> <span class='ocrx_word' id='word_1_427' title='bbox 744 3235 1080 3307; x_wconf 87' lang='lat' dir='ltr'><strong>quandoque</strong></span> <span class='ocrx_word' id='word_1_428' title='bbox 1113 3236 1280 3290; x_wconf 89' lang='lat' dir='ltr'><strong>etiam</strong></span> <span class='ocrx_word' id='word_1_429' title='bbox 1313 3236 1511 3299; x_wconf 88' lang='lat' dir='ltr'><strong>suasit,</strong></span> <span class='ocrx_word' id='word_1_430' title='bbox 1532 3244 1597 3318; x_wconf 83' lang='lat' dir='ltr'><strong>ut</strong></span> <span class='ocrx_word' id='word_1_431' title='bbox 1627 3243 1681 3291; x_wconf 91' lang='lat' dir='ltr'><strong>et</strong></span> <span class='ocrx_word' id='word_1_432' title='bbox 1718 3252 1844 3290; x_wconf 85' lang='lat' dir='ltr'><strong>cum</strong></span> <span class='ocrx_word' id='word_1_433' title='bbox 1875 3235 2035 3290; x_wconf 86' lang='lat' dir='ltr'><strong>femi-</strong></span> 
     </span>
    </p>
   </div>
   <div class='ocr_carea' id='block_1_62' title="bbox 2141 3226 3745 3318">
    <p class='ocr_par' dir='ltr' id='par_1_62' title="bbox 2141 3226 3745 3318">
     <span class='ocr_line' id='line_1_62' title="bbox 2141 3226 3745 3318; baseline 0.017 -41"><span class='ocrx_word' id='word_1_434' title='bbox 2141 3226 2297 3280; x_wconf 84' lang='grc' dir='ltr'>τοῦτο</span> <span class='ocrx_word' id='word_1_435' title='bbox 2326 3232 2501 3283; x_wconf 85' lang='grc' dir='ltr'>ποιεῖν</span> <span class='ocrx_word' id='word_1_436' title='bbox 2536 3232 2847 3299; x_wconf 80' lang='grc' dir='ltr'>ἀνέπεισεν,</span> <span class='ocrx_word' id='word_1_437' title='bbox 2877 3236 2953 3300; x_wconf 84' lang='grc' dir='ltr'>ὡς</span> <span class='ocrx_word' id='word_1_438' title='bbox 2970 3239 3069 3310; x_wconf 73' lang='grc' dir='ltr'>ἤδη</span> <span class='ocrx_word' id='word_1_439' title='bbox 3105 3242 3242 3314; x_wconf 79' lang='grc' dir='ltr'>πρὸς</span> <span class='ocrx_word' id='word_1_440' title='bbox 3270 3245 3539 3300; x_wconf 87' lang='grc' dir='ltr'>ἀπάθειαν</span> <span class='ocrx_word' id='word_1_441' title='bbox 3576 3249 3745 3318; x_wconf 78' lang='grc' dir='ltr'>ἑφθα-</span> 
     </span>
    </p>
   </div>
   <div class='ocr_carea' id='block_1_63' title="bbox 446 3314 2035 3398">
    <p class='ocr_par' dir='ltr' id='par_1_63' title="bbox 446 3314 2035 3398">
     <span class='ocr_line' id='line_1_63' title="bbox 446 3314 2035 3398; baseline 0.001 -19"><span class='ocrx_word' id='word_1_442' title='bbox 446 3328 557 3391; x_wconf 81' lang='lat' dir='ltr'><strong>nis,</strong></span> <span class='ocrx_word' id='word_1_443' title='bbox 589 3328 739 3383; x_wconf 84' lang='lat' dir='ltr'><strong>velut</strong></span> <span class='ocrx_word' id='word_1_444' title='bbox 785 3327 899 3398; x_wconf 90' lang='lat' dir='ltr'><strong>jam</strong></span> <span class='ocrx_word' id='word_1_445' title='bbox 953 3337 1172 3397; x_wconf 83' lang='lat' dir='ltr'><strong>arrepta</strong></span> <span class='ocrx_word' id='word_1_446' title='bbox 1219 3314 1733 3398; x_wconf 79' lang='lat' dir='ltr'><strong>imperturbationis</strong></span> <span class='ocrx_word' id='word_1_447' title='bbox 1784 3342 1934 3389; x_wconf 86' lang='lat' dir='ltr'><strong>arce,</strong></span> <span class='ocrx_word' id='word_1_448' title='bbox 1980 3326 2035 3380; x_wconf 93' lang='lat' dir='ltr'><strong>id</strong></span> 
     </span>
    </p>
   </div>
   <div class='ocr_carea' id='block_1_64' title="bbox 447 3418 2036 3491">
    <p class='ocr_par' dir='ltr' id='par_1_64' title="bbox 447 3418 2036 3491">
     <span class='ocr_line' id='line_1_64' title="bbox 447 3418 2036 3491; baseline 0 -19"><span class='ocrx_word' id='word_1_449' title='bbox 447 3420 626 3489; x_wconf 92' lang='lat' dir='ltr'><strong>ipsum</strong></span> <span class='ocrx_word' id='word_1_450' title='bbox 669 3420 949 3475; x_wconf 87' lang='lat' dir='ltr'><strong>incautius</strong></span> <span class='ocrx_word' id='word_1_451' title='bbox 999 3427 1371 3489; x_wconf 66' lang='lat' dir='ltr'><strong>praestarent:</strong></span> <span class='ocrx_word' id='word_1_452' title='bbox 1421 3421 1590 3491; x_wconf 89' lang='lat' dir='ltr'><strong>inque</strong></span> <span class='ocrx_word' id='word_1_453' title='bbox 1633 3435 1757 3476; x_wconf 90' lang='lat' dir='ltr'><strong>eum</strong></span> <span class='ocrx_word' id='word_1_454' title='bbox 1814 3418 2036 3473; x_wconf 91' lang='lat' dir='ltr'><strong>modum</strong></span> 
     </span>
    </p>
   </div>
   <div class='ocr_carea' id='block_1_65' title="bbox 447 3509 2033 3581">
    <p class='ocr_par' dir='ltr' id='par_1_65' title="bbox 447 3509 2033 3581">
     <span class='ocr_line' id='line_1_65' title="bbox 447 3509 2033 3581; baseline -0.002 -14"><span class='ocrx_word' id='word_1_455' title='bbox 447 3512 778 3574; x_wconf 85' lang='lat' dir='ltr'><strong>libidinosos</strong></span> <span class='ocrx_word' id='word_1_456' title='bbox 810 3527 874 3567; x_wconf 92' lang='lat' dir='ltr'><strong>ac</strong></span> <span class='ocrx_word' id='word_1_457' title='bbox 908 3512 1286 3581; x_wconf 76' lang='lat' dir='ltr'><strong>voluptatibus</strong></span> <span class='ocrx_word' id='word_1_458' title='bbox 1320 3512 1539 3569; x_wconf 88' lang='lat' dir='ltr'><strong>deditos</strong></span> <span class='ocrx_word' id='word_1_459' title='bbox 1562 3514 1799 3569; x_wconf 85' lang='lat' dir='ltr'><strong>miseros</strong></span> <span class='ocrx_word' id='word_1_460' title='bbox 1829 3509 2033 3567; x_wconf 72' lang='lat' dir='ltr'><strong>effecit.</strong></span> 
     </span>
    </p>
   </div>
   <div class='ocr_carea' id='block_1_66' title="bbox 444 3603 2037 3676">
    <p class='ocr_par' dir='ltr' id='par_1_66' title="bbox 444 3603 2037 3676">
     <span class='ocr_line' id='line_1_66' title="bbox 444 3603 2037 3676; baseline 0.002 -20"><span class='ocrx_word' id='word_1_461' title='bbox 444 3603 601 3668; x_wconf 86' lang='lat' dir='ltr'><strong>Alios</strong></span> <span class='ocrx_word' id='word_1_462' title='bbox 630 3604 783 3659; x_wconf 90' lang='lat' dir='ltr'><strong>omni</strong></span> <span class='ocrx_word' id='word_1_463' title='bbox 821 3606 1218 3676; x_wconf 67' lang='lat' dir='ltr'><strong>cogitationem</strong></span> <span class='ocrx_word' id='word_1_464' title='bbox 1259 3613 1398 3660; x_wconf 62' lang='lat' dir='ltr'><strong>aestu</strong></span> <span class='ocrx_word' id='word_1_465' title='bbox 1446 3606 1653 3663; x_wconf 85' lang='lat' dir='ltr'><strong>liberos</strong></span> <span class='ocrx_word' id='word_1_466' title='bbox 1695 3605 1907 3667; x_wconf 82' lang='lat' dir='ltr'><strong>sinens,</strong></span> <span class='ocrx_word' id='word_1_467' title='bbox 1942 3619 2037 3659; x_wconf 90' lang='lat' dir='ltr'><strong>ea-</strong></span> 
     </span>
    </p>
   </div>
   <div class='ocr_carea' id='block_1_67' title="bbox 446 3695 2036 3769">
    <p class='ocr_par' dir='ltr' id='par_1_67' title="bbox 446 3695 2036 3769">
     <span class='ocr_line' id='line_1_67' title="bbox 446 3695 2036 3769; baseline 0.003 -20"><span class='ocrx_word' id='word_1_468' title='bbox 446 3711 557 3769; x_wconf 88' lang='lat' dir='ltr'><strong>que</strong></span> <span class='ocrx_word' id='word_1_469' title='bbox 588 3695 804 3757; x_wconf 79' lang='lat' dir='ltr'><strong>ratione</strong></span> <span class='ocrx_word' id='word_1_470' title='bbox 838 3696 1070 3764; x_wconf 89' lang='lat' dir='ltr'><strong>elidens,</strong></span> <span class='ocrx_word' id='word_1_471' title='bbox 1100 3697 1247 3767; x_wconf 89' lang='lat' dir='ltr'><strong>quod</strong></span> <span class='ocrx_word' id='word_1_472' title='bbox 1278 3697 1498 3754; x_wconf 91' lang='lat' dir='ltr'><strong>cunctis</strong></span> <span class='ocrx_word' id='word_1_473' title='bbox 1523 3697 1676 3752; x_wconf 90' lang='lat' dir='ltr'><strong>vitiis</strong></span> <span class='ocrx_word' id='word_1_474' title='bbox 1719 3696 2036 3766; x_wconf 89' lang='lat' dir='ltr'><strong>superiores</strong></span> 
     </span>
    </p>
   </div>
   <div class='ocr_carea' id='block_1_68' title="bbox 444 3788 2037 3861">
    <p class='ocr_par' dir='ltr' id='par_1_68' title="bbox 444 3788 2037 3861">
     <span class='ocr_line' id='line_1_68' title="bbox 444 3788 2037 3861; baseline -0.001 -18"><span class='ocrx_word' id='word_1_475' title='bbox 444 3789 790 3852; x_wconf 83' lang='lat' dir='ltr'><strong>viderentur,</strong></span> <span class='ocrx_word' id='word_1_476' title='bbox 820 3788 873 3843; x_wconf 93' lang='lat' dir='ltr'><strong>in</strong></span> <span class='ocrx_word' id='word_1_477' title='bbox 903 3790 1220 3861; x_wconf 87' lang='lat' dir='ltr'><strong>superbiam</strong></span> <span class='ocrx_word' id='word_1_478' title='bbox 1252 3791 1469 3859; x_wconf 83' lang='lat' dir='ltr'><strong>extulit,</strong></span> <span class='ocrx_word' id='word_1_479' title='bbox 1494 3789 1687 3859; x_wconf 89' lang='lat' dir='ltr'><strong>sicque</strong></span> <span class='ocrx_word' id='word_1_480' title='bbox 1719 3789 1881 3842; x_wconf 79' lang='lat' dir='ltr'><strong>facile</strong></span> <span class='ocrx_word' id='word_1_481' title='bbox 1909 3802 2037 3858; x_wconf 87' lang='lat' dir='ltr'><strong>pro-</strong></span> 
     </span>
    </p>
   </div>
   <div class='ocr_carea' id='block_1_69' title="bbox 445 3880 2037 3953">
    <p class='ocr_par' dir='ltr' id='par_1_69' title="bbox 445 3880 2037 3953">
     <span class='ocr_line' id='line_1_69' title="bbox 445 3880 2037 3953; baseline -0.003 -16"><span class='ocrx_word' id='word_1_482' title='bbox 445 3881 665 3937; x_wconf 80' lang='lat' dir='ltr'><strong>stravit.</strong></span> <span class='ocrx_word' id='word_1_483' title='bbox 697 3880 1037 3953; x_wconf 86' lang='lat' dir='ltr'><strong>Quandoque</strong></span> <span class='ocrx_word' id='word_1_484' title='bbox 1069 3898 1200 3939; x_wconf 88' lang='lat' dir='ltr'><strong>vero</strong></span> <span class='ocrx_word' id='word_1_485' title='bbox 1244 3884 1437 3949; x_wconf 89' lang='lat' dir='ltr'><strong>etiam,</strong></span> <span class='ocrx_word' id='word_1_486' title='bbox 1464 3881 1654 3935; x_wconf 86' lang='lat' dir='ltr'><strong>dando</strong></span> <span class='ocrx_word' id='word_1_487' title='bbox 1698 3880 1827 3936; x_wconf 87' lang='lat' dir='ltr'><strong>belli</strong></span> <span class='ocrx_word' id='word_1_488' title='bbox 1874 3880 2037 3935; x_wconf 87' lang='lat' dir='ltr'><strong>indu-</strong></span> 
     </span>
    </p>
   </div>
   <div class='ocr_carea' id='block_1_70' title="bbox 442 3973 2033 4045">
    <p class='ocr_par' dir='ltr' id='par_1_70' title="bbox 442 3973 2033 4045">
     <span class='ocr_line' id='line_1_70' title="bbox 442 3973 2033 4045; baseline 0.002 -20"><span class='ocrx_word' id='word_1_489' title='bbox 442 3974 563 4029; x_wconf 86' lang='lat' dir='ltr'><strong>cias</strong></span> <span class='ocrx_word' id='word_1_490' title='bbox 602 3990 894 4045; x_wconf 76' lang='lat' dir='ltr'><strong>pugnaque</strong></span> <span class='ocrx_word' id='word_1_491' title='bbox 928 3976 1237 4041; x_wconf 87' lang='lat' dir='ltr'><strong>abstinens,</strong></span> <span class='ocrx_word' id='word_1_492' title='bbox 1270 3988 1399 4045; x_wconf 81' lang='lat' dir='ltr'><strong>erga</strong></span> <span class='ocrx_word' id='word_1_493' title='bbox 1437 3988 1535 4029; x_wconf 88' lang='lat' dir='ltr'><strong>eos</strong></span> <span class='ocrx_word' id='word_1_494' title='bbox 1568 3974 1806 4028; x_wconf 79' lang='lat' dir='ltr'><strong>maxime</strong></span> <span class='ocrx_word' id='word_1_495' title='bbox 1834 3973 1928 4044; x_wconf 90' lang='lat' dir='ltr'><strong>qui</strong></span> <span class='ocrx_word' id='word_1_496' title='bbox 1966 3973 2033 4029; x_wconf 91' lang='lat' dir='ltr'><strong>ad</strong></span> 
     </span>
    </p>
   </div>
   <div class='ocr_carea' id='block_1_71' title="bbox 444 4066 2037 4139">
    <p class='ocr_par' dir='ltr' id='par_1_71' title="bbox 444 4066 2037 4139">
     <span class='ocr_line' id='line_1_71' title="bbox 444 4066 2037 4139; baseline 0.003 -23"><span class='ocrx_word' id='word_1_497' title='bbox 444 4066 572 4119; x_wconf 72' lang='lat' dir='ltr'><strong>vitae</strong></span> <span class='ocrx_word' id='word_1_498' title='bbox 605 4066 874 4137; x_wconf 79' lang='lat' dir='ltr'><strong>religiosa:</strong></span> <span class='ocrx_word' id='word_1_499' title='bbox 899 4083 1108 4139; x_wconf 77' lang='lat' dir='ltr'><strong>agones</strong></span> <span class='ocrx_word' id='word_1_500' title='bbox 1139 4082 1200 4123; x_wconf 90' lang='lat' dir='ltr'><strong>se</strong></span> <span class='ocrx_word' id='word_1_501' title='bbox 1223 4083 1401 4137; x_wconf 88' lang='lat' dir='ltr'><strong>nuper</strong></span> <span class='ocrx_word' id='word_1_502' title='bbox 1422 4066 1730 4131; x_wconf 78' lang='lat' dir='ltr'><strong>exuissent,</strong></span> <span class='ocrx_word' id='word_1_503' title='bbox 1765 4066 1850 4121; x_wconf 90' lang='lat' dir='ltr'><strong>sui</strong></span> <span class='ocrx_word' id='word_1_504' title='bbox 1880 4082 2037 4122; x_wconf 86' lang='lat' dir='ltr'><strong>secu-</strong></span> 
     </span>
    </p>
   </div>
   <div class='ocr_carea' id='block_1_72' title="bbox 445 4154 2030 4221">
    <p class='ocr_par' dir='ltr' id='par_1_72' title="bbox 445 4154 2030 4221">
     <span class='ocr_line' id='line_1_72' title="bbox 445 4154 2030 4221; baseline 0 -13"><span class='ocrx_word' id='word_1_505' title='bbox 445 4168 539 4209; x_wconf 91' lang='lat' dir='ltr'><strong>ros</strong></span> <span class='ocrx_word' id='word_1_506' title='bbox 593 4170 869 4218; x_wconf 89' lang='lat' dir='ltr'><strong>essc,nec</strong></span> <span class='ocrx_word' id='word_1_507' title='bbox 926 4173 1060 4212; x_wconf 89' lang='lat' dir='ltr'><strong>cura</strong></span> <span class='ocrx_word' id='word_1_508' title='bbox 1120 4156 1392 4211; x_wconf 86' lang='lat' dir='ltr'><strong>sollicitos</strong></span> <span class='ocrx_word' id='word_1_509' title='bbox 1447 4155 1711 4211; x_wconf 87' lang='lat' dir='ltr'><strong>seductor</strong></span> <span class='ocrx_word' id='word_1_510' title='bbox 1771 4154 2030 4221; x_wconf 78' lang='lat' dir='ltr'><strong>induxit;</strong></span> 
     </span>
    </p>
   </div>
   <div class='ocr_carea' id='block_1_73' title="bbox 446 4246 2032 4319">
    <p class='ocr_par' dir='ltr' id='par_1_73' title="bbox 446 4246 2032 4319">
     <span class='ocr_line' id='line_1_73' title="bbox 446 4246 2032 4319; baseline 0.004 -21"><span class='ocrx_word' id='word_1_511' title='bbox 446 4246 689 4315; x_wconf 90' lang='lat' dir='ltr'><strong>hincque</strong></span> <span class='ocrx_word' id='word_1_512' title='bbox 710 4249 845 4304; x_wconf 91' lang='lat' dir='ltr'><strong>adeo</strong></span> <span class='ocrx_word' id='word_1_513' title='bbox 876 4249 929 4304; x_wconf 91' lang='lat' dir='ltr'><strong>in</strong></span> <span class='ocrx_word' id='word_1_514' title='bbox 958 4248 1251 4319; x_wconf 77' lang='lat' dir='ltr'><strong>segnitiem</strong></span> <span class='ocrx_word' id='word_1_515' title='bbox 1284 4247 1598 4319; x_wconf 88' lang='lat' dir='ltr'><strong>impellens,</strong></span> <span class='ocrx_word' id='word_1_516' title='bbox 1619 4254 1786 4317; x_wconf 87' lang='lat' dir='ltr'><strong>atque</strong></span> <span class='ocrx_word' id='word_1_517' title='bbox 1810 4248 2032 4305; x_wconf 88' lang='lat' dir='ltr'><strong>labores</strong></span> 
     </span>
    </p>
   </div>
   <div class='ocr_carea' id='block_1_74' title="bbox 445 4340 2032 4413">
    <p class='ocr_par' dir='ltr' id='par_1_74' title="bbox 445 4340 2032 4413">
     <span class='ocr_line' id='line_1_74' title="bbox 445 4340 2032 4413; baseline 0.004 -22"><span class='ocrx_word' id='word_1_518' title='bbox 445 4340 740 4411; x_wconf 79' lang='lat' dir='ltr'><strong>neglectim</strong></span> <span class='ocrx_word' id='word_1_519' title='bbox 773 4342 978 4397; x_wconf 85' lang='lat' dir='ltr'><strong>habere</strong></span> <span class='ocrx_word' id='word_1_520' title='bbox 1023 4341 1258 4408; x_wconf 83' lang='lat' dir='ltr'><strong>faciens,</strong></span> <span class='ocrx_word' id='word_1_521' title='bbox 1289 4351 1515 4413; x_wconf 86' lang='lat' dir='ltr'><strong>repente</strong></span> <span class='ocrx_word' id='word_1_522' title='bbox 1555 4341 1787 4399; x_wconf 89' lang='lat' dir='ltr'><strong>adortus</strong></span> <span class='ocrx_word' id='word_1_523' title='bbox 1823 4341 1900 4396; x_wconf 90' lang='lat' dir='ltr'><strong>uti</strong></span> <span class='ocrx_word' id='word_1_524' title='bbox 1934 4340 2032 4397; x_wconf 87' lang='lat' dir='ltr'><strong>de-</strong></span> 
     </span>
    </p>
   </div>
   <div class='ocr_carea' id='block_1_75' title="bbox 443 4429 2028 4501">
    <p class='ocr_par' dir='ltr' id='par_1_75' title="bbox 443 4429 2028 4501">
     <span class='ocr_line' id='line_1_75' title="bbox 443 4429 2028 4501; baseline 0.001 -18"><span class='ocrx_word' id='word_1_525' title='bbox 443 4429 582 4496; x_wconf 83' lang='lat' dir='ltr'><strong>biles</strong></span> <span class='ocrx_word' id='word_1_526' title='bbox 613 4438 780 4499; x_wconf 88' lang='lat' dir='ltr'><strong>atque</strong></span> <span class='ocrx_word' id='word_1_527' title='bbox 817 4431 1082 4493; x_wconf 89' lang='lat' dir='ltr'><strong>inermes.</strong></span> <span class='ocrx_word' id='word_1_528' title='bbox 1115 4431 1607 4487; x_wconf 89' lang='lat' dir='ltr'><strong>innumerabilium</strong></span> <span class='ocrx_word' id='word_1_529' title='bbox 1632 4432 2028 4501; x_wconf 82' lang='lat' dir='ltr'><strong>cogitationum</strong></span> 
     </span>
    </p>
   </div>
   <div class='ocr_carea' id='block_1_76' title="bbox 443 4518 2031 4589">
    <p class='ocr_par' dir='ltr' id='par_1_76' title="bbox 443 4518 2031 4589">
     <span class='ocr_line' id='line_1_76' title="bbox 443 4518 2031 4589; baseline 0.005 -23"><span class='ocrx_word' id='word_1_530' title='bbox 443 4526 639 4583; x_wconf 81' lang='lat' dir='ltr'><strong>:cstum</strong></span> <span class='ocrx_word' id='word_1_531' title='bbox 684 4519 796 4578; x_wconf 88' lang='lat' dir='ltr'><strong>illis</strong></span> <span class='ocrx_word' id='word_1_532' title='bbox 835 4520 1135 4575; x_wconf 86' lang='lat' dir='ltr'><strong>commovit</strong></span> <span class='ocrx_word' id='word_1_533' title='bbox 1175 4529 1347 4589; x_wconf 85' lang='lat' dir='ltr'><strong>atque</strong></span> <span class='ocrx_word' id='word_1_534' title='bbox 1390 4518 1615 4574; x_wconf 89' lang='lat' dir='ltr'><strong>miscuit</strong></span> <span class='ocrx_word' id='word_1_535' title='bbox 1647 4520 2031 4575; x_wconf 88' lang='lat' dir='ltr'><strong>conturbavit-</strong></span> 
     </span>
    </p>
   </div>
   <div class='ocr_carea' id='block_1_77' title="bbox 442 4609 2026 4682">
    <p class='ocr_par' dir='ltr' id='par_1_77' title="bbox 442 4609 2026 4682">
     <span class='ocr_line' id='line_1_77' title="bbox 442 4609 2026 4682; baseline 0.004 -19"><span class='ocrx_word' id='word_1_536' title='bbox 442 4624 553 4677; x_wconf 81' lang='lat' dir='ltr'><strong>que</strong></span> <span class='ocrx_word' id='word_1_537' title='bbox 589 4627 603 4664; x_wconf 90' lang='lat'><strong>:</strong></span> <span class='ocrx_word' id='word_1_538' title='bbox 635 4609 771 4681; x_wconf 88' lang='lat' dir='ltr'><strong>quin</strong></span> <span class='ocrx_word' id='word_1_539' title='bbox 813 4616 868 4666; x_wconf 85' lang='lat' dir='ltr'><strong>et</strong></span> <span class='ocrx_word' id='word_1_540' title='bbox 919 4610 1123 4682; x_wconf 81' lang='lat' dir='ltr'><strong>saepius</strong></span> <span class='ocrx_word' id='word_1_541' title='bbox 1170 4610 1446 4682; x_wconf 90' lang='lat' dir='ltr'><strong>profundo</strong></span> <span class='ocrx_word' id='word_1_542' title='bbox 1501 4613 1765 4669; x_wconf 90' lang='lat' dir='ltr'><strong>vitiorum</strong></span> <span class='ocrx_word' id='word_1_543' title='bbox 1815 4615 2026 4671; x_wconf 88' lang='lat' dir='ltr'><strong>mersit.</strong></span> 
     </span>
    </p>
   </div>
   <div class='ocr_carea' id='block_1_78' title="bbox 440 4694 2031 4775">
    <p class='ocr_par' dir='ltr' id='par_1_78' title="bbox 440 4694 2031 4775">
     <span class='ocr_line' id='line_1_78' title="bbox 440 4694 2031 4775; baseline 0.006 -24"><span class='ocrx_word' id='word_1_544' title='bbox 440 4694 584 4753; x_wconf 77' lang='lat' dir='ltr'><strong>Aliis</strong></span> <span class='ocrx_word' id='word_1_545' title='bbox 611 4714 807 4756; x_wconf 83' lang='lat' dir='ltr'><strong>rursus</strong></span> <span class='ocrx_word' id='word_1_546' title='bbox 838 4701 1015 4757; x_wconf 88' lang='lat' dir='ltr'><strong>suasit</strong></span> <span class='ocrx_word' id='word_1_547' title='bbox 1044 4708 1103 4757; x_wconf 92' lang='lat' dir='ltr'><strong>ut</strong></span> <span class='ocrx_word' id='word_1_548' title='bbox 1130 4702 1234 4759; x_wconf 89' lang='lat' dir='ltr'><strong>sibi</strong></span> <span class='ocrx_word' id='word_1_549' title='bbox 1268 4703 1395 4773; x_wconf 92' lang='lat' dir='ltr'><strong>ipsi,</strong></span> <span class='ocrx_word' id='word_1_550' title='bbox 1421 4712 1683 4773; x_wconf 90' lang='lat' dir='ltr'><strong>tanquam</strong></span> <span class='ocrx_word' id='word_1_551' title='bbox 1707 4704 1821 4773; x_wconf 89' lang='lat' dir='ltr'><strong>jam</strong></span> <span class='ocrx_word' id='word_1_552' title='bbox 1853 4705 2031 4775; x_wconf 89' lang='lat' dir='ltr'><strong>majo-</strong></span> 
     </span>
    </p>
   </div>
   <div class='ocr_carea' id='block_1_79' title="bbox 442 4790 2027 4862">
    <p class='ocr_par' dir='ltr' id='par_1_79' title="bbox 442 4790 2027 4862">
     <span class='ocr_line' id='line_1_79' title="bbox 442 4790 2027 4862; baseline 0.007 -20"><span class='ocrx_word' id='word_1_553' title='bbox 442 4804 559 4857; x_wconf 82' lang='lat' dir='ltr'><strong>rem</strong></span> <span class='ocrx_word' id='word_1_554' title='bbox 600 4790 821 4845; x_wconf 89' lang='lat' dir='ltr'><strong>modum</strong></span> <span class='ocrx_word' id='word_1_555' title='bbox 854 4793 1160 4860; x_wconf 88' lang='lat' dir='ltr'><strong>consecuti,</strong></span> <span class='ocrx_word' id='word_1_556' title='bbox 1193 4796 1557 4862; x_wconf 83' lang='lat' dir='ltr'><strong>confiderent,</strong></span> <span class='ocrx_word' id='word_1_557' title='bbox 1588 4803 1642 4851; x_wconf 91' lang='lat' dir='ltr'><strong>et</strong></span> <span class='ocrx_word' id='word_1_558' title='bbox 1690 4806 1748 4851; x_wconf 90' lang='lat' dir='ltr'><strong>ut</strong></span> <span class='ocrx_word' id='word_1_559' title='bbox 1792 4797 2027 4853; x_wconf 87' lang='lat' dir='ltr'><strong>aliorum</strong></span> 
     </span>
    </p>
   </div>
   <div class='ocr_carea' id='block_1_80' title="bbox 440 4879 2029 4958">
    <p class='ocr_par' dir='ltr' id='par_1_80' title="bbox 440 4879 2029 4958">
     <span class='ocr_line' id='line_1_80' title="bbox 440 4879 2029 4958; baseline 0.008 -26"><span class='ocrx_word' id='word_1_560' title='bbox 440 4879 683 4935; x_wconf 80' lang='lat' dir='ltr'><strong>creditas</strong></span> <span class='ocrx_word' id='word_1_561' title='bbox 711 4881 1079 4952; x_wconf 85' lang='lat' dir='ltr'><strong>cogitationes</strong></span> <span class='ocrx_word' id='word_1_562' title='bbox 1116 4887 1457 4958; x_wconf 86' lang='lat' dir='ltr'><strong>acciperent,</strong></span> <span class='ocrx_word' id='word_1_563' title='bbox 1493 4888 1838 4958; x_wconf 76' lang='lat' dir='ltr'><strong>affectusque</strong></span> <span class='ocrx_word' id='word_1_564' title='bbox 1866 4897 1922 4945; x_wconf 91' lang='lat' dir='ltr'><strong>et</strong></span> <span class='ocrx_word' id='word_1_565' title='bbox 1962 4889 2029 4944; x_wconf 92' lang='lat' dir='ltr'><strong>li-</strong></span> 
     </span>
    </p>
   </div>
   <div class='ocr_carea' id='block_1_81' title="bbox 441 4970 2026 5052">
    <p class='ocr_par' dir='ltr' id='par_1_81' title="bbox 441 4970 2026 5052">
     <span class='ocr_line' id='line_1_81' title="bbox 441 4970 2026 5052; baseline 0.008 -27"><span class='ocrx_word' id='word_1_566' title='bbox 441 4970 659 5028; x_wconf 80' lang='lat' dir='ltr'><strong>bidines</strong></span> <span class='ocrx_word' id='word_1_567' title='bbox 701 4982 867 5045; x_wconf 91' lang='lat' dir='ltr'><strong>atque</strong></span> <span class='ocrx_word' id='word_1_568' title='bbox 912 4976 1102 5046; x_wconf 65' lang='lat' dir='ltr'><strong>praelia</strong></span> <span class='ocrx_word' id='word_1_569' title='bbox 1147 4977 1468 5049; x_wconf 79' lang='lat' dir='ltr'><strong>detegentes</strong></span> <span class='ocrx_word' id='word_1_570' title='bbox 1502 4979 1807 5036; x_wconf 86' lang='lat' dir='ltr'><strong>audirent:</strong></span> <span class='ocrx_word' id='word_1_571' title='bbox 1846 4982 2026 5052; x_wconf 88' lang='lat' dir='ltr'><strong>quod-</strong></span> 
     </span>
    </p>
   </div>
   <div class='ocr_carea' id='block_1_82' title="bbox 441 5063 2030 5142">
    <p class='ocr_par' dir='ltr' id='par_1_82' title="bbox 441 5063 2030 5142">
     <span class='ocr_line' id='line_1_82' title="bbox 441 5063 2030 5142; baseline 0.009 -28"><span class='ocrx_word' id='word_1_572' title='bbox 441 5077 550 5130; x_wconf 86' lang='lat' dir='ltr'><strong>que</strong></span> <span class='ocrx_word' id='word_1_573' title='bbox 595 5063 829 5117; x_wconf 90' lang='lat' dir='ltr'><strong>necdum</strong></span> <span class='ocrx_word' id='word_1_574' title='bbox 880 5081 1015 5124; x_wconf 85' lang='lat' dir='ltr'><strong>suos</strong></span> <span class='ocrx_word' id='word_1_575' title='bbox 1066 5068 1170 5138; x_wconf 89' lang='lat' dir='ltr'><strong>ipsi</strong></span> <span class='ocrx_word' id='word_1_576' title='bbox 1210 5067 1443 5124; x_wconf 79' lang='lat' dir='ltr'><strong>affectus</strong></span> <span class='ocrx_word' id='word_1_577' title='bbox 1477 5077 1641 5139; x_wconf 89' lang='lat' dir='ltr'><strong>atque</strong></span> <span class='ocrx_word' id='word_1_578' title='bbox 1681 5071 1810 5127; x_wconf 85' lang='lat' dir='ltr'><strong>vitia</strong></span> <span class='ocrx_word' id='word_1_579' title='bbox 1857 5072 2030 5142; x_wconf 87' lang='lat' dir='ltr'><strong>probe</strong></span> 
     </span>
    </p>
   </div>
   <div class='ocr_carea' id='block_1_83' title="bbox 441 5154 2030 5232">
    <p class='ocr_par' dir='ltr' id='par_1_83' title="bbox 441 5154 2030 5232">
     <span class='ocr_line' id='line_1_83' title="bbox 441 5154 2030 5232; baseline 0.004 -22"><span class='ocrx_word' id='word_1_580' title='bbox 441 5154 730 5227; x_wconf 78' lang='lat' dir='ltr'><strong>eluissent,</strong></span> <span class='ocrx_word' id='word_1_581' title='bbox 763 5171 889 5211; x_wconf 87' lang='lat' dir='ltr'><strong>cum</strong></span> <span class='ocrx_word' id='word_1_582' title='bbox 948 5159 1268 5219; x_wconf 89' lang='lat' dir='ltr'><strong>auditorum</strong></span> <span class='ocrx_word' id='word_1_583' title='bbox 1328 5162 1651 5217; x_wconf 89' lang='lat' dir='ltr'><strong>memoriam</strong></span> <span class='ocrx_word' id='word_1_584' title='bbox 1711 5161 2030 5232; x_wconf 88' lang='lat' dir='ltr'><strong>formasque</strong></span> 
     </span>
    </p>
   </div>
   <div class='ocr_carea' id='block_1_84' title="bbox 440 5245 2025 5324">
    <p class='ocr_par' dir='ltr' id='par_1_84' title="bbox 440 5245 2025 5324">
     <span class='ocr_line' id='line_1_84' title="bbox 440 5245 2025 5324; baseline 0.003 -23"><span class='ocrx_word' id='word_1_585' title='bbox 440 5245 739 5302; x_wconf 81' lang='lat' dir='ltr'><strong>libidinose</strong></span> <span class='ocrx_word' id='word_1_586' title='bbox 782 5249 968 5304; x_wconf 89' lang='lat' dir='ltr'><strong>animo</strong></span> <span class='ocrx_word' id='word_1_587' title='bbox 1012 5250 1248 5320; x_wconf 85' lang='lat' dir='ltr'><strong>primum</strong></span> <span class='ocrx_word' id='word_1_588' title='bbox 1300 5249 1551 5317; x_wconf 89' lang='lat' dir='ltr'><strong>immisit,</strong></span> <span class='ocrx_word' id='word_1_589' title='bbox 1583 5261 1810 5324; x_wconf 90' lang='lat' dir='ltr'><strong>tumque</strong></span> <span class='ocrx_word' id='word_1_590' title='bbox 1861 5254 2025 5306; x_wconf 87' lang='lat' dir='ltr'><strong>etiam</strong></span> 
     </span>
    </p>
   </div>
   <div class='ocr_carea' id='block_1_85' title="bbox 441 5337 2028 5413">
    <p class='ocr_par' dir='ltr' id='par_1_85' title="bbox 441 5337 2028 5413">
     <span class='ocr_line' id='line_1_85' title="bbox 441 5337 2028 5413; baseline 0.002 -20"><span class='ocrx_word' id='word_1_591' title='bbox 441 5337 509 5406; x_wconf 80' lang='lat' dir='ltr'><strong>ad</strong></span> <span class='ocrx_word' id='word_1_592' title='bbox 540 5353 766 5393; x_wconf 89' lang='lat' dir='ltr'><strong>carnem</strong></span> <span class='ocrx_word' id='word_1_593' title='bbox 798 5341 1152 5410; x_wconf 88' lang='lat' dir='ltr'><strong>polluendam</strong></span> <span class='ocrx_word' id='word_1_594' title='bbox 1185 5340 1488 5398; x_wconf 86' lang='lat' dir='ltr'><strong>miserabili</strong></span> <span class='ocrx_word' id='word_1_595' title='bbox 1522 5360 1619 5399; x_wconf 90' lang='lat' dir='ltr'><strong>eos</strong></span> <span class='ocrx_word' id='word_1_596' title='bbox 1647 5345 1795 5398; x_wconf 78' lang='lat' dir='ltr'><strong>exitu</strong></span> <span class='ocrx_word' id='word_1_597' title='bbox 1833 5342 2028 5413; x_wconf 67' lang='lat' dir='ltr'><strong>praeci-</strong></span> 
     </span>
    </p>
   </div>
   <div class='ocr_carea' id='block_1_86' title="bbox 441 5425 2027 5505">
    <p class='ocr_par' dir='ltr' id='par_1_86' title="bbox 441 5425 2027 5505">
     <span class='ocr_line' id='line_1_86' title="bbox 441 5425 2027 5505; baseline 0.006 -24"><span class='ocrx_word' id='word_1_598' title='bbox 441 5426 658 5505; x_wconf 76' lang='lat' dir='ltr'><strong>pitavit.</strong></span> <span class='ocrx_word' id='word_1_599' title='bbox 695 5425 831 5483; x_wconf 83' lang='lat' dir='ltr'><strong>Cum</strong></span> <span class='ocrx_word' id='word_1_600' title='bbox 869 5429 1036 5502; x_wconf 85' lang='lat' dir='ltr'><strong>igitur</strong></span> <span class='ocrx_word' id='word_1_601' title='bbox 1068 5430 1149 5486; x_wconf 92' lang='lat' dir='ltr'><strong>sic</strong></span> <span class='ocrx_word' id='word_1_602' title='bbox 1182 5431 1320 5486; x_wconf 88' lang='lat' dir='ltr'><strong>varii</strong></span> <span class='ocrx_word' id='word_1_603' title='bbox 1363 5448 1427 5487; x_wconf 84' lang='lat' dir='ltr'><strong>ac</strong></span> <span class='ocrx_word' id='word_1_604' title='bbox 1467 5434 1821 5504; x_wconf 85' lang='lat' dir='ltr'><strong>multiplices,</strong></span> <span class='ocrx_word' id='word_1_605' title='bbox 1856 5449 2027 5504; x_wconf 81' lang='lat' dir='ltr'><strong>quos-</strong></span> 
     </span>
    </p>
   </div>
   <div class='ocr_carea' id='block_1_87' title="bbox 441 5520 2026 5591">
    <p class='ocr_par' dir='ltr' id='par_1_87' title="bbox 441 5520 2026 5591">
     <span class='ocr_line' id='line_1_87' title="bbox 441 5520 2026 5591; baseline 0.005 -20"><span class='ocrx_word' id='word_1_606' title='bbox 441 5532 549 5586; x_wconf 88' lang='lat' dir='ltr'><strong>que</strong></span> <span class='ocrx_word' id='word_1_607' title='bbox 574 5534 719 5589; x_wconf 80' lang='lat' dir='ltr'><strong>aegre</strong></span> <span class='ocrx_word' id='word_1_608' title='bbox 744 5520 1150 5590; x_wconf 88' lang='lat' dir='ltr'><strong>deprehendas,</strong></span> <span class='ocrx_word' id='word_1_609' title='bbox 1171 5524 1282 5578; x_wconf 89' lang='lat' dir='ltr'><strong>sint</strong></span> <span class='ocrx_word' id='word_1_610' title='bbox 1305 5528 1594 5581; x_wconf 88' lang='lat' dir='ltr'><strong>tentatoris</strong></span> <span class='ocrx_word' id='word_1_611' title='bbox 1617 5526 1884 5591; x_wconf 73' lang='lat' dir='ltr'><strong>assultus,</strong></span> <span class='ocrx_word' id='word_1_612' title='bbox 1912 5540 2026 5579; x_wconf 88' lang='lat' dir='ltr'><strong>ma-</strong></span> 
     </span>
    </p>
   </div>
   <div class='ocr_carea' id='block_1_88' title="bbox 443 5613 2024 5688">
    <p class='ocr_par' dir='ltr' id='par_1_88' title="bbox 443 5613 2024 5688">
     <span class='ocr_line' id='line_1_88' title="bbox 443 5613 2024 5688; baseline 0.006 -26"><span class='ocrx_word' id='word_1_613' title='bbox 443 5624 551 5677; x_wconf 73' lang='lat' dir='ltr'><strong>gna</strong></span> <span class='ocrx_word' id='word_1_614' title='bbox 573 5626 793 5682; x_wconf 88' lang='lat' dir='ltr'><strong>quoque</strong></span> <span class='ocrx_word' id='word_1_615' title='bbox 830 5613 990 5668; x_wconf 88' lang='lat' dir='ltr'><strong>nobis</strong></span> <span class='ocrx_word' id='word_1_616' title='bbox 1024 5630 1164 5685; x_wconf 87' lang='lat' dir='ltr'><strong>opus</strong></span> <span class='ocrx_word' id='word_1_617' title='bbox 1196 5617 1304 5672; x_wconf 89' lang='lat' dir='ltr'><strong>erit</strong></span> <span class='ocrx_word' id='word_1_618' title='bbox 1334 5619 1593 5673; x_wconf 85' lang='lat' dir='ltr'><strong>cautione</strong></span> <span class='ocrx_word' id='word_1_619' title='bbox 1624 5634 1690 5672; x_wconf 91' lang='lat' dir='ltr'><strong>ac</strong></span> <span class='ocrx_word' id='word_1_620' title='bbox 1718 5618 2024 5688; x_wconf 81' lang='lat' dir='ltr'><strong>vigilantia,</strong></span> 
     </span>
    </p>
   </div>
   <div class='ocr_carea' id='block_1_89' title="bbox 444 5700 2026 5775">
    <p class='ocr_par' dir='ltr' id='par_1_89' title="bbox 444 5700 2026 5775">
     <span class='ocr_line' id='line_1_89' title="bbox 444 5700 2026 5775; baseline 0.008 -23"><span class='ocrx_word' id='word_1_621' title='bbox 444 5700 741 5769; x_wconf 74' lang='lat' dir='ltr'><strong>animoque</strong></span> <span class='ocrx_word' id='word_1_622' title='bbox 775 5704 901 5760; x_wconf 88' lang='lat' dir='ltr'><strong>boni</strong></span> <span class='ocrx_word' id='word_1_623' title='bbox 935 5720 1068 5762; x_wconf 88' lang='lat' dir='ltr'><strong>eura</strong></span> <span class='ocrx_word' id='word_1_624' title='bbox 1101 5710 1310 5765; x_wconf 88' lang='lat' dir='ltr'><strong>intento</strong></span> <span class='ocrx_word' id='word_1_625' title='bbox 1341 5733 1351 5766; x_wconf 93' lang='lat'>:</span> <span class='ocrx_word' id='word_1_626' title='bbox 1389 5719 1448 5765; x_wconf 89' lang='lat' dir='ltr'><strong>ut</strong></span> <span class='ocrx_word' id='word_1_627' title='bbox 1473 5727 1538 5767; x_wconf 90' lang='lat' dir='ltr'><strong>eo</strong></span> <span class='ocrx_word' id='word_1_628' title='bbox 1568 5713 1907 5775; x_wconf 82' lang='lat' dir='ltr'><strong>illustrantc,</strong></span> <span class='ocrx_word' id='word_1_629' title='bbox 1939 5710 2026 5765; x_wconf 90' lang='lat' dir='ltr'><strong>his</strong></span> 
     </span>
    </p>
   </div>
   <div class='ocr_carea' id='block_1_90' title="bbox 446 5798 2024 5879">
    <p class='ocr_par' dir='ltr' id='par_1_90' title="bbox 446 5798 2024 5879">
     <span class='ocr_line' id='line_1_90' title="bbox 446 5798 2024 5879; baseline -0.001 -19"><span class='ocrx_word' id='word_1_630' title='bbox 446 5807 567 5872; x_wconf 59' lang='lat' dir='ltr'><strong>qua:</strong></span> <span class='ocrx_word' id='word_1_631' title='bbox 613 5803 743 5863; x_wconf 70' lang='grc' dir='ltr'>ξυῐὶῑ</span> <span class='ocrx_word' id='word_1_632' title='bbox 784 5798 947 5867; x_wconf 64' lang='grc' dir='ltr'>ιιιειιει,</span> <span class='ocrx_word' id='word_1_633' title='bbox 985 5808 1046 5856; x_wconf 81' lang='grc' dir='ltr'><strong>ιιι</strong></span> <span class='ocrx_word' id='word_1_634' title='bbox 1097 5801 1281 5869; x_wconf 85' lang='lat' dir='ltr'><strong>bonis,</strong></span> <span class='ocrx_word' id='word_1_635' title='bbox 1314 5804 1698 5879; x_wconf 87' lang='lat' dir='ltr'><strong>imprudentes</strong></span> <span class='ocrx_word' id='word_1_636' title='bbox 1743 5821 1852 5860; x_wconf 83' lang='lat' dir='ltr'><strong>non</strong></span> <span class='ocrx_word' id='word_1_637' title='bbox 1900 5813 2024 5860; x_wconf 83' lang='lat' dir='ltr'><strong>ula-</strong></span> 
     </span>
    </p>
   </div>
   <div class='ocr_carea' id='block_1_91' title="bbox 2141 3318 3744 3406">
    <p class='ocr_par' dir='ltr' id='par_1_91' title="bbox 2141 3318 3744 3406">
     <span class='ocr_line' id='line_1_91' title="bbox 2141 3318 3744 3406; baseline 0.016 -36"><span class='ocrx_word' id='word_1_638' title='bbox 2141 3318 2283 3383; x_wconf 88' lang='grc' dir='ltr'>κόσι,</span> <span class='ocrx_word' id='word_1_639' title='bbox 2315 3321 2411 3373; x_wconf 73' lang='grc' dir='ltr'><strong>καὶ</strong></span> <span class='ocrx_word' id='word_1_640' title='bbox 2440 3321 2582 3376; x_wconf 75' lang='grc' dir='ltr'>οὕτω</span> <span class='ocrx_word' id='word_1_641' title='bbox 2613 3325 2928 3395; x_wconf 82' lang='grc' dir='ltr'>φιληδόνους</span> <span class='ocrx_word' id='word_1_642' title='bbox 2958 3332 3052 3384; x_wconf 81' lang='grc' dir='ltr'>καὶ</span> <span class='ocrx_word' id='word_1_643' title='bbox 3072 3333 3340 3403; x_wconf 73' lang='grc' dir='ltr'>ἐμπαθεῖς</span> <span class='ocrx_word' id='word_1_644' title='bbox 3361 3338 3486 3401; x_wconf 74' lang='grc' dir='ltr'>τοὺς</span> <span class='ocrx_word' id='word_1_645' title='bbox 3517 3339 3744 3406; x_wconf 85' lang='grc' dir='ltr'>ἀθλίους</span> 
     </span>
    </p>
   </div>
   <div class='ocr_carea' id='block_1_92' title="bbox 2140 3410 3742 3504">
    <p class='ocr_par' dir='ltr' id='par_1_92' title="bbox 2140 3410 3742 3504">
     <span class='ocr_line' id='line_1_92' title="bbox 2140 3410 3742 3504; baseline 0.012 -42"><span class='ocrx_word' id='word_1_646' title='bbox 2140 3410 2444 3504; x_wconf 71' lang='grc' dir='ltr'>ἀπέδειξεν.</span> <span class='ocrx_word' id='word_1_647' title='bbox 2482 3414 2711 3481; x_wconf 77' lang='grc' dir='ltr'>’Ἄλλους</span> <span class='ocrx_word' id='word_1_648' title='bbox 2739 3419 3128 3493; x_wconf 86' lang='grc' dir='ltr'>ἀνενοχλήτους</span> <span class='ocrx_word' id='word_1_649' title='bbox 3176 3426 3366 3492; x_wconf 82' lang='grc' dir='ltr'>ἐάσας,</span> <span class='ocrx_word' id='word_1_650' title='bbox 3396 3430 3488 3483; x_wconf 69' lang='grc' dir='ltr'>καὶ</span> <span class='ocrx_word' id='word_1_651' title='bbox 3516 3430 3595 3501; x_wconf 78' lang='grc' dir='ltr'><strong>τῷ</strong></span> <span class='ocrx_word' id='word_1_652' title='bbox 3636 3450 3742 3504; x_wconf 72' lang='grc' dir='ltr'>μη-</span> 
     </span>
    </p>
   </div>
   <div class='ocr_carea' id='block_1_93' title="bbox 2138 3502 3741 3592">
    <p class='ocr_par' dir='ltr' id='par_1_93' title="bbox 2138 3502 3741 3592">
     <span class='ocr_line' id='line_1_93' title="bbox 2138 3502 3741 3592; baseline 0.015 -38"><span class='ocrx_word' id='word_1_653' title='bbox 2138 3502 2250 3556; x_wconf 78' lang='grc' dir='ltr'>δενὶ</span> <span class='ocrx_word' id='word_1_654' title='bbox 2278 3504 2387 3557; x_wconf 85' lang='grc' dir='ltr'>τῶν</span> <span class='ocrx_word' id='word_1_655' title='bbox 2414 3505 2602 3560; x_wconf 84' lang='grc' dir='ltr'>παθῶν</span> <span class='ocrx_word' id='word_1_656' title='bbox 2633 3508 2876 3576; x_wconf 76' lang='grc' dir='ltr'>ἁλιοτοῦς</span> <span class='ocrx_word' id='word_1_657' title='bbox 2903 3508 3042 3581; x_wconf 79' lang='grc' dir='ltr'>εἶναι</span> <span class='ocrx_word' id='word_1_658' title='bbox 3065 3521 3615 3592; x_wconf 69' lang='grc' dir='ltr'>παρακρουσάμενος,</span> <span class='ocrx_word' id='word_1_659' title='bbox 3640 3502 3741 3589; x_wconf 76' lang='grc' dir='ltr'><strong>εἰς</strong></span> 
     </span>
    </p>
   </div>
   <div class='ocr_carea' id='block_1_94' title="bbox 2140 3595 3737 3685">
    <p class='ocr_par' dir='ltr' id='par_1_94' title="bbox 2140 3595 3737 3685">
     <span class='ocr_line' id='line_1_94' title="bbox 2140 3595 3737 3685; baseline 0.014 -38"><span class='ocrx_word' id='word_1_660' title='bbox 2140 3595 2518 3667; x_wconf 62' lang='grc' dir='ltr'>ὑπερηφανίαν</span> <span class='ocrx_word' id='word_1_661' title='bbox 2547 3601 2745 3673; x_wconf 79' lang='grc' dir='ltr'>ἐπῆρε,</span> <span class='ocrx_word' id='word_1_662' title='bbox 2804 3605 2901 3659; x_wconf 78' lang='grc' dir='ltr'>καὶ</span> <span class='ocrx_word' id='word_1_663' title='bbox 2944 3603 3089 3660; x_wconf 77' lang='grc' dir='ltr'>οὕτω</span> <span class='ocrx_word' id='word_1_664' title='bbox 3134 3609 3335 3680; x_wconf 74' lang='grc' dir='ltr'>ῥαδίως</span> <span class='ocrx_word' id='word_1_665' title='bbox 3374 3614 3737 3685; x_wconf 78' lang='grc' dir='ltr'>κατήνεγκεν.</span> 
     </span>
    </p>
   </div>
   <div class='ocr_carea' id='block_1_95' title="bbox 2142 3688 3743 3777">
    <p class='ocr_par' dir='ltr' id='par_1_95' title="bbox 2142 3688 3743 3777">
     <span class='ocr_line' id='line_1_95' title="bbox 2142 3688 3743 3777; baseline 0.014 -37"><span class='ocrx_word' id='word_1_666' title='bbox 2142 3688 2299 3741; x_wconf 88' lang='grc' dir='ltr'>Ἔστι</span> <span class='ocrx_word' id='word_1_667' title='bbox 2325 3690 2381 3742; x_wconf 80' lang='grc' dir='ltr'>δὲ</span> <span class='ocrx_word' id='word_1_668' title='bbox 2405 3688 2499 3754; x_wconf 84' lang='grc' dir='ltr'><strong>οὓς</strong></span> <span class='ocrx_word' id='word_1_669' title='bbox 2530 3692 2738 3746; x_wconf 76' lang='grc' dir='ltr'>καὶτοῦ</span> <span class='ocrx_word' id='word_1_670' title='bbox 2777 3696 3035 3768; x_wconf 82' lang='grc' dir='ltr'>πολεμεῖν</span> <span class='ocrx_word' id='word_1_671' title='bbox 3073 3701 3469 3773; x_wconf 79' lang='grc' dir='ltr'>ἀποσχόμενος,</span> <span class='ocrx_word' id='word_1_672' title='bbox 3499 3707 3593 3758; x_wconf 78' lang='grc' dir='ltr'>καὶ</span> <span class='ocrx_word' id='word_1_673' title='bbox 3636 3708 3743 3777; x_wconf 83' lang='grc' dir='ltr'><strong>μά-</strong></span> 
     </span>
    </p>
   </div>
   <div class='ocr_carea' id='block_1_96' title="bbox 2138 3779 3739 3868">
    <p class='ocr_par' dir='ltr' id='par_1_96' title="bbox 2138 3779 3739 3868">
     <span class='ocr_line' id='line_1_96' title="bbox 2138 3779 3739 3868; baseline 0.012 -35"><span class='ocrx_word' id='word_1_674' title='bbox 2138 3779 2291 3834; x_wconf 86' lang='grc' dir='ltr'>λιστα</span> <span class='ocrx_word' id='word_1_675' title='bbox 2335 3781 2463 3844; x_wconf 78' lang='grc' dir='ltr'>τοὺς</span> <span class='ocrx_word' id='word_1_676' title='bbox 2518 3783 2654 3854; x_wconf 81' lang='grc' dir='ltr'>πρὸς</span> <span class='ocrx_word' id='word_1_677' title='bbox 2689 3786 2816 3850; x_wconf 70' lang='grc' dir='ltr'>τοὺς</span> <span class='ocrx_word' id='word_1_678' title='bbox 2871 3789 3204 3863; x_wconf 76' lang='grc' dir='ltr'>ἀσκητικοὺς</span> <span class='ocrx_word' id='word_1_679' title='bbox 3242 3794 3457 3862; x_wconf 81' lang='grc' dir='ltr'>ἀγῶνας</span> <span class='ocrx_word' id='word_1_680' title='bbox 3502 3796 3739 3868; x_wconf 78' lang='grc' dir='ltr'>ἔναγχος</span> 
     </span>
    </p>
   </div>
   <div class='ocr_carea' id='block_1_97' title="bbox 2137 3870 3741 3959">
    <p class='ocr_par' dir='ltr' id='par_1_97' title="bbox 2137 3870 3741 3959">
     <span class='ocr_line' id='line_1_97' title="bbox 2137 3870 3741 3959; baseline 0.012 -36"><span class='ocrx_word' id='word_1_681' title='bbox 2137 3870 2605 3944; x_wconf 85' lang='grc' dir='ltr'>ἀποδυσαμένους,</span> <span class='ocrx_word' id='word_1_682' title='bbox 2643 3875 2816 3940; x_wconf 83' lang='grc' dir='ltr'>ἀδεῶς</span> <span class='ocrx_word' id='word_1_683' title='bbox 2857 3876 3003 3949; x_wconf 82' lang='grc' dir='ltr'>ἔχειν</span> <span class='ocrx_word' id='word_1_684' title='bbox 3029 3881 3228 3946; x_wconf 82' lang='grc' dir='ltr'>αὐτοὺς</span> <span class='ocrx_word' id='word_1_685' title='bbox 3270 3886 3360 3937; x_wconf 73' lang='grc' dir='ltr'>καὶ</span> <span class='ocrx_word' id='word_1_686' title='bbox 3409 3887 3741 3959; x_wconf 78' lang='grc' dir='ltr'>ἀμερίμνως</span> 
     </span>
    </p>
   </div>
   <div class='ocr_carea' id='block_1_98' title="bbox 2136 3961 3740 4048">
    <p class='ocr_par' dir='ltr' id='par_1_98' title="bbox 2136 3961 3740 4048">
     <span class='ocr_line' id='line_1_98' title="bbox 2136 3961 3740 4048; baseline 0.013 -32"><span class='ocrx_word' id='word_1_687' title='bbox 2136 3965 2418 4035; x_wconf 77' lang='grc' dir='ltr'>ἠπάτησεν</span> <span class='ocrx_word' id='word_1_688' title='bbox 2443 3984 2457 3999; x_wconf 79' lang='grc' dir='ltr'><strong><em>ο</em></strong></span> <span class='ocrx_word' id='word_1_689' title='bbox 2486 3965 2547 4032; x_wconf 76' lang='grc' dir='ltr'>ἐξ</span> <span class='ocrx_word' id='word_1_690' title='bbox 2582 3961 2756 4042; x_wconf 75' lang='grc' dir='ltr'>οὗπερ</span> <span class='ocrx_word' id='word_1_691' title='bbox 2784 3971 2864 4036; x_wconf 90' lang='grc' dir='ltr'><strong>είς</strong></span> <span class='ocrx_word' id='word_1_692' title='bbox 2911 3973 3187 4046; x_wconf 72' lang='grc' dir='ltr'>ῥᾳθυμίαν</span> <span class='ocrx_word' id='word_1_693' title='bbox 3212 3976 3488 4048; x_wconf 78' lang='grc' dir='ltr'>ἐμϐαλὼν,</span> <span class='ocrx_word' id='word_1_694' title='bbox 3517 3981 3616 4035; x_wconf 72' lang='grc' dir='ltr'>καὶ</span> <span class='ocrx_word' id='word_1_695' title='bbox 3642 3984 3740 4039; x_wconf 66' lang='grc' dir='ltr'>πός</span> 
     </span>
    </p>
   </div>
   <div class='ocr_carea' id='block_1_99' title="bbox 2136 4059 3739 4145">
    <p class='ocr_par' dir='ltr' id='par_1_99' title="bbox 2136 4059 3739 4145">
     <span class='ocr_line' id='line_1_99' title="bbox 2136 4059 3739 4145; baseline 0.012 -35"><span class='ocrx_word' id='word_1_696' title='bbox 2136 4076 2242 4112; x_wconf 91' lang='grc' dir='ltr'><strong>νων</strong></span> <span class='ocrx_word' id='word_1_697' title='bbox 2263 4059 2536 4131; x_wconf 81' lang='grc' dir='ltr'>ἀμελῆσαι</span> <span class='ocrx_word' id='word_1_698' title='bbox 2571 4066 3025 4135; x_wconf 86' lang='grc' dir='ltr'>παρασκευάσας,</span> <span class='ocrx_word' id='word_1_699' title='bbox 3057 4068 3253 4141; x_wconf 82' lang='grc' dir='ltr'>ἀθρόον</span> <span class='ocrx_word' id='word_1_700' title='bbox 3282 4072 3357 4135; x_wconf 84' lang='grc' dir='ltr'>ὡς</span> <span class='ocrx_word' id='word_1_701' title='bbox 3382 4072 3739 4145; x_wconf 82' lang='grc' dir='ltr'>εὐχειρώτοις</span> 
     </span>
    </p>
   </div>
   <div class='ocr_carea' id='block_1_100' title="bbox 2134 4151 3739 4233">
    <p class='ocr_par' dir='ltr' id='par_1_100' title="bbox 2134 4151 3739 4233">
     <span class='ocr_line' id='line_1_100' title="bbox 2134 4151 3739 4233; baseline 0.012 -29"><span class='ocrx_word' id='word_1_702' title='bbox 2134 4151 2363 4206; x_wconf 81' lang='grc' dir='ltr'>ἐπέθετο</span> <span class='ocrx_word' id='word_1_703' title='bbox 2392 4154 2487 4208; x_wconf 71' lang='grc' dir='ltr'>καὶ</span> <span class='ocrx_word' id='word_1_704' title='bbox 2511 4155 2755 4226; x_wconf 81' lang='grc' dir='ltr'>ἀόπλοις,</span> <span class='ocrx_word' id='word_1_705' title='bbox 2784 4159 2881 4213; x_wconf 80' lang='grc' dir='ltr'>καὶ</span> <span class='ocrx_word' id='word_1_706' title='bbox 2901 4158 3046 4214; x_wconf 76' lang='grc' dir='ltr'>οὕτω</span> <span class='ocrx_word' id='word_1_707' title='bbox 3069 4163 3278 4233; x_wconf 84' lang='grc' dir='ltr'>μυρίων</span> <span class='ocrx_word' id='word_1_708' title='bbox 3306 4165 3466 4219; x_wconf 79' lang='grc' dir='ltr'>σάλον</span> <span class='ocrx_word' id='word_1_709' title='bbox 3494 4166 3601 4220; x_wconf 82' lang='grc' dir='ltr'>τῶν</span> <span class='ocrx_word' id='word_1_710' title='bbox 3635 4168 3739 4227; x_wconf 88' lang='grc' dir='ltr'>λο-</span> 
     </span>
    </p>
   </div>
   <div class='ocr_carea' id='block_1_101' title="bbox 2134 4245 3737 4328">
    <p class='ocr_par' dir='ltr' id='par_1_101' title="bbox 2134 4245 3737 4328">
     <span class='ocr_line' id='line_1_101' title="bbox 2134 4245 3737 4328; baseline 0.012 -33"><span class='ocrx_word' id='word_1_711' title='bbox 2134 4245 2351 4315; x_wconf 84' lang='grc' dir='ltr'>γισμῶν</span> <span class='ocrx_word' id='word_1_712' title='bbox 2400 4245 2633 4307; x_wconf 88' lang='grc' dir='ltr'>διέσεισέ</span> <span class='ocrx_word' id='word_1_713' title='bbox 2657 4266 2716 4302; x_wconf 89' lang='grc' dir='ltr'><strong>τε</strong></span> <span class='ocrx_word' id='word_1_714' title='bbox 2747 4249 2842 4304; x_wconf 74' lang='grc' dir='ltr'>καὶ</span> <span class='ocrx_word' id='word_1_715' title='bbox 2866 4252 3215 4324; x_wconf 56' lang='grc' dir='ltr'><strong>συνετάραξε⁸</strong></span> <span class='ocrx_word' id='word_1_716' title='bbox 3249 4255 3510 4321; x_wconf 81' lang='grc' dir='ltr'>πολλάκις</span> <span class='ocrx_word' id='word_1_717' title='bbox 3543 4258 3737 4328; x_wconf 78' lang='grc' dir='ltr'>μέντοι</span> 
     </span>
    </p>
   </div>
   <div class='ocr_carea' id='block_1_102' title="bbox 2132 4335 3735 4419">
    <p class='ocr_par' dir='ltr' id='par_1_102' title="bbox 2132 4335 3735 4419">
     <span class='ocr_line' id='line_1_102' title="bbox 2132 4335 3735 4419; baseline 0.011 -30"><span class='ocrx_word' id='word_1_718' title='bbox 2132 4336 2227 4391; x_wconf 78' lang='grc' dir='ltr'>καὶ</span> <span class='ocrx_word' id='word_1_719' title='bbox 2287 4335 2368 4407; x_wconf 74' lang='grc' dir='ltr'>τῷ</span> <span class='ocrx_word' id='word_1_720' title='bbox 2415 4336 2524 4390; x_wconf 83' lang='grc' dir='ltr'>τῶν</span> <span class='ocrx_word' id='word_1_721' title='bbox 2562 4339 2750 4395; x_wconf 84' lang='grc' dir='ltr'>παθῶν</span> <span class='ocrx_word' id='word_1_722' title='bbox 2795 4341 2943 4414; x_wconf 86' lang='grc' dir='ltr'><strong>βυθῷ</strong></span> <span class='ocrx_word' id='word_1_723' title='bbox 2996 4345 3421 4403; x_wconf 79' lang='grc' dir='ltr'>κατεϐἀπτισεν.</span> <span class='ocrx_word' id='word_1_724' title='bbox 3476 4350 3735 4419; x_wconf 83' lang='grc' dir='ltr'>Ἐτέρους</span> 
     </span>
    </p>
   </div>
   <div class='ocr_carea' id='block_1_103' title="bbox 2133 4424 3731 4516">
    <p class='ocr_par' dir='ltr' id='par_1_103' title="bbox 2133 4424 3731 4516">
     <span class='ocr_line' id='line_1_103' title="bbox 2133 4424 3731 4516; baseline 0.011 -35"><span class='ocrx_word' id='word_1_725' title='bbox 2133 4424 2310 4493; x_wconf 81' lang='grc' dir='ltr'>αὖθις,</span> <span class='ocrx_word' id='word_1_726' title='bbox 2375 4429 2596 4502; x_wconf 77' lang='grc' dir='ltr'>θαρρεῖν</span> <span class='ocrx_word' id='word_1_727' title='bbox 2640 4433 2853 4498; x_wconf 76' lang='grc' dir='ltr'>ἑαυτοῖς</span> <span class='ocrx_word' id='word_1_728' title='bbox 2904 4435 3209 4501; x_wconf 80' lang='grc' dir='ltr'>ἀνέπεισεν,</span> <span class='ocrx_word' id='word_1_729' title='bbox 3265 4440 3341 4504; x_wconf 82' lang='grc' dir='ltr'>ὡς</span> <span class='ocrx_word' id='word_1_730' title='bbox 3376 4440 3579 4513; x_wconf 79' lang='grc' dir='ltr'>μέτρου</span> <span class='ocrx_word' id='word_1_731' title='bbox 3625 4446 3731 4516; x_wconf 76' lang='grc' dir='ltr'>ἠδη</span> 
     </span>
    </p>
   </div>
   <div class='ocr_carea' id='block_1_104' title="bbox 2142 4521 3733 4596">
    <p class='ocr_par' dir='ltr' id='par_1_104' title="bbox 2142 4521 3733 4596">
     <span class='ocr_line' id='line_1_104' title="bbox 2142 4521 3733 4596; baseline 0.012 -23"><span class='ocrx_word' id='word_1_732' title='bbox 2142 4521 2384 4593; x_wconf 81' lang='grc' dir='ltr'>μείζονος</span> <span class='ocrx_word' id='word_1_733' title='bbox 2417 4524 2762 4596; x_wconf 81' lang='grc' dir='ltr'>ὲφικομένοις</span> <span class='ocrx_word' id='word_1_734' title='bbox 2783 4544 2797 4560; x_wconf 88' lang='grc'><strong>·</strong></span> <span class='ocrx_word' id='word_1_735' title='bbox 2832 4529 3183 4584; x_wconf 80' lang='grc' dir='ltr'>πιστεύεσθαί</span> <span class='ocrx_word' id='word_1_736' title='bbox 3212 4549 3272 4585; x_wconf 88' lang='grc' dir='ltr'><strong>τε</strong></span> <span class='ocrx_word' id='word_1_737' title='bbox 3298 4535 3393 4591; x_wconf 76' lang='grc' dir='ltr'>καὶ</span> <span class='ocrx_word' id='word_1_738' title='bbox 3426 4536 3602 4591; x_wconf 84' lang='grc' dir='ltr'>ἄλλων</span> <span class='ocrx_word' id='word_1_739' title='bbox 3639 4538 3733 4591; x_wconf 78' lang='grc' dir='ltr'>λο-</span> 
     </span>
    </p>
   </div>
   <div class='ocr_carea' id='block_1_105' title="bbox 2138 4617 3731 4700">
    <p class='ocr_par' dir='ltr' id='par_1_105' title="bbox 2138 4617 3731 4700">
     <span class='ocr_line' id='line_1_105' title="bbox 2138 4617 3731 4700; baseline 0.009 -32"><span class='ocrx_word' id='word_1_740' title='bbox 2138 4617 2391 4687; x_wconf 81' lang='grc' dir='ltr'>γισμοὺς,</span> <span class='ocrx_word' id='word_1_741' title='bbox 2424 4618 2520 4672; x_wconf 74' lang='grc' dir='ltr'>καὶ</span> <span class='ocrx_word' id='word_1_742' title='bbox 2551 4619 2739 4674; x_wconf 82' lang='grc' dir='ltr'>παθῶν</span> <span class='ocrx_word' id='word_1_743' title='bbox 2774 4622 2868 4676; x_wconf 82' lang='grc' dir='ltr'><strong>καὶ</strong></span> <span class='ocrx_word' id='word_1_744' title='bbox 2906 4622 3159 4692; x_wconf 80' lang='grc' dir='ltr'>πολέμων</span> <span class='ocrx_word' id='word_1_745' title='bbox 3201 4626 3587 4700; x_wconf 77' lang='grc' dir='ltr'>ἐξαγορεύσεις</span> <span class='ocrx_word' id='word_1_746' title='bbox 3620 4631 3731 4683; x_wconf 70' lang='grc' dir='ltr'><strong>ὑπο</strong></span> 
     </span>
    </p>
   </div>
   <div class='ocr_carea' id='block_1_106' title="bbox 2138 4701 3734 4791">
    <p class='ocr_par' dir='ltr' id='par_1_106' title="bbox 2138 4701 3734 4791">
     <span class='ocr_line' id='line_1_106' title="bbox 2138 4701 3734 4791; baseline 0.011 -32"><span class='ocrx_word' id='word_1_747' title='bbox 2138 4706 2329 4760; x_wconf 73' lang='grc' dir='ltr'>ἐϐαλεν</span> <span class='ocrx_word' id='word_1_748' title='bbox 2356 4723 2370 4737; x_wconf 74' lang='grc' dir='ltr'><strong><em>ο</em></strong></span> <span class='ocrx_word' id='word_1_749' title='bbox 2405 4701 2486 4772; x_wconf 77' lang='grc' dir='ltr'>οἷς</span> <span class='ocrx_word' id='word_1_750' title='bbox 2515 4711 2684 4781; x_wconf 83' lang='grc' dir='ltr'>μήπω</span> <span class='ocrx_word' id='word_1_751' title='bbox 2710 4711 2778 4765; x_wconf 75' lang='grc' dir='ltr'><strong>τὰ</strong></span> <span class='ocrx_word' id='word_1_752' title='bbox 2819 4712 2995 4768; x_wconf 83' lang='grc' dir='ltr'>οἰκεῖα</span> <span class='ocrx_word' id='word_1_753' title='bbox 3031 4715 3176 4788; x_wconf 86' lang='grc' dir='ltr'>πάθη</span> <span class='ocrx_word' id='word_1_754' title='bbox 3229 4718 3411 4783; x_wconf 85' lang='grc' dir='ltr'>καλῶς</span> <span class='ocrx_word' id='word_1_755' title='bbox 3459 4722 3734 4791; x_wconf 72' lang='grc' dir='ltr'>ἀπονιψα-</span> 
     </span>
    </p>
   </div>
   <div class='ocr_carea' id='block_1_107' title="bbox 2138 4794 3732 4877">
    <p class='ocr_par' dir='ltr' id='par_1_107' title="bbox 2138 4794 3732 4877">
     <span class='ocr_line' id='line_1_107' title="bbox 2138 4794 3732 4877; baseline 0.012 -31"><span class='ocrx_word' id='word_1_756' title='bbox 2138 4794 2343 4864; x_wconf 80' lang='grc' dir='ltr'>μένοις,</span> <span class='ocrx_word' id='word_1_757' title='bbox 2408 4799 2623 4868; x_wconf 86' lang='grc' dir='ltr'>πρῶτον</span> <span class='ocrx_word' id='word_1_758' title='bbox 2684 4801 2786 4873; x_wconf 79' lang='grc' dir='ltr'>μὲν</span> <span class='ocrx_word' id='word_1_759' title='bbox 2850 4803 3186 4876; x_wconf 74' lang='grc' dir='ltr'>ὑπομνήσεις</span> <span class='ocrx_word' id='word_1_760' title='bbox 3226 4809 3323 4862; x_wconf 72' lang='grc' dir='ltr'>καὶ</span> <span class='ocrx_word' id='word_1_761' title='bbox 3363 4809 3732 4877; x_wconf 77' lang='grc' dir='ltr'>δια-τυπώσεις</span> 
     </span>
    </p>
   </div>
   <div class='ocr_carea' id='block_1_108' title="bbox 2134 4882 3731 4967">
    <p class='ocr_par' dir='ltr' id='par_1_108' title="bbox 2134 4882 3731 4967">
     <span class='ocr_line' id='line_1_108' title="bbox 2134 4882 3731 4967; baseline 0.013 -29"><span class='ocrx_word' id='word_1_762' title='bbox 2134 4885 2243 4939; x_wconf 72' lang='grc' dir='ltr'><strong>τῶν</strong></span> <span class='ocrx_word' id='word_1_763' title='bbox 2294 4882 2370 4942; x_wconf 86' lang='grc' dir='ltr'>ὧν</span> <span class='ocrx_word' id='word_1_764' title='bbox 2422 4890 2727 4961; x_wconf 82' lang='grc' dir='ltr'>ἀκηκόασιν</span> <span class='ocrx_word' id='word_1_765' title='bbox 2764 4894 3028 4965; x_wconf 74' lang='grc' dir='ltr'>ἐμπαθῶς</span> <span class='ocrx_word' id='word_1_766' title='bbox 3082 4897 3311 4967; x_wconf 83' lang='grc' dir='ltr'>ἐνῆκεν’</span> <span class='ocrx_word' id='word_1_767' title='bbox 3371 4901 3566 4959; x_wconf 72' lang='grc' dir='ltr'>ἔπειτα</span> <span class='ocrx_word' id='word_1_768' title='bbox 3629 4907 3731 4958; x_wconf 74' lang='grc' dir='ltr'>καὶ</span> 
     </span>
    </p>
   </div>
   <div class='ocr_carea' id='block_1_109' title="bbox 2135 4976 3729 5061">
    <p class='ocr_par' dir='ltr' id='par_1_109' title="bbox 2135 4976 3729 5061">
     <span class='ocr_line' id='line_1_109' title="bbox 2135 4976 3729 5061; baseline 0.015 -35"><span class='ocrx_word' id='word_1_769' title='bbox 2135 4976 2271 5046; x_wconf 79' lang='grc' dir='ltr'>πρὸς</span> <span class='ocrx_word' id='word_1_770' title='bbox 2313 4977 2625 5051; x_wconf 75' lang='grc' dir='ltr'>μολυσμοὺς</span> <span class='ocrx_word' id='word_1_771' title='bbox 2666 4984 2869 5054; x_wconf 75' lang='grc' dir='ltr'>σαρκὸς</span> <span class='ocrx_word' id='word_1_772' title='bbox 2922 4986 3125 5052; x_wconf 88' lang='grc' dir='ltr'>ἀθλίως</span> <span class='ocrx_word' id='word_1_773' title='bbox 3172 4992 3530 5061; x_wconf 74' lang='grc' dir='ltr'>κατήνεγκεν.</span> <span class='ocrx_word' id='word_1_774' title='bbox 3570 4995 3729 5049; x_wconf 77' lang='grc' dir='ltr'>Ἐπεὶ</span> 
     </span>
    </p>
   </div>
   <div class='ocr_carea' id='block_1_110' title="bbox 2136 5065 3729 5149">
    <p class='ocr_par' dir='ltr' id='par_1_110' title="bbox 2136 5065 3729 5149">
     <span class='ocr_line' id='line_1_110' title="bbox 2136 5065 3729 5149; baseline 0.013 -29"><span class='ocrx_word' id='word_1_775' title='bbox 2136 5065 2230 5121; x_wconf 70' lang='grc' dir='ltr'><strong>οὖν</strong></span> <span class='ocrx_word' id='word_1_776' title='bbox 2250 5069 2414 5123; x_wconf 62' lang='lat' dir='ltr'><strong>atto-3</strong></span> <span class='ocrx_word' id='word_1_777' title='bbox 2452 5072 2809 5144; x_wconf 77' lang='grc' dir='ltr'>πειράζοντος</span> <span class='ocrx_word' id='word_1_778' title='bbox 2838 5077 3138 5149; x_wconf 75' lang='grc' dir='ltr'>προσϐολαὶ</span> <span class='ocrx_word' id='word_1_779' title='bbox 3167 5082 3407 5137; x_wconf 81' lang='grc' dir='ltr'>ποικίλαι</span> <span class='ocrx_word' id='word_1_780' title='bbox 3433 5083 3607 5147; x_wconf 70' lang='grc' dir='ltr'>οὕτως</span> <span class='ocrx_word' id='word_1_781' title='bbox 3629 5087 3729 5139; x_wconf 69' lang='grc' dir='ltr'>καὶ</span> 
     </span>
    </p>
   </div>
   <div class='ocr_carea' id='block_1_111' title="bbox 2134 5160 3727 5248">
    <p class='ocr_par' dir='ltr' id='par_1_111' title="bbox 2134 5160 3727 5248">
     <span class='ocr_line' id='line_1_111' title="bbox 2134 5160 3727 5248; baseline 0.011 -35"><span class='ocrx_word' id='word_1_782' title='bbox 2134 5160 2434 5227; x_wconf 88' lang='grc' dir='ltr'>πολυειδεῖς</span> <span class='ocrx_word' id='word_1_783' title='bbox 2460 5164 2555 5219; x_wconf 76' lang='grc' dir='ltr'>καὶ</span> <span class='ocrx_word' id='word_1_784' title='bbox 2582 5164 2950 5238; x_wconf 82' lang='grc' dir='ltr'>δυσφώρατοι,</span> <span class='ocrx_word' id='word_1_785' title='bbox 2981 5170 3185 5242; x_wconf 83' lang='grc' dir='ltr'>πολλῆς</span> <span class='ocrx_word' id='word_1_786' title='bbox 3225 5176 3319 5227; x_wconf 65' lang='grc' dir='ltr'>καὶ</span> <span class='ocrx_word' id='word_1_787' title='bbox 3370 5176 3500 5245; x_wconf 85' lang='grc' dir='ltr'>ἡμῖν</span> <span class='ocrx_word' id='word_1_788' title='bbox 3538 5175 3727 5248; x_wconf 81' lang='grc' dir='ltr'>δεήσει</span> 
     </span>
    </p>
   </div>
   <div class='ocr_carea' id='block_1_112' title="bbox 2131 5251 3725 5335">
    <p class='ocr_par' dir='ltr' id='par_1_112' title="bbox 2131 5251 3725 5335">
     <span class='ocr_line' id='line_1_112' title="bbox 2131 5251 3725 5335; baseline 0.012 -33"><span class='ocrx_word' id='word_1_789' title='bbox 2131 5251 2234 5321; x_wconf 82' lang='grc' dir='ltr'><strong>τῆς</strong></span> <span class='ocrx_word' id='word_1_790' title='bbox 2264 5253 2515 5323; x_wconf 77' lang='grc' dir='ltr'>φυλακῆς</span> <span class='ocrx_word' id='word_1_791' title='bbox 2554 5257 2650 5328; x_wconf 61' lang='grc' dir='ltr'>καὶ</span> <span class='ocrx_word' id='word_1_792' title='bbox 2702 5258 2937 5329; x_wconf 73' lang='grc' dir='ltr'>νήψεως,</span> <span class='ocrx_word' id='word_1_793' title='bbox 2988 5260 3083 5315; x_wconf 81' lang='grc' dir='ltr'>καὶ</span> <span class='ocrx_word' id='word_1_794' title='bbox 3116 5262 3215 5334; x_wconf 80' lang='grc' dir='ltr'><strong>τῆς</strong></span> <span class='ocrx_word' id='word_1_795' title='bbox 3252 5264 3388 5334; x_wconf 79' lang='grc' dir='ltr'>πρὸς</span> <span class='ocrx_word' id='word_1_796' title='bbox 3427 5265 3487 5319; x_wconf 83' lang='grc' dir='ltr'><strong>τὺ</strong></span> <span class='ocrx_word' id='word_1_797' title='bbox 3514 5266 3725 5335; x_wconf 87' lang='grc' dir='ltr'>ἀγαθὸν</span> 
     </span>
    </p>
   </div>
   <div class='ocr_carea' id='block_1_113' title="bbox 2134 5346 3725 5428">
    <p class='ocr_par' dir='ltr' id='par_1_113' title="bbox 2134 5346 3725 5428">
     <span class='ocr_line' id='line_1_113' title="bbox 2134 5346 3725 5428; baseline 0.011 -33"><span class='ocrx_word' id='word_1_798' title='bbox 2134 5346 2437 5416; x_wconf 82' lang='grc' dir='ltr'>προσοχῆς·</span> <span class='ocrx_word' id='word_1_799' title='bbox 2465 5346 2551 5401; x_wconf 79' lang='grc' dir='ltr'>ἵνα</span> <span class='ocrx_word' id='word_1_800' title='bbox 2587 5349 2719 5420; x_wconf 86' lang='grc' dir='ltr'>παρ’</span> <span class='ocrx_word' id='word_1_801' title='bbox 2761 5350 2929 5405; x_wconf 73' lang='grc' dir='ltr'>αὐτοῦ</span> <span class='ocrx_word' id='word_1_802' title='bbox 2956 5353 3336 5425; x_wconf 81' lang='grc' dir='ltr'>φωτιζόμενοι,</span> <span class='ocrx_word' id='word_1_803' title='bbox 3364 5356 3439 5427; x_wconf 83' lang='grc' dir='ltr'>μὴ</span> <span class='ocrx_word' id='word_1_804' title='bbox 3466 5356 3725 5428; x_wconf 84' lang='grc' dir='ltr'>λάθωμεν</span> 
     </span>
    </p>
   </div>
   <div class='ocr_carea' id='block_1_114' title="bbox 2131 5435 3726 5520">
    <p class='ocr_par' dir='ltr' id='par_1_114' title="bbox 2131 5435 3726 5520">
     <span class='ocr_line' id='line_1_114' title="bbox 2131 5435 3726 5520; baseline -0.02 14"><span class='ocrx_word' id='word_1_805' title='bbox 2131 5435 2208 5498; x_wconf 56' lang='grc' dir='ltr'><strong>ὡς</strong></span> <span class='ocrx_word' id='word_1_806' title='bbox 2240 5436 2419 5491; x_wconf 70' lang='grc' dir='ltr'><strong>κ²λῶν</strong></span> <span class='ocrx_word' id='word_1_807' title='bbox 2446 5440 2556 5491; x_wconf 65' lang='grc' dir='ltr'><strong>τῶν</strong></span> <span class='ocrx_word' id='word_1_808' title='bbox 2586 5442 2840 5513; x_wconf 76' lang='grc' dir='ltr'>πονηρῶν</span> <span class='ocrx_word' id='word_1_809' title='bbox 2869 5444 3182 5515; x_wconf 80' lang='grc' dir='ltr'>χρώμενοι·</span> <span class='ocrx_word' id='word_1_810' title='bbox 3231 5449 3305 5519; x_wconf 84' lang='grc' dir='ltr'>μὴ</span> <span class='ocrx_word' id='word_1_811' title='bbox 3348 5448 3405 5502; x_wconf 82' lang='grc' dir='ltr'>δὲ</span> <span class='ocrx_word' id='word_1_812' title='bbox 3444 5452 3557 5513; x_wconf 84' lang='grc' dir='ltr'>τοῖς</span> <span class='ocrx_word' id='word_1_813' title='bbox 3591 5449 3726 5520; x_wconf 56' lang='lat' dir='ltr'><strong>fala-</strong></span> 
     </span>
    </p>
   </div>
   <div class='ocr_carea' id='block_1_115' title="bbox 2129 5525 3723 5611">
    <p class='ocr_par' dir='ltr' id='par_1_115' title="bbox 2129 5525 3723 5611">
     <span class='ocr_line' id='line_1_115' title="bbox 2129 5525 3723 5611; baseline 0.03 -38"><span class='ocrx_word' id='word_1_814' title='bbox 2129 5525 2310 5595; x_wconf 74' lang='lat' dir='ltr'><strong>6zpci;</strong></span> <span class='ocrx_word' id='word_1_815' title='bbox 2328 5530 2750 5599; x_wconf 78' lang='grc' dir='ltr'>περιπίπτοντες</span> <span class='ocrx_word' id='word_1_816' title='bbox 2775 5533 2987 5605; x_wconf 83' lang='grc' dir='ltr'>ἀδήλως</span> <span class='ocrx_word' id='word_1_817' title='bbox 3007 5553 3019 5566; x_wconf 81' lang='lat'>&#39;</span> <span class='ocrx_word' id='word_1_818' title='bbox 3062 5537 3196 5591; x_wconf 87' lang='grc' dir='ltr'><strong>ἀλλά</strong></span> <span class='ocrx_word' id='word_1_819' title='bbox 3225 5540 3590 5611; x_wconf 71' lang='grc' dir='ltr'>γρηγορῶμεν</span> <span class='ocrx_word' id='word_1_820' title='bbox 3623 5544 3723 5597; x_wconf 59' lang='grc' dir='ltr'><strong>καὶ</strong></span> 
     </span>
    </p>
   </div>
   <div class='ocr_carea' id='block_1_116' title="bbox 2129 5619 3721 5701">
    <p class='ocr_par' dir='ltr' id='par_1_116' title="bbox 2129 5619 3721 5701">
     <span class='ocr_line' id='line_1_116' title="bbox 2129 5619 3721 5701; baseline 0.011 -29"><span class='ocrx_word' id='word_1_821' title='bbox 2129 5619 2386 5689; x_wconf 68' lang='grc' dir='ltr'>νήφωμεν</span> <span class='ocrx_word' id='word_1_822' title='bbox 2411 5626 2875 5693; x_wconf 73' lang='grc' dir='ltr'>περισκοποῦντες</span> <span class='ocrx_word' id='word_1_823' title='bbox 2909 5630 3095 5695; x_wconf 77' lang='grc' dir='ltr'>πόθεν,</span> <span class='ocrx_word' id='word_1_824' title='bbox 3149 5633 3245 5686; x_wconf 72' lang='grc' dir='ltr'>καὶ</span> <span class='ocrx_word' id='word_1_825' title='bbox 3286 5636 3434 5698; x_wconf 84' lang='grc' dir='ltr'>πότε,</span> <span class='ocrx_word' id='word_1_826' title='bbox 3468 5636 3563 5689; x_wconf 77' lang='grc' dir='ltr'>καὶ</span> <span class='ocrx_word' id='word_1_827' title='bbox 3602 5637 3721 5701; x_wconf 81' lang='grc' dir='ltr'>πῶς</span> 
     </span>
    </p>
   </div>
   <div class='ocr_carea' id='block_1_117' title="bbox 2126 5712 3719 5802">
    <p class='ocr_par' dir='ltr' id='par_1_117' title="bbox 2126 5712 3719 5802">
     <span class='ocr_line' id='line_1_117' title="bbox 2126 5712 3719 5802; baseline 0.017 -40"><span class='ocrx_word' id='word_1_828' title='bbox 2126 5712 2226 5773; x_wconf 65' lang='grc' dir='ltr'>τὰς</span> <span class='ocrx_word' id='word_1_829' title='bbox 2275 5715 2582 5780; x_wconf 74' lang='grc' dir='ltr'>προσϐολάς</span> <span class='ocrx_word' id='word_1_830' title='bbox 2644 5720 2854 5784; x_wconf 84' lang='grc' dir='ltr'>ἐκεῖνος</span> <span class='ocrx_word' id='word_1_831' title='bbox 2909 5726 3180 5777; x_wconf 82' lang='grc' dir='ltr'>ποιεῖται’</span> <span class='ocrx_word' id='word_1_832' title='bbox 3226 5727 3322 5781; x_wconf 73' lang='grc' dir='ltr'>καὶ</span> <span class='ocrx_word' id='word_1_833' title='bbox 3373 5728 3563 5800; x_wconf 71' lang='grc' dir='ltr'>μηδενὶ</span> <span class='ocrx_word' id='word_1_834' title='bbox 3592 5730 3719 5802; x_wconf 68' lang='grc' dir='ltr'>μηδ’</span> 
     </span>
    </p>
   </div>
   <div class='ocr_carea' id='block_1_118' title="bbox 2127 5806 3219 5891">
    <p class='ocr_par' dir='ltr' id='par_1_118' title="bbox 2127 5806 3219 5889">
     <span class='ocr_line' id='line_1_118' title="bbox 2127 5806 3219 5889; baseline 0.01 -29"><span class='ocrx_word' id='word_1_835' title='bbox 2127 5806 2263 5871; x_wconf 68' lang='grc' dir='ltr'>ὅλως</span> <span class='ocrx_word' id='word_1_836' title='bbox 2301 5806 2367 5859; x_wconf 80' lang='grc' dir='ltr'>δι’</span> <span class='ocrx_word' id='word_1_837' title='bbox 2398 5809 2728 5881; x_wconf 77' lang='grc' dir='ltr'>ἀπροσεξίαν</span> <span class='ocrx_word' id='word_1_838' title='bbox 2765 5816 3219 5889; x_wconf 68' lang='grc' dir='ltr'>προσπίπτωμεν,</span> 
     </span>
    </p>
   </div>
  </div>
