4134 6468
374 366 510 427 ιοει

1509 385 1611 458 Αυ,
1632 384 1956 444 NOMICUM
1988 380 2491 443 TENTA’I‘OREM.

3528 386 3669 441 16Ξὲ

370 503 534 559 mur;
564 504 666 546 nec
701 490 757 546 in
791 494 977 559 noxia,
1006 498 1168 553 caecis
1211 498 1383 554 animi
1428 502 1708 565 sensibus,
1742 502 2059 561 incidamus
2087 525 2100 557 :
2134 504 2228 561 sed
2254 503 2549 575 vigilemus
2573 516 2639 558 ac
2711 502 2884 561 sobrii
2951 504 3149 569 simus,
3218 488 3414 560 sedulo
3483 501 3671 557 consi-

368 583 632 673 derantes
656 586 825 656 unde,
856 592 1081 660 quando
1112 601 1167 648 et
1201 597 1483 665 quomodo
1512 598 1604 655 ille
1631 600 1959 656 adoriatur:
2004 601 2173 672 inque
2214 601 2369 656 nullo
2411 613 2668 671 prorsus,
2732 615 2831 673 per
2859 601 3170 673 praesentia:
3221 600 3388 654 animi
3464 598 3669 653 absen-

371 671 510 729 tiam
540 692 607 734 ac
637 682 954 737 socordiam
988 683 1354 744 offendamus.

369 890 3660 934 Ἦ

870 1087 1362 1185 ABSENII
1439 1094 1939 1187 ABBATIS

2074 1096 3149 1189 iPOPHTHEGMATA.

1159 1440 1291 1497 Vide
1315 1442 1537 1513 hujusce
1565 1442 1895 1517 Patrologiw
1918 1445 2119 1502 Graecae
2160 1455 2287 1503 tam.
2324 1442 2489 1514 LXV,
2522 1446 2625 1501 col.
2652 1443 2723 1501 87
2770 1460 2881 1517 sqq.

375 1624 3642 1672 Ἥ

1189 1823 1950 1945 ΑΡΣΕΝΙΟΥ
2056 1823 2848 1945 ΜΟΝΑΧΟΥ

1055 2077 1233 2165 ΕΙΣ
1348 2078 1571 2164 ΤΟΝ

1690 2070 2331 2167 ΠΕΙΡΑΣΤΗΝ
2417 2080 2997 2173 ΝΟΜΙΚΟΝ.²·

1331 2448 1800 2570 ARSEN
1818 2449 1919 2568 ΙΙ
2041 2448 2705 2572 MONACHI

936 2684 1103 2791 AD
1253 2687 1939 2783 NOMICUM

2072 2693 3094 2788 TENTATOBEM.

1152 2882 1295 2957 Aug.
1332 2881 1440 2939 Mai
1470 2882 1702 2941 Classici
1731 2897 1998 2956 auctores,
2036 2895 2074 2943 t.
2121 2888 2187 2955 Χ,
2223 2904 2278 2960 p.
2323 2889 2453 2946 555.
2507 2887 2696 2947 Roma
2718 2890 2881 2948 1858.

436 3192 547 3249 Ἴδε
569 3190 767 3267 βρόχον
794 3192 916 3251 ἀντὶ
944 3194 1163 3267 βρόχου,
1194 3191 1240 3252 ὦ
1263 3200 1478 3270 νομικὲ,
1501 3200 1709 3269 παγίδα
1742 3202 1859 3256 ἀνθ’
1884 3197 1954 3276 ἦς
1983 3221 2003 3275 λ

2127 3202 2208 3259 Εη
2239 3201 2498 3276 laqueum
2534 3218 2634 3276 pro
2661 3204 2886 3276 laqueo,
2920 3205 3162 3269 nomice,
3193 3211 3248 3262 et
3276 3206 3529 3277 pedicam
3566 3222 3662 3277 pe.-

363 3288 604 3361 ἒστησας
626 3288 857 3358 παγίδος
876 3306 889 3319 ·
915 3286 993 3343 ἴδε
1013 3289 1132 3353 πῶς
1154 3292 1533 3364 ἐμπέπτωκας
1562 3296 1642 3359 εἰς
1670 3295 1731 3349 ὃν
1746 3294 1967 3367 ῶρυξας

367 3379 562 3451 βόθρον
591 3379 735 3435 κατὰ
755 3380 997 3453 Χριστοῦ
1020 3396 1038 3416 ο
1060 3382 1182 3438 ὅθεν
1200 3384 1229 3436 ὁ
1257 3385 1349 3450 σός
1378 3403 1439 3439 σε
1472 3385 1636 3458 νόμος
1674 3388 1799 3442 ἀντὶ
1827 3389 1968 3460 Χρι-

366 3471 497 3525 στοῦ
523 3471 876 3545 ὲξελεγχέτω,
920 3474 1156 3547 πότερον
1203 3477 1279 3542 ὡς
1314 3478 1456 3550 Θεῷ,
1492 3480 1525 3551 ἢ
1569 3479 1646 3544 ὡς
1694 3479 1840 3564 φιλῶ
1869 3483 1967 3536 ἀν-

366 3563 574 3637 θρώπῳ
615 3564 684 3621 τά
717 3565 819 3637 τῆς
863 3566 1062 3639 πείρας
1104 3570 1440 3641 ὲφήπλωσας
1480 3571 1699 3643 ἄθεσμα
1736 3572 1965 3641 δίκτυα;

366 3661 417 3713 εἱ
441 3659 542 3731 μὲν
567 3659 629 3713 τὸ
656 3659 896 3731 πρῶτον,
925 3663 1334 3733 μεματαίωσαι·
1368 3663 1501 3729 Θεὸς
1518 3664 1628 3738 γὰρ
1649 3665 1966 3736 πειραστῶν

366 3752 606 3817 δικτύοις
634 3752 886 3825 οὐδαμῶς
921 3754 1219 3827 ζωγρεῖται
1238 3773 1252 3788 ·
1298 3758 1500 3828 μᾶλλον
1529 3759 1587 3813 δὲ
1621 3760 1717 3814 καὶ
1744 3760 1968 3833 ἀγαπᾷν

368 3844 608 3916 ὀφείλεις
632 3844 692 3911 ἐξ
712 3846 842 3919 ὅλης
870 3846 1133 3916 διανοίας,
1176 3851 1271 3904 καὶ
1297 3851 1501 3924 ψυχῆς,
1535 3855 1631 3908 καὶ
1673 3854 1855 3927 ἰσχύος
1875 3872 1889 3887 ·
1918 3855 1968 3908 εί

369 3938 428 3991 δὲ
452 3937 515 3992 τὸ
539 3937 818 4010 δεύτερον,
862 3941 890 3993 ὁ
938 3940 1016 4005 ὡς
1055 3942 1282 3996 σεαυτὸν
1318 3945 1411 3997 τὸν
1451 3946 1681 4016 πλησίον
1724 3949 1967 4020 ἀγαπᾷν,

370 4031 526 4104 παρά
547 4031 644 4086 τοῦ
676 4032 843 4104 νόμου
899 4032 1312 4104 δεδιδαγμένος,
1374 4036 1629 4108 οὐδαμῶς
1679 4039 1970 4111 πειράζειν
2029 4021 2039 4031 “

370 4123 581 4189 δίκαιος
600 4122 668 4180 ἂν
694 4124 840 4196 εῐης·
890 4122 1015 4178 οὔτε
1058 4126 1167 4200 γὰρ
1218 4124 1286 4181 ἂν
1331 4128 1613 4199 πειράσειέ
1637 4148 1723 4195 τις
1751 4133 1966 4198 ἑαυτὸν,

371 4215 499 4271 οὕτε
528 4220 585 4272 ὲν
628 4217 774 4290 λόγῳ
819 4217 1185 4288 παγιδεῦσαι,
1234 4220 1328 4274 καὶ
1372 4221 1588 4294 θανάτῳ
1630 4223 1969 4295 παραδοῦναι

374 4312 650 4385 ζητήσειε.
687 4312 813 4378 Πῶς
837 4308 930 4367 οὖν
961 4314 1187 4368 σεαυτὸν
1208 4314 1298 4369 διά
1320 4315 1429 4370 τῶν
1450 4316 1594 4371 κατά
1621 4317 1715 4387 τοῦ
1742 4317 1970 4389 πλησίον

376 4405 587 4476 βρόχων
637 4404 993 4473 καταπνίγων
1039 4403 1142 4457 οὐκ
1191 4405 1454 4478 αἰσθάνῃ;
1497 4407 1605 4461 οὐδ’
1639 4408 1841 4470 ἐννοεῖς
1888 4408 1969 4461 ὃτι

375 4499 489 4560 τοῖς
524 4495 785 4568 πονηροῖς
810 4496 1052 4565 γείτοσιν
1076 4497 1486 4552 ἑπταπλασίονα
1521 4500 1601 4562 είς
1641 4498 1735 4553 τὸν
1771 4498 1970 4554 κόλπον

2072 3297 2211 3353 dicae
2231 3300 2568 3370 oppositam.
2589 3295 2833 3355 Videsne
2864 3306 2917 3355 te
2945 3298 3000 3353 in
3035 3299 3187 3353 illam
3219 3300 3393 3371 ipsam
3428 3299 3668 3361 foveam,

2070 3404 2235 3459 quam
2265 3389 2490 3445 Christo
2530 3388 2803 3457 fodieras,
2833 3390 3121 3462 delapsum
3164 3393 3328 3448 esse?
3359 3391 3542 3457 Quare
3585 3391 3674 3445 lex

2070 3486 2166 3536 tua
2206 3481 2418 3538 Christi
2449 3482 2573 3538 loco
2601 3483 2657 3537 in
2683 3491 2736 3539 te
2772 3482 3040 3554 inquirat,
3078 3491 3140 3538 ut
3183 3485 3451 3550 sciamus,
3483 3490 3671 3537 utrum

2070 3578 2132 3626 ut
2174 3570 2287 3627 Deo
2328 3588 2398 3627 an
2448 3587 2601 3628 mero
2655 3574 2865 3629 homini
2921 3575 3163 3644 periidas
3206 3574 3331 3628 illas
3390 3575 3681 3631 struxeris.

2071 3661 2329 3718 insidias.
2361 3660 2419 3717 Si
2451 3671 2511 3716 ut
2543 3661 2675 3727 Deo,
2708 3678 2842 3720 sane
2873 3660 3179 3721 frustratus
3210 3680 3306 3729 es;
3346 3663 3491 3719 Deus
3517 3667 3665 3719 enim

2072 3752 2455 3809 insidiantium
2508 3754 2652 3812 dolis
2695 3754 3091 3812 circumveniri
3149 3755 3375 3827 nequit;
3428 3772 3591 3826 quem
3639 3773 3670 3809 a

2072 3843 2290 3902 fortiori
2325 3861 2391 3901 ex
2420 3853 2538 3903 tota
2582 3855 2791 3914 mente,
2835 3863 2901 3904 ex
2942 3857 3057 3903 toto
3094 3846 3301 3913 animo,
3350 3848 3483 3903 totis
3538 3848 3673 3904 viri-

2071 3938 2177 3997 bus
2218 3939 2451 4012 diligere
2493 3940 2662 3998 debes
2693 3958 2707 3996 :
2734 3940 2784 3997 si
2817 3949 2878 3996 ut
2906 3955 3060 3998 mero
3099 3940 3334 4008 homini,
3361 3951 3675 3997 tentamen-

2075 4040 2191 4087 tum
2225 4032 2282 4087 id
2318 4046 2427 4088 non
2461 4032 2647 4090 minus
2689 4033 2960 4105 injustum
3005 4033 3132 4100 erit,
3162 4032 3436 4107 siquidem
3485 4036 3675 4107 proxi-

2072 4139 2222 4178 mum
2276 4125 2422 4181 sicut
2465 4133 2518 4181 te
2564 4127 2747 4197 ipsum
2802 4142 2990 4182 amare
3030 4128 3118 4183 lex
3150 4127 3328 4197 jubet.
3376 4127 3443 4183 Et
3482 4144 3673 4184 revera

2072 4216 2199 4288 quis
2255 4216 2476 4271 tandem
2526 4219 2774 4288 seipsum
2833 4226 3054 4274 tentare
3110 4219 3320 4276 dolosis
3375 4221 3673 4277 verborum

2074 4310 2403 4381 ambagibus
2456 4310 2730 4377 voluerit,
2766 4320 2827 4367 ut
2877 4312 3235 4382 postmodum
3284 4312 3449 4369 morti
3498 4325 3674 4371 semet

2074 4402 2294 4458 tradat?
2326 4407 2526 4458 Annon
2557 4403 2710 4459 vides
2735 4410 2809 4471 te,
2835 4403 2964 4459 dum
2989 4405 3244 4473 proximo
3281 4412 3376 4460 tuo
3408 4407 3671 4477 laqueum

2074 4497 2275 4562 nectis,
2308 4496 2502 4553 eodem
2550 4497 2827 4569 supplicio
2864 4498 3324 4571 circumstriugi?
3353 4498 3555 4557 Nonne
3585 4502 3672 4555 vi-

373 4588 446 4642 τά
464 4588 615 4643 δεινά
667 4589 1023 4656 ἀποδίδοται;
1068 4589 1232 4645 ’Δλλά
1288 4592 1525 4664 Χριστος
1561 4596 1630 4665 τῇ
1664 4594 1844 4665 οἰκεία
1877 4611 1974 4665 μα-

2074 4589 2173 4646 des
2218 4590 2436 4646 vicinos
2468 4568 2751 4646 maleficos
2794 4592 3206 4667 septempliccm
3236 4568 3514 4648 ‘maleiicii
3559 4609 3674 4664 poe-

375 4680 657 4755 κροθυμίᾳ
687 4682 782 4735 καὶ
824 4683 1150 4755 ἀνεξικακίᾳ
1196 4682 1480 4756 χρώμενος
1503 4726 1517 4751 ,
1560 4684 1739 4758 ὀρθῶς
1778 4685 1877 4756 μὲν
1910 4682 1999 4740 off

376 4776 662 4848 πράττειν,
711 4775 835 4829 οὐδὲ
877 4776 1232 4841 διανοεῖσθαι,
1274 4777 1454 4849 ὀρθῶς
1495 4777 1553 4831 δὲ
1594 4778 1971 4849 ἀποκριθῆναί

377 4884 566 4938 φησιν,
601 4865 733 4931 ἴσως
765 4867 871 4922 κᾶν
919 4869 1048 4934 τοὺς
1099 4870 1303 4941 ἑαυτῆς
1353 4869 1548 4940 λόγους
1586 4871 1977 4943 ἐπαισχυνθεὶς

377 4960 705 5030 παλινῳδίαν
744 4959 854 5015 ἀπὸ
874 4961 975 5031 τῆς
1017 4963 1077 5016 ὲν
1119 4961 1299 5035 πλάνῃ
1337 4963 1704 5039 ματαιότητος
1750 4964 1970 5035 (ξισειεν⁹

383 5049 592 5119 «Οὕτω,
623 5053 778 5125 φησὶ,
811 5052 980 5119 ποίει,
1013 5055 1108 5108 καὶ
1130 5055 1270 5127 ζήσῃ
1301 5072 1314 5086 ·
1339 5075 1358 5108 ›
1399 5053 1543 5109 οὕτω
1563 5056 1741 5109 πάντα
1773 5054 1866 5109 τὸν
1914 5057 1973 5111 ὲν

376 5143 629 5216 κινδύνῳ,
658 5145 751 5198 τὸν
780 5145 837 5199 ὲν
875 5145 1112 5219 ἀνάγκη,
1146 5147 1239 5201 τὸν
1286 5149 1345 5201 ὲν
1372 5147 1693 5219 περιστάσει
1740 5146 1971 5202 σεαυτοῦ

377 5238 607 5310 πλησίον
635 5238 750 5311 ἔχε.
795 5240 855 5294 '0
885 5239 943 5293 δὲ
975 5240 1111 5311 μήτε
1140 5240 1201 5305 ἐξ
1230 5240 1402 5312 αὐτῆς
1437 5241 1539 5311 τῆς
1571 5241 1630 5295 ὲν
1654 5241 1805 5313 νόμῳ
1829 5244 1973 5296 ἐντο-

376 5332 497 5405 λῆς,
541 5333 677 5404 μήτε
725 5335 789 5387 ἐκ
820 5333 924 5403 τῆς
965 5331 1060 5388 τοῦ
1099 5334 1355 5404 Σωτῆρος
1385 5332 1709 5405 προτροπῆς
1752 5332 1971 5404 ὠφεληο

378 5425 523 5491 οεὶς,
568 5425 706 5497 μηδὲ
738 5424 844 5479 ὑπὸ
889 5424 983 5479 τοῦ
1018 5424 1218 5480 οἰκείου
1251 5426 1556 5491 συνειδότος
1589 5424 1971 5496 ἀπελεγχθεὶς,

378 5508 465 5574 οἷα
490 5517 549 5572 δέ
586 5533 672 5581 τις
704 5516 828 5587 ὄφις
873 5518 1111 5591 πονηρὸς
1144 5522 1316 5591 μικρᾷ
1355 5522 1421 5591 τῇ
1453 5519 1543 5573 διὰ
1573 5520 1741 5589 νόμου
1786 5520 1971 5591 πληγῇ

377 5614 477 5680 τὴν
504 5610 692 5681 κάραν
720 5609 989 5681 ἀλγήσας,
1022 5610 1122 5681 τὴν
1152 5611 1359 5665 ἰοϐόλον
1387 5611 1638 5680 γλῶτταν
1674 5614 1835 5677 κινεῖ,
1878 5612 1974 5665 καὶ

376 5704 473 5775 τὴν
515 5700 897 5773 θανατηφόρον
943 5702 1125 5756 πᾶσαν
1167 5704 1249 5766 είς
1298 5702 1609 5774 τούμφανὲς
1665 5704 1975 5774 ἀπογυμνοί

378 5793 599 5847 κακίαν.
628 5792 813 5846 Θέλων
835 5792 963 5864 γὰρ,
990 5794 1146 5865 φησὶ,
1176 5793 1422 5848 δικαιοῦν
1451 5792 1661 5860 ἑαυτὸν,
1692 5797 1973 5848 τουτέστιν

380 5885 575 5945 ἑαυτὸν
614 5886 754 5959 ὑπὲρ
795 5887 1038 5951 ἅπαντας
1083 5886 1322 5959 νομίζων
1361 5886 1589 5957 δίκαιον,
1638 5887 1731 5941 καὶ
1768 5887 1972 5959 μηδένα

2077 4698 2206 4739 nam
2246 4683 2413 4739 dare?
2439 4682 2681 4739 Econtra
2722 4682 2980 4740 Christus
3019 4699 3121 4755 pro
3152 4699 3215 4740 ea
3242 4700 3352 4755 qua
3388 4693 3472 4741 est
3500 4685 3671 4739 animi

2081 4777 2511 4833 mansuetudine
2542 4793 2606 4833 ac
2641 4778 2930 4848 patientia,
2980 4779 3190 4834 omissa
3244 4779 3385 4835 bene
3434 4779 3670 4834 faciendi

2076 4870 2471 4941 cogitandique
2524 4870 2884 4937 necessitate,
2922 4871 3200 4928 sermonis
3249 4873 3671 4942 congruentiam

2076 4958 2462 5027 commendat,
2492 4967 2700 5014 metum
2751 4959 3043 5017 eximendo
3076 4976 3145 5016 ne
3183 4958 3484 5030 aliquando
3518 4959 3672 5015 falsi-

2076 5050 2250 5121 loquii
2308 5051 2763 5107 retractationem
2821 5054 3260 5124 experiamuru
3292 5050 3422 5117 Sic,
3469 5052 3673 5122 inquit,

2078 5143 2267 5211 facito,
2298 5152 2354 5201 et
2381 5145 2553 5201 vives.
2583 5166 2603 5199 ι
2643 5144 2738 5200 Sic
2766 5155 2820 5200 tu
2861 5161 3080 5202 omnem
3118 5146 3318 5202 habeto
3360 5148 3669 5216 proximum

2077 5238 2134 5294 in
2199 5239 2481 5310 periculis,
2532 5239 2586 5293 in
2632 5238 3093 5303 necessitatibus,
3138 5240 3192 5293 in
3246 5239 3673 5310 quibuscunque

2077 5327 2246 5384 rebus
2278 5328 2668 5383 constitutum.
2696 5326 2800 5394 Qui
2836 5337 3017 5382 autem
3050 5344 3228 5398 neque
3250 5345 3317 5384 ex
3348 5329 3483 5399 legis
3511 5345 3669 5385 man—

2077 5419 2250 5487 datis,
2292 5435 2471 5492 neque
2494 5436 2560 5475 ex
2596 5418 2903 5475 Salvatoris
2943 5420 3119 5490 ipsius
3151 5423 3465 5492 prmceptis,
3494 5438 3672 5493 neque

2078 5514 2149 5571 ab
2193 5515 2311 5584 ipsa
2344 5514 2689 5568 conscientia
2724 5513 3051 5584 redargutus
3096 5516 3394 5586 resipiscit,
3430 5517 3497 5583 is,
3527 5517 3673 5571 sicut

2079 5622 2309 5678 serpens
2344 5621 2679 5668 venenosus,
2713 5605 2843 5659 dum
2862 5614 3040 5675 caput
3070 5607 3191 5677 ejus
3236 5607 3371 5678 legis
3417 5609 3673 5677 plectitur

2077 5699 2423 5765 verberibus,
2468 5699 2713 5767 linguam
2758 5707 2944 5753 movet-
2995 5707 3321 5754 vencnalam
3359 5707 3413 5754 ct
3454 5717 3675 5755 omnem

2078 5791 2346 5847 malitiam
2382 5792 2578 5846 mortis
2604 5790 2926 5861 genitricem
2962 5790 3026 5848 in
3050 5792 3227 5846 lucem
3259 5791 3464 5862 prodit.
3501 5791 3666 5846 Nam-

2078 5902 2184 5961 que
2232 5885 2474 5956 scipsum
2523 5885 2637 5940 vult
2683 5885 3010 5955 justiﬁcare,
3052 5886 3394 5942 scomuibus
3452 5890 3667 5942 iacteris
