4134 6476
482 370 505 421 1
518 369 620 423 (5‘25

1433 367 1491 423 S.
1526 365 1827 432 ARSENH,
1858 367 1947 422 AD
1986 366 2299 425 NOMlCL'M
2332 365 2803 424 TENTATOREM

3612 364 3757 420 {ﬁas

475 482 768 552 justiorem
823 491 1137 549 autumans,
1186 491 1398 537 tantum
1441 484 1598 539 abest
1642 492 1703 538 ut
1741 484 1833 553 qui
1876 499 2053 553 parem

2171 484 2439 556 μηδαμῶς
2461 482 2637 554 ἑαυτῷ
2659 484 2793 548 ἴσον,
2820 481 2855 552 ἢ
2880 480 2976 537 καὶ
3003 479 3232 551 πλησίον
3254 474 3419 532 αὑτοῦ
3441 476 3760 550 τυγχάνειν·

478 574 689 635 credat,
712 581 769 626 ut
799 572 985 627 eadem
1014 582 1197 628 motus
1227 573 1486 645 superbia
1513 594 1525 628 :
1560 593 1577 625 ι
1605 573 1740 641 Quis
1774 582 1859 630 est
1879 576 2065 644 proxi-

479 678 603 717 mus
625 663 819 717 meus?
842 681 861 713 ι
897 670 1068 731 roget.
1097 664 1166 716 At
1190 678 1372 718 nonne
1391 672 1476 718 est
1503 664 1600 718 tibi
1623 671 1796 735 pater,
1822 681 1855 719 ο
1878 666 2059 727 homo,

477 767 663 808 nonne
707 761 902 815 mater,
957 756 1161 818 lrater,
1202 756 1454 818 amicus,
1489 766 1781 826 cognatus,
1822 757 2060 820 vicinus,

478 844 675 908 amnis,
713 860 874 899 nemo
907 847 1144 915 denique
1178 846 1235 901 in
1269 854 1382 901 tota
1428 848 1650 902 civitate
1697 848 1775 902 tui
1821 848 2064 904 similis?

476 930 620 989 Proh
646 935 658 989 l
688 934 991 991 fatuitatem
1018 952 1169 991 vana:
1192 937 1390 994 mentis
1419 938 1794 992 indicatrieem
1821 938 2063 994 hominis

475 1024 571 1094 qui
623 1024 877 1081 humana:
908 1041 969 1082 se
1010 1036 1221 1083 natura:
1258 1030 1603 1099 superiorem
1645 1030 1856 1085 credit!
1891 1030 2059 1097 Quem

476 1133 601 1172 cum
639 1117 895 1174 Salvator
927 1120 1009 1176 sic
1054 1121 1255 1176 stolide
1293 1122 1699 1192 superbientem
1745 1124 1974 1187 videret,
2006 1125 2059 1178 in

476 1215 715 1263 mentem
762 1210 883 1277 ejus
917 1211 1130 1266 inducit
1190 1212 1330 1268 alios
1387 1213 1480 1283 qui
1524 1222 1746 1282 natura,
1782 1215 1919 1270 alios
1966 1217 2061 1285 qui

476 1298 759 1356 voluntate
793 1300 843 1355 ei
879 1302 1175 1372 propinqui
1229 1313 1393 1368 sunt,
1443 1305 1696 1361 addendo
1739 1321 1803 1360 ea
1839 1322 1961 1377 quae
2005 1308 2060 1362 in

474 1392 738 1460 parabola
800 1391 856 1448 in
915 1409 1029 1449 rem
1090 1404 1610 1452 commemorantur.
1668 1398 1938 1453 Adamum
2001 1407 2061 1453 ut

473 1498 826 1540 communem
873 1487 1115 1542 omnium
1162 1498 1429 1558 proavum
1479 1489 1533 1544 in
1589 1489 1825 1546 medium
1880 1492 2057 1557 aﬂert,

473 1576 679 1647 quippe
728 1594 794 1633 ex
829 1594 939 1649 quo
987 1594 1182 1637 omnes
1235 1580 1437 1639 fratres
1471 1591 1523 1638 et
1573 1584 1811 1654 proximi
1863 1586 1976 1641 sint
2007 1594 2061 1642 et

476 1666 706 1723 habendi
736 1678 790 1725 et
831 1672 1187 1739 nominandi;
1222 1673 1349 1729 dein
1381 1674 1583 1730 fratres
1625 1683 1679 1732 ct
1725 1678 2060 1748 propinquos

473 1774 569 1815 eos
593 1769 873 1831 nuncupat
904 1763 995 1832 qui
1021 1773 1212 1819 mutuo
1242 1779 1307 1818 ac
1337 1765 1658 1820 voluntario
1687 1767 2061 1823 beneﬁcentize

2175 579 2239 635 Ὣ
2266 576 2444 647 δεινῆς
2466 572 2843 646 ὑπερηφανίας
2878 572 2891 625 ι
2933 571 3072 625 «Καὶ
3096 571 3181 632 τίς
3207 569 3310 641 μού
3337 571 3455 623 ἐστι
3474 568 3757 640 πλησίων

2170 670 2333 739 φησίς
2359 669 2469 723 Καὶ
2500 668 2618 741 μεθ’
2650 668 2836 739 ἕτερα·
2867 661 3014 735 *Δρα
3041 666 3104 719 οὑ
3137 667 3319 735 πατήρ
3339 664 3422 719 σοί
3454 665 3624 731 ἐστιν,
3657 664 3762 718 ἅθ-

2170 758 2378 831 θρωπε,
2414 755 2490 813 ὀὑ
2538 760 2741 830 μήτηρ,
2782 757 2883 811 οὑκ
2913 754 3161 824 ἀδελφὸς,
3205 755 3267 811 οὑ
3299 755 3489 824 φίλος,
3518 754 3581 808 οὑ
3615 768 3760 822 συγ-

2168 850 2353 921 γενὴς,
2383 850 2446 904 οὑ
2483 849 2699 919 γείτων,
2734 849 2835 903 οὑκ
2863 847 3222 919 ἀγχιστεύων,
3269 846 3393 901 οὑδέ
3435 863 3521 910 τις
3543 844 3656 900 τῶν
3694 846 3761 899 ὲν

2168 945 2233 1012 τῇ
2264 942 2417 997 πόλει
2444 943 2666 1015 ἓτερος;
2698 940 2805 999 Φεῦ
2857 940 2958 1010 τῆς
3003 940 3235 1011 οἰήσεως
3278 939 3374 993 καὶ
3408 938 3508 1009 τῆς
3554 935 3761 1001 ἀλαζο-

2169 1035 2346 1098 νείαςῐ
2409 1034 2583 1098 οὕτως
2652 1034 2845 1089 ἑαυτὸν
2904 1033 3206 1106 ὑπέρτερον
3250 1031 3350 1102 τῆς
3401 1029 3761 1102 ἀνθρωπίνης

2168 1129 2387 1198 ἡγεῖται
2425 1127 2660 1198 φύσεως.
2694 1127 2785 1183 Διὸ
2818 1125 2911 1185 καὶ
2946 1129 2974 1180 ό
3000 1125 3154 1196 Σωτὴ
3165 1142 3194 1196 ρ
3227 1124 3399 1187 οὕτως
3431 1122 3554 1177 ἰδὼν
3583 1125 3757 1193 ἀνοη-

2166 1220 2442 1285 ταίνοντα,
2475 1224 2571 1275 καὶ
2616 1221 2723 1274 τῶν
2762 1222 2818 1275 ἐν
2867 1219 3026 1291 φύσει
3070 1218 3482 1288 ὑπομιμνήσκει
3515 1216 3759 1286 πλησια-

2169 1313 2391 1378 ζόντων,
2427 1314 2527 1367 καὶ
2564 1313 2673 1368 τῶν
2708 1315 2765 1366 ἐν
2795 1313 3134 1385 προαιρέσει,
3166 1312 3261 1366 καὶ
3307 1310 3413 1365 τῶν
3440 1309 3616 1365 ἄλλων
3641 1309 3758 1362 τῶν

2167 1407 2225 1457 ὲν
2258 1406 2325 1477 τῇ
2372 1406 2657 1478 παραϐολῇ
2710 1405 3194 1478 δηλωθησομένων,
3254 1404 3344 1458 ἵνα
3387 1403 3599 1474 πατέρα
3650 1401 3757 1472 μὲν

2168 1498 2346 1551 κοινὸν
2387 1498 2480 1552 τὸν
2510 1494 2836 1571 προπάτορα
2880 1497 3038 1569 ἡμῶν
3084 1497 3257 1567 Ἀδὰμ
3303 1496 3531 1567 ἐπιγνῷ.
3583 1494 3644 1561 ἐξ
3684 1488 3756 1549 οὗ

2168 1594 2372 1656 πάντες
2399 1590 2495 1647 ἀνθ
2507 1609 2679 1665 ρωποι
2714 1591 2962 1662 ἀλλήλων
2991 1590 3229 1659 ἀδελφοὶ,
3260 1589 3356 1642 καὶ
3384 1588 3633 1659 πλησίον,
3659 1586 3758 1641 διὰ

2166 1685 2264 1757 τὴν
2306 1687 2364 1739 ἐν
2404 1684 2599 1756 ἐκείνῳ
2630 1682 2933 1747 κοινωνίαν,
2962 1681 3240 1736 καλεῖσθαι
3283 1679 3425 1745 ἄξιοι
3446 1694 3459 1709 '
3500 1676 3620 1733 εἶτα
3653 1679 3756 1735 καὶ

2166 1780 2297 1841 τοὺς
2325 1777 2470 1831 κατὰ
2504 1776 2823 1848 προαιρεσιν
2860 1773 3122 1845 ἀλλήλους
3148 1772 3481 1841 εὐεργετεῖν,
3529 1770 3625 1824 καὶ
3654 1770 3754 1822 ὑπ’

474 1851 698 1907 vinculo
723 1850 1052 1923 junguntur,
1073 1871 1250 1926 eoque
1281 1856 1456 1927 magis
1493 1857 1640 1927 quod
1683 1872 1791 1911 nou
1834 1866 2053 1924 natura,

2167 1870 2412 1941 ἀλλήλων
2444 1865 2848 1939 εὑεργετεῐσθαι
2870 1864 3173 1929 ἐθέλοντας,
3205 1862 3467 1931 ἀδελφοὺς
3488 1861 3582 1915 καὶ
3610 1860 3756 1933 πλη-

472 1945 569 1998 sed
609 1943 774 1999 libera
823 1946 1103 2003 voluntate
1153 1950 1471 2004 societatem
1510 1951 1653 2006 inter
1690 1967 1750 2006 se
1799 1951 2058 2007 inierunt.

477 2052 496 2083 ι
526 2034 700 2091 Ηυηιο
749 2036 1054 2093 descendit.
1080 2059 1097 2090 ι
1138 2038 1305 2097 Vides
1354 2043 1694 2112 parabolam,
1738 2051 1795 2099 et
1839 2059 1965 2099 cum
1998 2061 2060 2101 ea

471 2128 753 2185 Christum
802 2131 895 2202 qui
950 2132 1249 2203 lcgisperiti
1303 2134 1547 2188 animum
1582 2137 1646 2189 ad
1700 2138 1918 2193 'saniora
1974 2154 2061 2194 re-

469 2219 662 2288 ducit;
720 2221 874 2279 vides
936 2223 1216 2279 Christum
1270 2242 1335 2281 ex
1380 2226 1591 2282 Adamo
1647 2231 2060 2300 procedentem,

467 2328 684 2384 nosque
738 2329 935 2371 omnes
993 2317 1314 2374 edocentem
1370 2319 1537 2390 quod,
1587 2321 1631 2375 si
1679 2322 1746 2377 de
1795 2324 2060 2378 virtutum

470 2405 690 2476 fastigio
725 2405 795 2461 ad
831 2407 1092 2464 vitiorum
1141 2410 1398 2484 abyssum
1433 2412 1767 2477 delabimur,
1794 2430 1822 2468 a
1852 2414 2064 2472 dolosis

468 2495 811 2566 deeipiemur
858 2501 1232 2570 praedonibus,
1286 2515 1338 2559 et
1394 2507 1499 2560 nisi
1554 2506 1888 2576 quantocius
1937 2508 2063 2563 inde

468 2604 852 2660 emergamus,
896 2597 1058 2650 morti
1110 2598 1280 2652 animi
1339 2609 1559 2654 aeterna:
1613 2603 1916 2656 tradcmnr.
1969 2602 2061 2659 Sic

468 2676 639 2748 igitur
698 2684 996 2756 legisperiti
1058 2705 1243 2746 mores
1304 2693 1687 2761 corriguntur,
1743 2696 1861 2765 ipse
1912 2697 2059 2751 enim

466 2775 774 2830 secundum
821 2786 1153 2847 praceptum
1198 2801 1217 2833 ι
1244 2780 1419 2853 Dilige
1454 2787 1767 2855 proximum
1819 2794 2004 2855 tuum,
2036 2807 2055 2841 ι

468 2874 543 2929 et,
585 2884 606 2919 ι
637 2866 775 2923 Odio
805 2869 948 2926 habe
979 2871 1262 2928 inimicum
1292 2881 1472 2939 tuum,
1511 2895 1529 2929 ι
1576 2885 1831 2932 naturam
1865 2881 1919 2934 in
1950 2880 2061 2936 duo

467 2957 764 3014 dividendo
784 2975 1003 3017 omnem
1032 2964 1395 3035 alienigenarum
1423 2982 1521 3035 pro
1544 2968 1699 3024 hoste
1726 2969 1908 3026 habet.
1949 2970 2060 3027 Lex

464 3047 611 3103 enim
635 3051 881 3121 quaedam
907 3053 1156 3110 hostilem
1175 3057 1231 3109 in
1253 3057 1586 3129 alienigenas
1607 3075 1794 3130 gerere
1814 3062 2058 3118 animum

460 3141 639 3211 jubet,
672 3161 780 3200 non
825 3153 935 3200 tam
986 3148 1209 3203 odio—
1242 3151 1554 3206 communis
1601 3152 1750 3207 enim
1797 3155 2057 3211 omnibus

465 3241 663 3290 natura
684 3268 783 3302 —,
810 3240 906 3294 sed
933 3242 1063 3310 quia
1091 3257 1215 3296 cum
1251 3243 1359 3298 illis
1391 3254 1764 3302 commeantes
1795 3262 1902 3301 non
1928 3262 2054 3303 raro

464 3343 657 3385 eorum
720 3332 1085 3388 idololatrian]
1140 3318 1631 3406 aitiplectebantur.
1683 3337 1803 3395 Non
1860 3356 2054 3398 omnes

465 3440 632 3494 porro
658 3423 878 3481 Judaeos
902 3426 1009 3482 sibi
1048 3430 1391 3499 propinquos
1419 3432 1665 3501 putabat,
1689 3433 1786 3489 sed
1812 3450 1908 3491 eos
1930 3443 2053 3491 tan-

466 3523 583 3568 tum
608 3515 701 3586 qui
725 3515 777 3570 in
796 3517 1095 3574 virtutibus
1112 3520 1437 3578 exercendis
1454 3537 1579 3577 cum
1602 3523 1724 3593 ipso
1742 3525 2051 3582 certabant.

467 3606 577 3663 Sed
603 3609 857 3666 nomicus
883 3618 1089 3675 noster,
1110 3612 1193 3667 sui
1214 3613 1430 3682 plenus,
1455 3614 1714 3670 omnibus
1738 3616 2054 3687 praecellere

464 3709 642 3768 ratus,
676 3702 947 3758 neminem
979 3718 1039 3760 re
1081 3711 1176 3759 aut
1210 3705 1432 3759 nomine
1482 3704 1777 3774 semetipso
1823 3706 2050 3777 dignum

467 3795 859 3851 arbitrabatur.
885 3793 1068 3862 Quare
1101 3796 1360 3852 Christus
1389 3795 1575 3861 istius,
1597 3805 1652 3852 et
1678 3796 1925 3852 omnium
1954 3796 2051 3868 qui

465 3886 659 3944 eadem
720 3888 925 3945 misera
976 3888 1297 3943 conditione
1356 3886 1539 3944 amicti
1580 3898 1764 3950 erant,
1797 3890 2049 3945 morbum

464 3987 786 4046 sanaturus,
820 3979 1119 4034 universim
1151 3996 1170 4030 ι
1194 3981 1371 4035 Homo
1403 3981 1624 4049 quidam
1653 3998 1671 4032 ι
1701 3980 1913 4045 dicens,
1939 3997 2047 4038 non

464 4069 615 4125 hunc
634 4076 729 4123 aut
752 4067 928 4133 illum,
955 4077 1164 4122 natura:
1183 4068 1436 4124 humanae
1461 4069 1788 4139 participem
1812 4071 2047 4141 proximi

464 4161 912 4218 denominatione
956 4161 1357 4232 designandum
1404 4178 1527 4219 esse
1559 4163 1761 4227 innuit,
1790 4172 1845 4217 et
1874 4164 2046 4236 legem

463 4270 585 4326 quae
602 4274 621 4307 ι
646 4257 783 4308 Ama
799 4253 1133 4325 proximum,
1161 4273 1179 4307 ι
1200 4264 1305 4319 ct,¢
1327 4253 1468 4311 0dio
1488 4255 1687 4311 habeto
1706 4254 2041 4322 inimicum,»

461 4358 723 4419 tanquam
756 4344 1133 4418 imperfectam
1166 4347 1432 4416 przeterit,
1464 4362 1620 4402 suam
1655 4349 2046 4405 substituendo

461 4456 625 4511 quam
663 4439 791 4493 alibi
824 4454 1044 4509 quoque
1081 4437 1450 4504 commendat,
1487 4458 1505 4491 ι
1531 4428 1749 4512 Diiigite
1788 4441 2045 4498 inimicos

2166 1961 2278 2013 σίον
2309 1959 2586 2013 καλέσειεν
2610 1976 2622 1989 ·
2647 1958 2697 2011 οἳ
2728 1958 2821 2012 καὶ
2840 1955 2932 2010 τοῦ
2956 1954 3181 2025 πλησίον
3213 1954 3317 2006 εἰσὶ
3344 1952 3751 2024 πλησιαίτεροι,

2164 2053 2396 2123 ἐπείπερ
2433 2052 2493 2105 οὑ
2541 2051 2701 2119 φύσει
2747 2051 2930 2121 μόνον,
2982 2046 3120 2101 ἀλλά
3155 2046 3249 2099 καὶ
3301 2044 3621 2117 προαιρέσει
3654 2044 3753 2096 τὸν

2167 2142 2300 2215 πρὸς
2333 2143 2596 2215 ἀλλήλους
2639 2140 2823 2212 ἔχουσι
2848 2139 3213 2209 πλησιασμόν.
3249 2156 3268 2188 ι
3301 2135 3621 2207 Ἄνθρωπός
3660 2152 3754 2199 τις

2160 2233 2504 2290 κατέϐαινεν.
2538 2254 2557 2287 ι
2593 2233 2734 2304 Ὅρα
2764 2231 3102 2304 παραδολὴν,
3139 2230 3235 2284 καὶ
3260 2228 3359 2300 τὴν
3395 2226 3490 2281 τοῦ
3515 2225 3750 2297 νομικοῦ

2164 2327 2508 2399 ἐσφαλμένην
2532 2325 2771 2381 διάνοιαν
2794 2323 3207 2396 διορθουμένην,
3232 2321 3328 2375 καὶ
3357 2320 3455 2391 τὴν
3476 2320 3534 2385 ἐξ
3572 2319 3751 2389 Ἀδὰμ

2164 2418 2269 2482 ἕως
2306 2416 2545 2490 Χριστοῦ
2576 2416 2913 2470 κατάστασιν
2947 2409 3429 2481 ὑπαινιττομένην,
3464 2409 3557 2462 καὶ
3585 2409 3748 2479 ἡμῶν

2163 2508 2394 2565 ἕκαστον
2418 2506 2797 2570 διδάσκουσαν,
2828 2505 2975 2567 ὅπως
3017 2503 3146 2556 ὅταν
3179 2500 3238 2568 ἐξ
3272 2500 3439 2570 ὓψους
3467 2497 3748 2563 πολιτείας

2164 2600 2423 2674 ἐναρέτου
2451 2601 2529 2663 εἰς
2568 2598 2729 2670 βάθος
2768 2595 3008 2667 ἀνομιῶν
3039 2594 3265 2657 ἑαυτοὺς
3297 2592 3747 2661 κατενέγκωμεν,

2163 2693 2268 2747 ὑπὸ
2295 2692 2507 2764 λῃστῶν
2533 2689 2950 2764 τιτρωσκόμεθα
2984 2687 3211 2758 νοητῶν,
3241 2688 3336 2740 καὶ
3362 2688 3410 2739 εί
3443 2684 3517 2756 μὴ
3549 2685 3748 2740 θᾶττον

2162 2785 2539 2857 ἀνανήψαντες
2580 2783 2789 2837 ἐκεῖθεν
2840 2779 3255 2851 ἀνακληθῶμεν,
3296 2777 3376 2848 τῷ
3415 2778 3517 2847 τῆς
3562 2776 3748 2846 ψυχῆς

2161 2880 2363 2950 αἰωνίῳ
2382 2874 2906 2946 καθυποῦαλλόμεθα
2921 2874 3154 2943 θανάτῳ·
3174 2871 3271 2925 καὶ
3289 2871 3380 2924 τὶν
3400 2870 3496 2942 μὲν
3518 2866 3748 2939 νομικὸν

2161 2970 2333 3033 οὑτως
2358 2968 2680 3041 διορθοῦται,
2714 2967 2875 3029 αὐτὸς
2903 2966 3012 3038 γὰρ
3043 2964 3185 3017 κατά
3210 2964 3322 3027 τὸν,
3360 2982 3378 3013 ι
3402 2960 3745 3031 ’Λγαπήσεις

2159 3060 2250 3114 τὸν
2280 3058 2506 3130 πλησίον
2541 3074 2658 3123 σου,
2687 3076 2705 3109 ι
2731 3057 2846 3119 καὶ,
2886 3074 2904 3107 ι
2926 3054 3193 3125 Μισήσεις
3220 3052 3311 3105 τὸν
3336 3049 3527 3121 ἐχθρόν
3561 3066 3684 3113 σου,
3719 3069 3739 3101 ι

2160 3150 2453 3207 κελεύοντα
2480 3149 2664 3220 νόμον,
2695 3148 2816 3220 διχῆ
2842 3146 2940 3218 τὴν
2966 3144 3127 3216 φύσιν
3149 3141 3613 3216 διαιρῶνξὲχθρὸν
3639 3141 3748 3212 μὲν

2160 3244 2377 3310 ἑαυτοῦ,
2407 3244 2588 3299 πάντα
2618 3242 2904 3314 ἄνθρωπον
2932 3241 3147 3311 ἡγεῖται
3185 3234 3475 3304 ἀλλοεθνῆ·
3506 3232 3603 3287 καὶ
3629 3232 3744 3301 γὰρ

2155 3341 2220 3411 δὴ
2250 3340 2345 3392 καὶ
2371 3334 2440 3410 ἦν
2472 3336 2635 3408 νόμος
2675 3336 2858 3399 αὑτοῖς
2888 3331 3174 3404 ἐχθρωδῶς
3211 3329 3349 3400 πρὸς
3375 3328 3584 3389 πάντας
3613 3327 3745 3391 τοὺς

2156 3433 2216 3499 ἐξ
2252 3431 2423 3488 ἐθνῶν
2456 3427 2795 3495 διακεῖσθαι,
2843 3428 2904 3481 οὑ
2946 3425 3092 3497 μίσει
3122 3423 3203 3494 τῷ
3234 3423 3372 3493 πρὸς
3408 3423 3507 3491 τὴν
3551 3419 3745 3490 κοινὴν

2156 3525 2337 3596 φύσιν,
2390 3522 2526 3578 ἀλλὰ
2550 3521 2637 3575 διὰ
2676 3519 2739 3573 τὸ
2784 3517 3099 3581 πλειστάκις
3129 3515 3328 3578 αὑτοὺς
3361 3515 3427 3567 ὲκ
3469 3512 3569 3581 τῆς
3598 3511 3745 3582 πρὶς

2154 3617 2223 3672 τὰ
2257 3617 2387 3687 ἔθνη
2427 3611 2754 3677 οίκειὼσεως
2792 3612 2870 3675 είς
2911 3609 3009 3680 τὴν
3034 3607 3258 3662 ἐκείνων
3290 3603 3742 3675 εἰδωλολατρείαν

2153 3709 2460 3765 ἐκκλίνειν’
2504 3705 2792 3768 Ἰουδαίους
2818 3703 2874 3756 δὲ
2912 3701 3138 3773 πλησίον
3167 3698 3363 3753 ἑαυτοῦ
3404 3699 3606 3768 ἡγεῖτο,
3640 3695 3741 3750 καὶ

2152 3801 2275 3856 οὑδὲ
2297 3801 2519 3862 τούτους
2544 3798 2775 3860 πάντας,
2804 3792 2919 3847 ἀλλ’
2944 3794 2996 3845 εἴ
3022 3808 3166 3853 τινες
3189 3789 3254 3843 ἂν
3272 3781 3561 3859 ἐὑρεθεῖεν
3584 3784 3741 3855 αὑτῴ

2150 3896 2251 3967 τὴν
2295 3892 2495 3964 ἀρετὴν
2549 3885 2856 3959 ἐφάμιλλοι.
2914 3882 3223 3955 Οίηματίας
3271 3879 3326 3933 δέ
3373 3897 3455 3942 τις
3501 3877 3599 3939 ὢν.
3639 3877 3739 3930 καὶ

2150 3989 2325 4043 δοκῶν
2383 3985 2601 4038 πάντων
2643 3983 2712 4053 τῇ
2753 3980 2922 4051 ἀρετῇ
2975 3976 3287 4047 ὑπερέχειν,
3336 3971 3527 4025 οὐδένα
3580 3967 3740 4039 ὴξέου

2151 4079 2379 4152 πλησίον
2419 4073 2587 4133 αὑτοῦ
2620 4073 2654 4144 ἢ
2696 4068 2839 4127 εἶναι
2884 4072 2918 4140 ἢ
2948 4067 3234 4137 λέγεσθαι’
3278 4064 3391 4118 ἀλλ’
3430 4065 3458 4116 ὁ
3498 4061 3738 4133 Χριστὸς

2150 4174 2247 4245 τὴν
2272 4169 2436 4226 αὑτοῦ
2469 4168 2565 4222 καὶ
2585 4166 2695 4220 τῶν
2728 4164 2798 4218 τὰ
2829 4163 2920 4216 ῐσα
2948 4159 3098 4229 αὑτῷ
3130 4158 3430 4214 νοσούντων
3454 4155 3740 4224 ἀγνωσίαν

2148 4259 2488 4332 ἐπανορθῶν,
2513 4256 2737 4328 ὀνόματι
2759 4252 2923 4325 κοινῷ
2951 4252 3059 4324 τῷ,
3101 4248 3456 4319 «Ἄνθρωπός
3485 4262 3590 4309 τις,
3615 4264 3635 4296 ι
3672 4247 3735 4299 οὑ

2148 4357 2295 4411 τόνδε
2326 4357 2361 4429 ἢ
2380 4355 2551 4420 τόνδε,
2573 4351 2713 4409 ἀλλὰ
2741 4349 2921 4405 πάντα
2950 4348 3040 4401 τὸν
3065 4345 3411 4418 ἀνθρωπίνης
3436 4340 3738 4412 μετέχοντα

2148 4451 2363 4522 φύσεως
2390 4449 2619 4521 πλησίον
2639 4448 2748 4503 δεῖν
2773 4444 3056 4501 καλεῖσθαι
3079 4441 3318 4496 διδάσκει
3337 4455 3353 4471 ο
3395 4436 3491 4490 καὶ
3534 4434 3738 4505 ἐχθρὸν

458 4545 697 4599 vestros,
740 4531 1044 4589 benefacite
1088 4531 1157 4588 iis
1208 4533 1301 4602 qui
1335 4532 1572 4588 oderunt
1619 4550 1737 4599 vos,
1781 4540 1836 4590 et
1885 4543 2045 4592 orate

2157 4547 2274 4620 μηδ’
2292 4541 2570 4599 ὁντιναοῦν
2597 4539 2794 4595 εἰδέναι
2811 4536 3149 4607 θεσμοθετεί,
3167 4531 3256 4585 τὸν
3290 4529 3626 4601 μὲνξλέγοντα
3642 4528 3737 4620 νό-

459 4643 562 4698 pro
588 4625 1046 4699 persequentibus
1071 4639 1190 4679 vos.
1223 4644 1242 4678 ι
1276 4623 1480 4682 Omnes
1518 4626 1835 4697 hujnsmodi
1867 4626 2042 4684 Judaei

463 4722 719 4776 inimicos
739 4719 1059 4782 credebant,
1088 4718 1369 4788 proximos
1386 4727 1568 4775 autem
1590 4719 1682 4789 qui
1705 4722 2043 4777 contrarium

462 4810 760 4867 faciebant.
790 4808 909 4863 Tali
967 4809 1132 4865 modo
1166 4810 1332 4880 igitur
1366 4811 1743 4881 legisperitum
1790 4820 1965 4868 tentat
1988 4823 2043 4870 et

463 4919 560 4974 per
595 4902 911 4974 parabolam
957 4917 1024 4957 eo
1063 4901 1285 4979 redigit,
1319 4911 1392 4955 ιιι·
1420 4902 1506 4957 vel
1550 4902 1756 4959 imitus
1807 4903 2045 4960 fateatur

462 4996 632 5065 legem
666 5006 791 5049 esse
817 4991 1192 5062 imperfeCtam
1227 5006 1332 5062 qua
1363 4992 1608 5063 prmeipit
1638 4993 1822 5048 odisse
1860 4994 2044 5049 inimi-

459 5102 585 5142 cum
635 5092 691 5141 et
740 5080 967 5156 diligere
1017 5084 1361 5157 proximum;
1413 5085 1707 5154 perfectam
1765 5094 1945 5141 autem
1989 5095 2044 5143 et

462 5179 809 5249 perﬁciendis
858 5177 927 5233 iis
970 5178 1061 5249 qui
1107 5193 1227 5233 eam
1269 5185 1596 5248 sequuntur,
1639 5178 1891 5234 idoneam
1921 5195 2043 5235 eam

460 5287 625 5343 quam
656 5269 736 5326 illi
764 5270 1072 5336 substituit,
1095 5277 1148 5326 et
1168 5286 1289 5340 qua:
1311 5269 1471 5325 docet
1493 5286 1686 5325 omnes
1708 5271 2040 5343 diligendos,

463 5364 738 5421 neminem
781 5377 880 5432 pro
926 5362 1089 5417 hoste
1117 5362 1431 5417 habendum
1473 5378 1619 5425 esse,
1661 5379 1760 5432 pro
1793 5364 2043 5434 proximo

463 5468 644 5515 autem
662 5459 977 5528 quicunque
994 5455 1198 5510 auxilio
1219 5455 1448 5525 indiget,
1475 5455 1589 5510 sive
1620 5456 1895 5521 ethnicus,
1927 5455 2043 5510 sive

461 5551 702 5607 Judmus.
727 5550 819 5605 Sic
843 5550 1011 5619 igitur
1034 5549 1375 5605 sacerdotem
1394 5564 1455 5602 ac
1475 5548 1693 5603 lcvitam
1720 5548 1813 5618 qui
1838 5547 2042 5602 nullam

463 5644 508 5694 ei
543 5643 638 5712 qui
670 5642 815 5696 inter
849 5641 1093 5696 latrones
1141 5639 1418 5695 ceciderat
1464 5656 1622 5711 opem
1672 5641 1866 5704 tulere,
1896 5640 2043 5695 velut

468 5750 573 5786 non
605 5735 908 5802 proximos,
939 5732 1047 5786 imo
1089 5742 1147 5785 nt
1188 5733 1546 5802 alienigenas,
1577 5740 1635 5786 ut
1670 5732 1904 5787 sicarios
1949 5734 2045 5788 de-

466 5832 753 5879 monstrat.
785 5824 1111 5894 Quicunque
1151 5825 1292 5880 enim
1327 5840 1549 5879 manum
1599 5840 1707 5879 non
1735 5824 1967 5895 porrigit
1992 5827 2042 5883 ci

2149 4618 2299 4709 μον,‹
2323 4632 2651 4702 Ἀγαπήσεις
2672 4629 2761 4689 τὸν
2779 4626 3003 4697 πλησίον
3022 4642 3136 4689 σου,
3151 4642 3168 4673 ι
3196 4623 3337 4686 καὶμ
3351 4620 3617 4689 Μισήσεις
3639 4618 3737 4670 τόν

2145 4724 2341 4797 ἐχθρόν
2371 4740 2485 4786 σου,
2502 4742 2519 4774 ι
2542 4720 2619 4785 ὡς
2644 4718 2812 4787 ἀτελῆ
2845 4714 3081 4787 παριὼν,
3099 4715 3188 4768 τὸν
3216 4714 3271 4766 δὲ
3297 4709 3490 4766 ἑαυτοῦ
3516 4725 3737 4763 συνεισ-

2146 4819 2328 4890 φέρων
2352 4855 2367 4881 ,
2395 4815 2455 4869 ὃν
2508 4814 2605 4871 καὶ
2642 4809 2877 4882 ἀλλαχοῦ
2930 4808 3111 4879 τίθησι
3160 4806 3335 4875 λέγων
3367 4819 3380 4835 ο
3409 4823 3426 4855 ι
3449 4803 3731 4871 Ἀγαπᾶτε

2143 4911 2269 4972 τοὺς
2319 4906 2545 4978 ἐχθροὺς
2596 4902 2772 4975 ὑμῶν,
2820 4899 3002 4966 καλῶς
3059 4899 3263 4952 ποιεῖτε
3311 4897 3425 4960 τοῖς
3477 4891 3733 4964 μισοῦσιν

2145 5002 2310 5074 ὑμᾶς,
2339 5004 2435 5054 καὶ
2467 4995 2835 5070 προσεύχεσθε
2863 4993 3005 5064 ὑπὲρ
3034 4992 3142 5047 τῶν
3170 4989 3598 5061 ,ἐπηρεαζόντων
3635 4989 3735 5042 καὶ

2143 5093 2445 5147 διωκόντων
2467 5092 2536 5161 ὑρ
2548 5092 2667 5154 ᾶςί
2691 5087 2849 5159 δῆλον
2877 5084 2985 5156 γὰρ
3017 5086 3098 5137 ὅτι
3132 5084 3260 5146 τοὺς
3289 5080 3565 5144 τοιούτους
3592 5082 3731 5134 πάν-

2143 5202 2242 5247 τας
2278 5182 2506 5255 ἐχθροὺς
2552 5179 2784 5257 ἡγοῦντο
2842 5176 3110 5234 Ἰουδαῖον
3170 5176 3296 5236 τοὺς
3360 5173 3418 5226 δὲ
3467 5173 3734 5227 τάναντία

2146 5277 2459 5341 ποιοῦντας,
2498 5274 2746 5344 πλησίον.
2772 5271 2936 5326 Ὅθεν
2969 5268 3111 5325 οὕτω
3148 5270 3240 5323 τὸν
3280 5267 3504 5337 νομικὸν
3532 5267 3728 5320 ἐκπιέ-

2146 5368 2249 5433 ζει,
2291 5366 2384 5427 καὶ
2410 5366 2671 5435 κατάγχει
2694 5367 2761 5436 τῇ
2789 5364 2889 5434 τῆς
2914 5361 3229 5434 παραϐολῆς
3248 5360 3499 5430 δυνάμει,
3526 5359 3603 5421 ὡς
3633 5360 3730 5412 καὶ

2145 5462 2346 5517 ἄκοντα
2388 5456 2791 5528 άνομολογῆσαι
2824 5455 2985 5525 ἀτελῆ
3016 5454 3113 5525 μὲν
3148 5449 3310 5520 εἶναι,
3343 5454 3437 5507 καὶ
3475 5451 3729 5506 ἀτελέσιν

2145 5550 2394 5621 εἰρῆσθαι
2445 5548 2557 5613 τὸν,
2618 5549 2796 5617 μισεῖν
2834 5547 2923 5601 τὸν
2980 5546 3195 5616 ἐχθρὸν,
3259 5548 3481 5617 ἀγαπᾷν
3526 5545 3584 5598 δὲ
3630 5545 3729 5598 τειν

2146 5643 2394 5716 πλησίον,
2450 5642 2739 5696 κελεύοντα
2783 5640 2976 5709 νόμων
3025 5639 3362 5693 τελειότατον
3394 5640 3449 5693 δὲ
3499 5638 3592 5693 καὶ
3633 5656 3725 5691 τευ

2145 5736 2448 5803 λειοποιὺν,
2491 5735 2551 5790 ὃν
2602 5734 2764 5798 αὐτὸς
2825 5734 3173 5803 θεσμοθετεῖ·
3221 5735 3444 5803 ἀγαπᾷν
3504 5733 3724 5794 πάντως

2150 5828 2335 5892 ἁπλῶς
2367 5828 2653 5896 διδάσκων,
2691 5828 2783 5881 καὶ
2829 5808 3345 5898 μηδένα-,ἕνθαιχρὴ
3391 5826 3717 5897 εὐεργετεῖν,
