3804 6222
169 408 3436 496 WE

396 685 648 838 DE
757 685 874 835 Τ
889 674 1757 832 HEODORI
1891 664 3239 826 MOPSUESTENI

1133 984 1488 1100 VITA
1567 929 1749 1096 ET
1840 978 2500 1097 SCRIPTIS

558 1243 1444 1341 COMMENTATIO
1520 1239 2174 1332 HISTOBICA
2248 1232 3068 1326 THEOLOGICA.

1690 1475 1969 1521 SCRIPSIT

1217 1607 1439 1672 OTTO
1490 1603 1907 1668 FRIDOLIN
1959 1603 2437 1666 FRITZSCHE

1501 1768 1784 1807 τιλεοιοϐιιι
1825 1768 2143 1805 ιιοεκτιλτυε.

994 1888 1194 1955 (Halae,
1223 1884 1501 1947 sumptibus
1525 1880 1738 1933 libraria
1759 1880 2185 1944 OrphanotrOphei
2210 1879 2621 1933 lDCCCXXXVL
2646 1880 2664 1943 )

1428 2203 2246 2319 PR/EFATIO.

1778 2458 1811 2468 αν

270 2592 478 2648 Schola
518 2589 861 2643 Antiochena
887 2629 903 2653 ,
942 2601 1064 2656 qua:
1106 2602 1134 2639 a
1174 2584 1461 2637 Dorotheo
1498 2592 1552 2637 et
1592 2582 1871 2648 Luciano,
1913 2582 2252 2654 presbyteris
2279 2624 2295 2649 ,
2332 2582 2436 2638 sub
2468 2579 2632 2635 linem
2673 2581 2855 2635 saeculi
2892 2582 3039 2636 tertii
3079 2582 3300 2637 condita
3335 2592 3463 2651 est,

190 2700 326 2741 cum
378 2701 441 2738 ea
490 2684 576 2737 via
616 2681 893 2735 incederet
932 2693 1097 2747 quam
1142 2679 1356 2748 priores
1405 2677 1661 2730 doctores
1699 2675 2025 2730 Antiocbeni
2067 2676 2333 2740 inierant,
2370 2675 2699 2743 theologiam
2740 2674 2941 2729 sensim
2981 2689 3045 2728 ac
3083 2676 3345 2745 paulatim
3386 2677 3464 2731 ita

192 2777 405 2833 studiis
438 2776 555 2830 suis
590 2781 877 2845 persecuta
912 2780 1033 2832 est,
1067 2782 1127 2825 ut
1174 2770 1355 2822 indole
1395 2782 1493 2821 sua
1533 2766 1793 2835 peculiari
1832 2766 2127 2821 admodum
2167 2765 2450 2835 splendeat
2490 2780 2871 2835 summamque
2911 2765 3017 2820 vim
3065 2767 3120 2820 in
3161 2766 3464 2824 Ecclesiam

194 2866 447 2924 Grzecam
488 2863 816 2919 exhibuerit.
860 2862 1090 2915 Frustra
1132 2860 1277 2914 enim
1319 2858 1577 2913 Ecclesiae
1615 2858 1857 2923 Grzecze,
1902 2859 2101 2914 veteris
2162 2860 2400 2913 maxime
2426 2897 2440 2921 ,
2501 2859 2738 2912 rationes
2774 2859 3089 2928 perspicere
3126 2861 3464 2925 conaberis,

200 2965 313 3020 nisi
344 2962 675 3032 theologiam
706 2958 1107 3013 Antiochenam
1143 2956 1315 3026 probe
1342 2954 1691 3025 cognoveris.
1726 2952 1839 3010 Nec
1871 2954 2102 3008 nimium
2139 2953 2288 3017 dixi,
2323 2953 2433 3007 imo
2468 2960 2580 3007 tota
2616 2953 2887 3024 theologia
2918 2954 3105 3010 Graeca
3133 2996 3146 3018 ,
3183 2971 3306 3026 quae
3338 2956 3466 3024 qui-

196 3060 330 3112 dem
365 3056 499 3126 quid
539 3055 643 3108 sibi
684 3054 843 3107 vellet
876 3051 1084 3105 sciebat
1123 3063 1301 3119 neque
1336 3046 1576 3102 infausto
1613 3055 1841 3117 torpore
1878 3047 2185 3110 tenebatur,
2222 3062 2307 3099 me
2342 3046 2525 3116 judice
2560 3062 2660 3107 per
2699 3056 3007 3117 temporum
3038 3048 3331 3105 decursum
3364 3054 3468 3106 tri-

202 3150 408 3219 partita
454 3152 603 3209 erat,
654 3141 1060 3204 Alexandrina,
1112 3136 1450 3192 Antiochena
1502 3148 1550 3191 et
1604 3151 1727 3206 quae
1782 3134 2013 3189 mediam
2064 3134 2356 3203 quamdam
2398 3135 2541 3188 viam
2599 3135 2744 3190 iniit.
2795 3136 2932 3191 Cum
2970 3137 3142 3209 igitur
3182 3150 3331 3195 tanta
3384 3146 3469 3198 vis

203 3240 413 3292 scholae
442 3236 800 3290 Antiochenae
840 3233 1034 3295 fuerit,
1076 3229 1313 3283 maxime
1348 3226 1638 3281 dolendum
1675 3226 1821 3295 quod
1863 3243 1972 3279 non
2011 3240 2077 3279 ea
2119 3226 2241 3279 luce
2279 3241 2388 3295 qua
2426 3226 2795 3280 Alexandrina
2835 3228 3156 3283 eollustrata
3199 3241 3305 3285 est.
3350 3231 3468 3290 Hae

202 3332 430 3386 demum
464 3340 623 3385 aetate
655 3329 724 3384 de
756 3343 817 3383 ea
848 3324 1096 3381 nonnulli
1128 3320 1245 3378 νγ.
1280 3321 1388 3376 DD.
1422 3322 1736 3377 accuratius
1762 3321 2202 3391 disputaverunt,
2229 3321 2321 3391 qui
2345 3336 2657 3392 quanquam
2684 3322 2740 3377 in
2766 3326 3044 3382 nonnullis
3081 3339 3468 3396 peccaverunt,

205 3441 409 3492 magna
444 3440 544 3478 sua
581 3422 742 3477 laude
777 3421 891 3474 hare
924 3418 1108 3474 studia
1143 3413 1549 3469 excitaverunt.

281 3515 397 3583 Ego
429 3528 557 3567 vero
588 3527 697 3581 quo
727 3510 935 3564 diutius
974 3509 1028 3560 in
1064 3502 1293 3559 historia
1327 3501 1704 3556 ecclesiastica
1738 3502 2142 3570 perscrutanda
2180 3503 2440 3557 versabar
2473 3514 2527 3558 et
2560 3519 2669 3573 quo
2699 3506 2872 3576 magis
2902 3507 3009 3561 vim
3052 3522 3117 3563 ac
3148 3513 3470 3580 gravitatem

204 3608 418 3662 schola:
450 3604 807 3657 Antiochenre
839 3600 1236 3671 perspiciebam
1264 3640 1279 3664 ,
1317 3616 1384 3656 eo
1419 3601 1617 3668 majori
1652 3602 1837 3655 studio
1878 3602 1933 3655 in
1965 3601 2086 3670 ejus
2124 3617 2214 3657 res
2253 3602 2511 3671 inquisivi
2533 3640 2549 3667 ,
2588 3618 2708 3672 qua:
2738 3604 2793 3657 in
2824 3605 3059 3658 maxima
3091 3620 3475 3664 monumento-

206 3720 335 3758 rum
396 3700 780 3754 historicorum
834 3699 1062 3767 penuria
1101 3698 1175 3751 ita
1209 3697 1612 3767 quodammodo
1656 3697 1945 3751 dilucidari
1987 3708 2259 3766 possunt,
2294 3706 2353 3750 ut
2385 3698 2574 3767 quales
2613 3698 2847 3754 diversis
2884 3701 3228 3769 temporibus
3269 3704 3473 3775 singuli

210 3797 419 3852 scholae
449 3795 596 3847 illius
624 3792 876 3846 doctores
912 3790 1115 3844 fuerint
1148 3790 1432 3860 anquiras.
1470 3787 1525 3843 lu
1560 3790 1664 3843 hac
1697 3804 1826 3844 vero
1867 3788 2168 3858 perdifficili
2199 3788 2594 3858 disquisitione
2618 3828 2633 3852 ,
2674 3800 2729 3845 et
2766 3798 3013 3861 tempora
3052 3796 3224 3864 probe
3260 3797 3473 3853 discer-

210 3888 432 3949 nenda,
466 3893 520 3940 et
558 3900 622 3939 ea
660 3900 780 3954 qua:
801 3885 1147 3955 'singulorum
1179 3883 1465 3939 doctorum
1497 3884 1719 3953 propria
1755 3891 1884 3938 sunt
1915 3898 2090 3953 neque
2124 3883 2177 3936 in
2213 3882 2386 3953 ipsam
2424 3884 2667 3938 scholam
2697 3885 2918 3939 cadunt.

286 3979 423 4046 Qua:
450 3993 573 4033 cum
607 3978 680 4030 ita
705 3978 853 4041 sint,
885 3992 1066 4047 operae
1100 3978 1334 4046 pretium
1368 3992 1455 4031 me
1487 3975 1760 4030 facturum
1796 3976 2019 4046 putavi,
2057 3975 2100 4030 si
2138 3977 2191 4029 in
2224 3976 2391 4031 rebus
2422 3974 2697 4032 Theodori
2728 3979 3056 4035 Antiocheni
3078 4021 3093 4046 ,
3131 3981 3477 4054 Mopsuestia:

211 4071 463 4142 episcopi
485 4110 499 4132 ,
530 4070 622 4139 qui
650 4069 977 4138 theologiam
1008 4068 1403 4123 Antiochenam
1436 4066 1503 4121 ad
1537 4083 1656 4122 eam
1688 4082 1851 4137 quam
1884 4075 2043 4122 nacta
2070 4075 2153 4122 est
2184 4068 2571 4136 perfectionem
2598 4071 2809 4135 evexit,
2838 4087 3013 4127 meam
3044 4077 3479 4151 qualemcunque

212 4176 412 4215 curam
446 4160 776 4213 collocarent
804 4167 971 4228 atque
998 4159 1069 4213 de
1097 4158 1216 4227 ejus
1250 4159 1358 4213 vita
1380 4201 1394 4224 ,
1431 4159 1688 4230 scriptis,
1723 4158 2021 4229 Scriptura;
2049 4175 2221 4215 sacrae
2257 4162 2730 4232 interpretatione,
2766 4165 3049 4227 doctrina,
3096 4181 3374 4238 postremo
3409 4175 3479 4230 de

213 4253 343 4321 ejus
376 4250 504 4304 fatis
536 4258 663 4321 post
692 4249 804 4303 fata
835 4249 1147 4305 accuratius
1177 4259 1603 4306 commentarer.
1634 4251 1835 4319 Accipe
1860 4292 1876 4316 ,
1908 4250 2111 4305 Lector
2146 4252 2440 4317 benevole,
2474 4252 2616 4309 hanc
2646 4259 2880 4324 primam
2912 4259 2979 4313 de
3007 4258 3296 4318 Theodoro
3326 4281 3478 4319 com-

215 4343 611 4398 mentationem
648 4342 723 4409 (a)
759 4358 989 4412 eamque
1024 4344 1356 4413 bipartitam.
1389 4345 1467 4397 Ac
1503 4344 1665 4397 vitam
1694 4344 1915 4413 quidem
1951 4342 2225 4399 Theodori
2259 4344 2316 4398 in
2362 4354 2512 4399 tanta
2561 4357 3038 4404 monumentorum
3082 4353 3476 4414 historicorum

225 4437 511 4506 paucitate
548 4451 707 4490 nemo
746 4436 1058 4492 describere
1096 4445 1315 4507 potest;
1355 4454 1477 4508 qua:
1514 4454 1646 4492 vero
1675 4438 1741 4492 de
1776 4440 1890 4492 vita
1930 4438 2095 4506 hujus
2131 4439 2237 4493 viri
2276 4449 2425 4495 certe
2463 4450 2559 4495 aut
2593 4443 2947 4512 probabiliter
2983 4447 3088 4501 dici
3125 4465 3286 4519 posse
3323 4451 3478 4509 vide-

215 4536 417 4580 rentur
452 4527 643 4581 sedulo
678 4528 926 4598 congessi
959 4538 1013 4583 et
1043 4530 1350 4584 examinavi
1380 4569 1396 4593 ,
1432 4545 1498 4584 ne
1530 4530 1828 4586 levioribus
1860 4532 2080 4601 quidem
2114 4532 2301 4596 rebus,
2336 4542 2396 4587 ut
2425 4550 2523 4604 par
2549 4542 2688 4595 erat,
2719 4537 2958 4591 omissis.

292 4617 417 4683 Quo
450 4619 707 4688 pauciora
739 4618 806 4672 de
838 4618 957 4672 viro
986 4619 1223 4687 quodam
1257 4619 1567 4675 clarissimo
1594 4619 1731 4672 edax
1765 4628 1979 4689 tempus
2012 4621 2220 4690 reliqua
2252 4620 2415 4685 fecit,
2444 4637 2510 4677 eo
2540 4624 2730 4689 majori
2763 4626 2944 4680 studio
2972 4642 3035 4682 ea
3064 4630 3166 4685 etsi
3201 4632 3479 4689 levissima

216 4725 520 4780 congerere
555 4710 712 4764 decet
748 4719 910 4779 atque
947 4711 1318 4779 perscrutari,
1360 4725 1471 4780 quo
1507 4710 1688 4780 qualis
1727 4710 1894 4765 fuerit
1935 4712 1980 4766 si
2024 4728 2134 4766 non
2173 4711 2376 4768 docere
2399 4753 2414 4777 ,
2455 4714 2770 4782 conjectura
2805 4724 2953 4771 certe
3001 4722 3221 4790 assequi
3261 4727 3473 4795 possis.

221 4803 460 4873 Magnus
496 4804 643 4857 enim
680 4802 765 4855 vir
800 4804 883 4857 vel
921 4818 988 4855 ex
1028 4804 1132 4865 iis,
1172 4804 1363 4872 paucis
1406 4803 1563 4865 licet,
1605 4819 1729 4872 quae
1765 4803 1833 4857 de
1869 4818 1935 4856 co
1983 4805 2195 4874 reliqua
2236 4803 2384 4859 facta
2423 4813 2551 4858 sunt
2590 4811 2845 4877 cognosci
2894 4820 3090 4879 potest.
3140 4811 3240 4867 Vir
3286 4818 3481 4875 doctus

219 4913 409 4956 autem
442 4908 497 4955 et
527 4900 871 4954 clarissimus
906 4899 1161 4954 Ecclesiae
1193 4898 1390 4953 doctor
1419 4899 1532 4955 fere
1567 4900 1720 4954 libris
1754 4899 1872 4953 suis
1910 4901 2125 4955 censeri
2168 4909 2349 4969 potest
2379 4941 2394 4965 ,
2426 4900 2493 4955 de
2532 4903 2734 4972 quibus
2764 4905 2808 4959 si
2842 4906 2974 4960 satis
3007 4919 3263 4967 accurate
3292 4913 3481 4985 dispu-

222 4995 432 5051 uveﬁs
452 5035 468 5057 ,
499 4992 621 5061 ejus
651 5008 741 5048 res
771 5007 965 5063 magna
991 5008 1059 5047 ex
1089 5001 1247 5063 parte
1276 4994 1670 5051 illustraveris.
1717 4993 2043 5062 Quanquam
2077 5010 2146 5048 ne
2179 5003 2291 5047 tum
2322 4994 2541 5064 quidem
2594 4995 2906 5065 hujusmodi
2941 4999 3241 5070 disputatio
3271 5006 3482 5066 inutilis

222 5095 315 5143 est
340 5127 355 5150 ,
387 5088 434 5140 si
463 5087 728 5141 librorum
770 5088 988 5142 illorum
1023 5086 1138 5142 fere
1172 5104 1345 5157 pauca
1378 5088 1681 5159 fragmenta
1715 5097 2037 5159 supersunt.
2068 5088 2210 5156 Quid
2252 5091 2398 5159 quod
2427 5106 2490 5145 ex
2522 5091 2657 5147 solis
2688 5107 2878 5147 eorum
2921 5095 3095 5152 titulis
3127 5099 3332 5169 aliquid
3365 5105 3483 5160 elli-

225 5179 391 5234 cias?
420 5179 502 5232 Ad
533 5177 881 5255 Theodorum
918 5192 1101 5235 autem
1133 5190 1191 5235 ut
1222 5192 1484 5247 revertar,
1516 5182 1899 5237 dillicillimum
1932 5191 2051 5237 erat
2085 5199 2149 5239 ac
2180 5184 2364 5254 magni
2399 5184 2640 5249 laboris,
2683 5186 2750 5240 de
2792 5187 2913 5256 ejus
2954 5191 3166 5258 scriptis
3186 5204 3483 5258 exponere,

226 5291 360 5330 cum
395 5290 517 5345 quae
551 5274 658 5330 huc
693 5277 1032 5346 pertinerent
1064 5277 1303 5331 nondum
1344 5278 1479 5333 satis
1517 5285 1774 5333 accurate
1802 5286 2063 5349 congesta
2098 5289 2261 5349 atque
2298 5280 2613 5333 examinata
2662 5288 2889 5345 essent,
2941 5282 3059 5353 ipsa
3100 5300 3237 5340 vero
3277 5286 3490 5357 disqui-

230 5368 398 5432 sitio,
448 5382 610 5435 quam
662 5368 847 5423 nullus
898 5368 985 5421 vir
1032 5369 1229 5424 doctus
1272 5384 1446 5436 usque
1473 5370 1653 5424 adhuc
1679 5377 1790 5423 tam
1819 5370 1925 5424 late
1957 5379 2143 5439 patere
2168 5370 2379 5435 voluit,
2411 5369 2466 5424 in
2517 5379 2668 5424 tanto
2708 5380 2950 5427 veterum
3000 5376 3218 5429 silentio
3264 5379 3489 5448 spinosa

229 5472 414 5528 esset,
455 5465 511 5518 in
559 5480 666 5533 qua
704 5480 773 5519 ne
808 5472 1054 5534 optarem
1094 5467 1277 5536 potius
1313 5482 1477 5536 quam
1515 5467 1770 5521 docerem
1809 5465 2121 5520 cavendum
2151 5473 2287 5519 erat.
2326 5464 2445 5519 Non
2476 5466 2653 5519 solum
2692 5476 2873 5522 autem
2914 5484 3037 5537 qua:
3080 5469 3339 5526 historica
3385 5474 3490 5527 fide

229 5554 398 5626 digna
436 5567 618 5613 essent
659 5557 949 5629 disquisivi
976 5599 993 5624 ,
1033 5576 1223 5615 verum
1262 5562 1429 5615 etiam
1469 5560 1585 5615 hac
1624 5561 1742 5631 ipsa
1782 5568 1932 5615 recte
1968 5560 2276 5630 intelligere
2314 5567 2479 5630 atque
2517 5575 2583 5614 ex
2626 5560 2695 5615 iis
2734 5576 2798 5615 ea
2832 5577 2955 5631 qua:
2983 5574 3130 5619 recte
3158 5565 3299 5619 ellici
3328 5580 3492 5636 posse

312 5755 385 5825 (a)
415 5756 547 5838 Qua
586 5758 655 5813 de
672 5756 1389 5841 Tlieodori__comme_ntariis
1421 5762 1473 5841 in
1496 5762 1749 5841 _Psalnios
1783 5772 1839 5841 et
1869 5762 1925 5841 in
1953 5762 2125 5841 libros
2156 5760 2291 5841 Novi
2321 5762 2657 5819 Testamenti
2687 5762 2986 5835 disputavi,
3022 5778 3084 5820 ea
3122 5764 3333 5839 integra
3378 5764 3491 5823 fere

241 5830 549 5898 nuperrime
582 5832 874 5899 separatim
903 5830 1071 5898 edidi,
1107 5840 1163 5884 ut
1190 5834 1424 5892 honores
1450 5833 1739 5891 Licentiati
1770 5833 2055 5907 theologiae
2077 5835 2181 5890 rite
2200 5834 2571 5907 impetrarem.

589 5919 824 5983 Pareo:
843 5962 862 5984 .
906 5921 1026 5983 Gn.
1072 5923 1295 5987 LXVI.
3122 5927 3149 5988 ί

1344 6070 1535 6191 ῗέἲί
1573 6065 1653 6181 "2’
1692 6067 1765 6182 Ll
1806 6057 1885 6170 (ἓ
