3804 6222
319 317 382 377 ﬂ
1185 325 1483 382 orroms
1516 323 1695 379 rma.
1740 318 2130 378 amns.an
2167 315 2674 377 COMMENTATIO
3509 313 3579 368 η

320 420 658 500 viderentur,
697 433 908 492 ellicere
946 436 1176 503 studui;
1217 453 1324 506 qua
1364 439 1420 491 in
1459 453 1519 492 re
1557 446 1618 492 ut
1655 436 1910 493 haberem
1949 437 2039 492 cui
2085 437 2212 506 jure
2261 418 2528 491 inniterer
2575 431 2896 490 Theodorea
2945 431 3362 488 accuratissime
3406 433 3603 489 etiam“

320 535 484 595 atque
519 527 684 581 etiam
725 529 1106 597 pertractanda
1146 535 1325 582 erant.
1368 526 1474 581 Sed
1514 543 1582 582 ne
1619 527 1775 596 plura
1814 542 1845 581 a
1884 542 1972 582 me
2010 528 2262 597 requiras
2301 541 2465 597 quam
2507 540 2633 596 quae
2668 532 2931 595 praestare
2957 523 3105 578 volui
3145 531 3241 577 aut
3271 522 3466 592 potui,
3505 521 3576 578 de

320 621 643 684 argumento
683 616 848 684 hujus
885 618 1367 672 commentationis
1405 619 1596 686 paucis
1636 616 1962 672 edisseram.

391 727 679 785 Praemissa
722 728 875 784 brevi
919 729 1291 800 disputatione
1341 729 1408 785 de
1449 729 1724 786 Theodori
1770 731 2102 801 scriptorum
2151 744 2420 794 numero,
2471 728 2691 783 fortuna
2719 767 2738 793 ,
2782 743 2944 798 quam
2983 735 3294 798 temporum
3334 727 3573 783 decursu

319 828 541 890 experta
573 829 736 884 sunt,
773 821 950 890 deque
986 822 1334 876 versionibus
1362 861 1377 886 ,
1412 837 1474 876 ea
1510 823 1730 893 singula
1766 822 1962 876 ordine
1996 822 2250 876 recensui
2288 823 2464 891 deque
2504 823 2573 876 iis
2612 821 2871 877 disserui.
2915 817 2973 874 In
3011 835 3121 890 quo
3154 821 3394 890 primum
3430 836 3575 890 quos

320 913 490 968 libros
522 922 576 967 et
607 928 715 982 quo
751 923 994 984 tempore
1025 914 1270 982 singulos
1303 911 1627 968 Theodorus
1661 914 1981 982 scripsisset
2013 907 2360 982 quaerebatur
2392 928 2406 964 :
2457 912 2592 967 illud
2641 912 2911 982 imprimis
2962 921 3183 982 propter
3227 919 3474 966 veterum
3514 912 3574 966 in

319 1003 558 1058 citandis
586 1004 741 1060 libris
780 1005 1050 1058 incuriam
1085 1015 1139 1058 et
1171 1004 1561 1073 negligentiam
1595 1004 1740 1058 haud
1771 1017 1899 1058 raro
1928 1001 2149 1058 difﬁcile
2189 1003 2341 1058 dictu
2389 1013 2544 1067 erat,
2595 1001 2702 1058 hoc
2745 1002 3020 1056 interdum
3065 1010 3278 1056 tantum
3309 1004 3574 1058 constitui

319 1105 552 1166 poterat.
592 1096 667 1152 De
699 1099 1093 1152 commentario
1125 1099 1176 1150 in
1211 1114 1288 1151 xu
1325 1099 1607 1168 prophetas
1645 1099 1914 1162 minores,
1955 1099 2048 1168 qui
2089 1099 2242 1154 solus
2279 1089 2495 1154 aetatem
2546 1099 2765 1153 videtur
2810 1099 3036 1162 tulisse,
3076 1098 3265 1154 eadem
3305 1097 3418 1155 fere
3453 1115 3577 1169 quae

318 1194 456 1261 Aug.
494 1189 668 1245 Maius
717 1201 772 1245 et
813 1190 997 1245 Victor
1033 1191 1100 1246 de
1137 1191 1449 1263 Wegnern,
1492 1190 1606 1246 VV.
1651 1191 1785 1252 DD..
1826 1193 1881 1246 in
1926 1191 2334 1262 Prolegomenis
2369 1192 2830 1262 disputaverunt,
2866 1191 3050 1245 denuo
3095 1191 3408 1246 accuratius
3456 1207 3576 1262 per-

317 1285 596 1339 tractravi.
634 1284 753 1338 Alia
791 1283 1048 1351 correxi,
1085 1286 1190 1339 alia
1224 1286 1398 1355 adjeci
1425 1325 1440 1351 ,
1483 1287 1590 1340 alia
1629 1284 1954 1355 ampliﬁcavi
1978 1323 1994 1350 ,
2032 1285 2136 1339 alia
2173 1285 2408 1356 denique
2441 1283 2710 1340 contraxi.
3213 1289 3220 1295 '

388 1395 785 1468 Plcrorumque
822 1396 1098 1453 Theodori
1134 1398 1398 1453 librorum
1438 1397 1742 1469 fragmenta
1779 1396 2025 1466 quaedam
2068 1405 2401 1467 supersunt,
2447 1412 2570 1468 quae
2618 1397 2666 1452 si
2707 1396 3088 1450 tantummodo
3137 1404 3572 1451 commemOras-

318 1505 434 1544 sem
462 1530 478 1555 ,
520 1507 695 1561 neque
745 1507 872 1546 vero
923 1499 1178 1546 accurate
1217 1493 1642 1561 perlustrassem
1670 1529 1686 1554 ,
1728 1505 1895 1559 opera
1935 1505 2054 1545 mea
2093 1506 2286 1560 parum
2329 1489 2609 1546 fructuosa
2649 1498 2814 1544 esset.
2860 1487 2966 1542 Sed
3020 1488 3206 1557 spuria
3245 1487 3412 1542 verbo
3445 1495 3573 1540 tan-

319 1591 432 1634 tum
474 1582 702 1647 notavi;
748 1581 840 1634 ubi
879 1581 1016 1634 nihil
1053 1581 1283 1645 monui,
1325 1581 1557 1651 genuina
1598 1579 1694 1634 illa
1729 1579 2038 1651 fragmenta
2077 1594 2298 1636 censeo.
2343 1581 2610 1636 Uberiore
2649 1594 2780 1635 vero
2822 1579 2892 1634 de
2929 1579 3162 1649 singulis
3199 1577 3574 1649 disputatione

317 1692 405 1730 me
441 1677 806 1746 supersedere
848 1690 1011 1746 posse
1044 1677 1250 1746 putavi.
1287 1674 1654 1746 Praeterquam
1689 1677 1834 1732 enim
1863 1675 2009 1746 quod
2044 1677 2215 1730 multa
2244 1691 2434 1732 eorum
2467 1677 2720 1732 breviora
2756 1692 2820 1731 ac
2853 1677 3059 1732 leviora
3095 1683 3266 1742 sunt,
3305 1690 3469 1746 quam
3505 1676 3576 1730 de

317 1768 520 1836 quibus
574 1767 760 1823 multis
812 1766 1094 1833 disseras,
1145 1785 1236 1824 res
1279 1769 1436 1824 valde
1477 1770 1730 1840 ambigua
1770 1782 1854 1825 est
1907 1785 2008 1824 nec
2054 1770 2161 1824 nisi
2201 1771 2272 1826 ab
2319 1786 2385 1826 eo
2419 1771 2718 1840 judicanda
2758 1771 2848 1825 cui
2891 1769 3162 1826 sentiendi
3199 1779 3254 1823 et
3292 1768 3570 1823 scribendi

319 1875 490 1929 genus
527 1851 799 1914 Theodori
835 1859 1104 1916 familiare
1133 1870 1240 1916 est.
1275 1862 1394 1916 Alia
1429 1862 1736 1917 certissime
1789 1861 2059 1916 Theodori
2113 1872 2263 1927 sunt,
2304 1862 2408 1917 alia
2450 1864 2519 1918 ab
2555 1879 2622 1919 eo
2655 1872 2802 1918 certe
2841 1879 2951 1919 non
2985 1863 3300 1916 abhorrent.
3335 1860 3575 1916 Omnino

319 1961 536 2008 veteres
570 1952 826 2008 audiendi
861 1963 1018 2008 erant
1040 1994 1056 2018 ,
1085 1971 1116 2009 a
1147 1971 1381 2026 quorum
1416 1956 1742 2010 auctoritate
1774 1957 1996 2012 nonnisi
2042 1958 2386 2028 gravissimis
2418 1959 2486 2014 de
2516 1959 2701 2014 causis
2735 1958 2960 2013 recessi.
2998 1956 3186 2028 Neque
3214 1973 3346 2013 vero
3381 1957 3436 2010 in
3472 1957 3575 2011 hac

319 2047 387 2102 de
422 2046 742 2118 fragmentis
773 2047 1158 2118 disquisitione
1189 2050 1478 2119 acquievi,
1521 2049 1616 2106 sed
1649 2050 1940 2120 diligenter
1968 2053 2134 2106 etiam
2171 2053 2496 2125 investigavi
2531 2070 2653 2124 qua:
2686 2053 2753 2109 de
2786 2067 3107 2125 argumento
3145 2068 3199 2109 et
3234 2054 3417 2110 indole
3455 2055 3575 2108 sin-

320 2145 572 2216 gulorum
613 2145 873 2199 librorum
913 2145 1022 2200 dici
1060 2160 1222 2216 posse
1260 2146 1598 2201 viderentur.
1632 2145 1751 2212 Qua
1791 2146 1847 2201 in
1895 2146 2266 2217 disputatione
2318 2149 2478 2219 plura
2528 2149 2772 2220 reperies
2823 2151 2967 2205 unde
3015 2151 3196 2220 qualis
3245 2146 3578 2204 Theodorus

322 2241 484 2294 fuerit
515 2242 773 2309 cognosci
808 2251 1027 2313 potest,
1068 2259 1382 2316 quanquam
1419 2247 1474 2298 in
1515 2244 1603 2299 his
1639 2259 1736 2314 per
1774 2245 1940 2312 hujus
1981 2245 2106 2299 libri
2146 2245 2393 2301 rationes
2431 2247 2691 2303 brevitati
2729 2249 2935 2306 studui.

391 2354 591 2410 Multos
637 2371 853 2412 errores
903 2374 1027 2412 cum
1083 2367 1328 2414 veterum
1382 2368 1498 2413 tum
1539 2357 1910 2414 recentiorum
1952 2358 2328 2430 deprehendi,
2372 2363 2467 2419 sed
2509 2365 2704 2420 horum
2757 2365 2976 2437 quidem
3030 2372 3254 2436 peccata
3307 2371 3576 2434 quantum

323 2447 440 2502 fieri
490 2449 666 2515 potuit
711 2448 876 2503 tacite
930 2449 1167 2502 correxi.
1213 2447 1632 2519 Supervacanea
1671 2449 1890 2502 silentio
1932 2451 2278 2517 praetermisi.
2323 2449 2395 2505 At
2433 2466 2562 2506 vero
2601 2453 2656 2507 in
2700 2453 3018 2522 hujusmodi
3057 2452 3253 2508 studiis
3293 2467 3478 2507 errare
3516 2451 3574 2504 in

321 2539 548 2610 proclivi
596 2548 716 2603 est,
766 2551 821 2595 et
867 2556 1182 2612 quanquam
1237 2555 1507 2597 summam
1549 2541 1710 2596 fidem
1765 2541 2217 2612 indefessumque
2272 2543 2519 2604 studium
2575 2547 2843 2616 adhibui,
2875 2547 3018 2601 haud
3053 2547 3217 2601 dubie
3249 2546 3480 2602 subinde
3519 2547 3575 2599 in

323 2649 540 2689 errores
574 2633 764 2688 incidi.
806 2633 912 2689 Sed
948 2637 1294 2691 correctione
1327 2635 1596 2705 gaudebo.
1633 2634 1872 2692 Omnino
1923 2653 2058 2694 vero
2097 2638 2229 2708 quid
2272 2640 2625 2710 praestiterim
2666 2641 2809 2711 apud
2843 2641 2993 2696 viros
3039 2640 3232 2696 harum
3273 2641 3576 2698 litterarum

322 2729 532 2800 peritos
585 2728 852 2800 judiciqu
905 2740 1045 2786 esto.

331 2883 334 2885 Δ
383 2909 669 2961 Scribebam
693 2911 850 2974 Halm,
871 2912 924 2962 d.
945 2925 1044 2963 nu
1063 2927 1128 2964 m.
1153 2883 1433 2976 Septembr.
1460 2927 1505 2963 a.
1544 2913 1683 2962 1856.

2636 2978 2714 3038 Ο.
2767 2975 2836 3036 F.
2883 2978 3259 3037 an‘zscna.

357 3172 3551 3197 h—WWﬂ

883 3371 1060 3480 DE
1175 3371 1910 3487 THEODORI
2021 3373 2964 3489 MOPSUESTEN
2978 3376 3023 3487 Ι

1596 3591 1777 3655 VITA
1815 3595 1912 3655 ET
1972 3595 2308 3658 SCRIPTIS

576 3775 1464 3873 COMMENTATIO
1568 3725 2224 3872 HISTORICA
2289 3783 2443 3871 ΕΤ
2511 3781 3284 3911 THEQLOGICA

1115 4195 1333 4262 PARS
1363 4196 1744 4259 PRIOR.—-
1787 4197 1906 4258 DE
1955 4197 2395 4260 THEODORI
2437 4197 2633 4261 ΥΙΤΑ
2679 4198 2790 4279 (a).

401 4413 722 4473 Theodorus
769 4413 1102 4481 Antiochiae,
1165 4429 1288 4485 qua:
1336 4421 1504 4482 caput
1551 4423 1672 4469 erat
1728 4412 1898 4486 Syriae
1928 4413 1974 4474 Α
2005 4415 2241 4486 (Critica
2271 4417 2401 4470 hist.
2436 4415 2680 4470 chronol.
2733 4413 2788 4469 in
2833 4415 3064 4468 Annales
3115 4413 3356 4470 Barom’i.
3413 4415 3575 4470 Antv.

330 4510 520 4583 primae
561 4509 840 4578 totiusque
870 4506 1114 4563 Orientis
1155 4507 1265 4574 (b),
1325 4505 1604 4560 nobilibus
1661 4512 1716 4560 et
1761 4505 1901 4559 divi-
2006 4505 2168 4569 1705,
2197 4506 2317 4570 fol.,
2351 4507 2419 4561 ad
2458 4520 2511 4561 a.
2562 4504 2704 4576 427)
2753 4505 3033 4560 disseruit.
3069 4503 3300 4559 Discedo
3332 4514 3511 4558 tamen
3545 4520 3575 4558 a

329 4603 478 4658 tibus
504 4601 820 4668 parentibus
853 4601 923 4670 (ο)
951 4615 1096 4654 anno
1127 4599 1240 4654 fere
1265 4597 1372 4653 350
1401 4605 1567 4652 natus
1595 4605 1699 4652 est.
1999 4614 2054 4652 v.
2095 4599 2175 4662 d.,
2209 4614 2388 4668 neque
2413 4613 2466 4652 a.
2490 4597 2619 4663 429,
2655 4597 2750 4653 sed
2783 4597 2887 4652 sub
2916 4597 3063 4651 exitu
3095 4596 3224 4650 anni
3258 4597 3364 4651 428
3393 4594 3578 4649 Theo-

400 4695 586 4752 Placet
631 4703 806 4750 autem
831 4694 941 4764 jam
987 4694 1079 4748 hic
1114 4703 1282 4748 totum
1319 4693 1501 4748 locum
1534 4692 1603 4747 de
1635 4693 1898 4763 temporis
2001 4691 2196 4745 dorum
2221 4690 2428 4744 obiisse
2460 4689 2648 4745 credo.
2680 4688 2762 4742 Ad
2811 4704 2862 4742 a.
2919 4688 3024 4742 428
3051 4687 3162 4757 jam
3194 4689 3387 4752 multi,
3438 4703 3580 4756 quos

329 4787 657 4852 rationibus,
687 4800 809 4855 quaa
835 4783 1107 4840 Theodori
1137 4785 1304 4838 vitam
1341 4783 1645 4846 continent,
1678 4793 1896 4852 pertra-
2003 4781 2136 4844 adii,
2172 4797 2224 4836 v.
2253 4780 2309 4835 d.
2344 4781 2466 4850 ejus
2492 4785 2718 4834 mortc’m
2755 4779 3078 4840 retulerunt.
3116 4778 3211 4834 sed
3235 4779 3581 4848 conjiciendo

329 4891 502 4942 ctare,
533 4879 589 4933 in
611 4893 721 4947 quo
741 4877 972 4946 primum
1001 4891 1110 4946 quo
1132 4892 1276 4931 anno
1294 4876 1619 4931 Theodorus
1647 4884 1899 4932 mortuus
2000 4875 2182 4943 potius
2219 4889 2383 4944 quam
2440 4871 2856 4936 ratiocinando;
2909 4871 3000 4925 alii
3031 4878 3214 4925 autem
3234 4910 3249 4934 ,
3300 4880 3358 4925 ut
3406 4869 3582 4926 Henr.

329 4971 405 5028 sit
427 4968 866 5026 disuuirendmn.
896 4967 1113 5038 Optime
1143 4968 1247 5021 hac
1279 4966 1350 5022 de
1377 4983 1436 5022 re
1459 4966 1736 5022 Antonius
1763 4965 1901 5038 Pagi
2007 4963 2260 5021 Norisius
2288 4965 2419 5037 (Op.
2452 4966 2662 5030 omnia,
2694 4963 2713 5017 l
2742 4963 2994 5037 [Veronae
3025 4963 3162 5016 1729
3193 4963 3288 5018 fol.
3307 4961 3352 5036 ],
3388 4978 3442 5033 p.
3471 4961 3575 5018 291.

402 5106 617 5180 (a)_De_
643 5103 1215 5180 Theodoroejusque
1258 5103 1430 5180 rebus
1487 5104 1656 5180 multa
1719 5102 1885 5180 allata
1989 5102 2449 5180 i_n_fra_laud_abo.
2514 5101 2566 5158 J.
2623 5101 2946 5180 Christoph.
3000 5099 3259 5180 Meisneri
3317 5098 3458 5180 Qiss.
3515 5099 3580 5180 de

329 5167 473 5234 sunt'
495 5178 550 5231 in
580 5175 812 5230 Fabricii
849 5175 987 5229 Bibl.
1014 5167 1230 5228 'Grfed.
1257 5172 1429 5232 llarl.,
1463 5173 1570 5226 vol.
1602 5172 1671 5236 Χ,
1703 5188 1750 5241 p.
1783 5173 1888 5226 546
1992 5173 2263 5228 Theodoro
2295 5173 2665 5241 Mopsuesteno
2719 5167 2988 5242 (Witteb.
3036 5171 3211 5239 1714)
3267 5167 3578 5238 cujusmodi

330 5265 414 5319 sq.
453 5247 596 5302 Inter
643 5262 739 5301 eos
789 5247 882 5319 qui
925 5245 1046 5319 ejus
1093 5245 1267 5319 vitam
1320 5243 1568 5319 pluribus
1595 5243 1889 5319 persecuti
1990 5246 2309 5319 situuescio.

331 5307 484 5388 crint,
513 5332 622 5388 pra:
654 5307 866 5372 caneris
899 5307 1218 5388 nominandi
1247 5307 1451 5388 Lenain
1474 5315 1567 5388 de
1595 5307 1894 5388 Tillemont
2062 5314 2136 5382 (b)
2170 5314 2856 5388 Amice/tenussaepissime
2882 5313 3103 5388 dicitur.
3133 5308 3226 5388 C_l'L
3240 5326 3301 5388 _v.
3329 5324 3380 5363 c.
3408 5307 3577 5388 Piiot.

330 5377 809 5460 (Méinbirespour
836 5385 1065 5460 seruirg
1093 5383 1501 5460 ιἸιὶιςιιξῄυςέεειξιΣ
1533 5381 1622 5436 des
1656 5385 1745 5460 sic
1773 5398 1893 5460 pref
1993 5402 2044 5460 c.
2070 5377 2329 5460 ‘cnsxvrr,
2364 5385 2564 5460 ⁸Ξᾷὃηιι.
2610 5377 2862 5460 Fabricio
2903 5385 2956 5460 l._
2980 5386 3054 5460 LL
3073 5397 3124 5450 p.
3163 5380 3287 5442 396,
3341 5389 3398 5460 et
3443 5377 3582 5460 [for-

331 5449 490 5512 miers
532 5449 745 5520 siécles,
795 5464 832 5526 t.
861 5454 955 5508 XII
989 5453 1408 5526 [Yenet_._rl7_3?.,
1435 5453 1748 5526 ηις).ᾲᾶὂό
1772 5449 1891 5526 sq.)
1998 5456 2136 5526 losia
2168 5458 2218 5526 in
2274 5455 2503 5526 Kollarii
2558 5456 2625 5509 ad
2683 5454 2991 5526 Lambecii_
3014 5449 3308 5526 Comment.
3350 5449 3414 5504 de
3447 5449 3576 5526 bibl.

330 5538 383 5584 et
411 5527 462 5582 J.
488 5527 744 5581 Matthias
789 5521 1103 5596 Schroeckh
1142 5521 1694 5596 (Kirclteriges'cltiehte
1723 5532 1764 5576 t.
1793 5521 1890 5596 XV
2000 5525 2142 5596 Cres.
2181 5525 2404 5579 Vindob.
2441 5528 2712 5596 supplem.
2747 5526 2784 5578 ι.
2814 5541 2854 5588 ι,
2880 5541 2933 5595 p.
2971 5523 3098 5596 ΓΜ,
3128 5521 3580 5596 testibus,_etiam

331 5596 753 5670 [Lipsal790],
797 5594 979 5670 ρ.176
1013 5591 1160 5664 sq.).
1202 5595 1300 5646 llic
1335 5591 1772 5670 id'l‘lieodorum
1816 5595 1892 5670 Ie-
1998 5594 2362 5670 Hagiopplites
2402 5591 2636 5670 dicitur;
2681 5611 2766 5670 me
2795 5591 2924 5650 vero
2949 5595 3162 5648 nullum
3190 5591 3370 5645 locum
3398 5592 3576 5662 legere

332 5663 475 5731 nior,
510 5668 598 5722 ille
635 5663 908 5736 asperior,
941 5663 1170 5735 uterque
1195 5663 1536 5720 emendanda
1562 5672 1616 5718 et
1638 5663 1888 5736 addenda
1997 5663 2244 5724 memini.
2279 5668 2332 5720 in
2361 5682 2471 5736 quo
2507 5667 2581 5720 ita
2615 5666 2954 5736 nominetur.

332 5727 688 5808 reliquerunt.
704 5727 863 5791 Mulli
893 5727 1152 5809 prasterea
1179 5736 1680 5809 nonnulladantum
1707 5733 1888 5787 Theo-
2067 5738 2140 5807 (c)
2178 5736 2264 5792 Cf.
2295 5727 2580 5809 Chrysost.
2618 5737 2759 5809 Opp.
2793 5735 2881 5793 cd.
2907 5732 3124 5800 Montf.,
3166 5732 3212 5801 l,
3247 5747 3300 5801 p.
3328 5727 3419 5787 '56.

333 5803 495 5867 ﬂorea
534 5808 846 5866 accuratius
893 5803 1272 5892 illustra_runt,
1322 5820 1558 5878 quorum
1597 5804 1888 5874 plerosque
