3804 6222
234 333 302 388 i3
1024 328 1111 380 DE
1151 326 1498 382 TllEODORl
1540 324 2021 382 MOPSUESTENI
2064 324 2224 379 VITA
2265 324 2351 380 ET
2393 322 2719 378 SCRIPTIS.
3413 325 3481 379 ξίν

233 446 381 515 sq.),
419 444 652 499 inlirmis
683 444 792 497 nixi
824 445 1159 510 rationibus,
1190 444 1256 497 ad
1285 460 1336 498 a.
1363 443 1486 499 4‘27.
1524 474 1592 487 --
1620 442 1801 497 Theo-
1835 454 1875 505 Α
1908 459 1959 513 p.
1992 432 2121 505 biit),
2149 443 2219 496 cl.
2258 458 2313 511 p.
2340 441 2462 503 648,
2496 442 2637 495 unde
2669 456 2793 495 eum
2825 456 2871 493 a.
2912 441 3020 495 49.8
3046 442 3252 496 obiisse
3285 444 3478 496 verisi—

231 537 410 590 doret.
451 535 522 589 ΙΙ.
570 552 620 589 e.
668 553 722 600 ν,
744 535 825 588 -59
863 553 874 587 :
910 536 1077 588 Πέντε
1127 536 1221 588 καὶ
1254 535 1445 589 ἑκατὸν
1479 535 1615 587 ἐτῶν
1647 535 1741 604 ἥδε
1768 536 1805 605 ἡ

236 626 447 697 ἱστορία
500 625 747 696 περιέχει
799 624 1019 695 χρόνον,
1080 623 1360 695 ἀρξαμένη
1417 624 1517 694 μὲν
1552 623 1662 675 ἀπὸ
1710 622 1809 691 τῆς

247 719 459 789 ’Δρείου
488 716 707 787 λύττης,
751 717 1019 787 δεξαμένη
1051 716 1109 770 δὲ
1142 717 1315 788 πέρας
1344 717 1450 770 τῶν
1482 717 1809 783 ἀξιεπαίνων

234 809 447 878 ἀνδρῶν
480 808 757 881 Θεοδώρου
778 810 880 861 καὶ
902 808 1155 862 Θεοδότου
1179 808 1279 881 τὴν
1317 809 1591 881 τελευτήν.
1624 808 1807 863 Praef.

236 902 512 965 Εὐσέϐιος.
538 940 557 956 η.
599 941 612 952 .
646 941 661 955 .
698 941 712 955 .
748 940 762 954 .
806 902 965 973 μέχρι
992 901 1086 955 τοῦ
1114 901 1185 970 (ι.
1222 900 1355 971 τῆς
1398 902 1807 955 Κωνσταντὶνου

237 992 521 1062 Θεοφιλοῦς
554 992 829 1061 βασιλείας
856 995 925 1045 τὰ
962 995 1083 1054 ταῖς
1138 993 1486 1061 Ἐκκλησίαις
1528 992 1810 1062 συμ6ε6ηο

235 1084 371 1138 auita.
402 1084 760 1155 συνέγραψεν*
807 1082 917 1151 ἐγὼ
944 1084 1001 1135 δὲ
1025 1084 1125 1153 τῆς
1149 1076 1473 1154 συγγραφῆς
1507 1083 1721 1152 ἐκείνης
1748 1084 1811 1137 τὸ

234 1174 386 1235 τέλος
412 1175 588 1244 ἀρχὴν
614 1175 714 1244 τῆς
748 1174 988 1245 ἱστορίας
1013 1175 1330 1244 ποιήσομαι.
1366 1173 1588 1227 Eusebii
1627 1173 1810 1227 [listo-

239 1268 323 1317 ria
362 1267 551 1319 linitur
588 1267 916 1320 narratione
956 1265 1023 1321 de
1062 1265 1276 1320 Licinio
1311 1267 1525 1320 devicto
1555 1267 1573 1335 (
1595 1282 1647 1320 a.
1684 1266 1807 1320 524.

242 1354 409 1428 [525?
434 1356 486 1429 ι)
519 1372 584 1409 ac
622 1357 689 1410 de
719 1356 898 1410 medio
934 1356 1153 1409 sublato
1199 1356 1291 1425 (a.
1349 1356 1514 1425 3:25),
1555 1355 1809 1410 Tbeodoo

239 1461 385 1502 rt-tus
416 1458 622 1515 autem,
660 1450 751 1503 ubi
785 1449 822 1502 l.
871 1465 909 1511 t,
943 1462 995 1502 c.
1032 1450 1085 1513 1-,
1116 1447 1410 1511 Maxentio,
1440 1447 1733 1502 Maximino
1759 1456 1814 1502 et

239 1537 455 1594 Licinio
492 1539 747 1609 tyrannis
780 1538 847 1592 de
891 1539 1071 1593 medio
1108 1539 1364 1600 sublatis,
1390 1538 1657 1594 Ecclesiae
1686 1555 1814 1609 pro-

240 1634 434 1686 cellam
487 1632 731 1684 sedatam
769 1630 939 1685 fuisse
991 1631 1300 1699 perhibuit,
1343 1632 1409 1683 ad
1454 1646 1542 1685 res
1577 1631 1812 1686 Arianas

242 1723 546 1778 nan-aindas
577 1721 915 1793 aggreditur.
968 1721 1156 1791 Neque
1195 1738 1325 1777 vero
1354 1722 1697 1776 eliiciendum
1744 1738 1811 1777 ex

243 1816 354 1870 illis
394 1815 566 1877 locis,
617 1814 764 1882 quod
813 1814 942 1883 Pagi
996 1814 1211 1873 eﬂ'ecit,
1268 1816 1537 1868 rationem
1594 1814 1812 1868 illorum
1847 1796 1886 1849 Β

244 1906 348 1958 1υῦ
394 1919 661 1957 annorum
692 1905 760 1957 ab
793 1918 843 1956 a.
876 1902 981 1956 5:25
1024 1902 1317 1956 iucundam
1346 1918 1491 1958 esse.
1522 1901 1665 1956 Sane
1691 1902 1817 1973 qui-

241 1996 365 2047 dem
419 1992 662 2048 Licinius
710 2009 761 2046 a.
795 1992 900 2047 525
933 1993 1231 2062 suspendio
1277 1994 1527 2047 sublatus
1575 2002 1682 2057 est,
1718 1993 1814 2048 sed

236 2086 351 2153 jam
396 2092 559 2147 ante,
607 2092 893 2154 postquam
950 2083 1196 2139 Licinius
1252 2086 1430 2140 victus
1487 2086 1719 2155 imperio
1755 2101 1814 2139 se

239 2177 548 2241 abdicavit,
587 2176 988 2233 Constantinus
1031 2179 1184 2234 solus
1240 2180 1539 2248 imperator
1578 2189 1720 2245 erat,
1759 2188 1814 2234 et.

244 2271 385 2325 male
414 2270 794 2325 Theodoretus
823 2286 854 2323 a
889 2279 1061 2327 morte
1090 2270 1289 2326 Licinii
1324 2287 1434 2326 non
1472 2273 1813 2327 memorabili

242 2362 359 2429 illa,
389 2364 484 2420 sed
524 2381 686 2433 quam
726 2363 991 2419 Eusebius
1036 2380 1340 2420 memorare
1368 2366 1541 2434 potuit
1569 2366 1671 2436 (a),
1710 2367 1812 2421 Hi-

237 2457 428 2509 uaria:
480 2471 595 2510 sua:
625 2456 844 2510 initium
895 2458 1150 2526 cepisset.
1185 2459 1252 2509 At
1286 2457 1662 2512 memorabilis
1694 2468 1815 2512 erat

238 2548 473 2602 victoria
500 2548 569 2601 de
600 2547 815 2602 Licinio
847 2557 1127 2620 reportata
1148 2589 1162 2611 ,
1199 2565 1304 2618 qua
1336 2550 1626 2619 imperium
1668 2550 1811 2621 apud

235 2642 421 2695 solum
448 2640 871 2695 Constantinum
896 2656 1023 2697 esse
1046 2643 1231 2711 coepit.
1263 2640 1432 2695 Multo
1452 2640 1816 2696 minusTheo—
1846 2702 1849 2705 ι

235 2734 467 2788 doretus
502 2733 669 2802 priori
714 2733 805 2786 illo
830 2734 951 2787 loco
984 2749 1045 2787 se
1073 2734 1142 2787 ab
1175 2748 1240 2787 eo
1281 2748 1427 2786 anno
1450 2771 1466 2795 ,
1507 2748 1616 2803 quo
1647 2732 1813 2788 Arius

237 2822 298 2877 in
359 2824 569 2893 synodo
631 2822 848 2878 Nicaana
911 2824 1203 2877 damnatus
1258 2832 1436 2886 esset,
1516 2824 1813 2877 Historiam

237 2930 535 2970 enarrasse
572 2915 854 2970 indicavit.
913 2913 1027 2969 Hoc
1075 2916 1222 2969 enim
1258 2922 1623 2985 praeterquam
1666 2916 1812 2984 quod

238 3008 532 3078 perspicue
561 3008 923 3068 enuntiasset,
962 3006 1051 3061 ille
1082 3006 1236 3061 locus
1266 3006 1388 3060 ideo
1434 3006 1499 3060 ad
1553 3007 1811 3059 trutinam

239 3099 385 3168 exigi
426 3114 536 3152 non
567 3106 767 3168 potest,
808 3098 951 3167 quod
986 3098 1226 3168 alioquin
1260 3098 1327 3150 ab
1349 3112 1400 3150 a.
1440 3096 1551 3152 fere
1578 3097 1681 3151 519
1713 3096 1812 3149 lli-

236 3192 468 3245 storiam
521 3206 673 3244 suam
715 3190 1004 3244 inchoasse
1048 3198 1215 3259 atque
1246 3189 1321 3243 ita
1359 3205 1545 3244 secum
1569 3190 1684 3259 ipse
1714 3204 1812 3258 pu-

237 3297 412 3351 gnare
440 3281 816 3336 Thcodoretus
846 3282 1157 3336 censendus
1200 3291 1366 3335 esset.
1422 3279 1589 3335 Recte
1628 3288 1812 3333 tamen

238 3373 336 3425 illo
366 3372 526 3425 modo
557 3372 703 3441 loqui
740 3370 931 3440 potuit,
964 3371 1091 3439 quia
1125 3371 1316 3439 paucis
1348 3370 1650 3439 praemissis
1684 3367 1812 3437 pri-

237 3477 391 3514 mum
438 3477 527 3515 res
570 3462 803 3514 Arianas
841 3461 1108 3513 narravit.
1159 3460 1346 3528 Itaque
1394 3458 1684 3529 posteriori
1721 3458 1813 3512 illo

239 3556 366 3606 loco
410 3563 597 3622 utpote
638 3552 927 3622 perspicuo
962 3552 1216 3621 illiusque
1250 3550 1501 3604 Historia:
1536 3550 1811 3619 prioribus

236 3648 404 3701 nixus
463 3646 770 3714 capitibus,
826 3644 1138 3698 accuratius
1186 3644 1333 3697 enim
1379 3658 1442 3698 ea
1492 3650 1807 3705 narrantur,

238 3752 363 3813 qua:
404 3754 524 3807 syu.
564 3735 836 3790 Nicaenam
866 3734 959 3804 (d.
992 3752 1058 3789 xx
1096 3751 1170 3788 ιη.
1213 3734 1337 3788 Mai.
1388 3744 1482 3788 aut
1511 3733 1638 3789 Jun.
1664 3734 1809 3788 3‘25}

240 3837 644 3901 praecesserunt
676 3845 905 3899 qumque
948 3827 1090 3882 haud
1121 3828 1283 3881 dubie
1316 3843 1564 3897 magnam
1595 3836 1806 3895 partem

240 3937 298 3976 a.
332 3921 436 3975 ’.524
461 3928 613 3991 gesta
655 3930 807 3985 sunt,
840 3919 1239 3973 Theodoretum
1268 3919 1339 3972 ab
1362 3934 1413 3970 a.
1451 3919 1554 3972 524
1593 3919 1808 3971 illorum

239 4028 511 4067 annorum
539 4012 808 4065 rationem
840 4009 966 4063 iniri
1006 4009 1245 4064 voluisse
1281 4009 1634 4078 probabiliter
1657 4008 1810 4061 dixe-

242 4107 340 4161 ris.
365 4104 485 4159 Jam
520 4104 565 4158 si
595 4120 768 4157 annos
805 4101 906 4156 105
939 4101 1099 4154 annis
1128 4101 1233 4154 524
1268 4099 1442 4160 addis,
1471 4114 1649 4153 annus
1677 4098 1803 4163 .528,

236 4198 349 4251 duo
376 4197 523 4251 enim
554 4196 680 4249 anni
711 4193 814 4248 105
842 4202 895 4248 et
914 4193 1018 4248 524
1046 4193 1357 4261 incompleti
1402 4207 1499 4261 pro
1532 4192 1806 4260 completo

238 4288 595 4350 numerandi,
644 4286 876 4342 ellicitur
920 4294 974 4340 et
1018 4286 1236 4354 quidem
1284 4284 1406 4353 ejus
1447 4285 1662 4342 exitus,
1697 4298 1807 4352 quo

240 4381 564 4436 Theodorus
601 4388 849 4433 mortuus
885 4387 966 4432 est
995 4377 1090 4446 (b).
1126 4375 1260 4430 lluic
1290 4384 1469 4429 autem
1508 4376 1808 4428 ratiocina-

1911 535 2116 589 militis.
2137 533 2338 587 Eodem
2355 534 2590 602 denique
2616 547 2715 587 nos
2738 531 2888 586 ducit
2908 532 3138 602 epistola
3153 531 3477 587 Theodoreti

1912 625 1981 678 ad
2014 624 2331 679 Dioscurum
2363 640 2413 676 a.
2445 624 2551 677 448
2577 628 2659 695 (v.
2694 623 2822 693 Pagi
2862 625 2896 676 Ι.
2924 624 2961 676 1.
2995 624 3061 677 ad
3094 639 3145 677 a.
3176 624 3321 693 4‘25)
3350 624 3478 678 data

1912 718 2030 787 (ed.
2078 717 2200 771 Hal.
2251 715 2341 778 ιν,
2392 733 2443 784 p.
2480 716 2618 769 1145
2662 731 2745 784 sq.
2770 716 2808 784 ),
2850 716 2903 769 in
2946 730 3053 784 qua
3094 715 3226 769 dicit
3265 732 3324 771 se
3362 716 3475 769 An-

1911 808 2126 861 tiochia:
2156 808 2260 861 sub
2283 823 2369 876 ep.
2401 805 2682 860 Theodoto
2712 822 2807 876 per
2841 822 2939 861 sex
2969 821 3143 861 annos
3169 819 3222 861 et
3247 823 3341 877 per
3370 817 3481 861 tre-

1910 901 2086 955 decim
2126 900 2229 955 sub
2260 916 2346 966 ep.
2381 898 2589 953 Joanne
2620 900 2893 966 docuisse,
2919 899 3032 967 jam
3066 901 3359 969 septimum
3393 916 3477 969 agt

1913 1007 2149 1055 annum,
2180 1006 2292 1061 quo
2325 992 2428 1045 sub
2455 1007 2542 1061 ep.
2580 989 2789 1045 Domno
2828 991 3038 1045 doceat.
3072 1023 3140 1031 —
3173 990 3478 1061 Epismpa-

1913 1092 2050 1147 tum,
2081 1085 2134 1137 in
2160 1098 2270 1153 quo
2303 1083 2525 1153 triginta
2550 1096 2645 1137 sex
2679 1097 2851 1137 annos
2879 1082 3143 1151 transegit
3174 1083 3267 1152 (cl‘.
3299 1080 3481 1139 Theo-

1911 1178 2087 1229 doret.
2122 1175 2195 1228 Η.
2232 1176 2361 1229 eccl.
2392 1191 2460 1235 ν,
2494 1173 2606 1244 59),
2644 1172 2967 1228 Theodorus
3014 1182 3109 1227 aut
3157 1183 3389 1228 exeunte
3426 1190 3477 1228 a.

1912 1270 2036 1331 392,
2069 1275 2163 1322 aut
2182 1258 2407 1322 ineunte
2437 1267 2543 1321 ’595
2581 1266 2810 1336 adeptus
2843 1273 2949 1320 est.
2984 1264 3118 1319 Eum
3147 1282 3199 1319 a.
3224 1266 3351 1322 582.
3387 1274 3481 1319 aut

1913 1360 2038 1424 585,
2070 1359 2446 1429 presbyterum
2475 1358 2873 1412 Antiochenum
2904 1356 3109 1410 factum
3139 1372 3281 1420 esse,
3312 1356 3480 1411 Tille-

1914 1453 2105 1508 montii
2141 1452 2273 1517 1.1.,
2312 1468 2366 1522 p.
2402 1450 2529 1513 456,
2567 1460 2653 1505 est
2692 1450 3034 1517 conjectura.
3066 1449 3209 1502 haud
3244 1450 3482 1503 absurde

1915 1544 2003 1597 illa
2036 1543 2253 1613 quidem
2287 1543 2467 1597 verbis
2493 1542 2721 1595 Joannis
2748 1557 2835 1612 ep.
2866 1542 2992 1595 Ant.
3026 1556 3114 1610 ap.
3146 1539 3387 1595 Facund.
3419 1555 3479 1600 ιι,

1914 1637 1948 1688 2
1974 1651 1986 1686 :
2014 1635 2256 1705 Quinque
2300 1645 2348 1688 et
2396 1634 2751 1704 quadraginta
2791 1635 2945 1686 annis
2986 1633 3129 1687 clare
3156 1634 3210 1685 in
3240 1632 3483 1685 doctrina

1915 1727 2179 1796 prwfulsit
2232 1757 2302 1767 ——
2357 1757 2428 1767 --
2477 1728 2858 1796 quinquaginta
2902 1742 3028 1794 pene
3083 1726 3235 1778 annis
3275 1725 3485 1793 fortiter

1917 1827 2295 1888 repugnantem
2362 1819 2566 1871 cunctis
2618 1819 2904 1872 hwresibus
2958 1846 3027 1857 —
3080 1817 3329 1879 lirmata,
3388 1818 3484 1871 ad-

1915 1909 2135 1963 modum
2174 1918 2357 1964 tamen
2411 1909 2599 1964 dubia.
2640 1907 2811 1964 Natus
2852 1917 2938 1962 est
3005 1923 3058 1961 a.
3104 1909 3242 1973 550,
3305 1908 3482 1979 siqui.

1915 1999 2037 2052 dem
2067 2000 2279 2070 priores
2307 2000 2429 2055 dua:
2478 1999 2857 2070 Chrysostomi
2892 1999 2960 2051 ad
3002 1999 3331 2053 Theodorum
3369 2000 3485 2068 epi-

1918 2091 2070 2146 stolae
2092 2099 2239 2146 recte
2274 2092 2340 2145 ad
2360 2105 2412 2146 a.
2432 2091 2535 2146 369
2558 2090 2891 2146 referuntur.
2912 2089 2998 2145 Cf.
3030 2089 3315 2160 Chrysost.
3341 2087 3479 2158 Opp.

1915 2183 1957 2249 l,
1980 2200 2033 2254 p.
2068 2184 2162 2247 59»,
2192 2214 2260 2223 —
2283 2182 2399 2246 νῦν,
2428 2184 2515 2234 ὅτε
2535 2181 2687 2235 οὔπω
2720 2182 2961 2235 εἰκοστὸν
2988 2181 3142 2249 ἄγεις
3175 2181 3312 2243 ἔτος.
3346 2179 3481 2234 Eum

1915 2287 2062 2330 certe
2097 2275 2191 2329 illo
2241 2273 2355 2329 fere
2390 2282 2636 2343 tempore
2681 2273 2737 2328 in
2761 2274 2935 2329 lucem
2971 2273 3177 2327 editqu
3212 2288 3355 2336 esse,
3391 2288 3482 2325 ra-

1915 2368 2110 2428 tiones,
2130 2366 2473 2436 quibuscum
2495 2365 2891 2435 Chrysostomo
2914 2365 3204 2419 tenebatur
3226 2364 3312 2434 (v.
3334 2363 3480 2429 inl‘.},

1918 2465 2240 2526 argumento
2290 2464 2439 2511 sunt.
2504 2454 2575 2508 Et
2634 2456 2850 2509 videtur
2902 2469 3035 2509 sane
3088 2455 3485 2525 Chrysostomo

1919 2549 2132 2603 duobus
2154 2549 2407 2602 tribusve
2448 2548 2608 2601 annis
2641 2546 2869 2602 inl'erior
2896 2545 3085 2601 fuisse.
3118 2546 3302 2615 Itaque
3335 2562 3483 2599 sene-

1914 2650 2051 2694 ctute
2082 2655 2219 2693 cana
2254 2638 2560 2693 debilitatus
2595 2637 2690 2705 (cf.
2723 2637 2957 2709 llesych.
2990 2640 3044 2691 in
3072 2640 3189 2691 Act.
3228 2655 3274 2692 c.
3299 2638 3480 2692 Const.

1914 2733 1979 2796 ll,
2009 2734 2073 2788 A.
2109 2731 2191 2798 V;
2223 2730 2390 2785 llard.
2429 2730 2592 2785 Cone.
2624 2730 2713 2793 Ill,
2746 2745 2803 2799 p.
2837 2731 2939 2785 104
2963 2740 3024 2804 "et
3052 2746 3102 2799 p.
3136 2730 3260 2794 ‘32,
3292 2731 3346 2784 in
3379 2730 3481 2785 Pe-

1916 2826 2018 2896 lag.
2075 2840 2200 2896 pap.
2267 2839 2353 2895 ep.
2409 2823 2499 2889 111,
2552 2825 2620 2877 ad
2672 2823 2849 2877 Etiam
2895 2835 2945 2878 et
2976 2823 3153 2878 Istrt'w
3180 2824 3287 2895 ep.)
3316 2841 3483 2880 senex

1916 2916 2254 2985 septuaginta
2282 2914 2395 2970 fere
2423 2922 2478 2969 et
2510 2925 2638 2969 octo
2660 2930 2929 2970 annorum
2952 2916 3305 2971 obdormivit.

1985 3004 2231 3060 Fratrem
2265 3007 2453 3061 habuit
2490 3006 2933 3078 Polycbronium,
2965 3007 3023 3062 S.
3054 3006 3271 3063 Zebinae
3286 3016 3483 3061 ascetze

1915 3094 2245 3163 discipulum
2285 3102 2340 3150 et
2373 3097 2628 3150 aemulum
2652 3135 2667 3161 ,
2716 3105 2840 3167 post
2868 3097 3231 3166 Apamensem
3266 3098 3481 3167 episco-

1917 3202 2042 3254 pum
2081 3186 2192 3259 (c);
2232 3186 2505 3241 Pzeanium
2530 3227 2546 3250 ,
2598 3189 2773 3242 virum
2814 3188 3050 3243 nobilem
3074 3230 3090 3254 ,
3141 3189 3233 3258 qui
3270 3189 3325 3244 in
3364 3205 3481 3243 ma-

1914 3278 2143 3347 gistratu
2171 3287 2308 3346 erat,
2344 3288 2635 3350 cognatum
2669 3278 2958 3351 (ἀνεψιόν)
2987 3278 3084 3349 ((1).
3118 3279 3254 3334 Cum
3308 3281 3476 3334 vitam

1913 3370 2294 3439 quaestuariam
2332 3372 2648 3428 scholastici
2682 3374 2797 3428 sive
2835 3370 3122 3438 causidici,
3155 3388 3319 3445 quam
3363 3383 3478 3429 tum

1916 3463 2026 3519 fere
2058 3464 2197 3518 inire
2225 3464 2471 3520 solebant
2493 3465 2585 3535 qui
2618 3464 2681 3518 ad
2716 3467 2926 3534 amplos
2958 3465 3195 3520 honores
3230 3467 3477 3536 publicos

1914 3554 2175 3608 accedere
2215 3553 2540 3622 cupiebant,
2572 3554 2826 3623 amplecti
2860 3555 3047 3619 vellet,
3077 3555 3325 3617 Libanio,
3364 3557 3478 3609 cla~

1914 3644 2134 3699 rissimo
2184 3644 2331 3699 illius
2371 3646 2633 3714 temporis
2681 3645 2959 3715 sephista,
2992 3653 3327 3715 praeceptore
3355 3647 3479 3700 rhe-

1914 3736 2101 3790 toricae
2127 3750 2233 3789 una
2264 3750 2389 3789 cum
2420 3735 2812 3806 Chrysostomo
2839 3744 2893 3792 et
2924 3736 3177 3799 Maximo,
3210 3745 3333 3806 post
3380 3737 3478 3791 Se-
3510 3718 3522 3727 ’

1914 3825 2099 3879 lcuche
2139 3826 2192 3878 in
2240 3823 2444 3879 lsauria
2474 3840 2585 3894 ep.,
2634 3841 2768 3880 usus
2797 3833 2881 3881 est
2919 3826 3009 3896 (e).
3036 3825 3258 3882 Juvenis
3287 3827 3476 3889 dives,

1915 3925 1971 3967 ut
2015 3926 2154 3977 erat,
2217 3916 2343 3969 vitae
2405 3915 2632 3969 delicias
2678 3924 2734 3971 et
2786 3917 3110 3986 elegantiam
3160 3918 3475 3986 neutiquam

1913 4008 2149 4076 sprevit,
2182 4021 2493 4076 quanquam
2536 4007 2711 4063 laudis
2739 4008 2971 4078 cupidus
3005 4008 3247 4076 profanis
3280 4009 3477 4062 litteris

1913 4100 2133 4153 assidue
2199 4098 2409 4153 studuit
2462 4098 2564 4169 (Γ).
2629 4099 2802 4154 Aliter
2852 4115 2979 4155 vero
3027 4099 3473 4171 Chrysostomus,

1912 4190 2185 4245 Theodori
2258 4191 2499 4253 amicus,
2556 4190 2649 4259 qui
2686 4191 2811 4244 licet
2858 4201 2912 4245 et
2960 4190 3076 4260 ipse
3127 4191 3294 4245 nobili
3356 4195 3476 4246 loco

1913 4291 2073 4337 natus
2127 4292 2275 4337 esset
2326 4290 2490 4351 atque
2538 4282 2783 4335 eamdem
2824 4282 2947 4336 vitae
3001 4284 3263 4338 rationem
3312 4298 3473 4353 quam

1911 4376 2229 4431 Theodorus
2260 4373 2469 4445 ingredi
2499 4374 2804 4440 statuisset,
2837 4391 2961 4429 mox
2983 4386 3160 4430 tamen
3193 4376 3294 4430 fori
3330 4384 3473 4432 stre-

236 4472 375 4526 tioni
408 4470 581 4539 major
617 4470 744 4523 ﬁdes
775 4484 839 4524 eo
882 4467 1161 4536 adjicitur,
1189 4466 1334 4536 quod
1360 4464 1675 4519 Theodotus
1707 4479 1802 4533 ep.
1837 4472 1886 4529 ι)
1912 4468 2054 4535 pitus
2105 4472 2387 4535 pertaesus,
2423 4464 2476 4517 in
2519 4462 2716 4520 Meletii
2737 4505 2751 4529 ,
2784 4482 2869 4535 ep.
2903 4466 3193 4531 Antioch.,
3226 4467 3476 4538 discipli-

234 4559 516 4620 Antiocb.,
542 4558 634 4626 qui
662 4559 820 4626 paulo
843 4564 965 4625 post
984 4554 1327 4609 Theodorum
1352 4555 1484 4608 obiit
1510 4553 1605 4624 (cf.
1625 4552 1802 4607 Theo—

237 4647 422 4703 doret.
454 4647 522 4702 ll.
548 4645 747 4710 ecci.v,
766 4646 937 4716 39),si
962 4661 1073 4701 non
1102 4647 1207 4701 sub
1229 4646 1375 4700 exitu
1409 4661 1461 4698 a.
1488 4645 1613 4710 428,
1643 4654 1793 4701 certe

238 4739 395 4791 initio
438 4753 488 4790 a.
533 4737 637 4790 429
681 4745 925 4789 mortuus
954 4747 1058 4792 est.
1099 4736 1301 4791 Marius
1342 4735 1609 4791 Mercator
1642 4754 1787 4791 anno

236 4829 341 4882 429
368 4845 493 4884 eum
524 4836 727 4883 sancta
754 4829 1026 4883 memoriae
1054 4830 1368 4898 epis‘COpum
1396 4830 1793 4898 appellavitzcl'.

1916 4572 2040 4610 nam
2068 4565 2177 4610 tres
2209 4570 2305 4623 per
2329 4571 2503 4611 annos
2532 4572 2590 4611 se
2618 4557 2862 4621 tradidit,
2888 4572 2996 4627 quo
3022 4573 3109 4612 res
3132 4559 3474 4613 Christianas

1917 4647 2226 4702 accuratius
2284 4656 2652 4715 pernosceret.
2709 4647 3027 4719 Baptizatus
3084 4651 3279 4706 deinde
3337 4668 3472 4706 ana-

1914 4746 2135 4809 gnostes
2176 4746 2315 4793 erat.
2364 4738 2468 4793 Sed
2502 4740 2643 4793 haud
2692 4743 2764 4794 ita
2799 4748 2969 4795 multo
3015 4752 3136 4811 post
3173 4745 3467 4808 desiderio,

1917 4844 2025 4897 quo
2056 4829 2369 4898 aliquandiu
2412 4829 2523 4898 jam
2559 4833 2864 4897 tenebatur,
2911 4833 3175 4888 satisfecit
3205 4851 3372 4905 seque
3403 4839 3473 4892 ad

305 5052 384 5119 (α)
443 5051 713 5106 Eusebius
763 5050 955 5122 igitur
983 5064 1043 5104 re
1096 5062 1223 5102 vera
1262 5057 1316 5102 et
1353 5048 1421 5103 de
1460 5049 1791 5106 Theodoreti
1886 5055 2010 5122 jure
2057 5056 2369 5110 tribuantur
2411 5056 2541 5111 mihi
2577 5058 2818 5112 nondum
2870 5062 3004 5115 satis
3035 5071 3273 5117 constat.
3312 5058 3465 5118 lla‘ml

234 5124 399 5176 etiam
432 5123 702 5176 sententia

235 5207 289 5245 a.
318 5192 422 5244 524
467 5190 750 5259 pertexuit.
782 5192 1002 5244 omissis
1036 5205 1166 5242 sane
1197 5189 1367 5242 initiis
1411 5190 1521 5245 litis
1555 5189 1790 5246 Arianw.

810 5120 1047 5201 istoriam
1086 5129 1489 5203 suam-tantum
1520 5138 1691 5203 usque
1723 5124 1792 5176 ad
1887 5120 2062 5203 pauca
2089 5134 2237 5180 certe
2275 5125 2623 5203 Polychronii
2654 5128 2877 5203 diaconi
2912 5142 3060 5195 sunt,
3099 5136 3190 5203 qui
3223 5138 3461 5203 nonnul-

1891 5197 1969 5270 [εις
1999 5204 2241 5270 ‘catenas
2286 5198 2713 5270 consarcinavit.
2763 5198 2946 5270 Nuper
2998 5197 3133 5270 Ang'.
3195 5202 3373 5265 Maius
3414 5204 3468 5258 iu

306 5261 382 5344 (δί’)
424 5260 680 5343 Ρξωιξηιιο
721 5261 921 5344 dicitur
953 5266 1074 5344 post
1119 5262 1644 5344 centumnetvvigiqti
1679 5278 1793 5344 suae
1890 5260 2658 5344 §_cﬁptor.vett.itoo;_eollect.
2694 5285 2723 5344 e
2761 5260 2879 5323 Vat.
2913 5270 3038 5324 cdd.
3070 5260 3156 5327 eil.
3192 5274 3211 5326 1
3240 5273 3258 5344 (
3279 5260 3465 5327 Romae

234 5328 605 5385 det‘unctionis
632 5344 804 5384 annos
825 5328 1115 5383 damnatus
1141 5343 1283 5381 esse.
1310 5328 1394 5381 Ul'.
1428 5328 1550 5383 libr.
1583 5331 1645 5384 ϐ.
1680 5330 1793 5385 Mo-

233 5404 375 5454 cian.
426 5400 591 5454 schol.
631 5399 908 5469 (Galland.
964 5398 1106 5452 Bibl.
1161 5396 1333 5455 Patr”
1391 5398 1481 5462 ΧΙ,
1535 5417 1586 5469 p.
1628 5402 1788 5456 8l5l.

236 5471 342 5523 Sed
387 5469 673 5524 Facundos
713 5484 972 5528 numero.
1025 5483 1186 5536 quem
1225 5470 1515 5523 rotumlum
1561 5472 1787 5533 dicunt,

237 5556 370 5611 usus
393 5548 496 5611 est.
531 5540 615 5594 cui
646 5540 806 5611 inniti
835 5555 943 5594 non
980 5539 1122 5592 licet.
1153 5536 1236 5592 Cf.
1270 5539 1305 5590 l.
1335 5553 1410 5603 c.,
1442 5557 1492 5611 p.
1530 5541 1655 5606 8l6,
1688 5540 1786 5594 Eu.

237 5610 327 5677 βό.
359 5609 523 5675 cat/tn
556 5625 603 5677 p.
633 5609 756 5663 817.

305 5685 379 5747 (cl
416 5680 501 5734 Cl'.
531 5680 855 5735 Thcodoret.
895 5680 964 5736 Π.
1001 5685 1094 5739 rel.
1131 5700 1181 5739 c.
1212 5685 1302 5745 24,
1341 5681 1407 5735 11.
1448 5681 1573 5734 eccl.
1604 5697 1658 5742 v,
1690 5681 1778 5736 59.

238 5747 506 5822 Permulta
560 5750 615 5803 in
659 5753 869 5805 catenis
906 5750 991 5805 ed.
1045 5762 1099 5809 et
1144 5754 1287 5809 mea.
1325 5756 1377 5806 in
1426 5749 1485 5804 ν,
1520 5750 1582 5805 Τ,
1622 5752 1782 5822 ροιγ-

237 5821 440 5876 cbronii
470 5823 691 5875 nomine
724 5828 908 5877 notata
951 5822 1221 5895 leguntur,
1265 5824 1359 5880 sed
1394 5838 1461 5877 an
1493 5821 1780 5890 Apazncusi

1892 5335 2051 5405 l825.
2087 5336 2160 5398 6),
2189 5336 2245 5394 ‘2,
2284 5351 2337 5404 p.
2370 5334 2471 5388 103
2494 5353 2579 5405 sq.
2608 5339 2775 5390 multa
2807 5334 3328 5396 commentariorum
3360 5344 3463 5397 Po~

1895 5403 2157 5473 lychronii
2210 5406 2265 5458 in
2290 5403 2571 5461 'Danielen—t
2613 5408 2800 5462 edidit.
2835 5411 3104 5465 Cancrum
3140 5430 3189 5466 v.
3238 5412 3456 5469 Fabric.

1894 5474 1930 5525 l.
1969 5474 2027 5525 l..
2066 5489 2115 5525 o.
2145 5473 2268 5525 56:2.
2300 5476 2423 5525 563.

2065 5489 2115 5542 p.
2145 5473 2268 5532 562.
2300 5476 2423 5529 ωδ.

1963 5544 2039 5620 ((1)
2191 5545 2483 5620 Qhrysost.
2509 5563 2594 5617 ep.
2626 5549 2751 5609 ΞΜ.
2787 5548 2875 5620 lll,
2902 5566 2955 5620 p.
2987 5552 3112 5605 7H.

1962 5617 2032 5687 (ε)
2073 5613 2153 5666 Cl‘.
2177 5613 2409 5687 iSocrat.
2440 5617 2507 5670 ΙΙ.
2540 5613 2586 5672 e.
2617 5635 2693 5681 vn,
2726 5622 2788 5686 ὃς
2823 5613 3040 5675 Soiom.
3075 5621 3143 5674 Η.
3175 5639 3219 5677 e.
3257 5640 3375 5687 vm,
3398 5626 3453 5680 εὶ.

1890 5683 2319 5753 Andragathium
2363 5686 2741 5755 philosophum
2777 5683 3051 5746 docuisse
3103 5683 3453 5750 Theodorqu

1889 5763 2165 5829 tetncrcj.
2197 5755 2251 5829 (ξε
2285 5757 2353 5809 cl.
2381 5757 2479 5809 ΙνΙ.
2508 5760 2931 5829 perhibuerunt;
2962 5761 3118 5818 Phot.
3144 5780 3192 5819 c.
3226 5765 3313 5820 96.

1960 5823 2038 5892 (fi
2078 5817 2160 5879 Cf.
2194 5817 2556 5909 Chrysost.1,
2602 5844 2655 5900 p.
2687 5830 2775 5886 '56.
