3804 6222
223 331 293 386 Π
1015 326 1106 381 DE
1145 326 1497 395 THEODORI
1537 327 2021 385 MOPSUESTENI
2064 330 2220 385 VITA
2266 331 2350 387 ET
2387 331 2719 389 SCRIPTIS.
3417 333 3482 386 l8

221 454 388 513 teque
437 441 804 498 miserrimum
848 440 1104 513 arbitrari
1129 481 1146 506 ,
1197 442 1290 496 sed
1329 444 1508 512 majus
1545 443 1676 513 quid
1719 461 1804 498 re-
1835 454 1881 508 Α
1909 445 1992 515 gis
2021 447 2300 517 magisque
2330 448 2396 502 ad
2420 447 2743 504 Diodoreatn
2783 447 3178 518 interpretandi
3211 446 3483 502 rationem

224 538 422 606 quiro,
452 543 510 589 ut
532 535 633 589 tibi
658 533 1012 605 persuadeas,
1049 541 1103 588 te
1133 548 1261 589 vera
1296 536 1619 604 poenitentia
1645 536 1810 605 justi-

223 627 378 682 ficari
410 641 598 697 posse.
636 624 926 680 Theodoro
956 625 1122 696 igitur
1159 625 1390 693 proinde
1416 626 1576 696 quasi
1613 641 1811 696 pecca-

224 728 410 788 torum
447 733 676 774 suorum
707 717 1033 786 gravitatem
1061 718 1508 788 persentisceret,
1537 719 1806 788 probavit,

226 827 338 866 non
371 826 518 874 esse,
553 811 698 881 quod
733 811 978 864 animum
1028 809 1397 880 desponderet
1428 811 1589 880 eique
1622 811 1810 880 gravi-

227 905 329 956 bus
371 901 714 974 argumentis
745 903 870 957 vita:
901 901 1342 957 emendationem
1383 901 1803 957 commendavit.

224 995 452 1051 Brevior
480 1002 564 1050 est
593 994 762 1049 altera
798 994 1054 1064 epistola,
1089 1008 1198 1064 qua
1233 994 1338 1047 hoc
1371 995 1640 1064 imprimis
1675 995 1809 1064 egit,

227 1098 286 1139 ut
314 1087 498 1141 omnia
529 1086 799 1150 dilueret,
845 1087 1048 1156 quibus
1079 1085 1407 1141 Theodorus
1451 1087 1639 1139 initam
1692 1087 1812 1140 vitae

225 1192 340 1230 sua:
360 1177 628 1230 rationem
661 1184 954 1230 excusaret
987 1181 1080 1228 aut
1108 1175 1452 1230 defenderet.
1480 1176 1812 1246 Chrysosto—

226 1282 376 1320 mum
416 1282 543 1337 spes
587 1284 696 1321 non
742 1265 970 1333 fefellit;
1031 1265 1358 1323 Theodorus
1410 1269 1554 1322 enim
1611 1269 1809 1323 iterum

226 1359 407 1412 victus
436 1359 614 1411 amico
641 1359 812 1413 cessit
841 1365 894 1412 et
923 1358 978 1413 in
1005 1359 1401 1414 monasterium
1430 1357 1614 1412 rediit.

296 1448 414 1503 Jam
443 1450 512 1504 ad
543 1466 606 1505 ea
639 1457 883 1520 tempora
913 1451 1264 1512 accedimus,
1300 1451 1503 1521 quibus
1545 1465 1650 1504 una
1683 1466 1808 1504 cum

224 1542 617 1612 Chrysostomo
647 1557 706 1596 se
734 1550 882 1597 totus
911 1541 1148 1597 Diodoro
1176 1543 1316 1598 duce
1343 1543 1520 1597 sacris
1554 1541 1807 1606 Litteris,

223 1632 822 1703 angelicis—imprimis
844 1673 858 1697 ,
889 1632 1055 1687 dabat
1093 1633 1194 1705 (α).
1225 1632 1307 1686 Ad
1343 1631 1564 1686 Diodori
1601 1630 1676 1701 (ὁ)
1707 1649 1808 1685 au-

227 1737 334 1780 tem
367 1727 678 1796 exemplum
715 1742 773 1782 se
805 1727 879 1780 ita
908 1726 1293 1792 conformavit,
1328 1737 1388 1779 ut
1439 1725 1702 1780 Leontius
1737 1725 1808 1796 (c)

227 1819 378 1873 illum
407 1821 552 1875 haud
591 1823 773 1889 inepte
815 1822 1085 1875 malorum
1129 1818 1402 1884 Theodori
1425 1827 1480 1872 et
1511 1819 1806 1889 impietatis

223 1921 529 1976 auctorem,
561 1913 755 1967 ducem
788 1922 842 1968 et
872 1921 1080 1984 patrem
1108 1911 1333 1967 dixerit.
1366 1911 1718 1982 Quanquam,
1747 1917 1808 1964 ut

225 2019 326 2074 par
349 2016 499 2072 erat,
534 2007 888 2077 praeceptoris
932 2007 1162 2078 vestigia
1205 2022 1317 2062 non
1352 2008 1428 2061 ita
1477 2007 1716 2076 pressit,
1748 2015 1810 2060 ut

204 2097 361 2151 .nihil
387 2100 662 2168 peculiare
706 2099 809 2154 sibi
851 2100 1181 2164 vindicaret,
1218 2100 1330 2154 imo
1364 2115 1486 2170 quae
1513 2109 1808 2170 acceperat

228 2205 330 2244 suo
371 2190 592 2257 ingenio
617 2191 847 2245 ulterius
886 2199 1212 2259 persecutus
1254 2200 1340 2245 est
1368 2200 1532 2260 atque
1575 2189 1806 2245 ulterius

226 2281 394 2336 etiam
429 2297 750 2351 progressus
783 2289 956 2346 esset,
986 2281 1090 2336 nisi
1145 2283 1265 2349 ejus
1295 2283 1525 2337 audacia
1562 2284 1805 2338 coercita

231 2371 450 2426 fuisset.
497 2371 708 2427 Etenim
733 2388 856 2427 cum
904 2373 1202 2428 etiamnum
1232 2374 1452 2445 juvenis
1478 2376 1547 2430 ab
1588 2377 1656 2432 iis
1685 2378 1807 2445 qui-

225 2465 350 2517 dem
379 2463 659 2533 profectus
679 2506 693 2529 ,
725 2481 847 2534 quae
876 2464 1147 2520 Diodorus
1177 2476 1530 2536 praeceperat,
1573 2466 1810 2521 Diodoro

225 2557 402 2607 multo
438 2564 619 2610 tamen
656 2557 920 2611 audacior
953 2555 1203 2613 Psalmos
1241 2558 1634 2628 interpretatus
1663 2566 1810 2613 esset

224 2663 532 2718 eorumque
583 2649 950 2718 paucissimos
985 2652 1204 2720 proprie
1234 2651 1302 2704 ad
1335 2649 1616 2706 Christum
1659 2662 1810 2705 retu-

213 2740 402 2800 lisset,
430 2739 632 2794 multos
657 2739 770 2810 jam
808 2749 919 2794 tum
948 2739 1173 2795 offendit
1203 2739 1302 2812 (ά),
1340 2741 1415 2794 ita
1448 2751 1505 2795 ut
1536 2749 1662 2811 post
1691 2756 1811 2795 ma-

300 2907 380 2975 (ιι)
420 2907 504 2962 Cf.
564 2907 894 2963 Theodorei.
960 2908 1028 2960 11.
1087 2926 1135 2962 e.
1192 2925 1258 2972 ν,

227 2977 360 3032 Fac.
395 2995 512 3050 vin,
547 2979 615 3050 5;
642 2979 800 3033 Joan.
828 2996 916 3050 ap.
951 2978 1079 3032 Fac.
1111 2996 1172 3036 it.
1195 2980 1249 3032 2.

301 3050 376 3118 (ὁ)
421 3049 496 3103 De
542 3049 778 3119 Diodoro
827 3047 878 3104 vI
925 3066 1044 3119 qua:
1090 3051 1370 3119 congessit
1417 3047 1634 3102 Fabric.
1670 3049 1710 3102 I.
1745 3049 1806 3114 l.,

223 3119 371 3182 Vlll,
409 3136 463 3188 p.
495 3118 600 3174 562
629 3136 712 3190 sq.

326 3193 374 3260 c)
413 3190 475 3244 V.
514 3192 548 3244 |.
590 3208 666 3254 e.,
699 3208 751 3260 p.
786 3191 913 3244 686.

304 3257 380 3332 (ά)
425 3257 769 3332 ΗεεγιτΙιὶοξΙ.
799 3277 874 3323 e.,
903 3260 1101 3329 p.104,
1132 3257 1344 3332 si_fides
1369 3268 1452 3312 est
1473 3266 1693 3332 propter
1721 3260 1805 3312 in-

226 3329 675 3402 terpretatiuneiii
709 3331 1083 3393 Psalmorum,
1114 3329 1357 3402 culpatus
1390 3339 1439 3381 et
1475 3330 1804 3402 periclitatus

222 3401 504 3458 contraria
533 3403 632 3456 sibi
661 3401 818 3464 dixit,
853 3418 956 3454 non
979 3416 1043 3454 ea:
1065 3401 1349 3462 uoluntate,
1377 3402 1469 3452 sed
1498 3401 1805 3467 cotnpulsus

223 3475 469 3528 amnium
509 3473 850 3541 querimoniis
889 3480 937 3524 et
985 3470 1212 3541 codicem
1246 3471 1417 3535 ipsum
1450 3469 1621 3523 delere
1647 3470 1807 3538 polli-

222 3548 368 3598 citus
413 3539 634 3596 latenter
668 3542 1010 3595 cvnservabat
1055 3539 1300 3595 Iudaica:
1335 3541 1619 3607 impietatis
1650 3541 1807 3593 viati-

224 3631 370 3669 cum.
403 3613 522 3682 Igni
555 3614 693 3666 enim
726 3630 824 3665 sua
854 3613 1233 3666 commentaria
1267 3611 1525 3682 simulans
1563 3611 1804 3682 tradere,

232 3677 502 3737 malitiose
531 3683 850 3736 abscondere
883 3681 1183 3736 illecebram
1213 3680 1525 3733 conabatur.
1558 3677 1665 3733 Sed
1697 3694 1805 3733 tam

1318 2909 1418 2975 59;
1465 2907 1660 2962 Domn.
1714 2923 1804 2979 ap.

230 3757 464 3809 multum
495 3755 807 3807 acerbitatis
835 3754 1058 3808 virusiu
1089 3750 1435 3804 Theodorum
1455 3752 1718 3812 evomuit,
1749 3760 1809 3802 ut

228 3841 300 3879 eo
340 3827 460 3879 solo
487 3834 712 3878 auctore
744 3826 831 3876 illa
873 3824 946 3876 ita
983 3824 1142 3892 plane
1167 3831 1227 3875 ut
1252 3822 1497 3892 narravit
1520 3817 1808 3873 Theodoro

230 3896 504 3949 accidisse
530 3897 617 3948 vix
646 3893 862 3948 credas.
897 3890 1219 3962 Quanquam
1249 3890 1596 3946 Theodorum
1626 3898 1740 3943 tum
1777 3906 1809 3943 a

228 3967 420 4020 multis
449 3967 589 4018 male
620 3966 861 4020 audiisse
899 3974 1110 4018 certum
1146 3970 1252 4014 est.

307 4041 376 4102 (ei
414 4037 496 4088 Ct'.
541 4035 787 4089 Gennad.
839 4035 912 4099 [te
957 4034 1089 4086 viris
1141 4031 1347 4102 ill.,_c.
1400 4030 1485 4102 t2.
1524 4027 1806 4102 Melet._in

234 4098 426 4174 Steph.
464 4106 664 4158 Balnzii
697 4104 849 4174 Nova
873 4098 998 4157 Coll.
1036 4102 1224 4174 concil.
1253 4100 1535 4174 (Paris.__‘i
1550 4100 1672 4174 707.
1702 4098 1804 4167 F.)

231 4193 269 4244 ιι
335 4167 461 4231 875.
513 4176 670 4241 Quod
721 4173 963 4229 Joannes
1004 4191 1090 4244 ep.
1131 4167 1404 4244 Antioch.
1458 4167 1806 4244 Theodorum

234 4241 502 4308 Flaviani,
559 4263 644 4314 ep.
678 4246 958 4306 Antioch.,
1004 4243 1331 4314 discipulum
1373 4241 1808 4314 amantissimum

232 4318 395 4378 dixit,
425 4315 499 4370 ef.
543 4310 671 4368 Fac.
717 4316 772 4374 2,
809 4316 865 4376 2,
913 4315 966 4369 id
999 4329 1063 4366 eo
1105 4310 1307 4365 laetum
1353 4312 1630 4374 existimo,
1663 4310 1809 4380 quod

234 4387 498 4442 Flaviano
525 4388 785 4454 episcopo
814 4384 1127 4454 Antiochia:
1143 4383 1429 4454 presbyter
1452 4387 1588 4454 erat.

307 4459 384 4526 (Ῑ)
427 4457 488 4510 γ.
547 4447 614 4510 de
670 4447 745 4526 eti
773 4454 968 4509 Fratre.
1009 4447 1204 4526 Ἒνιιιὶἓι
1256 4447 1670 4526 Ketzcr/tistprie
1720 4447 1808 4526 IV,

234 4519 440 4600 p.110
480 4543 564 4596 sq.
605 4557 679 4600 _—-
705 4524 975 4579 Theodor.
1009 4540 1094 4592 ap.
1141 4521 1272 4600 Fac.
1313 4538 1387 4582 Ix,
1420 4521 1453 4574 5
1482 4538 1496 4572 :
1533 4519 1700 4600 Cujus
1735 4519 1809 4600 rei

1910 539 2214 595 accederet.
2257 540 2604 612 Conceptanr
2640 540 2910 594 maculam
2941 541 2998 595 in
3029 540 3121 594 illa
3153 548 3484 612 tempestate

1910 628 2060 684 brevi
2088 628 2221 684 eluit
2259 637 2313 684 et
2338 630 2547 700 aliquot
2588 615 2750 686 armis
2793 638 2919 706 post
2963 630 3249 701 presbyter
3292 630 3484 684 Antio-

1909 721 2118 778 chenus
2155 722 2490 779 constitutus
2523 732 2609 778 est
2636 722 2730 794 (ε).

1982 813 2118 868 Tum
2164 830 2295 869 vero
2329 814 2636 870 miserrima
2673 824 2791 870 erat
2825 813 3082 870 Ecclesiae
3127 813 3318 870 facies.
3361 813 3482 868 Hae~

1910 907 2226 968 reticorum,
2251 907 2581 961 Arianorum
2607 908 2663 961 in
2693 907 2906 978 primis,
2939 906 3213 962 factiones
3248 907 3481 976 repulsae

1909 998 2126 1068 quidem
2149 1009 2326 1060 erant,
2357 1013 2455 1054 nec
2475 1007 2654 1054 tamen
2674 1001 2976 1062 exstinctae,
3005 1005 3169 1069 atque
3191 998 3478 1054 etiamtum

1909 1089 2342 1144 orthodoxorum
2394 1089 2875 1144 etrhaireticorum
2921 1088 3149 1144 dissidia
3191 1097 3246 1143 et
3292 1100 3487 1156 pugnae

1910 1174 2194 1243 vigebant,
2227 1175 2428 1245 quibus
2455 1185 2567 1230 tum
2601 1177 2786 1231 multa:
2819 1175 3076 1232 Ecclesiae.
3117 1176 3484 1234 vexabantur,

1912 1275 2025 1334 tum
2079 1267 2444 1322 Antiochena.
2504 1269 2806 1324 Antiochiae
2857 1269 3003 1324 enim
3055 1285 3218 1340 quam
3282 1267 3483 1323 multas

1912 1358 2102 1412 turbas
2143 1358 2383 1412 schisma
2439 1357 2786 1414 Meletianum
2834 1360 2911 1430 (Γ)
2975 1362 3297 1416 excitaverit
3358 1363 3484 1432 quis

1913 1449 2129 1503 nescit?
2180 1450 2510 1505 Antiocheni
2549 1459 2730 1506 autem
2769 1451 2915 1506 leves
2958 1458 3117 1506 erant
3150 1459 3313 1521 atque
3339 1450 3485 1506 sedi-

1916 1544 2045 1598 tiosi
2079 1541 2179 1613 (g).
2215 1542 2321 1597 Sed
2354 1541 2678 1598 Theodorus
2705 1557 2933 1597 munere
2961 1558 3065 1598 suo
3093 1541 3364 1598 adductus
3387 1542 3485 1596 do-

1910 1635 2084 1690 cendo
2130 1643 2186 1690 et
2234 1635 2620 1690 concionando
2660 1635 2735 1704 (Ii)
2769 1635 3031 1690 Ecclesiae
3079 1636 3241 1690 saluti
3281 1634 3487 1704 optimc

1911 1727 2213 1782 consuluit.
2249 1726 2519 1782 Praeterea
2556 1727 2714 1782 libris
2749 1727 3106 1797 gravissimus
3146 1726 3486 1780 orthodoxia:

1839 1798 1882 1856 Β
1911 1817 2106 1872 vindex
2147 1819 2354 1873 exstitit
2378 1817 2461 1887 (ἱ).
2494 1818 2716 1872 Actum
2752 1818 2972 1887 quidem
3013 1818 3185 1872 libros
3217 1817 3288 1870 De
3310 1818 3486 1870 incar-

1906 1909 2120 1962 natione
2145 1918 2198 1961 ct
2223 1908 2487 1963 Adversus
2529 1908 2844 1964 Eunomium
2873 1910 3128 1979 scripsit,
3172 1924 3484 1978 quanquam

1908 2016 2033 2055 eum
2082 2001 2222 2056 alios
2270 2002 2435 2056 etiam
2470 2001 2673 2064 libros,
2721 2002 3146 2056 commentarios
3180 2001 3484 2072 pnesertim

1907 2093 1962 2145 in
1994 2091 2114 2146 Scr.
2145 2104 2306 2156 sacr.,
2343 2100 2454 2145 tum
2483 2090 2789 2146 confecisse
2819 2089 3290 2145 verisimillimum.

1981 2183 2268 2235 Antiochia
2293 2183 2522 2235 'l'arsum
2545 2183 2814 2250 migravit,
2843 2181 2958 2246 sed,
2981 2189 3039 2234 ut
3084 2181 3300 2250 opinor,
3325 2178 3486 2249 paulo

1907 2283 2030 2344 post
2083 2272 2340 2339 Diodori,
2375 2272 2664 2328 Tarsensis
2709 2281 2822 2325 tum
2857 2288 2968 2342 ep.,
3012 2272 3356 2341 potissimum
3387 2286 3487 2323 au-

1906 2368 2160 2421 ctoritate
2181 2368 2472 2436 episc0pus
2500 2374 2720 2420 creatus
2754 2375 2836 2420 est
2869 2365 2962 2436 (j).
3000 2364 3281 2419 Successit
3308 2364 3488 2434 Olym-

1906 2461 1996 2530 pio
2013 2502 2035 2529 ,
2074 2460 2420 2529 Mopsuestia:
2473 2459 2542 2528 (lt)
2593 2460 2874 2528 episeopo.
2923 2457 3252 2527 Episcopatu
3302 2465 3486 2509 autem

1908 2569 2032 2608 cmn
2075 2553 2282 2621 optime
2322 2551 2644 2620 fungeretur
2675 2558 2729 2605 et
2769 2549 2992 2618 scriptis
3029 2563 3216 2603 sacras
3248 2548 3487 2600 Litteras

1898 2653 2358 2716 persequeretur,
2389 2645 2562 2714 magis
2599 2644 2884 2712 magisque
2931 2642 3206 2695 inclaruit.
3241 2639 3488 2692 Concilio

1915 2738 2568 2808 Constantinopolitano,
2608 2735 2755 2800 quod
2807 2752 2860 2788 ει.
2899 2733 3036 2798 594,
3075 2742 3300 2804 propter
3335 2733 3485 2784 litem

1908 2907 2076 2961 multa
2110 2906 2393 2959 mentiatur
2431 2912 2481 2958 et
2529 2902 2878 2971 Theodorum.
2901 2899 3237 2971 Mopsuestia:
3265 2904 3486 2956 nimium

1908 2979 2297 3043 laudet,errore
2327 2977 2547 3028 Sozom.
2576 2989 2673 3041 pro
2700 2970 3024 3027 Theodorei.
3057 2974 3346 3043 scripsisse
3381 2976 3485 3027 du-

1906 3049 2036 3102 dum
2070 3063 2120 3100 ν.
2156 3046 2212 3099 d.
2255 3047 2638 3099 observarunt.
2668 3043 2686 3112 )

1983 3117 2059 3187 (j)
2098 3116 2334 3186 llesych.
2386 3116 2420 3168 Ι.
2457 3129 2548 3168 c.':
2599 3113 2879 3187 Antiochia
2915 3113 3099 3187 relicta
3143 3114 3197 3165 in
3247 3112 3482 3187 Tarsum

1833 3206 1875 3262 ο
1911 3183 2329 3262 transmigrauit.
2361 3200 2430 3262 ea:
2463 3199 2567 3254 qua
2596 3185 2652 3236 in
2682 3183 3064 3262 blopsuestiam
3089 3185 3302 3262 transiit
3339 3187 3484 3262 ordi-

1909 3267 2066 3310 natus
2105 3258 2158 3309 in
2197 3273 2259 3309 ea
2287 3257 2582 3323 episcopus.
2612 3283 2681 3292 ——
2711 3255 2900 3307 Leont.
2948 3255 2984 3306 l.
3024 3269 3070 3306 c.
3106 3273 3117 3306 :
3154 3255 3315 3305 Aiunt
3349 3255 3486 3307 [tunc

1910 3326 2109 3397 (ΤΙι.).
2143 3342 2261 3397 cunt
2299 3325 2448 3397 vellet
2498 3340 2679 3397 rapere
2722 3326 2933 3397 oculum
2978 3323 3182 3397 Ciliciic
3225 3323 3482 3397 ‘Tarsnin,

1908 3392 2190 3466 postquam
2221 3395 2488 3449 Diodorus
2516 3424 2580 3466 -τ
2619 3394 2684 3466 ab
2718 3396 2947 3466 Itacivita
2975 3396 3185 3466 recessit
3217 3392 3292 3464 (a.
3328 3395 3481 3466 594),

1909 3485 1940 3519 a
1972 3464 2253 3536 Theophila
2279 3467 2430 3519 Alex.
2458 3464 2780 3533 prohibitum
2807 3465 2991 3532 fuisse,
3019 3481 3080 3517 ne
3104 3465 3200 3536 lwc
3231 3465 3482 3526 auderet;

1911 3537 1980 3588 ad
2011 3535 2128 3590 sunt
2160 3538 2299 3589 enim
2344 3536 2654 3605 legationem
2703 3538 2990 3596 miserunt,
3024 3535 3113 3602 qui
3154 3536 3485 3602 tyrannidem

1908 3608 2268 3674 patiebantur.
2311 3605 2534 3659 Famam
2577 3606 2761 3658 retulit
2793 3605 3054 3657 Leontius
3090 3620 3320 3674 eamque
3364 3620 3484 3658 mea

1909 3672 2128 3746 quidem
2173 3675 2442 3746 sententia
2472 3690 2581 3728 non
2616 3690 2860 3746 prorsus.
2884 3688 3100 3726 vanam.
3151 3672 3293 3746 Quid
3330 3690 3478 3736 vero,

1911 3741 1955 3800 si
2003 3763 2067 3799 eo
2115 3747 2298 3799 animo
2352 3741 2586 3798 Tarsum
2618 3741 2900 3812 profectus
2950 3759 3074 3797 esse
3112 3744 3266 3797 visus
3305 3753 3390 3797 est
3428 3753 3483 3798 et

1909 3831 2041 3871 vero
2084 3817 2247 3869 etiam
2289 3816 2570 3885 profectus
2599 3823 2682 3867 est
2707 3854 2720 3875 ,
2760 3822 2818 3866 ut
2855 3813 3179 3885 Diodorum,
3222 3813 3482 3885 dilectum

1911 3883 2302 3956 prieceptorem
2324 3927 2339 3948 ,
2384 3886 2474 3954 qui
2514 3903 2541 3956 a
2578 3893 2765 3956 inerte.
2799 3884 2941 3956 haud
2981 3887 3171 3954 procul
3213 3883 3432 3956 abesset
3463 3925 3479 3949 ,

1910 3953 2199 4024 episcopus
2226 3953 2537 4023 exciperet?
2571 3953 2674 4008 Sed
2709 3954 2942 4007 Diodoro
2974 3953 3188 4006 mortuo
3218 3968 3341 4006 cum
3366 3954 3480 4022 jam

1911 4027 2028 4094 ipse
2065 4026 2357 4094 episcopus
2389 4033 2576 4088 esset,
2624 4025 2690 4078 de
2722 4025 3038 4094 episcopatu
3076 4024 3336 4078 'larseusi
3378 4024 3481 4078 sibi

1911 4096 2248 4164 acquirendo
2282 4098 2368 4148 vix
2405 4095 2744 4162 cogitaverit.

1985 4163 2057 4229 (7k)
2097 4165 2426 4230 Mopsuestia
2453 4165 2659 4234 (Μόψου
2692 4164 2845 4234 ἑστία
2870 4163 2942 4218 cf.
2982 4165 3164 4219 Strab.
3201 4165 3285 4229 H,
3317 4180 3368 4220 c.
3405 4165 3480 4232 5;

1911 4233 2026 4289 Cic.
2054 4234 2240 4302 Ep.ad
2257 4236 2362 4289 div.
2393 4233 2543 4304 5,81
2574 4236 2625 4288 h.
2653 4250 2700 4288 e.
2732 4233 2903 4304 Mopsi
2931 4236 3288 4304 domicilium,
3316 4237 3478 4288 etiam

1912 4305 2130 4377 Mopsos
2170 4304 2487 4377 tl_ictttiii:c_f.
2519 4302 2656 4377 Plin.
2694 4303 2742 4355 11
2754 4302 2852 4377 ._n_.
2896 4305 2949 4369 5,
2973 4306 3062 4368 2'2,
3097 4303 3234 4377 ['27.]
3270 4304 3480 4377 Mopsus

1915 4375 2156 4434 liberum,
2184 4373 2416 4443 Pyramo
2434 4375 2758 4446 impositum.
2777 4373 2980 4429 Nomen
3004 4373 3251 4443 acccpita
3271 4374 3479 4446 Mopso,

1913 4446 2217 4507 conditore,
2246 4459 2406 4512 quem
2439 4445 2764 4512 Argivorum
2809 4461 2986 4512 regem
3028 4455 3076 4499 et
3110 4445 3480 4498 clarissimum

1915 4529 2173 4584 augurem
2212 4513 2379 4567 fuisse
2408 4514 2664 4567 traditum
2698 4522 2803 4577 est,
2835 4516 2908 4567 cf.
2937 4515 3050 4584 Cic.
3083 4515 3160 4568 De
3181 4516 3402 4568 divinat.
3438 4531 3478 4578 ι,

235 4579 430 4670 gratia-
455 4579 670 4670 etftales
709 4606 758 4648 et.
794 4605 970 4648 tantas
1018 4579 1400 4670 persecutiones
1451 4579 1807 4670 sustinentur?

1915 4579 2015 4670 ﬁt):
2036 4583 2114 4636 De
2142 4593 2252 4636 nat.
2300 4584 2536 4670 deorum
2570 4584 2640 4646 '5;
2686 4584 2916 4670 Tertull.
2952 4583 3027 4636 De
3073 4587 3252 4670 anima
3289 4601 3338 4638 c.
3379 4586 3470 4639 46.

237 4659 329 4722 aut
368 4670 486 4737 qui:
523 4669 734 4737 ignorat
768 4681 970 4732 semper
1011 4659 1288 4737 adversum
1327 4678 1420 4714 nos
1450 4661 1514 4712 ab
1549 4659 1812 4737 ltwreticis

235 4731 431 4794 bellum
484 4731 610 4806 agi?
651 4752 801 4790 omne
854 4731 1124 4806 metallum
1189 4744 1238 4787 et
1289 4747 1494 4785 onmem
1541 4731 1609 4797 (Ι.
1646 4745 1815 4806 omne

236 4828 288 4864 v.
322 4827 406 4876 sq.
436 4815 452 4878 )
494 4799 664 4861 locum
709 4806 967 4878 desertum
1007 4805 1258 4878 replerunt
1287 4813 1364 4856 est
1391 4815 1457 4854 ea:
1487 4800 1684 4853 nostris
1720 4799 1814 4852 lto-

234 4876 468 4952 minibus
499 4893 706 4952 propter
735 4877 1031 4952 doctrinam
1053 4876 1285 4952 pietatis.
1360 4943 1371 4952 _
1457 4941 1469 4952 _
1544 4941 1556 4952 _
1584 4940 1596 4952 ο

301 4959 383 5020 (g)
423 4941 604 5003 Annis
626 4947 748 5020 fere
771 4947 896 5009 387,
922 4941 1316 5020 588,'_iiiaxitn_a
1346 4941 1648 5020 Antiochia:
1679 4953 1812 5020 con:

232 5012 404 5076 citata
453 5027 538 5073 est
592 5018 823 5081 seditio,
867 5033 985 5086 quae
1034 5018 1118 5070 vix
1155 5015 1377 5088 tandem
1429 5012 1807 5088 Chrysostomi

234 5093 401 5145 etiam
427 5105 549 5154 ope,
585 5091 678 5157 qui
703 5081 954 5142 humili-as
977 5086 1167 5158 viginti
1198 5096 1250 5140 et
1284 5098 1445 5138 unum
1474 5091 1588 5134 tum
1623 5081 1811 5135 habuit

237 5162 342 5232 (Il,
367 5176 418 5229 p.
445 5159 614 5232 [-224
636 5160 676 5226 ),
703 5161 890 5232 sedata
929 5169 1032 5212 est.

313 5233 390 5303 (It)
425 5229 510 5285 Cf.
538 5230 825 5303 Ραεέμινιιι.
861 5229 912 5280 4.

313 5291 384 5370 (η’
408 5302 619 5370 δωρίιιε
648 5291 1381 5370 Theodorusluereticorum
1422 5291 1677 5370 laudatur
1712 5304 1813 5370 op-

238 5357 524 5444 pugnator
660 5371 1060 5444 C3rill._Al_ex._
1086 5369 1138 5420 in
1173 5371 1289 5419 Act.
1323 5381 1392 5444 σί,
1420 5359 1700 5444 ϐοιξιημ.

241 5430 279 5497 Ῐ.
310 5430 370 5507 Γ,
418 5459 470 5513 p.
492 5441 626 5513 7109.
660 5430 808 5512 (Fac.
840 5441 894 5502 5,
929 5437 1192 5513 5),__Joa_n.
1216 5452 1312 5513 ap.
1356 5433 1479 5513 Fac.
1519 5431 1574 5513 Ξ.
1598 5430 1676 5513 ’2,
1710 5431 1807 5491 al.,

240 5500 367 5568 Ilias
392 5500 447 5566 in
475 5500 772 5564 Justinian.
797 5500 889 5580 ep.
918 5500 976 5580 in
1007 5500 1437 5580 Itanginii'eatal.
1473 5500 1806 5580 cotid._inss.

242 5584 384 5639 Bibl.
415 5583 552 5637 Med.
583 5581 748 5634 Laur.
779 5568 893 5652 pr.
933 5579 1050 5652 ist.
1085 5577 1314 5652 (rues,
1343 5577 1445 5652 5.),
1475 5568 1806 5652 :l‘laeodo‘ret.

247 5655 319 5707 ΙΙ.
355 5670 401 5706 e.
439 5668 504 5715 v,
547 5652 636 5707 '59.
677 5681 733 5690 —
766 5643 945 5720 πάὲης
993 5643 1101 5724 μὲῇ
1133 5647 1425 5724 sutrina-1a.;
1470 5643 1808 5724 ﬁtﬁamta‘ttog,

245 5725 388 5777 κατὰ
418 5724 598 5794 πάσης
626 5723 681 5774 δὲ
721 5719 997 5794 φάλαγγος
1028 5720 1310 5794 αἱρετικῆς
1349 5719 1694 5794 apiarium;
1749 5737 1810 5790 -τ

247 5796 497 5865 μέτρεον.
541 5782 608 5846 Μ.
646 5782 743 5862 ep:
767 5809 815 5842 vi
839 5833 851 5850 ,
880 5782 973 5865 '51,
1009 5782 1132 5865 cuin
1186 5782 1487 5865 sei‘.|)er'et,_
1515 5782 1806 5859 Suzomeni

250 5855 547 5920 Historiam
581 5866 648 5920 ab
680 5855 978 5935 apostolica
1013 5861 1142 5916 sede
1174 5877 1283 5915 non
1324 5855 1515 5927 recipi,
1548 5855 1794 5922 quoniam

1917 4653 2061 4707 Nam
2090 4667 2139 4707 et
2171 4655 2403 4706 oraculis
2445 4653 2540 4705 hoc
2567 4669 2726 4722 genus
2757 4658 2983 4723 stipatus
3020 4664 3094 4708 est
3133 4656 3294 4719 orbis,
3322 4665 3378 4708 ut
3409 4683 3482 4695 -—-

1911 4755 1981 4763 ——-
2003 4723 2174 4793 Mopsi
2191 4726 2245 4776 in
2267 4723 2453 4793 Sicilia
2483 4725 2540 4793 (ι.
2572 4724 2820 4790 Cilicia).
2849 4757 2916 4764 —
2937 4723 3207 4778 Nonnulla
3228 4728 3332 4778 alia
3355 4741 3482 4778 cou-

1910 4792 2268 4862 gessit'llenr.
2293 4792 2472 4847 Noris.
2496 4792 2538 4845 'l.
2571 4795 2606 4846 I.
2633 4795 2658 4863 7|
2689 4797 2760 4863 (p.
2785 4795 3030 4862 81-816).
3066 4795 3307 4850 Celebris
3346 4798 3478 4850 urbs

1910 4875 2027 4917 erat
2049 4866 2102 4917 in
2119 4864 2306 4918 Cilicia
2326 4863 2582 4934 secunda.
2600 4862 2803 4918 Nomen
2825 4866 2971 4918 urbis
2993 4867 3286 4934 scriptores
3314 4866 3479 4919 inter-

1910 4935 2037 5006 dum
2053 4937 2404 5002 depravatum
2419 4933 2899 5006 eahibueruntsed
2914 4933 3312 5004 depravationis
3326 4937 3480 5006 origo

1911 5005 2052 5075 haud
2072 5007 2302 5059 obscura
2321 5013 2425 5075 est.
2450 5003 2601 5074 Syris
2622 5005 2693 5075 (ν.
2716 5005 2914 5075 Assem.
2933 5003 3071 5058 Bibl.
3092 5023 3174 5059 or.
3197 5023 3233 5067 ι,
3255 5023 3304 5075 p.
3325 5003 3474 5074 ιυσ),

1908 5074 2256 5143 Μοψουεστξα
2311 5073 2639 5139 dicebatur,
2695 5076 2837 5129 unde
2887 5074 3206 5131 Graeciset
3255 5073 3478 5132 Latinis

1910 5144 2183 5216 interdum
2219 5162 2257 5214 μ
2291 5144 2553 5216 insertum
2574 5152 2700 5216 est,
2735 5146 3141 5216 Μομψουεᾳτία.
3166 5146 3473 5202 cf.Sozom.

2026 5213 2168 5287 c.__8,
2199 5216 2255 5268 ‘2.
2296 5213 2584 5287 Nicephori
2625 5213 2838 5278 Catum,
2878 5213 2941 5269 in
2997 5215 3173 5287 Octat.
3210 5234 3269 5280 ll,
3303 5234 3354 5287 p.
3385 5217 3474 5282 M,

1907 5285 2055 5346 226.,
2077 5284 2463 5356 illolnpsuestia
2493 5283 2998 5356 (Monmsuestenus,
3019 5283 3477 5356 Merops-uestium,

1910 5357 2005 5427 sed
2041 5358 2076 5408 ι.
2115 5353 2701 5427 Μωυωψψιωςυιι
2741 5354 2896 5426 Vigil.
2935 5355 3122 5411 Const.
3157 5353 3322 5412 llard.
3364 5361 3402 5414 ι.
3437 5353 3475 5414 ι.

1910 5425 2000 5486 ΙΙΙ,
2029 5441 2063 5494 p
2105 5424 2230 5485 9.42,
2257 5423 2538 5494 215,245.
2573 5425 2713 5491 (Act.
2745 5423 2900 5480 conc.
2927 5427 3179 5482 Chalced.
3213 5429 3280 5492 Χ,
3309 5429 3476 5484 Hard.

1911 5498 1954 5571 ι..
1977 5497 2010 5547 Ι.
2032 5493 2103 5571 ll,
2130 5494 2338 5571 p.__5l5.
2366 5493 2768 5563 Mompsuestize
2791 5537 2805 5562 ,
2835 5495 3010 5571 Paris.
3032 5497 3477 5571 Mampsuestite),

1912 5563 2144 5637 Marius
2180 5563 2454 5637 Mercator
2508 5574 2694 5637 autem
2743 5583 2866 5620 cum
2926 5563 3248 5637 adjectivmn
3315 5563 3478 5624 modo

1912 5634 2307 5698 Mansistenus;
2344 5635 2416 5687 cf.
2443 5635 2479 5688 l.
2505 5650 2533 5687 c
2581 5651 2631 5703 p.
2669 5636 2772 5690 615
2791 5677 2804 5698 ,
2842 5637 2946 5691 625
2966 5634 3178 5701 [modo
3207 5639 3480 5694 Mantine-

1912 5709 2083 5758 stinus
2116 5721 2167 5774 p.
2190 5705 2312 5780 tuo,
2344 5705 2510 5780 modo
2533 5703 2936 5761 Mansuestenus
2965 5725 3017 5780 p.
3047 5710 3168 5772 702,
3199 5713 3478 5777 l'urmaret,

1911 5791 2103 5849 vagam
2134 5775 2286 5829 urbis
2339 5776 2791 5849 appellationem,
2822 5795 2942 5846 qua:
2965 5775 3023 5832 in
3060 5781 3202 5849 vulgi
3237 5797 3332 5835 ore
3359 5775 3476 5836 ver;

1907 5848 2151 5914 sabatur,
2184 5854 2404 5902 secutus
2434 5853 2537 5901 cst.
2571 5848 2836 5903 Cancrum
2860 5849 2901 5902 Τ
2907 5849 3178 5907 hcodorus
3209 5853 3477 5908 interdum
