3804 6222
206 236 273 287 25
961 239 1048 293 DE
1085 239 1436 298 THEODOR!
1485 241 1965 299 MOPSUESTENI
2012 242 2172 299 VITA
2209 242 2300 297 ET
2329 240 2665 300 SCRIPTIS.
3381 245 3450 299 ει»

204 355 377 421 usque
405 352 655 423 religiose
679 368 809 409 usos
835 368 977 421 esse,
1019 371 1195 426 neque
1240 357 1432 412 dubito
1456 359 1586 428 quin
1622 359 1761 428 apud
1795 369 1841 423 Α
1869 367 1959 413 tur
1991 358 2131 412 infra
2163 359 2301 412 inter
2332 358 2539 413 Theod.
2586 356 2888 429 fragmenta
2930 358 2981 412 in
3023 354 3309 419 Joannem.
3343 372 3447 425 pu-

200 460 294 499 eos
344 461 456 498 non
478 445 652 498 solum
696 446 981 500 innumera
1010 447 1279 501 Theodori
1314 446 1635 518 fragmenta,
1678 466 1770 504 ve-

199 551 321 590 rum
352 538 591 607 integros
633 539 794 592 etiam
839 539 1007 594 libros
1033 540 1274 595 invenire
1310 540 1509 610 possis,
1536 556 1768 609 quorum

199 630 381 683 aditus
426 638 482 683 ut
522 632 680 686 nobis
722 636 937 687 tandem
969 633 1259 702 aliquando
1290 631 1446 685 detur
1475 633 1768 702 Optandum

197 730 301 774 est.
331 720 414 773 Ad
445 722 545 776 hoc
571 723 717 777 enim
748 739 919 793 usque
945 732 1157 794 tempus
1184 740 1348 777 unum
1378 733 1603 789 tantum,
1627 725 1769 794 quod

194 812 388 878 sciam,
419 813 778 884 fragmentum
811 814 1115 887 Syriacum,
1140 815 1283 886 quod
1317 813 1773 892 Latine1exbibe-

1870 449 1996 503 blici
2021 449 2165 515 juris
2208 448 2410 502 factum
2453 456 2540 504 est
2592 449 2902 520 (Assemani
2944 447 3084 503 Bibl.
3145 449 3241 505 Or.
3274 448 3360 516 lll,
3408 465 3447 513 ι,

1869 557 1924 611 p.
1962 540 2112 607 5‘25).

1941 630 2037 686 llis
2066 629 2383 701 praemissis,
2416 630 2484 686 de
2526 631 2756 702 singulis
2789 631 3033 701 scriptis,
3063 646 3183 702 quae
3225 638 3446 702 prepter

1869 731 2244 791 argumentum
2285 720 2341 774 in
2372 722 2613 793 quinque
2656 738 2853 792 genera
2898 724 3203 793 dispescui,
3257 723 3445 777 dicen-

1870 816 2025 870 dum.

1623 1202 1878 1265 CAPUT
1947 1202 1999 1265 Ι.

831 1408 913 1452 DE
953 1408 1202 1455 DUOBUS
1246 1408 1567 1452 TIIEODOIU
1610 1406 1812 1451 LIBRIS
1858 1405 2231 1450 ARGUMENTI
2271 1402 2784 1449 HEBMBNEUTICI.

260 1755 499 1822 Quaestio
529 1757 595 1811 de
627 1756 914 1828 allegorica
968 1757 1263 1827 Scriptura!
1289 1771 1457 1812 sacra:
1493 1756 1759 1826 interpre—

185 1850 416 1911 tatione,
448 1863 566 1917 quae
606 1848 711 1914 iam
753 1855 912 1901 antea
953 1856 1099 1901 mota
1130 1856 1265 1912 erat,
1290 1845 1559 1901 Theodori
1594 1847 1755 1900 etiam

181 1949 348 1993 aetate
379 1947 431 1992 et
473 1938 803 1992 fructuosius
853 1939 1068 2007 quidem
1110 1939 1309 2009 agitata
1347 1948 1450 1993 est.
1490 1936 1752 1991 Nimirum

181 2045 312 2082 cum
373 2030 658 2100 allegorica
713 2030 1080 2099 interpretatio
1146 2030 1392 2099 pluribus
1444 2029 1758 2084 doctoribus

182 2122 514 2176 Christianis
543 2122 661 2175 ideo
689 2122 923 2174 maxime
952 2136 1011 2176 se
1040 2122 1343 2190 probasset,
1369 2121 1515 2190 quod
1553 2121 1626 2174 ita
1654 2119 1756 2173 du-

180 2214 290 2266 biis
321 2212 443 2265 Scr.
480 2212 536 2267 S.
581 2213 716 2267 locis
755 2214 1015 2267 honorem
1049 2213 1284 2283 adjicere
1315 2215 1524 2279 liceret,
1551 2215 1644 2283 qui
1680 2214 1759 2267 al-

178 2302 511 2372 legoriarum
550 2320 680 2358 usus
718 2306 894 2373 primo
940 2306 1153 2359 cautius
1206 2307 1259 2359 in
1302 2307 1561 2360 auxilium
1595 2321 1760 2360 voca-

178 2392 367 2451 batur.
398 2395 598 2448 sensim
628 2409 692 2448 ac
737 2396 996 2463 paulatim
1036 2396 1198 2449 latius
1228 2395 1547 2464 vagabatur,
1586 2411 1759 2464 usque

176 2483 315 2535 dum
351 2481 609 2553 Origenes
662 2486 981 2555 allegoricas
1042 2486 1282 2540 rationes
1322 2487 1643 2541 accuratius
1689 2486 1756 2539 il-

178 2574 420 2629 lustrare
448 2583 752 2630 conaretur.
791 2576 1111 2645 Quanquam
1146 2592 1274 2631 vero
1298 2577 1407 2646 jam
1438 2584 1551 2631 tum
1588 2577 1757 2631 inter-

175 2665 312 2716 dum
365 2665 690 2719 intellectum
748 2676 853 2732 est,
898 2682 1059 2736 quam
1107 2666 1272 2721 dubia
1325 2678 1487 2736 atque
1543 2667 1756 2721 infirma

175 2758 327 2809 ratio
348 2754 673 2825 Origeniana
706 2767 873 2819 esset,
901 2774 1079 2828 neque
1115 2758 1379 2828 Origenes
1411 2768 1590 2812 tamen
1624 2761 1758 2813 satis

178 2858 441 2900 accurate
478 2846 741 2902 refutatus
769 2856 873 2913 est,
910 2849 1046 2901 nihil
1093 2850 1236 2901 enim
1282 2848 1394 2918 egit
1431 2847 1609 2917 Nepos
1657 2864 1757 2902 suo

192 2936 452 3005 Ἐλέγχῳ
481 2939 932 3009 ἀλληγοριστῶν
962 2941 1053 3011 (cf.
1091 2940 1287 2995 Euseb.
1337 2940 1406 2993 11.
1436 2958 1483 2994 e.
1518 2957 1614 3007 γιι,
1640 2941 1753 3009 24),

180 3043 363 3096 neque
416 3029 606 3083 melius
654 3031 1033 3099 allegoriarum
1086 3032 1223 3086 ratio
1279 3032 1583 3085 enucleata.
1646 3030 1756 3086 lino

184 3120 516 3188 posteriores
544 3119 732 3176 Patres
761 3120 933 3176 Graeci
954 3163 969 3186 ,
998 3124 1099 3178 etsi
1140 3140 1246 3177 non
1272 3138 1336 3178 ea
1364 3138 1468 3192 qua
1496 3121 1757 3192 Origenes

182 3213 406 3265 licentia
441 3213 493 3265 in
529 3212 648 3267 Scr.
701 3212 757 3267 S.
786 3216 1194 3284 grassabantur.
1233 3217 1287 3269 in
1317 3216 1628 3269 universum
1671 3226 1755 3270 ta-

1860 1754 2168 1825 legoristas,
2198 1753 2485 1825 Origenem
2528 1756 2817 1825 praecipue,
2858 1753 3078 1810 refellit.
3125 1752 3268 1809 Idem
3298 1754 3444 1808 enim

1862 1847 2003 1901 hami
2053 1848 2213 1901 dubie
2260 1848 2400 1902 liber
2437 1856 2540 1911 est,
2580 1862 2739 1917 quem
2780 1847 3046 1901 Ebediesu
3089 1847 3126 1901 Ι.
3172 1862 3223 1899 c.
3255 1862 3310 1916 ιι.
3352 1846 3444 1909 54,

1787 1973 1831 2028 Β
1863 1940 2084 2008 quinque
2117 1947 2281 1992 tomos
2335 1940 2584 1992 adversus
2628 1939 2936 2008 allegoricos
2970 1942 3043 2006 (v.
3077 1938 3241 1991 etiam
3273 1953 3325 2005 p.
3354 1937 3441 2000 19,

1859 2029 2014 2091 dixit,
2050 2038 2103 2084 et
2135 2028 2261 2084 Fac.
2295 2045 2376 2095 ιιι,
2411 2029 2465 2092 6,
2502 2029 2695 2083 librum
2730 2029 2794 2082 de
2834 2030 3090 2099 allegoria
3128 2037 3175 2083 et
3221 2030 3444 2082 historia

1859 2133 2045 2177 contra
2067 2122 2354 2191 Origenem
2376 2123 2638 2191 scriptum
2664 2123 2737 2191 (v.
2764 2127 2838 2175 et.
2872 2120 2988 2183 1,2,
3010 2136 3082 2180 IV,
3101 2119 3134 2171 4
3156 2137 3170 2183 ;
3196 2118 3441 2173 Liberat.

1859 2216 2036 2276 Brev.,
2072 2230 2121 2268 e.
2150 2183 2263 2281 ἐι).
2298 2183 2559 2267 Patet‘izx
2600 2213 2637 2266 ι.
2671 2183 2801 2267 ‘Fac.
2839 2227 2920 2274 ιιι,
2967 2211 3019 2272 6,
3060 2211 3151 2264 ubi
3195 2212 3355 2265 breve
3386 2210 3445 2262 li-

1859 2307 1942 2360 bri
1973 2306 2332 2374 fragmentum
2363 2305 2580 2375 legitur,
2602 2320 2725 2360 eum
2755 2313 2809 2359 et
2835 2305 2899 2356 ad
2922 2303 3221 2358 Cerdonem
3256 2318 3443 2371 quem-

1858 2395 1981 2449 dam
2005 2404 2059 2450 et
2092 2396 2372 2464 aliquanto
2402 2403 2525 2464 post
2572 2394 3071 2464 interpretationem
3104 2392 3442 2447 Psalmorum

1860 2492 1931 2555 (v.
1961 2485 2082 2557 inf.)
2111 2487 2375 2556 scriptum
2399 2501 2542 2547 esse,
2574 2487 2669 2540 sed
2699 2501 2860 2556 quam
2905 2486 3044 2538 viam
3091 2486 3141 2538 in
3171 2499 3235 2538 eo
3265 2481 3445 2537 Theo-

1858 2579 2025 2634 dorus
2057 2581 2336 2648 ingressus
2376 2579 2448 2632 sit
2495 2594 2601 2631 non
2634 2579 2821 2647 liquet.
2851 2576 3172 2645 Quanquam
3207 2590 3311 2628 non
3341 2575 3441 2629 ob-

1857 2686 2081 2727 scurum
2103 2682 2207 2733 est,
2233 2686 2357 2725 eum
2389 2685 2511 2723 cum
2538 2670 2879 2741 allegoristas
2901 2669 3262 2737 impugnaret,
3288 2681 3440 2721 suam

1856 2764 2017 2817 etiam
2050 2762 2437 2831 interpretandi
2481 2760 2769 2814 formulam
2803 2761 3143 2828 exposuisse.
3182 2758 3443 2812 Diversus

1856 2861 1971 2907 erat
1999 2851 2218 2906 Diodori
2257 2852 2393 2906 liber
2429 2851 2529 2917 Τίς
2559 2850 2812 2917 διαφορὰ
2846 2849 3089 2917 θεωρίας
3114 2848 3209 2901 καὶ
3249 2848 3442 2915 ἀλλη-

1855 2944 2057 3013 γορίας
2092 2942 2185 3012 (cf.
2236 2942 2390 2996 Suid.
2442 2957 2487 2996 s.
2520 2958 2573 2997 v.
2620 2941 2823 3007 Diod.),
2863 2942 3019 3009 cujus
3060 2947 3442 3010 argumentum

1858 3035 1959 3088 hoc
1999 3035 2210 3090 fuisse:
2245 3034 2488 3089 diversas
2532 3034 2673 3087 inter
2712 3049 2772 3087 se
2809 3048 2930 3087 esse
2965 3034 3297 3101 allegoriam,
3334 3046 3441 3099 qua

1858 3128 2119 3183 historica
2158 3127 2361 3181 veritas
2396 3135 2488 3179 aut
2527 3127 2747 3178 tollatur
2772 3133 2865 3177 aut
2902 3123 3015 3177 fere
3049 3124 3183 3176 nihil
3214 3123 3317 3177 nisi
3356 3123 3444 3174 in-

1855 3220 2134 3272 volucrum
2182 3219 2323 3272 alius
2374 3218 2534 3286 plane
2590 3216 2670 3271 rei
2730 3216 2820 3280 sit,
2876 3223 2930 3269 et
2978 3215 3266 3276 theoriam,
3308 3229 3439 3283 qua.

183 3318 310 3356 tuen
340 3302 622 3372 Origenem
654 3306 774 3375 plus
815 3306 994 3359 minus
1039 3307 1211 3361 secuti
1256 3318 1400 3363 sunt.
1438 3310 1507 3361 At.
1537 3316 1756 3362 contra-
1785 3305 1830 3365 C
1860 3311 2007 3363 salva
2042 3310 2270 3363 veritate
2309 3309 2587 3371 historica,
2617 3308 2857 3378 typicum
2904 3306 3068 3361 etiam
3116 3321 3335 3360 sensum
3385 3305 3440 3359 in

183 3392 324 3444 riam
375 3395 532 3463 plane
576 3398 839 3450 rationem
882 3397 1120 3451 inierunt
1164 3396 1357 3453 Patres
1401 3399 1616 3466 quidem
1648 3399 1758 3450 An-

183 3483 444 3547 tiocheui,
476 3488 565 3554 qui
600 3489 929 3556 exegeticam
965 3487 1251 3542 formulam
1287 3505 1317 3542 a
1353 3489 1603 3544 Patribus
1633 3490 1759 3559 (An-

181 3574 477 3643 tiocbenis)
507 3587 778 3645 acceptam
819 3579 1031 3632 ratione
1065 3590 1119 3633 et
1144 3580 1229 3632 via
1276 3580 1348 3633 ita
1378 3582 1751 3643 excoluerunt,

182 3674 244 3717 ut
282 3663 393 3731 jam
442 3666 510 3719 ab
550 3668 655 3721 illis
701 3668 1085 3737 interpretibus
1118 3670 1279 3738 plane
1317 3671 1605 3727 distarent.
1633 3672 1753 3725 Non

182 3756 311 3811 licet
362 3758 576 3825 quidem
620 3760 927 3813 accuratius
971 3775 1245 3825 enarrare,
1295 3777 1413 3832 qua:
1449 3769 1752 3831 temporum

182 3848 417 3902 decursu
451 3849 747 3903 Antiochia:
775 3850 893 3925 Scr.
925 3850 982 3904 S.
1021 3851 1183 3905 fuerit
1214 3853 1605 3919 interpretatio,
1633 3869 1755 3921 pru-

182 3938 437 3993 babiliter
470 3951 648 3994 tamen
687 3942 969 4010 conjicias,
991 3959 1113 3997 eum
1143 3944 1351 4013 priores
1380 3944 1556 4013 ipsum
1584 3943 1648 3997 N.
1688 3944 1752 4000 T.

182 4032 356 4085 secuti
400 4032 718 4101 plerumque
756 4034 1072 4088 historicam
1129 4037 1541 4104 explicationem
1600 4037 1754 4091 iniis-

181 4133 474 4185 sent,,nec
520 4140 747 4193 prorsus
793 4134 969 4181 tamen
1021 4128 1307 4197 allegorias
1354 4128 1751 4197 repudiassent,

181 4214 476 4269 Eusebium
509 4215 713 4279 Emes.,
742 4216 1033 4272 Diodorum
1072 4219 1223 4273 Tars.
1274 4226 1329 4273 et
1378 4221 1548 4289 magis
1589 4221 1752 4273 etiam

182 4305 527 4360 Theodorum
558 4308 830 4378 allegoriis
875 4311 1033 4378 plane
1088 4310 1313 4379 rejectis,
1341 4310 1601 4363 historice
1630 4310 1751 4364 Scr.

184 4395 245 4450 S.
279 4401 619 4467 exposuisse.
652 4400 726 4452 Ita
767 4416 894 4455 vero
931 4417 999 4455 ne
1037 4401 1104 4455 de
1158 4403 1478 4456 auctoritate
1522 4402 1642 4456 Scr.
1693 4402 1749 4456 S.

182 4489 529 4543 detraherent
557 4508 621 4545 ac
652 4493 909 4547 doctrina,
945 4493 1263 4548 Christiana:
1304 4495 1559 4548 damnum
1595 4494 1752 4549 all‘er-

184 4587 327 4636 rent.
362 4579 428 4633 ad
464 4585 698 4651 typicam
757 4582 1144 4653 interpretandi
1186 4586 1449 4639 rationem
1496 4585 1754 4654 coniuge-

184 4682 332 4731 ruut.
366 4687 473 4725 non
509 4674 722 4744 quidem
755 4675 823 4729 ab
854 4691 912 4730 se
934 4676 1202 4730 inventam
1237 4676 1404 4743 illam,
1442 4680 1749 4732 accuratius
1783 4661 1825 4713 Ῑ)

184 4772 366 4817 tamen
393 4765 735 4834 explicatam.
763 4764 881 4820 Jam
914 4783 1019 4821 non
1043 4768 1272 4822 arduum
1302 4778 1419 4823 erat
1451 4769 1754 4823 edisserere

183 4871 349 4925 quam
376 4864 525 4909 arcta
556 4864 703 4911 esset
730 4856 793 4911 γ.
833 4856 897 4911 Τ.
934 4874 1056 4913 cum
1106 4860 1269 4914 rebus
1307 4860 1630 4915 Christianis
1661 4876 1756 4915 ne-

183 4947 439 5001 cessitas.
476 4948 741 5001 Caeterum
777 4949 886 5015 jam
916 4966 981 5005 ex
1018 4951 1103 5005 his
1136 4952 1426 5023 intelligas,
1458 4954 1549 5022 qui
1581 4952 1755 5007 Theo-

185 5036 356 5092 dorus
382 5054 504 5091 eum
533 5038 599 5093 de
634 5038 694 5092 V.
726 5037 787 5093 Τ.
822 5041 873 5094 in
911 5043 1245 5105 universum.
1283 5052 1394 5096 tum
1428 5042 1495 5097 de
1516 5046 1748 5098 auctori-

184 5135 297 5181 tate
335 5130 713 5185 nonnullorum
761 5132 879 5197 eius
928 5132 1189 5187 librorum
1234 5133 1507 5189 liberalius
1553 5135 1754 5190 sentire

185 5217 441 5286 potuerit,
471 5218 578 5272 imo
602 5218 865 5277 debuerit.

257 5304 579 5364 Theodorus
606 5310 867 5382 singulari
894 5326 1064 5383 eoque
1101 5313 1235 5369 satis
1280 5314 1459 5385 amplo
1483 5314 1624 5368 libro
1673 5314 1753 5368 al-

260 5512 337 5587 _(a)
366 5510 579 5587 Socrat.
621 5512 765 5587 HLe.
794 5532 871 5587 vr.
913 5517 945 5568 3
971 5535 995 5587 εν
1016 5516 1169 5586 Ψιλῷ
1193 5516 1269 5586 τῷ
1306 5518 1590 5587 γράμματι
1642 5515 1750 5568 τῶν

189 5580 346 5655 Delon
368 5582 647 5655 προρέχων
678 5585 904 5655 Γραφῶν
948 5586 1045 5648 τὰς
1081 5580 1530 5655 Οεὶιιρίὰς”αὐ’τιτ›ν
1562 5590 1752 5654 ἐκτρε-

177 5652 439 5747 ὶυόμενοξ.
474 5652 598 5708 Pari
628 5652 785 5711 modo
821 5657 888 5712 de
932 5655 1162 5713 Diodoro
1188 5652 1402 5715 Sozam.
1442 5656 1515 5711 Il.
1552 5672 1596 5713 ε.
1632 5652 1751 5721 vin,

1861 3402 2036 3455 verbis
2078 3402 2255 3455 inesse
2300 3409 2577 3469 emergat:
2620 3400 2671 3452 in
2703 3399 3017 3452 universum
3053 3396 3271 3467 quidem
3307 3396 3440 3449 mihi

1857 3508 1976 3544 cum
2010 3489 2145 3544 Caes.
2187 3506 2217 3544 a
2269 3490 2544 3561 Lengerke
2576 3491 2612 3543 l.
2648 3492 2711 3552 l.,
2743 3505 2797 3559 p.
2836 3490 2958 3553 145,
2988 3488 3109 3552 146,
3153 3490 3440 3556 convenit,

1857 3583 1947 3635 sed
1970 3581 2114 3651 quod
2142 3582 2280 3636 idem
2304 3599 2354 3635 v.
2381 3583 2433 3635 d.
2453 3581 2659 3645 docuit,
2684 3582 2916 3652 Θεωρίαν
2937 3581 3438 3650 interpretationem

1855 3690 1980 3727 vere
2006 3674 2285 3744 mysticam
2318 3674 2580 3737 indicare,
2603 3689 2667 3728 eo
2702 3674 2792 3727 illa
2820 3674 3090 3728 sententia
3123 3675 3437 3742 neutiquam

1857 3764 2120 3817 firmatur.
2155 3763 2297 3817 Sane
2326 3778 2445 3817 voc.
2480 3763 2702 3834 θεωρία,
2733 3764 2799 3818 de
2831 3764 2988 3831 cujus
3030 3764 3238 3834 origine
3266 3779 3317 3816 v.
3356 3762 3434 3817 ill.

1855 3853 2088 3908 Lubeck.
2138 3853 2393 3924 Aglaop/i.
2446 3852 2500 3916 Ι,
2559 3869 2613 3922 p.
2668 3855 2770 3918 Η,
2819 3854 3083 3907 latissime
3137 3860 3282 3922 patet
3319 3859 3372 3906 et
3407 3868 3437 3905 a

1854 3945 2105 3998 Patribus
2137 3945 2205 3999 de
2231 3945 2676 4014 interpretatione
2708 3946 3019 4014 allegorica,
3049 3945 3263 4007 morali,
3298 3945 3438 4015 typi-

1854 4054 1945 4113 ca,
1964 4038 2198 4108 denique
2216 4039 2444 4108 mystica
2470 4037 2711 4091 adhiberi
2735 4046 2943 4106 poterat
2964 4038 3037 4107 (v.
3062 4035 3433 4091 Suicer.Thes.

1852 4114 1978 4183 θεοὶ.
2015 4146 2061 4185 s.
2096 4146 2145 4182 ν.
2184 4130 2424 4196 θεωρία,
2461 4137 2514 4182 et
2543 4127 2679 4182 Caes.
2714 4144 2743 4181 a
2782 4127 3058 4197 Lengerke
3102 4128 3138 4180 l.
3188 4128 3222 4179 l.
3249 4143 3302 4196 p.
3337 4127 3437 4179 H7

1854 4222 1984 4287 sq.),
2025 4218 2120 4273 sed
2150 4216 2386 4271 Diodoro
2431 4218 2581 4271 notio
2621 4218 2739 4285 ejus
2784 4218 2917 4271 satis
2963 4218 3184 4271 definita
3227 4227 3281 4271 et
3311 4218 3439 4271 dis-

1851 4312 2023 4363 tincta
2050 4325 2171 4364 esse
2194 4308 2442 4362 debebat.
2479 4308 2666 4378 Itaque
2697 4325 2802 4361 non
2833 4308 3022 4362 dubito
3049 4310 3177 4377 quin
3208 4308 3437 4378 θεωρίαν

1854 4402 2069 4456 nonnisi
2121 4403 2351 4469 typicam
2401 4399 2926 4471 interpretationem,
2958 4401 3157 4467 quippe
3205 4416 3323 4467 qua:
3370 4416 3436 4453 ex

1856 4491 2207 4545 meditatione
2238 4505 2419 4543 rerum
2448 4489 2750 4542 cmlestium
2783 4497 2836 4541 et
2869 4490 3183 4541 (econnmire
3219 4486 3336 4541 Scr.
3375 4488 3432 4539 S.

1855 4590 2121 4639 manaret.
2149 4581 2425 4634 vocaverit
2459 4580 2556 4648 (α).
2590 4577 2645 4631 lu
2675 4594 2739 4632 eo
2768 4588 2948 4632 autem
2978 4578 3053 4631 illi
3088 4580 3208 4632 libri
3234 4579 3432 4633 diversi

1854 4683 2027 4735 erant,
2058 4674 2201 4743 quod
2231 4687 2356 4727 eum
2399 4672 2666 4725 Diodorus
2709 4671 2925 4725 nonnisi
2959 4670 3327 4725 diversitatem
3356 4672 3437 4723 in-

1852 4764 2252 4835 terpretationis
2311 4764 2506 4835 typicae
2573 4771 2628 4818 et
2689 4764 2991 4833 allegoricae
3052 4763 3431 4831 explanasset,

1852 4857 2172 4912 Theodorus
2218 4855 2349 4925 quid
2407 4856 2548 4909 inter
2598 4855 2914 4908 historicam
2979 4861 3033 4908 et
3087 4853 3432 4924 allegoricam

1852 4950 2266 5019 explicationem
2301 4948 2592 5001 interesset
2622 4947 2829 5002 docuit.

1924 5041 2097 5095 Etiam
2140 5041 2278 5095 liber
2306 5039 2384 5093 De
2423 5040 2647 5093 obscura
2681 5039 2941 5092 locutione
2971 5037 3064 5110 (cf.
3101 5036 3365 5091 El-eiliesu
3393 5036 3430 5089 1.

1858 5133 1917 5194 1.,
1958 5149 2011 5201 p.
2046 5133 2133 5200 54)
2176 5131 2393 5185 videtur
2440 5129 2741 5199 argumenti
2789 5128 3176 5183 hermeneutici
3241 5126 3433 5192 illisae,

1858 5224 1953 5279 sed
2004 5225 2161 5294 quale
2218 5222 2378 5277 fuerit
2436 5222 2778 5292 conjiciendo
2836 5220 3122 5275 enucleare
3171 5235 3277 5275 non
3338 5233 3434 5273 au-

1857 5316 1978 5371 deo.

1855 5516 1910 5569 2.
1976 5515 2078 5569 Sed
2127 5518 2178 5571 lii
2211 5533 2327 5572 voc.
2380 5515 2578 5588 Θεωρῖα
2632 5514 2975 5587 allegoricum
3029 5529 3252 5570 sensum
3295 5512 3433 5568 indii-

1859 5595 2072 5642 carunt.
