3804 6222
369 261 447 321 27
1246 265 1550 324 OTTONIS
1585 265 1768 324 FRID.
1805 263 2196 322 FRITZSCHE
2232 258 2737 321 COMMENTATIO

1811 568 2070 631 CAPUT
2132 568 2212 629 ΙΙ.

1201 737 1283 779 DE
1325 735 1653 780 THEODOBI
1698 735 1764 778 IN
1807 733 2031 777 LIBROS
2059 734 2124 778 Υ.
2161 733 2222 776 Τ.
2271 731 2776 776 COMMENTARIIS.

401 1039 494 1095 “in
516 1039 582 1095 ν.
604 1038 670 1093 Τ.
693 1037 990 1095 lectitando
1011 1043 1066 1093 et
1089 1033 1502 1107 interpretando
1532 1034 1762 1090 multum
1781 1032 1956 1088 Theo—
1982 1015 2146 1099 Ajus
2189 1025 2452 1082 Leontius
2505 1023 2543 1078 l.
2584 1038 2660 1090 c.,
2707 1039 2761 1093 p.
2815 1021 2940 1088 686,
2992 1023 3260 1090 meminit,
3295 1041 3316 1076 ‹
3350 1022 3515 1088 hunc.
3562 1024 3658 1081 in-

365 1133 536 1188 dorus
588 1131 849 1202 temporis
901 1138 957 1186 et
1007 1129 1175 1186 studii
1226 1129 1543 1193 collocavit,
1577 1134 1632 1182 et
1671 1141 1795 1181 cum
1856 1139 1958 1180 nec

361 1224 521 1280 tardo
569 1239 670 1279 nec
727 1223 916 1277 timido
969 1221 1186 1293 ingenio
1229 1230 1396 1286 esset,
1432 1221 1588 1291 plura
1622 1234 1762 1274 nova
1797 1219 1865 1273 de
1891 1234 1956 1273 eo

362 1315 572 1370 invenit
603 1322 657 1369 et
684 1313 927 1384 protulit.
956 1311 1099 1378 Quid
1136 1310 1204 1366 de
1231 1311 1462 1380 singulis
1494 1310 1774 1365 nonnullis
1799 1309 1955 1365 libris

360 1408 640 1462 censuerit
687 1405 831 1460 infra
876 1404 1076 1469 dicam,
1119 1402 1347 1458 omnino
1383 1410 1566 1458 autem
1587 1400 1652 1457 V.
1685 1399 1750 1456 T.
1783 1401 1954 1459 libros

361 1497 415 1550 in
449 1497 762 1562 historicos,
786 1494 1134 1564 propheticos
1159 1499 1215 1548 et
1249 1493 1342 1562 qui
1370 1507 1471 1563 pro
1493 1492 1743 1547 doctrina
1771 1491 1954 1547 homi-

360 1605 492 1642 num
523 1589 714 1658 scripti
739 1595 926 1643 essent
956 1585 1258 1641 distribuit.
1289 1585 1376 1640 Ad
1401 1586 1524 1649 hos,
1557 1601 1791 1656 quorum
1822 1585 1956 1640 scri-

359 1693 544 1750 ptores
577 1681 899 1750 prudentiae,
942 1694 1048 1732 non
1088 1678 1384 1748 prOphetiae
1422 1678 1653 1748 gratiam
1707 1678 1953 1746 accepis-

356 1772 500 1828 sent,
557 1767 744 1819 retulit
805 1765 1121 1828 Proverbia,
1172 1763 1582 1830 Ecclesiasten,
1640 1765 1954 1823 Salomonis

358 1855 552 1924 libros,
586 1865 640 1912 et
671 1855 868 1912 Jobum
901 1857 995 1926 (cf.
1023 1853 1144 1914 Act.
1175 1871 1229 1912 c.
1266 1857 1458 1914 Const.
1487 1874 1548 1922 ιι,
1578 1873 1652 1922 ιν,
1687 1857 1775 1922 68,
1805 1860 1843 1914 l.
1873 1874 1950 1926 c.,

358 1963 414 2016 ρ.
455 1948 544 2012 86,
570 1947 660 2012 68,
693 1963 746 2019 p.
783 1947 896 2020 88).
935 1947 1042 2003 Sed
1083 1947 1371 2004 Canticum
1413 1949 1755 2004 canticorum
1793 1951 1951 2020 plane

356 2040 624 2109 despexit.
671 2049 726 2094 et
775 2040 915 2094 duos
957 2038 1125 2095 libros
1158 2037 1614 2110 Paralipomenon
1647 2050 1810 2112 atque
1853 2042 1952 2099 Es-

354 2133 507 2184 dram
540 2132 866 2202 repudiavit.
911 2131 997 2186 Cl‘.
1040 2131 1234 2189 Leont.
1286 2133 1323 2187 Ι.
1355 2147 1432 2197 c.,
1461 2149 1516 2204 p.
1553 2133 1678 2188 687.
1716 2133 1822 2191 Eos
1852 2152 1951 2190 au—

355 2232 463 2278 tem
506 2223 694 2287 libros,
735 2225 937 2295 quibus
974 2224 1240 2280 minorem
1283 2233 1378 2279 aut
1415 2227 1619 2280 nullam
1655 2228 1820 2282 etiam
1854 2244 1952 2283 au-

353 2317 664 2372 ctoritatem
709 2319 928 2382 statuit,
969 2318 1128 2372 aliter
1171 2332 1236 2372 ac
1281 2318 1523 2388 reliquos
1557 2319 1950 2390 interpretatus

353 2418 456 2465 est.
515 2407 721 2463 llorum
768 2409 914 2464 enim
949 2408 1132 2465 verbis
1181 2424 1305 2464 cum
1353 2414 1518 2465 etlam
1571 2420 1737 2482 atque
1783 2413 1947 2466 etiam

353 2499 662 2564 iuhmreret,
699 2500 915 2555 illorum
958 2514 1022 2555 ea
1069 2514 1192 2570 quae
1223 2499 1407 2554 minus
1438 2500 1542 2555 sibi
1573 2501 1843 2571 quadrare
1871 2503 1950 2556 vi-

352 2590 623 2645 debantur
649 2589 1016 2646 audacissime
1063 2590 1434 2661 reprehendit.
1470 2591 1591 2662 Ipsa
1636 2601 1817 2648 autem
1865 2593 1950 2648 in-

354 2685 668 2754 terpretatio
701 2685 974 2740 interdum
1008 2685 1229 2755 quidem
1264 2685 1403 2741 bene
1447 2695 1763 2757 comparata
1805 2697 1947 2750 erat.

353 2794 494 2832 nova
543 2777 726 2843 etiam,
773 2777 869 2834 sed
902 2787 962 2832 ut
991 2778 1184 2849 reliqui
1237 2780 1564 2850 interpretes
1614 2778 1790 2836 Graeci
1846 2781 1952 2836 Ec-

355 2871 538 2926 clesiae
575 2872 794 2937 veteris,
820 2871 896 2925 ita
932 2869 1255 2927 Theodorus
1303 2873 1468 2927 etiam
1507 2874 1842 2929 intellectum
1880 2874 1948 2932 ν.

353 2963 416 3018 Τ.
453 2979 560 3017 non
594 2963 822 3017 multum
855 2962 1086 3033 adjuvit,
1120 2978 1248 3017 cum
1279 2963 1478 3034 linguae
1505 2963 1764 3026 ,Hebrazze
1796 2966 1952 3037 igna-

352 3073 470 3121 rus,
525 3055 696 3110 solam
749 3053 892 3110 LXX
934 3056 1457 3127 interpretationem,
1511 3073 1674 3128 quam
1729 3060 1949 3114 maximi

353 3150 611 3214 faciebat,
663 3150 996 3218 comparatis
1062 3147 1288 3219 reliquis
1339 3148 1546 3205 Graecis
1606 3151 1952 3207 versionibus

351 3241 740 3310 nonnullisque
775 3240 1165 3311 interpretibus
1205 3240 1524 3297 illustraret.
1561 3240 1793 3296 Tantam
1820 3259 1952 3299 vero

355 3333 660 3387 molestiam
689 3331 809 3402 ejus
834 3331 1018 3402 lingua
1044 3339 1097 3386 et
1129 3331 1340 3387 indoles
1373 3333 1422 3388 ei
1453 3336 1679 3400 creavit,
1716 3343 1775 3389 ut
1804 3337 1952 3405 quod

355 3426 528 3480 multa
589 3425 835 3494 peccavit
885 3421 1237 3477 excusandus
1294 3423 1476 3493 potius
1512 3440 1677 3495 quam
1733 3427 1948 3497 vitupe-

355 3516 560 3571 randus
613 3515 702 3570 sit.
760 3513 936 3570 Habet
984 3521 1166 3569 tamen
1211 3530 1343 3570 suas
1383 3517 1636 3574 virtutes.
1684 3518 1951 3575 Caeterum

354 3609 602 3679 singulos
623 3617 753 3661 suos
775 3603 1219 3671 commentarios,
1236 3620 1376 3676 quos
1401 3606 1556 3662 libris
1575 3606 1824 3663 distinxit
1847 3609 1948 3680 (a),

2060 1119 2276 1190 quiens,
2309 1119 2462 1172 aiunt
2493 1131 2604 1171 non
2632 1115 2865 1186 amplius
2894 1129 3056 1184 quam
3093 1113 3281 1170 decem
3311 1125 3364 1171 et
3391 1125 3516 1171 octo
3546 1132 3653 1171 an-

2059 1226 2162 1266 nos
2202 1219 2391 1265 natum
2425 1208 2480 1262 in
2515 1204 2831 1276 Scripturas
2892 1205 3283 1260 debacchatum
3321 1223 3444 1263 esse
3481 1227 3494 1263 :
3538 1224 3652 1262 non

2057 1304 2206 1360 enim
2242 1303 2349 1358 nisi
2376 1299 2832 1366 debacchationes
2876 1298 3278 1367 Scripturarum
3325 1299 3657 1370 interpreta—

2057 1399 2255 1463 tiones,
2281 1410 2420 1467 quas
2449 1395 2505 1449 iu
2536 1408 2631 1449 eas
2659 1391 2993 1464 composuit,
3027 1392 3300 1462 appellare
3330 1408 3576 1463 possum,
3623 1411 3647 1447 ι

2059 1489 2216 1545 fidem
2257 1490 2481 1558 derogo.
2516 1485 2814 1542 Verissime
2855 1482 3168 1539 Tillemont.
3216 1485 3254 1538 l.
3304 1484 3366 1550 l.,
3409 1501 3462 1556 p.
3497 1485 3604 1541 414
3629 1505 3648 1541 :

2062 1601 2081 1634 ι
2116 1580 2250 1637 Mais
2295 1580 2332 1634 il
2366 1595 2435 1634 en
2457 1578 2600 1632 avait
2633 1574 2761 1648 pres
2805 1575 2873 1632 de
2910 1577 3061 1646 vingt
3090 1577 3190 1646 (sc.
3222 1575 3344 1648 ans)
3384 1585 3546 1632 avant
3588 1593 3653 1633 sa

2056 1674 2292 1732 seconde
2318 1673 2542 1728 retraite
2571 1673 2643 1742 (v.
2678 1669 2782 1740 s.);
2811 1676 2866 1724 et
2896 1668 2934 1722 il
2970 1669 3060 1745 n‘y
3093 1682 3123 1721 a
3159 1682 3258 1738 pas
3290 1667 3656 1738 d’apparence

2053 1770 2186 1840 qu’il
2210 1775 2336 1824 eust
2375 1781 2576 1822 encore
2621 1764 2739 1819 rieu
2779 1763 2936 1818 écrit.
2967 1779 2988 1814 ο
3022 1761 3080 1815 In
3115 1761 3433 1830 fragmentis
3465 1768 3654 1815 autem

2055 1859 2429 1917 commentarii
2455 1857 2675 1927 juvenis
2717 1853 2956 1911 eruditio
2998 1862 3054 1907 et
3097 1852 3324 1906 audacia
3352 1851 3654 1921 deprehen-

2054 1956 2223 2020 ditur,
2274 1969 2384 2009 non
2431 1951 2586 2024 pueri
2647 1946 2921 2019 imperitia
2969 1959 3024 2002 et
3079 1947 3326 2002 lascivia.
3394 1943 3656 2002 Fortasse

2053 2045 2431 2121 Chrysostomi
2474 2045 2644 2100 altera
2691 2045 2757 2097 ad
2807 2039 3156 2096 Theodorum
3205 2038 3434 2110 epistola
3470 2053 3655 2094 rumo-

2053 2157 2170 2196 rem
2200 2140 2354 2195 illum
2383 2136 2582 2193 eil'ccit.

2124 2231 2392 2301 Pleraque
2413 2225 2792 2282 commentarii
2827 2225 3131 2295 fragmenta
3165 2221 3311 2276 viros
3346 2221 3402 2276 d.
3440 2221 3655 2275 hucus-

2051 2341 2160 2396 que
2186 2325 2482 2378 latuerunt.
2529 2322 2590 2374 ln
2625 2319 2747 2373 Act.
2797 2332 2849 2372 c.
2881 2317 3072 2372 Const.
3115 2331 3174 2379 ιι,
3209 2331 3282 2378 Iv,
3321 2313 3498 2370 tribus
3540 2312 3654 2369 illis

2049 2413 2240 2481 20-22,
2277 2429 2326 2483 p.
2365 2411 2456 2477 78,
2491 2408 2756 2479 exceptis.
2799 2408 2867 2463 de
2902 2407 3103 2478 quibus
3149 2405 3218 2459 ad
3262 2410 3556 2458 comment.
3595 2405 3654 2457 in

2050 2521 2128 2560 xu
2150 2505 2433 2576 prophetas
2455 2501 2767 2565 dicendum,
2799 2499 2908 2554 duo
2936 2497 3315 2552 tantummodo
3346 2495 3653 2567 fragmenta

2052 2595 2306 2665 leguntur
2345 2591 2417 2647 25
2452 2590 2542 2662 (de
2589 2606 2676 2661 ps.
2726 2606 2843 2655 χιιι,
2876 2587 2964 2651 17,
3005 2588 3072 2642 18
3119 2585 3231 2658 (b))
3261 2595 3316 2642 et
3359 2585 3450 2650 24,
3493 2602 3546 2656 p.
3583 2585 3656 2640 79

2050 2689 2120 2742 de
2147 2703 2230 2758 ps.
2274 2700 2469 2749 vam,
2502 2683 2565 2738 21
2595 2699 2610 2745 ;
2641 2698 2769 2738 nam
2801 2699 2921 2753 quae
2945 2681 3034 2744 19,
3070 2697 3120 2750 p.
3159 2680 3248 2746 77,
3283 2689 3340 2734 et
3372 2695 3427 2742 v,
3467 2694 3520 2750 p.
3556 2678 3652 2742 94,

2050 2779 2426 2841 inveniuntur,
2463 2791 2526 2831 ea
2570 2791 2637 2831 ex
2690 2775 2846 2831 libris
2898 2773 2974 2828 De
3017 2773 3384 2826 incarnatione
3435 2778 3656 2841 sumpta

2052 2880 2217 2938 sunt;
2249 2885 2418 2925 unum
2471 2867 2540 2922 ad
2591 2883 2673 2937 ps.
2727 2883 2854 2920 κων
2901 2865 2957 2920 in
2999 2863 3258 2919 Facundo
3299 2879 3377 2932 Ix,
3416 2863 3478 2930 i;
3527 2880 3658 2935 per-

2053 2965 2222 3019 muita
2257 2974 2448 3018 contra
2479 2961 2725 3015 continuet
2778 2957 3056 3027 Expositio
3102 2955 3330 3010 Patrum
3387 2952 3556 3010 Gra'c.
3595 2957 3656 3009 in

2055 3055 2174 3120 Ps.,
2225 3071 2259 3108 a
2301 3053 2484 3107 Balth.
2545 3050 2800 3106 Corderio
2849 3047 2910 3105 S.
2963 3046 3022 3103 J.
3069 3063 3133 3102 ea:
3172 3047 3546 3102 vetustissimis
3587 3046 3653 3102 S.

2052 3146 2191 3202 Cas.
2223 3142 2362 3212 Μαί.
2409 3151 2458 3197 et
2503 3157 2671 3196 seren.
2719 3140 2968 3195 Bavarite
3013 3139 3166 3194 ducis
3204 3155 3336 3196 mss.
3366 3139 3520 3193 codd.
3552 3140 3658 3194 ἀν-

2051 3238 2290 3300 εκδότοις
2329 3236 2668 3300 concinnata,
2702 3234 2756 3287 in
2795 3233 3175 3302 paraphrasin,
3207 3234 3656 3287 commentarium

2051 3340 2102 3385 ct
2129 3339 2372 3384 catenam
2401 3326 2625 3398 digesta,
2661 3324 2958 3380 Latinitate
2981 3325 3178 3379 donata
3210 3334 3260 3379 et
3290 3325 3658 3379 adnotationi-

2054 3423 2150 3476 bus
2181 3421 2479 3480 illustrata.
2522 3418 2651 3470 tomi
2686 3415 2807 3481 III,
2841 3420 3094 3486 Antverp.
3133 3416 3289 3480 1645,
3323 3416 3396 3471 46
3426 3415 3522 3485 fol.
3551 3418 3654 3485 (c).

2056 3517 2166 3574 Sed
2195 3517 2264 3571 de
2292 3512 2522 3584 singulis
2552 3510 2716 3566 tomis
2737 3511 3050 3582 singulatim
3083 3510 3488 3567 disserendum.

2124 3613 2205 3664 Ac
2227 3606 2438 3678 primus
2463 3604 2680 3674 quidem
2710 3613 2892 3660 tomus
2928 3605 2992 3658 Θ.
3029 3603 3359 3675 Ἀντιοχείας
3387 3603 3659 3658 nonnulla

350 3701 418 3756 ad
449 3701 598 3756 viros
635 3697 902 3770 quosdam
949 3697 1118 3763 misit,
1153 3712 1389 3768 quorum
1435 3707 1617 3755 tamen
1647 3716 1790 3757 unus
1820 3708 1948 3757 tan-
1974 3723 2015 3780 α
2049 3704 2270 3764 exhibet
2314 3715 2371 3767 ι).
2427 3698 2460 3752 8
2493 3699 2583 3771 (de
2635 3712 2720 3770 ps.
2775 3712 2815 3762 ι,
2847 3697 2937 3767 1);
2989 3695 3099 3750 272
3128 3697 3217 3767 (de
3269 3713 3354 3769 ps.
3382 3698 3514 3766 vv);
3547 3698 3659 3752 276

351 3801 466 3847 tum
495 3791 672 3847 duove
704 3789 798 3860 qui
826 3788 1028 3843 fuerint
1053 3789 1282 3843 scimus.

687 3884 753 3936 A.
787 3881 1216 3936 Commentarius
1253 3883 1306 3935 in
1332 3883 1604 3938 Psatmos.

422 3977 569 4030 Inter
621 3989 813 4028 omnes
857 3973 1129 4028 Theodori
1190 3974 1359 4029 libros
1405 3977 1836 4034 commentarius
1889 3980 1944 4034 in

354 4066 626 4131 Psalmos,
651 4079 834 4134 quem,
865 4063 1131 4118 Ebediesu
1162 4071 1298 4118 teste
1321 4064 1357 4118 l.
1385 4079 1461 4132 c.,
1495 4081 1550 4135 p.
1587 4066 1676 4132 5i,
1703 4069 1945 4138 quinque

351 4162 515 4216 tomis
552 4159 620 4214 ad
655 4157 960 4213 Cerdonem
987 4157 1216 4227 ejusque
1267 4156 1489 4212 fratrem
1525 4160 1766 4229 scripsit,
1803 4170 1944 4216 tem-

354 4268 488 4325 pore
531 4253 765 4323 primum
805 4250 986 4304 locum
1038 4249 1141 4304 sibi
1184 4248 1442 4304 vindicat.
1505 4248 1774 4306 Nimirum
1818 4267 1943 4308 cum

353 4345 674 4401 Theodorus
706 4343 822 4412 ipse
857 4356 944 4412 ap.
970 4339 1097 4396 Fac.
1146 4355 1228 4405 ιιι,
1258 4355 1335 4406 Vl,
1369 4339 1480 4411 (10,
1514 4339 1567 4406 1,
1599 4341 1653 4412 5)
1682 4341 1848 4406 dicat,
1885 4358 1946 4399 se

359 4458 377 4490 ‹
411 4453 475 4494 ea
523 4451 644 4506 quae
699 4434 902 4505 scripta
947 4440 1136 4489 essent
1185 4435 1242 4487 in
1283 4431 1534 4489 Psalmos
1569 4435 1732 4489 etiam
1770 4437 1945 4504 prima

352 4542 664 4584 umerorum
697 4525 930 4578 omnium
960 4523 1271 4594 scripsisse,
1311 4542 1329 4574 ι
1357 4523 1504 4595 quod
1529 4524 1672 4580 idem
1707 4524 1941 4597 Hesych.

355 4625 391 4678 Ι.
439 4637 513 4683 c.,
564 4636 616 4690 p.
660 4617 787 4682 104,
835 4625 1089 4682 testatur,
1145 4617 1202 4671 in
1253 4631 1443 4673 errore
1491 4618 1700 4673 versari
1747 4617 1942 4673 Chron.

356 4711 799 4782 Edessen.,quod
839 4708 1002 4763 XLVI
1044 4711 1258 4765 Assem.
1291 4710 1329 4765 l.
1355 4710 1391 4765 l.
1430 4708 1472 4776 Ι,
1516 4726 1569 4781 p.
1603 4710 1728 4777 409,
1770 4709 1950 4766 Theo-

355 4808 549 4863 dorum
589 4819 735 4859 anno
775 4802 1050 4874 711(105.
1089 4802 1188 4858 401
1209 4803 1255 4874 ?)
1304 4801 1619 4874 Scripturas
1665 4801 1724 4859 S.
1778 4803 1948 4858 inter-

357 4899 557 4970 pretari
592 4897 862 4967 incepisse
892 4902 1101 4959 narrat,
1127 4895 1238 4964 jam
1260 4909 1329 4949 ex
1352 4909 1416 4950 eo
1438 4895 1781 4965 intelligitur,
1803 4895 1949 4966 quod

359 4993 542 5063 plures
589 4987 866 5044 Theodori
917 4987 1088 5042 libros
1144 4987 1316 5041 multo
1363 4995 1490 5042 ante
1540 4988 1692 5041 illum
1743 5001 1946 5042 annum

2049 3797 2164 3865 (xv,
2213 3793 2308 3860 8);
2364 3789 2473 3845 296
2527 3787 2662 3858 (xvi,
2719 3787 2808 3850 11,
2867 3785 2988 3855 12);
3046 3787 3153 3843 528
3207 3788 3363 3859 (xvn,
3405 3787 3498 3859 8);
3547 3787 3656 3844 374

2047 3885 2275 3958 (xxxii);
2303 3882 2410 3938 575
2441 3881 2638 3952 (xxxii,
2667 3879 2742 3950 1).
2773 3879 3037 3934 Praeterea
3059 3880 3308 3949 quaedam
3333 3881 3452 3936 solo
3473 3878 3656 3936 Theo-

2047 3977 2167 4033 dori
2201 3973 2422 4030 nomine
2455 3979 2739 4037 notantur,
2787 3987 2908 4042 qua:
2940 3970 3125 4027 sintne
3165 3970 3457 4028 Theodori
3479 3970 3654 4028 l-lera-

2047 4071 2236 4127 cleota:
2275 4083 2344 4121 an
2387 4064 2754 4135 Mopsuesteni
2797 4064 3056 4120 constitui
3087 4079 3197 4120 non
3231 4080 3393 4136 posse
3433 4065 3656 4122 Sieﬂert

2049 4164 2086 4218 l.
2119 4163 2182 4224 l.,
2226 4176 2278 4232 p.
2312 4159 2404 4223 30,
2435 4158 2530 4229 qui
2571 4158 2672 4211 hac
2701 4165 2896 4211 catena
2924 4171 3032 4210 non
3061 4157 3136 4211 ita
3168 4168 3222 4212 ut
3259 4157 3490 4214 debebat
3515 4175 3655 4216 usus

2048 4262 2151 4321 est,
2180 4265 2462 4322 perperam
2509 4247 2781 4320 perhibet.
2825 4245 2936 4300 lmo
2967 4246 3298 4303 Theodoreti
3339 4257 3484 4315 sunt,
3529 4267 3655 4320 qtiae

2047 4362 2104 4416 p.
2143 4345 2211 4400 15
2244 4343 2513 4416 (fortasse
2545 4355 2668 4412 quae
2707 4339 2912 4394 ibidem
2945 4338 3291 4396 Theodoreto
3335 4343 3657 4397 tribuuntur

2048 4435 2322 4493 Theodori
2356 4435 2530 4503 sunt),
2567 4431 2658 4495 44,
2701 4432 2825 4497 157,
2859 4431 2984 4496 165,
3029 4431 3150 4496 189,
3194 4432 3315 4497 199,
3355 4432 3484 4497 200,
3521 4435 3652 4499 215,

2047 4529 2172 4593 260,
2207 4529 2316 4584 275
2361 4527 2616 4598 leguntur
2651 4524 2753 4594 (ά),
2795 4524 2890 4580 sed
2931 4525 3141 4595 reliqua
3171 4541 3224 4594 p.
3261 4525 3330 4580 52
3361 4525 3447 4597 (de
3474 4543 3558 4598 ps.
3589 4545 3653 4593 ιι,

2052 4622 2127 4693 7),
2161 4621 2392 4691 i95(tx,
2447 4618 2561 4686 16),
2613 4617 2716 4672 530
2765 4617 2922 4684 (xvn,
2975 4617 3085 4686 11),
3143 4617 3249 4672 965
3299 4619 3497 4692 (stis),
3549 4637 3656 4675 cur

2049 4713 2420 4785 Mopsuesteni
2459 4726 2583 4766 csse
2640 4724 2805 4779 neges
2858 4709 3007 4762 nulla
3056 4711 3196 4763 ratio
3233 4718 3337 4766 est.
3378 4711 3652 4767 Caeterum

2049 4822 2171 4876 quae
2203 4804 2435 4860 Schulze
2463 4803 2518 4857 in
2551 4801 2684 4858 edit.
2725 4799 3075 4866 Theodoreti,
3111 4799 3150 4866 Ι,
3179 4817 3230 4869 p.
3275 4801 3399 4866 792,
3429 4803 3553 4867 795,
3581 4821 3655 4860 ex

2051 4897 2175 4954 cod.
2216 4887 2367 4952 Flor.
2405 4895 2473 4951 de
2496 4909 2581 4963 ps.
2613 4909 2742 4957 xxx,
2773 4893 2827 4956 '5,
2865 4893 3070 4957 attulit,
3099 4908 3163 4948 ea
3205 4893 3478 4951 Theodori
3525 4912 3655 4954 esse

2054 4990 2347 5045 admodum
2387 4986 2691 5057 probabile.

357 5060 695 5154 compositos
725 5095 850 5136 esse
889 5079 1026 5134 nihil
1055 5079 1260 5134 certius
1302 5086 1406 5134 est.
1455 5079 1561 5134 Sed
1587 5080 1818 5148 rumori,
1853 5095 1951 5136 cu-
1985 5069 2028 5124 ῐ)
2130 5081 2187 5136 1η
2210 5081 2383 5135 altero
2403 5079 2621 5133 Catena:
2648 5060 3095 5146 tomo°permulta
3119 5074 3392 5132 Theodori
3413 5077 3654 5134 aﬂ‘erun-

429 5257 508 5327 (a)
540 5255 646 5312 Sed
685 5263 1176 5327 tomorum,_quos
1220 5253 1487 5312 Ebediesu
1535 5257 1945 5314 commentariis

359 5325 572 5389 tribUit,
601 5327 744 5382 ratio
773 5342 881 5380 non
916 5327 969 5380 in
1007 5325 1315 5394 Theodoro,
1341 5328 1437 5383 sed
1472 5333 1528 5382 in
1557 5329 1947 5398 interpretibus

361 5400 606 5472 Syriacis
635 5398 962 5472 quaerenda.

433 5469 508 5542 (ὁ)
545 5470 768 5542 Adduco
797 5468 1048 5542 le_c_tor_es,
1077 5483 1229 5523 more
1255 5466 1551 5536 Theodori,
1584 5468 1650 5523 ad
1680 5467 1822 5522 LXX
1861 5471 1947 5525 in-

363 5537 806 5609 terpretationem
846 5537 906 5593 V.
948 5537 1012 5593 T.

436 5607 508 5678 (c)
541 5610 763 5664 Barbari
811 5609 1071 5664 Catenam
1123 5608 1321 5670 (Aurea
1363 5608 1417 5662 in
1455 5607 1495 5662 L
1532 5609 1814 5666 Davidicos
1861 5628 1945 5678 ps.

359 5682 641 5734 doctorum
690 5679 862 5734 Gra’c.
913 5679 1134 5735 Catena.
1171 5707 1239 5719 -ο
1275 5678 1576 5748 ΙηιενρηέεΔ
1618 5681 1758 5736 Dan.
1811 5681 1950 5735 Bar-

365 5754 496 5804 lraro
547 5750 734 5806 Venet.
787 5751 968 5811 1569‘,
1017 5767 1137 5820 qua!
1171 5739 1444 5804 Theodori
1499 5739 1753 5806 Alitioch.
1785 5753 1946 5806 etiam

365 5824 561 5894 pannis
587 5831 839 5878 contcsta
879 5833 959 5879 cst
1001 5829 1071 5895 (ν,
1112 5820 1305 5876 Thom.
1344 5821 1481 5893 lltig.
1524 5823 1594 5876 De
1625 5823 1948 5884 bibliothecis

117 6101 354 6162 Δ

2054 5267 2103 5332 εει
2135 5255 2333 5332 ceteris
2373 5254 2616 5332 Ραιττιηξ·
2657 5251 2807 5332 βίβε·
2855 5249 3106 5332 "0.718.
3138 5267 3191 5322 ρο
3224 5251 3374 5322 658).
3403 5253 3458 5307 in
3488 5253 3658 5325 pluri-

2058 5328 2160 5382 bus
2191 5325 2536 5380 bibliothecis
2563 5326 2768 5378 frustra
2799 5325 3044 5389 quaesivi.

2129 5397 2204 5467 (ά)
2237 5395 2526 5472 Nominum
2578 5391 2903 5472 Theodoreti
2949 5389 3510 5472 etrTheodoriLcum
3555 5408 3657 5472 per

2056 5459 2435 5536 compendium
2485 5465 2882 5524 scriberentur,
2914 5459 3167 5516 confusio
3201 5463 3460 5532 proclivis
3508 5459 3650 5518 erat.

2056 5539 2141 5586 (ΣΥ-
2185 5537 2377 5586 Mnntf.
2408 5535 2679 5586 Palivoar.
2715 5532 2835 5586 Gr..
2865 5548 2920 5586 ι).
2953 5530 3081 5586 547.
3126 5531 3231 5586 Sed
3276 5535 3449 5586 maior
3478 5533 3650 5586 nenli-

2056 5539 2141 5593 Cl'.
2185 5533 2377 5591 Montf.
2408 5535 2679 5658 Palwoq‘.
2715 5533 2920 5613 Gr.,.p.
2953 5533 3081 5612 5'47.
3126 5533 3231 5586 Sed
3276 5535 3449 5604 major
3478 5533 3656 5602 negli-

2058 5612 2235 5684 gentia
2268 5609 2323 5684 i_n
2358 5607 2481 5684 cod.
2521 5608 2626 5663 DC.
2660 5603 2756 5684 Vll_
2798 5600 3144 5684 ὶ)ιι)Ι.-)ιειιὶρἶ
3193 5604 3536 5684 observatur:
3589 5603 3652 5660 In

2055 5673 2168 5750 quo
2193 5680 2387 5748 legitur
2418 5677 2798 5750 interpretatio
2826 5673 3086 5750 continua
3133 5674 3190 5727 in
3237 5674 3326 5750 Ps.
3360 5673 3650 5750 βεοδῴρᾳυ

2060 5742 2405 5876 Pierian.
2442 5751 2536 5804 sed
2565 5742 2686 5821 quac
2716 5742 3045 5801 Theodoreti
3090 5751 3193 5800 cst.
3223 5747 3307 5804 Cf.
3343 5745 3485 5818 Ang.
3518 5742 3648 5804 Mai.

2084 5863 2096 5876 .
2153 5863 2165 5876 .
2228 5838 2326 5876 .n.
2363 5837 2528 5876 χχιιι

2084 5863 2096 5876 .
2131 5837 2165 5880 ι.
2202 5837 2239 5887 ι,
2273 5838 2326 5892 p.
2363 5837 2528 5876 xxu-
