3804 6222
379 262 446 322 51
1264 264 1564 323 OTTONIS
1587 265 1768 322 FRID.
1813 260 2201 322 FRITZSCl-IE
2238 263 2739 322 COMMENTATIO

3587 263 3664 318 5?.

382 382 538 437 blIJS.
567 380 718 437 Alios
743 382 1020 448 historicos
1060 386 1334 456 appellare
1374 387 1572 456 placet,
1605 403 1840 457 quorum
1875 390 1954 444 ni-

2106 385 2364 440 πολαύειν
2386 400 2400 416 ο
2457 401 2508 435 v.
2540 385 2576 438 1.
2630 384 2693 445 1.,
2740 398 2793 453 p.
2829 382 2993 449 265):
3026 397 3129 436 va
3163 380 3252 452 (——
3286 379 3659 451 προαγορεύει

381 475 579 529 utier
606 490 772 530 causa
806 491 870 529 ac
896 477 1036 530 ratio
1071 478 1124 531 in
1167 479 1304 548 ipsis
1334 479 1499 534 rebus
1529 477 1756 534 Davidis
1787 496 1962 552 popu-

379 565 527 637 lique
563 564 774 620 llebrasi
797 567 901 622 sita
936 576 1074 624 erat.
1109 567 1228 624 Huc
1271 571 1546 626 referendi
1581 581 1711 626 sunt
1737 589 1817 643 ps.
1844 590 1958 640 ιιιιι,

378 672 529 719 thx,
558 658 760 729 quibus
797 657 967 714 David
1009 661 1074 714 ad
1110 660 1278 715 Deum
1312 678 1500 733 preces
1538 663 1700 729 fudit,
1730 681 1855 720 cum
1892 666 1962 733 ab

379 749 673 804 Absalomo
718 761 1062 821 premeretur
1097 752 1169 823 (ν.
1212 759 1336 810 Act.
1373 771 1531 810 conc.
1562 753 1753 812 Const.
1787 773 1849 820 ιι,
1884 775 1956 826 Iv,

376 843 467 904 22,
493 841 583 896 25.
618 841 783 897 Cord.
820 843 940 898 Cat.
989 844 1055 912 11,
1096 861 1150 915 p.
1183 846 1308 908 422,
1356 847 1507 914 424),
1544 863 1629 918 ps.
1657 864 1808 912 Lxxt,
1849 866 1960 921 quo

376 935 482 989 sibi
518 950 582 989 ac
630 939 938 991 successori
975 939 1298 1008 sapientiam
1338 955 1366 993 a
1403 939 1514 994 Deo
1549 941 1775 1010 expetiit
1807 942 1883 1012 (v.
1917 943 1954 996 l.

377 1026 440 1088 l.,
483 1042 538 1094 p.
573 1026 740 1095 466),
777 1045 861 1098 ps.
904 1045 1078 1093 vau,
1109 1046 1272 1100 quem
1331 1032 1564 1098 cecinit,
1593 1048 1718 1087 cum
1771 1048 1958 1088 arcam

377 1118 602 1175 foederis
636 1120 704 1175 ad
737 1137 797 1176 se
851 1122 1151 1178 adduceret
1181 1122 1254 1193 (ν.
1292 1123 1328 1177 l.
1381 1124 1448 1189 1.,
1481 1139 1536 1194 p.
1562 1125 1712 1194 555),
1755 1141 1841 1194 ps.
1876 1142 1953 1188 ιιι,

376 1227 464 1270 xv.
488 1212 691 1282 quibus
717 1212 900 1282 populi
935 1229 1166 1281 persona
1185 1215 1288 1270 sibi
1313 1214 1726 1282 accommodata
1751 1219 1957 1287 gratias

355 1302 488 1371 agit
510 1302 578 1356 de
613 1303 865 1358 hostibus
900 1305 1148 1360 finitimis
1174 1320 1204 1359 a
1241 1305 1352 1361 Deo
1391 1307 1598 1377 punitis
1630 1307 1704 1377 (ν.
1745 1308 1781 1361 1.
1818 1308 1881 1374 1.,
1912 1308 1956 1377 1,

373 1408 428 1460 p.
469 1391 594 1448 272.
625 1393 745 1448 Act.
775 1409 932 1450 conc.
961 1394 1155 1452 Const.
1195 1413 1256 1462 ιι,
1297 1414 1374 1460 tv,
1406 1399 1520 1469 21).
1552 1398 1727 1468 Major
1747 1409 1832 1456 est
1859 1417 1960 1456 nu-

359 1498 557 1558 merus
589 1486 924 1554 psalmorum
957 1489 1401 1558 prapheticorum,
1437 1491 1640 1560 quibus
1671 1507 1768 1549 eos
1794 1494 1954 1548 velim

357 1576 670 1649 intelligas,
729 1579 824 1648 qui
885 1578 1065 1636 fausta
1131 1583 1399 1636 nonnulla
1438 1591 1494 1638 et
1537 1584 1800 1651 infausta,
1833 1601 1956 1655 quae

372 1669 573 1737 populo
628 1668 856 1726 Hebraao
925 1688 1105 1742 usque
1184 1672 1252 1726 ad
1291 1681 1538 1745 tempora
1598 1675 1952 1733 Machabaica

2063 479 2162 549 τὴν
2195 476 2470 531 ἐπάνοδον.
2497 504 2562 517 —-
2593 473 2758 544 φησὶν
2781 503 2849 512 -—-
2872 474 2936 526 ὲκ
2959 468 3302 543 [προσώπου]
3336 469 3513 541 μόνων
3539 469 3660 522 τῶν

2064 572 2195 641 παρ’
2224 570 2411 632 αὐτοῖς
2470 565 2801 637 θαυμαστῶν
2846 583 2905 618 τε
2958 566 3053 618 καὶ
3091 563 3364 636 ὲναρέτων
3399 561 3658 634 ἀνδρῶν’

2061 679 2116 719 v.
2149 663 2186 717 1.
2217 662 2280 724 1.,
2317 677 2370 731 p.
2399 659 2560 730 287);
2587 674 2753 712 Lxxx.
2781 657 2915 728 (Τὴν
2935 685 3004 697 -
3034 657 3288 710 ἐπάνοδον
3313 686 3382 696 —-
3406 670 3660 727 προαγο-

2065 754 2238 824 ρεύων
2263 751 2357 805 ὲπὶ
2378 749 2729 820 εὐχαριστίαν
2766 747 3012 810 ἅπαντας
3046 778 3116 788 ——
3143 747 3509 818 προτρέπεται
3535 761 3550 775 ·
3581 775 3659 788 -

2061 863 2115 900 v.
2157 845 2193 897 l.
2232 845 2294 908 l.,
2329 857 2380 912 p.
2425 841 2588 910 691);
2624 840 2809 911 plures
2841 853 2970 892 vero
3012 839 3078 892 ad
3108 853 3199 892 res
3235 836 3655 897 Machabaicas.

2061 950 2145 1005 ps.
2180 948 2271 987 Ltv
2324 933 2401 1000 (ν.
2444 931 2581 999 1.,1.,
2613 945 2666 1001 p.
2701 929 2825 1001 6i);
2861 944 2950 983 ιιι
2985 930 3057 998 (v.
3103 929 3138 983 I.
3181 929 3218 981 l.
3268 943 3319 997 p.
3360 926 3484 998 185)
3511 945 3525 993 ;
3555 941 3653 980 ut

2060 1027 2136 1096 (ν.
2165 1025 2204 1079 1.
2234 1025 2294 1088 1.,
2324 1038 2380 1095 p.
2433 1022 2594 1094 219);
2631 1037 2768 1076 XLIII
2813 1021 2890 1089 (ν.
2923 1021 2959 1074 1.
3005 1021 3069 1084 1.,
3114 1036 3167 1090 p.
3205 1019 3330 1090 550)
3355 1036 3371 1085 ;
3399 1035 3487 1084 I.v,
3514 1034 3651 1074 ινιιι

2059 1118 2154 1183 (-
2180 1115 2245 1168 ὲκ
2279 1113 2389 1174 τῶν
2429 1111 2806 1167 Μακκαὸαίων
2840 1111 3134 1182 προσώπου
3178 1111 3352 1180 λέγων
3377 1111 3478 1163 ὅσα
3510 1111 3655 1164 ὲκεί-

2058 1224 2168 1271 νοις
2193 1209 2366 1260 εἰπεῖν
2422 1207 2693 1279 ἥρμοττεν
2734 1205 2793 1257 ὲν
2845 1207 2966 1268 ταῖς
3002 1207 3348 1275 συμφοραῖςο
3404 1221 3456 1258 v.
3500 1205 3538 1258 l.
3584 1204 3649 1267 l.,

2059 1312 2112 1368 p.
2137 1297 2227 1358 88,
2258 1297 2382 1364 152)
2412 1314 2426 1362 ;
2457 1311 2543 1350 LVI
2560 1296 2655 1366 (—
2681 1295 2844 1365 φησὶν
2866 1293 3109 1357 --ώς
3129 1295 3222 1347 ἐπὶ
3250 1294 3651 1365 γεγενημέναις

2037 1389 2236 1453 ,νίκαις
2264 1389 2405 1443 κατὰ
2435 1389 2545 1442 τῶν
2578 1387 2786 1459 ἐχθρῶν
2801 1387 3264 1459 εὐχαριστοῦντων
3290 1386 3420 1459 [τῶν
3455 1389 3652 1442 Μακα-

2058 1477 2274 1550 6αἱων],
2300 1480 2347 1531 εἰ
2373 1477 2468 1532 καὶ
2491 1476 2566 1540 ώς
2593 1477 2774 1544 ὀλίγου
2806 1477 2948 1540 τινὸς
2975 1475 3126 1540 ὄντος
3161 1475 3240 1529 ἔτι
3266 1477 3358 1529 τοῦ
3392 1477 3653 1549 περιλιμο

2059 1570 2371 1641 πανομένου
2403 1568 2601 1622 κακοῖν
2637 1585 2688 1622 v.
2720 1568 2759 1623 l.
2794 1569 2858 1632 l.,
2893 1584 2948 1640 p.
2981 1568 3144 1639 HO);
3177 1583 3287 1622 LVII
3323 1567 3648 1640 (vafritiam,

2056 1677 2163 1732 qua
2200 1661 2512 1718 Demetrius
2531 1677 2627 1716 rex
2659 1669 2715 1716 et
2756 1660 3018 1732 Tryphon
3063 1669 3259 1716 contra
3277 1661 3497 1717 Judaeos
3522 1669 3648 1716 ute-

369 1761 737 1831 obtingerent,
770 1765 1192 1834 portenderunt.
1230 1765 1456 1822 Diversa
1481 1775 1662 1822 tamen
1704 1771 1844 1824 ratio
1870 1779 1954 1826 est

2103 1762 2248 1808 antur
2303 1753 2582 1823 praedixit;
2633 1769 2683 1809 ν.
2724 1753 2762 1807 1.
2807 1754 2871 1818 1.,
2917 1769 2972 1824 p.
3008 1753 3166 1824 129);
3201 1769 3392 1820 vaut,
3435 1770 3649 1810 Lxxvut

371 1855 763 1924 pmphetarum
811 1867 866 1912 et
913 1857 1155 1914 Davidis.
1195 1857 1275 1912 llli
1317 1860 1465 1914 enim
1497 1861 1636 1917 satis
1665 1864 1956 1932 perspicue

368 1961 460 2002 res
492 1948 709 2004 futuras
744 1951 1026 2014 nuntiant,
1066 1951 1157 2006 hic
1198 1951 1311 2008 fere
1349 1952 1418 2009 de
1459 1953 1627 2010 rebus
1661 1965 1849 2025 utpote
1872 1955 1955 2009 fa-

368 2041 476 2096 ctis
505 2040 768 2111 loquitur.
795 2041 902 2097 Sed
943 2042 1048 2097 hoc
1071 2042 1363 2099 Theodoro
1400 2061 1595 2116 parum
1626 2049 1837 2118 negotii
1871 2049 1954 2103 fa-

367 2132 608 2187 cessivit.
639 2133 842 2187 Statuit
893 2133 1179 2199 nimirum,
1224 2134 1507 2203 Davidcm,
1548 2139 1643 2208 qui
1694 2154 1804 2193 non
1842 2149 1951 2194 tam

352 2223 551 2276 .futura
593 2223 939 2294 praedixisset
987 2238 1153 2293 quam
1201 2240 1264 2280 ea
1307 2233 1365 2279 ut
1410 2226 1556 2282 facta
1592 2228 1950 2295 adhibuisset,

366 2313 480 2370 fere
512 2315 568 2369 in
631 2315 888 2370 omnibus
919 2315 1027 2370 illis
1074 2331 1158 2384 ps.
1201 2317 1390 2386 populi
1433 2333 1724 2388 personam
1757 2334 1952 2375 susce-

354 2412 512 2479 pisse
541 2409 643 2479 (a),
677 2409 867 2478 etiam
911 2409 1158 2465 rationes
1206 2409 1481 2480 dispexit,
1514 2411 1570 2464 in
1602 2411 1807 2482 quibus
1838 2429 1950 2468 non

363 2503 585 2573 quidem
608 2503 839 2559 Davides
867 2502 962 2560 sed
995 2504 1229 2574 populus
1261 2505 1596 2560 constitutus
1626 2516 1796 2571 esset,
1824 2521 1949 2561 cum

364 2597 474 2651 illis
501 2611 585 2665 ps.
647 2610 747 2650 sua
800 2597 885 2651 vis
929 2594 1146 2651 fuisset.
1189 2595 1379 2666 Itaque
1423 2597 1662 2668 pepulus
1716 2598 1951 2654 diversis

363 2689 706 2758 temporibus
732 2688 969 2744 diversis
999 2689 1054 2742 in
1089 2689 1225 2744 locis
1261 2694 1601 2745 constitutus
1627 2689 1756 2745 felix
1794 2691 1950 2745 heta-

363 2788 472 2842 tur,
501 2779 610 2834 Deo
632 2780 839 2849 gratias
865 2781 994 2847 agit,
1024 2779 1195 2835 Deum
1214 2782 1479 2844 celebrat,
1505 2781 1696 2836 infelix
1729 2791 1947 2845 maeret,

363 2869 534 2924 Deum
574 2871 796 2930 invocat
831 2880 886 2926 et
912 2872 1188 2942 implorat.
1219 2875 1302 2928 vel
1336 2876 1500 2929 etiam
1519 2875 1588 2930 de
1619 2873 1729 2929 Deo
1745 2876 1947 2932 dubius

363 2962 553 3026 lueret,
587 2961 818 3016 Davides
837 2963 1097 3032 propheta
1121 2965 1436 3036 interpretis
1459 2982 1748 3037 personam
1781 2969 1944 3039 gerit.

361 3051 684 3107 Theodorus
723 3062 905 3108 autem
936 3052 1038 3109 hac
1063 3055 1278 3110 ratione
1329 3071 1438 3110 non
1479 3057 1656 3111 solum
1691 3073 1942 3130 magnam

359 3147 679 3201 varietatem
725 3146 834 3202 illis
882 3162 966 3216 ps.
1022 3147 1246 3217 adjecit,
1299 3165 1489 3204 verum
1540 3152 1946 3221 quodammodo

350 3240 524 3291 etiam
563 3238 922 3292 dramaticam
949 3239 1081 3302 vim,
1115 3255 1241 3294 cum
1281 3243 1588 3310 praesertim
1623 3258 1813 3298 eorum
1855 3260 1946 3298 ra-

358 3329 542 3384 tiones
601 3331 1023 3386 accuratissime
1088 3333 1365 3401 reperisse
1402 3341 1457 3388 et
1491 3335 1811 3390 enucleasse
1841 3337 1944 3392 sibi

359 3420 660 3476 videretur.
689 3421 767 3476 Ad
795 3423 900 3476 tria
936 3439 1065 3478 vero
1097 3439 1180 3493 ps.
1217 3425 1575 3495 propheticos
1607 3428 1814 3482 retulit.
1839 3429 1944 3482 Alii

358 3512 506 3567 enim
541 3513 610 3567 ad
632 3513 842 3568 cladem
874 3521 1126 3583 spectant
1173 3513 1376 3570 lliskia:
1424 3524 1672 3584 tempore
1701 3518 1948 3589 Assyriis

359 3622 390 3660 a
417 3604 524 3661 Deo
555 3604 840 3668 inllictam,
873 3623 956 3675 ps.
990 3622 1135 3661 χχχιι
1170 3607 1262 3677 (—-
1291 3611 1651 3680 προφητεύων
1682 3642 1748 3651 -
1784 3611 1950 3665 Δαϐὶδ

359 3697 550 3769 ὥσπερ
579 3697 702 3752 τινὰ
734 3699 1000 3753 ἐπινίκιον
1029 3699 1198 3771 ὕμνον
1214 3731 1280 3742 ο-
1304 3702 1395 3754 τὸν
1419 3701 1635 3773 ψαλμὸν
1661 3703 1945 3773 ἀνεϐόησε.

359 3818 429 3830 -—
463 3787 530 3844 V.
560 3789 724 3844 Cord.
757 3790 880 3847 Cat.
922 3790 962 3855 l,
989 3808 1044 3862 p.
1099 3792 1249 3862 574),
1283 3808 1358 3856 LI,
1393 3809 1488 3858 LII,
1519 3809 1613 3847 LIII
1642 3801 1718 3861 (ν.
1754 3796 1790 3850 ι.
1821 3795 1856 3848 l.
1884 3793 1946 3858 11,

360 3898 415 3952 p.
446 3881 498 3948 Ί,
523 3882 614 3943 25,
639 3881 728 3952 55)
755 3900 769 3948 ;
803 3898 964 3936 Lxxw
991 3884 1083 3952 (—-
1104 3884 1439 3954 προφητεύει
1476 3915 1547 3925 -
1580 3885 1657 3948 ὡς
1685 3886 1750 3938 ὲκ
1777 3902 1952 3957 προσ-

357 3975 510 4027 ώπου
533 3975 712 4027 κοινοῦ
744 3975 964 4027 πάντων
992 3973 1092 4044 τὴν
1121 3975 1480 4045 εὐχαριστίαν
1506 4006 1576 4017 -
1605 3976 1951 4046 ἀναφθεγγό-

364 4083 543 4137 μενος.
577 4065 642 4118 ν.
685 4066 800 4130 Ι.1.,
837 4064 898 4126 Il,
950 4081 1002 4136 p.
1039 4067 1208 4136 550);
1265 4067 1355 4121 alii
1394 4069 1460 4121 ad
1506 4084 1594 4124 res
1636 4067 1949 4123 Iudaeorum

359 4159 741 4230 Babylonicas,
797 4174 878 4228 ps.
918 4173 1024 4211 Lxx
1069 4159 1555 4232 (--προαγορεύει
1590 4159 1678 4232 [ὲκ
1701 4161 1794 4214 τοῦ
1820 4161 1950 4216 λαοῦ

358 4251 534 4320 λέγων
583 4247 899 4319 προσώπου]
951 4277 1020 4288 —-
1061 4249 1161 4301 ὅσα
1223 4265 1284 4301 τε
1344 4250 1438 4302 καὶ
1489 4245 1576 4303 οἷα
1634 4250 1950 4314 πείσονται,

359 4341 534 4412 λέγων
564 4342 659 4394 καὶ⁴
688 4341 770 4393 ὅτι
797 4342 876 4402 εἰς
907 4338 1192 4410 διόρθωσιν
1225 4341 1410 4404 αὐτοῖς
1435 4341 1590 4394 ἔσται
1616 4342 1712 4394 τοῦ
1745 4342 1859 4412 βίου
1882 4344 1951 4396 τὰ

358 4433 468 4488 τῶν
502 4430 818 4504 συμφορῶν,
855 4430 1230 4484 ὑπαινίττεται
1267 4430 1336 4484 δὲ’
1356 4432 1472 4502 ἅμα
1500 4432 1594 4484 καὶ
1625 4432 1724 4503 τὴν
1753 4434 1946 4488 ἐπάνο-
1981 4461 2025 4517 D

357 4526 466 4582 δον.
499 4524 565 4580 ν.
595 4527 634 4581 l.
661 4526 698 4578 l.
727 4524 956 4595 p.458);
984 4539 1128 4578 Lxxu
1159 4525 1251 4594 (—
1275 4524 1351 4587 ὡς
1377 4527 1444 4578 ὲκ
1482 4523 1772 4596 προσώπου
1803 4526 1946 4580 ὲκείν

359 4636 464 4673 νων
501 4618 770 4687 λέγοντος,
801 4613 888 4671 οἷα
934 4617 1080 4681 είκὺς
1107 4613 1176 4688 ἦν
1213 4619 1271 4670 ἐν
1301 4616 1379 4688 τῷ
1409 4617 1587 4688 καιρῴ
1622 4619 1724 4688 τῆς
1746 4621 1948 4690 αἰχμα-

360 4711 560 4774 λωσίας
580 4710 802 4764 καὶτῶν
833 4709 1126 4781 συμφορῶν
1156 4711 1352 4774 αὐτοὺς
1391 4711 1784 4782 λογισαμένους
1820 4713 1947 4765 ἀτο-

359 4804 588 4858 πώτατά
607 4820 667 4856 τε
691 4804 785 4856 καὶ
814 4803 1041 4874 ἀπρεπῆ
1073 4804 1204 4874 περὶ
1225 4801 1359 4856 Θεοῦ
1389 4803 1823 4873 μεταγινώσκειν
1851 4805 1945 4859 ἐπὶ

359 4898 570 4960 τούτοις
604 4896 740 4968 μετὰ
764 4896 862 4967 τὴν
891 4897 1166 4951 ἐπάνοδον.
1200 4914 1252 4951 v.
1278 4899 1312 4950 1.
1340 4897 1376 4952 l.
1398 4913 1432 4966 p
1478 4897 1636 4967 497);
1671 4914 1831 4952 LXXVI
1854 4898 1945 4969 (—

361 4989 510 5060 λέγει
533 5017 606 5030 -
622 4989 730 5043 ἀπὸ
767 4989 862 5042 τοῦ
892 4990 1115 5042 ἐκείνων
1134 4988 1428 5061 προσώπου
1453 4989 1654 5043 ὡσανεὶ
1691 4989 1830 5057 μετὰ
1851 4991 1949 5062 τὴν

362 5083 618 5138 ἐπάνοδον
652 5082 918 5150 λεγόντων
947 5081 1016 5134 τὰ
1041 5081 1163 5135 τότε
1192 5081 1481 5152 συμϐάντα
1505 5082 1601 5136 καὶ
1623 5082 1743 5135 τίνα
1769 5082 1949 5151 ὲλογί·

365 5192 557 5230 σαντο·
584 5191 638 5231 v.
669 5175 707 5229 l.
741 5175 804 5240 l.,
843 5191 896 5245 p.
920 5173 1082 5242 588);
1111 5189 1176 5227 ιιι
1209 5173 1693 5247 (--προαγορεύει
1713 5207 1784 5216 -
1808 5175 1950 5230 οὕτω

362 5271 454 5325 τὸν
484 5268 696 5340 ψαλμὸν
725 5266 986 5335 ἐκφωνῶν
1018 5267 1219 5320 ὡσανεὶ
1261 5267 1555 5320 αἰτούντων
1595 5268 1817 5321 ἐκείνων
1858 5286 1950 5322 τυ-

363 5365 479 5436 χεῖν
507 5361 607 5432 τῆς
645 5359 740 5414 τοῦ
770 5358 907 5413 Θεοῦ
944 5358 1197 5430 βοηθείας
1234 5358 1372 5429 ὁμοῦ
1413 5360 1505 5413 καὶ
1552 5360 1650 5431 τὴν
1687 5361 1944 5414 ἐπάνοδον

364 5451 901 5527 προυπισχνούμενος
920 5469 932 5482 ο
973 5467 1027 5505 v.
1053 5451 1088 5503 I.
1117 5450 1179 5518 l.,
1211 5467 1265 5521 p.
1302 5453 1424 5520 198)
1449 5469 1462 5517 ;
1486 5467 1612 5506 LXIV
1642 5453 1661 5524 (
1687 5484 1757 5493 —
1777 5471 1946 5525 προα-

365 5546 782 5618 γορεῦων-ὲκ
832 5544 924 5598 τοῦ
975 5541 1196 5597 ἐκείνων
1251 5543 1545 5616 προσώπου
1575 5545 1750 5599 ταῦτά
1786 5555 1950 5617 φησιν

369 5640 512 5711 ἅπερ
543 5638 716 5690 εἰπεῖν
742 5635 924 5700 αὐτοῖς
945 5636 1214 5707 ἥρμοττεν
1241 5637 1340 5708 τῆς
1367 5637 1626 5692 ἐπανόδου
1665 5637 1951 5710 μέλλουσιν

441 5801 517 5872 (a)
546 5798 631 5858 Cf.
666 5798 830 5856 Cord.
861 5798 980 5855 Cat.
1008 5796 1075 5864 ll,
1098 5815 1152 5870 p.
1183 5798 1313 5854 265.

2060 1845 2558 1918 (Προαγορεύων-
2574 1845 2842 1918 διηγεῖται
2873 1846 2982 1899 τῶν
3006 1847 3301 1918 συμφορῶν
3326 1847 3386 1900 τὸ
3421 1847 3652 1918 μέγεθος

2056 1971 2127 1980 -—-
2161 1939 2405 2010 συνήθως
2463 1941 2646 2011 μέντοι
2681 1942 2757 2005 ὡς
2801 1941 2861 2008 ἐξ
2909 1942 3173 1996 ἐκείνωνο
3220 1976 3288 1987 -
3318 1961 3369 1999 v.
3413 1946 3449 2000 l.
3495 1945 3556 2006 l.,
3590 1960 3646 2014 p.

2057 2030 2182 2098 595,
2215 2031 2370 2102 660);
2399 2047 2589 2097 Lxxut,
2615 2048 2783 2087 tua:
2810 2035 2955 2104 (Τῶν
2984 2035 3326 2092 Μακαϐαίων
3353 2065 3420 2077 —
3449 2037 3651 2108 διηγεῖ-

2055 2136 2144 2171 ται
2172 2119 2270 2184 τὰς
2296 2123 2601 2194 συμφορὰς,
2629 2124 2703 2185 ὡς
2737 2124 2803 2178 ἂν
2826 2126 3054 2179 ἐκείνων
3077 2127 3344 2196 λεγόντων
3379 2129 3441 2182 τό
3464 2146 3524 2183 τε
3548 2130 3652 2200 μέ-

2055 2211 2213 2280 γεθος
2250 2213 2488 2268 τῶντότε
2518 2217 2880 2287 περιεχόντων
2911 2219 3109 2282 αὖτοὺς
3137 2221 3322 2274 κακῶν
3352 2220 3448 2275 καὶ
3471 2221 3648 2276 ἁπαλ-

2055 2303 2286 2376 λαγῆναι
2325 2306 2416 2360 τὸν
2462 2307 2583 2362 θεὸν
2623 2311 2715 2362 ἐπὶ
2752 2310 2965 2375 τούτοις
2987 2311 3280 2377 ἀξιούντων
3303 2331 3319 2346 ο
3347 2332 3402 2369 v.
3433 2315 3552 2379 1.1.,
3591 2330 3648 2384 p.

2060 2394 2186 2460 529,
2224 2396 2371 2468 675).
2401 2395 2671 2454 Caeterum
2707 2416 2804 2458 eos
2833 2403 2996 2457 etiam
3039 2419 3274 2474 quorum
3301 2405 3494 2462 eadem
3526 2415 3653 2462 erat

2058 2488 2335 2554 ὑπόθεσις,
2366 2506 2433 2545 eo
2473 2491 2800 2548 Theodorus
2841 2494 3138 2550 admodum
3189 2497 3444 2562 variavit,
3499 2500 3651 2566 quod

2054 2580 2238 2634 varias
2256 2581 2323 2635 iis
2349 2582 2593 2636 subdidit
2617 2586 3039 2642 rationes.Alios
3053 2585 3251 2643 deinde
3267 2590 3508 2658 psalmos
3529 2592 3651 2661 ipse

2052 2681 2106 2725 et
2134 2671 2277 2726 Ilico:
2303 2675 2614 2743 appellavit,
2645 2677 2848 2746 quibus
2889 2675 3123 2734 Davides
3179 2679 3342 2733 modo
3391 2683 3654 2738 omnibus

2055 2764 2370 2822 hominibus
2401 2767 2506 2838 (ps.
2539 2770 2751 2840 XLVIII),
2774 2771 2935 2825 modo
2965 2771 3098 2827 solis
3133 2770 3334 2830 Judaeis
3359 2773 3464 2844 (ps.
3485 2791 3652 2842 xux;

2052 2870 2104 2908 ν.
2149 2855 2185 2910 l.
2217 2855 2254 2909 I.
2297 2853 2340 2919 1,
2373 2873 2427 2927 p.
2455 2858 2601 2924 965;
2644 2874 2695 2930 p.
2729 2874 2940 2924 Lxxvu,
2976 2877 3028 2914 ν.
3060 2862 3096 2915 1.
3130 2862 3168 2916 1.
3201 2861 3262 2929 ll,
3288 2879 3341 2934 p.
3374 2863 3500 2935 651)
3537 2867 3651 2920 vir-

2053 2947 2184 3002 tutis
2206 2947 2448 3002 studium
2471 2951 2937 3007 commendasset.
2980 2952 3088 3008 Sed
3120 2955 3319 3010 horum
3348 2959 3513 3011 etiam
3549 2974 3641 3012 ra-

2052 3039 2127 3093 tio
2175 3039 2318 3094 inter
2366 3055 2425 3095 se
2461 3041 2618 3096 valde
2653 3041 2876 3098 diversa
2911 3054 3050 3098 erat.
3095 3045 3346 3111 Quatuor
3398 3049 3644 3120 denique

2053 3132 2294 3201 psalmos
2353 3135 2643 3187 messianos
2675 3135 2864 3189 habuit
2897 3134 3003 3208 (ps.
3038 3152 3160 3191 VIII.
3195 3137 3390 3194 Leont.
3427 3141 3480 3194 in
3514 3141 3644 3196 Mai.

2053 3225 2090 3278 1.
2123 3225 2158 3277 1.
2221 3223 2307 3291 Vl,
2353 3241 2407 3295 p.
2441 3226 2584 3289 5H;
2625 3228 2749 3282 Act.
2789 3243 2949 3285 conc.
3000 3228 3192 3285 Const.
3233 3247 3293 3298 II,
3345 3249 3419 3299 tv,
3452 3235 3554 3300 l9;
3590 3251 3646 3290 v.

2053 3333 2106 3387 p.
2137 3317 2249 3384 94;
2294 3333 2378 3388 ps.
2420 3333 2585 3386 XLIV;
2640 3336 2692 3383 v.
2745 3319 2874 3375 Fac.
2919 3337 2994 3384 Ix,
3037 3324 3110 3392 1).
3145 3321 3267 3378 Non
3315 3326 3454 3379 satis
3497 3335 3647 3382 recte

2006 3444 2018 3455 ο
2052 3412 2247 3470 Leont.
2277 3413 2716 3484 (Galland.Bibl.
2741 3415 2856 3480 Xll,
2892 3416 3116 3486 p.687):
3157 3418 3377 3474 «Omnes
3405 3420 3645 3489 psalmos

2050 3503 2278 3562 Judaice
2298 3505 2365 3560 ad
2399 3505 2790 3563 Zorobabelem
2820 3517 2875 3563 et
2899 3508 3189 3563 Ezechiam
3233 3511 3446 3575 retulit,
3475 3512 3645 3567 tribus

2053 3605 2265 3652 tantum
2323 3597 2392 3652 ad
2444 3597 2738 3653 Dominum
2781 3598 3023 3668 rejectis.
3057 3621 3076 3654 ι
3112 3602 3245 3654 Nam
3289 3602 3641 3658 Theodorum

2053 3689 2200 3745 haud
2240 3690 2404 3746 dubie
2449 3700 2676 3746 secutus
2710 3698 2795 3747 est
2820 3691 3051 3748 Cosmas
3101 3693 3364 3765 lndicopl.
3414 3698 3448 3752 Ι.
3497 3697 3558 3760 1.,
3585 3713 3639 3768 p.

2051 3782 2156 3835 483
2177 3799 2188 3834 :
2208 3781 2498 3834 -ὁΔαυῖδ
2529 3779 2733 3851 ἠξιώθη
2769 3783 2834 3834 ὲκ
2865 3783 3178 3852 πνεύματος
3208 3789 3494 3856 προειπεῖν
3513 3790 3644 3861 περὶ

2051 3873 2146 3928 τοῦ
2178 3874 2449 3927 Δεσπότου
2479 3873 2719 3945 Χριστοῦ
2751 3873 3004 3948 ψαλμοὺς
3032 3876 3096 3930 δ”
3120 3878 3210 3931 τὸν
3233 3878 3297 3948 β’,
3331 3881 3425 3933 καὶ
3450 3881 3540 3933 τὸν
3569 3888 3638 3953 η’,

2052 3967 2147 4019 καὶ
2177 3967 2269 4019 τὸν
2325 3964 2428 4036 μδ’,
2492 3966 2586 4020 καὶ
2613 3966 2705 4021 τὸν
2740 3967 2843 4038 ρθ’,
2886 3967 3043 4033 ὅλους
3087 3970 3215 4034 τοὺς
3240 3971 3280 4024 δ’
3307 3971 3375 4024 δι’
3414 3972 3535 4026 ὅλου
3563 3977 3644 4038 εἰς

2052 4056 2215 4111 αὑτὸν
2245 4057 2503 4130 εἰρηκώς.

2121 4147 2242 4202 Jam
2259 4165 2356 4205 eos
2387 4151 2630 4219 psalmos
2662 4153 2921 4208 recensui
2958 4153 3026 4208 de
3063 4154 3267 4224 quibus
3302 4157 3436 4226 quid
3464 4155 3642 4214 Theo-

2052 4246 2222 4301 dorus
2242 4247 2499 4303 statuerit
2530 4262 2596 4302 ex
2630 4248 2952 4319 fragmentis
2973 4251 3348 4320 cognoscitur.
3379 4251 3516 4306 Eum
3557 4268 3646 4308 re-

2055 4339 2236 4408 liquos
2264 4340 2430 4394 etiam
2466 4339 2531 4394 ad
2573 4351 2814 4410 quatuor
2862 4343 2954 4396 illa
2979 4358 3182 4413 genera
3215 4345 3474 4401 retulisse
3507 4347 3642 4401 satis

2053 4432 2315 4488 credibile
2339 4440 2443 4488 est.
2480 4432 2568 4488 Cf.
2604 4434 2792 4489 Cosm.
2827 4435 2948 4490 Ind.
2999 4437 3038 4490 1.
3077 4437 3140 4500 1.,
3174 4455 3228 4508 p.
3257 4437 3362 4491 £83
3391 4455 3406 4492 :
3450 4438 3642 4494 Ἥνίκα

2051 4554 2124 4566 -—-
2151 4526 2384 4580 ἐκινεῖτο
2417 4528 2482 4579 ὲκ
2512 4525 2603 4580 τοῦ
2628 4526 2937 4597 πνεύματος
2966 4529 3228 4600 προεῖπεν
3254 4547 3316 4582 τε
3344 4529 3376 4601 ἢ
3402 4531 3645 4601 περὶτῆς

2053 4620 2435 4690 αἰχμαλωσίας
2461 4619 2554 4673 τοῦ
2583 4620 2734 4684 λαοῦ,
2767 4621 2800 4691 ἢ
2843 4623 2970 4692 περὶ
3013 4622 3113 4692 τῆς
3148 4623 3404 4676 ἐπανόδου
3439 4624 3639 4686 αὐτῶν,

2052 4711 2086 4782 ἢ
2119 4712 2247 4782 περὶ
2284 4712 2430 4782 ἠθῶν
2480 4712 2856 4777 διδασκαλικὰ,
2897 4713 2930 4784 ἢ
2973 4717 3102 4786 περὶ
3134 4717 3408 4787 προνοίας,
3441 4717 3474 4789 ἢ
3515 4719 3641 4788 περὶ

2053 4801 2148 4855 τοῦ
2203 4803 2474 4857 Δεσπότου
2523 4804 2781 4875 Χριστοῦ.
2824 4805 3063 4863 Omnino
3105 4824 3236 4864 vero
3270 4825 3463 4864 omnes
3495 4811 3638 4880 psal-

2051 4913 2194 4960 mos,
2260 4900 2510 4968 quamvis
2573 4915 2671 4954 sua
2705 4901 2910 4971 cuique
2942 4902 3206 4970 primaria
3261 4904 3405 4958 ratio
3451 4919 3516 4959 ac
3555 4904 3640 4959 vis

2052 4987 2271 5053 fuisset,
2305 4991 2373 5045 ad
2409 4992 2655 5046 omnium
2678 4992 2973 5048 utilitatem
3002 4996 3344 5065 compositos
3361 5011 3482 5050 esse
3506 5011 3636 5050 cen-

2051 5082 2181 5135 suit.
2219 5079 2304 5135 Cf.
2335 5081 2503 5138 Cord.
2538 5082 2659 5159 Cat.
2690 5081 2754 5149 ll,
2797 5099 2852 5153 p.
2873 5083 3018 5152 496;
3057 5083 3099 5148 l,
3134 5101 3186 5155 p.
3217 5087 3342 5141 571.
3370 5087 3639 5142 Caeterum

2052 5174 2105 5228 in
2137 5173 2553 5244 interpretando
2585 5191 2738 5231 more
2771 5192 2872 5231 suo
2904 5186 3158 5233 versatus
3181 5186 3286 5234 est.
3323 5177 3460 5234 Fere
3499 5180 3637 5234 scri-

2050 5264 2225 5333 ptoris
2255 5267 2583 5320 sententiam
2607 5267 2733 5323 aliis
2762 5269 2945 5324 verbis
2962 5269 3201 5339 repetiit,
3223 5270 3316 5325 sed
3343 5271 3635 5341 imaginum

2055 5358 2363 5429 linguaeque
2393 5361 2638 5414 rationes
2679 5361 2993 5415 accuratius
3035 5363 3350 5432 explicavit,
3408 5362 3640 5432 ideoque

2054 5452 2108 5506 in
2146 5453 2230 5507 his
2259 5452 2489 5508 lectores
2521 5454 2719 5523 saepius
2749 5455 2816 5509 ad
2848 5455 3386 5510 hoscommentarios
3420 5455 3633 5524 allegat.

2130 5543 2384 5600 Profecto
2419 5562 2613 5601 novam
2663 5548 2806 5601 viam
2847 5545 3173 5603 Theodorus
3214 5548 3287 5600 ita
3316 5553 3638 5617 persecutus

2060 5651 2163 5702 est.
2187 5647 2248 5695 ut
2270 5648 2518 5697 nostram
2547 5639 2968 5698 admirationem
3003 5641 3060 5697 in
3093 5655 3152 5698 se
3173 5655 3281 5697 non
3316 5648 3638 5697 convertere
