3804 6222
391 327 466 386 85
1245 327 1552 385 OTTONIS
1584 326 1766 384 FRID.
1809 327 2199 384 FRITZSCIIE
2239 327 2744 386 COMMENTATIO
3589 334 3661 387 36

398 445 514 500 bris
540 441 810 508 distinxit,
839 457 1073 514 quorum
1103 442 1334 514 primus,
1357 443 1552 498 Photio
1579 451 1736 507 teste,
1763 451 1968 512 septem
1999 445 2044 501 Α
2073 441 2278 510 optime
2338 442 2665 504 illustrabat,
2701 457 2800 496 nec
2843 442 3068 506 mirum,
3103 442 3252 512 quod
3282 444 3334 498 in
3359 444 3661 513 reprehen»

397 537 565 593 tomis
611 536 922 592 constabat.
957 534 1274 590 Tillemont.
1315 535 1352 590 I.
1399 537 1437 590 l.
1483 552 1536 606 p.
1573 534 1679 588 445
1707 549 1722 585 :
1753 554 1771 586 ‹
1805 549 1972 588 -1111

395 627 588 694 (tome)
615 641 751 682 sans
805 625 969 680 doute
994 641 1135 694 pour
1160 625 1374 694 chaque
1420 625 1568 694 jour.
1608 643 1628 677 ι
1651 624 1975 679 Theodorus

394 734 520 774 tam
579 719 778 773 librum
818 719 895 772 ita
929 717 1310 787 distingueret,
1353 716 1518 787 .haud
1567 717 1731 772 dubie
1779 717 1984 786 primae.

397 809 754 866 hebdomadis
798 811 1066 865 rationem
1122 810 1329 864 habuit.
1360 808 1446 863 Cf.
1476 817 1550 864 et.
1585 809 1772 880 Cyrill.
1815 810 1970 864 Alex.

395 903 491 957 I-ib.
524 917 606 956 vn
632 901 1027 972 'Gtaphyrorum
1058 903 1112 956 in
1142 901 1385 956 Genesin.

467 1037 634 1092 Recte
658 1037 820 1092 Phot.
847 1053 896 1091 c.
928 1036 1016 1097 58.
1038 1037 1126 1091 tibi
1151 1037 1252 1106 τὴν
1283 1033 1580 1106 ἑρμηνείαν
1605 1034 1708 1104 τῆς
1737 1032 1972 1095 κτίσεως

395 1131 739 1192 memoravit,
764 1129 861 1200 τὴν
877 1129 934 1181 δὲ
965 1129 1186 1198 φράσιν,
1213 1127 1411 1196 inquit,
1445 1125 1569 1180 οὔτε
1597 1124 1849 1197 λαμπρὸς
1872 1127 1968 1196 (sc.

394 1221 482 1290 Θ.)
512 1218 636 1274 οὔτε
680 1218 801 1272 λίαν
851 1218 1048 1289 σαφὴς,
1098 1218 1314 1287 φεύγων
1341 1219 1398 1271 δὲ
1436 1217 1525 1271 τὸν
1557 1217 1781 1271 δυνατὸν
1826 1215 1974 1286 αὺτῷ

395 1310 594 1381 τρόπον
634 1308 733 1372 τὰς
778 1307 1106 1378 ἀλληγορίας
1159 1309 1253 1361 καὶ
1299 1307 1440 1362 κατὰ
1475 1308 1572 1378 τὴν
1604 1308 1847 1378 ἱστορίαν
1875 1308 1973 1379 τὴν

396 1404 690 1476 ἑρμηνείαν
711 1400 1050 1472 ποιούμενος.
1081 1401 1412 1469 Tati-colore?
1435 1400 1491 1453 δὲ
1518 1400 1589 1453 τὰ
1612 1401 1844 1455 πλεῖστα
1875 1402 1974 1455 καὶ

394 1498 588 1569 ἄχαρίς
613 1513 729 1560 πως
757 1497 851 1548 καὶ
869 1493 1034 1565 ἀηδὴς
1054 1489 1192 1547 εἶναι
1225 1495 1391 1556 δοκεῖ,
1412 1493 1548 1547 ἀλλὰ
1564 1493 1658 1546 καὶ
1685 1494 1745 1548 τὸ
1773 1495 1976 1548 Necte.

396 1591 513 1661 ρίου
569 1588 764 1658 δόγμα,
805 1587 854 1638 εἰ
897 1587 992 1639 καὶ
1026 1585 1131 1656 πρὸ
1173 1585 1467 1656 Νεστορίου
1502 1585 1770 1656 ὑπῆρχεν,
1803 1586 1975 1657 ὑπερ-

395 1679 716 1750 ευγόμενος·
793 1693 896 1733 nec
971 1677 1152 1732 minus
1229 1687 1408 1730 tamen
1479 1685 1627 1731 recte
1707 1676 1974 1733 Ebediesu

392 1770 849 1828 commentarium
887 1769 1034 1822 illum
1070 1766 1325 1821 methodo
1354 1775 1408 1821 et
1442 1767 1816 1837 speculatione
1858 1769 1976 1823 ela-

393 1866 648 1921 boratum
701 1871 878 1918 vocat.
935 1860 1197 1928 Quamvis
1251 1859 1396 1914 enim
1448 1858 1502 1911 in
1554 1873 1620 1914 eo
1671 1859 1872 1929 stylum
1923 1864 1978 1912 et

394 1957 698 2015 sententias
743 1955 1007 2026 quasdam
1041 1952 1167 2022 jure
1202 1949 1650 2021 reprehenderes,
1679 1950 1754 2004 ita
1791 1957 1975 2004 tamen

394 2050 454 2104 ni
504 2049 661 2102 I‘allor
714 2053 1067 2116 comparatus
1119 2050 1258 2108 erat,
1302 2052 1361 2096 ut
1409 2059 1476 2098 ex
1521 2057 1587 2098 eo
1628 2041 1975 2111 potissimum

393 2140 528 2211 quid
575 2137 898 2193 Theodorus
959 2131 1376 2204 interpretando
1428 2142 1483 2188 et
1543 2133 1975 2203 philosophando

395 2237 600 2300 posset,
646 2235 954 2298 appareret,
989 2225 1155 2294 idque
1196 2239 1304 2278 non
1343 2224 1653 2284 miraberis.
1706 2225 1753 2278 si
1784 2224 1974 2292 quanti

393 2333 509 2378 tum
573 2323 809 2377 Genesin
876 2320 1106 2375 fecerint
1162 2333 1226 2372 ac
1269 2334 1430 2388 quam
1489 2317 1655 2372 multa
1694 2334 1759 2372 ex
1800 2333 1863 2374 ea
1892 2333 1976 2372 re-

395 2415 646 2486 pctierint
696 2415 864 2484 probe
927 2411 1302 2482 perpenderis.
1362 2409 1467 2466 Pro
1525 2410 1740 2464 diverso
1791 2418 1970 2464 autem

392 2515 713 2578 argumento
763 2504 998 2560 Genesin
1029 2543 1045 2568 ,
1119 2504 1208 2558 cui
1259 2518 1527 2559 summam
1595 2503 1971 2556 auctoritatem

394 2599 604 2661 tribuit,
636 2598 849 2651 diverse
891 2597 1284 2665 interpretatus
1325 2603 1428 2649 est.
1494 2593 1610 2661 Ipse
1658 2591 1876 2661 quidem
1917 2593 1970 2644 in

394 2693 463 2748 iis
500 2708 620 2762 quae
669 2691 736 2746 de
775 2689 964 2743 mundi
1021 2689 1232 2759 origine
1272 2691 1446 2756 deque
1495 2686 1807 2740 hominibus
1838 2701 1972 2739 non-

394 2785 523 2839 dum
577 2782 839 2853 dispersis
890 2780 1232 2848 disputavit,
1297 2777 1576 2833 Geneseos
1644 2778 1973 2832 auctoritate

367 2921 369 2924 a
394 2877 492 2932 niti
527 2877 630 2931 sibi
654 2876 805 2931 visus
827 2883 931 2937 est,
958 2874 1229 2944 permulta
1255 2884 1436 2952 tamen
1463 2875 1533 2927 ab
1563 2888 1624 2928 ea
1655 2873 1831 2927 aliena
1854 2889 1973 2943 pro-

393 2970 536 3032 tulit,
568 2984 688 3040 quaa
710 2984 820 3022 non
849 2977 958 3022 tam
994 2983 1058 3022 ex
1083 2983 1146 3022 ea
1185 2968 1395 3030 elicuit,
1432 2983 1594 3037 quam
1631 2966 1852 3020 aliunde
1875 2982 1969 3020 ac-

393 3061 537 3130 cepit
563 3062 662 3131 (a).
687 3059 1009 3129 Quanquam
1044 3073 1169 3112 cum
1200 3058 1384 3114 verbis
1405 3058 1556 3127 justo
1584 3059 1756 3126 magis
1803 3057 1971 3112 inhae-

2081 533 2290 588 sionem
2327 533 2558 587 incurrit
2590 549 2654 587 ac
2676 534 2938 604 temporis
2970 535 3172 603 injttria
3205 535 3429 590 interiit.
3466 535 3660 606 Itaque

2078 639 2145 679 ex
2174 626 2444 679 sententia
2492 625 2652 680 nobis
2682 625 2898 697 obtigit,
2947 624 3092 696 quod
3124 625 3364 682 Joannes
3399 627 3656 698 Philopo-

2079 730 2185 770 nus
2217 715 2384 790 jnspt
2417 716 2788 785 κοσμοποίας
2832 717 2966 786 λόγ.
3005 717 3177 782 ἑπτά,
3221 718 3471 773 Galland.
3510 718 3655 773 Bibl.

2081 805 2194 870 XII,
2233 822 2286 876 p.
2319 807 2419 861 471
2457 823 2567 877 sq.,
2599 807 2691 877 qui
2728 808 2863 862 liber
2893 824 2998 862 non
3035 819 3162 863 ante
3194 824 3246 863 a.
3271 809 3374 863 610
3409 811 3656 880 scriptus

2079 896 2187 966 est)
2219 897 2572 953 vehementer
2619 913 2750 953 sane
2779 899 2834 952 in
2875 898 3246 964 Theodorum,
3274 901 3656 956 inauditorum

2081 995 2339 1051 satorem,
2392 988 2639 1042 invectus
2679 997 2784 1043 est.
2823 989 3189 1060 Praeterquam
3224 991 3369 1046 enim
3417 993 3660 1063 quodex

2080 1078 2201 1146 ejus
2245 1079 2303 1132 in
2341 1076 2564 1133 Genesin
2601 1082 3000 1137 commentario
3039 1084 3300 1138 nonnulla
3355 1087 3654 1156 excerpsit,

2079 1187 2394 1242 quanquam
2444 1189 2554 1228 non
2605 1174 2828 1244 ubique,
2880 1182 2943 1228 ut
2992 1175 3228 1242 videtur,
3279 1179 3345 1230 ad
3391 1179 3655 1242 verbum,

2080 1264 2236 1331 plura
2269 1262 2433 1317 etiam
2461 1264 2806 1328 memoravit,
2829 1279 2952 1332 quae
2991 1266 3058 1318 ad
3088 1266 3208 1334 ejus
3233 1266 3537 1322 doctrinam
3569 1267 3657 1322 fa-

2079 1353 2250 1408 ciant.
2275 1351 2360 1408 Cf.
2386 1369 2424 1415 1,
2461 1354 2527 1406 12
2548 1353 2644 1424 (b);
2669 1353 2839 1418 11,21,
2872 1370 3006 1418 xxu,
3029 1356 3090 1421 5;
3112 1372 3186 1421 Ix,
3221 1356 3307 1422 10,
3340 1357 3426 1412 11.
3465 1357 3658 1428 Neque

2081 1444 2170 1499 bic
2183 1445 2556 1515 praetereunda
2569 1445 2781 1501 Cosmzc
2792 1445 3053 1516 lndicopl.
3065 1447 3431 1517 Topographia
3450 1447 3655 1506 Christ.

2081 1535 2330 1590 Galland.
2357 1535 2523 1602 Bibl.,
2559 1534 2651 1598 XI,
2671 1551 2724 1604 p.
2748 1536 2846 1591 401
2883 1553 2992 1607 sq.,
3017 1537 3220 1607 scripta
3237 1537 3406 1594 ferme
3443 1548 3566 1609 post
3597 1555 3653 1594 a.

2081 1629 2208 1696 555,
2238 1629 2304 1684 de
2336 1643 2442 1698 qua
2489 1644 2598 1682 non
2623 1630 2758 1684 satis
2787 1636 2936 1683 recte
2980 1628 3138 1684 Phot.
3187 1646 3237 1685 e.
3269 1631 3338 1686 56
3367 1632 3656 1701 judicavit.

2080 1721 2337 1775 Cosmam
2371 1717 2755 1773 Nestorianum
2781 1717 2951 1775 fuisse
2984 1728 3040 1775 et
3077 1720 3135 1775 in
3176 1723 3366 1778 multis
3398 1721 3657 1778 Theodo-

2008 1817 2051 1874 B
2077 1827 2196 1864 rum
2213 1825 2337 1866 esse
2357 1817 2606 1865 secutum
2629 1810 2839 1879 primus
2859 1819 3007 1866 recte
3034 1811 3345 1867 observavit
3378 1813 3450 1868 La
3475 1814 3658 1870 Croze

2075 1899 2249 1972 (Hist.
2267 1899 2756 1955 duChristianisme
2795 1900 2889 1956 de:
2923 1901 3105 1966 Indos,
3141 1904 3183 1967 Ι,
3214 1920 3272 1974 p.
3299 1906 3370 1960 40
3399 1909 3536 1976 sq.);
3566 1907 3658 1960 id-

2075 2007 2183 2062 que
2215 1992 2389 2060 magis
2441 1991 2512 2046 iis
2565 1991 2814 2046 ﬁrmatur
2854 2010 2978 2064 qua:
3017 1993 3228 2052 Semler
3267 1996 3438 2065 (Hist.
3462 1997 3654 2056 ecclcs.

2075 2082 2270 2135 selecta
2305 2083 2482 2150 capita
2511 2083 2550 2146 I,
2578 2098 2632 2154 ι).
2663 2084 2761 2138 HI
2795 2087 2906 2156 sq.)
2937 2102 3001 2141 ex
3040 2087 3408 2158 Topographia
3433 2091 3523 2144 illa
3552 2107 3658 2146 ex-

2075 2176 2300 2245 cerpsit,
2332 2190 2644 2246 quanquam
2671 2179 2987 2234 accuratius
3033 2181 3198 2234 etiam
3228 2180 3416 2235 doceri
3447 2190 3653 2252 potest.

2077 2267 2182 2322 Sed
2211 2282 2335 2322 eum
2367 2266 2690 2326 Theodorus
2717 2278 2773 2324 et
2795 2269 3045 2336 Cosmas,
3071 2271 3174 2326 etsi
3205 2273 3457 2328 doctrina
3483 2275 3660 2330 simil-

2075 2358 2211 2422 limi,
2236 2357 2533 2414 dissimiles
2560 2367 2744 2415 tamen
2763 2369 2950 2416 essent
2985 2369 3247 2431 tempore,
3285 2363 3465 2420 indole
3487 2374 3658 2435 atque

2074 2451 2402 2513 eruditione,
2455 2466 2609 2520 aeque
2645 2467 2779 2508 sane
2820 2455 3124 2524 jucundum
3163 2465 3327 2527 atque
3383 2458 3516 2513 utile
3567 2469 3658 2516 cst

2075 2551 2370 2612 utrumque
2428 2542 2574 2597 inter
2624 2559 2684 2598 se
2732 2560 3082 2615 componere,
3111 2548 3258 2617 quod
3290 2549 3469 2604 alieno
3502 2565 3658 2605 certe

2074 2634 2304 2687 locoltic
2335 2632 2594 2690 facerem.
2627 2634 2698 2690 Ut
2757 2645 2917 2693 caute
2965 2647 3144 2695 tamen
3185 2640 3330 2693 illam
3385 2641 3658 2712 Topogra-

2073 2728 2273 2795 phiam,
2307 2743 2426 2796 quae
2469 2727 2790 2784 Theodorea
2844 2733 3073 2801 aperiat.
3120 2733 3380 2790 adhibeas
3432 2750 3654 2789 moneo.

2072 2819 2343 2873 Cieterum
2371 2820 2692 2886 conjectura
2730 2821 2876 2876 haud
2915 2824 3256 2894 improbabili
3303 2825 3455 2880 dicas
3483 2824 3659 2880 Joan-

2074 2924 2197 2964 nem
2231 2907 2512 2980 Phil.,qui
2547 2911 2821 2966 Theodori
2850 2915 3088 2971 asseclas
3115 2916 3317 2987 szrpius
3354 2918 3554 2989 carpit,
3584 2917 3658 2973 ad

2072 3000 2327 3056 Cosmam
2358 3004 2520 3058 etiam
2561 3005 2892 3074 respexisse.

394 3161 559 3215 reret,
597 3153 713 3222 ipse
769 3151 933 3220 etiam
991 3149 1164 3203 multa
1209 3152 1344 3203 mira
1389 3167 1455 3204 cx
1492 3166 1555 3203 ea
1581 3150 1745 3204 eruit.
1777 3150 2040 3230 Magnac
2144 3156 2471 3229 Priusquam
2530 3161 2642 3231 jam
2699 3166 3075 3220 commentarii
3139 3167 3284 3223 illius
3347 3168 3657 3240 fragmenta

394 3255 575 3300 autem
599 3243 817 3298 licentia
836 3241 1117 3296 historiam
1135 3242 1320 3311 lapsus
1343 3241 1647 3312 primorum
1684 3237 1967 3296 hominum

397 3343 714 3407 persecutus
739 3342 822 3389 est
850 3341 1014 3403 atque
1043 3334 1130 3387 hic
1151 3337 1425 3404 praecipue
1444 3348 1642 3386 vanum
1677 3333 1808 3386 illud
1847 3341 1969 3386 stu-

399 3430 543 3484 .lium
572 3427 832 3490 cernitur,
865 3443 973 3496 qtto
994 3426 1156 3481 dubia
1179 3435 1233 3480 et
1261 3427 1416 3494 plane
1436 3427 1647 3480 incerta
1667 3425 1804 3480 mire
1837 3440 1972 3478 con-

397 3521 650 3593 iectando
689 3520 1002 3574 certissima
1054 3519 1312 3575 reddidit.
1371 3519 1540 3573 Multo
1585 3519 1804 3574 brevior
1851 3528 1972 3573 erat

395 3616 618 3670 alterius
675 3612 948 3668 Geneseos
1007 3614 1177 3682 partis
1239 3611 1638 3680 interpretatio,
1698 3611 1970 3680 inprimis

396 3720 618 3780 propter
657 3715 816 3778 typos
867 3707 1258 3762 memorabilis.
1292 3705 1426 3777 Typi
1475 3715 1688 3773 autem,
1725 3722 1865 3775 quos
1915 3708 1970 3760 in

395 3803 676 3873 prophetis
721 3800 890 3856 certis
940 3800 1269 3871 quihusdam
1311 3800 1437 3854 licet
1465 3800 1853 3854 remotioribus
1883 3815 1972 3853 ra-

395 3894 638 3951 tionibus
672 3895 960 3956 nitidicas,
994 3895 1083 3948 hic
1105 3894 1321 3961 quidem
1353 3893 1469 3949 fere
1491 3910 1523 3946 .a
1551 3894 1668 3948 solo
1703 3894 1973 3964 interpre-

395 3989 470 4042 tis
491 3985 719 4040 arbitrio
749 3983 1139 4054 pependerunt.
1168 3983 1310 4049 Quid
1343 3983 1548 4037 multa?
1579 3981 1672 4038 llle
1693 3997 1974 4037 commen-

399 4079 599 4142 tarius,
636 4076 691 4131 in
720 4092 828 4146 quo
879 4060 1203 4130 Theodorus
1250 4075 1394 4130 haud
1439 4090 1563 4129 raro
1596 4063 1776 4129 de'via
1804 4077 1973 4130 eccle-

397 4169 622 4226 siastica
679 4166 991 4231 declinavit,
1037 4165 1212 4221 nostri
1273 4165 1509 4221 indolem
1559 4173 1613 4218 et
1656 4165 1963 4221 doctrinam

2076 3266 2199 3320 (ιιιτθ
2255 3263 2550 3322 supersunt
2601 3271 2949 3324 recenseam,
3004 3259 3072 3314 de
3128 3259 3386 3327 Catenis,
3450 3267 3658 3334 quibus

2078 3345 2315 3399 maxime
2346 3348 2715 3413 continentur,
2747 3364 2921 3419 pauca
2970 3354 3367 3422 praemittenda.
3406 3357 3655 3422 Quarum

2077 3438 2217 3493 tuira
2245 3446 2329 3493 est
2357 3437 2593 3494 Camena
2622 3460 2667 3496 ε.
2703 3444 2989 3512 explicatio
3033 3446 3269 3500 locorum
3311 3449 3401 3518 qui
3431 3451 3484 3502 in
3516 3449 3657 3504 Pen.

2077 3531 2319 3584 tateucho
2352 3531 2776 3588 subobscuriores
2810 3548 3109 3599 occurrunt,
3143 3554 3207 3591 ea:
3242 3539 3474 3608 antiquis
3503 3538 3653 3594 Crit-

2077 3639 2260 3675 corum
2293 3625 2543 3694 theologis
2590 3625 2930 3694 deprompta.
2965 3627 3050 3680 Ea:
3094 3632 3280 3698 quibus
3321 3633 3655 3700 quorundam

2068 3714 2322 3767 hactenus
2369 3714 2503 3767 nihil
2543 3727 2618 3768 est
2667 3719 2721 3770 in
2780 3719 2948 3772 lucem
2999 3720 3203 3774 editum
3245 3738 3263 3775 :
3309 3721 3510 3777 Franc.
3547 3723 3653 3777 Ze-

2069 3805 2235 3875 phyro
2280 3803 2594 3862 Florentino
2625 3810 2924 3878 interprete.
2958 3811 3094 3867 Item
3121 3813 3356 3868 Catltetta
3391 3818 3653 3884 explana-

2068 3897 2271 3950 tionum
2306 3907 2428 3951 vett.
2471 3916 2515 3952 δ.
2555 3899 2778 3954 Patrum
2817 3903 2872 3956 in
2912 3905 3090 3958 omnia
3138 3915 3246 3959 tant
3290 3905 3349 3960 V.
3383 3924 3540 3978 quam
3571 3908 3648 3962 Ν.

2071 3986 2210 4042 Test.
2265 3993 2518 4044 cantica:
2549 3994 2614 4046 ab
2652 3995 2886 4049 Antonio
2916 3995 3117 4068 Carafa
3160 4017 3188 4053 e
3220 3999 3400 4054 (ἐγανεο
3434 4002 3486 4054 in
3519 4001 3647 4058 Lat.

2079 4093 2370 4133 sermonem
2421 4098 2671 4138 conversa
2723 4085 2818 4156 (c).
2877 4087 3065 4142 Colon.
3121 4091 3344 4160 Agripp.
3379 4093 3536 4156 I572,
3589 4093 3646 4149 8.

2073 4169 2353 4241 Zephyrus
2401 4173 2518 4242 ipse
2566 4176 2871 4244 proﬁtetur,
2908 4194 2968 4234 se
3000 4181 3054 4234 in
3103 4183 3464 4240 translatione
3506 4199 3649 4240 eon-

398 4345 571 4399 tarios
600 4344 915 4429 exaravisse
952 4345 1204 4429 opinatus
1230 4348 1335 4429 es't,
1372 4341 1598 4429 alterum
1623 4345 1965 4429 philosophi-

2074 4364 2168 4429 x_av
2215 4351 2512 4429 ῥδιὰϐολρς
2536 4356 2800 4427 τάγματι,
2835 4359 2991 4429 εἴπερ
3029 4357 3135 4429 ἄρα
3168 4362 3262 4416 καὶ
3297 4364 3521 4428 ταύτας.
3549 4367 3650 4421 καὶ

397 4431 523 4469 cum
575 4415 644 4467 ab
706 4410 1004 4475 Ehediesu,
1035 4413 1219 4474 Phot.,
1275 4410 1433 4465 Juan.
1477 4410 1705 4468 Philfet
1754 4419 1807 4469 in
1841 4410 1961 4470 Ἀρι.

397 4500 555 4540 eone.
579 4485 769 4541 Const.
805 4493 1186 4556 memoratum,
1218 4483 1446 4556 alterum
1477 4485 1839 4553 exegeticutn,
1869 4487 1964 4556 qui

399 4558 466 4609 ad
507 4556 748 4623 reliquos
793 4555 958 4607 etiam
989 4553 1342 4607 Pentateuchi
1387 4555 1555 4608 libros
1586 4553 1971 4624 pertinuisset.-

397 4625 584 4694 Neque
615 4626 783 4688 enim,
808 4625 854 4678 si
899 4625 988 4679 ille
1029 4624 1094 4677 ad
1132 4624 1364 4694 amplius
1410 4639 1546 4694 opus
1589 4627 1962 4693 pertinuisset,

399 4693 634 4766 primam
661 4703 870 4748 tantum
899 4703 1107 4766 partem
1140 4694 1194 4766 in
1223 4693 1461 4766 Genesiu
1493 4698 1863 4766 conscriptam
1896 4699 1965 4751 ab

399 4764 670 4821 Ebediesu
696 4763 1049 4819 memoratam
1082 4763 1270 4817 fuisse.
1293 4763 1460 4827 Quasi
1484 4779 1612 4818 vero
1642 4763 1964 4822 Theodorus

400 4837 646 4904 singulos
691 4835 1040 4890 Pentateuchi
1075 4835 1241 4888 libros
1271 4849 1380 4904 non
1416 4834 1647 4903 singulis
1681 4851 1965 4890 commen-

400 4903 557 4960 tariis
595 4910 844 4976 persequi
879 4906 1142 4976 potuisth
1173 4905 1187 4976 ξ
1231 4903 1339 4958 Sed
1365 4919 1472 4976 non
1502 4905 1638 4959 male
1663 4907 1964 4975 conjiceres

332 4970 337 5013 ἶ
398 4977 548 5032 illam
595 4970 896 5045 ἒρμηνὲίαν
943 4975 1043 5044 τῆς
1087 4973 1339 5045 Κτίσεωςᾼ
1375 4975 1680 5029 uberiorem
1709 4970 1976 5045 eamque

399 5041 833 5116 philosophieam
861 5041 1285 5116 dispt'ttationem
1309 5041 1378 5097 de
1392 5044 1658 5111 prioribus
1686 5041 1962 5102 Geneseos

399 5112 672 5186 capitibus
709 5116 900 5176 fuisse,
933 5112 1040 5169 nisi
1078 5112 1343 5169 Ebediesu
1396 5116 1630 5169 niaxime
1659 5117 1821 5170 verba
1856 5117 1961 5170 im-

399 5189 712 5269 ρεειίςηεηιο
732 5195 956 5269 essene
1130 5255 1165 5269 ..
1479 5254 1490 5266 .
1926 5257 1958 5269 ..

473 5256 548 5326 (a)
591 5255 682 5310 Sic
732 5255 1053 5310 Theodorus
1093 5255 1258 5310 etiam
1320 5254 1491 5326 mensi
1544 5253 1711 5310 Nisan
1773 5257 1962 5310 mundi

397 5318 729 5382 creationem
757 5326 1070 5397 assignavit,
1102 5326 1248 5394 quod
1266 5343 1332 5381 ex
1368 5326 1436 5378 iis
1469 5325 1802 5396 intelligitur,
1842 5343 1963 5396 qua:

400 5400 466 5450 de.
493 5399 593 5450 liae
643 5398 910 5465 Ephrzemi
953 5398 1224 5450 sententia
1265 5397 1542 5464 congessit
1575 5399 1712 5452 Caes.
1743 5414 1773 5451 a
1815 5397 1963 5453 Len-

398 5467 559 5538 gerke
597 5468 637 5538 I.
676 5469 710 5538 I.
745 5482 796 5536 p.
827 5467 916 5532 20,
939 5468 1028 5520 21.

473 5538 544 5606 (b)
587 5537 699 5606 Qui
736 5539 898 5606 hujus
930 5553 1052 5606 cap.
1093 5538 1245 5593 locus
1284 5538 1573 5596 admodum
1621 5539 1778 5592 torsit
1804 5541 1964 5594 (Sote-

401 5605 609 5681 Ierittut
635 5605 860 5681 (Eccles.
904 5605 1071 5662 Graec.
1114 5612 1486 5681 monum.,III,
1516 5629 1569 5681 p.
1602 5608 1726 5681 57d)
1755 5610 1826 5681 ita
1859 5610 1958 5681 ha;

400 5677 531 5732 ι›υι;
569 5679 676 5730 Καὶ
711 5681 757 5750 si
809 5681 1216 5750 συνυπέστησαν
1267 5682 1316 5731 οἱ
1358 5677 1575 5750 ἄγγεΧοι
1615 5679 1694 5746 τῷ
1727 5679 1957 5750 ,οὐρανῷ

399 5749 493 5822 ita".
525 5750 588 5822 τῇ
624 5750 708 5822 γῇ,
731 5748 1040 5822 Θαυμαστὸν
1069 5744 1121 5802 εὶ
1142 5749 1319 5822 πέντε
1350 5744 1513 5822 μόνάς
1533 5744 1674 5822 (cad.
1699 5744 1852 5822 εἶπέν
1873 5744 1954 5805 te;

400 5819 569 5874 Cotet.
592 5819 729 5890 conj.
759 5821 950 5888 εἰπεῖν,
985 5825 1038 5886 ς’
1058 5823 1096 5892 ')
1127 5819 1425 5892 ἠμέρας-’ἑν
1453 5819 1675 5891 τῶἰδίῳ
1714 5820 1956 5892 μεμένη-

2071 4419 2150 4498 εζς
2178 4419 2277 4498 τὴν
2301 4425 2568 4498 aquatich
2598 4419 2758 4491 ενῦθίις
2788 4419 2906 4498 ἅμα
2929 4419 3006 4498 τῷ
3033 4419 3286 4497 γὲνὲσθαι
3315 4419 3520 4488 κακίαν
3549 4419 3650 4491 xa‘t

2065 4489 2158 4541 τὸν
2333 4483 2622 4571 ἀνθρώίπου
2642 4483 2850 4571 ⁸φϐδνοι)
2882 4483 3213 4571 ὰῖτῶλίσθενέ
3336 4483 3650 4571 '2'."Ito£{.?l

2067 4575 2166 4614 nes
2198 4560 2542 4644 Theodorum
2573 4560 2794 4636 refutat)
2823 4587 2834 4622 :
2864 4587 2886 4644 r
2919 4568 3114 4644 Si_(ttta
3145 4575 3435 4640 sententia)
3463 4560 3645 4644 angeli

2068 4645 2175 4715 una
2229 4648 2349 4715 cum
2385 4637 2526 4691 caalo
2570 4647 2624 4715 et
2665 4648 2809 4692 terra
2864 4637 3205 4715 I'aeti'sunt,
3232 4637 3450 4702 mirum.
3497 4637 3647 4715 quod

2067 4700 2452 4777 diabolusper
2494 4708 2737 4777 quinque
2782 4717 2988 4763 tantum
3034 4700 3248 4766 dies'in
3299 4731 3402 4768 suo
3441 4700 3648 4771 ordine

2067 4774 2368 4853 permansit
2398 4777 2430 4853 ³(
2449 4774 2662 4830 statuit'
2687 4779 2830 4833 enim
2872 4777 3192 4853 Theodorus
3214 4823 3228 4845 ,
3275 4787 3645 4853 protoplastos

2068 4849 2223 4920 serito
2264 4842 2354 4898 die
2395 4844 2592 4920 factos,
2626 4857 2749 4920 post
2781 4865 2870 4902 sex
2909 4851 3070 4904 horas
3104 4842 3223 4919 ipsa
3260 4842 3485 4911 tiieridie
3514 4873 3642 4910 cum

2068 4918 2299 4981 primum
2349 4918 2621 4970 esurirent
2661 4919 2917 4972 seductos
2965 4923 3101 4976 licus
3132 4918 3313 4978 edisse
3357 4941 3418 4980 ac
3464 4929 3644 4981 triqu

2067 4979 2872 5061 horis-postparadisopulsos
2893 5004 3036 5061 esse.
3074 4991 3157 5045 CI’.
3197 4991 3358 5048 Joan.
3405 4979 3561 5049 Phil.
3596 5012 3639 5061 1⁹

2193 5050 2325 5128 Mar.
2365 5054 2614 5128 lIIere._c.
2649 5050 2699 5120 1,
2733 5074 2784 5128 p.
2809 5058 2958 5126 704),
2984 5062 3028 5114 si
3065 5063 3321 5118 nimirum
3346 5067 3507 5119 etiam
3537 5050 3643 5123 hos

2066 5122 2293 5199 (thesin
2329 5126 2650 5199 s_uo_ordine
2693 5122 2924 5183 mansit.
2950 5129 3076 5184 Ilaec
3108 5133 3243 5188 bene
3277 5133 3481 5199 addita,
3509 5122 3639 5191 nam

2065 5191 2134 5244 de
2184 5190 2455 5248 Theodori
2507 5201 2776 5271 sententia
2833 5199 3084 5257 diabolus
3139 5204 3252 5271 jam
3319 5190 3638 5260 ante'diem

2066 5271 2280 5345 sextum
2329 5268 2572 5334 peccavit
2601 5267 2834 5345 ideoque
2859 5272 2910 5324 in
2945 5267 3158 5345 terram—7
3180 5273 3424 5342 dejectus
3454 5281 3557 5345 est)
3581 5285 3641 5330 et

2067 5333 2264 5410 statim
2287 5333 2419 5410 post
2447 5345 2628 5390 ortum
2676 5333 2968 5394 in'tantam
3004 5333 3298 5410 nequitiain
3348 5355 3402 5398 et
3438 5346 3489 5399 iu
3538 5333 3639 5400 ho-

2066 5403 2229 5486 ininis
2253 5404 2510 5486 invidiam
2544 5412 2727 5476 (quam
2757 5423 2945 5466 contra
2975 5403 3248 5468 hominem
3285 5415 3482 5481 alebat)
3510 5433 3639 5486 pro-

2065 5471 2250 5539 lapsus
2281 5485 2383 5529 est.
2427 5495 2445 5526 ι

2136 5543 2205 5611 (ε)
2248 5542 2373 5598 Haec
2407 5547 2458 5599 in
2497 5547 2718 5604 Cantica
2751 5561 2941 5606 catena
2983 5555 3291 5607 accuratior
3318 5564 3372 5608 et
3420 5558 3636 5612 auctior

2065 5608 2252 5690 et
2285 5614 2402 5690 Lat.
2451 5617 2648 5686 legitur
2674 5621 2727 5673 in
2775 5623 3001 5676 Corder.
3047 5624 3166 5678 Cat.
3197 5626 3250 5678 in
3287 5608 3632 5690 Ps.,7III,V—n—.

2065 5682 2172 5736 855
2206 5699 2290 5766 sq.
2322 5687 2436 5738 Alia
2477 5682 2853 5766 tantummodo
2882 5704 3027 5766 sunt,
3056 5711 3178 5763 quae
3225 5696 3292 5749 ad
3337 5682 3489 5766 dona:
3518 5682 3636 5766 pre-

2065 5768 2158 5835 ges
2210 5757 2478 5825 leguntur.
2526 5757 2672 5835 Nihil
2700 5763 2769 5835 in
2809 5777 2871 5816 ea
2930 5757 3108 5835 inveni
3147 5767 3294 5835 quod
3344 5757 3636 5827 Theodoro

2063 5821 2453 5884 Moosuésteno
2486 5831 2842 5899 probabiliter
2870 5821 3173 5891 tribueres.j
