3804 6222
373 326 443 380 4-5

1277 319 1578 378 OTTONIS
1618 318 1795 373 “ID.
1840 313 2226 370 FRITZSCIIE
2262 313 2759 372 COMMENTATIO

3554 327 3630 381 ιι

373 446 443 498 el.
478 443 544 496 iis
591 457 711 510 qua:
745 438 1066 493 Theodorus
1099 439 1153 491 in
1181 435 1332 507 praef.
1363 434 1431 489 ad
1463 433 1582 500 03.,
1609 433 1676 487 ad
1707 430 1875 502 Soph.
1907 447 1945 492 ι,
1981 435 2025 489 Α
2055 439 2240 500 ageret
2267 433 2405 486 ratio
2444 441 2580 486 erat.
2613 430 2733 486 Non
2769 431 2985 489 caulius
3015 432 3150 488 alter
3198 435 3350 489 locus
3404 439 3624 496 allatus.

372 536 469 589 4-6
489 575 504 597 ,
525 549 607 596 ιιι,
657 533 711 594 5,
767 531 948 598 dixit).
981 529 1074 584 llla
1103 536 1282 584 autem
1306 535 1414 581 tam
1441 525 1732 597 peculiaris
1759 532 1863 589 est,
1890 531 1947 576 ut

373 631 502 701 quid
533 627 806 682 Theodori
835 625 907 682 sit
932 624 1132 695 quidve
1163 623 1344 677 minus
1373 620 1532 676 facile
1573 619 1778 674 videas.
1810 617 1945 671 Illud

375 738 503 778 vero
534 720 738 775 morari
770 734 870 773 nos
902 733 1012 772 non
1056 722 1268 788 potest,
1319 715 1464 784 quod
1495 714 1597 768 tria
1642 713 1761 767 loca
1782 751 1797 775 ,
1828 728 1946 781 qua:

372 818 428 870 in
481 821 586 868 act.
633 828 792 867 conc.
833 811 1023 865 Const.
1053 824 1112 874 ιι,
1153 824 1227 873 tv,
1273 806 1442 860 20-22
1498 802 1706 875 (Vigil.
1753 804 1942 858 Const.

371 906 586 966 ‘2l~‘2'6)
625 923 643 955 ι
679 920 745 960 ev
789 902 1055 973 principio
1107 897 1396 953 commenti
1423 896 1535 966 (a),
1568 896 1711 965 quod
1743 897 1797 948 in
1827 895 1943 949 XII

373 1001 560 1068 proph.
592 997 832 1065 scripsit,
863 1025 932 1036 —-
961 1001 1086 1065 post
1119 992 1224 1045 alia
1257 989 1440 1055 infert,
1465 1019 1536 1030 —
1559 997 1681 1058 post
1709 989 1812 1042 alia
1865 989 1948 1043 in-

374 1091 530 1152 fert,»
559 1088 877 1148 afferuntur,
907 1085 961 1139 in
988 1085 1079 1138 illo
1108 1082 1504 1138 commentario
1533 1096 1641 1134 non
1670 1081 1966 1151 leguntur._

375 1179 673 1235 Sententiae
699 1187 845 1234 certe
868 1192 1006 1247 quas
1026 1174 1307 1229 continent
1323 1171 1654 1228 Theodoreti:
1675 1180 1834 1234 sunt.-
1851 1173 1946 1228 sed

374 1273 535 1327 facile
587 1271 701 1326 fieri
751 1269 964 1340 potuit,
1000 1274 1057 1321 nt
1086 1283 1230 1321 unus
1273 1267 1477 1320 alterve
1505 1265 1776 1319 Theodori
1810 1265 1946 1319 liber

374 1381 474 1434 pro
499 1363 669 1417 altero
694 1362 973 1416 citaretur.
1001 1357 1120 1413 Jam
1147 1373 1275 1412 cum
1303 1359 1456 1412 locus
1485 1357 1578 1426 qui
1606 1357 1658 1410 in
1702 1357 1809 1410 illis
1836 1365 1943 1409 act.

372 1456 444 1509 25
471 1456 736 1524 sequitur,
771 1454 836 1507 ad
869 1468 952 1522 ps.
986 1467 1075 1505 nt
1104 1451 1390 1520 pertineat,
1424 1448 1698 1518 probabile
1727 1449 1828 1501 tria
1858 1448 1946 1502 illa

374 1548 546 1600 locae
574 1546 972 1600 commentario
1001 1545 1054 1596 in
1087 1542 1335 1595 Psalmos
1358 1583 1371 1604 ,
1398 1548 1452 1594 ct
1481 1539 1699 1609 quidem
1734 1555 1798 1593 ex
1829 1539 1947 1606 ejus

373 1637 642 1706 principio
665 1637 740 1704 (ὁ)
775 1635 1095 1704 deprompta
1125 1647 1282 1696 esse,
1327 1646 1449 1685 cum
1483 1632 1785 1701 praesertim
1838 1630 1948 1684 duo

375 1728 676 1798 posteriora
699 1727 760 1780 2|
793 1768 808 1787 ,
837 1724 912 1778 29.
934 1765 949 1788 ,
984 1723 1051 1778 ad
1084 1740 1168 1794 ps.
1205 1739 1272 1776 xv
1309 1729 1362 1777 et
1411 1738 1504 1775 xxt
1544 1730 1808 1790 spectent.
1840 1719 1944 1775 Sed

2055 521 2274 577 Davidis
2303 530 2357 578 et
2406 524 2794 593 prephetarum
2837 525 3096 579 vaticinia
3135 525 3351 580 interno
3388 530 3628 598 quodam

2053 616 2272 670 vinculo
2301 617 2567 670 contineri
2601 616 2735 670 dicit
2763 616 3086 672 Theodorus
3109 657 3123 680 ,
3157 619 3251 672 sed
3299 621 3367 675 de
3416 623 3532 678 suis
3573 625 3628 674 in

2053 719 2114 758 ea
2148 708 2554 762 commentariis
2580 692 2682 761 hbe
2713 708 2893 775 valere
2926 724 2995 763 ne
3025 710 3257 764 obscure
3289 713 3507 780 quidem
3541 715 3627 766 in-

2054 799 2192 852 nuit.
2237 797 2310 852 De
2348 800 2530 854 verbis
2574 801 2695 853 καθ’
2721 800 2757 853 δι
2789 800 3026 870 πρόσθεν
3059 801 3229 871 ἔφθην
3258 803 3427 856 εἰπών
3459 821 3625 872 supra

2052 891 2277 945 dictum.
2303 890 2477 944 Nolim
2502 892 2555 944 in
2583 907 2641 944 rc
2664 900 2770 944 tam
2795 892 3002 945 lubrica
3025 893 3321 962 quidquam
3352 911 3448 963 pro
3477 907 3622 949 certe

2054 980 2340 1043 allirmare,
2369 981 2461 1036 sed
2491 981 2836 1036 Theodorum
2872 984 3248 1054 presbyterum
3272 984 3363 1039 XII
3390 989 3617 1056 prophe-

2056 1081 2139 1128 tas
2162 1074 2442 1143 aliquanto
2478 1083 2599 1144 post
2644 1073 2890 1130 Psalmos
2939 1077 3024 1147 (ν.
3065 1093 3186 1146 quae
3232 1077 3299 1132 de
3343 1094 3539 1133 comm.
3572 1079 3628 1133 in

2055 1165 2303 1220 Psalmos
2335 1181 2501 1236 supra
2535 1166 2815 1238 adnotavi)
2839 1170 3162 1239 explanasse
3192 1173 3499 1226 statuerim.

2124 1255 2410 1319 Codicum,
2454 1270 2562 1310 non
2597 1257 2866 1311 editorum
2902 1259 3145 1314 bonitate
3177 1261 3378 1314 factum
3414 1270 3531 1322 est,
3569 1268 3629 1313 ut

2056 1348 2144 1402 ille
2177 1347 2605 1402 commentarius
2625 1349 2807 1404 minus
2838 1361 3095 1420 corrupte
3124 1352 3305 1407 editus
3349 1353 3442 1407 sit.
3467 1351 3630 1406 Utra-

2053 1456 2159 1511 que
2179 1441 2417 1495 editione
2447 1449 2760 1510 comparata
2788 1441 2926 1496 facili
2961 1444 3177 1514 negotio
3213 1445 3504 1514 plerosque
3537 1461 3627 1499 er-

2055 1549 2208 1586 rores
2259 1533 2350 1602 qui
2406 1533 2458 1586 in
2507 1549 2629 1587 eum
2666 1533 3047 1604 irrepserunt,
3080 1537 3147 1590 de
3202 1538 3378 1591 medio
3441 1538 3630 1590 tollere

2054 1635 2229 1694 potes.
2268 1625 2341 1679 De
2379 1625 2658 1680 nonnullis
2692 1633 2904 1681 tantum
2933 1629 3068 1683 locis
3095 1630 3368 1699 corruptis
3404 1629 3493 1683 hic
3538 1629 3629 1697 ju-

2055 1718 2256 1772 dicium
2298 1734 2476 1773 meum
2505 1720 2883 1789 qualecunque
2911 1721 3256 1791 interponere
3301 1722 3494 1791 placet.
3528 1721 3623 1774 Os.

375 1796 442 1874 de
463 1834 669 1888 nupera
706 1817 828 1870 Maii
871 1819 1138 1872 sententia
1188 1814 1224 1868 l.
1265 1815 1303 1868 l.
1339 1813 1601 1883 praemisit
1631 1813 1948 1866 Theodorus
1984 1796 2022 1848 Β
2060 1828 2096 1872 ι,
2134 1812 2189 1873 2,
2221 1811 2511 1881 pr0phctas
2541 1813 2709 1865 nmlta
2750 1828 2887 1866 nova
2943 1814 3140 1868 fecisse
3178 1825 3339 1882 atque
3385 1811 3626 1867 inaudita

373 1909 761 1966 commentario
779 1909 1027 1978 generale
1048 1908 1261 1977 aliquod
1283 1907 1603 1977 prommium
1631 1906 1684 1959 in
1712 1907 1948 1961 minores

376 2003 668 2073 prophetas
691 2039 705 2063 ,
747 2007 965 2068 propter
996 1998 1359 2052 reverentiam
1404 1996 1636 2050 fortasse
1663 2011 1790 2064 erga
1820 2011 1948 2049 con-

374 2092 560 2151 cilium
581 2130 596 2154 ,
649 2091 703 2144 in
753 2089 911 2144 codd.
937 2089 1226 2143 omissum.
1260 2089 1403 2140 Idem
1439 2086 1582 2140 enim
1611 2095 1663 2139 ct
1697 2084 1949 2138 Theodo-

373 2192 554 2239 retum
582 2182 776 2237 fecisse
801 2189 856 2235 et
886 2180 1048 2233 verba
1090 2180 1255 2233 etiam
1284 2176 1406 2230 καθ’
1438 2176 1474 2230 δι
1505 2177 1738 2248 πρόσθεν
1778 2176 1948 2247 ἔφθην

373 2275 544 2330 εἰπών
576 2275 663 2345 (v.
695 2282 988 2328 comment.
1023 2286 1078 2341 p.
1112 2273 1166 2340 1)
1191 2312 1205 2336 ,
1242 2269 1287 2325 si
1323 2276 1448 2324 ante
1489 2272 1546 2322 ὲν
1587 2269 1821 2338 ψαλμοῖς
1871 2270 1948 2321 itt-

375 2378 728 2439 terpungatur
751 2365 849 2434 (ita
880 2363 1023 2418 haud
1049 2363 1214 2418 dubie
1233 2363 1775 2434 interpungendum),
1803 2361 1944 2414 haud

374 2477 487 2515 rem
523 2460 578 2514 in
610 2459 716 2512 alio
764 2470 931 2526 opere
968 2454 1171 2510 dictam
1217 2453 1498 2509 denotare.
1533 2451 1590 2505 Si
1643 2453 1948 2506 scribamus

373 2568 472 2622 pro
498 2553 593 2616 Εἰς
618 2550 836 2620 ἔλεγχον
862 2548 970 2601 τῶν
997 2565 1051 2601 κ.
1071 2547 1208 2608 τ.λ.,
1237 2547 1332 2608 Εἰς
1358 2546 1436 2598 ἓλ.
1464 2540 1578 2599 οὖν
1596 2544 1704 2597 τῶν
1724 2562 1779 2596 κ.
1800 2562 1849 2597 τ.
1870 2543 1944 2607 λ.,

373 2641 514 2696 hanc
545 2656 704 2694 unam
740 2639 1062 2709 particulam
1097 2638 1230 2692 satis
1266 2637 1396 2690 illud
1435 2637 1758 2705 proremium
1805 2633 1948 2688 indi-

371 2749 521 2788 care.
546 2730 809 2802 Equidem
837 2729 1087 2800 quamvis
1123 2731 1447 2798 proremium
1479 2726 1545 2781 ad
1564 2726 1790 2798 Tyrium
1819 2741 1949 2795 prae-

373 2826 604 2881 missum
641 2823 812 2877 fuisse
835 2823 1066 2876 credam
1097 2862 1110 2884 ,
1145 2821 1273 2874 mihi
1303 2829 1482 2873 tamen
1542 2818 1784 2872 nondum
1825 2834 1948 2888 per-

373 2917 564 2979 suasi,
616 2914 706 2968 illa
756 2913 860 2965 tria
890 2913 1008 2966 loca
1053 2909 1268 2980 (Maius
1303 2909 1450 2963 etde
1485 2908 1680 2980 Wegn.
1719 2909 1786 2963 de
1838 2924 1948 2963 uno

375 3016 588 3061 tantum
613 3007 931 3075 loquuntur,
951 3003 1044 3060 sed
1065 3002 1367 3074 posteriora
1387 3003 1496 3056 duo
1523 3003 1641 3055 loca
1671 3016 1735 3054 ex
1756 3001 1946 3055 eodem

376 3101 513 3152 lihro
536 3110 751 3168 sumpta
779 3113 901 3153 esse
927 3104 983 3150 et
1007 3096 1156 3149 illum
1198 3095 1358 3163 paulo
1391 3101 1512 3162 post
1544 3093 1828 3162 excepisse
1851 3092 1943 3162 qui

374 3207 438 3246 ea
462 3191 734 3259 excerpsit
762 3191 978 3253 verbis,
1017 3196 1133 3256 post
1180 3187 1292 3240 alia
1339 3185 1498 3254 infert
1549 3183 1848 3255 indicavit)
1881 3199 1945 3239 ex

373 3297 440 3336 eo
471 3283 635 3351 petita
660 3296 801 3334 esse.

450 3373 585 3428 Hire
631 3387 802 3441 nuper
835 3369 974 3424 Vict.
1024 3369 1091 3425 de
1119 3367 1393 3438 Wegnern
1446 3367 1481 3420 l.
1512 3382 1596 3431 c.,
1634 3382 1687 3436 p.
1719 3382 1831 3419 χιιι
1865 3381 1949 3434 sq.

374 3467 626 3522 evincere
652 3463 877 3530 studuit,
899 3461 1244 3516 Theodorum
1269 3460 1524 3528 juvenem
1556 3475 1680 3512 cum
1705 3458 1951 3512 Psalmos

375 3557 731 3626 explicuisset
783 3563 837 3609 et
885 3553 1118 3606 fortasse
1151 3553 1314 3605 etiam
1348 3551 1640 3619 prophetas
1691 3551 1950 3617 majores,

373 3648 469 3702 Xll
503 3647 798 3718 prophetas
836 3645 1073 3698 minores
1110 3643 1528 3711 interpretatum
1563 3657 1706 3695 esse.
1752 3642 1951 3695 Attulit

374 3743 516 3796 hanc
542 3741 596 3794 in
627 3755 740 3794 rem
767 3739 871 3793 loc.
900 3737 1171 3791 Theodori
1195 3737 1263 3788 ad
1291 3734 1454 3788 Zach.
1487 3750 1564 3797 lx,
1591 3734 1651 3788 9:
1689 3734 1950 3804 Ὀπεροῦν

375 3833 479 3902 (se.
511 3832 619 3883 τῶν
652 3830 858 3902 χρόνων
891 3829 988 3900 τὴν
1030 3826 1326 3896 ἐναλλαγὴν
1381 3826 1630 3896 ποικίλην
1667 3820 1807 3878 εἶναι
1858 3825 1952 3877 ἐπὶ

371 3922 470 3990 τῆς
526 3919 675 3978 θείας
715 3916 979 3988 Γραφῆς)
1014 3916 1102 3968 διὰ
1133 3915 1340 3967 πολλῶν
1369 3916 1531 3984 ἡμεῖς
1574 3913 1629 3966 ἐν
1658 3931 1715 3966 τε
1749 3917 1814 3984 τῇ
1840 3915 1948 3966 τῶν

371 4010 602 4078 ψαλμῶν
634 4007 898 4079 ἑρμηνείᾳ
944 4007 1036 4060 καὶ
1064 4005 1156 4058 ἐπὶ
1188 4005 1296 4057 τῶν
1331 4003 1625 4075 προφητῶν
1668 4004 1949 4075 ἐδείξαμεν

374 4101 698 4172 αὐτάρκως,
728 4107 783 4152 et
815 4098 935 4151 init.
974 4099 1128 4168 praef.
1164 4097 1216 4149 in
1259 4095 1352 4150 Os.
1393 4094 1506 4149 Hoc
1561 4110 1627 4150 ex
1683 4097 1864 4166 priore
1912 4097 1948 4150 l.

373 4193 550 4262 sequi,
578 4207 700 4244 ('uln
735 4188 1056 4244 Theodorus
1087 4187 1231 4257 quod
1268 4188 1534 4242 universae
1563 4185 1620 4241 S.
1647 4187 1948 4257 Scriptura:

374 4287 658 4356 proprium
679 4300 802 4340 esse
831 4284 999 4347 dicat,
1025 4283 1077 4336 in
1110 4270 1450 4335 Psalmorum
1478 4289 1533 4336 et
1557 4281 1948 4350 prophetarum

373 4377 827 4448 interpretatione
858 4392 887 4429 a
918 4391 976 4429 se
1004 4374 1310 4444 expositum
1350 4380 1601 4428 Iestetur.
1632 4372 1737 4429 Sed
1768 4374 1948 4429 Theo-

2058 1900 2378 1957 Theodorus
2402 1903 2568 1972 dicit,
2600 1918 2709 1971 quo
2738 1904 3018 1956 hominum
3051 1905 3429 1959 curiositatem
3479 1906 3629 1959 exci-

2057 2001 2235 2047 tarent
2294 1993 2508 2062 sibique
2544 1993 2774 2048 docendi
2835 1995 3180 2050 occasionem
3227 2007 3501 2064 pararent.
3548 1995 3628 2049 Ita

2055 2083 2249 2138 Oscam
2281 2092 2520 2137 scortum
2555 2085 2609 2138 in
2634 2085 3040 2139 matrimonium
3072 2087 3313 2141 duxisse.
3354 2088 3418 2139 ἸΙ
3441 2087 3517 2151 δὲ,
3547 2087 3630 2141 in-

2054 2177 2172 2246 quit
2202 2176 2289 2231 ed.
2339 2175 2406 2231 de
2435 2175 2634 2244 Wegn.
2671 2191 2723 2244 p.
2769 2176 2835 2230 10
2858 2217 2871 2240 ,
2907 2176 3000 2230 τοῦ
3047 2178 3330 2248 γινομένου
3376 2180 3632 2250 καινότης

2053 2268 2305 2339 ἀφορμὴν
2330 2269 2500 2322 ἐδίδου
2533 2269 2610 2339 τῷ
2649 2271 2902 2342 προφήτῃ
2937 2271 3004 2324 τὰ
3063 2274 3407 2343 προσήκοντα
3450 2273 3631 2342 λέγειν

2056 2362 2192 2432 πρὸς
2219 2363 2412 2425 αὐτοὺς
2434 2403 2448 2424 ,
2488 2363 2622 2433 πρὸς
2649 2362 2728 2432 τῷ
2758 2363 2775 2432 (
2799 2363 2922 2418 cod.
2955 2361 3191 2419 Vindob.
3211 2402 3226 2427 ,
3263 2365 3324 2418 τὸ
3348 2383 3396 2420 c.
3423 2363 3628 2429 Vatic.)

2055 2454 2148 2506 καὶ
2181 2453 2348 2524 πολλῇ
2401 2457 2466 2524 τῇ
2503 2454 2801 2526 παραθέσει
2845 2454 3066 2524 μείζονα
3115 2455 3399 2525 φαίνεσθαι
3434 2458 3493 2511 τὸ
3538 2459 3658 2520 τὸν,

2055 2543 2174 2596 θεὸν
2206 2544 2474 2616 αἱρεῖσθαι
2512 2544 2684 2608 οὕτως
2714 2546 3042 2616 ἀγνωμόνων
3085 2548 3292 2618 ἀνδρῶν
3325 2551 3402 2613 εἰς
3433 2551 3628 2618 ἐπιμέ-

2053 2637 2200 2690 λειαν
2231 2638 2420 2691 ἑαυτὸν
2454 2638 2717 2701 κατιέναι,
2767 2637 2907 2706 εἴγε
2941 2639 3034 2692 καὶ
3069 2639 3158 2693 τὸν
3191 2642 3469 2711 προφήτην
3500 2643 3634 2694 θαυ-

2058 2730 2260 2800 μαστὸν
2284 2725 2352 2800 ἦν
2383 2760 2452 2768 -
2475 2731 2555 2791 εἰς
2585 2729 2788 2799 πόρνης
2816 2729 3033 2800 ὁμιλίαν
3072 2706 3407 2802 χωρεῖ-νίιλο
3427 2706 3648 2802 Wegn.’

2055 2821 2202 2890 conj.
2262 2822 2396 2890 πρὸς
2445 2821 2524 2892 τῷ
2581 2839 2635 2874 κ.
2698 2820 2974 2891 πολλῷ-
3002 2824 3183 2892 μεῖζον
3215 2825 3630 2892 ἀναφαίνεσθαι.

2057 2911 2183 2980 Leg.
2217 2941 2277 2953 --
2308 2911 2442 2982 πρὸς
2475 2914 2535 2964 τὸ
2576 2916 2669 2979 (v.
2707 2929 2758 2964 v.
2797 2927 2846 2965 c.
2888 2928 2941 2982 p.
2978 2913 3126 2983 250)
3170 2931 3223 2966 κ.
3262 2915 3427 2985 πολλῇ
3478 2933 3528 2968 τ.
3567 2934 3631 2968 π.

2058 3003 2240 3074 μεῖζον
2271 3005 2458 3071 ἀναφ.,
2491 3005 2528 3057 i.
2561 3019 2612 3058 e.
2651 3019 2760 3073 quo
2804 3005 2980 3072 majus
3011 3008 3178 3059 multa
3208 3009 3370 3061 etiam
3407 3025 3634 3078 compa-

2057 3096 2266 3150 ratione
2292 3103 2596 3165 appareret.
2615 3095 2792 3165 [Eque
2821 3096 2956 3150 bene
2987 3113 3050 3151 ac
3081 3114 3132 3152 v.
3160 3114 3209 3152 c.
3230 3115 3280 3168 p.
3301 3100 3425 3162 250,
3460 3102 3630 3172 πολλὴ

2054 3188 2336 3258 πολιορκία
2356 3228 2369 3248 ,
2407 3203 2459 3257 p.
2491 3187 2598 3241 242
2620 3226 2634 3253 ,
2669 3187 2834 3250 πολὺς
2865 3186 3125 3253 θάνατος,
3161 3207 3210 3258 p.
3249 3191 3371 3254 ειιι,
3408 3209 3466 3245 π.
3494 3194 3633 3265 θρῆ-

2053 3298 2142 3342 νος
2163 3320 2177 3338 .
2211 3297 2264 3350 p.
2292 3281 2414 3346 659.,
2467 3297 2528 3333 π.
2557 3280 2824 3351 εὐκοσμία
2848 3323 2861 3346 ,
2908 3281 3072 3336 habet
3110 3282 3276 3352 πολλὴ
3308 3301 3440 3354 παρ.
3474 3301 3631 3338 com-

2052 3375 2265 3442 paratio
2288 3373 2474 3427 multis
2497 3373 2802 3427 rationibus
2823 3373 3097 3438 instituta,
3122 3373 3282 3444 idque
3304 3392 3404 3429 cur
3422 3376 3630 3432 dictum

2053 3467 2118 3529 sit
2153 3467 2437 3536 sequentia
2468 3467 2674 3521 indicio
2702 3476 2851 3521 sunt.
2881 3498 2950 3506 ——
2981 3465 3074 3522 Os.
3117 3485 3165 3521 vt
3188 3510 3200 3531 ,
3237 3468 3288 3527 '5.
3325 3486 3424 3538 pro
3465 3489 3635 3540 μετα-

2051 3558 2282 3612 ϐαλόντα
2309 3559 2414 3629 leg.
2442 3558 3025 3629 μεταϐαλόντος-05.
3047 3576 3119 3625 v1,
3151 3561 3204 3620 6.
3233 3578 3284 3630 p.
3305 3564 3390 3617 58.
3422 3581 3518 3633 pro
3540 3568 3635 3619 εὐ-

2050 3652 2204 3716 τελές
2234 3667 2424 3707 vereor
2456 3667 2524 3707 ne
2547 3651 2702 3706 ,ἔλεον
2729 3652 3128 3706 restituendum
3165 3654 3342 3707 sit.——
3375 3653 3468 3711 Os.
3507 3675 3631 3723 ιιιιι,

2054 3745 2144 3808 10,
2169 3759 2269 3814 pro
2301 3744 2546 3812 καίτοιγε
2575 3744 2754 3799 scribe
2781 3743 2922 3796 κατὰ
2949 3744 3008 3796 τὸ
3036 3745 3144 3814 γὰρ
3170 3787 3185 3809 ,
3213 3757 3264 3799 et
3297 3747 3456 3814 paulo
3509 3761 3633 3817 post

2053 3850 2152 3904 pro
2183 3834 2354 3905 κρίνει
2396 3836 2571 3904 κρινεῖ
2616 3849 2684 3887 ac
2726 3849 2825 3904 pro
2858 3834 2949 3886 ἐπὶ
2996 3835 3205 3898 τούτοις
3249 3837 3340 3888 ἐπὶ
3384 3838 3629 3902 τούτους.

2052 3925 2342 3989 Ιιιίά.-ῶς
2367 3925 2431 3978 ἂν
2454 3924 2526 3995 μὴ
2547 3925 2930 3994 ἀντιπράττειν
2957 3927 3083 3995 ὑμῖν
3105 3926 3173 3980 τὰ
3201 3927 3461 3983 κάλλιστα
3488 3931 3632 4002 ὑπὲρ

2054 4019 2208 4090 ὑμῶν
2261 4016 2741 4088 διαπραττομένοις
2787 4017 3022 4088 δοκοίην.
3079 4017 3183 4073 Sed
3232 4022 3354 4075 cod.
3409 4022 3526 4078 Vat.
3557 4055 3634 4064 -—-

2054 4110 2195 4181 ὑπὲρ
2242 4107 2450 4162 ἑαυτῶν
2507 4108 3008 4179 διαπραττομένοις.
3064 4140 3132 4150 -—-
3177 4110 3300 4166 Harc
3344 4113 3480 4168 bene
3532 4131 3632 4184 per

2053 4201 2287 4256 ironiam
2333 4200 2499 4255 dicta.
2548 4200 2623 4254 De
2666 4198 2863 4270 Wegtt.
2895 4201 3126 4256 debebat
3167 4203 3634 4277 διαπραττόμενος

2052 4292 2316 4346 scribere.
2345 4320 2415 4332 —
2439 4290 2533 4345 Os.
2566 4305 2664 4343 xm
2688 4331 2703 4356 ,
2733 4290 2801 4344 15
2820 4331 2833 4354 ,
2877 4292 3062 4365 ἐπειδὴ
3108 4294 3284 4347 τοίνυν
3311 4297 3535 4366 αἰχμαλ.
3559 4328 3636 4338 -

2013 4410 2020 4416 ο
2053 4381 2212 4451 Conj.
2262 4382 2351 4436 ὲπ.
2387 4380 2543 4434 τονῢν
2589 4384 2745 4450 αίχμ.
2775 4411 2844 4421 -
2885 4381 3021 4438 Joel.
3062 4402 3121 4450 ιι,
3152 4387 3207 4448 2,
3243 4387 3422 4442 πάντα
3469 4390 3633 4442 καθε-

372 4474 542 4528 dorus
571 4486 695 4526 cum
724 4468 943 4539 juvenis
972 4466 1216 4522 Psalmos
1255 4466 1592 4535 explicaret,
1632 4467 1943 4522 accuratius

2058 4475 2236 4530 στῶτα
2265 4516 2282 4542 ,
2361 4474 2546 4528 malim
2623 4474 2832 4538 πάντας
2904 4476 3268 4542 καθεστῶτας.
3319 4510 3389 4520 -
3438 4484 3629 4538 Amos.

373 4565 569 4634 lingua:
601 4563 840 4616 rationes
871 4557 1156 4628 exposuit,
1195 4571 1368 4626 eoque
1412 4558 1583 4627 magis
1616 4573 1724 4627 quo
1764 4559 1948 4615 minus

374 4655 685 4726 hujusmodi
723 4669 811 4709 res
840 4653 908 4707 ab
931 4652 1052 4706 aliis
1078 4650 1468 4720 interpretibus
1493 4651 1794 4707 illustratas
1820 4668 1946 4708 esse

370 4750 611 4805 videbat.
661 4745 842 4813 Quare
869 4745 1065 4800 iterum
1097 4743 1404 4812 iterumque
1429 4744 1682 4798 lectorem
1721 4745 1945 4804 uberius

370 4840 429 4896 in
472 4839 814 4894 Psalmorum
867 4837 1311 4906 interpretatione
1348 4836 1626 4906 disputata
1676 4821 1947 4907 inspicere

367 4933 541 5004 jubet.
584 4931 907 4998 Quanquam
959 4928 1061 4982 hoc
1109 4943 1278 4982 unum
1336 4928 1495 4982 istam
1532 4929 1943 4985 conclusionem

371 5026 614 5088 conlicit,
643 5023 786 5092 quod
818 5037 916 5074 cur
945 5020 1013 5075 de
1054 5020 1146 5073 illa
1189 5028 1492 5089 temporum
1532 5021 1777 5091 euallage
1803 5037 1940 5092 pra:-

370 5119 530 5187 cipue
577 5117 630 5170 in
662 5114 1002 5169 Psalmorum
1056 5113 1550 5184 prophetarumque
1596 5116 1944 5173 enarratione

443 5273 520 5337 (ιι)
557 5269 688 5323 Voc.
719 5279 1088 5330 commentum,
1119 5266 1261 5335 quod
1301 5267 1353 5320 in
1392 5268 1514 5320 Act.
1551 5283 1707 5323 conc.
1740 5269 1932 5326 Const.

373 5357 409 5394 ιι
440 5341 639 5408 szepius
674 5342 865 5409 legitur
890 5339 1030 5392 Maio
1054 5339 1240 5405 juuice
1268 5337 1301 5390 ι.
1338 5339 1397 5399 l.,
1437 5338 1656 5394 librario
1686 5339 1934 5407 debetur,

372 5411 462 5480 qui
512 5426 618 5464 non
654 5411 978 5464 intellexerit
1017 5410 1206 5462 littera:
1237 5409 1630 5480 compendium
1671 5427 1796 5464 cum
1844 5429 1940 5467 su-

375 5475 650 5550 pra-posita
706 5481 921 5534 lineola.
979 5479 1200 5550 Contra
1237 5475 1389 5550 Vict.—
1417 5476 1499 5550 de
1544 5477 1738 5549 Wegn.
1803 5483 1838 5535 Ι.
1876 5484 1938 5548 1.,

373 5547 426 5620 p.
460 5547 570 5606 va.
606 5550 1038 5604 commentarium
1066 5548 1164 5602 levi
1192 5547 1389 5616 ingenii
1417 5548 1538 5603 lusu
1578 5551 1631 5602 in
1655 5547 1939 5606 commata;

375 5633 482 5673 tum
518 5623 794 5688 opprobrii
830 5624 995 5674 causa
1041 5626 1304 5671 mutatum
1338 5633 1459 5672 esse
1497 5620 1772 5687 opinatur.
1801 5621 1937 5678 Male

372 5702 620 5759 uterque.
649 5691 1025 5759 tinnimentum
1061 5689 1284 5759 serioris
1319 5692 1578 5755 temporis
1608 5693 1934 5746 vocabulum

371 5771 474 5829 est,
510 5758 616 5828 quo
650 5778 700 5814 v.
740 5779 789 5816 c.
833 5762 945 5830 ipse
977 5758 1104 5830 Fac.
1138 5774 1221 5830 ιιι,
1257 5758 1318 5830 6_.
1350 5774 1481 5830 usus
1509 5768 1610 5830 est.
1643 5759 1937 5830 Pompeius

370 5825 716 5886 Commeatus”
749 5825 882 5885 artis
915 5828 1105 5884 Donati
1140 5827 1242 5897 (ed.
1279 5825 1368 5882 Fr.
1395 5827 1752 5885 Lindemann.
1783 5825 1934 5904 Lips.

2047 4569 2308 4630 Promm.,
2352 4565 2449 4619 εἴτ’
2480 4560 2573 4620 οὖν
2602 4569 2730 4632 τοὺς
2765 4568 2986 4632 λοιποὺς
3031 4571 3155 4633 τοὺς
3211 4571 3310 4639 τῆς
3354 4573 3630 4642 βασιλείας

2045 4659 2262 4729 ἐκείνης
2287 4687 2374 4712 -.
2407 4655 2513 4710 Pro
2541 4656 2760 4722 λοιπούς
2805 4659 2907 4727 leg.
2944 4675 3140 4714 censeo
3176 4662 3508 4731 περιοίκους.
3558 4695 3631 4704 -

2045 4752 2168 4804 Am.
2197 4765 2271 4804 vtt
2297 4789 2312 4813 ,
2347 4750 2442 4804 1οὸ
2462 4789 2478 4813 ,
2513 4749 2695 4820 μεῖζον
2727 4749 2908 4818 (codd.
2941 4751 3183 4821 μείζονα)
3217 4751 3444 4822 ίλασμοῦ
3472 4785 3540 4796 -—
3568 4758 3636 4810 τὸ

2047 4841 2268 4913 πλῆθος.
2297 4871 2367 4880 -
2390 4843 2511 4894 Am.
2543 4857 2640 4906 vtt,
2669 4839 2788 4907 4-6,
2827 4840 2948 4895 καθ’
2983 4841 3051 4911 ἣν
3100 4843 3299 4912 (δίκην)
3340 4844 3512 4899 ἅπασι
3557 4847 3637 4900 δι-

2055 4934 2244 4999 κάζειν
2275 4932 2432 4987 εἴωθε
2469 4934 2580 4996 τοῖς
2631 4932 2939 5004 ἀνθρώποις
2969 4942 2983 5001 (
3009 4935 3166 4990 codd.
3223 4937 3630 5009 ἀνθρωπίνοις).

2055 5056 2126 5066 —
2156 5024 2298 5079 Abd.
2335 5039 2479 5079 vers.
2508 5023 2559 5086 1,
2591 5023 2686 5075 καὶ
2712 5023 2810 5092 τὴν
2836 5023 3180 5077 διδασκαλίαν
3207 5026 3316 5079 τῶν
3359 5031 3636 5100 ἐσομένων

2052 5115 2290 5188 ὡσπερεί
2325 5115 2506 5186 (codd.
2541 5115 2616 5178 ὡς
2651 5115 2798 5186 περί.
2823 5114 2946 5168 Mai.
2977 5125 3031 5170 ct
3054 5117 3120 5171 de
3154 5117 3350 5188 chn.
3379 5123 3522 5190 conj.
3554 5122 3635 5186 ὡς

2037 5273 2196 5336 18%,
2231 5274 2285 5343 8)
2320 5273 2568 5344 scripsit.
2600 5272 2820 5328 Exstitit
2852 5289 2918 5328 ex
2951 5274 3039 5327 illa
3086 5291 3218 5329 voce
3261 5275 3523 5334 Italorum
3591 5284 3634 5336 il

2037 5355 2327 5398 commento
2342 5378 2354 5392 ο

2108 5415 2180 5484 (b)
2210 5413 2295 5468 Ci.
2327 5412 2518 5468 Leont.
2551 5414 2693 5486 l.7c.,
2715 5431 2769 5486 p.
2803 5413 2928 5480 690,
2964 5432 2982 5464 ι
3003 5445 3076 5486 -έ
3101 5418 3630 5486 et_pra:nteditatio-

2039 5493 2570 5558 nemexczecantein
2604 5485 2657 5538 in
2693 5484 2751 5558 ε’.
2773 5486 2861 5540 Ps.
2887 5505 2910 5558 r
2957 5485 3110 5558 (cod._
3142 5484 3263 5541 Vat.
3289 5526 3304 5548 ,
3341 5487 3438 5558 τὴν
3489 5492 3634 5541 κατὰ

2039 5552 2146 5606 τῶν
2165 5554 2342 5627 ίερῶν
2367 5555 2612 5627 Ψαλμῶν
2633 5552 3347 5627 τυφλοποιὸνπροοεωρίαν)
3368 5599 3381 5615 ,
3397 5552 3627 5611 ’Τιοριιιί

2043 5640 2129 5692 ap.
2164 5623 2292 5678 Fac.
2335 5641 2417 5685 ιιι,
2463 5625 2564 5676 ὃς(
2602 5657 2670 5666 -
2701 5623 2872 5696 magis
2929 5623 3266 5694 negligenter
3323 5623 3631 5696 composita

2045 5703 2172 5767 sunt
2213 5696 2577 5767 plurimaisc.
2605 5697 2661 5749 in
2692 5696 2781 5751 Ps.
2807 5713 2837 5749 a
2865 5701 2993 5761 me),
3023 5707 3087 5767 et
3117 5698 3352 5752 maxime
3385 5699 3480 5750 illa
3512 5717 3633 5767 qua?

2041 5766 2214 5830 prima
2233 5775 2374 5818 sunt.
2392 5783 2408 5814 ι
2434 5766 2634 5840 itaque
2661 5768 2748 5822 illa
2776 5768 2894 5822 loca
2923 5783 2989 5823 cx
3021 5766 3122 5822 hac
3149 5767 3460 5840 προθεωρίᾳ
3483 5766 3637 5823 sun.-

2044 5846 2134 5904 pta
2170 5848 2292 5892 esse
2322 5835 2503 5892 credo.
