3804 6222
147 403 212 455 45
895 410 980 463 DE
1022 410 1371 466 THEODOIII
1415 413 1900 470 IIOI’SUESTENI
1947 416 2103 470 VI'I‘.\
2151 415 2234 468 ΕΤ
2280 414 2610 471 StllllPTlS.
3319 423 3385 473 .tti

149 517 329 586 παρά)
362 534 505 578 τινος
536 517 822 582 λαλοῦντος
853 521 1126 592 ὑπήκουον
1153 553 1312 576 -.-
1354 525 1490 577 Abd.
1528 526 1691 578 I‘Z-III

1823 528 1980 590 ratio,
2010 544 2109 582 cur
2141 529 2296 583 cll‘ata
2331 531 2492 583 modo
2531 530 2598 584 ad
2651 545 2735 584 res
2763 529 3074 585 Judzeorum
3104 533 3384 602 Assyrias.

147 607 215 659 Τὸ
244 609 312 678 μὴ
349 608 532 678 (codd.
564 610 683 678 μὲν)
718 611 903 682 ἐπίδῃς
933 613 1054 665 ἀντὶ
1092 614 1184 666 τοῦ
1229 616 1315 668 ἵνα
1348 615 1421 687 μὴ
1473 617 1714 686 ὲφησθῇς

149 694 285 760 λέγει
313 724 482 748 -.—-
511 694 634 749 Jon.
695 715 746 767 p.
787 699 890 752 154
917 739 931 761 ,
967 700 1054 754 διὰ
1099 710 1222 772 post
1265 703 1363 775 τὴν
1419 705 1714 774 παράδοξον

147 786 336 855 ταύτην
385 787 647 856 ἐργασίαν
693 806 878 844 errore
918 801 1106 845 natum
1148 794 1458 848 delendum.
1495 827 1562 835 —
1586 796 1708 850 Jon.

150 893 185 937 ι,
212 877 263 940 2,
292 876 412 931 fort.
452 879 552 949 leg.
589 909 659 918 —-
692 881 723 950 ἣ
758 883 831 952 μὴ
858 883 1316 953 μεταϐαλομένοις
1338 887 1518 956 (codd.
1552 906 1714 957 μετα-

148 969 488 1039 ϐαλομένους)
507 1001 674 1025 —.—
696 973 820 1027 Jon.
858 990 895 1036 ι,
924 976 976 1037 5,
1010 975 1086 1039 ὡς
1113 976 1277 1029 αὑτοῦ
1318 979 1390 1047 μὴ
1439 979 1621 1044 (codd.
1652 978 1712 1031 τό

147 1059 239 1127 γε)
267 1062 646 1129 ἐπιφαίνεσθαι
693 1066 750 1116 ἐν
802 1067 895 1131 (ἐν
935 1067 988 1120 in
1037 1067 1198 1121 codd.
1235 1068 1408 1137 deest)
1440 1072 1549 1132 τοῖς
1599 1072 1714 1122 ἐκεῖ

145 1150 320 1212 τόποις
356 1152 488 1222 μηδὲ
533 1183 602 1191 -
635 1156 987 1224 ἀνεχομένου.
1019 1187 1089 1195 -—
1123 1156 1288 1210 Mich.
1345 1175 1432 1222 tv,
1465 1160 1565 1224 15,
1615 1159 1731 1228 τὴν.

144 1239 406 1292 ἀπώλειαν
445 1241 617 1310 λογιεῖ
671 1242 836 1312 (cod.
893 1244 1009 1298 Vat.
1054 1246 1207 1316 λογιῇ
1241 1288 1256 1310 ,
1311 1249 1435 1303 cod.
1473 1247 1705 1301 Viudoh.

143 1329 424 1396 ἀναλογιεῖ.
462 1331 537 1384 De
561 1331 755 1402 Wegn.
789 1335 890 1404 legi
924 1337 1131 1388 mavult.
1155 1335 1461 1403 ἁναλογιεῖς
1580 1341 1593 1402 )
1632 1336 1709 1406 τῷ

142 1420 254 1488 Θεῷ
279 1451 439 1473 --.-
472 1421 608 1476 Nah.
640 1439 699 1488 ll,
729 1423 782 1487 8,
805 1425 1201 1496 -διήλλαττεν
1239 1427 1427 1497 (codd.
1459 1428 1708 1498 διήλλατ-

141 1512 256 1583 τον)
288 1543 448 1564 -—.—
473 1513 608 1567 Nah.
645 1532 725 1576 Ill,
770 1517 859 1578 15,
925 1517 1062 1569 Ἀλλ’
1092 1517 1240 1570 οὐδὲν
1278 1516 1429 1570 ἔσται
1465 1535 1545 1570 σοι
1575 1519 1708 1589 πρὸς

141 1603 406 1672 σωτηρίαν
433 1607 730 1677 μηχάνημα
760 1609 904 1670 τότε,
934 1608 1240 1661 τούναντίον
1269 1609 1367 1677 μὲν
1393 1604 1486 1661 οὖν
1519 1610 1707 1681 ὥσπερ

140 1691 214 1754 εἰς
235 1708 354 1743 τινα
377 1693 544 1763 πηλὸν
572 1694 790 1768 ἐμπέσῃ
822 1695 882 1748 τὸ
926 1697 1154 1766 μέγεθος
1183 1697 1290 1751 τῶν
1321 1699 1524 1762 κακῶν,
1553 1700 1706 1768 δίκην

139 1783 350 1853 ἀχύρων
394 1785 451 1838 ὲν
484 1787 697 1855 ποιήσει
742 1788 977 1840 πλίνθων
1013 1790 1480 1859 συμπατουμένων
1524 1806 1582 1841 τε
1614 1790 1707 1842 καὶ

137 1877 658 1944 συναναφυρομένων
690 1877 768 1947 τῷ
806 1877 962 1948 πηλῷ
1003 1879 1182 1946 (codd.
1222 1881 1510 1950 ἑμποιήσει
1556 1880 1704 1932 πλίν-
1738 1879 1777 1931 Β

138 1963 224 2015 θον
249 1965 698 2036 συμπατούμενόν
727 1985 784 2020 τε
810 1969 904 2020 καὶ
933 1970 1519 2041 συναναφυρόμενονῌ)
1548 1990 1593 2024 τ.
1617 1972 1700 2042 π.)

135 2055 191 2104 ἐν
211 2054 382 2108 ἅπασι
410 2058 524 2120 τοίς
543 2057 661 2110 τότε
687 2059 988 2128 φυρόμενος
1011 2061 1193 2130 (codd.
1221 2063 1566 2134 φυρομὲνοις)
1596 2082 1698 2117 και

137 2146 249 2207 κοῖς
288 2147 383 2199 καὶ
406 2149 586 2211 αὐτός.
618 2148 684 2204 H.
717 2165 766 2204 e.
800 2168 818 2200 ι
845 2148 1227 2206 Verumtamen
1267 2161 1381 2207 tum
1413 2156 1558 2208 nulla
1605 2158 1700 2210 tibi

133 2236 234 2287 erit
263 2238 459 2293 salutis
494 2239 846 2304 machinatio,
873 2243 979 2295 imo
1015 2244 1179 2298 veluti
1213 2246 1264 2298 in
1291 2245 1462 2298 lutum
1492 2247 1702 2302 incides

134 2329 184 2378 in
210 2329 474 2383 malorum
512 2332 938 2400 magnitudinem
967 2344 1021 2388 et
1053 2337 1329 2405 palearum
1362 2338 1558 2401 instar,
1583 2356 1702 2408 qua:

131 2431 249 2469 cum
279 2419 476 2474 lateres
499 2423 886 2489 conficiuntur,
918 2429 1314 2482 conculcantur
1337 2439 1391 2484 et
1417 2433 1528 2486 luto
1555 2449 1702 2486 eom-

132 2510 460 2572 ntiscentur,
509 2515 763 2570 omnibus
795 2516 938 2572 illius
970 2521 1232 2588 temporis
1287 2524 1445 2578 malis
1494 2533 1548 2579 et
1586 2527 1701 2594 ipse

130 2601 627 2658 commisceberis.»
662 2635 731 2644 —-
768 2605 968 2661 Hahae.
1009 2625 1069 2672 ιι,
1102 2609 1154 2676 4,
1188 2611 1350 2664 Ὥστε
1397 2615 1577 2683 (codd.
1603 2618 1698 2684 ὡς)

127 2691 175 2743 εί
195 2691 285 2744 καί
318 2709 408 2756 τις
432 2694 680 2766 ὀκνήσειε
704 2726 868 2750 -.-
894 2698 1029 2754 Hab.
1062 2717 1121 2765 tt,
1153 2703 1240 2766 I5,
1288 2705 1379 2756 τὸν
1425 2701 1565 2758 οἶνον
1609 2711 1700 2761 καὶ

128 2784 185 2836 τὸ
207 2785 384 2838 πίνειν
423 2788 584 2841 αὐτὸν
624 2791 714 2842 ἐπὶ
754 2790 854 2860 τῆς
899 2795 1186 2862 συμφορᾶς
1226 2795 1406 2856 (codd.
1435 2799 1531 2860 τὰς
1567 2816 1699 2869 συμ-

132 2878 315 2948 φορὰς)
342 2879 512 2948 λέγει.
549 2913 615 2922 -
645 2882 811 2937 Zach.
840 2901 878 2949 ι,
913 2885 965 2947 7,
1002 2885 1112 2938 τῶν
1154 2888 1250 2956 μὲν
1288 2889 1467 2941 ἵππων
1491 2891 1700 2960 δηλούν-

128 2982 231 3018 των
276 2968 380 3039 τὴν
424 2970 698 3041 ταχύτητα
754 2974 855 3043 τῆς
892 2977 1264 3046 λειτουργίας,
1321 2980 1455 3033 ἀλλὰ
1499 2982 1554 3034 δὲ
1591 2985 1699 3035 τῶν

129 3060 348 3129 πυρρῶν
380 3063 453 3128 (c.
497 3061 618 3116 Vat.
649 3064 796 3118 ἄλλοι
828 3066 882 3118 δὲ
916 3069 1120 3138 πυρρὸν
1147 3069 1210 3137 (?)
1232 3110 1245 3130 ,
1279 3086 1328 3124 c.
1378 3071 1531 3126 Vind.
1564 3075 1697 3128 ἀλλὰ

123 3150 175 3200 δὲ
198 3153 429 3223 πυῤῥὲιν)
466 3153 556 3206 τὸν
601 3154 792 3223 θυμὸν,
832 3157 890 3209 ὃν
932 3160 1089 3211 κατά.
1116 3192 1183 3200 —
1211 3160 1374 3214 Zach.
1411 3178 1484 3225 Ix,
1523 3166 1576 3226 9,
1615 3167 1694 3226 l0,

124 3241 359 3295 τοιοῦτόν
386 3247 501 3296 ἐστι
541 3246 633 3298 καὶ
655 3247 716 3299 τὸ
743 3248 892 3318 παρὰ
921 3249 990 3318 (τ.
1019 3267 1078 3301 π.
1113 3254 1370 3304 omittunt
1391 3255 1574 3320 codd.)
1619 3257 1696 3326 τῷ

125 3351 175 3402 μ.
220 3338 279 3387 Δ.
325 3335 437 3390 Sed
471 3336 606 3392 Joel.
659 3353 739 3401 ιιι,
793 3340 992 3408 Ili-l8,
1040 3344 1201 3396 verba
1248 3344 1304 3397 αἱ
1355 3347 1597 3400 εἰωθυῖαι
1627 3379 1695 3388 -

120 3425 349 3496 δωρεαί,
405 3428 625 3483 lectoris
681 3430 964 3498 cujusdam
1015 3432 1592 3502 interpretamentum,
1641 3439 1693 3492 in

121 3526 321 3571 textum
367 3521 506 3573 male
540 3521 807 3576 invasisse
845 3524 1120 3592 suspicor.

187 3601 260 3656 De
282 3607 665 3658 commentarii
703 3607 900 3670 indole,
946 3607 1101 3661 laude
1135 3621 1186 3662 et
1213 3610 1356 3664 vitiis
1379 3611 1582 3665 multus
1614 3624 1696 3665 est

118 3691 251 3759 Ang.
291 3691 470 3746 Maius
503 3693 537 3744 l.
568 3695 629 3756 l.,
667 3694 850 3758 Przel‘.,
886 3714 936 3766 p.
968 3715 1033 3750 xv
1063 3715 1179 3766 sq.;
1231 3715 1330 3768 ego
1366 3703 1554 3770 paucis
1598 3706 1695 3756 ab-

121 3784 340 3837 Solvam.
369 3786 522 3840 Solet
545 3786 864 3843 Theodorus
896 3791 1007 3856 ubi,
1030 3807 1136 3859 quo
1160 3800 1401 3861 tempore
1431 3795 1690 3863 propheta

119 3877 449 3930 vaticinatus
475 3879 566 3940 sit,
606 3895 743 3947 quas
773 3895 860 3934 res
896 3883 1226 3948 prretlixerit,
1258 3893 1311 3936 et
1340 3899 1448 3952 qua
1480 3886 1689 3940 ratione

119 3968 233 4034 ejus
282 3969 450 4022 effata
499 3985 622 4023 cum
673 3971 837 4026 rebus
899 3971 1228 4026 Christianis
1285 3975 1695 4029 continerentur

119 4056 311 4119 dicere,
343 4059 664 4127 pleramque
689 4060 802 4127 ipsa
844 4061 1117 4130 propheta:
1146 4063 1308 4116 verba
1342 4080 1405 4116 ex
1440 4063 1579 4117 LXX
1615 4067 1696 4119 in-

117 4153 508 4217 terpretatione
537 4156 612 4221 (a)
643 4151 838 4207 aﬂ'erre
871 4168 1042 4221 eaque
1068 4155 1362 4223 explicare.
1395 4157 1530 4211 Cum
1560 4174 1692 4212 vero

116 4243 400 4296 sententiae
443 4243 730 4296 verborum
774 4245 1123 4298 enucleaudaa
1156 4247 1389 4301 maxime
1433 4259 1577 4303 esset
1610 4251 1692 4302 in-

115 4339 332 4394 tentus,
387 4333 558 4385 missa
594 4330 944 4402 ἀκριϐολογίᾳ
993 4332 1060 4386 de
1095 4333 1253 4389 rebus
1297 4352 1418 4402 qua:
1450 4337 1583 4406 πρὸς
1631 4339 1691 4390 τὸ

113 4420 289 4491 νόημα
330 4423 468 4475 nihil
497 4423 756 4486 lacerent,
791 4439 843 4477 ν.
873 4438 919 4477 c.
951 4422 1017 4478 de
1043 4424 1270 4479 urbibus
1307 4425 1504 4493 ignotis
1526 4469 1538 4490 ,
1571 4444 1690 4495 quae

111 4526 164 4566 et
191 4515 282 4567 ubi
315 4515 551 4569 fuissent
585 4514 702 4583 (cf.
733 4515 854 4568 Am.
907 4532 982 4576 vr.
1013 4517 1068 4578 9,
1102 4515 1208 4580 IO;
1260 4531 1312 4584 p.
1355 4516 1482 4578 227,
1521 4534 1593 4579 Ix,
1635 4518 1684 4577 7.

113 4606 239 4677 aL),
271 4609 550 4662 interdum
603 4609 986 4678 prophetarum
1017 4623 1154 4677 quas
1193 4609 1418 4678 putabat
1468 4620 1686 4663 senten-

111 4699 211 4751 tias
237 4698 620 4751 tantummodo
645 4698 765 4752 aliis
794 4698 973 4752 verbis
995 4697 1252 4760 reddidit,
1276 4698 1476 4767 saepius
1503 4707 1684 4752 tamen

111 4803 260 4840 suam
287 4789 798 4856 interpretationem
837 4789 1035 4858 linguae
1069 4797 1123 4842 et
1150 4803 1334 4842 rerum
1378 4789 1686 4843 rationibus

109 4881 266 4945 etiam
297 4882 515 4935 munire
539 4881 760 4946 studuit,
793 4881 1064 4950 praecipue
1087 4896 1216 4936 vero
1252 4882 1520 4950 imagines
1541 4882 1681 4935 haud

107 4985 230 5026 raro
265 4981 416 5027 recte
462 4972 680 5041 quidem
735 4973 1008 5042 exposuit.
1042 4972 1286 5025 Aliorum
1324 4974 1678 5042 interpretum

106 5067 410 5118 sententias
440 5080 562 5119 raro
618 5065 837 5127 attulit,
869 5066 1049 5118 rarius
1081 5064 1354 5118 refutavit.
1399 5065 1676 5130 Quemada

104 5152 325 5206 modum
358 5164 538 5207 autem
562 5156 846 5223 permulta,
883 5155 1082 5224 quibus
1111 5170 1238 5209 suas
1286 5155 1676 5223 explicationes

108 5242 362 5306 firmavit,
395 5243 748 5298 fundamento
768 5253 976 5307 carent,
1005 5246 1091 5298 cui
1117 5255 1260 5300 recte
1285 5246 1439 5300 inniti
1473 5248 1672 5316 possis,

116 5342 176 5384 aa
227 5350 362 5405 vaga
414 5339 575 5388 etiam
630 5346 683 5390 et
739 5336 793 5389 in
857 5333 1129 5389 Theodori
1169 5336 1394 5388 arbitrio
1439 5336 1544 5389 sita
1593 5345 1676 5390 est

171 5497 246 5620 (αἲ
280 5497 435 5552 Hanc
462 5499 765 5553 versionem
798 5496 1020 5550 maximi
1053 5497 1196 5560 fecit,
1226 5495 1504 5567 Syriacam
1534 5512 1666 5550 con-

171 5585 182 5619 I
235 5569 376 5620 locci
414 5569 685 5620 nenendit.
729 5565 876 5618 Illam
913 5568 1062 5620 viros
1111 5565 1307 5620 lingua:
1342 5565 1577 5620 Hebraea:
1613 5575 1666 5620 et

103 5565 188 5639 «1m
220 5565 376 5621 (locci
414 5569 685 5639 pependit.
707 5565 876 5639 _Illam
913 5568 1062 5620 viros
1111 5565 1307 5639 lingua:
1342 5565 1577 5639 I‘Iebraete
1613 5575 1668 5621 et

109 5637 428 5708 Scriptura!
479 5637 850 5708 peritissimos
912 5645 964 5708 et
1032 5637 1273 5706 pontilici
1342 5637 1668 5708 populoque

112 5706 406 5761 Israelitico
433 5705 688 5773 probatos
717 5705 1278 5774 confecisse’eamque
1307 5705 1375 5758 ab
1403 5705 1668 5774 apostolis

115 5792 377 5846 receptam
410 5779 519 5845 jam
572 5780 624 5831 in
661 5776 901 5846 Ecclesia
934 5773 1200 5829 adhiberi
1239 5775 1396 5845 (πῶς
1428 5773 1521 5830 οὖν
1569 5778 1666 5830 οὐκ

115 5845 326 5918 ᾲεήητον
353 5849 706 5918 νομίζειν,ὃτι
729 5849 778 5900 οἱ
805 5845 1317 5918 μὲνἚὸδομὴκοντα
1337 5847 1670 5918 -έ-διεσφὰλ·

115 5912 258 5970 ito-no
290 5912 425 5989 περῖ
445 5919 609 5986 λέξιν,
635 5918 683 5972 οἳ
707 5912 928 5986 καῖπρὸ
954 5912 1448 5987 πάσὴςέρμηνείας
1474 5912 1669 5990 ᾕδέσαν

1817 617 1980 671 modo
2031 618 2097 671 ad
2135 618 2491 688 Babylonicas
2514 659 2528 682 ,
2564 619 2725 674 modo
2775 619 2841 673 ad
2875 619 3252 675 Machabaicas
3303 637 3387 676 re-

1816 710 2020 764 tulerit.
2053 708 2160 779 Ipsi
2201 712 2254 763 in
2288 711 2387 766 has
2440 712 2627 768 illasve
2672 714 2946 782 propheta:
2989 714 3150 767 verba
3191 715 3387 768 melius

1815 800 2084 867 quadrare
2118 801 2460 855 videbantur.
2495 801 2599 856 Sed
2662 803 2925 872 quidquid
2975 803 3024 857 ei
3081 804 3382 870 videbatur,

1817 890 1866 942 id
1898 889 1952 944 in
1987 899 2135 944 tanta
2164 891 2628 962 interpretationis
2653 893 2869 947 licentia
2895 910 2961 947 ex
2984 894 3164 947 verbis
3191 909 3386 947 eruere

1816 998 1920 1034 non
1952 983 2181 1037 arduum
2213 995 2349 1038 erat.
2389 986 2708 1054 Quanquam
2741 986 2844 1038 hoc
2895 986 3067 1055 magis
3102 1000 3130 1038 a
3157 986 3384 1054 reliquis

1813 1072 1878 1129 γ.
1917 1073 1978 1127 Τ.
2015 1075 2406 1144 interpretibus
2454 1076 2658 1132 Graecis
2718 1075 3074 1131 commissum
3116 1091 3224 1130 non
3273 1086 3380 1128 tam

1815 1165 2103 1220 Theodoro
2132 1182 2295 1236 quam
2320 1167 2548 1236 tempori
2578 1182 2688 1236 quo
2721 1168 2853 1220 vixit
2881 1167 3008 1219 vitio
3038 1166 3379 1220 vertendum.

1817 1257 2001 1311 Voluit
2036 1258 2315 1312 licentiam
2354 1273 2609 1312 coercere
2630 1299 2644 1319 ,
2678 1259 2770 1312 sed
2800 1273 2906 1311 non
2935 1259 3142 1328 potuit,
3173 1265 3226 1310 et
3251 1258 3380 1311 dum

1811 1347 1946 1400 alios
1973 1347 2096 1413 jure
2124 1348 2356 1401 licentiaa
2391 1349 2708 1416 postularet,
2744 1350 2858 1418 ipse
2891 1351 2996 1403 alia
3055 1351 3267 1404 ratione
3315 1352 3381 1401 li-

1809 1439 2002 1492 centiae
2031 1439 2218 1490 vitium
2250 1438 2504 1492 incurrit.
2536 1437 2640 1492 Sed
2670 1441 3097 1494 commentarius
3120 1440 3383 1494 doctrina:

1811 1530 2078 1586 Theodori
2119 1532 2326 1585 rectius
2356 1531 2752 1600 cognoscendae
2807 1532 3148 1602 aliquatenus
3204 1533 3383 1588 inser-

1809 1623 1904 1675 vit.
1937 1621 2050 1675 Etsi
2074 1622 2218 1674 enim
2246 1623 2539 1691 prophetas
2565 1637 2687 1691 qua:
2716 1622 2918 1678 Jutlazis
2955 1637 3126 1692 usque
3157 1623 3223 1676 ad
3251 1631 3383 1678 tem-

1808 1728 1939 1782 pora
1987 1711 2338 1766 Machabaica
2397 1713 2710 1768 acciderent
2770 1715 3114 1782 portendisse
3167 1715 3379 1777 statuit,

1808 1802 2040 1870 quodam
2073 1811 2254 1856 tamen
2283 1804 2497 1856 vinculo
2526 1805 2915 1872 prophetarum
2943 1805 3104 1859 effata
3138 1820 3260 1859 cum
3291 1821 3380 1861 re-

1808 1893 1909 1946 bus
1935 1891 2264 1948 Christianis
2320 1895 2689 1955 consociavit,
2737 1910 2859 1948 cum
2897 1895 3018 1948 aliis
3053 1895 3380 1962 rationibus,

1807 1989 1919 2032 tum
1960 1996 2025 2034 eo
2076 1989 2418 2044 commotus,
2450 1984 2594 2052 quod
2651 1997 2767 2037 loca
2806 1983 2870 2036 ν.
2903 1984 2966 2038 Τ.
3014 1985 3068 2038 in
3099 1984 3165 2038 Ν.
3198 1985 3263 2038 ad
3295 2001 3382 2039 res

1804 2068 2144 2124 Christianas
2181 2073 2533 2125 referrentur.
2562 2072 2737 2140 Atque
2769 2073 3080 2142 hujusmodi
3135 2075 3251 2127 loca
3287 2075 3380 2127 ubi

1806 2161 2196 2230 interpretatur
2218 2203 2232 2224 ,
2288 2162 2398 2216 fere
2444 2163 2666 2218 uberius
2716 2166 2939 2234 exponit
2974 2166 3099 2233 quid
3129 2169 3195 2220 de
3226 2165 3285 2219 ν.
3312 2166 3377 2222 Τ.

1806 2256 2005 2307 sentiat
2030 2262 2083 2309 et
2115 2270 2236 2322 qua:
2276 2254 2468 2308 horum
2504 2256 2770 2319 locorum,
2811 2272 2931 2326 quae
2959 2257 3131 2326 primo
3157 2259 3376 2327 quidem

1804 2348 1940 2402 alias
1968 2361 2054 2401 res
2085 2347 2298 2401 futuras
2327 2346 2686 2412 iudicassent,
2720 2349 2858 2401 ratio
2886 2365 3010 2403 cum
3048 2350 3206 2404 rebus
3223 2351 3380 2406 Chri-

1804 2437 1998 2492 stianis
2029 2438 2122 2504 sit,
2153 2447 2407 2509 typorum
2439 2453 2540 2509 ope
2571 2440 2846 2509 explanat.
2880 2471 2951 2479 —
2986 2442 3143 2496 Clare
3177 2451 3232 2497 et
3259 2459 3380 2511 per-

1804 2527 1990 2596 Spicue
2015 2543 2138 2582 cum
2168 2529 2408 2584 scribere
2436 2529 2614 2595 vellet,
2635 2532 2853 2584 easdem
2879 2533 3180 2587 sententias
3208 2534 3374 2588 etiam

1802 2628 1963 2690 atque
1994 2621 2158 2676 etiam
2193 2621 2426 2690 repetiit,
2450 2629 2504 2675 et
2533 2621 2770 2690 periodis
2799 2639 2932 2678 usus
2963 2633 3046 2678 est
3069 2641 3208 2694 quas
3231 2640 3373 2695 aagre

1808 2714 1981 2782 primo
2008 2713 2203 2766 obtutu
2232 2712 2555 2782 perspicias.
2598 2711 2672 2766 Ita
2700 2713 2876 2785 stylus
2904 2716 3168 2770 verbosus
3190 2755 3205 2777 ,
3235 2717 3376 2771 sale-

1806 2809 2001 2859 hrosus
2045 2813 2100 2859 et
2158 2803 2430 2859 obscurus
2485 2805 2754 2861 redditus.
2787 2804 2843 2860 In
2902 2808 3140 2877 periodis
3193 2818 3374 2862 autem

1802 2894 2199 2950 constituendis
2262 2898 2550 2968 verbisque
2617 2898 2883 2968 eligendis
2945 2915 3006 2952 ca
3065 2903 3375 2956 constantia

1801 2994 2048 3042 versatus
2081 2996 2183 3050 est,
2220 3003 2381 3058 quam
2421 2989 2510 3042 vix
2560 2989 2613 3043 in
2647 2991 2756 3044 ullo
2809 2992 2916 3045 alio
2969 2994 3236 3062 scriptore
3283 2996 3378 3048 dc-

1803 3077 2127 3146 prehendas.
2155 3077 2420 3131 Cancrum
2461 3079 2636 3133 oratio
2660 3077 2847 3134 Graeca
2881 3081 3185 3136 laudabilis.

1663 3209 1694 3269 ζ’
1726 3209 1767 3265 C
1804 3213 1863 3265 l).
1893 3211 2276 3266 Contmentarii
2300 3214 2351 3265 in
2386 3212 2601 3272 Jobum,
2639 3215 2986 3269 Ecclesiasten
3019 3229 3064 3270 ct
3093 3219 3372 3274 Canticum

2413 3287 2756 3337 canticorum.

1871 3414 2140 3468 Theodori
2177 3417 2228 3468 in
2265 3414 2459 3468 Jobttm
2500 3421 2876 3472 cetmnentarii
2911 3420 3014 3488 (cf.
3053 3427 3171 3476 Act.
3212 3436 3367 3480 conc.

1798 3504 1984 3559 Const.
2019 3524 2078 3567 ιι,
2110 3523 2181 3571 tv,
2224 3506 2409 3579 65-67)
2434 3526 2448 3574 ;
2475 3507 2666 3563 Leont.
2707 3511 2744 3563 l.
2771 3527 2842 3576 c.,
2878 3528 2928 3579 p.
2965 3514 3089 3581 690,
3125 3535 3223 3567 ι-
3250 3533 3374 3586 qum

1799 3613 1934 3652 vane
1965 3598 2263 3651 elaboravit
2292 3629 2361 3638 η
2389 3599 2444 3652 in
2483 3599 2678 3653 librum
2723 3611 2911 3656 contra
2960 3603 3125 3664 Job,»
3177 3605 3367 3664 Ebedi.

1797 3690 1832 3741 l.
1862 3704 1934 3749 c.,
1990 3705 2039 3758 p.
2090 3691 2151 3744 51
2184 3708 2195 3741 :
2235 3711 2252 3741 ι
2284 3720 2350 3730 ——
2390 3690 2491 3745 Job
2521 3693 2736 3747 duobus
2781 3696 2941 3749 tomis
2992 3695 3058 3748 ad
3108 3697 3367 3769 Cyrillum

1797 3781 2086 3834 Alexantlr.
2114 3799 2160 3836 ,ι
2205 3782 2396 3836 dubito
2429 3799 2533 3845 an,
2584 3784 2828 3852 exceptis
2868 3785 2935 3838 iis
2972 3803 3092 3854 qua:
3145 3789 3198 3841 in
3245 3790 3365 3843 Act.

1797 3887 1953 3925 conc.
1990 3871 2177 3926 Const.
2216 3889 2276 3937 ll,
2303 3873 2340 3926 l.
2381 3875 2412 3927 Ι.
2452 3875 2739 3944 leguntur,
2776 3879 2940 3930 multa
2982 3887 3192 3933 aetatem
3230 3884 3369 3935 tule-

1796 3969 1924 4017 rint.
1953 3963 2284 4017 Memoratur
2326 3973 2506 4020 tamen
2539 3963 2860 4020 Theodorus
2901 3968 2952 4020 in
2993 3969 3112 4022 Cat.
3150 3971 3368 4026 ineditis

1796 4054 1935 4106 inter
1956 4054 2350 4122 explicatores;
2377 4055 2452 4109 cf.
2485 4065 2593 4110 cat.
2624 4057 2802 4110 Vatie.
2834 4061 3098 4112 vetustior
3127 4069 3179 4114 et
3225 4079 3369 4131 qua-:w

1794 4145 1916 4198 dam
1957 4147 2123 4198 altera
2184 4147 2456 4201 recentior
2479 4189 2492 4209 ,
2527 4149 2648 4202 etzd.
2688 4148 2705 4200 Ι
2733 4149 3002 4203 Vincentii
3036 4150 3245 4205 Pinelli.
3277 4155 3362 4208 Cf".

1793 4236 2073 4290 Possevini
2110 4237 2369 4304 Apparet.
2421 4255 2467 4290 s.
2523 4236 2584 4300 Il,
2623 4254 2677 4307 p.
2723 4238 2849 4302 269,
2881 4241 3019 4306 270;
3064 4240 3184 4296 Cat.
3239 4246 3360 4295 cod.

1792 4327 1910 4380 XXI
1948 4329 2078 4382 bibl.
2111 4328 2276 4382 Marc.
2320 4327 2512 4383 Venet.
2543 4348 2556 4394 ;
2593 4330 2668 4384 cf.
2702 4330 2906 4385 lllorell.
2939 4334 2974 4385 l.
2999 4334 3056 4398 l.,
3096 4333 3133 4399 l,
3164 4352 3216 4403 p.
3252 4335 3364 4403 38;

1790 4418 1909 4471 Cat.
1943 4417 2062 4470 eod.
2097 4417 2304 4473 CXCIV
2336 4419 2466 4473 bibl.
2495 4420 2662 4474 Coisl.
2696 4438 2709 4487 ;
2744 4423 2816 4476 cf.
2851 4422 3035 4476 Menti".
3068 4425 3135 4480 B.
3171 4426 3363 4492 Coisl.,

1790 4524 1843 4576 p.
1873 4509 1973 4561 247
1999 4525 2012 4573 ;
2042 4508 2159 4562 Cat.
2193 4511 2314 4564 cod.
2346 4510 2534 4564 XXVII
2564 4513 2694 4565 bibl.
2721 4513 2857 4568 Med.
2895 4515 3055 4574 Laur.
3082 4533 3095 4580 ;
3123 4517 3195 4570 cf.
3225 4518 3364 4572 Ban-

1721 4577 1762 4629 D
1792 4600 1905 4653 diu.
1945 4600 1981 4652 Ι.
2019 4601 2080 4662 1.,
2121 4601 2162 4666 Ι,
2209 4617 2261 4672 p.
2305 4603 2393 4656 52.
2427 4602 2528 4656 Sed
2569 4611 2762 4656 catena
2810 4605 2987 4672 primo
3023 4577 3142 4660 loco
3184 4610 3364 4677 posita

1785 4691 1972 4746 eadem
2005 4690 2219 4746 videtur
2248 4709 2370 4748 esse
2405 4709 2570 4763 quam
2604 4695 2667 4748 A.
2699 4693 2872 4750 Maius
2900 4697 3016 4761 I.l.,
3057 4697 3094 4760 I,
3130 4715 3183 4769 p.
3222 4717 3358 4768 xxtt,

1786 4799 1951 4835 uumn
1986 4782 2256 4838 Theodori
2287 4785 2464 4838 locum
2499 4786 2861 4856 eumdemque
2900 4804 2964 4842 ex
3012 4789 3132 4858 ejus
3158 4793 3211 4844 in
3251 4792 3359 4846 Za-

1783 4875 2020 4928 chariam
2052 4878 2445 4931 commentario
2474 4877 2700 4946 petitum
2737 4879 3018 4934 continere.
3048 4883 3320 4952 perhibet.

1856 4967 2130 5021 Theodori
2175 4967 2242 5022 de
2269 4968 2408 5024 libro
2437 4967 2557 5021 Jobi
2607 4971 2874 5024 sententia
2913 4974 3011 5041 (ν.
3050 4975 3243 5044 fragm.
3302 4977 3358 5032 in

1787 5058 1907 5111 Act.
1943 5073 2100 5111 conc.
2133 5057 2322 5113 Const.
2357 5075 2416 5124 ιι,
2445 5059 2478 5112 l.
2526 5060 2561 5112 l.
2600 5068 2654 5114 et
2686 5061 2876 5116 Leont.
2915 5063 2949 5115 I.
2980 5079 3055 5128 c.,
3088 5081 3139 5133 p.
3184 5064 3288 5119 687
3315 5047 3379 5138 ),‘

1786 5167 1907 5219 qua:
1945 5166 2076 5205 sane
2124 5151 2444 5206 orthodoxis
2473 5155 2815 5208 stomachum
2846 5172 3063 5211 movere
3103 5159 3358 5228 debebat,

1788 5243 1893 5296 huc
1919 5243 2080 5297 redit.
2104 5243 2277 5300 Jobus
2313 5260 2341 5296 a
2367 5245 2633 5314 scriptore
2669 5245 2792 5300 libri
2827 5249 2993 5317 probe
3038 5250 3359 5305 discernen-

1788 5335 1910 5387 dus.
1952 5333 2044 5388 Ille
2075 5335 2236 5387 homo
2265 5345 2381 5389 erat
2410 5336 2679 5392 barbarus
2708 5379 2722 5401 ,
2757 5336 3004 5392 Edomita
3045 5355 3275 5398 genere.
3304 5349 3358 5394 et

1767 5499 1983 5561 πάντως
2016 5498 2076 5550 τὸ
2121 5499 2177 5548 ἐν
2198 5500 2272 5569 τῇ
2305 5495 2424 5567 θείᾳ
2463 5497 2712 5569 κείμενον
2741 5501 2923 5569 γραφῇ
2960 5515 3066 5569 _—-;
3100 5515 3151 5566 p.
3179 5499 3286 5552 252
3313 5500 3354 5564 ),

1768 5569 1913 5622 hanc
1943 5584 2073 5622 vero
2115 5583 2144 5619 a
2193 5566 2331 5637 Syro
2361 5566 2598 5636 quodam
2633 5566 2818 5636 ignoto
2859 5566 3157 5637 profectam
3203 5585 3348 5624 esse.

1764 5637 2032 5692 Prwterea
2065 5638 2262 5707 saepius
2295 5650 2369 5707 tp.
2389 5637 2524 5703 265)
2563 5639 2614 5690 in
2645 5637 2986 5708 θαυμαστοὺς
3019 5638 3354 5707 μυθολόγους

1764 5709 1874 5760 τῶν
1921 5709 2107 5778 Σύρων
2151 5717 2204 5761 et
2246 5707 2545 5778 Συριακούς
2594 5725 2652 5760 τε
2691 5707 2782 5760 καὶ
2833 5708 3094 5778 υραώδεις
3146 5709 3352 5777 μύθους

1769 5780 2062 5842 invehitur,
2090 5779 2397 5846 cujnsmodi
2426 5778 2777 5848 verbisiltaud
2806 5780 2970 5831 dubie
2994 5778 3344 5848 I'Iphr:emum

1773 5851 1935 5903 etiam
1973 5851 2199 5909 notavit.
2231 5850 2315 5904 Cl'.
2349 5850 2572 5905 omnino
2619 5846 2820 5902 Habac.
2854 5866 2914 5913 ιι,
2951 5850 3008 5902 II
3041 5846 3056 5915 ζ
3103 5849 3271 5918 Soph.
3306 5863 3345 5915 ι,

1776 5919 1909 5987 4-6;
1944 5936 2023 5988 ιιι,
2066 5920 2119 5986 1,
2153 5922 2205 5973 2.
