3804 6222
343 401 414 455 ιιῖ
1229 380 1531 440 OTTONIS
1553 378 1733 432 FRiD.
1777 367 2162 428 FRiTZSCHE
2198 359 2721 423 COMMENTATIO.
3538 347 3613 405 η

296 517 300 532 ’
349 534 589 607 probus,
635 529 794 599 cujus
843 524 1074 581 historia
1129 542 1148 576 ι
1185 524 1420 577 maxima
1475 528 1530 574 et
1571 519 1720 574 clara
1749 516 1804 569 in
1832 529 1928 568 ore
1959 500 2002 554 Α

346 604 591 680 onmium
647 620 900 676 similiter
933 616 1209 670 ferebatur
1235 653 1251 676 ,
1288 627 1396 667 non
1429 611 1608 666 solum
1642 604 1927 661 Israelitiri

348 717 586 786 generis,
621 713 717 768 sed
741 720 796 766 et
813 711 1080 770 aliorum;
1115 720 1276 776 quem
1306 704 1474 759 etiam
1507 700 1802 756 clariorem
1837 695 1930 750 Dei

348 805 722 862 testimonium
753 802 1003 863 faciebat,
1039 797 1186 868 quod
1228 795 1433 850 factum
1469 790 1652 847 estad
1687 787 1931 859 prophe-

351 911 484 963 tam,
529 918 546 950 i
576 899 664 952 hic
687 895 970 966 gentilium
1000 890 1199 946 fabulis
1222 887 1465 943 imbutus
1481 892 1600 940 erat
1619 889 1674 937 et
1696 883 1933 934 humana

351 991 656 1063 prudentia.
700 987 767 1042 Et
821 987 910 1041 hic
949 985 1168 1056 quidem
1199 981 1246 1036 si
1283 981 1446 1034 vitam
1475 975 1598 1032 Jobi
1624 1017 1640 1040 .
1693 981 1754 1028 ut
1785 977 1931 1036 erat,

351 1090 697 1144 enarrasset,
753 1081 954 1134 librum
1005 1072 1414 1145 composuisset
1446 1067 1730 1123 hominum
1767 1063 1936 1118 mori-

355 1175 459 1232 bus
511 1169 871 1227 emendandis
926 1165 1310 1236 aptissimum,
1374 1173 1550 1229 neque
1607 1156 1677 1211 iis
1725 1155 1819 1224 qui
1869 1151 1936 1206 de

356 1266 557 1334 Script.
603 1262 660 1318 S.
693 1276 804 1315 non
857 1273 922 1313 ea
975 1271 1083 1326 qua
1124 1255 1281 1310 decet
1329 1249 1636 1306 reverentia
1685 1245 1938 1315 judicent

354 1357 704 1411 occasionem
738 1350 1066 1422 pmimissct
1095 1348 1196 1416 ipsi
1229 1343 1368 1398 Jobo
1395 1338 1767 1399 conviciandi.
1793 1333 1937 1402 Quid

354 1449 542 1504 enim?
577 1446 716 1500 Num
772 1443 923 1498 cadit
979 1442 1032 1494 in
1087 1440 1265 1492 virum
1319 1438 1616 1489 honestum
1671 1430 1809 1484 mira
1845 1428 1938 1482 illa

356 1541 670 1596 exsecratio
704 1553 827 1608 cap.
863 1553 920 1590 ill
947 1534 1268 1601 consignata
1295 1532 1318 1583 ἵ
1346 1529 1454 1583 Sed
1490 1529 1596 1582 alia
1627 1528 1792 1581 etiam
1834 1524 1939 1576 fin-

358 1637 456 1699 xit,
490 1651 540 1687 v.
575 1649 625 1686 c.
661 1629 858 1686 Jobum
891 1627 1056 1680 filiam
1099 1622 1426 1694 Ἀμαλθείας
1451 1620 1619 1690 κέρας
1657 1616 1816 1688 (ml,
1849 1615 1938 1683 14)

359 1724 688 1797 appellasse.
744 1719 970 1774 Scilicet
1017 1714 1279 1786 superbia
1320 1713 1500 1767 elatus
1529 1750 1544 1774 ,
1599 1719 1659 1763 ut
1707 1709 1940 1762 lectores

359 1816 732 1874 Graecanicam
764 1827 922 1868 suam
952 1808 1320 1866 eruditionem
1366 1809 1811 1874 cognoscerent,
1850 1799 1942 1852 illa

361 1909 590 1966 addidit.
623 1907 863 1962 Omnino
919 1901 1159 1971 tragoedi
1220 1899 1395 1952 instar
1443 1896 1643 1949 librum
1701 1892 1942 1963 scripsit,

362 2018 473 2071 quo
523 1997 812 2070 cupiditati
869 1993 1055 2064 gloriae
1103 1989 1210 2044 sibi
1265 1987 1520 2058 parandae
1577 1985 1944 2042 satisfaceret,

369 2115 387 2145 ι
419 2107 524 2147 non
573 2089 824 2160 cogitans
885 2083 1030 2155 quod
1077 2083 1246 2134 multa
1309 2077 1616 2132 cliﬁereiitia
1673 2082 1760 2128 est
1806 2072 1949 2126 inter

367 2180 650 2236 historiam
679 2177 814 2247 justi
843 2170 1148 2229 secundum
1173 2167 1372 2221 divinae
1400 2165 1520 2220 Scr.
1549 2174 1602 2219 et
1627 2160 1950 2232 simplicita-

372 2285 480 2328 tem
513 2278 568 2325 et
601 2267 964 2323 subtilitatem
1007 2260 1346 2333 propositam
1389 2265 1439 2311 et
1475 2258 1616 2310 inter
1661 2255 1823 2308 verba
1857 2269 1951 2307 su-

367 2363 575 2436 perfiua
591 2367 644 2415 et
675 2357 741 2412 ad
757 2355 1136 2428 probationem
1156 2350 1410 2406 conficta.
1437 2369 1454 2399 ›
1481 2344 1950 2413 Quemadmodum

369 2435 517 2510 enim
544 2449 776 2520 tragoedi
805 2463 863 2501 re
891 2445 1116 2515 quidem
1144 2443 1421 2504 nituntur,
1442 2454 1566 2509 quae
1601 2438 1652 2490 in
1686 2435 1833 2506 vulgi
1859 2449 1954 2487 ore

369 2551 665 2605 versatur,
698 2555 808 2610 quo
848 2537 1036 2591 fabula
1095 2533 1360 2602 majorem
1410 2531 1660 2585 veritatis
1716 2527 1955 2597 speciem

373 2633 596 2697 referat,
625 2631 720 2687 sed
745 2637 807 2684 ut
836 2642 992 2683 suam
1022 2633 1236 2679 tantum
1269 2629 1444 2676 artem
1466 2629 1521 2674 et
1547 2618 1877 2688 sapientiam
1901 2616 1956 2669 in

374 2722 772 2797 componendis
808 2717 1099 2787 tragwdiis
1134 2716 1406 2786 probent,
1451 2725 1714 2782 personas
1751 2708 1960 2777 fingunt

375 2832 582 2888 easque
610 2829 675 2870 ea
716 2815 1005 2881 loquentes
1040 2807 1288 2872 faciunt,
1323 2802 1529 2874 quibus
1559 2801 1660 2872 ipsi
1693 2800 1960 2852 clariores

378 2913 514 2967 fiant
538 2949 553 2974 ,
578 2909 652 2963 ita
681 2913 742 2960 ut
775 2905 897 2958 laus
941 2910 1036 2955 aut
1090 2897 1420 2968 vituperatio
1449 2895 1738 2951 verborum
1771 2907 1879 2946 non
1909 2892 1962 2944 in

378 3015 648 3074 personas
682 2998 835 3062 illas,
873 2996 967 3050 sed
1015 2995 1070 3047 in
1126 2990 1324 3046 fabulae
1352 2988 1676 3058 scriptorem
1713 2984 1958 3038 Callicra-

381 3106 513 3150 ειη-τ
547 3093 629 3149 sic
664 3090 755 3144 ille
779 3089 947 3144 etiam
981 3100 1104 3140 cuin
1157 3083 1214 3139 in
1251 3079 1536 3138 historiam
1576 3077 1636 3130 Β.
1667 3075 1788 3130 Jobi
1827 3075 1964 3129 inci-

382 3189 578 3251 disset,
608 3183 797 3256 gloriae
829 3196 1001 3236 causa
1029 3177 1230 3233 librum
1259 3171 1591 3242 conscripsit
1613 3184 1788 3238 neque
1817 3182 1962 3221 com-

385 3289 571 3335 menta
599 3274 759 3344 fugit.
803 3270 993 3340 itaque
1027 3267 1310 3324 diabolum
1358 3277 1484 3318 cum
1521 3260 1630 3313 Deo
1666 3255 1969 3311 introduxit

387 3377 688 3426 certantem
735 3365 819 3435 (ι,
864 3362 1020 3426 ’7-12ς
1063 3357 1326 3428 11,2-6),
1381 3367 1663 3410 sermones
1697 3390 1711 3412 ,
1771 3349 1972 3418 quibus

390 3459 563 3514 multa
589 3454 842 3528 peccavit
870 3496 884 3520 ,
924 3461 1087 3524 prout
1138 3451 1338 3513 libuit,
1376 3445 1539 3500 modo
1567 3445 1718 3514 justo
1757 3441 1968 3503 tribuit,

393 3551 556 3605 modo
593 3548 788 3603 amicis
836 3549 911 3613 (c.
949 3543 1182 3615 iii-5i);
1215 3540 1410 3596 deinde
1445 3537 1604 3591 Elibu
1661 3534 1968 3598 arcessivit,

391 3643 486 3713 qui
509 3640 697 3695 multis
714 3637 1026 3710 opprobriis
1042 3633 1241 3688 Jobum
1268 3629 1448 3686 affecit
1469 3641 1541 3700 (c.
1560 3625 1974 3689 usu-xxxvii),

397 3747 572 3802 neque
603 3731 827 3787 erubuit
853 3728 1054 3783 divinae
1093 3738 1342 3795 personae
1384 3721 1488 3777 ceti
1531 3719 1846 3790 ﬁgmentum
1881 3717 1978 3770 tri—

397 3826 563 3878 buere
621 3821 639 3884 (
657 3837 710 3876 c.
741 3823 856 3890 xu)
887 3827 942 3874 et
977 3836 995 3870 ι
1024 3815 1452 3871 nominationem
1503 3811 1627 3866 filiae
1663 3825 1730 3865 ex
1781 3809 1981 3862 fabulis

399 3911 680 3984 paganicis
713 3918 984 3981 arreptam
1013 3907 1075 3962 Β.
1107 3904 1246 3960 Jubo
1275 3903 1574 3976 applicare.
1602 3921 1618 3952 ι
1640 3902 1795 3970 (χιιι,
1824 3899 1936 3970 id.)

469 4003 550 4057 Ex
580 4002 668 4057 bis
691 3999 852 4056 facile
881 3999 1113 4068 colligas
1143 3996 1238 4066 qui
1275 3995 1363 4048 hic
1392 3991 1664 4047 Theodori
1699 4004 1984 4044 commen-

402 4095 577 4150 tarius
607 4107 637 4146 a
662 4088 896 4160 reliquis
921 4088 1179 4144 diversus
1209 4084 1395 4139 fuerit.
1463 4081 1649 4150 Neque
1671 4078 1986 4133 Christiana

402 4187 459 4241 in
483 4185 622 4241 Jobo
649 4181 1034 4254 deprehendit,
1057 4187 1113 4234 et
1135 4179 1464 4249 scriptorem
1494 4175 1756 4228 audacter
1789 4172 1992 4240 vitupe-

405 4278 570 4343 ravit,
605 4277 664 4332 in
688 4275 794 4330 hoc
823 4288 992 4330 unum
1028 4272 1292 4331 intentus,
1336 4277 1394 4324 ut
1441 4282 1626 4323 veram
1658 4263 1781 4320 Jobi
1816 4264 1990 4318 histo-

407 4369 548 4425 riam
588 4372 831 4432 erueret,
864 4379 986 4435 quae
1016 4361 1331 4418 hominibus
1354 4359 1479 4414 usui
1516 4366 1680 4413 esset.

478 4458 859 4515 Ecclesiasten
891 4471 1003 4510 uno
1035 4464 1182 4511 tomo
1213 4452 1541 4521 deprecante
1569 4447 1874 4519 Porphyrio
1908 4446 1991 4500 in-

409 4557 745 4622 terpretatus
773 4555 894 4615 "est,
937 4555 1077 4604 teste
1131 4544 1402 4600 Ebediesu
1444 4543 1481 4596 i.
1512 4558 1588 4606 c.,
1629 4557 1683 4610 p.
1730 4540 1820 4595 59..
1885 4537 1990 4593 Sed
2028 4566 2068 4618 ί)

411 4659 537 4701 cum
565 4642 858 4699 Canticum
889 4639 1234 4696 canticorum
1262 4633 1655 4690 commentario
1686 4631 1993 4685 illustrasse

413 4733 734 4806 pervulgata
782 4729 1041 4802 quidem,
1099 4726 1282 4782 minus
1325 4733 1508 4779 tamen
1561 4721 1860 4793 probabilis
1912 4729 1995 4773 est

415 4823 710 4890 sententia,
731 4836 853 4893 quae
873 4827 1086 4874 tantum
1111 4817 1268 4872 abest
1291 4825 1349 4870 ut
1379 4815 1446 4868 iis
1475 4827 1596 4883 quae
1625 4811 1810 4866 iuAct.
1837 4824 1994 4864 conc.

412 4917 609 4972 Const.
643 4932 704 4979 ιι,
751 4929 828 4979 tv,
854 4911 1048 4978 68-7l,
1082 4912 1358 4982 leguntur,
1399 4907 1708 4977 quibusque
1732 4903 1996 4973 originem

417 5023 574 5064 suam
598 5007 783 5072 debet,
813 5003 1083 5065 firmetur,
1116 5009 1175 5055 ut
1204 4999 1547 5070 reprobetur.
1581 4995 1786 5049 Scribit
1819 5005 1998 5047 autem

2034 487 2361 543 Theodorus
2390 483 2456 537 ad
2497 482 2732 535 amicum
2763 475 2950 530 nescio
2972 485 3153 544 quem,
3179 485 3258 531 se,
3290 481 3413 521 cum
3450 473 3617 519 antea

2032 580 2319 637 Canticum
2355 575 2699 631 canticorum
2729 578 2953 640 propter
2991 565 3110 635 ejus
3159 560 3398 616 indolem
3435 557 3620 625 legere

2032 673 2322 738 noluisset,
2377 668 2538 724 amici
2572 665 2769 722 litteris
2799 668 3156 734 provocatum
3205 651 3468 722 majorem
3497 651 3616 718 jam

2035 769 2089 823 in
2129 781 2194 821 eo
2226 763 2476 835 posuisse
2509 756 2871 828 diligentiam,
2900 753 3027 806 licet
3057 747 3211 803 initio
3232 745 3480 800 oscitans
3506 743 3620 796 fre-

2033 828 2268 928 quenter
2313 859 2370 907 et
2414 849 2720 904 dormitans
2764 841 2898 897 illud
2934 837 3273 911 periegisset.
3320 831 3440 886 Jam
3484 828 3620 900 quid

2033 954 2102 1009 de
2133 967 2200 1008 eo
2234 947 2438 1005 sentiat
2458 940 2708 1014 exponit,
2748 936 2842 992 sed
2868 936 2940 988 ita
2979 939 3034 986 ut
3064 944 3147 990 ea,
3182 939 3414 996 quorum
3443 934 3625 992 pauca

2047 1053 2261 1100 tantum
2301 1013 2479 1094 media
2512 1043 2566 1090 et
2609 1032 2842 1086 fortasse
2869 1026 3032 1082 etiam
3063 1029 3305 1077 extrema
3330 1013 3628 1071 intercide-

2037 1138 2171 1201 rint,
2191 1148 2370 1202 neque
2397 1122 2797 1184 commentario
2821 1115 3104 1192 praemissa
3132 1125 3308 1182 neque
3339 1109 3474 1162 ineo
3503 1105 3628 1175 ipso

2039 1199 2320 1298 disputata
2352 1237 2476 1277 esse
2504 1223 2786 1289 appareat.
2822 1212 3086 1265 Praeterea
3127 1221 3194 1260 ex
3225 1199 3632 1258 commentario

2056 1320 2144 1374 illa
2180 1317 2466 1383 desumpta
2514 1325 2637 1364 esse
2665 1307 2758 1378 qui
2795 1319 2857 1359 ea
2896 1298 3169 1369 excerpsit
3213 1310 3281 1349 ne
3307 1293 3473 1347 verbo
3496 1289 3628 1359 qui-

2040 1411 2162 1463 dem
2189 1381 2392 1467 innuit,
2423 1399 2518 1456 sed
2562 1401 2676 1452 hac
2709 1395 2822 1450 sola
2851 1391 3078 1446 Leontio
3109 1388 3146 1442 ι.
3176 1401 3225 1441 c.
3255 1401 3306 1455 p.
3342 1381 3443 1436 687
3471 1399 3482 1433 :
3524 1399 3632 1430 ¢—--

2039 1502 2197 1557 Cant.
2235 1499 2294 1554 C.
2324 1527 2393 1536 ——
2418 1524 2488 1536 —
2513 1490 2803 1546 libidinose
2831 1500 2928 1556 pro
2946 1499 3045 1539 sua
3066 1491 3121 1534 et
3151 1486 3333 1534 mente
3356 1482 3410 1529 et
3441 1475 3634 1540 lingua

2042 1591 2354 1648 n‘ieretricia
2393 1588 2785 1655 interpretans,
2830 1590 2930 1633 sua
2981 1588 3147 1643 supra
3188 1567 3407 1623 modum
3443 1565 3632 1617 incre-

2050 1683 2204 1738 dibili
2235 1677 2466 1734 audacia
2492 1654 2559 1730 es
2611 1670 2766 1726 libris
2793 1667 2850 1722 S.
2883 1664 3152 1726 abscidit;
3193 1679 3210 1712 ι
3251 1654 3469 1724 Pelagio
3503 1667 3632 1722 pap.

2043 1793 2131 1847 ep.
2189 1774 2240 1835 ’5,
2284 1772 2352 1824 ad
2385 1769 2564 1824 Etiam
2598 1775 2646 1819 et
2689 1760 2819 1815 Isti.
2853 1775 2933 1828 ep.
2971 1752 3160 1826 (Hard.
3186 1752 3223 1803 ι.
3255 1765 3329 1807 c.,
3369 1762 3420 1816 p.
3461 1743 3632 1811 458):

1977 1855 2018 1908 Β
2053 1837 2236 1923 {Cum
2261 1862 2365 1916 Th.
2385 1863 2543 1914 Cant.
2573 1857 2634 1911 C.
2662 1855 2821 1907 vellet
2850 1861 3122 1920 exponere
3154 1852 3208 1898 et
3243 1857 3353 1896 non
3381 1837 3449 1893 ad
3478 1846 3639 1893 cotu-

2050 1965 2256 2016 tuenta,
2307 1951 2404 2008 sed
2453 1949 2639 2020 potius
2690 1944 2755 1998 ad
2805 1941 3163 1996 deliramenta
3199 1934 3496 1994 laboraret,
3535 1943 3638 1999 per

2049 2050 2196 2103 hunc
2226 2047 2426 2100 librum
2468 2038 2820 2106 [Ethiopissar
2867 2032 3068 2101 reginae
3115 2024 3422 2082 blanditum
3462 2021 3643 2075 fuisse

2053 2138 2340 2211 professus
2374 2141 2480 2196 est,
2509 2129 2654 2202 quod
2681 2125 3057 2182 Theodorctus
3091 2117 3186 2184 (cf.
3223 2131 3454 2188 prooem.
3489 2115 3544 2168 in
3570 2112 3640 2170 C.

2055 2206 2142 2296 tl,
2181 2228 2241 2283 ll.
2277 2244 2326 2299 p.
2359 2227 2416 2290 2,
2448 2226 2502 2292 5)
2538 2219 2965 2292 reprehendens,
2997 2227 3195 2268 nomen
3239 2209 3459 2280 quidem
3490 2206 3644 2275 ejus-

2054 2329 2176 2379 dem
2209 2317 2488 2376 Theodori
2532 2310 2850 2384 supprimit,
2885 2308 2977 2363 sed
3011 2315 3196 2360 tamen
3239 2299 3518 2355 vesaniam
3545 2313 3650 2366 pa-

2063 2416 2287 2481 tefecit;
2336 2420 2428 2465 iet
2464 2407 2814 2476 Pachymera'
2851 2402 2906 2454 in
2945 2397 3202 2468 paraphr.
3226 2410 3311 2465 ep.
3345 2392 3378 2446 9
3416 2390 3645 2460 Dionys.

2058 2510 2251 2577 Areop.
2289 2505 2448 2574 (Opp.
2475 2499 2540 2554 D.
2569 2498 2636 2551 Α.
2669 2496 2756 2551 ed.
2784 2492 2964 2546 Balth.
2989 2489 3249 2552 Corder.,
3281 2485 3342 2550 ll,
3378 2484 3644 2548 Antveip.

2061 2575 2218 2664 ιδδιιζ
2269 2599 2392 2659 ΓυΙ.,
2436 2610 2489 2664 ρ.
2527 2589 2653 2659 169)
2691 2609 2798 2640 ‹-
2834 2587 2900 2638 δι’
2938 2584 2974 2638 δι
3021 2582 3340 2653 (φιλήματα)
3381 2578 3443 2646 δὴ
3485 2575 3580 2628 καὶ
3620 2575 3651 2626 ὁ

2060 2696 2203 2762 Madv.
2235 2687 2383 2744 0.66.
2411 2686 2659 2758 ἀφρόνως
2691 2681 2750 2734 τὸ
2782 2678 2982 2749 βιϐλίον
3011 2673 3282 2731 διέϐαλλε*
3304 2690 3322 2721 ι
3355 2671 3651 2722 observata

2063 2756 2234 2840 fuisse
2267 2783 2320 2835 in
2353 2756 2546 2850 aperto
2575 2785 2680 2831 est.
2738 2771 3028 2827 Canticum
3066 2775 3213 2819 cant.
3250 2769 3453 2823 autem,
3502 2756 3652 2827 quod

2065 2878 2224 2946 plane
2258 2847 2508 2940 despexit
2531 2864 2880 2925 Theodorus,
2933 2857 3162 2912 uberius
3189 2852 3278 2905 vix
3300 2847 3651 2919 explicuerit.

2066 2937 2208 3034 Quid
2244 2937 2447 3034 igitur?
2489 2959 2604 3014 Mea
2647 2955 2868 3026 quidem
2912 2947 3183 3006 sententia
3216 2943 3308 2996 illa
3339 2942 3393 2994 in
3420 2937 3658 3008 epistola

2067 3030 2300 3130 quadam
2350 3057 2436 3124 inv.
2484 3050 2621 3119 inf.)
2664 3044 2946 3101 disseruit.
2994 3040 3266 3095 Caeterum
3317 3033 3385 3087 de
3428 3030 3660 3084 Cantico

2070 3121 2216 3204 cant.
2244 3149 2317 3201 ita
2344 3121 2717 3200 statuit.:Cum
2746 3138 2990 3198 Salomo,
3010 3145 3169 3201 quem
3195 3133 3415 3197 propter
3439 3121 3661 3191 sapien—

1996 3223 2038 3281 (ἶ
2073 3244 2202 3296 tiam
2235 3238 2468 3310 gentiles
2517 3244 2570 3287 et
2601 3229 2775 3284 Judaei
2827 3223 3200 3297 praedicabant
3243 3229 3298 3273 et
3332 3230 3462 3270 vero
3490 3215 3661 3266 etiam

2075 3304 2370 3393 manebant,
2407 3323 2716 3396 [Egyptiam
2755 3318 3063 3390 fugiendam
3088 3312 3306 3385 quidem
3338 3309 3456 3378 ipso
3483 3304 3664 3374 patrio

2074 3425 2260 3478 colore
2291 3418 2546 3480 deformi,
2597 3413 2771 3481 magis
2811 3424 2938 3463 vero
2971 3403 3284 3475 fugiendam
3332 3403 3525 3467 utpote
3567 3410 3658 3460 ge-

2079 3531 2206 3571 nere
2245 3511 2438 3568 Ciiami
2488 3517 2685 3567 ortam,
2736 3505 2792 3556 in
2830 3495 3239 3554 matrimonium
3292 3489 3536 3547 duceret,
3562 3482 3668 3536 Ju-

2079 3610 2319 3664 daaorum
2365 3601 2552 3656 odium
2602 3596 2706 3652 sibi
2756 3589 3067 3650 contraxit,
3119 3587 3295 3655 legum
3361 3579 3664 3650 patriorum

2081 3704 2441 3767 contemptor.
2501 3692 2686 3759 itaque
2713 3700 2932 3740 carmen
2984 3675 3248 3738 condidit,
3275 3689 3385 3743 quo
3417 3679 3470 3726 et
3511 3667 3666 3721 uxori

2081 3761 2462 3864 gratior-esset
2493 3792 2548 3836 et
2580 3781 2981 3847 vituperatores
3021 3770 3089 3824 ad
3132 3766 3412 3823 silentium
3450 3761 3668 3830 redige-

2083 3849 2188 3946 ret,
2222 3886 2386 3948 atque
2415 3869 2682 3928 indicavit
2707 3881 2765 3922 se
2789 3865 3104 3933 nuptiarum
3126 3874 3235 3914 non
3262 3855 3551 3927 paenitere,
3573 3849 3670 3904 sed

2087 3970 2277 4028 laetari.
2337 3966 2478 4021 Sunt
2517 3969 2698 4017 autem
2754 3958 2864 4012 duo
2910 3953 3164 4014 tenenda,
3210 3963 3401 4010 unum,
3447 3958 3671 3998 carmen

2088 4079 2197 4119 non
2233 4060 2302 4116 ad
2329 4054 2731 4130 impudicitiam
2784 4047 3066 4103 adhortari
3095 4058 3222 4102 :cur
3249 4041 3396 4097 enim
3431 4039 3672 4099 Salomo,

2089 4156 2175 4212 cui
2228 4129 2446 4209 etiamsi
2489 4163 2600 4203 non
2656 4143 2972 4214 scripsisset
3018 4143 3265 4210 potestas
3321 4129 3675 4202 impudicitiae

2091 4256 2228 4313 erat,
2266 4260 2486 4302 carmen
2519 4242 2642 4297 ideo
2663 4232 3112 4308 composuisset?
3138 4231 3392 4290 alterum,
3427 4240 3532 4278 non
3560 4224 3680 4274 lau-

2093 4339 2332 4396 dandum
2371 4351 2497 4393 esse
2546 4341 2737 4404 utpote
2782 4327 3190 4401 propheticum,
3227 4321 3373 4392 quod
3425 4318 3471 4372 si
3507 4324 3676 4377 esset,

2096 4433 2300 4488 mentio
2337 4428 2432 4484 Dei
2469 4425 2672 4482 alicubi
2705 4426 2850 4478 facta
2901 4427 3066 4474 esset.
3124 4414 3280 4470 Sicut
3309 4412 3463 4466 Plato
3493 4417 3682 4479 postea

2098 4527 2165 4580 de
2201 4539 2387 4578 amore
2425 4519 2740 4574 convivium
2784 4511 3028 4583 scripsit,
3083 4510 3156 4563 ita
3201 4505 3422 4559 Salomo
3461 4510 3685 4571 propter

2101 4615 2320 4685 nuptias
2352 4612 2477 4667 illas
2495 4611 2599 4664 hoc
2631 4605 2907 4661 canticum
2941 4599 3226 4657 convivale
3245 4596 3464 4651 cecinit.
3497 4590 3686 4646 alinde

2104 4723 2202 4764 nec
2230 4704 2433 4761 Judaeis
2467 4717 2568 4757 nec
2602 4700 2760 4754 nobis
2793 4695 3013 4768 publica
3050 4691 3213 4748 lectio
3265 4700 3506 4758 unquam
3537 4686 3684 4738 Can-

2103 4801 2198 4856 tici
2251 4799 2589 4854 canticorum
2636 4793 2782 4847 facta
2817 4798 2924 4854 est,
2962 4795 3226 4860 tanquam
3256 4779 3596 4836 domesticus
3635 4784 3689 4831 et

2106 4893 2368 4964 nuptialis
2428 4887 2743 4944 Salomonis
2807 4880 3045 4939 convivii
3133 4883 3333 4932 cantus
3394 4869 3691 4943 opprobria

2107 4999 2326 5054 sponsae
2367 4996 2592 5036 sonans.
2632 4997 2650 5030 ι

1683 5100 3658 5146 ________________——————-___________.____—

1871 5209 2113 5269 CAPUT
2155 5207 2232 5264 Ill
2245 5251 2258 5264 .

1297 5329 1379 5373 DE
1415 5327 1737 5372 THEODORI
1769 5326 1831 5369 1N
1864 5325 2079 5368 LIBROS
2116 5322 2183 5365 Ν.
2220 5322 2280 5364 Τ,
2323 5313 2816 5361 ςοδιΜΕΝτΑιιιιε.

493 5445 708 5503 Novum
743 5440 1182 5504 Testamentum,
1217 5436 1379 5505 cujus
1406 5435 1584 5487 oratio
1619 5441 1672 5486 et
1699 5446 1787 5486 res
1827 5429 2008 5484 minus

425 5537 759 5596 difﬁcultatis
797 5533 1160 5595 exhiberem,
1207 5530 1382 5584 multo
1433 5527 1646 5581 felicius
1687 5522 2010 5577 Theodorus

426 5647 590 5702 quam
613 5629 785 5684 Vetus
815 5626 1211 5696 interpretatus
1242 5630 1346 5678 est.
1384 5619 1689 5674 Sobrietas.
1716 5631 1822 5685 qua
1857 5615 2012 5682 plura

429 5725 496 5779 V.
517 5721 581 5778 Τ.
612 5721 975 5791 interpretum
1007 5723 1316 5772 commenta
1349 5713 1422 5765 ita
1452 5709 1781 5780 reprobavit.
1807 5714 1865 5760 ut
1897 5707 2015 5762 laus

427 5817 476 5870 ei
499 5811 645 5869 haud
671 5809 991 5883 deneganda
1022 5808 1116 5873 sit,
1141 5819 1317 5875 neque
1340 5802 1430 5857 hic
1463 5799 1656 5858 defuit.
1689 5806 1743 5852 et
1773 5811 2015 5867 persaepe

431 5922 566 5965 sane
595 5920 705 5962 non
734 5918 797 5959 ea
828 5900 1059 5971 singulis
1083 5899 1137 5952 in
1171 5897 1308 5952 locis
1329 5893 1704 5965 deprehendit,
1735 5904 1856 5962 quan
1881 5889 2017 5942 alio-

2111 5440 2232 5480 rum
2282 5423 2663 5488 interpretum,
2727 5423 2787 5470 ut
2825 5413 3011 5485 Cyriili
3045 5412 3224 5475 Alex"
3279 5408 3559 5463 subtilitas
3613 5409 3700 5464 vel

2111 5519 2273 5574 etiam
2302 5514 2544 5586 argutiae.
2599 5512 2864 5566 Praeterea
2902 5508 2957 5561 in
2989 5501 3400 5574 interpretando
3431 5514 3548 5554 eam
3585 5515 3699 5554 ver-

2114 5615 2330 5674 borum,
2375 5611 2620 5663 iocorum
2663 5613 2718 5658 et
2754 5617 2936 5656 rerum
2968 5597 3392 5669 diligentissime
3425 5593 3696 5647 rationem

2117 5703 2328 5766 habuit,
2379 5709 2438 5754 ut
2484 5695 2987 5767 interpretationem
3031 5688 3355 5744 bistoricam
3391 5683 3704 5756 grammati.

2121 5811 2264 5859 cam,
2311 5808 2430 5864 qua:
2471 5789 2686 5861 quidem
2719 5788 2776 5843 in
2807 5786 2899 5840 illa
2930 5793 3174 5854 tempora
3208 5779 3464 5841 caderet,
3511 5776 3702 5831 iniisse

2123 5887 2430 5946 censendus
2473 5887 2562 5940 sit.
2603 5884 2746 5940 Bene
2783 5895 2912 5938 vero
2943 5893 3094 5934 more
3133 5892 3236 5934 suo
3263 5874 3496 5947 singulis
3525 5871 3702 5930 verbis
