3804 6222
397 300 460 358 Μ
1254 309 1554 365 OTTONIS
1589 309 1768 367 FRID.
1796 310 1988 365 FRITZ

2097 310 2184 364 IIE
2222 310 2721 367 COMMENTATIO
3532 360 3535 365 .
3576 314 3650 371 {-2

395 424 516 478 libri
553 425 757 480 nullum
790 426 1047 481 indicium
1088 438 1192 485 est.
1222 430 1362 496 Quid
1400 433 1608 485 multa?
1650 431 1970 490 Theodorus

2096 433 2143 485 :5
2183 432 2264 502 (ιι,
2299 433 2520 500 tua);
2574 431 2794 497 88,102
2829 430 2936 501 (ιιι,
2970 431 3023 493 5,
3058 432 3191 504 2t);
3243 432 3367 498 t2t,
3408 430 3509 488 122
3544 434 3645 503 (xv,

401 517 489 569 illa
523 516 576 569 in
619 520 1011 573 conunentario
1040 520 1094 573 in
1119 518 1316 575 Lucam
1348 522 1625 578 disseruit.
1660 522 1798 577 Sunt
1822 525 1966 578 enim

400 607 581 659 omnia
614 616 833 676 propter
868 610 984 662 leva
1024 612 1271 679 quasdam
1319 611 1479 668 Luca:
1508 614 1782 683 disputata
1820 616 1967 681 (nam

401 704 461 748 ut
481 698 643 750 etiam
668 713 790 766 quae
817 700 990 768 primo
1024 700 1329 772 fragmento
1355 704 1710 758 continentur
1730 703 1971 774 disputa-

401 797 499 847 n-t,
530 786 873 842 Theodorum
922 792 958 844 l.
1008 790 1134 846 Luc.
1192 807 1251 857 ιι,
1300 794 1391 858 32,
1442 803 1796 863 provocatum
1849 810 1972 850 esse

398 876 617 932 facilius
652 878 845 935 credas
868 896 1033 951 quam
1072 883 1219 952 quod
1243 898 1308 939 eo
1334 884 1453 953 ipso
1491 885 1583 954 qui
1607 900 1672 940 ea
1701 887 1973 955 excerpsit

399 978 709 1024 commotus
744 972 834 1034 sit,
873 983 931 1026 ut
959 976 1352 1031 ex‘istiusmodi
1380 974 1649 1032 Theodori
1681 978 1971 1032 libroillud

403 1061 597 1131 fragm.
622 1063 1166 1135 Catenaainsercret).
1192 1076 1329 1123 etut
1362 1071 1415 1123 in
1447 1069 1549 1124 hoc
1578 1071 1973 1125 commentario

403 1151 722 1209 Theodorus
744 1167 1049 1210 commenta
1069 1155 1297 1226 Juliani,
1322 1160 1416 1229 qui
1440 1174 1548 1228 prae
1567 1160 1779 1214 eazteris
1799 1158 1973 1212 Evan-

400 1244 537 1312 gelia
593 1247 816 1301 adortus
860 1257 995 1309 erat,
1048 1248 1346 1312 refelleret,
1400 1266 1488 1305 res
1539 1251 1656 1320 ipsa
1697 1251 1970 1306 monebat.

401 1337 690 1401 Cancrum,
724 1355 840 1395 mea
872 1341 1090 1409 quidem
1119 1342 1412 1407 sententia,
1440 1357 1618 1413 neque
1650 1357 1755 1396 uno
1788 1351 1975 1396 tenore

405 1444 504 1484 nec
535 1431 718 1485 multis
746 1432 900 1492 locis,
922 1433 1014 1487 sed
1038 1432 1252 1488 duobus
1277 1441 1484 1487 tantum
1510 1434 1754 1487 tribusve
1785 1437 1973 1485 contra
1999 1450 2011 1463 κ

402 1518 677 1574 .lnlianum
711 1522 933 1577 uberius
962 1524 1244 1578 disseruit.
1300 1521 1387 1578 CI.
1422 1524 1564 1579 titul.
1597 1523 1740 1578 illor.
1778 1524 1973 1592 fragm.

404 1619 459 1663 et
486 1620 776 1665 comment.
807 1613 862 1665 iu
897 1611 1016 1666 XII
1045 1622 1229 1683 propin.
1263 1614 1451 1671 Obiter
1478 1628 1693 1676 moneo,
1729 1611 1973 1682 quaedam

404 1700 607 1756 Juliani
639 1703 900 1774 epistola},
943 1703 997 1757 in
1050 1720 1157 1774 qua
1209 1706 1265 1760 in
1296 1704 1591 1760 Diodorum
1646 1705 1842 1767 saeviit,
1885 1718 1971 1772 ap.

410 1793 542 1869 Fac.
571 1810 644 1858 tv,
674 1795 731 1859 2,
759 1797 881 1865 legi.

476 1930 743 1988 Praeterea
794 1932 1041 1988 Muenter
1096 1933 1206 1987 duo
1245 1932 1514 1987 Theodori
1565 1931 1864 2003 fragmenta
1914 1948 1981 1986 ex

409 2023 531 2078 cod.
567 2021 796 2078 Vindob.
832 2022 1018 2086 LXXI,
1048 2023 1307 2078 Catenam
1344 2023 1397 2076 in
1433 2022 1638 2078 Lucam
1672 2024 1980 2088 exbibente,

407 2115 693 2181 desumpta
729 2114 765 2167 l.
793 2128 867 2177 c.,
902 2128 955 2183 ρ.
987 2113 1087 2167 158
1116 2129 1201 2183 sq.
1225 2113 1414 2175 edidit,
1446 2129 1676 2184 quorum
1714 2113 1986 2184 posterius

409 2206 527 2260 sine
562 2206 727 2260 dubio
770 2221 837 2260 ex
874 2204 1149 2260 Theodori
1183 2208 1237 2260 in
1276 2204 1539 2260 Joannem
1573 2207 1985 2260 commentariis

408 2294 788 2362 depromptum
834 2301 941 2357 est,
976 2291 1211 2348 fortasse
1243 2295 1406 2349 etiam
1434 2295 1583 2363 prius
1623 2295 1767 2364 (vide
1798 2291 1981 2364 infra).

482 2384 643 2442 Plura
670 2385 975 2457 fragmenta
1006 2387 1386 2441 commentarii
1410 2384 1682 2440 Theodori
1716 2388 1772 2439 in
1811 2382 1985 2439 Joan-

410 2494 525 2532 nem
547 2485 759 2533 {etatem
787 2479 1048 2543 tulerunt,
1074 2493 1305 2547 quorum
1328 2479 1574 2548 quinque
1601 2478 1654 2531 in
1684 2480 1805 2531 Act.
1826 2492 1982 2533 conc.

412 2570 601 2625 Const.
640 2584 701 2633 ιι,
742 2584 815 2630 tv,
849 2569 1135 2639 leguntur:
1171 2568 1338 2623 l3-l5
1368 2569 1453 2637 (ea:
1479 2569 1699 2636 interpr.
1755 2567 1847 2622 Ec.
1880 2585 1982 2621 sec.

410 2659 570 2715 Joan.
599 2661 734 2715 libro
767 2671 913 2715 sexto
945 2659 1038 2731 [aL
1069 2658 1337 2731 septimo].
1366 2658 1524 2730 Vigil.
1560 2660 1750 2714 Const.
1793 2660 1985 2722 14-16,

368 2762 371 2765 ‘
413 2754 481 2806 de
502 2750 658 2807 Joan.
694 2769 785 2818 xx,
811 2753 897 2815 17,
930 2753 1020 2815 22,
1047 2752 1171 2819 28);
1205 2754 1294 2816 55,
1324 2753 1392 2807 54
1424 2753 1514 2824 (-
1542 2752 1607 2806 de
1635 2753 1770 2807 libro
1794 2754 1986 2823 primo,

414 2842 573 2915 Vigil.
610 2843 672 2898 C.
705 2844 793 2908 33,
827 2843 928 2911 34;
992 2843 1216 2899 Corder.
1258 2842 1378 2898 Cat.
1424 2844 1480 2897 in
1506 2842 1669 2898 Joan.
1719 2859 1772 2914 p.
1802 2843 1893 2908 61,
1922 2845 1989 2901 de

410 2934 571 2991 .Ioan.
605 2952 643 2998 ι,
680 2935 811 3005 50);
865 2936 980 2991 haec
1019 2950 1145 2990 vero
1188 2935 1244 2988 in
1280 2933 1486 2989 Catena
1520 2932 1741 2989 Patrum
1786 2934 1883 2989 Gr.
1932 2936 1989 2989 in

412 3025 577 3083 loan.
610 3043 639 3082 a
667 3026 845 3083 Balth.
873 3026 1137 3082 Corderio
1168 3027 1313 3083 edita
1342 3046 1354 3081 :
1386 3027 1441 3081 in
1468 3029 1738 3096 prooemio
1765 3028 1982 3098 longum

2074 525 2127 584 9,
2160 524 2225 579 10
2253 526 2393 593 sq.);
2449 524 2572 588 142,
2608 524 2730 584 148,
2767 523 2891 588 164,
2927 522 3031 577 168
3075 521 3149 591 (v.
3175 524 3230 590 2,
3268 525 3353 585 I7,
3391 525 3481 585 35,
3514 525 3648 593 43);

2077 615 2199 674 171,
2236 613 2357 675 172,
2395 613 2521 673 174,
2553 612 2678 673 176,
2716 611 2838 675 181,
2876 611 3000 673 185,
3046 610 3147 666 186
3196 611 3291 681 (νι,
3324 613 3377 675 5,
3412 612 3465 672 5,
3503 610 3558 673 6,
3593 613 3648 675 9,

2077 706 2164 767 12,
2200 704 2289 761 29.
2326 705 2416 764 55,
2449 704 2577 768 59);
2610 702 2714 756 209
2748 700 2867 771 (vn,
2901 702 3022 766 19);
3057 701 3182 765 228,
3214 701 3338 760 229.
3365 702 3467 756 237
3507 702 3648 772 (VIII,

2073 797 2166 859 91,
2195 795 2285 860 25,
2318 794 2447 863 42);
2485 794 2614 860 218,
2636 792 2766 858 254,
2785 791 2912 856 258,
2939 791 3046 846 260
3074 793 3173 861 (lx,
3202 793 3255 853 5,
3290 794 3377 857 17,
3401 793 3492 854 27,
3519 792 3651 861 41);

2074 885 2200 947 265,
2230 885 2356 947 269,
2392 882 2488 938 27:
2530 882 2607 954 (ι,
2648 883 2672 935 ι
2709 898 2834 952 sq.;
2867 897 2999 946 mi,
3034 882 3162 951 22);
3211 882 3335 947 277,
3364 883 3490 948 278,
3522 883 3649 949 279,

2078 977 2202 1040 28l,
2233 977 2359 1041 284,
2391 976 2496 1031 286
2558 975 2668 1046 (XI,
2702 975 2760 1042 2,
2799 976 2854 1042 5,
2890 974 2944 1039 6,
2983 976 3067 1034 l5.
3102 975 3164 1029 2t
3201 991 3309 1046 sq.,
3341 976 3472 1045 28);
3520 975 3650 1040 288,

2076 1067 2181 1122 289
2230 1066 2330 1135 (xu,
2363 1065 2451 1130 34,
2489 1064 2582 1121 55.
2629 1064 2807 1119 Minus
2840 1072 2986 1120 recte
3031 1082 3083 1119 v.
3133 1064 3382 1121 Neander
3427 1067 3463 1119 l.
3498 1067 3533 1119 l.
3586 1065 3651 1128 ll,

2080 1179 2131 1229 p.
2160 1162 2283 1222 935,
2312 1160 2601 1221 dubitavit,
2633 1174 2699 1213 an
2736 1159 2891 1229 prius
2925 1159 3119 1229 fragm.
3153 1161 3447 1230 genuinum
3481 1168 3650 1216 esset.

2082 1251 2193 1306 Hoc
2221 1254 2365 1306 enim
2400 1252 2436 1304 Ι.
2470 1250 2791 1307 Theodorus
2837 1251 2959 1307 ideo
2987 1250 3204 1306 Christo
3237 1252 3510 1306 inscitiam
3551 1253 3657 1304 tri-

2082 1346 2246 1398 buere
2277 1359 2384 1397 non
2416 1346 2612 1413 potuit,
2642 1343 2785 1414 quod
2813 1342 3086 1406 Christus,
3118 1344 3212 1413 qui
3239 1350 3367 1398 ante
3389 1342 3654 1396 Lazarum

2081 1444 2352 1490 mortmnn
2405 1449 2527 1489 esse
2578 1434 2789 1499 dixerat
2821 1449 2872 1486 v.
2924 1433 3012 1496 11,
3066 1441 3178 1486 tum
3229 1434 3446 1502 quidem
3498 1448 3655 1488 suam

2081 1526 2474 1594 przescieutiam
2520 1525 3022 1595 comprobaverat);
3071 1525 3176 1580 300
3230 1527 3328 1592 (xi,
3372 1525 3501 1592 56);
3550 1525 3660 1578 504

2080 1616 2203 1676 509,
2235 1617 2359 1680 519,
2393 1615 2496 1669 520
2531 1626 2653 1685 (xu,
2678 1615 2823 1680 9-H,
2849 1614 2941 1678 25,
2972 1615 3066 1674 24,
3096 1616 3188 1675 55,
3219 1614 3349 1678 36);
3379 1614 3501 1679 334,
3528 1614 3656 1675 556,

2080 1705 2206 1767 542,
2239 1705 2363 1766 545,
2399 1704 2524 1767 548,
2557 1704 2662 1759 549
2709 1705 2870 1774 (xm,
2920 1705 3006 1768 10,
3048 1705 3135 1766 15,
3166 1704 3359 1765 23-27,
3401 1706 3491 1765 33,
3524 1706 3659 1773 34);

2013 1784 2053 1836 Β
2082 1796 2207 1858 555,
2229 1794 2355 1857 358,
2389 1794 2516 1855 359,
2544 1793 2668 1856 560,
2700 1793 2827 1857 566,
2860 1793 2964 1847 569
2992 1797 3125 1861 (xw,
3159 1793 3210 1857 1,
3245 1795 3298 1856 9,
3333 1793 3419 1857 10,
3458 1793 3659 1860 15,16,

2082 1886 2219 1953 20);
2273 1886 2397 1951 579,
2442 1885 2570 1947 581,
2599 1885 2703 1939 588
2752 1886 2862 1951 (xv,
2892 1885 2947 1949 ιι,
2983 1885 3037 1950 8,
3068 1886 3195 1955 26);
3241 1885 3663 1952 392,401,405

2085 1980 2218 2041 (xvi,
2256 1976 2309 2039 8,
2351 1975 2445 2037 26,
2491 1975 2613 2039 30);
2666 1974 2772 2029 428
2826 1979 3004 2045 (xvtu,
3047 1976 3169 2048 30);
3217 1976 3322 2030 437
3359 1980 3490 2045 (xix,
3527 1977 3659 2041 l7);

2085 2067 2329 2130 454,455
2355 2068 2469 2138 (xx,
2497 2065 2584 2135 14)
2601 2066 2699 2136 (a).
2720 2065 2986 2122 Praeterea
3002 2067 3195 2137 fragm.
3213 2077 3340 2123 sunt
3362 2069 3415 2121 in
3439 2068 3665 2123 Catenis

2086 2160 2229 2214 ined.
2254 2158 2418 2214 codd.
2444 2157 2561 2224 XX,
2587 2156 2778 2220 XXIII,
2801 2157 2981 2214 CXCV
3006 2159 3134 2214 bibl.
3159 2159 3326 2214 Coisl.
3358 2158 3441 2214 CI.
3467 2158 3661 2214 lliontl'.

2085 2248 2228 2302 Bibl.
2279 2247 2502 2303 Coislin.
2542 2263 2596 2319 p.
2629 2248 2718 2314 65,
2746 2247 2833 2313 68,
2860 2246 3002 2315 248;
3035 2246 3158 2303 eod.
3187 2246 3377 2301 XXVII
3408 2249 3663 2304 bibliotb.

2088 2340 2253 2395 Marc.
2291 2339 2477 2395 Venet.
2502 2340 2586 2395 Cf.
2615 2340 2822 2396 Morell.
2848 2340 2885 2395 Ι.
2912 2340 2974 2407 1.,
3002 2339 3042 2405 I,
3073 2356 3127 2410 p.
3150 2340 3256 2406 49;
3284 2339 3662 2405 eod.XXXlll,

2088 2434 2226 2505 plut.
2261 2431 2352 2497 VI,
2389 2433 2638 2487 bibliotb.
2669 2432 2809 2488 Med.
2849 2431 3014 2487 Laur.
3058 2430 3128 2487 Cf
3178 2429 3407 2485 Bandin.
3440 2431 3475 2485 l.
3512 2432 3576 2495 1,,
3617 2431 3662 2495 1,

2089 2540 2143 2595 p.
2177 2524 2300 2579 161.

2160 2659 2503 2714 Theodorum
2558 2659 2910 2729 Evangelium
2969 2657 3135 2712 Marci
3190 2658 3453 2728 singulari
3502 2672 3666 2711 com-

2090 2752 2359 2806 mentario
2400 2760 2743 2820 persecutum
2779 2767 2899 2806 esse
2933 2767 3057 2803 tum
3100 2766 3196 2821 per
3225 2766 3283 2804 se
3324 2752 3504 2802 minus
3535 2763 3669 2817 pro-

2089 2845 2269 2900 babile
2311 2844 2411 2911 sit,
2443 2853 2557 2898 tum
2588 2853 2829 2899 veterum
2876 2843 3096 2898 silentio
3148 2842 3494 2911 reprobatur.
3550 2842 3670 2895 Nec

2092 2934 2453 3005 negligendus
2496 2931 2685 2987 Victor
2720 2930 2977 2985 Antioch.
3002 2972 3015 2994 ,
3051 2929 3146 3000 qui
3190 2945 3249 2984 se
3282 2928 3480 2983 frustra
3511 2942 3671 2982 com-

2092 3026 2391 3081 mentarios
2436 3027 2490 3079 in
2518 3023 2764 3079 Murcum
2797 3023 3147 3094 inquisivisse
3188 3021 3403 3076 asserit.
3438 3018 3523 3074 Cf.
3558 3020 3672 3074 Ca-

418 3130 504 3177 est
544 3121 906 3191 Mopsucstcni
948 3121 1140 3192 fragm.
1184 3122 1259 3191 (in
1302 3119 1421 3175 Cat.
1456 3121 1576 3175 eod.
1616 3118 1811 3174 XXVII
1855 3121 1985 3175 bibl.
2015 3122 2059 3177 C
2094 3127 2220 3174 tena
2251 3117 2425 3173 Graec.
2463 3117 2611 3171 Patr.
2666 3117 2720 3170 in
2762 3130 2849 3170 ev.
2886 3130 2996 3170 sec.
3026 3113 3217 3176 Marc.,
3268 3113 3562 3168 collectore
3611 3119 3673 3166 et

417 3213 586 3272 Marc.
610 3215 826 3283 Venet.,
843 3216 1214 3271 aCorderiaua
1236 3213 1470 3277 diversa,
1502 3213 1621 3268 sine
1648 3220 1871 3267 anctere
1896 3228 1991 3282 po-

419 3309 618 3373 situm;
650 3306 721 3362 cf.
762 3305 970 3361 Morell.
1004 3308 1041 3359 l.
1074 3306 1136 3367 l.,
1171 3321 1225 3375 p.
1266 3305 1381 3373 49),
1434 3320 1545 3374 quo
1578 3315 1703 3358 nota
1752 3304 1842 3358 illa
1887 3302 1994 3357 Pa-

418 3405 563 3453 trum
597 3399 806 3469 opinio,
831 3414 929 3453 cur
951 3396 1192 3453 Joannes
1229 3396 1324 3450 Ev.
1357 3412 1516 3451 suum
1559 3396 1861 3466 scripserit,
1895 3413 1993 3451 ex-

421 3492 662 3562 ponitur,
701 3508 752 3561 p.
792 3491 852 3545 17
880 3491 1042 3562 (idem
1069 3506 1121 3559 p.
1157 3489 1329 3552 46,de
1358 3489 1517 3543 Joan.
1551 3504 1588 3555 ι,
1610 3489 1662 3542 3.
1700 3487 1775 3543 De
1802 3488 1992 3542 eodem

419 3584 543 3638 loro
586 3584 729 3637 aliud
788 3583 979 3654 fragm.
1014 3598 1076 3638 ex
1124 3581 1383 3635 Vaticana
1433 3579 1529 3634 Ev.
1566 3579 1687 3635 Cat.
1729 3582 1993 3633 transcri—

424 3687 530 3745 psat
562 3677 697 3745 Aug.
733 3675 860 3729 Mai.
887 3675 950 3728 ad
983 3673 1143 3728 Pbot.
1173 3671 1499 3741 Amphiloch.
1522 3672 1557 3724 I.
1588 3686 1638 3725 c.
1672 3670 1760 3731 33,
1795 3671 1830 3724 l.
1865 3671 1921 3732 l.,
1951 3670 1990 3733 Ι,

423 3788 476 3838 p.
510 3770 660 3836 225),
699 3770 785 3834 18,
829 3770 915 3832 19,
936 3769 997 3821 21
1042 3768 1102 3838 (ι,
1135 3768 1188 3833 4,
1212 3768 1296 3836 6);
1328 3766 1398 3820 25
1434 3766 1647 3838 (Latine
1678 3766 1841 3837 paulo
1864 3766 1996 3819 ube—

424 3863 540 3916 rius
579 3877 665 3931 ap.
706 3859 830 3914 Far.
875 3862 1026 3925 tx.3,
1066 3861 1133 3915 de
1158 3858 1315 3914 Joau.
1362 3876 1399 3923 ι,
1438 3859 1559 3928 10);
1602 3860 1691 3926 27,
1722 3859 1783 3913 51
1818 3860 1877 3926 (ι,
1906 3860 1993 3917 15.

425 3954 551 4020 14);
615 3954 682 4008 49
732 3956 792 4023 (ι,
835 3951 1057 4009 32—34).
1094 3951 1235 4004 Idem
1284 3950 1431 4005 haud
1486 3949 1652 4005 dubie
1698 3960 1802 4011 est,
1850 3951 1996 4019 quod

426 4047 669 4101 Mnenler
703 4047 737 4099 1.
782 4062 857 4108 0.,
894 4060 947 4114 p.
991 4043 1093 4097 142
1139 4060 1249 4113 sq.,
1285 4058 1349 4097 ex
1395 4042 1514 4096 cod.
1551 4040 1788 4096 Vindob.
1832 4042 1993 4096 LXXI

424 4150 478 4193 ct
504 4139 639 4206 Aug.
681 4137 852 4191 Maius
892 4137 926 4190 1.
966 4137 1025 4197 l.,
1056 4153 1128 4201 vi,
1161 4152 1212 4206 p.
1240 4150 1458 4198 xxu,ex
1493 4133 1755 4189 Vaticana
1780 4137 1835 4190 in
1862 4134 1995 4191 Luc.

424 4229 544 4283 Cat.
590 4229 735 4282 ined.
770 4226 1063 4293 Nieephori
1094 4226 1484 4288 exhibucrunt,
1518 4241 1830 4296 quanquam
1863 4227 1997 4281 alte-

426 4340 547 4377 rum
582 4324 753 4376 altero
781 4322 834 4373 in
869 4319 1147 4373 nonnullis
1178 4319 1399 4374 uberius
1432 4325 1534 4374 est.
1566 4318 1621 4372 In
1650 4320 1885 4375 diversis
1908 4337 1999 4373 au-

425 4425 533 4469 teut
570 4415 777 4469 catenis
807 4411 1055 4482 quredam
1088 4412 1310 4465 inverso
1350 4411 1543 4465 ordine
1586 4410 1858 4480 leguntur.
1896 4413 1998 4466 Ca-

427 4518 673 4563 tenarum
699 4511 843 4561 enim
876 4512 1128 4559 auctores
1153 4518 1217 4559 ea
1255 4518 1376 4574 quae
1408 4512 1803 4574 excerpserunt
1832 4505 1997 4560 inter-

427 4601 554 4656 dum
591 4616 695 4654 non
722 4599 897 4654 solum
931 4599 983 4652 in
1014 4596 1396 4667 compendium
1430 4593 1775 4666 redegerunt,
1813 4611 1998 4651 verum

426 4695 591 4749 etiam
647 4694 864 4746 inverso
909 4690 1100 4745 ordine
1142 4688 1531 4750 exhibuerunt,
1576 4687 1805 4758 ideoque
1838 4689 1999 4743 aliam

430 4786 717 4839 verborum
766 4792 1098 4837 structuram
1142 4782 1405 4836 inierunt.
1462 4778 1548 4836 Cf.
1582 4778 1913 4835 Tbeodoret.
1945 4781 2000 4833 in

428 4878 653 4932 Coi-der.
710 4876 827 4930 Cat.
873 4876 925 4927 in
973 4873 1067 4927 Ps.
1100 4889 1163 4934 ιι,
1215 4890 1267 4943 p.
1321 4873 1444 4932 458,
1500 4871 1567 4925 ad
1622 4887 1705 4941 ps.
1759 4888 1885 4934 Lxx,
1936 4872 2001 4937 1;

431 4988 485 5041 p.
515 4969 626 5030 449,
646 4969 792 5035 (va,
826 4968 947 5037 18);
975 4982 1029 5036 p.
1055 4966 1156 5020 557
1192 4968 1401 5037 (Lxxul.
1430 4965 1553 5033 45);
1590 4980 1642 5034 p.
1669 4963 1772 5018 550
1802 4966 2005 5031 (Lxxw,

432 5063 523 5133 1);
570 5063 672 5119 568
716 5064 895 5130 (Lxxv,
928 5060 1015 5128 3);
1067 5059 1163 5113 57l
1206 5058 1389 5127 (Lxxv,
1440 5058 1492 5121 6,
1528 5058 1616 5127 7);
1665 5057 1768 5111 595
1798 5059 2007 5120 (Lxxw,

434 5157 619 5227 11-15)
647 5195 663 5219 ,
716 5155 787 5206 al.
844 5152 982 5205 Illud
1013 5165 1141 5205 vero
1190 5149 1382 5219 fragm.
1420 5164 1482 5202 ex
1522 5149 1916 5201 commentario
1954 5145 2007 5197 in

432 5247 590 5303 Joan.
645 5254 922 5314 sumptum
981 5258 1098 5298 esse
1142 5258 1207 5297 ex
1259 5257 1324 5297 eo
1367 5241 1705 5310 intelligitur,
1749 5238 1893 5307 quod
1952 5237 2006 5290 in

434 5342 662 5395 Corder.
696 5339 814 5393 Cat.
862 5340 915 5391 in
946 5335 1109 5389 Joan.
1161 5335 1335 5389 multo
1375 5335 1686 5388 accuratius
1722 5333 1919 5403 legitur
1954 5339 2008 5383 et

437 5435 721 5487 verborum
756 5431 1056 5501 complexio
1105 5429 1339 5499 genuina
1401 5435 1503 5482 est.
1547 5425 1810 5480 Praeterea
1853 5425 1907 5478 in
1968 5424 2001 5475 Ι.

433 5523 594 5579 Joan.
638 5540 676 5586 ι,
707 5523 874 5577 32—34
918 5522 1121 5592 optime
1153 5521 1431 5591 quadrat.;
1457 5517 1545 5582 56,
1574 5517 1643 5572 60
1670 5521 1732 5587 (I,
1761 5516 1850 5581 41,
1876 5514 1999 5584 46);

509 5725 585 5793 (a)
625 5724 910 5779 Theodoro
945 5725 997 5778 in
1024 5722 1266 5778 Curderii
1298 5722 1417 5777 Cat.
1449 5721 1502 5775 in
1525 5718 1686 5773 Joan.
1717 5713 1998 5793 ev,,_J_oan.

437 5814 486 5852 c.
516 5785 645 5864 ‘m,
691 5812 831 5853 vers.
883 5796 975 5862 24,
1015 5795 1106 5861 25,
1133 5796 1346 5866 spurius
1373 5793 1477 5847 dici
1513 5804 1694 5847 crrorc
1729 5785 2005 5858 perhibuit

2094 3214 2319 3280 interpr.
2364 3209 2527 3265 Petro
2572 3207 2803 3263 Possino
2854 3206 3073 3278 (Roma:
3124 3202 3261 3257 1675
3304 3202 3421 3270 fol.)
3451 3243 3467 3267 ,
3518 3217 3574 3271 p.
3606 3202 3669 3255 4.

2095 3303 2236 3357 Idem
2263 3302 2431 3357 refert
2463 3302 2500 3356 l.
2538 3316 2615 3363 c.,
2650 3315 2706 3370 p.
2731 3298 2857 3363 279,
2894 3297 3239 3354 Theodorum
3272 3297 3309 3351 l.
3345 3294 3511 3349 Marc.
3538 3309 3673 3355 xm,

2095 3395 2210 3458 5-8,
2238 3394 2368 3449 Luc.
2399 3409 2513 3459 xm,
2551 3393 2635 3455 10,
2671 3392 2762 3451 11,
2796 3390 2983 3444 Matth.
3012 3406 3158 3454 xxiv,
3191 3388 3248 3450 7,
3289 3386 3358 3442 de
3389 3384 3676 3456 συντελείᾳ

2093 3487 2187 3540 τοῦ
2218 3486 2413 3549 αἰῶνος
2452 3486 2787 3539 intellexisse
2826 3483 3030 3554 (recte;
3064 3478 3133 3534 cf.
3163 3479 3355 3550 fragm.
3392 3478 3675 3531 Theodori

2097 3581 2150 3634 in
2192 3577 2392 3632 Lucam
2426 3577 2569 3648 quod
2613 3575 2806 3646 incipit
2844 3573 3093 3628 Τοιαῦτα
3122 3570 3439 3635 πολλάκις,
3480 3568 3672 3631 infra),

2097 3672 2239 3725 unde
2272 3670 2612 3739 intelligitur,
2666 3666 2810 3737 quod
2854 3681 2949 3735 per
2978 3680 3037 3719 se
3068 3663 3201 3719 satis
3236 3661 3531 3717 verisimile
3559 3670 3673 3720 est,

2098 3763 2444 3818 Theodorum
2474 3762 2528 3815 in
2561 3762 2664 3815 hoc
2716 3760 2877 3814 illove
2925 3756 3219 3828 Evangelia
3258 3752 3676 3819 interpretando

2100 3854 2239 3907 baud
2276 3867 2401 3907 raro
2445 3853 2779 3920 reliquorum
2831 3848 3096 3902 rationem
3152 3845 3409 3900 habuisse
3480 3845 3677 3911 itaque

2100 3960 2206 3997 non
2253 3943 2474 4006 mirum,
2513 3941 2655 4011 quod
2708 3947 2902 3993 eatena
2953 3936 3273 3992 Possiniana
3303 3936 3412 3988 duo
3469 3933 3669 4003 fragm.

2100 4036 2365 4097 continet,
2414 4050 2466 4104 p.
2499 4033 2590 4095 (i2,
2642 4031 2732 4094 91,
2779 4030 2980 4101 quibus
3034 4028 3356 4083 Theodorus
3403 4026 3442 4079 Ι.
3497 4024 3672 4079 Marc.

2105 4143 2184 4194 ιιι,
2216 4127 2271 4189 4,
2306 4142 2380 4191 Iv,
2410 4125 2598 4183 25-29,
2639 4122 2947 4183 illustravit,
2976 4136 3075 4175 nec
3109 4118 3379 4174 Theodori
3409 4118 3589 4173 verbis
3613 4117 3673 4171 in

2099 4219 2219 4272 Cat.
2266 4217 2430 4272 Cord.
2479 4218 2531 4270 in
2572 4213 2773 4279 Joan.,
2832 4230 2885 4284 p.
2930 4212 3055 4277 457,
3101 4210 3488 4266 oﬂ‘enderis'—
3528 4207 3678 4261 mea

2100 4312 2312 4380 εἴρηται
2359 4311 2417 4361 ἐν
2459 4313 2567 4369 τοῖς
2607 4310 2685 4370 εἰς
2722 4308 2847 4369 τοὺς
2880 4305 3069 4367 ἄλλους
3108 4301 3494 4370 εὐαγγελιστὰς
3533 4300 3678 4351 ὑπο-

2107 4404 2404 4473 μνήμασιν.
2456 4398 2723 4453 Nimirum
2767 4412 2886 4468 qua:
2935 4397 3003 4451 de
3037 4394 3200 4449 Marci
3235 4392 3527 4461 Evangelio
3557 4390 3683 4444 dis-

2036 4468 2074 4520 D
2106 4468 2332 4546 serenda
2379 4499 2555 4551 erant,
2610 4499 2734 4557 apte
2777 4489 2832 4542 in
2884 4487 3220 4556 reliquorum
3258 4483 3680 4554 Evangeliorum

2105 4580 2518 4634 commentariis
2552 4578 2876 4648 disputavit.

2176 4740 2510 4793 Assemanus
2544 4736 2578 4790 l.
2613 4735 2675 4797 l.,
2710 4733 2798 4797 Ill,
2836 4749 2873 4794 ι,
2906 4747 2958 4801 p.
2991 4730 3116 4796 323,
3149 4745 3214 4783 ex
3248 4725 3554 4781 Salomonis
3584 4740 3680 4794 ep.

2107 4830 2352 4884 Ilassorze
2379 4828 2539 4892 libro,
2580 4827 2673 4896 qui
2713 4834 2797 4881 est
2838 4823 2914 4877 De
2945 4824 3047 4891 ﬁne
3083 4835 3352 4890 pomorum
3378 4817 3685 4870 dmmonum

2105 4932 2153 4975 et
2183 4929 2534 4986 peccatorum,
2565 4918 2846 4987 Syriacum
2878 4911 3149 4967 Theodori
3176 4910 3371 4979 fragm.
3413 4907 3686 4961 transcri-

2107 5017 2233 5085 psit,
2269 5012 2411 5082 quod
2452 5025 2576 5064 cum
2614 5007 2828 5061 nonnisi
2871 5005 3052 5059 verbis
3098 5002 3352 5057 Theodori
3394 5007 3683 5053 comment.

2106 5108 2160 5160 in
2194 5103 2441 5173 Evangel.
2488 5102 2720 5164 citetur,
2774 5099 2841 5153 ad
2873 5097 3161 5166 cuiusnam
3197 5092 3469 5161 Evangelii
3505 5090 3688 5143 inter-

2107 5198 2467 5267 pretationem
2503 5191 2830 5263 pertinuerit
2860 5206 3002 5260 εει-0
3042 5187 3216 5242 (11018.

2242 5328 2302 5382 Β.
2362 5326 2741 5382 Commentarii
2793 5325 2848 5377 in
2899 5323 3031 5375 Acta
3096 5317 3455 5387 apostolorum
3502 5324 3551 5367 et

2656 5394 2922 5464 Epistolas
2956 5391 3027 5445 Ν.
3068 5388 3125 5443 Τ.

2179 5509 2568 5564 Cummentarii
2619 5510 2674 5561 in
2717 5509 2849 5560 Acta
2897 5502 3280 5576 apostolomm,
3313 5512 3473 5569 quem
3502 5494 3685 5549 Theo.

2108 5713 2348 5769 Crcdner
2386 5712 2423 5764 Ι.
2458 5710 2520 5776 1.,
2562 5708 2600 5767 1,
2640 5723 2691 5776 p.
2723 5706 2850 5761 235.
2886 5701 3121 5777 Ot‘nnino
3166 5699 3315 5777 illam.
3351 5693 3688 5776 sententiam

2112 5790 2163 5837 in
2196 5780 2484 5838 Theodoro
2508 5773 2600 5834 me
2633 5773 2900 5847 nusquam
2945 5773 3123 5845 legere
3157 5773 3400 5823 memini.
