3804 6222
177 348 241 402 53

939 350 1028 408 DE
1062 350 1411 408 THEODORl
1450 351 1935 411 MOPSUESTENI
1972 357 2135 412 VlTA
2161 358 2249 413 ET
2289 356 2619 413 SClilPTlS.

3337 364 3404 416 54

174 461 353 521 dorus,
387 454 652 515 Ebcdiesu
685 467 822 516 teste
849 460 886 515 1.
921 477 999 528 c.,
1042 480 1096 534 p.
1129 466 1220 531 52,
1258 465 1323 518 ad
1363 464 1619 519 Basilium
1651 466 1729 534 (a)
1763 474 1807 529 Α
1836 470 2065 541 intelligi
2096 471 2351 540 conjecit,
2393 471 2487 541 qui
2531 480 2585 525 et
2630 470 2713 525 vir
2744 471 3100 529 doctissimus
3135 474 3326 530 fuisset
3357 485 3412 532 et

176 550 408 618 scripsit,
440 566 603 603 unum
634 550 828 621 fragm.
858 553 910 606 in
942 554 1062 608 Act.
1100 556 1313 610 concilii
1343 554 1533 609 Const.
1571 571 1632 617 ll,
1660 570 1735 619 tv,

176 643 237 693 16
281 644 384 710 (-—
411 643 543 695 libro
577 644 770 711 primo.
806 643 967 713 Vigil.
1000 646 1189 701 Const.
1231 647 1333 713 i7;
1377 646 1579 717 Pelagii
1613 662 1735 717 pap.

175 752 252 803 rp.
289 736 341 798 δ,
373 736 442 786 ad
471 735 666 797 Eliam,
700 738 734 790 ι.
773 754 846 801 c.,
883 754 935 807 p.
972 739 1097 800 429,
1129 740 1277 807 450),
1312 740 1377 795 de
1407 742 1526 793 Act.
1561 756 1620 804 ιι,
1646 740 1736 802 58,

176 826 459 877 invenitur.
511 826 755 880 Meminit
794 828 959 897 hujus
999 830 1380 883 commentarii
1424 838 1479 883 et
1522 831 1740 899 exposi-

174 918 328 971 tionis
355 918 711 985 quarumdam
755 921 887 990 Epp.
928 919 1082 975 Pauli
1122 921 1473 976 Abulbarcat.
1524 922 1597 974 De
1628 922 1733 977 diu.

172 1008 316 1075 ofﬂa,
350 1023 399 1062 c.
436 1010 487 1061 7.
524 1008 608 1063 Cf.
642 1016 857 1066 Assem.
897 1012 934 1065 1.
966 1013 1029 1077 l.,
1066 1028 1119 1081 p.
1155 1012 1243 1067 50.

237 1098 435 1153 Omnes
465 1098 617 1153 Pauli
653 1100 924 1170 Epistolas
952 1111 1007 1156 et
1046 1102 1342 1172 Epistolam
1376 1104 1442 1156 ad
1479 1102 1736 1159 Hebraeos

169 1206 199 1242 a
230 1188 513 1245 Theodoro
540 1193 843 1262 explicatas
866 1209 988 1248 esse
1020 1193 1141 1264 (Ep.
1175 1194 1239 1247 ad
1272 1193 1430 1248 Rom.
1466 1196 1531 1248 ad
1565 1195 1735 1249 Euse-

172 1284 334 1344 bium,
361 1284 497 1336 duas
525 1285 591 1337 ad
618 1284 747 1338 Cor.
779 1295 971 1355 rogatu
998 1285 1293 1347 Theodori,
1336 1285 1465 1355 Epp.
1500 1287 1563 1341 ad
1591 1287 1733 1352 Cal.,

171 1375 325 1441 l'th.,
376 1374 638 1445 Pbilipp.,
691 1376 908 1432 Colors.
966 1392 1081 1447 rog.
1133 1378 1419 1442 Eustratii,
1480 1378 1614 1447 Epp.
1668 1380 1735 1433 ad

169 1466 355 1520 Thess.
404 1483 519 1537 rog.
571 1468 778 1527 Jacobi.
824 1468 959 1539 Epp.
987 1470 1050 1524 ad
1085 1468 1351 1528 Titnoth.,
1394 1468 1458 1521 ad
1491 1470 1732 1533 Petrum,

169 1554 297 1624 Epp.
332 1559 398 1609 ad
442 1556 550 1611 Tit.
585 1567 638 1613 et
673 1558 900 1613 Philem.
941 1575 1058 1630 rog.
1096 1561 1306 1631 Cyrini,
1340 1560 1437 1632 Ep.
1467 1562 1533 1615 ad
1568 1561 1733 1617 Hebr.

169 1646 230 1697 ad
259 1646 563 1716 Cyrinum)
615 1649 862 1717 perhibet
907 1648 1173 1704 Ebedicsu
1225 1651 1262 1703 l.
1295 1666 1370 1711 c.,
1423 1668 1473 1721 p.
1508 1652 1597 1713 32,
1637 1652 1728 1706 55.

168 1734 421 1792 Leontius
474 1740 510 1791 Ι.
565 1755 615 1793 c.
676 1739 843 1807 (Mai.
904 1740 938 1793 l.
990 1740 1050 1801 l.,
1092 1757 1168 1805 v1,
1211 1758 1263 1809 p.
1296 1741 1422 1810 299)
1466 1750 1735 1795 memerat

1844 562 2034 633 Syrus,
2064 572 2115 619 et
2163 572 2288 618 ante
2326 579 2412 617 an.
2452 562 2558 617 596
2603 565 2894 635 episcopus
2933 574 2988 620 et
3039 566 3409 636 Epistolarum

1840 655 2192 708 Paulinarum
2246 657 2539 725 interpres,
2584 656 2742 725 cujus
2792 658 3028 727 denique
3075 675 3270 714 nomen
3313 676 3411 716 cur

1840 747 2101 799 omissum
2137 756 2307 811 esset,
2340 747 2481 800 ratio
2516 746 2818 816 probabilis
2847 748 2998 803 reddi
3036 761 3239 819 posset.
3284 750 3408 804 Mihi

1840 835 1953 889 inec
1981 836 2314 904 conjectura,
2354 852 2473 905 quae
2502 838 2547 889 si
2585 851 2710 890 vera
2750 848 2896 892 esset
2927 840 3195 892 nonnulla
3233 838 3412 893 Theo-

1839 925 1955 979 dori
1993 927 2046 979 in
2080 926 2328 979 Euthalio
2364 928 2649 995 reperires,
2692 942 2797 980 non
2832 930 2969 983 satis
3002 930 3296 999 probabilis
3331 931 3409 983 vi-

1839 1017 2035 1082 detur;
2102 1033 2211 1070 non
2270 1026 2448 1071 tamen
2497 1017 2693 1080 habeo,
2749 1033 2858 1087 quo
2904 1035 3019 1072 eam
3076 1022 3238 1089 plane
3287 1036 3411 1089 pro-

1840 1116 2100 1163 sternam.

1906 1199 2296 1254 Commentarii
2332 1202 2384 1253 in
2416 1199 2708 1268 Epistolam
2736 1201 2803 1253 ad
2834 1197 3100 1253 Romanus
3136 1202 3410 1266 fragmen-

1838 1296 1948 1340 tum
1976 1286 2043 1342 de
2075 1303 2112 1349 ι,
2140 1288 2194 1351 2,
2232 1289 2286 1352 '5,
2320 1288 2521 1357 praebet
2550 1286 2677 1341 Fac.
2714 1303 2792 1350 ιιι,
2829 1288 2895 1353 6;
2942 1289 3095 1357 plura
3126 1290 3179 1341 in
3216 1290 3409 1343 itinere

1838 1379 2025 1433 italico
2050 1395 2113 1432 ex
2145 1378 2305 1431 codd.
2337 1386 2391 1432 et
2425 1379 2645 1433 Catenis
2692 1376 2865 1431 Vatic.
2913 1380 3201 1447 exscripsit
3243 1377 3305 1430 N.
3343 1379 3405 1432 C.

1838 1469 2049 1525 Kallius
2096 1471 2170 1538 (ν.
2204 1469 2405 1523 Muent.
2438 1470 2474 1522 l.
2508 1470 2569 1535 l.,
2607 1486 2659 1539 p.
2699 1470 2810 1538 78),
2841 1469 3106 1531 nondum,
3141 1478 3409 1538 quantum

1838 1562 1975 1625 scio,
2024 1560 2189 1615 edita.
2239 1561 2565 1631 Fragmenta
2618 1564 2865 1616 continet
2916 1561 3037 1614 Cat.
3090 1560 3236 1615 ined.
3285 1562 3406 1614 cod.

1840 1651 2073 1705 Vindoh.
2110 1651 2292 1707 XLVI.
2329 1653 2413 1707 Cf.
2477 1652 2730 1707 Lambec.
2766 1653 2802 1706 l.
2831 1653 2889 1714 l.,
2920 1652 3007 1715 Ill,
3041 1668 3091 1721 p.
3126 1651 3248 1703 175.
3296 1652 3411 1704 Alia

1837 1740 2022 1793 edidit.
2048 1740 2186 1808 Aug.
2214 1741 2386 1794 Maius
2420 1757 2474 1795 In
2504 1740 2773 1809 Spicilegii
2809 1739 3032 1793 Romani
3068 1749 3199 1792 tom.
3240 1737 3328 1798 IV,
3355 1754 3409 1807 p.

167 1825 259 1895 τὴν
309 1830 679 1899 παρεξήγησιν
709 1833 850 1896 ejus,
902 1832 967 1899 ἣν
1002 1833 1083 1893 εἰς
1128 1831 1225 1900 τὴν
1264 1832 1400 1901 πρὸς
1450 1832 1732 1901 Ἐϐραίους

1842 1830 1959 1886 499.
1981 1831 2136 1885 Errat
2152 1841 2331 1886 autem
2355 1831 2658 1898 Fabricius,
2682 1832 2774 1901 qui
2801 1832 2836 1887 Ι.
2862 1833 2923 1894 l.,
2948 1847 3002 1902 p.
3019 1832 3143 1887 559.
3166 1829 3410 1899 qua-dam

180 1916 489 1989 Ἐπιστολὴν
534 1921 824 1991 πεποίηται
860 1923 953 1974 καὶ
998 1922 1103 1991 μὴν
1132 1922 1225 1975 καὶ
1267 1923 1344 1984 εἰς
1374 1925 1473 1992 τὴν
1503 1923 1565 1989 (ῗ)
1599 1923 1733 1992 πρὸς

166 2008 479 2078 Κορινθίους
523 2011 615 2063 καὶ
662 2011 927 2074 Γαλάτας.
963 2042 1032 2050 -
1074 2011 1210 2065 Cum
1245 2011 1627 2065 Theodoretus
1676 2012 1733 2065 in

168 2099 317 2153 l’ncf.
353 2102 405 2154 in
436 2101 588 2155 Pauli
614 2103 747 2171 Epp.
778 2104 1046 2157 scriberet
1079 2123 1090 2156 :
1124 2134 1193 2143 —
1221 2103 1517 2166 Αὐθαδείας
1549 2120 1615 2173 με
1640 2121 1734 2155 τυ-

165 2187 253 2255 χὸν
273 2189 365 2240 καὶ
388 2189 724 2261 Θρασύτητος
748 2190 1049 2260 γράφονται
1077 2192 1217 2261 μετὰ
1245 2191 1333 2244 τὸν
1358 2192 1504 2244 δεῖνα
1527 2192 1621 2243 καὶ
1643 2191 1733 2245 τὸν

165 2281 326 2345 δεῖνα,
362 2286 489 2347 τοὺς
517 2286 616 2354 τῆς
659 2286 982 2356 οἰκουμένης
1013 2288 1325 2359 φωστῆρας,
1364 2288 1463 2357 τῆς
1506 2288 1735 2340 ἀποστο-

165 2373 313 2444 ὶνικῆς
346 2377 643 2446 ἑρμηνείας
693 2380 1139 2449 κατατολμῶντα,
1183 2368 1327 2433 haud
1366 2380 1531 2435 dubie
1566 2382 1730 2436 etiam

164 2467 225 2519 ad
257 2464 602 2521 Theodorum
644 2471 903 2537 respexit,
938 2471 1033 2525 sed
1070 2485 1257 2525 errore
1300 2470 1596 2525 observant
1628 2471 1733 2524 Ca-

166 2574 289 2615 vcus
317 2561 352 2613 l.
387 2561 452 2621 l.,
499 2577 551 2630 p.
582 2561 709 2623 248,
737 2570 792 2615 et
845 2564 1061 2618 Assem.
1101 2564 1137 2617 l.
1188 2564 1248 2627 l.,
1296 2580 1351 2633 p.
1381 2563 1471 2627 52,
1506 2571 1732 2618 auctore

164 2649 503 2706 Theodoreto
528 2668 719 2708 omnes
748 2652 903 2708 Pauli
937 2654 1210 2724 Epistolas
1242 2671 1271 2708 a
1300 2653 1588 2709 Theodoro
1614 2654 1732 2710 fuse

162 2742 458 2809 explicatas
492 2759 635 2798 esse.
669 2773 740 2785 —
782 2744 1105 2815 Fragmenta
1154 2755 1283 2799 sunt
1317 2747 1370 2799 in
1417 2746 1537 2801 Cat.
1584 2746 1728 2801 ined.

163 2833 278 2884 rod.
317 2832 498 2894 CCIV,
530 2844 602 2893 et,
652 2844 710 2887 ut
759 2834 976 2889 videtur
1006 2835 1242 2900 XXVIII,
1278 2836 1444 2901 XXX,
1480 2838 1729 2892 biblioth.

162 2922 323 2976 Coisl.
379 2923 466 2977 Cf.
506 2923 693 2978 Montl'.
748 2926 888 2980 Bibl.
922 2925 1146 2981 Caislt’n.
1176 2944 1229 2997 p.
1258 2928 1386 2993 264,
1416 2928 1505 2992 83,
1538 2929 1625 2981 ει.
1661 2958 1733 2968 ——

1832 1937 1894 1975 ex
1917 1923 2324 1977 commentariis
2356 1924 2408 1977 in
2438 1924 2532 1993 Ep.
2569 1924 2635 1977 ad
2666 1923 2852 1988 Rom.,
2900 1924 2953 1975 in
3004 1919 3021 1973 I
3056 1916 3124 1971 ad
3151 1918 3397 1973 Corinth.

1831 2023 1885 2066 et
1937 2012 1958 2065 ι
2004 2012 2067 2065 ad
2131 2012 2367 2068 Timollt.
2427 2030 2456 2067 a
2509 2014 2704 2084 Vigilio
2765 2015 2943 2069 allcrri
3006 2012 3269 2081 perhibet.
3321 2008 3407 2063 Cf.

1834 2099 1992 2171 Vigil.
2030 2102 2216 2157 Const.
2247 2103 2334 2167 55,
2368 2104 2455 2169 4‘2,
2488 2104 2576 2167 45,
2612 2113 2665 2160 et
2686 2106 2805 2158 Act.
2832 2118 2987 2158 conc.
3018 2101 3205 2156 Const.
3239 2117 3299 2163 Il,
3333 2116 3405 2163 ιν,

1831 2192 1921 2253 55,
1949 2193 2037 2245 42.

1908 2281 2085 2337 Unum
2126 2282 2489 2354 fragmentum
2521 2283 2898 2337 commentarii
2929 2284 2979 2336 in
3013 2282 3107 2351 Ep.
3140 2284 3208 2337 ad
3247 2285 3407 2339 Hebr.

1832 2376 1888 2429 in
1929 2377 2049 2431 Act.
2083 2392 2236 2430 conc.
2285 2377 2473 2431 Const.
2520 2393 2582 2439 ll,
2637 2393 2709 2440 tv,
2760 2377 2829 2431 5‘2
2879 2376 3061 2447 (Vigil.
3095 2377 3282 2432 Const.
3318 2382 3407 2443 '52,

1831 2468 2016 2539 Pelag.
2062 2486 2111 2539 p.
2160 2486 2246 2539 ep.
2294 2470 2346 2531 5,
2399 2471 2467 2522 ad
2508 2468 2683 2521 Etiam
2726 2469 2761 2522 l.
2804 2485 2879 2532 c.,
2916 2486 2968 2539 p.
3006 2471 3130 2533 450)
3188 2473 3400 2540 legitur.

1833 2561 1987 2625 Quod
2032 2561 2235 2614 ibidem
2288 2560 2355 2615 46
2408 2558 2551 2630 (Vig.
2588 2560 2690 2614 ΕΡ.
2730 2560 2819 2629 47)
2869 2577 2934 2614 ea:
2982 2562 3410 2629 interprelaliom

1836 2652 1933 2719 Ep.
1988 2654 2057 2705 ad
2120 2652 2278 2706 Hebr.
2340 2652 2587 2718 affertur,
2639 2668 2703 2706 ex
2757 2653 2893 2706 libro
2946 2668 3020 2705 xu
3073 2652 3143 2705 De
3192 2652 3374 2708 Iucan

1832 2754 2106 2812 sumptum
2136 2751 2218 2797 est

1902 2834 2251 2889 Theodorum
2305 2832 2579 2903 Epistolas
2629 2840 2834 2903 septem
2889 2834 3189 2887 catholicas
3240 2834 3382 2885 inter

1831 2935 2100 2996 pretatum
2132 2942 2275 2988 esse,
2306 2925 2536 2979 Bandini
2568 2926 2606 2978 ι.
2640 2926 2701 2984 1.,
2729 2925 2812 2987 ΙΙΙ,
2845 2941 2894 2994 p.
2922 2926 3047 2989 385,
3072 2934 3155 2979 est
3186 2931 3238 2977 et
3270 2926 3405 2994 Aug.

168 3012 467 3078 Euthalitts,
502 3016 592 3084 qui
644 3032 770 3071 sate.
822 3034 853 3070 ν
889 3019 1066 3073 medio
1095 3020 1250 3085 vixit,
1284 3035 1444 3089 quem
1500 3019 1715 3075 Patrem
1829 3017 1954 3070 Maii
1989 3018 2024 3070 l.
2059 3017 2120 3076 l.,
2163 3016 2202 3081 Ι,
2248 3032 2300 3085 p.
2356 3031 2472 3076 χχι,
2516 3015 2725 3085 Opinio,
2762 3031 2882 3085 qu:e
2930 3016 3032 3067 hoc
3067 3029 3199 3075 uno,
3249 3016 3395 3066 nullo

162 3105 355 3167 verbis,
378 3105 504 3160 καθ’
529 3108 761 3177 ἑκάστην
785 3110 1060 3180 συντόμως
1093 3111 1409 3181 Ἐπιστολὴν
1446 3111 1557 3181 (τοῦ
1582 3111 1727 3165 Παύ-

164 3195 267 3265 λου)
296 3199 353 3250 ὲν
372 3198 648 3268 τοῖς.ὲξῆς
677 3200 1016 3270 προτάξομεν
1045 3200 1143 3269 τὴν
1176 3201 1285 3253 τῶν
1305 3201 1615 3269 κεφαλαίων
1642 3202 1733 3256 ἔκ·

165 3286 303 3338 Οεσιν
331 3328 347 3352 ,
404 3288 491 3340 ἐνὶ
534 3288 643 3340 τῶν
694 3290 1019 3357 σοφωτάτων
1059 3291 1165 3344 τινὶ
1221 3292 1315 3345 καὶ
1374 3292 1734 3361 φιλοχρίστων

166 3376 415 3448 Πατὲρων
466 3379 625 3448 ἡμῶν
671 3381 1054 3452 πεπονημένην
1114 3382 1405 3452 (Galland.
1459 3384 1624 3449 Bibl.,
1664 3383 1732 3449 Χ,

166 3482 215 3533 p.
245 3466 390 3537 247)
447 3470 689 3525 innuerit
723 3473 990 3527 nescitur.
1033 3473 1091 3528 Si
1136 3482 1305 3539 recte,
1359 3482 1418 3527 ut
1456 3475 1642 3538 credo,
1695 3475 1731 3527 Ι.

170 3575 215 3624 p.
254 3560 357 3613 250
406 3562 490 3614 illi
535 3562 679 3616 Patri
731 3564 1010 3627 tribuitur,
1058 3565 1307 3633 sequitur
1350 3565 1731 3620 tantummodo

166 3665 399 3705 cuman.
449 3653 553 3706 596
594 3662 800 3707 textum
844 3654 1213 3724 Epistolarum
1258 3655 1609 3709 Paulinarum
1645 3671 1737 3710 ca-

168 3740 343 3806 pitulis
366 3743 712 3798 distinxisse.
734 3743 920 3813 Neque
940 3746 1084 3799 enim
1109 3762 1176 3799 ex
1199 3747 1378 3801 verbis
1422 3775 1473 3785 —-
1496 3745 1736 3817 ἐμαρτύ-

170 3844 321 3900 ρησεν
350 3865 421 3873 —
460 3833 667 3896 Παῦλος
701 3867 766 3875 —
797 3836 1023 3906 πέμπτῃ
1061 3837 1244 3907 ἡμέρᾳ
1290 3838 1437 3892 κατὰ
1468 3841 1734 3906 Σιιρομα-

168 3922 408 3989 κεδόνας
452 3928 722 3993 Πανέμου
746 3927 957 3994 μηνὸς,
985 3928 1105 3997 ἥτις
1138 3928 1348 3994 λέγοιτο
1386 3926 1451 3979 ἂν
1482 3926 1611 3997 παρ’
1640 3928 1736 3979 Αἰ·

168 4016 403 4079 γνπτίοις
442 4017 625 4085 Ἐπιφὶ
653 4016 713 4080 ε’,
747 4019 896 4089 παρὰ
936 4018 991 4071 δὲ
1035 4019 1324 4088 Ῥωμαίοις
1362 4021 1395 4087 ἠ
1436 4019 1540 4089 πρὸ
1567 4017 1734 4087 τριῶν

171 4103 456 4158 Καλανδῶν
496 4106 727 4159 Ἰουλίων
748 4136 848 4171 ——,
877 4116 937 4161 ut
967 4107 1169 4162 Millius
1202 4107 1440 4177 (Proleg.
1466 4112 1521 4161 in
1545 4106 1617 4161 Ν.
1646 4108 1731 4173 Τ.,

170 4210 221 4247 n.
258 4196 380 4267 906)
440 4210 589 4254 certo
624 4200 1009 4266 concluserim,
1047 4204 1101 4256 in
1136 4203 1290 4273 Syria
1338 4219 1460 4256 eum
1496 4202 1734 4274 tEgypto

170 4286 337 4341 Vicina
378 4290 607 4345 vixisse.
663 4291 768 4346 Sed
804 4293 1003 4347 Millius
1039 4294 1075 4349 l.
1117 4294 1177 4355 l.,
1222 4310 1279 4348 n.
1322 4295 1449 4361 906,
1477 4294 1601 4359 907,
1641 4296 1733 4350 illo

173 4376 220 4427 in
253 4379 445 4446 primis
492 4384 608 4435 loco
638 4383 794 4437 nisus
819 4424 833 4449 ,
882 4385 951 4439 ab
991 4384 1241 4438 Euthalio
1288 4385 1730 4456 Mopsuestenum

239 4552 309 4627 (a_)
369 4552 529 4627 Hune
575 4554 832 4627 Basilium
859 4560 1173 4626 episcopum
1220 4558 1528 4627 Raphauere
1563 4558 1735 4614 fuisse

172 4623 373 4697 credo,
419 4626 513 4697 qui
561 4626 770 4697 synodo
818 4623 1437 4697 Co’nstantinopolit—ana:
1479 4646 1566 4683 an.
1621 4631 1717 4684 '58]

173 4689 515 4766 subscripsit,
545 4689 903 4768 eamdemque
943 4700 999 4754 in
1037 4689 1409 4769 CbrySostomi
1453 4701 1610 4756 libris
1654 4699 1728 4753 De

1833 3122 1963 3161 sane
1986 3107 2180 3160 nititur
2199 3115 2541 3174 argumento,
2566 3106 2710 3175 quod
2743 3106 2795 3158 in
2829 3106 2947 3159 Cat.
2972 3105 3096 3158 cod.
3130 3105 3189 3166 V,
3219 3106 3290 3174 pl.
3322 3105 3406 3167 Vl,

1837 3198 1969 3252 bibl.
2017 3196 2179 3250 Laur.
2236 3196 2375 3250 Med.
2415 3196 2557 3250 inter
2600 3196 2963 3265 explieatores
3012 3196 3228 3249 illarum
3283 3196 3411 3265 Epi-

1837 3288 2102 3342 stolarum
2138 3295 2512 3341 memorantur
2544 3286 2645 3341 Tb.
2681 3286 2919 3350 Heracl.,
2970 3287 3069 3342 Th.
3114 3288 3287 3347 alter;
3331 3287 3405 3341 cf.

1841 3381 2005 3433 Band.
2048 3380 2083 3433 Ι.
2130 3380 2189 3443 1.,
2228 3377 2266 3441 1,
2319 3395 2370 3449 p.
2408 3380 2524 3432 102.
2586 3378 2725 3445 Quid
2782 3380 2925 3448 quod
2974 3381 3201 3435 Cusmas
3237 3380 3406 3435 lndic.

1838 3472 1873 3524 Ι.
1907 3472 1969 3533 1.,
2018 3486 2070 3540 p.
2120 3471 2246 3532 555,
2289 3501 2358 3510 -—
2391 3470 2515 3523 οὔτε
2555 3467 2656 3534 εἷς,
2705 3472 2901 3540 inquit,
2946 3471 3125 3525 αὐτῶν
3170 3473 3409 3539 (πάντων

1837 3562 1943 3614 τῶν
1992 3562 2556 3632 ὑπομνηματισάντων
2599 3563 2700 3625 τὰς
2753 3552 2901 3625 Θὲίας
2939 3562 3202 3633 Γραφὰς)
3253 3564 3410 3632 λόγον

1838 3654 2130 3723 ἐποιήσατο
2170 3653 2278 3705 τῶν
2322 3652 2676 3706 Καθολικῶνῖ
2728 3654 2999 3708 Caeterum
3035 3669 3143 3709 non
3179 3654 3407 3708 dubium

1837 3744 1967 3812 quin
1998 3742 2319 3798 Theodorus
2357 3744 2401 3797 si
2434 3759 2539 3797 non
2569 3760 2759 3797 omnes
2785 3743 3058 3813 Epistolas
3088 3746 3404 3808 catholicas,

1839 3833 2049 3889 Leontii
2089 3834 2232 3888 enim
2275 3835 2460 3889 verbis
2502 3834 2660 3905 (Gali.
2686 3834 2826 3890 Bibl.
2860 3837 2894 3888 l.
2926 3851 3000 3899 c.,
3030 3852 3081 3905 p.
3115 3836 3261 3909 687),
3300 3856 3316 3886 ι
3338 3838 3407 3893 ob

1836 3942 1997 3995 quam
2044 3940 2267 3979 causam
2316 3926 2430 3995 (sc.
2463 3926 2591 3995 quia
2624 3924 2741 3979 Jac.
2771 3944 2824 3989 v,
2860 3928 2948 3990 Η,
2982 3927 3241 3996 patientia
3284 3926 3405 3981 Jobi

1837 4016 2186 4085 celebratur),
2219 4023 2278 4069 ut
2309 4016 2565 4081 arbitror,
2595 4017 2767 4087 ipsam
2810 4017 3104 4087 Epistulam
3132 4019 3320 4074 Jacobi
3350 4028 3405 4073 et

1837 4111 1976 4165 alias
2006 4109 2266 4178 deinceps
2316 4110 2548 4163 aliorum
2593 4110 2898 4166 catholicas
2929 4112 3154 4181 abrogat
3182 4119 3234 4166 et
3263 4114 3407 4165 anti-

1834 4212 1985 4272 quat,
2022 4219 2042 4253 r
2079 4208 2230 4256 certo
2260 4200 2361 4255 niti
2391 4216 2501 4254 non
2540 4201 2682 4265 licet,
2707 4208 2944 4271 quatuor
2966 4214 3110 4257 certe
3133 4211 3191 4255 ut
3218 4201 3405 4256 Eccle-

1836 4295 1916 4349 sia
1966 4295 2302 4349 Autiocheua
2361 4295 2472 4366 (cf.
2524 4295 2713 4352 Montf.
2785 4296 2921 4367 Opp.
3003 4299 3238 4368 Chrys.,
3312 4295 3402 4361 Vl,

1838 4404 1889 4457 p.
1920 4386 2044 4451 508,
2077 4386 2226 4458 509),
2254 4388 2530 4458 rejecerit.

1834 4560 2130 4615 sacerdotio
2165 4567 2621 4630 commemorari,
2665 4568 3122 4625 verisimillimum
3158 4579 3260 4623 est.
3312 4568 3398 4627 Of.

1837 4631 2022 4686 Montl'.
2057 4633 2194 4703 Opp.
2230 4633 2540 4707 Chrysost.,
2570 4639 2610 4701 1,
2643 4654 2695 4707 p.
2729 4638 2850 4692 561.
