3804 6222
182 281 253 338 57
972 285 1058 341 DE
1088 285 1444 343 THEODOR!
1468 285 1793 346 HOPSUES

1903 288 1962 344 Nl
1990 289 2148 346 VITA
2170 288 2261 345 ΕΤ
2298 289 2634 346 SCRIPTIS.
3379 285 3450 342 58

178 395 580 464 Apollinarium
610 395 759 468 (Fac.
788 415 869 465 ιιι,
893 398 972 471 2),
999 411 1245 473 apparet,
1275 401 1620 458 Theodorum
1644 411 1768 474 post
1794 410 1839 465 Α
1871 421 1979 460 non
2014 407 2180 461 etiam
2223 406 2551 476 Apollinarii
2584 422 2780 460 vanam
2836 402 3318 475 praesumptionem
3356 419 3453 474 per

181 487 353 541 libros
396 486 475 541 De
497 488 869 544 incarnatione
898 491 1044 545 intra
1079 508 1187 547 xxx
1223 508 1399 548 annos
1435 510 1610 564 usque
1638 495 1766 547 dum

180 577 247 631 de
277 578 625 647 Apollinario
663 582 894 651 ejusque
927 583 1121 640 haeresi
1166 585 1455 649 scriberet,
1491 586 1673 639 nullos
1700 585 1768 638 li-

180 670 311 723 hros
358 671 629 726 adversus
678 673 1081 744 Apollinarium
1117 674 1379 732 edidisse.
1427 676 1569 743 Quid
1601 678 1772 733 vero?

181 759 323 815 Num
346 765 519 819 statui
545 774 750 836 potest,
783 782 907 823 eum
941 778 1130 839 postea
1165 769 1275 825 illis
1306 771 1460 825 libris
1492 770 1771 841 Apollina-

183 850 328 904 rium
386 851 784 924 impugnasse?
849 854 960 911 Nec
1015 858 1219 913 rectius
1274 860 1597 923 contendas,
1646 876 1769 914 eum

181 944 427 1010 primum
462 955 651 999 contra
684 947 1104 1017 Apollinarium,
1138 957 1252 1003 tum
1290 950 1359 1005 de
1393 950 1772 1005 incarnatione

182 1037 505 1106 scripsisse.
540 1037 783 1094 Facund.
816 1039 1035 1110 quidem
1073 1040 1232 1107 "1,2,
1268 1072 1338 1083 σι-
1369 1041 1425 1097 in
1455 1058 1603 1110 opere
1632 1042 1771 1112 quod

181 1134 375 1176 contra
426 1126 787 1192 Apollinarem
832 1126 1040 1193 edidit;
1083 1158 1150 1166 —
1192 1144 1266 1191 Ix,
1306 1129 1361 1191 ιι,
1406 1141 1594 1191 quarto
1648 1128 1767 1182 adv.

181 1216 424 1283 Apollin.
473 1217 552 1280 l.,-
597 1227 652 1272 et
691 1217 884 1273 Leont.
936 1218 1084 1290 (Mai.
1115 1221 1151 1274 l.
1186 1220 1204 1273 l
1233 1261 1248 1285 ,
1279 1218 1368 1285 Vl,
1401 1237 1453 1291 p.
1488 1220 1613 1283 510,
1643 1221 1769 1289 511)

180 1307 251 1359 ἐκ
300 1308 413 1361 τοῦ
451 1310 511 1361 .1.
547 1307 665 1361 τῶν
693 1309 843 1363 κατὰ
901 1308 1312 1379 Ἀπολιναριου
1358 1309 1521 1376 αὐτῷ
1558 1309 1774 1381 ατραφέ-

182 1414 369 1461 ντων,
406 1398 497 1451 ἐκ.
524 1414 578 1451 τ.
604 1402 665 1452 .2.
697 1397 817 1452 τῶν
845 1400 997 1453 κατὰ
1044 1400 1189 1463 Ἀπ..
1240 1401 1530 1457 manifesto
1558 1402 1660 1457 hos
1703 1401 1770 1455 li-

183 1489 313 1542 bros
345 1505 377 1542 a
413 1490 570 1545 libris
603 1488 680 1544 De
714 1490 921 1548 incarn.
967 1494 1281 1550 discernere
1325 1495 1619 1561 videntur;
1674 1494 1772 1550 sed

183 1596 311 1635 cum
340 1582 461 1652 ipse
497 1581 763 1640 Leontius
816 1586 852 1639 l.
890 1600 965 1651 c.,
1005 1602 1059 1656 p.
1104 1587 1232 1651 299,
1274 1603 1335 1642 se
1364 1589 1580 1644 nonnisi
1616 1588 1772 1643 libris

184 1670 263 1725 De
294 1673 516 1732 incarn.
551 1690 709 1729 usum
745 1691 867 1732 esse
896 1686 1083 1731 narret
1133 1677 1340 1749 (ἐπειδὴ
1383 1679 1440 1733 δὲ
1482 1679 1635 1750 μόλις
1674 1681 1772 1733 καὶ

1870 502 2045 549 totum
2077 512 2216 565 opus
2251 496 2326 549 De
2373 497 2739 551 incarnatione
2771 496 3142 556 examinasse,
3178 503 3238 548 ut
3283 494 3450 556 nihil,

1870 588 2014 644 sicut
2047 604 2146 642 sua
2183 589 2347 644 ferret
2382 591 2592 658 opinio,
2631 588 2991 658 prazteriisset
3025 603 3092 641 ex
3137 586 3223 642 his
3250 602 3373 656 qua:
3398 596 3453 639 et

1870 674 1937 727 ad
1969 676 2281 730 ﬁrmitatem
2311 677 2703 732 ecclesiasticae
2735 676 3075 732 orthodoxia:
3110 677 3453 746 pertinerent

1870 773 1925 821 et
1953 765 2018 819 ad
2063 767 2497 822 convincendam
2540 782 2732 823 eorum
2773 767 3133 836 impietatem.
3170 785 3187 817 ι
3234 764 3452 819 Genna-

1870 859 1961 913 dio
1990 868 2172 915 autem
2204 868 2361 924 teste,
2395 861 2433 913 l.
2457 860 2519 924 l.,
2552 861 2608 915 in
2639 859 2797 915 libris
2831 858 2906 913 De
2938 860 3143 913 incarn.
3184 878 3201 909 ι
3240 858 3453 910 ratione

1871 953 2164 1022 purissima
2214 964 2267 1007 et
2308 952 2645 1008 testimoniis
2679 950 3092 1021 Scripturarum
3130 969 3148 1002 ι
3189 949 3450 1012 ostendit,

1869 1041 2055 1098 Jesum
2086 1042 2369 1121 Christum
2415 1061 2434 1094 ι
2474 1041 2871 1113 plenitudinem
2915 1052 2969 1097 et
3006 1040 3233 1096 deitatis
3267 1050 3323 1096 et
3351 1041 3451 1095 hu-

1871 1135 2154 1190 manitatis
2188 1134 2505 1198 habuisse,»
2537 1142 2591 1189 et
2628 1133 2818 1199 docuit
2851 1151 2872 1185 ι
2908 1132 3187 1187 hominem
3236 1132 3454 1187 duabus

1871 1238 2087 1283 tantum
2139 1227 2483 1284 substantiis.
2527 1228 2567 1280 i.
2620 1242 2672 1281 e.
2706 1225 2888 1279 anima
2932 1230 2987 1277 et
3021 1239 3276 1294 corpore,
3313 1239 3452 1277 con-

1871 1332 2041 1381 stare.
2082 1336 2421 1391 sensumque
2465 1328 2519 1375 et
2570 1315 3052 1389 spiritumcllicia
3085 1331 3210 1371 esse
3259 1316 3457 1370 anima:

1872 1413 2128 1484 ingenita.
2169 1430 2186 1464 ι
2229 1410 2373 1466 idem
2430 1409 2599 1473 addit,
2639 1425 2762 1464 eum
2803 1428 2821 1459 ι
2861 1416 3119 1476 quartum
3167 1405 3447 1460 decimum

1871 1506 2070 1561 librum
2107 1504 2327 1575 proprie
2355 1503 2423 1557 de
2463 1502 2707 1556 increata
2745 1507 2801 1555 et
2835 1500 2952 1555 sola
2996 1498 3323 1567 incorporea
3362 1495 3459 1550 do-

1873 1596 2131 1667 minaque
2156 1594 2402 1649 omnium
2433 1592 2490 1647 S.
2526 1590 2819 1645 Trinitatis
2851 1596 3050 1644 natura
3082 1587 3150 1643 de
3180 1597 3459 1642 creatura-

1872 1706 1994 1745 rum
2032 1689 2246 1743 ratione
2291 1687 2652 1741 disserentem
2684 1699 2783 1755 pro
2825 1699 2991 1738 sensu
3038 1696 3161 1735 cum
3217 1680 3459 1734 auctori-

188 1764 331 1831 μετὰ
366 1764 564 1818 πολλοῦ
602 1767 771 1820 κόπου
802 1767 1058 1821 ἐπινοιῶν
1102 1785 1163 1822 τε
1213 1769 1423 1841 μυρίων
1467 1770 1564 1841 τὴν
1614 1773 1775 1826 Κατὰ

1903 1792 1985 1836 ate
2022 1782 2079 1834 S.
2120 1779 2533 1846 Scripturarum
2592 1776 2948 1846 explicuisse,
3004 1774 3201 1844 quinto
3241 1773 3459 1827 decimo

186 1852 299 1921 τῆς
356 1855 870 1925 ἐνανθρωπήσεως
919 1858 1100 1929 βίϐλον
1146 1861 1329 1932 εὑρεῖν
1395 1862 1773 1933 δεδυνήμεθα,

190 1947 401 2018 σφόδρα
431 1948 539 2021 γὰρ
564 1951 1152 2022 παραπεφυλαγμὲνως
1178 1952 1245 2007 τὰ
1270 1953 1436 2008 αὐτοῦ
1460 1956 1572 2018 τοῖς
1598 1957 1776 2027 ἀμυή-

187 2055 301 2102 τοις
330 2040 595 2095 ἐκδιδόναι
624 2042 909 2116 θαῤῥοῦσι,
942 2043 1131 2098 τούτου
1165 2046 1351 2099 ἕνεκεν
1387 2045 1457 2099 τὰ
1481 2046 1643 2101 Κατὰ
1668 2046 1777 2115 τῆς

188 2134 433 2204 bat-0p.
468 2138 575 2192 τοῦ
618 2141 895 2209 Σωτῆρος
932 2140 1083 2212 αὑτῴ
1117 2141 1385 2212 εἰρημένα
1415 2141 1551 2210 μόνα
1590 2142 1648 2195 ἐν
1697 2140 1777 2211 τῷ

190 2234 425 2301 παρόντι
476 2234 832 2299 συλλέξασθαι
901 2234 1289 2306 δεδυνήμεθα),
1344 2243 1406 2289 ιιι
1458 2235 1618 2290 aliter
1661 2244 1777 2289 sta-

189 2332 341 2377 tuam
376 2325 593 2379 illorum
625 2326 953 2381 auctoritate
983 2342 1090 2381 non
1123 2342 1365 2382 moveor.
1434 2325 1600 2381 Multa
1646 2343 1777 2382 vero

192 2413 366 2484 ﬁngas
391 2455 409 2480 ,
458 2431 581 2486 quae
612 2432 852 2471 errorem
886 2430 1071 2472 eorum
1103 2433 1295 2487 parere
1336 2427 1651 2488 potuerunt.
1688 2418 1778 2472 Sic

193 2508 308 2563 fieri
343 2510 526 2580 potuit
557 2518 615 2562 ut
649 2509 920 2565 Theodori
963 2511 1215 2572 asseclac,
1250 2511 1509 2565 cautione
1536 2511 1620 2565 vel
1650 2510 1778 2565 aliis

196 2602 263 2654 de
284 2603 476 2657 causis
508 2602 749 2667 adducti,
772 2602 914 2657 duos
947 2603 1069 2658 illos
1102 2602 1272 2658 libros
1298 2601 1566 2658 adversus
1609 2602 1779 2673 Apol-

194 2694 457 2747 linarium
497 2694 910 2763 (potissimum?
941 2694 1115 2748 solum
1133 2694 1177 2763 ἲ)
1214 2694 1451 2764 scriptos
1483 2694 1778 2763 separatim

195 2783 565 2852 divulgarent.
618 2783 942 2854 Fragmenta
988 2784 1104 2853 ipsa
1145 2784 1260 2838 haec
1298 2792 1427 2838 sunt
1465 2799 1478 2834 :
1515 2784 1778 2838 tredecim

194 2876 288 2931 et.
325 2879 487 2932 tertio
517 2886 640 2931 Act.
690 2894 742 2932 c.
785 2877 846 2932 C.
895 2893 956 2944 ιι,
1009 2893 1083 2939 tv,
1123 2879 1144 2932 1
1204 2877 1290 2947 (ex
1335 2894 1392 2932 ιιι
1444 2879 1578 2932 libro
1619 2895 1667 2933 c.
1711 2909 1783 2919 -——

197 2969 632 3037 Apollinarium;
662 2968 784 3040 νίς.
808 2969 915 3025 CP.
951 2971 975 3024 1
1008 2988 1023 3036 ;
1058 2968 1356 3025 Justiniani
1398 2986 1508 3040 ep.,
1548 2968 1779 3026 Bandin.

199 3061 237 3116 ι.
263 3063 327 3125 1.,
376 3065 422 3125 l,
469 3079 523 3132 p.
562 3062 686 3126 174,
720 3062 846 3123 1Ἱ5,
881 3059 1073 3116 Lcont.
1110 3062 1149 3115 l.
1193 3061 1256 3123 l.,
1293 3077 1348 3133 p.
1376 3060 1536 3131 310);
1594 3061 1712 3123 2-7,
1748 3062 1780 3116 9
1806 3098 1849 3155 C

199 3153 342 3225 (νίς.
379 3153 492 3211 CP.
518 3154 636 3219 2-7,
670 3154 760 3225 9);
806 3155 874 3207 10
913 3152 1057 3225 (Vig.
1089 3152 1194 3209 CP.
1227 3152 1331 3220 10;
1377 3152 1571 3208 Leont.
1605 3152 1642 3207 l.
1684 3167 1735 3207 c.
1763 3170 1778 3219 ;

200 3246 498 3301 Iustiniani
530 3263 642 3318 ep.,
674 3245 843 3300 Band.
878 3248 912 3301 l.
948 3248 1007 3309 l.,
1036 3245 1076 3307 Ι.
1110 3262 1166 3317 p.
1202 3247 1362 3317 l7l);
1404 3247 1492 3311 11,
1529 3244 1595 3299 12
1634 3244 1780 3317 (Vig.

200 3337 305 3395 CP.
338 3340 430 3402 11,
467 3339 589 3406 12);
640 3336 767 3396 Fac.
801 3354 885 3403 ιιι,
920 3338 984 3403 2;
1033 3336 1323 3394 Justiniani
1367 3354 1479 3407 ep.,
1508 3339 1702 3402 Band.,
1739 3339 1781 3403 l,

203 3447 260 3500 ι).
299 3432 437 3498 175;
475 3447 567 3486 sex
602 3448 652 3489 e.
689 3435 729 3485 l.
758 3442 968 3502 quarto,
1007 3431 1130 3487 Fac.
1174 3448 1249 3499 ιι,
1285 3433 1354 3499 4;
1410 3431 1599 3488 Leont.
1643 3439 1678 3487 l.
1708 3449 1782 3497 c.,

204 3539 255 3591 p.
292 3523 397 3579 309
440 3521 751 3593 (Justiniani
778 3540 889 3593 ep.,
917 3523 1112 3589 Band.,
1140 3524 1183 3587 l,
1208 3539 1262 3593 p.
1297 3523 1459 3595 170);
1491 3525 1611 3578 Act.
1646 3540 1696 3580 c.
1721 3524 1782 3579 C.

203 3631 263 3680 ιι,
290 3629 365 3683 tv,
399 3617 435 3671 8
464 3614 609 3685 (Vig.
632 3614 738 3670 (ΣΡ.
762 3614 823 3681 8;
860 3613 1051 3672 Leont.
1080 3613 1116 3668 Ι.
1143 3630 1219 3679 c.,
1243 3629 1297 3685 p.
1326 3614 1459 3681 5l0;
1490 3613 1784 3670 Iustiniani

204 3724 313 3776 ep.,
347 3707 545 3772 Band.,
576 3707 615 3770 I,
645 3722 699 3776 p.
734 3707 888 3776 172);
938 3705 1132 3760 Leont.
1171 3704 1207 3760 1.
1248 3722 1320 3771 c.,
1350 3723 1406 3777 p.
1442 3706 1541 3761 511
1593 3704 1784 3775 (Justi-

204 3799 353 3852 niani
380 3814 498 3868 ep.,
526 3797 725 3862 Band.,
747 3796 788 3858 1,
817 3814 869 3867 p.
902 3797 1036 3864 {77;
1076 3796 1305 3851 alterum
1342 3796 1545 3852 dicitur
1581 3798 1650 3852 ἐκ
1676 3797 1788 3867 τῆς

205 3888 524 3957 ἑρμηνείας
559 3888 666 3942 τοῦ
696 3894 748 3955 η’
774 3891 843 3956 ψ.
871 3897 1148 3957 sumptum
1182 3901 1339 3953 esse;
1379 3888 1502 3942 Act.
1545 3902 1597 3944 (ι.
1627 3888 1691 3942 C.
1726 3904 1785 3953 ιι,

208 3994 283 4042 Iv,
310 3982 377 4034 19
414 3979 559 4052 [νίς.
590 3980 695 4034 Cl’.
727 3978 844 4050 20],
883 3978 959 4033 De
1000 3979 1274 4047 interpret.
1316 3979 1488 4035 octavi
1529 3994 1653 4048 ρι.;
1692 3981 1788 4035 sed

210 4087 338 4127 cave
360 4072 632 4127 Theodori
657 4072 714 4124 in
747 4071 993 4125 Psalmos
1024 4071 1447 4128 commentarios
1470 4071 1785 4143 intelligas),

210 4164 507 4219 Justtniaui
548 4180 663 4233 ep.,
692 4161 891 4229 Band.,
921 4162 962 4225 l,
993 4177 1047 4234 p.
1087 4161 1209 4216 182.

282 4257 459 4324 Quam
484 4256 628 4309 viam
658 4253 982 4310 Theodorus
1015 4258 1072 4310 in
1113 4255 1349 4327 singulis
1388 4255 1546 4310 libris
1575 4254 1788 4326 ingres-

214 4361 307 4403 sus
341 4347 418 4400 sit
441 4345 548 4400 dici
584 4360 695 4400 non
727 4354 928 4415 potest.
971 4343 1300 4415 Fragmenta
1331 4345 1478 4399 enim
1507 4361 1631 4399 cum
1671 4346 1791 4414 ejus

1875 1889 2006 1929 vero
2054 1872 2335 1926 volumine
2392 1877 2568 1923 totum
2620 1867 2806 1939 operis
2868 1867 2954 1921 sui
3007 1880 3210 1935 corpus
3272 1864 3460 1919 citatis

1876 1968 2040 2023 etiam
2075 1964 2300 2019 Patrum
2325 1961 2718 2016 traditionibus
2744 1959 3105 2015 confirmasse
3138 1968 3191 2011 et
3215 1972 3461 2010 commu-

1878 2059 2104 2114 nivisse.
2136 2075 2155 2108 ›
2194 2055 2268 2111 Ειι
2301 2055 2387 2111 his
2417 2068 2579 2124 quam
2605 2051 2927 2122 disputandi
2958 2052 3229 2105 rationem
3256 2049 3311 2104 in
3344 2048 3463 2102 uni-

1876 2165 2094 2206 versum
2133 2157 2357 2203 secutus
2392 2147 2463 2202 sit
2498 2144 2861 2217 perspicitur.
2897 2142 2974 2196 lta
3003 2157 3134 2197 vero
3164 2156 3286 2194 meo
3312 2138 3462 2208 judi-

1878 2243 1966 2299 cio
1997 2257 2111 2297 rem
2141 2240 2402 2303 instituit,
2443 2246 2501 2291 ut
2532 2251 2684 2290 suam
2719 2235 2895 2304 ipsius
2927 2233 3257 2289 sententiam
3295 2247 3462 2287 accu-

1880 2337 2053 2389 ratius
2091 2333 2412 2401 explit-aret.
2447 2326 2786 2390 defenderet,
2827 2326 3090 2387 firmaret,
3114 2324 3462 2379 adversario-

1880 2442 2000 2480 rum
2035 2434 2214 2479 autem
2249 2424 2468 2477 decreta
2492 2436 2598 2475 non
2630 2428 2783 2474 certo
2825 2418 3060 2488 quodam
3094 2417 3306 2480 ordine,
3353 2417 3450 2471 sed

1881 2518 1971 2573 hic
2010 2516 2122 2570 illic
2168 2515 2235 2570 de
2268 2514 2537 2568 industria
2593 2510 2928 2565 adoriretur.
2972 2508 3028 2562 In
3080 2508 3276 2562 ultimo
3322 2508 3467 2562 libro

1882 2625 2037 2665 suam
2068 2608 2375 2663 doctrinam
2411 2604 2633 2658 Patrum
2672 2601 3002 2657 testimoniis
3050 2601 3286 2655 firmavit
3319 2608 3375 2654 et
3407 2616 3466 2654 re

1884 2704 1999 2772 ipsa
2028 2706 2338 2754 commotus
2364 2705 2419 2752 et
2445 2697 2568 2751 ideo
2597 2693 2742 2767 quod
2778 2692 3082 2748 adversarii
3110 2707 3225 2747 sua:
3250 2702 3468 2747 senten-

1882 2795 1972 2850 tia:
1997 2792 2220 2847 Patrum
2252 2787 2791 2845 commendationem
2819 2786 3183 2855 adjunxerant
3210 2782 3309 2854 (a).
3337 2783 3467 2837 Exi-

1883 2887 2047 2941 stimo
2092 2892 2297 2948 autem,
2346 2897 2471 2938 eum
2519 2878 2844 2950 Apollinarii
2904 2877 3193 2941 doctrinae,
3245 2891 3367 2945 qua:
3408 2876 3467 2929 in

1886 2987 2039 3033 tanto
2067 2977 2371 3048 praesertim
2413 2977 2654 3027 auctoris
2689 2971 2892 3025 lumine
2918 2968 3289 3040 periculosior
3318 2967 3470 3021 vide-

1885 3082 2059 3133 retur,
2112 3070 2288 3140 magis
2340 3082 2505 3138 quam
2548 3064 2804 3119 Eunomii
2859 3063 3126 3118 rationem
3181 3062 3465 3116 habuisse.

1884 3163 2106 3219 Refellit
2146 3173 2325 3216 tamen
2369 3160 2535 3214 etiam
2573 3156 2903 3209 Euttomium
2946 3154 3109 3224 idque
3140 3154 3235 3223 qui
3263 3152 3465 3207 factum

1885 3258 1955 3313 sit
1993 3252 2340 3323 conjicienda
2378 3252 2507 3305 licet
2556 3246 2813 3317 assequi,
2868 3246 3210 3317 probabilius
3257 3255 3466 3306 tamen,

1883 3349 1976 3419 qui
2008 3347 2407 3417 Apollinarium
2451 3339 2852 3410 impugnaverit
2880 3338 3152 3408 disputes.
3184 3336 3469 3407 Apollina-

1884 3441 2002 3495 rius
2030 3453 2179 3503 vero,
2214 3438 2299 3490 vir
2342 3432 2542 3489 litteris
2570 3430 2776 3487 Gracis
2807 3445 2973 3501 quam
3012 3428 3249 3483 maxime
3292 3428 3473 3483 imbu-

1886 3538 1997 3594 tus,
2027 3526 2314 3583 afﬁrmavit
2341 3524 2560 3595 quidem
2588 3521 2830 3584 Christo,
2858 3520 2967 3575 Deo
2993 3527 3046 3573 et
3081 3519 3311 3579 homini,
3346 3534 3471 3587 per-

1886 3638 2038 3677 sonas
2079 3621 2345 3673 unitatem
2388 3613 2732 3671 trihucndam
2781 3628 2926 3677 esse,
2963 3612 3057 3667 sed
3088 3628 3251 3681 quam
3299 3611 3473 3665 ratio-

1886 3729 2010 3769 nem
2056 3719 2114 3767 ut
2163 3709 2480 3780 mysterium
2510 3707 2695 3759 animo
2745 3704 3089 3774 perciperent
3129 3702 3182 3755 in
3221 3700 3471 3756 Ecclesia

1887 3814 2002 3860 tum
2043 3802 2279 3858 inierant
2307 3798 2657 3868 improbavit.
2701 3797 2778 3851 Ex
2813 3795 3032 3850 duobus
3069 3794 3328 3864 perfectis
3357 3794 3469 3863 {cs-

1886 3894 2070 3963 λείοις)
2094 3907 2263 3947 unum
2296 3889 2433 3945 ellici
2478 3903 2588 3943 non
2623 3904 2805 3959 posse,
2840 3888 2893 3941 h.
2943 3904 2993 3942 e.
3021 3886 3158 3941 duas
3207 3901 3470 3955 personas

1889 4002 2054 4043 unam
2083 3983 2197 4039 ﬁeri
2232 3998 2338 4037 non
2373 3996 2536 4052 posse
2561 3996 2686 4034 cum
2729 3980 2831 4035 sibi
2870 3979 3261 4049 persuasisset,
3289 3976 3471 4031 eccle-

1890 4078 2115 4135 siastica
2157 4075 2393 4131 formula
2438 4072 2561 4128 ideo
2606 4071 2657 4126 ei
2698 4071 3000 4140 displicuit,
3043 4068 3189 4140 quod
3233 4084 3297 4123 ea
3331 4068 3472 4123 duce

1888 4172 2112 4227 Christo
2143 4166 2360 4223 nonnisi
2392 4164 2574 4219 Verbo
2599 4162 2781 4216 unitas
2810 4169 3146 4231 competeret
3171 4158 3474 4229 duplicem-

1890 4282 1999 4337 que
2026 4262 2307 4317 Christum
2339 4267 2395 4313 et
2419 4256 2559 4311 duos
2591 4254 2734 4309 filios
2764 4268 2889 4309 esse
2918 4252 3271 4306 statuendum
3299 4257 3472 4305 esset.

1894 4357 2083 4426 Itaque
2134 4350 2456 4407 orthodoxis
2508 4344 2976 4419 ἀνθρωπολατρῶν
3037 4344 3338 4415 (Athanas.
3397 4340 3479 4396 De

215 4450 304 4493 aut
329 4438 797 4509 impugnaudiaut
834 4436 1349 4493 defendendicausa
1381 4436 1622 4491 exhibita
1656 4439 1789 4501 sint,
1826 4441 1869 4497 ι)
1896 4449 2103 4501 imam.
2142 4445 2244 4499 sub
2270 4443 2391 4506 ﬁn.,
2430 4438 2659 4511 Gregor.
2684 4437 2816 4493 Naz.
2845 4454 2928 4491 or.
2964 4436 3054 4499 51,
3084 4436 3124 4501 I,
3159 4453 3212 4506 p.
3250 4436 3354 4489 742
3382 4435 3471 4489 ed.

217 4531 269 4584 in
293 4546 403 4584 una
436 4529 551 4584 fere
572 4529 876 4599 eademque
900 4544 960 4583 re
985 4535 1278 4583 versantur
1299 4536 1355 4583 et
1382 4528 1517 4582 nihil
1538 4528 1645 4584 nisi
1678 4530 1795 4584 bre-

218 4621 429 4677 vissimi
456 4621 791 4675 Theodoreaa
815 4618 1204 4689 disputationis
1234 4621 1398 4689 panni
1433 4630 1580 4675 sunt.
1607 4618 1795 4686 Quan-

218 4732 380 4785 quam
421 4716 692 4771 verbosus
742 4713 1065 4770 Theodorus
1094 4711 1184 4766 hic
1222 4712 1302 4766 rei
1347 4721 1673 4784 argumento
1699 4714 1795 4768 ad-

220 4808 416 4863 ductus
464 4805 599 4879 quid
651 4806 841 4863 eadem
886 4806 1083 4860 iterum
1130 4804 1442 4874 iterumque
1499 4807 1795 4876 repetendo

222 4908 406 4969 posset
444 4900 663 4953 videtur
695 4906 956 4968 expertus
989 4913 1134 4953 esse.
1172 4896 1291 4968 Ipse
1329 4904 1517 4950 narrat
1550 4896 1700 4965 (Fac.
1738 4914 1792 4962 χ,

227 4992 274 5061 1)
302 5010 359 5047 se
398 5012 417 5043 ι
447 4991 566 5045 Arii
596 4999 650 5045 et
677 4989 937 5045 Eunomii
963 4988 1029 5045 de
1054 4989 1437 5044 incarnatione
1462 4989 1661 5043 delicta
1692 5007 1795 5046 nec

226 5146 451 5211 genuina
503 5144 807 5215 probantur
861 5148 933 5213 (ν.
967 5161 1013 5202 s.
1049 5154 1103 5201 et
1137 5145 1284 5211 mf.),
1332 5145 1479 5215 quod
1534 5146 1678 5203 idem
1731 5150 1795 5205 de

226 5215 442 5270 Diodori
497 5217 625 5280 illis,
680 5233 802 5284 qua:
849 5218 1067 5284 quidem
1119 5233 1185 5271 ex
1233 5217 1351 5284 ejus
1401 5218 1540 5273 libro
1592 5216 1796 5273 Contra

227 5284 575 5358 Synusiaxtas
635 5289 719 5339 vel
783 5287 1201 5358 Apollinaristas
1251 5290 1572 5358 deprompta
1638 5301 1795 5353 sunt,

228 5358 381 5410 valet.
417 5356 558 5411 Sunt
588 5365 768 5413 autem
799 5358 913 5412 haec
943 5357 1203 5412 Dto'lorea
1235 5374 1249 5410 :
1280 5360 1399 5411 Act.
1430 5356 1495 5412 CI
1528 5358 1589 5412 C.
1622 5374 1684 5423 ιι,
1720 5377 1793 5425 iv,

230 5425 330 5497 μς
400 5444 451 5487 v,
500 5442 554 5497 p.
607 5428 677 5481 93
738 5428 846 5496 (cf.
897 5426 1089 5481 Leont.
1137 5425 1386 5482 Galland.
1437 5427 1580 5482 Bibl.
1635 5430 1672 5482 l.
1721 5446 1795 5493 c.,

232 5510 282 5564 p.
308 5496 466 5570 696‘);
498 5496 706 5570 iy,_t§;
743 5514 793 5556 ν,
828 5514 879 5570 p.
915 5498 983 5553 92
1015 5497 1118 5570 (cf.
1146 5497 1339 5570 Leont.
1374 5498 1409 5554 Ι.
1440 5515 1512 5558 c.,
1548 5514 1601 5568 p.
1637 5500 1797 5570 697);

234 5580 283 5626 ν,
312 5582 363 5636 p.
393 5566 462 5639 92
512 5566 594 5634 (cf
640 5566 900 5639 LeontJI.
943 5572 1041 5637 c.).
1090 5566 1207 5621 Jatn
1243 5569 1359 5639 duo,
1389 5566 1618 5629 restant.
1663 5566 1800 5639 quo;

235 5649 348 5709 rum
396 5638 626 5709 alterum
645 5654 724 5709 ﬂeo
759 5636 981 5693 Diodori
1010 5654 1135 5693 esse
1188 5638 1484 5701 evincitur,
1534 5636 1693 5709 quod
1730 5657 1796 5695 ex

238 5703 829 5780 libroContraASynus.
871 5710 952 5780 vel
998 5709 1232 5780 Apollin.
1284 5703 1567 5780 sumptum
1596 5711 1799 5766 dicitur

242 5772 326 5845 tet.
353 5779 468 5834 Act.
500 5778 565 5834 C.
594 5777 653 5836 C.
673 5772 745 5848 ἶι,
774 5795 849 5846 ιν,
877 5779 975 5847 28;
1011 5772 1064 5843 v',
1097 5796 1147 5849 ι».
1177 5779 1288 5851 95),
1317 5772 1544 5836 alterum
1566 5796 1631 5838 co
1654 5782 1796 5853 quod

1890 4541 2252 4598 Clemencet.,
2309 4533 2791 4594 hominicolarnm,
2832 4528 2964 4584 Fac.
3021 4544 3099 4593 Ix,
3151 4528 3231 4596 3,)
3274 4543 3471 4582 nomen

1891 4648 2001 4687 non
2048 4625 2429 4698 denegandum
2473 4624 2708 4679 censuit.
2756 4625 2879 4692 Ipse
2920 4628 3103 4675 autem
3146 4632 3200 4674 ut
3241 4620 3475 4687 conjun-

1891 4725 2070 4780 ctione
2110 4722 2395 4789 utriusque
2432 4717 2637 4773 Christi
2666 4724 2875 4770 natura?
2900 4714 3165 4768 unitatem
3218 4726 3472 4781 persona:

1893 4815 2118 4871 Christo
2153 4811 2481 4870 vindicaret,
2516 4807 2678 4878 idque
2712 4806 3013 4861 intellectui
3053 4806 3296 4859 humano
3326 4812 3476 4873 aptu-

1896 4913 2001 4971 ret,
2035 4905 2173 4959 duce
2210 4901 2552 4972 philos0phia
2606 4898 2909 4960 Platonica,
2944 4911 3108 4967 quam
3158 4894 3473 4951 imbiberat.

1895 4996 2135 5051 fortasse
2156 5003 2404 5048 veterum
2434 4993 2597 5045 etiam
2629 4988 2849 5043 Patrum
2882 4988 3192 5055 exemplum
3219 4986 3474 5048 intuitus,

1894 5152 1947 5207 in
1974 5151 2168 5207 mediis
2208 5149 2491 5205 Diodoreis
2521 5148 2846 5201 CttllOt‘altlm
2869 5154 2968 5199 est.
2990 5144 3474 5199 Cmterumlihrum

1895 5223 2045 5277 illum
2094 5220 2285 5291 Cyrilli
2339 5236 2463 5291 esse
2504 5217 2971 5291 temere_negavit
3025 5214 3154 5268 Fac.
3200 5229 3284 5276 ιιι,
3330 5214 3383 5275 6,
3421 5212 3475 5276 5,

1894 5309 1946 5347 v.
1985 5309 2036 5345 v.
2070 5288 2396 5345 chiherati
2426 5290 2597 5342 Βιοευ..
2633 5304 2682 5344 c.
2721 5288 2805 5342 10.

1970 5363 2045 5432 (ιι)
2072 5361 2157 5415 Cf.
2198 5360 2427 5432 Ennom.
2463 5358 2792 5432 ApolLOpp.
2826 5356 2991 5432 Basil.
3135 5352 3470 5432 θός-βρεμι,

1898 5435 1939 5491 1,
2065 5432 2205 5496 622;
2236 5431 2405 5485 Basil.
2437 5421 2557 5484 odi).
2596 5421 2759 5502 Eun:
2794 5444 2830 5487 ι,
2866 5428 2877 5478 Ι
2938 5428 2999 5488 1.,
3034 5424 3073 5484 1,
3102 5441 3154 5494 p.
3193 5425 3319 5502 211,
3349 5421 3476 5502 Sig.

1906 5496 2095 5569 ΜειῙοιί
2141 5503 2270 5570 jure
2307 5500 2680 5570 Apollinarius
2725 5496 2947 5570 Patrum
2999 5497 3379 5570 auctoritatem
3423 5496 3478 5547 in

1903 5566 2168 5627 mium
2223 5566 2422 5627 vocare
2469 5578 2703 5641 poterat.
2758 5568 3018 5637 Origenes
3064 5566 3210 5641 enim
3268 5566 3480 5641 primus

1901 5644 2124 5697 Christo
2148 5642 2445 5697 humanum
2469 5635 2599 5695 νοῦν
2633 5640 2799 5695 etiam
2832 5635 2998 5708 atque
3039 5638 3202 5691 etiam
3233 5635 3481 5708 vindica-

1901 5714 1999 5776 vit,
2028 5723 2193 5779 atque
2224 5713 2336 5768 haec
2364 5712 2640 5773 doctrina,
2668 5724 2790 5779 quae
2826 5704 2936 5779 non
2986 5714 3201 5779 poterat
3228 5721 3337 5760 non
3366 5704 3481 5773 pla—

1902 5800 2046 5849 cere,
2080 5778 2173 5839 illo
2212 5783 2557 5856 potissimum
2589 5778 2728 5838 duce
2758 5781 2813 5834 in
2857 5778 3101 5835 Ecclesia
3132 5787 3349 5847 recepta
3370 5780 3472 5831 est.
