3804 6222
302 286 305 289 ‘
332 274 404 331 59
1201 261 1502 327 OTTONIS
1542 269 1725 327 FRID.
1768 263 2161 325 FRITZSCHE
2186 263 2674 324 COMMENTATIO

3523 265 3609 319 (ἴα

339 390 498 445 lacile
525 390 581 445 in
602 404 721 444 eam
760 388 1091 445 sententiam
1129 387 1330 443 ductus
1355 396 1457 453 est,
1495 394 1553 441 ut
1587 401 1712 441 curn
1743 385 1908 439 homo
1937 384 1986 444 Α
2013 387 2124 437 tur.
2171 379 2265 436 Ille
2295 380 2537 451 optimus
2579 378 2918 444 Platonicus,
2946 376 3036 433 hic
3082 393 3192 433 non
3231 376 3366 434 satis
3397 390 3612 435 acutus

333 480 514 534 tribus
548 480 797 549 partibus
824 485 1122 541 constaret,
1162 478 1458 532 humanam
1499 477 1697 533 Christi
1744 483 1910 531 natu-

337 585 454 624 ram
503 570 721 626 duabus
755 579 967 624 tantum
1019 570 1336 624 constitisse
1360 569 1459 640 (τῷ
1504 568 1714 640 σώματι
1755 575 1808 623 et
1845 570 1911 638 τῇ

333 662 476 735 ψυχῇ
505 665 725 734 ἀλόγῳ),
766 663 1006 717 divinam
1034 678 1163 718 vero
1210 664 1387 716 locum
1429 660 1520 715 τοῦ
1547 660 1659 729 νοῦ,
1688 660 1786 730 τῆς
1807 660 1912 729 ψυ-

332 754 442 825 ψῆς
476 755 701 825 λογικῆς
728 770 1030 824 occupasse
1071 754 1337 819 crederet,
1372 754 1447 807 ita
1479 763 1537 807 ut
1585 754 1613 805 ὁ
1653 753 1913 823 κυριακδς

336 845 620 916 ἄνθρωπος
649 862 813 900 unam
852 861 1141 916 personam
1184 845 1477 900 eﬂecisset.
1518 844 1671 899 Hanc
1706 845 1915 899 doctri-

338 955 464 994 nam
490 957 598 995 non
625 940 846 1010 quidem
883 955 947 995 ex
978 936 1263 1008 Scriptura
1294 953 1453 993 sacra
1488 938 1765 1001 haustam,
1793 954 1915 1008 quae

337 1040 522 1087 tamen
566 1033 622 1087 in
673 1034 956 1089 nonnullis
1020 1031 1143 1087 Scr.
1195 1030 1252 1087 S.
1308 1032 1444 1087 locis
1500 1030 1678 1104 (Joan.
1727 1047 1766 1095 ι,
1822 1031 1916 1099 14,

338 1121 356 1174 1
387 1121 516 1175 Cor.
550 1139 639 1184 xv,
672 1123 762 1187 47,
794 1122 890 1192 al.)
916 1123 1064 1177 clare
1087 1122 1269 1177 inesse
1299 1122 1598 1184 videretur,
1638 1123 1783 1176 facili
1817 1138 1912 1177 ne-

340 1213 490 1282 gotio
519 1228 643 1267 cum
670 1213 791 1267 Scr.
835 1214 893 1267 8.
927 1213 1263 1277 conciliavit,
1289 1227 1412 1266 cum
1448 1215 1753 1283 praesertim
1794 1229 1917 1285 qua:

338 1311 434 1356 aut
457 1303 655 1358 divinae
676 1312 769 1358 aut
791 1304 1041 1362 humana:
1064 1305 1263 1360 Christi
1289 1312 1497 1360 natura:
1518 1316 1913 1375 competerent,

338 1392 407 1447 de
447 1401 559 1447 toto
587 1393 806 1449 Christo
830 1395 1132 1465 prmdicare
1157 1396 1377 1450 soleret.
1414 1396 1518 1451 Sed
1550 1398 1674 1451 hinc
1710 1398 1913 1452 factum

339 1494 445 1547 est,
481 1495 541 1539 ut
564 1485 864 1541 adversarii
897 1487 1257 1556 Apollinario,
1292 1504 1451 1558 quem
1480 1503 1586 1542 non
1613 1490 1918 1544 intellexis-

339 1584 484 1639 sent,
525 1578 710 1645 plures
734 1577 1022 1647 opiniones
1055 1578 1497 1650 tribuerentqua:
1532 1581 1600 1634 ab
1628 1596 1692 1633 eo
1723 1582 1917 1636 aliena:

341 1677 496 1722 erant
531 1668 627 1738 (a).
671 1669 993 1736 Quanquam
1051 1686 1200 1734 eum,
1238 1682 1296 1723 ut
1349 1671 1723 1728 Tbeodorctus
1775 1671 1913 1727 Fab.

342 1758 472 1811 hwr.
513 1775 585 1823 tv,
619 1762 686 1827 8;
709 1759 778 1813 11.
807 1778 854 1816 e.
881 1779 934 1825 ν,
961 1763 1013 1824 5.
1037 1763 1204 1816 refert
1235 1763 1331 1821 (cf.
1359 1762 1520 1831 Grcg.
1553 1763 1686 1818 Naz.
1715 1780 1830 1833 opp.
1849 1764 1917 1819 ad

341 1847 564 1905 Cledon.
629 1850 791 1922 LII),
847 1853 975 1923 περὶ
1038 1854 1136 1924 τῆς
1189 1853 1336 1917 θείας
1386 1855 1595 1922 φύσεως
1650 1856 1918 1928 κιϐδήλοις

343 1940 686 2010 χρησάμενον
720 1940 896 2009 λόγοις
952 1942 1193 2012 βαθμούς
1250 1961 1397 2007 τινας
1438 1944 1763 2016 ἀξιωμάτων
1797 1966 1920 2017 γεν-

342 2032 520 2103 νῆσοι,
542 2043 706 2101 atque
734 2034 807 2087 ita
844 2035 1118 2104 vulgarem
1151 2043 1393 2090 veterum
1428 2038 1776 2103 sententiam,
1812 2055 1920 2110 qua

342 2124 601 2181 Christus
632 2134 685 2179 et
723 2126 867 2195 Spir.
909 2127 966 2179 S.
996 2127 1105 2183 Deo
1134 2127 1295 2183 Patre
1319 2128 1607 2185 inferiores
1644 2131 1920 2186 habeban-

343 2225 458 2280 tur,
490 2233 782 2274 revocasse
834 2236 934 2274 cur
965 2236 1131 2292 neges
1161 2237 1268 2276 non
1301 2223 1483 2277 video.
1531 2224 1637 2279 Sed
1679 2228 1921 2293 protule-

344 2308 457 2360 rint
484 2309 786 2364 adversarii
823 2311 1177 2377 (Theodoret.
1221 2312 1355 2367 Fab.
1389 2314 1520 2369 ha'r.
1554 2332 1628 2379 IV,
1659 2317 1738 2387 8,)
1762 2333 1919 2388 aspe-

347 2403 512 2465 riore,
542 2419 707 2473 quam
756 2420 866 2474 quo
905 2405 1280 2477 Apollinarius
1311 2409 1504 2475 voluit,
1551 2425 1717 2465 sensu
1771 2412 1918 2466 illam

345 2496 697 2551 sententiam.

415 2581 561 2637 Inter
589 2598 686 2639 eos
704 2583 797 2654 qui
821 2591 935 2638 tum
960 2584 1357 2655 Apollinarium
1389 2588 1719 2656 refutarunt,
1753 2590 1923 2648 Theo-

345 2671 516 2728 dorus
572 2675 976 2743 quodammodo
1018 2677 1270 2745 eminuit,
1303 2680 1464 2750 cujus
1508 2692 1567 2735 ut
1602 2683 1813 2740 indoles
1867 2695 1921 2741 et

347 2765 618 2830 doctrina,
654 2767 728 2820 ita
781 2767 947 2823 etiam
988 2769 1342 2841 impugnandi
1396 2773 1539 2827 ratio
1585 2777 1654 2828 ab
1700 2776 1809 2830 illis
1839 2779 1914 2831 di-

346 2869 502 2909 versa
542 2865 661 2909 erat
690 2855 786 2927 (b).
826 2855 1029 2913 Vereor
1060 2867 1240 2915 autem
1267 2876 1336 2916 ne
1357 2861 1473 2917 haec
1500 2879 1679 2935 pugna
1707 2869 1754 2921 ei
1786 2866 1923 2922 fata-

348 2948 419 3005 lis
445 2951 737 3007 exstiterit.
760 2949 894 3008 Nam
918 2967 1042 3006 cum
1067 2953 1439 3023 Apollinarius
1462 2956 1668 3014 Christi
1694 2971 1922 3019 naturas

2014 472 2422 528 Aristotelicus.
2458 470 2550 525 Ille
2575 473 2755 525 minus
2788 470 3125 540 prarjudicati
3153 469 3361 532 attulit,
3390 470 3485 523 hic
3524 468 3603 523 fa-

2013 564 2118 620 cile
2155 563 2468 617 anctoritati
2500 562 2689 616 cessit.
2729 560 3052 616 Theodorus
3087 576 3213 616 vero
3256 570 3406 615 recte
3439 560 3594 615 evin-

2014 671 2144 712 ccrc
2194 655 2425 718 studuit,
2480 654 2756 709 hominem
2810 652 3023 708 duabus
3072 663 3285 706 tantum
3338 652 3612 721 partibus

2015 746 2392 816 (substantiis)
2424 752 2700 800 constare.
2736 742 2849 796 Hoc
2872 744 3016 797 enim
3056 743 3285 812 probato
3310 741 3611 810 Apollina-

2016 836 2082 890 rii
2115 837 2364 890 doctrina
2411 835 2557 888 nulla
2602 840 2738 887 erat.
2775 831 2878 886 Sed
2913 847 2980 885 an
3015 832 3069 885 in
3099 831 3201 885 hac
3236 831 3442 885 lubrica
3473 831 3607 886 dis-

2014 928 2315 998 quisitione
2346 927 2480 981 satis
2519 925 2750 979 feliciter
2779 930 3029 977 versatus
3064 923 3135 977 sit
3173 921 3609 976 dubitarelicet.

2014 1019 2284 1073 Praeterea
2326 1018 2650 1072 arctissitna:
2679 1014 2754 1070 illi
2801 1023 3121 1068 naturarum
3149 1011 3352 1066 Christi
3388 1026 3611 1067 conne-

2014 1111 2167 1165 xioni
2222 1110 2308 1165 vel
2355 1109 2538 1180 potius
2581 1106 2951 1169 conversioni,
2999 1120 3164 1175 quam
3218 1104 3611 1175 Apollinarius

2016 1203 2341 1268 somniaret,
2381 1216 2505 1256 cum
2544 1201 2713 1253 multa
2748 1197 3026 1253 adversari
3059 1207 3170 1249 tum
3211 1194 3383 1264 ipsam
3428 1204 3611 1249 natu-

2018 1309 2134 1347 ram
2173 1294 2412 1346 divinam
2449 1291 2639 1345 multis
2669 1288 2937 1360 probavit.
2969 1286 3074 1342 Sed
3104 1303 3227 1341 cum
3271 1295 3610 1356 argumenta

2017 1402 2085 1442 ex
2140 1401 2306 1456 opere
2356 1384 2561 1439 Christi
2606 1396 2797 1438 contra
2846 1381 3246 1451 Apollinarium
3306 1376 3610 1449 repetiisSe

2016 1492 2127 1531 non
2161 1476 2348 1531 credo.
2397 1474 2629 1529 Maxime
2676 1473 2797 1530 Scr.
2831 1473 2889 1526 8.
2932 1471 3259 1526 auctoritate
3293 1470 3606 1525 nitebatur.

2020 1568 2186 1624 Suam
2233 1569 2537 1624 doctrinam
2584 1582 2709 1621 cum
2743 1564 2865 1620 Scr.
2899 1564 2956 1618 S.
3000 1563 3143 1618 belle
3171 1562 3484 1627 convenire,
3542 1561 3608 1615 in

2018 1680 2123 1734 qua
2152 1664 2220 1718 de
2250 1661 2541 1717 Servatore
2568 1660 2714 1716 dicta
2746 1659 2908 1713 modo
2935 1657 3002 1712 ad
3039 1656 3306 1720 divinam,
3335 1654 3500 1709 modo
3528 1654 3607 1708 ad

2021 1758 2312 1810 humanam
2339 1753 2459 1823 ejus
2490 1762 2764 1817 naturam,
2801 1751 2965 1821 idque
2989 1748 3222 1803 maxime
3257 1747 3603 1816 pertineant,

2019 1860 2144 1900 cum
2200 1844 2535 1915 Apollinario
2582 1850 2751 1897 totam
2802 1841 2926 1897 Scr.
2976 1839 3034 1898 S.
3095 1855 3357 1911 pugnare.
3401 1837 3508 1893 Sed
3558 1837 3602 1892 1.

2016 1934 2176 1991 Joan.
2211 1936 2371 2000 1,14,
2416 1936 2636 1990 nonnisi
2672 1944 2932 1991 accurata
2976 1936 3344 2006 disputatione
3392 1936 3459 1989 de
3508 1950 3603 1989 ra-

2018 2028 2168 2081 tione
2196 2024 2358 2081 Verbi
2406 2024 2503 2082 Dei
2546 2026 2824 2082 hominem
2858 2026 3220 2083 inhabitantis
3253 2025 3607 2097 Apollinario

2017 2133 2049 2175 e
2077 2120 2333 2175 manibus
2358 2127 2686 2189 extorquere
2718 2121 2916 2190 potuit.

2393 2277 2454 2333 Β.
2486 2277 2637 2333 Libri
2666 2290 2848 2333 contra
2878 2277 3216 2335 Eunomium.

2090 2411 2363 2467 Ebcdiesu
2397 2412 2436 2465 1.
2469 2443 2529 2475 ..,
2577 2428 2629 2481 p.
2667 2413 2756 2475 33,
2793 2411 2884 2474 54,
2928 2409 3201 2466 Theodori
3247 2409 3380 2463 duo:
3427 2417 3603 2463 tomos

2021 2507 2273 2560 adversus
2316 2505 2637 2559 Eunomium
2686 2515 2739 2560 et
2782 2520 2945 2558 unum
2991 2512 3190 2557 tomum
3243 2516 3338 2570 pro
3387 2499 3605 2554 Basilio

2020 2606 2307 2661 memorat,
2344 2613 2484 2668 quos
2512 2599 2750 2668 amplum
2784 2598 2935 2651 illum
2967 2606 3155 2650 contra
3178 2593 3497 2649 Eunomium
3529 2594 3597 2647 li-

2021 2690 2204 2754 brum,
2236 2706 2398 2761 quem
2439 2690 2668 2743 Pbotius
2714 2705 2774 2744 se
2807 2689 3007 2759 legisse
3049 2695 3284 2742 testatur
3314 2684 3385 2758 (c)
3408 2685 3604 2754 cujus-

2022 2797 2129 2850 que
2163 2780 2523 2851 fragmentum
2554 2781 2608 2834 in
2653 2778 2779 2834 Fac.
2816 2795 2892 2843 ix,
2926 2779 2960 2834 5
2994 2779 3084 2848 (-
3108 2777 3176 2833 ab
3212 2792 3377 2848 opere
3404 2777 3478 2832 De
3510 2778 3600 2831 in—

2021 2891 2171 2929 carn.
2203 2903 2274 2913 —
2302 2874 2372 2928 ad
2406 2873 2574 2934 aliud,
2612 2872 2758 2942 quod
2800 2879 2993 2927 contra
3042 2868 3369 2925 Eunomium
3422 2868 3603 2924 edidit

2020 2995 2093 3006 —
2129 2965 2222 3019 ubi
2285 2964 2500 3019 decimo
2559 2964 2701 3019 libro
2731 2962 2820 3031 —-)
2853 2964 3073 3032 legitur,
3125 2962 3313 3026 fuisse,
3367 2968 3421 3015 et
3472 2960 3602 3015 ideo

348 3056 561 3095 summa
600 3043 1010 3099 necessitudine
1053 3047 1462 3112 connexuisset,
1499 3049 1608 3104 imo
1640 3052 1919 3109 confudis-
1947 3055 1990 3113 C
2023 3056 2187 3113 credo
2218 3054 2364 3128 quod
2394 3055 2723 3109 Eunomium
2757 3055 2848 3108 vix
2882 3062 2991 3108 tam
3020 3053 3211 3109 multis
3240 3051 3513 3117 refutavit,
3541 3058 3602 3107 et

350 3141 455 3198 set,
498 3133 822 3192 Theodorus
859 3150 970 3206 quo
1001 3136 1183 3193 indole
1227 3151 1327 3192 sua
1362 3137 1684 3208 ducebatur,
1728 3144 1923 3214 majori

349 3223 514 3275 etiam
557 3225 786 3281 rationis
814 3224 1200 3296 perSpicuitate
1235 3241 1330 3282 eas
1361 3227 1435 3282 ita
1463 3229 1703 3292 diremit,
1734 3244 1790 3286 ut
1812 3234 1924 3289 hae-

351 3314 580 3366 reticum
596 3330 839 3371 errorem
862 3331 975 3370 non
1001 3316 1282 3388 effugeret.
1304 3316 1541 3378 Omnino
1557 3339 1688 3379 vero
1709 3342 1924 3382 summa

349 3413 471 3459 erat
508 3407 798 3477 utriusque
839 3408 945 3462 viri
975 3408 1290 3467 diversitas.
1322 3410 1553 3468 Inferior
1583 3424 1702 3470 erat
1746 3416 1926 3474 Theo-

353 3504 523 3560 dorus
565 3508 873 3564 eruditione
916 3509 1196 3580 animique
1240 3512 1680 3582 perspicacitate,
1727 3511 1924 3567 doctus

354 3603 536 3650 tamen
567 3606 621 3652 et
652 3598 991 3669 ingeniosus.
1025 3602 1399 3672 Apollinarius
1430 3619 1528 3674 pro
1559 3604 1778 3674 ingenio
1822 3619 1925 3658 suo

356 3699 516 3746 acuta
547 3708 611 3746 ac
645 3695 856 3764 poetica
886 3695 1135 3753 Platonis
1174 3700 1360 3770 regula
1413 3699 1705 3763 formatus,
1746 3697 1923 3753 Theo-

354 3783 523 3839 dorus
545 3793 737 3839 natura
764 3801 863 3842 sua
888 3787 956 3844 ad
985 3787 1297 3845 Aristotelis
1327 3791 1677 3846 sobrietatem
1713 3789 1921 3844 fereba-

429 3985 505 4059 (a)
538 3988 807 4062 Cancrum
855 3997 1062 4046 veteres
1095 4006 1202 4044 non
1243 3992 1429 4062 miror.
1476 3992 1620 4062 quod
1655 3990 1928 4062 Apollina-

357 4059 501 4131 Ijum
536 4060 969 4129 Eutychianismi
990 4071 1360 4131 accusarunt.
1388 4059 1619 4131 Sobrius
1652 4062 1800 4131 Salig
1828 4061 1927 4127 (De

360 4128 795 4201 Eutychianismo
823 4140 941 4184 ante
978 4130 1222 4199 Eutych.,
1263 4130 1538 4186 Wolfenb.
1568 4131 1722 4185 i725.
1837 4131 1926 4197 97)

358 4200 788 4268 Apollinaristas
843 4201 1197 4270 Eutychianis
1245 4202 1521 4266 proximos
1564 4200 1773 4254 habuit.
1821 4201 1926 4254 Sed

360 4283 553 4339 magna
573 4269 835 4340 doctrinae
862 4269 1050 4325 eorum
1076 4278 1162 4323 est
1178 4270 1493 4324 diversitas.
1516 4270 1755 4340 Uterque
1780 4272 1925 4325 enim

360 4354 549 4393 eorum
585 4339 718 4395 dux.
761 4356 790 4393 a
835 4340 1070 4394 diversis
1127 4341 1303 4394 initiis
1343 4340 1639 4408 profectus,
1670 4339 1931 4395 diversis

368 4410 796 4464 necessitatibus
824 4419 878 4464 et
904 4410 1210 4466 rationibus
1239 4411 1438 4465 ductus
1470 4420 1576 4466 est.

2023 3164 2150 3218 quia
2175 3158 2235 3203 ut
2262 3164 2289 3201 a
2317 3146 2663 3203 Nestorianis
2686 3149 2740 3202 in
2768 3147 2876 3202 duo
2900 3161 3067 3217 opera
3092 3145 3444 3207 divideretur,
3473 3143 3599 3199 libri

2023 3240 2196 3295 moles
2224 3249 2277 3293 et
2311 3248 2691 3308 argumentum
2722 3238 2937 3293 videtur
2978 3239 3242 3293 eITecisse.
3273 3236 3602 3306 Quanquam

2021 3331 2166 3385 hanc
2183 3330 2511 3386 sententiam
2536 3330 2651 3399 ipsa
2677 3330 2841 3383 etiam
2860 3330 3041 3383 Photii
3058 3330 3225 3384 verba
3248 3335 3472 3384 tuentur
3492 3329 3595 3399 (rt).

2023 3418 2100 3474 De
2125 3418 2252 3472 libri
2281 3418 2493 3487 origine
2518 3426 2572 3473 et
2598 3417 2783 3473 indole
2823 3418 2937 3473 haec
2967 3418 3173 3488 accipe.

2100 3509 2435 3576 Eunomius,
2493 3523 2723 3581 magnus
2766 3509 2858 3563 ille
2901 3508 3229 3564 Arianorum
3278 3508 3597 3577 antesigna-

2027 3618 2134 3656 nus
2164 3601 2255 3673 (e),
2285 3615 2407 3655 cum
2438 3599 2749 3671 Apotogiam
2784 3599 2874 3670 (Γ),
2911 3614 3073 3669 quam
3105 3598 3267 3669 paulo
3297 3605 3593 3666 antequam

2027 3692 2212 3763 Cyzici
2254 3692 2545 3761 episcopus
2595 3692 2748 3746 fieret
2823 3690 2971 3763 (⁸560)
3007 3689 3102 3761 (g),
3158 3690 3347 3744 nescio
3388 3704 3496 3759 qua
3538 3703 3598 3741 re

2029 3794 2359 3858 provocatus
2382 3785 2455 3854 (h)
2490 3784 2809 3855 scripserat,
2843 3798 2873 3837 a
2904 3781 3104 3837 Basilio
3133 3781 3271 3864 male
3307 3776 3596 3834 refutatazn

2024 3992 2218 4046 σιλεῐου
2248 3991 2339 4047 τοῦ
2366 3976 2528 4056 πάνυ,
2556 3991 2697 4061 οὕτω
2718 3990 2826 4060 γὰρ
2857 3989 2965 4061 ἐγὼ
2988 3989 3134 4043 καλῶ
3153 3988 3250 4060 τὴν
3275 3988 3453 4061 πάσης
3497 4004 3597 4042 και

2020 4063 2279 4133 τηγορίας
2312 4062 2513 4133 μεστὴν
2546 4060 2687 4130 ὑπὲρ
2716 4060 2889 4133 Ααὺτοῦ
2908 4061 3219 4133 ᾀπολογίαν.

2094 4127 2172 4202 (dj
2233 4127 2544 4202 Va‘nissijna
2580 4127 2669 4185 est
2700 4131 2864 4189 Cavei
2914 4130 3075 4202 l._c..r
3097 4147 3147 4202 p.
3179 4129 3304 4202 248,
3329 4127 3531 4197 opinio,
3560 4142 3595 4182 α

2022 4200 2176 4256 libris
2205 4213 2393 4256 contra
2435 4200 2756 4254 Eunomium
2800 4216 2896 4268 pro
2948 4200 3154 4254 Basilio
3210 4200 3444 4254 fortasse
3487 4214 3595 4252 non

2023 4271 2270 4327 diversos
2301 4272 2470 4326 fuisse
2504 4271 2672 4326 libros
2700 4282 2889 4325 contra
2919 4270 3334 4339 Apollinarium.
3359 4272 3431 4339 (v.
3456 4269 3525 4339 s.)

2098 4345 2166 4407 (e)
2206 4341 2380 4410 llujus
2411 4341 2537 4403 v‘iri,
2574 4340 2627 4394 in
2653 4342 2841 4395 multis
2873 4338 3100 4410 egregii,
3134 4354 3220 4410 res
3249 4338 3592 4410 inimicorum

2027 4408 2376 4481 potissimum
2418 4412 2570 4481 rabie
2623 4411 2815 4465 multis
2867 4408 3081 4481 nebulis
3122 4408 3392 4481 obvoluta;
3450 4417 3592 4481 sunt,

432 4495 507 4559 (ὁ)
535 4493 750 4561 Optime
783 4495 1139 4549 Athanasium
1184 4494 1477 4564 dogmatice
1505 4495 1921 4564 Apollinaristas

2042 4475 2149 4564 me
2179 4492 2237 4542 ut
2265 4480 2603 4564 quoad‘ﬁeri
2641 4488 2821 4564 potest
2852 4480 3069 4564 tandem
3111 4478 3407 4564 aliquade
3434 4477 3595 4564 dissi-

359 4564 630 4619 refutasse
674 4567 929 4619 existimo
964 4568 1037 4634 (v.
1086 4564 1307 4619 Mmhler
1351 4567 1541 4621 Athan.
1570 4567 1643 4634 id.
1680 4565 1796 4627 Gn,
1851 4565 1914 4628 11,

359 4648 414 4756 ἶ).
443 4635 541 4688 271
578 4635 708 4702 sq.).
748 4635 1019 4702 Gregorii,
1055 4634 1433 4691 Nazianzenus
1459 4637 1533 4706 (v.
1565 4633 1820 4715 Ullmann
1880 4637 1915 4690 l.

384 4741 424 4756 ..
449 4704 545 4756 401
584 4708 693 4756 sn.)
741 4712 795 4756 ct
832 4705 1112 4756 stsenus
1161 4719 1235 4756 tv.
1273 4704 1569 4756 Schrmckh
1606 4707 1641 4756 Ι.
1684 4707 1745 4756 1.-
1777 4704 1915 4756 λιν.

384 4741 424 4766 .,
449 4704 545 4775 b0!
584 4708 693 4775 sq.)
741 4712 795 4758 ct
832 4705 1112 4774 Nyssenus
1161 4719 1235 4773 (v.
1273 4704 1569 4761 Scbrwckh
1606 4707 1641 4760 Ι.
1684 4707 1745 4768 1.,
1777 4704 1916 4768 XIV,

359 4789 417 4843 p.
447 4773 516 4829 58
555 4773 686 4842 sq.).
731 4790 830 4845 pro
850 4773 1088 4828 oratoria
1118 4792 1214 4830 sua
1251 4776 1433 4832 indole
1469 4778 1780 4844 bujusmodi
1819 4793 1919 4844 pu-

359 4844 481 4912 gnis
507 4845 685 4899 minus
709 4844 843 4914 apti,
875 4845 1196 4914 Apollinarii
1229 4845 1442 4900 decreta
1484 4863 1584 4901 nec
1605 4862 1666 4900 ea
1696 4862 1801 4915 qua
1827 4862 1923 4914 par

358 4921 478 4987 erat
509 4930 640 4967 cura
680 4915 1075 4987 investigarunt
1118 4930 1217 4969 nec
1266 4916 1639 4987 profligarunt.
1679 4918 1924 4987 Epipha-

362 4985 486 5039 nius
533 4993 712 5039 autem
760 4984 891 5039 haer.
922 5000 1105 5038 Lxxvu
1162 4984 1311 5040 more
1357 4984 1456 5041 suo
1496 4988 1564 5042 de
1621 4984 1925 5041 Dim'oiritis

362 5055 522 5107 etiam
547 5055 824 5109 disseruit.

435 5126 504 5198 (ιζ)
540 5124 697 5198 P_h_ot.
727 5140 778 5198 c.
810 5124 863 5177 4.
895 5155 979 5198 _—
1105 5126 1421 5195 Ἀντιοχέως
1458 5127 1597 5198 ὑπὲρ
1646 5125 1925 5198 Βασιλεξου

364 5194 503 5247 κατὰ
564 5195 826 5263 Εὐνομίου
890 5195 947 5247 ἐν
999 5194 1178 5263 λόγοις
1211 5194 1315 5252 κε’.
1365 5213 1417 5251 c.
1460 5194 1582 5251 177.
1616 5197 1721 5261 (ed.
1754 5196 1926 5250 Andr.

366 5263 1067 5353 saeuiren-tses.
1092 5282 1143 5353 ιιι
1165 5266 1321 5351 .599»
1359 5296 1431 5353 —.—
1467 5268 1507 5353 ,ἀ
1552 5269 1801 5353 auter
1830 5267 1933 5353 εὖτ

364 5334 548 5403 νομῑου
571 5337 641 5408 ἐν
671 5332 844 5408 εἴκοσι
865 5335 967 5408 λκαὶ
986 5332 1129 5389 ὀκτὼ
1161 5332 1343 5408 λόγοις
1371 5339 1499 5408 (κη’.
1554 5336 1754 5392 Facilis
1816 5346 1935 5392 erat

364 5419 540 5475 error.
571 5404 703 5459 Utra
753 5406 914 5460 lectio
950 5422 1078 5459 vera
1126 5407 1199 5461 sit
1234 5404 1341 5461 non
1363 5404 1617 5470 dixerim)
1653 5410 1753 5460 οὑκ
1775 5409 1935 5475 ἀγεν-

321 5472 899 5547 ’,ιῷςμάγῳνισάμενος
919 5477 1015 5547 καὶ
1041 5476 1135 5529 τοῦ
1168 5478 1446 5532 Βασιλείου
1490 5477 1585 5531 τοῦ
1636 5472 1935 5546 θεοποόίου,

306 5532 569 5666 ἐξιᾷλλον
598 5544 654 5597 δὲ
695 5532 793 5616 τῆς
830 5532 1084 5616 ἀληθείας
1138 5550 1417 5619 κρατύνων
1464 5548 1640 5612 δόξαν.
1685 5532 1937 5601 Ριιοιίιιιιί

389 5631 456 5666 ns
480 5616 515 5666 1.
539 5616 678 5666 duos
702 5615 952 5666 diversos
995 5618 1164 5666 libros
1207 5619 1435 5666 innuero.
1474 5635 1608 5666 vana
1648 5627 1732 5666 est
1774 5619 1937 5666 Asse-

389 5615 456 5670 tis
480 5616 515 5668 l.
539 5616 678 5671 duos
702 5615 952 5671 diversos
995 5615 1435 5673 libros'innuere
1474 5635 1609 5672 vana
1648 5627 1732 5672 est
1773 5619 1939 5672 Asse-

374 5686 518 5758 [διεηί
541 5687 670 5758 l_.__l.,
702 5702 768 5758 p.
786 5688 883 5758 54,
901 5688 1163 5758 opinatio.
1208 5688 1397 5743 Leont.
1432 5690 1537 5743 l.c.
1589 5690 1750 5758 (Aug.
1778 5688 1939 5758 _Mﬁai.,

373 5752 414 5811 Ι.
445 5756 509 5814 1..
546 5755 631 5823 γι,
746 5757 897 5829 ἳ99.)
919 5752 989 5800 -ὶ-
1018 5757 1089 5811 τὰ
1116 5775 1172 5811 τε
1197 5759 1335 5829 ὑπὲρ
1362 5752 1626 5831 Εὑνομίον
1660 5752 1802 5813 κᾶτὰ
1831 5757 1939 5813 Βα-

2025 4547 2593 4628 [ξςιιιιινΔρριξιηόιιιη.
2617 4547 2805 4628 Icum
2862 4551 3044 4603 fructu
3083 4550 3169 4628 cl'._
3210 4547 3493 4628 Fabric._l.
3530 4550 3589 4611 l.,

2023 4618 2110 4681 IX,
2152 4637 2201 4689 p.
2234 4618 2339 4676 ⁸207
2382 4637 2491 4688 sq.,
2537 4620 2630 4689 qui
2666 4621 2928 4688 plurima,
2995 4635 3117 4689 quae
3156 4618 3264 4673 huc
3305 4619 3590 4686 pertinent,

2018 4692 2337 4758 congessit;
2366 4691 2599 4757 Basnag.
2637 4689 3148 4743 Thesaur.monum.
3199 4689 3408 4752 eodem,
3456 4689 3495 4750 l,
3536 4704 3588 4757 p.

2023 4757 2238 4828 172751;.
2266 4760 2449 4831 (Vogt,
2478 4760 2620 4831 Bibl.
2643 4759 2828 4831 Intres.
2863 4760 2904 4823 I,
2937 4776 2995 4831 p_._
3020 4760 3129 4813 484
3162 4758 3307 4831 sq);
3329 4757 3594 4831 A._Nean-

2021 4832 2118 4883 der
2148 4830 2180 4881 l.
2205 4827 2282 4892 1.,
2306 4827 2457 4895 11;’(ἷ.
2494 4830 2635 4884 liud.
2658 4828 2722 4883 G.
2748 4830 2912 4885 Klose
2940 4827 3142 4885 Gesch.
3183 4829 3291 4882 und
3322 4827 3485 4883 Lehre
3505 4829 3590 4883 des

2026 4900 2333 4957 Eunomius.
2362 4901 2499 4965 Kicl,
2530 4901 2688 4954 1855.

2091 4970 2155 5037 (ι’)
2206 4971 2448 5024 Primum
2502 4971 2648 5024 edita
2707 4976 2791 5024 est
2823 4984 2852 5022 a
2894 4967 3149 5039 Fabricio
3198 4968 3234 5021 l.
3287 4968 3349 5032 1.,
3379 4967 3590 5039 Vlll.p.

2022 5038 2148 5103 262,
2167 5040 2363 5096 deinde
2388 5042 2442 5094 in
2472 5040 2570 5109 Op.
2592 5040 2758 5095 Basil.
2776 5040 2863 5095 ed.
2887 5038 3081 5104 Garn.,
3105 5039 3145 5105 I,
3167 5055 3219 5110 p.
3245 5039 3349 5093 6l8
3379 5054 3461 5107 sq.

2099 5125 2170 5193 (g)
2206 5123 2442 5178 Basilius
2468 5140 2515 5176 c.
2554 5122 2690 5176 Eun.
2729 5121 2827 5188 1.1,
2869 5121 2991 5192 (Op.
3027 5139 3066 5186 ι,
3098 5140 3150 5194 p.
3182 5121 3307 5194 209,
3333 5121 3458 5192 2m)
3493 5120 3590 5181 Eu-

2028 5192 2333 5249 noinionec
2356 5194 2640 5255 Seleucia‘,
2672 5195 2726 5246 in
2769 5208 2932 5263 quam
2973 5192 3165 5248 urbem
3201 5192 3390 5247 Ariani
3426 5198 3592 5251 vocati

2030 5280 2138 5319 non
2165 5265 2443 5319 venissent
2469 5264 2545 5332 (a.
2582 5264 2730 5334 559),
2772 5279 2948 5333 neque
2977 5263 3478 5332 Constantinopoli,
3502 5267 3588 5323 ubi

2031 5336 2218 5388 Ariani
2252 5335 2563 5403 superiores
2600 5333 2832 5389 fuissent
2866 5337 2939 5402 (a.
2977 5334 3190 5404 569)7et
3236 5333 3484 5404 civitates
3513 5337 3593 5399 ill--

2032 5412 2118 5459 ter
2146 5420 2203 5459 se
2241 5400 2424 5473 partiti
2454 5411 2657 5467 essent,
2688 5405 2804 5474 ipse
2831 5400 3011 5474 autem
3047 5400 3207 5460 ἆθλον
3225 5402 3325 5474 τῇς
3352 5403 3592 5474 ἀσεϐείας

2033 5474 2134 5544 τὴν
2158 5474 2394 5539 Κύζικον
2428 5473 2725 5544 retulisset,
2764 5473 3016 5544 apologia
3060 5489 3199 5544 opus
3247 5473 3422 5544 fuisse
3448 5473 3590 5540 dicit,

2038 5543 2098 5598 ut
2127 5545 2253 5599 dolo
2276 5560 2393 5599 eam
2415 5543 2721 5599 confectam
2754 5560 2878 5599 esse
2910 5543 3267 5599 demonstret.
3324 5543 3466 5598 Hinc
3495 5546 3588 5601 nisi

2039 5616 2312 5671 claudicat
2347 5613 2530 5669 Basilii
2554 5614 2973 5681 demonstratio,
3008 5614 3103 5670 illo
3134 5625 3380 5685 tempore
3409 5615 3589 5685 Apolo-

2041 5686 2181 5756 giam
2219 5685 2475 5756 scriptam
2506 5700 2626 5756 esse
2647 5685 2893 5756 emergit.

2118 5757 2195 5827 (Ix)
2252 5753 2368 5812 Doli
2409 5755 2720 5827 postulatur
2773 5753 2819 5811 a'
2851 5753 3061 5812 Basilio
3089 5755 3129 5812 I.
3159 5769 3201 5824 ιο,
3245 5769 3303 5828 p.
3332 5753 3584 5825 209;sod
