3804 6222
147 238 238 294 ⁸61
959 246 1050 301 DE
1089 245 1441 303 THEODOBI
1485 249 1972 310 MOPSUESTENI
2015 255 2173 310 VITA
2203 255 2290 309 ET
2334 254 2655 315 SCRIPTIS.
3376 253 3447 309 6!!

177 369 299 406 esse
341 353 574 409 vidisset
614 357 713 428 (a),
750 356 1067 415 adversario
1107 377 1172 416 eo
1224 367 1419 434 majori
1467 367 1766 436 cupiditate
1797 385 1841 439 Α
1869 371 2037 424 animi
2071 371 2512 440 perspicacitate,
2537 370 2846 425 constantia
2878 384 2941 423 ac
2971 367 3293 440 philosopha
3316 386 3447 424 eru-

177 445 399 500 obviam
441 448 552 508 ivit,
584 463 692 516 quo
721 449 893 518 magis
939 452 1054 506 suis
1086 455 1282 510 studiis
1324 457 1613 512 orthodoxi
1647 457 1763 511 otii-

178 548 392 592 eerent.
436 539 538 594 Sed
576 542 678 594 hoc
716 543 893 612 ipsum
925 545 1043 600 suis
1075 548 1323 615 partibus
1357 550 1564 603 illatum
1607 551 1761 603 dam-

177 647 308 684 num
339 633 398 685 in
434 649 598 687 causa
633 635 802 690 fuisse
847 638 1034 698 credo,
1072 647 1129 690 ut
1163 655 1299 692 nova
1340 640 1588 695 Eunomii
1619 642 1761 710 Apo-

178 725 319 792 logia
353 725 431 792 (ὑ)
463 737 583 794 post
633 727 820 780 Basilii
851 727 1068 782 demum
1121 740 1350 784 mortem
1387 733 1457 800 (c)
1492 733 1544 785 in
1585 733 1759 786 lucem

177 817 452 885 prodiret.
493 818 646 884 Tres,
683 820 773 887 qui
815 828 926 874 tum
961 821 1287 875 Eunomium
1325 831 1760 892 oppugnassent,

177 919 456 964 memorat
520 911 750 966 Pliotius
805 929 852 966 c.
899 914 1014 976 4-7,
1059 930 1291 983 quorum
1364 915 1574 983 primus
1623 914 1756 968 Grc-

175 1000 380 1068 gorius'
417 1000 716 1071 Nyssenus,
766 1004 962 1072 pietate
1014 1005 1176 1058 etiam
1210 1006 1500 1067 adductus,
1541 1005 1762 1060 fratrem

175 1090 385 1144 duobus
425 1094 577 1146 libris
607 1093 851 1148 defendit
889 1096 984 1164 (ἀ).
1018 1095 1131 1149 Non
1164 1099 1334 1150 multo
1365 1110 1484 1166 post
1516 1097 1764 1152 Theodo-

177 1198 299 1235 rum
341 1185 666 1238 Eunomium
693 1187 856 1240 etiam
889 1195 1001 1240 tum
1029 1190 1378 1257 superstitem
1417 1190 1764 1259 impugnasse

173 1275 482 1330 verisimile
511 1290 612 1331 esr.
649 1276 847 1332 Pbotio
871 1287 1051 1332 autem
1085 1289 1231 1333 recte
1264 1288 1393 1349 puto
1417 1279 1760 1347 Theodorus,

175 1363 269 1431 qui
324 1365 400 1417 sit
447 1369 565 1429 ταῖς
619 1367 876 1431 διανοίαις
915 1369 1008 1422 καὶ
1059 1372 1168 1432 τοῖς
1207 1371 1589 1441 ἐπιχειρήμασι
1625 1371 1763 1434 ,λίαν

177 1455 384 1518 πυκνὸς
415 1459 508 1508 καὶ
555 1461 672 1521 ταῖς
703 1464 998 1529 γραφικαῖς
1042 1461 1238 1531 ἄριστα
1284 1462 1526 1514 πλουτῶν
1563 1480 1765 1532 μαρτυ-

179 1547 342 1614 ρίαις,
382 1547 588 1601 dicitur
617 1550 755 1602 κατὰ
782 1549 924 1614 λέξιν
956 1551 1137 1620 σχεδὸν
1166 1551 1273 1604 τῶν
1301 1553 1563 1622 Εὐνομίου
1593 1553 1763 1620 λόγων

173 1634 272 1705 τὴν
305 1639 618 1709 ἁνασκευὴν
657 1641 943 1706 ποιεῖσθαι,
985 1643 1164 1712 ἁμαΟῆ
1198 1661 1254 1694 τε
1289 1644 1408 1695 λίαν
1437 1643 1540 1695 τῶν
1580 1662 1636 1696 τε
1671 1643 1763 1696 Ούισ

1865 463 2073 518 ditione
2114 464 2365 527 inferior,
2399 465 2652 532 superior
2691 466 2888 519 litteris
2918 464 3138 518 biblicis
3188 472 3241 517 et
3265 465 3450 516 eccle-

1867 554 2109 619 siasticis
2148 565 2286 617 erat,
2330 557 2573 608 omnium
2606 556 2811 625 optime
2855 555 3103 610 adortum
3146 571 3268 610 esse
3302 552 3448 608 haud

1867 653 2067 700 temere
2101 648 2388 715 conjicias,
2421 647 2516 701 sed
2549 649 2722 700 saeviit
2746 648 2908 701 etiam
2948 649 2999 700 in
3029 663 3151 701 eum
3177 656 3231 701 ct
3261 648 3448 700 nescio

1866 751 1986 805 qua:
2028 737 2264 791 absurda
2304 738 2358 790 in
2402 752 2524 791 eum
2571 738 2806 807 conjecit
2844 739 3194 808 (Theodoret.
3247 735 3445 791 Fabul.

1865 829 1995 883 hrcr.
2033 845 2105 896 tv,
2139 830 2214 902 5).

2251 921 2312 975 C.
2351 921 2422 975 De
2456 921 2661 991 Spiritu
2695 930 2878 975 sancto
2911 921 3054 973 libri.

1941 1009 2166 1065 Duobus
2196 1013 2359 1066 tomis
2395 1012 2466 1066 De
2511 1013 2712 1081 Spiritu
2746 1010 2802 1066 S.
2835 1012 2927 1082 (cf.
2972 1011 3242 1066 Ebediesu
3287 1011 3325 1064 l.
3363 1025 3442 1075 c.,

1832 1166 1837 1173 _
1866 1117 1921 1171 p.
1954 1101 2042 1168 55)
2081 1101 2296 1154 videtur
2323 1101 2645 1156 Theodorus
2671 1105 2794 1166 τοὺς
2825 1102 3316 1172 Πνευματομάχους
3347 1101 3443 1152 im-

1865 1203 2158 1258 pugnasse.
2197 1189 2391 1244 Leont.
2439 1191 2514 1244 De
2549 1193 2700 1245 sectis
2733 1208 2785 1244 ιν
2812 1192 2972 1259 (Call.
3013 1191 3154 1244 Bibl.
3191 1192 3228 1244 l.
3271 1206 3346 1249 c.,
3384 1206 3442 1259 p.

1866 1278 1987 1348 656)
2017 1298 2112 1335 :——
2146 1281 2338 1343 οἵτινες
2373 1282 2530 1346 (Διοδ.
2561 1299 2614 1334 κ.
2647 1282 2821 1353 Θεοδ.)
2854 1283 3286 1351 ἀντηγωνίσαντο
3309 1281 3445 1350 πρὸς
3478 1309 3494 1325 ο

1878 1371 2183 1440 Ἀρειανοὺς
2215 1373 2305 1423 καὶ
2326 1372 2653 1424 Μακεδόνων
2688 1373 2780 1424 καὶ
2823 1373 3190 1442 Ἀπολινάριον
3213 1402 3297 1424 ι-.

2082 1462 2145 1516 D.
2183 1463 2258 1516 De
2292 1464 2624 1532 Apollinario
2645 1474 2690 1517 et
2727 1464 2838 1532 ejus
2869 1464 3054 1517 hwresi
3082 1465 3230 1518 liber.

1941 1552 1995 1606 Si
2034 1570 2159 1607 vera
2191 1563 2321 1608 sunt
2346 1571 2467 1624 quae
2501 1557 2566 1610 de
2596 1550 2750 1612 libris
2793 1558 2902 1611 illis
2927 1556 3198 1609 Theodori
3237 1555 3438 1610 adver-

1875 1660 1971 1699 sus
2013 1647 2401 1712 Apollinarium
2467 1664 2630 1718 supra
2685 1649 2795 1702 dixi
2847 1648 2972 1718 (col.
3019 1643 3155 1714 58'),
3199 1647 3440 1702 dubitari

176 1729 342 1802 ραοεν
389 1731 724 1802 μαθημάτων
755 1735 848 1786 καὶ
883 1733 1060 1803 πολλῷ
1100 1734 1298 1803 μᾶλλον
1325 1735 1423 1804 τῆς
1464 1735 1584 1787 καθ’
1616 1736 1751 1805 ἡμᾶς

1866 1751 1971 1787 non
2004 1744 2198 1804 potest,
2244 1738 2377 1804 quin
2425 1736 2562 1789 liber
2595 1737 2686 1805 qui
2723 1735 2978 1789 Facundo
3007 1751 3064 1797 Χ,
3099 1735 3150 1799 1,
3180 1733 3254 1787 De
3279 1734 3441 1801 Apol-

175 1821 466 1891 Θεοσοφέας
504 1824 590 1875 διὰ
638 1823 842 1876 πολλῶν
887 1825 1206 1888 ἐπιδεικνύς.
1258 1824 1624 1894 Propugnavit
1663 1840 1760 1895 pro

174 1913 432 1968 doctrina
465 1917 840 1970 ecclesiastica
892 1927 1054 1986 atque
1085 1919 1158 1970 ita
1202 1916 1459 1971 Ecclesia:
1503 1917 1642 1970 viam
1679 1923 1760 1971 te-

176 2007 319 2067 nuit,
359 2015 418 2060 ut
450 2008 623 2062 solius
654 2007 864 2061 Leontii
894 2011 966 2077 (ν.
995 2015 1064 2075 s.)
1091 2009 1384 2078 opprobrio
1411 2010 1758 2064 occasionem

176 2099 483 2168 prmbuissc
528 2101 796 2154 videatur.
838 2100 974 2153 Eum
1022 2109 1200 2155 autem
1252 2100 1598 2167 Eunomium,
1648 2117 1756 2172 quo

174 2291 363 2345 multis
424 2293 629 2356 causis,
693 2307 816 2361 quae
871 2290 1128 2346 Basilium
1177 2290 1334 2345 facile
1364 2291 1663 2352 latuerunt,
1694 2287 1763 2341 ad

177 2363 487 2432 apologiam
520 2364 802 2431 provocari
841 2365 1038 2431 potuit,
1073 2363 1372 2430 priesertim
1416 2376 1538 2413 eum
1587 2361 1762 2412 mani-

178 2434 315 2485 festo
347 2431 516 2486 etiam
548 2434 610 2485 ad
649 2431 1022 2486 Semiarianos
1054 2437 1106 2485 in
1134 2449 1195 2484 ea
1222 2431 1541 2500 reSpexerit.

248 2503 321 2570 (ιι)
360 2503 621 2554 Basilium
664 2503 1081 2571 Ἀνατρεπτικὸν
1115 2502 1206 2553 τοῦ
1238 2498 1629 2570 ἀπολογητικοῦ
1667 2499 1758 2552 τοῦ

178 2573 474 2643 Bassam-3;
503 2573 763 2643 Εὑνομίου
800 2575 962 2640 (Lm,
995 2576 1028 2625 Ι.
1059 2575 1118 2634 1.,
1144 2588 1196 2640 p.
1225 2573 1331 2624 9.07
1353 2574 1459 2640 sq.)
1481 2571 1592 2643 fere.
1617 2585 1760 2643 anno

179 2642 278 2696 568
310 2644 609 2710 scripsisse
645 2641 710 2696 ex
741 2644 825 2698 bis
851 2644 1108 2712 colligas:
1147 2643 1184 2695 Ι.
1218 2643 1540 2695 Eunomiuin
1562 2641 1614 2692 in
1655 2641 1756 2692 Ba-

179 2713 299 2765 silio
362 2713 702 2767 conl‘utando
752 2730 860 2766 non
895 2714 1174 2776 minimam
1215 2713 1340 2767 vita
1379 2726 1492 2764 suae
1546 2719 1753 2778 partem

178 2782 542 2853 insumpsisse
573 2792 757 2836 narrat
801 2783 1025 2851 Gregor.
1050 2783 1210 2853 Nyss.
1266 2781 1326 2836 ϐ.
1371 2781 1510 2833 Ειιη.
1547 2785 1559 2835 l
1594 2781 1752 2853 (Opp.

176 2851 350 2910 Paris.
382 2854 542 2914 1658,
582 2854 641 2912 ll.
677 2869 730 2922 p.
766 2854 915 2919 286);
949 2855 1039 2906 καὶ
1068 2851 1460 2920 οὖδέν,1η(μιιι,
1507 2851 1753 2922 ἀπεικὸς,

178 2922 262 2975 τὸν
293 2925 350 2994 ἐν
378 2920 690 2986 τοσαύταις
709 2924 843 2975 ἑτῶν
877 2924 1203 2994 Ὀλυμπιάσι
1249 2924 1557 2994 πονήσαντα
1596 2920 1756 2994 πλέον

176 3010 226 3045 τι
248 2993 355 3046 τῶν
402 2995 630 3065 αὐτόθεν
669 2991 1028 3046 ἐπιϐαλόντων
1059 2991 1609 3065 παρασκευάσασθαι.
1633 2991 1756 3045 llazc

180 3077 306 3118 sane
337 3081 450 3118 non
483 3064 550 3116 ad
577 3067 758 3119 vivum
789 3081 963 3132 usque
992 3063 1311 3126 resecanda,
1337 3063 1428 3115 sed
1460 3063 1563 3116 nisi
1601 3063 1764 3130 inep-v'

1863 1825 2056 1878 linario
2081 1834 2128 1878 et
2167 1827 2280 1894 ejus
2310 1827 2497 1880 hmresi
2539 1828 2631 1897 (θ),
2659 1827 2927 1881 Ebediesu
2971 1827 3005 1878 Ι.
3056 1826 3117 1892 l.,
3150 1841 3201 1896 p.
3238 1824 3326 1887 55,
3369 1824 3442 1879 De

1864 1926 2164 1970 assumente
2209 1926 2257 1970 et
2305 1927 2575 1986 assumpto
2608 1919 2829 1980 dicitur,
2869 1932 3014 1971 unus
3055 1915 3305 1985 idemque
3344 1918 3436 1970 sit.

1863 2005 2000 2060 Nam
2035 2007 2101 2061 de
2123 2021 2438 2064 assumente
2462 2019 2516 2064 et
2549 2018 2834 2080 assumpto
2863 2008 3182 2062 Theodorus
3214 2010 3436 2063 nonnist

1867 2108 2059 2154 contra
2099 2101 2496 2170 Apollinarium
2551 2101 2791 2157 scribere
2820 2100 3018 2171 potuit,
3055 2117 3234 2170 neque
3268 2115 3437 2155 causa

1860 2291 2142 2362 putatione
2175 2294 2285 2348 vidi
2341 2295 2530 2347 levius.
2582 2293 2675 2347 Est
2717 2306 2896 2349 autem
2955 2293 3153 2362 Ruppii
3194 2293 3438 2362 opinatio

1862 2361 1946 2432 bis
1979 2365 2211 2418 maxime
2231 2367 2296 2418 de
2327 2365 2509 2419 causis
2541 2365 2836 2432 rejieienda
2870 2386 2882 2420 :
2921 2365 2956 2417 1.
2985 2361 3281 2431 Gregorius
3299 2363 3436 2416 duo-

1861 2430 2196 2504 buslantum
2253 2435 2407 2489 libris
2447 2430 2774 2487 Eunomium
2809 2430 3165 2504 oppugnavit.
3210 2434 3279 2503 (ν.
3309 2433 3435 2503 ίηι.)

1863 2500 1922 2570 ll.
1947 2501 1989 2552 A
2021 2500 2271 2570 Nysseno
2307 2505 2544 2557 alienum
2574 2512 2658 2557 est
2689 2500 2906 2558 illorum
2935 2500 3433 2558 li‘brorum'dicené

1859 2569 1908 2621 di
1931 2579 1983 2623 et
2007 2569 2318 2644 disputandi
2340 2590 2530 2644 genus.
2559 2574 2690 2628 Nolo
2710 2576 2925 2644 singula
2951 2575 3165 2644 adem},
3183 2585 3265 2628 est
3287 2575 3433 2626 enim

1863 2643 2360 2714 rcs_ma>nifcsta,i
2395 2644 2500 2697 nisi
2559 2645 2698 2699 forte
2759 2643 3053 2714 Gregorius
3107 2643 3432 2712 Gregorium

1862 2712 2034 2764 exuit.
2065 2712 2335 2782 Copiosus
2362 2722 2467 2774 est,
2503 2716 2737 2769 oratoris
2772 2712 3062 2769 lenociniis
3108 2715 3433 2779 delectatur,

1859 2789 1914 2832 at
1938 2783 1989 2834 in
2015 2783 2116 2853 illo
2145 2785 2394 2852 quisquis
2422 2784 2527 2837 luit
2557 2786 2839 2839 conclusio
2874 2786 3076 2853 exeipit
3117 2785 3434 2838 conclusio-

1856 2865 2006 2915 nem,
2071 2852 2300 2922 ideoque
2344 2856 2630 2908 sententiis
2662 2856 2938 2914 crebrum,
2970 2852 3260 2908 verborum
3305 2868 3436 2922 par-

1858 2935 1979 2991 cum
2007 2922 2130 2989 jure
2162 2939 2285 2977 eum
2324 2927 2496 2985 dicas,
2547 2925 2642 2979 sed
2669 2941 2730 2978 ea
2763 2934 2844 2980 est
2882 2925 3000 2991 ejus
3048 2924 3314 2978 orationis
3349 2923 3435 2976 in-

1859 2989 2030 3050 doles,
2058 2995 2487 3064 quatuoratoria
2501 2994 2744 3064 Gregorii
2777 2989 2951 3049 virtus
2971 3009 3247 3062 nunquam
3269 3008 3434 3064 suam

1858 3064 2192 3133 agnovisset.
2229 3062 2326 3116 111.
2357 3062 2594 3133 Uterque
2619 3062 2870 3118 eamdem
2902 3065 3207 3118 doctrinam
3247 3063 3436 3117 defen-

182 3132 475 3206 t_i_it_bGreg.
520 3134 705 3206 Nyss,
745 3130 1049 3206 Euuomius
1090 3137 1285 3206 multo
1308 3141 1429 3200 post
1471 3134 1662 3201 (ferme
1698 3148 1749 3184 ιι.
1781 3147 1822 3202 C
1856 3130 1955 3193 dit,
1988 3130 2710 3206 sed__Gt'egorius_mdjiliulla
2744 3136 2924 3204 'hujus
2954 3135 3048 3189 viri
3113 3144 3433 3206 argumenta

179 3202 298 3270 580)
330 3205 383 3257 in
415 3202 643 3257 arenam
674 3205 978 3258 descendit.
1009 3204 1071 3256 ll.
1125 3202 1384 3258 Basilium
1433 3211 1610 3255 autem
1645 3217 1753 3257 non

179 3275 380 3336 statim,
409 3276 508 3329 sed
538 3277 820 3342 aliquanto
858 3283 981 3344 post
1017 3275 1294 3344 Eunomii
1317 3271 1636 3344 Applogiant
1667 3287 1758 3340 op-

181 3359 450 3411 pugnasse
481 3361 586 3398 non
616 3341 791 3401 solum
817 3341 957 3399 civ.
1006 3345 1192 3399 Basilii
1227 3342 1345 3395 adv.
1380 3341 1518 3411 Eun.
1559 3357 1594 3402 ι,
1626 3341 1660 3392 Ι.
1693 3344 1752 3407 1.,

178 3407 226 3481 p.
251 3407 381 3474 910,
419 3416 580 3478 ποίας
608 3413 699 3469 οὖν
733 3416 1023 3484 ἀπολογίας
1053 3415 1133 3468 ἔτι
1162 3418 1350 3480 καιρὸς
1383 3407 1448 3481 ἦν
1480 3411 1636 3484 τότε)
1673 3412 1758 3484 iu-

182 3484 440 3554 Ielligitur
471 3524 484 3546 ,
519 3488 611 3539 sed
641 3494 786 3541 totus
819 3482 982 3539 etiam
1013 3485 1194 3540 Basilii
1229 3482 1650 3552 Ἀνατρεπτικός
1682 3483 1754 3534 ita

182 3566 530 3623 comparatus
553 3565 658 3620 est,
692 3565 751 3609 ut
783 3572 907 3610 cum
949 3557 1302 3615 scriberetur,
1326 3554 1754 3624 orthodosorum

187 3621 360 3692 partes
384 3628 687 3682 invaluisse
715 3627 1035 3695 perspicias.
1065 3627 1133 3678 At
1163 3639 1270 3694 quo
1305 3633 1546 3695 tempore
1573 3621 1753 3695 Euno-

186 3696 320 3749 mius
351 3697 673 3766 Apologia»:
717 3692 1033 3766 composuit
1076 3692 1376 3765 regnarunt
1431 3692 1754 3766 VAri_ai_ii._lta

187 3780 306 3818 vero
340 3761 456 3820 fere
488 3761 553 3820 ad
581 3784 630 3820 a.
653 3767 755 3820 568
788 3761 1061 3830 ducimur,
1093 3761 1182 3820 cui
1210 3765 1492 3818 sententia:
1527 3763 1594 3814 lll
1648 3761 1753 3814 Ba-

185 3835 351 3888 siliiv.
376 3839 408 3887 1.
437 3840 495 3890 l..
534 3853 566 3904 p
627 3838 750 3897 207,
787 3869 854 3878 —
889 3839 1048 3906 ἡμεῖς
1078 3867 1147 3875 —
1190 3833 1483 3906 παντελῶς,
1508 3831 1754 3906 ἀγύμνα-

186 3920 290 3957 ator
308 3907 399 3960 τοῦ
421 3903 660 3962 τοιούτου
682 3907 855 3968 εἴδους
879 3903 987 3960 τῶν
1014 3907 1183 3975 λόγων
1211 3905 1361 3966 ὄντες
1377 3934 1448 3943 -
1471 3903 1610 3975 belle
1632 3918 1754 3956 con-

183 3979 429 4031 veniunt.
460 4007 528 4018 -—-
569 3979 759 4033 Libros
789 3990 1044 4047 quartum
1076 3974 1129 4030 et
1157 3977 1403 4045 quintum
1436 3974 1581 4027 illius
1604 3974 1753 4025 Ἀνα-

189 4049 472 4116 ἶρεπτικοῦ
509 4066 616 4102 non
652 4050 835 4102 Basilii
867 4064 987 4103 esse
1024 4049 1136 4116 jam
1179 4063 1240 4100 ex
1287 4047 1354 4098 iis
1390 4047 1584 4116 elucet,
1631 4058 1752 4104 uiue

190 4112 407 4187 Canter.
440 4120 476 4171 1.
516 4121 550 4173 1.
589 4137 636 4187 p.
689 4136 816 4172 LXIII
856 4136 939 4186 sq.
975 4112 1252 4171 disseruit.
1295 4117 1450 4184 liupp
1484 4113 1749 4187 (διεξίοι-ῖς

188 4185 270 4258 de:
301 4187 362 4240 Β.
395 4207 439 4242 ιν.
469 4183 649 4258 Nysae
679 4189 842 4242 Leben
876 4183 982 4241 und
1009 4187 1362 4254 Meinungen.,
1382 4183 1563 4258 ’Lips.‘
1590 4183 1746 4258 1854,

193 4255 239 4314 8,
279 4273 328 4325 p.
368 4255 547 4320 154)τὶ
589 4262 671 4311 Ich
711 4263 852 4313 lialte
881 4261 1030 4314 diese
1061 4259 1253 4311 beiden
1288 4258 1481 4309 letzten
1533 4255 1747 4325 Becher

193 4323 388 4383 fur—alie
411 4330 580 4382 kurzo-
613 4331 933 4398 Abweisung
963 4331 1059 4384 des
1079 4328 1242 4388 Ειιιι..
1267 4327 1475 4398 welche
1497 4325 1594 4379 der
1610 4323 1749 4398 Nys-

192 4411 216 4447 s
253 4413 343 4449 ner
373 4400 582 4471 aul'der
605 4401 819 4471 Synode
859 4395 926 4453 zu
960 4397 1407 4471 Constantinapel
1441 4395 1747 4471 ῥοιῇ-ρξε-

193 4481 281 4531 gor
311 4485 358 4522 v.
395 4469 529 4522 Naz.
565 4464 674 4522 und
710 4472 1067 4539 Hieronymus
1115 4468 1214 4539 (De
1270 4469 1393 4520 viris
1421 4466 1539 4539 ιιι,
1577 4464 1698 4539 128)
1733 4490 1745 4525 ε

193 4565 257 4575 -
285 4539 415 4605 Greg
468 4540 627 4608 Nysa.
653 4572 720 4580 —
750 4551 869 4592 ante
906 4536 1098 4603 paucos
1125 4536 1307 4591 annos
1357 4538 1486 4588 milii
1528 4547 1576 4590 et
1624 4536 1751 4592 Gre-

195 4611 331 4671 gorio
367 4611 506 4662 Nuz.
542 4622 725 4663 eunlra
778 4610 1096 4664 Eunomiunt
1153 4611 1271 4678 legit
1322 4608 1504 4676 libros)
1555 4623 1751 4678 verge-

200 4681 334 4731 lesen
372 4682 544 4734 haben
582 4683 702 4741 soli,
738 4697 842 4734 von
869 4682 1102 4734 welcher
1127 4679 1349 4732 Pliotius
1375 4682 1444 4747 (c.
1488 4679 1541 4741 6,
1574 4680 1652 4748 7.)
1684 4697 1750 4736 zu

202 4748 466 4802 bel‘lcillml
518 4754 752 4804 scheint.
811 4754 906 4819 (at.
952 4749 1107 4803 Pliot.
1154 4751 1261 4802 duo
1288 4766 1458 4818 eaque
1487 4752 1751 4819 ampliora

199 4819 430 4890 Gregorii
466 4825 666 4889 scripta
700 4829 983 4874 memorat.
1006 4823 1240 4872 ()mnino
1277 4821 1489 4890 brevem
1523 4820 1749 4890 Nysseni

199 4889 622 4961 uisset-tationem
656 4894 810 4959 llupp
832 4892 1176 4961 excogitavit)
1207 4891 1322 4944 Alle
1348 4889 1587 4954 Griinde,
1619 4894 1750 4946 wel-

201 4959 292 5012 che
345 4963 422 5014 sie
468 4964 586 5014 dem
655 4962 888 5014 Basilius
959 4959 1386 5013 iuzusclireiben
1437 4963 1748 5026 verbiclcn,

202 5033 453 5101 sprechen
504 5036 586 5084 l'ur
647 5032 798 5101 (ἐι-υς.
855 5049 914 5101 7v.
975 5033 1173 5101 hyssa,
1224 5031 1330 5084 und
1387 5031 1469 5084 icli
1520 5034 1749 5100 glaube,

203 5093 506 5172 Schrterkh,
539 5103 634 5154 drr
665 5093 812 5155 diese
841 5093 1058 5154 Griind'e
1091 5093 1593 5172 Xlll,7§38,iangievbt
1626 5107 1644 5172 (
1698 5093 1748 5171 ρ.

204 5168 282 5222 58.
318 5188 494 5225 sermo
527 5181 608 5223 est
639 5172 704 5224 de
734 5173 913 5242 indole
937 5173 1196 5224 libroruin
1239 5170 1317 5242 Illi
1350 5168 1553 5235 Basilii,
1582 5168 1751 5242 pauca

203 5254 321 5292 veto
355 5260 472 5310 qua:
509 5241 824 5295 SCIII‘GBCHI.
863 5244 896 5294 1.
930 5243 963 5294 I.
998 5258 1047 5310 p.
1103 5242 1190 5304 56,
1251 5241 1338 5302 57,
1383 5252 1504 5308 post
1551 5241 1754 5296 Carne-

205 5325 334 5362 l'llllll
370 5316 472 5364 I.c.
511 5323 701 5365 coutra
739 5316 1052 5364 ultimorum
1085 5312 1206 5365 libr.
1234 5313 1564 5365 authenliain
1606 5323 1749 5366 attu-

207 5380 280 5451 lit,
313 5383 452 5436 aliud
489 5393 650 5451 atque
679 5385 728 5435 in
761 5383 1036 5451 prioribus
1067 5398 1188 5435 esse
1224 5383 1274 5434 in
1319 5382 1383 5436 iis
1411 5398 1582 5450 genus
1614 5384 1754 5436 scri-

207 5448 685 5522 bemli.impro'h:u'i
713 5448 829 5506 voc.
874 5452 1117 5522 γέννημα
1156 5453 1230 5522 de,
1263 5448 1538 5506 Filio'Dei
1593 5469 1754 5506 usur-

211 5530 396 5592 patum,
558 5522 615 5576 Β.
651 5525 814 5576 Deum
850 5521 1052 5585 vocari,
1090 5523 1158 5576 iis
1203 5521 1400 5591 Ruppii
1438 5522 1751 5590 conjectura

213 5589 332 5662 nihil
361 5589 658 5662 probatur),
693 5595 762 5648 ist
795 5610 899 5646 mir
929 5593 1184 5662 dessbalb
1212 5589 1362 5646 uie—lit
1396 5593 1493 5646 aui
1516 5589 1617 5648 den
1649 5595 1754 5648 Ge-

211 5658 405 5733 dunkeii
438 5658 775 5732 gckonimen,
825 5667 902 5718 sic
933 5664 1052 5718 dem
1094 5661 1252 5733 Nyss.
1303 5681 1367 5717 zu
1431 5666 1749 5728 viudiciren,
1788 5727 1794 5732 _

216 5733 322 5784 weil
350 5732 466 5788 kein
495 5735 668 5791 Codex
700 5746 867 5790 etwas
895 5735 1128 5789 dart‘tbcr
1149 5732 1289 5805 εδει.
1316 5736 1326 5788 ι
1360 5733 1502 5788 Nihil
1528 5737 1627 5791 hac
1648 5735 1754 5792 dis-

1861 3217 2001 3269 acgre
2031 3198 2355 3257 adhibuerit.
2393 3202 2478 3256 IV.
2517 3204 2664 3257 Libri
2709 3198 2786 3258 illi
2820 3198 2991 3274 magis
3023 3198 3211 3258 contra
3253 3203 3434 3257 Euno-

1861 3275 2094 3343 mianos_
2119 3289 2280 3343 quam
2333 3286 2523 3328 contra
2575 3274 2900 3328 Eunomium
2958 3275 3210 3327 videntur
3243 3275 3435 3343 scripti

1858 3357 2000 3395 esse.
2051 3341 2460 3416 bV.'Qregorius
2510 3348 2815 3416 prologum,
2885 3346 3155 3416 epilogum
3207 3341 3432 3416 aliaque

1861 3414 2121 3465 nonnulla
2171 3413 2278 3466 illis
2334 3413 2866 3483 libris'adjecisset,
2917 3413 3058 3468 unde
3109 3415 3432 3475 scriptorem

1859 3497 2203 3549 agnosceres.
2233 3483 2310 3537 Ne
2341 3488 2529 3547 multa,
2558 3485 2823 3555 ejusmodi
2859 3495 2941 3540 est
2970 3485 3060 3537 illa
3091 3485 3430 3549 conjectura,

1857 3568 1980 3622 quae
2036 3555 2237 3607 nemini
2275 3555 2327 3606 in
2377 3564 2612 3609 mentem
2644 3557 2832 3609 venire
2879 3555 3128 3608 debebat.
3176 3556 3279 3608 Sed
3312 3572 3433 3622 quae

1857 3621 2016 3694 Ehot.
2051 3639 2100 3676 c.
2135 3623 2167 3676 5
2200 3624 2266 3678 de
2301 3625 2591 3694 Sophronii
2643 3624 2959 3679 defensioue
3005 3624 3190 3678 Basilii
3237 3621 3430 3677 contra

1857 3691 2184 3764 Erunomium
2216 3691 2400 3761 refert,
2437 3695 2681 3764 apprime
2705 3696 2760 3748 in
2786 3696 2884 3750 hos
2920 3693 3088 3748 libros
3137 3696 3428 3763 quadrant,

1858 3762 2088 3832 ideoque
2121 3778 2215 3819 eos
2243 3762 2565 3832 particulam
2595 3765 2741 3819 illius
2764 3767 2944 3832 Operis
2966 3780 3086 3819 esse
3126 3762 3268 3816 haud
3323 3765 3428 3816 im-

1857 3830 2204 3901 probabiliter
2221 3830 3040 3902 conjicias.Sophroniusautem
3069 3835 3208 3888 idem
3233 3835 3430 3900 opinor

1858 3904 2006 3976 l'u_it_,
2039 3905 2194 3976 cujus
2223 3905 2541 3976 Hieronym.
2585 3907 2656 3958 De
2696 3908 2876 3976 script.
2901 3903 3049 3967 eccl.,
3079 3920 3130 3958 c.
3162 3905 3283 3976 154.
3321 3919 3432 3956 me-

1855 3973 2031 4025 minit.
2067 3975 2225 4028 Certe
2260 3991 2367 4044 quo
2390 3973 2512 4044 jure
2539 3991 2662 4030 eum
2691 3973 2902 4030 Caveus
2934 3976 2968 4030 1.
3007 3977 3066 4037 1.,
3090 3991 3142 4044 p.
3174 3975 3296 4038 558,
3328 3990 3431 4029 δας*

1855 4045 2448 4116 culovtassignaverit
2473 4061 2578 4099 non
2613 4062 2896 4116 asscquor.
2950 4115 2955 4116 ί
2989 4053 2995 4060 ’

1925 4116 1997 4182 (b)
2134 4115 2439 4186 exserti};
2489 4113 2781 4185 ἀπολογίας
2838 4113 3120 4184 ἀπολογία.
3148 4113 3231 4168 Cf.
3259 4113 3424 4183 Grcg.

1850 4181 2034 4254 Nyss.,
2059 4185 2094 4237 1.
2133 4185 2189 4254 1.,
2219 4181 2275 4254 ρ.
2302 4181 2426 4238 297.

1922 4261 1992 4325 (ε)
2020 4256 2102 4306 Cl‘.
2130 4253 2287 4325 Greg.
2320 4255 2480 4324 Nyss.
2514 4255 2549 4307 l.
2581 4256 2641 4316 l.,
2669 4271 2720 4325 p.
2746 4256 2872 4310 285.

1922 4323 1998 4397 (ᾀ)
2031 4323 2403 4397 Tribuslibris
2434 4323 2737 4397 Nyssenum
2772 4327 3091 4380 Eunomium
3117 4325 3428 4397 impugnas-

1851 4410 1910 4449 se
1936 4394 2071 4447 dixit
2103 4394 2263 4465 Rupp
2303 4397 2337 4448 l.
2385 4410 2458 4459 c.,
2485 4394 2739 4465 'quorum
2777 4399 3108 4466 posteriores
3166 4395 3304 4465 (λόγ.
3327 4395 3428 4466 ’ἀντ-

1855 4467 2160 4537 τιρρητικοὶ
2195 4464 2330 4536 πρὸς
2353 4464 2612 4537 Εὐνόμιον
2639 4467 2728 4537 τον
2757 4464 2991 4535 δυσσεϐῆ
3018 4465 3102 4534 ιβ’.
3146 4467 3207 4526 ll,
3249 4482 3297 4533 p.
3316 4464 3424 4517 284

1856 4535 1965 4605 sq.,
1996 4536 2150 4607 λόγος
2173 4535 2288 4589 am.
2322 4555 2378 4607 π.
2410 4538 2469 4590 Ε.
2496 4535 2546 4588 λι.
2571 4537 2618 4588 δ.
2658 4535 2722 4605 ιβ’
2758 4537 2850 4607 [ita
2885 4539 2968 4590 hic
2993 4538 3129 4589 liber
3163 4539 3301 4587 male
3333 4549 3428 4607 uo-

1856 4606 2023 4676 talur]
2051 4607 2113 4672 11,
2146 4624 2198 4676 p.
2239 4606 2341 4659 7'24
2369 4608 2661 4675 sq.),paulo
2695 4605 2814 4669 post
2845 4607 3058 4660 brevem
3093 4607 3243 4658 ἰΙΙιιιιι
3279 4605 3427 4676 prio-

1855 4693 1967 4732 rem
2007 4674 2080 4746 (ν.
2121 4674 2212 4743 sl),
2246 4674 2573 4746 quenrvfd.
2607 4693 2670 4730 ex
2691 4677 2909 4730 Hieron.
2947 4676 2988 4729 l.
3035 4677 3220 4734 allato.
3262 4674 3426 4727 credo

1856 4758 1914 4800 ut
1945 4745 2166 4801 haberet
2223 4751 2308 4800 cui
2349 4745 2893 4800 Pseudo-Basilianos
2936 4748 3103 4802 libros
3138 4748 3423 4809 tribueret,

1854 4820 2142 4872 extricavit
2177 4819 2462 4886 compositi
2486 4826 2688 4870 essent.
2714 4817 2896 4886 Nugae.
2931 4816 3062 4869 Nam
3095 4832 3218 4870 cum
3269 4817 3425 4875 liber,

1855 4890 1945 4955 qui
1976 4889 2479 4941 duodecimusmale
2505 4887 2726 4951 dicitur,
2745 4889 2964 4942 ultimus
2988 4886 3215 4957 Nysseni
3241 4894 3425 4938 contra

1857 4960 2172 5012 Eunomium
2196 4960 2286 5019 sit,
2317 4973 2438 5010 eum
2465 4959 2682 5012 nonnisi
2711 4960 2850 5012 duos
2880 4959 3000 5011 illos
3038 4959 3204 5010 libros
3236 4963 3424 5010 contra

1856 5029 2489 5095 Eunomiumscripsisse
2511 5045 2572 5081 ex
2594 5031 2766 5099 ipsius
2794 5029 3020 5099 Nysseni
3048 5045 3098 5082 v.
3125 5027 3424 5099 concludas

1856 5100 1889 5152 l.
1919 5115 2059 5170 c.,p.
2080 5099 2334 5170 724-77226.
2364 5099 2484 5170 Have
2507 5116 2625 5170 cum
2652 5098 2912 5153 Ριιοιίορι
2939 5099 3260 5168 Hieronymo
3291 5098 3423 5170 belle

1855 5167 2170 5223 concinunt.
2201 5169 2278 5221 llli
2313 5171 2420 5223 duo
2470 5167 2592 5222 libri
2639 5171 2713 5223 illi
2759 5171 2827 5223 ob
2864 5171 3052 5223 oculos
3090 5167 3265 5228 erant,
3300 5168 3422 5218 huic

1894 5241 2005 5292 rior
2041 5241 2121 5292 vel
2167 5250 2224 5292 ut
2277 5240 2447 5308 magis
2489 5239 2652 5293 credo
2681 5241 2878 5310 prioris
2915 5255 3038 5307 pars
3068 5239 3424 5310 recitabatur.

1894 5257 2005 5292 rior
2041 5257 2121 5292 vet
2167 5257 2224 5292 ιιι
2277 5257 2447 5308 magis
2489 5257 2652 5293 creuo
2681 5257 2878 5310 prioris
2915 5257 3038 5307 pars
3068 5257 3420 5293 recitabatur.

1856 5257 2008 5365 Batet
2032 5319 2210 5363 autem
2235 5326 2300 5362 ex
2321 5310 2540 5372 Hieron,
2562 5311 2608 5380 l.,
2630 5315 2689 5374 l.,
2717 5318 2920 5380 partem
2939 5312 3131 5362 saltem
3163 5308 3361 5380 prioris
3381 5307 3420 5358 l.

1857 5399 1906 5434 ιι.
1931 5381 2030 5434 581
2049 5381 2351 5433 absolutam
2373 5381 2559 5434 fuisse.
2578 5376 2829 5435 Fortasse
2853 5392 2970 5448 post
2987 5381 3200 5433 demum
3220 5376 3421 5446 Grego-

1855 5453 1972 5505 rius
1993 5467 2113 5504 euni
2141 5451 2367 5504 absolvit
2390 5458 2441 5502 et
2465 5451 2516 5502 in
2541 5452 2711 5504 lucem
2731 5451 3161 5504 edidit.Alterum
3180 5449 3420 5516 scripsit,

1856 5537 1978 5576 cum
2001 5520 2296 5574 Eunomius
2308 5521 2485 5574 denuo
2499 5537 2653 5575 suam
2671 5522 2987 5576 sententiam
3005 5529 3423 5589 propugnasset.

1927 5592 1996 5662 (ε)
2051 5592 2185 5644 Male
2248 5591 2558 5645 Tilleiuont.
2602 5595 2635 5645 l.
2685 5593 2746 5652 l.,
2789 5607 2841 5660 p.
2878 5591 3016 5644 446:
3059 5609 3076 5641 ι
3113 5589 3256 5644 (Ξέει
3292 5606 3420 5662 sons

1857 5662 2020 5716 doute
2067 5662 2340 5730 l’ouvrage
2379 5671 2570 5717 contre
2605 5661 2937 5731 Apollinaire
2983 5662 3116 5714 dont
3154 5676 3220 5713 on
3271 5661 3420 5730 parle

1858 5749 2010 5790 assez
2035 5741 2265 5789 souvent
2292 5740 2345 5788 ct
2367 5735 2494 5788 dont
2518 5749 2585 5788 on
2617 5736 2722 5789 cite
2748 5735 2794 5790 le
2827 5743 2910 5787 ni°
2943 5742 2996 5787 ct
3029 5735 3076 5788 le
3110 5741 3184 5787 ιν*
3205 5733 3358 5787 livrc.
3394 5749 3414 5782 ο
