3804 6222
405 291 474 346 σε
1310 283 1612 340 OTTONIS
1646 282 1826 341 ΓΒΗ).
1865 279 2250 341 FRITZSCHE
2271 275 2772 338 COMMENTATIO
3599 268 3672 326 6‘

405 415 490 460 est
528 419 628 458 cur
682 402 869 472 plures
905 417 1030 456 cum
1078 416 1242 472 quam
1280 403 1420 456 duos
1464 401 1637 458 libros
1692 401 1983 458 adversum
2015 406 2062 465 Α
2089 413 2323 469 cumque
2343 405 2528 452 autem
2557 400 2664 457 est,
2704 405 2827 463 qua":
2873 394 3170 460 supersunt
3217 384 3490 440 Theodori
3521 383 3672 455 frag-

407 495 806 565 Apollinarium
855 493 1096 548 edidisse
1134 499 1372 548 statuas.
1418 489 1576 546 Haud
1629 505 1757 545 raro
1802 497 1984 547 autem

410 588 607 642 iisdem
660 586 816 639 libris
872 585 1012 638 varii
1061 585 1206 638 tituli
1263 583 1672 639 tribuebantur.
1731 582 1989 639 Fortasse

409 677 721 733 Nestoriani
753 677 913 742 libro,
948 692 1058 748 quo
1089 678 1154 731 de
1176 687 1488 732 assumente
1516 687 1562 731 et
1586 682 1869 746 assumpto
1897 691 1990 731 ac—

409 777 602 824 curate
621 768 1022 836 edocebantur,
1048 767 1197 822 illam
1227 768 1640 837 inscriptionem
1669 766 1856 823 indere
1882 783 1990 822 ma-

412 863 657 926 luerunt,
689 877 854 932 quam
901 861 1063 916 titulo
1102 861 1426 931 Apollinarii
1465 861 1786 916 memoriam
1830 876 1990 917 reco-

413 955 550 1010 lere.
611 953 788 1008 Unum
830 954 975 1024 quod
1024 962 1276 1024 superest
1333 952 1699 1024 fragmentum
1745 970 1811 1009 ex
1865 955 1991 1010 libri

412 1049 686 1117 principio
703 1046 1054 1117 desumptum
1081 1048 1299 1101 exhibet
1323 1043 1451 1102 Fac.
1477 1047 1514 1101 1.
1547 1047 1609 1112 1.,
1639 1063 1703 1101 ex
1732 1063 1841 1117 quo
1865 1063 1991 1102 eum

412 1137 639 1206 triginta
674 1137 835 1190 annis
869 1145 992 1207 post
1025 1137 1198 1192 libros
1233 1135 1306 1190 De
1333 1140 1538 1192 incarn.
1571 1138 1835 1210 scriptum
1870 1153 1992 1192 esse

413 1227 793 1298 cognoscitur.
844 1226 1042 1281 Narrat
1089 1240 1221 1281 vero
1255 1224 1602 1290 Theodorus,
1658 1227 1994 1296 Apollinari-

313 1315 324 1329 '
414 1331 556 1383 stas,
591 1335 830 1388 quorum
877 1319 1064 1373 nullus
1108 1320 1328 1388 scriptis
1386 1329 1664 1374 certamen
1711 1320 1995 1388 suscipere

413 1426 584 1467 ausus
624 1420 794 1475 esset,
824 1412 1072 1466 inlirmos
1105 1411 1339 1466 athletas
1370 1412 1612 1467 imitatos
1644 1427 1767 1469 esse
1795 1423 1848 1468 et
1877 1411 1994 1466 cal-

415 1503 578 1566 lidos,
612 1504 706 1574 qui
740 1503 1021 1566 fortiores,
1061 1511 1253 1567 contra
1283 1518 1424 1576 quos
1471 1512 1685 1558 certare
1729 1520 1834 1558 non
1868 1519 1995 1574 pos-

415 1601 560 1655 sent,
599 1591 817 1648 insidiis
852 1599 905 1646 et
947 1593 1408 1648 machinamentis
1439 1601 1688 1650 evertere
1723 1611 1998 1650 conaren-

415 1692 524 1737 tur.
565 1681 870 1752 Scripsisse
899 1700 995 1739 eos
1029 1685 1171 1739 inter
1212 1701 1270 1738 se
1319 1684 1511 1756 procul
1545 1685 1716 1740 dubio
1746 1687 1994 1756 quasdam

418 1775 625 1846 inepta,
654 1792 775 1846 quae
807 1793 1089 1848 nunquam
1115 1777 1367 1841 dixisset,
1403 1794 1456 1832 v.
1493 1793 1546 1834 c.
1575 1779 1721 1849 quod
1749 1788 1999 1851 oporteat
2029 1765 2071 1818 Β

417 1878 612 1938 putare
649 1878 704 1924 ct
737 1871 923 1926 dicere
956 1872 1094 1927 duos
1147 1871 1308 1935 lilios,
1345 1873 1597 1942 quamvis
1628 1872 1684 1927 in
1742 1873 1899 1928 libris
1927 1873 2004 1930 De

417 1956 626 2016 incarn.
665 1963 866 2033 ubique
905 1965 1249 2018 contrarium
1283 1963 1442 2034 plane
1485 1964 1782 2030 docuisset,
1825 1980 2004 2036 eaque

419 2055 538 2108 suis
562 2056 782 2125 scriptis
803 2056 1127 2118 inseruisse,
1149 2071 1270 2126 qua:
1295 2057 1656 2113 familiaribus
1703 2058 2003 2129 aliquando

419 2147 584 2202 etiam
618 2148 736 2202 suis
768 2147 1261 2214 demonstrassent,
1303 2165 1412 2218 quo
1445 2164 1504 2204 se
1532 2150 1828 2220 impietatis
1865 2166 2002 2206 con-

419 2239 724 2294 vincerent.
755 2237 933 2294 Unum
968 2247 1147 2295 autem
1178 2257 1245 2295 ex
1273 2241 1412 2302 suis.
1448 2241 1541 2312 qui
1575 2241 1679 2297 ﬁde
1701 2243 1900 2311 dignus
1932 2243 2004 2298 ab

421 2333 530 2385 illis
575 2331 797 2387 habitus
848 2341 1017 2396 esset,
1067 2333 1161 2402 qui
1203 2333 1305 2387 ista
1360 2335 1683 2404 perlegeret,
1734 2336 1836 2392 sibi
1881 2351 2004 2405 qua:

420 2424 628 2493 scripta
676 2423 913 2478 fuissent
947 2424 1318 2480 renuntiasse.
1349 2422 1424 2477 Es
1469 2425 1557 2479 his
1587 2426 1766 2496 colligi
1798 2433 2000 2496 potest,

422 2513 772 2571 Theodorum
804 2517 906 2568 hoc
931 2517 1069 2570 libro
1097 2517 1513 2572 accuratissime
1535 2533 1689 2571 suam
1725 2519 1790 2574 de
1819 2522 2003 2574 incar-

423 2603 648 2656 na‘ione
691 2606 1020 2658 sententiain
1065 2606 1411 2674 exposuisse,
1467 2623 1578 2676 quo
1627 2609 2001 2665 calumniandi

420 2694 770 2748 occasionem
803 2694 1066 2748 demeret.
1103 2698 1183 2748 An
1217 2696 1342 2764 jure
1374 2696 1724 2753 adversarios
1751 2703 2002 2768 pessima!

421 2788 572 2843 illius
627 2788 835 2844 fraudis
889 2789 1294 2844 iusimulaverit
1345 2790 1559 2846 dubito.
1608 2789 1796 2860 Neque
1843 2790 1989 2846 enim

421 2880 542 2950 ipse
587 2881 913 2947 calumnias,
964 2896 1102 2951 quas
1157 2889 1336 2951 putat,
1384 2883 1744 2955 perscriptas,
1789 2884 1917 2954 legit
1947 2891 2002 2938 et

422 2969 540 3024 ﬁeri
574 2974 773 3041 potuit,
810 2980 868 3025 ut
899 2973 1203 3029 adversarii
1229 2973 1295 3028 ad
1326 2974 1418 3028 illa
1451 2982 1660 3029 tantum
1694 2975 1834 3040 loca,
1859 2991 2000 3048 quo-

421 3078 546 3118 rum
575 3063 792 3133 quidem
845 3081 1108 3121 numerus
1147 3081 1253 3120 non
1300 3067 1531 3137 exiguus
1562 3077 1701 3132 erat,
1754 3069 1998 3124 animum

423 3157 708 3210 advertere
747 3157 1020 3225 juberent,
1059 3167 1286 3230 propter
1326 3174 1447 3229 qua)
1498 3158 1847 3215 Theodorum
1877 3162 2002 3232 jure

423 3249 720 3319 impietatis
781 3266 1045 3306 accusare
1096 3251 1200 3306 sibi
1251 3251 1602 3317 videbantur,
1655 3253 1758 3322 ipsi
1818 3263 2000 3309 autent

422 3357 543 3410 qnaa
577 3357 640 3394 ex
679 3340 748 3397 iis
793 3342 1137 3398 edicerentur
1181 3345 1374 3412 paucis
1420 3345 1600 3399 verbis
1629 3345 2000 3414 enuntiarent,

423 3445 477 3482 v.
510 3445 560 3483 c.
595 3431 739 3500 qttod
771 3440 1022 3499 Oporteat
1075 3432 1214 3486 duos
1261 3430 1404 3485 ﬁlios
1443 3431 1653 3485 dicere.
1688 3429 2005 3496 Quomodo-

497 3599 573 3657 (α)
607 3596 662 3652 In
695 3598 795 3651 hac
823 3600 1092 3653 sententia
1119 3615 1184 3652 an
1213 3597 1540 3654 Theodorus
1565 3598 1727 3654 fuerit
1759 3600 1898 3657 male
1914 3601 2014 3656 du-

427 3667 564 3721 bitat
595 3666 642 3720 J.
680 3670 968 3740 Augustin.
1022 3669 1336 3740 Dietelmail'
1363 3669 1678 3736 (Comment.
1727 3671 1899 3740 fanat.
1950 3674 2015 3726 de

425 3753 712 3810 regem".
759 3739 1250 3810 ἀςτοξιατηστάσει
1275 3739 1419 3810 Ahist.
1461 3739 1773 3810 antiquior.,
1814 3743 2011 3796 Δηοῖ-1⁵.

427 3807 585 3880 1769.
619 3807 682 3880 8.
713 3825 764 3877 p.
801 3809 925 3869 ‘2“,
962 3810 1110 3879 245).
1149 3809 1232 3863 Cf.
1272 3807 1484 3864 Theod.
1534 3807 1899 3880 fragmentum
1959 3815 2013 3867 in

426 3875 882 3952 Evang._Juannis
901 3875 1300 3952 abgAs'selnano
1327 3880 1552 3952 Syrisce
1574 3875 1802 3945 editum,
1847 3881 2012 3950 infra;

426 3945 616 4002 Leont.
642 3950 674 4000 I.
716 3965 790 4005 ‹·..
815 3964 865 4016 p.
904 3950 1028 4014 687,
1063 3951 1134 4002 al.

501 4017 740 4089 (bLVoc.
773 4018 1052 4089 .llagusvei.
1081 4035 1146 4073 ex
1182 4019 1411 4089 Syriaco
1450 4027 1631 4072 ortum
1679 4021 2015 4074 serioribus-

426 4103 534 4160 que
559 4085 760 4160 Graecis
788 4085 1121 4160 adamatum,
1149 4085 1290 4142 idem
1311 4091 1466 4160 plane
1496 4098 1647 4143 notat
1670 4090 1813 4156 quod
1846 4089 2016 4160 Magi.

427 4155 705 4231 interdum
735 4157 928 4231 Persas
957 4159 1010 4231 in
1041 4155 1377 4231 universut'n.
1407 4158 1577 4231 Magis
1610 4155 1824 4231 deditos
1850 4155 2020 4231 signi-

432 4227 576 4314 [ile-at,
599 4228 680 4314 'cl'.
708 4242 848 4314 vae.’
873 4227 1138 4314 Basil.ep.
1171 4228 1439 4314 9.150.9pp
1495 4227 1595 4314 111..
1613 4245 1666 4299 p.
1860 4227 2018 4314 sani.

429 4297 649 4370 Marsi:
680 4297 788 4370 ἔα).
825 4297 1147 4370 ἀστρολογία
1175 4299 1282 4352 ἀπὸ
1309 4297 1673 4370 Μαγουσαίών
1704 4299 1924 4370 ἤρξατο.
1955 4305 2018 4356 Οἱ

427 4367 536 4438 γάρ
561 4386 639 4422 τοι
668 4369 883 4442 Δῐιέρσεκι
915 4367 1127 4442 Μᾳγὼγ
1162 4369 1266 4442 ὑπὸ
1291 4367 1398 4442 τῶν
1416 4371 1696 4442 ἐγχωρίων
1727 4367 2020 4442 ὃνομάζον-

427 4455 518 4490 ται
545 4454 558 4468 ·
597 4439 689 4492 καὶ
713 4439 1049 4506 Μαγουσαῖοι
1077 4439 1125 4491 οἱ
1157 4439 1329 4492 αὐτοί.

2089 498 2293 555 menta,
2317 490 2461 545 idem
2491 485 2848 558 opprobrium
2875 482 3023 552 quod
3055 477 3384 534 Theodorus
3415 479 3468 532 in
3501 479 3671 548 ApOi-

2089 582 2396 645 linaristas,
2420 576 2783 632 Facundusin
2815 573 3121 643 Acephalos
3149 571 3408 638 coniecit.
3432 571 3487 624 in
3521 571 3667 623 illam

2091 672 2532 728 adversariorum
2573 666 2819 722 fraudem
2859 664 3122 719 incidisse
3152 679 3308 733 nego.
3338 662 3473 716 Vide
3503 676 3670 731 supra

2092 765 2226 836 (col.
2254 761 2370 832 2t).

2512 873 2576 929 Ε.
2609 872 2686 928 De
2719 872 2993 926 miraculis
3033 871 3174 924 libri.

2166 989 2374 1046 Unicus
2412 989 2588 1050 locus,
2619 1001 2731 1056 quo
2768 1000 2930 1054 quam
2965 999 3119 1039 suam
3151 983 3388 1036 indolem
3415 979 3674 1034 Servatur

2092 1100 2146 1136 v.
2181 1082 2340 1144 θέλω,
2375 1077 2738 1150 καθαρίσθητι
2771 1075 2964 1129 Matth.
2997 1089 3119 1134 vtn,
3151 1073 3206 1138 5,
3237 1070 3544 1126 ostenderit
3575 1086 3675 1124 ex-

2095 1175 2339 1246 ponitur,
2367 1175 2433 1227 ὲκ
2461 1170 2572 1224 τῶν
2600 1171 2679 1231 εὶς
2709 1167 2777 1221 τὰ
2803 1165 3057 1236 θαύματα
3081 1161 3236 1231 λόγου
3264 1161 3330 1232 β’,
3364 1160 3591 1215 allertur
3623 1160 3675 1213 in

2093 1268 2214 1320 Act.
2249 1280 2404 1319 conc.
2441 1262 2622 1316 Later.
2667 1262 2741 1328 (a.
2775 1258 2922 1327 649),
2957 1255 3122 1309 Hard.
3148 1256 3185 1308 l.
3232 1255 3294 1318 1.,
3333 1251 3417 1318 Ill,
3462 1268 3513 1322 p.
3547 1251 3676 1312 896,

2093 1366 2149 1413 et
2181 1374 2210 1411 a
2262 1356 2497 1410 Maximo
2541 1353 2678 1423 Opp.
2727 1350 2792 1413 ll,
2824 1366 2877 1421 p.
2921 1348 3010 1403 9|.
3049 1346 3305 1413 1111λὸγοι
3344 1353 3524 1399 autem
3567 1360 3679 1398 non

2101 1448 2382 1503 orationes
2435 1440 2759 1516 (Schrteckh
2806 1440 2845 1494 l.
2887 1440 2947 1504 1.,
2993 1435 3110 1499 XV,
3153 1453 3202 1506 p.
3245 1435 3374 1496 207,
3427 1431 3616 1487 Beden
3635 1434 3679 1499 ἲ)

2095 1547 2275 1602 erant,
2305 1537 2422 1600 sed,
2456 1543 2515 1590 ut
2539 1544 2686 1590 recte
2719 1532 2936 1587 Tillem.
2963 1531 3000 1584 1.
3041 1531 3104 1589 1..
3135 1529 3261 1593 445,
3310 1528 3433 1581 libri
3471 1526 3544 1580 De
3577 1526 3681 1578 mi-

2097 1629 2294 1682 raculis
2319 1627 2448 1681 Jesu
2472 1625 2694 1688 Christi,
2723 1622 2850 1684 nisi,
2885 1620 3033 1691 quod
3061 1619 3214 1673 valde
3252 1617 3532 1686 suspicor,
3563 1631 3680 1670 om-

2098 1722 2230 1776 nino
2259 1737 2328 1776 ex
2370 1719 2623 1786 catalogo
2665 1714 3114 1770 Theodoreorum
3157 1709 3421 1764 librorum
3469 1722 3685 1776 expun-

2101 1812 2265 1884 gendi
2315 1821 2462 1866 sunt.
2498 1807 2759 1863 Fortasse
2803 1822 2900 1861 eos
2948 1804 3132 1858 minus
3174 1808 3433 1857 accurata
3473 1796 3684 1852 citandi

2104 1904 2245 1959 ratio
2311 1901 2520 1973 peperit
2578 1901 2778 1970 illeque
2845 1900 3000 1951 locus
3047 1910 3113 1950 ex
3180 1897 3578 1948 commentario
3629 1893 3685 1945 in

2103 1993 2300 2050 Matth.
2331 2001 2586 2064 sumptus
2623 1997 2726 2046 est.

2317 2103 2377 2160 F.
2403 2103 2602 2159 Contra
2630 2102 2862 2173 magiam
2888 2099 3156 2154 Persicam
3179 2095 3303 2150 libri
3342 2106 3468 2149 tres.

2174 2215 2366 2272 Libros
2422 2224 2534 2270 tres
2582 2213 2719 2282 Περὶ
2777 2210 2888 2279 τῆς
2936 2211 3006 2263 ἑν
3030 2207 3271 2276 Περσίδι
3296 2204 3558 2277 μαγικῆς
3585 2204 3686 2258 καὶ

2052 2311 2054 2314 ’
2101 2311 2194 2377 τίς
2231 2311 2269 2378 ἡ
2297 2306 2402 2376 τῆς
2464 2306 2776 2369 εὐσεϐείας
2805 2301 3056 2372 διαφορὰ
3100 2299 3165 2354 ad
3203 2297 3556 2361 Mastubium,
3586 2299 3692 2351 Ar-

2103 2416 2320 2457 menum
2357 2398 2438 2469 (ὲξ
2471 2397 2765 2468 Ἀρμενίας
2802 2393 3176 2467 ὁρμώμενον),
3227 2390 3688 2460 chorepiscopum

2103 2494 2360 2564 scriptos.
2394 2489 2683 2545 Theodoro
2716 2487 3098 2558 MOpsuesteno
3127 2493 3352 2556 propter
3401 2483 3692 2554 opiniones

2104 2586 2459 2641 Nestorianas
2487 2583 2725 2637 maxime
2775 2582 2832 2635 in
2870 2581 3010 2634 libro
3063 2579 3228 2634 tertio
3270 2577 3603 2646 conspicuas
3638 2584 3693 2627 et

2104 2686 2328 2750 propter
2359 2684 2731 2731 commentum
2782 2673 2850 2727 de
2883 2669 3327 2726 ἀποκαταστάσει
3357 2668 3468 2721 τῶν
3503 2668 3693 2739 ἁμαρ·

2101 2766 2310 2830 τωλῶν,
2341 2767 2428 2819 cui
2492 2765 2730 2833 scriptor
2761 2762 2961 2816 faveret
3020 2761 3121 2832 (a),
3190 2767 3340 2814 recte
3388 2757 3694 2813 vindicavit

2103 2858 2352 2916 Photius.
2384 2873 2434 2912 c.
2467 2856 2528 2911 81
2559 2873 2576 2922 ;
2605 2855 2678 2910 cf.
2709 2855 2973 2910 Ehediesu
3015 2853 3050 2908 l.
3079 2869 3154 2915 c.,
3188 2868 3244 2923 p.
3269 2852 3359 2915 54,
3393 2852 3499 2904 duo
3524 2860 3561 2904 t.
3589 2849 3694 2903 ad-

2102 2964 2280 3002 versus
2310 2947 2542 3017 Magiam
2569 2962 2586 3010 ;
2618 2945 2809 3000 Leont.
2836 2945 2872 2998 I.
2907 2961 2982 3004 c.,
3014 2960 3068 3015 p.
3105 2944 3230 3008 689,
3260 2973 3332 2984 -—
3361 2941 3695 2997 deliramen-

2104 3050 2158 3094 ta
2207 3050 2299 3094 tua
2339 3050 2522 3093 contra
2583 3037 2880 3108 Maguswos
2929 3036 3003 3106 (b)
3029 3054 3044 3103 ;
3072 3067 3140 3078 -
3199 3051 3252 3105 p.
3306 3033 3432 3097 690,
3465 3062 3531 3075 ~—
3563 3049 3687 3103 qua:

2028 3116 2070 3173 ε
2105 3143 2290 3186 contra
2310 3131 2611 3203 Magum-os
2641 3131 2880 3201 scripsit.
2909 3161 2975 3171 —
3019 3129 3251 3183 l’hotius
3292 3128 3330 3181 1.
3375 3129 3439 3187 1.,
3485 3127 3545 3179 ὲν
3592 3127 3698 3197 μὲν

2102 3225 2180 3296 τῷ
2235 3225 2436 3297 πρώτῳ
2479 3224 2622 3294 λόγῳ
2667 3223 2944 3276 ἐκτίθεται
2986 3222 3048 3274 τὸ
3101 3220 3293 3292 μιαρὸν
3317 3218 3428 3271 τῶν
3461 3218 3697 3289 Περσῶν

2103 3317 2300 3388 δόγμα,
2332 3318 2360 3370 ὃ
2386 3317 2667 3388 Ζασράδης
2703 3315 2772 3385 (ι’)
2795 3317 3147 3385 εἰσηγήσατο,
3176 3314 3293 3383 ἦτοι
3315 3312 3446 3383 περὶ
3470 3309 3563 3362 τοῦ
3590 3310 3702 3362 Σα-

2105 3409 2278 3482 ρονὰμ
2312 3409 2414 3480 (ά),
2443 3408 2502 3462 ὃν
2529 3409 2772 3481 ἀρχηγὸν
2805 3408 3024 3462 πάντων
3059 3406 3292 3474 εἰσάγει,
3319 3404 3377 3458 ὃν
3403 3405 3494 3458 καὶ
3518 3403 3698 3474 τύχην

2113 3605 2198 3658 via
2224 3614 2507 3674 accoptnm
2540 3601 2758 3657 nonnisi
2791 3600 2859 3655 de
2880 3599 3118 3674 barbaro
3145 3597 3393 3674 Grzecum
3422 3598 3698 3674 legerunt,

2111 3668 2424 3742 neutiquam
2496 3673 2637 3742 inter
2697 3688 2756 3727 se
2824 3669 3396 3742 conveniant._Quod
3460 3668 3699 3742 Diogene

2112 3739 2294 3798 Laert.
2323 3753 2461 3798 teste
2491 3743 2566 3814 (in
2589 3741 2848 3814 Promm.)
2867 3741 3122 3814 Dinonget
3169 3739 3535 3814 Hermodorus
3561 3739 3701 3814 μεθ-

2111 3831 2135 3866 ε
2146 3815 2382 3886 ρμηνεοό
2389 3806 2548 3884 μενον
2560 3813 2651 3866 τὸν
2665 3806 2917 3886 ΖΑωροάστ
2926 3829 3022 3886 ρην
3037 3809 3270 3886 inpoliti
3277 3827 3372 3886 rqv
3384 3806 3528 3886 εἶναιΔ
3541 3806 3701 3886 dixe-

2113 3879 2260 3944 runt,
2299 3885 2351 3938 id
2390 3879 2551 3938 'inera
2588 3879 2904 3949 conjectura
2928 3879 3162 3934 'n'ititur'.
3209 3879 3530 3945 Hujnsmodi
3584 3881 3696 3934 alia

2114 3962 2358 4007 veterum
2400 3969 2452 4006 v.
2517 3955 2568 4006 in
2597 3953 2814 4006 Gesenii
2873 3951 3178 4005 Geschichte
3224 3950 3316 4004 der
3355 3949 3697 4004 hebrtiischm

2118 4023 2349 4092 Sprache
2378 4021 2484 4076 und
2517 4022 2741 4092 Schrift,
2769 4039 2821 4092 p.
2852 4022 2977 4075 2‘24.

2187 4094 2266 4154 (di
2313 4093 2560 4147 Zeruane
2617 4087 2859 4146 Alierene
2912 4093 3138 4158 (tempus
3189 4090 3496 4158 iii/initum).
3553 4087 3700 4145 Male

2117 4163 2310 4218 Thom.
2351 4163 2500 4232 Hyde
2541 4162 2680 4217 llist.
2717 4164 2868 4232 relig.
2891 4174 2988 4217 vet.
3011 4161 3182 4222 I’crs.,
3211 4161 3412 4223 Oxum,
3445 4159 3601 4221 1700,
3639 4175 3694 4230 p.

2115 4234 2242 4296 ί297,
2283 4234 2371 4296 79,
2399 4234 2523 4296 495,
2551 4234 2920 4286 Abrahamum
2953 4232 3234 4293 intellexit,
3260 4248 3420 4299 quem
3449 4245 3698 4284 errorem

2120 4305 2255 4360 falsa
2285 4305 2574 4358 verborum
2605 4302 2779 4356 Photii
2798 4303 3177 4372 interpretatio
3202 4303 3409 4370 genuit.

2195 4378 2262 4446 (ρ)
2291 4374 2610 4446 Zoroastres
2668 4375 2784 4442 ipse
2834 4371 3053 4442 quidem
3114 4371 3440 4446 Zeruanen,_
3480 4377 3701 4446 tempus

2126 4441 2287 4500 nullis
2322 4445 2517 4498 linibns
2542 4441 3039 4512 circumscriptum,
3068 4458 3342 4497 summum
3363 4441 3698 4511 principium

503 4507 580 4577 (ε)
627 4503 1014 4582 ίξιιειιίὲθηψιε
1057 4508 1399 4582 Zoroastrps.
1453 4509 1559 4582 sed
1615 4511 1746 4565 illud
1803 4511 2007 4582 Ζασρά·
2050 4503 2094 4559 θ
2123 4533 2244 4570 esse
2272 4515 2486 4576 statuit,
2527 4513 2619 4568 sed
2671 4529 2793 4567 cum
2842 4503 2974 4566 illud
3013 4512 3284 4578 ejusmodi
3325 4503 3489 4574 esset,
3533 4503 3700 4578 cujus

428 4577 530 4653 δης
555 4581 704 4653 nullo
739 4577 897 4648 pacto
920 4580 1267 4653 ferripotest.
1296 4579 1397 4653 Qui
1417 4581 1626 4653 enim}
1648 4591 1772 4635 ante
1793 4577 2020 4653 petisti-

431 4647 596 4722 terit?
623 4647 858 4722 linoaut
894 4647 1143 4722 Ζᾳράδὴς
1174 4649 1523 4720 ('I‘heodoret.
1546 4647 1734 4722 ⁸σιἰυε.
1765 4647 1861 4722 α’]Ῑ.
1889 4669 2010 4709 cur.

431 4718 522 4794 IY,
555 4720 752 4794 p.935)
786 4718 1375 4794 legenduin,aui,quod
1417 4719 1591 4794 magi_s
1623 4718 2022 4794 υιζοι1οζΖαρὰ-

433 4789 560 4860 σδης
590 4792 686 4860 (ita
725 4791 778 4842 in
818 4789 1067 4844 Kleukeri
1094 4789 1338 4860 Anhang
1378 4789 1937 4850 zum’Zend-Aresta.’
1979 4794 2016 4858 I,

433 4875 488 4928 p.
518 4859 648 4915 190.
673 4877 737 4913 ex
767 4861 923 4916 Phnt.
951 4861 1040 4915 ed.
1077 4859 1280 4916 Gcnev.
1312 4861 1505 4923 1611),
1545 4877 1741 4916 nomen
1781 4871 1836 4916 et
1889 4863 2022 4928 legi-

434 4930 566 5003 time
603 4929 803 5003 factum
839 4940 894 4984 et
931 4932 1086 4986 facile
1114 4933 1186 5003 _in
1231 4931 1514 5003 Ζασρὰδης
1550 4942 1906 5003 corruptum.
1946 4929 2021 4988 De

432 5000 601 5053 variis
629 5002 818 5054 l'orntis
852 5003 1090 5056 nominis
1114 4999 1421 5057 Zoroastre
1454 4999 1503 5057 ν.
1543 4999 1833 5056 Gesenium
1870 5002 1930 5057 ν.
1959 5004 2015 5058 S.

434 5069 500 5144 ll:
534 5071 633 5144 (με
664 5071 1006 5140 inscriptione
1031 5070 1537 5144 Phwnicio-ﬁrwca.
1583 5071 1704 5144 Hal.
1763 5071 1920 5144 [823,
1964 5091 2016 5144 p.

436 5141 652 5208 19,90).
691 5145 761 5194 lia
793 5151 975 5194 autem
1005 5143 1288 5196 nominum
1318 5140 1706 5197 Zeretoschtro
1738 5140 1891 5207 (lere
1914 5140 2016 5197 aa-

435 5227 575 5276 rum,
602 5211 826 5280 ﬁgurate
846 5211 1014 5276 salus,
1044 5209 1289 5264 Teschtre
1312 5213 1486 5274 stella,
1516 5229 1566 5265 ν.
1591 5211 1825 5266 Kleuker
1846 5211 2019 5268 Zend-

437 5287 629 5335 Acesta
662 5281 752 5344 lll,
779 5298 833 5352 p.
863 5282 918 5351 4)
941 5293 995 5336 et
1032 5283 1392 5353 Ζωροάστρης
1457 5282 1851 5337 dissimilitudo
1911 5294 2017 5346 est,

439 5363 496 5406 ut
523 5353 615 5421 qui
642 5353 743 5406 hoc
776 5369 838 5406 ex
870 5353 962 5406 illo
996 5361 1174 5405 ortum
1205 5353 1275 5407 sit
1302 5367 1428 5422 non
1473 5354 1822 5422 perspiciam.
1878 5353 2020 5419 Quid

439 5438 566 5475 vero
589 5425 633 5474 si
655 5422 823 5476 Graeci
857 5423 1147 5476 barbarum
1181 5421 1313 5475 illud
1342 5439 1538 5476 nomen
1584 5421 1658 5476 ita
1711 5431 2018 5487 mutarunt,

441 5501 499 5574 ut
525 5491 710 5574 Graece.
736 5497 941 5574 [actum
975 5491 1162 5574 Graeca
1196 5493 1542 5574 etymologia,
1573 5493 1662 5574 hvic
1684 5493 1902 5574 quidem
1933 5510 2022 5548 sa-

440 5564 513 5616 tis
543 5573 677 5634 aptar
708 5563 926 5634 ίζωρός,
975 5563 1174 5634 ἀστήρ)
1213 5562 1526 5617 niteretur?
1575 5562 1831 5618 Nonnihil
1869 5579 2020 5618 com-

443 5631 821 5687 ιιιοιιιιιιιίιηηέ
839 5633 968 5687 huic
998 5631 1285 5688 sententia:
1308 5649 1374 5687 eo
1415 5634 1650 5698 accedit,
1681 5635 1826 5703 quod
1872 5645 2021 5689 vete-

443 5719 530 5757 res
551 5703 722 5758 Grmci
758 5706 894 5776 satis
918 5711 1236 5758 constanter
1271 5706 1779 5776 usurpantnomina
1816 5705 2026 5776 Ζωροά-

446 5791 632 5846 στρης,
657 5775 1022 5846 Ζιυροᾱιστρις,
1053 5790 1176 5829 cum
1205 5775 1560 5842 recentiores,
1579 5774 1670 5845 qui
1694 5789 1889 5830 nomen
1910 5774 2022 5831 alia

2123 4587 2272 4639 notio
2297 4602 2401 4639 non
2421 4584 2732 4653 cogitando,
2770 4583 2970 4638 nedum
3002 4583 3293 4653 scribendo
3323 4582 3504 4633 animo
3558 4596 3698 4634 con-

2121 4657 2226 4726 cipi
2262 4664 2464 4726 posset,
2480 4649 2776 4726 il‘tll‘isa‘illle
2807 4653 2875 4707 de
2917 4668 2981 4707 eo
3009 4653 3063 4726 in
3099 4649 3463 4726 lenit-Acesta
3513 4667 3702 4704 sermo

2123 4721 2200 4779 llt'.
2229 4721 2302 4779 Ita
2320 4740 2445 4779 vero
2479 4725 2693 4779 hicillic
2719 4725 2860 4778 hanc
2883 4723 3172 4793 genuinam
3224 4721 3530 4776 Zoroastnn
3571 4735 3704 4773 seu-

2121 4798 2346 4850 tentiam
2371 4796 2660 4848 evanuisse
2693 4792 3011 4862 merumque
3032 4792 3360 4846 dualismum
3394 4793 3569 4862 locum
3603 4806 3703 4844 oc.

2130 4881 2363 4941 cupasse
2382 4865 2661 4920 credibile.
2689 4865 2754 4917 At
2781 4860 2938 4941 aliter
2961 4878 3020 4941 se
3043 4864 3489 4941 habuittempnre
3519 4860 3702 4941 'l'heo-

2123 4932 2265 4997 dori,
2299 4935 2365 4990 ad
2397 4951 2557 5005 quem
2579 4935 2914 5005 accuratior
2940 4932 3102 4987 etiam
3129 4933 3324 5005 notitia
3363 4932 3512 5005 illius
3548 4933 3703 5005 prin-

2123 5009 2248 5074 cipii
2281 5000 2545 5076 pervenit.
2572 5003 2782 5076 Etenim
2807 5004 2920 5076 lieri
2955 5018 3060 5076 non
3089 5004 3282 5076 potuit,
3305 5003 3438 5076 quin
3481 5000 3706 5053 deside-

2125 5071 2295 5137 rium,
2318 5093 2427 5146 quo
2464 5075 2662 5130 ductus
2699 5074 2752 5127 in
2781 5090 2847 5128 eo
2881 5074 2932 5126 iu
2968 5074 3155 5142 primis
3185 5075 3398 5146 animus
3425 5071 3704 5146 humanus

2126 5147 2280 5217 plura
2315 5141 2409 5216 per
2442 5146 2639 5200 sarcula
2669 5141 3137 5217 occupatuserat,
3171 5150 3237 5217 _ut
3282 5143 3535 5217 rationes
3575 5141 3705 5194 inli-

2124 5209 2224 5270 iiiti
2278 5209 2332 5271 ei
2379 5217 2513 5270 liuiti
2569 5209 2982 5268 accuratissime
3023 5215 3360 5274 enuclearet,
3394 5212 3458 5264 ad
3500 5209 3705 5266 Persas

2125 5288 2419 5353 pertineret
2483 5301 2703 5354 eosque,
2745 5283 3044 5354 praasertim
3103 5283 3171 5337 ad
3220 5297 3492 5354 summum
3536 5296 3704 5354 suum

2125 5351 2451 5426 principium
2495 5351 2924 5426 animadvertere
2963 5353 3200 5426 iuberet.
3250 5352 3324 5405 Ita
3372 5352 3492 5426 ejus
3549 5351 3708 5426 notio

2126 5423 2470 5496 aliquatenus
2505 5433 2654 5480 certe
2685 5425 2998 5496 tlelinitauet
3031 5424 3152 5476 usui
3201 5423 3480 5496 eninmnni
3527 5424 3708 5496 magis

2125 5492 2398 5567 adaptata.
2438 5495 2603 5551 Recte
2645 5495 2861 5567 quidem
2907 5492 3152 5548 Zeruane
3197 5494 3462 5567 ἀρχηγῂ,
3485 5492 3708 5544 πάντων

2124 5561 2346 5628 dicitur,
2391 5568 2486 5620 sed
2529 5582 2596 5621 ne
2642 5561 2766 5635 quis
2812 5566 2962 5620 illum
3003 5561 3344 5635 euin_animo
3379 5561 3710 5635 informaret

2125 5640 2287 5706 cujus
2321 5639 2598 5691 notionem
2647 5633 3086 5693 Christianorum
3129 5633 3271 5706 Dens
3317 5633 3704 5706 complectere-

2126 5704 2237 5770 tur,
2271 5707 2594 5762 Thendnrus
2634 5706 2752 5762 suis
2810 5706 2984 5776 ipsius
3025 5705 3332 5776 rationibus
3379 5704 3701 5776 nixnseuir

2126 5769 2295 5850 τύχην
2321 5778 2638 5835 nominavit.
2668 5777 2796 5846 Vos,
2827 5769 3022 5848 inquit.
3069 5774 3435 5832 constituistis
3481 5769 3707 5843 quidem
