3804 6222
332 308 404 364 67
1220 302 1520 359 OTTONIS
1558 301 1739 357 FHlD.
1780 295 2166 355 FlilTZSCHE
2204 295 2707 374 COMMENTATIO
3522 296 3604 352 63

332 418 421 485 IV,
453 433 505 489 p.
540 419 669 483 47);
704 417 849 471 Dial.
896 414 993 471 III
1036 419 1158 472 adv.
1216 417 1423 487 Pelag.,
1473 415 1622 478 init.,
1661 430 1711 484 p.
1765 412 1904 473 553;
1936 419 1981 474 Α
2011 412 2106 483 (cf.
2142 412 2275 469 Cav.
2302 413 2340 468 l.
2374 413 2621 481 l.,Basn.
2656 413 2694 468 l.
2727 412 2792 476 l.,
2818 409 3208 473 Neanderl.l.,
3236 410 3301 475 ll,
3332 426 3386 480 p.
3422 411 3600 476 F560,

332 511 410 565 De
436 511 680 577 scriptor.
708 509 860 572 eccl.,
906 526 952 564 s.
983 526 1031 562 v.
1066 508 1253 563 Jacob.
1315 508 1397 563 Cf.
1431 508 1641 585 Schott.
1673 504 1817 573 lsag.
1850 505 1905 556 in

335 602 494 654 libros
524 599 598 653 N.
626 599 714 661 T.,
751 616 803 669 p.
838 599 871 652 8
905 616 990 669 sq.
1018 615 1032 664 ;
1084 596 1343 654 Credneri
1371 598 1611 665 Beitrdge
1639 608 1732 648 aur
1756 592 1901 650 Eiul.

335 694 389 744 in
432 691 520 744 die
573 689 695 743 bibl.
733 688 905 754 Schr.,
934 688 976 755 Ι,
1008 706 1060 760 p.
1087 690 1190 744 588
1220 705 1303 759 sq.
1334 686 1481 741 Nova
1514 695 1690 739 autem
1718 684 1907 740 Hiero-

335 786 484 854 nymi
522 784 818 836 bibliorum
849 780 1140 835 translatio
1178 780 1415 834 inimicis
1446 778 1566 847 ejus
1594 777 1730 831 satis
1754 791 1908 830 com-

336 875 553 929 modam
581 873 932 942 vituperandi
965 873 1313 926 occasionem
1343 870 1514 924 dedit.
1554 867 1613 920 V.
1637 885 1690 922 v.
1715 884 1762 920 c.
1794 866 1908 921 Bu-

337 964 429 1018 fm.
473 966 660 1017 invest.
695 963 758 1025 ll,
791 961 930 1033 Opp.
978 961 1125 1016 Hier.
1163 961 1250 1026 IV,
1291 977 1345 1031 p.
1373 961 1499 1015 4M.
1545 960 1696 1026 Quos
1738 960 1909 1014 libros

338 1058 405 1110 de
434 1071 573 1110 nova
603 1056 795 1110 haeresi
827 1057 881 1108 in
903 1056 1130 1123 patriam
1164 1054 1382 1108 misisse
1413 1053 1617 1107 dicitur
1646 1051 1911 1121 Hierony-

348 1165 499 1215 mus,
535 1151 668 1202 nulli
700 1149 787 1202 alii
824 1164 947 1203 esse
977 1157 1208 1217 possunt
1243 1162 1407 1217 quam
1442 1156 1552 1201 tres
1584 1142 1913 1216 Dialogiad-

339 1257 520 1294 versus
550 1240 869 1310 Pelagianos
908 1237 1020 1310 (IV,
1052 1254 1105 1308 p.
1137 1238 1242 1292 483
1283 1238 1415 1308 sq.),
1450 1237 1638 1307 scripti
1682 1250 1732 1288 a.
1782 1234 1907 1288 415.

339 1332 670 1400 lntelligitur
700 1347 763 1385 ex
801 1331 912 1384 illis
938 1344 1059 1399 quae
1083 1328 1310 1384 Photius
1333 1330 1541 1392 retulit,
1563 1327 1909 1382 Theodorum

340 1431 536 1477 contra
568 1421 955 1477 Occidentales
978 1421 1033 1474 in
1053 1419 1276 1476 Oriente
1296 1429 1580 1477 versantes
1597 1419 1908 1486 scripsisse,

340 1529 404 1568 ac
434 1529 606 1578 novae,
642 1528 805 1583 quam
855 1521 1075 1583 putaret
1105 1514 1363 1579 lueresin,
1409 1522 1684 1567 auctorem
1720 1509 1910 1564 Hiero-

2009 504 2205 574 l56l);
2257 503 2388 573 quid
2420 503 2566 573 quod
2617 501 2922 556 Garnerius
2969 502 3285 570 conjectura
3325 500 3607 555 Tlteudo-'

2008 612 2129 649 rum
2160 595 2435 649 mendacii
2471 595 2557 650 vel
2580 595 2737 648 malae
2769 592 3002 656 fraudis,
3033 608 3137 663 qua
3181 593 3348 647 libros
3391 604 3603 647 contra

2009 687 2398 757 Hieronymum
2466 686 2706 754 scriptos
2763 692 2887 756 post
2940 685 3254 739 immutatos
3317 686 3603 740 adversus

2010 780 2378 850 Augustinum
2431 778 2731 839 edidisset,
2783 776 3108 831 accusavit?
3162 775 3429 831 Garnerio
3489 779 3604 830 ali-

2010 884 2215 943 quanto
2247 872 2439 927 melius
2466 871 2718 927 Norisius
2754 871 2792 925 l.
2824 871 2885 932 l.,
2921 871 2965 931 l.
3000 886 3055 940 p.
3106 869 3172 924 88
3206 886 3289 939 sq.
3325 890 3339 924 :
3372 889 3389 921 ι
3426 867 3595 924 Pela-

2011 965 2156 1034 giani
2190 979 2312 1018 cum
2348 979 2405 1019 se
2439 964 2506 1019 ab
2528 962 2873 1034 Hieronymo
2907 971 2961 1018 et
2987 962 3291 1033 Augustino
3330 963 3604 1017 adversa-

2012 1055 2110 1109 riis
2143 1055 2363 1124 scriptis
2398 1056 2636 1109 vellicari
2667 1057 3073 1125 cognovissent,
3101 1054 3369 1109 Theodori
3405 1054 3603 1125 Mops-

2012 1147 2223 1201 uesteni
2262 1148 2619 1216 patrocinium
2674 1147 3061 1215 implorarunt.
3108 1147 3173 1200 ad
3217 1161 3378 1216 quem
3418 1148 3598 1200 etiam

2012 1242 2331 1313 Hieronymi
2369 1241 2627 1311 Dialogos
2668 1258 2861 1296 recens
2895 1241 3116 1312 quidem
3146 1242 3451 1311 publicatos
3488 1242 3595 1295 de'

2012 1334 2204 1386 tulere.
2247 1331 2337 1386 Ille
2380 1333 2608 1387 scientia
2643 1332 2904 1396 tumidus,
2940 1348 3051 1402 quo
3085 1333 3236 1387 solus
3280 1347 3473 1402 sapere
3502 1333 3569 1385 vi.

2011 1423 2249 1490 deretnr,
2300 1425 2531 1478 aliorum
2585 1424 2802 1494 ingenia
2854 1425 3189 1494 despiciens,
3220 1439 3318 1480 sua
3370 1433 3596 1479 tantum

2010 1516 2308 1585 probabat:
2346 1531 2515 1584 quare
2545 1524 2737 1569 contra
2765 1527 2875 1570 tres
2901 1515 3211 1585 Hieronymi
3246 1517 3419 1570 libros
3447 1519 3598 1573 satis

339 1611 587 1676 n'ymum,
621 1606 713 1675 qui
749 1603 1100 1661 Occidentem
1132 1606 1298 1661 etiam
1330 1605 1449 1659 viro
1479 1602 1909 1664 suo'infecissel.
2008 1609 2217 1676 justum
2261 1607 2509 1663 volumen
2560 1609 2614 1661 in
2650 1607 2891 1677 quinque
2936 1608 3106 1662 libros
3138 1608 3407 1678 digestum
3458 1623 3599 1678 pro-

341 1697 624 1752 habuisse.
663 1696 892 1751 Photius
934 1705 1115 1751 autem
1147 1697 1239 1751 ubi
1274 1696 1366 1750 illa
1402 1695 1700 1765 perhibuit,
1737 1694 1909 1748 hmrce

2013 1690 2183 1743 cudit.
2229 1709 2247 1741 ι
2284 1690 2342 1746 P.
2381 1691 2468 1745 88.
2514 1690 2658 1745 Idem
2699 1705 2753 1744 ν.
2785 1689 2841 1744 d.
2893 1690 3186 1761 Augustini
3224 1693 3386 1744 etiam
3418 1692 3597 1746 libros

340 1787 421 1841 sis
444 1787 593 1841 illius
622 1786 933 1841 doctrinam
960 1786 1309 1842 Theodorum
1344 1754 1568 1843 secutus
1602 1786 1691 1840 his
1726 1785 1912 1855 paucis
1945 1754 1984 1808 Β
2018 1778 2093 1833 De
2123 1791 2321 1847 peccat.
2345 1782 2518 1834 merit.
2541 1789 2592 1835 et
2618 1782 2848 1844 remissa
2879 1788 2932 1835 el
2960 1754 3045 1851 evp-
3070 1781 3158 1845 39.
3189 1782 3257 1834 ad
3286 1780 3595 1845 Hilarium.

340 1878 661 1947 complexus
696 1888 780 1933 est
805 1897 818 1932 :
852 1877 904 1949 1)
941 1878 1191 1933 homines
1211 1876 1370 1947 (micet
1396 1878 1658 1949 πρότερον
1680 1874 1914 1944 ἀγαθοὺς

342 1973 402 2023 ὲν
434 1972 500 2040 τῇ
538 1968 718 2038 φύσει,
767 1977 1025 2039 corrupta
1081 1969 1194 2037 jam
1251 1976 1306 2022 et
1346 1968 1563 2021 mortali
1622 1965 1765 2020 facta
1820 1981 1915 2034 per

346 2061 539 2114 Adami
576 2068 887 2130 peccatum,
919 2059 1012 2113 καὶ
1041 2061 1143 2113 οὐκ
1182 2061 1240 2112 ὲν
1268 2061 1333 2130 τῇ
1362 2057 1675 2130 προαιρέσει
1721 2059 1917 2129 κεκτῆ-

346 2150 471 2205 σθαι
496 2152 598 2222 τὴν
627 2150 925 2221 ἁμαρτίαν.
966 2151 1022 2222 ‘2)
1059 2150 1135 2206 Ne
1162 2165 1356 2206 recens
1394 2158 1553 2206 natos
1576 2149 1798 2220 quidem
1834 2151 1917 2204 in-

344 2242 527 2297 fantes
566 2255 596 2294 a
623 2226 848 2311 peccato
887 2241 1091 2296 liberos
1125 2256 1271 2303 esse,
1299 2255 1423 2294 cum
1455 2240 1527 2295 ob
1559 2240 1755 2294 Adami
1792 2254 1918 2309 pec-

344 2339 526 2387 catum
548 2338 745 2386 natura
773 2331 1075 2402 ἀμαρτωλὴ
1113 2329 1258 2384 facta
1282 2331 1350 2385 ad
1376 2347 1570 2386 omnes
1598 2331 1719 2400 ejus
1744 2339 1921 2401 poste-

343 2438 436 2476 ros
469 2432 814 2493 propagetur.
869 2420 954 2476 Cf.
994 2436 1079 2491 ps.
1116 2437 1169 2485 ι..
1201 2420 1256 2486 7,
1300 2422 1396 2475 al..
1451 2421 1735 2491 Baptism,
1773 2437 1914 2476 cmn.

345 2527 483 2567 sacr.
515 2550 531 2575 ,
586 2511 732 2580 quod
804 2520 1098 2581 utrumque
1152 2520 1553 2566 sacramentum
1618 2510 1919 2564 infantibus

344 2604 673 2673 praebeatur.
711 2604 765 2672 3)
797 2599 1017 2655 Nullum
1070 2602 1344 2657 hominem
1404 2602 1614 2670 justum
1655 2612 1801 2654 esse.
1831 2598 1917 2654 Cf.

345 2710 432 2766 ps.
472 2710 641 2756 CXLII,
670 2696 725 2756 2,
766 2694 837 2748 al.
869 2694 923 2764 4)
969 2693 1046 2749 Ne
1079 2693 1359 2750 Christum
1396 2696 1615 2765 quidem
1651 2704 1921 2764 quatenus

346 2795 600 2842 naturam
631 2786 998 2858 peccatricem
1039 2788 1451 2855 assumpsisset,
1484 2788 1689 2857 peccati
1723 2786 1921 2840 immu-

346 2893 471 2931 nem
500 2893 645 2940 esse,
699 2891 1013 2946 quanquam
1045 2877 1094 2931 ei
1142 2878 1271 2931 alibi
1305 2881 1542 2948 σχήματι
1572 2877 1716 2948 μόνῳ
1742 2877 1922 2930 incar-

346 2971 626 3024 nationem
664 2970 1012 3026 tribuissent.
1046 2968 1098 3038 5)
1156 2967 1584 3037 Matrimonium,
1636 2972 1720 3024 vel
1773 2979 1920 3024 certe

2016 1869 2362 1926 Theodorum
2388 1873 2740 1942 impugnasse
2762 1880 2940 1942 putat.
2977 1892 2995 1924 ε
3033 1870 3420 1944 Hieronymum
3438 1875 3595 1929 enim

2016 1964 2071 2018 in
2116 1963 2221 2018 fine
2256 1963 2605 2034 Dialogorum
2637 1979 2811 2033 pauca
2845 1972 3059 2019 tantum
3114 1966 3280 2020 verba
3322 1980 3421 2035 pro
3470 1981 3600 2035 pec-

2016 2064 2141 2111 cato
2182 2056 2434 2124 originali
2482 2056 2780 2111 astruendo
2809 2057 3030 2122 habere,
3064 2056 3290 2111 laudare
3333 2071 3459 2111 vero
3490 2071 3597 2127 pro

2016 2161 2080 2202 ea
2114 2163 2172 2202 re
2215 2160 2445 2217 operosa
2476 2146 2771 2216 Augustini
2801 2146 3084 2201 volumina
3121 2144 3198 2199 De
3243 2161 3383 2214 pecc.
3416 2162 3489 2201 m.
3539 2152 3595 2200 et

2016 2256 2170 2301 rem.,
2216 2239 2271 2292 in
2323 2237 2511 2293 Asiam
2543 2237 2610 2292 ad
2659 2252 2719 2293 se
2759 2237 2972 2311 delata;
3029 2236 3378 2292 Theodorum
3408 2245 3593 2292 autem

2019 2347 2141 2386 cum
2177 2330 2293 2384 Iuro
2333 2327 2726 2399 legisset,haud
2762 2327 2931 2383 dubie
2962 2328 3055 2382 illa
3083 2329 3421 2397 quaesivisse,
3449 2342 3599 2398 prae-

2019 2422 2204 2478 sertim
2245 2437 2369 2476 cum
2409 2437 2477 2477 ex
2514 2420 2689 2475 Photii
2736 2422 3011 2491 cxcerptis
3055 2428 3292 2483 constet,
3342 2435 3466 2475 eum
3524 2433 3595 2475 ea

2021 2514 2394 2584 impugnasse,
2428 2529 2551 2584 quas
2580 2513 2721 2585 apud
2749 2514 3115 2584 Augustinum
3141 2524 3353 2566 tantum
3389 2511 3455 2565 de
3477 2512 3600 2566 ori-

2020 2607 2161 2678 ginis
2198 2612 2353 2660 reatu
2393 2606 2669 2675 explicata
2714 2604 2990 2675 legantur.
3022 2601 3275 2658 Profecto
3312 2600 3595 2671 Pelagium

2021 2701 2248 2769 ejusque
2271 2697 2577 2767 discipulos
2606 2696 2825 2750 laudata
2853 2694 3145 2767 Augustini
3176 2694 3450 2748 volumina
3483 2708 3596 2747 una

2020 2809 2143 2846 cum
2185 2792 2413 2861 cpistola
2455 2790 2521 2844 ad
2552 2788 2844 2851 Hilarium,
2883 2788 2937 2841 in
2972 2786 3183 2858 synodo
3220 2785 3596 2855 Diospolitana

2023 2888 2179 2949 lecta,
2204 2884 2268 2938 ad
2297 2899 2497 2938 novum
2543 2891 2707 2937 sectae
2733 2890 3025 2951 patronum
3064 2880 3304 2936 misisse.
3347 2900 3365 2930 ι
3406 2878 3465 2931 ιι.
3501 2880 3591 2933 99.

2024 2976 2266 3045 Denique
2293 2975 2417 3030 illos
2466 2973 2740 3028 Theodori
2782 2974 2955 3028 libros
2991 2987 3138 3026 anno
3168 2971 3281 3027 fere
3324 2972 3428 3026 416
3460 2986 3598 3024 con-

347 3063 527 3116 coitus
560 3060 915 3130 cupiditatem
952 3066 1007 3113 et
1037 3059 1264 3114 seminis
1313 3060 1663 3114 emissionem
1710 3063 1917 3114 omnia—
1946 3087 1988 3144 C
2025 3070 2258 3137 scriptos
2285 3082 2409 3123 esse
2440 3066 2721 3121 existimat
2763 3073 2984 3135 propter
3015 3063 3195 3118 Photii
3227 3064 3392 3118 verba
3415 3093 3487 3102 —
3509 3061 3601 3115 λό-

348 3167 456 3222 que
492 3150 826 3221 hujusmodi,
858 3150 1060 3220 quibus
1081 3165 1253 3220 genus
1281 3161 1529 3204 nostrum
1562 3160 1910 3220 propagetur,

348 3258 463 3297 cori
481 3251 626 3312 uptae
644 3251 852 3295 naturae
873 3256 1015 3295 esse.
1031 3238 1326 3309 POSIquam
1352 3238 1549 3293 deinde
1568 3237 1914 3294 Theodorum

349 3335 557 3403 Optime
600 3331 874 3386 interdum
911 3331 1181 3400 praecipue
1213 3329 1453 3401 legitima
1492 3328 1614 3385 Scr.
1660 3329 1717 3383 S.
1751 3331 1914 3385 inter-

349 3428 667 3496 pretatione
692 3424 809 3478 haec
833 3423 1128 3484 refutasse,
1165 3422 1261 3476 sed
1295 3422 1349 3475 in
1377 3420 1615 3476 Nestor-ii
1646 3430 1699 3475 et
1729 3420 1919 3492 Orige-

351 3519 438 3572 nis
468 3532 682 3571 errores
728 3514 987 3569 incidisse
1017 3514 1350 3577 observavit,
1392 3512 1463 3567 de
1519 3514 1604 3567 bis
1635 3514 1920 3569 sententiis

351 3604 685 3659 'l‘heodoreis
732 3603 1004 3658 disserit:
1067 3603 1137 3657 ab
1183 3602 1339 3658 initio
1392 3603 1608 3671 quidem
1655 3603 1920 3657 Adamum

350 3698 637 3751 mortalem
672 3696 875 3751 factum
908 3709 1051 3759 esse,
1086 3694 1179 3748 sed
1213 3703 1273 3748 ut
1306 3706 1588 3764 peccatum
1614 3695 1923 3749 odissemus

350 3788 521 3842 Deum
573 3789 888 3850 simulasse,
925 3787 1085 3857 quasi
1140 3795 1364 3857 propter
1416 3793 1701 3857 peceatum
1750 3800 1924 3856 plenae

351 3880 472 3933 loco
503 3893 653 3932 mors
684 3877 939 3946 imposita
977 3884 1123 3930 esset
1154 3897 1168 3930 :
1217 3877 1489 3946 duplicem
1520 3893 1642 3932 csse
1675 3889 1924 3947 peceato-

351 3987 471 4024 rum
499 3969 897 4024 remissionem.
930 3966 1175 4037 Denique
1202 3968 1477 4024 Theodori
1512 3984 1684 4039 genus
1704 3969 1923 4023 dicendi

353 4074 498 4119 recte
531 4061 842 4130 descripsit.

423 4175 493 4226 At
525 4186 655 4226 vero
679 4168 880 4223 Photio
910 4183 1019 4222 non
1061 4183 1289 4238 prorsus
1315 4170 1573 4223 convenit
1596 4184 1718 4224 cum
1756 4170 1925 4227 Mario

354 4265 678 4327 Mercatore,
720 4262 814 4332 qui
847 4281 867 4314 ‹
910 4261 1185 4315 Theodori
1221 4262 1288 4316 de
1312 4263 1554 4317 secundo
1580 4265 1766 4318 codice
1789 4266 1922 4319 libr.

355 4373 410 4412 Iv
476 4368 528 4413 et
555 4372 617 4410 Ill
645 4362 842 4411 contra
874 4371 924 4411 s.
954 4355 1322 4425 Augustinum
1353 4355 1732 4411 defendentem
1761 4359 1928 4430 origi-

353 4450 481 4505 nale
512 4454 800 4519 peccatum
824 4454 878 4502 et
909 4445 1082 4501 Adam
1120 4462 1218 4517 per
1253 4449 1751 4517 transgressionem
1788 4466 1927 4505 mor-
1958 4423 2001 4479 Β

353 4541 516 4594 talem
580 4538 785 4593 factum
855 4540 1127 4594 catholica
1193 4540 1597 4607 disserentem,
1636 4562 1654 4595 ι
1690 4554 1927 4614 quatuor

346 4629 657 4699 fragmenta
686 4628 873 4684 Latine
905 4630 1071 4683 vertit
1102 4630 1137 4682 l.
1174 4647 1250 4694 (ιη
1289 4647 1344 4701 p.
1384 4632 1484 4687 702
1529 4649 1611 4702 sq.
1649 4636 1929 4706 (leguntur

353 4720 518 4776 etiam
554 4720 608 4773 in
636 4718 821 4775 Noris.
854 4721 890 4773 l.
939 4721 1002 4784 1.,
1037 4720 1077 4784 l,
1116 4737 1167 4791 p.
1217 4723 1286 4777 95
1315 4722 1446 4793 sq.).
1485 4723 1686 4780 Tribus
1729 4727 1927 4797 priori-

353 4813 458 4868 bus
507 4811 830 4883 fragmentis
876 4813 1035 4868 docet
1089 4815 1432 4884 Theodorus,
1470 4817 1690 4873 biblicis
1744 4820 1932 4890 impri-

356 4902 463 4956 mis
503 4901 688 4958 nitens
729 4904 1088 4972 argumentis,
1124 4904 1391 4959 Adamum
1444 4908 1725 4963 mortalem
1772 4924 1929 4963 crea-

355 5000 470 5047 tum
532 4994 855 5063 nullumque
895 5010 1020 5049 esse
1071 5002 1358 5063 peccatum
1408 4997 1702 5066 originale;
1741 4999 1932 5053 ultimo

357 5099 490 5139 vero
537 5095 741 5139 aeterna
789 5092 917 5154 post
970 5085 1433 5140 resurrectionem
1485 5088 1754 5157 supplicia
1811 5104 1933 5144 esse

361 5184 542 5246 negat.

434 5268 492 5320 In
541 5267 644 5321 hac
677 5264 859 5320 Photii
904 5273 958 5319 et
1015 5264 1176 5320 Marii
1219 5265 1540 5321 Mercatoris
1589 5267 1932 5323 dissensione

361 5360 679 5430 disputatur
725 5374 754 5413 a
804 5358 942 5412 viris
992 5358 1192 5423 doctis,
1238 5370 1420 5412 utrum
1447 5370 1635 5413 contra
1673 5359 1933 5431 Hierony-

364 5467 513 5509 mum
542 5467 611 5505 an
656 5457 845 5505 contra
891 5449 1257 5520 Augustinum
1301 5450 1621 5507 Theodorus
1650 5453 1932 5521 scripserit

363 5650 563 5725 pariter
590 5664 655 5725 ac
684 5632 1061 5725 celeberrimo,
1093 5666 1214 5721 quae
1236 5651 1549 5725 inbeptade
1575 5653 1816 5725 dissertt.
1837 5671 1930 5725 ap-

360 5719 575 5804 pendici
601 5720 823 5804 dis-seu.
861 5719 936 5804 D_e
966 5719 1333 5797 Ita’reiiarc/iis
1370 5719 1464 5804 (rei
1486 5724 1763 5804 apostolici
1798 5719 1926 5780 Sub-

361 5790 568 5868 juncla,
590 5793 642 5860 p.
664 5790 766 5847 466
788 5808 868 5861 sq.
897 5792 1126 5861 legatur,
1152 5794 1344 5846 auctor
1373 5794 1503 5847 mihi
1521 5790 1619 5848 Vest
1641 5795 1706 5863 δ.⁸
1726 5794 1918 5852 Franc.

2017 3178 2146 3230 γους
2179 3159 2321 3229 ὑπὲρ
2362 3158 2461 3227 τῆς
2504 3155 2982 3226 καινοποιηθείσης
3023 3154 3170 3225 αὑτῷ
3199 3154 3461 3225 αἱρέσεως
3491 3183 3598 3216 --,

2017 3259 2072 3306 et
2092 3249 2213 3304 ideo
2248 3249 2376 3318 quia
2408 3246 2610 3301 Zosimi
2638 3245 2836 3300 litteris
2869 3241 3183 3315 encyclicis,
3222 3257 3313 3295 an.
3361 3241 3464 3295 418
3493 3256 3599 3310 pu-

2025 3341 2260 3405 blicatis,
2281 3349 2358 3402 et,
2392 3338 2562 3393 Mario
2590 3336 2754 3392 Merc.
2786 3344 2947 3399 teste,
2981 3334 3047 3389 ad
3077 3332 3386 3389 Orientales
3409 3331 3602 3385 Eccle—

2025 3436 2135 3488 sias
2177 3434 2357 3488 missis
2396 3447 2459 3486 ac
2490 3447 2586 3501 per
2630 3438 2805 3485 totum
2840 3429 3028 3483 orbem
3084 3425 3599 3496 subscriptionibus

2024 3526 2125 3581 SS.
2156 3526 2378 3580 Patrum
2416 3523 2709 3583 roboratis.
2729 3519 3050 3575 Theodorus
3078 3518 3167 3574 vix
3191 3533 3360 3572 ausus
3392 3515 3589 3571 fuisset

2024 3627 2213 3674 contra
2249 3615 2610 3670 orthodoxam
2644 3611 2970 3668 sententiam
3000 3619 3109 3665 tam
3134 3610 3303 3664 multa
3332 3609 3592 3663 scribere.

2025 3711 2371 3765 Theodorum
2401 3706 2717 3763 Coslestium
2744 3715 2940 3758 contra
2978 3701 3374 3771 Hieronymum
3407 3700 3591 3754 defen-

2024 3804 2171 3858 disse
2202 3802 2366 3855 verbo
2397 3799 2608 3853 monuit
2640 3794 3280 3867 Baumgarten-Crusius,
3326 3791 3595 3846 Lehrbuclt

2024 3891 2116 3946 der
2144 3891 2347 3944 christl.
2388 3889 2816 3960 Dogmengesclt.,
2849 3904 2904 3958 p.
2940 3887 3065 3952 325.
3099 3885 3195 3940 Vir
3222 3886 3382 3955 plane
3412 3887 3599 3955 singu—

2026 3984 2162 4039 laris
2194 3983 2358 4038 latius
2387 3982 2580 4036 vellem
2613 3995 2768 4035 suam
2799 3979 3126 4035 sententiam
3160 3977 3521 4046 exposuisset.

2099 4096 2169 4152 Ut
2206 4097 2317 4165 jam
2358 4094 2487 4165 quid
2534 4093 2667 4148 mihi
2700 4093 2954 4149 videatur
3003 4093 3202 4157 dicam,
3245 4092 3593 4146 Theodorum

2026 4191 2189 4260 paulo
2221 4197 2345 4258 post
2389 4199 2638 4242 exortam
2682 4187 2833 4241 litem
2882 4185 3228 4256 Pelagianam
3276 4186 3444 4241 libros
3475 4185 3593 4240 illos

2027 4281 2356 4343 confecisse,
2406 4280 2500 4334 sed
2532 4295 2709 4348 neque
2752 4278 3065 4349 Hieronymi
3099 4293 3272 4347 neque
3304 4277 3596 4347 Augustini

2029 4376 2231 4444 scripta
2274 4373 2473 4443 legisse
2507 4371 2736 4427 allirmo.
2781 4370 2917 4425 Illud
2965 4369 3280 4438 Hieronymi
3334 4368 3593 4422 memoria

2028 4466 2391 4520 indubitatum
2438 4464 2710 4527 redditur,
2756 4462 2861 4517 hoc
2902 4476 3031 4515 vero
3058 4475 3180 4515 cum
3222 4459 3349 4513 inde
3390 4466 3590 4529 pateat,

2027 4558 2171 4628 quod
2209 4556 2532 4612 Theodorus
2586 4555 2781 4610 Latine
2824 4553 3079 4615 nescivit.
3116 4560 3231 4607 tum
3267 4567 3332 4606 eo
3382 4558 3590 4606 certum

2029 4656 2131 4712 est,
2162 4647 2306 4717 quod
2345 4662 2520 4717 neque
2547 4646 2603 4700 in
2635 4643 2956 4716 fragmentis
2987 4659 3167 4713 neque
3196 4644 3249 4697 in
3278 4644 3347 4698 iis
3381 4657 3500 4712 qua
3528 4642 3596 4697 de

2027 4737 2185 4792 libris
2224 4736 2334 4792 illis
2389 4734 2705 4804 accepimus
2756 4734 2924 4803 hujus
2975 4733 3052 4787 rei
3094 4733 3261 4786 ullum
3314 4731 3592 4802 vestigium

2030 4836 2136 4884 est.
2170 4826 2494 4895 Quanquam
2532 4824 2895 4896 Hieronymus
2944 4823 3185 4894 Dialogis
3217 4824 3333 4879 suis
3367 4830 3598 4876 tantum-

2029 4919 2193 4974 modo
2223 4919 2462 4987 negavit,
2497 4932 2660 4988 posse
2705 4917 2983 4971 bominem
3012 4918 3059 4972 si
3086 4917 3251 4972 vellet
3298 4917 3418 4971 sine
3474 4931 3595 4984 pec-

2030 5022 2154 5066 cato
2176 5026 2299 5066 esse
2330 5018 2385 5064 et
2416 5009 2600 5064 facilia
2646 5024 2770 5064 esse
2795 5007 2888 5063 Dei
2915 5016 3208 5079 praacepta.
3230 5009 3342 5060 Imo
3374 5008 3415 5060 si
3437 5022 3593 5077 quam

2029 5103 2297 5157 rationem
2337 5098 2662 5155 Theodorus
2716 5099 2772 5153 in
2826 5099 3158 5167 disputando
3226 5109 3451 5153 secutus
3505 5099 3594 5163 sit,

2031 5193 2201 5263 probe
2230 5192 2571 5256 memineris,
2603 5189 2855 5243 dubitare
2886 5203 2994 5242 non
3027 5188 3148 5241 licet
3182 5188 3312 5256 quin
3334 5186 3594 5256 Pelagiani

2040 5286 2223 5341 Statim
2252 5294 2377 5355 post
2399 5283 2668 5354 synodum
2693 5280 2936 5351 Diospoli
2959 5296 3145 5336 mense
3171 5279 3453 5334 Decembr.
3477 5280 3594 5333 anni

2038 5374 2142 5427 415
2190 5374 2434 5427 habitam
2467 5388 2588 5441 quae
2618 5371 2768 5425 litem
2819 5371 2967 5425 illam
3023 5372 3366 5425 continerent
3412 5371 3463 5424 ei
3509 5384 3595 5439 per

2039 5468 2247 5521 litteras
2282 5466 2358 5538 (a)
2388 5466 2834 5538 signiﬁcaverim,
2863 5466 2930 5519 iis
2968 5465 3195 5533 adjeCtis
3250 5480 3373 5534 qum
3402 5466 3458 5519 in
3509 5466 3590 5518 illa

2037 5655 2291 5729 Bitddeus
2321 5655 2461 5729 Isag.
2492 5660 2544 5712 in
2576 5659 2730 5717 theol.
2765 5662 3018 5719 univers,
3061 5677 3112 5729 p.
3143 5662 3265 5717 959..

2111 5726 2369 5801 (a)_Fieri
2414 5726 2595 5799 potuit
2639 5739 2695 5781 ut
2744 5732 2836 5785 illo
2889 5726 3129 5800 tempore
3163 5738 3276 5801 ipse
3319 5732 3594 5789 (Imleslius

2032 5795 2379 5853 Thcddorum
2416 5795 2620 5861 adiret;
2656 5802 2786 5856 nihil
2820 5795 3251 5863 tamen-tulliano.
