3804 6222
164 317 226 372 69
936 319 1025 374 DE
1065 317 1415 376 THEODORI
1457 317 1940 374 MOPSUESTENI
1982 318 2144 374 V'lTA
2185 321 2269 376 ET
2313 320 2651 377 SCRIPTIS.
3325 323 3392 378 70

163 435 359 508 synodo
391 448 513 490 acta
545 445 699 492 erant
727 436 800 506 (ν.
827 446 947 492 acta
975 453 1038 493 ex
1069 438 1376 509 Augustino
1410 437 1640 491 collecta
1668 438 1722 491 in
1755 444 1798 498 Α
1828 439 1924 494 sed
1964 443 2345 496 tantummodo
2383 443 2553 504 taciti,
2591 441 2682 511 qui
2723 439 2834 495 div.
2867 439 3269 511 Scripturarnm
3298 443 3389 498 hac

163 531 416 584 Ilarduin.
455 531 488 583 1.
523 531 584 593 1.,
617 530 658 590 1,
703 547 756 599 p.
785 530 926 585 2009
959 547 1068 602 sq.,
1110 530 1310 592 Fuchs,
1341 529 1592 584 Biblioth.
1628 529 1721 584 der

161 619 543 688 Kirchenvers.,
597 623 684 686 lll,
732 638 793 691 -p.
841 623 945 677 59.8
995 621 1128 692 sq.),
1173 621 1493 676 Theodorus
1539 631 1720 675 autem

159 731 309 769 suum
331 715 596 783 putaverit
614 715 777 784 impia
795 716 1177 768 nonnullorum
1201 717 1266 770 de
1282 717 1514 769 humana
1532 724 1718 768 natura

160 804 370 858 decreta
420 805 714 860 scribendo
755 806 984 860 diluere.
1034 806 1157 860 llatae
1200 808 1490 870 sententia,
1543 823 1634 876 per
1666 823 1722 859 se

162 897 474 963 probabilis,
505 896 591 951 his
645 898 875 950 maxime
910 898 1104 951 nititur
1145 899 1482 970 argumentis
1523 916 1534 951 :
1573 896 1724 952 Pela-

161 983 298 1048 gium
331 982 399 1035 de
432 984 570 1038 actis
611 983 760 1039 illius
786 986 982 1053 synodi
1018 990 1376 1056 excerpsisse,
1401 1003 1520 1056 quae
1547 987 1723 1040 divul-

159 1081 435 1143 garentur,
470 1083 680 1129 certum
709 1086 792 1130 est
821 1075 914 1146 (cf.
947 1077 1176 1146 August.
1209 1077 1286 1132 De
1309 1080 1465 1148 gestis
1498 1079 1720 1148 Pelagii,

160 1180 205 1218 c.
235 1164 322 1228 δί)
347 1181 362 1229 ;
392 1182 511 1219 eam
545 1165 868 1221 Theodorus
901 1170 1260 1238 quaestionum
1301 1180 1412 1223 tum
1451 1179 1720 1224 motarmn

162 1259 522 1326 cognitionem
565 1259 774 1318 habuit,
807 1275 968 1328 quam
999 1261 1217 1314 nonnisi
1249 1276 1315 1314 ex
1350 1262 1562 1322 litteris,
1605 1277 1724 1330 quae

163 1350 394 1403 breviter
415 1365 507 1404 eas
529 1361 872 1414 enarrarcnt,
897 1352 1141 1406 hauserit
1168 1373 1178 1405 :
1209 1353 1572 1415 contumeliae,
1604 1356 1725 1424 qui-

161 1441 258 1494 bus
294 1440 688 1513 Hieronymum
733 1443 914 1496 affeeit
964 1443 1283 1498 Theodorus
1331 1460 1397 1498 ex
1448 1445 1552 1499 hoc
1603 1447 1722 1499 solo

160 1529 304 1585 fonte
347 1534 712 1586 manaverint.
748 1533 902 1598 Quod
934 1549 1062 1588 vero
1094 1535 1331 1603 pessime
1361 1550 1492 1590 sane
1529 1535 1720 1588 Hiero-

159 1635 350 1690 nymus
378 1621 526 1674 illius
555 1622 780 1676 haeresis
812 1622 1078 1692 ἁρχηγός,
1118 1623 1226 1677 imo
1258 1632 1469 1685 auctor,
1502 1624 1594 1693 qui
1626 1638 1721 1675 sua

157 1713 273 1766 labe
321 1710 702 1768 Occidentales
745 1713 907 1767 etiam
963 1712 1238 1767 Ecclesias
1271 1715 1719 1769 contaminasset.

159 1807 477 1875 appellatur,
539 1822 608 1860 ne
649 1807 752 1859 hoc
792 1806 1010 1876 quidem
1062 1807 1220 1875 quale
1274 1809 1346 1860 sit
1402 1807 1716 1861 obscurum.

159 1897 428 1968 Pelagiani
477 1899 644 1962 enim,
675 1897 768 1967 qui
817 1898 883 1950 ad
923 1896 1265 1952 Theodorum
1318 1899 1524 1952 litteras
1562 1897 1724 1951 dede-

155 1994 278 2038 runt
327 1995 380 2040 et
423 2001 651 2055 quorum
680 1985 829 2038 furor
857 1993 969 2038 tum
1006 1986 1059 2039 in
1099 1986 1484 2056 Hieronymum
1521 1989 1573 2040 in
1599 1987 1723 2056 pri—

153 2078 256 2130 mis
288 2093 590 2132 conversus
618 2085 756 2136 erat,
793 2093 881 2130 res
926 2085 1086 2132 antea
1121 2079 1173 2132 in
1207 2079 1501 2134 Occidente
1541 2087 1723 2148 gestas

152 2187 309 2237 quam
341 2170 456 2223 fieri
494 2179 682 2239 posset
723 2173 958 2225 maxime
995 2171 1257 2224 oblivioni
1290 2171 1505 2226 tradere
1539 2171 1725 2225 stude-

152 2261 297 2326 bant,
331 2278 400 2316 ne
421 2260 742 2317 Occidentis
773 2264 1076 2318 auctoritas
1106 2262 1315 2318 Orienti
1349 2262 1525 2317 fraudi
1558 2271 1720 2318 esset.

149 2352 416 2407 Caeterum
452 2353 595 2408 haud
634 2354 960 2424 importunae
1005 2353 1237 2408 fortasse
1281 2352 1567 2406 Theodoro
1621 2353 1724 2406 illae

150 2443 466 2516 Hieronymi
490 2447 836 2500 contumeliae
866 2452 1045 2508 erant,
1079 2445 1131 2499 in
1161 2445 1320 2513 cujus
1345 2445 1591 2497 notitiam
1615 2459 1723 2498 non

150 2545 260 2589 tmn
294 2539 535 2607 primum
574 2537 801 2592 venerit.
840 2538 998 2592 Certe
1028 2545 1111 2592 ter
1141 2536 1504 2607 Hieronymus
1529 2538 1723 2591 Antio-

151 2626 281 2680 chia:
321 2627 642 2681 morabatur
673 2626 748 2697 (a.
792 2628 916 2694 574,
948 2627 1074 2691 578,
1115 2628 1200 2682 vel
1233 2627 1356 2690 579,
1405 2627 1554 2697 585),
1595 2627 1722 2681 etsi

150 2722 258 2766 tmn
288 2713 583 2768 Theodoro
632 2715 890 2778 innotuit,
925 2716 1046 2785 ejus
1077 2716 1260 2769 odium
1307 2731 1371 2769 eo
1407 2715 1550 2784 quod
1584 2714 1724 2768 Pau-

150 2805 240 2858 lini
273 2814 458 2874 partes
481 2806 1097 2875 sequebatur,incnrrit.
1127 2805 1259 2860 Post
1283 2823 1411 2861 vero
1433 2804 1722 2877 Origenem

149 2902 348 2950 temere
371 2895 604 2950 adortus
634 2906 737 2950 est.

217 3021 346 3085 Quae
392 3022 440 3074 si
481 3029 628 3075 recte
671 3023 1094 3092 disputavimus,
1124 3023 1473 3080 Theodorum
1507 3041 1555 3079 a.
1594 3024 1720 3085 516,

1825 528 2028 583 hebant
2074 531 2346 594 notitiam,
2398 532 2783 594 detrahebant,
2826 551 2842 582 ι
2904 531 3038 584 nihil
3086 532 3191 584 huc
3243 533 3388 589 facit.

1824 618 2010 689 Neque
2033 621 2176 675 enim
2204 623 2378 691 legum
2400 622 2742 691 publicarum
2764 622 3000 692 potentia
3023 621 3390 691 intelligenda,

1826 711 1921 764 sed
1949 710 2291 764 austeritatis
2332 711 2646 780 Hieronymi
2681 719 2844 779 atque
2883 709 3244 770 auctoritatis,
3286 726 3392 779 qua

1825 801 1878 854 in
1911 802 2161 854 homines
2197 803 2588 871 grassabatur;
2625 819 2677 855 v.
2711 803 2871 855 etiam
2929 801 3114 855 statim
3176 817 3330 869 seqq.
3369 819 3383 855 :

1842 924 1858 944 .
1899 892 2200 947 Novissime
2238 909 2368 946 vero
2402 894 2455 947 in
2489 894 2627 948 hanc
2658 893 2927 963 dogmatis
2967 893 3162 946 recidit
3190 898 3396 946 novita-

1826 994 1954 1047 tem,
1992 999 2098 1052 qua
2128 985 2424 1036 diceret—.
2459 1002 2476 1033 ι

1895 1090 1964 1140 At
2013 1104 2141 1141 vero
2175 1087 2416 1142 nondum
2457 1088 2525 1142 de
2567 1088 2745 1141 Mario
2791 1087 3090 1142 Mercatore
3128 1087 3390 1141 diximus.

1826 1179 2150 1246 Quanquam
2181 1178 2267 1231 hic
2296 1176 2539 1246 quidem,
2567 1177 2656 1230 cui
2691 1177 2836 1231 facili
2860 1192 3046 1231 errore
3073 1176 3396 1231 Theodorus

1825 1274 1891 1323 de
1946 1278 2168 1339 peccato
2219 1269 2472 1339 originali
2527 1269 2742 1323 nonnisi
2791 1277 2981 1322 contra
3032 1268 3395 1336 Augustinum

1824 1362 2105 1430 disputare
2153 1362 2399 1430 potuisse
2435 1361 2709 1414 videretur
2733 1400 2747 1424 ,
2780 1360 2980 1413 morari
3017 1375 3118 1414 nos
3155 1376 3260 1412 non
3298 1374 3397 1427 po-
3445 1355 3447 1358 ’

1825 1463 1951 1509 test.
1989 1455 2092 1510 Sed
2122 1464 2390 1510 memorat
2413 1464 2593 1509 tamen
2623 1454 2945 1509 Theodorus
2975 1453 3394 1520 sapientissimos

1825 1549 2124 1616 defensores
2172 1549 2376 1616 peccati
2419 1549 2696 1616 originalis
2729 1549 2765 1600 l.
2799 1563 2847 1602 c.
2898 1545 3077 1600 Potuit
3107 1544 3172 1599 de
3205 1547 3395 1612 Augu-

1826 1642 1969 1694 stino
1998 1641 2244 1710 quaedam
2269 1642 2632 1710 comperisse;
2663 1641 2764 1693 hoc
2785 1638 3020 1700 allirmo,
3039 1654 3161 1692 eum
3189 1637 3241 1690 in
3273 1635 3399 1688 llie-

1829 1746 2116 1801 ronymnm
2157 1729 2536 1798 potissimum,
2589 1736 2776 1797 utpote
2827 1726 3056 1781 haeresis
3101 1725 3249 1779 illius
3295 1721 3399 1776 du-

1825 1838 1966 1885 cem,
1995 1823 2099 1876 tela
2134 1837 2232 1874 sua
2264 1822 2585 1891 conjecisse.

1897 1911 1953 1966 Si
1989 1913 2310 1966 Theodorus
2339 1912 2571 1981 singulis
2599 1909 2844 1980 quinque
2877 1908 3033 1963 libris
3061 1908 3302 1978 quinque
3335 1907 3400 1961 il-

1826 2003 1904 2057 las
1937 2003 2381 2056 adversariormn
2420 2001 2746 2064 sententias,
2770 2015 2906 2069 quas
2929 2000 3111 2052 attulit
3142 1998 3396 2059 Photins,

1823 2093 2018 2156 diluit,
2053 2093 2129 2146 rei
2166 2101 2490 2162 argumento
2521 2090 2790 2144 adductus
2840 2091 3027 2144 eadem
3067 2089 3267 2160 saepius
3312 2104 3400 2144 re-

1824 2186 1999 2256 petiit.
2045 2184 2270 2238 Snmma
2316 2183 2586 2253 quaestio,
2638 2198 2668 2236 a
2714 2196 2819 2250 qua
2871 2182 3080 2250 reliqua
3131 2195 3398 2249 suspensa

1824 2289 2001 2339 erant,
2020 2278 2073 2330 in
2091 2276 2300 2329 Adamo
2319 2274 2663 2340 versabatur,
2683 2289 2841 2342 quem
2863 2274 3140 2326 mortalem
3157 2280 3398 2326 creatum

1827 2369 1964 2422 nihil
1997 2368 2293 2437 importuni
2329 2367 2582 2420 humanae
2615 2375 2822 2419 naturae
2853 2364 3176 2432 importasse
3201 2364 3401 2416 docen-

1825 2459 1957 2512 dum
1999 2468 2137 2512 erat.
2176 2459 2528 2528 Argumentis
2569 2472 2702 2510 usus
2757 2463 2842 2509 est
2887 2455 3122 2508 maxime
3160 2453 3402 2522 exegeli-

1826 2552 1936 2616 eis;
1972 2553 2230 2606 titubavit
2264 2562 2442 2605 tamen
2478 2549 2600 2619 ejus
2630 2550 2663 2601 l.
2695 2548 2890 2603 Cenes.
2927 2563 2985 2610 ll,
3018 2547 3101 2613 l7,
3136 2547 3401 2614 interpre-

1827 2643 1965 2696 tatio
1987 2652 2039 2696 et
2064 2659 2183 2696 eam
2210 2645 2536 2698 sententiam
2563 2640 2837 2711 prouidit,
2863 2655 2984 2709 quae
3011 2638 3168 2693 facile
3197 2639 3399 2692 multos

1825 2733 2144 2788 offenderet.
2180 2734 2332 2802 Aptae
2370 2740 2525 2786 erant
2559 2733 2626 2785 ab
2665 2733 2752 2784 illa
2789 2731 3091 2800 quaestione
3125 2729 3401 2783 nonnullae

1827 2825 1966 2887 aliae,
2010 2841 2059 2877 v.
2095 2840 2145 2877 c.
2195 2825 2262 2878 dc
2295 2823 2553 2892 baptismi
2601 2824 2674 2886 vi,
2713 2825 2764 2876 in
2811 2837 2948 2892 quas
2984 2820 3218 2875 fortasse
3261 2836 3400 2874 non-

1825 2918 1952 2971 dum
1998 2916 2133 2971 satis
2164 2926 2415 2970 accurate
2455 2915 2797 2984 inquisierat.
2859 2915 3092 2966 Omnino
3135 2914 3256 2967 lites
3301 2911 3400 2966 Pe-

1827 3005 2054 3074 lagianae
2083 3005 2201 3072 ejus
2233 3004 2538 3058 doctrinam
2575 3004 2998 3073 amplificarunt.
3042 3002 3265 3056 Summa
3298 3018 3400 3056 an-

152 3121 238 3164 aut
263 3115 460 3165 saltent
488 3130 540 3166 a.
575 3114 701 3175 517,
755 3115 823 3168 de
872 3125 1098 3182 peccato
1130 3116 1381 3185 originali
1431 3117 1722 3186 scripsisse

1833 3103 1937 3149 tem
1983 3093 2277 3148 diversitas
2336 3091 2681 3146 Theodorum
2736 3095 2878 3148 inter
2927 3093 3240 3162 peccatique
3293 3093 3403 3146 ori-

151 3203 501 3257 manifrstum
537 3213 620 3257 est
654 3207 752 3272 (α).
788 3204 962 3258 Aliter
989 3220 1119 3259 vero
1150 3205 1460 3259 Tilleniont.
1496 3207 1528 3260 l.
1564 3206 1625 3268 l.,
1668 3223 1721 3275 p.

153 3293 270 3357 449,
306 3293 639 3348 Garnerium
677 3296 883 3364 partim.
912 3303 1135 3349 secutus
1169 3315 1181 3348 :
1220 3315 1237 3346 ι
1281 3295 1318 3348 Il
1356 3297 1402 3349 le
1444 3295 1724 3364 (ouvrage)

153 3384 208 3436 fit
238 3384 400 3454 aprés
445 3386 522 3439 les
557 3386 662 3440 loix
701 3386 767 3439 de
810 3387 914 3440 l’an
951 3388 1054 3441 418
1083 3396 1274 3441 contre
1324 3388 1402 3441 les
1442 3386 1728 3456 Pelagiens

153 3481 487 3548 (rescriptum
524 3478 768 3538 Ilonorii,
807 3480 974 3548 pridie
1005 3477 1132 3532 Kal.
1171 3478 1343 3531 Maias
1377 3478 1479 3532 418
1519 3482 1726 3540 datum,

150 3570 346 3638 legitur
389 3572 445 3624 in
471 3572 701 3641 August.
752 3569 887 3639 Opp.
927 3569 994 3628 Χ,
1047 3586 1198 3639 app.,
1237 3585 1288 3637 p.
1340 3569 1433 3627 70;
1487 3567 1727 3622 Salviani

153 3664 266 3732 Opp
293 3704 307 3725 ,
345 3663 560 3717 Bremae
597 3663 758 3726 1688,
808 3665 860 3726 4,
904 3679 956 3731 p.
991 3662 1095 3714 574
1128 3663 1261 3730 sq.),
1307 3661 1564 3730 puisqu‘il
1613 3660 1730 3729 pre-

152 3756 357 3810 tendoit
403 3771 515 3824 que
553 3755 602 3808 la
631 3756 840 3810 crainte
879 3755 944 3808 de
980 3755 1028 3806 la
1067 3754 1360 3822 pnissanec
1389 3754 1728 3822 empeschoit

150 3848 214 3901 de
262 3850 450 3917 parler
480 3855 674 3900 contre
719 3863 807 3902 ses
849 3845 1231 3912 adversaires;
1273 3855 1324 3899 et
1361 3861 1423 3900 ce
1460 3845 1540 3898 fut
1573 3861 1726 3900 assez

148 3939 725 3994 vraisemblablement
751 3937 908 4008 aprés
936 3938 1039 3992 l‘an
1071 3937 1198 3998 421,
1241 3938 1442 3990 durant
1474 3937 1522 3991 Ie
1551 3945 1726 4008 temps

150 4047 252 4098 qne
289 4047 391 4086 son
425 4030 644 4085 diocese
676 4031 880 4084 servoit
913 4030 977 4083 de
1004 4031 1226 4083 rctraite
1261 4031 1289 4082 ii
1320 4028 1498 4084 Julien
1524 4039 1578 4084 et
1618 4047 1724 4086 attx

150 4135 330 4178 autres
365 4123 636 4190 échques
675 4121 982 4191 Pelagiens.
1017 4129 1070 4175 et
1125 4130 1428 4191 petit-estre
1455 4121 1483 4175 a
1531 4119 1727 4194 Pelago

154 4230 374 4270 mesme.
410 4213 505 4282 qui
557 4213 721 4266 estoit
763 4213 1274 4281 particuliérement
1325 4216 1506 4272 animé
1539 4226 1729 4270 contre

156 4303 210 4357 S.
256 4304 477 4358 Jérome
511 4311 565 4356 et
596 4305 816 4372 pouvoit
848 4303 968 4357 bien
1035 4305 1116 4374 s‘y
1147 4316 1292 4359 estre
1335 4307 1518 4370 retiré,
1569 4306 1728 4376 aprés

153 4397 303 4450 avoir
327 4396 446 4450 esté
482 4394 676 4449 chassé
703 4395 770 4449 de
807 4393 1124 4449 Ierusalem.
1175 4395 1296 4462 Que
1324 4398 1367 4451 si
1401 4399 1449 4450 la
1485 4398 1728 4452 manierc

1827 3187 2024 3258 ginalis
2081 3194 2385 3240 assertores
2440 3185 2771 3239 intercessit.
2829 3183 2923 3238 llle
2986 3185 3276 3253 augustius
3333 3185 3402 3239 de

1827 3289 2022 3333 natura
2058 3279 2295 3332 humana
2331 3277 2533 3334 sentire
2566 3288 2779 3340 suetus,
2818 3277 3108 3347 exegeticis
3136 3285 3189 3330 et
3219 3277 3282 3330 iis
3313 3291 3401 3330 ar-

1828 3374 2102 3442 gumentis
2137 3388 2258 3442 quae
2301 3373 2483 3428 sobria
2524 3373 2665 3426 ratio
2707 3373 3112 3442 suppeditasset
3150 3388 3264 3426 rem
3303 3373 3402 3424 ab-

1829 3465 2026 3530 solvit;
2073 3465 2124 3518 hi
2161 3465 2401 3534 pectoris
2433 3466 2674 3519 motibus
2705 3464 2906 3518 conciti
2941 3473 2994 3519 et
3031 3465 3190 3516 rebus
3225 3464 3402 3518 eccle-

1828 3556 2067 3610 siasticis
2091 3555 2238 3608 ducti
2267 3556 2351 3608 via
2378 3571 2439 3610 ac
2464 3557 2677 3612 ratione
2701 3555 3023 3626 philosopha
3055 3556 3271 3609 decreta
3300 3570 3399 3610 sua

1831 3647 2104 3716 persecuti
2139 3655 2288 3700 sunt.

1898 3755 2109 3818 Restat,
2145 3763 2202 3807 nt
2247 3755 2312 3809 de
2354 3754 2658 3808 rationibus
2697 3753 2874 3808 dicam
2909 3755 3108 3825 quibus
3148 3755 3403 3811 Theodo-

1829 3865 1923 3901 rus
1947 3857 2067 3916 post
2093 3863 2215 3900 eum
2245 3845 2551 3914 Pelagianis
2575 3849 2801 3915 junctus
2829 3857 2967 3901 erat.
3000 3847 3191 3903 Plures
3215 3857 3397 3903 autem

1826 3941 2104 4011 Pelagiani
2136 3939 2288 3994 Italia
2334 3941 2497 4009 pulsi,
2539 3941 2662 3994 aliis
2697 3941 2830 3995 locis
2871 3941 3068 4009 pressi,
3106 3956 3154 3994 a.
3191 3943 3296 3995 4‘22
3333 3942 3398 3994 ad

1828 4031 2172 4085 Theodorum
2201 4069 2216 4094 ,
2249 4046 2410 4099 quem
2447 4029 2552 4083 sibi
2593 4029 2776 4084 favere
2821 4031 3232 4099 cognovissent,
3275 4047 3405 4100 pro-

1829 4125 1950 4181 fecti
1985 4133 2130 4180 sunt.
2162 4123 2461 4182 .lulianum,
2494 4139 2580 4192 ep.
2614 4123 2990 4188 Eclanensem,
3031 4143 3049 4174 ‹
3084 4140 3205 4177 cum
3236 4125 3402 4178 Sociis

1827 4229 1879 4272 et
1903 4216 2259 4287 participibus
2279 4225 2332 4270 et
2355 4214 2814 4286 συν-,ταλαιπώροις
2839 4217 2953 4270 suis
2973 4232 3166 4285 magno
3189 4217 3308 4270 nisu
3335 4219 3402 4271 ad

1827 4324 1949 4362 eum
1981 4315 2241 4366 tanquam
2278 4305 2343 4356 ad
2377 4304 2816 4358 Christianorum
2850 4305 3164 4374 dogmatum
3203 4307 3402 4374 praedi-

1830 4409 2011 4453 catum
2059 4398 2382 4467 mafjistrum
2419 4397 2715 4451 tetendisse
2744 4397 2818 4467 (b)
2862 4418 2880 4448 ο
2925 4397 3127 4452 Marius
3163 4397 3330 4461 Merc,
3363 4398 3403 4464 l,

151 4488 282 4541 dont
303 4484 537 4544 Photius
554 4498 807 4557 rapporte
838 4488 970 4556 qu‘il
1016 4504 1046 4557 y
1081 4489 1277 4556 parloit
1310 4489 1376 4543 de
1412 4489 1468 4542 S.
1507 4488 1727 4544 Jérome
1762 4482 1802 4535 Ι)
1833 4507 1906 4553 c.,
1938 4506 1989 4558 p.
2016 4490 2141 4552 625,
2179 4496 2432 4551 testatur,
2461 4489 2553 4541 scd
2581 4487 2899 4542 Cualestium
2933 4488 3097 4543 etiam
3133 4494 3147 4556 (
3181 4505 3230 4541 v.
3263 4505 3314 4542 v.
3349 4505 3400 4554 (ς.

153 4594 292 4634 nous
318 4581 580 4650 obligeoit
617 4581 683 4634 de
731 4579 910 4634 croire
958 4580 1089 4649 qu‘il
1143 4596 1210 4633 en
1267 4582 1464 4650 parloit
1516 4597 1727 4636 comme

155 4672 280 4725 d'un
313 4673 532 4726 homine
567 4673 770 4737 vivant,
806 4674 841 4726 il
873 4673 1109 4726 faudroit
1135 4683 1330 4728 mettre
1363 4682 1450 4728 cet
1486 4690 1728 4744 ouvrage

155 4779 218 4817 en
249 4764 354 4819 419
392 4780 463 4816 on
491 4764 614 4818 4'10.
651 4783 668 4815 ›
701 4763 902 4820 Verum
929 4764 1196 4821 Theodori
1230 4767 1318 4821 ille
1344 4769 1494 4822 locus
1528 4767 1718 4836 (Marc.

159 4855 321 4910 Merc.
348 4858 384 4909 1.
416 4873 489 4921 c.,
515 4873 565 4925 p.
600 4858 744 4924 705),
787 4859 842 4912 in
873 4874 1002 4928 quo,
1034 4861 1124 4912 ulti
1193 4860 1486 4913 mirabilem
1519 4860 1726 4927 peccati

159 4948 431 5016 originalis
473 4960 786 5002 assertorem
823 4950 1075 5004 absurdae
1099 4951 1568 5019 interpretationis
1597 4950 1719 5004 Scr.

161 5035 218 5090 S.
253 5039 679 5110 (lcgmatumque
709 5043 1081 5110 perversitatis
1129 5045 1430 5104 accusavit,
1464 5061 1482 5094 ι
1528 5051 1726 5113 poten-

163 5129 266 5192 tiae,
305 5131 506 5201 inquit,
552 5140 727 5186 metus
776 5133 986 5187 nullum
1035 5145 1227 5191 contra
1281 5136 1494 5190 sinebat
1544 5135 1720 5201 effari,

231 5333 304 5400 (τι)
343 5330 488 5384 Nihil
525 5332 630 5385 huc
675 5335 928 5402 pertinet,
981 5335 1123 5404 quod
1173 5336 1225 5388 in
1277 5332 1470 5388 Chron.
1535 5334 1720 5392 Edess.

165 5401 386 5475 haeresis
417 5401 776 5475 asserentium
800 5401 1078 5475 peccatum
1105 5415 1314 5459 naturae
1333 5407 1550 5458 insitum
1577 5423 1720 5466 esse,

166 5473 363 5545 dicitur
400 5489 450 5526 a.
486 5474 590 5526 423
637 5473 947 5530 emersisse.
993 5476 1077 5531 Cf.
1122 5483 1334 5530 Assem.
1381 5477 1441 5530 l...
1469 5479 1527 5534 l.,
1576 5475 1616 5536 l,
1670 5493 1722 5545 p.

165 5541 286 5615 402.
324 5541 432 5595 Hoc
461 5558 526 5615 eo
567 5545 730 5615 credo
768 5549 981 5606 nititur,
1014 5546 1155 5615 quod
1201 5547 1292 5597 illo
1335 5546 1444 5599 fere
1481 5541 1726 5615 tempore

168 5612 478 5686 leestius,
500 5612 751 5686 .lulianus
784 5617 982 5684 aliique
1009 5612 1284 5686 Pelagiani
1320 5632 1378 5670 se
1412 5612 1725 5671 Constanti—

169 5683 386 5750 nopolin
418 5684 482 5735 ad
510 5683 816 5739 Nestorium
845 5683 1143 5740 contulere.

235 5754 306 5821 (bl
339 5751 610 5806 lulianum
648 5756 1008 5824 Minisuestiae.
1052 5758 1140 5808 nlui
1182 5765 1303 5807 octo
1337 5757 1502 5812 libros
1535 5766 1723 5810 contra

175 5822 522 5894 Augustinum
565 5822 812 5900 scripsit,
851 5843 1022 5899 uSque
1061 5829 1126 5882 ad
1171 5826 1435 5883 Theodori
1493 5837 1722 5884 tttot'tem

1835 4581 2169 4636 Schroeckh.
2223 4581 2259 4634 l.
2313 4579 2355 4640 1,
2393 4580 2508 4644 XV,
2549 4597 2599 4649 p.
2635 4580 2722 4639 92,
2777 4579 3402 4650 Baumgarten-Crusius

1831 4674 1869 4728 1.
1909 4675 1998 4740 Ι.’)
2033 4682 2086 4727 et
2129 4672 2403 4740 Pelagium
2450 4672 2522 4734 (ν.
2565 4670 2774 4726 Tillem.
2809 4672 2845 4726 l.
2884 4689 2933 4724 c.
2965 4673 2980 4736 )
3012 4669 3400 4740 Mopsuestiam

1832 4784 1891 4822 se
1941 4765 2244 4820 contulisse
2291 4765 2430 4817 haud
2478 4764 2713 4818 absurde
2747 4764 3032 4832 conjicias.
3084 4763 3222 4818 Tttm
3272 4781 3404 4818 vero

1832 4861 2065 4929 primum
2106 4857 2432 4927 Pelagianos
2482 4857 2730 4911 Nestorio
2777 4857 3080 4912 innotuisse
3125 4865 3288 4926 atque
3322 4858 3402 4910 in-

1835 4951 2070 5004 faustum
2121 4965 2244 5003 cum
2282 4964 2346 5002 eo
2380 4950 2769 5002 comntercinm
2822 4949 3014 5003 iniisse
3062 4951 3248 5004 credo.
3297 4949 3402 5004 Sed

1830 5042 2149 5097 Theodorus
2187 5058 2360 5111 usque
2388 5041 2454 5094 ad
2490 5050 2718 5094 mortem
2751 5057 2875 5095 eum
2915 5043 2981 5096 iis
3009 5041 3135 5096 fecit
3168 5042 3262 5110 (c),
3305 5058 3402 5097 ne-

1832 5149 1936 5202 que
1971 5147 2234 5202 unquam,
2269 5133 2412 5201 quod
2461 5132 2561 5186 sibi
2604 5130 2982 5186 Tillemontius
3029 5133 3064 5184 l.
3104 5131 3142 5196 I,
3187 5149 3238 5201 p.
3276 5133 3403 5199 440,

1825 5345 2096 5388 versatum
2143 5349 2265 5388 esse
2305 5335 2444 5387 male
2478 5335 2733 5403 opinattts
2781 5345 2861 5388 est
2899 5337 3150 5392 Norisins
3193 5338 3226 5391 l.
3265 5339 3324 5400 l.,
3361 5341 3403 5404 l,

1825 5407 2012 5475 p.219
2068 5405 2152 5456 Cf.
2185 5405 2312 5456 Mar.
2358 5405 2519 5475 Merc.
2557 5407 2589 5456 l.
2620 5423 2692 5464 c.,
2739 5423 2786 5474 p.
2819 5407 2942 5460 62.3.

1897 5474 1970 5544 (ε)
2001 5474 2400 5546 |u_universum
2435 5474 2634 5542 Pelagii
2676 5479 2977 5530 doctrinam
3011 5477 3152 5528 haud
3199 5479 3403 5546 impro-

1824 5543 1991 5616 bavit.
2049 5543 2458 5613 Pelagianorum
2508 5556 2660 5614 pater
2710 5563 2862 5616 atque.
2913 5550 3050 5600 male
3088 5543 3292 5601 dicitur
3344 5566 3406 5603 ac

1825 5615 2025 5686 Pelagii
2062 5617 2325 5666 asseclam
2361 5631 2483 5666 eum
2512 5615 2788 5686 appelles.
2825 5617 3060 5672 Omnino
3089 5617 3399 5673 Nosterini

1825 5685 2150 5758 eutnsecuti
2177 5695 2324 5758 sunt
2365 5685 2718 5758 pluribusque
2759 5689 3090 5743 Assemanus
3128 5691 3160 5740 l.
3201 5708 3244 5742 (τ.
3281 5705 3406 5758 νιο-

1833 5758 2012 5818 bavit,
2053 5754 2744 5830 ChaldaeosNestorianos
2793 5760 2858 5812 de
2905 5760 3133 5829 originis
3182 5754 3407 5830 peccato

1837 5841 2008 5886 usque
2047 5820 2220 5881 adhuc
2262 5827 2398 5881 tnale
2435 5829 2661 5883 sentire.
