3804 6222
351 304 412 358 7|
1227 295 1528 353 OTTONIS
1561 292 1744 349 FRlD.
1789 286 2176 346 FRITZSCIJE
2206 285 2706 345 COMMENTATIO
3533 286 3612 341 '73

352 416 623 491 persuasit
653 415 730 486 (α)
753 456 768 479 ,
802 413 1077 469 Julianum
1110 411 1609 468 anathematizavit.
1640 409 1840 465 Nititur
1867 424 1920 463 v.
1952 409 1999 467 Α
2025 420 2147 459 eum
2204 412 2391 458 narrat
2429 421 2448 454 ι
2498 398 2671 458 libros
2716 415 3043 472 componere
3077 399 3347 456 adversus
3382 398 3605 455 Domini

351 510 408 563 d.
440 510 543 563 hoc
578 505 732 561 Marii
761 504 925 560 hlerc.
960 504 1022 568 l.,
1051 519 1103 575 p.
1138 503 1266 567 625,
1300 522 1320 554 ‹
1356 506 1631 573 Agnoscat
1659 529 1728 539 —
1756 498 1926 553 Julia-

353 615 459 656 nus
502 614 570 654 ex
620 600 722 652 hac
769 597 1127 651 translatione
1162 595 1431 666 (symboli
1468 591 1846 659 Theodorei),
1881 590 1929 643 si

355 690 534 759 legere
558 704 666 742 non
689 686 1001 748 fastidierit,
1029 697 1283 740 manente
1307 684 1448 755 apud
1479 714 1551 726 --
1578 680 1927 737 Theodorum

356 783 445 835 illa
480 797 585 844 qua
616 797 738 835 eum
783 780 1025 834 diximus
1059 780 1199 831 mala
1244 777 1348 831 fide
1388 792 1575 831 secum
1617 774 1929 829 Nestorium

356 874 656 942 decepisse,
685 870 849 925 etiam
878 871 977 926 sibi
1013 871 1183 940 magis
1208 883 1418 937 suoque
1444 866 1684 938 dogmati
1715 892 1783 905 -—-
1810 879 1934 919 esse

358 966 720 1025 contrarium,
754 979 922 1033 seque
950 963 1111 1017 etiam
1145 972 1267 1032 post
1298 963 1361 1016 de
1390 960 1582 1016 Cilicia
1611 961 1933 1014 abscessum

361 1060 432 1113 ab
459 1073 525 1112 eo
557 1058 613 1111 in
638 1058 1020 1126 episcoporum
1047 1054 1339 1124 provinciae
1368 1069 1480 1108 sua!
1501 1061 1773 1107 conventu
1806 1065 1937 1104 ana-

362 1152 599 1204 themate
642 1162 767 1201 esse
808 1146 1149 1199 damnatum.
1204 1164 1224 1196 ι
1279 1147 1348 1197 At
1396 1159 1528 1197 vero
1573 1142 1824 1197 Julianus
1870 1156 1937 1195 ex

365 1242 595 1313 symboli
634 1238 993 1293 translatione
1023 1250 1321 1306 agnoscere
1351 1236 1599 1304 jubetur,
1629 1234 1734 1289 sibi
1760 1232 1938 1286 Theo-

364 1334 558 1388 dorum
589 1330 927 1384 contrarium
956 1344 1080 1383 esse
1111 1343 1278 1397 seque
1308 1336 1429 1397 post
1463 1328 1671 1380 abitum
1701 1327 1768 1381 de
1806 1326 1941 1380 (lilio

365 1425 449 1479 cia
475 1423 543 1477 ab
569 1437 635 1477 eo
670 1423 722 1485 in
755 1423 1137 1492 episeoporum
1174 1419 1467 1489 provinciae
1498 1425 1769 1471 conventu
1812 1432 1943 1471 ana-

368 1515 607 1567 themate
640 1527 765 1567 esse
798 1510 1136 1565 damnatura.
1176 1509 1314 1563 Hinc
1351 1510 1442 1562 illa
1483 1511 1666 1576 Opinio
1703 1517 1814 1561 tum
1851 1507 1944 1560 de-

367 1621 515 1660 mum
547 1613 693 1658 stare
725 1610 940 1673 posset,
978 1602 1023 1655 si
1055 1600 1307 1655 Julianus
1344 1602 1396 1654 in
1434 1601 1683 1671 symbolo
1729 1601 1945 1654 nomine

368 1694 658 1749 damnatus
695 1700 861 1746 esset.
897 1689 1010 1745 lino
1059 1691 1261 1745 Marius
1308 1690 1470 1745 Merc.
1508 1692 1608 1744 hoc
1645 1692 1745 1745 sibi
1783 1693 1896 1743 vult
1927 1709 1940 1745 :

370 1788 558 1842 Cilicia
616 1788 686 1840 ab
732 1785 952 1839 Juliano
998 1785 1187 1839 relicta
1227 1786 1605 1855 episcoporum
1653 1786 1940 1854 provincia:

371 1888 489 1934 erat
514 1886 836 1940 conventus,
873 1878 925 1930 iu
958 1892 1068 1946 quo
1099 1876 1419 1931 Theodorus
1450 1878 1754 1948 symbolum
1784 1893 1941 1933 suum

372 1971 523 2042 legit,
564 1986 673 2040 quo
722 1971 826 2023 alia
878 1970 1276 2037 perverseiscd
1311 1968 1379 2023 de
1426 1970 1635 2023 Adamo
1682 1970 1947 2024 catholico.

374 2062 583 2116 docuit.
616 2061 722 2116 Eos
750 2061 841 2130 qui
873 2061 1031 2113 aliter
1059 2060 1329 2114 sentirent
1359 2060 1703 2115 anathemate
1726 2061 1947 2114 damna-

373 2153 635 2221 vitatque
660 2153 732 2205 ita
758 2152 923 2205 etiam
959 2149 1259 2204 Julianum.
1292 2148 1445 2205 Hanc
1471 2151 1577 2205 loci
1606 2152 1752 2207 illius
1776 2154 1946 2208 inter-

377 2244 745 2315 pretationem
803 2256 988 2297 veram
1040 2258 1162 2299 esse
1214 2258 1339 2298 cum
1392 2243 1570 2313 ipsum
1621 2245 1944 2315 symbolum,

376 2334 523 2405 quod
556 2334 712 2403 plura
748 2332 814 2386 de
855 2333 1063 2386 Adamo
1103 2332 1350 2386 continet
1389 2347 1511 2401 qua;
1547 2331 1748 2388 Marius
1779 2333 1944 2388 Merc.

377 2425 433 2478 in
479 2438 634 2479 suam
671 2423 999 2476 sententiam
1050 2422 1400 2492 interpretari
1453 2430 1696 2492 poterat,
1729 2432 1840 2476 tum
1883 2438 1947 2478 ea

376 2521 701 2583 argumento
752 2520 900 2572 sunt,
952 2527 1073 2580 quae
1122 2510 1325 2565 Marius
1372 2510 1537 2566 Merc.
1591 2512 1657 2565 de
1703 2513 1949 2581 symbolo

378 2603 697 2671 disputavit.
731 2599 1048 2655 Perversam
1092 2600 1213 2669 ejus
1247 2602 1314 2656 de
1344 2601 1720 2655 incarnatione
1748 2602 1951 2655 doctri-

382 2711 507 2749 nam
547 2692 850 2753 damnavit,
898 2691 965 2745 de
1014 2700 1239 2761 peccato
1293 2694 1521 2762 originis
1557 2693 1691 2746 nihil
1726 2693 1948 2762 adjecit.

381 2785 534 2839 Adde
573 2783 717 2853 quod
752 2782 911 2837 aliter
951 2782 995 2836 si
1028 2783 1226 2838 statuis
1260 2782 1669 2839 difficultatibus
1704 2784 1950 2854 implica-

382 2878 481 2938 ris,
505 2894 572 2931 ex
602 2877 804 2947 quibus
831 2886 883 2930 te
901 2891 1044 2947 aegre
1074 2876 1354 2946 expedias.
1385 2874 1542 2929 lllum
1575 2892 1704 2930 vero
1737 2878 1953 2946 episco-

384 2982 577 3039 porum
624 2975 950 3023 conventum
994 2975 1212 3038 pmpter
1262 2967 1384 3022 lites
1418 2967 1735 3037 Pelagianas
1772 2979 1950 3023 actum

2030 494 2123 551 Dei
2164 497 2580 566 apparitioncm.
2632 513 2650 546 ›
2705 492 2889 562 Neque
2935 507 3064 547 vero
3100 492 3170 547 de
3218 492 3614 546 incarnatione

2038 590 2214 643 solum
2250 588 2359 642 illis
2386 588 2540 642 libris
2574 587 2882 657 expositum
2914 584 3085 640 fuisse
3112 584 3388 647 existimo,
3423 585 3520 640 sed
3546 586 3614 639 in

2031 680 2349 736 universum
2391 679 2457 733 de
2495 679 2713 733 arcanis
2768 676 3118 732 Christianis.
3167 676 3271 731 tlui
3318 676 3616 731 sententia:

2032 784 2097 825 eo
2143 769 2390 824 nonnihil
2428 766 2920 823 commendationis
2976 755 3265 835 adjicitur,
3315 765 3460 836 quod
3518 762 3615 817 Si—

2034 877 2192 916 meon
2226 860 2404 930 presb.
2434 869 2488 913 et
2520 858 2770 913 monach.
2804 855 3017 912 Nestor.
3050 872 3175 910 saec.
3210 864 3307 909 x’m
3341 855 3611 909 nonnulla

2035 953 2102 1008 de
2138 968 2295 1008 sacra
2326 967 2479 1007 omna
2514 959 2568 1007 et
2624 951 2953 1021 baptismate
3015 947 3181 1003 refert
3232 947 3340 1018 (cf.
3386 948 3610 1002 Assem.

2036 1044 2178 1100 Bibl.
2215 1044 2311 1109 0r,
2338 1043 2424 1108 Ill,
2454 1058 2492 1106 ι,
2520 1059 2574 1114 p.
2607 1041 2711 1096 565
2730 1042 2769 1112 ),
2798 1057 2917 1112 quae
2942 1038 3263 1094 Theodorus
3295 1038 3346 1090 in
3371 1037 3510 1091 libro
3534 1034 3617 1089 De

2037 1139 2346 1209 profundis,
2373 1138 2465 1207 qui
2505 1136 2689 1191 nullus
2721 1134 2829 1189 nisi
2876 1134 2945 1188 de
2973 1147 3082 1202 quo
3116 1144 3300 1186 sermo
3339 1137 3443 1193 est,
3486 1142 3618 1182 esse

2041 1239 2238 1302 potest,
2276 1230 2531 1284 docuisse
2552 1227 2888 1299 perhibetur.
2932 1223 3116 1296 Nugas
3144 1221 3363 1294 quidem
3395 1218 3551 1273 affert
3578 1235 3615 1270 a

2042 1322 2328 1377 Theodoro
2376 1322 2468 1375 vix
2523 1321 2796 1391 profectas
2871 1336 2884 1374 :
2947 1318 3105 1387 panis
3162 1311 3512 1371 eucharistici
3579 1326 3617 1362 a

2041 1415 2261 1469 Christo
2295 1416 2350 1468 in
2381 1428 2540 1467 coena
2570 1410 2876 1471 consecrati
2908 1408 3194 1480 particulis
3221 1405 3450 1477 singulis
3479 1418 3621 1470 apo-

2045 1508 2199 1562 stolis
2228 1506 2561 1571 distributis,
2600 1504 2774 1559 solum
2804 1500 3067 1555 Joannem
3098 1513 3252 1555 suam
3287 1494 3617 1568 particulam

2051 1615 2228 1669 usque
2252 1598 2321 1653 ad
2346 1596 2706 1653 Pentecosten
2732 1607 3109 1655 conservasse,
3136 1606 3201 1645 ex
3224 1604 3330 1660 qua
3354 1596 3622 1658 tanquam

2045 1709 2110 1748 ex
2145 1692 2411 1746 fermento
2436 1688 2669 1760 apostoli
2701 1702 2897 1757 panem
2936 1683 3323 1745 confecissent,
3358 1697 3466 1749 quo
3499 1679 3624 1751 pri—

2051 1802 2193 1841 mam
2247 1782 2522 1853 liturgiam
2557 1781 2611 1835 in
2659 1779 2943 1835 cmnaculo
2986 1776 3347 1832 celebrarent.
3392 1774 3468 1829 Ita
3508 1772 3624 1827 fer-

2052 1886 2292 1932 mentum
2335 1890 2553 1930 sacrum
2592 1888 2656 1928 ex
2687 1887 2798 1926 uno
2827 1872 2881 1925 in
2918 1871 3144 1926 alterum
3179 1882 3374 1938 panem
3413 1865 3623 1920 eucha-

2051 1969 2299 2023 risticum
2334 1981 2428 2035 per
2466 1963 2686 2019 Adaeum
2714 1971 2768 2018 et
2813 1960 3004 2016 Marim
3044 1961 3414 2029 apostolorum
3449 1958 3628 2012 disci-

2053 2060 2209 2130 pulos
2233 2058 2299 2111 ad
2326 2056 2495 2127 Syros
2515 2054 2822 2110 Orientales
2843 2053 3177 2114 traductum,
3204 2050 3350 2122 quod
3378 2051 3626 2104 sanctis-

2053 2150 2191 2205 sime
2206 2156 2541 2202 asservetur.
2568 2145 2737 2200 Porro
2754 2157 2975 2215 aquam,
2998 2157 3120 2212 qua:
3139 2157 3206 2196 ex
3225 2141 3394 2196 latere
3414 2138 3628 2195 Christi

2052 2241 2353 2298 effluxisset
2382 2240 2449 2293 ab
2472 2228 2685 2294 Joanne
2708 2239 2761 2293 in
2793 2253 2958 2296 urceo
2978 2237 3262 2291 collectam
3293 2234 3625 2290 fermentum

2055 2334 2286 2388 alterum
2319 2346 2476 2402 aquae
2507 2331 2853 2402 baptismalis
2878 2329 3050 2385 fuisse
3070 2337 3124 2383 et
3155 2328 3222 2381 ab
3242 2324 3431 2382 eodem
3456 2326 3630 2379 Adam

2057 2425 2212 2498 Syris
2256 2425 2633 2480 Orientalibus
2676 2424 2930 2478 traditam
2967 2441 2981 2477 :
3023 2421 3119 2478 sed
3172 2419 3287 2476 sive
3320 2419 3457 2474 liber
3502 2434 3634 2472 cor-

2054 2524 2251 2586 ruptus
2278 2523 2384 2581 est,
2412 2517 2549 2578 sive,
2581 2514 2721 2568 idem
2755 2513 2900 2569 enim
2933 2512 3066 2566 illud
3096 2511 3213 2582 ipse
3242 2507 3483 2564 Joannes
3511 2515 3635 2561 tra-

2055 2609 2186 2664 dere
2220 2609 2441 2672 dicitur,
2477 2607 2618 2662 male
2644 2606 2979 2667 intellectus,
3005 2604 3059 2659 in
3083 2620 3148 2660 eo
3172 2604 3239 2659 de
3269 2601 3635 2659 sacramentis

2056 2701 2218 2755 etiam
2250 2714 2428 2754 sermo
2462 2698 2581 2752 fuit.
2626 2698 2894 2752 Caeterum
2952 2695 3255 2750 Nestoriani
3295 2692 3638 2765 posteriores

2057 2792 2113 2846 in
2141 2791 2340 2845 multas
2371 2806 2542 2861 nugas
2568 2789 2776 2858 delapsi
2809 2794 2960 2844 sunt.
2992 2786 3078 2843 Cf.
3109 2803 3160 2841 v.
3192 2802 3241 2841 c.
3289 2785 3467 2851 Thilo,
3507 2782 3635 2839 cod.

2058 2881 2129 2937 Ν.
2164 2882 2226 2937 T.
2257 2898 2459 2951 apocr.,
2488 2883 2532 2945 Ι,
2561 2897 2612 2950 p.
2648 2895 2799 2934 χχχιι
2835 2895 2957 2950 sqq.

2646 2972 2711 3028 K.
2755 2971 3031 3041 Epistolit’.

384 3074 508 3113 esse
529 3058 711 3112 minus
734 3058 1034 3127 probabile.
1067 3057 1335 3111 Caeterum
1360 3072 1423 3112 ex
1450 3057 1619 3111 Mario
1644 3057 1812 3112 Merc.
1842 3074 1948 3112 non
1983 3096 2027 3157 Ε
2130 3065 2371 3136 Denique
2401 3065 2659 3134 epistolas
2688 3066 2774 3118 hic
2815 3079 3183 3118 commemoro
3204 3102 3219 3125 ,
3254 3061 3513 3131 quoniam
3557 3076 3631 3114 ex

386 3159 538 3201 certo
568 3146 895 3201 concludere
924 3147 1069 3207 licet,
1103 3147 1409 3217 symbolum
1441 3146 1569 3200 illud
1603 3156 1725 3217 post
1754 3147 1954 3203 Juliani

388 3238 603 3292 demum
640 3239 706 3293 de
739 3238 929 3292 Cilicia
963 3238 1166 3292 abitum
1199 3240 1481 3294 conditum
1513 3254 1656 3295 esse.
1689 3238 1824 3295 Tum
1850 3257 1957 3295 non

387 3328 616 3391 factum,
648 3330 741 3384 sed
776 3331 971 3383 lectum
1008 3340 1114 3383 est.

919 3422 956 3474 l.
1004 3421 1148 3475 Libri
1195 3423 1426 3492 mystici.

461 3512 654 3569 Libros
700 3515 998 3585 mysticus,
1034 3514 1107 3569 cf.
1151 3513 1387 3587 Hesych.
1434 3516 1469 3570 ι.
1514 3531 1589 3578 c.,
1625 3533 1679 3586 p.
1726 3517 1849 3578 104,
1892 3547 1964 3559 ν-

392 3603 639 3672 mysticos
691 3620 953 3657 sermones
1002 3633 1089 3666 —,
1132 3620 1270 3673 quos
1312 3603 1441 3660 Fac.
1495 3621 1577 3665 ιιι.
1626 3606 1681 3669 2,
1733 3608 1963 3662 codicem

395 3696 675 3763 mysticum
708 3694 864 3757 dixit,
907 3694 1175 3750 Ebediesu
1212 3696 1249 3750 l.
1293 3710 1369 3760 c.,
1419 3712 1473 3767 ι).
1509 3697 1601 3760 55,
1658 3710 1854 3751 tomum
1901 3698 1965 3750 de

394 3788 609 3839 arcanis
659 3788 881 3847 (minus
926 3797 1073 3843 recte
1137 3790 1423 3845 Asseman.
1492 3788 1565 3843 De
1615 3793 1963 3843 sacramentis

394 3880 557 3929 vertit
583 3876 623 3943 ),
654 3874 972 3931 Theodorus
995 3894 1152 3931 senex
1172 3880 1395 3948 scripsit
1418 3880 1510 3949 (cf.
1549 3881 1781 3951 llesych.
1809 3883 1843 3935 l.
1866 3884 1962 3935 αἱ.

398 3966 795 4021 Brevissimum
843 3970 984 4022 tertii
1024 3970 1219 4024 decimi
1266 3971 1390 4024 lihri
1429 3971 1813 4042 fragmentum,
1860 3990 1966 4044 quo

395 4058 598 4115 Paulus
647 4058 1069 4120 Samosatenus,
1102 4062 1192 4131 qui
1225 4061 1503 4117 Christum
1548 4081 1742 4134 purum
1794 4067 1967 4120 hami-

400 4167 521 4205 nem
552 4152 848 4215 habuisset,
882 4153 1106 4223 angelus
1136 4154 1336 4207 diaboli
1369 4155 1591 4216 dicitur,
1620 4156 1803 4208 attulit
1836 4155 1966 4210 Fac.

400 4242 436 4296 l.
467 4243 526 4308 l.,
553 4251 605 4297 et
633 4241 934 4313 Hesychius
965 4244 1031 4297 ad
1058 4245 1181 4300 illos
1214 4247 1516 4317 respiciens
1551 4249 1970 4319 prmsumpsisse

469 4395 545 4474 (α)
586 4416 602 4447 ι
638 4427 705 4435 -
740 4397 911 4474 Aprés
933 4399 1062 4470 qu‘il
1092 4399 1337 4474 (Julien)
1372 4403 1453 4458 fut
1478 4405 1615 4472 parti
1644 4404 1709 4458 de
1730 4420 1791 4459 ce
1814 4419 1965 4474 pays,

399 4464 486 4520 les
510 4464 866 4539 évesques'de
902 4464 963 4525 la"
992 4464 1246 4542 province
1277 4464 1441 4544 ayant
1482 4464 1613 4528 tenu
1648 4491 1720 4529 un
1755 4464 1963 4530 co'nc'ile

2058 3170 2211 3229 parte
2238 3169 2383 3214 certe
2422 3158 2727 3226 argumenti
2759 3156 3051 3228 dogmatici
3094 3154 3334 3209 fuerunt.
3371 3152 3637 3206 Photinus

2060 3248 2330 3304 Theodori
2352 3248 2612 3318 epistolas
2644 3247 2839 3317 legisse
2868 3262 2931 3299 ex
2960 3245 3083 3300 cod.
3119 3244 3218 3297 l77
3253 3242 3635 3314 cognoscitur.

2060 3340 2325 3396 Ebediesu
2364 3342 2398 3394 l.
2432 3356 2505 3399 c.,
2538 3355 2589 3409 p.
2621 3338 2710 3403 55,
2743 3367 2811 3379 --
2848 3337 3041 3390 librum
3078 3334 3499 3405 Margaritarum
3520 3372 3535 3396 ,
3577 3334 3640 3386 iu

2060 3448 2161 3503 quo
2208 3432 2319 3501 ejus
2356 3431 2593 3499 epistoltz
2623 3430 2857 3484 collectiv
2903 3436 3046 3481 sunt.
3098 3425 3276 3481 Unum
3326 3425 3519 3495 fragm.
3565 3440 3639 3477 ex

2061 3521 2293 3590 epistola
2341 3519 2408 3573 ad
2460 3521 2749 3573 Artemium
2788 3517 3084 3573 Alexandr.
3127 3517 3313 3586 presb.
3370 3514 3642 3580 secunda,

2063 3613 2206 3683 quod
2241 3613 2308 3667 de
2346 3612 2615 3667 Trinitate
2649 3613 2779 3682 agit,
2825 3610 3073 3664 exhibuit
3120 3607 3247 3661 Fac.
3300 3624 3381 3670 ιιι,
3426 3606 3493 3669 5;
3531 3608 3643 3659 tria

2064 3705 2308 3772 epistola:
2358 3704 2427 3755 ad
2484 3703 2764 3767 Damnum,
2818 3703 2873 3756 in
2932 3702 3133 3771 quibus
3192 3701 3260 3755 de
3312 3712 3641 3755 naturarum

2065 3792 2265 3846 Christi
2295 3791 2485 3844 ἐνώσει
2515 3792 2655 3845 κατὰ
2686 3789 2932 3843 εὐδοκίαν
2966 3790 3281 3852 disseritur,
3311 3803 3377 3841 ex
3409 3790 3646 3840 Anasta-

2067 3886 2132 3940 sii
2157 3884 2338 3953 presb.
2371 3885 2555 3954 ecloge
2580 3884 2827 3955 χρήσεων
2856 3881 3201 3953 δογματικῶν
3232 3879 3413 3934 attulit
3441 3876 3643 3936 Jacob.

2069 3974 2347 4029 Sirmoud.
2379 3974 2444 4027 ad
2471 3972 2597 4029 Fac.
2628 3990 2702 4039 ix,
2734 3974 2787 4028 5.
2813 3972 3163 4028 Theodorum
3193 3980 3372 4026 autem
3396 3970 3463 4024 de
3489 3968 3644 4024 Can-

2068 4069 2177 4119 tico
2210 4066 2550 4118 canticorum
2592 4079 2709 4118 mea
2739 4065 3010 4119 sententia
3049 4064 3103 4118 in
3136 4061 3366 4132 epistola
3399 4058 3643 4130 quadam

2069 4158 2317 4227 pluribus
2348 4159 2675 4227 exposuisse
2713 4155 2824 4227 jam
2857 4169 3021 4226 supra
3050 4170 3105 4226 p.
3142 4154 3229 4217 61,
3261 4152 3330 4206 62
3360 4152 3499 4223 (col.
3531 4150 3646 4217 Π)

2069 4250 2203 4305 dixi.

2000 4440 2046 4497 Β
2074 4414 2263 4497 contre
2300 4406 2381 4497 les
2424 4404 2750 4497 Pelagiensn
2767 4404 3049 4497 Theodore
3079 4405 3159 4476 s‘y
3188 4412 3383 4497 trouva
3401 4416 3541 4497 prec
3563 4402 3651 4458 les

2077 4486 2261 4533 autres
2284 4485 2338 4532 et
2358 4492 2391 4549 y
2416 4472 2692 4548 prononca
2720 4475 2817 4532 des
2839 4472 3156 4533 anathémes
3178 4482 3367 4530 centre
3393 4472 3593 4529 Julien.
3623 4491 3644 4525 ι

1834 4848 2088 4911 CAPUT
2137 4849 2214 4909 V.

1268 5011 1349 5052 DE
1378 5011 1703 5058 THEODORI
1747 5015 2021 5058 SCRIPTJS
2052 5014 2423 5059 ARGUMENTI
2455 5014 2771 5059 PRACTJCI.

477 5316 557 5372 Ad
595 5316 867 5375 Theodori
900 5323 1101 5394 scripta
1123 5366 1137 5389 ,
1170 5342 1293 5395 qua:
1324 5330 1562 5398 practica
1594 5330 1853 5407 appellari
1900 5332 1972 5385 li-

2071 5344 2282 5384 vereor.
2333 5327 2393 5382 lu
2445 5325 2737 5384 Theodoro
2791 5344 2953 5386 nemo
2988 5328 3145 5386 facile
3196 5329 3469 5401 ingenium
3517 5346 3654 5401 poe-

405 5421 509 5472 cet,
536 5411 645 5464 duo
678 5411 858 5482 hymni
889 5414 1156 5470 referendi
1186 5430 1390 5487 essent,
1426 5424 1470 5476 si
1504 5432 1650 5477 recte
1682 5425 1729 5478 ei
1770 5425 1976 5479 tribue—
2075 5424 2244 5479 ticum
2276 5430 2555 5495 agnoscat.
2593 5421 2818 5479 Rectius
2849 5438 2980 5480 vero
3010 5424 3124 5479 hac
3154 5426 3355 5496 scripta
3390 5426 3439 5481 ei
3470 5427 3655 5482 vindi-

407 5508 615 5554 rentur.
649 5500 751 5556 Sed
779 5518 966 5558 eorum
999 5506 1132 5560 alter
1151 5507 1414 5577 Ephraami
1438 5523 1523 5565 est
1556 5513 1649 5579 (cf.
1682 5515 1896 5569 Assem.
1934 5513 1972 5568 l.

409 5590 467 5652 l.,
499 5593 538 5654 l,
589 5608 640 5661 p.
680 5592 768 5663 60)
813 5604 867 5649 et
914 5603 971 5650 ut
1016 5598 1279 5669 hymnus,
1316 5602 1443 5673 qui,
1480 5604 1695 5659 Assem.
1744 5606 1779 5659 Ι.
1816 5607 1875 5667 l.,
1910 5603 1974 5671 11,

412 5696 462 5751 p.
509 5682 613 5737 48‘?
640 5723 655 5740 .
693 5696 861 5751 teste,
907 5690 960 5744 in
1005 5692 1126 5749 cod.
1174 5695 1408 5763 quodam
1449 5695 1570 5769 Syr.
1614 5697 1749 5753 bibl.
1795 5697 1975 5754 Vatic.

414 5775 587 5834 inest.
643 5781 814 5850 magis
866 5780 1217 5843 Theodoreus
1275 5789 1346 5844 sit
1399 5805 1499 5860 ego
1559 5791 1774 5863 quidem
1824 5793 1980 5849 valde

2076 5512 2251 5567 cauda
2286 5529 2303 5566 :

2113 5662 2177 5719 Δ.
2213 5662 2405 5719 Tomus
2444 5664 2508 5719 de
2545 5665 2861 5721 sacerdotio.
2907 5666 2992 5722 Cf.
3024 5666 3215 5723 Ebedi.
3252 5671 3289 5726 l.
3324 5710 3389 5734 ..,
3432 5688 3484 5743 p.
3516 5673 3607 5728 83.

2123 5796 2184 5854 Β.
2224 5800 2415 5857 Tomus
2431 5804 2507 5859 ad
2545 5799 2845 5856 uxoriae/tos.
2891 5800 2977 5858 Cf.
3015 5799 3205 5859 Ebedi.
3241 5803 3276 5859 l.
3321 5803 3383 5871 l.,
3416 5820 3471 5877 p.
3521 5806 3611 5863 54.
