3804 6222
190 301 245 355 Ti
960 295 1053 350 EX
1085 294 1332 352 LEONlS
1364 292 1639 350 ALLATII
1672 293 1997 351 DlATRlBA
2027 295 2115 350 DE
2147 293 2565 350 THEODORIS.
3334 289 3403 348 78

194 418 273 479 sit,
300 414 548 484 integram
577 426 691 467 non
724 427 848 470 esse
878 412 979 485 (α),
1013 428 1325 485 quanquam
1355 428 1477 484 quae
1508 413 1724 482 dempta
1752 421 1798 476 Α
1828 414 2071 484 antiqua,
2118 414 2211 468 sed
2245 411 2499 467 Nestorio
2551 424 2834 480 perperam
2884 408 3168 465 tribuitur.
3214 410 3406 476 Quan-

190 522 350 579 quazve
398 505 575 558 addita
606 505 718 561 sint
745 506 1037 559 incertum.
1090 504 1162 559 Ut
1208 521 1336 560 vero
1365 505 1495 574 quid
1529 504 1596 559 de
1626 520 1728 557 au-

190 596 373 651 thentia
397 594 745 650 statuendum
776 595 1137 663 explicemus,
1175 597 1339 664 paulo
1372 595 1538 649 altius
1577 609 1729 663 repe-

138 696 143 701 '
190 686 401 739 tendum.
460 683 921 739 Nestorianorum
978 693 1214 754 quatuor
1269 692 1397 739 sunt
1448 685 1725 751 liturgiae,

187 790 390 843 quarum
425 775 599 843 prima
647 772 752 829 SS.
818 776 1196 843 apostolorum
1232 775 1404 842 (Adaei
1439 782 1496 829 et
1539 773 1727 843 Maris)

186 864 363 919 dicitur
383 864 455 933 (v.
487 863 738 918 Renaud.
773 865 809 918 l.
836 866 873 919 l.
908 863 1036 934 ll,p.
1069 864 1729 931 584-597).Usitatissima

187 962 276 1015 est,
307 955 514 1022 antiqua
562 954 723 1007 etiam
753 994 767 1017 ,
804 956 897 1008 sed
931 964 1237 1023 temporum
1294 955 1528 1008 decursu
1574 954 1729 1007 valde

188 1044 480 1113 mutata.(cf.
514 1061 567 1096 v.
600 1059 650 1098 c.
676 1060 727 1113 p.
761 1044 887 1107 588,
911 1044 1003 1099 ubi
1030 1044 1292 1098 sacerdos
1333 1044 1556 1097 Mariam
1584 1051 1726 1108 orat,

186 1149 236 1190 111
267 1151 354 1205 pro
376 1154 430 1191 se
462 1135 656 1189 Filium
692 1136 1056 1205 deprecetur).
1084 1134 1341 1189 Secunda
1374 1143 1460 1190 est
1489 1135 1729 1197 Diodori,

183 1229 397 1282 nondum
441 1236 705 1298 quantum
771 1227 886 1280 scio
930 1226 1097 1280 edita.
1152 1224 1550 1279 Renau‘dotium
1580 1266 1593 1289 ,
1637 1225 1729 1294 qui

184 1320 365 1371 nullam
398 1318 613 1371 Diodori
668 1316 941 1385 liturgiam
984 1315 1154 1369 fuisse
1203 1315 1419 1369 dixerat
1460 1316 1497 1368 l.
1548 1316 1609 1380 l.,
1664 1316 1728 1377 ll,

181 1427 230 1477 p.
262 1410 373 1473 509,
427 1410 551 1472 5⁸15,
604 1409 751 1470 622,
789 1422 1063 1477 quemque
1117 1406 1188 1458 La
1248 1407 1422 1459 Croze
1468 1406 1609 1458 Hist.
1658 1406 1731 1457 du

182 1497 357 1551 Christ.
389 1499 474 1551 des
515 1498 694 1560 lndes,
727 1498 767 1560 l,
798 1514 853 1566 p.
887 1497 991 1549 522
1015 1494 1120 1561 (Cf.
1144 1496 1263 1563 ejus
1298 1496 1613 1565 Remarques
1642 1512 1734 1549 sur

183 1588 324 1642 l‘ltist.
366 1589 432 1641 du
464 1589 587 1641 Chr.
625 1589 716 1641 des
766 1588 947 1648 ludes,
994 1587 1147 1640 Halle
1192 1587 1424 1656 1751p.
1462 1587 1733 1645 15158ου-

177 1687 258 1731 tus
306 1686 414 1731 erat
440 1718 453 1740 ,
491 1677 748 1732 refutavit
797 1680 1002 1729 Assem.
1039 1678 1073 1729 Ι.
1108 1678 1142 1729 Ι.
1177 1675 1265 1740 111,
1315 1694 1366 1739 1,
1396 1692 1451 1746 p.
1488 1677 1573 1740 29,
1613 1678 1681 1730 50
1718 1693 1731 1741 ;

1829 499 1988 574 quam
2018 522 2118 561 cur
2154 507 2259 559 hoc
2304 504 2507 557 factum
2542 502 2634 567 sit,
2662 501 2890 570 vestigia
2920 502 3167 570 quazdam
3195 502 3403 557 veteris

1829 598 2063 668 liturgite
2098 594 2725 664 Constantinopolitanae
2769 593 3029 663 produnt,
3068 607 3188 662 quae
3230 592 3285 647 in
3336 608 3400 647 ca

1830 690 2081 744 videntur
2113 690 2313 743 inesse.
2346 686 2464 741 Jam
2490 701 2613 738 cum
2636 685 2811 753 prima
2847 684 2938 738 illa
2984 691 3039 738 et
3084 694 3276 753 quarta
3312 683 3403 753 (de

1831 778 2070 833 secunda
2121 777 2257 830 nihil
2302 774 2601 845 loquimur)
2651 775 2790 829 falso
2824 774 2891 827 ad
2947 783 3199 828 auctores
3228 789 3400 843 quos-

1828 870 1952 924 dam
1984 869 2314 927 referantur,
2349 866 2490 919 idem
2519 867 2572 919 in
2604 867 2820 919 tertiam
2870 864 3066 919 cadere
3090 866 3231 919 male
3264 880 3399 919 con-

1829 960 2039 1011 cludas.
2066 956 2198 1009 Illud
2226 956 2370 1010 enim
2402 970 2506 1008 non
2546 954 2733 1023 nugati
2758 961 2886 1007 sunt
2925 951 3257 1017 Nestoriani,
3292 953 3401 1005 imo

1835 1049 2044 1102 facilem
2076 1062 2318 1102 errorem
2351 1046 2709 1100 admiserunt.
2748 1043 3002 1114 Vulgaris
3033 1044 3123 1096 illa
3149 1052 3204 1098 et
3232 1058 3261 1096 a
3302 1040 3403 1096 Pa—

1832 1143 2012 1195 trihus
2042 1149 2265 1209 accepta
2301 1137 2519 1205 liturgia
2571 1135 2733 1190 facile
2771 1136 2840 1189 ab
2897 1134 3181 1203 apostolis,
3229 1135 3398 1187 altera

1833 1232 2049 1284 aliunde
2074 1238 2133 1283 ut
2157 1230 2371 1283 videtur
2412 1228 2574 1281 allata
2617 1227 2775 1281 facile
2801 1242 2830 1280 a
2861 1225 3115 1281 Nestorio
3146 1228 3398 1296 repetita.

1835 1322 1940 1376 Sed
1981 1336 2103 1375 cum
2154 1320 2499 1373 Theodorum
2529 1320 2807 1388 liturgiam
2859 1318 3238 1386 composuisse
3264 1331 3399 1371 con-

1834 1419 1959 1474 stet,
1988 1425 2089 1479 ego
2115 1410 2335 1479 quidem
2366 1409 2512 1461 illam
2542 1408 2591 1461 ci
2618 1408 2988 1477 ascripserim.
3023 1404 3174 1461 Ultra
3217 1414 3398 1461 tamen

1834 1502 2273 1571 probabilitatem
2324 1501 2571 1569 progredi
2618 1514 2726 1553 non
2754 1500 2951 1553 audeo.
2978 1497 3054 1550 Ex
3088 1499 3299 1552 interna
3336 1498 3402 1551 11-

1834 1592 2025 1659 turgim
2054 1591 2233 1644 indole
2268 1590 2407 1643 hanc
2427 1591 2479 1642 in
2506 1605 2616 1643 rem
2648 1589 2781 1642 nihil
2808 1588 3049 1643 ellicitur.
3078 1588 3212 1642 Nam
3243 1597 3303 1643 ut
3332 1590 3401 1643 de

1835 1684 2017 1753 lingua
2054 1683 2265 1743 sileam,
2292 1680 2539 1734 doctrina
2576 1681 2628 1733 in
2680 1680 2834 1735 libris
2867 1681 3132 1749 liturgicis
3162 1695 3262 1735 nec
3303 1679 3401 1735 do-

179 1768 289 1822 vide
341 1770 494 1822 etiam
555 1785 604 1836 p.
650 1768 777 1821 236.
836 1768 1014 1821 Tertia
1050 1767 1319 1821 Theodori
1372 1784 1401 1820 a
1455 1766 1727 1821 Dominica
1765 1759 1803 1814 Β
1833 1774 2063 1842 gmatica
2097 1772 2485 1842 perspicuitate
2524 1772 2842 1825 enucleatur
2873 1786 3047 1840 neque
3086 1787 3147 1826 ea
3178 1769 3403 1826 allertur

177 1861 334 1927 prima
361 1860 809 1912 Aununtiationis
837 1876 1011 1928 usque
1034 1861 1098 1915 ad
1135 1860 1472 1913 Dominicam
1520 1858 1728 1912 Palma-

179 1964 286 2000 rum
333 1949 620 2013 celebrata,
662 1965 727 2001 eo
786 1949 1054 2016 imprimis
1091 1964 1118 2001 a
1150 1950 1321 2018 prima
1351 1948 1553 2009 differt,
1580 1949 1726 2016 quod

178 2037 413 2091 sacerdos
456 2038 724 2106 prolixius
785 2038 1046 2106 loquitur.
1086 2038 1291 2103 Quarta
1346 2038 1580 2106 denique
1626 2038 1729 2092 Ne-

174 2126 315 2177 storii
346 2126 614 2193 (Renaud.
654 2128 688 2177 l.
717 2127 751 2179 l.
778 2127 845 2188 ll,
880 2143 931 2196 p.
981 2127 1258 2197 626-658),
1298 2129 1587 2197 quinquies
1624 2128 1731 2181 sin-

176 2214 301 2279 gulis
326 2216 478 2269 annis
524 2216 822 2276 celebrata,
850 2217 1093 2270 eamdem
1140 2232 1302 2285 quam
1336 2216 1605 2270 Theodori
1643 2215 1728 2269 in-

170 2303 334 2359 dolem
367 2306 551 2368 refert,
596 2308 701 2360 nisi
730 2307 876 2375 quod
916 2308 1204 2362 verbosior
1240 2315 1343 2363 est.
1384 2306 1479 2362 Est
1511 2307 1728 2377 quidem

236 2502 305 2573 (α)
335 2502 453 2557 Haec
477 2504 812 2573 conjectura,
841 2503 1108 2573 siquidem
1155 2503 1525 2572 conjecturam
1559 2503 1718 2569 dicis,

165 2574 301 2644 quod
402 2590 443 2627 .r
479 2590 539 2627 se
573 2583 782 2627 certum
830 2582 934 2635 est,
967 2575 1239 2627 immerito
1272 2573 1628 2625 'Renaudotio
1680 2575 1714 2625 l.

167 2641 229 2696 1..
253 2659 303 2696 n.
346 2589 467 2696 gis.
496 2643 670 2696 futilis
721 2657 897 2696 neque
940 2644 1066 2696 ullis
1114 2643 1451 2696 argumentis
1494 2640 1714 2695 fundata

167 2640 303 2713 1.,p.
346 2640 467 2706 578,
496 2643 670 2696 futilis
721 2657 897 2713 neque
940 2644 1066 2697 ullis
1114 2643 1451 2713 argumentis
1494 2640 1722 2695 fundata

1829 1865 1935 1919 nisi
1963 1881 2083 1933 qua:
2114 1865 2166 1918 in
2215 1875 2381 1927 cortu,
2407 1864 2494 1917 cui
2541 1863 2794 1917 destinati
2847 1870 2996 1927 sunt,
3045 1872 3260 1933 recepta
3294 1873 3397 1917 est.

1830 1951 2245 2007 Nestorianismi
2298 1960 2475 2006 autem
2518 1951 2717 2005 indicia
2757 1950 3045 2005 manifesta
3076 1966 3181 2006 non
3223 1952 3400 2005 solum

1830 2037 2064 2093 Nestorii
2106 2041 2197 2093 illa
2246 2040 2489 2109 liturgia,
2532 2048 2590 2093 ut
2629 2040 2872 2095 Henaud.
2913 2040 2949 2093 l.
2976 2040 3012 2095 l.
3050 2056 3103 2109 p.
3133 2040 3398 2105 645,644,

1830 2131 2123 2193 existimat,
2154 2131 2245 2185 sed
2275 2132 2493 2199 reliqua)
2525 2130 2686 2183 etiam
2720 2131 3019 2191 continent.
3049 2146 3112 2187 ea
3146 2132 3399 2185 nimirum

1831 2237 1955 2291 qua:
1979 2221 2032 2275 in
2064 2222 2312 2291 liturgias
2336 2221 2532 2275 cadere
2561 2229 2811 2289 possunt.

1829 2507 2047 2580 dicitur.
2070 2507 2401 2580 Argumenta
2439 2505 2605 2580 credo
2648 2514 2733 2580 sat
2771 2507 2939 2580 multa
2977 2508 3400 2580 suppeditabunt

1829 2579 1964 2630 varii
1993 2576 2445 2631 Nestorianorum
2479 2577 2601 2630 libri
2629 2578 2901 2631 missales.

194 2785 3385 2824 mm

1401 2809 1601 2818 .__.__.

1617 2807 1907 2817 —_—

1294 2963 2261 3090 EXCERPTUM

340 3215 504 3305 EX
582 3213 1018 3307 LEONIS
1074 3210 1546 3299 ALLATII
1606 3207 2163 3297 DIATRIBA
2243 3210 2387 3297 DE
2462 3207 3167 3301 THEODORIS

1540 3402 1727 3465 (Non.
1764 3403 1977 3483 LXV.)

576 3571 768 3635 (Edidit
788 3579 843 3620 et
865 3573 994 3620 notis
1016 3570 1278 3619 illustravit
1301 3569 1430 3619 card.
1459 3570 1652 3630 Angelo
1681 3568 1796 3626 HA1,
1817 3568 1865 3615 in
1893 3566 2180 3617 Bibliotheca
2201 3582 2321 3619 nova
2344 3572 2567 3629 Patrum,
2596 3578 2630 3620 t.
2656 3572 2736 3632 Vl,
2758 3587 2807 3634 ῃ.
2838 3572 2967 3633 116.)

231 3885 550 3941 Theodorus
594 3883 1011 3953 Mopsucstenus
1053 3882 1345 3938 Diodorum
1394 3880 1548 3936 Tarsi
1604 3884 1724 3951 epi-
1754 3870 1796 3927 C
1832 3890 1946 3935 tum
1985 3882 2110 3936 vitae
2164 3882 2476 3939 institutum
2529 3885 2709 3941 denuo
2742 3887 3136 3952 exosculatus,
3190 3904 3395 3962 usque-

167 3987 379 4042 scepnm
412 3975 625 4038 audiit,
653 3982 705 4028 et
732 3971 1049 4025 Flavianum
1079 3972 1432 4026 Antiochenae
1469 3973 1728 4027 Ecclesiae

167 4066 491 4130 antistitem;
520 4079 820 4132 eorumque
840 4062 1184 4133 dogmatibus
1204 4065 1476 4117 enutritus
1501 4071 1554 4118 et
1581 4064 1729 4117 clare

168 4162 319 4224 atque
367 4156 588 4209 fortiter
630 4157 912 4210 elaborare
949 4155 1209 4218 edoctus,
1258 4162 1317 4207 ut
1366 4155 1441 4208 ait
1486 4154 1728 4208 Domnus

165 4247 531 4304 Antiochenus
568 4248 637 4300 ad
666 4246 1014 4301 Theodosium
1039 4248 1407 4313 imperatorem
1428 4287 1443 4311 ,
1485 4258 1536 4301 et
1564 4246 1728 4302 Joan-

163 4351 254 4391 nes
284 4339 337 4391 in
362 4354 460 4393 sua
494 4338 565 4391 ad
596 4338 873 4391 concilium
902 4336 1254 4391 Orientalium
1282 4340 1526 4404 epistola,
1554 4340 1727 4395 haere-

163 4429 385 4485 ticorum
416 4432 657 4485 catervis
708 4430 991 4483 immissus
1023 4438 1126 4482 est.
1160 4427 1283 4482 Fuit
1323 4429 1552 4484 Joannis
1583 4430 1727 4485 Cou-

166 4522 630 4593 stantinopolitaui
666 4521 910 4590 episcorii
944 4520 1384 4588 condiscipulus,
1418 4520 1726 4589 erudiitque

166 4611 491 4677 Nestorium,
537 4620 596 4665 ut
628 4622 821 4680 praeter
856 4610 992 4663 alios
1021 4610 1185 4663 habet
1219 4608 1480 4679 Evagrius
1518 4609 1724 4664 llistor.

165 4704 337 4757 eccles.
369 4704 463 4757 lib.
498 4719 540 4766 t,
573 4716 692 4769 cap.
729 4701 783 4766 2,
816 4708 869 4753 et
900 4700 1291 4753 Anthiochenae
1324 4700 1580 4755 Ecclesia:
1612 4710 1724 4753 tum

167 4793 275 4862 ipse
304 4794 653 4853 Theodorus,
695 4800 809 4844 tum
854 4791 1170 4853 Nestorius,
1203 4790 1460 4847 exstitere
1504 4792 1730 4861 presby-

165 4886 282 4938 teri.
306 4884 409 4939 Sed
429 4882 778 4937 Theodorum
805 4881 1243 4951 Mopsuestcnum
1263 4880 1575 4949 episcopum
1604 4895 1729 4934 con-

165 4975 470 5029 cionantem
545 4973 845 5027 Antiochiae
902 4971 1157 5025 audiebat
1206 4969 1493 5025 Nestorius
1549 4971 1727 5025 adhuc

161 5068 460 5137 presbyter,
499 5064 731 5132 insignis
769 5073 822 5117 et
854 5063 968 5130 ipse
1006 5062 1061 5115 in
1101 5061 1379 5123 dooendo,
1416 5070 1473 5115 ut
1507 5060 1727 5115 Genna-

1827 3985 1936 4040 quo
1981 3972 2135 4025 licuit
2172 3972 2531 4028 continuavit.
2574 3973 2816 4030 Tandem
2847 3976 3139 4047 episcopus
3171 3978 3350 4037 factus
3377 4023 3392 4044 ,

1829 4061 1882 4113 in
1912 4076 2044 4130 pace
2086 4062 2369 4117 catholica:
2404 4066 2843 4133 communionis,
2884 4082 2995 4122 non
3048 4070 3224 4124 solum
3276 4073 3396 4127 sine

1828 4157 1937 4209 ulla
1972 4159 2211 4226 querela,
2251 4158 2345 4214 sed
2392 4161 2556 4213 etiam
2588 4175 2715 4215 cum
2753 4161 2926 4230 gloria
2966 4177 3160 4232 magna
3196 4161 3395 4216 defun-

1829 4254 1951 4301 ctus
1974 4287 1989 4309 ,
2025 4255 2085 4300 ut
2123 4256 2277 4302 notat
2326 4248 2615 4304 Facundus
2654 4249 3064 4307 Hermianensis
3099 4269 3195 4321 pro
3235 4254 3395 4306 trium

1829 4335 2181 4402 capitulorum
2218 4336 2517 4406 defensione
2547 4338 2642 4393 lib.
2677 4354 2799 4403 vttt,
2832 4354 2954 4410 cap.
2993 4341 3043 4407 1,
3094 4356 3159 4395 ex
3187 4339 3395 4395 Joanne

1829 4424 2204 4491 Antiocheno,
2235 4428 2501 4497 agonibus
2535 4428 2797 4485 adversus
2834 4431 3098 4493 Arianos,
3129 4430 3394 4485 611111110-

1829 4519 2076 4581 mianos,
2116 4528 2168 4573 et
2218 4518 2355 4571 alios
2410 4517 2696 4572 haereticos
2744 4518 2993 4587 plurimis
3030 4533 3127 4589 per
3177 4534 3392 4573 omnem

1829 4627 1982 4665 suam
2011 4611 2175 4665 vitam
2202 4610 2403 4679 ubique
2435 4610 2748 4675 decoratur,
2777 4619 2829 4665 et
2866 4625 2895 4663 a
2926 4612 3135 4682 synodo
3166 4612 3395 4668 Chalce-

1830 4702 2056 4756 donensi
2076 4740 2091 4764 ,
2124 4717 2151 4753 a
2187 4700 2395 4755 Joanne
2419 4699 3027 4770 Constantinopolitano
3066 4709 3227 4772 atque
3254 4701 3394 4758 Gre-

1828 4795 1982 4861 gorio
2034 4790 2374 4845 Nazianzeno
2397 4832 2411 4856 ,
2447 4800 2761 4860 superstes,
2790 4799 2848 4846 ct
2895 4799 3019 4861 post
3065 4793 3275 4847 obitum
3303 4832 3318 4856 ,
3361 4808 3393 4847 a

1827 4882 2033 4937 Joanne
2059 4890 2113 4937 et
2136 4882 2342 4936 Domno
2363 4881 2737 4948 Antiochenis,
2767 4889 2821 4937 et
2844 4888 2954 4935 tota
2971 4882 3180 4953 synodo
3201 4882 3395 4938 Orien-

1828 4973 1920 5038 tis,
1951 4983 2116 5040 atque
2148 4971 2351 5043 Cyrillo
2380 4971 2769 5037 Alexandrino,
2804 4978 2859 5026 et
2890 4970 3086 5026 Proclo
3123 4972 3393 5029 Constan-

1829 5063 2185 5133 tinopolitano
2217 5072 2407 5117 contra
2442 5061 2882 5116 adversariorum
2910 5062 3213 5116 calumnias
3246 5062 3394 5117 mul-

158 5157 276 5211 dius
318 5173 443 5227 cap.
502 5156 571 5209 55
611 5162 866 5216 testatur,
894 5162 947 5206 et
984 5169 1049 5207 ex
1082 5162 1323 5221 tempore
1366 5152 1719 5207 declamator.
1754 5186 1799 5241 Β
1828 5152 1995 5222 tiplici
2034 5152 2247 5208 ratione
2292 5152 2626 5207 defenditur.
2668 5151 2735 5205 Et
2778 5167 2940 5216 sane,
2972 5167 3096 5206 cum
3127 5151 3306 5206 adhuc
3334 5154 3391 5206 in

160 5246 457 5316 Antequam
506 5242 843 5313 episcopatui
878 5250 1155 5312 praeesset,
1191 5243 1243 5295 in
1277 5258 1524 5296 eremum
1568 5258 1724 5297 sece-
1754 5238 1783 5241 ”
1829 5240 1965 5294 vivis
1986 5248 2153 5305 esset,
2187 5240 2257 5294 ob
2282 5241 2532 5310 dogmata
2563 5239 2797 5295 neminis
2822 5238 3177 5294 offensionem
3206 5239 3392 5293 incur-

160 5337 287 5390 dens
328 5336 632 5389 solitariam
673 5333 842 5386 vitam
894 5332 1037 5401 egit,
1078 5332 1171 5386 sed
1223 5332 1409 5385 mundi
1454 5332 1726 5386 illecebris
1824 5330 1966 5385 risse
2004 5331 2198 5398 probat
2229 5346 2447 5400 quoque
2474 5330 2735 5385 Leontius
2764 5329 2841 5382 De
2885 5330 3040 5382 sectis
3071 5338 3180 5382 act.
3229 5345 3302 5393 tv,
3334 5331 3391 5384 5.

160 5436 209 5477 et
247 5426 477 5478 luxuriae
532 5423 785 5477 sordibus
834 5422 1124 5491 pellectus,
1171 5437 1334 5490 quam
1385 5421 1725 5488 amplexatus

1830 5419 1955 5488 Περὶ
1999 5417 2055 5469 δὲ
2084 5419 2210 5480 τοὺς
2241 5418 2463 5487 χρόνους
2505 5419 2746 5481 ἐκείνους
2789 5417 3036 5485 ἐγένοντο
3066 5417 3160 5471 δύο
3202 5418 3394 5487 ἄνδρες

162 5516 330 5568 fuerat
355 5516 479 5567 vita:
524 5513 641 5567 vale
680 5514 904 5574 dicens,
950 5512 1004 5565 in
1052 5512 1312 5565 mundum
1360 5510 1623 5581 confugit,
1671 5520 1725 5567 et

1830 5509 2068 5580 μεγάλοι,
2097 5508 2355 5579 Διόδωρος
2376 5512 2403 5561 ὁ
2428 5509 2638 5579 Ταρσοῦ
2669 5510 2982 5575 ἐπίσκοπος,
3009 5507 3101 5561 καὶ
3120 5507 3394 5581 Θεόδωρος

161 5605 401 5658 desertor
430 5604 610 5658 factus
636 5610 719 5658 est
745 5620 759 5657 :
786 5602 1130 5672 postmodum
1159 5602 1321 5656 dictis
1345 5600 1720 5671 Chrysostomi

1830 5604 1854 5654 ὁ
1883 5599 2269 5669 Μοψουεστίας,
2297 5601 2349 5652 οἵ
2373 5617 2514 5663 τινες
2542 5602 2974 5671 ἀντηγωνίσαντο
3007 5600 3143 5671 πρὸς
3181 5600 3395 5671 ’Δρεια-

164 5696 513 5766 resipiscens,
541 5695 863 5752 delictorum
894 5695 1108 5751 veniam
1139 5695 1414 5763 impetrat,
1449 5701 1504 5749 et
1536 5693 1722 5749 deser-

1830 5690 2446 5758 νοὺς,κα1Μακεόόνιον,
2477 5694 2571 5747 καὶ
2602 5694 3129 5767 Ἀπολλινάριον,κσί
3141 5694 3239 5765 τὴν
3262 5692 3391 5765 ὅλην
