3804 6222
363 317 437 373 79
1508 359 1515 366 ,
1628 302 1716 360 EX
1751 297 1998 358 LEONIS
2037 295 2314 354 ALLAT“
3553 279 3630 336 80

363 425 588 504 Γραφὴν
617 425 1090 499 ὑπεμνημάτισαν,
1129 420 1226 478 καὶ
1270 423 1328 477 ἐν
1361 422 1494 491 τιμῇ
1529 419 1680 481 ὄντες
1732 415 1945 488 μεγάλῃ
1973 417 2019 474 Α
2045 412 2134 464 τὸν
2164 410 2474 480 Θεόδωρονς
2502 408 2622 461 Ὅτι
2645 403 2921 459 καὶτοῦτο
2947 402 3208 474 πρότερον
3237 397 3437 470 μᾶλλον
3465 398 3632 466 ἐγκα-

363 519 765 584 ἀπὲθανον,καὶ
791 517 966 581 οὐδεὶς
1002 518 1060 570 ἐν
1088 517 1157 586 τῇ
1189 513 1302 584 ζωῇ
1331 509 1510 565 αὐτῶν
1540 507 1834 562 ἐπελάϐετό
1860 523 1942 558 τι·

365 627 455 677 νος
491 608 692 673 αὐτῶν,
713 607 828 662 ἀλλ’
851 605 1103 676 ἐγκώμια
1128 594 1374 674 ἔγραψαν
1399 602 1478 664 είς
1509 599 1706 661 αὐτοὺς
1735 594 1938 649 πολλοίο

365 701 462 757 καὶ
491 699 768 762 Βασίλειος
787 697 898 769 γὰρ
926 696 1123 759 αὐτοὺς
1156 691 1526 763 ἐγκωμιάζει,
1555 689 1650 743 καὶ
1691 687 1944 755 Ἰωάννης

363 794 395 848 ὁ
408 789 810 862 Χρυσόστομος.
835 787 1102 857 ’Ύστερον
1121 785 1178 838 δὲ
1199 781 1517 851 κινουμένου
1530 778 1623 832 τοῦ
1646 777 1852 848 Νεστορ
1861 792 1944 826 ια-

365 881 460 936 νοῦ
491 881 780 948 δόγματος,
805 874 1128 946 ἠναγκάσθη
1156 871 1436 942 Κύριλ).ος,
1466 871 1494 923 ὁ
1529 867 1718 939 πρώην
1750 865 1946 927 αὐτοὺς

367 968 626 1032 ἐπαινῶν,
657 966 796 1020 κατὰ
825 964 936 1018 τῶν
967 958 1416 1031 συγγραμμάτων
1470 955 1650 1010 αὐτῶν
1699 953 1911 1024 γράψαι
1930 990 1945 1015 ,

368 1059 557 1130 ἐπειδὴ
585 1059 678 1113 ἀπ’
699 1055 878 1110 αὐτῶν
899 1051 1208 1125 ἰσχυρίζετο
1229 1049 1290 1102 τὸ
1316 1048 1491 1116 δόγμα
1513 1043 1680 1099 αὑτοῦ
1699 1045 1726 1096 ὁ
1748 1041 1950 1095 Νεστό-

371 1165 506 1224 ριος’
543 1147 1090 1219 ὑπομνηματίσαντες
1113 1141 1224 1212 γὰρ
1244 1133 1390 1194 οὗτοι
1405 1138 1502 1209 τὴν
1527 1135 1684 1204 ἁγίαν
1705 1131 1946 1203 Γραφὴν,

369 1243 470 1296 οὐκ
489 1240 721 1310 ἔστησαν
755 1238 885 1309 ἄχρι
918 1235 1012 1291 τοῦ
1046 1235 1278 1296 δέοντος·
1308 1229 1444 1285 ἀλλὰ
1479 1225 1830 1298 βουληθέντες
1857 1240 1952 1292 μεο

373 1332 521 1405 ρίσαι
549 1330 650 1394 τὰς
687 1330 745 1384 ἐν
767 1331 834 1400 τῇ
866 1327 998 1398 ἁγίᾳ
1026 1326 1242 1396 Γραφῇ,
1265 1320 1470 1392 φωνὰς,
1501 1317 1601 1382 τὰς
1628 1317 1725 1388 μὲν
1747 1318 1813 1386 τῇ
1834 1313 1952 1367 Θεόρ

369 1439 513 1493 τητι,
531 1419 695 1484 cacat
710 1422 776 1490 τῇ
793 1416 1191 1488 ἀνθρωπότητι,
1205 1409 1506 1482 εὑρέθησαν
1520 1407 1613 1461 δύο
1629 1405 1953 1464 ὑποστάσεις

371 1492 464 1566 τοῦ
492 1508 727 1583 Χριστοῦ
761 1508 856 1562 καὶ
891 1506 1156 1576 διαίρεσιν
1187 1501 1517 1567 εἰσάγοντες.
1550 1496 1660 1550 Καὶ
1702 1495 1769 1548 δι’
1821 1492 1954 1546 αὐτὸ

370 1601 691 1674 ἠναγκάσθη
707 1602 733 1654 5
759 1596 1023 1669 Κύριλλος
1038 1594 1158 1649 κατ’
1181 1591 1360 1646 αὐτῶν
1397 1587 1623 1660 γράψαι,
1642 1584 1827 1656 ἐπειδὴ
1857 1583 1953 1637 ἀπ’

373 1695 557 1749 αὐτῶν
590 1689 898 1763 ἰσχυρίζετο
934 1687 995 1741 τὸ
1021 1686 1198 1754 δόγμα
1243 1681 1411 1737 αὑτοῦ
1452 1683 1480 1735 ὁ
1511 1678 1821 1749 Νεστόριος.
1856 1675 1954 1729 Διὰ

2048 503 2198 555 λέσαι
2225 500 2300 569 τῷ
2344 500 2484 570 ἁγίῳ
2516 499 2769 569 Κυρίλλῳ
2801 495 3052 566 ὤφειλον,
3095 495 3240 564 ἢπερ
3282 494 3348 562 τῇ
3391 489 3626 560 συνόδῳθ

2048 592 2210 653 αὐτὸς
2239 586 2331 643 οὖν
2362 592 2389 643 ὁ
2427 590 2484 641 ἐν
2532 588 2707 656 ἁγίοις
2751 587 3018 658 Κύριλλος
3067 583 3416 654 ζητησάντων
3466 578 3633 632 τινῶν

2049 681 2151 750 ἠδη
2163 679 2323 733 ἁναθε
2333 677 2556 749 ματίσαι
2573 677 2662 731 τὸν
2674 675 2968 745 Θεόδωρον,
2988 672 3232 741 φαίνεται
3250 669 3476 740 γράφων
3493 665 3631 737 πρὸς

2051 768 2317 840 Πρόκλον,
2338 768 2418 820 ὅτι
2440 766 2500 819 οὐ
2522 766 2602 819 δεῖ
2621 763 3060 834 ἀναθεματίζεινο
3085 761 3133 812 οἱ
3155 759 3264 828 γὰρ
3300 754 3632 810 Ἀνατολικοὶ

2053 861 2276 922 πάντες,
2301 858 2456 928 φησὶ,
2485 856 2657 926 μέγαν
2685 854 2868 924 ἔχουσι
2884 849 3200 905 διδάσκαλον
3222 847 3313 900 τόν
3333 846 3632 915 Θεόδωρονο

2054 949 2151 1004 καὶ
2178 947 2275 1002 ἐὰν
2301 948 2464 1002 αὑτὸν
2498 945 3009 1016 ἀναθεματίσωμεν,
3039 940 3182 1011 μέγα
3212 938 3418 1008 σχίσμα
3448 935 3636 989 ποιοῦ-

2057 1057 2156 1111 μεν
2201 1041 2257 1093 ὲν
2300 1041 2367 1110 τῇ
2420 1037 2716 1108 Ἐκκλησία
2761 1035 2868 1090 τῶν
2910 1031 3290 1087 Ἀνατολικῶν·
3324 1023 3399 1082 ὧν
3432 1021 3513 1090 εἷς
3539 1027 3637 1079 καὶ

2058 1131 2210 1194 Ἴδας
2241 1129 2316 1200 μὴ
2348 1128 2714 1199 ἀνασχόμενος
2751 1125 2912 1179 αὑτὸν
2955 1121 3378 1194 ἀναθεματίσαι.
3409 1121 3476 1172 Ὃ
3500 1116 3640 1186 γοῦν

2054 1221 2085 1272 ὁ
2109 1220 2260 1288 ἆγιος
2293 1219 2560 1290 Κύριλλος
2577 1215 2782 1271 ἐκώλυε
2807 1256 2823 1284 ,
2855 1214 2970 1280 πῶς
2999 1211 3154 1266 τοῦτο
3180 1211 3406 1282 ποιῆσαι
3432 1203 3578 1277 εἶχεν
3598 1208 3638 1276 ἡ

2057 1311 2311 1378 σύνοδος;
2341 1310 2444 1365 Sed
2466 1325 2650 1363 rursus
2675 1307 2955 1377 objiciunt,
2975 1321 3070 1358 cur
3096 1304 3160 1358 ab
3176 1319 3236 1357 eo
3253 1318 3356 1356 non
3380 1300 3637 1368 requisie-

2058 1404 2148 1462 rit.
2175 1412 2230 1456 ut
2254 1402 2586 1456 Theodorum
2615 1398 3117 1460 anathematizaret,
3147 1396 3254 1448 imo
3280 1394 3535 1462 scriptam
3564 1389 3636 1444 ad

2058 1493 2255 1548 Marini
2270 1494 2544 1562 epistolam
2560 1491 2900 1561 receperit,'_in
2921 1505 3025 1559 qua
3043 1485 3374 1542 Theodorum
3397 1484 3639 1553 frequen-

2062 1593 2138 1639 ter
2166 1584 2290 1638 Ibas
2325 1585 2627 1653 pra'dicat?
2651 1582 2897 1635 nimirum
2928 1588 2978 1633 et
3009 1578 3104 1632 hoc
3149 1577 3322 1645 potius
3359 1574 3422 1628 de
3450 1582 3643 1627 sancto

2062 1675 2264 1745 Cgrilto
2291 1676 2438 1745 queri
2464 1675 2738 1736 debebant,
2769 1685 2928 1741 quam
2948 1669 3011 1722 de
3033 1666 3270 1739 synodo;
3292 1681 3415 1718 nam
3437 1672 3643 1718 sancta:

373 1785 534 1840 τοῦτο
581 1785 640 1837 δὲ
677 1785 737 1836 ἐν
763 1784 831 1852 τῇ
865 1779 978 1850 ζωῇ
1015 1775 1193 1831 αὐτῶν
1231 1775 1404 1838 οὐδεὶς
1456 1773 1640 1834 αὐτοῖς
1684 1770 1954 1823 ἀντεῖπεν·

2084 1766 2328 1819 nemoria:
2358 1764 2642 1834 Cyrillum,
2677 1779 2795 1816 cum
2823 1759 3066 1815 nonnulli
3099 1759 3196 1811 hoc
3227 1759 3398 1826 ipsum
3430 1771 3639 1825 quivre-

378 1876 566 1948 ἐπειδὴ
584 1875 642 1928 τὸ
665 1871 930 1946 μάχεσθαι
951 1869 1090 1942 πρὸς
1106 1868 1205 1931 τὰς
1231 1865 1450 1936 μείζους
1471 1862 1734 1934 αἱρέσεις,
1758 1861 1957 1914 ἔσκεπε

375 1975 450 2031 τὰ
472 1973 692 2028 τοιαῦτα
719 1971 984 2040 δόγματα.
1012 1964 1168 2022 Μετὰ
1189 1964 1246 2017 δὲ
1276 1961 1468 2033 χρόνον
1495 1960 1673 2027 ὀλίγον
1702 1956 1798 2009 τοῦ
1823 1957 1958 2009 ἁπο-

379 2069 558 2124 θανεϊν
590 2065 864 2136 Θεόδωρον
889 2061 986 2116 καὶ
1016 2059 1298 2128 Διόδωρον,
1329 2055 1580 2123 ἀνέστηή
1613 2051 1827 2121 αἵρεσις
1856 2050 1958 2102 Ne-

381 2159 619 2232 στορίουο
667 2156 1001 2212 Exstiterunt
1045 2153 1113 2206 iis
1148 2147 1469 2220 temporibus
1523 2144 1702 2214 magni
1742 2141 1959 2232 quidam

380 2229 491 2308 Διιο
515 2249 636 2313 viri,
678 2245 955 2301 Diodorus
1007 2241 1279 2310 episcopus
1320 2235 1507 2299 Tarsi,
1549 2242 1597 2288 et
1653 2229 1958 2287 Theodorus

379 2339 742 2411 Mopsuestiat,
765 2335 855 2405 qui
872 2341 922 2388 et
949 2333 1202 2386 adversus
1225 2327 1478 2391 Arianos,
1505 2332 1557 2378 et
1583 2319 1960 2376 Macedoniam

380 2442 432 2488 et
476 2410 848 2500 Apollinarem
909 2421 1244 2494 pugnabant,
1304 2417 1678 2483 universasque
1727 2410 1960 2463 Litteras

382 2538 569 2578 sacras
597 2515 990 2574 commentariis
1027 2513 1403 2570 illustrarunt,
1429 2515 1478 2560 et
1512 2506 1567 2558 in
1595 2503 1763 2572 pretio
1795 2501 1962 2553 habiti

383 2620 603 2667 mortem
633 2607 982 2677 oppetierunt,
1015 2617 1112 2656 nec
1135 2599 1264 2667 ipsis
1295 2597 1423 2651 vivis
1452 2595 1728 2664 quisquam
1760 2589 1962 2643 dictum

385 2700 598 2774 aliquod
631 2713 813 2754 eorum
846 2691 1278 2764 reprehendebat,
1300 2688 1407 2740 imo
1431 2685 1724 2752 complures
1751 2681 1961 2748 scriptis

383 2771 632 2850 encomiis
664 2807 751 2844 eos
781 2785 1110 2842 celebrarunt
1133 2797 1152 2844 ;
1177 2795 1304 2834 nam
1341 2786 1391 2832 et
1421 2775 1680 2840 Basilius,
1703 2785 1753 2829 et
1789 2771 1962 2826 Joan-

385 2901 477 2941 nes
503 2883 910 2952 Chrgsostomus
930 2892 1017 2930 eos
1040 2871 1357 2942 praedicant.
1402 2868 1590 2922 Verum
1617 2875 1800 2935 postea
1825 2873 1968 2918 moto

385 2974 630 3044 dogmate
662 2969 1005 3027 Nestoriano,
1049 2970 1264 3016 coactus
1291 2968 1368 3013 est
1394 2955 1630 3026 Cyrillus
1667 2953 1757 3024 qui
1781 2961 1831 3006 et
1857 2954 1967 3020 ipse

386 3043 590 3136 pridem
625 3079 713 3118 eos
751 3059 1057 3118 laudasset,
1097 3051 1346 3105 adversus
1397 3063 1580 3102 eorum
1624 3061 1783 3115 opera
1827 3043 1964 3097 scri—

391 3135 508 3212 bere
539 3153 636 3224 (a),
674 3151 798 3221 quia
829 3148 1023 3217 dogma
1051 3158 1208 3198 suum
1251 3139 1537 3194 Nestorius
1570 3153 1634 3192 ex
1671 3137 1736 3191 iis
1777 3135 1970 3204 con/ir-

388 3254 585 3308 maret;
615 3255 839 3312 namque
859 3236 1016 3293 editis
1044 3234 1128 3288 illi
1158 3233 1212 3285 in
1235 3245 1420 3285 sacras
1452 3227 1684 3282 Litteras
1713 3241 1974 3278 commen-

391 3336 545 3391 tariis
562 3335 705 3386 intra
724 3331 852 3399 ﬁnes
877 3342 983 3380 non
1001 3323 1368 3382 constiterant,
1397 3317 1487 3371 sed
1511 3332 1631 3370 cum
1659 3314 1975 3368 distribuere

389 3423 576 3480 uellent
607 3431 884 3474 sacrarum
930 3411 1256 3466 Litterarum
1287 3421 1456 3470 voces,
1493 3403 1635 3458 alias
1668 3401 1738 3456 ad
1771 3401 1972 3455 divini-

393 3522 576 3578 tatem,
611 3509 748 3563 alias
778 3505 848 3559 ad
893 3513 1143 3556 naturam
1195 3497 1483 3550 humanam
1529 3493 1769 3555 relatas,
1801 3490 1976 3557 depre-

392 3606 610 3660 hensum
635 3607 715 3654 est
742 3613 830 3651 eos
863 3595 1003 3648 duas
1035 3591 1235 3647 Christi
1263 3593 1570 3658 hypostases
1593 3594 1643 3637 et
1664 3582 1975 3659 divisionem

390 3691 678 3766 quamdam
730 3683 1080 3740 introducere.
1123 3679 1299 3745 Quam
1351 3675 1414 3728 ob
1462 3689 1685 3727 causam
1728 3670 1974 3740 Cyrillus

394 3759 643 3836 adversus
679 3776 820 3845 ipsos
851 3770 1077 3828 scribere
1107 3777 1322 3822 coactus
1356 3763 1480 3832 fuit,
1510 3763 1858 3828 con/irritante
1881 3759 1978 3813 do-

393 3889 518 3944 gma
556 3884 711 3924 suum
744 3881 809 3920 ex
847 3865 913 3917 iis
956 3860 1229 3914 Nestorio.
1287 3855 1429 3909 Vivis
1477 3852 1686 3923 quidem
1721 3852 1850 3918 ipsis
1882 3866 1978 3903 cur

395 3940 546 4018 nemo
595 3955 1012 4015 sontradircerit,
1054 3951 1254 4019 factum
1303 3945 1462 4008 ideo,
1517 3943 1654 4013 quod
1703 3940 1977 4012 pugnandi

395 4062 584 4108 contra
617 4056 789 4104 sectas
822 4042 1048 4110 majores
1094 4034 1379 4091 necessitas
1412 4029 1675 4100 ejusmodi
1725 4029 1977 4100 dogmata

398 4153 610 4216 tegeret.
638 4141 705 4192 At
735 4133 894 4205 paulo
933 4139 1212 4199 postquam
1250 4125 1390 4177 diem
1419 4121 1727 4175 Theodorus
1757 4136 1820 4173 ac
1853 4118 1978 4172 Dio-

399 4209 563 4291 dorus
595 4229 866 4288 obiissent,
894 4221 1155 4276 suscitata
1187 4213 1427 4268 Nestorii
1453 4211 1557 4281 fuit
1581 4211 1817 4266 hwresis.
1844 4209 1978 4265 Post

401 4331 632 4379 mortem
655 4317 819 4372 etiam
844 4327 874 4365 a
904 4309 1088 4365 multis
1109 4304 1412 4366 laudatum,
1437 4311 1514 4368 et,
1536 4302 1664 4357 licet
1697 4301 1749 4356 id
1776 4316 1808 4356 a
1835 4301 1974 4355 mul-

2059 1865 2195 1919 rent,
2223 1866 2278 1908 ut
2321 1855 2621 1910 Theodorus
2655 1851 2982 1906 anathemati
3009 1850 3373 1918 subjiceretur,
3414 1847 3483 1900 ad
3509 1845 3643 1900 Pro-

2059 1948 2200 2001 clum
2231 1947 2508 2016 scripsisse
2537 1952 2780 2008 constat,
2807 1944 3022 1996 minime
3054 1940 3389 1996 Theodorum
3417 1939 3641 1992 anathe~

2060 2037 2314 2090 matizari
2357 2035 2542 2090 debere
2567 2052 2586 2088 :
2637 2050 2761 2087 nam
2796 2031 3126 2096 Orientales,
3160 2031 3363 2100 inquit,
3408 2029 3642 2082 universi

2060 2127 2382 2182 Theodorum
2406 2143 2502 2196 pro
2532 2141 2721 2196 magna
2759 2124 2974 2177 doctore
3003 2123 3214 2185 habent,
3245 2137 3396 2190 quem
3426 2121 3474 2173 si
3501 2136 3643 2172 ana-

2062 2217 2277 2271 themati
2305 2217 2698 2286 subjecerimus,
2733 2215 2785 2268 in
2816 2213 3171 2268 Orientalium
3197 2210 3438 2264 Ecclesia
3475 2208 3644 2262 dissi-

2060 2307 2208 2362 dium
2230 2309 2407 2378 ingens
2437 2307 2789 2362 excitabimus
2815 2321 2834 2359 :
2857 2321 3079 2374 quorum
3108 2319 3243 2356 unus
3268 2310 3345 2356 est
3376 2299 3522 2364 lbas,
3551 2297 3648 2369 qui

2060 2417 2178 2453 eum
2201 2398 2652 2452 anathematizari
2686 2414 2789 2450 non
2811 2397 3061 2466 patietur.
3093 2393 3245 2460 Quod
3276 2407 3395 2462 ergo
3424 2399 3648 2445 sanctus

2063 2489 2296 2559 Cyrillus
2336 2489 2453 2557 ﬁeri
2496 2488 2835 2558 prohibebat,
2865 2503 2966 2556 quo
2997 2494 3154 2554 pacto
3193 2483 3424 2552 synodus
3461 2482 3648 2550 facere

2061 2583 2312 2648 poterat?
2343 2577 2454 2634 Nec
2480 2577 2628 2632 aliud
2670 2578 2916 2630 immisse
2950 2576 3164 2629 videtur
3214 2573 3474 2642 Eulogius
3516 2572 3649 2626 Ale-

2063 2671 2363 2725 xandrinus
2397 2671 2450 2724 in
2475 2670 2725 2724 oratione
2757 2668 2832 2722 De
2859 2668 3053 2720 unione
3085 2665 3570 2719 Theodosianorum
3592 2673 3650 2718 et

2066 2761 2402 2815 Gainitarum
2426 2759 2569 2830 apud
2597 2759 2845 2812 Photittm
2873 2757 2997 2814 cod.
3027 2757 3153 2810 2‘27.
3180 2754 3444 2826 Κύριλλος
3470 2755 3526 2808 δὲ
3548 2753 3650 2808 τοῦ

2064 2851 2437 2921 Μοψουεστίας
2483 2849 2758 2920 Θεοδώρου
2806 2848 2949 2902 κατὰ
3003 2848 3102 2917 τὴν
3162 2846 3336 2916 Ἐᾠαν
3382 2845 3655 2909 ὡσαύτως

2066 2944 2579 3015 ἀνακηρυττομένου
2613 2944 2715 3012 τῆς
2743 2941 3027 3005 κοινωνίας
3057 2942 3156 2994 οὐκ
3180 2941 3461 3010 ἀφίστατο·
3500 2941 3656 3008 ἐώρα

2069 3036 2179 3107 γὰρ
2229 3035 2528 3106 ἀκηράτοις
2561 3034 2844 3104 σωζόμενα
2890 3033 3121 3102 δόγμασι
3148 3033 3214 3086 τὰ
3240 3033 3338 3102 τῆς
3369 3030 3656 3094 εὐσεϐείας

2076 3125 2446 3197 καιριώτατα⁶
2483 3124 2718 3195 Cyrillus
2759 3140 2878 3178 vero
2926 3141 2958 3176 a
3006 3122 3267 3177 Theodori
3310 3121 3657 3190 Mopsuestia!

2074 3217 2303 3286 episcopi
2345 3231 2436 3284 per
2490 3214 2757 3270 Orientem
2809 3214 2990 3269 eodem
3036 3213 3369 3266 anathemate
3415 3215 3661 3279 percussi

2074 3309 2436 3363 communione
2484 3325 2586 3361 non
2631 3307 2922 3368 abstinuit;
2979 3306 3184 3359 videbat
3235 3305 3371 3358 enim
3429 3305 3666 3358 sinceris

2073 3397 2408 3469 dogmatibus
2444 3399 2645 3452 servari
2674 3397 2967 3465 pracipuos
2999 3393 3271 3463 religionis
3301 3393 3575 3446 articulos.

2144 3487 2416 3558 Quidquid
2444 3495 2626 3542 tamen
2665 3487 2719 3540 hi
2768 3493 3035 3550 asseram,
3082 3491 3293 3538 certum
3341 3492 3425 3538 est.
3467 3481 3660 3537 Theo-

2073 3580 2194 3634 dori
2232 3581 2376 3635 dicta
2426 3594 2548 3649 qua:
2593 3577 2932 3633 Nestorianae
2984 3576 3178 3630 haeresi
3221 3575 3510 3634 favebant,
3566 3575 3660 3627 vcl

2074 3679 2227 3727 extra
2264 3670 2549 3725 catholica:
2583 3670 2704 3724 lidei
2737 3683 3008 3731 normam,
3041 3667 3156 3721 sive
3186 3667 3301 3720 suis
3322 3666 3376 3719 in
3410 3665 3660 3734 scriptis,

2076 3763 2193 3817 sive
2225 3763 2280 3816 in
2311 3761 2544 3814 aliorum
2579 3758 2990 3813 commentariis
3023 3756 3238 3810 fuerant
3273 3755 3658 3818 disseminata,

2076 3867 2354 3923 nunquam
2385 3852 2555 3908 fuisse
2589 3852 2658 3906 ab
2691 3848 3015 3905 orthodoxis
3042 3847 3298 3901 Patrihus
3329 3846 3657 3918 approbata,

2075 3947 2321 4017 quinimo
2341 3960 2371 3998 a
2398 3943 2646 4014 pluribus
2664 3942 2939 4012 privatim,
2971 3947 3084 3993 tum
3107 3939 3324 3994 demum
3347 3940 3399 3992 in
3421 3939 3662 3992 (Oncilio

2081 4035 2117 4091 V
2146 4035 2385 4107 generali
2423 4050 2531 4088 una
2563 4047 2687 4086 cum
2719 4031 3011 4087 Theodoro
3046 4031 3184 4101 ipso,
3220 4038 3280 4083 ut
3314 4030 3564 4084 haeretica
3601 4039 3661 4084 et

2076 4126 2361 4182 catholicis
2385 4124 2611 4179 auribus
2640 4123 2802 4178 noxia
2827 4123 3051 4192 rejects,
3079 4129 3135 4176 et
3161 4122 3495 4177 anathemati
3527 4121 3663 4176 sub-

2071 4219 2238 4289 jecta,
2257 4223 2312 4271 et
2339 4213 2613 4268 Theodori
2635 4213 2952 4269 memoriam
2976 4230 3006 4265 is
3028 4211 3300 4282 diptyehis
3317 4221 3659 4282 protrusam.

2076 4315 2137 4362 ut
2163 4305 2330 4361 tradit
2356 4303 2702 4360 Justinianus
2735 4303 3033 4373 imperator
3073 4303 3129 4356 in
3167 4302 3348 4357 edicto
3381 4302 3456 4372 (b)
3498 4302 3660 4356 Ειδό-

401 4416 472 4469 tis
490 4418 833 4475 summopere
856 4399 1244 4472 postularetur,
1261 4395 1330 4450 ab
1345 4393 1463 4463 ejus
1478 4392 1829 4448 damnatione
1850 4395 1971 4448 abs-

2084 4415 2176 4464 τες
2203 4399 2282 4462 ὡς
2320 4395 2520 4449 οὐδέν.
2573 4395 2845 4464 Θεόδωρος
2864 4394 2918 4447 δὲ
2943 4397 3010 4465 τῇ
3056 4395 3233 4465 οἰκείᾳ
3270 4394 3664 4464 ἐντελευτὴσας

403 4502 638 4560 tinuisse
667 4495 881 4554 Patres,
929 4495 1120 4544 narrat
1171 4486 1315 4540 idem
1372 4483 1636 4550 Leontius
1681 4484 1968 4546 act.w,4:

415 4596 475 4648 ὐ
511 4593 568 4646 δὲ
599 4587 746 4649 Ἴδας
768 4584 864 4637 καὶ
887 4579 1048 4642 αὐτὸς
1077 4575 1463 4647 Νεστοριανδς,
1497 4576 1573 4638 ὡς
1605 4575 1756 4644 δηλοῖ
1781 4577 1814 4644 ἡ
1845 4592 1976 4645 γρα-

406 4687 568 4755 φεῖσα
593 4677 722 4748 παρ’
748 4671 912 4729 αὑτοῦ
947 4667 1204 4739 ἐπιστολὴ
1237 4666 1372 4737 πρὸς
1400 4666 1582 4737 Μάριν
1610 4665 1701 4719 τὸν
1733 4665 1974 4736 Πέρσην,

405 4748 464 4827 έν
568 4770 680 4824 ἄνω
711 4765 805 4819 καὶ
839 4762 988 4816 κάτω
1022 4759 1234 4812 ἐπαινεῖ
1257 4755 1349 4809 τὸν
1379 4754 1673 4824 Θεόδωρον,
1697 4754 1790 4823 ἀφ’
1818 4748 1878 4806 οὗ
1911 4753 1980 4808 τὰ

407 4843 527 4918 [διά
543 4859 788 4929 δόγματα
827 4849 1132 4922 ἰσχυρίζετο
1159 4851 1188 4902 ὁ
1223 4844 1536 4913 Νεστόριος.
1569 4843 1696 4911 Ibus
1732 4855 1906 4898 autem
1929 4853 1980 4896 et

343 4933 353 4947 ”
407 4956 518 5025 ipse
543 4946 893 5004 Nestorianus
918 4942 946 5011 ι’
944 4941 1042 5005 uit,
1061 4935 1501 5009 quemadmodum
1525 4937 1591 4989 ab
1610 4952 1668 4989 eo
1690 4934 1981 5004 perscripta

409 5045 478 5100 ad
501 5040 698 5096 Marini
724 5035 944 5100 Persam
966 5030 1187 5099 epistola
1207 5028 1375 5091 docet,
1398 5027 1452 5080 in
1468 5041 1572 5097 qua
1591 5041 1802 5080 sursum
1828 5026 1980 5080 deor-

408 5149 528 5199 sum
572 5125 899 5185 Theodorum
931 5120 1136 5185 laudat,
1177 5118 1329 5188 cujus
1374 5119 1692 5172 auctoritate
1730 5119 1981 5188 dogmata

409 5241 511 5281 sua
548 5218 830 5276 Nestorius
856 5211 1225 5282 conﬁrmabat.
1255 5208 1322 5263 Et
1368 5207 1512 5263 infra
1545 5227 1559 5264 :
1614 5208 1776 5262 Ἀλλὰ
1821 5209 1984 5262 πάλιν

410 5308 803 5383 ἐπαποροῦσιν,
830 5306 912 5360 ὅτι
937 5303 1048 5363 Καὶ
1072 5301 1162 5356 διὰ
1186 5301 1239 5354 τί
1265 5300 1339 5383 μὴ
1363 5299 1645 5373 ἀπῄτησεν
1669 5300 1830 5354 αὐτὸν
1853 5301 1983 5354 ἀνα-

411 5379 704 5475 Θεματίσαι
734 5397 1028 5466 Θεόδωρον,
1056 5391 1172 5446 ἀλλ’
1203 5379 1421 5456 ἐδέξατο
1447 5391 1544 5462 τὴν
1574 5389 1860 5462 ἐπιστολὴν
1888 5390 1985 5444 αὑ-

411 5493 506 5549 τοῦ
536 5493 635 5570 τὴν
672 5489 808 5562 πρὸς
833 5486 922 5541 τὸν
952 5485 1155 5558 Μάριν,
1192 5483 1250 5538 ἐν
1294 5477 1330 5558 ᾗ
1359 5483 1528 5538 πολλά
1554 5484 1700 5536 ἐστιν
1748 5481 1985 5536 ἐπαινῶν

487 5631 898 5709 (σῘΕιΟνε-ξιιί
949 5631 1127 5694 libris,
1164 5644 1313 5686 nunc
1336 5628 1690 5709 dep-arduis,
1715 5627 1981 5682 Adversus

420 5697 1224 5772 Theo'dorum'blopsuestenum
1245 5710 1296 5754 et
1322 5697 1618 5772 Qiodorum
1650 5697 1980 5772 Tarsensem,

419 5779 724 5850 fragmenta
753 5766 1169 5829 nos'edidimus
1213 5770 1268 5824 in
1315 5767 1468 5824 Nova
1522 5766 1748 5822 Patrum
1798 5766 1982 5820 biblio-

2078 4488 2335 4558 ἀσεϐείᾳ,
2366 4486 2474 4539 ἀπὸ
2504 4486 2685 4558 πάσης
2742 4485 3064 4556 Ἐκκλησίας
3097 4484 3379 4556 ἐξεϐλήθη.
3438 4486 3665 4555 Ἀμέλει

2078 4596 2160 4632 τοι
2190 4579 2283 4632 καὶ
2313 4579 2420 4630 πᾶν
2449 4576 2508 4628 τὸ
2536 4576 2811 4647 πλήρωμα
2839 4577 2937 4647 τῆς
2962 4579 3018 4630 ἐν
3039 4577 3387 4648 Μοψουεστίᾳ
3429 4577 3666 4647 Ἐκκλη-

2081 4670 2221 4733 σίας,
2253 4671 2310 4722 ἐν
2399 4667 2615 4736 λέγεται
2637 4667 2930 4730 ἐπίσκοπος
2954 4667 3279 4738 γεγενῆσθαι
3305 4667 3392 4720 διὰ
3411 4668 3508 4731 τὰς
3532 4668 3667 4738 βλαο

2083 4757 2346 4828 σφημίας,
2372 4755 2438 4807 δι’
2474 4756 2654 4827 ἇσπερ
2703 4755 2930 4825 Ἕλλησί
2979 4773 3038 4808 τε
3075 4757 3166 4809 καὶ
3220 4757 3512 4820 Ἰουδαίοις,
3563 4759 3667 4811 καὶ

2086 4850 2398 4920 Σοδομίταις
2424 4849 2573 4920 παρὰ
2601 4849 2712 4901 τῶν
2744 4847 2912 4916 ἁγίων
2948 4848 3208 4920 Πατέρων
3254 4849 3663 4922 συνηριθμήθη,

2085 4939 2388 5010 ἀπήλειψαν
2417 4939 2474 5006 ἐξ
2508 4938 2716 4992 ἐκείνου
2745 4937 2852 4990 τῶν
2887 4936 3048 5008 ίερῶν
3079 4937 3180 5008 τῆς
3225 4938 3550 5010 Ἐκκλησίας
3579 4941 3666 4992 δι-

2087 5031 2308 5100 πτύχων
2331 5031 2433 5102 τὴν
2455 5031 2645 5083 τούτου
2678 5027 3070 5098 προσηγορίαν,
3107 5028 3183 5092 ὡς
3213 5027 3283 5081 τὰ
3309 5030 3438 5100 περὶ
3465 5029 3668 5083 τούτου

2090 5121 2360 5175 συστάντα
2398 5121 2535 5174 κατὰ
2566 5120 2668 5192 τὴν
2690 5119 2859 5191 αὐτὴν
2884 5119 3039 5172 πόλιν
3066 5118 3216 5190 παρὰ
3241 5123 3308 5191 τῇ
3333 5121 3538 5188 συνόδῳ
3561 5123 3668 5191 τῆς

2089 5213 2361 5282 ἐπαρχίας
2398 5210 2768 5282 ὑπομνήματα
2793 5209 3082 5264 δείκνυσιν.
3130 5209 3431 5265 Theodorus
3460 5227 3578 5266 vero
3611 5215 3667 5265 in

2089 5318 2189 5357 sua
2233 5301 2500 5369 impietate
2534 5308 2809 5359 mortuus,
2841 5298 2907 5352 ab
2950 5302 3194 5352 universa
3250 5298 3491 5354 Ecclesia
3534 5316 3668 5368 pro-

2090 5391 2318 5458 scriptus
2339 5396 2439 5443 est.
2467 5387 2606 5453 Quin
2629 5397 2677 5441 et
2695 5397 2807 5440 tota
2832 5385 3070 5440 Ecclesia
3098 5384 3486 5456 Mopsuestena,
3508 5389 3669 5456 cujus

2090 5483 2360 5550 episcopus
2408 5479 2571 5548 fuisse
2607 5477 2825 5544 dicitur,
2863 5485 3073 5546 propter
3110 5477 3224 5547 ejus
3266 5477 3621 5545 blasphemias
3647 5516 3665 5543 ,

2091 5630 2261 5694 theca,
2291 5635 2331 5681 t.
2360 5625 2450 5690 IV,
2481 5641 2534 5696 p.
2561 5625 2832 5692 451-455;
2864 5624 3038 5694 deque
3063 5641 3126 5682 ea
3156 5641 3216 5684 re
3235 5634 3393 5697 plura
3417 5627 3488 5682 ibi
3521 5626 3670 5687 dixis

2089 5715 2211 5755 mus
2241 5700 2295 5752 in
2326 5697 2787 5754 adnotationibus.

2161 5768 2236 5839 (b)
2271 5766 2432 5823 Cone.
2468 5765 2638 5822 Lahb.
2667 5775 2705 5820 t.
2742 5763 2808 5830 V,
2839 5765 2942 5820 col.
2977 5765 3099 5821 716.
