3804 6222
172 472 231 530 8ί
1320 461 1644 519 DIATRIBA
1684 456 1775 511 DE
1811 453 2229 512 THEODORIS.
3332 445 3407 502 8!

173 599 380 655 quorum
409 582 584 652 gratia
609 597 641 634 a
662 584 860 636 sanctis
886 579 1160 644 Patribus,
1182 580 1405 648 paganis
1428 588 1475 631 et
1496 574 1723 633 Judteis,

1859 570 1917 624 ὸν
1942 571 2000 623 δὲ
2029 569 2160 624 Θεὸν
2185 567 2355 636 Λόγον
2380 565 2467 620 διὰ
2498 564 2596 636 τὴν
2613 560 3055 633 ὑπερϐάλλουσαν
3085 558 3251 614 αὐτοῦ
3276 557 3409 632 ἀρε-

168 686 212 729 et
241 672 522 730 Sodomitis
553 672 929 727 adnumeratus
958 680 1057 738 est,
1080 673 1145 724 ab
1174 671 1267 725 illo
1293 681 1521 733 tempore
1541 683 1727 720 nomen

168 767 270 829 eius
316 779 378 817 ea:
408 762 738 817 sacerdotum
779 762 1013 832 ejusdem
1048 761 1300 815 Ecclesia:
1334 760 1577 830 catalogo
1636 774 1727 811 seu

170 854 411 922 diptychis
451 854 704 919 erpunxit
728 894 742 916 ,
776 852 1213 921 quemadmodum
1253 862 1372 904 acta
1405 866 1495 904 seu
1538 863 1725 901 monu-

172 955 333 996 menta
362 945 413 995 in
438 944 533 996 illa
561 945 770 998 civitate
797 943 861 997 de
889 944 985 996 hoc
1020 944 1077 995 in
1107 944 1465 1011 episcoporum
1504 938 1727 993 concilio

167 1031 299 1085 illius
330 1034 607 1099 provincia:
638 1042 917 1087 testantur.
961 1032 1027 1085 Et
1054 1033 1108 1086 in
1139 1033 1288 1086 illius
1319 1032 1497 1084 locum
1536 1027 1723 1098 Cyrilli

166 1122 506 1177 Alexandrini
546 1124 748 1178 mentio
772 1163 787 1187 ,
836 1124 930 1192 qui
980 1124 1244 1177 adversus
1269 1137 1430 1187 eum,
1472 1121 1729 1187 illiusque

167 1210 404 1279 dogmata
427 1221 701 1265 certamen
725 1213 992 1275 subierat,
1014 1211 1240 1266 suﬂ‘ecta
1277 1210 1398 1274 fuit,
1427 1208 1573 1278 quod
1600 1208 1726 1277 plu-

168 1299 414 1351 rimorum
454 1301 787 1354 testimoniis
826 1302 880 1353 in
928 1300 1136 1370 synodo
1171 1300 1561 1368 Mopsuestena
1597 1310 1726 1365 pro-

167 1388 332 1442 batur.
361 1388 625 1459 Georgius
650 1391 934 1445 Cedrenus
964 1392 1019 1444 in
1049 1390 1276 1460 synopsi
1306 1387 1373 1441 de
1414 1386 1454 1439 V
1487 1387 1727 1455 generali

167 1478 381 1547 synodo,
438 1496 491 1549 p.
544 1479 835 1533 576εἜτι
880 1479 938 1532 δὲ
980 1482 1077 1533 καὶ
1127 1480 1267 1533 κατά
1316 1477 1589 1550 Θεοδώρου
1631 1479 1727 1532 τοῦ

166 1567 561 1637 Μοψουεστίας,
602 1571 919 1625 διδασκάλου
968 1573 1254 1640 γεγονότος
1291 1570 1384 1623 τοῦ
1430 1571 1726 1641 Νεστορίου

165 1659 250 1710 τοῦ
283 1659 674 1731 ίουδαιόφρονος
697 1701 712 1725 ,
745 1661 1151 1731 ὰναθεμάτισαν
1195 1661 1335 1731 μετά
1363 1664 1459 1731 τῆς
1498 1662 1726 1732 λεγομέ⁹

165 1766 254 1819 νης
295 1751 412 1803 Ἶϐα
443 1753 728 1823 ἐπιστολῆς
752 1768 764 1781 -
804 1752 1128 1806 Theodorum
1172 1768 1372 1821 quoque
1401 1755 1726 1820 Mopsueste-

163 1857 280 1893 uum
322 1842 619 1909 episcopum
652 1857 1021 1910 pra'ceptorem
1053 1841 1290 1896 Nestorii
1334 1842 1470 1911 ejus,
1514 1843 1602 1910 qui
1627 1840 1729 1893 Ju-

1828 662 1927 731 τὴν
1953 664 2073 716 κατ’
2098 659 2344 714 εὐδοκίαν
2369 658 2428 711 ὲν
2459 655 2609 726 αύτῷ
2640 653 3062 725 κατοικήσαντα,
3087 648 3411 722 μεταδοῦναι

1829 752 1994 806 αὑτοῦ
2021 751 2121 821 τῆς
2149 749 2335 820 θεῖκῆς
2363 747 2519 815 ἀξίας
2548 746 2643 799 καὶ
2670 742 3090 815 προσκυνήσεως
3130 742 3209 806 είς
3249 739 3410 794 ὔστε-

1833 861 1922 914 ρον
1952 842 2094 896 κατὰ
2120 840 2220 911 τὴν
2246 839 2544 893 τελείωσιν.
2568 835 2755 891 Ταῦτά
2786 852 2846 888 τε
2879 834 2973 887 καὶ
3022 834 3189 904 ἕτερα
3236 830 3411 885 πολλὰ

1830 932 2190 1003 δυσφημήσας
2205 929 2450 993 τοιαῦτα,
2470 926 2567 981 δύο
2582 926 2771 996 φύσεις
2798 922 3276 994 ίδιοπεριορίστους
3306 936 3414 989 φη-

1833 1019 1916 1073 σὶν
1935 1019 2130 1073 εἰδέναι
2149 1018 2241 1071 ἐπὶ
2260 1014 2518 1088 Χριστοῦ,
2538 1015 2720 1085 σχέσει
2734 1013 2841 1066 τινὶ
2866 1013 2957 1065 καὶ
2986 1010 3147 1080 μόνον
3159 1007 3413 1078 ἀλλήλαις

1829 1110 2208 1181 οίκειωμένας.
2227 1109 2465 1181 Δευτέρα
2489 1109 2583 1162 καὶ
2612 1105 2750 1176 αῦτη
2766 1104 2943 1175 πλάνη
2958 1101 3052 1155 τοῦ
3068 1101 3201 1173 μίαν
3228 1099 3410 1169 φύσιν,

1829 1204 1924 1257 καὶ
1956 1202 2048 1256 δύο
2071 1201 2261 1271 φύσεις
2287 1198 2764 1269 ίδιοπεριορίστους
2804 1194 2881 1267 μὴ
2924 1192 3070 1246 κατὰ
3119 1191 3210 1245 τὸν
3251 1190 3413 1262 ὀρθὸν

1829 1294 1986 1361 λόγον
2010 1290 2385 1363 ὁμολογεῖσθαι
2414 1290 2471 1342 ὲν
2500 1288 2575 1358 τῷ
2607 1284 2844 1358 Χριστῷ.
2900 1282 3033 1337 Post
3077 1282 3215 1334 hunc
3249 1279 3415 1348 Apol-

1832 1386 2077 1449 linarem,
2106 1391 2312 1452 repente
2356 1381 2558 1435 exstitit
2592 1378 2898 1432 Theodorus
2929 1372 3145 1441 quidam
3176 1370 3415 1439 Mopsue-

1829 1477 1946 1531 stia:
1975 1474 2141 1538 urbis,
2174 1474 2226 1527 in
2270 1474 2477 1543 regione
2523 1469 2768 1534 Cilicum,
2802 1464 3151 1535 pra'sulatum
3203 1470 3410 1521 nactus,

1829 1566 2136 1635 Apollinari
2179 1566 2337 1632 plane
2375 1562 2696 1623 contrarius,
2758 1558 2847 1625 qui
2904 1553 3249 1609 contumelias
3309 1568 3413 1605 non

1829 1659 2069 1727 vulgares
2093 1654 2287 1708 audaci
2316 1656 2513 1717 animo,
2537 1662 2585 1705 et
2613 1650 2967 1718 imperterrito
2994 1643 3151 1699 corde
3178 1644 3232 1697 in
3255 1643 3417 1698 Chri-

1830 1758 1971 1803 stum
1993 1746 2281 1800 Dominum
2306 1743 2517 1813 eﬂirdit,
2542 1742 2802 1796 hominem
2832 1754 3017 1804 unum,
3047 1736 3215 1790 nostri
3272 1733 3417 1788 simi-

1832 1842 1954 1903 lem,
1980 1848 2032 1892 et
2059 1839 2327 1906 vulgarem
2360 1832 2693 1904 appellando,
2716 1831 2825 1900 qui,
2847 1844 2915 1883 ea:
2938 1841 3219 1898 progressu
3234 1823 3415 1894 gratia

162 1930 320 1983 daicis
348 1932 614 1986 erroribus
658 1950 913 2001 germana
961 1937 1151 1999 sensit,
1184 1945 1237 1990 et
1287 1935 1399 1991 Iba:
1447 1907 1729 2005 epistolam
1759 1907 1802 1965 Β
1831 1929 1932 1984 Dei
1961 1935 2195 1994 accepta,
2229 1926 2370 1980 Deus
2398 1925 2715 1986 nominetur,
2740 1930 2789 1974 et
2809 1936 2840 1972 a
2868 1918 3185 1987 baptismate
3210 1916 3264 1968 in
3288 1911 3418 1967 Jor-

164 2023 699 2076 anathematizarunt.
731 2024 959 2080 Pbotius
1007 2027 1061 2080 in
1120 2026 1447 2079 Bibliotheca
1476 2028 1600 2082 cod.
1628 2027 1725 2080 18:

178 2124 496 2196 ’Λνεγνώσθη
532 2130 811 2197 πρακτικὰ
856 2130 955 2199 τῆς
982 2130 1241 2200 πέμπτης
1283 2130 1522 2194 συνόδου,
1564 2130 1623 2181 ὲν
1647 2122 1729 2191 οἷς

164 2210 227 2261 τὰ
261 2210 524 2281 λεγόμενα
568 2215 703 2281 Τρία
740 2214 1037 2284 κεφάλαια
1088 2215 1457 2286 ὲτρακταΐσθη
1505 2215 1573 2268 τά
1605 2214 1731 2283 περὶ

176 2301 491 2370 Ὠριγένους,
516 2305 609 2356 καὶ
631 2304 1031 2375 ἀνεθεματίσθη
1050 2308 1210 2369 αὐτὸς
1233 2307 1326 2358 καὶ
1350 2307 1416 2359 τὰ
1445 2305 1733 2377 συγγράμ-

164 2407 301 2459 ματα
326 2393 513 2446 αὐτοῦ’
536 2395 604 2446 τά
632 2396 759 2465 περὶ
784 2394 1047 2466 Διοδώρου
1078 2396 1316 2468 Ταρσοῦ,
1341 2398 1431 2450 καὶ
1454 2396 1730 2466 Θεοδώρου

164 2485 248 2535 τοῦ
270 2484 664 2553 Μοψουεστίας,
696 2489 788 2540 καὶ
807 2490 961 2541 αὐτοὶ
979 2489 1181 2560 ὁμοίως
1198 2489 1727 2559 ἀνεθεματίσθησαν·

166 2575 323 2630 Lecta:
343 2588 465 2632 sunt
501 2581 735 2633 actiones
764 2582 960 2650 quinta:
993 2580 1203 2651 synodi,
1230 2581 1415 2650 quibus
1446 2589 1732 2632 tractatum

168 2666 235 2721 De
256 2668 516 2732 tribus,ut
545 2679 733 2723 vocant
753 2711 767 2735 ,
795 2671 1050 2739 capitulis
1081 2691 1093 2725 :
1126 2670 1189 2724 de
1226 2670 1467 2739 Origene,
1500 2671 1588 2739 qui
1613 2686 1733 2722 cum

165 2757 362 2823 scriptis
392 2760 504 2812 suis
561 2761 895 2814 anathemate
948 2760 1275 2824 damnatus;
1328 2762 1392 2813 de
1460 2760 1733 2813 Theodoro

173 2844 552 2912 Mopsuesteno,
594 2860 643 2902 et
684 2849 918 2904 Diodoro
954 2850 1235 2912 Tarsensi.
1258 2851 1348 2919 qui
1375 2859 1426 2903 et
1456 2851 1556 2918 ipsi
1582 2851 1734 2903 simi-

166 2935 279 2989 liter
323 2938 665 2993 anathemate
706 2940 951 2994 damnati
1002 2951 1144 2994 sunt.
1180 2940 1244 2993 Et
1277 2940 1575 3010 Gregorius
1621 2939 1734 2993 Ma-

168 3043 297 3093 guus
331 3029 423 3083 lib.
458 3046 561 3093 vn,
615 3032 777 3098 epist.
811 3032 901 3093 54,
944 3031 1109 3086 tradit
1143 3030 1329 3087 sedem
1374 3030 1733 3100 apostolicam

170 3116 444 3175 Sosomeni
477 3120 779 3175 Historiam
804 3123 1080 3193 suscipere
1113 3136 1386 3183 recusare,
1412 3122 1496 3176 vel
1523 3137 1589 3176 eo
1619 3123 1736 3176 solo

170 3211 409 3273 nomine,
465 3210 615 3279 quod
665 3212 895 3266 nimium
938 3213 1199 3281 profusus
1233 3220 1317 3266 est
1370 3212 1424 3264 in
1480 3211 1736 3265 laudibus
1766 3232 1808 3288 (ς

170 3298 427 3355 Theodori
476 3302 848 3371 Mopsuesteni
871 3344 886 3367 ,
923 3312 978 3358 et
1009 3319 1132 3358 eum
1164 3304 1423 3358 Ecclesia:
1457 3305 1735 3358 doctorem

171 3391 329 3446 fuisse
361 3394 550 3446 tradit.
589 3393 691 3447 Sed
711 3395 883 3462 ipsam
904 3411 1104 3465 quoque
1142 3393 1420 3449 Sozomeni
1445 3395 1735 3451 Historiam

166 3480 302 3534 sedes
356 3483 659 3550 apostolica
709 3485 934 3551 recipere
980 3493 1221 3546 recusat,
1265 3485 1512 3553 quoniam
1568 3483 1737 3536 multa

169 3574 428 3638 mentitur,
476 3582 529 3626 et
561 3573 887 3628 Theodorum
914 3572 1256 3641 Mopsuestia:
1286 3574 1509 3628 nimium
1546 3574 1735 3626 laudat

168 3668 313 3729 atque
358 3676 524 3730 usque
556 3660 625 3713 ad
662 3659 801 3715 diem
847 3662 1019 3715 obitus
1051 3662 1134 3715 sui
1180 3678 1423 3731 magnum
1471 3662 1738 3715 doctorem

170 3746 411 3803 Ecclesia:
449 3749 622 3817 fuisse
658 3749 907 3818 perhibet.
956 3748 1059 3804 Ubi
1090 3758 1247 3804 notat
1294 3751 1517 3807 Vossius
1550 3753 1643 3806 lib.
1673 3768 1734 3811 ll.

172 3838 241 3892 De
266 3839 388 3894 hist.
415 3839 623 3895 Graecis
646 3856 766 3910 cap.
792 3841 881 3895 20:
902 3841 1056 3908 Quod
1085 3841 1152 3896 de
1175 3840 1464 3897 Theodoro
1485 3845 1739 3913 Mopsue-

170 3932 278 3985 stia:
301 3932 408 3995 ait,
438 3932 492 3987 id
537 3933 696 3988 hodie
729 3935 784 3987 in
838 3932 1144 3989 Sozomeno
1176 3950 1283 3988 non
1330 3935 1508 4004 leges,
1558 3936 1652 3991 sed
1680 3937 1737 3989 in

168 4018 508 4077 Tlteudoreto
549 4022 715 4093 (Hist.
751 4040 804 4085 ν,
834 4025 947 4094 40).
981 4024 1160 4089 Quare
1180 4025 1350 4079 videri
1387 4026 1565 4095 possit
1603 4043 1738 4096 μνη-

173 4115 381 4180 μονικὸν
409 4113 662 4185 Gregorii
709 4115 1034 4186 ἁμάρτημα.
1071 4115 1177 4171 Sed
1220 4131 1352 4171 vero
1382 4119 1619 4173 similius
1653 4127 1738 4173 est

172 4206 453 4274 scripsisse
485 4208 593 4261 hoc
625 4206 989 4263 Sozomenum
1043 4210 1096 4262 in
1142 4208 1212 4265 iis
1242 4224 1365 4279 quae
1412 4210 1734 4278 perierunt;

174 4310 289 4349 nam
320 4297 435 4366 ipse
467 4298 806 4353 Sozomenus
836 4298 1001 4353 refert
1029 4296 1083 4351 in
1106 4297 1425 4368 pralatione
1454 4314 1515 4354 se
1550 4298 1737 4354 Histo-

175 4386 304 4439 riam
334 4404 490 4443 suam
527 4388 849 4457 produxisse
882 4404 1053 4459 usque
1085 4388 1153 4442 ad
1178 4389 1524 4444 consulatum
1556 4388 1740 4445 TheoJ

174 4477 306 4534 dosii
333 4479 585 4535 Junioris
628 4480 917 4549 septimum
948 4480 1246 4545 decimum,
1280 4480 1354 4533 ita
1377 4487 1436 4533 ut
1484 4494 1622 4549 pene
1652 4480 1737 4533 vi-

1832 2020 1969 2074 dane
1995 2020 2133 2074 inter
2153 2018 2351 2087 primos
2387 2017 2582 2069 donum
2610 2013 2780 2068 sancti
2810 2009 3043 2079 Spiritus
3070 2006 3137 2060 sit
3167 2020 3418 2060 consecu-

1834 2122 1939 2176 tus,
1977 2114 2035 2165 in
2073 2111 2281 2165 nomine
2333 2109 2535 2175 Patris,
2571 2116 2621 2160 et
2668 2103 2823 2168 Filii,
2867 2110 2916 2156 et
2957 2099 3191 2168 Spiritus
3236 2097 3416 2151 sancti

1834 2209 2179 2275 baptizatus;
2219 2205 2381 2259 Deum
2410 2218 2527 2257 vero
2564 2197 2896 2262 Verbum,ob
2931 2194 3268 2250 excellentem
3308 2192 3418 2246 vir-

1834 2308 1996 2352 tutem
2029 2298 2167 2367 ejus,
2204 2295 2425 2349 libenter
2466 2294 2521 2346 in
2556 2308 2615 2346 eo
2665 2289 2952 2352 habitasse,
2994 2287 3141 2355 eique
3182 2282 3418 2338 divinam

1833 2389 2147 2458 dignitatem
2178 2385 2498 2454 impertisse,
2538 2391 2587 2437 et
2620 2379 2987 2434 adorationem
3010 2376 3253 2444 deinceps
3299 2383 3419 2443 post

1834 2478 2364 2534 consummationem.
2401 2474 2501 2528 llis
2523 2482 2572 2526 et
2597 2472 2718 2525 aliis
2752 2470 2906 2539 impie
2927 2469 3105 2531 dictis,
3144 2466 3279 2520 duas
3318 2482 3417 2518 na-

1836 2582 1984 2625 turas
2011 2569 2179 2638 inquit
2217 2583 2271 2621 se
2292 2566 2494 2619 novisse
2518 2564 2572 2617 in
2596 2561 2809 2616 Christo
2830 2557 3059 2628 propriis
3090 2559 3201 2610 suis
3229 2557 3418 2610 ﬁnibus

1836 2662 2167 2721 terminatas,
2208 2658 2425 2727 solaque
2447 2653 2753 2707 habitudine
2799 2652 2936 2705 inter
2991 2666 3046 2704 se
3081 2648 3417 2703 conciliatus.

1833 2753 2016 2807 Altera
2041 2760 2090 2805 et
2116 2751 2227 2803 ha‘c
2252 2746 2577 2816 blasphemia
2602 2753 2702 2811 est,
2723 2759 2883 2796 unam
2902 2748 3151 2794 naturam
3192 2747 3241 2790 et
3283 2735 3421 2795 duas

1836 2853 2058 2897 naturas
2100 2840 2213 2894 suis
2253 2838 2447 2908 ﬁnibus
2502 2833 2931 2902 circumscriptus
2964 2832 3021 2885 in
3055 2829 3269 2885 Christo
3316 2844 3420 2881 non

1836 2942 1973 2987 recte
2002 2930 2267 2998 confiteri.
2299 2927 2426 2981 llaec
2464 2926 2591 2997 ipsa
2624 2924 2827 2978 Suidas
2879 2922 2933 2975 in
2971 2920 3210 2975 Lexicon
3258 2933 3421 2974 suum

1837 3023 2022 3077 retulit
2054 3036 2173 3075 voc.
2202 3019 2476 3087 Θεόδωρος
2505 3018 2535 3069 ὁ
2562 3013 2959 3085 Μοψουεστίαςο
3000 3010 3270 3080 Georgius
3314 3009 3422 3063 Ce-

1838 3114 2045 3168 drenus
2072 3113 2125 3165 in
2154 3110 2384 3180 Sgnopsi
2414 3109 2663 3161 chronica
2695 3120 2818 3175 pag.
2871 3102 2997 3169 581,
3060 3100 3203 3171 apud
3260 3114 3421 3168 quem

1838 3204 2186 3260 Justinianus
2221 3203 2354 3270 imp.
2389 3201 2443 3253 in
2486 3197 2733 3266 Epistola
2780 3193 2848 3247 ad
2883 3192 3140 3264 synodum
3168 3190 3425 3243 εΤούτων

1844 3293 1901 3345 δὲ
1938 3291 2045 3345 τῶν
2073 3290 2353 3359 τεσσάρων
2378 3287 2610 3341 συνόδων
2648 3284 2792 3338 οὕτω
2823 3281 3153 3353 γενομένων,
3184 3279 3280 3333 καὶ
3304 3279 3426 3331 ὲπι-

1845 3381 2265 3447 ϐεϐαιωθεισῶν,
2300 3380 2395 3433 καὶ
2424 3374 2740 3449 κρατουσῶν
2768 3376 2826 3428 ὲν
2856 3377 2924 3446 τῇ
2978 3372 3073 3427 τοῦ
3120 3369 3256 3425 Θεοῦ
3302 3372 3426 3424 Ἐκ-

1845 3472 2064 3543 κλησίᾳ,
2094 3473 2142 3523 oi
2169 3470 2237 3522 τὰ
2261 3468 2556 3539 Νεστορίου
2590 3463 2917 3535 κρατοῦντες
2944 3460 3284 3515 ἐσπούδασαν
3323 3456 3425 3512 αὖ-

1845 3564 1926 3627 θις
1988 3562 2086 3633 τὴν
2144 3561 2353 3631 αἵρεσιν
2397 3556 2578 3611 αὐτῶν
2611 3553 2877 3627 κρατῦναι
2902 3552 2991 3606 διὰ
3029 3552 3128 3622 τῆς
3147 3548 3427 3620 Θεοδώρου

1843 3651 1939 3707 τοῦ
1966 3648 2342 3719 Μόψουεστίας
2370 3646 2646 3716 ἀφορμῆς,
2670 3642 2850 3713 πολλῷ
2876 3640 3097 3711 χείρονα
3123 3638 3218 3692 τοῦ
3247 3637 3428 3709 μαθη-

1843 3741 1937 3793 τοῦ
1966 3736 2131 3792 αύτοῦ
2160 3735 2455 3805 Νεστορίου
2496 3734 3002 3804 βλασφημήσαντος.
3042 3727 3208 3782 ’Ὀθεν
3248 3726 3428 3780 τοίνυν

1845 3834 1941 3886 καὶ
1962 3832 2120 3901 ἡμεῖς
2143 3825 2563 3889 ἀκολουθοῦντες
2588 3826 2701 3888 τοῖς
2734 3823 3025 3893 ἡμετέροις
3048 3818 3310 3891 πατράσι,
3334 3819 3428 3871 καὶ

1847 3923 2157 3995 βουλόμενοι
2183 3920 2283 3990 τὴν
2325 3917 2493 3990 ὀρθὴν
2537 3917 2718 3969 πίστιν
2756 3912 3035 3984 ἀλώϐητον
3077 3909 3429 3979 διαφυλάττε-

1846 4016 1988 4082 σθαι,
2026 4012 2409 4085 προτρέπομεν
2446 4009 2543 4062 καὶ
2576 4007 2765 4060 τούτου
2803 4004 2903 4069 τὰς
2942 4000 3291 4075 βλασφημίας
3317 4000 3425 4052 διε·

1846 4107 2175 4174 ξετάσαντας
2208 4102 2329 4156 κατ’
2358 4098 2554 4163 αὐτοῦ,
2596 4098 2694 4152 καὶ
2743 4097 2852 4151 τῶν
2900 4092 3216 4165 ὁμοφρόνων
3262 4088 3428 4146 αὑτοῦ

1845 4192 2266 4266 ἀποφήνασθαι·
2298 4189 2435 4261 πρὸς
2468 4188 2577 4259 γὰρ
2631 4188 2752 4248 ταῖς
2800 4184 2988 4247 ἄλλαις
3040 4180 3430 4253 ἀναριθμήτοις

1845 4288 2010 4343 αὐτοῦ
2036 4282 2373 4354 δυσφημίαις
2397 4282 2478 4344 είς
2507 4278 2743 4351 Χριστὸν
2766 4276 2859 4331 τὸν
2892 4275 3026 4329 Θεὸν
3064 4273 3224 4344 ἡμῶν
3270 4287 3427 4341 γενο-

1849 4380 2058 4452 μέναις,
2093 4376 2251 4431 ἀλλον
2284 4371 2422 4427 εἷναι
2441 4372 2531 4425 τὸν
2572 4370 2707 4423 Θεὸν
2753 4369 2947 4437 Λόγον,
2990 4366 3086 4419 καὶ
3119 4364 3278 4419 ἄλλον
3335 4361 3431 4415 τὸν

1844 4472 2101 4544 Χριστὸν,
2150 4468 2257 4522 ὑπὸ
2314 4464 2423 4519 τῶν
2468 4464 2569 4534 τῆς
2615 4460 2797 4531 ψυχῆς
2838 4457 3047 4522 παθῶν,
3069 4456 3165 4510 καὶ
3187 4455 3297 4508 τῶν
3327 4455 3429 4525 τῆς

173 4568 302 4635 ginti
327 4584 599 4625 annorum
628 4546 855 4624 historia
894 4568 1255 4625 desideretur.
1286 4567 1449 4621 Plura
1472 4546 1640 4623 etiam
1674 4568 1735 4624 de

1857 4565 2047 4637 ταρκὸς
2079 4558 2384 4628 ἐπιθυμιῶν
2432 4552 2835 4625 ἐνοχλούμενον,
2884 4549 2977 4603 καὶ
3019 4546 3129 4601 τῶν
3168 4546 3430 4619 χειρόνων

176 4660 273 4716 hoc
296 4663 423 4719 alibi
449 4664 623 4733 leges,
656 4671 710 4717 et
737 4663 955 4733 quidem
987 4663 1042 4717 in
1066 4661 1326 4717 Chronico
1360 4662 1600 4717 Victoris
1632 4661 1744 4717 Tu-

177 4755 432 4810 nunensis
459 4754 604 4825 apud
635 4755 937 4820 Casinium,
971 4754 1059 4809 ed.
1099 4754 1351 4824 Basnagii
1382 4761 1421 4807 t.
1457 4753 1498 4805 1.

244 4844 447 4901 Pravas
510 4846 779 4902 Theodori
820 4846 1107 4915 opiniones
1157 4846 1354 4900 recitat
1414 4842 1743 4899 Theodorus

178 4940 458 5009 presbyter
484 4937 857 4993 Rhaitcnusin
888 4937 1029 4990 libro
1054 4936 1130 4990 De
1162 4934 1537 4989 lncarnatione
1563 4933 1745 4987 Domi-

178 5030 248 5083 ni.
274 5029 427 5082 Μετὰ
460 5028 646 5082 τοῦτον
680 5028 736 5081 δὲ
768 5027 860 5081 τὸν
893 5026 1335 5096 ’Δπολλινάριον,
1381 5025 1583 5087 εὐθέως
1615 5025 1746 5077 ἀνα·

179 5120 417 5189 φαίνεταί
442 5137 528 5182 τις
542 5120 814 5189 Θεόδωρος
843 5118 942 5188 τῆς
970 5115 1345 5185 Μοψουεστίας
1375 5115 1580 5177 πόλεως
1606 5113 1748 5167 οὕτω

178 5211 474 5282 λεγομένης
502 5212 562 5264 ἐν
593 5213 656 5279 τῇ
692 5212 762 5279 γῇ
795 5209 903 5262 τῶν
936 5208 1174 5262 Κιλίκων
1198 5206 1298 5277 τὴν
1326 5203 1620 5277 ἡγεμονίαν
1649 5203 1747 5257 λα-

181 5301 305 5370 χὼν,
337 5302 393 5366 ὃς
429 5304 496 5354 ὲκ
530 5301 819 5370 διαμέτρου
865 5299 944 5370 τῷ
994 5298 1381 5367 ’Δπολλιναρίῳ
1426 5295 1745 5367 φερόμενος,

182 5391 361 5464 ὕϐρεις
414 5392 478 5445 ού
530 5391 629 5454 τὰς
654 5390 919 5460 τυχούσας
949 5390 1199 5461 τολμηρᾷ
1238 5389 1381 5458 ψυχῇ
1430 5388 1524 5440 καὶ
1560 5386 1749 5456 ἀφόϐῳ

183 5482 373 5552 καρδίᾳ
412 5481 671 5551 καταχέει
715 5479 809 5533 τοῦ
863 5480 1133 5532 Δεσπότου
1174 5474 1433 5548 Χριστοῦ,
1464 5473 1749 5546 ἄνθρωπον

182 5570 273 5626 ἕνα
307 5574 416 5627 τῶν
448 5574 568 5627 καθ’
597 5575 744 5643 ἡμᾶς
775 5573 953 5626 κοινὸν
986 5570 1297 5632 ἀποκαλῶν,
1321 5569 1414 5622 καὶ
1452 5569 1517 5620 ὲκ
1547 5583 1748 5637 προκο-

186 5659 287 5729 πῆς
317 5661 548 5715 λαϐόντα
577 5661 675 5731 τὴν
712 5661 871 5733 χάριν
894 5660 988 5714 τοῦ
1017 5660 1174 5725 Θεοῦ,
1197 5660 1329 5712 Θεὸν
1364 5656 1747 5728 ὀνομάζεσθαι,

186 5751 351 5805 καίὲκ
376 5751 470 5805 τοῦ
504 5755 557 5805 ὲν
584 5751 660 5822 τῷ
702 5752 941 5825 Ἰορδάνῃ
977 5751 1349 5823 βαπτίσματος
1372 5747 1665 5817 ἀξιωθῆναι
1693 5745 1751 5798 ὲν

190 5840 417 5909 πρώτοις
438 5843 533 5914 τῆς
550 5843 645 5897 τοῦ
668 5843 822 5913 ἁγίου
850 5844 1167 5914 Πνεύματος
1191 5842 1398 5913 δωρεᾶς
1418 5881 1433 5906 ,
1468 5841 1547 5902 εἰς
1581 5838 1751 5907 ὄνομα

191 5927 395 5992 Ιίατοὸς
418 5935 510 5989 καὶ
538 5932 666 5988 Υἱοῦ
699 5936 791 5990 καὶ
826 5934 981 6007 ἁγίου
1014 5934 1149 5988 Πνεύ
1160 5949 1326 6003 ματος
1359 5928 1723 6002 βαπτισθέντα
1744 5944 1756 5955 ⁸

1850 4655 1990 4711 κατὰ
2024 4650 2218 4724 μικρὸν
2245 4646 2613 4718 ἀφιστάμενον
2638 4643 2776 4715 πρὸς
2806 4642 2874 4697 τὰ
2901 4639 3186 4713 κρείττονα
3205 4639 3271 4707 τῇ
3295 4652 3431 4709 προ-

1851 4747 1992 4815 κοπῇ
2027 4741 2134 4795 τῶν
2185 4738 2363 4810 ἔργων
2380 4732 2719 4806 ἐληλυθέναι,
2746 4731 2842 4785 καὶ
2860 4732 2927 4800 τῇ
2961 4727 3159 4799 ἀρίστῃ
3185 4724 3432 4797 πολιτείᾳ

1850 4836 2137 4907 γενόμενον
2182 4832 2433 4901 ἄμωμον,
2465 4828 2560 4881 καὶ
2593 4824 2669 4887 ὡς
2716 4822 2871 4894 ψιλὸν
2910 4820 3199 4891 ἄνθρωπον
3224 4817 3285 4870 ὲν
3312 4816 3432 4871 ὀνό-

1856 4941 1987 4997 ματι
2018 4920 2233 4991 ΙΙατρὸς
2270 4918 2367 4972 καὶ
2396 4915 2527 4969 Υίοῦ
2560 4915 2653 4969 καὶ
2683 4912 2841 4982 ἁγίου
2884 4909 3202 4980 Πνεύματος
3234 4907 3429 4977 βαπτι-

1855 4996 2068 5085 σθῆναιο
2099 5011 2195 5065 καὶ
2221 5007 2310 5063 διὰ
2327 5006 2421 5060 τοῦ
2448 5005 2822 5077 βαπτίσματος
2844 5001 2944 5074 τὴν
2964 5000 3123 5071 χάριν
3150 4996 3245 5085 τοῦ
3270 4996 3428 5067 ἁγίου

1852 5084 2168 5172 Πνεύματος
2197 5097 2476 5166 εἰληφέναι
2501 5137 2515 5162 ,
2559 5092 2654 5147 καὶ
2698 5090 2971 5153 υἱοθεσίας
3007 5084 3292 5159 ἠξιῶσθαι,
3333 5086 3430 5141 καὶ

1854 5194 1974 5250 καθ’
2007 5192 2268 5264 ὁμοίωσιν
2302 5187 2585 5259 βασιλικῆς
2632 5184 2840 5247 είκόνος
2872 5183 2952 5244 εἰς
2996 5179 3286 5249 πρόσωπον
3333 5175 3427 5231 τοῦ

1853 5284 1989 5340 Θεοῦ
2037 5284 2210 5351 Λόγου
2241 5280 2332 5334 τὸν
2370 5278 2604 5349 Χριστὸν
2653 5271 3074 5347 προσκυνεῖσθαι
3099 5311 3114 5337 ,
3162 5270 3257 5324 καὶ
3289 5267 3431 5341 μετά

1853 5377 1952 5448 τὴν
1981 5374 2279 5430 ἀνάστασιν
2309 5370 2577 5442 ἄτρεπτον
2603 5369 2727 5430 ταῖς
2757 5360 3023 5427 ἐννοίαις,
3054 5360 3149 5415 καὶ
3180 5359 3433 5432 ἀναμάρ·

1853 5484 2015 5537 τητον
2051 5460 2397 5533 γεγενῆσθαι.
2434 5460 2547 5514 Καὶ
2570 5458 2704 5530 πρὸς
2747 5455 2981 5519 τούτοις,
3015 5448 3141 5507 εἷπε
3174 5450 3433 5523 τοιαύτην

1857 5555 2187 5628 γεγενῆσθαι
2214 5554 2313 5625 τὴν
2340 5553 2535 5606 ἕνωσιν
2563 5546 2808 5603 τοῦΘεοῦ
2825 5547 2998 5616 Λόγου
3026 5544 3162 5617 πρὸς
3178 5543 3270 5597 τὸν
3296 5543 3432 5613 Χριο

1861 5649 2005 5711 στὸν,
2037 5644 2229 5699 ὁποίαν
2260 5645 2289 5696 δ
2330 5640 2653 5703 Ἀπόστολος
2685 5638 2791 5708 ἐφη
2821 5632 3064 5708 περὶτοῦ
3103 5630 3298 5706 ἀνδρὸς
3336 5629 3431 5685 καὶ

1858 5742 1959 5810 τῆς
1988 5736 2246 5806 γυναικός
2271 5753 2285 5768 ·
2321 5736 2606 5789 Ἔσονται
2645 5733 2699 5785 οὶ
2739 5730 2851 5784 δύο
2892 5730 2979 5794 είς
3004 5712 3215 5795 σάρκα
3256 5724 3429 5794 μίαν.

1876 5832 1925 5888 Il
1933 5834 1977 5886 is
1999 5839 2225 5901 quatuor
2250 5827 2487 5882 conciliis
2508 5825 2585 5881 sic
2615 5824 2772 5887 actis,
2799 5830 2849 5876 et
2873 5816 3224 5890 conﬁrmatis,
3247 5822 3299 5870 et
3330 5828 3430 5868 att-

1872 5922 2168 5979 ctoritatem
2201 5921 2254 5975 in
2287 5916 2529 5973 Ecclesia
2560 5915 2658 5970 Dei
2688 5909 3067 5976 obtinentibus,
3084 5904 3326 5964 Nestorii
3349 5914 3427 5961 tc-
