3804 6222
177 373 243 429 ες
1358 364 1678 420 mnuum
1722 364 1808 416 DE
1843 360 2253 418 'l‘llEODORlS.
3337 345 3407 402 86

183 497 398 555 tempore
433 501 548 556 qua:
585 494 768 539 nostra
800 495 920 540 sunt
966 492 1337 554 susceperunt,
1369 501 1501 554 quas
1535 501 1636 537 non
1665 491 1742 535 est
1779 483 1818 541 Δ
1918 480 1992 533 Ex
2023 477 2268 548 ejusdem
2295 473 2459 529 etiam
2485 479 2880 526 commentario
2913 468 2965 521 in
2989 461 3261 556 duodecim
3282 475 3410 556 pro-

180 581 446 648 prcsentis
493 579 740 646 temporis
779 593 1029 631 enarrare
1070 592 1088 629 :
1119 593 1184 630 ea:
1223 593 1327 646 qua
1361 593 1524 630 causa
1571 576 1741 644 magis

182 671 494 740 negligenter
510 687 540 722 a
554 669 702 724 nobis
727 671 1016 735 composita
1033 677 1153 722 sunt
1171 668 1427 736 plurima,
1444 675 1492 720 et
1508 667 1739 719 maxime

184 760 275 812 illa
296 776 411 828 ante
437 761 610 828 prima
653 768 796 815 sunt.
827 758 1013 828 Neque
1054 769 1215 829 negat
1248 757 1301 812 id
1330 758 1622 812 Facundus
1648 758 1744 811 lib.

185 867 248 912 ι.
278 866 396 920 cap.
430 852 465 906 5
494 871 508 905 :
546 851 847 906 Theodorus
911 852 1052 904 ultro
1106 851 1437 918 semetipsum
1473 849 1747 918 reprehen-

186 939 307 992 dens
338 941 392 992 in
420 942 746 1008 expositione
779 940 1128 994 Psalmorum
1157 940 1426 1007 confessus
1457 953 1532 993 est
1560 979 1574 1002 ,
1614 936 1750 1008 quod

189 1030 499 1098 negligenter
525 1047 555 1082 a
572 1047 626 1083 se
648 1033 933 1098 contposita
963 1029 1157 1095 fuerint
1175 1028 1425 1096 plurima,
1447 1036 1494 1081 et
1519 1028 1753 1080 maxime

188 1122 281 1174 illa
307 1137 423 1190 qua:
451 1123 626 1189 prima
663 1131 823 1186 sunt,
855 1132 902 1176 et
939 1123 1199 1190 perhibuit
1234 1123 1417 1192 aliqua
1451 1122 1502 1174 in
1531 1138 1654 1174 suos
1691 1121 1757 1174 li-

193 1215 308 1264 l‘ros
337 1212 400 1263 ab
422 1213 821 1274 Apollinaristis
855 1214 1114 1267 immissa.
1144 1212 1276 1268 Rem
1314 1228 1443 1267 vero
1477 1213 1657 1275 nobis,
1698 1220 1757 1266 ut

193 1319 310 1358 sese
351 1305 562 1367 habuit,
611 1305 849 1373 ingenue
885 1311 1071 1358 narrat
1119 1303 1428 1374 Hesychius
1475 1304 1759 1371 presbyter

197 1393 718 1465 llierosolymitanus
754 1396 808 1448 in
845 1394 1082 1448 Historia
1115 1395 1476 1450 ecclesiastica
1506 1411 1524 1448 :
1569 1393 1634 1446 Et
1663 1394 1760 1446 ite-

197 1503 308 1536 rum
333 1485 458 1537 bene
491 1485 809 1546 conversari,
841 1487 1033 1539 iterum
1065 1487 1119 1538 in
1152 1485 1409 1539 clericatu
1447 1501 1559 1538 esse
1588 1485 1760 1552 coepit,

197 1585 244 1628 et
273 1575 557 1628 Antiochia
580 1577 765 1630 relicta
791 1577 844 1629 in
872 1576 1098 1630 Tarsum
1127 1577 1542 1645 transmigrauit,
1577 1591 1640 1628 ex
1661 1592 1765 1644 qua

201 1669 250 1720 in
280 1666 665 1734 Hopsuestiam
700 1669 939 1730 transiit,
972 1668 1248 1722 ordinatus
1289 1669 1345 1720 in
1372 1684 1434 1720 ea
1459 1669 1728 1734 episcopus
1750 1707 1764 1730 ,

202 1759 425 1811 nondum
453 1759 560 1812 Deo
584 1760 784 1813 colente
808 1759 1142 1827 manifestam
1162 1759 1448 1827 impietatis
1466 1759 1610 1811 illius
1633 1774 1768 1824 pra:-

1844 569 2024 637 phetas
2054 565 2301 636 quaedam
2333 563 2631 616 recitantur
2659 559 2713 612 in
2736 557 2923 612 eadem
2959 552 3189 620 synodo,
3223 548 3410 602 collat.

1847 660 1898 711 4.
1937 659 1997 710 Et
2024 664 2240 711 exstant
2267 654 2333 708 ad
2356 653 2502 706 hunc
2526 651 2666 704 diem
2695 651 2745 702 in
2773 647 2959 702 Oscam
2977 642 3167 725 P.,El;
3196 639 3414 706 ἔλεγχον

1848 749 1956 801 τῶν
1985 747 2358 806 ἀϐασανίστως
2388 742 2698 794 ἐπιϐάλλειν
2725 740 2846 800 ταῖς
2880 733 3248 806 προφητικαῖς
3291 730 3414 780 ἐπι-

1850 839 2171 909 χειρούντων
2222 837 2450 906 φωναῖς·
2500 834 2551 885 in
2586 831 2780 884 Ioelem
2816 830 2902 889 P.,
2953 823 3241 893 Πρὸκειται
3289 821 3418 909 ἡμῖν

1852 908 1945 982 τοῦ
1989 927 2255 998 μακαρίου
2312 923 2466 994 Ἰωὴλ
2502 922 2594 976 τοῦ
2647 920 2927 993 προφήτου
2980 917 3079 984 τῆς
3127 908 3422 998 σαφηνείας

1854 996 2201 1092 ἀπάρξασθαι
2254 1016 2348 1069 νῦν
2376 1031 2390 1044 ·
2442 1017 2497 1066 in
2543 1018 2703 1066 Amos
2746 1012 2833 1072 P.,
2870 1005 3155 1077 Πρόδηλον
3205 996 3298 1054 οὖν
3329 1000 3422 1092 Δὅτι

1856 1089 2008 1165 καὶὸ
2051 1109 2316 1180 μακάριος
2369 1103 2548 1175 Ἀμὼς
2579 1105 2606 1156 ὁ
2654 1101 2972 1171 προφήτης,
3004 1096 3062 1148 ὃν
3106 1089 3425 1162 ἑρμηνεύειν

1858 1202 1992 1256 Θεοῦ
2019 1201 2198 1272 χάριτι
2223 1216 2236 1229 ·
2267 1199 2321 1251 in
2341 1195 2565 1249 Abdiam
2591 1195 2680 1254 P.,
2721 1187 2996 1260 Ἀπεχοῶς
3025 1184 3226 1239 ἀνωθεν
3266 1182 3428 1234 ’ῐδουο-

1864 1297 2013 1365 μαῖοι
2048 1292 2184 1362 πρὸς
2229 1289 2356 1350 τοὺς
2424 1283 2762 1356 Ἰσραηλίτας
2795 1280 2952 1349 ἔσχον
2983 1293 2996 1307 ·
3032 1277 3084 1328 in
3119 1273 3306 1365 Ionam
3337 1273 3427 1331 P.,

1861 1361 1958 1444 Εἷς
2006 1361 2288 1439 καὶναὺτὸς
2318 1373 2417 1445 τῆς
2449 1391 2509 1426 τε
2549 1371 2793 1432 Ιὲαλαιᾶς
2838 1369 2932 1420 καὶ
2988 1365 3132 1426 Νέας
3167 1361 3429 1430 ὑπάρχων

1863 1472 2027 1533 Θεὸςο-
2064 1471 2118 1522 in
2161 1465 2439 1520 Michmam
2484 1463 2570 1526 P.,
2617 1457 2983 1530 Παραπλήσια
3033 1455 3143 1514 τοῖς
3191 1455 3320 1520 περι
3367 1464 3428 1498 τε

1878 1559 2057 1630 Ὠσηὲ.
2101 1559 2194 1612 καὶ
2227 1554 2429 1625 Ἀμὼς,
2457 1553 2549 1605 καὶ
2575 1551 2700 1612 τοὺς
2726 1548 2944 1609 λοιποὺς
2978 1544 3187 1598 ὁπόσοι·
3226 1542 3281 1594 t'n
3317 1538 3433 1592 Na-

1867 1629 2104 1712 humP.,
2134 1633 2319 1701 Νινευῖ
2346 1644 2498 1705 πόλις
2521 1637 2589 1712 ἦν
2621 1639 2852 1710 μεγάλη,
2879 1635 3068 1706 πλήθει
3095 1651 3153 1685 τε
3183 1629 3430 1702 κομῶσα,

1873 1742 2054 1804 καθὼς
2104 1742 2137 1809 ἠ
2179 1738 2296 1791 Θεία
2353 1735 2594 1789 διδάσκει
2650 1728 2879 1799 Γραφὴ’
2925 1727 2980 1779 in
3033 1723 3277 1779 Abbacuc
3331 1719 3433 1809 P.,

453 1807 553 1812 _--
587 1807 778 1813 ---πη
808 1807 1140 1827 ,,,-----,--,ε---
1633 1807 1732 1824 Γ.--

202 1848 516 1901 dicationem
535 1848 672 1916 fieri.
703 1846 887 1900 Prima
913 1856 1087 1900 autem
1113 1835 1369 1900 elementa
1389 1863 1498 1899 sua:
1514 1847 1769 1900 doctrina:

1903 1830 2014 1901 Ηδη
2043 1807 2137 1881 τοῦ
2181 1824 2467 1894 Ἀσσυρίου
2506 1821 2604 1892 μὲν
2632 1819 2738 1872 τῶν
2770 1817 2901 1869 δέκα
2943 1812 3122 1882 φυλῶν
3165 1807 3439 1879 αἰχμαλω-

202 1949 264 1985 ea:
288 1933 518 1988 Iudaico
551 1935 853 2004 vaniloquio
877 1936 1154 2002 incipiens,
1186 1933 1417 1988 codicem
1447 1934 1500 1988 in
1534 1935 1768 2004 prophe-

207 2027 332 2077 tiam
358 2025 697 2079 Psalmorum
721 2026 1056 2093 conscripsit,
1092 2041 1271 2079 omnes
1295 2025 1358 2078 de
1393 2023 1618 2078 Domino
1634 2040 1772 2092 prte-

207 2115 460 2168 dictiones
488 2115 853 2185 abnegantem.
885 2114 1146 2183 Culpatus
1183 2132 1300 2169 vero
1329 2125 1380 2169 et
1417 2116 1770 2181 periclitatus,

209 2207 476 2258 contraria
501 2207 604 2259 sibi
629 2207 765 2259 dixit
797 2223 900 2259 non
931 2221 996 2260 ea:
1020 2205 1288 2259 voluntate
1305 2246 1320 2269 ,
1343 2206 1433 2259 sed
1465 2206 1769 2273 compulsus

211 2298 439 2348 omnium
479 2298 822 2367 querimoniis
841 2338 855 2360 ,
886 2306 934 2350 et
959 2297 1185 2351 codicem
1216 2299 1387 2365 ipsum
1422 2296 1590 2350 delere
1619 2297 1776 2365 polli-

211 2389 362 2452 citus,
395 2387 623 2441 latenter
653 2388 993 2442 conservabat
1015 2388 1260 2442 Judat'cm
1291 2389 1580 2455 impietatis
1625 2389 1780 2441 viati-

213 2494 324 2531 cum
354 2494 372 2530 :
395 2479 507 2543 iani
525 2480 666 2531 enim
704 2495 801 2532 sua
825 2481 1204 2533 commentaria
1231 2479 1494 2533 simulans
1535 2479 1744 2532 tradere
1764 2518 1779 2541 ,

214 2569 475 2622 malitiose
501 2569 820 2624 abscondere
864 2570 1161 2624 illecebrant
1207 2569 1504 2623 conabatur
1532 2586 1549 2622 :
1583 2578 1781 2636 tempus

215 2659 419 2726 quidem
449 2660 762 2728 plurimum,
795 2662 848 2714 in
872 2664 1061 2731 exiguo
1091 2667 1205 2716 loco
1231 2679 1394 2728 prava
1431 2663 1664 2730 loquens,
1696 2662 1782 2730 qui

217 2757 345 2800 esset
382 2751 574 2803 merito
620 2751 833 2804 latebat.
867 2751 1054 2806 Exstat.
1093 2768 1239 2807 nunc
1267 2767 1484 2822 quoque
1513 2751 1783 2806 Theodori

216 2839 541 2894 Antiocheni
565 2840 822 2911 ἐξήγησις
851 2843 1164 2896 continuata
1199 2845 1279 2904 εἰς
1312 2843 1402 2896 τὸν
1432 2842 1703 2911 ψαλτῆρα,
1734 2844 1786 2894 in

219 2929 525 2994 psalterium
546 2932 820 2998 expositio,
847 2933 899 2984 iu
927 2932 1252 2987 bibliotheca
1274 2930 1535 2984 Vaticana
1561 2971 1575 2993 ,
1609 2932 1661 2983 in
1691 2930 1788 2982 lis-

221 3019 409 3071 curiali
447 3019 617 3088 Regia
641 3059 655 3082 ,
688 3031 741 3074 et
774 3021 926 3074 alibi.
978 3020 1153 3087 Quam
1194 3023 1310 3087 ipse
1345 3020 1474 3082 vidi,
1514 3021 1704 3089 incipit
1737 3022 1789 3074 in

225 3109 431 3177 psalmo
463 3111 728 3209 secundo,
755 3112 812 3163 ἐν
832 3115 896 3181 τῇ
933 3115 1118 3184 μνήμῃ
1145 3111 1252 3164 τῶν
1278 3112 1494 3165 ἀσεϐῶν
1526 3113 1617 3164 τὸν
1642 3111 1791 3183 πρῶ·
1821 3153 1861 3209 C

226 3215 311 3249 τον
339 3199 698 3268 συμπερανας
720 3200 935 3269 ψαλμὸν
973 3204 1071 3270 (a).

294 3288 520 3345 Necnon
591 3307 656 3344 ex
711 3291 954 3360 ejusdem
1023 3293 1418 3346 commentario
1465 3293 1518 3344 in
1575 3289 1797 3345 Cantica

230 3382 563 3434 canticorum
612 3384 916 3436 recitantur
948 3383 1208 3436 nonnulla
1241 3383 1292 3435 in
1326 3381 1369 3434 ν
1401 3380 1609 3453 synodo
1635 3396 1799 3450 gene-

232 3471 347 3534 rali,
375 3473 565 3526 collat.
599 3473 652 3526 4.
686 3473 826 3540 Quid
857 3489 986 3528 vero
1033 3474 1148 3543 ipse
1177 3473 1245 3526 de
1273 3487 1340 3526 eo
1371 3473 1512 3526 libro
1546 3472 1798 3536 senserit,

233 3582 296 3620 ex
320 3568 514 3623 eodem
534 3569 820 3625 audiamus
851 3588 864 3624 :
891 3568 1022 3624 Cum
1056 3586 1136 3622 me
1157 3570 1407 3638 piguisset
1426 3567 1650 3622 Cantica
1671 3585 1802 3620 can-

237 3658 458 3710 ticorum
498 3658 760 3728 perlegere
785 3699 801 3724 ,
849 3661 1099 3729 quoniam
1140 3675 1299 3728 neque
1348 3661 1632 3711 secundum
1679 3673 1802 3724 pro-

234 3745 493 3811 pheticum
547 3749 767 3813 speciem
815 3749 1056 3815 exposita
1103 3757 1246 3810 sunt,
1306 3763 1468 3815 neque
1520 3745 1806 3799 secundum

240 3837 588 3891 historiarum
614 3839 988 3900 traditionem,
1017 3839 1152 3892 sicut
1183 3838 1447 3907 scriptura
1489 3836 1806 3906 Regnorum,

242 3945 399 4000 neque
459 3929 879 3984 demonstrativa
937 3931 1297 3984 admonitione
1354 3930 1519 3982 studii
1565 3938 1808 3992 utuntur,

243 4018 412 4070 nescio
450 4017 715 4088 quomodo
767 4028 978 4072 tuarum
1011 4020 1308 4072 litterarum
1347 4026 1685 4088 pra’ceptum,
1749 4017 1810 4070 de

245 4105 463 4162 Cantica
512 4110 836 4163 canticorum
873 4111 1088 4179 exigens
1125 4127 1157 4162 a
1206 4109 1354 4162 nobis
1401 4107 1814 4161 irrecusabiliter

246 4214 462 4250 causam
482 4239 498 4260 ,
529 4198 648 4265 fecit
675 4215 752 4252 me
784 4199 925 4251 circa
962 4215 1076 4252 eam
1097 4198 1480 4266 diligentiorem
1506 4239 1520 4261 ,
1558 4197 1810 4248 violenter

247 4291 475 4357 quidem.
515 4288 579 4340 Et
609 4290 705 4354 sic,
741 4304 833 4342 nec
863 4289 999 4342 enim
1030 4289 1268 4351 cessavi,
1302 4296 1350 4340 et
1376 4287 1528 4339 initio
1562 4287 1676 4354 ipso
1709 4287 1813 4338 lec-

251 4381 429 4440 tionis,
457 4381 614 4449 quasi
643 4380 882 4434 studiosa
913 4380 1198 4432 alacritate
1228 4379 1465 4432 oscitans
1497 4378 1811 4446 frequenter,

1873 1899 2012 1983 eoae
2033 1921 2111 1982 εἰς
2147 1918 2245 1988 τὴν
2269 1915 2474 1968 οἰκείαν
2501 1910 2877 1978 ἀπαγαγόντος
2905 1906 3087 1977 χώραν
3111 1919 3124 1932 °
3154 1903 3206 1956 in
3241 1899 3440 1966 Sopho-

1876 2013 2022 2065 niam
2075 2012 2164 2070 P.,
2204 1987 2290 2060 700
2346 2005 2532 2074 πόῤῥω
2565 2001 2658 2053 τοῦ
2703 1999 2969 2070 μακαρίου
3013 1991 3330 2065 Ἀμϐακουμ
3363 1987 3440 2057 τῷ

1876 2101 2051 2173 χρόνῳ
2073 2098 2169 2167 τὴν
2196 2093 2524 2166 προφητείαν
2547 2089 2768 2156 ταύτηνο
2801 2089 2854 2139 in
2884 2094 3127 2154 Aggteum
3147 2079 3236 2173 P.,
3281 2074 3439 2173 ᾯσηὲ

1882 2168 2000 2263 μὲν,
2028 2168 2122 2243 καὶ
2163 2185 2334 2256 ἰωὴλ,
2366 2183 2459 2236 καὶ
2493 2182 2547 2233 Ἀ
2559 2178 2690 2250 μὼς,
2731 2178 2822 2231 καὶ
2845 2173 3086 2245 Μιχαίας
3111 2172 3159 2225 οί
3187 2168 3444 2242 μακάριοι

1879 2278 2153 2352 προφῆται
2183 2273 2358 2327 κοινὸν
2386 2269 2521 2338 πρὸς
2550 2267 2766 2320 ἅπαντα
2803 2264 2901 2334 (b).

1951 2342 2010 2423 In
2041 2342 2374 2436 exponendis
2407 2374 2623 2429 quoque
2661 2355 2793 2410 Novi
2840 2347 3172 2407 Testamenti
3216 2342 3452 2400 volumi-

1883 2462 2044 2516 nibus
2103 2433 2349 2512 sedulam
2407 2465 2630 2513 operam
2684 2442 2996 2500 collocavit.
3026 2438 3165 2493 l-linc
3211 2452 3278 2491 ex
3329 2433 3451 2501 ejus

1883 2545 2279 2604 commentario
2314 2545 2368 2597 in
2408 2541 2721 2595 Matthtzum
2762 2535 2855 2590 lib.
2903 2549 2916 2587 ι
2957 2539 3011 2587 et
3064 2546 3152 2594 iv,
3204 2525 3451 2596 quaedam

1887 2641 2188 2694 recitantur
2223 2635 2276 2689 in
2311 2633 2500 2688 eadem
2526 2628 2736 2700 synodo
2756 2667 2770 2692 ,
2798 2624 2984 2680 collat.
3012 2622 3066 2686 4,
3099 2626 3152 2674 et
3179 2615 3321 2687 apud
3347 2612 3455 2668 Fa-

1885 2731 2145 2794 cundum,
2172 2727 2264 2780 lib.
2292 2740 2374 2788 ιιι,
2403 2739 2525 2794 cap.
2553 2721 2611 2777 ‘2.

1959 2846 2032 2898 Ex
2066 2839 2458 2897 commentario
2502 2839 2629 2891 item
2680 2835 2732 2888 in
2765 2832 2964 2886 Lucam
3005 2823 3249 2896 quaedam
3285 2820 3460 2892 ipsius

1890 2935 2190 2988 alleruntur
2219 2934 2271 2985 in
2304 2930 2492 2983 eodem
2525 2925 2760 2981 concilio
2781 2962 2795 2986 ,
2826 2931 2881 2975 et
2910 2917 3192 2988 complura
3224 2913 3278 2968 in
3309 2918 3459 2966 cate-

1894 3024 1979 3077 nis
2013 3021 2216 3075 Graecis
2248 3021 2302 3072 in
2324 3017 2483 3071 Lacte
2515 3014 2880 3084 Evangelium.

1967 3109 2437 3176 Quemadmodum
2477 3115 2529 3162 et
2567 3121 2632 3160 ex
2679 3099 3072 3159 commentario
3105 3098 3160 3150 in
3202 3093 3464 3148 Joannem

1901 3203 1994 3256 lib.
2034 3219 2046 3252 ι
2104 3206 2158 3254 et
2206 3198 2303 3250 lib.
2346 3213 2420 3260 γι,
2473 3196 2752 3266 pleraque,
2805 3198 2859 3246 et
2908 3203 2937 3241 a
2982 3183 3242 3240 Facundo
3265 3182 3359 3237 lib.
3387 3194 3463 3246 ιιι,

1899 3307 2019 3361 cap.
2046 3292 2101 3353 3,
2134 3288 2406 3359 quaadam.
3459 3276 3462 3278 ’

1970 3379 2346 3451 Expositionis
2375 3375 2622 3444 ejusdem
2651 3375 2704 3428 in
2728 3373 2861 3425 Acta
2893 3368 3252 3438 apostolorum
3277 3361 3468 3417 memi-

1901 3475 1982 3526 nit
2017 3471 2364 3526 Justinianus
2397 3471 2693 3539 imperator
2724 3465 2778 3518 in
2813 3462 3000 3516 Edicto
3045 3461 3111 3512 de
3145 3457 3246 3510 lide
3277 3454 3466 3510 ortho:

1903 3565 2064 3628 doxa,
2093 3563 2253 3632 cujus
2283 3561 2610 3631 principium
2641 3564 2747 3617 est,
2781 3553 3020 3615 Είδότες
3042 3550 3119 3614 ὡς
3147 3545 3346 3600 οὐδέν.
3398 3542 3471 3594 Τὸ

1905 3655 1958 3707 δὲ
1998 3657 2176 3724 χεῖρον
2209 3655 2291 3721 ὅτι
2331 3653 2389 3703 ὲν
2447 3651 2513 3719 τῇ
2567 3646 2676 3699 τῶν
2717 3642 2973 3714 Πράξεων
3013 3638 3119 3690 τῶν
3162 3633 3472 3688 ἀποστόλων

1905 3721 2172 3815 γενομένῃ
2209 3742 2339 3812 παρ’
2379 3737 2545 3793 αὐτοῦ
2592 3734 2751 3805 δῆθεν
2797 3728 3061 3802 ἑρμηνείᾳ
3103 3722 3409 3815 συγκρίνων
3445 3721 3476 3771 ὀ

1907 3812 2067 3899 αὐτὸς
2098 3812 2369 3902 Θεόδωρος
2410 3829 2502 3881 τὸν
2547 3824 2797 3898 Χριστόν.
2849 3819 3003 3887 Quod
3035 3828 3208 3870 autem
3246 3812 3473 3866 deterius

1908 3930 2007 3982 est,
2032 3920 2189 3973 etiam
2217 3917 2272 3970 in
2297 3915 2642 3983 expositione,
2670 3926 2828 3980 quam
2863 3910 2914 3962 in
2949 3908 3084 3959 Acta
3109 3902 3474 3972 apostolorum

1910 3992 2222 4077 composuit,
2263 4007 2398 4060 idem
2421 4002 2724 4058 Theodorus
2749 4006 3021 4068 comparat
3053 3994 3340 4053 Christum,
3367 3997 3472 4044 etc.

1914 4101 1989 4153 Ex
2020 4099 2184 4168 hujus
2207 4095 2566 4166 expositionis
2597 4094 2740 4146 libro
2776 4108 2825 4153 ι,
2855 4087 3164 4143 referuntur
3205 4083 3381 4153 aliqua
3422 4079 3475 4132 in

1911 4188 2099 4241 eadem
2134 4187 2362 4257 synodo,
2389 4184 2572 4238 collat.
2602 4183 2773 4233 dicta.

1985 4279 2134 4332 Illius
2167 4278 2331 4331 etiam
2361 4273 2759 4343 exposilionetu
2782 4269 2834 4321 in
2862 4264 3156 4334 Epistolam
3186 4260 3252 4313 ad
3289 4257 3479 4312 Roma-

1917 4385 2011 4421 nos
2037 4366 2285 4420 meminit
2315 4362 2630 4422 Facundus,
2666 4357 2764 4412 lib.
2787 4371 2866 4419 ιιι,
2891 4369 3008 4424 cap.
3030 4351 3078 4404 6.
3106 4350 3168 4402 Et
3195 4365 3257 4402 ex
3289 4348 3475 4400 iisdem

252 4427 429 4440 ν-ν---η
460 4427 611 4449 τ---ν-
643 4427 879 4434 νην-.-η
914 4427 1188 4432 φηγ-πη--
1232 4427 1507 4446 .
1553 4427 1603 4446 -κ,
1799 4427 1811 4440 .
3416 4427 3424 4435 .

250 4479 298 4522 et
326 4470 616 4534 dormiens,
652 4469 787 4522 sicut
836 4469 1065 4522 convivio
1096 4468 1293 4521 codicis
1333 4466 1610 4532 nuptialis,
1636 4473 1684 4518 et
1717 4464 1812 4517 hoc
1845 4479 1886 4534 ι)
1914 4458 2160 4528 quaedam
2184 4454 2425 4508 adducit.
2451 4453 2528 4506 Ex
2551 4449 2739 4504 eadem
2769 4440 3213 4534 interpretatione
3233 4437 3479 4534 quaedam

254 4559 437 4629 regali,
490 4566 826 4626 percantatus
847 4595 861 4620 ,
899 4565 1005 4611 etc.
1041 4555 1269 4625 Reliqua
1303 4555 1470 4608 videri
1502 4561 1732 4623 possunt
1759 4553 1813 4605 in

255 4649 441 4703 eodem
474 4648 727 4714 concilio,
757 4648 939 4702 collal.
973 4647 1026 4702 4.

328 4826 404 4896 (a)
434 4823 584 4896 Vidit
609 4822 856 4896 _Allatius
903 4819 1144 4896 codicem
1183 4816 1503 4896 Vaticanum
1549 4816 1675 4877 617,
1723 4814 1818 4896 ubi

262 4889 474 4965 reapse,
502 4893 850 4965 initio_dut'l_0
875 4906 913 4965 a_
939 4890 1152 4965 usam"!
1180 4889 1438 4965 εθιέυἱὶάίῖν
1458 4895 1818 4965 .⁰⁰¹¹¹¹“θ“ί³’

262 4955 375 5020 rius
413 4955 616 5018 dicitur
646 4960 916 5015 Theodori
943 4955 1289 5012 Antiocheni.
1322 4955 1427 5010 Sed
1452 4963 1634 5008 tamen
1669 4967 1823 5007 erro-

267 5049 374 5102 rem
394 5050 502 5087 non
529 5032 752 5102 agnovit
775 5029 1000 5102 A_llatius
1019 5037 1140 5102 ;_est
1163 5027 1307 5080 enim
1329 5027 1374 5102 i_s
1397 5023 1824 5102 commentarius

264 5091 616 5165 Theodoreti,
653 5116 759 5154 non
791 5097 1084 5157 Theodori,
1118 5103 1178 5149 ut
1211 5109 1310 5165 ego
1346 5095 1532 5164 legens
1557 5091 1820 5165 comperi,

266 5162 614 5241 erroremque
645 5172 698 5224 in
730 5172 849 5241 ipso
867 5166 1148 5241 _Vaticano
1195 5162 1376 5241 indice
1407 5162 1821 5241 emendandum

271 5229 430 5294 manu
473 5229 590 5294 mea
630 5229 838 5293 cura'vi.
867 5236 982 5289 lmo
1006 5250 1134 5289 vero
1181 5233 1388 5287 codicis
1420 5231 1672 5285 mendum
1699 5229 1824 5283 dili~

271 5319 458 5377 genter
484 5325 570 5364 me
597 5308 707 5377 jam
735 5306 1048 5377 coarguisse
1063 5303 1296 5377 _me_mini
1324 5302 1378 5355 in
1411 5301 1728 5377 praefatione
1756 5295 1824 5350 ad

311 5381 505 5445 τίοι-ειη
533 5365 827 5432 editionem
855 5365 982 5429 ιῖιιιιὶ
1009 5373 1027 5425 l
1053 5372 1251 5440 Script.
1268 5379 1366 5446 vet.
1390 5365 1444 5439 p.
1466 5384 1603 5423 xxii.
1629 5365 1826 5446 Utique

327 5442 639 5513 opsuesteni
677 5446 924 5513 plurimm
951 5450 1134 5513 partes
1167 5442 1415 5513 genuina:
1448 5442 1827 5513 commentarii

275 5518 328 5570 in
359 5507 601 5571 Psalmos
622 5507 780 5570 edim
808 5507 994 5584 postea
1018 5507 1235 5584 luerunt
1261 5507 1582 5584 incol-derii
1604 5514 1828 5584 catena;

279 5586 374 5642 sed
412 5586 661 5656 plurima
685 5578 882 5656 adhuc
916 5583 1083 5635 latent
1124 5581 1176 5656 i_n
1215 5578 1497 5633 codicibus
1521 5617 1535 5639 ,
1571 5583 1830 5656 tantoque

281 5644 542 5718 numero,
586 5662 648 5708 ut
683 5654 737 5708 id
785 5649 1150 5721 Mopsuesteni
1184 5663 1322 5716 opus
1347 5644 1822 5721 propemodumin

257 5713 548 5794 vintegrutn
589 5723 804 5794 restitui
838 5713 996 5794 posse
1037 5713 1318 5794 videatur;
1349 5713 1505 5794 quod
1532 5713 1828 5794 menl'actu-

286 5781 430 5862 tum:
452 5793 559 5849 vita
579 5793 800 5860 comite,
831 5781 1134 5860 conjunctis
1159 5781 1323 5844 etiam
1349 5781 1595 5858 partibus
1625 5781 1830 5840 Corde-

1921 4525 2223 4604 recitanlur
2245 4547 2299 4599 in
2327 4543 2515 4612 quinta
2553 4536 2760 4610 synodo
2789 4535 2973 4588 collat.
3002 4530 3149 4583 dicta
3180 4525 3271 4596 (c).

1991 4640 2226 4708 Scripsit
2272 4647 2490 4706 quoque
2537 4632 2736 4685 librum
2784 4642 2885 4683 seu
2930 4619 3384 4679 commentarium
3427 4617 3480 4668 in

1917 4813 2109 4876 rianis,
2139 4807 2406 4878 spondere
2441 4802 2640 4857 ausim.

1993 4901 2068 4965 (ὁ)
2099 4898 2290 4954 Nescio
2325 4910 2424 4949 cur
2461 4892 2712 4965 A__llat_ius_
2738 4888 2966 4965 reticeat
3015 4887 3082 4965 de
3120 4881 3404 4965 Zacharia,
3433 4889 3487 4965 et

1926 4949 2450 5034 Malae—hiajlltique
2486 4961 2784 5034 Zacharias
2818 4959 2983 5034 deest
3029 4957 3083 5010 in
3137 4949 3485 5034 Cadio-edint.

1922 5019 2282 5102 ὖῖξέῗῖίίίέξηῖ
2332 5019 2508 5090 sblum
2555 5029 2756 5102 vidise
2803 5028 3060 5102 A_l_latium
3095 5031 3248 5102 puto.
3285 5019 3485 5102 Ibidem

1922 5088 2105 5163 tamen
2129 5088 2437 5160 Malaeliias
2465 5116 2571 5155 non
2607 5101 2812 5152 deerat.
2833 5097 2943 5151 Nos
2971 5088 3491 5168 vero-Iandeluade-

1924 5179 2001 5248 pti
2033 5178 2452 5231 Columnensem
2494 5169 2735 5248 codicem
2770 5174 3139 5248 pervetustlnu
3177 5175 3299 5214 cum
3333 5167 3490 5248 Linte--

1921 5226 2581 5319 gerrim-o‘eommentario
2603 5226 2966 5316 Mopsuesteni
3000 5234 3162 5319 at‘l’xi'l
3195 5226 3489 5319 prephetas

1923 5295 2388 5386 ἱίῖίιὲίὲῖὶοζιιὲέιῃ
2430 5309 2607 5386 pretio
2655 5295 2894 5386 emptum
2941 5304 2995 5386 ip
3038 5295 3332 5386 Vaticanus
3362 5295 3490 5386 plu:

1924 5368 2044 5441 i669;
2068 5380 2393 5451 intulimus),
2430 5368 2918 5451 praeclarissimum
2940 5449 2946 5451 _
2966 5373 3068 5425 hoc
3113 5368 3490 5451 ‘hlopsuesteni

1924 5435 2515 5524 opust—Viulgiavini'us'in
2549 5445 2766 5524 Scripta
2794 5452 2891 5524 vet.
2934 5449 3090 5524 tonio
3320 5447 3494 5503 nuper

1925 5507 2144 5581 diuitum
2185 5507 2476 5575 Latinitate
2504 5507 2724 5585 quoque
2754 5521 2930 5567 totum
2965 5507 3310 5563 donavimus.

2002 5614 2072 5684 (c)
2112 5611 2331 5684 Partem
2373 5605 2735 5684 expositionis
2771 5603 2937 5684 hujus
2955 5601 3042 5684 "in
3338 5592 3492 5684 litin}.

1930 5659 2917 5809 insié’getsiigrircetiosedidimus'in
2949 5659 3308 5740 spicainom.
3338 5672 3378 5719 ι.
3403 5659 3497 5724 iv.

1932 5770 1986 5826 p.
2126 5783 2141 5790 -
2193 5768 2274 5804 ω.
2953 5805 2960 5815 _
