3804 6222
293 256 364 312 87
1567 256 1659 310 EX
1699 255 1946 313 LEO'NlS
1984 255 2265 313 ALLATII
3470 251 3544 309 88

295 367 591 441 symbolum
642 369 960 435 Nicwnum,
1001 371 1305 428 sententias
1342 371 1568 428 Patrum
1615 373 1683 428 ad
1735 388 1866 430 suos

1985 373 2066 440 τὰς
2098 375 2278 439 δόξας,
2321 375 2407 428 ὅτε
2439 375 2554 436 ταῖς
2603 371 2768 427 αὐτοῦ
2812 371 3269 444 περιτυγχάνουσι
3302 370 3540 441 βίϐλοις·

299 475 520 516 errores
587 461 1030 530 comprobandos
1101 462 1452 534 detorquens.
1521 463 1870 520 Justinianus

299 551 594 622 imperator
619 552 671 605 in
705 553 898 607 Edicto
927 567 1090 623 supra
1114 553 1366 609 laudato:
1412 554 1553 607 Ἀλλ’
1581 555 1701 608 οὐδὲ
1742 554 1870 608 Θεό·-

296 637 468 708 δωρος
492 641 521 692 ὁ
555 639 820 710 Ἕλληνάς
854 657 912 692 τε
940 643 1034 694 καὶ
1073 643 1357 705 Ἰουδαίους
1379 643 1472 697 καὶ
1495 643 1700 705 πάντας
1720 643 1872 713 αἰρε-

298 728 485 792 τικοὺς
525 732 596 798 τῇ
630 731 854 801 ἀσεϐείᾳ
886 731 1349 802 ὑπερϐαλλόμενος
1378 748 1391 761 ’
1423 725 1576 796 οὗτος
1603 733 1711 804 γὰρ
1738 734 1872 804 πρὸς

299 820 418 880 ταῖς
473 819 661 882 ἄλλαις
710 821 874 874 αὑτοῦ
930 821 1316 893 βλασφημίαις,
1377 823 1476 877 οὐκ
1516 824 1757 894 ἠρκέσθη
1795 823 1872 894 τῷ

301 908 440 978 πρὸς
461 908 559 979 τὴν
588 910 724 964 ἰδίαν
759 911 965 982 πλάνην
993 913 1442 983 παρερμηνεῦσαι
1473 913 1740 983 σύμϐολον
1760 914 1870 966 τῶν

302 1001 625 1070 τριακοσίων
681 1002 810 1056 δέκα
870 1004 962 1056 καὶ
1018 1002 1160 1056 όκτὼ
1207 1005 1373 1073 ἁγίων
1423 1005 1703 1074 Πατέρων,
1735 1005 1871 1059 ἀλλὰ

303 1089 397 1140 καὶ
418 1092 824 1161 περιφρονήσας
855 1091 1067 1156 τούτου,
1101 1092 1201 1146 καὶ
1240 1093 1312 1145 τὰ
1335 1091 1501 1161 ἑξῆς.
1556 1093 1737 1164 Neque
1765 1097 1872 1163 ipse

309 1176 612 1233 Theodorus
633 1221 648 1244 ,
685 1181 775 1250 qui
794 1195 1053 1251 paganos,
1079 1181 1329 1247 Iudaeos,
1362 1201 1422 1237 ac
1461 1201 1638 1240 onmes
1663 1185 1872 1240 haereti-

306 1285 394 1321 cos
419 1269 685 1337 impietate
711 1273 1014 1339 superavit;
1051 1273 1172 1327 huic
1212 1275 1350 1328 enim
1381 1286 1573 1344 praeter
1593 1276 1732 1330 alias
1756 1277 1871 1330 bla-

305 1357 565 1426 sphemias
589 1377 691 1414 non
718 1364 850 1416 satis
877 1363 977 1430 fuit
1019 1373 1136 1432 apte
1165 1364 1233 1417 ad
1269 1380 1423 1418 suum
1455 1382 1686 1420 errorem
1713 1368 1872 1436 per/i-

305 1448 451 1502 diose
487 1451 824 1520 interpretari
867 1454 1162 1524 symbolum
1210 1465 1561 1510 trecentorum
1612 1457 1786 1512 decem
1822 1467 1873 1512 et

307 1548 427 1593 octo
459 1550 759 1594 sanctorum
787 1542 1034 1608 Patrum,
1070 1544 1160 1599 sed
1185 1557 1476 1614 contempto
1501 1548 1614 1611 illo,
1657 1557 1763 1603 etc.
1795 1548 1870 1603 Ex

311 1631 413 1686 hac
450 1633 681 1703 symboli
714 1634 921 1690 Nicazni
957 1637 1403 1706 interpretatione
1434 1640 1680 1709 quaedam
1731 1640 1873 1695 refe-

309 1734 504 1777 runtur
537 1724 590 1778 in
619 1723 662 1778 γ
694 1727 925 1796 synodo,
961 1729 1142 1783 collat.
1173 1729 1446 1799 saepeiam
1479 1730 1754 1800 praedicta.

380 1812 567 1882 quue
618 1815 837 1869 tandem
886 1823 1224 1886 contempto,
1276 1817 1496 1887 scripsit
1546 1818 1662 1889 ipse
1703 1827 1876 1874 marte

307 1904 534 1974 proprio
564 1906 868 1974 symbolum
908 1909 1057 1962 omni
1111 1908 1386 1977 impietate
1413 1910 1630 1979 plenum
1651 1951 1666 1977 ,
1699 1911 1753 1964 in
1789 1927 1878 1981 sy-

308 1991 451 2047 nodo
499 1993 769 2063 Epliesina
814 2003 868 2048 et
921 1996 1351 2051 Chalcedonensi
1394 1999 1593 2053 lectum
1645 2009 1698 2054 et
1743 2016 1877 2055 con-

308 2081 644 2138 demnatum.
692 2085 836 2140 Idem
879 2085 1224 2142 lustinianus
1258 2088 1499 2143 ibidem:
1533 2089 1693 2143 Ἀλλὰ
1721 2108 1879 2162 περι-

310 2175 584 2244 φρονήσας
635 2175 864 2243 τούτου,
913 2179 1098 2250 ἕτερον
1148 2178 1416 2248 σύμϐολον
1454 2181 1667 2246 ἐξέθετο
1699 2181 1880 2252 πάσης

310 2263 560 2328 ἀσεϐείας
610 2267 1058 2339 πεπληρωμένον,
1113 2271 1170 2324 ἐν
1219 2265 1264 2338 ᾧ
1305 2269 1698 2340 ἁναθεματίσαι
1755 2273 1880 2335 τοὺς

311 2353 508 2425 ἑτέρως
541 2357 870 2428 φρονοῦντας
897 2359 1194 2432 ἐτόλμησεν
1226 2377 1241 2391 ο
1284 2361 1425 2415 ὥστε
1457 2363 1579 2417 ὅσον
1613 2362 1753 2416 κατὰ
1783 2363 1881 2434 τὴν

311 2443 518 2496 ἐκείνου
563 2446 762 2514 μανίαν
789 2449 996 2512 πάντας
1023 2449 1151 2512 τοὺς
1185 2450 1374 2519 ἁγίους
1410 2451 1737 2516 ἀποστόλους
1789 2453 1882 2505 καὶ

314 2533 560 2608 Πατέρας
597 2539 1045 2609 κατακεκρίσθαι.
1087 2538 1257 2594 Τοῦτο
1301 2541 1358 2593 δέ
1403 2541 1462 2594 τὸ
1513 2543 1706 2605 ἀσεϐὲς
1755 2543 1880 2596 Θεο-

313 2624 483 2699 δώρου
515 2627 780 2696 σύμϐολον
813 2630 905 2682 καὶ
936 2631 993 2684 ἐν
1023 2633 1090 2703 τῇ
1131 2634 1248 2684 κατ’
1287 2633 1516 2699 Ἔφεσον
1548 2632 1739 2705 πρώτῃ
1764 2651 1884 2686 συν-

314 2715 443 2786 όδῳ,
485 2717 577 2768 καὶ
634 2719 698 2770 ἐν
741 2717 1042 2790 Χαλκηδόνι
1079 2722 1444 2790 ἀναγνωσθὲν,
1492 2723 1580 2790 ὑφ’
1621 2725 1885 2795 ἑκατέρας

315 2804 532 2858 συνόδου
561 2807 698 2876 μετὰ
723 2808 817 2860 τοῦ
845 2809 1139 2880 ἐκθεμένου
1173 2812 1390 2866 καὶτῶν
1421 2812 1726 2884 δεξαμένων
1755 2814 1885 2868 αὐτὸ

316 2895 631 2967 κατεκρίθη.
666 2896 774 2952 Sed
800 2907 1092 2968 contemplo
1121 2901 1237 2968 illo,
1278 2901 1426 2955 aliud
1459 2903 1700 2969 procudit
1745 2920 1886 2972 sym-

315 2985 492 3038 bolum
527 2988 670 3042 omni
699 2988 965 3058 impietate
1003 2991 1253 3059 refertum
1279 3033 1292 3059 ,
1321 2993 1376 3046 in
1408 3009 1507 3063 quo
1535 2995 1694 3047 etiam
1734 2995 1886 3048 dam-

316 3092 444 3129 nare
476 3093 637 3132 ausus
659 3087 736 3132 est
771 3096 858 3133 eos
890 3081 979 3150 qui
1013 3082 1168 3135 aliter
1201 3083 1265 3134 ab
1310 3082 1426 3151 ipso
1470 3085 1752 3149 sentirent,
1789 3095 1881 3151 ιιι,
1911 3063 1953 3121 (ἶ

307 3177 570 3236 quantum
606 3171 660 3223 in
692 3187 746 3224 se
773 3172 936 3226 situm
959 3182 1096 3238 erat,
1121 3173 1448 3227 damnaverit
1480 3191 1655 3229 omnes
1676 3186 1884 3228 sanctos

316 3261 580 3327 apostolos
615 3269 665 3314 et
701 3260 910 3314 Patres.
976 3261 1091 3314 Hoc
1131 3271 1306 3315 autem
1357 3265 1575 3331 impium
1627 3262 1887 3317 Theodori

317 3349 610 3420 symbolum
646 3351 766 3405 etin
798 3350 1000 3421 synodo
1033 3353 1206 3420 prima
1246 3351 1508 3422 Ephesina
1537 3361 1589 3407 et
1628 3353 1684 3406 in
1727 3353 1890 3406 Chal-

317 3440 594 3494 cedonensi
619 3439 844 3507 lectum,
876 3441 940 3494 ab
974 3452 1198 3513 utraque
1228 3458 1335 3496 una
1361 3458 1478 3496 cum
1509 3452 1721 3495 auctore
1750 3442 1885 3510 ejus,

315 3537 366 3582 et
397 3527 452 3581 id
491 3527 860 3596 recipientibus
910 3529 1224 3584 damnatum
1262 3530 1384 3598 fuit.
1443 3531 1679 3599 Cyrinus
1709 3540 1888 3585 tamen

315 3617 756 3683 Alexandrinus»,
791 3620 878 3675 cui
915 3621 968 3674 in
996 3621 1098 3674 hoc
1136 3622 1352 3690 negotio
1385 3619 1560 3688 major
1603 3620 1738 3675 ﬁdes
1790 3620 1891 3674 ha-

318 3709 494 3765 benda
527 3717 633 3775 est,
665 3710 969 3780 symbolum
1003 3719 1212 3775 tantum
1245 3712 1298 3765 in
1330 3710 1603 3781 Ephesina
1634 3711 1892 3765 condem-

322 3811 510 3854 natum
541 3800 709 3865 dicit,
736 3801 883 3855 nulla
908 3800 1049 3856 facta
1076 3803 1143 3856 de
1163 3801 1311 3856 illius
1340 3809 1563 3855 auctore
1593 3801 1884 3864 mentione,

321 3891 466 3961 quod
512 3892 624 3961 jam
670 3892 727 3946 in
773 3892 918 3948 vivis
981 3907 1102 3947 esse
1152 3892 1428 3947 desiisset.
1487 3890 1580 3946 Sic
1628 3893 1772 3945 enim
1833 3890 1887 3943 in

326 3981 565 4049 Epistula
584 3981 652 4034 ad
670 3981 944 4044 Proetum,
979 3980 1622 4050 Constantinopolitanum
1655 3980 1890 4049 patriar-

321 4075 476 4132 cham
510 4073 621 4140 (ed.
653 4071 895 4136 Aubert,
933 4078 974 4125 t.
1005 4069 1072 4137 ν,
1121 4078 1262 4140 part.
1313 4085 1385 4133 ιι,
1435 4086 1489 4139 p.
1523 4068 1649 4140 200)
1679 4087 1691 4123 :
1729 4071 1891 4122 ἰστω

322 4165 382 4219 δὲ
417 4164 451 4234 ἡ
485 4162 553 4234 σὴ
587 4162 804 4232 ὁσιότης
836 4163 917 4214 ὅτι
954 4161 1409 4232 προσενεχθείσης
1440 4163 1504 4232 τῇ
1530 4161 1662 4232 ἁγίᾳ
1691 4161 1892 4231 συνόδῳ

325 4253 594 4316 ἐκθέσεως
634 4253 763 4324 παρ’
795 4251 962 4305 αὐτοῦ
993 4251 1380 4323 συνταχθείσης
1401 4291 1416 4315 ,
1446 4252 1521 4316 ὡς
1557 4255 1605 4304 οἱ
1635 4269 1892 4320 προενεγ-

1972 464 2066 516 καὶ
2103 463 2162 516 τὸ
2194 462 2499 534 περαιτέρω
2541 464 2768 534 χωρεῖν,
2813 461 3055 531 θορύϐων
3097 459 3209 512 ἔσθ’
3239 461 3327 513 ὅτε
3367 459 3543 512 τίκτει

1971 551 2272 621 προφάσεις
2311 567 2324 581 ο
2382 551 2528 604 Sciat
2570 566 2685 605 vero
2728 551 2985 604 sanctitas
3033 559 3125 602 tua
3154 547 3291 618 quod
3327 548 3540 616 exposi-

1973 645 2112 696 tione
2138 682 2154 708 ,
2186 659 2304 713 qua:
2329 643 2461 697 nihil
2493 644 2612 696 sani
2639 641 2882 705 habebat,
2927 641 2990 694 ab
3013 657 3071 694 eo
3099 641 3386 710 composita
3409 680 3425 704 ,
3457 639 3547 692 uti

1971 734 2214 788 dicebant
2244 736 2283 788 ii
2303 735 2392 804 qui
2423 750 2539 788 eam
2571 735 2902 796 attulerant,
2934 731 3076 800 apud
3111 741 3350 785 sanctam
3379 745 3540 799 syno-

1971 827 2095 880 dum
2121 826 2352 896 prolata,
2382 841 2496 880 eam
2530 824 2738 896 quidem
2772 823 3065 891 reprobavit
3091 831 3276 876 sancta
3305 819 3543 890 synodus

1971 926 2149 984 utpote
2169 915 2424 986 perversis
2454 915 2784 984 conceplibus
2813 914 3096 981 refertam,
3125 921 3176 966 et
3216 909 3540 965 Nestorium:

1972 1009 2245 1076 impietate
2269 1009 2424 1078 quasi
2453 1008 2735 1076 ﬂuentem;
2765 1006 2840 1060 eis
2874 1015 3050 1059 autem
3091 1003 3181 1073 qui
3210 1003 3289 1055 ita
3325 1001 3542 1068 sapiunt

1973 1097 2358 1161 condemnatis,
2424 1095 2775 1163 dispensative
2821 1093 3025 1146 nullam
3073 1092 3173 1145 viri
3225 1090 3539 1143 mentionem

1973 1188 2094 1256 fecit
2127 1229 2142 1254 ,
2202 1203 2295 1240 nec
2362 1186 2537 1254 ipsum
2589 1184 2902 1238 nominatim
2949 1180 3269 1235 anathemati
3316 1177 3539 1246 subiecit

1971 1284 2183 1344 propter
2223 1274 2702 1342 dispensationem,
2755 1287 2816 1325 ne
2846 1271 3042 1324 scilicet
3084 1269 3249 1338 aliqui
3291 1281 3539 1336 magnam

1974 1367 2075 1421 viri
2109 1365 2406 1435 opinionem
2435 1373 2729 1432 spectantes
2747 1401 2763 1427 ,
2789 1379 2843 1416 se
2872 1362 3012 1431 ipsos
3036 1360 3099 1414 ab
3120 1358 3354 1414 ecclesiis
3382 1371 3540 1424 sepa-

1975 1467 2174 1509 rarent.
2226 1453 2292 1510 In
2329 1455 2413 1510 his
2460 1471 2578 1508 vero
2629 1453 3017 1523 dispensatione
3054 1450 3152 1515 uti,
3192 1448 3444 1517 optimum
3475 1460 3541 1502 ac.

1972 1547 2197 1613 prudens
2232 1555 2309 1599 est
2347 1544 2667 1609 consilium;
2695 1545 2743 1597 si
2777 1545 2917 1596 enim
2955 1541 3142 1595 viveret
3174 1553 3310 1592 nunc
3331 1575 3345 1599 ,
3375 1544 3424 1588 et
3449 1533 3542 1586 de-

1977 1636 2153 1702 fensor
2182 1644 2315 1688 esset
2361 1633 2806 1704 blasphemiarum
2844 1630 3081 1684 Nestorii
3104 1667 3120 1692 ,
3152 1644 3243 1681 seu
3279 1624 3412 1678 tueri
3442 1637 3540 1676 suo

1904 1736 1946 1789 Β
1975 1726 2270 1794 patrocinio
2297 1725 2446 1778 vellet
2474 1741 2558 1788 ea,
2589 1739 2705 1793 qua:
2733 1723 2840 1788 ipse
2859 1722 3164 1790 scripserat,
3182 1719 3358 1788 utique
3376 1715 3542 1768 etiam

1976 1817 2029 1869 in
2061 1817 2276 1885 propria
2311 1831 2534 1882 persona
2565 1815 2895 1867 anathemate
2919 1814 3210 1882 feriretur:
3243 1817 3295 1861 at
3318 1821 3436 1860 cum
3471 1802 3541 1857 ad

1977 1907 2146 1961 Deum
2199 1908 2527 1977 migraverit,
2575 1915 2658 1959 sat
2701 1914 2776 1958 est
2797 1943 2812 1968 ,
2864 1912 3020 1974 prout
3051 1919 3142 1971 ego
3173 1914 3353 1954 censeo
3375 1936 3391 1962 ,
3424 1910 3542 1966 qua

1979 1999 2210 2052 absurda
2235 2007 2283 2052 et
2314 2000 2490 2066 inepta
2523 1996 2588 2050 ab
2627 2013 2688 2050 eo
2718 1995 3019 2063 conscripta
3049 2001 3192 2056 sunt,
3218 1989 3444 2058 expungi
3473 1991 3542 2042 ab

1978 2092 2046 2144 iis
2069 2092 2157 2159 qui
2184 2099 2320 2144 recte
2350 2091 2608 2152 sentiunt,
2653 2085 2860 2152 quando
2898 2085 3013 2155 ejus
3057 2082 3180 2136 libri
3217 2089 3496 2134 occurrant
3522 2096 3544 2144 ;

1979 2180 2200 2233 ulterius
2219 2187 2395 2232 autem
2423 2177 2691 2248 progredi,
2720 2187 2854 2232 esset
2877 2177 3032 2243 plane
3055 2174 3331 2228 turbarum
3351 2185 3544 2225 causas

1979 2272 2228 2325 excitare.
2276 2269 2437 2324 Falso
2483 2269 2667 2338 itaque
2705 2266 3050 2322 Justinianus
3089 2271 3367 2318 auctorem
3397 2274 3547 2331 sym-

1981 2362 2090 2416 boli
2140 2361 2454 2416 damnatum
2497 2375 2620 2415 esse
2664 2366 2963 2414 asseverat.
3003 2355 3293 2412 Facundus
3329 2352 3427 2407 lib.
3457 2365 3545 2416 ιιι,

1983 2467 2103 2523 cap.
2125 2452 2180 2516 2,
2211 2459 2372 2518 negat
2405 2458 2590 2520 aperte
2623 2448 2927 2520 symbolum
2965 2445 3096 2500 illud
3125 2444 3293 2500 fuisse
3325 2455 3548 2512 compo—

1983 2547 2148 2601 situm
2180 2561 2210 2599 ιι
2250 2544 2566 2608 Theodoro,
2606 2551 2659 2598 et
2695 2540 3120 2610 conscriptorem
3155 2537 3275 2605 eius
3317 2533 3489 2587 fuisse
3515 2545 3547 2584 a

1982 2639 2142 2693 dictis
2167 2637 2389 2708 synodis
2428 2635 2894 2690 condemnatum:
2946 2629 3132 2684 Adhuc
3179 2636 3350 2680 tamen
3399 2621 3548 2676 aliud

1984 2745 2229 2799 magnum
2270 2744 2332 2780 ac
2369 2727 2563 2796 duplex
2601 2741 2781 2780 eorum
2816 2722 3144 2777 mendacium
3179 2717 3498 2789 publicemus
3528 2730 3547 2768 :

1983 2818 2120 2888 quod
2145 2815 2564 2870 Chalcedonense
2591 2813 2896 2874 concilium,
2925 2827 3029 2864 non
3053 2808 3300 2876 Ephesini
3319 2814 3547 2867 tantum,

1985 2923 2161 2961 verum
2209 2907 2368 2959 etiam
2425 2905 2590 2974 ipsius
2654 2898 3092 2956 Chalcedonensis
3130 2895 3333 2966 judicio
3386 2893 3551 2948 videri

1987 2995 2218 3050 notabile
2246 2994 2522 3048 voluerunt
2552 2991 2780 3047 dicentes
2811 3006 2828 3044 :
2867 2988 3127 3044 Theodori
3155 2983 3453 3055 symbolum
3498 2990 3552 3036 et

1988 3089 2041 3139 in
2072 3085 2276 3154 Epheso
2311 3084 2404 3138 sub
2434 3092 2617 3137 sancto
2647 3080 2850 3151 Cyrillo
2879 3079 3107 3149 synodus
3129 3119 3144 3143 ,
3183 3076 3308 3130 etin
3335 3071 3555 3128 Chalce-

1986 3177 2118 3232 done
2150 3177 2621 3231 condemnaverunt
2641 3215 2656 3238 ,
2685 3183 2839 3242 atque
2861 3168 3183 3224 anathemati
3207 3165 3553 3221 subdiderunt

1987 3285 2104 3321 cum
2129 3268 2482 3335 conscriptore
2511 3265 2662 3333 ejus;
2695 3279 2812 3318 cum
2859 3263 2915 3315 in
2955 3259 3216 3330 Ephesina
3243 3255 3443 3327 synodo
3470 3271 3555 3308 re-

1988 3359 2194 3428 feratur
2223 3357 2437 3425 quidam
2472 3356 2680 3409 nomine
2721 3353 2996 3408 Charisius
3031 3349 3316 3419 presbyter,
3340 3354 3390 3402 et
3417 3361 3554 3400 aco-

1988 3466 2172 3504 nomus
2202 3446 2606 3516 Philadelphia,
2641 3445 2813 3500 nescio
2834 3460 2962 3514 quos
2993 3441 3283 3496 Antonium
3313 3446 3363 3492 et
3387 3436 3553 3490 Jaco-

1989 3539 2110 3592 bum
2141 3537 2471 3607 presbyteros
2503 3550 2784 3589 accusasse
2812 3533 2876 3586 de
2917 3532 3168 3585 societate
3195 3525 3432 3582 Nestorii
3455 3564 3470 3588 ,
3503 3532 3557 3578 et

1988 3629 2228 3683 docuisse
2266 3625 2402 3696 quod
2449 3633 2553 3680 non
2592 3624 2845 3678 Ecclesiae
2881 3621 3176 3692 symbolum
3198 3659 3213 3682 ,
3250 3618 3340 3672 sed
3371 3615 3556 3679 aliud,

1989 3720 2247 3774 conversis
2279 3715 2849 3772 Tessaresctedecatitis
2871 3713 3152 3775 Ita-reticis,
3185 3710 3276 3779 qui
3303 3724 3409 3762 non
3438 3720 3558 3759 cum

1992 3808 2270 3870 Ecclesia,
2309 3806 2399 3860 sed
2452 3804 2850 3875 quartadecima
2897 3802 3025 3858 luna
3068 3799 3277 3852 Pascha
3328 3795 3558 3850 celebra-

1992 3901 2155 3962 bant,
2205 3896 2579 3960 tradiderunt;
2635 3909 2727 3948 nec
2778 3892 2851 3946 ibi
2911 3890 3156 3954 dicatur,
3206 3887 3284 3941 vel
3335 3885 3400 3939 ab
3445 3886 3575 3950 ipsa-

1993 3986 2261 4050 Charisio,
2295 3986 2374 4040 vel
2405 4002 2436 4038 a
2465 4000 2765 4055 quoquam,
2797 3981 2932 4036 illud
2963 3979 3257 4048 symbolum
3303 3975 3560 4030 Theodori

1993 4080 2176 4148 fuisse.
2222 4079 2418 4132 Beatus
2456 4075 2691 4146 Cyrillus
2721 4073 2952 4127 scribens
2990 4067 3349 4124 Orientalibus
3383 4066 3509 4120 dicit
3540 4081 3560 4120 :

1993 4170 2216 4224 Prolata
2242 4179 2316 4222 est
2350 4168 2407 4222 in
2433 4177 2621 4221 sancta
2651 4163 2850 4233 synodo
2883 4161 3150 4230 Ephesina
3185 4158 3444 4226 definitio,
3479 4172 3562 4210 re-

1994 4262 2093 4316 lati
2122 4277 2154 4313 a
2198 4259 2468 4313 Theodoro
2495 4257 2752 4326 deposita,
2799 4252 2957 4308 sicuti
2989 4252 3258 4320 offerentes
3297 4245 3558 4302 dicebant.

325 4345 509 4408 κόντες
528 4343 781 4412 ἔφασκον,
815 4343 966 4396 οὐδὲν
990 4341 1217 4413 ἐχούσης
1243 4343 1410 4411 ὑγιὲς,
1441 4343 1881 4414 κατεκιϐδήλευσε

1998 4349 2109 4404 Nec
2138 4349 2377 4418 afﬁrmat
2406 4364 2524 4402 eam
2558 4346 2815 4401 Theodori
2841 4344 3025 4413 fuisse,
3051 4357 3226 4396 verum
3259 4355 3418 4410 neque
3444 4353 3564 4391 cum

328 4434 430 4507 μὲν
467 4435 635 4508 αὐτὴν
660 4437 693 4506 ἡ
717 4435 848 4503 ἁγία
871 4433 1105 4498 σύνοδος,
1131 4433 1206 4497 ὡς
1230 4433 1676 4504 διεστραμμένων
1699 4435 1761 4502 γέ
1770 4451 1895 4504 μου·

327 4541 428 4581 σαν
470 4525 716 4590 ἐννοιῶν,
759 4525 850 4579 καὶ
893 4525 990 4594 τὴν
1033 4525 1328 4594 Νεστορίου
1371 4525 1688 4578 δυσσέϐειαν
1737 4525 1895 4577 οἱονεί

328 4633 446 4679 πως
487 4617 836 4687 πηγάζουσαν
863 4632 876 4646 ·
910 4615 1284 4686 κατακρίνασα
1324 4614 1382 4667 δὲ
1426 4615 1551 4677 τοὺς
1579 4613 1722 4667 οὕτω
1767 4631 1898 4685 φρο-

327 4706 554 4770 νοῦντας
577 4747 591 4772 ,
625 4705 982 4777 οἰκονομικῶς
1010 4706 1110 4759 ούκ
1137 4705 1508 4777 ἐμνημόνευσε
1538 4703 1636 4758 τοῦ
1674 4704 1863 4775 ἀνδρὸς
1880 4743 1896 4768 ,

329 4797 450 4852 οὐδὲ
479 4797 639 4850 αὑτὸν
663 4797 934 4867 ὑπέθηκεν
973 4798 1233 4868 ὀνομαστὶ
1261 4795 1340 4867 τῷ
1378 4795 1804 4867 ἁναθεματισμῷ
1834 4794 1902 4847 δι’

327 4887 670 4958 οἰκονομίαν,
719 4888 808 4942 ἵνα
854 4887 930 4958 μή
971 4904 1117 4951 τινες
1154 4890 1222 4960 τῇ
1263 4887 1529 4960 ὑπολήψει
1567 4887 1662 4941 τοῦ
1709 4888 1900 4960 ἀνδρὸς

327 4977 766 5050 προσεσχηκότες
798 4976 1145 5033 ἀποϐάλωσιν
1175 4979 1403 5042 ἑαυτοὺς
1431 4979 1541 5033 τῶν
1570 4979 1894 5049 ἐκκλησιῶν.

335 5069 404 5124 Ἦ
441 5069 500 5122 δὲ
542 5070 600 5122 ἐν
636 5068 846 5132 τούτοις
881 5068 1162 5140 οίκονομία
1197 5069 1416 5140 ἄριστόν
1465 5087 1519 5123 τι
1566 5071 1756 5142 χρῆμα
1803 5071 1899 5124 καὶ

328 5160 490 5228 σοφόν
528 5176 541 5190 ο
578 5159 629 5212 εί
669 5159 772 5230 μὲν
805 5159 912 5231 γὰρ
960 5154 1029 5230 ἦν
1063 5161 1123 5212 ἐν
1167 5162 1279 5223 τοῖς
1307 5160 1472 5225 ζῶσιν
1500 5160 1579 5214 ἐτι
1604 5203 1620 5226 ,
1655 5161 1748 5215 καὶ
1775 5161 1895 5214 σύν-

325 5249 492 5312 οπλος
514 5243 584 5318 ἦν
609 5250 729 5312 ταῖς
757 5248 1054 5319 Νεστορίου
1085 5248 1490 5319 δυσφημίαις,ἢ
1514 5249 1896 5322 συναγορεύειν

325 5339 518 5410 ἦθελεν
551 5333 634 5402 οἷς
673 5337 911 5410 ἔγραφεν
936 5338 1099 5402 αὐτὸς
1119 5377 1134 5403 ,
1170 5339 1434 5393 πέπονθεν
1474 5340 1539 5394 ἂν
1571 5339 1664 5393 καὶ
1693 5340 1783 5394 τὸν
1816 5339 1896 5404 είς

326 5429 459 5483 ιδιον
487 5428 776 5498 πρόσωπον
801 5428 1243 5499 ἀναθεματισμόν
1259 5445 1272 5459 ·
1289 5430 1476 5502 ἐπειδὴ
1496 5431 1554 5484 δέ
1579 5431 1897 5504 ἀπεδήμησε

274 5537 284 5602 ς
328 5518 465 5591 πρὸς
493 5519 647 5583 Θεὸν,
674 5519 836 5590 ἀρκεῖ
859 5519 1108 5591 καθάπερ
1144 5513 1356 5591 ἐγῷμαι
1377 5521 1446 5574 τὰ
1474 5523 1718 5587 ἐκτόπως
1748 5523 1898 5594 αὐτῷ

329 5608 692 5680 γεγραμμένα
736 5609 1091 5669 ἐκϐάλλεσθαι
1137 5611 1287 5686 παρὰ
1324 5613 1432 5670 τῶν
1461 5613 1636 5684 ὀρθῶς
1665 5613 1898 5685 ἐχόντων

402 5701 420 5732 ⁸
449 5697 605 5756 Juan.
640 5715 736 5770 vn,
773 5700 860 5756 51.

1993 4441 2105 4510 ejus
2136 4441 2510 4506 conscriptore,
2547 4445 2604 4491 ut
2639 4437 2733 4490 isti
2756 4435 3057 4504 conﬁngunt
3082 4431 3238 4499 refert
3271 4444 3381 4483 esse
3411 4426 3564 4479 dam-

1995 4540 2200 4593 natam,
2226 4531 2351 4600 quia
2377 4543 2425 4582 et
2452 4544 2543 4582 nec
2557 4528 2704 4596 jusle
2734 4527 2901 4595 ﬁeret.
2935 4544 2952 4576 ι
2985 4523 3094 4577 Lex
3131 4522 3269 4576 enim
3303 4527 3507 4578 nostra,
3536 4533 3557 4567 ε

1996 4620 2133 4672 sicut
2169 4620 2223 4670 in
2250 4616 2533 4686 Evangelia
2565 4615 2816 4683 scriptum
2849 4623 2949 4677 est,
2985 4631 3004 4662 ι
3035 4628 3137 4664 non
3157 4608 3364 4679 judicat
3394 4605 3563 4660 homi-

1998 4725 2134 4773 nem,
2176 4709 2280 4761 nisi
2322 4707 2550 4760 audierit
2591 4705 2654 4758 ab
2699 4722 2758 4759 eo
2786 4706 2932 4774 prius
2958 4743 2974 4766 ,
3006 4711 3056 4756 et
3103 4699 3395 4770 cognoverit
3436 4694 3562 4767 quid

1999 4799 2166 4868 faciat
2197 4800 2237 4853 ⁸.
2278 4816 2296 4848 ι
2335 4795 2562 4850 Falsum
2587 4812 2708 4867 ergo
2734 4805 2844 4859 est,
2874 4804 2924 4849 et
2957 4791 3094 4864 quod
3131 4790 3268 4843 dixit
3310 4786 3448 4856 apud
3477 4802 3565 4854 sy-

2000 4888 2194 4942 nodum
2225 4887 2542 4957 Ephesinam
2562 4885 2820 4940 Theodori
2851 4882 3143 4954 symbolum
3171 4895 3287 4932 cum
3315 4893 3408 4931 suo
3431 4874 3566 4930 scri-

1997 4988 2146 5043 ptore
2197 4977 2531 5032 damnatum.
2581 4975 2650 5030 In
2699 4975 3024 5031 Chalcedone
3079 4972 3236 5026 etiam
3287 4985 3389 5022 non
3435 4965 3566 5020 alibi

1999 5069 2196 5123 mentio
2222 5067 2481 5123 Theodori
2504 5067 2649 5135 facta
2671 5075 2769 5130 est,
2803 5066 2905 5120 nisi
2943 5063 3032 5117 ubi
3071 5077 3137 5118 ex
3178 5059 3401 5129 epistola
3424 5073 3565 5112 vene-

1999 5160 2184 5214 rabilis
2229 5159 2340 5215 Ibte
2377 5159 2655 5213 recitatum
2695 5169 2771 5212 est
2823 5173 3010 5212 nomen
3051 5155 3188 5224 ejus.
3235 5151 3564 5222 Cognoscant

2000 5253 2177 5322 itaque
2197 5267 2252 5305 se
2274 5251 2404 5305 nihil
2425 5253 2536 5307 suis
2559 5249 2978 5319 subreptionibus
3020 5246 3303 5316 profecisse
3329 5282 3343 5306 ,
3377 5240 3562 5312 quibus

1999 5344 2232 5398 obtinere
2285 5344 2463 5397 conati
2517 5349 2679 5405 sunt,
2734 5351 2792 5395 ut
2848 5335 3285 5394 Chalcedonensis
3334 5331 3565 5403 synodus

2003 5434 2105 5489 sibi
2152 5435 2428 5488 contraria
2472 5433 2754 5495 videretur,
2807 5431 3106 5500 approbans
3147 5424 3427 5497 epistolam
3451 5423 3566 5475 lau-

2003 5527 2214 5580 dantem
2241 5525 2564 5580 Theodorum
2587 5565 2603 5590 ,
2641 5539 2790 5595 quem
2829 5539 2946 5577 cum
2974 5519 3210 5592 symbolo
3238 5515 3578 5575 damnaverit.

2005 5635 2118 5675 suo.
2157 5616 2298 5689 Lege
2331 5619 2494 5674 etiam
2525 5615 2770 5688 ejusdem
2799 5614 2923 5671 libri
2952 5611 3250 5684 capitulum
3272 5608 3523 5682 quintum
3543 5643 3566 5674 ,
