3804 6222
116 370 173 426 89
1242 378 1560 435 υιΑτιιιΒΑ
1604 378 1691 434 DE
1726 380 2136 437 TllEODOBlS.

3256 384 3333 443 90

116 488 196 543 ubi
230 485 487 556 probatur
520 487 865 544 adversatum
914 491 1088 547 fuisse
1119 492 1391 556 Sabellio,
1436 510 1500 549 ac
1552 504 1664 549 tres
1694 500 1735 557 Α
1763 494 2039 566 genitores
2072 493 2557 563 Eutychianorum,
2602 493 2747 565 quod
2780 493 2922 551 idem
2958 492 3053 551 isti
3094 493 3336 551 afﬁrma-

114 576 164 629 in
187 574 447 629 Trinitate
470 591 729 645 personas
747 580 1059 648 agnovisse,
1082 593 1134 637 et
1162 585 1471 653 symbolum
1495 584 1661 648 istud,

118 669 163 719 in
206 680 309 734 quo
358 672 610 736 negatam
669 669 959 738 perhibent
1001 671 1363 737 Trinitatem,
1418 675 1664 744 priorum

116 754 407 809 testimonio
450 770 558 810 non
620 772 743 811 esse
772 758 1081 824 Theodori,
1144 777 1245 816 nec
1294 778 1495 833 negare
1544 779 1663 818 eam

113 844 360 914 potuisse,
392 860 552 914 quem
587 847 776 902 beatus
801 847 1037 916 Cyrillus
1067 851 1313 907 adversus
1339 854 1666 907 Arianorum

112 944 157 987 et
196 934 643 989 Eunomianorum
687 939 943 1005 htereses,
978 941 1171 1011 viginti
1215 942 1356 998 forte
1395 951 1448 998 et
1486 944 1665 998 adhuc

115 1026 328 1095 amplius
367 1027 537 1082 libros
561 1067 576 1094 ,
606 1037 661 1083 et
689 1029 793 1083 alia
832 1030 995 1084 tradit
1033 1033 1449 1103 conscripsisse.
1496 1034 1667 1100 Quid-

113 1115 229 1184 quid
257 1125 435 1171 tamen
465 1119 577 1183 sit,
604 1119 710 1173 hoc
743 1121 1052 1190 symbolum
1086 1125 1375 1179 recitatum
1415 1134 1500 1183 est
1527 1128 1584 1181 in
1621 1126 1664 1181 V

112 1204 307 1277 synodo
340 1209 617 1277 generali,
670 1225 888 1279 unaque
926 1226 1050 1266 cum
1095 1213 1242 1270 illius
1271 1224 1492 1271 auctore
1532 1232 1667 1272 con-

111 1295 433 1359 demnatum,
465 1299 648 1355 collat.
679 1300 732 1356 4.
779 1300 850 1354 Et
889 1311 1167 1372 postquam
1205 1305 1354 1359 lecta:
1380 1317 1501 1359 sunt
1552 1308 1667 1360 bla-

111 1385 343 1453 sphemia:
374 1388 1022 1459 TheodoriMopsuesteni,
1044 1402 1094 1447 et
1117 1395 1334 1463 impium
1364 1396 1476 1467 ejus
1508 1415 1667 1466 sym-

113 1477 273 1529 bolum
296 1516 311 1543 ,
347 1488 536 1532 sancta
570 1481 798 1550 synodus
837 1484 1196 1540 exclamavit:
1232 1485 1346 1541 Hoc
1372 1490 1667 1557 symbolum

112 1566 331 1624 Satanas
362 1574 669 1639 composuit.
701 1574 995 1628 Anathema
1032 1577 1097 1641 ei,
1128 1578 1220 1645 qui
1255 1576 1351 1630 hoc
1372 1579 1668 1647 symbolum

111 1663 411 1729 composuit.
455 1662 573 1718 Hoc
609 1665 902 1734 symbolum
942 1665 1204 1734 Ephesina
1233 1669 1405 1735 prima
1440 1671 1667 1739 synodus

112 1767 210 1803 una
244 1768 359 1805 cum
401 1763 615 1809 auctore
650 1758 762 1823 ejus
801 1756 1290 1812 anathematizauit.
1336 1757 1511 1812 Unum
1549 1768 1670 1812 tan-

1766 597 1906 648 rent,
1942 584 2075 639 dicti
2106 591 2255 638 sunt.
2303 583 2595 639 Facundus
2623 585 2719 639 lib.
2740 600 2859 651 vm,
2891 599 3013 655 cap.
3039 585 3076 640 4
3099 603 3112 639 :
3135 585 3335 655 Agebat

1764 677 1902 729 enim
1941 675 2240 729 Theodorus
2268 675 2567 745 frequenter
2610 684 2719 730 tam
2750 676 2899 730 libris
2932 692 3093 747 quam
3136 692 3337 731 sermo-

1766 767 1918 820 nibus
1964 767 2020 819 in
2078 767 2331 835 populum
2372 765 2573 820 Contra
2620 767 3007 838 Synusiastas,
3040 769 3144 822 sive
3171 778 3231 821 ut
3267 767 3336 822 ab

1767 857 2001 909 auctoris
2028 856 2112 908 sui
2147 855 2357 908 nomine
2378 866 2501 909 sunt
2526 857 2719 921 vocati,
2746 856 3188 924 Apollinaristas,
3210 872 3337 925 pro-

1766 948 2026 1017 genitores
2058 944 2406 1016 Eutychiante
2430 946 2731 1012 dementire,
2758 946 2849 1016 qui
2882 945 3203 1013 temporibus
3220 946 3335 1013 ejus

1766 1038 1939 1091 exorti
1971 1052 2135 1090 unam
2180 1035 2382 1091 Christi
2417 1036 2659 1091 dicebant
2690 1052 2803 1090 esse
2830 1046 3113 1102 naturam;
3145 1039 3336 1107 quibus

1765 1127 2143 1197 repugnans,si
2171 1126 2310 1194 forte
2341 1142 2433 1195 per
2456 1127 2744 1180 humanam
2781 1126 3129 1196 fragilitatem
3155 1128 3335 1196 lapsus

1766 1214 2027 1273 invenitur
2052 1218 2106 1269 in
2134 1217 2306 1282 verba,
2340 1217 2467 1287 quid
2496 1219 2717 1285 impium
2751 1216 2983 1287 synodus
3010 1217 3156 1286 fecit,
3196 1218 3337 1287 quod

1765 1324 1884 1362 eum
1925 1308 2087 1361 tantis
2127 1306 2500 1361 attestantibus
2541 1306 2768 1360 credidit
2796 1307 2850 1359 in
2881 1322 3039 1361 sensu
3080 1307 3340 1360 mansisse

1768 1400 2029 1453 catholico
2052 1400 2075 1453 ?
2104 1396 2195 1452 Sic
2218 1398 2308 1466 qui
2336 1403 2526 1451 contra
2551 1396 2974 1466 Apollinaristas
2997 1396 3341 1457 scribebant.

1768 1490 1909 1544 κατὰ
1942 1487 2342 1541 συνουσιαστῶν
2372 1487 2614 1541 scribere
2643 1486 2985 1543 dicebantur.
3007 1484 3098 1540 Sic
3116 1485 3343 1542 Diodori

1769 1580 2057 1635 Tarsensis
2117 1578 2274 1632 Κατὰ
2331 1575 2726 1629 συνουσιαστῶν
2769 1590 2800 1629 a
2845 1575 3074 1631 Leontio
3122 1577 3220 1630 lib.
3255 1592 3340 1641 ιιι,

1771 1671 2022 1727 laudatur
2044 1713 2057 1735 ,
2083 1680 2137 1725 et
2166 1669 2356 1739 Cyrilli
2383 1666 2736 1722 Alexandrini
2763 1674 2818 1721 et
2843 1665 3116 1722 Theodori
3140 1667 3340 1722 Antio-

1771 1762 1930 1817 clieni
1969 1761 2161 1817 eodem
2218 1760 2378 1814 titulo
2420 1758 2488 1813 ab
2541 1758 2833 1812 Anastasio
2878 1757 2935 1811 in
2983 1758 3168 1828 ecloge
3207 1758 3344 1827 χρή-

112 1845 368 1899 tummodo
392 1847 518 1913 ﬁdei
545 1846 837 1915 symbolum
861 1847 1075 1911 scimus,
1106 1846 1243 1916 quod
1269 1846 1478 1903 Nica'ni
1497 1849 1671 1903 sancti
1701 1847 1743 1901 B
1772 1870 1909 1906 σεων
1943 1867 2063 1922 cap.
2094 1852 2127 1905 5
2158 1849 2257 1921 (a).
2307 1848 2563 1915 Quaedam
2598 1864 2666 1904 ex
2713 1849 2817 1904 hoc
2845 1863 3010 1918 opere
3038 1848 3345 1905 recitantur

110 1932 289 1989 Patres
331 1946 681 2004 exposuerunt
718 1946 766 1991 et
792 1937 1145 1991 tradiderunt.

178 2023 405 2094 Scripsit
447 2034 710 2096 praeterea
756 2035 943 2081 contra
988 2027 1387 2096 Apollinarem,
1421 2028 1667 2098 illiusque

111 2118 317 2171 hereses
337 2157 352 2183 ,
391 2119 578 2187 plures
605 2118 773 2173 libros
798 2157 812 2181 ,
854 2133 994 2187 quos
1019 2156 1035 2183 ,
1063 2120 1157 2188 qui
1187 2118 1460 2175 Theodori
1493 2119 1669 2174 laudi--

111 2206 205 2263 bus
252 2207 459 2270 favent,
513 2222 856 2276 summopere
913 2208 1229 2277 praedicant.
1292 2207 1668 2266 Theodoretus

110 2296 195 2351 lib.
241 2314 273 2351 ν
320 2297 528 2351 Histor.
588 2311 709 2365 cap.
752 2296 985 2351 ultimo:
1044 2298 1179 2350 Κατ’
1222 2299 1428 2353 ἐκεῖνον
1471 2300 1529 2352 δὲ
1574 2299 1669 2353 τὸν

110 2385 285 2453 χρόνον
309 2425 323 2449 ,
378 2384 506 2437 καθ’
547 2384 605 2436 ὃν
650 2387 678 2437 ό
723 2384 863 2447 θεῖος
912 2384 1166 2449 Θεόδοτος
1208 2386 1307 2455 τὴν
1349 2388 1666 2456 Ἀντιοχέων

111 2475 274 2527 ἴθυνεν
316 2475 665 2544 Ἐκκλησίαν,
699 2475 973 2545 Θεόδωρος
998 2477 1027 2528 ὁ
1051 2474 1419 2544 Μοψουεστίας
1441 2477 1664 2530 ἐπίσκοο

108 2583 197 2629 πος
227 2566 405 2635 πάσης
435 2565 537 2634 μὲν
580 2565 902 2633 Ἐκκλησίας
938 2566 1251 2629 διδάσκαλος
1271 2607 1286 2631 ,
1322 2568 1462 2621 κατὰ
1488 2569 1666 2639 πάσης

107 2654 158 2706 δὲ
180 2654 458 2721 φάλαγγος
491 2654 769 2723 αἱρετικῆς
795 2654 1141 2723 ἀριστεύσας,
1168 2656 1261 2709 τοῦ
1291 2656 1407 2725 βίου
1427 2657 1488 2709 τὸ
1514 2657 1668 2720 τέλος

108 2743 328 2809 ἐδέξατο.
380 2738 555 2807 Οὗτος
579 2746 676 2815 τῆς
705 2745 802 2814 μὲν
830 2743 1096 2815 Διοδώρου
1120 2746 1212 2800 τοῦ
1249 2746 1388 2800 πάνυ
1417 2746 1669 2801 διδασκα-

108 2835 216 2899 λίας
250 2836 589 2908 ἀπήλαυσεν,
639 2838 884 2891 Ἰωάννου
922 2838 979 2891 δὲ
1005 2838 1100 2892 τοῦ
1130 2838 1405 2892 θειοτάτου
1437 2839 1668 2909 γεγένη-

106 2942 187 2978 ται
213 2927 473 2988 κοινωνός
500 2942 557 2978 τε
588 2925 679 2979 καὶ
710 2925 969 2995 συνεργός
997 2943 1009 2955 ·
1041 2928 1193 2996 κοινῇ
1222 2927 1331 2997 γὰρ
1367 2927 1475 2979 τῶν
1504 2943 1668 2978 πνευ-

112 3016 338 3085 ματικῶν
390 3016 662 3086 Διοδώρου
710 3016 967 3085 ναμάτων
1012 3016 1312 3086 ἁπήλαυον.
1344 3016 1440 3081 Ἓξ
1479 3016 1536 3069 δὲ
1575 3015 1669 3069 καὶ

112 3106 393 3176 τριάκοντα
425 3108 484 3158 ὲν
515 3110 583 3177 τῇ
618 3105 876 3177 προεδρίᾳ
902 3106 1197 3159 διετέλεσεν
1221 3106 1313 3177 ἐτη
1335 3145 1351 3170 ,
1387 3106 1528 3160 κατὰ
1566 3106 1667 3176 τῆς
1700 3137 1705 3142 -

1772 1944 1827 1998 in
1864 1943 1902 1997 V
1943 1943 2186 2013 synodo,
2237 1957 2357 2011 quae
2396 1940 2654 1995 dicuntur
2704 1941 2980 2011 proposita
3014 1948 3068 1996 et
3105 1938 3344 1997 refutatu

1772 2032 1941 2088 fuisse
1970 2047 2000 2085 a
2034 2033 2191 2088 beato
2216 2031 2416 2102 Cyrillo
2440 2030 2622 2085 collat.
2657 2031 2713 2085 ιι.

1842 2124 2103 2176 Adversus
2134 2123 2457 2177 Arianorum
2503 2133 2551 2176 et
2596 2121 3054 2176 Eunomianorum
3084 2121 3339 2182 htereses,

1772 2214 1963 2283 viginti
1994 2212 2134 2269 forte
2165 2220 2220 2268 et
2249 2212 2428 2268 adhuc
2452 2212 2686 2283 amplius
2722 2212 2910 2279 libros,
2935 2223 2990 2267 et
3018 2211 3123 2287 alia
3149 2221 3344 2281 praeter

1772 2304 1888 2360 haec
1944 2304 2255 2375 evangelica
2305 2311 2359 2360 et
2404 2304 2702 2374 apostolica
2765 2302 2910 2357 dicta
2959 2303 3346 2371 interpretatus

1773 2408 1886 2467 est,
1916 2399 1984 2456 de
2013 2402 2213 2472 quibus
2261 2399 2576 2472 S.Cyrillus
2626 2400 2792 2457 refert
2840 2400 2980 2471 apud
3026 2399 3346 2456 Facundum

1773 2492 1868 2546 lib.
1908 2505 1990 2555 tu,
2022 2506 2143 2561 cap.
2186 2491 2220 2545 5
2244 2505 2258 2541 :
2282 2491 2349 2544 Et
2376 2492 2468 2545 hos
2502 2491 2708 2563 quidem
2742 2489 2943 2543 labores
2984 2487 3161 2543 nullus
3183 2505 3344 2544 ausus

1772 2593 1850 2637 cst
1885 2585 2157 2652 increpare
2182 2622 2195 2647 ,
2238 2581 2328 2636 sed
2357 2582 2541 2638 dextro
2570 2583 2775 2637 decreto
2818 2582 3077 2635 honorare
3105 2580 3345 2634 studium

1774 2680 2033 2726 rectorum
2071 2671 2375 2741 dogmatum
2406 2712 2422 2738 ,
2474 2671 2612 2742 quod
2656 2673 2712 2725 in
2758 2674 2833 2728 eis
2881 2684 2992 2738 est;
3026 2690 3148 2744 quae
3180 2675 3343 2729 etiam

1774 2764 2081 2817 recitantur
2112 2764 2166 2817 in
2203 2762 2247 2815 ν
2282 2763 2514 2833 synodo,
2550 2770 2715 2834 atque
2747 2766 2800 2819 in
2835 2766 2921 2821 his
2964 2766 3052 2819 illa
3088 2780 3207 2835 quae
3249 2763 3347 2817 Fa-

1774 2853 1987 2905 cundus
2018 2861 2437 2917 commemorat,
2471 2854 2574 2907 hoc
2606 2854 2765 2909 titulo
2798 2873 2811 2909 :
2847 2854 2929 2908 Ea:
2958 2856 3186 2909 secundo
3213 2853 3349 2907 libro

1774 2936 1965 3006 Cyrilli
2019 2938 2246 3007 episcopi
2286 2938 2629 2993 Alexandriw
2689 2939 2753 2993 de
2791 2956 2849 2993 eo
2902 2940 3040 3010 quod
3089 2957 3225 2994 unus
3268 2949 3351 2993 est

1776 3026 2018 3082 Christus
2054 3038 2239 3081 contra
2275 3028 2626 3084 Theodorum.
2688 3030 2792 3084 Sed
2826 3031 2985 3101 longe
3017 3031 3230 3085 diversa
3263 3038 3349 3085 est

1776 3119 1936 3173 lectio
1995 3119 2219 3189 synodi,
2278 3134 2383 3189 qua
2435 3119 2752 3177 Theodorus
2800 3122 3205 3192 perstringitur,
3239 3135 3348 3174 non

122 3194 314 3263 ’Δρείου
376 3196 473 3250 καὶ
517 3196 785 3264 Εὐνομίου
843 3196 1320 3265 παραταττόμενος
1371 3195 1668 3265 φάλαγγος,

1776 3212 2046 3266 laudatur.
2109 3210 2200 3266 Sic
2250 3188 2394 3267 enim
2455 3213 2663 3269 habet:
2728 3188 2873 3281 Quos
2925 3188 3133 3283 quidem
3183 3213 3350 3267 libros

111 3284 196 3336 καὶ
240 3286 328 3337 τὸν
379 3285 675 3357 λῃστρικὸν
730 3285 1133 3356 Ἀπολλιναρίου
1168 3288 1670 3357 καταγωνιζόμενος

111 3376 271 3446 λόχον,
296 3379 389 3430 καὶ
417 3378 520 3447 τὴν
564 3377 793 3448 ἀρίστην
832 3377 968 3430 πόαν
1006 3380 1120 3440 τοῖς
1174 3378 1337 3440 θείοις
1379 3378 1671 3450 προϐάτοις

113 3467 428 3537 προσφέρων
454 3483 468 3497 ’
515 3466 622 3519 Per
652 3466 705 3518 id
737 3475 938 3535 tempus
959 3506 973 3529 ,
1000 3483 1102 3535 quo
1133 3468 1340 3521 divinus
1376 3467 1671 3521 Theodotus

110 3558 477 3610 Antiochenam
506 3558 715 3625 regebat
741 3554 1053 3619 Ecclesium,
1078 3555 1379 3610 Theodorus
1401 3558 1670 3625 episcopus

111 3647 473 3715 Nopsuestiae,
523 3648 611 3717 qui
640 3657 805 3701 totam
851 3644 1051 3701 Christi
1113 3644 1402 3699 Ecclesium
1448 3662 1545 3700 sua
1581 3647 1671 3700 do-

114 3742 275 3793 ctrina
303 3740 601 3803 erndierat,
654 3746 703 3792 et
747 3747 935 3791 contra
984 3738 1256 3792 universas
1306 3737 1671 3792 haereticorum

110 3831 379 3900 phalanges
400 3831 682 3884 victoriam
714 3838 1095 3897 reportaverat,
1132 3840 1353 3883 mortem
1380 3829 1530 3883 obiit.
1563 3829 1673 3883 Iste

112 3932 155 3975 et
196 3922 417 3976 Diodori
472 3922 575 3976 viri
617 3921 1068 3985 excellentissimi,
1113 3923 1371 3976 doctrina:
1402 3924 1671 3991 particeps

114 4016 273 4081 [actus
305 4024 406 4077 est,
437 4022 489 4069 et
512 4013 839 4067 sanctissimi
864 4010 1092 4067 Joannis
1119 4014 1294 4067 socius
1317 4022 1366 4066 et
1404 4013 1621 4076 adiutor
1652 4029 1670 4067 :

111 4105 286 4157 etenim
312 4102 471 4156 ambo
517 4101 840 4168 conjunctim
872 4102 1144 4168 sapientia:
1174 4109 1431 4169 pracepta
1468 4115 1532 4154 ea:
1561 4100 1672 4168 spi-

114 4194 347 4247 ritalibus
405 4191 633 4245 Diodori
682 4191 892 4259 fluentis
940 4192 1251 4245 hauserunt.
1295 4190 1536 4261 Triginta
1582 4204 1675 4244 sea:

1772 3302 1934 3356 nollet
1967 3304 2163 3372 aliquis
2202 3305 2473 3373 increpare
2493 3344 2508 3370 ,
2539 3305 2705 3374 magis
2748 3314 2923 3359 autem
2952 3305 3236 3358 honoraret
3256 3342 3270 3366 ,
3301 3304 3353 3357 si

1771 3395 1962 3449 inesset
2001 3396 2075 3449 eis
2105 3395 2411 3465 dogmatum
2437 3395 2715 3449 rectitudo.
2740 3394 2972 3450 Laudari
3007 3395 3082 3447 ait
3108 3394 3351 3464 potuisse

1773 3485 1945 3540 libros
1975 3484 2270 3550 Theodori,
2303 3487 2348 3542 si
2379 3487 2513 3540 nihil
2538 3486 2689 3556 pravi
2724 3485 2983 3540 docerent
3010 3504 3022 3539 :
3055 3500 3183 3540 mox
3219 3499 3356 3540 vero

1774 3578 2021 3648 quzedam
2048 3579 2101 3632 in
2136 3578 2244 3633 illis
2274 3579 2438 3649 impia
2469 3579 2650 3633 inesse
2674 3577 3102 3633 demonstratur.

1844 3668 1973 3722 Item
2001 3667 2250 3722 adversus
2282 3668 2597 3722 Eunomium
2641 3684 2736 3736 pro
2773 3668 2895 3722 diro
2943 3666 3148 3720 Basilio
3180 3665 3353 3720 libros

1773 3758 1961 3827 viginti
1982 3759 2245 3828 quinque.
2272 3759 2424 3830 Legit
2448 3759 2676 3814 Pbotius
2698 3760 2752 3813 in
2778 3758 3103 3813 Bibliotheca
3127 3756 3248 3811 cod.
3273 3756 3307 3809 ι
3331 3774 3349 3811 :

1780 3830 2124 3920 l’AVEYthGBT]
2155 3849 2431 3921 Θεοδώρου
2475 3848 2790 3919 Ἀντιοχέως
2827 3848 2978 3916 ὑπὲρ
3027 3845 3350 3900 Βασιλείου

1773 3941 1902 3995 κατ’
1947 3941 2244 4009 Εὐνομίου
2290 3941 2349 3993 ἐν
2405 3939 2585 4007 λόγοις
2644 3945 2745 3992 κε’.
2809 3938 2964 3991 Ἐστι
3006 3936 3062 3989 δὲ
3104 3936 3203 4004 τὴν
3251 3934 3356 4006 μὲν

1775 4031 1974 4100 φράσιν
2009 4032 2069 4084 οὐ
2103 4031 2242 4084 πάνυ
2273 4029 2545 4100 λαμπρὸς,
2577 4031 2697 4091 ταῖς
2734 4028 2791 4081 δὲ
2830 4027 3088 4089 διανοίαις
3118 4025 3356 4088 καὶτοῖς

1772 4121 2293 4193 ἐπιχειρήμασιλίαν
2313 4122 2533 4185 πυκνὸς,
2558 4122 2653 4175 καὶ
2669 4123 2790 4184 ταῖς
2819 4122 3118 4191 γραφικαῖς
3151 4117 3354 4188 ἄριστα

1776 4211 2020 4266 πλουτῶν
2066 4212 2393 4283 μαρτυρίαις
2425 4230 2440 4246 ο
2480 4213 2621 4266 κατὰ
2648 4210 2796 4276 λέξιν
2817 4210 2873 4263 δὲ
2894 4209 3080 4279 σχεδὸν
3102 4206 3210 4260 τῶν
3242 4206 3351 4261 Εὐ-

115 4285 255 4337 annis
287 4283 640 4350 prtesulatum
669 4283 830 4352 gessit
864 4281 1206 4344 Theodorus;
1251 4298 1411 4350 neque
1440 4298 1671 4351 unquam

1776 4302 1962 4371 νομίου
2015 4281 2188 4371 λόγων
2232 4281 2330 4374 τὴν
2378 4301 2685 4373 άνασκευὴν
2736 4303 3009 4365 ποιεῖται,
3048 4297 3234 4368 ἀμαθῆ
3291 4312 3357 4350 τε

113 4376 321 4428 cessavit
355 4384 467 4427 tum
494 4382 682 4426 contra
709 4373 969 4425 Arianam
990 4382 1040 4425 et
1066 4371 1456 4439 Eunomianam
1478 4382 1671 4426 sectam

1777 4391 1896 4444 λίαν
1928 4392 2036 4444 τῶν
2063 4410 2122 4445 τε
2148 4371 2382 4464 θύραθεν
2421 4371 2779 4462 μαθημάτων,
2812 4389 2907 4443 καὶ
2940 4386 3121 4456 πολλῷ
3153 4384 3354 4457 μᾶλλον

112 4466 241 4520 velut
273 4469 327 4519 in
366 4466 482 4519 acie
520 4464 794 4525 dimicare,
839 4471 949 4515 tum
985 4462 1372 4517 clandestinum
1401 4463 1673 4532 Apollina-

116 4558 184 4611 ris
239 4558 572 4625 manipulum
622 4557 967 4625 impugnare,
1006 4564 1115 4608 tum
1166 4556 1420 4623 optimam
1463 4554 1679 4608 herbam

115 4650 300 4703 sanctis
326 4647 535 4703 Christi
565 4648 745 4700 ovibus
783 4647 1139 4714 suppeditare.
1183 4644 1427 4699 Meminit
1462 4660 1679 4714 quoque

115 4737 364 4793 Leontius
412 4737 711 4808 Byzantius
757 4737 959 4793 Contra
993 4734 1303 4789 Nestorium
1330 4744 1379 4788 et
1421 4734 1678 4805 Eutyche-

117 4841 230 4887 tem.
293 4830 372 4885 Ex
432 4830 596 4884 tertio
647 4835 702 4886 et
763 4835 961 4899 quarto
1017 4827 1157 4882 libro
1205 4827 1449 4896 ejusdem
1499 4828 1680 4896 operis

117 4923 274 4977 multa
306 4922 611 4978 recitantur
644 4925 700 4976 in
728 4920 774 4974 ν
804 4920 1045 4992 synodo,
1086 4919 1233 4975 dicta
1260 4919 1442 4974 collat.
1468 4918 1682 4974 Profert

115 5009 268 5065 etiam
327 5012 593 5067 nonnulla
643 5010 974 5076 Facundus,
1023 5011 1121 5066 lib.
1179 5025 1271 5077 ιιι,
1325 5026 1446 5081 cap.
1501 5012 1574 5074 2,
1629 5020 1685 5067 et

117 5100 205 5154 lib.
236 5117 322 5169 Ix,
357 5118 480 5172 cap.
513 5104 580 5167 ι,
610 5112 666 5159 et
689 5103 783 5160 lib.
812 5119 846 5157 ιι
872 5143 888 5168 ,
928 5118 1051 5175 cap.
1080 5103 1130 5157 1.
1186 5103 1269 5157 An
1309 5103 1585 5158 diversum
1615 5103 1684 5158 ab

118 5191 213 5247 hoc
236 5193 398 5249 fuerit
424 5194 570 5249 aliud
599 5209 738 5266 opus
770 5194 1018 5265 ejusdem
1050 5203 1236 5249 contra
1255 5193 1606 5262 Synusiastas
1634 5202 1685 5247 et

119 5286 565 5349 Apollinaristas?
614 5284 952 5356 Synusiastae
1001 5285 1134 5341 dicti
1166 5292 1297 5341 sunt
1342 5284 1685 5355 Apollinari-

120 5384 240 5441 star,
268 5378 415 5447 quod
466 5378 559 5434 Dei
588 5386 645 5434 et
676 5378 918 5434 hominis
962 5377 1169 5433 Christi
1220 5392 1384 5432 unam
1425 5377 1684 5431 docerent

120 5480 233 5521 esse
294 5477 548 5524 naturam
610 5468 940 5540 σύγκρατον,
994 5468 1047 5522 id
1102 5476 1189 5522 est
1233 5465 1578 5521 commistam
1629 5475 1684 5520 et

120 5560 494 5628 compositam,
529 5560 824 5615 humanam
855 5567 909 5615 et
940 5559 1182 5614 divinam
1216 5576 1231 5614 :
1268 5558 1499 5627 ideoque
1546 5572 1674 5627 pro-

186 5682 261 5755 (α)
300 5683 433 5739 Item
483 5685 717 5755 Cyrillus
758 5687 957 5743 Contra
1001 5685 1344 5755 Sgnusiastas
1381 5686 1524 5755 apud
1570 5702 1669 5741 nos

128 5749 316 5828 sum.
341 5762 443 5828 pet.
468 5763 507 5810 t.
526 5749 649 5818 vn.
678 5773 768 5828 pp.
796 5757 896 5821 ιο,
929 5749 1155 5828 ιιι-ζει,
1190 5756 1326 5828 290,
1361 5749 1467 5828 eos
1485 5796 1505 5828 _.
1544 5756 1665 5810 502.

130 5823 271 5884 Quod
305 5823 445 5880 idem
471 5834 550 5881 est
582 5823 741 5898 atque
768 5838 953 5883 contra
989 5825 1363 5897 Synchyticos.
1406 5824 1524 5880 Bib.
1551 5843 1667 5881 not'.

1775 4484 1874 4553 τῆς
1899 4483 2018 4536 καθ’
2052 4485 2198 4554 ἡμᾶς
2232 4484 2517 4552 θεοσοφίας
2553 4482 2640 4536 διὰ
2690 4481 2900 4534 πολλῶν
2937 4475 3243 4538 ἐπιδεικνύς
3273 4491 3287 4506 ·
3321 4476 3359 4529 ὁ

1776 4577 1833 4630 τὲ
1894 4576 2265 4645 Μοψουεστίας
2316 4577 2555 4645 γεγονὼς
2619 4575 2915 4637 ἐπίσκοπος
2964 4566 3116 4633 οὗτός
3160 4570 3351 4634 ἐστιν,

1777 4662 1931 4735 οἶμαι
1957 4684 1969 4697 ο
2020 4666 2169 4720 ιεοιί
2201 4676 2323 4720 sunt
2366 4666 2627 4721 Theodori
2661 4663 2975 4718 Antiocheni
3018 4678 3114 4732 pro
3148 4659 3355 4715 Basilio

1776 4756 2039 4811 adversus
2090 4756 2420 4811 Eunomium
2470 4757 2592 4809 libri
2638 4756 2820 4825 viginti
2863 4755 3106 4824 quinque.
3144 4751 3239 4805 Est
3270 4752 3357 4805 illi

1775 4847 1984 4915 phrasis
2018 4863 2124 4901 non
2156 4862 2523 4917 usquequaque
2550 4846 2835 4915 conspicua
2862 4846 3140 4900 :sensibus
3176 4855 3353 4899 tamen

1776 4945 1825 4990 et
1859 4936 2181 5006 argumentis
2218 4937 2440 4988 nimium
2471 4945 2724 5006 quantum
2752 4934 2947 4989 densus
2967 4973 2982 4998 ,
3009 4950 3177 4989 sacra:
3204 4932 3353 4988 Scri-

1778 5034 1948 5095 ptura:
1994 5027 2306 5079 testimoniis
2349 5028 2548 5096 egregie
2583 5025 2840 5080 abundat.
2879 5024 2961 5079 Ad
2995 5024 3207 5079 verbum
3244 5023 3356 5081 fere

1782 5117 2032 5172 Eunomii
2070 5121 2304 5173 rationes
2336 5118 2550 5188 refellit,
2582 5118 2886 5187 imperitum
2918 5133 3034 5171 eum
3070 5114 3222 5170 valde
3253 5130 3353 5170 ex-

1780 5218 2050 5262 ternarum
2101 5210 2544 5279 disciplinarum,
2607 5210 2870 5279 multoque
2937 5208 3105 5278 magis
3156 5214 3355 5259 nostris

1780 5298 2054 5369 theologica
2081 5300 2320 5368 pluribus
2356 5300 2656 5354 ostendens.
2687 5297 2790 5352 Hic
2823 5313 2944 5352 vero
2988 5297 3347 5366 Mopsuestite,

1778 5400 1835 5441 ttt
1864 5398 2011 5456 puto,
2047 5391 2317 5458 episcopus
2351 5390 2476 5459 fuit.
2513 5389 2706 5444 Libros
2735 5387 2879 5443 infra
2909 5387 3033 5442 cod.
3064 5387 3187 5451 177,
3218 5385 3351 5441 dicit

1777 5478 1947 5534 fuisse
1989 5480 2181 5550 viginti
2234 5489 2378 5536 octo.
2437 5483 2592 5535 Ἔστι
2643 5480 2741 5552 μὲν
2774 5472 2930 5542 οὗτος
2965 5480 2995 5532 ό
3020 5478 3292 5546 Θεόδωρος
3322 5479 3353 5530 ὁ

1783 5568 1878 5623 καὶ
1910 5573 2030 5625 κατ’
2068 5574 2333 5644 Εὐνομίου
2369 5574 2427 5627 ὲν
2469 5574 2644 5627 εἴκοσι
2696 5571 2790 5626 καὶ
2839 5569 2986 5625 ὀκτὼ
3017 5569 3198 5639 λόγοις
3244 5568 3349 5623 οὐκ

1775 5680 1891 5735 PP.
1920 5690 1960 5735 t.
1994 5682 2082 5748 ιν,
2112 5700 2165 5753 p.
2197 5682 2320 5738 445.
2351 5682 2527 5753 Atque
2566 5678 2951 5753 huichscilicet
2985 5677 3170 5749 Cyrilli
3208 5676 3349 5753 scri-

1775 5759 1880 5877 pth
1926 5746 2292 5875 t‘cstimonium
2353 5746 2515 5808 dabat
2566 5750 2822 5822 praedicta
2861 5746 3052 5821 quinta
3104 5746 3347 5819 synodus

1775 5836 1833 5875 Cc
1887 5864 1899 5877 .
1964 5860 1980 5875 .

1773 5836 1899 5877 C011.
1930 5836 1980 5875 4.
