3804 6222
409 377 474 433 9|
1675 374 1766 429 EX
1791 374 2038 431 LEONIS
2074 375 2348 435 ALLATII
3587 378 3657 433 (Β

415 493 660 561 ἀγεννῶς
712 492 1118 563 ἀγωνισάμενος
1141 533 1154 558 ,
1212 493 1306 544 καὶ
1377 494 1476 564 τὴν
1537 492 1815 546 Βασιλείου
1885 494 1978 547 τοῦ

2111 497 2180 551 'it.
2216 496 2290 550 Ex
2327 513 2392 551 eo
2427 497 2689 552 nonnulla
2733 496 3081 552 adducuntur
3115 495 3171 550 in
3224 495 3459 551 concilio
3494 495 3535 548 V
3566 518 3657 568 ge-

419 583 728 648 οεσπεσίου,
765 583 962 653 μᾶλλον
980 583 1036 636 δέ
1064 582 1162 654 τῆς
1191 582 1464 653 ἀληθείας,
1499 583 1779 654 κρατύνων
1809 584 1983 650 δόξαν.

421 675 573 730 Idem
622 675 706 729 hic
758 676 1052 730 Theodorus
1102 675 1191 730 ille
1235 685 1353 742 est,
1385 677 1476 746 qui
1510 676 1772 733 adversus
1802 677 1986 732 Euno-

422 766 592 820 mium
625 766 776 820 libris
812 777 929 820 octo
961 777 1010 820 et
1046 768 1228 838 viginti
1262 785 1366 822 non
1397 770 1625 836 segniter
1653 769 1989 840 depugnavit,

421 862 472 907 et
496 853 670 907 sancti
709 853 904 908 Basilii
942 855 1019 908 rel
1059 856 1327 923 ipsiusntet
1378 858 1614 911 veritatis
1663 859 1836 926 potius
1873 877 1992 913 sen-

427 944 645 998 tentiam
675 945 1029 1014 conﬁrmavit.
1092 948 1154 1000 Et
1191 947 1313 1002 cod.
1357 947 1460 1002 138
1485 986 1499 1010 ,
1529 947 1772 1017 ejusdem
1807 951 1992 1019 operis

422 1034 708 1098 meminit,
767 1034 834 1090 de
879 1035 1127 1088 Eunomii
1173 1035 1422 1091 adversus
1473 1038 1733 1092 Basiliam
1788 1042 1992 1110 scripto

422 1125 731 1181 edisserens
765 1143 779 1179 :
825 1119 898 1179 Οὗ
952 1128 1334 1196 περιτυχόντες
1385 1129 1690 1201 Θεόδωρος,
1719 1133 1814 1184 καῖ⁹
1853 1133 1891 1184 Γ
1897 1149 1994 1202 ρη-

422 1216 606 1286 γόριος
633 1216 869 1287 Νύσσης,
898 1219 991 1270 καὶ
1011 1219 1336 1289 Σωφρόνιος,
1371 1213 1446 1272 ῶν
1470 1221 1820 1293 ἐμνήσθημεν
1853 1223 1994 1276 ἄνω-

423 1305 555 1372 θεν,
614 1307 834 1369 πολλαῖς
883 1309 1091 1371 αἰκίαις
1145 1309 1320 1378 λόγων
1369 1310 1783 1382 λωϐησάμενοι,
1842 1313 1994 1366 οὐδὲν

422 1392 584 1466 ἦττον
642 1394 734 1448 τοῦ
783 1397 1048 1467 προτέρου
1091 1399 1312 1468 νεκρὸν,
1363 1399 1457 1452 καὶ
1504 1401 1684 1470 πάσης
1725 1402 1995 1464 ἀπόζοντα

423 1484 761 1557 ἀκαθαρσίας
807 1487 886 1557 τῷ
938 1490 1288 1559 γεγεννηκότι
1341 1490 1652 1562 ἀπέρριψαν
1683 1507 1698 1522 ο
1735 1491 1802 1546 1η
1855 1496 1994 1562 quod

425 1573 706 1628 incidentes
742 1573 1064 1638 Theodorus,
1101 1588 1148 1630 et
1190 1577 1468 1649 Gregorius
1496 1579 1788 1651 Nyssenus,
1842 1595 1996 1653 atque

427 1664 774 1732 Sophronius.
799 1682 1019 1735 quorum
1043 1684 1203 1735 supra
1228 1679 1304 1723 est
1351 1687 1381 1722 a
1426 1671 1575 1724 nobis
1607 1672 1751 1740 facta
1778 1675 1993 1734 mentio,

428 1756 607 1808 multis
629 1771 928 1809 sermonum
958 1757 1130 1827 plagis
1157 1775 1260 1813 non
1295 1777 1442 1812 secus
1469 1777 1627 1828 quam
1655 1763 1802 1827 prius
1850 1765 1996 1816 aliud

2089 587 2283 650 nerali,
2306 579 2596 641 collatione
2629 587 2661 640 4
2689 587 2890 656 saepius
2925 587 3163 641 laudata.

2159 675 2380 732 Librum
2417 679 2545 733 item
2583 677 2651 731 ad
2704 677 3075 746 baptizandos.
3105 677 3184 731 Ex
3229 682 3656 747 quo-nonnulla

2091 770 2394 825 afferuntur
2423 771 2476 823 in
2519 769 2564 823 Υ
2597 769 2826 840 synodo,
2853 769 3034 823 collat.
3067 769 3234 833 dicta,
3273 777 3326 824 et
3356 769 3536 838 aliqua
3575 785 3659 824 re-

2090 861 2227 913 citat
2256 858 2547 914 Facundos
2571 859 2664 914 lib.
2706 876 2778 924 Ix,
2809 875 2930 930 cap.
2960 860 3014 926 5,
3044 875 3110 913 ex
3144 859 3283 913 libro
3320 859 3387 912 ad
3419 859 3662 927 baptiza-

2094 953 2194 998 tos.
2225 945 2444 1000 ldemne
2485 946 2536 1000 id
2569 946 2752 1011 fuerit,
2785 963 2855 1000 an
2880 948 3156 1002 diversum
3179 948 3353 1017 opus?

2164 1036 2239 1090 De
2258 1035 2632 1091 lncarnatione
2656 1038 2824 1094 libros
2845 1055 2934 1092 xv.
2965 1037 3181 1093 Decimo
3201 1039 3395 1108 quinto
3423 1054 3660 1108 namque

2095 1126 2236 1181 libro
2266 1128 2441 1196 ipsum
2470 1135 2638 1180 totum
2675 1143 2812 1197 opus
2839 1126 2916 1180 De
2948 1125 3323 1180 Incarnatione
3366 1127 3658 1187 conclusit,

2097 1225 2156 1271 ut
2197 1216 2362 1272 refert
2399 1214 2690 1273 Facundos
2730 1218 2824 1272 lib.
2875 1233 2950 1282 ιιι,
2995 1233 3115 1286 cap.
3160 1219 3212 1272 ⁸5.
3257 1217 3455 1271 Eorum
3497 1232 3663 1286 argo—

2095 1313 2278 1360 menta
2328 1313 2576 1360 recenset
2632 1306 2949 1360 Gennadius
3001 1305 3072 1359 De
3119 1305 3245 1358 viris
3274 1306 3355 1359 ill.
3384 1319 3508 1374 cap.
3545 1305 3659 1357 ηε

2100 1394 2398 1448 Theodorus
2429 1395 2767 1448 Antiochense
2801 1394 3047 1448 Ecclesia’
3072 1395 3355 1464 presbyter,
3391 1395 3471 1447 vir
3493 1395 3667 1447 scien-

2099 1485 2175 1536 tia
2203 1494 2412 1548 cautus,
2438 1495 2486 1538 et
2514 1483 2694 1552 lingua
2717 1483 2967 1545 disertus,
2991 1483 3202 1550 scripsit
3224 1481 3470 1536 adversus
3499 1481 3664 1548 Apol-

2099 1574 2372 1628 linaristas
2410 1583 2459 1628 et
2499 1573 2859 1628 Eunomianos
2897 1573 2972 1628 De
3018 1572 3398 1627 lncarnatione
3444 1572 3663 1625 Domini

2098 1664 2262 1718 libros
2289 1663 2606 1733 quindecim,
2647 1665 2716 1719 ad
2743 1665 3038 1734 quindecim
3067 1663 3236 1716 millia
3265 1679 3505 1716 versuum
3539 1678 3667 1713 con—

2099 1755 2338 1808 tinentes.
2375 1755 2441 1807 In
2485 1755 2671 1823 quibus
2700 1755 2905 1807 ratione
2939 1754 3224 1822 purissima
3267 1761 3315 1806 et
3349 1751 3665 1805 testimoniis

427 1846 756 1913 conﬁcientes
775 1888 789 1911 ,
825 1849 943 1916 jam
958 1822 1070 1916 pne
1091 1850 1394 1918 impuritate
1415 1822 1614 1905 alidum
1642 1822 1693 1906 έη
1730 1865 1996 1910 auctorem
2028 1822 2070 1876 Β
2101 1822 2735 1910 Scripturarumostendit
2757 1841 3256 1902 DominumJesum,
3275 1843 3409 1895 sicut
3432 1841 3667 1908 plenitu-

428 1950 582 1988 suum
619 1939 972 2004 profecerunt.
1019 1938 1100 1991 An
1143 1954 1206 1992 ex
1246 1938 1350 1992 hoc
1384 1940 1465 1993 vel
1519 1941 1786 2008 superiori
1833 1958 1996 2012 opere

429 2024 684 2096 decerpta
717 2035 862 2092 sunt,
897 2044 1016 2097 qum
1049 2028 1238 2082 recitat
1266 2027 1553 2084 Facundos
1582 2030 1675 2083 lib.
1695 2047 1768 2094 Ix,
1798 2046 1916 2102 cap.
1940 2037 1994 2099 5,

430 2111 573 2180 quis,
603 2128 725 2167 cum
757 2125 1008 2170 neutrum
1033 2124 1228 2181 exstet,
1258 2117 1619 2186 dijudicabit?

503 2226 761 2279 Adversus
796 2227 1071 2297 Origenem
1101 2230 1164 2283 de
1184 2232 1436 2302 allegoria
1459 2247 1507 2288 et
1537 2239 1760 2292 historia
1786 2241 1854 2294 ad
1880 2242 2002 2296 Cer-

431 2315 640 2370 donem.
699 2316 851 2370 Unde
895 2328 948 2372 et
1007 2318 1463 2390 Origenianorum
1517 2329 1700 2382 odium
1748 2332 1996 2388 incurrit.

433 2400 724 2458 Facundos
755 2405 845 2459 lib.
883 2422 961 2469 ιιι,
988 2423 1108 2474 cap.
1145 2411 1199 2463 6.

503 2515 768 2569 Adversus
805 2535 892 2572 eos
919 2523 1008 2588 qui
1067 2535 1310 2578 asserunt
1357 2544 1571 2593 peccare
1603 2533 1863 2589 hominem
1908 2555 2004 2591 na—

437 2614 559 2658 tura
583 2623 684 2660 non
707 2607 988 2674 voluntate,
1024 2613 1192 2667 libros
1221 2617 1483 2686 quinque.
1514 2619 1666 2691 Legit
1697 2623 1923 2681 l’bolius
1948 2629 2002 2683 in

435 2697 764 2752 Bibliotheca
791 2701 914 2754 cod.
953 2703 1055 2755 177
1086 2723 1098 2758 :
1145 2707 1482 2780 Ἀνεγνώσθη
1508 2711 1710 2780 βίϐλιον
1741 2711 1800 2769 οὗ
1831 2722 1862 2788 ἡ
1893 2721 2007 2773 ἐπι-

434 2789 642 2860 γραφὴ,
704 2791 1003 2860 Θεοδώρου
1064 2796 1428 2866 Ἀντιοχέως,
1481 2804 1510 2854 δ
1553 2804 1898 2872 Μοψουστίας
1947 2811 2004 2864 δέ

435 2883 603 2946 ἐστιν,
627 2881 702 2944 ὡς
726 2882 831 2935 ἀπό
859 2901 1019 2938 τινων
1042 2887 1337 2942 ἐπιστολῶν
1363 2892 1654 2964 ἐμάθομεν,
1678 2898 1834 2965 Πρὸς
1866 2901 2006 2966 τοὺς

435 2973 746 3045 λέγοντας,
789 2979 970 3047 φύσει
992 2980 1090 3034 καὶ
1127 2984 1198 3036 οὺ
1231 2983 1428 3052 γνώμῃ
1457 2988 1688 3042 πταίειν
1720 2991 1860 3055 τοὺς
1897 2995 2004 3047 ἀν-

437 3064 725 3132 θρώπους.
769 3069 1180 3139 Διαπεραίνεται
1222 3073 1321 3141 μὲν
1371 3075 1517 3143 αὑτῷ
1563 3080 1591 3130 ό
1633 3079 1766 3151 πρὸς
1811 3083 2005 3147 αὐτοὺς

438 3153 587 3223 ἀγὼν
607 3157 664 3209 ἐν
685 3156 860 3225 λόγοις
888 3159 1068 3224 πέντε,
1097 3162 1228 3232 πρὸς
1249 3164 1305 3217 δὲ
1326 3166 1450 3229 τοὺς
1483 3168 1588 3220 ἀπὸ
1620 3170 1818 3236 δύσεως
1847 3175 2006 3228 τοῦτο

437 3247 499 3299 τὸ
530 3247 741 3318 νόσημα
792 3253 1145 3322 νενοηκότας
1195 3255 1394 3325 γράφει
1443 3259 1503 3311 τὸ
1550 3260 1771 3329 βιϐλίον,
1803 3258 1876 3317 ὧν
1915 3269 2008 3320 καὶ

437 3341 538 3408 τῆς
570 3340 832 3410 αἱρέσεως
867 3342 1107 3414 ἀρχηγὸν
1138 3347 1283 3414 λέγει
1322 3350 1591 3416 γενέσθαι.
1634 3353 1871 3409 Ἐκεῖθεν
1911 3359 2010 3427 μὲν

439 3429 775 3502 ὁρμώμενον,
805 3437 917 3498 τοῖς
944 3436 998 3488 δὲ
1031 3438 1128 3508 τῆς
1166 3439 1429 3509 ἀνατολῆς
1457 3443 1886 3515 ἐπιχωριάζοντα
1925 3451 2012 3502 τό·

443 3538 588 3584 ποις,
620 3523 713 3576 καὶ
741 3525 1100 3582 συντάττοντα
1125 3529 1312 3598 λόγους
1340 3533 1480 3604 ὑπὲρ
1503 3535 1602 3604 τῆς
1626 3541 2014 3608 καινοποιηθεί·

446 3625 544 3678 σης
570 3611 716 3681 αὑτῷ
746 3614 1026 3683 αἱρέσεως,
1053 3617 1376 3689 διαπέμπειν
1398 3623 1508 3684 τοῖς
1527 3621 1587 3673 τὸ
1609 3625 1857 3694 πατρῷον
1889 3625 2010 3678 ἔδα-

445 3715 542 3766 φος
588 3701 852 3759 οἰκοῦσιν·
887 3705 976 3774 ὑφ’
1017 3701 1091 3761 ὧν
1144 3711 1236 3762 καὶ
1291 3711 1516 3775 πολλοὺς
1561 3714 1736 3765 ἐκεῖσε
1776 3716 1911 3786 πρὸς
1953 3717 2015 3770 τὸ

443 3791 640 3843 οἰκεῖον
679 3792 932 3863 φρόνημα
979 3795 1221 3862 ἑλκύσαι,
1269 3799 1344 3856 ὡς
1391 3800 1482 3851 καὶ
1524 3801 1848 3870 Ἐκκλησίας
1889 3804 2016 3868 ὅλας

443 3880 538 3933 τοῦ
569 3881 738 3953 ἀτοπή
748 3901 914 3952 ματος
937 3884 1282 3955 πληρωθῆναι
1309 3905 1322 3919 ι
1357 3887 1570 3941 Lectum
1595 3900 1673 3944 est
1695 3908 1823 3959 opus
1853 3892 2017 3948 Theo-

445 3971 566 4026 dori
605 3975 934 4038 Antiocheni,
965 3977 1054 4044 qui
1084 3976 1480 4044 Mopsuestenus
1508 3981 1600 4034 ille
1621 3983 1890 4052 episcopus
1914 3996 2018 4049 est,

447 4073 505 4116 ut
535 4079 600 4117 e:c
632 4064 945 4133 quibusdam
991 4066 1228 4128 epistolis
1276 4070 1632 4136 cognovimus,
1665 4072 1761 4124 hoc
1817 4074 1970 4127 titulo
1997 4090 2014 4128 :

448 4155 649 4209 Contra
701 4163 1012 4210 asserentes
1051 4171 1282 4226 peccare
1330 4158 1579 4212 homines
1639 4171 1856 4226 natura,
1907 4180 2016 4220 non

448 4245 746 4298 voluntate.
790 4245 869 4298 Ea
916 4245 1206 4315 disputatio
1239 4250 1463 4318 quinque
1510 4251 1660 4305 libris
1694 4254 2014 4318 absolvitur,

447 4351 578 4403 quos
610 4335 858 4390 adversus
887 4338 1234 4393 occidentales
1265 4339 1362 4393 hac
1393 4341 1508 4395 labe
1536 4343 1755 4412 infectos
1784 4348 2014 4414 scripsit.

452 4425 586 4482 Inde
599 4428 738 4482 enim
764 4429 1044 4482 oriundum
1066 4430 1279 4485 haeresis
1303 4431 1458 4501 hujus

453 4520 520 4574 tis
549 4519 704 4574 modo
735 4521 1033 4592 regionibus
1075 4524 1296 4584 versari,
1331 4523 1594 4592 librosque
1625 4523 1688 4577 de
1719 4542 1894 4580 recens
1926 4526 2017 4581 abs

452 4627 507 4666 se
527 4613 825 4683 excogitata
847 4612 1034 4667 harresi
1061 4615 1377 4683 compositos
1411 4615 1478 4667 ad
1510 4615 1785 4683 populares
1815 4633 1938 4671 suos
1967 4619 2022 4670 in

449 4705 681 4772 patriam
715 4706 1070 4758 transmittere
1100 4714 1342 4766 narrant,
1376 4713 1431 4755 ut
1454 4705 1572 4772 jam
1602 4704 1676 4758 ibi
1705 4706 1897 4759 multos
1931 4723 2023 4774 per

452 4795 585 4848 hanc
629 4804 797 4848 artem
830 4797 886 4848 in
936 4811 1087 4848 suam
1140 4796 1458 4860 pertraxerit
1508 4798 1849 4856 sententiam,
1888 4798 2022 4851 inle-

455 4901 680 4954 grasque
719 4885 850 4939 adeo
888 4884 1153 4938 Ecclesias
1187 4885 1430 4938 absurdis
1472 4884 1582 4939 illis
1619 4886 1865 4940 imbuerit
1911 4888 2026 4956 opi-

457 4975 698 5029 nionibus
721 4975 820 5046 (a).
851 4973 980 5030 Pete
1025 4975 1234 5044 reliqua
1266 4975 1336 5030 ab
1375 4975 1587 5030 eodem.
1629 4975 1688 5030 ln
1722 4976 1824 5030 hoc
1855 4978 2021 5031 etiam

455 5066 625 5119 multa
653 5079 763 5119 non
784 5080 915 5120 sana
945 5066 1278 5135 inspersisse
1305 5065 1446 5121 idem
1472 5065 1700 5122 Pbmios
1723 5067 2024 5134 adnotavit,

404 5203 407 5205 _
454 5164 509 5210 et
539 5156 849 5228 qualisnam
881 5155 984 5210 fuit
1013 5157 1069 5210 in
1094 5171 1160 5212 eo
1181 5171 1346 5226 opere
1374 5160 1668 5227 expressit.

528 5267 673 5338 Opus
704 5269 1006 5338 mysticum.
1031 5266 1112 5321 Ex
1145 5268 1305 5338 cujus
1335 5267 1477 5322 libro
1509 5268 1674 5322 tertio
1696 5268 1908 5323 decimo
1935 5284 2023 5324 re-

455 5357 593 5412 citat
612 5358 904 5414 Facundos
929 5357 1025 5413 lib.
1055 5372 1139 5421 ιιι,
1157 5372 1278 5429 cap.
1306 5357 1360 5423 1,
1387 5358 1549 5413 verba
1579 5366 1772 5412 contra
1801 5356 2025 5412 Paulum

460 5443 900 5502 Samosatenom.

533 5552 689 5621 Quod
723 5553 864 5610 Deus
890 5565 1164 5625 peccatum
1205 5555 1405 5624 docuit,
1433 5566 1482 5610 et
1525 5565 1743 5612 mortem
1783 5556 2025 5611 introdu-

2098 1931 2270 1984 dinem
2288 1931 2524 1993 deitatis,
2543 1931 2618 1983 ita
2643 1931 3018 1997 plenitudinem
3035 1931 3380 1982 humanitatis
3397 1929 3664 1983 habuisse.

2101 2021 2257 2075 Docet
2275 2031 2324 2075 et
2340 2021 2598 2075 hominem
2623 2021 2824 2075 duabus
2841 2031 3044 2074 tantum
3064 2022 3378 2076 substantiis
3398 2031 3664 2080 constare,

2098 2113 2153 2166 id
2181 2123 2255 2168 est
2293 2116 2475 2167 anima
2508 2125 2557 2167 et
2592 2129 2837 2179 corpore,
2859 2129 3167 2182 sensumque
3187 2123 3235 2167 et
3277 2114 3522 2181 spiritum
3565 2129 3670 2166 non

2098 2205 2320 2258 alteram
2358 2205 2736 2270 substantiam,
2789 2204 2878 2258 sed
2908 2205 3075 2273 ofﬁcia
3128 2221 3240 2258 esse
3287 2206 3479 2258 anima:
3510 2203 3672 2273 inge—

2100 2293 2234 2359 nita,
2279 2295 2465 2363 quibus
2515 2295 2701 2360 spirat,
2745 2293 2932 2361 quibus
2984 2293 3262 2346 rationalis
3313 2304 3430 2356 est,
3476 2293 3670 2360 quibus

2101 2384 2347 2438 sensibile
2381 2384 2509 2452 facit
2541 2398 2746 2450 corpus.
2779 2382 3042 2447 Quartum
3069 2383 3322 2436 decimum
3357 2392 3533 2434 autem
3570 2381 3670 2432 hu-

2093 2474 2186 2543 jus
2212 2475 2381 2543 operis
2415 2473 2606 2526 librum
2637 2473 2845 2542 proprie
2882 2472 2945 2526 de
2979 2475 3215 2526 increata
3241 2482 3288 2526 et
3322 2472 3436 2525 sola
3487 2473 3670 2524 incor—

2101 2581 2259 2634 porea
2291 2563 2605 2633 dominaque
2636 2563 2867 2617 omnium
2909 2571 3094 2614 sancta
3130 2560 3408 2614 Trinitatis
3451 2569 3672 2623 natura,

2103 2663 2152 2708 et
2180 2654 2242 2706 de
2282 2662 2646 2706 creaturarum
2674 2650 2878 2701 ratione
2919 2647 3197 2711 disserens,
3240 2647 3326 2714 pio
3367 2661 3522 2698 sensu
3553 2660 3674 2696 cum

2105 2745 2420 2798 auctoritate
2441 2753 2744 2797 sanctarum
2765 2740 3161 2810 Scripturarum
3184 2738 3466 2805 explicuit;
3489 2737 3683 2806 quinto

2103 2836 2304 2890 decimo
2335 2850 2450 2888 vero
2478 2833 2754 2897 volumine,
2788 2841 2954 2885 totum
2985 2831 3155 2900 operis
3200 2829 3284 2883 sui
3312 2843 3519 2896 corpus,
3549 2828 3679 2878 cita-

2108 2929 2176 2979 tis
2212 2927 2433 2980 Patrum
2480 2922 2875 2984 traditionibus,
2919 2921 3249 2989 conﬁrmavit
3296 2928 3344 2972 et
3384 2917 3681 2970 communi-

2106 3019 2195 3070 vit.
2213 3012 2812 3069 MeminitJostinianos
2839 3013 2890 3063 in
2913 3011 3102 3064 Edicto
3128 3009 3202 3062 De
3222 3008 3322 3077 ﬁde
3350 3007 3678 3060 orthodoxa:

2035 3143 2077 3200 C
2121 3106 2277 3158 Ἀλλά
2303 3107 2396 3158 καὶ
2426 3104 2530 3157 τῶν
2563 3104 2653 3156 δύο
2679 3103 2888 3171 φύσεων
2925 3101 3050 3170 μίαν
3091 3100 3335 3170 δύναμιν,
3376 3099 3492 3168 ἦτοι
3521 3099 3680 3150 δυναο

2111 3200 2292 3252 στείαν
2321 3198 2512 3264 λέγων,
2535 3198 2562 3248 ό
2582 3193 2794 3266 γράψας
2816 3194 2913 3264 τὴν
2943 3192 3229 3261 ἐπιστολὴν
3257 3191 3486 3260 φανερός
3504 3191 3678 3250 ἐστιν,

2109 3290 2184 3351 ὼς
2220 3290 2311 3341 καὶ
2341 3291 2398 3341 ἐν
2445 3286 2614 3356 τούτῳ
2649 3283 2928 3338 ἀκολουθεῖ
2969 3285 3080 3346 τοῖς
3119 3282 3426 3352 εἰρημένοις
3468 3281 3680 3348 αἱρετιο

2111 3383 2244 3442 κοῖς,
2273 3375 2532 3446 Θεοδώρῳ
2573 3375 2670 3444 μὲν
2701 3374 2908 3441 λέγοντι
2940 3375 2998 3424 ἐν
3030 3374 3141 3434 τοῖς
3173 3371 3299 3442 περὶ
3331 3369 3686 3438 ἐνανθρωπή-

2113 3484 2249 3530 σεως
2279 3465 2440 3520 αὑτοῦ
2472 3465 2743 3533 διαφόροις
2784 3462 2959 3530 λόγοις
3002 3460 3212 3523 ἀσεϐῶς
3256 3459 3542 3522 ἐκτεθεῖσι,
3577 3459 3688 3510 Νε-

2115 3559 2314 3630 στορίῳ
2344 3557 2402 3610 δὲ
2450 3557 2506 3608 ἐν
2547 3554 2760 3616 πολλοῖς
2802 3552 3224 3621 συγγράμμασιν
3249 3567 3262 3581 ·
3307 3551 3446 3616 Quin
3474 3559 3522 3603 ct
3562 3565 3687 3602 cum

2113 3651 2339 3704 duarum
2391 3655 2703 3700 naturarum
2739 3661 2898 3698 unam
2954 3645 3194 3697 virtutem
3242 3643 3347 3696 sive
3395 3643 3686 3708 potentiam

2115 3748 2310 3795 auctor‘
2333 3738 2568 3808 epistola:
2596 3735 2805 3797 asserit,
2835 3735 2990 3802 plane
3017 3749 3070 3787 se
3105 3731 3279 3799 prodit
3312 3731 3687 3784 ha'relt'carum

2116 3832 2467 3886 assertionum
2505 3836 2832 3887 sectatorem,
2867 3823 3123 3877 Theodori
3151 3821 3379 3891 quidem,
3413 3823 3500 3890 qui
3545 3821 3690 3874 idem

2115 3923 2334 3977 diversis
2364 3921 2438 3975 De
2462 3917 2838 3974 lncarnatione
2868 3915 3019 3969 libris
3045 3914 3202 3981 impie
3225 3912 3382 3966 editis
3414 3911 3645 3981 aﬁirmat
3670 3927 3691 3965 :

2120 4015 2356 4070 Nestorii
2412 4029 2530 4067 vero
2582 4011 2638 4064 in
2689 4008 2848 4063 variis
2883 4007 3116 4074 scriptis,
3167 4012 3274 4058 etc.
3329 4003 3395 4058 Et
3442 4003 3691 4074 Cyrillus

2117 4105 2518 4161 Alexandrinos
2554 4101 2617 4171 (t.
2655 4099 2723 4167 V,
2756 4107 2897 4170 part.
2941 4114 2998 4162 ιι,
3053 4113 3106 4166 p.
3160 4095 3303 4165 198),
3357 4096 3411 4150 in
3451 4095 3692 4165 epistola

2118 4197 2183 4252 ad
2219 4196 2447 4251 clericos
2484 4202 2536 4249 et
2584 4192 2913 4262 Lamponem
2961 4191 3376 4261 presbyterum:
3429 4189 3691 4260 ᾘτιῶντο

2116 4288 2173 4341 δὲ
2203 4287 2324 4350 τοὺς
2357 4284 2684 4346 ἐπισκόπους
2712 4281 2812 4352 τῆς
2849 4281 3108 4349 ἀνατολῆς
3149 4279 3223 4341 ὡς
3272 4279 3680 4349 ἀποσιωπήσανι

2118 4395 2215 4441 τας
2243 4376 2342 4447 μὲν
2374 4375 2532 4444 δῆθεν
2573 4374 2633 4426 τὸ
2676 4371 2968 4442 Νεπορίου
3011 4371 3200 4440 δνομα,
3233 4371 3327 4423 καὶ
3364 4385 3692 4438 προσποιου-

1487 4443 1753 4488 auctorem
1770 4437 1823 4489 in
1851 4438 2006 4491 orien-

2123 4437 2314 4537 μένους
2333 4437 2496 4517 αὐτὸν
2526 4437 2978 4531 ἀποστρέφεσθαι,
3013 4437 3492 4530 μεταπηδήσαντας
3519 4458 3574 4510 δὲ
3598 4458 3696 4510 ἐπὶ

2117 4558 2186 4611 τὰ
2223 4555 2496 4626 Θεοδώρου
2528 4552 2705 4624 βιϐλία
2728 4551 2796 4604 τά
2825 4551 2952 4622 περὶ
2989 4551 3087 4620 τῆς
3120 4550 3602 4622 ἐνανθρωπήσεως,
3637 4551 3698 4602 ἐν

2118 4643 2199 4712 οἷς
2247 4645 2421 4716 πολλῷ
2463 4643 2835 4716 χαλεπώτεραι
2863 4642 2970 4695 τῶν
3026 4643 3318 4714 Νεστορίου
3372 4642 3699 4712 δυσφημιῶν

2120 4738 2225 4791 εἰσι
2254 4737 2532 4806 κείμεναι*
2567 4734 2747 4805 πατὴρ
2775 4733 2884 4803 γὰρ
2916 4733 3106 4800 γέγονε
3134 4732 3233 4801 τῆς
3262 4733 3554 4803 Νεστορίδυ
3589 4749 3696 4784 κα-

2119 4826 2384 4893 κοδοξίας,
2419 4825 2513 4878 καὶ¹
2538 4823 2606 4877 τά
2642 4823 2804 4877 αὐτοῦ
2846 4822 3086 4893 λαλήσας
3109 4821 3138 4873 ό
3176 4821 3438 4891 δυσσεϐὴς
3477 4822 3535 4872 ἐν
3575 4820 3699 4874 τού-

2123 4936 2236 4981 τοις
2265 4917 2507 4985 γέγονεν,
2559 4916 2617 4968 ἐν
2655 4912 2734 4977 οἷς
2772 4913 2867 4968 νῦν
2904 4915 3049 4968 ἐστιν
3075 4929 3088 4944 ·
3133 4912 3467 4966 Accusabant
3519 4920 3700 4964 autem

2126 5006 2404 5061 orientales
2431 5005 2727 5074 episcopos,
2756 5003 2910 5072 quasi
2953 5011 3180 5056 tacentes
3209 5002 3417 5071 quidem
3456 4998 3700 5054 Nestorii

2126 5114 2334 5165 nomen,
2361 5105 2411 5150 et
2452 5095 2846 5150 dissimulantes
2879 5110 2998 5148 eum
3043 5093 3300 5155 aversari,
3341 5091 3700 5144 transilientes

2126 5199 2299 5244 autem
2333 5188 2402 5241 ad
2435 5187 2687 5242 Theodori
2709 5187 2870 5240 libros
2903 5185 2978 5240 De
3003 5184 3402 5246 lncarnatione,
3426 5185 3481 5237 in
3509 5183 3700 5252 quibus

2131 5282 2295 5336 multo
2320 5279 2520 5348 pejores
2549 5277 2782 5331 Nestorii
2817 5275 3152 5344 blasphemiis
3189 5277 3374 5340 positae
3402 5285 3565 5337 sunt;
3602 5291 3702 5343 pa-

2133 5384 2211 5427 ter
2243 5373 2382 5425 enim
2430 5371 2534 5439 [ait
2570 5368 2807 5422 Nestorii
2852 5367 3108 5436 perﬁdiae,
3153 5376 3202 5421 et
3252 5367 3396 5420 illius
3451 5366 3706 5435 dogmata

2132 5465 2389 5527 elocutus,
2417 5461 2744 5530 irreligiosus
2761 5461 2814 5513 in
2839 5461 2919 5512 his
2941 5459 3113 5528 factus
3137 5467 3236 5520 est,
3261 5459 3314 5511 in
3336 5457 3522 5528 quibus
3545 5456 3704 5512 modo

2133 5565 2232 5610 est.
2272 5553 2439 5608 Multa
2470 5551 2635 5621 impia
2667 5566 2735 5606 ex
2768 5551 2865 5606 lib.
2902 5565 2941 5620 ι,
2973 5567 3033 5615 ιι,
3063 5565 3158 5616 vn,
3193 5565 3314 5616 νιιι,
3357 5565 3454 5614 xu,
3487 5563 3608 5612 xm,
3647 5556 3706 5604 et

535 5739 613 5810 (α)
647 5736 760 5810 lloc
787 5735 1306 5810 Theodoromlibro
1338 5737 1677 5798 vulnerasse,
1706 5737 1762 5794 si
1793 5736 1904 5796 ﬁeri
1930 5735 2216 5810 potuisset,
2253 5731 2312 5788 S.
2337 5730 2726 5804 Hieronymum
2754 5727 2824 5786 ob
2849 5741 2912 5785 ea
2938 5740 3058 5797 qua:
3089 5723 3352 5783 adversus
3381 5721 3708 5795 Pelagianos

467 5804 772 5876 scribebat,
803 5806 1012 5878 jamdiu
1045 5807 1301 5880 philologi
1343 5815 1697 5879 agnoverunt.
