3804 6222
158 338 221 395 93
1344 349 1675 408 DIATRIBA
1702 351 1791 407 DE
1829 350 1918 406 TI]
1927 351 2239 413 EODORIS.
3336 356 3407 413 94

158 468 245 508 xiv
273 453 587 507 recitantur
616 453 671 508 in
700 453 745 507 V
786 457 1015 526 synodo.
1045 456 1183 514 Vide
1209 460 1374 515 etiam
1415 461 1729 518 Facundum
1761 473 1803 529 Α
1834 462 2007 529 posita
2037 463 2273 531 falsitate
2312 471 2724 531 corrumperent.
2758 466 2825 519 At
2854 464 2944 519 ille
2972 466 3093 519 hinc
3120 465 3198 520 vel
3224 482 3406 520 eorum

156 545 245 615 qui
278 544 592 614 saepissime
639 546 786 601 illius
834 550 1016 617 operis
1056 551 1384 608 testimoniis
1432 556 1621 608 utitur.
1661 554 1736 609 Ea

159 647 337 689 tamen
380 635 595 689 inserta
643 651 764 692 esse
798 639 866 692 ab
911 640 1203 703 haereticis,
1238 648 1291 695 et
1330 642 1737 712 Apollinaristis

159 725 538 794 potissimum,
567 733 800 781 testatur
831 728 1089 783 idemmet
1122 729 1463 796 Theodorus,
1493 734 1545 787 in
1584 736 1737 803 prin-

160 814 298 881 cipio
332 815 548 883 operis,
582 816 670 868 cui
701 816 919 869 titulum
954 815 1156 871 fecerat
1190 837 1201 872 :
1240 818 1317 873 De
1351 821 1650 887 Apollinari
1690 830 1738 875 et

158 906 268 972 ejus
298 904 520 960 hieresi.
553 905 730 961 Verba
767 908 887 976 ejus
934 908 1250 962 referuntur
1283 924 1313 962 a
1352 908 1608 965 Facundo
1640 911 1736 967 lib.

162 1012 212 1060 ι,
244 1011 365 1065 cap.
398 997 425 1049 1
463 1015 478 1051 :
508 998 645 1051 Ante
675 1000 894 1068 triginta
930 1000 1065 1052 enim
1094 1002 1203 1066 iam
1234 1000 1327 1055 hos
1359 1019 1525 1056 annos
1553 1004 1625 1058 De
1651 1003 1738 1057 ln-

161 1089 480 1142 carnatione
509 1088 724 1144 Domini
764 1091 993 1145 codicem
1034 1093 1441 1160 conscripsimus
1483 1110 1645 1163 usque
1669 1098 1737 1148 ad

161 1177 460 1244 quindecim
489 1180 664 1233 millia
701 1197 938 1235 versuum
974 1185 1364 1252 pertingentem.
1400 1184 1466 1238 In
1493 1203 1593 1254 quo
1622 1186 1741 1239 Arii

160 1278 204 1319 et
235 1267 495 1322 Eunomii
520 1271 585 1324 de
623 1271 723 1324 hac
756 1288 809 1325 re
851 1272 1061 1336 delicta,
1091 1289 1290 1327 necnon
1335 1275 1498 1327 etiam
1533 1275 1740 1343 Apolli-

164 1361 302 1413 narii
353 1378 551 1415 vanam
584 1365 1039 1431 praesumptionem
1087 1381 1179 1433 per
1218 1374 1385 1419 totum
1431 1365 1565 1419 illud
1610 1381 1739 1434 opus

162 1454 604 1518 examinavimus,
639 1463 696 1507 ut
728 1455 880 1518 nihil,
921 1456 1059 1509 sicut
1090 1473 1204 1510 mea
1240 1457 1342 1525 fert
1374 1458 1565 1524 opinio,
1602 1474 1741 1526 ργαξ-

168 1547 375 1598 terirem
403 1561 472 1598 ea:
496 1546 577 1599 his
593 1562 710 1615 quis
742 1545 811 1598 ad
840 1548 1144 1615 ﬁrmitatem
1179 1549 1545 1603 ecclesiastica:
1565 1548 1735 1602 ortho-

167 1634 335 1689 doxia
361 1637 706 1703 pertinerent,
734 1646 781 1690 et
812 1637 881 1689 ad
906 1638 1313 1691 convincendum
1343 1655 1523 1692 eorum
1557 1640 1739 1706 impie-

169 1735 346 1781 tatem.
386 1725 494 1780 Sed
541 1728 594 1779 hi
647 1729 738 1797 qui
764 1731 942 1783 omnia
990 1730 1247 1798 facillime
1301 1740 1646 1796 pra'sumunt,
1687 1737 1737 1782 et

1840 553 2123 619 malitiam,
2175 554 2252 607 vel
2296 553 2609 621 facilitatem
2653 556 3032 609 catholicorum
3082 555 3409 624 ﬁducialiter

1838 645 2112 714 arguebat,
2146 650 2281 714 quod
2303 645 2481 714 palam
2504 645 2818 715 prwdicaret
2843 647 2897 699 in
2940 645 3178 700 Ecclesia
3207 646 3407 701 Christi

1837 751 1952 804 qua:
1977 750 2122 788 same
2152 734 2408 787 doctrina:
2443 743 2803 803 congruerent,
2835 743 2884 787 et
2922 749 3021 788 vox
3055 736 3169 803 ejus
3198 734 3407 804 ﬁdelior

1838 824 2051 892 scriptis
2074 832 2206 877 esset
2240 823 2309 877 ad
2332 824 2700 877 documentum
2735 840 2846 878 sua:
2878 826 3169 879 sententiae.
3204 825 3402 880 Absen-

1839 914 1905 967 tis
1929 915 2067 967 enim
2094 915 2317 982 scripta,
2352 929 2468 982 quae
2496 914 2762 981 corrumpi
2797 912 2861 965 ab
2892 914 3123 967 inimicis
3155 912 3406 969 Ecclesia:

1838 1013 2078 1073 possunt,
2106 1006 2245 1058 vocis
2268 1004 2380 1071 ejus
2398 1004 2696 1057 testimonio
2715 1004 2954 1072 prteferri
2976 1021 3077 1058 non
3099 1005 3404 1060 debuerant.

1840 1097 1906 1151 Et
1945 1097 2042 1151 lib.
2078 1112 2154 1160 Ix,
2182 1112 2303 1167 cap.
2338 1098 2370 1151 5
2399 1114 2412 1150 :
2450 1094 2591 1148 Nam
2621 1096 2704 1149 cui
2734 1096 2856 1150 bene
2883 1098 3124 1151 sentienti
3152 1114 3255 1152 non
3293 1098 3409 1167 suf-

1840 1188 2017 1255 ﬁceret
2045 1185 2113 1237 ad
2159 1186 2573 1255 cognoscendam
2607 1184 2865 1239 Theodori
2911 1184 3089 1253 fidem,
3124 1186 3234 1253 ipse
3263 1186 3410 1241 solus

1838 1274 2071 1337 eiusdem
2101 1275 2268 1342 operis
2294 1274 2520 1329 titulus?
2552 1274 2681 1339 Quis
2711 1277 2847 1329 enim
2883 1291 3002 1327 eum
3033 1274 3251 1329 audiens
3287 1291 3412 1329 cono

1838 1364 2037 1418 didisse
2062 1365 2221 1419 libros
2255 1364 2328 1420 De
2348 1366 2741 1429 incarnatione,
2762 1374 2935 1429 aut,ut
2953 1366 3160 1435 proprie
3190 1365 3284 1421 hoc
3309 1382 3407 1421 ea:-

1838 1456 2088 1524 primam,
2119 1457 2292 1509 minus
2319 1456 2526 1525 quidem
2554 1454 2769 1520 Latino,
2800 1457 2889 1509 sed
2914 1457 3204 1508 necessario
3235 1455 3408 1519 verba,

1841 1548 1977 1601 sicut
2011 1564 2043 1600 a
2076 1544 2276 1601 Graecis
2315 1546 2532 1611 dicitur,
2568 1547 2631 1599 de
2670 1545 3102 1599 inhumanatione
3138 1544 3268 1599 Filii
3292 1545 3409 1610 Dei,

1840 1638 1973 1691 duos
2000 1654 2116 1691 eum
2149 1646 2293 1705 putet
2331 1638 2472 1705 ﬁlios
2499 1635 2855 1704 prtedicasse?
2884 1634 3027 1689 Nam
3051 1636 3279 1705 qualiter
3316 1635 3414 1690 Fi-

1843 1727 1973 1781 lium
1995 1727 2113 1790 Dei,
2147 1726 2201 1779 id
2216 1736 2294 1780 est
2326 1726 2493 1779 Deum
2532 1725 2771 1791 Verbum,
2798 1742 2901 1779 non
2925 1725 3182 1779 hominem
3212 1740 3415 1795 quoque

167 1823 424 1881 pra’terea
454 1832 667 1869 rursum
701 1816 769 1869 ab
810 1817 848 1869 Α
858 1817 1165 1885 pollinario,
1191 1818 1282 1888 qui
1317 1819 1553 1886 princeps
1581 1817 1735 1885 hujus
1772 1804 1813 1860 Β
1841 1818 2207 1888 diceret,quem
2221 1818 2412 1871 diceret
2429 1816 3248 1895 inhumanatum?Detitulovhoc
3263 1820 3415 1885 Σαρ-

169 1904 379 1959 hteresis
428 1906 623 1973 fuerat,
668 1908 923 1972 instituti,
962 1907 1200 1961 omnibus
1245 1908 1449 1977 quidem
1496 1908 1742 1961 similiter

172 1994 509 2047 sentientibus
533 2010 660 2062 opus
691 2006 927 2049 nostrum
950 1998 1284 2068 manifestum
1307 1997 1620 2065 fecerunt,si
1640 2014 1741 2067 quo

173 2083 320 2136 modo
357 2084 542 2154 aliqua
570 2087 861 2140 invenirent
896 2086 1126 2140 valentia
1150 2086 1219 2140 ad
1246 2088 1649 2141 convincendum
1679 2105 1742 2141 ea

172 2188 284 2243 qua
313 2175 370 2228 in
406 2192 467 2229 eo
498 2186 622 2229 sunt
653 2178 870 2245 scripta.
907 2177 1170 2241 Quoniam
1202 2194 1320 2232 vero
1351 2179 1526 2231 nullus
1560 2188 1741 2233 contra

174 2274 429 2319 certamen
460 2267 671 2335 scriptis
701 2269 963 2335 suscipere
994 2268 1367 2337 pratsumebat,
1394 2270 1595 2323 imitati
1621 2278 1740 2322 sunt

177 2356 410 2423 inﬁrmos
438 2359 667 2412 athletas
696 2369 745 2411 et
788 2359 1036 2424 callidos,
1088 2362 1197 2429 qui,
1232 2360 1357 2414 dum
1385 2379 1487 2415 non
1523 2370 1742 2430 possunt

178 2459 355 2501 contra
383 2448 633 2517 fortiores
662 2462 884 2515 certare,
913 2452 1122 2506 insidiis
1147 2469 1234 2505 eos
1268 2461 1317 2506 et
1349 2453 1744 2507 machinamen-

180 2539 242 2592 tis
290 2539 483 2609 quibus
531 2551 752 2608 possunt
805 2552 1066 2596 conantur
1114 2552 1356 2597 evertere.
1413 2542 1745 2613 Scripserunt

178 2629 307 2682 enim
335 2632 437 2699 ipsi
473 2634 613 2686 inter
636 2650 691 2686 se
723 2635 1088 2701 proculdubio
1121 2636 1365 2705 quadam
1396 2637 1594 2704 inepta,
1631 2652 1747 2705 quin

182 2737 209 2770 a
238 2720 381 2774 nobis
405 2739 641 2791 unquam
670 2725 884 2778 minime
903 2724 1218 2780 dicerentur.
1243 2726 1476 2795 Denique
1504 2727 1612 2780 hwc
1633 2728 1746 2795 ipsa

180 2811 230 2865 in
258 2814 426 2867 medio
465 2825 769 2869 nostrorum
801 2817 1113 2885 scriptorum
1139 2819 1193 2871 in
1222 2819 1448 2887 quadam
1489 2828 1637 2886 parte
1665 2820 1750 2873 in-

186 2914 562 2971 terposuerunt,
592 2915 642 2960 et
684 2908 795 2960 suis
822 2907 1179 2975 familiaribus
1223 2909 1747 2975 demonstraverunt;

186 2994 464 3065 aliquando
496 3008 669 3052 autem
694 3008 741 3052 et
767 3000 984 3063 nostris,
1014 3001 1104 3069 qui
1136 3016 1228 3068 per
1258 3000 1571 3068 facilitatem
1596 3016 1748 3053 suam

1841 1908 2079 1975 κώσεως
2090 1909 2187 1961 καὶ
2203 1910 2510 1977 ἐνανορωπ
2518 1908 2728 1974 ήσεως,
2745 1918 2800 1964 et
2813 1908 2880 1964 de
2891 1923 2956 1963 eo
2982 1909 3124 1963 inter
3153 1906 3412 1963 orthodo-

1845 2016 1943 2054 χοε
1972 2008 2133 2069 atque
2157 2000 2518 2054 beterodoxos
2540 1999 2875 2063 discrimine,
2899 2011 3081 2070 repete
3104 2015 3223 2070 qua:
3246 2016 3413 2070 supra

1842 2092 2100 2147 diximus.
2134 2091 2538 2146 Advertendum
2586 2092 2803 2147 interim
2838 2101 2942 2156 est,
2972 2108 3095 2145 cum
3145 2090 3413 2146 Gennadii

1843 2185 2007 2236 verba
2040 2182 2104 2235 ad
2137 2181 2485 2236 Theodorum
2514 2181 2843 2238 Railhenum
2882 2183 3260 2253 presbyterum
3288 2181 3418 2237 Pos-

1846 2274 2065 2327 sevinus
2088 2271 2370 2336 transfert,
2404 2273 2714 2343 asseritque
2748 2273 2895 2327 hunc
2926 2273 3125 2326 librum
3156 2287 3185 2327 e
3223 2272 3415 2326 Graeco

1848 2363 1903 2417 in
1945 2363 2199 2418 Latinum
2253 2363 2607 2419 Godeiridum
2661 2362 3011 2417 Tilmannum
3067 2364 3319 2427 vertisse,
3362 2371 3417 2417 et

1849 2454 2214 2525 Margarinum
2252 2454 2528 2525 [lignatum
2552 2456 2605 2508 in
2638 2463 2945 2509 sanctorum
2975 2454 3201 2508 Patrum
3234 2455 3420 2509 biblio-

1848 2542 2051 2597 thecam
2086 2542 2389 2598 inseruisse
2432 2543 2617 2597 tom.l
2676 2543 2938 2600 editionis
2990 2560 3028 2598 ιι
3066 2542 3416 2611 Parisiensis,

1846 2648 1969 2688 cum
2004 2647 2111 2687 non
2139 2647 2248 2686 uno
2281 2632 2443 2686 modo
2473 2631 2604 2686 labi.
2641 2630 2741 2686 llic
2774 2632 2973 2687 etenim
3021 2632 3415 2695 Antioclienus,

1842 2721 1940 2793 qui
1969 2721 2041 2776 De
2065 2721 2428 2775 incarnatione
2455 2719 2670 2774 Domini
2702 2719 2870 2777 libros
2904 2739 2974 2778 xv
3005 2724 3241 2794 scripsit,
3262 2725 3420 2795 longe

1848 2813 2097 2867 diversus
2127 2818 2211 2868 est
2244 2829 2272 2865 a
2303 2812 2592 2867 Theodoro
2627 2810 2893 2867 Raitheno
2926 2828 2941 2867 :
2972 2820 3025 2866 et
3073 2813 3211 2865 liber
3237 2812 3419 2868 Theo-

1848 2902 1969 2958 dori
2001 2902 2253 2958 Raitheni
2288 2902 2361 2956 De
2395 2902 2575 2956 divina
2611 2903 2922 2967 oeconomia,
2960 2913 3014 2956 et
3047 2903 3206 2957 modo
3237 2905 3422 2960 carnis

1850 3011 1881 3049 a
1910 2995 2019 3051 Deo
2053 3002 2367 3065 assumptus,
2398 2994 2452 3047 in
2496 3008 2607 3063 quo
2641 3002 2707 3048 de
2746 2994 2975 3058 Manete,
3008 2992 3179 3047 Paulo
3228 2994 3422 3048 Samo-

189 3090 353 3141 omnia
386 3092 575 3158 pronis
616 3092 807 3144 animis
842 3090 1145 3157 audiebant,
1176 3101 1225 3145 et
1264 3093 1360 3145 hoc
1398 3093 1551 3161 quasi
1586 3091 1749 3145 docu-
1776 3123 1818 3179 ο
1853 3094 2064 3149 sateno,
2093 3084 2417 3154 Apollinari,
2462 3082 2750 3138 Theodoro
2776 3082 3183 3152 Mopsuesteno,
3232 3081 3423 3137 Nesto-

190 3189 430 3246 mentum,
466 3183 601 3236 sicut
622 3183 901 3250 putabant,
928 3192 1122 3236 nostra:
1143 3182 1749 3250 impietatis,videntibus

189 3272 501 3336 prtebebant.
548 3271 721 3326 Unum
769 3284 943 3327 autem
972 3289 1035 3328 ex
1078 3274 1158 3327 his
1192 3275 1403 3342 scriptis
1447 3284 1583 3339 erat,
1618 3276 1751 3328 duos

190 3362 321 3429 ﬁlios
345 3364 541 3418 dicere.
576 3364 667 3418 Sic
704 3366 841 3418 enim
873 3383 966 3419 nos
998 3366 1230 3433 cherunl
1259 3367 1315 3418 in
1358 3367 1455 3419 hoc
1492 3382 1641 3433 opere
1664 3365 1749 3419 di-

192 3460 371 3516 centes,
405 3452 549 3523 quod
579 3463 813 3520 oporteat
840 3464 1027 3523 putare
1059 3466 1105 3508 et
1139 3455 1312 3509 dicere
1335 3457 1467 3511 duos
1509 3457 1672 3525 ﬁlios,
1703 3466 1753 3510 et

194 3540 503 3595 vehementer
541 3559 634 3595 nos
664 3543 822 3596 istum
854 3560 1143 3597 sermonem
1173 3543 1467 3612 defendere,
1492 3546 1616 3597 dum
1659 3561 1753 3598 nos

196 3629 244 3683 in
262 3631 353 3685 illa
375 3634 642 3699 scriptura
660 3633 847 3701 ubique
867 3634 1144 3702 manifeste
1164 3633 1475 3694 diceremus.
1494 3634 1632 3704 quod
1652 3652 1755 3689 non

197 3733 415 3789 oporteat
444 3724 576 3779 duos
592 3725 733 3793 ﬁlios
749 3725 938 3779 dicere.
958 3724 1180 3779 Necesse
1194 3736 1303 3778 erat
1325 3742 1561 3795 ergonon
1586 3727 1756 3780 solum

199 3812 377 3879 inepta,
414 3815 509 3869 sed
538 3817 697 3869 etiam
729 3816 942 3884 inﬁrma
968 3817 1062 3869 illa
1087 3817 1286 3884 scripta
1310 3816 1641 3871 audientibus
1664 3833 1758 3883 ap-

199 3919 385 3971 parere,
428 3907 677 3976 quoniam
724 3923 885 3977 neque
922 3908 1080 3973 ﬁrma
1125 3908 1330 3960 ratione
1379 3923 1541 3976 neque
1575 3924 1759 3961 conre-

202 3996 349 4049 nienti
387 3998 487 4051 hoc
526 3998 776 4067 possibile
807 4006 921 4052 erat
959 3997 1194 4060 ostendi;
1232 4008 1281 4052 et
1323 3999 1386 4051 ab
1414 3998 1520 4051 illis
1559 3999 1757 4052 idcirco

202 4086 410 4153 inﬁrmis
447 4099 563 4143 erat
598 4091 971 4156 conscriptum,
1013 4101 1268 4159 quatenus
1306 4093 1395 4146 ille
1422 4094 1511 4163 qui
1535 4095 1758 4163 scripse-

205 4190 299 4246 rat,
330 4183 541 4250 facilius
573 4184 692 4237 inde
740 4185 977 4237 convinci
1026 4187 1297 4253 potuisset.
1340 4185 1491 4241 Unus
1543 4204 1665 4258 ergo
1694 4203 1759 4242 ea:

205 4279 383 4330 nostris
434 4285 643 4345 propter
677 4277 899 4330 multam
927 4278 1243 4347 facilitatem
1270 4280 1378 4334 htec
1413 4289 1597 4333 nostra
1648 4297 1759 4334 esse

208 4365 412 4420 credidit
441 4368 661 4435 scripta,
707 4376 758 4420 et
792 4366 946 4435 hujus
988 4369 1065 4421 rei
1108 4370 1283 4436 gratia
1331 4369 1519 4439 dignus
1562 4370 1665 4439 ﬁde
1694 4371 1757 4423 ab

1853 3179 1934 3232 rio
1984 3184 2038 3232 et
2085 3175 2383 3248 Eutychete
2428 3176 2625 3247 agitur,
2672 3185 2727 3232 et
2779 3192 2970 3232 versus
3019 3191 3048 3229 a
3112 3173 3423 3237 Tilmanno,

1853 3270 2012 3338 longe
2038 3269 2179 3323 alius
2202 3275 2285 3322 est
2314 3268 2383 3322 ab
2411 3269 2512 3321 hoc
2534 3267 2809 3323 Theodori
2836 3266 3162 3321 Antiocheni
3192 3266 3244 3319 in
3274 3264 3421 3332 quin

1852 3360 2027 3414 decim
2075 3358 2245 3414 libros
2283 3359 2481 3414 diviso.
2514 3358 2580 3411 Et
2613 3358 3013 3412 Antioelienum
3064 3357 3208 3409 hunc
3242 3353 3426 3409 Theo-

1853 3451 2046 3505 dorum
2074 3451 2516 3520 Mopsuestenum
2545 3466 2686 3515 esse,
2710 3458 2766 3504 et
2798 3465 2906 3503 non
2937 3449 3283 3512 Railhenum,
3307 3447 3425 3516 plu-

1854 3542 2006 3596 ribus
2040 3541 2216 3596 modis
2248 3557 2316 3596 ex
2350 3540 2547 3595 Photio
2578 3541 2810 3610 aliisque
2854 3540 3138 3610 probatur.
3179 3537 3243 3590 Et
3272 3539 3428 3608 plane

1855 3633 2127 3687 Theodori
2170 3631 2536 3701 Mopsuesteni
2571 3632 2694 3685 libri
2737 3630 2811 3685 De
2855 3630 3237 3692 incarnatione,
3284 3628 3427 3696 quod

1856 3727 1971 3794 ipse
2009 3727 2200 3787 sciam,
2251 3738 2359 3777 non
2386 3730 2603 3777 exstant
2642 3723 2776 3791 (imo
2830 3735 3056 3790 prorsus
3105 3719 3426 3788 perierunt).

1857 3816 1991 3872 Vide
2023 3832 2144 3886 quae
2173 3814 2315 3869 inira
2348 3815 2581 3869 dicimus
2613 3813 2680 3868 de
2704 3812 2992 3867 Theodoro
3028 3810 3321 3863 Raitheno.

1933 3909 2006 3963 De
2045 3908 2330 3961 Persarum
2363 3906 2539 3975 magia
2570 3905 2740 3959 libros
2770 3912 2902 3958 tres.
2943 3902 3093 3972 Legit
3119 3900 3348 3954 Photius
3377 3899 3431 3952 in

1859 4000 2183 4056 Bibliotheca
2230 3998 2350 4054 cod.
2394 3997 2504 4051 81:
2551 3992 2889 4064 Ἀνεγνὼσθη
2928 3991 3252 4063 βιϐλιδάριον
3303 3990 3433 4043 Θεο-

1857 4092 2028 4163 δώρου
2061 4090 2199 4158 Περι
2249 4088 2359 4156 τῆς
2390 4088 2459 4140 ἐν
2513 4083 2756 4153 Περσίδι
2796 4080 3077 4153 μαγικῆς,
3116 4080 3213 4133 καὶ
3256 4080 3347 4143 τίς
3392 4080 3431 4146 ἡ

1857 4186 1970 4255 τῆς
1988 4182 2298 4244 εὐσεϐείας
2331 4176 2603 4246 διαφορὰ,
2638 4176 2696 4228 ὲν
2739 4174 2915 4243 λόγοις
2947 4172 3124 4243 τρισί·
3176 4186 3433 4241 προσφω-

1858 4279 1939 4331 νεῖ
1968 4276 2023 4328 δὲ
2050 4274 2244 4336 αὐτοὺς
2290 4269 2427 4339 πρὸς
2465 4266 2805 4323 Μαστούὸιον
2831 4263 2891 4328 ἐξ
2934 4261 3222 4333 Ἀρμενίας
3248 4259 3431 4331 ὁρμώ-

1864 4384 2041 4439 μενον,
2075 4362 2487 4435 χωρεπίσκοπον
2516 4359 2571 4413 δὲ
2610 4356 2941 4427 τυγχάνοντα
2962 4370 2975 4382 °
3005 4355 3100 4405 καὶ
3123 4354 3181 4405 ὲν
3222 4351 3317 4421 μὲν
3356 4350 3435 4421 τῷ

208 4453 304 4506 illis
342 4455 571 4510 creditus
604 4466 679 4508 est
728 4457 816 4524 qui
845 4458 948 4509 ista
993 4458 1300 4527 perlegerat,
1338 4469 1386 4511 et
1439 4460 1750 4512 renuntiavit

1862 4459 2063 4533 πρώτῳ
2088 4456 2231 4525 λόγῳ
2257 4452 2527 4506 ἐκτίθεται
2556 4449 2617 4502 τὸ
2649 4447 2842 4519 μιαρὸν
2870 4445 2977 4497 τῶν
3014 4442 3238 4514 Περσῶν
3256 4442 3436 4533 δόγμα

212 4544 340 4599 nobis
367 4564 427 4601 ea
454 4564 551 4617 que
578 4547 787 4615 fuerant
833 4549 1052 4616 scripta.
1088 4548 1221 4603 Cum
1258 4566 1379 4619 ergo
1405 4551 1759 4617 audissemus,

212 4635 513 4703 culpavimus
544 4637 748 4707 quidem
772 4638 944 4702 illum,
976 4638 1112 4708 quod
1144 4650 1330 4694 contra
1355 4657 1448 4694 nos
1475 4641 1633 4695 dictis
1657 4659 1763 4696 ser-

213 4728 434 4784 monibus
468 4731 773 4785 credidisset
801 4731 865 4785 de
904 4732 984 4786 his
1030 4732 1203 4795 rebus,
1242 4749 1371 4801 quas
1396 4735 1589 4801 swpius
1629 4744 1679 4787 et
1708 4735 1759 4787 in

219 4816 433 4876 Ecclesia
463 4832 513 4877 et
537 4825 784 4892 privatim
812 4824 1042 4878 dicentes
1086 4841 1179 4877 nos
1219 4824 1439 4887 audivit,
1472 4841 1588 4878 cum
1631 4827 1763 4894 ﬁde-

216 4907 376 4965 liorem
410 4916 616 4982 scriptis
655 4924 894 4969 nostram
929 4932 1102 4969 vocem
1133 4915 1383 4985 judicare
1416 4915 1652 4971 debuerit
1693 4917 1763 4970 ad

217 4997 561 5057 documentum
596 5014 792 5058 nostra:
821 5006 1115 5069 sententiae,
1144 5023 1302 5073 quam
1340 5008 1395 5060 in
1428 5006 1762 5075 dogmatibus

219 5100 431 5145 nostrum
472 5102 648 5146 votum
688 5101 762 5143 est
803 5109 1129 5148 conservare.
1161 5094 1300 5150 Hinc
1342 5096 1623 5150 concludit
1662 5094 1765 5149 Fa-

220 5183 408 5237 cundus
457 5200 472 5236 :
531 5182 813 5249 Accepisti,
867 5182 1269 5238 clementissime
1316 5185 1624 5252 imperator,
1662 5202 1762 5256 quo

221 5267 363 5325 livore
390 5288 608 5339 semper,
640 5281 688 5326 et
718 5289 824 5341 qua
856 5273 1080 5342 fallacia
1111 5276 1440 5331 institutores
1476 5276 1762 5348 Eutychia-

220 5371 386 5417 norum
429 5364 750 5432 synusiastte
778 5364 1021 5418 insidiati
1060 5364 1258 5433 fuerint
1283 5366 1441 5421 dictis
1480 5367 1762 5433 Theodori,

222 5457 532 5523 “quomodo
582 5459 896 5513 tentaverint
950 5460 1335 5515 levissimorum
1382 5462 1765 5517 catholicorum

226 5558 393 5604 mentes
424 5568 455 5602 a
479 5549 726 5604 doctrina
752 5550 868 5620 ejus
899 5562 1151 5619 avertere,
1182 5565 1238 5606 ut
1274 5570 1375 5607 non
1411 5554 1579 5608 solum
1609 5572 1766 5624 prave

226 5634 663 5709 interpretarentur
688 5659 750 5697 ea
783 5660 899 5713 qua:
937 5644 1028 5699 ille
1060 5654 1196 5698 recto
1232 5661 1386 5699 sensu
1429 5646 1645 5700 docebat
1670 5649 1766 5700 ob«
1826 5630 1829 5631 ν

232 5728 323 5786 tius
342 5750 515 5789 eorum
538 5735 800 5805 stultitim,
838 5753 1011 5791 rerum
1057 5738 1215 5793 etiam
1253 5737 1414 5794 libros
1449 5737 1562 5807 ejus
1597 5739 1760 5794 intcr-

1861 4552 1888 4603 ὃ
1921 4548 2202 4618 Ζασρὰδης
2243 4544 2592 4614 εἰσηγήσατο,
2624 4540 2741 4610 ἦτοι
2771 4534 3015 4606 περὶτοῦ
3063 4532 3342 4605 Ζαρουὰμ,
3376 4533 3437 4586 ὃν

1861 4638 2100 4710 ἀρχηγὸν
2144 4637 2358 4691 πάντων
2406 4633 2637 4699 εἰσάγει,
2685 4630 2743 4682 ὃν
2782 4628 2875 4681 καὶ
2910 4627 3080 4696 τύχην
3111 4625 3296 4678 καλεῖ·
3344 4627 3438 4679 καὶ

1861 4734 1943 4785 ὅτι
1976 4728 2233 4790 σπένδων,
2274 4726 2361 4779 ἴνα
2390 4724 2521 4795 τέκῃ
2546 4723 2636 4775 τὸν
2669 4719 2981 4792 Ὀρμεσδαν,
3010 4718 3191 4771 ἔτεκεν
3234 4719 3440 4772 ἐκεῖνον

1864 4829 1957 4881 καὶ
1989 4826 2079 4879 τὸν
2111 4824 2357 4877 Σατανᾶν
2376 4839 2388 4852 ·
2422 4821 2517 4874 καὶ
2548 4819 2679 4891 περὶ
2720 4819 2819 4887 τῆς
2864 4817 3044 4870 αὐτῶν
3086 4813 3402 4885 αἱμομιξίας
3421 4832 3436 4847 ο

1863 4916 1958 4969 καὶ
1984 4913 2167 4976 ἅπλῶς
2194 4912 2257 4965 τὸ
2278 4909 2535 4973 δυσσεϐὲς
2573 4909 2666 4961 καὶ
2700 4906 3065 4977 ὑπέραισχρον
3092 4904 3267 4975 δόγμα
3297 4901 3440 4956 κατά

1863 5007 2005 5072 λέξιν
2038 5005 2218 5068 ἐκθεὶς
2246 5001 2603 5065 ἁνασκευάζει
2634 5000 2693 5052 ὲν
2729 4998 2807 5069 τῷ
2852 4997 3054 5067 πρώτῳ
3087 4995 3261 5064 λόγῳο
3292 4995 3349 5046 ὲν
3383 4992 3441 5045 δὲ

1862 5103 1975 5163 τοῖς
2003 5098 2209 5160 λοιποῖς
2235 5096 2356 5149 δνσὶ
2397 5093 2574 5161 λόγοις
2601 5091 2671 5146 τὰ
2704 5094 2833 5161 περὶ
2869 5089 2969 5158 τῆς
3001 5086 3257 5149 εὐσεϐοῦς
3295 5083 3439 5154 διέρ-

1863 5208 2012 5262 χεται
2050 5190 2309 5251 πίστεως,
2335 5185 2443 5239 ἀπὸ
2478 5186 2577 5255 τῆς
2600 5180 2955 5253 κοσμογονίας
2982 5177 3305 5250 ἀρξάμενος,
3329 5176 3440 5262 παὶ

1826 5321 1829 5325 ι
1864 5260 1993 5352 περὶ
2037 5278 2210 5347 αὐτῆς
2249 5276 2349 5345 τῆς
2394 5274 2615 5344 χάριτος
2659 5268 2878 5340 ὁμοίως,
2932 5267 3026 5320 καὶ
3080 5260 3441 5352 ὲπιτροχάζδην

1862 5348 2115 5424 διελθώνο
2158 5360 2310 5429 οὗτος
2356 5366 2402 5419 δ’
2439 5366 2468 5417 ὁ
2499 5362 2773 5432 Θεόδωρος
2808 5361 2837 5411 ὁ
2878 5356 3251 5427 Μοψουεστίας
3303 5348 3439 5406 εἶναι

1864 5462 2039 5515 δοκεῖ·
2068 5461 2165 5531 τήν
2197 5475 2256 5511 τε
2279 5456 2388 5525 γὰρ
2414 5452 2710 5523 Νεστορίου
2740 5450 2968 5521 αἵρεσιν,
3000 5448 3093 5500 καὶ
3124 5444 3353 5516 μάλιστα
3381 5443 3441 5497 ὲν

1864 5553 1942 5623 τῷ
1986 5551 2151 5622 τρίτῳ
2197 5549 2340 5618 λόγῳ
2389 5542 2767 5615 ὲπικρατύνων
2818 5538 3266 5611 προσαναφωνεῖ·
3305 5533 3443 5590 ἀλλὰ

1868 5645 1961 5699 καὶ
2004 5643 2101 5713 τὴν
2141 5641 2249 5695 τῶν
2292 5635 2625 5712 ἁμαρτωλῶν
2665 5632 3107 5687 ἀποκατάστασιν
3154 5625 3442 5698 τερατεύε-

1867 5754 1975 5795 ται.
2018 5733 2161 5789 Lecti
2198 5740 2317 5789 sunt
2354 5729 2395 5786 Τ
2399 5728 2613 5786 hcodori
2644 5725 2720 5784 Dc
2754 5727 2965 5798 persica
2989 5721 3187 5793 magia,
3221 5726 3278 5777 et
3309 5716 3440 5791 quid
