3804 6222
369 322 443 382 95
1646 320 1735 375 EX
1776 317 2025 374 LEONIS
2075 320 2345 374 ALLATII
3550 323 3626 379 90

375 457 404 492 ιι
436 439 525 508 pio
555 439 705 493 cultu
739 438 974 501 differat,
1005 438 1169 492 libelli
1212 447 1335 503 tres,
1372 455 1499 508 quos
1533 436 1795 491 Mastubio
1834 435 1941 487 Δγ·
1975 439 2020 494 Α
2050 435 2306 491 Nicolaus
2344 436 2698 501 Alcmannus,
2727 437 2823 506 qui
2852 435 3024 490 risum
3055 436 3250 505 quaerit
3280 434 3332 490 in
3357 435 3623 507 laerymis

375 548 558 596 meno,
607 531 1030 598 clior-episcopum
1082 531 1277 600 agenti,
1329 529 1589 583 inscribit.
1643 528 1718 582 Ac
1766 529 1940 597 primo

373 621 584 689 quidem
640 620 774 673 libro
803 621 1018 688 exponit
1065 619 1351 688 nefandum
1405 618 1689 672 Persarum
1725 619 1939 688 dogma,

372 709 516 779 quod
547 709 810 763 Zasrades
847 711 1056 762 induxit
1078 727 1097 775 ,'
1125 711 1230 764 sive
1256 709 1320 763 de
1343 708 1602 771 Zaruam,
1631 724 1782 776 quem
1804 709 1943 774 prin-

375 802 542 868 cipem
581 803 813 854 omnium
859 802 1009 869 facit,
1049 810 1098 855 et
1141 802 1410 870 fortunam
1454 801 1617 852 etiam
1674 799 1942 866 appellat;

374 892 497 944 hinc
530 892 781 945 libatione
807 893 1006 954 oblata,
1033 903 1092 944 ut
1135 890 1479 944 "Ormisdam
1515 891 1765 960 gigneret,
1798 899 1848 943 et
1875 890 1942 942 il-

376 979 488 1032 lum
513 989 560 1033 et
590 980 848 1035 Satanam
894 990 1146 1049 praeterea
1175 979 1448 1050 genuisse;
1476 979 1539 1031 de
1583 994 1761 1031 eorum
1799 978 1944 1030 insu-

376 1089 469 1140 per
518 1073 791 1141 sanguinis
837 1073 1078 1125 mistione
1125 1072 1359 1133 (incestis
1411 1069 1666 1137 nuptiis);
1726 1068 1944 1130 denique

377 1161 466 1214 ubi
489 1161 797 1228 simpliciter
822 1161 1037 1227 impium
1061 1170 1108 1213 et
1132 1161 1499 1228 perobscenum
1522 1158 1712 1227 dogma
1736 1157 1809 1210 ad
1839 1174 1946 1210 ver-

378 1252 497 1304 bum
534 1254 824 1320 proposuit,
870 1253 1044 1319 priore
1093 1252 1229 1304 illud
1272 1251 1406 1304 libro
1453 1251 1668 1318 refellit.
1711 1250 1943 1314 Reliquis

377 1343 579 1396 duobus
627 1343 690 1395 de
736 1342 858 1408 [idei
905 1344 994 1409 pia
1049 1343 1293 1396 doctrina
1339 1353 1557 1406 tractat,
1613 1343 1870 1411 ductoque
1912 1358 1946 1394 a

377 1435 559 1486 mundi
613 1434 874 1486 creatione
922 1433 1158 1494 exordio,
1212 1435 1280 1486 ad
1335 1436 1502 1502 ipsam
1551 1433 1711 1503 legent
1759 1434 1946 1502 gratia:

375 1525 494 1590 pari
552 1523 706 1577 modo
757 1527 953 1577 cursim
1016 1525 1291 1579 dilabitur.
1350 1527 1448 1579 llic
1496 1525 1798 1578 Theodorus
1859 1525 1945 1576 ille

378 1611 776 1680 Mopsuestenus
801 1631 912 1667 esse
957 1615 1222 1678 creditur;
1262 1613 1500 1668 Nestorii
1531 1616 1668 1668 enim
1701 1614 1944 1668 luuresim

379 1704 608 1756 maxime
642 1704 774 1756 libro
818 1706 968 1757 tertio
999 1707 1320 1773 conﬁrmans
1370 1705 1682 1774 proclamat.
1712 1705 1851 1769 Quin
1895 1714 1942 1758 et

379 1794 660 1862 impiorum
709 1795 762 1846 in
818 1797 1099 1862 pristinum
1145 1806 1344 1850 statum
1397 1797 1779 1851 restitutionem
1826 1813 1946 1850 con-

377 1887 549 1956 ﬁngit.

449 1976 713 2030 Adversus
747 1976 952 2032 Iuliani
980 1977 1250 2045 Apostata:
1276 1978 1569 2034 calumnias
1598 1980 1651 2032 in
1681 1978 1944 2034 Christia-

381 2083 497 2131 nos,
535 2068 787 2121 laudatur
813 2069 866 2122 in
901 2077 1089 2124 catena
1120 2069 1306 2125 Grzeca
1336 2071 1404 2124 ad
1431 2069 1632 2124 Lucam
1663 2072 1737 2141 (α)
1771 2091 1783 2125 :
1815 2072 1947 2124 Θεο-

378 2156 550 2227 δώρου
577 2157 947 2227 Μοψουεστίας
977 2161 1040 2213 ἐκ
1071 2160 1176 2213 τῶν
1192 2161 1354 2230 Πρὸς
1378 2161 1484 2229 τὰς
1512 2164 1660 2218 κατὰ
1686 2179 1948 2232 χριστια-

379 2245 502 2300 νῶν
528 2249 882 2318 κατηγορίας
921 2251 1244 2304 Ἰουλιανοῦ
1287 2251 1394 2305 τοῦ
1441 2252 1783 2320 παραϐἁτου
1809 2272 1820 2282 ·
1865 2254 1950 2307 Ea:

381 2340 770 2391 commentariis
796 2338 1052 2393 Theodori
1080 2339 1432 2409 Mopsuesteni
1461 2345 1724 2400 adversus
1744 2343 1947 2398 Juliani

381 2429 679 2484 desertoris
705 2429 1120 2484 criminationes
1149 2431 1204 2484 in
1242 2431 1602 2488 Christianos.

454 2518 755 2587 Epistolam
823 2521 892 2573 ad
949 2519 1214 2575 Damnum
1280 2522 1462 2576 laudat
1512 2524 1835 2580 Anastasius
1896 2526 1947 2578 in

381 2611 568 2680 ecloge
596 2610 878 2678 Χρήσεων
904 2611 1275 2681 δογματικῶν
1303 2613 1388 2668 his
1416 2614 1595 2670 verbis
1626 2633 1638 2668 :
1674 2615 1949 2688 Θεοδώρου

382 2700 759 2769 Μοψουεστίας
805 2703 870 2754 ὲκ
901 2702 998 2771 τῆς
1033 2702 1169 2772 πρὸς
1197 2702 1398 2772 Δόμνον
1446 2704 1759 2776 ἐπιστολῆς·
1795 2707 1952 2762 Theo-

382 2794 502 2846 dori
541 2791 593 2845 Μ
603 2794 897 2860 opsuesteni
922 2808 988 2847 ea:
1014 2794 1238 2860 epistola
1261 2793 1329 2846 ad
1354 2793 1620 2848 Damnum
1649 2796 1744 2866 (b).

455 2883 753 2951 Epistolam
783 2885 854 2937 ad
901 2884 1197 2938 Artemium
1236 2886 1653 2941 Alexandrinum
1688 2889 1951 2960 presbyte-

385 2990 524 3027 rum.
551 2973 623 3027 Ex
665 2990 729 3028 ea
752 2976 945 3029 recitat
977 2975 1157 3044 aliqua
1192 2975 1482 3033 Facundus
1509 2979 1601 3032 lib.
1636 2996 1718 3044 ιιι,
1750 2995 1869 3049 cap.
1895 2981 1948 3034 3.

2045 525 2314 581 Theodori
2356 527 2695 597 paenitentis,
2741 526 2955 596 sibique
2995 526 3230 582 fortasse
3274 529 3526 598 permisit
3563 531 3620 584 in

2043 617 2145 670 viri
2177 616 2323 671 docti
2366 617 2578 687 lugubri
2617 618 3003 673 lamentatione
3041 617 3307 673 facundiae
3340 619 3621 689 [rigidita-

2041 717 2124 763 tes
2152 717 2206 763 et
2255 709 2498 778 leporum
2554 711 2807 779 ineptias.
2839 708 3040 763 Verum
3093 710 3250 764 sicuti
3292 709 3620 766 Theodorus

2042 802 2350 870 lacrymans
2381 800 2485 855 boc
2517 815 2655 870 opus
2695 798 2954 868 proludit,
2986 815 3161 870 neque
3209 801 3461 872 frigidum
3507 811 3616 865 est,

2044 905 2218 960 neque
2249 891 2510 959 ineptum,
2545 890 2639 945 sed
2669 898 2727 944 ut
2758 890 2889 944 illud
2922 887 3158 945 Savilius
3191 893 3473 961 politulum
3512 895 3622 948 vel—

2044 982 2115 1036 let
2146 990 2309 1050 atque
2347 982 2673 1047 limatulum,
2706 983 2785 1036 sic
2817 991 2963 1037 esset
3000 982 3160 1051 plane
3198 983 3516 1037 ridiculum.

2111 1071 2419 1141 At,inquit,
2481 1072 2816 1127 Sozomenus
2877 1073 3223 1126 Theodorum
3284 1073 3619 1144 πολυϊστορα

2045 1162 2214 1217 fuisse
2245 1164 2456 1225 scribit,
2496 1163 2632 1216 adde
2669 1166 2830 1238 etiam
2869 1164 3112 1234 ρητόρων
3147 1164 3346 1228 ἱκανῶς
3389 1167 3620 1235 ἐπιστή-

2047 1271 2202 1324 μονα.
2259 1254 2568 1323 Respondet
2620 1255 2955 1310 Alemannus
3001 1253 3362 1309 doctissime:
3415 1253 3616 1309 Verum

2046 1345 2349 1417 πολυῖστωρ
2406 1347 2730 1414 appellatur,
2763 1362 2870 1400 non
2908 1346 3178 1401 facundus
3227 1355 3282 1400 et
3324 1347 3616 1415 eloquens,

2046 1435 2139 1489 sed
2175 1435 2220 1489 is
2248 1435 2341 1504 qui
2396 1435 2590 1489 litteris
2619 1437 2805 1490 multis
2836 1436 3115 1506 przeditus,
3164 1450 3455 1504 rerumque
3493 1437 3621 1504 plu-

2047 1527 2186 1579 rium
2219 1541 2282 1579 ac
2314 1526 2463 1579 varia
2503 1525 2730 1581 scientia
2763 1526 2855 1589 sit,
2899 1534 2956 1580 ut
2984 1527 3048 1581 A.
3081 1525 3289 1581 Gellius
3315 1526 3390 1579 ait
3417 1525 3486 1580 de
3506 1525 3620 1595 Ap-

2047 1619 2206 1687 pione
2244 1626 2435 1672 vocato
2467 1617 2772 1688 πολυῖστωρ
2805 1618 3152 1689 (c).Cyrillus
3192 1627 3370 1673 autem
3404 1620 3620 1688 (contra

2044 1710 2160 1764 Jul.
2185 1711 2274 1763 lib.
2311 1726 2366 1773 χ,
2387 1726 2437 1779 p.
2457 1710 2604 1779 542),
2625 1719 2683 1762 ut
2699 1711 2991 1765 Clementis
3015 1709 3366 1764 Alexandrini
3385 1709 3618 1764 faculta-

2048 1807 2154 1854 tem
2185 1798 2424 1862 dicendi,
2464 1811 2517 1852 ct
2547 1798 2907 1853 eruditionem
2947 1801 3064 1854 suis
3095 1799 3406 1855 nominibus
3433 1801 3613 1869 expri-

2049 1898 2240 1954 meret,
2269 1890 2551 1960 ἐλλόγιμον
2580 1890 2730 1944 illum
2762 1891 2995 1955 vocavit,
3027 1898 3078 1944 et
3106 1889 3453 1960 πολυΐστορα,
3477 1905 3621 1958 quas

2047 1997 2208 2038 voces
2247 1981 2365 2051 ipse
2392 1982 2628 2051 explicat
2672 1982 2798 2035 alibi
2829 1982 2948 2050 (lib.
2982 1997 3078 2047 vn,
3109 1997 3163 2050 p.
3197 1981 3345 2051 231).
3383 1981 3620 2051 Κλήμης

2048 2073 2186 2145 ἀνὴρ
2222 2074 2504 2143 ἐλλόγιμος
2546 2075 2637 2126 καὶ
2683 2072 3017 2143 πολυμαθὴς,
3050 2073 3143 2126 καὶ
3179 2073 3623 2144 ἀναγνωσμάτων

2048 2163 2342 2234 ὲλληνικῶν
2405 2162 2936 2232 πολυπραγμονήσας
3003 2161 3182 2230 βάθος.
3245 2160 3428 2231 Neque
3489 2176 3623 2216 vero

2048 2253 2210 2308 etiam
2241 2254 2335 2322 qui
2374 2253 2430 2307 in
2481 2253 2793 2307 oratoribus
2843 2261 3092 2307 versatus
3118 2260 3222 2317 est,
3265 2260 3321 2306 et
3373 2267 3623 2306 summos

2050 2347 2297 2400 rhetores
2341 2344 2569 2411 audivit,
2608 2346 2683 2398 uti
2734 2343 3056 2399 Theodorus
3094 2343 3401 2408 Libanium,
3437 2343 3622 2398 statim

2048 2436 2308 2505 eloquens
2336 2435 2683 2504 disertusque
2713 2435 2902 2489 evasit.
2934 2432 3043 2488 Nec
3065 2434 3210 2488 enim
3238 2435 3328 2488 ille
3365 2442 3620 2487 naturam

2051 2528 2117 2582 ad
2140 2528 2192 2581 id
2225 2526 2686 2581 accommodatam
2715 2527 2927 2588 habuit,
2965 2540 3140 2594 neque
3176 2541 3353 2594 operae
3386 2526 3622 2594 pretium

2049 2621 2205 2674 duxit
2234 2634 2352 2673 eam
2386 2627 2504 2673 arte
2534 2619 2746 2682 limare,
2775 2626 2834 2670 ut
2865 2617 2918 2670 in
2943 2617 3060 2672 suis
3087 2617 3195 2671 illis
3229 2616 3622 2673 monumentis.

2049 2725 2171 2780 qua:
2211 2709 2468 2773 vidimus,
2514 2708 2674 2778 plane
2724 2707 2989 2762 declarat.
3025 2705 3280 2776 Legimus
3319 2720 3449 2759 vero
3474 2721 3626 2774 quae-

2049 2799 2174 2852 dam
2193 2799 2533 2852 diversorum
2563 2796 2682 2865 ejus
2710 2810 2932 2864 operum
2954 2794 3402 2865 ἁποσπασμάτια,
3421 2795 3628 2863 aliquot

2050 2888 2389 2958 psalmorum
2427 2887 2826 2952 enarrationes,
2866 2893 2920 2940 et
2971 2886 3210 2956 integros
3259 2888 3315 2939 in
3345 2886 3626 2954 prophetas

2051 2980 2278 3033 minores
2301 2978 2894 3046 commentarios,quos
2914 2977 3018 3032 nisi
3043 2976 3278 3032 Savilius
3298 2977 3349 3030 in
3371 2984 3625 3047 promptu

456 3063 753 3132 Epistolam
781 3065 848 3117 ad
868 3064 1131 3120 Joannem
1154 3066 1611 3138 Clirysostomum,
1641 3087 1747 3140 qua
1771 3072 1944 3144 Cbry-
1973 3081 2018 3140 α
2051 3072 2267 3136 habeat,
2296 3071 2547 3125 consulat
2581 3071 2634 3124 in
2665 3070 2847 3125 citatis
2883 3069 3016 3124 locis
3041 3067 3317 3133 Pbotium,
3349 3069 3442 3139 qui
3477 3069 3628 3138 ejus-

386 3156 734 3211 sostomianaa
769 3157 1061 3228 respondet
1097 3167 1216 3228 post
1244 3161 1474 3230 lapsum.
1501 3161 1654 3228 Quod
1686 3179 1809 3217 cum
1842 3180 1950 3218 non

388 3247 785 3303 intellexissent
837 3251 1222 3318 epitomatores
1257 3254 1576 3309 Gesneriaui
1635 3265 1947 3311 verterunt:

387 3337 755 3406 Antigramma
787 3349 974 3393 contra
1005 3327 1264 3394 Joannem
1315 3341 1764 3413 Clirysostomum.
1797 3348 1949 3401 Inve-

387 3429 647 3500 niturque
685 3445 789 3486 ms.
825 3433 1025 3501 passim
1065 3434 1119 3488 in
1152 3433 1501 3489 bibliothecis
1535 3434 1700 3491 Italia:
1726 3439 1827 3491 sub
1850 3437 1955 3492 hoc

387 3521 548 3575 titulo
577 3538 591 3575 :
627 3522 901 3592 Θεοδώρου
947 3522 1038 3578 τοῦ
1077 3525 1397 3588 ἐκπεσόντος
1435 3527 1788 3598 ἀντίγραμμα
1821 3525 1956 3598 πρὸς

388 3611 480 3665 τὸν
507 3612 564 3663 ὲν
589 3612 763 3679 ἁγίοις
792 3613 1004 3685 πατέρα
1034 3615 1191 3686 ἡμῶν
1237 3615 1489 3686 Ἰωάννην
1525 3616 1615 3669 τὸν
1649 3615 1954 3686 Χρυσόστο-

392 3720 521 3774 μον·
553 3705 804 3758 Theodori
844 3707 982 3773 lapsi
1023 3707 1289 3774 responsio
1321 3708 1389 3759 ad
1430 3707 1636 3761 litteras
1669 3707 1729 3762 S.
1763 3707 1831 3762 P.
1877 3708 1954 3765 Ν.

387 3792 615 3848 Joannis
649 3793 1030 3863 Chrysostomi.
1072 3794 1153 3858 P.,
1178 3796 1415 3850 Πάντοτε
1443 3799 1492 3850 oi
1527 3799 1584 3850 ὲν
1634 3799 1828 3862 εὐδίοις
1875 3802 1956 3853 λι⁹

393 3885 517 3953 μέσι
542 3884 911 3955 κομιζόμενοι.
948 3885 1015 3938 Et
1045 3900 1180 3941 sane
1219 3887 1622 3945 inconsiderate
1661 3891 1959 3960 loquuntur

390 3976 484 4044 qui
517 3976 725 4044 lapsura
759 3977 906 4030 hunc
939 3991 968 4029 a
1020 3976 1305 4030 Theodoro
1339 3978 1718 4046 Mopsuesteno
1770 3983 1959 4038 distin-

390 4075 582 4136 guunt,
619 4082 742 4120 cum
778 4081 922 4121 unus
974 4067 1225 4136 idemque
1277 4068 1368 4133 sit,
1409 4078 1462 4124 et
1511 4071 1696 4141 lapsus
1745 4075 1866 4139 iste,
1906 4085 1958 4130 et

393 4158 715 4213 Theodorus
765 4158 1202 4228 Mopsuestenus,
1243 4175 1454 4216 necnon
1503 4161 1819 4220 Theodorus
1852 4167 1962 4222 An-

394 4249 702 4314 tioehenus,
736 4251 879 4320 quod
912 4251 1158 4321 plerique
1205 4265 1327 4306 cum
1359 4268 1468 4307 non
1501 4265 1686 4311 essent
1719 4259 1960 4315 subodo-

392 4343 520 4406 rati,
569 4341 850 4397 diversum
901 4342 1099 4399 fecere.
1157 4343 1224 4396 Ει
1249 4344 1318 4399 de
1371 4346 1457 4401 his
1507 4350 1794 4415 postremis
1827 4351 1961 4407 satis

2054 3165 2174 3220 dem
2207 3163 2409 3232 aliquot
2451 3176 2616 3232 Opera
2647 3160 2794 3231 legit,
2829 3169 2992 3230 atque
3019 3161 3094 3214 ita
3142 3161 3354 3215 censuit
3385 3177 3398 3213 :
3430 3160 3540 3230 Τὴν
3565 3159 3628 3213 δὲ

2055 3254 2253 3325 φράσιν
2296 3253 2416 3305 οὐδὲ
2448 3251 2720 3322 λαμπρὸς,
2752 3250 2872 3304 οὐδὲ
2922 3250 3041 3302 λίαν
3081 3250 3286 3320 σαφής·
3315 3249 3631 3318 ταὺτολογεί

2053 3345 2110 3398 δὲ
2160 3344 2230 3397 τὰ
2271 3343 2519 3402 πλεῖστα,
2555 3343 2648 3395 καὶ
2692 3341 2887 3411 ἄχαρίς
2940 3357 3078 3404 πως,
3128 3341 3221 3394 καὶ
3273 3340 3442 3411 ἀηδὴς
3487 3336 3628 3396 εἶναι

2053 3435 2232 3488 δοκεῖ·
2266 3432 2450 3502 Stylus
2477 3433 2558 3486 illi
2589 3448 2749 3501 neque
2776 3430 2990 3495 nobilis,
3019 3447 3179 3500 neque
3201 3430 3482 3484 admodum
3510 3445 3630 3498 pcr-

2055 3529 2265 3596 spicuus
2319 3535 2419 3580 est.
2471 3524 2675 3578 Eadem
2718 3522 3003 3577 identidem
3054 3524 3259 3592 repetit,
3294 3533 3344 3576 et
3389 3524 3629 3592 ingratus

2057 3628 2212 3690 atque
2234 3617 2482 3671 molestus
2510 3615 2795 3686 legentibus
2817 3614 3032 3668 accidit.
3059 3613 3124 3667 Et
3148 3615 3275 3668 alibi
3299 3613 3442 3682 (cod.
3467 3614 3591 3684 ΓΠ)
3615 3633 3629 3668 :

2069 3709 2310 3780 Ἀσαφὴς
2341 3708 2398 3760 δέ
2430 3708 2567 3772 ἐστι,
2596 3705 2689 3759 καί
2717 3722 2798 3758 τοι
2831 3704 2974 3770 λέξει
3014 3705 3076 3757 οὐ
3107 3703 3384 3775 ξενιζούσῃ
3415 3704 3634 3775 χρώμεο

2057 3814 2164 3860 νος,
2203 3796 2339 3850 ἀλλὰ
2368 3795 2445 3866 τῷ
2480 3791 2834 3864 σχοινοτενέσι
2868 3792 3103 3863 χρῆσθαι
3130 3795 3194 3846 ὲκ
3238 3791 3330 3846 τοῦ
3358 3793 3452 3846 ἐπὶ
3479 3793 3630 3846 πλεῖ-

2060 3905 2182 3941 στον
2214 3885 2483 3956 περιόδοις
2527 3885 2619 3938 καὶ
2667 3883 3039 3954 παρεμϐολαῖς
3085 3883 3529 3953 ἁλλεπαλλήλοις,
3560 3883 3632 3936 δι’

2057 3972 2132 4032 ὧν
2159 3979 2254 4032 καὶ
2282 3979 2362 4041 εἰς
2391 3978 2649 4048 μήκιστον
2678 3977 2706 4028 ὁ
2733 3975 2857 4040 νοῦς
2895 3976 3236 4028 ἀποτείνεται
3269 3975 3374 4029 τῶν
3407 3992 3633 4047 προκει-

2064 4070 2263 4140 μένων,
2291 4067 2368 4138 τῷ
2391 4085 2448 4120 τε
2476 4067 2582 4119 τῶν
2623 4067 2900 4138 ὀνομάτων
2932 4069 3053 4129 ταῖς
3091 4066 3344 4134 πλαγίαις
3377 4066 3472 4120 καὶ
3515 4069 3634 4130 ταῖς

2065 4161 2377 4231 μετοχικαῖς
2404 4158 2580 4224 λέξεσι
2623 4157 2958 4221 πλεονάζειν,
2990 4157 3057 4211 τὰ
3095 4157 3234 4210 αὑτά
3264 4174 3325 4208 τε
3355 4156 3632 4222 πολλάκις,

2063 4252 2157 4306 καὶ
2184 4250 2316 4321 μηδὲ
2356 4250 2452 4303 σὺν
2483 4249 2671 4318 κόσμῳ
2705 4246 3120 4310 ὲπανακυκλεῖν,
3165 4247 3258 4299 καὶ
3295 4245 3394 4308 τὰς
3435 4247 3636 4299 ὲπανα-

2063 4343 2252 4414 λήψεις
2281 4340 2440 4394 πλέον
2478 4339 2585 4392 τῶν
2613 4339 2937 4409 διηγήσεων,
2968 4339 3102 4408 ὅπερ
3147 4336 3409 4408 ἁμέθοδον
3434 4353 3633 4390 παντε·

394 4435 717 4504 abundeque
745 4449 868 4490 esse
911 4436 1128 4490 videtur
1164 4437 1477 4506 conjectura
1517 4448 1570 4495 et
1613 4443 1854 4511 suSpicio
1881 4444 1953 4497 in-

2065 4433 2172 4496 λῶς
2194 4435 2311 4496 ταῖς
2358 4429 2708 4500 περιστάσεσι
2750 4427 3150 4499 μεμεστῶσθαι,
3184 4428 3278 4481 καὶ
3317 4430 3430 4491 τοῖς
3476 4426 3633 4481 τοιού-

395 4533 481 4579 ter
508 4525 643 4580 alios
677 4525 876 4580 Photii.
914 4527 1212 4596 Epistolam
1246 4528 1484 4587 Savilius
1521 4531 1572 4585 in
1607 4534 1958 4602 appendicem

396 4614 464 4668 ad
506 4630 670 4685 opera
725 4616 1099 4687 Cbrysostomi
1151 4619 1354 4681 retulit,
1413 4634 1647 4689 namque
1697 4626 1765 4675 ad
1819 4623 1963 4676 illam

396 4705 668 4772 pertinent
693 4705 802 4758 duo
834 4706 998 4761 libelli
1029 4705 1494 4776 Chrysostomiani
1545 4707 1700 4774 Πρὸς
1729 4709 1834 4762 τὸν
1867 4709 1966 4764 ἐκ·

395 4795 665 4848 πεσόντα
721 4796 827 4850 τοῦ
871 4796 1156 4864 ἐναρέτου
1200 4797 1364 4862 βίου.
1417 4796 1534 4852 Non
1595 4807 1774 4868 potest
1825 4816 1964 4865 esse,

397 4885 576 4954 inquit
623 4887 831 4955 rigidus
864 4902 928 4940 ac
971 4889 1200 4942 tetricus
1249 4903 1466 4953 censor,
1500 4888 1770 4945 Theodori
1814 4890 1969 4962 frigi-

397 4979 526 5032 dum
550 4979 652 5032 hoc
674 4981 912 5048 ineptum
935 4987 989 5034 et
1006 4995 1142 5048 pene
1165 4981 1455 5034 ridiculum
1481 4980 1781 5053 σύνταγμα,
1807 5000 1967 5054 quem

398 5069 738 5125 Sozomenus
773 5070 1100 5141 πολυΐστορα
1144 5071 1332 5136 fuisse,
1365 5081 1420 5128 et
1459 5073 1774 5131 liberalibus
1799 5076 1968 5132 disci-

397 5162 563 5231 plinis
591 5164 864 5216 excultum
895 5162 1166 5217 tradit.At
1197 5164 1357 5232 plane
1379 5164 1666 5219 ridiculum
1686 5180 1793 5220 non
1823 5181 1967 5234 esse,

399 5254 558 5309 ﬂetus
596 5255 714 5324 ipse
753 5262 808 5308 et
859 5255 1114 5326 lacrymaa
1159 5257 1360 5325 quibus
1411 5257 1616 5328 ubique
1650 5260 1968 5326 inundatur,

401 5362 512 5402 non
545 5349 770 5418 patitur.
799 5346 988 5404 Potius
1014 5347 1281 5405 ridiculus
1305 5358 1390 5406 est
1419 5349 1679 5419 Savilius,
1710 5362 1768 5408 ut
1795 5353 1973 5410 aiebat

473 5503 550 5575 (α)
585 5503 795 5575 Reapse
818 5521 884 5561 ex
912 5513 1106 5561 catena
1137 5507 1190 5560 in
1217 5504 1415 5560 Lucam
1445 5506 1650 5563 codicis
1682 5506 1798 5563 Pal.
1841 5508 1961 5564 Vat.

402 5571 724 5646 δηλαδή
770 5584 928 5631 aetate
967 5583 1155 5630 nostra
1197 5592 1293 5630 sex
1333 5591 1454 5646 qua:
1488 5577 1560 5630 ibi
1597 5585 1754 5632 erant
1803 5578 1968 5646 hujus

403 5646 584 5716 operis
613 5642 915 5716 fragmenta
932 5647 1016 5701 vir
1033 5646 1324 5715 perdoctus
1348 5645 1475 5702 Fed.
1499 5645 1808 5703 Muenterus
1833 5642 1968 5716 prae-

405 5715 489 5768 sul
524 5712 854 5770 Hafniensis.

478 5782 552 5852 (b)
596 5781 714 5839 Duo
741 5799 841 5841 nos
869 5783 1170 5854 fragmenta
1201 5785 1529 5855 protulimus
1561 5786 1615 5841 in
1643 5785 1839 5855 Script.
1871 5799 1972 5844 ret.

2059 4543 2171 4590 τοις
2211 4527 2311 4578 οὐκ
2341 4523 2511 4592 ὀλίγοι
2549 4522 2710 4590 ζόφον
2737 4521 2846 4575 τῶν
2873 4521 3034 4574 αὐτοῦ
3066 4521 3512 4593 συγγραμμάτων
3543 4538 3639 4572 χα-

2060 4615 2408 4681 τασκεδάζειο
2444 4615 2561 4670 Etsi
2592 4624 2762 4668 autem
2803 4613 3122 4668 dictionibus
3162 4623 3343 4667 utatur
3377 4630 3477 4667 non
3521 4614 3641 4667 inu-

2065 4712 2262 4776 sitatis,
2299 4709 2553 4764 obscurus
2590 4718 2765 4761 tamen
2799 4714 2923 4760 est:
2955 4716 3065 4758 tum
3103 4705 3229 4775 quia
3258 4714 3314 4757 ut
3351 4704 3637 4773 plurimum

2067 4802 2344 4857 immodice
2373 4801 2613 4870 prolixas
2647 4798 2798 4852 habet
2833 4798 3096 4866 periodos,
3132 4806 3180 4852 et
3215 4797 3639 4866 interpositiones

2073 4895 2306 4959 crebras,
2335 4909 2425 4964 per
2470 4909 2602 4963 quas
2655 4893 2816 4945 etiam
2847 4907 3030 4944 sensus
3065 4906 3223 4960 quam
3271 4888 3572 4959 longissime
3606 4907 3640 4943 α

2076 5005 2130 5043 re
2161 4987 2428 5056 proposita
2455 4982 2680 5047 recedit;
2711 4992 2821 5034 tum
2857 4982 3018 5035 etiam
3048 4982 3174 5050 quia
3207 4980 3477 5034 nominum
3505 4978 3642 5033 obli-

2074 5078 2190 5148 quis
2213 5092 2275 5130 ac
2299 5074 2590 5143 participiis
2614 5069 2894 5134 redundat,
2917 5079 2967 5124 et
2992 5086 3073 5124 res
3088 5068 3298 5124 easdem
3324 5069 3637 5139 frequenter,

2074 5184 2234 5239 neque
2266 5167 2321 5220 id
2353 5167 2486 5220 satis
2513 5173 2716 5226 ornate,
2748 5161 2906 5216 volvit
2928 5177 2990 5215 ac
3012 5161 3248 5225 revolvit,
3281 5171 3392 5213 tant
3422 5159 3641 5226 denique

2076 5265 2200 5334 quia
2211 5260 2445 5330 repetitio
2453 5275 2539 5313 nes
2552 5257 2695 5311 illius
2709 5255 3134 5326 pluribus,quam
3147 5255 3478 5308 narrationes
3491 5253 3638 5322 ipsae,

2077 5353 2214 5424 quod
2234 5352 2444 5407 omnino
2460 5350 2572 5405 sine
2585 5347 2824 5402 met/todo
2843 5348 2926 5416 ﬁt,
2946 5361 3121 5401 rerum
3141 5344 3409 5415 adjunctis
3436 5341 3641 5411 refertae

2071 5521 2221 5568 tomO
2244 5501 2589 5578 Y||,o,l’:_69:_
2654 5569 2685 5578 _
2802 5569 2835 5578 .,
3021 5575 3032 5578 _
3228 5565 3242 5578 .
3462 5563 3477 5578 .
3547 5563 3584 5578 ..

2247 5563 2400 5651 Gell;
2429 5573 2490 5637 V,
2528 5573 2615 5628 14.
2652 5569 2912 5651 Sequitur
2944 5575 3124 5651 autem
3154 5563 3644 5651 vulgaremhlectio-

2076 5637 2484 5707 nein'Allatius,
2543 5657 2643 5714 pro
2673 5637 3011 5709 Plistonices,
3063 5645 3124 5694 ut
3157 5637 3307 5696 nunc
3347 5637 3545 5708 legitur
3585 5637 3642 5690 in

2077 5719 2234 5778 Gellii
2270 5723 2546 5775 contextu.
