3804 6222
169 170 231 228 97

1366 169 1688 226 DIATRIBA
1727 173 1815 227 DE
1854 172 1941 227 ΤΗ
1952 174 2264 234 EODORIS.

3337 185 3412 243 98

166 289 296 343 sunt,
331 289 495 348 atque
532 278 590 332 ob
622 277 928 347 lmjusmodi
956 296 1146 334 causas
1180 296 1284 334 non
1332 297 1521 349 parum
1545 281 1731 337 obscu-
1761 290 1807 344 Λ
1837 293 1950 348 nat,
1975 286 2066 341 sed
2086 289 2253 341 etiam
2285 286 2509 344 fratrem
2540 287 2820 358 appellat?
2855 286 3073 347 Patrem
3104 306 3216 348 non
3243 293 3409 365 longo

162 370 334 424 ritatis
362 371 581 438 scriptis
609 370 722 437 ejus
756 371 1008 439 aspergit.
1043 370 1100 425 Si
1132 371 1235 426 hoc
1264 373 1430 442 igitur
1451 381 1534 427 est
1564 373 1734 427 Theo-

163 461 275 514 dori
322 459 550 516 dicendi
599 477 790 532 genus,
826 464 941 516 haec
972 462 1038 517 de
1077 478 1183 534 qua
1221 465 1433 534 agimus
1482 463 1729 533 epistola,

164 550 437 620 ipsissima
475 550 745 607 Theodori
766 563 849 608 cst
884 553 984 624 (a).

225 681 415 754 Pergit
455 684 697 741 Savilius
726 684 949 756 :Neque
996 687 1733 759 cujusquam,uIOpinor,il-

161 773 261 828 lius
286 773 473 829 artatis
509 790 632 829 esse
662 783 839 845 potest
888 776 992 832 hoc
1031 777 1335 848 σύνταγμα,
1366 793 1489 833 cum
1518 787 1570 833 et
1604 787 1734 836 tunc

158 871 209 915 et
235 864 449 931 aliquot
478 875 600 933 post
624 866 843 920 saeculis
856 866 1229 936 Chrysostomi
1257 883 1559 939 cognomen
1585 869 1735 939 igno-

160 959 270 1004 tum
306 953 487 1007 fuisse
530 953 805 1020 videatur,
864 965 924 1009 ut
965 971 1029 1010 ex
1077 957 1313 1028 Georgio
1358 959 1733 1016 Alexandrino

157 1041 245 1109 qui
286 1051 411 1111 post
449 1043 719 1100 ducentos
763 1045 1046 1099 minimum
1083 1062 1258 1104 annos
1291 1048 1443 1114 vixit,
1482 1059 1733 1107 constare

159 1142 357 1202 potest.
391 1135 513 1201 Qua
561 1144 719 1191 aetate
755 1139 999 1192 auditum
1025 1143 1095 1194 sit
1116 1140 1728 1212 nomenChrysostomi,

162 1224 336 1279 fusius
359 1227 494 1281 alibi
523 1228 781 1292 diximus,
816 1229 1002 1284 subdit
1032 1232 1393 1296 Alamannus,
1428 1242 1486 1286 ut
1516 1234 1607 1287 hic
1645 1251 1731 1289 re-

161 1324 341 1384 petere
382 1333 528 1387 opus
562 1334 668 1373 non
711 1320 803 1374 sit.
833 1322 1099 1377 Addimus
1138 1321 1208 1377 ad
1247 1323 1339 1376 illa
1363 1325 1526 1379 modo
1562 1327 1678 1381 haec
1714 1345 1727 1381 :

160 1404 305 1460 Licet
335 1406 764 1478 Chrysostomus
797 1417 1088 1480 antequam
1128 1411 1183 1465 in
1224 1413 1580 1470 solitudinem
1633 1430 1729 1469 ve-

157 1501 315 1564 niret,
346 1515 496 1569 szepe
534 1516 644 1555 sua:
676 1502 1002 1571 eloquentia:
1035 1505 1315 1574 specimen
1357 1507 1613 1572 ediderit,
1672 1516 1732 1563 ut

160 1590 209 1641 in
245 1589 334 1642 illa
389 1590 468 1643 De
521 1588 887 1644 Valentiniano
936 1594 1259 1660 imperatore
1296 1595 1511 1664 ejusque
1554 1598 1730 1653 liberis
1762 1607 1805 1661 Β

157 1680 424 1744 oratione,
455 1696 620 1754 quam
644 1680 907 1737 Libanius
928 1690 1012 1738 est
1043 1684 1367 1752 admiratus,
1394 1695 1573 1741 tamen
1600 1704 1727 1757 pro-

157 1770 275 1835 pius
307 1769 372 1822 ad
403 1770 691 1824 veritatem
727 1770 959 1836 accedit,
993 1780 1054 1826 ut
1085 1774 1432 1842 postmodum
1471 1776 1564 1829 illa
1587 1777 1729 1828 ἐπω-

156 1859 316 1927 νυμία
332 1859 458 1912 data
488 1858 875 1929 Chrysostomo
910 1860 1002 1914 sit.
1036 1860 1100 1915 Et
1125 1863 1299 1931 primo
1330 1863 1415 1917 vel
1447 1865 1515 1919 ab
1537 1865 1726 1918 Antiu-

159 1950 365 2012 chenis,
391 1959 451 2003 ut
474 1948 872 2018 Metapbrastes
895 1950 993 2013 ait,
1032 1952 1118 2006 vel
1147 1966 1177 2003 a
1200 1950 1520 2022 Byzantinis
1549 1953 1725 2007 eidem

157 2041 532 2101 concionanti,
573 2048 682 2094 tam
716 2040 1014 2095 honorifice
1042 2042 1113 2096 sit
1138 2043 1519 2097 acclamatum.
1545 2043 1726 2097 Theo-

160 2132 321 2186 dorus
354 2147 485 2185 vero
510 2131 731 2200 scripsit
764 2129 830 2183 ad
867 2131 1319 2202 Chrysostomum
1364 2133 1492 2187 dum
1547 2134 1725 2188 adhuc

159 2224 210 2276 in
238 2223 542 2278 solitudine
588 2232 923 2278 versaretur.
996 2223 1181 2278 Codex
1237 2240 1368 2279 vero
1429 2225 1725 2280 Vaticanus

161 2312 381 2376 DLXVI,
433 2329 500 2367 cx
548 2329 658 2382 quo
696 2315 935 2369 Savilius
980 2315 1312 2385 descriptam
1359 2316 1552 2370 habuit
1583 2318 1725 2371 hanc

159 2401 423 2459 Theodori
456 2405 773 2474 epistolam,
832 2407 1196 2476 perantiquus
1234 2415 1339 2471 est,
1375 2408 1470 2464 sed
1528 2423 1723 2464 nomen

160 2498 526 2568 Chrysostomi
586 2498 805 2551 admisit
870 2514 934 2551 ex
997 2498 1278 2566 margine;
1335 2513 1457 2551 nam
1507 2498 1724 2554 codices

161 2586 382 2648 DLXIX.
440 2601 499 2643 et
535 2586 869 2651 MCCCCLV,
921 2603 1041 2642 eam
1096 2586 1442 2657 παρενθήκην
1481 2604 1590 2642 non
1624 2589 1723 2642 lia-

163 2679 301 2732 bent.
333 2679 437 2744 Qui
485 2680 646 2734 sicuti
699 2678 928 2733 Joannis
962 2677 1246 2747 ἐπωνυμίᾳ
1296 2693 1402 2731 non
1455 2678 1719 2742 ofﬁciunt,

162 2769 237 2822 sic
284 2771 373 2823 ille
426 2771 580 2840 prior
616 2768 821 2823 Savilio
872 2767 1006 2821 nihil
1066 2768 1226 2836 plane
1266 2766 1594 2838 suflragatur
1655 2770 1722 2823 ad

164 2857 421 2915 Theodori
454 2858 743 2929 epistolam
779 2859 1081 2926 impostura
1119 2856 1438 2910 notandam.

228 2996 393 3048 Aliam
453 2997 817 3065 imposturam
872 2992 1152 3046 observat.
1206 2990 1366 3041 Circa
1401 2988 1587 3051 finem,
1637 2990 1723 3043 in-

169 3090 294 3159 quit,
324 3089 617 3157 compellat
645 3086 1095 3155 Chrysostomum
1128 3093 1352 3150 patrem,
1377 3091 1724 3149 cumtamen,

170 3180 262 3233 nisi
307 3178 491 3242 fallor,
545 3177 766 3246 juvenis
808 3176 1233 3246 Chrysostomus
1284 3174 1350 3227 ad
1378 3173 1725 3229 Theodorum

170 3270 278 3322 sine
322 3270 471 3323 lubio
502 3268 784 3337 juvenem,
819 3265 1001 3334 utqui
1047 3263 1285 3318 nondum
1335 3265 1590 3334 attigerat
1632 3280 1725 3318 an-

168 3376 284 3412 nuin
313 3360 494 3414 astatis
519 3374 632 3414 sua:
665 3356 1004 3415 vicesimum,
1066 3353 1375 3423 scripserit.
1428 3352 1521 3408 Sic
1575 3357 1721 3408 enim

169 3453 436 3521 compellat
466 3449 788 3504 Theodorus
820 3466 832 3500 :
857 3446 1244 3513 Θεοφιλέστατε
1274 3443 1468 3512 ἁδελφὲ
1496 3445 1590 3498 καὶ
1616 3445 1720 3498 πά·-

166 3556 252 3612 τερ
269 3558 281 3571 ⁸
306 3543 397 3595 καὶ
424 3541 537 3609 γὰρ
564 3539 639 3602 ὡς
666 3538 878 3608 πατέρα
903 3535 1319 3606 ἐπιγράφεσθαι,
1352 3536 1443 3587 καὶ
1470 3535 1546 3597 ὡς
1572 3536 1724 3588 ἀδελ‹

171 3630 247 3700 φῷ
274 3632 338 3684 τὰ
365 3631 630 3702 πρεσϐεῖα
660 3628 860 3690 δοῦναι,
892 3627 1140 3679 οὐδέποτε
1173 3623 1536 3695 ἁμφέὅαλλον.
1569 3624 1633 3678 Ει
1656 3626 1722 3679 de

168 3722 347 3784 sodali,
385 3733 437 3777 et
468 3730 730 3776 coetaneo
761 3735 861 3773 suo
892 3718 1151 3771 Libanius
1186 3718 1237 3770 iu
1272 3717 1411 3769 libro
1446 3716 1585 3783 Περὶ
1612 3715 1721 3783 τῆς

169 3810 365 3865 ἑαυτοῦ
402 3814 594 3877 τύχης
650 3811 731 3863 sic
774 3808 981 3861 habet:
1016 3806 1301 3876 Κρισπίνῳ
1349 3806 1493 3875 μάλα
1550 3805 1721 3875 ἐχρώ-

174 3918 264 3969 μην
283 3901 925 3970 Ἡρακλεώτῃνεανίσκῳ,
942 3898 999 3960 ὃς
1028 3896 1316 3967 ἡλικιώτης
1338 3895 1413 3948 ὣν
1434 3895 1583 3965 ἐμὸς,
1616 3912 1719 3947 πα-

172 3994 288 4061 τέρα
316 4010 377 4061 με
404 3992 543 4062 ᾤετο
575 3990 866 4061 προσορᾷν,
890 3991 999 4049 τοῖς
1029 3989 1181 4056 ἐμοῖς
1209 3986 1392 4054 νόμοις
1425 3986 1482 4036 ὲν
1511 3984 1717 4053 μείζοσι

172 4086 254 4136 καὶ
281 4084 516 4137 ἐλάττοσι
544 4081 881 4150 πειθόμενος.
923 4076 1063 4141 Quid
1082 4092 1211 4146 ergo
1243 4077 1439 4129 mirum
1473 4076 1516 4127 si
1540 4073 1718 4129 Theo-

172 4174 322 4228 dorus
348 4176 795 4245 Chrysostomum
844 4184 951 4223 non
998 4169 1250 4222 absolute
1297 4176 1496 4234 patrem
1536 4166 1715 4220 nomi-

1833 378 2008 430 mtatis
2069 392 2381 447 progressu,
2431 378 2526 434 sed
2586 380 2923 447 maturitate,
2972 382 3287 453 prudentia,
3351 394 3409 439 et

1834 468 2101 533 consilio;
2151 484 2331 538 neque
2403 471 2550 526 enim
2605 473 2774 527 semel
2826 479 3011 543 partes
3066 473 3177 543 egit
3235 475 3409 543 patris

1832 559 1974 628 apud
2031 559 2373 615 Theodorum
2425 561 2863 633 Chrysostomus,
2911 574 2964 619 et
3022 579 3145 618 cum
3210 565 3277 618 ad
3326 566 3411 619 vi-

1831 657 1899 704 ta:
1953 652 2268 707 monasticae
2314 653 2627 708 institutum
2673 654 3085 724 suscipiendum
3119 655 3326 718 allexit,
3347 662 3409 711 ut

1833 748 2061 795 narrant
2096 739 2352 797 Socrates
2382 751 2437 797 et
2481 743 2837 809 Sozomenus,
2876 752 3080 798 etcum
3112 746 3274 800 ambo
3308 745 3409 799 adv

1834 830 1941 886 huc
1973 833 2125 901 pueri
2162 832 2446 888 Libanium
2490 833 2716 889 Athenis
2765 834 3082 899 audiebant,
3108 835 3269 906 ἡνίκα
3323 852 3405 889 σοι

1833 922 2001 976 πολλὰ
2027 924 2301 993 παρῄνουν
2330 925 2409 987 εἰς
2436 926 2661 994 μουσεῖα
2689 926 2963 994 φοιτῶντι.
3003 925 3161 991 Cum,
3202 926 3402 995 inquit,

1832 1014 2004 1065 multa
2039 1021 2087 1066 te
2123 1014 2467 1067 admonebant
2500 1016 2554 1068 in
2590 1015 2771 1069 ludum
2793 1017 3109 1071 litterarium
3140 1019 3403 1071 ventitan-

1835 1112 1955 1157 tem.
1999 1101 2172 1172 llujus
2206 1119 2336 1158 vero
2380 1105 2599 1175 generis
2626 1106 3016 1174 admonitores,
3067 1109 3161 1179 qui
3204 1110 3287 1164 vel
3331 1109 3402 1163 ad

1833 1195 2113 1249 meliorem
2168 1194 2378 1265 frugem
2414 1198 2551 1252 alios
2598 1208 2945 1264 revocarent,
2992 1201 3077 1255 vel
3114 1201 3399 1272 religionis

1831 1285 2083 1344 doctrina
2123 1286 2427 1350 erudirent,
2486 1288 2701 1343 etiamsi
2753 1289 2879 1343 laici
2928 1290 3140 1345 ordinis
3190 1299 3400 1357 essent,

1832 1385 2018 1447 patres
2057 1386 2285 1434 vocatos
2332 1394 2497 1435 nemo
2539 1381 2793 1436 eruditus
2841 1381 3075 1452 ignorat.
3126 1381 3400 1438 Caesarius

1832 1467 2082 1537 Gregorii
2113 1467 2444 1523 Nazianzeni
2481 1469 2823 1536 frater,licet
2852 1471 3103 1526 instituto
3126 1472 3397 1537 medicus,

1833 1565 1888 1612 et
1915 1557 2090 1612 ollicio
2119 1567 2379 1627 quaestor,
2412 1559 2479 1613 ab
2508 1560 2703 1614 amicis
2742 1575 2881 1629 quos
2913 1562 2968 1614 in
3009 1561 3227 1631 dialogo
3262 1563 3400 1616 allo-

1833 1647 2021 1717 quitur
2055 1661 2199 1716 secpe
2236 1647 2418 1720 πατὴρ
2459 1648 2767 1716 φιλότεκνος
2817 1649 3107 1715 salutatur,
3142 1650 3397 1718 quoniam

1830 1747 1889 1791 ut
1918 1736 2173 1792 Clemens
2203 1738 2602 1793 Alexandrinus
2631 1738 2687 1793 in
2718 1740 2896 1809 primo
2933 1739 3264 1794 Stramatum
3298 1741 3397 1800 ait.

1828 1829 2025 1881 αὐτίκα
2058 1830 2297 1896 πατέρας
2345 1830 2469 1893 τοὺς
2505 1832 2923 1901 κατηχήσαντας
2964 1832 3164 1902 φαμέν,
3216 1833 3398 1885 statim

1827 1934 1914 1971 eos
1934 1926 2111 1985 patres
2158 1919 2509 1987 appellamus,
2546 1937 2577 1973 a
2612 1921 2799 1989 quibus
2823 1920 3069 1974 doctrina
3096 1920 3285 1974 imbuti
3309 1938 3399 1975 su-

1829 2024 1964 2062 mus.
1994 2008 2056 2061 Et
2097 2009 2210 2071 υἱὸς
2243 2011 2350 2072 πᾶς
2396 2010 2423 2062 ὁ
2466 2010 2871 2080 παιδευόμενος,
2900 2019 2960 2065 ιιι
3002 2012 3143 2065 idem
3186 2012 3393 2075 subdit,

1826 2097 1972 2162 ﬁlius
2001 2108 2075 2151 est
2101 2100 2390 2168 quicunque
2412 2100 2726 2163 instituitur,
2759 2101 2812 2153 id
2843 2108 2924 2155 est
2958 2101 3154 2155 merito
3183 2116 3396 2155 nuncu-

1827 2192 2005 2254 patur.
2046 2183 2307 2255 Origenes
2345 2186 2608 2256 Gregorio
2665 2186 3097 2243 Neocaasariensi
3150 2189 3396 2243 scribere

1826 2285 2209 2341 consueverat,
2254 2285 2313 2331 ut
2349 2286 2433 2331 est
2468 2279 2521 2331 in
2566 2277 2868 2332 Philocalia
2900 2294 3021 2348 cap.
3081 2281 3185 2334 l5:
3222 2281 3394 2350 Χαῖρε

1826 2368 1882 2418 ἐν
1911 2365 2047 2436 Θεῷ,
2089 2367 2243 2438 κύριε
2280 2385 2380 2437 μου
2418 2369 2818 2433 σπουδαιότατε,
2874 2370 2967 2424 καὶ
3006 2370 3393 2440 αἰδεσιμὼτατε

1826 2458 1909 2509 υἱὲ
1939 2458 2222 2527 Γρηγόριε,
2251 2458 2400 2529 παρὰ
2434 2459 2757 2529 Ὠριγένους.
2796 2458 2965 2515 Vocat
3011 2461 3227 2530 quidem
3295 2461 3395 2514 uti-

1829 2564 1943 2619 ριον
1978 2550 2049 2603 ob
2080 2551 2298 2617 generis
2330 2550 2693 2615 nobilitatem,
2754 2551 2868 2603 υἱόν
2894 2566 3025 2606 vero
3063 2552 3136 2606 ob
3170 2554 3393 2607 institu-

1826 2638 2055 2692 tionem.
2088 2636 2356 2693 Paulinus
2394 2639 2741 2695 Christianus
2800 2640 2874 2709 (ὁ)
2912 2642 3160 2698 Ausonio
3201 2644 3391 2714 gentili

1826 2729 1898 2783 ita
1932 2729 2123 2784 scribit
2159 2745 2175 2783 :
3408 2752 3433 2773 κ

1933 2842 2087 2915 Hanc
2113 2860 2231 2896 cum
2269 2852 2440 2899 tenere
2468 2846 2743 2909 discimus,
2778 2863 3057 2915 possumus
3088 2848 3181 2902 tibi

2003 2912 2125 2965 Non
2162 2915 2421 2979 exhibere,
2469 2915 2524 2967 id
2551 2926 2629 2968 est
2666 2912 2830 2983 patri,

1930 2982 2029 3036 Cui
2051 2994 2240 3035 cuncta
2279 2993 2466 3037 sancta
2478 2984 2604 3051 jure
2636 2982 2800 3038 chara
2832 2989 3049 3041 nomina

1999 3051 2198 3104 Debere
2240 3068 2320 3105 me
2361 3052 2523 3105 voluit
2559 3053 2741 3109 Deus?

1935 3120 2050 3191 Tibi
2088 3120 2422 3188 disciplinas,
2454 3121 2785 3190 dignitatem,
2842 3125 3072 3191 litteras,

1998 3189 2240 3258 Linguce,
2273 3199 2426 3258 togas,
2456 3189 2616 3258 fama:
2643 3193 2825 3253 decus,

1934 3259 2242 3329 Provectus,
2273 3261 2436 3322 altus,
2465 3261 2739 3313 institutus
2769 3262 2950 3329 debeo,

2000 3328 2250 3392 Patrone,
2292 3339 2597 3398 prazceptor,
2626 3341 2794 3399 pater.

1821 3445 2285 3523 Quemadmodum
2310 3447 2475 3499 παῖδα
2506 3444 2874 3511 Timotheum,
2907 3447 2975 3503 ad
3003 3464 3161 3518 quem
3185 3450 3387 3524 Diony-

1822 3538 1936 3589 sius
1966 3536 2310 3605 Are0pagita,
2342 3545 2520 3590 vocat.
2559 3537 2663 3592 Sed
2701 3538 3129 3608 Chrysostomus
3157 3543 3211 3596 in
3241 3547 3385 3600 exsi-

1823 3625 1953 3677 lium
1983 3624 2356 3692 proficiscens,
2390 3626 2655 3695 singulari
2686 3628 2970 3682 charitatis
2995 3629 3382 3700 declaratiune,

1821 3731 1959 3786 quos
1986 3717 2150 3770 etiam
2191 3731 2283 3784 per
2307 3716 2661 3789 Evangelium
2682 3727 2946 3788 genuerat
2975 3719 3199 3776 Christo
3220 3725 3381 3789 filios,

1820 3813 2002 3876 patres
2030 3805 2163 3859 dicit
2192 3824 2205 3859 ι
2250 3806 2344 3858 ’Ἑν
2373 3807 2533 3876 σῶμά
2555 3808 2741 3876 ἐσμεν,
2775 3808 2833 3859 οὐ
2866 3808 3025 3878 σῶμα
3038 3812 3297 3882 κεφαλῆς,
3320 3816 3384 3868 οὐ

1819 3894 2029 3965 κεφαλὴ
2060 3894 2309 3966 σώματος
2359 3898 2684 3967 χωρίζεται·
2722 3898 3067 3969 διειργόμεθα
3109 3901 3187 3971 τῷ
3211 3905 3381 3974 τόπῳ,

1817 3985 1929 4037 ἀλλ’
1949 3983 2215 4053 ὲνούμεθα
2247 3987 2312 4054 τῇ
2343 3985 2529 4054 ἀγάπῃ
2550 4002 2561 4013 ·
2601 3985 2721 4037 οὐδὲ
2754 3986 2984 4049 Θάνατος
3012 3987 3263 4057 διακόψαι
3289 3991 3384 4043 δυ-

1818 4076 2068 4144 νήσεται·
2106 4074 2210 4127 κᾶν
2236 4075 2345 4144 γὰρ
2376 4074 2621 4146 ἀποθάνῃ
2653 4092 2752 4144 μου
2782 4075 2841 4127 τὸ
2864 4076 3040 4146 σῶμα,
3064 4077 3183 4148 ζῇή
3213 4080 3381 4152 ψυχὴ,

1818 4164 1912 4217 καὶ
1947 4164 2217 4235 μέμνηται
2248 4164 2341 4217 τοῦ
2374 4165 2543 4234 δήμου
2564 4181 2578 4195 ·
2619 4165 2775 4234 ὑμεῖς
2813 4166 2935 4235 ἐμοὶ
2968 4168 3224 4237 πατέρες.
3255 4170 3380 4233 Πῶς

234 4347 299 4415 (a)
330 4348 534 4404 Recusa
582 4347 682 4400 fuit
729 4345 843 4399 haec
878 4338 1148 4415 Theodori
1193 4338 1327 4415 lapsi
1372 4337 1605 4415 epistola
1647 4337 1700 4390 in
1734 4340 1779 4396 D
1807 4335 1918 4415 Ego
1946 4352 2077 4392 vero
2113 4339 2563 4415 observo,_etiam_
2585 4341 2716 4415 ilhid
2746 4341 2801 4415 in_
2831 4342 3061 4415 epistola
3085 4344 3394 4415 recitatum.

175 4409 389 4488 usuum
428 4416 805 4488 Cln'ysostomi
833 4413 1099 4488 _editione
1129 4420 1181 4488 ιτ.
1220 4410 1259 4471 l,
1294 4424 1345 4488 p_.
1382 4409 1483 4488 801.
1525 4422 1701 4488 seqq.

172 4478 274 4537 lam
310 4502 430 4540 vero
478 4478 937 4543 Mdntfauconius,
986 4496 1092 4549 qua
1129 4480 1375 4531 libertate
1407 4478 1562 4537 solet,
1616 4478 1702 4528 in-

175 4563 469 4612 cunctanter
511 4570 630 4610 eant
676 4562 734 4606 ut
758 4552 979 4625 _ins_u_|_si
1031 4549 1262 4625 Graeculi
1331 4552 1700 4625 commentum

176 4623 387 4687 damnat,
438 4634 602 4694 atque
662 4625 717 4694 in
753 4621 940 4694 Savilii
986 4617 1310 4673 sententiam
1370 4614 1598 4694 pedibus
1635 4615 1696 4694 it,

176 4696 272 4764 tum
315 4684 529 4764 propter
564 4693 711 4761 styli,
766 4698 824 4745 ut
852 4692 953 4764 ait,
1000 4702 1189 4764 genus,
1224 4684 1448 4764 μαι-91)
1478 4685 1601 4737 illos
1646 4692 1700 4735 et

178 4754 505 4833 tlhrys'ostémi
536 4772 591 4817 et
619 4754 788 4833 patris
826 4754 1034 4818 titulos,
1076 4757 1169 4833 qui
1194 4754 1432 4833 _Saviliq
1468 4767 1725 4820 scrupu-p

178 4821 401 4898 lum'non
438 4821 710 4887 immerito
746 4832 1073 4898 injecerunt.
1093 4821 1246 4898 Nolo
1273 4821 1533 4898 equidem‘
1566 4836 1697 4887 apo-

178 4896 346 4973 logiam
387 4904 548 4971 hujus
578 4901 765 4973 scripti
802 4888 996 4973 'agere,
1042 4888 1338 4973 _sed.cer'te'
1364 4888 1698 4973 Montfauco-

180 4959 284 5041 nilis
333 4972 374 5025 si
404 4959 543 5025 hanc
586 4959 1077 5041 ineditam'Allatii
1117 4963 1404 5041 diatribam
1444 4959 1689 5041 vidiSSfl.

180 5036 338 5093 mitius
369 5041 595 5094 fortasse
632 5055 696 5093 ac
745 5035 1098 5105 temperatius
1127 5031 1392 5105 judicium
1440 5029 1693 5105 protulis-

181 5106 405 5179 set._Nam
438 5112 580 5179 quod
629 5097 909 5179 attinetad
939 5097 1297 5179 Chrysastomi
1346 5097 1688 5179 vocabulum,

180 5175 345 5247 probat
376 5166 603 5233 All'atius
638 5192 763 5231 sero
792 5176 850 5247 id
884 5174 939 5227 in
971 5166 1252 5247 codicibus
1284 5168 1535 5247 epistolae
1563 5166 1691 5220 huic

180 5237 325 5299 fuisse
351 5249 589 5302 additum
618 5265 633 5311 ;
662 5246 826 5314 patris
854 5259 984 5298 vero
1014 5242 1227 5295 titulum
1254 5237 1445 5314 morali
1471 5237 1686 5301 latoque

182 5316 360 5385 lentum
385 5333 546 5371 sensu
567 5318 689 5385 poni
718 5330 748 5367 a
779 5313 1086 5385 Theodoro,
1125 5314 1271 5385 patet
1305 5322 1371 5385 ex
1400 5313 1520 5371 ejus
1564 5319 1688 5385 ver-

182 5374 251 5453 bis
273 5384 398 5453 circa
421 5374 601 5451 ﬁneni,
634 5384 827 5451 ἀδελφὲ
865 5384 957 5435 καὶ
986 5374 1202 5453 πάτερ,-
1215 5376 1381 5444 frater
1417 5390 1478 5425 ac
1514 5383 1682 5453 pater.

182 5442 292 5522 15am
335 5442 646 5510 Theodorus
711 5442 917 5522 patrem
945 5442 1139 5522 simul
1181 5442 1508 5522 fratremque
1554 5442 1686 5494 dicit

183 5513 609 5588 Chrysoslomum,
650 5513 792 5593 qu'od
831 5521 904 5593 de
940 5520 1135 5593 juvene
1177 5528 1390 5583 quoque
1432 5515 1685 5593 beneque-

186 5581 311 5645 reut'e
331 5603 377 5648 et
430 5581 640 5650 amante
667 5581 805 5661 'apte
854 5581 962 5645 dici
1013 5581 1386 5660 possm—nemo
1442 5581 1680 5650 negabit.

1801 4405 1951 4460 lana:
1982 4410 2309 4475 exemplum.
2336 4409 2425 4461 ubi
2456 4408 2589 4464 dicit
2618 4405 2939 4464 Theodorus
2961 4430 2974 4464 :
2994 4411 3127 4464 Οὔτε
3157 4413 3212 4465 δὲ
3237 4416 3379 4467 ὲκεί-

1800 4492 1888 4554 νρς
1910 4476 2013 4554 διὰ.
2037 4477 2458 4554 μιςανθριωπίαν,
2497 4478 2757 4554 ἐλυπῄθηᾼ,
2781 4479 2895 4554 αλλ’
2921 4480 3256 4554 ὲκινᾷύνερεε
3301 4484 3376 4554 μὴ

1798 4544 2353 4617 τῆςηφιλανθρωπίρις
2394 4546 2577 4615 μέρος,
2627 4544 2877 4617 διαϐολὴν
2927 4549 3067 4617 κατά
3101 4551 3193 4603 τοῦ
3237 4544 3376 4604 ἀπο-ἶ

1799 4613 2210 4688 στείᾉαντοςῌὼς
2252 4613 2487 4688 spatiosos}
2529 4613 2864 4688 ἐργάσηταὺ
2909 4616 3091 4687 Neque
3134 4636 3253 4674 vero
3286 4621 3377 4675 ille

1796 4682 1934 4749 quod
1965 4684 2083 4756 odio
2118 4684 2351 4756 homines
2375 4682 2586 4756 haberet
2608 4682 2875 4749 indoluit,
2921 4682 3015 4741 sed
3038 4690 3374 4756 periclitatus

1795 4759 1873 4802 est
1904 4767 1967 4804 ne
1991 4752 2320 4805 clementiam
2362 4755 2618 4809 mittentis
2651 4772 2724 4821 se,
2779 4757 2835 4807 in
2874 4752 3069 4810 crimen
3114 4759 3374 4813 mendacii

1799 4829 2052 4891 perterget;
2100 4822 2280 4884 locus,
2320 4823 2564 4891 inquam,
2604 4826 2690 4879 hic
2728 4840 2836 4877 non
2867 4827 3024 4879 valde
3069 4828 3276 4882 abludit
3306 4830 3378 4884 ab

1797 4889 1893 4942 illo
1923 4888 2202 4962 Theodori
2218 4893 2276 4962 in
2306 4888 2545 4962 genuino
2586 4893 2653 4947 ad
2700 4892 2900 4949 Jonam
2949 4899 3367 4962 commentario,

1796 4973 1956 5033 quem
1985 4975 2083 5014 nos
2114 4960 2411 5033 edidimus
2453 4961 2600 5033 (Jon.
2650 4979 2735 5033 tv,
2780 4963 2858 5033 2),
2910 4964 2990 5017 ὅτι
3024 4981 3081 5017 τε
3123 4960 3373 5019 ἐντεῦθεν

1794 5027 1940 5100 αὐτῷ
1972 5028 2253 5100 περιέσται
2282 5029 2341 5100 τὲ
2367 5030 2601 5097 ψεύστου
2641 5032 2784 5095 τινὸς
2818 5027 2920 5085 ’καὶ
2951 5034 3263 5097 ἀπατεῶνος
3292 5036 3373 5088 δό-

1797 5095 1890 5171 ξαν
1915 5095 2120 5153 λαϐεῖν’
2145 5095 2442 5171 s_e_fallacis
2462 5102 2691 5155 hominis
2735 5117 2798 5153 ac
2839 5102 3129 5170 deceptoris
3163 5095 3367 5171 famam

1794 5165 2129 5239 adepturum.
2166 5165 2291 5222 Haec
2328 5170 2565 5225 breviter
2597 5171 2844 5225 exercitii
2877 5165 3054 5239 gratia
3088 5165 3366 5228 disserere

1792 5235 1973 5308 libuit,
2007 5238 2080 5291 ita
2133 5246 2314 5292 tamen
2347 5246 2406 5292 ut
2441 5240 2585 5294 litem
2642 5241 2747 5294 sub
2779 5235 2965 5308 judice
3013 5242 3250 5298 libenter
3278 5258 3369 5297 re-

1795 5304 2295 5444 llztbgallgeditione
2332 5376 2609 5432 Muratorii
2636 5394 2804 5444 poem.
2842 5376 2910 5443 X,
2952 5378 3040 5431 '79.
3074 5378 3190 5434 Jam
3230 5396 3363 5436 vero

1792 5441 1857 5493 ad
1896 5442 2035 5497 hanc
2060 5445 2353 5499 editionem
2396 5456 2536 5501 nota:
2589 5441 2722 5501 mihi
2772 5441 2905 5502 sunt
2942 5445 3048 5502 Viti
3087 5450 3366 5505 Juvenatii

1790 5510 1890 5633 vir}
1912 5512 1980 5564 cl.
2006 5528 2137 5636 Ἦεε.
2170 5516 2547 5573 adnotationes
2566 5516 2738 5572 doctae
2761 5530 2824 5570 ac
2844 5532 3110 5587 perquam
3136 5536 3360 5587 severa,

1790 5595 1817 5634 e
1896 5594 1994 5636 uce
2063 5598 2220 5636 lanae.

1788 5594 1841 5634 et
1875 5594 1994 5638 luce
2025 5594 2220 5653 dignae.
