3804 6222
315 169 388 226 99
1585 160 1676 215 EX
1709 155 1960 214 LEONIS
1997 157 2272 213 ALLATII

3473 157 3588 213 {30

319 281 477 352 ὑμῶν
539 277 774 349 δύναμαι
800 276 1196 342 ὲπιλαθέσθαι;
1251 276 1442 347 Ὑμεῖς
1481 275 1605 345 ἐμοὶ
1630 277 1887 344 πατέρες,
1918 274 1937 328 l

2046 279 2226 322 nerunt
2248 267 2502 338 exemplis
2525 307 2541 333 ,
2572 275 2689 323 erat
2741 268 2882 324 enim
2913 268 3076 323 uarice
3103 283 3166 322 ac
3191 268 3587 326 multmlectio—

321 374 478 444 ὑμεῖς
512 371 634 442 ἐμοὶ
663 371 796 440 ζωὴ,
822 370 979 440 ὑμεῖς
1019 370 1141 438 ἐμοὶ
1172 367 1541 438 εὐδοκίμησις·
1576 364 1748 418 Unum
1781 381 1904 417 cor-

319 478 416 529 pus
440 478 645 525 sumus,
663 477 825 530 neque
857 468 1014 529 caput
1037 476 1069 512 a
1091 473 1503 526 corpore,neque
1527 472 1716 524 corpus
1748 473 1781 508 a
1814 471 1906 508 ca-

321 554 430 621 pite
453 560 750 620 separatur.
779 551 1012 604 Etiamsi
1037 551 1153 603 loco
1182 548 1497 611 dividimur,
1515 547 1606 601 sed
1643 546 1906 599 charitate

324 643 723 712 conjungimur;
760 657 852 712 ego
892 658 924 694 a
950 641 1094 694 vobis
1131 655 1224 693 nec
1256 646 1425 692 morte
1456 637 1685 691 divellor
1722 653 1739 690 :
1783 652 1906 689 nam

324 735 422 787 etsi
435 749 623 801 corpus
641 749 812 786 meum
842 733 1128 795 moriatur,
1152 731 1332 784 anima
1346 746 1461 783 mea
1475 730 1623 790 vivit,
1645 737 1693 782 et
1711 745 1910 782 memo-

326 827 462 879 riam
495 827 652 879 vestri
688 825 914 888 tenebit;
947 841 1035 878 vos
1080 823 1209 876 mihi
1263 831 1463 892 patres.
1504 820 1780 886 Quomodo
1820 837 1908 874 ve-

330 927 500 972 strum
525 917 849 973 obliviscar?
891 915 991 970 Vos
1025 915 1152 968 milii
1178 924 1480 982 patres,ros
1499 913 1626 966 milii
1659 913 1784 975 vita,
1819 927 1908 964 vos

331 1010 463 1063 mihi
529 1009 805 1077 gloriatio.
865 1007 997 1074 Qua
1047 1011 1176 1059 nata
1241 1003 1533 1058 cbaritatis
1582 1002 1912 1073 Chrysosto-

333 1099 410 1153 mi
467 1115 594 1169 erga
646 1114 802 1162 suos,
863 1098 1028 1152 etiam
1086 1095 1368 1150 homiliam
1417 1094 1633 1148 tertiam
1667 1093 1725 1161 in
1774 1093 1914 1147 Acta

333 1189 692 1257 apostolorum
731 1187 1044 1258 insignitum
1082 1187 1349 1242 invenies.

406 1279 607 1334 Parum
638 1279 840 1351 oppido
875 1279 1080 1333 Savilio
1108 1287 1250 1341 erat,
1311 1285 1372 1331 ut
1431 1275 1706 1346 frigidulis
1761 1273 1914 1329 hisce

339 1370 652 1426 rationibus
696 1368 970 1424 Theodori
1023 1368 1311 1438 epistolam
1340 1365 1675 1421 Calviniauis
1705 1364 1911 1419 Lutbe-

338 1460 605 1530 ranisque
635 1458 922 1514 adversam
953 1458 1294 1519 exsibilaret,
1333 1457 1444 1511 nisi
1483 1457 1631 1510 aliud
1664 1456 1913 1526 ejusdem

338 1548 594 1618 putidum
622 1547 1044 1611 munimentum,
1065 1547 1180 1602 suis
1205 1546 1396 1602 favens
1431 1547 1703 1610 sectariis,
1751 1547 1916 1602 veluti

2009 361 2114 423 nis,
2134 361 2195 429 in
2223 359 2402 414 urbem
2423 375 2658 414 reversus
2677 368 2775 414 est.
2802 358 3017 413 Nullam
3041 359 3132 414 bic
3150 359 3452 415 orationem
3491 359 3596 415 So-

2009 463 2270 503 zomenus
2315 456 2585 504 memorat
2627 464 2658 503 a
2704 447 2994 503 Theodoro
3051 450 3434 519 compositam,
3492 449 3595 503 sed

2008 544 2218 589 tantum
2247 537 2429 590 innuit
2453 537 2697 592 rationes
2737 536 2952 606 aliquas
2992 538 3061 593 ab
3091 552 3158 591 eo
3193 538 3340 592 inter
3378 552 3594 593 consu-

2009 625 2254 691 lendum,
2279 626 2453 696 deque
2482 642 2582 680 suo
2617 626 2869 682 discessu
2919 642 3045 681 cum
3088 627 3406 682 monasterii
3449 643 3596 697 prae-

2010 713 2158 769 fecto
2221 717 2513 770 statuendo
2571 715 2710 772 forte
2757 717 3041 772 adductas.
3070 716 3203 784 Qua:
3251 733 3379 771 num
3419 719 3592 771 etiam

2010 807 2079 860 ab
2104 822 2170 861 eo
2203 809 2453 863 adductae
2499 807 2724 873 fuerint,
2770 818 2923 863 certo
2957 824 3016 863 se
3062 809 3208 864 scire
3249 811 3596 863 Sozomenus

2012 905 2200 968 aperte
2225 906 2410 969 negat,
2456 899 2549 954 sed
2579 897 2840 953 credibile
2868 897 2923 951 id
2949 912 3072 953 esse
3103 897 3200 963 ait,
3293 891 3383 950 οἷα
3419 897 3596 961 εἰκός,

2017 998 2183 1059 atque
2235 990 2543 1060 probabile,
2585 999 2639 1044 et
2684 989 3015 1044 verosimile.
3065 987 3144 1042 En
3179 987 3278 1041 tibi
3325 985 3595 1042 Savilium

2012 1081 2174 1150 plane
2205 1080 2492 1149 pueriliter
2532 1078 2845 1149 deceptum.
2894 1081 2954 1132 In
3005 1075 3311 1132 Sozomeno
3338 1091 3441 1132 nos
3483 1075 3599 1130 alio

2013 1188 2081 1227 ex
2116 1172 2295 1241 capite
2327 1171 2487 1227 ﬁdem
2519 1171 2942 1235 desideramus;
2971 1185 3098 1224 nam
3129 1168 3424 1224 Theodoro
3458 1169 3593 1238 plus

2013 1279 2169 1333 aequo
2201 1263 2475 1328 addictus,
2533 1263 2589 1318 in
2652 1263 2773 1332 ejus
2819 1264 3009 1333 lapsus
3043 1264 3360 1318 narratione
3405 1261 3596 1316 fucum

2014 1355 2235 1409 veritati
2271 1354 2470 1409 fecisse
2504 1353 2748 1408 videtur.
2811 1353 2868 1407 Id
2922 1354 3091 1423 igitur
3137 1351 3595 1407 animadverten-

2016 1447 2146 1501 dum
2193 1447 2284 1501 liic
2326 1454 2433 1510 est,
2495 1461 2606 1500 non
2667 1445 2846 1499 solum
2894 1443 3196 1500 Justiniani
3254 1441 3600 1512 temporibus

2023 1538 2198 1592 fuisse
2250 1536 2524 1591 Theodori
2585 1537 2886 1599 studiosos,
2950 1537 3043 1606 qui
3090 1536 3211 1605 ejus
3271 1535 3485 1605 lapsum
3544 1545 3601 1586 et

340 1640 408 1692 ab
435 1653 538 1693 ovo
559 1638 889 1703 excitasset;
924 1653 1047 1690 nam
1088 1638 1164 1689 ait
1201 1652 1265 1691 ex
1300 1636 1562 1691 Vaticana
1586 1637 1917 1692 bibliotheca
1949 1608 1990 1662 Β
2023 1629 2260 1683 haereses
2297 1629 2642 1700 ὑποκορίσαι,
2679 1635 2732 1682 et
2762 1629 3034 1682 mitiorem
3073 1629 3128 1680 in
3163 1635 3374 1696 partem
3423 1625 3604 1678 inter-

340 1727 726 1797 depromptum
753 1724 1027 1780 Theodori
1074 1727 1482 1796 Ἁντίγραμμα,
1530 1727 1577 1780 si
1617 1727 1918 1796 legitimum

340 1826 447 1882 est,
476 1825 531 1873 et
563 1834 672 1872 non
701 1817 974 1887 Spurium,
1007 1816 1166 1886 plane
1189 1816 1467 1872 diversum
1503 1832 1628 1872 esse
1682 1818 1752 1872 ab
1783 1832 1909 1870 ora-

343 1910 492 1964 tione
520 1923 550 1962 a
582 1907 890 1963 Sozomeno
932 1915 1261 1971 memorata,
1293 1922 1456 1977 quam
1491 1907 1710 1961 videtur
1744 1906 1924 1962 Theo-

344 1999 515 2055 dorus
536 2015 564 2053 a
595 1999 988 2068 Chrysostomo
1022 1998 1252 2052 minime
1278 2004 1640 2067 provocatus,
1686 1997 1767 2051 vel
1797 2005 1924 2051 ante

346 2087 608 2151 reditum,
639 2087 724 2142 vel
747 2086 801 2140 in
829 2085 950 2155 ipso
982 2085 1159 2139 reditu
1191 2085 1260 2137 ab
1281 2099 1466 2139 eremo
1501 2085 1556 2138 in
1583 2085 1666 2139 sui
1691 2099 1925 2139 excusa-

348 2179 550 2232 tionem
582 2177 904 2230 adornasse.
930 2175 1189 2240 Quzenam
1224 2175 1414 2230 istlnec
1445 2173 1720 2230 Theodori
1747 2177 1926 2229 oratio

347 2275 450 2333 est,
477 2283 640 2338 quam
671 2267 902 2336 quaesito
935 2277 1163 2321 auctore
1204 2266 1506 2322 Sozomeno
1529 2266 1633 2322 sibi
1651 2267 1804 2336 ﬁngit
1827 2265 1927 2320 Sa-

349 2360 511 2415 vilius
533 2359 557 2395 ⁹
587 2359 800 2414 Acutns
841 2372 976 2412 sane
1023 2358 1214 2412 homo!
1246 2358 1316 2414 Ut
1341 2357 1554 2412 audivit
1581 2357 1926 2413 Theodorum

350 2450 680 2504 monacham
712 2449 1122 2503 excucullatum
1156 2448 1344 2503 nescio
1381 2448 1515 2517 quid
1547 2449 1601 2502 in
1639 2448 1725 2503 sui
1765 2463 1932 2503 excu-

352 2540 624 2595 sationem
674 2539 948 2601 attulisse,
1003 2539 1187 2593 statim
1235 2539 1510 2609 egregiam
1558 2539 1794 2608 aliquam
1847 2539 1934 2592 lu-

353 2626 831 2682 cubratiunculam
878 2626 1247 2680 subodoratus
1291 2636 1396 2690 est,
1441 2627 1516 2680 ita
1573 2627 1736 2697 plane
1780 2626 1933 2682 ador-

355 2727 568 2782 natam,
595 2727 656 2772 ιιι
679 2717 909 2772 decebat
944 2717 1276 2770 monachum
1302 2716 1664 2781 desertorem,
1707 2716 1818 2772 Deo
1844 2719 1933 2773 cui

364 2825 426 2864 se
500 2807 798 2862 devoverat
860 2807 1292 2872 renuntiantem,
1347 2807 1590 2862 castitati
1653 2816 1706 2860 et
1754 2810 1935 2861 conti-

358 2898 559 2954 nentia:
586 2897 708 2952 vale
741 2895 968 2958 dicenti,
1007 2895 1229 2964 nuptias
1261 2902 1316 2950 et
1341 2896 1616 2950 connubia
1642 2897 1937 2965 quaeritan—
1965 2930 2009 2989 ο

356 2998 492 3046 tem.
536 2987 594 3043 Si
653 2985 934 3042 Theodori
997 2987 1302 3041 orationem
1355 3002 1418 3042 ea
1473 2990 1652 3057 capita
1699 2988 1938 3056 comple-

360 3086 600 3134 ctentem
632 3076 834 3130 alicubi
863 3074 917 3130 in
965 3075 1308 3130 bibli0thecis
1337 3075 1575 3132 Savilius
1626 3077 1936 3146 reperisset,

361 3172 535 3226 multo
564 3170 828 3225 libentius
863 3169 919 3223 in
966 3169 1197 3238 gratiam
1247 3170 1611 3224 sectariorum
1652 3169 1938 3234 edidisset,

361 3277 524 3332 quam
554 3261 700 3316 hanc
732 3261 1040 3330 epistolam,
1073 3276 1197 3331 quae
1230 3261 1590 3318 monasticam
1625 3263 1828 3317 asserit
1859 3263 1942 3316 di-

363 3352 680 3422 sciplinam,
712 3351 985 3406 castitatis
1011 3352 1446 3416 observantiam,
1471 3360 1596 3406 vota
1628 3351 1738 3407 Deo
1767 3367 1796 3406 a
1823 3367 1940 3406 mo-

363 3441 556 3497 nachis
599 3441 991 3510 nuncupanda,
1027 3450 1324 3512 sancteque
1351 3442 1631 3508 solvenda,
1689 3451 1944 3512 peccato-

365 3548 487 3588 rum
517 3531 1002 3602 exhomologesim,
1035 3531 1374 3602 paenitentiae
1402 3534 1695 3603 lacrymas,
1747 3540 1804 3588 et
1827 3532 1945 3587 suf-

365 3624 667 3695 fragiorum
714 3623 1123 3686 efﬁcacitatem,
1185 3639 1348 3692 quam
1403 3624 1690 3694 epistolam
1726 3624 1800 3678 ita
1830 3632 1946 3678 sto-

367 3715 658 3770 machatur
683 3722 738 3768 et
771 3723 1024 3778 nauseat,
1057 3727 1116 3769 ut
1144 3716 1215 3770 ob
1241 3715 1294 3769 id
1321 3715 1597 3785 frigidam,
1627 3716 1864 3787 ineptam
1889 3727 1946 3770 et

366 3804 656 3859 ridiculam
688 3818 806 3858 eam
843 3805 1100 3874 appellet.
1134 3805 1262 3868 Sed,
1283 3821 1490 3875 quaeso,
1513 3805 1794 3862 videamus
1823 3821 1946 3876 quae

369 3893 538 3949 fuerit
571 3893 776 3948 Savilio
793 3908 965 3948 causa
999 3895 1310 3948 somniandi
1342 3895 1488 3948 illam
1525 3894 1795 3949 Theodori
1823 3910 1946 3948 ora-

371 3984 598 4037 tionem.
633 3981 821 4050 Neque
857 3981 1002 4035 enim
1044 3979 1406 4044 Sozomenus,
1449 3998 1609 4051 quem
1644 3983 1798 4046 citat,
1843 3985 1947 4038 hoc

373 4074 495 4139 ait;
529 4080 659 4126 sunt
689 4072 891 4142 quippe
942 4071 1055 4125 haec
1101 4071 1220 4139 ejus
1275 4072 1440 4127 verba
1487 4073 1603 4140 (lib.
1662 4088 1781 4139 vm,
1847 4073 1942 4143 2):

387 4161 528 4216 Ἀλλ’
562 4157 715 4225 οὗτος
747 4162 844 4233 μὲν
874 4161 1034 4231 ἡνίκα
1067 4162 1167 4232 τὴν
1196 4161 1366 4232 ἀρχὴν
1395 4162 1611 4232 ἐνέτυχε
1638 4166 1750 4228 τοῖς
1784 4163 1948 4228 θείοις

2023 1720 2231 1788 pretari
2285 1727 2649 1782 conarentur,
2713 1726 2772 1772 ut
2833 1716 3127 1772 Facundus
3185 1715 3604 1771 llermianeusis

2023 1811 2320 1880 epiSCOpus
2361 1810 2416 1864 in
2464 1809 2752 1864 duodecim
2791 1809 2947 1863 libris
2993 1808 3070 1861 De
3100 1807 3271 1861 tribus
3328 1806 3601 1876 capitulis,

2024 1899 2265 1956 Basilius
2321 1901 2486 1963 Cilix,
2545 1899 2828 1963 Leontius,
2879 1907 2934 1952 et
2967 1899 3092 1964 alii;
3137 1898 3232 1953 sed
3271 1897 3393 1967 ejus
3437 1896 3603 1950 etiam

2024 1992 2263 2061 aequales
2292 2000 2345 2045 et
2379 1991 2724 2061 syncbronos
2755 1991 2859 2044 hoc
2887 1989 3030 2044 idem
3059 2003 3274 2043 summo
3302 1987 3488 2043 studio
3505 2002 3604 2041 cu-

2026 2101 2205 2141 rasse.
2235 2083 2372 2138 Nam
2418 2082 2798 2138 Tlieodoretus
2849 2082 2906 2134 in
2951 2081 3204 2150 epistolis
3243 2078 3322 2149 (a)
3349 2077 3602 2135 all'irmat.

2030 2176 2324 2245 scripsisse
2346 2191 2405 2230 se
2429 2174 2606 2244 βίϐλον
2624 2174 2763 2244 ὑπὲρ
2780 2171 3044 2241 Διοδώρου
3069 2172 3161 2224 καὶ
3176 2169 3474 2240 Θεοδώρου,
3497 2162 3607 2242 ὲν

2027 2267 2125 2337 τὴν
2153 2266 2274 2320 κατ’
2306 2266 2483 2318 αὐτῶν
2510 2264 2884 2335 γεγενημένην
2913 2263 3128 2333 γραφὴν
3157 2261 3385 2324 διέλυεν,
3410 2261 3469 2313 οὐ
3501 2260 3610 2314 δεί-

2035 2377 2133 2422 σας
2168 2357 2275 2411 τῶν
2306 2356 2629 2427 κατηγόρων
2650 2355 2748 2426 τὴν
2777 2353 3124 2407 δυναστείανο
3148 2350 3365 2405 Librum
3381 2366 3474 2418 pro
3488 2350 3611 2404 Dio-

2033 2449 2162 2503 doro
2192 2459 2240 2502 et
2273 2446 2571 2512 Theodoro,
2601 2447 2654 2499 in
2685 2461 2788 2516 quo
2817 2445 3002 2499 illatas
3043 2444 3117 2498 eis
3146 2443 3510 2496 accusationes
3533 2457 3609 2494 re-

2036 2540 2267 2609 fellebat,
2295 2538 2425 2592 nihil
2458 2539 2650 2591 veritus
2679 2546 3052 2590 accusatorum
3090 2534 3401 2603 potentiam.
3443 2531 3604 2586 Hunc

2035 2631 2238 2684 librum
2267 2627 2450 2683 innuit
2478 2625 2828 2682 Justinianus
2855 2628 2910 2681 in
2939 2641 3053 2682 sua:
3077 2623 3200 2680 fidei
3231 2623 3607 2695 professione:

2036 2719 2378 2792 Θεοδώρητος
2403 2721 2432 2773 ό
2462 2718 2689 2782 πολλοὺς
2717 2718 2858 2788 ὑπὲρ
2894 2715 3167 2788 Θεοδώρου
3209 2716 3400 2784 λόγους
3419 2731 3479 2768 τε
3519 2715 3613 2767 καὶ

2040 2811 2296 2874 ἐπαίνους
2347 2810 2627 2873 ἐκτείνας·
2673 2808 3029 2863 Theodoretus
3073 2809 3162 2879 qui
3202 2807 3396 2862 multos
3449 2805 3610 2860 libros

2048 2917 2143 2970 pro
2179 2901 2449 2956 Theodoro
2483 2901 2718 2969 scripsit,
2774 2899 3054 2969 laudesque
3083 2900 3195 2970 ejus
3223 2900 3430 2968 copiose
3463 2897 3604 2952 cele-

2043 2989 2233 3044 bravit.
2273 2989 2330 3045 In
2367 2989 2572 3060 quibus
2594 3004 2760 3060 quam
2794 2990 3057 3060 praeclare
3083 2991 3149 3043 de
3174 2988 3464 3043 Theodoro
3484 3003 3613 3044 sen—

2043 3082 2197 3144 serit,
2223 3081 2405 3151 colligi
2438 3087 2637 3150 potest,
2662 3095 2787 3134 cum
2808 3096 2875 3135 ex
2903 3080 3024 3149 ejus
3053 3079 3324 3148 epistolis,
3349 3077 3442 3133 ubi
3462 3079 3617 3146 ἅγιον

2043 3182 2284 3226 sanctum
2313 3171 2467 3225 illum
2495 3171 2761 3235 nominat,
2805 3179 2920 3225 tum
2951 3171 3116 3226 etiam
3148 3187 3214 3225 ex
3277 3171 3470 3225 ultimo
3515 3167 3618 3222 Hi-

2046 3264 2227 3317 storia:
2255 3262 2376 3331 ejus
2398 3262 2768 3317 ecclesiastica:
2800 3263 2942 3317 libro
2969 3270 3022 3317 et
3055 3263 3250 3331 capite,
3293 3262 3383 3316 ubi
3411 3262 3621 3332 magnis

2045 3353 2196 3408 illum
2244 3353 2499 3408 laudibus
2560 3353 2792 3407 extollit.
2842 3351 2969 3407 Haec
3007 3352 3197 3408 eadem
3240 3353 3498 3407 nimirum
3549 3353 3622 3408 de

2045 3444 2333 3500 Theodoro
2384 3445 2652 3500 sentiebat
2690 3444 3049 3509 Sozomenus,
3099 3459 3272 3512 quare
3320 3445 3620 3498 vehemen-

2044 3544 2130 3589 ter
2182 3534 2317 3590 ﬁdes
2371 3534 2636 3590 historica
2673 3535 2912 3601 vacillat,
2949 3536 3040 3589 tibi
3095 3534 3363 3589 Theodori
3405 3533 3621 3604 lapsum

2047 3625 2120 3678 ila
2147 3624 2520 3693 prosequitur,
2561 3634 2618 3678 ut
2653 3626 2860 3679 nullum
2894 3625 3166 3695 intelligas
3198 3625 3405 3680 crimen
3449 3624 3504 3677 in
3530 3639 3619 3687 eo,

2045 3732 2208 3787 quem
2241 3717 2669 3787 Chrysostomus
2693 3716 2903 3771 centies
2947 3715 3363 3769 ἐκπεπτωκέναι
3397 3716 3620 3785 repetit.

2050 3808 2369 3871 Ἐκπτωσις
2404 3817 2586 3863 autem
2611 3808 3001 3864 ecclesiasticis
3025 3808 3389 3878 scriptoribus
3425 3815 3529 3868 est,
3563 3814 3628 3861 ut

2049 3898 2125 3951 ait
2160 3897 2434 3953 Caesarius
2483 3898 2645 3967 paulo
2690 3905 2816 3952 ante
2854 3897 3131 3960 laudatus,
3201 3896 3267 3950 Ἦ
3309 3894 3368 3960 ἐξ
3421 3895 3626 3968 ἀρετῆς

2048 3985 2140 4037 ἐπὶ
2191 3986 2253 4038 τὸ
2281 3987 2462 4056 χεῖρον
2501 3985 2878 4056 ὑπονόστησις,
2907 3986 3000 4039 καὶ
3033 3987 3066 4056 ὴ
3105 3987 3170 4038 ὲκ
3204 3983 3496 4054 παρθενίας
3528 3985 3625 4037 ἐπὶ

2048 4077 2303 4145 λαγνείαν
2327 4077 2508 4146 ὁρμή·
2549 4075 2681 4130 Cum
2724 4092 2757 4129 a
2787 4078 2976 4130 virtute
3019 4077 3088 4128 ad
3132 4076 3278 4138 vitia,
3315 4085 3364 4129 et
3404 4093 3436 4129 a
3472 4077 3631 4142 pudi-

2051 4169 2176 4221 citia
2239 4167 2307 4218 ad
2343 4167 2615 4219 luxuriam
2669 4166 2932 4220 receditur
2983 4184 3045 4219 ac
3089 4167 3376 4236 dif/luitur.
3440 4165 3630 4236 Neque

373 4252 585 4324 νόμοις,
643 4251 736 4303 καὶ⁵
767 4251 932 4319 ἱεροῖς
963 4249 1218 4320 ἀνδράσιν
1240 4249 1535 4320 ὡμίλησεν,
1563 4251 1792 4322 ἐπῄνεσε
1821 4252 1937 4306 ταύ-

2064 4270 2194 4309 vero
2223 4253 2548 4309 Theodorus
2597 4262 2890 4324 antequam
2949 4256 3019 4310 ab
3057 4271 3240 4310 eremo
3291 4257 3628 4319 discederet,

374 4361 474 4415 την
497 4343 595 4414 τὴν
625 4341 846 4412 ἀγωγὴν
878 4341 974 4394 καὶ
1005 4333 1251 4408 κατέγνω
1269 4341 1375 4394 τῶν
1402 4342 1654 4396 ἀπυκῶν
1673 4358 1688 4371 ο
1717 4345 1775 4396 οὐ
1801 4344 1954 4416 διήρ-

377 4452 505 4489 κεσε
529 4434 586 4486 δὲ
610 4435 709 4504 τὴν
742 4431 912 4503 αὐτὴν
939 4430 1247 4502 προθυμίαν
1273 4431 1430 4501 ἔχων.
1465 4433 1875 4503 Μεταμεληθεὶς
1897 4433 1953 4486 δὲ

381 4525 518 4596 πρὸς
545 4524 637 4577 τὸν
660 4523 925 4594 πρότερον
954 4522 1068 4592 βίον
1101 4522 1327 4581 εἵλκετο.
1355 4517 1442 4576 οἵα
1466 4523 1524 4576 δὲ
1553 4525 1718 4588 εἰκὸς,
1749 4526 1956 4579 ἐναντί-

376 4633 459 4679 οις
485 4616 661 4684 λόγοις
689 4615 970 4685 κοσμήσας
996 4615 1056 4667 τὸ
1082 4613 1517 4684 σπουδαζόμενον
1534 4617 1598 4668 ὲκ
1626 4615 1874 4671 παλαιῶν
1901 4617 1956 4670 ὑ-

382 4705 786 4775 ποδειγμάτων,
815 4701 883 4775 ἦν
908 4705 1018 4776 γὰρ
1044 4703 1372 4775 πολυῖστωρ,
1401 4705 1481 4767 είς
1509 4703 1605 4776 τὴν
1646 4706 1798 4759 πόλιν
1824 4707 1960 4761 ἐπα.-

381 4797 578 4867 νῆλθεν
603 4814 616 4828 ·
644 4795 747 4848 llic
783 4811 902 4849 vero
938 4795 1242 4849 Theodorus
1274 4795 1338 4847 ab
1367 4796 1520 4848 initio
1562 4796 1772 4865 quidem
1839 4814 1958 4851 cum

381 4891 437 4943 in
463 4903 646 4943 sacras
676 4887 811 4955 leges
855 4885 1149 4948 incidisset,
1209 4895 1258 4939 et
1291 4902 1410 4938 cum
1448 4887 1646 4940 sanctis
1681 4889 1808 4941 viris
1838 4905 1964 4942 con-

384 4986 710 5040 rersaretur,
738 4976 834 5029 hoc
867 4977 984 5029 vita:
1024 4993 1184 5045 genus
1220 4975 1567 5044 approbabat,
1613 4993 1676 5030 ac
1708 4979 1964 5033 sarculare

383 5067 710 5130 damnabat;
735 5067 824 5120 sed
850 5066 904 5120 in
941 5065 1122 5121 eodem
1156 5067 1252 5120 hoc
1278 5068 1546 5136 proposito
1569 5085 1670 5121 non
1704 5071 1954 5137 perstitit.

385 5159 491 5214 Sed
539 5169 713 5211 tamen
739 5157 1050 5226 paenitentia
1079 5157 1291 5221 ductus,
1319 5158 1388 5210 ad
1415 5158 1646 5225 priorem
1677 5159 1798 5213 vitta
1833 5175 1960 5212 con-

382 5251 709 5306 suetudinem
748 5259 1007 5302 retractus
1042 5248 1164 5318 fuit,
1190 5259 1238 5302 et
1263 5248 1400 5320 quod
1427 5260 1502 5303 est
1528 5258 1957 5313 consentaneum,

385 5344 668 5397 contrariis
695 5341 1019 5413 argumentis
1057 5343 1384 5410 propositum
1423 5357 1579 5394 suum
1625 5357 1841 5408 ornans,
1897 5356 1962 5395 ea:

460 5532 632 5608 (a)_ln
669 5533 908 5608 editione
932 5535 1432 5608 Sirmondi,_epist.
1470 5536 1557 5601 16,
1581 5553 1742 5608 quem
1760 5537 1948 5592 ‘Theo-

386 5600 560 5658 doreti
578 5619 678 5674 pro
702 5604 990 5662 Theodoro
1025 5621 1089 5662 ac
1123 5600 1358 5661 Diodoro
1391 5600 1727 5663 librum'non
1757 5624 1948 5664 recen-

2056 4345 2131 4398 ita
2161 4351 2280 4397 erat
2316 4341 2465 4396 omni
2491 4351 2617 4396 voto
2642 4344 2876 4408 solutus,
2909 4351 2969 4396 ut
2995 4342 3197 4398 referre
3217 4345 3429 4413 pedem,
3448 4353 3633 4401 retro-

2055 4449 2163 4504 que
2190 4434 2468 4503 respicere
2501 4441 2707 4502 posset.
2751 4432 2806 4486 In
2843 4441 3078 4488 mentem
3115 4434 3162 4488 ci
3201 4433 3631 4504 Cbrysostomus

2057 4534 2278 4580 revocat
2305 4525 2404 4587 τὰς
2436 4523 2572 4594 πρὸς
2623 4522 2856 4593 Χριστὸν
2905 4523 3198 4592 συνθήκας,
3265 4541 3385 4578 cum
3417 4524 3632 4582 Christo

2058 4617 2337 4688 spirituale
2361 4617 2682 4686 conjugium.
2738 4617 2857 4686 Ipse
2901 4630 3032 4670 vero
3067 4615 3389 4673 Theodorus
3439 4618 3496 4672 in
3527 4618 3633 4674 hac

2057 4710 2286 4780 epistola
2303 4728 2315 4763 :
2335 4707 2598 4772 Εὖξασθε,
2614 4707 2785 4778 τίμιοι
2805 4707 3064 4776 Πατέρες,
3087 4707 3388 4778 μνησθῆναί
3409 4725 3509 4778 μου
3530 4709 3634 4779 τῆς

2060 4802 2230 4871 καλῆς
2273 4798 2592 4868 ὁμολογίας,
2625 4799 2694 4867 ἢν
2730 4797 3053 4868 ὡμολόγησα
3085 4796 3310 4850 ἐνώπιον
3338 4800 3433 4851 τοῦ
3469 4799 3630 4864 Θεοῦ,

2060 4894 2154 4947 καὶ
2181 4891 2426 4959 ἀγγέλων
2454 4891 2548 4943 καὶ
2587 4890 2923 4961 ἀνθρώπων·
2981 4889 3164 4954 Orate,
3198 4892 3478 4944 venerandi
3523 4890 3637 4945 Pa-

2065 4992 2191 5044 tres,
2216 4980 2381 5034 utilla
2407 4980 2534 5032 mihi
2553 4989 2673 5032 ante
2701 4979 2880 5032 oculos
2898 4989 3131 5032 versetur
3146 4979 3448 5048 promissio,
3475 4997 3637 5050 quam

2066 5087 2248 5126 coram
2287 5069 2391 5123 Deo
2418 5070 2495 5122 vel
2523 5068 2744 5138 angelis,
2765 5077 2815 5122 et
2845 5069 3141 5121 hominibus
3176 5067 3452 5136 spopondi.
3495 5069 3638 5136 Quid

2064 5179 2196 5234 ergo
2224 5161 2409 5217 subdit
2438 5161 2777 5216 Sozomenus
2805 5159 2873 5216 de
2903 5162 3132 5217 honesto
3164 5163 3427 5231 Iicitoque
3447 5167 3642 5218 matri-

2066 5256 2273 5317 monio,
2297 5254 2442 5324 quod
2459 5253 2780 5310 Theodorus
2806 5255 3196 5309 meditaretur?
3214 5255 3453 5310 Curnam
3473 5259 3637 5312 etiam

2067 5349 2246 5419 γάμον
2273 5346 2405 5400 illud
2434 5345 2724 5400 nominat?
2751 5344 2887 5399 Nam
2919 5345 3344 5416 Chrysostomus
3375 5348 3444 5401 ad
3475 5349 3642 5404 Theo-

2054 5549 2138 5593 set
2171 5536 2470 5591 Garnerius
2497 5539 2719 5594 dissert.
2748 5537 2804 5600 ‘2,
2847 5552 2968 5607 cap.
3009 5538 3042 5593 9
3081 5539 3224 5594 inter
3252 5552 3419 5608 opera
3459 5534 3642 5593 Theo-

2056 5609 2229 5664 doreti
2257 5608 2560 5678 deperdita.
