3804 6222
130 262 209 317 lOI

1275 246 1587 303 DIATRIBA
1624 243 1714 301 DE
1752 239 2166 300 TIIEODORIS.

3258 226 3362 283 £02

121 382 294 431 dorum
324 376 402 430 ita
430 372 621 429 scribit
655 389 667 424 :
703 367 915 437 Τίμιος,
944 365 1126 436 φησὶν,
1182 368 1214 418 ό
1241 364 1448 434 γάμος,
1496 363 1594 418 καὶ
1636 363 1675 429 ἡ
1707 368 1730 421 ἐ

1831 377 1881 413 ιο
1911 357 2118 427 scripto
2149 354 2405 410 inseruit.
2449 350 2749 407 Facundus
2781 361 2912 404 vero
2942 345 3064 415 ejus
3105 344 3356 415 epistolae

121 469 278 533 κοίτη
314 466 630 533 ἀμίαντος·
680 461 761 513 σοὶ
800 458 857 511 δὲ
890 456 1072 509 οὐκέτι
1123 456 1345 509 δυνατὸν
1389 454 1458 506 τὰ
1501 454 1685 506 δίκαια

122 558 342 627 φυλάξαι
377 554 468 609 τοῦ
503 554 682 624 γάμου
706 569 720 582 °
755 550 846 604 τὸν
870 547 978 619 γὰρ
1014 547 1319 617 ἐπουρανίῳ
1348 545 1686 614 συναφθέντα

121 654 349 725 νυμφίῳ,
374 649 559 704 τοῦτον
593 650 689 719 μὲν
715 646 894 709 ἐᾶσαι,
921 643 1138 711 γυναικὶ
1166 641 1222 695 δὲ
1248 639 1409 694 αὐτὸν
1434 638 1685 707 συνάψαι,

126 742 334 814 μοιχεία
360 741 421 793 τὸ
445 736 681 809 πρᾶγμά
708 738 854 788 ἐστι’
886 732 988 786 κᾶν
1023 732 1283 802 μυριάκις
1322 729 1483 782 αὑτὸν
1514 728 1691 797 γάμον

124 837 321 905 καλῇςο
366 833 454 897 At,
488 830 683 898 inquis.
724 824 1045 881 honorabile
1068 823 1427 884 connubium,
1451 828 1505 875 et
1540 827 1691 873 torus

127 925 505 981 immaculatus
524 924 566 975 ‘.
606 920 716 973 Tibi
738 934 858 971 vero
876 915 1203 969 matrimonii
1216 915 1346 983 jura
1367 926 1694 981 nequaquam

128 1017 397 1071 coniveuire
433 1019 668 1080 possunt.
690 1008 750 1063 Si
769 1009 883 1076 quis
904 1007 1042 1060 enim
1060 1004 1257 1059 caelesti
1279 1020 1333 1059 se
1350 1020 1542 1072 sponso
1565 1018 1694 1055 con-

122 1111 335 1177 junqat,
360 1102 547 1157 deinde
579 1118 638 1154 eo
669 1098 943 1168 repudiato
968 1113 1021 1150 se
1043 1096 1253 1149 mulieri
1283 1094 1507 1163 copulet,
1539 1093 1696 1146 adul-

130 1201 315 1253 terium
338 1193 642 1257 committit,
663 1190 784 1243 licet
813 1187 948 1241 illud
977 1187 1298 1240 contentiose
1313 1185 1480 1239 decies
1506 1184 1697 1237 millies

132 1287 525 1343 matrimonium
546 1281 794 1350 appelles.
830 1278 998 1348 Igitur
1032 1276 1125 1346 qui
1165 1275 1438 1331 Theodori
1484 1275 1697 1343 lapsum

138 1380 203 1433 ad
230 1379 503 1433 rationem
529 1372 780 1428 veritatis
814 1383 1075 1425 revocare
1118 1369 1270 1432 velit,
1318 1383 1487 1421 unum
1528 1367 1704 1435 Chry-

136 1478 435 1525 sostomum
468 1464 676 1527 audiat,
712 1476 938 1517 necesse
960 1467 1068 1523 est,
1102 1475 1170 1514 ex
1204 1474 1314 1529 quo
1346 1474 1460 1512 rem
1495 1458 1576 1513 sic
1602 1457 1701 1511 ha-

136 1563 277 1615 beat.
308 1555 632 1612 Theodorus
660 1568 767 1606 non
804 1551 898 1606 diu
932 1557 1223 1619 postquam
1252 1549 1472 1604 Christo
1502 1562 1701 1601 nomen

136 1653 377 1713 dederat,
438 1644 743 1717 φροντίζειν
772 1641 1107 1712 πραγμάτων
1139 1639 1411 1711 πατρῴων
1450 1639 1702 1709 cogitur;

1786 448 2101 503 testimonio
2124 452 2278 515 urget
2299 444 2644 500 adversarios
2664 439 2935 496 Theodori
2953 435 3352 507 Mopsuesteni.

1787 539 2050 601 Liberali,
2102 545 2155 590 et
2195 535 2440 591 Facundi
2482 532 2723 602 antiquis
2756 529 3061 593 codicibus,
3101 527 3243 580 bene
3272 538 3361 579 re-

1789 625 2059 696 spondent
2089 624 2338 679 Vaticani
2386 622 2740 693 epistolarum
2784 618 3162 689 Chrysostomi
3204 614 3362 670 codi-

1791 732 1884 771 ces
1920 714 2166 778 DCCXII,
2195 722 2249 768 et
2284 712 2565 769 MCXCIV.
2590 711 2933 767 Justinianus
2975 717 3154 763 autem
3187 707 3361 775 impe-

1794 818 1945 861 rator
1986 809 2039 860 in
2086 806 2286 860 Libello
2337 805 2685 872 confessionis
2736 801 2863 870 fidei
2894 800 3110 854 unicam
3149 796 3367 851 videtur

1795 901 1992 970 legisse
2025 898 2403 969 Chrysostomi
2443 896 2511 950 ad
2538 892 2867 949 Theodorum
2902 888 3204 956 epistolam,
3244 899 3364 940 eam

1795 991 2054 1043 nimirum
2118 1003 2281 1057 quam
2337 988 2401 1041 ad
2451 1001 2575 1040 eum
2638 984 2847 1052 lapsum
2890 981 3145 1043 dederat;
3206 976 3366 1030 aliam

1800 1093 1949 1140 vero,
2005 1094 2126 1146 quae
2174 1076 2420 1146 ejusdem
2458 1074 2648 1129 laudes
2681 1072 3011 1134 contineret,
3064 1084 3171 1122 nou
3202 1081 3371 1136 agno-

1802 1183 1978 1223 scere.
2026 1168 2218 1223 Patres
2259 1176 2439 1221 autem
2496 1161 3090 1231 Constantinopolitani
3140 1156 3368 1212 secundi

1803 1258 2049 1322 concilii,
2082 1258 2208 1312 licet
2238 1271 2356 1311 eam
2391 1255 2789 1324 Chrysostomo
2811 1265 2920 1304 non
2963 1249 3240 1307 abdicent.
3268 1246 3372 1299 ali-

1804 1361 1887 1404 ter
1914 1359 2095 1405 tamen
2128 1350 2196 1404 de
2218 1351 2312 1403 illa
2334 1347 2603 1418 judicant,
2632 1360 2794 1415 quam
2826 1345 3068 1398 fautores
3097 1339 3371 1395 Theodori

1807 1441 2194 1511 Mopsuestcni.
2225 1439 2359 1493 Nam
2402 1437 2654 1507 inquiunt
2681 1455 2693 1489 :
2721 1434 2815 1488 Sin
2843 1442 3020 1487 autem
3039 1431 3231 1501 aliquis
3252 1444 3376 1482 con-

1806 1533 1960 1586 cedat
2019 1531 2086 1583 ad
2136 1533 2308 1601 ipsum
2362 1527 2692 1582 Theodorum
2739 1525 2991 1592 scriptam
3040 1538 3155 1575 eam
3192 1520 3377 1588 fuisse,

1807 1633 2007 1677 certum
2039 1633 2115 1677 est
2153 1625 2291 1692 quod
2318 1620 2576 1677 Joannes.
2618 1618 2707 1687 qui
2739 1632 2832 1684 per
2859 1624 3025 1668 totum
3055 1629 3208 1665 suum
3246 1627 3379 1679 pon-

136 1750 187 1795 et
219 1742 347 1795 dum
385 1702 528 1791 facta
558 1736 661 1791 sibi
696 1702 965 1802 tantisper
994 1702 1319 1785 facultate'a
1380 1702 1704 1783 monasterii

1834 1713 2072 1781 iﬁcatum
2105 1709 2339 1763 veritatis
2383 1706 2591 1761 uerbum
2639 1714 2777 1758 recte
2818 1702 3090 1766 tractavit,
3130 1703 3379 1770 ignorans

137 1833 415 1903 praefecto,
447 1831 500 1883 in
537 1827 673 1881 urbe
720 1833 999 1885 versatur,
1052 1822 1106 1876 in
1160 1830 1534 1876 transversum
1593 1821 1706 1891 agi-

138 1936 245 1985 tur.
274 1930 329 1978 et
359 1920 544 1976 carnis
561 1917 832 1974 illecebris
855 1916 1126 1975 irretitus,
1147 1912 1519 1975 Hermionem,
1539 1928 1704 1981 quam

143 2014 528 2070 ardentissime
574 2009 949 2069 adamaverat,
1002 2006 1164 2059 etiam
1202 2003 1554 2056 matrimonio
1603 2002 1708 2056 sibi

144 2106 477 2175 conjungere
501 2101 744 2171 parabat.
780 2098 879 2151 llic
905 2097 1117 2166 primus
1155 2095 1427 2150 Theodori
1450 2094 1561 2164 jam
1595 2111 1712 2148 mo-

146 2196 299 2251 nachi
326 2196 515 2263 lapsus
560 2192 615 2244 in
662 2189 890 2242 luxuriae
929 2202 1169 2249 caenum,
1201 2193 1259 2238 ut
1290 2186 1715 2256 Chrysostomus

148 2291 258 2357 ipse
286 2293 461 2347 notat,
492 2285 590 2353 τῆς
614 2283 714 2351 σῆς
750 2281 927 2351 ψυχῆς
956 2281 1016 2331 τὸ
1045 2280 1258 2351 πρῶτον
1292 2279 1563 2349 πεσούσης
1578 2278 1717 2331 πτῶ-

151 2398 242 2448 μα.
272 2377 584 2444 Antequam
620 2387 750 2426 vero
769 2371 823 2424 in
849 2384 1092 2423 eremum
1122 2368 1423 2427 secederet,
1446 2368 1716 2420 immerito

148 2467 393 2535 ejusdem
425 2465 569 2519 omni
604 2470 656 2518 et
686 2461 1019 2531 impudicitaa
1040 2476 1070 2513 a
1103 2459 1307 2513 Savilio
1344 2458 1714 2520 insimulatur,

151 2562 238 2629 qui
263 2571 553 2629 perperam
603 2554 815 2623 accepit
864 2553 919 2605 in
969 2554 1168 2605 malam
1217 2560 1427 2621 partem
1472 2549 1603 2602 illud
1642 2550 1721 2612 εἰς

155 2651 376 2720 μουσεῖα
404 2645 685 2715 φοιτῶντι,
721 2652 989 2713 putatque
1038 2644 1265 2712 μουσεῖα
1314 2642 1484 2697 fuisse
1526 2641 1723 2695 Antio-

153 2742 287 2794 chia:
335 2741 459 2793 loca
511 2735 885 2804 voluptatibus
949 2742 1004 2787 et
1058 2733 1294 2788 lasciviae
1340 2733 1541 2798 dicata,
1605 2724 1751 2801 quae

154 2830 479 2885 Theodorus
510 2828 830 2881 adolescens
862 2826 1251 2894 frequentaret,
1280 2838 1402 2877 cum
1440 2824 1514 2877 ibi
1556 2822 1730 2894 Chry—

156 2932 433 2978 sostomus
470 2920 672 2973 usitato
724 2915 928 2969 Graecis
969 2914 1235 2967 vocabulo
1289 2913 1475 2967 ludum
1519 2913 1729 2967 littera-

158 3014 292 3065 rium
343 3009 609 3069 nominet,
664 3004 1126 3076 quemadmodum
1178 3003 1232 3056 in
1273 3004 1506 3073 epistola
1555 3004 1729 3072 prima

160 3103 307 3173 (edit.
354 3111 396 3154 t.
440 3099 482 3159 l,
540 3097 710 3168 μεθ)
742 3095 810 3147 ad
861 3093 1098 3147 eumdem
1151 3092 1481 3147 Theodorum
1533 3094 1600 3148 de
1628 3093 1731 3148 Ur-

162 3194 279 3248 bani
312 3188 595 3245 Phoenicis
628 3188 739 3241 lilio
764 3187 904 3241 idem
940 3199 1137 3239 nomen
1179 3184 1246 3239 ad
1277 3201 1388 3239 rem
1410 3186 1731 3239 litterariam

165 3283 573 3355 signiﬁcandam
603 3278 815 3334 sumit:
851 3268 1017 3339 Οὗτος
1061 3276 1123 3329 τὸ
1164 3277 1260 3347 μὲν
1302 3276 1516 3347 πρῶτον
1562 3277 1735 3347 ὲρῤὦ-

166 3377 280 3428 σθαι
298 3373 475 3428 πολλὰ
485 3375 605 3435 ταῖς
621 3372 797 3432 ἐντοῖς
818 3369 1088 3438 μουσείυις
1103 3368 1404 3439 διατριϐαῖς
1420 3366 1589 3420 εἰπών
1604 3384 1615 3397 ’
1635 3366 1737 3420 llic

165 3469 391 3535 primum
424 3464 633 3535 quidem
671 3463 885 3531 longum
914 3461 1029 3515 vale
1058 3460 1236 3514 dicens
1260 3460 1557 3513 scolasticis
1597 3475 1740 3512 ester-

170 3559 497 3623 citamentis,
532 3557 649 3611 suis
679 3555 875 3609 deinde
903 3554 1057 3607 visus
1104 3560 1188 3607 est
1215 3552 1445 3612 inutilis,
1481 3550 1739 3619 quoniam

169 3658 225 3704 ut
256 3651 446 3705 statim
477 3648 904 3717 Chrysostomus
931 3643 1081 3697 addit
1115 3660 1126 3695 :
1158 3642 1273 3713 Πρὸ
1311 3641 1460 3711 ὥρας
1484 3640 1591 3693 τῶν
1615 3641 1744 3709 περὶ

169 3742 293 3805 τεὺς
316 3741 516 3808 λόγους
558 3739 737 3791 πόνων
767 3736 1126 3805 ἀποπηδήσας
1163 3734 1329 3804 μηδὲν
1355 3731 1563 3785 ἐκεῖθεν
1611 3749 1745 3802 καρ-

174 3832 464 3887 πώσασθαι
490 3829 753 3899 ἐδυνήθη·
786 3826 1125 3895 Prtepropere
1164 3826 1441 3878 litterariis
1477 3821 1745 3876 laboribus

175 3942 228 3979 se
265 3922 549 3984 subduxit,
607 3920 686 3971 ita
732 3927 789 3970 ut
819 3917 938 3969 inde
976 3915 1110 3968 nihil
1143 3914 1393 3967 utilitatis
1441 3914 1744 3980 perceperit.

179 4014 241 4069 Et
277 4017 332 4067 in
364 4011 629 4081 psalmum
656 4017 903 4076 quartum
938 4006 1095 4059 :O'Dx
1148 4006 1229 4067 sic;
1282 4006 1533 4072 μουσεῖον
1590 4001 1750 4055 ἀπιέ-

179 4125 264 4159 ναι
287 4106 387 4167 δεῖ,
427 4101 546 4155 οὐδὲ
568 4099 950 4166 παιδαγωγοὺς
980 4095 1249 4167 μισθῶσαι
1279 4095 1373 4148 καὶ
1404 4096 1638 4165 ῥήτορας
1660 4094 1753 4146 καὶ

183 4195 477 4264 σοφιστάς*
515 4191 696 4260 Neque
728 4205 857 4258 opus
884 4197 961 4241 est
1006 4186 1192 4239 ludum
1229 4186 1377 4239 adire
1408 4187 1749 4249 litterarium,

183 4304 339 4356 neque
370 4284 606 4337 mercede
633 4280 945 4351 paedagogos
968 4278 1274 4343 conducere,
1300 4294 1461 4348 neque
1490 4278 1754 4344 rhetoras,

1814 1801 1946 1855 tales
1982 1798 2333 1869 blaspltemias
2376 1795 2746 1862 conscripsisse
2797 1792 3148 1852 Theodorum,
3192 1788 3379 1856 hujus-

1814 1892 1957 1945 modi
2007 1890 2082 1943 ad
2132 1905 2248 1942 eum
2291 1888 2497 1940 litteras
2532 1882 2771 1937 dederat.
2823 1882 2927 1935 Alii
2970 1881 3109 1934 duos
3154 1883 3383 1931 narrant

1816 1979 2160 2040 Theodoros,
2205 1976 2465 2030 Ecclesiae
2511 1973 2906 2045 Mepsuestena:
2944 1968 3287 2039 praepositos,
3332 1974 3387 2020 et

1816 2072 1882 2124 ad
1934 2069 2295 2139 posteriorem
2351 2066 2525 2120 fuisse
2582 2066 2764 2119 datam
2828 2078 2945 2116 eam
3006 2057 3384 2129 Chrysostomi

1817 2163 2103 2230 epistolam
2129 2160 2340 2213 volunt.
2387 2156 2749 2226 Theophanes
2793 2155 2845 2207 in
2883 2150 3237 2220 chronologia
3268 2163 3282 2199 :
3322 2149 3387 2200 Ἢ

1819 2253 1875 2304 δὲ
1924 2249 2016 2302 τοῦ
2062 2248 2447 2318 Χρυσοστόμου
2513 2244 2765 2312 ἐπιστολὴ
2817 2244 2850 2312 ἡ
2905 2241 3054 2308 πρὸς
3093 2237 3393 2304 Θεόδωρον

1818 2338 2261 2409 Μοψουεστιας,
2317 2335 2435 2405 οὐχὶ
2489 2334 2625 2405 πρὸς
2664 2333 2756 2384 τὸν
2800 2330 3035 2400 πρῶτον,
3078 2325 3213 2380 ἀλλὰ
3256 2324 3393 2394 πρὸς

1821 2433 1913 2485 τὸν
1951 2431 2174 2499 ἔσχατον
2217 2428 2506 2497 γενόμενον
2539 2423 2686 2476 ἐστίν
2715 2440 2729 2454 ο
2760 2420 3121 2491 Chrysostomi
3171 2416 3396 2484 epistola

1827 2521 1894 2575 ad
1950 2519 2296 2573 Theodorum
2342 2514 2811 2584 Mopsuesteuum,
2871 2526 2973 2563 non
3023 2506 3093 2559 ad
3139 2506 3395 2560 seniorem

1826 2614 1937 2677 ejus
1972 2608 2225 2662 Ecclesia:
2260 2608 2581 2674 episcopum,
2612 2600 2703 2655 sed
2729 2600 2796 2652 ad
2812 2599 3077 2667 juniorem
3117 2596 3244 2649 data
3273 2594 3397 2662 fuit.

1829 2700 2030 2755 Verum
2057 2706 2205 2752 errat
2233 2696 2597 2764 TheOphanes
2630 2710 2643 2745 :
2680 2706 2805 2744 nam
2832 2688 3152 2742 Theodorus
3176 2684 3399 2747 Junior,

1831 2807 2029 2862 genere
2060 2788 2271 2851 Galata,
2306 2799 2620 2857 supremum
2660 2782 2803 2836 diem
2852 2780 2975 2833 vitae
3007 2780 3142 2847 egit,
3178 2784 3237 2831 ut
3279 2791 3395 2845 per-

1832 2886 2023 2955 spicue
2072 2883 2374 2942 declarant,
2424 2883 2480 2930 et
2523 2889 2664 2943 saepe
2710 2877 2968 2942 repetunt
3013 2876 3135 2923 acta
3179 2867 3407 2922 concilii

1836 2970 2230 3042 Mopsuesteni,
2249 2982 2393 3022 anno
2411 2961 2706 3018 Justiniani
2734 2960 3081 3030 imperatoris
3118 2956 3403 3017 vicesimo.

1758 3059 1803 3120 C
1835 3050 2043 3119 scilicet
2065 3057 2367 3113 centesimo
2385 3053 2804 3123 quadragesimo
2825 3059 2880 3106 et
2907 3049 3145 3120 amplius
3162 3048 3230 3102 ab
3253 3047 3409 3101 obitu

1833 3150 2060 3205 Joannis
2089 3145 2483 3216 Chrysostomi.
2518 3142 2705 3211 Neque
2735 3141 2991 3211 diptycha
3037 3139 3185 3193 illius
3220 3136 3410 3191 Eccle-

1837 3243 1932 3297 sia:
1970 3241 2024 3295 in
2066 3239 2252 3294 eadem
2284 3235 2491 3307 synodo
2520 3236 2748 3289 recitata
2779 3233 2944 3285 alium
2983 3232 3186 3285 habent
3223 3229 3402 3284 Theo-

1837 3329 2030 3381 dorum
2060 3332 2184 3392 post
2230 3321 2631 3376 Antiochenum
2666 3322 2816 3373 illum
2866 3320 3103 3388 lapsum.
3143 3318 3250 3373 Sed
3270 3327 3410 3377 esto,

1842 3415 2007 3469 fuerit
2057 3413 2221 3474 alius,
2259 3410 2417 3479 cujus
2452 3424 2651 3464 nomen
2692 3423 2719 3461 a
2756 3407 2957 3462 tabulis
3002 3406 3111 3460 illis
3150 3406 3417 3460 ecclesia-

1842 3507 1994 3561 sticis
2044 3503 2335 3564 exciderit,
2383 3502 2430 3555 is
2479 3516 2609 3554 vero
2661 3499 2823 3553 etiam
2866 3499 2958 3552 vix
2994 3498 3099 3551 erit
3150 3496 3333 3551 statim
3384 3511 3413 3550 ξι

1845 3596 2022 3664 lapso,
2074 3593 2145 3645 ita
2185 3598 2243 3643 ut
2295 3591 2437 3643 inter
2486 3603 2582 3642 eos
2633 3587 2816 3641 nullus
2853 3586 3231 3639 intercesserit
3277 3584 3419 3637 alius

1852 3683 2115 3737 Ecclesiae
2147 3681 2541 3749 Mopsuestenae
2569 3676 2789 3746 praesul,
2813 3685 2867 3729 et
2899 3675 2966 3729 de
3000 3676 3101 3727 hoc
3129 3672 3419 3742 Theopha-

1847 3789 1947 3829 nes
1994 3772 2285 3839 intelligat,
2322 3784 2390 3823 ne
2432 3768 2534 3821 hac
2563 3766 2784 3836 quidem
2817 3764 3028 3818 ratione
3073 3764 3241 3818 Stabit
3276 3763 3423 3817 illius

1856 3862 2126 3919 sententia
2159 3879 2171 3914 :
2206 3875 2330 3914 nam
2369 3858 2798 3927 Chrysostomus
2854 3855 2910 3908 in
2960 3854 3156 3909 exsilio
3194 3855 3425 3907 moritur

1850 3953 2015 4009 etiam
2049 3959 2164 4004 tum
2211 3947 2512 4018 superstite
2555 3945 2843 3999 Theodoro
2874 3944 3216 3999 Antiocheno
3248 3944 3426 4013 lapso.

1864 4044 1959 4112 qui
1993 4043 2151 4111 longe
2183 4047 2304 4109 post
2337 4039 2440 4093 sub
2463 4036 2773 4091 Theodosio
2803 4034 3060 4099 iuniore,
3100 4043 3293 4090 exacto
3327 4034 3431 4089 Ec-

1855 4134 2035 4195 clesiae
2085 4131 2415 4202 praesulatus
2478 4137 2634 4183 sexto
2690 4135 2855 4195 atque
2910 4126 3193 4180 tricesimo
3248 4140 3428 4191 anno,

1858 4240 2017 4279 suum
2056 4223 2197 4276 diem
2229 4220 2384 4281 obiit,
2434 4225 2493 4271 ut
2525 4217 2717 4286 quinto
2747 4218 2954 4271 Histor.
3003 4216 3148 4270 libro
3187 4224 3433 4269 extremo

1860 4324 2047 4369 narrat
2082 4312 2477 4366 'l'heodoretus.
2518 4307 2633 4361 lmo
2671 4322 2800 4361 vero
2832 4323 3007 4376 neque
3039 4307 3151 4360 haec
3181 4308 3432 4375 epistola,

186 4394 346 4474 Tm!“
384 4374 684 4474 ³⁰Ῑ²¹Ϊ²⁵¹⁰⁸ἶ
724 4372 829 4425 sed
858 4385 924 4474 εἶθ
959 4386 1142 4474 mimis
1184 4384 1373 4474 errare
1420 4370 1657 4474 bjaviliius
1690 4386 1756 4425 eo
1789 4377 1831 4431 θ
1860 4403 1987 4474 quia
2014 4396 2387 4470 (lhrysostomi
2418 4403 2522 4457 est,
2553 4402 2607 4449 et
2636 4397 2703 4446 ad
2746 4370 3076 4447 Theodorum
3109 4370 3436 4461 Mopsueste-

189 4470 389 4522 inloco
425 4467 713 4527 debuerat,
745 4462 891 4533 quod
923 4462 1041 4517 voci
1074 4464 1298 4531 μουσεῖα
1328 4462 1616 4531 conjunxit
1657 4478 1760 4517 au-

192 4568 310 4612 ctor
334 4558 561 4613 verbum
593 4556 803 4625 φοιτᾷν,
849 4552 994 4622 quod
1021 4551 1195 4607 Graeci
1250 4552 1548 4622 scriptores
1584 4553 1661 4605 ita
1694 4568 1761 4606 ex

194 4666 295 4705 usu
319 4649 389 4703 ad
412 4649 595 4704 studia
626 4645 1055 4709 transtulerunt,
1083 4650 1142 4697 ut
1175 4643 1303 4699 inde
1325 4643 1630 4714 discipulos
1645 4660 1765 4712 φοι-

194 4743 354 4812 τητὰς
385 4739 736 4811 appellarint.
762 4752 771 4755 "

266 4844 533 4914 Denique,
582 4857 651 4896 ne
690 4841 794 4895 hoc
836 4839 1002 4894 etiam
1045 4838 1480 4900 dissimulemus,
1524 4838 1772 4907 epistola:

200 4932 702 5006 Chrysostomiante
761 4930 905 4992 112,
966 4930 1107 4984 male
1171 4928 1413 4983 Savilius
1477 4929 1771 4991 inscribit,

202 5027 435 5096 Θεοδότῳ
482 5023 788 5092 ὲπισκόπῳ.
835 5019 1043 5090 Nempe
1084 5021 1321 5090 ignorat,
1369 5029 1574 5089 quanta
1610 5020 1774 5074 fuerit

204 5122 345 5174 inter
374 5118 565 5170 Patres
588 5116 656 5170 de
675 5115 769 5168 illa
794 5114 1028 5184 epistola
1069 5114 1443 5169 controversia
1476 5113 1579 5167 sub
1603 5111 1777 5168 Justi-

210 5210 369 5263 niano
422 5208 780 5277 imperatore,
842 5203 1329 5273 reponendumque
1377 5203 1603 5257 omnino
1652 5218 1777 5257 esse

209 5298 461 5370 θεοδώρῳ
487 5296 797 5365 ὲπισκόπῳ,
832 5297 991 5365 isque
1023 5304 1110 5350 est
1141 5294 1563 5364 Mopsuestenus
1592 5295 1679 5348 hic
1711 5294 1779 5350 de

212 5404 317 5457 quo
345 5390 580 5459 agimus,
633 5395 693 5440 ut
748 5385 1018 5439 afﬁrmant
1058 5385 1351 5441 Liberatus
1393 5386 1784 5456 Carthaginen-

215 5479 290 5532 sis
313 5479 597 5542 diaconus,
631 5486 686 5531 et
715 5475 1006 5532 Facundus
1032 5476 1443 5539 llermianensis
1475 5477 1570 5532 lib.
1604 5494 1701 5540 vn,
1729 5477 1780 5541 7,

217 5569 308 5640 qui
360 5570 625 5639 integram
670 5583 787 5623 eam
836 5568 1124 5639 epistolam
1172 5568 1463 5623 Latinitate
1519 5570 1775 5623 donatam

292 5708 304 5736 '
344 5705 512 5762 llebr.
543 5721 660 5770 xm,
701 5704 753 5759 4.

1861 4508 1986 4546 num
2033 4490 2180 4552 (lata,
2217 4486 2422 4555 aliquid
2469 4484 2755 4554 suffragari
2802 4491 2978 4552 potest
3020 4482 3326 4538 fautoribus
3368 4484 3438 4537 il-

1863 4583 2009 4644 lius,
2076 4575 2221 4647 quod
2284 4573 2631 4629 Justinianus
2683 4572 2875 4625 timent
2929 4585 2992 4622 ac
3050 4567 3437 4637 TheOphanes.

1864 4672 1997 4725 Nam
2038 4678 2098 4721 ut
2130 4676 2334 4737 patres,
2366 4664 2459 4734 qui
2492 4664 2561 4716 ob
2610 4676 2833 4716 causam
2866 4660 3032 4713 trium
3074 4660 3442 4728 capitulorum

1866 4758 2335 4826 ConstantinOpoli
2377 4761 2767 4818 convenerant,
2819 4761 2981 4821 atque
3030 4752 3205 4814 alios.
3266 4752 3441 4805 latere

1868 4852 2046 4922 potuit
2074 4844 2648 4918 impietas-Theodori,
2678 4843 2758 4897 sic
2790 4840 3086 4910 aliquando
3114 4841 3475 4912 Chrysosto—v

1873 4954 2019 4992 muni
2056 4933 2627 4990 honorificentioribus
2660 4930 2844 4985 verbis
2870 4929 2938 4984 de
2970 4929 3064 4983 illo
3094 4931 3445 4984 scribentem.

1871 5027 2035 5084 Certe
2081 5026 2240 5079 latuit
2290 5037 2537 5078 summos
2585 5021 2707 5090 ejus
2760 5020 3102 5089 tempestatis
3150 5020 3203 5072 in
3241 5020 3453 5073 oriente

1847 5165 1849 5167 ,
1877 5118 2136 5171 doctores
2162 5122 2217 5169 et
2242 5112 2599 5167 ecclesiarum
2628 5109 2929 5172 antistites,
2962 5107 3276 5162 Nectarium
3302 5107 3450 5161 Con-

1883 5206 2456 5275 stantinopolitanum,
2475 5201 2837 5271 Theophilum
2858 5198 3313 5262 Alexandrinum,
3332 5197 3454 5255 Fla-

1883 5300 2106 5353 vianum
2141 5295 2566 5357 Antiochenum,
2597 5292 2918 5362 Gregorium
2960 5289 3288 5360 Nyssenum,
3329 5293 3457 5343 Am—

1888 5389 2219 5460 philochium
2248 5386 2439 5451 lcouii,
2462 5383 2767 5439 Palladium
2790 5381 3207 5446 Caesariensem,
3236 5392 3289 5436 et
3320 5381 3459 5435 alios

1890 5481 2223 5551 quibuscum
2246 5475 2567 5531 Theodorus
2591 5472 2862 5538 consedit,
2887 5486 2953 5527 ac
2975 5472 3301 5526 sententiam
3324 5471 3461 5524 dixit

1888 5573 1940 5624 in
1964 5567 2577 5637 Constantinopolitano
2607 5564 2883 5621 celebrato
2908 5562 3334 5633 imperatoribus
3354 5561 3468 5619 Ars
