3804 6222
351 236 455 294 103

1138 230 1227 284 EX
1269 227 1518 284 LEONIS
1554 225 1831 284 ALLATII
1868 205 2188 282 DIATRIBA
2231 226 2316 281 DE
2356 224 2772 282 THEODORIS.

3497 216 3604 272 £05

347 353 508 407 cadio
544 349 789 415 tertium,
833 355 890 403 et
941 345 1184 402 llonorio
1231 345 1536 402 secundum
1576 343 1923 409 consulibus,
1957 347 1997 403 Α
2027 343 2293 412 prophetw
2314 354 2519 397 centum
2544 351 2592 394 et
2615 337 2998 410 quinquaginta
3024 333 3122 404 (ὁ).
3151 347 3372 403 quorum
3401 333 3602 403 singuli

349 443 560 500 scilicet
607 441 768 511 paulo
823 447 950 494 ante
997 451 1161 507 quam
1197 437 1439 492 Joannes
1487 437 1924 506 Chrysostomus

351 534 608 588 Ecclesiae
629 528 1240 598 Constantinopolitanae
1265 527 1800 584 administrationem
1825 540 1920 580 ca-

351 631 621 695 pesscret.

427 715 840 785 Subjungamus
880 712 987 766 hoc
1016 725 1235 782 quoque
1264 707 1539 762 :Roberto
1577 705 1828 760 Balforeo
1868 705 1924 758 in

352 805 798 860 adnotationibus
846 806 914 857 ad
957 803 1289 857 Theodorum
1337 799 1656 853 Raithenum
1707 797 1925 852 videtur

353 897 494 950 alius
542 909 666 950 esse
700 893 1021 948 Theodorus
1065 891 1505 960 Mopsuesteuus,
1555 901 1720 958 quem
1763 886 1926 955 pleno

354 1000 450 1038 ore
488 982 831 1052 Nicephorus
862 982 956 1036 lib.
988 997 1079 1034 xiv
1106 979 1310 1032 Eccles.
1344 977 1535 1032 histor.
1590 992 1715 1045 cap.
1745 975 1835 1038 30,
1869 981 1925 1029 et

355 1074 732 1130 Theodoretus
776 1074 872 1127 lib.
922 1087 954 1122 v
985 1081 1228 1126 extremo
1275 1068 1518 1123 laudant.
1576 1066 1692 1122 lloc
1741 1075 1924 1119 tamen

354 1179 424 1218 ex
477 1165 544 1218 iis
576 1177 697 1233 quae
719 1162 958 1216 diximus
994 1157 1192 1212 falsum
1233 1171 1355 1212 esse
1385 1154 1833 1224 deprehenditur,
1872 1157 1926 1205 et

358 1254 702 1324 potissimum
720 1266 846 1306 cum
865 1250 932 1304 ad
953 1259 1195 1318 tempora
1219 1247 1423 1317 quinta:
1445 1245 1713 1316 generalis
1731 1240 1924 1314 synodi

354 1344 540 1398 nullus
569 1343 710 1397 alius
750 1340 914 1394 fuerit
961 1338 1379 1408 Mopsuestenus
1409 1335 1752 1397 Theodorus,
1781 1347 1924 1402 pra:-

357 1445 441 1489 ter
484 1437 652 1495 hunc,
690 1431 857 1500 idque
901 1429 1120 1484 abunde
1168 1427 1460 1496 probatum
1511 1426 1582 1481 sit
1623 1425 1676 1478 in
1719 1424 1926 1494 synodo

357 1525 778 1594 Mopsuestena;
829 1521 880 1574 icl
920 1518 1064 1588 quod
1113 1518 1356 1586 episcopi
1394 1516 1648 1572 secundae
1687 1513 1924 1568 Cilicum

366 1615 682 1684 provincias,
713 1621 768 1668 et
792 1613 977 1683 plures
1009 1610 1102 1663 alii
1129 1624 1195 1664 ex
1223 1607 1496 1678 diptyehis
1528 1606 1927 1674 Mopsuestenae

355 1706 635 1766 Ecclesiae,
660 1714 712 1757 et
741 1701 1252 1772 probatissimorum
1287 1699 1568 1752 hominum
1598 1696 1927 1751 testimoniis

357 1797 614 1863 probant,
655 1791 926 1846 Theodori
975 1789 1198 1852 veteris,
1249 1788 1397 1842 illius
1437 1787 1652 1840 scilicet
1707 1785 1775 1840 de
1819 1800 1928 1854 quo

357 1897 506 1938 nunc
537 1882 857 1944 scribimus,
885 1879 1088 1933 nullam
1125 1893 1248 1932 esse
1282 1876 1644 1937 mentionem;
1682 1882 1737 1928 et
1761 1876 1927 1929 alium

357 1972 734 2032 Theodorum,
765 1970 855 2038 qui
882 1969 938 2024 in
970 1969 1074 2022 fine
1097 1965 1482 2036 diptycborum
1515 1966 1755 2035 scriptus
1784 1973 1925 2027 erat,

359 2079 427 2116 ex
472 2059 686 2117 Galatia
728 2059 1044 2122 oriundum,
1096 2065 1223 2110 ante
1269 2063 1380 2110 tres
1430 2070 1604 2110 annos
1653 2063 1928 2110 mortuum

359 2149 552 2203 fuisse.
586 2147 726 2217 Ergo
751 2146 818 2199 de
859 2146 960 2198 hoc
987 2141 1230 2198 secundo
1263 2155 1369 2194 nou
1401 2149 1531 2195 sunt
1562 2141 1725 2194 verba
1753 2140 1931 2193 Theo-

357 2235 555 2290 doreti.
590 2235 692 2299 Qui
725 2233 868 2286 enim
917 2239 996 2285 tot
1033 2238 1158 2284 ante
1201 2243 1374 2283 annos
1420 2228 1734 2288 defunctus.
1769 2229 1930 2297 hujus

359 2324 461 2378 sub
484 2319 797 2376 Iustiniano
827 2319 1058 2374 viventis
1095 2318 1410 2373 meminisse
1447 2318 1662 2386 potuit?
1697 2315 1760 2370 Et
1803 2333 1928 2373 cum

359 2428 532 2482 usque
567 2412 634 2466 ad
685 2412 849 2480 hujus
895 2409 1222 2464 recentioris
1256 2424 1500 2477 tempora
1553 2409 1738 2462 nullus
1787 2409 1930 2464 alius

361 2505 545 2568 fuerit,
569 2511 717 2557 certa
743 2508 873 2556 sunt
899 2499 1230 2554 Theodoreti
1259 2500 1426 2554 verba
1449 2500 1517 2554 de
1545 2507 1727 2554 vetere
1760 2499 1932 2552 Theo-

358 2595 494 2649 doro
551 2593 952 2661 blopsuesteno.
999 2588 1339 2658 Nicephorus
1379 2591 1546 2644 verba
1591 2589 1924 2645 Theodoreti

359 2692 415 2737 et
464 2683 788 2738 sententiam
831 2679 1113 2742 exscribit,
1159 2695 1332 2747 neque
1369 2680 1435 2734 de
1476 2681 1584 2734 alio
1624 2695 1927 2735 sermonem

362 2775 543 2836 habet,
575 2788 738 2842 quam
765 2771 832 2826 de
861 2786 971 2840 quo
1002 2770 1380 2826 Theodorelus
1417 2774 1534 2840 ipse
1573 2774 1785 2828 locutus
1813 2773 1928 2828 fue-

360 2873 464 2918 rat.
500 2861 761 2916 Facessat
804 2862 972 2929 igitur
1001 2861 1144 2915 alius
1177 2861 1265 2914 hic
1305 2860 1628 2916 Theodorus
1658 2865 1929 2918 recentior

2025 445 2272 490 constant
2321 435 2538 504 triginta
2582 429 2859 498 capitibus.
2913 426 3051 480 Item
3108 425 3486 494 expositionem
3545 425 3603 478 in

2025 528 2265 596 quinque
2302 525 2470 579 libros
2515 521 2744 593 Moysis.
2775 533 2936 588 quam
2967 516 3137 570 tribus
3191 514 3495 582 complexus
3524 521 3605 568 est

2025 619 2202 682 tomis,
2235 617 2427 670 mirum
2465 614 2520 667 in
2553 611 2769 665 modum
2811 609 3199 668 elucubratam,
3240 604 3307 658 ad
3345 617 3602 674 maguum

2023 709 2325 777 Alphaeum.
2356 705 2600 759 Psulntos
2646 716 2845 771 quoque
2890 695 3110 752 Davidis
3151 695 3388 764 exposuit
3433 694 3603 746 tribus

2027 797 2200 860 libris,
2245 795 2312 849 ad
2351 793 2652 849 Cerdonem
2683 800 2738 844 et
2765 790 2988 844 fratrem
3031 787 3172 855 ejus.
3224 783 3282 838 ln
3313 783 3602 838 duodecim

2027 887 2324 957 prophetas
2369 884 2576 938 duobus
2623 883 2776 935 tomis
2821 887 3202 934 commentatus
3244 885 3344 938 est,
3388 872 3457 928 ad
3482 889 3604 929 mar

2025 980 2240 1052 Tyrium
2293 976 2386 1044 (ο).
2452 975 2509 1028 lu
2563 973 2868 1027 Samuelem
2927 976 3308 1024 commentatus
3360 975 3437 1018 est
3500 978 3603 1014 uno

2026 1075 2186 1129 tomo,
2217 1065 2284 1118 ad
2315 1064 2732 1118 Mamarianum.
2765 1059 2822 1114 In
2851 1058 3043 1114 Johum
3074 1073 3274 1127 quoque
3302 1054 3503 1107 duobus
3523 1061 3602 1105 to-

2024 1157 2148 1218 mis,
2167 1155 2230 1208 ad
2247 1153 2508 1224 Cyrillum
2532 1151 3047 1206 AlexandrinumJn
3071 1148 3432 1204 Ecclesiasten
3450 1147 3602 1198 unico

2024 1246 2159 1300 libro
2180 1254 2561 1299 commentatus
2578 1253 2676 1310 est,
2697 1243 3004 1310 deprecante
3026 1240 3337 1310 Porphyrio.
3353 1238 3602 1306 Exposuit

2023 1340 2181 1391 etiam
2242 1335 2470 1397 Isaiam,
2512 1333 2854 1396 Ezechielem,
2888 1331 3173 1386 Jeremiam
3218 1341 3263 1383 et
3311 1329 3600 1390 Danielem,

2024 1427 2260 1497 singulos
2290 1427 2512 1496 singulis
2539 1425 2693 1478 tomis
2724 1424 3086 1492 complectens,
3111 1421 3295 1492 quibus
3323 1422 3477 1489 ﬁnem
3505 1421 3602 1472 int-

2023 1520 2196 1585 posuit
2232 1519 2342 1570 suis
2381 1515 2864 1570 elucubrationibus
2889 1514 2942 1567 in
2973 1511 3143 1567 Vetus
3169 1510 3597 1565 Testamentum.

2031 1609 2344 1662 Mutthaeum
2389 1624 2492 1661 uno
2535 1609 2778 1674 exposuit
2825 1618 2989 1668 tomo,
3035 1605 3100 1656 ad
3143 1602 3365 1666 Iulium;
3403 1599 3603 1652 Lucam

2028 1717 2145 1754 vero
2182 1710 2230 1754 et
2259 1699 2519 1753 Joannem
2564 1699 2765 1751 duobus
2806 1698 2982 1758 tomis,
3015 1695 3079 1749 ad
3116 1693 3432 1757 Eusebium;
3463 1697 3602 1744 Acta

2030 1791 2384 1858 apostolorum
2415 1806 2516 1842 uno
2544 1789 2844 1854 complexus
2872 1797 2948 1840 est
2996 1797 3160 1846 torno,
3207 1784 3272 1837 ad
3316 1782 3601 1847 Basilium;

2029 1880 2325 1949 Epistolam
2359 1880 2426 1933 ad
2458 1878 2724 1932 Romanos
2746 1879 3011 1946 exposuit,
3043 1877 3166 1928 item
3195 1873 3259 1926 ad
3283 1871 3600 1934 Eusebium;

2028 1973 2225 2026 Ambas
2269 1988 2388 2024 vero
2438 1969 2708 2038 Epistolas
2740 1969 2807 2022 ad
2852 1966 3152 2024 Corinthios
3199 1964 3402 2016 duobus
3444 1962 3600 2014 tomis

2027 2062 2266 2130 exposuit
2303 2076 2365 2112 ac
2411 2059 2748 2120 dilucidavit,
2805 2058 3113 2126 deprecante
3173 2054 3456 2106 Theodoro.
3493 2049 3603 2102 Eu—

2027 2153 2249 2208 stratius
2288 2153 2365 2220 (d)
2397 2151 2675 2220 postulavit
2708 2149 3078 2218 expositionem
3104 2155 3328 2216 quatuor
3351 2145 3603 2209 epistola-

2030 2257 2146 2294 rum
2168 2256 2298 2309 quas
2331 2247 2836 2292 commemoraturus
2874 2251 3012 2298 sum,
3047 2249 3225 2302 nempe
3257 2230 3507 2300 Epistolis
3533 2231 3601 2282 ad

2031 2330 2274 2393 Galatas,
2319 2339 2366 2383 et
2415 2329 2482 2382 ad
2519 2328 2793 2396 Ephesios,
2822 2337 2872 2382 et
2903 2327 2971 2380 ad
3020 2325 3392 2392 Philippenses,
3443 2332 3491 2376 et
3531 2320 3601 2372 ad

2029 2419 2390 2476 Colossenses.
2412 2419 2578 2474 Binas
2598 2428 2773 2472 autem
2793 2419 2863 2471 ad
2891 2417 3398 2478 Thessalonicenses,
3420 2412 3598 2481 depre-

2027 2518 2180 2564 cante
2208 2507 2409 2561 Iacobo
2449 2509 2709 2575 exposuit.
2774 2505 2902 2559 Item
2949 2505 3082 2558 duas
3134 2503 3201 2555 ad
3248 2502 3598 2562 Timozheum,

2029 2599 2356 2668 supplicante
2380 2597 2574 2661 Petro;
2605 2607 2653 2651 et
2675 2596 2980 2666 deprecante
3003 2593 3200 2664 Cyrino
3223 2600 3599 2646 commentatus

2027 2691 2183 2746 estin
2213 2688 2482 2756 Epistolas
2515 2687 2583 2741 ad
2621 2687 2817 2750 Titum,
2844 2698 2892 2738 et
2938 2685 3314 2739 Philemonem.
3363 2682 3600 2736 Diresit-

2028 2798 2125 2851 que
2149 2781 2217 2833 ad
2243 2780 2482 2834 eumdem
2525 2779 2928 2832 commentarios
2975 2777 3028 2830 in
3059 2775 3351 2845 Epistulam
3389 2775 3454 2828 ad
3497 2773 3602 2827 lle-

2032 2873 2234 2938 braeos;
2263 2871 2491 2940 adeoque
2517 2871 2740 2940 quinque
2783 2869 2936 2922 tomis
2975 2867 3225 2936 imposuit
3255 2868 3412 2934 ﬁnem
3452 2881 3597 2918 cont-

360 2971 392 3008 a
416 2953 663 3008 Balforeo
685 2961 740 3007 et
765 2952 890 3007 aliis
910 2951 1272 3022 excogitatus,
1300 2959 1355 3006 et
1389 2960 1672 3022 tantopere
1697 2967 1728 3006 a
1752 2952 1932 3008 Theo-
1961 2984 2003 3039 ο
2039 2964 2312 3016 mentariis
2340 2963 2392 3015 in
2418 2961 2688 3026 Epistolas
2711 2960 2973 3028 Apostoli.
3001 2958 3320 3024 Conscripsil
3343 2966 3600 3025 prwterea

360 3047 554 3102 doreto
580 3045 853 3100 laudatus.

430 3135 605 3204 Hujus
634 3143 891 3205 praeterea
911 3132 1181 3190 Theodori
1207 3134 1351 3200 (nam
1372 3135 1476 3189 erit
1497 3150 1676 3206 operte
1699 3136 1929 3206 pretium

362 3227 467 3282 hoc
493 3227 774 3290 adnotare,
807 3227 920 3282 sive
952 3226 1022 3279 ob
1075 3224 1452 3281 Nestorianam
1504 3226 1772 3291 hazresim,
1817 3228 1932 3283 sive

361 3319 434 3373 ob
462 3318 622 3372 aliam
651 3316 896 3386 causam)
925 3316 1065 3384 apud
1091 3315 1259 3387 Syros
1289 3323 1437 3370 tanta
1477 3316 1578 3370 fuit
1613 3319 1930 3384 auctoritas,

361 3417 416 3464 et
444 3409 642 3471 cultus,
674 3415 733 3462 ut
773 3421 934 3477 quam
970 3407 1202 3476 plurima
1252 3407 1398 3462 illius
1429 3407 1482 3460 in
1519 3409 1793 3477 propriam
1827 3409 1932 3462 lin-

363 3515 525 3570 guam
559 3499 957 3554 transtulerint.
1002 3497 1260 3563 Qumnam
1293 3512 1421 3552 vero
1456 3498 1548 3551 illa
1596 3497 1815 3563 fuerint,
1862 3497 1933 3551 E-

362 3590 583 3644 bediesu
621 3589 908 3658 episcopus
956 3587 1114 3642 Saba:
1158 3596 1213 3641 et
1258 3587 1526 3642 Armenia:
1575 3587 1629 3640 in
1677 3587 1932 3658 Catalogo

365 3682 618 3734 librorum
644 3680 1144 3740 ecclesiasticarum,
1169 3693 1330 3748 quem
1376 3679 1466 3733 ille
1497 3678 1719 3748 scripsit
1749 3679 1933 3749 lingua

363 3770 606 3840 Syriaca,
637 3769 690 3822 in
723 3769 864 3822 hunc
893 3768 1112 3822 modum
1147 3767 1437 3836 expressit.
1471 3766 1646 3822 Verba
1675 3767 1822 3823 illius
1852 3769 1926 3823 ita

362 3859 596 3915 reddidit
624 3861 930 3929 linguarum
970 3858 1311 3912 orientalium
1346 3858 1710 3928 peritissimus
1753 3859 1924 3912 Abra-

364 3953 556 4004 hamus
619 3948 988 4003 Ecchellensis
1037 3948 1154 4017 (a):
1189 3947 1490 4001 Theodorus
1547 3959 1926 4002 commentator

361 4040 650 4108 composuit
695 4039 1051 4108 quadraginta
1104 4046 1154 4090 et
1203 4053 1365 4091 unum
1417 4049 1634 4102 tomum,
1677 4041 1765 4109 qui
1805 4050 1926 4093 sunt

433 4143 511 4210 (a)
535 4140 1407 4212 Recuditposteaemendatiorem
1426 4140 1574 4212 hunc
1596 4141 1919 4212 catalogum,

361 4207 888 4279 natisquegplurirnis
932 4209 1219 4263 illustravit
1263 4207 1543 4279 JosLSim.
1592 4207 1924 4266 Assem'anus

2030 3055 2223 3108 librum
2278 3052 2354 3108 lle
2412 3052 2788 3115 sacramentis,
2841 3059 2888 3103 et
2923 3049 2994 3105 De
3049 3051 3150 3103 liile
3197 3049 3386 3109 alium,
3437 3063 3597 3100 unum

2030 3143 2335 3200 tomuch
2381 3141 2707 3204 sacerdotio,
2755 3152 2805 3193 et
2850 3141 2982 3192 duos
3032 3138 3104 3193 De
3143 3138 3346 3208 Spiritu
3384 3149 3596 3198 saneto,

2028 3252 2194 3290 unum
2246 3234 2318 3288 De
2376 3232 2770 3293 incarnatione,
2823 3231 2954 3283 duos
3007 3239 3194 3282 contra
3251 3229 3595 3282 Eunomituu.

2031 3327 2167 3382 Item
2199 3328 2330 3380 duos
2360 3333 2549 3380 contra
2575 3331 2877 3380 asserentes
2911 3324 2964 3390 in
2991 3321 3106 3390 ipsa
3139 3331 3330 3374 natura
3359 3319 3597 3388 positum

2027 3434 2150 3474 esse
2194 3425 2515 3487 peccatum:
2550 3417 2682 3469 duos
2724 3413 2871 3485 (tres)
2907 3422 3104 3467 contra
3139 3412 3394 3482 magiam,
3433 3425 3597 3462 unum

2030 3507 2096 3560 ad
2136 3506 2457 3568 monachos,
2488 3521 2652 3560 unum
2685 3502 2752 3557 de
2790 3501 3029 3555 obscura
3077 3498 3371 3560 locutione,
3430 3513 3594 3550 unum

2033 3595 2106 3651 De
2134 3595 2464 3665 perfectione
2485 3607 2710 3663 operum
2734 3591 2824 3661 (e),
2854 3593 3080 3660 quinque
3097 3589 3358 3642 adversus
3379 3600 3474 3640 eos
3500 3583 3594 3650 qui

2034 3688 2352 3759 Scripturas
2374 3687 2601 3758 figurate
2629 3686 3074 3754 interpretantur,
3115 3699 3274 3736 unum
3309 3696 3409 3750 pro
3440 3679 3596 3732 Basi-

2033 3778 2129 3842 lio,
2155 3786 2203 3830 et
2231 3792 2394 3828 unum
2423 3775 2496 3829 De
2515 3781 2825 3829 assumente
2846 3780 3205 3841 etassumpto.
3236 3769 3370 3824 Item
3402 3767 3598 3822 librum

2031 3884 2192 3921 unum
2214 3848 2361 3935 quem
2383 3866 2650 3932 inscripsit
2678 3864 3112 3933 Margaritarum,
3137 3872 3184 3914 et
3203 3863 3351 3914 illum
3372 3860 3460 3928 qui
3479 3857 3596 3926 ejus

2030 3954 2391 4023 complectitur
2438 3951 2709 4020 epistolas.
2744 3951 2964 4005 Demum
3007 3960 3285 4003 tractatum
3320 3948 3392 4002 De
3429 3950 3594 4016 legis-

2032 4042 2254 4103 latioue,
2287 4056 2388 4109 quo
2421 4039 2576 4108 ﬁnem
2613 4039 2722 4092 suis
2753 4039 2996 4106 imposuit
3019 4037 3467 4090 lucubrationibus
3496 4033 3593 4103 (f).

2034 4141 2225 4196 Menda
2259 4140 2628 4196 Ecchellensis
2664 4155 2771 4194 non
2813 4143 3033 4210 agnovit
3065 4140 3320 4210 Allatius,
3354 4139 3594 4210 lingua-

2030 4227 2150 4264 rum
2183 4210 2556 4273 orientalium,
2587 4222 2643 4263 ut
2668 4209 2900 4270 videtur,
2931 4209 3242 4278 imperitus;
3278 4209 3437 4276 cujus
3465 4209 3594 4260 hor-

364 4280 431 4356 ξι)Δ
454 4277 552 4334 sua
593 4277 916 4356 Bibliotheca
959 4278 1225 4356 orientali,
1263 4286 1301 4331 t.
1339 4277 1428 4345 Ill,
1472 4293 1503 4331 a
1545 4294 1654 4348 quo
1695 4281 1921 4334 meliora
1955 4302 1998 4356 ι)
2027 4281 2505 4356 tatucagleroquin
2534 4295 2592 4333 se
2622 4279 2766 4356 hunc
2792 4277 3097 4356 catalogqu
3132 4277 3369 4333 edidisse
3407 4285 3596 4330 narrat

363 4351 566 4417 aliquot
593 4348 860 4417 sumenda
884 4347 1143 4417 judicavi.

437 4416 512 4489 (ὁ)
550 4416 606 4471 ld
633 4425 719 4471 est
748 4417 867 4487 (ceu
889 4416 1130 4489 explicat
1157 4417 1508 4489 Assemanus)
1535 4431 1766 4489 quorum
1804 4433 1922 4473 mo-

361 4486 456 4543 les'
479 4486 628 4540 tanta
656 4494 765 4549 est,
797 4494 855 4539 ut
881 4486 1088 4539 centies
1121 4493 1182 4540 et
1212 4487 1570 4556 quinquagies
1601 4488 1769 4542 libros
1799 4503 1922 4557 pro-

363 4557 908 4626 phetarumomuimu
933 4564 1173 4626 s_uperet.

433 4625 504 4697 (ο)
544 4624 913 4697 Ecchellensis
946 4623 1148 4697 T_urim,
1180 4623 1513 4697 Assemanus
1538 4640 1654 4697 mar
1680 4623 1916 4697 Tyrium.

362 4692 776 4763 Eg‘o'suspicog
810 4693 1118 4763 legendum,
1157 4708 1256 4763 pro
1298 4693 1525 4763 Syriaco
1571 4692 1755 4763 titulo:
1781 4711 1916 4757 mar,

425 4761 703 4832 artyrium.
736 4761 949 4817 Etenim
988 4761 1302 4831 Martyrius,
1341 4761 1434 4831 qui
1470 4763 1571 4816 fuit
1595 4761 1793 4832 deinde
1825 4778 1922 4832 pa-

363 4831 606 4887 triarcha
671 4833 1062 4902 Antiochenus,
1110 4847 1335 4902 coaevus
1397 4832 1499 4885 fuit
1561 4831 1918 4902 laudatorque

362 4901 760 4971 Chrysostomi,
795 4900 1023 4969 ideoque
1047 4901 1212 4954 etiam
1257 4900 1642 4971 Mopsuesteno
1675 4900 1913 4971 contem-

399 4968 654 5023 oraueus.
693 4968 950 5024 Consule
973 4978 1216 5024 nostram
1265 4968 1468 5022 Novam
1513 4971 1748 5022 biblioth.
1798 4969 1914 5026 I’P.

399 4987 654 5023 araneus.
693 4987 931 5024 consule
973 4987 1216 5024 nostram
1265 4987 1468 5022 novam
1513 4987 1748 5022 amttam.
1798 4987 1914 5026 με’.

363 4987 453 5117 iii.
477 5039 568 5092 ubi
583 5047 683 5117 est
692 5053 820 5117 pars
841 5040 1152 5117 panegyrici
1175 5041 1227 5092 in
1249 5039 1699 5117 Chrysostomum
1720 5041 1790 5093 ab
1815 5040 1917 5117 hoc

361 5107 626 5176 Μανίῳ-ἕο
655 5107 804 5160 dicti.
843 5107 1001 5162 Sane
1021 5107 1178 5160 Turis
1210 5107 1510 5163 monachus
1545 5110 1744 5177 legitur
1772 5109 1917 5176 apud

361 5178 679 5249 praedictum
728 5177 1216 5249 Ecchellensemp.
1247 5177 1478 5249 73_,_sed
1521 5178 1725 5249 omittit
1771 5177 1917 5231 hunc

359 5245 716 5314 lssemauus,
756 5247 844 5313 qui
874 5260 998 5300 eum
1024 5246 1264 5299 scribere
1286 5245 1562 5300 debuisset
1585 5248 1727 5300 inter
1753 5261 1910 5314 capp.

358 5317 429 5368 87
453 5324 506 5368 et
535 5313 623 5367 88.
655 5313 851 5368 Omisit
881 5323 1084 5378 autem,
1117 5314 1241 5382 quia
1273 5329 1512 5369 errorem
1543 5330 1665 5370 esse
1696 5313 1915 5383 agnovit

361 5384 751 5442 Ecchellensis.
787 5385 854 5438 de
896 5384 1054 5451 cujus
1096 5385 1219 5437 aliis
1254 5383 1467 5438 mendis
1509 5385 1766 5438 admonet
1813 5401 1914 5440 nos

360 5463 504 5507 temo
537 5453 793 5522 praedicto
823 5468 876 5522 p.
915 5454 936 5505 l
976 5461 1030 5506 et
1061 5453 1113 5506 4.

419 5523 508 5601 ,(ά)
538 5520 798 5601 ᾙδιταξςα
823 5520 1091 5601 ᾉμειιὶυε-
1116 5537 1180 5576 ex
1219 5520 1554 5601 Ecchellensi
1601 5538 1650 5590 ρ.
1686 5522 1777 5587 29,
1817 5523 1910 5592 qui

359 5591 522 5644 etiam
558 5591 614 5644 in
646 5591 833 5660 indice
847 5591 901 5644 id
937 5591 1187 5660 mendum
1215 5592 1561 5660 repetiverat,
1587 5608 1695 5660 quo
1723 5591 1911 5647 errore

359 5677 426 5714 ex
454 5668 743 5716 Itiatcenate
788 5659 1084 5728 Eustratio,
1115 5659 1242 5716 fecit
1283 5659 1582 5715 Estrateam
1608 5659 1905 5717 auctorem.

2027 4349 2398 4404 Ecchellensis
2433 4349 2487 4402 in
2521 4349 2674 4416 prmi.
2715 4365 2768 4418 p.
2797 4348 2888 4404 27.

2097 4419 2163 4488 (ε)
2204 4418 2574 4490 Ecchellensis
2612 4417 2688 4490 De
2716 4417 3041 4490 perfectione
3080 4417 3374 4490 regiminis.

2096 4486 2171 4556 (f)
2212 4488 2284 4542 De
2323 4486 2689 4556 Mopsuesteni
2737 4489 2956 4556 scriptis
2999 4486 3191 4541 sedulo
3227 4501 3326 4540 nos
3372 4500 3592 4556 quoque

2021 4554 2260 4611 diximus
2302 4556 2358 4609 in
2407 4554 2558 4624 prmi.
2605 4558 2734 4610 lomi
2785 4557 2802 4608 Ι
2847 4554 3046 4625 prioris
3089 4556 3343 4611 editionis
3393 4554 3587 4621 Scripl.

2021 4637 2144 4688 uet.,
2181 4642 2246 4680 ex
2281 4640 2392 4694 quo
2420 4627 2540 4678 loco
2571 4641 2679 4680 non
2713 4636 3010 4678 memorata
3045 4627 3304 4678 nonnulla
3328 4627 3589 4694 cognosci

2022 4693 2348 4764 possuntab
2374 4695 2592 4764 Allatio,
2623 4703 2677 4749 et
2706 4696 2975 4764 praecipue
2997 4711 3060 4749 ex
3085 4695 3245 4748 Fabr.
3281 4710 3404 4747 cum
3435 4693 3586 4748 Harl.

2019 4763 2084 4819 Β.
2111 4765 2174 4818 G.
2196 4773 2234 4817 t.
2258 4763 2324 4834 Χ,
2343 4780 2395 4832 p.
2416 4763 2519 4816 346
2543 4779 2690 4833 sqq.,
2723 4763 2774 4816 id
2799 4772 2882 4817 est
2915 4765 3152 4834 ltturgia,
3176 4765 3418 4834 hymnus.
3441 4779 3589 4834 quic-

2021 4837 2211 4888 stiones
2246 4833 2469 4894 biblicw,
2505 4834 2909 4887 commentarius
2939 4834 2992 4885 in
3027 4833 3289 4890 Marcum.
3320 4833 3384 4885 de
3419 4833 3585 4883 mira-

2021 4904 2152 4956 culis
2201 4901 2422 4956 Christi.
2481 4902 2611 4956 ltem
2674 4917 2775 4955 nos
2831 4901 3024 4968 Script.
3079 4913 3175 4956 cet.
3237 4901 3346 4960 Vll.
3386 4918 3436 4970 p.
3493 4901 3583 4961 73,

2019 4971 2378 5042 fragmentum
2433 4971 2759 5042 protulimus
2808 4971 3082 5042 Θερδώρου
3131 4973 3258 5042 περὶ
3289 4972 3587 5042 Nec-copta-

2019 5037 2148 5102 νῶῦ,
2188 5041 2279 5109 qui
2314 5037 2495 5109 tamen
2527 5039 2829 5094 Raitbenus
2854 5037 3129 5109 fortasse,
3168 5037 3274 5094 nou
3331 5037 3584 5109 Mopsue-

2019 5107 2227 5171 steuus’,
2262 5108 2646 5177 intelligendus
2693 5118 2798 5163 est.
2852 5107 2988 5162 Tum
3042 5124 3171 5163 vero
3223 5112 3274 5162 iu
3330 5119 3476 5161 tomo
3519 5107 3584 5163 \‘l

2018 5181 2213 5245 Script.
2246 5189 2345 5232 vel.
2384 5185 2509 5298 post
2535 5179 2958 5231 commentarios
2986 5180 3038 5230 in
3074 5195 3148 5231 χιι
3185 5182 3407 5231 minores
3457 5195 3583 5245 pro-

2018 5249 2220 5298 nhetas.
2248 5249 2353 5298 alia
2409 5245 2752 5298 lonsuesteni
2779 5248 2998 5298 eoniosa
3024 5247 3324 5298 framuenta
3351 5251 3583 5298 attexui-

2014 5249 2220 5314 phetas,
2248 5249 2353 5300 alia
2384 5245 2752 5316 Mopsuesteni
2779 5248 2998 5316 copiosa
3024 5247 3324 5316 fragmenta
3351 5251 3584 5299 attexui-

2018 5332 2160 5384 mus,
2201 5331 2322 5384 quae
2363 5329 2550 5384 posma
2592 5316 2746 5384 plena
2797 5332 2958 5369 manu
3001 5317 3333 5370 cumulaturi
3365 5332 3579 5372 sumus.

2018 5332 2160 5378 mus,
2201 5331 2322 5384 quae
2363 5330 2550 5436 posma
2592 5330 2746 5384 plena
2797 5332 2958 5369 manu
3001 5330 3333 5370 cumulaturi
3365 5332 3579 5372 sumus.

2014 5383 2168 5463 Item.
2201 5393 2330 5463 tom.
2359 5386 2498 5463 .,ri'n
2534 5388 2624 5438 cit.
2681 5385 2833 5454 praef.
2891 5386 3131 5463 diximus
3160 5400 3334 5463 quam
3377 5385 3580 5463 frustra

2015 5453 2170 5507 multi
2199 5453 2628 5525 dixerintlnuuc
2659 5463 2837 5525 tamen
2876 5456 3134 5525 Allatium
3161 5455 3396 5525 excipio)
3431 5453 3574 5525 Mop-

2015 5533 2328 5577 suestenum
2361 5523 2651 5590 scripsisse
2681 5523 2872 5578 decem
2909 5523 3078 5577 millia
3115 5523 3398 5577 librorum.
3443 5523 3578 5589 Quis

2017 5593 2160 5671 enim
2188 5591 2301 5659 jam
2335 5593 2531 5671 nescit,
2564 5594 2858 5671 mqriadem
2897 5593 3006 5646 dici
3037 5609 3066 5645 a
3098 5592 3299 5671 Graecis
3335 5608 3435 5663 pro
3464 5597 3576 5664 plu.

2016 5663 2154 5714 rimo
2179 5674 2428 5727 numero,
2469 5669 2528 5715 ut
2561 5676 2590 5715 a
2626 5663 2838 5716 Latinis
2868 5672 3109 5716 sexcenta
3133 5665 3158 5716 ?
