  <div class='ocr_page' id='page_1' title='image "/cluster/home/n/w/nwhite01/storage/ocr_20150623/66/nnc1.0021886636/060.png"; bbox 0 0 3804 6222; ppageno 0'>
   <div class='ocr_carea' id='block_1_1' title="bbox 7 280 3254 357">
    <p class='ocr_par' dir='ltr' id='par_1_1' title="bbox 16 328 1147 353">
     <span class='ocr_line' id='line_1_1' title="bbox 16 328 1147 353; baseline 0 -6"><span class='ocrx_word' id='word_1_1' title='bbox 16 328 1147 353; x_wconf 66' lang='lat'><strong>,,_..-_.——-————-————————‘—</strong></span> 
     </span>
    </p>
   </div>
   <div class='ocr_carea' id='block_1_2' title="bbox 614 618 2116 751">
    <p class='ocr_par' dir='ltr' id='par_1_2' title="bbox 614 619 2116 751">
     <span class='ocr_line' id='line_1_2' title="bbox 614 619 2116 751; baseline -0.006 -1"><span class='ocrx_word' id='word_1_2' title='bbox 614 622 1424 751; x_wconf 77' lang='lat' dir='ltr'><strong>THEODOBI</strong></span> <span class='ocrx_word' id='word_1_3' title='bbox 1536 619 2116 748; x_wconf 81' lang='lat' dir='ltr'>MOPSUI</span> 
     </span>
    </p>
   </div>
   <div class='ocr_carea' id='block_1_3' title="bbox 1134 618 2636 751">
    <p class='ocr_par' dir='ltr' id='par_1_3' title="bbox 1134 618 2636 748">
     <span class='ocr_line' id='line_1_3' title="bbox 1134 618 2636 748; baseline -0.005 0"><span class='ocrx_word' id='word_1_4' title='bbox 1134 622 1424 748; x_wconf 69' lang='grc' dir='ltr'><strong>ὈΒΙ</strong></span> <span class='ocrx_word' id='word_1_5' title='bbox 1536 618 2636 748; x_wconf 85' lang='lat' dir='ltr'><strong>MOPSUESTENI</strong></span> 
     </span>
    </p>
   </div>
   <div class='ocr_carea' id='block_1_4' title="bbox 1311 901 1947 967">
    <p class='ocr_par' dir='ltr' id='par_1_4' title="bbox 1311 901 1947 967">
     <span class='ocr_line' id='line_1_4' title="bbox 1311 901 1947 967; baseline -0.011 0"><span class='ocrx_word' id='word_1_6' title='bbox 1311 901 1947 967; x_wconf 75' lang='lat' dir='ltr'><strong>COMMENTARIUS</strong></span> 
     </span>
    </p>
   </div>
   <div class='ocr_carea' id='block_1_5' title="bbox 347 1094 2941 1283">
    <p class='ocr_par' dir='ltr' id='par_1_5' title="bbox 347 1094 2941 1283">
     <span class='ocr_line' id='line_1_5' title="bbox 347 1094 2941 1283; baseline -0.005 -30"><span class='ocrx_word' id='word_1_7' title='bbox 347 1134 1288 1283; x_wconf 83' lang='lat' dir='ltr'><strong>INDUODECIM</strong></span> <span class='ocrx_word' id='word_1_8' title='bbox 1373 1094 2223 1257; x_wconf 77' lang='lat' dir='ltr'><strong>PBOPHETAS</strong></span> <span class='ocrx_word' id='word_1_9' title='bbox 2306 1125 2941 1242; x_wconf 83' lang='lat' dir='ltr'><strong>MINORES</strong></span> 
     </span>
    </p>
   </div>
   <div class='ocr_carea' id='block_1_6' title="bbox 973 1551 2321 1647">
    <p class='ocr_par' dir='ltr' id='par_1_6' title="bbox 973 1551 2321 1647">
     <span class='ocr_line' id='line_1_6' title="bbox 973 1551 2321 1647; baseline 0.001 -2"><span class='ocrx_word' id='word_1_10' title='bbox 973 1558 1251 1647; x_wconf 85' lang='lat' dir='ltr'><strong>ANG.</strong></span> <span class='ocrx_word' id='word_1_11' title='bbox 1349 1556 1613 1644; x_wconf 89' lang='grc' dir='ltr'><strong>ΜΑΙΙ</strong></span> <span class='ocrx_word' id='word_1_12' title='bbox 1680 1551 2321 1647; x_wconf 66' lang='lat' dir='ltr'><strong>PBZEFATIO</strong></span> 
     </span>
    </p>
   </div>
   <div class='ocr_carea' id='block_1_7' title="bbox 450 1788 2822 1864">
    <p class='ocr_par' dir='ltr' id='par_1_7' title="bbox 450 1788 2822 1864">
     <span class='ocr_line' id='line_1_7' title="bbox 450 1788 2822 1864; baseline -0.003 -16"><span class='ocrx_word' id='word_1_13' title='bbox 450 1797 679 1864; x_wconf 68' lang='lat' dir='ltr'><strong>(Pl-etin</strong></span> <span class='ocrx_word' id='word_1_14' title='bbox 702 1796 905 1846; x_wconf 75' lang='lat' dir='ltr'><strong>editioni</strong></span> <span class='ocrx_word' id='word_1_15' title='bbox 931 1796 1114 1846; x_wconf 68' lang='lat' dir='ltr'><strong>Graece</strong></span> <span class='ocrx_word' id='word_1_16' title='bbox 1142 1796 1256 1844; x_wconf 88' lang='lat' dir='ltr'><strong>anni</strong></span> <span class='ocrx_word' id='word_1_17' title='bbox 1286 1792 1409 1842; x_wconf 78' lang='grc'><strong>1832</strong></span> <span class='ocrx_word' id='word_1_18' title='bbox 1434 1791 1481 1841; x_wconf 91' lang='lat' dir='ltr'><strong>in</strong></span> <span class='ocrx_word' id='word_1_19' title='bbox 1508 1789 1818 1855; x_wconf 76' lang='lat' dir='ltr'><strong>Scriptorum</strong></span> <span class='ocrx_word' id='word_1_20' title='bbox 1842 1798 2058 1844; x_wconf 76' lang='lat' dir='ltr'><strong>veterum</strong></span> <span class='ocrx_word' id='word_1_21' title='bbox 2084 1806 2206 1843; x_wconf 76' lang='lat' dir='ltr'><strong>nova</strong></span> <span class='ocrx_word' id='word_1_22' title='bbox 2228 1788 2542 1853; x_wconf 77' lang='lat' dir='ltr'><strong>Collectione,</strong></span> <span class='ocrx_word' id='word_1_23' title='bbox 2573 1799 2690 1843; x_wconf 84' lang='lat' dir='ltr'><strong>tom.</strong></span> <span class='ocrx_word' id='word_1_24' title='bbox 2712 1793 2822 1856; x_wconf 85' lang='lat' dir='ltr'><strong>Vl.)</strong></span> 
     </span>
    </p>
   </div>
   <div class='ocr_carea' id='block_1_8' title="bbox 1628 2008 1699 2021">
    <p class='ocr_par' dir='ltr' id='par_1_8' title="bbox 1628 2008 1699 2021">
     <span class='ocr_line' id='line_1_8' title="bbox 1628 2008 1699 2021; baseline -0.014 0"><span class='ocrx_word' id='word_1_25' title='bbox 1628 2008 1699 2021; x_wconf 58' lang='lat'><strong>.-</strong></span> 
     </span>
    </p>
   </div>
   <div class='ocr_carea' id='block_1_9' title="bbox 83 2149 3365 2229">
    <p class='ocr_par' dir='ltr' id='par_1_9' title="bbox 83 2149 3365 2229">
     <span class='ocr_line' id='line_1_9' title="bbox 83 2149 3365 2229; baseline -0.005 -11"><span class='ocrx_word' id='word_1_26' title='bbox 83 2166 123 2218; x_wconf 95' lang='lat' dir='ltr'><strong>l.</strong></span> <span class='ocrx_word' id='word_1_27' title='bbox 164 2160 442 2217; x_wconf 87' lang='lat' dir='ltr'><strong>Theodori</strong></span> <span class='ocrx_word' id='word_1_28' title='bbox 476 2158 826 2229; x_wconf 67' lang='lat' dir='ltr'><strong>Mopsuestia:</strong></span> <span class='ocrx_word' id='word_1_29' title='bbox 877 2172 1117 2226; x_wconf 80' lang='lat' dir='ltr'><strong>episcopi</strong></span> <span class='ocrx_word' id='word_1_30' title='bbox 1148 2156 1570 2209; x_wconf 79' lang='lat' dir='ltr'><strong>Commentarios</strong></span> <span class='ocrx_word' id='word_1_31' title='bbox 1611 2154 1681 2208; x_wconf 82' lang='lat' dir='ltr'><strong>ad</strong></span> <span class='ocrx_word' id='word_1_32' title='bbox 1711 2154 2080 2223; x_wconf 80' lang='lat' dir='ltr'><strong>prophetarum</strong></span> <span class='ocrx_word' id='word_1_33' title='bbox 2119 2152 2261 2215; x_wconf 81' lang='lat' dir='ltr'><strong><em>XII,</em></strong></span> <span class='ocrx_word' id='word_1_34' title='bbox 2292 2167 2431 2222; x_wconf 88' lang='lat' dir='ltr'><strong>quos</strong></span> <span class='ocrx_word' id='word_1_35' title='bbox 2462 2151 2703 2205; x_wconf 87' lang='lat' dir='ltr'><strong>minores</strong></span> <span class='ocrx_word' id='word_1_36' title='bbox 2726 2152 2985 2217; x_wconf 83' lang='lat' dir='ltr'><strong>dicimus,</strong></span> <span class='ocrx_word' id='word_1_37' title='bbox 3026 2149 3272 2205; x_wconf 74' lang='lat' dir='ltr'><strong>vaticinia</strong></span> <span class='ocrx_word' id='word_1_38' title='bbox 3362 2192 3365 2193; x_wconf 43' lang='grc' dir='ltr'><em>ν</em></span> 
     </span>
    </p>
   </div>
   <div class='ocr_carea' id='block_1_10' title="bbox 18 2242 3271 2322">
    <p class='ocr_par' dir='ltr' id='par_1_10' title="bbox 18 2242 3271 2322">
     <span class='ocr_line' id='line_1_10' title="bbox 18 2242 3271 2322; baseline -0.004 -11"><span class='ocrx_word' id='word_1_39' title='bbox 18 2269 136 2311; x_wconf 84' lang='lat' dir='ltr'><strong>ante</strong></span> <span class='ocrx_word' id='word_1_40' title='bbox 160 2251 513 2322; x_wconf 86' lang='lat' dir='ltr'><strong>septennium</strong></span> <span class='ocrx_word' id='word_1_41' title='bbox 537 2250 698 2302; x_wconf 89' lang='lat' dir='ltr'><strong>edere</strong></span> <span class='ocrx_word' id='word_1_42' title='bbox 727 2245 869 2316; x_wconf 77' lang='lat' dir='ltr'><strong>ccepi</strong></span> <span class='ocrx_word' id='word_1_43' title='bbox 893 2287 907 2309; x_wconf 87' lang='lat'><strong>,</strong></span> <span class='ocrx_word' id='word_1_44' title='bbox 936 2246 1217 2316; x_wconf 86' lang='lat' dir='ltr'><strong>impressis</strong></span> <span class='ocrx_word' id='word_1_45' title='bbox 1242 2245 1494 2299; x_wconf 91' lang='lat' dir='ltr'><strong>videlicet</strong></span> <span class='ocrx_word' id='word_1_46' title='bbox 1514 2245 1693 2300; x_wconf 90' lang='lat' dir='ltr'><strong>tribus</strong></span> <span class='ocrx_word' id='word_1_47' title='bbox 1717 2244 2084 2304; x_wconf 81' lang='lat' dir='ltr'><strong>brevioribus,</strong></span> <span class='ocrx_word' id='word_1_48' title='bbox 2115 2258 2239 2296; x_wconf 80' lang='lat' dir='ltr'><strong>cum</strong></span> <span class='ocrx_word' id='word_1_49' title='bbox 2275 2242 2513 2313; x_wconf 82' lang='lat' dir='ltr'><strong>prologis</strong></span> <span class='ocrx_word' id='word_1_50' title='bbox 2547 2243 2777 2313; x_wconf 77' lang='lat' dir='ltr'><strong>aliquot.</strong></span> <span class='ocrx_word' id='word_1_51' title='bbox 2807 2243 2962 2299; x_wconf 90' lang='lat' dir='ltr'><strong>Nunc</strong></span> <span class='ocrx_word' id='word_1_52' title='bbox 3001 2245 3271 2317; x_wconf 82' lang='lat' dir='ltr'><strong>integrum</strong></span> 
     </span>
    </p>
   </div>
   <div class='ocr_carea' id='block_1_11' title="bbox 22 2338 3276 2416">
    <p class='ocr_par' dir='ltr' id='par_1_11' title="bbox 22 2338 3276 2416">
     <span class='ocr_line' id='line_1_11' title="bbox 22 2338 3276 2416; baseline -0.002 -14"><span class='ocrx_word' id='word_1_53' title='bbox 22 2352 151 2403; x_wconf 84' lang='lat' dir='ltr'><strong>tauli</strong></span> <span class='ocrx_word' id='word_1_54' title='bbox 186 2344 511 2416; x_wconf 69' lang='lat' dir='ltr'><strong>interpretis</strong></span> <span class='ocrx_word' id='word_1_55' title='bbox 542 2358 681 2412; x_wconf 76' lang='lat' dir='ltr'><strong>Opus</strong></span> <span class='ocrx_word' id='word_1_56' title='bbox 705 2341 976 2405; x_wconf 79' lang='lat' dir='ltr'><strong>editurus,</strong></span> <span class='ocrx_word' id='word_1_57' title='bbox 1019 2342 1143 2397; x_wconf 89' lang='lat' dir='ltr'><strong>illas</strong></span> <span class='ocrx_word' id='word_1_58' title='bbox 1172 2356 1393 2412; x_wconf 91' lang='lat' dir='ltr'><strong>quoque</strong></span> <span class='ocrx_word' id='word_1_59' title='bbox 1428 2342 1662 2396; x_wconf 75' lang='lat' dir='ltr'><strong>leviores</strong></span> <span class='ocrx_word' id='word_1_60' title='bbox 1693 2350 1878 2410; x_wconf 90' lang='lat' dir='ltr'><strong>partes</strong></span> <span class='ocrx_word' id='word_1_61' title='bbox 1908 2340 2263 2394; x_wconf 83' lang='lat' dir='ltr'><strong>associandas</strong></span> <span class='ocrx_word' id='word_1_62' title='bbox 2293 2340 2499 2407; x_wconf 85' lang='lat' dir='ltr'><strong>putavi,</strong></span> <span class='ocrx_word' id='word_1_63' title='bbox 2550 2356 2618 2395; x_wconf 93' lang='lat' dir='ltr'><strong>ne</strong></span> <span class='ocrx_word' id='word_1_64' title='bbox 2660 2338 2979 2397; x_wconf 87' lang='lat' dir='ltr'><strong>Theodorus</strong></span> <span class='ocrx_word' id='word_1_65' title='bbox 3026 2343 3276 2399; x_wconf 78' lang='lat' dir='ltr'><strong>videlicet</strong></span> 
     </span>
    </p>
   </div>
   <div class='ocr_carea' id='block_1_12' title="bbox 28 2431 3275 2505">
    <p class='ocr_par' dir='ltr' id='par_1_12' title="bbox 28 2431 3275 2505">
     <span class='ocr_line' id='line_1_12' title="bbox 28 2431 3275 2505; baseline -0.003 -7"><span class='ocrx_word' id='word_1_66' title='bbox 28 2459 121 2499; x_wconf 84' lang='lat' dir='ltr'><strong>sua</strong></span> <span class='ocrx_word' id='word_1_67' title='bbox 153 2439 407 2494; x_wconf 87' lang='lat' dir='ltr'><strong>membra</strong></span> <span class='ocrx_word' id='word_1_68' title='bbox 442 2435 736 2498; x_wconf 78' lang='lat' dir='ltr'><strong>desideret,</strong></span> <span class='ocrx_word' id='word_1_69' title='bbox 770 2448 893 2503; x_wconf 62' lang='lat' dir='ltr'><strong>quae</strong></span> <span class='ocrx_word' id='word_1_70' title='bbox 928 2434 984 2487; x_wconf 91' lang='lat' dir='ltr'><strong>in</strong></span> <span class='ocrx_word' id='word_1_71' title='bbox 1027 2435 1161 2488; x_wconf 90' lang='lat' dir='ltr'><strong>tomi</strong></span> <span class='ocrx_word' id='word_1_72' title='bbox 1210 2433 1642 2505; x_wconf 86' lang='lat' dir='ltr'><strong>angulojamdiu</strong></span> <span class='ocrx_word' id='word_1_73' title='bbox 1677 2431 1929 2487; x_wconf 85' lang='lat' dir='ltr'><strong>distracti</strong></span> <span class='ocrx_word' id='word_1_74' title='bbox 1967 2431 2255 2492; x_wconf 89' lang='lat' dir='ltr'><strong>collocata,</strong></span> <span class='ocrx_word' id='word_1_75' title='bbox 2286 2439 2340 2485; x_wconf 90' lang='lat' dir='ltr'><strong>et</strong></span> <span class='ocrx_word' id='word_1_76' title='bbox 2369 2446 2492 2485; x_wconf 91' lang='lat' dir='ltr'><strong>cum</strong></span> <span class='ocrx_word' id='word_1_77' title='bbox 2523 2431 2664 2487; x_wconf 90' lang='lat' dir='ltr'><strong>idem</strong></span> <span class='ocrx_word' id='word_1_78' title='bbox 2714 2442 2893 2489; x_wconf 91' lang='lat' dir='ltr'><strong>tomus</strong></span> <span class='ocrx_word' id='word_1_79' title='bbox 2920 2433 3275 2489; x_wconf 86' lang='lat' dir='ltr'><strong>recuderetur</strong></span> 
     </span>
    </p>
   </div>
   <div class='ocr_carea' id='block_1_13' title="bbox 25 2522 3279 2597">
    <p class='ocr_par' dir='ltr' id='par_1_13' title="bbox 25 2522 3279 2597">
     <span class='ocr_line' id='line_1_13' title="bbox 25 2522 3279 2597; baseline -0.001 -14"><span class='ocrx_word' id='word_1_80' title='bbox 25 2537 245 2596; x_wconf 74' lang='lat' dir='ltr'><strong>omissa,</strong></span> <span class='ocrx_word' id='word_1_81' title='bbox 297 2528 551 2597; x_wconf 82' lang='lat' dir='ltr'><strong>nuspiam</strong></span> <span class='ocrx_word' id='word_1_82' title='bbox 594 2524 964 2594; x_wconf 63' lang='lat' dir='ltr'><strong>quaerentibus</strong></span> <span class='ocrx_word' id='word_1_83' title='bbox 1007 2525 1165 2579; x_wconf 84' lang='lat' dir='ltr'><strong>hodie</strong></span> <span class='ocrx_word' id='word_1_84' title='bbox 1206 2532 1490 2595; x_wconf 81' lang='lat' dir='ltr'><strong>apparent.</strong></span> <span class='ocrx_word' id='word_1_85' title='bbox 1540 2522 1655 2578; x_wconf 88' lang='lat' dir='ltr'><strong>lloc</strong></span> <span class='ocrx_word' id='word_1_86' title='bbox 1702 2531 1961 2591; x_wconf 90' lang='lat' dir='ltr'><strong>suscepto</strong></span> <span class='ocrx_word' id='word_1_87' title='bbox 1997 2523 2253 2587; x_wconf 89' lang='lat' dir='ltr'><strong>consilio,</strong></span> <span class='ocrx_word' id='word_1_88' title='bbox 2302 2523 2388 2574; x_wconf 85' lang='lat' dir='ltr'><strong>illa</strong></span> <span class='ocrx_word' id='word_1_89' title='bbox 2430 2522 2636 2591; x_wconf 88' lang='lat' dir='ltr'><strong>pariter</strong></span> <span class='ocrx_word' id='word_1_90' title='bbox 2676 2526 2926 2593; x_wconf 79' lang='lat' dir='ltr'><strong>prommii</strong></span> <span class='ocrx_word' id='word_1_91' title='bbox 2971 2525 3075 2579; x_wconf 90' lang='lat' dir='ltr'><strong>mei</strong></span> <span class='ocrx_word' id='word_1_92' title='bbox 3123 2537 3279 2595; x_wconf 87' lang='lat' dir='ltr'><strong>repe-</strong></span> 
     </span>
    </p>
   </div>
   <div class='ocr_carea' id='block_1_14' title="bbox 27 2616 3278 2693">
    <p class='ocr_par' dir='ltr' id='par_1_14' title="bbox 27 2616 3278 2693">
     <span class='ocr_line' id='line_1_14' title="bbox 27 2616 3278 2693; baseline -0 -15"><span class='ocrx_word' id='word_1_93' title='bbox 27 2626 179 2680; x_wconf 72' lang='lat' dir='ltr'><strong>tenda</strong></span> <span class='ocrx_word' id='word_1_94' title='bbox 218 2638 355 2693; x_wconf 86' lang='lat' dir='ltr'><strong>pars</strong></span> <span class='ocrx_word' id='word_1_95' title='bbox 391 2620 512 2681; x_wconf 87' lang='lat' dir='ltr'><strong>fuit,</strong></span> <span class='ocrx_word' id='word_1_96' title='bbox 546 2632 667 2687; x_wconf 71' lang='lat' dir='ltr'><strong>qua:</strong></span> <span class='ocrx_word' id='word_1_97' title='bbox 691 2616 759 2671; x_wconf 88' lang='lat' dir='ltr'><strong>de</strong></span> <span class='ocrx_word' id='word_1_98' title='bbox 793 2620 897 2674; x_wconf 91' lang='lat' dir='ltr'><strong>hoc</strong></span> <span class='ocrx_word' id='word_1_99' title='bbox 925 2618 1199 2674; x_wconf 87' lang='lat' dir='ltr'><strong>Theodori</strong></span> <span class='ocrx_word' id='word_1_100' title='bbox 1230 2635 1395 2690; x_wconf 82' lang='lat' dir='ltr'><strong>Opere</strong></span> <span class='ocrx_word' id='word_1_101' title='bbox 1429 2620 1693 2689; x_wconf 85' lang='lat' dir='ltr'><strong>loquitur,</strong></span> <span class='ocrx_word' id='word_1_102' title='bbox 1739 2619 2107 2689; x_wconf 59' lang='lat' dir='ltr'><strong>praetermissa</strong></span> <span class='ocrx_word' id='word_1_103' title='bbox 2160 2628 2337 2671; x_wconf 89' lang='lat' dir='ltr'><strong>tamen</strong></span> <span class='ocrx_word' id='word_1_104' title='bbox 2375 2618 2443 2673; x_wconf 91' lang='lat' dir='ltr'><strong>de</strong></span> <span class='ocrx_word' id='word_1_105' title='bbox 2481 2620 2708 2689; x_wconf 79' lang='lat' dir='ltr'><strong>reliquis</strong></span> <span class='ocrx_word' id='word_1_106' title='bbox 2738 2620 2981 2689; x_wconf 82' lang='lat' dir='ltr'><strong>ejusdem</strong></span> <span class='ocrx_word' id='word_1_107' title='bbox 3018 2624 3278 2690; x_wconf 83' lang='lat' dir='ltr'><strong>operibus</strong></span> 
     </span>
    </p>
   </div>
   <div class='ocr_carea' id='block_1_15' title="bbox 26 2716 3281 2795">
    <p class='ocr_par' dir='ltr' id='par_1_15' title="bbox 26 2716 3281 2795">
     <span class='ocr_line' id='line_1_15' title="bbox 26 2716 3281 2795; baseline -0.002 -16"><span class='ocrx_word' id='word_1_108' title='bbox 26 2724 416 2795; x_wconf 81' lang='lat' dir='ltr'><strong>disputatione.</strong></span> <span class='ocrx_word' id='word_1_109' title='bbox 444 2717 764 2772; x_wconf 79' lang='lat' dir='ltr'><strong>Theodorus</strong></span> <span class='ocrx_word' id='word_1_110' title='bbox 802 2717 967 2788; x_wconf 77' lang='lat' dir='ltr'><strong>igitur</strong></span> <span class='ocrx_word' id='word_1_111' title='bbox 988 2717 1155 2771; x_wconf 80' lang='lat' dir='ltr'><strong>nobili</strong></span> <span class='ocrx_word' id='word_1_112' title='bbox 1182 2732 1380 2785; x_wconf 82' lang='lat' dir='ltr'><strong>genere</strong></span> <span class='ocrx_word' id='word_1_113' title='bbox 1407 2718 1712 2771; x_wconf 79' lang='lat' dir='ltr'><strong>Antiochiae</strong></span> <span class='ocrx_word' id='word_1_114' title='bbox 1750 2726 1911 2772; x_wconf 87' lang='lat' dir='ltr'><strong>natus</strong></span> <span class='ocrx_word' id='word_1_115' title='bbox 1938 2726 2042 2781; x_wconf 87' lang='lat' dir='ltr'><strong>est,</strong></span> <span class='ocrx_word' id='word_1_116' title='bbox 2070 2716 2285 2771; x_wconf 87' lang='lat' dir='ltr'><strong>Libanii</strong></span> <span class='ocrx_word' id='word_1_117' title='bbox 2312 2717 2366 2770; x_wconf 89' lang='lat' dir='ltr'><strong>in</strong></span> <span class='ocrx_word' id='word_1_118' title='bbox 2399 2716 2739 2786; x_wconf 84' lang='lat' dir='ltr'><strong>eloquentia,</strong></span> <span class='ocrx_word' id='word_1_119' title='bbox 2777 2716 3021 2773; x_wconf 82' lang='lat' dir='ltr'><strong>Flaviani</strong></span> <span class='ocrx_word' id='word_1_120' title='bbox 3063 2735 3127 2774; x_wconf 89' lang='lat' dir='ltr'><strong>ac</strong></span> <span class='ocrx_word' id='word_1_121' title='bbox 3153 2720 3281 2774; x_wconf 91' lang='lat' dir='ltr'><strong>Dio-</strong></span> 
     </span>
    </p>
   </div>
   <div class='ocr_carea' id='block_1_16' title="bbox 30 2806 3284 2877">
    <p class='ocr_par' dir='ltr' id='par_1_16' title="bbox 30 2806 3284 2877">
     <span class='ocr_line' id='line_1_16' title="bbox 30 2806 3284 2877; baseline -0 -8"><span class='ocrx_word' id='word_1_122' title='bbox 30 2821 134 2872; x_wconf 85' lang='lat' dir='ltr'><strong>dori</strong></span> <span class='ocrx_word' id='word_1_123' title='bbox 174 2825 231 2873; x_wconf 91' lang='lat' dir='ltr'><strong>et</strong></span> <span class='ocrx_word' id='word_1_124' title='bbox 276 2812 515 2871; x_wconf 87' lang='lat' dir='ltr'><strong>Carterii</strong></span> <span class='ocrx_word' id='word_1_125' title='bbox 543 2812 596 2865; x_wconf 92' lang='lat' dir='ltr'><strong>in</strong></span> <span class='ocrx_word' id='word_1_126' title='bbox 637 2807 909 2877; x_wconf 81' lang='lat' dir='ltr'><strong>theologia</strong></span> <span class='ocrx_word' id='word_1_127' title='bbox 937 2806 1262 2876; x_wconf 86' lang='lat' dir='ltr'><strong>discipulus,</strong></span> <span class='ocrx_word' id='word_1_128' title='bbox 1305 2807 1701 2876; x_wconf 88' lang='lat' dir='ltr'><strong>philosophicis</strong></span> <span class='ocrx_word' id='word_1_129' title='bbox 1746 2821 1966 2877; x_wconf 89' lang='lat' dir='ltr'><strong>quoque</strong></span> <span class='ocrx_word' id='word_1_130' title='bbox 1992 2807 2263 2861; x_wconf 88' lang='lat' dir='ltr'><strong>doctrinis</strong></span> <span class='ocrx_word' id='word_1_131' title='bbox 2299 2807 2514 2861; x_wconf 85' lang='lat' dir='ltr'><strong>abunde</strong></span> <span class='ocrx_word' id='word_1_132' title='bbox 2549 2810 2867 2876; x_wconf 89' lang='lat' dir='ltr'><strong>instructus,</strong></span> <span class='ocrx_word' id='word_1_133' title='bbox 2898 2820 2950 2865; x_wconf 87' lang='lat' dir='ltr'><strong>et</strong></span> <span class='ocrx_word' id='word_1_134' title='bbox 2985 2812 3056 2867; x_wconf 90' lang='lat' dir='ltr'><strong>ob</strong></span> <span class='ocrx_word' id='word_1_135' title='bbox 3094 2814 3284 2867; x_wconf 84' lang='lat' dir='ltr'><strong>multi-</strong></span> 
     </span>
    </p>
   </div>
   <div class='ocr_carea' id='block_1_17' title="bbox 32 2896 3285 2975">
    <p class='ocr_par' dir='ltr' id='par_1_17' title="bbox 32 2896 3285 2975">
     <span class='ocr_line' id='line_1_17' title="bbox 32 2896 3285 2975; baseline -0.001 -15"><span class='ocrx_word' id='word_1_136' title='bbox 32 2910 216 2975; x_wconf 82' lang='lat' dir='ltr'><strong>plicem</strong></span> <span class='ocrx_word' id='word_1_137' title='bbox 279 2906 571 2962; x_wconf 81' lang='lat' dir='ltr'><strong>scientiam</strong></span> <span class='ocrx_word' id='word_1_138' title='bbox 626 2900 928 2971; x_wconf 84' lang='lat' dir='ltr'><strong>polyhistor</strong></span> <span class='ocrx_word' id='word_1_139' title='bbox 997 2900 1213 2959; x_wconf 91' lang='lat' dir='ltr'><strong>dictus,</strong></span> <span class='ocrx_word' id='word_1_140' title='bbox 1269 2898 1834 2971; x_wconf 84' lang='lat' dir='ltr'><strong>Joan.Chrysostomi</strong></span> <span class='ocrx_word' id='word_1_141' title='bbox 1884 2898 2297 2967; x_wconf 89' lang='lat' dir='ltr'><strong>condiscipulus</strong></span> <span class='ocrx_word' id='word_1_142' title='bbox 2349 2913 2414 2952; x_wconf 86' lang='lat' dir='ltr'><strong>ac</strong></span> <span class='ocrx_word' id='word_1_143' title='bbox 2465 2896 2791 2965; x_wconf 82' lang='lat' dir='ltr'><strong>familiaris;</strong></span> <span class='ocrx_word' id='word_1_144' title='bbox 2846 2915 2955 2970; x_wconf 89' lang='lat' dir='ltr'><strong>quo</strong></span> <span class='ocrx_word' id='word_1_145' title='bbox 3004 2900 3285 2958; x_wconf 84' lang='lat' dir='ltr'><strong>hortatore</strong></span> 
     </span>
    </p>
   </div>
   <div class='ocr_carea' id='block_1_18' title="bbox 32 2987 3281 3069">
    <p class='ocr_par' dir='ltr' id='par_1_18' title="bbox 32 2987 3281 3069">
     <span class='ocr_line' id='line_1_18' title="bbox 32 2987 3281 3069; baseline -0.001 -18"><span class='ocrx_word' id='word_1_146' title='bbox 32 3004 355 3060; x_wconf 73' lang='lat' dir='ltr'><strong>Theodorus</strong></span> <span class='ocrx_word' id='word_1_147' title='bbox 388 2998 587 3069; x_wconf 89' lang='lat' dir='ltr'><strong>prioris</strong></span> <span class='ocrx_word' id='word_1_148' title='bbox 617 3010 647 3049; x_wconf 88' lang='lat' dir='ltr'><strong>a</strong></span> <span class='ocrx_word' id='word_1_149' title='bbox 682 3010 740 3049; x_wconf 90' lang='lat' dir='ltr'><strong>se</strong></span> <span class='ocrx_word' id='word_1_150' title='bbox 764 2989 999 3043; x_wconf 69' lang='lat' dir='ltr'><strong>luxuria:</strong></span> <span class='ocrx_word' id='word_1_151' title='bbox 1028 2987 1400 3042; x_wconf 85' lang='lat' dir='ltr'><strong>blandimenta</strong></span> <span class='ocrx_word' id='word_1_152' title='bbox 1431 2989 1674 3058; x_wconf 88' lang='lat' dir='ltr'><strong>depulit;</strong></span> <span class='ocrx_word' id='word_1_153' title='bbox 1715 2988 2043 3043; x_wconf 87' lang='lat' dir='ltr'><strong>Theodoreti</strong></span> <span class='ocrx_word' id='word_1_154' title='bbox 2080 2989 2312 3058; x_wconf 84' lang='lat' dir='ltr'><strong>(utinam</strong></span> <span class='ocrx_word' id='word_1_155' title='bbox 2348 3004 2455 3043; x_wconf 90' lang='lat' dir='ltr'><strong>non</strong></span> <span class='ocrx_word' id='word_1_156' title='bbox 2483 2996 2539 3042; x_wconf 91' lang='lat' dir='ltr'><strong>et</strong></span> <span class='ocrx_word' id='word_1_157' title='bbox 2568 2989 2801 3045; x_wconf 87' lang='lat' dir='ltr'><strong>Nestorii</strong></span> <span class='ocrx_word' id='word_1_158' title='bbox 2837 3006 2901 3045; x_wconf 87' lang='lat' dir='ltr'><strong>ac</strong></span> <span class='ocrx_word' id='word_1_159' title='bbox 2942 2990 3216 3047; x_wconf 81' lang='lat' dir='ltr'><strong>Barsuma:</strong></span> <span class='ocrx_word' id='word_1_160' title='bbox 3244 2997 3281 3061; x_wconf 68' lang='grc' dir='ltr'><strong>ε)</strong></span> 
     </span>
    </p>
   </div>
   <div class='ocr_carea' id='block_1_19' title="bbox 36 3083 3285 3172">
    <p class='ocr_par' dir='ltr' id='par_1_19' title="bbox 36 3083 3285 3172">
     <span class='ocr_line' id='line_1_19' title="bbox 36 3083 3285 3172; baseline -0.003 -20"><span class='ocrx_word' id='word_1_161' title='bbox 36 3103 325 3172; x_wconf 79' lang='lat' dir='ltr'><strong>magister;</strong></span> <span class='ocrx_word' id='word_1_162' title='bbox 350 3099 655 3156; x_wconf 66' lang='lat' dir='ltr'><strong>limreseon,</strong></span> <span class='ocrx_word' id='word_1_163' title='bbox 684 3088 953 3157; x_wconf 84' lang='lat' dir='ltr'><strong>Origenis,</strong></span> <span class='ocrx_word' id='word_1_164' title='bbox 981 3086 1115 3149; x_wconf 85' lang='lat' dir='ltr'><strong>Arii,</strong></span> <span class='ocrx_word' id='word_1_165' title='bbox 1140 3085 1496 3157; x_wconf 83' lang='lat' dir='ltr'><strong>Apollinaris,</strong></span> <span class='ocrx_word' id='word_1_166' title='bbox 1521 3085 1798 3149; x_wconf 88' lang='lat' dir='ltr'><strong>Eunomii,</strong></span> <span class='ocrx_word' id='word_1_167' title='bbox 1824 3084 2056 3140; x_wconf 63' lang='lat' dir='ltr'><strong>Persica:</strong></span> <span class='ocrx_word' id='word_1_168' title='bbox 2089 3085 2253 3139; x_wconf 74' lang='lat' dir='ltr'><strong>etiam</strong></span> <span class='ocrx_word' id='word_1_169' title='bbox 2288 3086 2476 3155; x_wconf 69' lang='lat' dir='ltr'><strong>magiae</strong></span> <span class='ocrx_word' id='word_1_170' title='bbox 2502 3094 2554 3138; x_wconf 90' lang='lat' dir='ltr'><strong>et</strong></span> <span class='ocrx_word' id='word_1_171' title='bbox 2584 3083 2785 3139; x_wconf 85' lang='lat' dir='ltr'><strong>Juliani</strong></span> <span class='ocrx_word' id='word_1_172' title='bbox 2810 3085 3082 3155; x_wconf 81' lang='lat' dir='ltr'><strong>Apostata:</strong></span> <span class='ocrx_word' id='word_1_173' title='bbox 3109 3102 3285 3157; x_wconf 45' lang='lat' dir='ltr'><strong>oppu-</strong></span> 
     </span>
    </p>
   </div>
   <div class='ocr_carea' id='block_1_20' title="bbox 38 3181 3291 3261">
    <p class='ocr_par' dir='ltr' id='par_1_20' title="bbox 38 3181 3291 3261">
     <span class='ocr_line' id='line_1_20' title="bbox 38 3181 3291 3261; baseline -0.002 -14"><span class='ocrx_word' id='word_1_174' title='bbox 38 3203 253 3261; x_wconf 78' lang='lat' dir='ltr'><strong>gnator;</strong></span> <span class='ocrx_word' id='word_1_175' title='bbox 283 3190 357 3243; x_wconf 88' lang='lat' dir='ltr'><strong>ab</strong></span> <span class='ocrx_word' id='word_1_176' title='bbox 390 3185 762 3243; x_wconf 82' lang='lat' dir='ltr'><strong>Orientalibus</strong></span> <span class='ocrx_word' id='word_1_177' title='bbox 792 3183 1074 3254; x_wconf 72' lang='lat' dir='ltr'><strong>sapientiae</strong></span> <span class='ocrx_word' id='word_1_178' title='bbox 1106 3198 1277 3247; x_wconf 88' lang='lat' dir='ltr'><strong>mare,</strong></span> <span class='ocrx_word' id='word_1_179' title='bbox 1308 3194 1361 3237; x_wconf 91' lang='lat' dir='ltr'><strong>et</strong></span> <span class='ocrx_word' id='word_1_180' title='bbox 1390 3182 1798 3253; x_wconf 87' lang='lat' dir='ltr'><strong>Scripturarum</strong></span> <span class='ocrx_word' id='word_1_181' title='bbox 1824 3182 2096 3251; x_wconf 88' lang='lat' dir='ltr'><strong>interpres</strong></span> <span class='ocrx_word' id='word_1_182' title='bbox 2130 3181 2250 3234; x_wconf 77' lang='grc' dir='ltr'><strong>κατ’</strong></span> <span class='ocrx_word' id='word_1_183' title='bbox 2273 3181 2469 3251; x_wconf 80' lang='grc' dir='ltr'>ἐξοχὴν</span> <span class='ocrx_word' id='word_1_184' title='bbox 2497 3181 2696 3246; x_wconf 88' lang='lat' dir='ltr'><strong>dictus,</strong></span> <span class='ocrx_word' id='word_1_185' title='bbox 2730 3183 2997 3238; x_wconf 74' lang='lat' dir='ltr'><strong>universa:</strong></span> <span class='ocrx_word' id='word_1_186' title='bbox 3030 3183 3291 3240; x_wconf 74' lang='lat' dir='ltr'><strong>Ecclesia:</strong></span> 
     </span>
    </p>
   </div>
   <div class='ocr_carea' id='block_1_21' title="bbox 40 3271 3290 3348">
    <p class='ocr_par' dir='ltr' id='par_1_21' title="bbox 40 3271 3290 3348">
     <span class='ocr_line' id='line_1_21' title="bbox 40 3271 3290 3348; baseline -0.002 -13"><span class='ocrx_word' id='word_1_187' title='bbox 40 3285 215 3337; x_wconf 71' lang='lat' dir='ltr'><strong>lector</strong></span> <span class='ocrx_word' id='word_1_188' title='bbox 250 3278 530 3335; x_wconf 88' lang='lat' dir='ltr'><strong>interdum</strong></span> <span class='ocrx_word' id='word_1_189' title='bbox 561 3276 884 3348; x_wconf 85' lang='lat' dir='ltr'><strong>appellatus,</strong></span> <span class='ocrx_word' id='word_1_190' title='bbox 917 3287 972 3332; x_wconf 89' lang='lat' dir='ltr'><strong>et</strong></span> <span class='ocrx_word' id='word_1_191' title='bbox 993 3274 1169 3345; x_wconf 79' lang='lat' dir='ltr'><strong>Magni</strong></span> <span class='ocrx_word' id='word_1_192' title='bbox 1196 3274 1433 3343; x_wconf 90' lang='lat' dir='ltr'><strong>denique</strong></span> <span class='ocrx_word' id='word_1_193' title='bbox 1465 3282 1829 3343; x_wconf 90' lang='lat' dir='ltr'><strong>cognomento</strong></span> <span class='ocrx_word' id='word_1_194' title='bbox 1870 3272 2107 3327; x_wconf 85' lang='lat' dir='ltr'><strong>donatus</strong></span> <span class='ocrx_word' id='word_1_195' title='bbox 2136 3272 2235 3343; x_wconf 92' lang='lat' dir='ltr'><strong>(a).</strong></span> <span class='ocrx_word' id='word_1_196' title='bbox 2260 3273 2437 3342; x_wconf 84' lang='lat' dir='ltr'><strong>Atque</strong></span> <span class='ocrx_word' id='word_1_197' title='bbox 2468 3287 2571 3343; x_wconf 89' lang='lat' dir='ltr'><strong>ego</strong></span> <span class='ocrx_word' id='word_1_198' title='bbox 2596 3272 2779 3326; x_wconf 85' lang='lat' dir='ltr'><strong>statim</strong></span> <span class='ocrx_word' id='word_1_199' title='bbox 2813 3271 3079 3329; x_wconf 83' lang='lat' dir='ltr'><strong>confiteor</strong></span> <span class='ocrx_word' id='word_1_200' title='bbox 3112 3273 3290 3329; x_wconf 87' lang='lat' dir='ltr'><strong>Theo-</strong></span> 
     </span>
    </p>
   </div>
   <div class='ocr_carea' id='block_1_22' title="bbox 36 3364 3288 3441">
    <p class='ocr_par' dir='ltr' id='par_1_22' title="bbox 36 3364 3288 3441">
     <span class='ocr_line' id='line_1_22' title="bbox 36 3364 3288 3441; baseline -0.003 -13"><span class='ocrx_word' id='word_1_201' title='bbox 36 3375 142 3428; x_wconf 83' lang='lat' dir='ltr'><strong>dori</strong></span> <span class='ocrx_word' id='word_1_202' title='bbox 181 3373 397 3441; x_wconf 83' lang='lat' dir='ltr'><strong>scripta</strong></span> <span class='ocrx_word' id='word_1_203' title='bbox 432 3368 599 3423; x_wconf 84' lang='lat' dir='ltr'><strong>variis</strong></span> <span class='ocrx_word' id='word_1_204' title='bbox 629 3366 909 3421; x_wconf 87' lang='lat' dir='ltr'><strong>erroribus</strong></span> <span class='ocrx_word' id='word_1_205' title='bbox 951 3366 1121 3420; x_wconf 90' lang='lat' dir='ltr'><strong>fuisse</strong></span> <span class='ocrx_word' id='word_1_206' title='bbox 1160 3381 1492 3435; x_wconf 78' lang='lat' dir='ltr'><strong>conspersa;</strong></span> <span class='ocrx_word' id='word_1_207' title='bbox 1526 3367 1781 3436; x_wconf 90' lang='lat' dir='ltr'><strong>justeque</strong></span> <span class='ocrx_word' id='word_1_208' title='bbox 1820 3381 1944 3421; x_wconf 88' lang='lat' dir='ltr'><strong>eum</strong></span> <span class='ocrx_word' id='word_1_209' title='bbox 1986 3367 2040 3420; x_wconf 90' lang='lat' dir='ltr'><strong>in</strong></span> <span class='ocrx_word' id='word_1_210' title='bbox 2089 3366 2382 3430; x_wconf 62' lang='lat' dir='ltr'><strong>haereseos,</strong></span> <span class='ocrx_word' id='word_1_211' title='bbox 2426 3366 2471 3419; x_wconf 87' lang='lat' dir='ltr'><strong>si</strong></span> <span class='ocrx_word' id='word_1_212' title='bbox 2514 3380 2622 3420; x_wconf 92' lang='lat' dir='ltr'><strong>non</strong></span> <span class='ocrx_word' id='word_1_213' title='bbox 2664 3364 3000 3435; x_wconf 89' lang='lat' dir='ltr'><strong>pertinacem</strong></span> <span class='ocrx_word' id='word_1_214' title='bbox 3049 3366 3288 3436; x_wconf 88' lang='lat' dir='ltr'><strong>culpam,</strong></span> 
     </span>
    </p>
   </div>
   <div class='ocr_carea' id='block_1_23' title="bbox 36 3460 3288 3535">
    <p class='ocr_par' dir='ltr' id='par_1_23' title="bbox 36 3460 3288 3535">
     <span class='ocr_line' id='line_1_23' title="bbox 36 3460 3288 3535; baseline -0.004 -6"><span class='ocrx_word' id='word_1_215' title='bbox 36 3483 174 3529; x_wconf 79' lang='lat' dir='ltr'><strong>certe</strong></span> <span class='ocrx_word' id='word_1_216' title='bbox 207 3471 518 3529; x_wconf 85' lang='lat' dir='ltr'><strong>errantiam</strong></span> <span class='ocrx_word' id='word_1_217' title='bbox 550 3479 803 3522; x_wconf 84' lang='lat' dir='ltr'><strong>vocatum</strong></span> <span class='ocrx_word' id='word_1_218' title='bbox 831 3506 844 3529; x_wconf 95' lang='lat'><strong>,</strong></span> <span class='ocrx_word' id='word_1_219' title='bbox 893 3476 1002 3518; x_wconf 89' lang='lat' dir='ltr'><strong>tum</strong></span> <span class='ocrx_word' id='word_1_220' title='bbox 1033 3466 1161 3533; x_wconf 85' lang='lat' dir='ltr'><strong>quia</strong></span> <span class='ocrx_word' id='word_1_221' title='bbox 1204 3465 1259 3519; x_wconf 92' lang='lat' dir='ltr'><strong>id</strong></span> <span class='ocrx_word' id='word_1_222' title='bbox 1307 3467 1423 3535; x_wconf 87' lang='lat' dir='ltr'><strong>ipse</strong></span> <span class='ocrx_word' id='word_1_223' title='bbox 1456 3474 1649 3519; x_wconf 85' lang='lat' dir='ltr'><strong>auctor</strong></span> <span class='ocrx_word' id='word_1_224' title='bbox 1683 3466 1957 3519; x_wconf 81' lang='lat' dir='ltr'><strong>interdum</strong></span> <span class='ocrx_word' id='word_1_225' title='bbox 1991 3463 2285 3520; x_wconf 88' lang='lat' dir='ltr'><strong>confessus</strong></span> <span class='ocrx_word' id='word_1_226' title='bbox 2326 3462 2523 3534; x_wconf 89' lang='lat' dir='ltr'><strong>est(b);</strong></span> <span class='ocrx_word' id='word_1_227' title='bbox 2566 3469 2683 3515; x_wconf 90' lang='lat' dir='ltr'><strong>tum</strong></span> <span class='ocrx_word' id='word_1_228' title='bbox 2710 3460 2839 3531; x_wconf 86' lang='lat' dir='ltr'><strong>quia</strong></span> <span class='ocrx_word' id='word_1_229' title='bbox 2867 3463 3118 3532; x_wconf 80' lang='lat' dir='ltr'><strong>graviora</strong></span> <span class='ocrx_word' id='word_1_230' title='bbox 3166 3474 3288 3519; x_wconf 87' lang='lat' dir='ltr'><strong>sunt</strong></span> 
     </span>
    </p>
   </div>
   <div class='ocr_carea' id='block_1_24' title="bbox 38 3556 3294 3635">
    <p class='ocr_par' dir='ltr' id='par_1_24' title="bbox 38 3556 3294 3635">
     <span class='ocr_line' id='line_1_24' title="bbox 38 3556 3294 3635; baseline -0.002 -16"><span class='ocrx_word' id='word_1_231' title='bbox 38 3583 191 3635; x_wconf 86' lang='lat' dir='ltr'><strong>quam</strong></span> <span class='ocrx_word' id='word_1_232' title='bbox 231 3574 289 3619; x_wconf 89' lang='lat' dir='ltr'><strong>ut</strong></span> <span class='ocrx_word' id='word_1_233' title='bbox 319 3563 527 3619; x_wconf 78' lang='lat' dir='ltr'><strong>elevari</strong></span> <span class='ocrx_word' id='word_1_234' title='bbox 563 3562 776 3631; x_wconf 89' lang='lat' dir='ltr'><strong>possint</strong></span> <span class='ocrx_word' id='word_1_235' title='bbox 816 3562 1123 3616; x_wconf 85' lang='lat' dir='ltr'><strong>testimonia</strong></span> <span class='ocrx_word' id='word_1_236' title='bbox 1152 3560 1203 3614; x_wconf 90' lang='lat' dir='ltr'><strong>in</strong></span> <span class='ocrx_word' id='word_1_237' title='bbox 1236 3576 1361 3615; x_wconf 93' lang='lat' dir='ltr'><strong>eum</strong></span> <span class='ocrx_word' id='word_1_238' title='bbox 1388 3560 1533 3614; x_wconf 83' lang='lat' dir='ltr'><strong>dicta</strong></span> <span class='ocrx_word' id='word_1_239' title='bbox 1574 3578 1601 3613; x_wconf 77' lang='grc' dir='ltr'>τι</span> <span class='ocrx_word' id='word_1_240' title='bbox 1638 3560 1696 3615; x_wconf 91' lang='lat' dir='ltr'><strong>S.</strong></span> <span class='ocrx_word' id='word_1_241' title='bbox 1725 3562 1929 3632; x_wconf 79' lang='lat' dir='ltr'><strong>Cyrillo</strong></span> <span class='ocrx_word' id='word_1_242' title='bbox 1964 3561 2017 3615; x_wconf 92' lang='lat' dir='ltr'><strong>in</strong></span> <span class='ocrx_word' id='word_1_243' title='bbox 2054 3560 2295 3628; x_wconf 78' lang='lat' dir='ltr'><strong>Epistota</strong></span> <span class='ocrx_word' id='word_1_244' title='bbox 2330 3558 2398 3613; x_wconf 87' lang='lat' dir='ltr'><strong>ad</strong></span> <span class='ocrx_word' id='word_1_245' title='bbox 2441 3556 2709 3620; x_wconf 77' lang='lat' dir='ltr'><strong>Proetum,</strong></span> <span class='ocrx_word' id='word_1_246' title='bbox 2758 3572 2787 3610; x_wconf 90' lang='lat' dir='ltr'><strong>a</strong></span> <span class='ocrx_word' id='word_1_247' title='bbox 2828 3557 3055 3614; x_wconf 83' lang='lat' dir='ltr'><strong>Leontio</strong></span> <span class='ocrx_word' id='word_1_248' title='bbox 3095 3558 3294 3616; x_wconf 81' lang='lat' dir='ltr'><strong>Contra</strong></span> 
     </span>
    </p>
   </div>
   <div class='ocr_carea' id='block_1_25' title="bbox 44 3648 3296 3723">
    <p class='ocr_par' dir='ltr' id='par_1_25' title="bbox 44 3648 3296 3723">
     <span class='ocr_line' id='line_1_25' title="bbox 44 3648 3296 3723; baseline 0 -16"><span class='ocrx_word' id='word_1_249' title='bbox 44 3656 185 3710; x_wconf 68' lang='lat' dir='ltr'><strong>Neu.</strong></span> <span class='ocrx_word' id='word_1_250' title='bbox 223 3656 327 3710; x_wconf 87' lang='lat' dir='ltr'><strong>lib.</strong></span> <span class='ocrx_word' id='word_1_251' title='bbox 360 3670 441 3717; x_wconf 87' lang='lat' dir='ltr'><strong>Ill,</strong></span> <span class='ocrx_word' id='word_1_252' title='bbox 472 3669 501 3705; x_wconf 90' lang='lat' dir='ltr'><strong>a</strong></span> <span class='ocrx_word' id='word_1_253' title='bbox 532 3652 764 3705; x_wconf 80' lang='lat' dir='ltr'><strong>Maximo</strong></span> <span class='ocrx_word' id='word_1_254' title='bbox 792 3651 845 3705; x_wconf 91' lang='lat' dir='ltr'><strong>in</strong></span> <span class='ocrx_word' id='word_1_255' title='bbox 874 3651 1154 3720; x_wconf 86' lang='lat' dir='ltr'><strong>opusculis</strong></span> <span class='ocrx_word' id='word_1_256' title='bbox 1181 3666 1234 3719; x_wconf 89' lang='lat' dir='ltr'><strong>p.</strong></span> <span class='ocrx_word' id='word_1_257' title='bbox 1273 3649 1363 3714; x_wconf 82' lang='grc'><strong>91,</strong></span> <span class='ocrx_word' id='word_1_258' title='bbox 1403 3667 1433 3704; x_wconf 90' lang='lat' dir='ltr'><strong>a</strong></span> <span class='ocrx_word' id='word_1_259' title='bbox 1458 3650 1773 3706; x_wconf 80' lang='lat' dir='ltr'><strong>Justiniano</strong></span> <span class='ocrx_word' id='word_1_260' title='bbox 1799 3654 1851 3705; x_wconf 91' lang='lat' dir='ltr'><strong>in</strong></span> <span class='ocrx_word' id='word_1_261' title='bbox 1888 3667 2045 3706; x_wconf 85' lang='lat' dir='ltr'><strong>sacra</strong></span> <span class='ocrx_word' id='word_1_262' title='bbox 2080 3652 2310 3723; x_wconf 90' lang='lat' dir='ltr'><strong>epistola</strong></span> <span class='ocrx_word' id='word_1_263' title='bbox 2354 3659 2408 3705; x_wconf 88' lang='lat' dir='ltr'><strong>et</strong></span> <span class='ocrx_word' id='word_1_264' title='bbox 2440 3651 2494 3703; x_wconf 93' lang='lat' dir='ltr'><strong>in</strong></span> <span class='ocrx_word' id='word_1_265' title='bbox 2541 3648 2629 3703; x_wconf 89' lang='lat' dir='ltr'><strong>illa</strong></span> <span class='ocrx_word' id='word_1_266' title='bbox 2658 3648 2950 3719; x_wconf 80' lang='lat' dir='ltr'><strong>prolixiore</strong></span> <span class='ocrx_word' id='word_1_267' title='bbox 2989 3665 3150 3719; x_wconf 88' lang='lat' dir='ltr'><strong>quam</strong></span> <span class='ocrx_word' id='word_1_268' title='bbox 3184 3654 3296 3720; x_wconf 86' lang='lat' dir='ltr'><strong>pri-</strong></span> 
     </span>
    </p>
   </div>
   <div class='ocr_carea' id='block_1_26' title="bbox 44 3743 3297 3817">
    <p class='ocr_par' dir='ltr' id='par_1_26' title="bbox 44 3743 3297 3817">
     <span class='ocr_line' id='line_1_26' title="bbox 44 3743 3297 3817; baseline -0.001 -14"><span class='ocrx_word' id='word_1_269' title='bbox 44 3765 153 3803; x_wconf 91' lang='lat' dir='ltr'><strong>mus</strong></span> <span class='ocrx_word' id='word_1_270' title='bbox 181 3747 494 3802; x_wconf 88' lang='lat' dir='ltr'><strong>Bandinius</strong></span> <span class='ocrx_word' id='word_1_271' title='bbox 524 3745 725 3813; x_wconf 85' lang='lat' dir='ltr'><strong>edidit;</strong></span> <span class='ocrx_word' id='word_1_272' title='bbox 767 3762 798 3800; x_wconf 90' lang='lat' dir='ltr'><strong>a</strong></span> <span class='ocrx_word' id='word_1_273' title='bbox 826 3745 1113 3801; x_wconf 90' lang='lat' dir='ltr'><strong>Theodoro</strong></span> <span class='ocrx_word' id='word_1_274' title='bbox 1145 3746 1509 3802; x_wconf 78' lang='lat' dir='ltr'><strong>Raithunensi</strong></span> <span class='ocrx_word' id='word_1_275' title='bbox 1549 3748 1602 3801; x_wconf 88' lang='lat' dir='ltr'><strong>in</strong></span> <span class='ocrx_word' id='word_1_276' title='bbox 1635 3749 1903 3817; x_wconf 83' lang='lat' dir='ltr'><strong>epusculo</strong></span> <span class='ocrx_word' id='word_1_277' title='bbox 1945 3749 2020 3803; x_wconf 88' lang='lat' dir='ltr'><strong>De</strong></span> <span class='ocrx_word' id='word_1_278' title='bbox 2053 3751 2283 3812; x_wconf 82' lang='lat' dir='ltr'><strong>iucarn..</strong></span> <span class='ocrx_word' id='word_1_279' title='bbox 2316 3763 2346 3802; x_wconf 85' lang='lat' dir='ltr'><strong>a</strong></span> <span class='ocrx_word' id='word_1_280' title='bbox 2382 3747 2553 3801; x_wconf 88' lang='lat' dir='ltr'><strong>Mario</strong></span> <span class='ocrx_word' id='word_1_281' title='bbox 2587 3743 2887 3800; x_wconf 78' lang='lat' dir='ltr'><strong>Mercatore</strong></span> <span class='ocrx_word' id='word_1_282' title='bbox 2928 3746 2982 3800; x_wconf 93' lang='lat' dir='ltr'><strong>in</strong></span> <span class='ocrx_word' id='word_1_283' title='bbox 3023 3749 3195 3815; x_wconf 71' lang='lat' dir='ltr'><strong>Actis,</strong></span> <span class='ocrx_word' id='word_1_284' title='bbox 3228 3752 3297 3804; x_wconf 79' lang='lat' dir='ltr'><strong>ab</strong></span> 
     </span>
    </p>
   </div>
   <div class='ocr_carea' id='block_1_27' title="bbox 46 3835 3297 3909">
    <p class='ocr_par' dir='ltr' id='par_1_27' title="bbox 46 3835 3297 3909">
     <span class='ocr_line' id='line_1_27' title="bbox 46 3835 3297 3909; baseline 0.002 -18"><span class='ocrx_word' id='word_1_285' title='bbox 46 3840 355 3894; x_wconf 83' lang='lat' dir='ltr'><strong>Hamartolo</strong></span> <span class='ocrx_word' id='word_1_286' title='bbox 382 3837 438 3890; x_wconf 94' lang='lat' dir='ltr'><strong>in</strong></span> <span class='ocrx_word' id='word_1_287' title='bbox 455 3835 725 3892; x_wconf 88' lang='lat' dir='ltr'><strong>Chronico</strong></span> <span class='ocrx_word' id='word_1_288' title='bbox 765 3837 993 3900; x_wconf 88' lang='lat' dir='ltr'><strong>inedito,</strong></span> <span class='ocrx_word' id='word_1_289' title='bbox 1029 3854 1059 3891; x_wconf 86' lang='lat' dir='ltr'><strong>a</strong></span> <span class='ocrx_word' id='word_1_290' title='bbox 1096 3835 1291 3891; x_wconf 86' lang='lat' dir='ltr'><strong>Photio</strong></span> <span class='ocrx_word' id='word_1_291' title='bbox 1328 3837 1383 3891; x_wconf 89' lang='lat' dir='ltr'><strong>in</strong></span> <span class='ocrx_word' id='word_1_292' title='bbox 1416 3836 1743 3890; x_wconf 81' lang='lat' dir='ltr'><strong>Bibliotheca</strong></span> <span class='ocrx_word' id='word_1_293' title='bbox 1770 3850 1822 3891; x_wconf 86' lang='lat' dir='ltr'><strong>et</strong></span> <span class='ocrx_word' id='word_1_294' title='bbox 1852 3838 1907 3891; x_wconf 93' lang='lat' dir='ltr'><strong>in</strong></span> <span class='ocrx_word' id='word_1_295' title='bbox 1934 3838 2201 3908; x_wconf 89' lang='lat' dir='ltr'><strong>epistolis,</strong></span> <span class='ocrx_word' id='word_1_296' title='bbox 2230 3846 2283 3892; x_wconf 90' lang='lat' dir='ltr'><strong>et</strong></span> <span class='ocrx_word' id='word_1_297' title='bbox 2317 3852 2347 3890; x_wconf 91' lang='lat' dir='ltr'><strong>a</strong></span> <span class='ocrx_word' id='word_1_298' title='bbox 2393 3841 2629 3906; x_wconf 84' lang='lat' dir='ltr'><strong>generali</strong></span> <span class='ocrx_word' id='word_1_299' title='bbox 2654 3841 2843 3909; x_wconf 91' lang='lat' dir='ltr'><strong>quinto</strong></span> <span class='ocrx_word' id='word_1_300' title='bbox 2890 3843 3125 3899; x_wconf 91' lang='lat' dir='ltr'><strong>concilio</strong></span> <span class='ocrx_word' id='word_1_301' title='bbox 3168 3846 3297 3898; x_wconf 79' lang='lat' dir='ltr'><strong>totis</strong></span> 
     </span>
    </p>
   </div>
   <div class='ocr_carea' id='block_1_28' title="bbox 48 3930 3293 4005">
    <p class='ocr_par' dir='ltr' id='par_1_28' title="bbox 48 3930 3293 4005">
     <span class='ocr_line' id='line_1_28' title="bbox 48 3930 3293 4005; baseline 0.002 -22"><span class='ocrx_word' id='word_1_302' title='bbox 48 3934 356 3989; x_wconf 81' lang='lat' dir='ltr'><strong>actionibus</strong></span> <span class='ocrx_word' id='word_1_303' title='bbox 388 3938 583 4000; x_wconf 89' lang='lat' dir='ltr'><strong>quarta</strong></span> <span class='ocrx_word' id='word_1_304' title='bbox 608 3942 662 3986; x_wconf 89' lang='lat' dir='ltr'><strong>et</strong></span> <span class='ocrx_word' id='word_1_305' title='bbox 680 3931 892 3999; x_wconf 87' lang='lat' dir='ltr'><strong>quinta,</strong></span> <span class='ocrx_word' id='word_1_306' title='bbox 933 3940 988 3986; x_wconf 92' lang='lat' dir='ltr'><strong>et</strong></span> <span class='ocrx_word' id='word_1_307' title='bbox 1014 3946 1223 3985; x_wconf 85' lang='lat' dir='ltr'><strong>canone</strong></span> <span class='ocrx_word' id='word_1_308' title='bbox 1252 3930 1599 3995; x_wconf 91' lang='lat' dir='ltr'><strong>duodecimo,</strong></span> <span class='ocrx_word' id='word_1_309' title='bbox 1637 3947 1850 3986; x_wconf 89' lang='lat' dir='ltr'><strong>necnon</strong></span> <span class='ocrx_word' id='word_1_310' title='bbox 1888 3934 1939 3985; x_wconf 86' lang='lat' dir='ltr'><strong>in</strong></span> <span class='ocrx_word' id='word_1_311' title='bbox 1974 3931 2295 4002; x_wconf 82' lang='lat' dir='ltr'><strong>pontificum</strong></span> <span class='ocrx_word' id='word_1_312' title='bbox 2334 3931 2693 3985; x_wconf 76' lang='lat' dir='ltr'><strong>maximorum</strong></span> <span class='ocrx_word' id='word_1_313' title='bbox 2720 3934 2899 4003; x_wconf 80' lang='lat' dir='ltr'><strong>magni</strong></span> <span class='ocrx_word' id='word_1_314' title='bbox 2928 3934 3173 4004; x_wconf 79' lang='lat' dir='ltr'><strong>Gregorii</strong></span> <span class='ocrx_word' id='word_1_315' title='bbox 3201 3937 3293 4005; x_wconf 79' lang='grc' dir='ltr'><strong>(ε).</strong></span> 
     </span>
    </p>
   </div>
   <div class='ocr_carea' id='block_1_29' title="bbox 48 4017 3294 4095">
    <p class='ocr_par' dir='ltr' id='par_1_29' title="bbox 48 4017 3294 4095">
     <span class='ocr_line' id='line_1_29' title="bbox 48 4017 3294 4095; baseline 0.002 -22"><span class='ocrx_word' id='word_1_316' title='bbox 48 4031 95 4073; x_wconf 84' lang='lat' dir='ltr'><strong>et</strong></span> <span class='ocrx_word' id='word_1_317' title='bbox 122 4022 435 4090; x_wconf 72' lang='lat' dir='ltr'><strong>praesertim</strong></span> <span class='ocrx_word' id='word_1_318' title='bbox 472 4019 675 4088; x_wconf 79' lang='lat' dir='ltr'><strong>Pelagii</strong></span> <span class='ocrx_word' id='word_1_319' title='bbox 702 4019 745 4073; x_wconf 89' lang='lat' dir='ltr'><strong>ll</strong></span> <span class='ocrx_word' id='word_1_320' title='bbox 768 4018 846 4088; x_wconf 79' lang='grc' dir='ltr'><strong>(ά)</strong></span> <span class='ocrx_word' id='word_1_321' title='bbox 885 4020 1168 4087; x_wconf 89' lang='lat' dir='ltr'><strong>epistolis:</strong></span> <span class='ocrx_word' id='word_1_322' title='bbox 1198 4034 1299 4073; x_wconf 89' lang='lat' dir='ltr'><strong>nec</strong></span> <span class='ocrx_word' id='word_1_323' title='bbox 1339 4017 1594 4089; x_wconf 83' lang='lat' dir='ltr'><strong>Vigilium</strong></span> <span class='ocrx_word' id='word_1_324' title='bbox 1627 4030 1910 4090; x_wconf 63' lang='lat' dir='ltr'><strong>praetereo,</strong></span> <span class='ocrx_word' id='word_1_325' title='bbox 1953 4021 2069 4090; x_wconf 91' lang='lat' dir='ltr'><strong>qui,</strong></span> <span class='ocrx_word' id='word_1_326' title='bbox 2101 4020 2204 4075; x_wconf 88' lang='lat' dir='ltr'><strong>etsi</strong></span> <span class='ocrx_word' id='word_1_327' title='bbox 2247 4019 2519 4090; x_wconf 90' lang='lat' dir='ltr'><strong>principio</strong></span> <span class='ocrx_word' id='word_1_328' title='bbox 2559 4022 2822 4078; x_wconf 84' lang='lat' dir='ltr'><strong>damnare</strong></span> <span class='ocrx_word' id='word_1_329' title='bbox 2852 4022 3294 4095; x_wconf 72' lang='lat' dir='ltr'><strong>Mopsuestenum</strong></span> 
     </span>
    </p>
   </div>
   <div class='ocr_carea' id='block_1_30' title="bbox 53 4113 3298 4188">
    <p class='ocr_par' dir='ltr' id='par_1_30' title="bbox 53 4113 3298 4188">
     <span class='ocr_line' id='line_1_30' title="bbox 53 4113 3298 4188; baseline 0.001 -20"><span class='ocrx_word' id='word_1_330' title='bbox 53 4119 237 4183; x_wconf 88' lang='lat' dir='ltr'><strong>noluit,</strong></span> <span class='ocrx_word' id='word_1_331' title='bbox 267 4132 343 4171; x_wconf 90' lang='lat' dir='ltr'><strong>ne</strong></span> <span class='ocrx_word' id='word_1_332' title='bbox 379 4116 646 4185; x_wconf 87' lang='lat' dir='ltr'><strong>plurimos</strong></span> <span class='ocrx_word' id='word_1_333' title='bbox 671 4116 962 4184; x_wconf 85' lang='lat' dir='ltr'><strong>episcopos</strong></span> <span class='ocrx_word' id='word_1_334' title='bbox 1005 4115 1134 4168; x_wconf 89' lang='lat' dir='ltr'><strong>huic</strong></span> <span class='ocrx_word' id='word_1_335' title='bbox 1165 4113 1411 4169; x_wconf 87' lang='lat' dir='ltr'><strong>faventes</strong></span> <span class='ocrx_word' id='word_1_336' title='bbox 1444 4116 1665 4185; x_wconf 78' lang='lat' dir='ltr'><strong>gravius</strong></span> <span class='ocrx_word' id='word_1_337' title='bbox 1692 4114 2009 4179; x_wconf 82' lang='lat' dir='ltr'><strong>otl&#39;enderet,</strong></span> <span class='ocrx_word' id='word_1_338' title='bbox 2051 4114 2249 4169; x_wconf 88' lang='lat' dir='ltr'><strong>deinde</strong></span> <span class='ocrx_word' id='word_1_339' title='bbox 2293 4122 2495 4178; x_wconf 89' lang='lat' dir='ltr'><strong>tamen,</strong></span> <span class='ocrx_word' id='word_1_340' title='bbox 2533 4116 2600 4169; x_wconf 88' lang='lat' dir='ltr'><strong>ad</strong></span> <span class='ocrx_word' id='word_1_341' title='bbox 2624 4118 2831 4186; x_wconf 89' lang='lat' dir='ltr'><strong>scripta</strong></span> <span class='ocrx_word' id='word_1_342' title='bbox 2857 4128 3006 4173; x_wconf 87' lang='lat' dir='ltr'><strong>certe</strong></span> <span class='ocrx_word' id='word_1_343' title='bbox 3032 4120 3177 4188; x_wconf 87' lang='lat' dir='ltr'><strong>quod</strong></span> <span class='ocrx_word' id='word_1_344' title='bbox 3214 4129 3298 4172; x_wconf 84' lang='lat' dir='ltr'><strong>at-</strong></span> 
     </span>
    </p>
   </div>
   <div class='ocr_carea' id='block_1_31' title="bbox 56 4210 3300 4283">
    <p class='ocr_par' dir='ltr' id='par_1_31' title="bbox 56 4210 3300 4283">
     <span class='ocr_line' id='line_1_31' title="bbox 56 4210 3300 4283; baseline 0.002 -24"><span class='ocrx_word' id='word_1_345' title='bbox 56 4211 198 4275; x_wconf 85' lang='lat' dir='ltr'><strong>tinet,</strong></span> <span class='ocrx_word' id='word_1_346' title='bbox 234 4212 523 4264; x_wconf 87' lang='lat' dir='ltr'><strong>damnanti</strong></span> <span class='ocrx_word' id='word_1_347' title='bbox 548 4211 759 4281; x_wconf 87' lang='lat' dir='ltr'><strong>synodo</strong></span> <span class='ocrx_word' id='word_1_348' title='bbox 796 4224 1054 4263; x_wconf 87' lang='lat' dir='ltr'><strong>assensus</strong></span> <span class='ocrx_word' id='word_1_349' title='bbox 1084 4216 1190 4272; x_wconf 87' lang='lat' dir='ltr'><strong>est,</strong></span> <span class='ocrx_word' id='word_1_350' title='bbox 1218 4218 1380 4278; x_wconf 88' lang='lat' dir='ltr'><strong>atque</strong></span> <span class='ocrx_word' id='word_1_351' title='bbox 1417 4225 1633 4264; x_wconf 89' lang='lat' dir='ltr'><strong>errores</strong></span> <span class='ocrx_word' id='word_1_352' title='bbox 1660 4210 1904 4280; x_wconf 87' lang='lat' dir='ltr'><strong>singulos</strong></span> <span class='ocrx_word' id='word_1_353' title='bbox 1933 4210 2166 4263; x_wconf 83' lang='lat' dir='ltr'><strong>mirabili</strong></span> <span class='ocrx_word' id='word_1_354' title='bbox 2192 4212 2493 4264; x_wconf 88' lang='lat' dir='ltr'><strong>constituto</strong></span> <span class='ocrx_word' id='word_1_355' title='bbox 2534 4215 2802 4283; x_wconf 83' lang='lat' dir='ltr'><strong>coarguit.</strong></span> <span class='ocrx_word' id='word_1_356' title='bbox 2838 4214 2992 4270; x_wconf 75' lang='lat' dir='ltr'><strong>Mitto</strong></span> <span class='ocrx_word' id='word_1_357' title='bbox 3027 4217 3163 4270; x_wconf 89' lang='lat' dir='ltr'><strong>alios</strong></span> <span class='ocrx_word' id='word_1_358' title='bbox 3199 4218 3300 4268; x_wconf 90' lang='lat' dir='ltr'><strong>mi-</strong></span> 
     </span>
    </p>
   </div>
   <div class='ocr_carea' id='block_1_32' title="bbox 57 4304 3301 4383">
    <p class='ocr_par' dir='ltr' id='par_1_32' title="bbox 57 4304 3301 4383">
     <span class='ocr_line' id='line_1_32' title="bbox 57 4304 3301 4383; baseline 0.003 -28"><span class='ocrx_word' id='word_1_359' title='bbox 57 4305 192 4358; x_wconf 86' lang='lat' dir='ltr'><strong>noris</strong></span> <span class='ocrx_word' id='word_1_360' title='bbox 222 4306 552 4374; x_wconf 88' lang='lat' dir='ltr'><strong>plerumque</strong></span> <span class='ocrx_word' id='word_1_361' title='bbox 582 4304 818 4359; x_wconf 90' lang='lat' dir='ltr'><strong>nominis</strong></span> <span class='ocrx_word' id='word_1_362' title='bbox 858 4313 1243 4372; x_wconf 87' lang='lat' dir='ltr'><strong>accusatores;</strong></span> <span class='ocrx_word' id='word_1_363' title='bbox 1274 4307 1433 4360; x_wconf 88' lang='lat' dir='ltr'><strong>mitto</strong></span> <span class='ocrx_word' id='word_1_364' title='bbox 1461 4305 1759 4361; x_wconf 90' lang='lat' dir='ltr'><strong>hodiernos</strong></span> <span class='ocrx_word' id='word_1_365' title='bbox 1792 4318 2217 4377; x_wconf 78' lang='lat' dir='ltr'><strong>oppugnatores,</strong></span> <span class='ocrx_word' id='word_1_366' title='bbox 2249 4323 2388 4377; x_wconf 88' lang='lat' dir='ltr'><strong>quos</strong></span> <span class='ocrx_word' id='word_1_367' title='bbox 2428 4309 2570 4363; x_wconf 90' lang='lat' dir='ltr'><strong>inter</strong></span> <span class='ocrx_word' id='word_1_368' title='bbox 2595 4308 2870 4367; x_wconf 88' lang='lat' dir='ltr'><strong>Norisium</strong></span> <span class='ocrx_word' id='word_1_369' title='bbox 2920 4313 2973 4367; x_wconf 91' lang='lat' dir='ltr'><strong>in</strong></span> <span class='ocrx_word' id='word_1_370' title='bbox 3004 4311 3301 4383; x_wconf 84' lang='lat' dir='ltr'><strong>Pelagiana</strong></span> 
     </span>
    </p>
   </div>
   <div class='ocr_carea' id='block_1_33' title="bbox 58 4404 3301 4475">
    <p class='ocr_par' dir='ltr' id='par_1_33' title="bbox 58 4404 3301 4475">
     <span class='ocr_line' id='line_1_33' title="bbox 58 4404 3301 4475; baseline 0.002 -24"><span class='ocrx_word' id='word_1_371' title='bbox 58 4404 304 4466; x_wconf 69' lang='lat' dir='ltr'><strong>historia;</strong></span> <span class='ocrx_word' id='word_1_372' title='bbox 349 4404 605 4473; x_wconf 87' lang='lat' dir='ltr'><strong>quamvis</strong></span> <span class='ocrx_word' id='word_1_373' title='bbox 630 4411 685 4458; x_wconf 88' lang='lat' dir='ltr'><strong>et</strong></span> <span class='ocrx_word' id='word_1_374' title='bbox 715 4404 873 4457; x_wconf 90' lang='lat' dir='ltr'><strong>multi</strong></span> <span class='ocrx_word' id='word_1_375' title='bbox 902 4404 1222 4459; x_wconf 89' lang='lat' dir='ltr'><strong>defensores</strong></span> <span class='ocrx_word' id='word_1_376' title='bbox 1252 4414 1401 4468; x_wconf 91' lang='lat' dir='ltr'><strong>sunt,</strong></span> <span class='ocrx_word' id='word_1_377' title='bbox 1436 4404 1738 4475; x_wconf 74' lang='lat' dir='ltr'><strong>praesertim</strong></span> <span class='ocrx_word' id='word_1_378' title='bbox 1773 4405 2048 4461; x_wconf 90' lang='lat' dir='ltr'><strong>liberioris</strong></span> <span class='ocrx_word' id='word_1_379' title='bbox 2096 4409 2382 4461; x_wconf 80' lang='lat' dir='ltr'><strong>sententiae</strong></span> <span class='ocrx_word' id='word_1_380' title='bbox 2411 4405 2682 4461; x_wconf 91' lang='lat' dir='ltr'><strong>homines.</strong></span> <span class='ocrx_word' id='word_1_381' title='bbox 2730 4404 2839 4459; x_wconf 87' lang='lat' dir='ltr'><strong>Sed</strong></span> <span class='ocrx_word' id='word_1_382' title='bbox 2880 4405 3011 4458; x_wconf 89' lang='lat' dir='ltr'><strong>mihi</strong></span> <span class='ocrx_word' id='word_1_383' title='bbox 3045 4404 3301 4475; x_wconf 88' lang='lat' dir='ltr'><strong>equidem</strong></span> 
     </span>
    </p>
   </div>
   <div class='ocr_carea' id='block_1_34' title="bbox 62 4497 3299 4571">
    <p class='ocr_par' dir='ltr' id='par_1_34' title="bbox 62 4497 3299 4571">
     <span class='ocr_line' id='line_1_34' title="bbox 62 4497 3299 4571; baseline 0.002 -25"><span class='ocrx_word' id='word_1_384' title='bbox 62 4511 235 4562; x_wconf 82' lang='lat' dir='ltr'><strong>parum</strong></span> <span class='ocrx_word' id='word_1_385' title='bbox 269 4500 452 4566; x_wconf 87' lang='lat' dir='ltr'><strong>placet</strong></span> <span class='ocrx_word' id='word_1_386' title='bbox 475 4498 692 4551; x_wconf 91' lang='lat' dir='ltr'><strong>illorum</strong></span> <span class='ocrx_word' id='word_1_387' title='bbox 727 4497 1056 4565; x_wconf 89' lang='lat' dir='ltr'><strong>institutum,</strong></span> <span class='ocrx_word' id='word_1_388' title='bbox 1089 4503 1179 4571; x_wconf 92' lang='lat' dir='ltr'><strong>qui</strong></span> <span class='ocrx_word' id='word_1_389' title='bbox 1208 4504 1485 4557; x_wconf 90' lang='lat' dir='ltr'><strong>hominum</strong></span> <span class='ocrx_word' id='word_1_390' title='bbox 1517 4518 1546 4556; x_wconf 88' lang='lat' dir='ltr'><strong>a</strong></span> <span class='ocrx_word' id='word_1_391' title='bbox 1570 4510 1751 4557; x_wconf 79' lang='lat' dir='ltr'><strong>vetere</strong></span> <span class='ocrx_word' id='word_1_392' title='bbox 1774 4500 2018 4557; x_wconf 87' lang='lat' dir='ltr'><strong>Ecclesia</strong></span> <span class='ocrx_word' id='word_1_393' title='bbox 2044 4502 2448 4567; x_wconf 79' lang='lat' dir='ltr'><strong>damnatorum,</strong></span> <span class='ocrx_word' id='word_1_394' title='bbox 2480 4501 2771 4556; x_wconf 88' lang='lat' dir='ltr'><strong>neotericis</strong></span> <span class='ocrx_word' id='word_1_395' title='bbox 2796 4498 3085 4554; x_wconf 87' lang='lat' dir='ltr'><strong>conatibus</strong></span> <span class='ocrx_word' id='word_1_396' title='bbox 3109 4499 3299 4553; x_wconf 89' lang='lat' dir='ltr'><strong>ortho-</strong></span> 
     </span>
    </p>
   </div>
   <div class='ocr_carea' id='block_1_35' title="bbox 60 4590 3302 4669">
    <p class='ocr_par' dir='ltr' id='par_1_35' title="bbox 60 4590 3302 4669">
     <span class='ocr_line' id='line_1_35' title="bbox 60 4590 3302 4669; baseline 0.001 -25"><span class='ocrx_word' id='word_1_397' title='bbox 60 4591 263 4647; x_wconf 79' lang='lat' dir='ltr'><strong>doxiam</strong></span> <span class='ocrx_word' id='word_1_398' title='bbox 298 4594 354 4646; x_wconf 91' lang='lat' dir='ltr'><strong>vi</strong></span> <span class='ocrx_word' id='word_1_399' title='bbox 384 4594 706 4650; x_wconf 89' lang='lat' dir='ltr'><strong>obtrudunt.</strong></span> <span class='ocrx_word' id='word_1_400' title='bbox 733 4596 1056 4669; x_wconf 86' lang='lat' dir='ltr'><strong>Quanquam</strong></span> <span class='ocrx_word' id='word_1_401' title='bbox 1082 4607 1135 4653; x_wconf 89' lang='lat' dir='ltr'><strong>et</strong></span> <span class='ocrx_word' id='word_1_402' title='bbox 1156 4600 1229 4669; x_wconf 92' lang='lat' dir='ltr'><strong>pii</strong></span> <span class='ocrx_word' id='word_1_403' title='bbox 1259 4600 1531 4655; x_wconf 89' lang='lat' dir='ltr'><strong>interdum</strong></span> <span class='ocrx_word' id='word_1_404' title='bbox 1563 4599 1799 4669; x_wconf 80' lang='lat' dir='ltr'><strong>theologi</strong></span> <span class='ocrx_word' id='word_1_405' title='bbox 1830 4598 1883 4652; x_wconf 89' lang='lat' dir='ltr'><strong>id</strong></span> <span class='ocrx_word' id='word_1_406' title='bbox 1929 4600 2219 4654; x_wconf 89' lang='lat' dir='ltr'><strong>consilium</strong></span> <span class='ocrx_word' id='word_1_407' title='bbox 2264 4601 2437 4654; x_wconf 90' lang='lat' dir='ltr'><strong>secuti</strong></span> <span class='ocrx_word' id='word_1_408' title='bbox 2484 4601 2632 4659; x_wconf 87' lang='lat' dir='ltr'><strong>sunt,</strong></span> <span class='ocrx_word' id='word_1_409' title='bbox 2670 4594 2744 4648; x_wconf 85' lang='lat' dir='ltr'><strong>ita</strong></span> <span class='ocrx_word' id='word_1_410' title='bbox 2780 4599 2838 4646; x_wconf 88' lang='lat' dir='ltr'><strong>ut</strong></span> <span class='ocrx_word' id='word_1_411' title='bbox 2885 4607 2971 4646; x_wconf 83' lang='lat' dir='ltr'><strong>ex.</strong></span> <span class='ocrx_word' id='word_1_412' title='bbox 3004 4606 3084 4661; x_wconf 80' lang='lat' dir='ltr'><strong>gr.</strong></span> <span class='ocrx_word' id='word_1_413' title='bbox 3112 4590 3302 4661; x_wconf 85' lang='lat' dir='ltr'><strong>Orige-</strong></span> 
     </span>
    </p>
   </div>
   <div class='ocr_carea' id='block_1_36' title="bbox 62 4688 3302 4767">
    <p class='ocr_par' dir='ltr' id='par_1_36' title="bbox 62 4688 3302 4767">
     <span class='ocr_line' id='line_1_36' title="bbox 62 4688 3302 4767; baseline 0.002 -29"><span class='ocrx_word' id='word_1_414' title='bbox 62 4704 171 4741; x_wconf 85' lang='lat' dir='ltr'><strong>nem</strong></span> <span class='ocrx_word' id='word_1_415' title='bbox 219 4689 549 4754; x_wconf 72' lang='lat' dir='ltr'><strong>Halloixius,</strong></span> <span class='ocrx_word' id='word_1_416' title='bbox 580 4693 833 4749; x_wconf 79' lang='lat' dir='ltr'><strong>Stavolus</strong></span> <span class='ocrx_word' id='word_1_417' title='bbox 867 4696 1043 4750; x_wconf 89' lang='lat' dir='ltr'><strong>adhuc</strong></span> <span class='ocrx_word' id='word_1_418' title='bbox 1083 4697 1322 4753; x_wconf 88' lang='lat' dir='ltr'><strong>ineditus</strong></span> <span class='ocrx_word' id='word_1_419' title='bbox 1362 4697 1753 4753; x_wconf 68' lang='lat' dir='ltr'><strong>Cmsariensem</strong></span> <span class='ocrx_word' id='word_1_420' title='bbox 1785 4697 2078 4753; x_wconf 86' lang='lat' dir='ltr'><strong>Eusebium</strong></span> <span class='ocrx_word' id='word_1_421' title='bbox 2125 4697 2363 4767; x_wconf 89' lang='lat' dir='ltr'><strong>copiosis</strong></span> <span class='ocrx_word' id='word_1_422' title='bbox 2396 4695 2618 4766; x_wconf 89' lang='lat' dir='ltr'><strong>scriptis</strong></span> <span class='ocrx_word' id='word_1_423' title='bbox 2652 4690 3012 4748; x_wconf 82' lang='lat' dir='ltr'><strong>defenderint.</strong></span> <span class='ocrx_word' id='word_1_424' title='bbox 3047 4688 3195 4745; x_wconf 88' lang='lat' dir='ltr'><strong>Sane</strong></span> <span class='ocrx_word' id='word_1_425' title='bbox 3233 4692 3302 4745; x_wconf 90' lang='lat' dir='ltr'><strong>ad</strong></span> 
     </span>
    </p>
   </div>
   <div class='ocr_carea' id='block_1_37' title="bbox 62 4774 3304 4857">
    <p class='ocr_par' dir='ltr' id='par_1_37' title="bbox 62 4774 3304 4857">
     <span class='ocr_line' id='line_1_37' title="bbox 62 4774 3304 4857; baseline -0 -23"><span class='ocrx_word' id='word_1_426' title='bbox 62 4774 422 4846; x_wconf 65' lang='lat' dir='ltr'><strong>Hopsuesteni</strong></span> <span class='ocrx_word' id='word_1_427' title='bbox 451 4783 675 4834; x_wconf 88' lang='lat' dir='ltr'><strong>tutelam</strong></span> <span class='ocrx_word' id='word_1_428' title='bbox 708 4783 977 4841; x_wconf 82' lang='lat' dir='ltr'><strong>Occidens</strong></span> <span class='ocrx_word' id='word_1_429' title='bbox 1004 4802 1169 4857; x_wconf 90' lang='lat' dir='ltr'><strong>prope</strong></span> <span class='ocrx_word' id='word_1_430' title='bbox 1202 4789 1491 4843; x_wconf 82' lang='lat' dir='ltr'><strong>universus</strong></span> <span class='ocrx_word' id='word_1_431' title='bbox 1524 4803 1647 4842; x_wconf 91' lang='lat' dir='ltr'><strong>cum</strong></span> <span class='ocrx_word' id='word_1_432' title='bbox 1673 4788 1857 4841; x_wconf 85' lang='lat' dir='ltr'><strong>Africa</strong></span> <span class='ocrx_word' id='word_1_433' title='bbox 1885 4789 2014 4842; x_wconf 86' lang='lat' dir='ltr'><strong>olitn</strong></span> <span class='ocrx_word' id='word_1_434' title='bbox 2042 4788 2479 4857; x_wconf 86' lang='lat' dir='ltr'><strong>conspiraverat:</strong></span> <span class='ocrx_word' id='word_1_435' title='bbox 2520 4800 2689 4856; x_wconf 88' lang='lat' dir='ltr'><strong>quare</strong></span> <span class='ocrx_word' id='word_1_436' title='bbox 2708 4791 2763 4837; x_wconf 91' lang='lat' dir='ltr'><strong>et</strong></span> <span class='ocrx_word' id='word_1_437' title='bbox 2779 4781 3304 4836; x_wconf 86' lang='lat' dir='ltr'><strong>tristissimumillud</strong></span> 
     </span>
    </p>
   </div>
   <div class='ocr_carea' id='block_1_38' title="bbox 61 4867 3303 4947">
    <p class='ocr_par' dir='ltr' id='par_1_38' title="bbox 61 4867 3303 4947">
     <span class='ocr_line' id='line_1_38' title="bbox 61 4867 3303 4947; baseline 0.004 -30"><span class='ocrx_word' id='word_1_438' title='bbox 61 4867 288 4921; x_wconf 80' lang='lat' dir='ltr'><strong>scbisma</strong></span> <span class='ocrx_word' id='word_1_439' title='bbox 318 4871 528 4925; x_wconf 80' lang='lat' dir='ltr'><strong>exarsit</strong></span> <span class='ocrx_word' id='word_1_440' title='bbox 558 4871 906 4941; x_wconf 82' lang='lat' dir='ltr'><strong>Aquileiense</strong></span> <span class='ocrx_word' id='word_1_441' title='bbox 934 4877 1315 4946; x_wconf 88' lang='lat' dir='ltr'><strong>episc0porum</strong></span> <span class='ocrx_word' id='word_1_442' title='bbox 1349 4877 1634 4932; x_wconf 82' lang='lat' dir='ltr'><strong>Theodoro</strong></span> <span class='ocrx_word' id='word_1_443' title='bbox 1674 4877 2158 4945; x_wconf 90' lang='lat' dir='ltr'><strong>patrocinantium,</strong></span> <span class='ocrx_word' id='word_1_444' title='bbox 2191 4877 2337 4947; x_wconf 89' lang='lat' dir='ltr'><strong>quod</strong></span> <span class='ocrx_word' id='word_1_445' title='bbox 2370 4876 2602 4931; x_wconf 81' lang='lat' dir='ltr'><strong>Romani</strong></span> <span class='ocrx_word' id='word_1_446' title='bbox 2635 4875 2920 4946; x_wconf 84' lang='lat' dir='ltr'><strong>pontifices</strong></span> <span class='ocrx_word' id='word_1_447' title='bbox 2960 4872 3051 4925; x_wconf 84' lang='lat' dir='ltr'><strong>vix</strong></span> <span class='ocrx_word' id='word_1_448' title='bbox 3084 4874 3303 4930; x_wconf 88' lang='lat' dir='ltr'><strong>tandem</strong></span> 
     </span>
    </p>
   </div>
   <div class='ocr_carea' id='block_1_39' title="bbox 64 4961 3308 5036">
    <p class='ocr_par' dir='ltr' id='par_1_39' title="bbox 64 4961 3308 5036">
     <span class='ocr_line' id='line_1_39' title="bbox 64 4961 3308 5036; baseline 0.001 -22"><span class='ocrx_word' id='word_1_449' title='bbox 64 4964 350 5033; x_wconf 82' lang='lat' dir='ltr'><strong>aliquando</strong></span> <span class='ocrx_word' id='word_1_450' title='bbox 388 4976 510 5036; x_wconf 85' lang='lat' dir='ltr'><strong>post</strong></span> <span class='ocrx_word' id='word_1_451' title='bbox 549 4982 650 5021; x_wconf 72' lang='lat' dir='ltr'><strong>cu</strong></span> <span class='ocrx_word' id='word_1_452' title='bbox 681 4981 854 5021; x_wconf 90' lang='lat' dir='ltr'><strong>annos</strong></span> <span class='ocrx_word' id='word_1_453' title='bbox 896 4968 1381 5033; x_wconf 70' lang='lat' dir='ltr'><strong>exstinxeruntte).</strong></span> <span class='ocrx_word' id='word_1_454' title='bbox 1424 4966 1562 5021; x_wconf 90' lang='lat' dir='ltr'><strong>Tum</strong></span> <span class='ocrx_word' id='word_1_455' title='bbox 1592 4974 1813 5021; x_wconf 78' lang='lat' dir='ltr'><strong>exstant</strong></span> <span class='ocrx_word' id='word_1_456' title='bbox 1841 4962 2087 5020; x_wconf 83' lang='lat' dir='ltr'><strong>Facundi</strong></span> <span class='ocrx_word' id='word_1_457' title='bbox 2120 4965 2530 5022; x_wconf 86' lang='lat' dir='ltr'><strong>Hermianensis</strong></span> <span class='ocrx_word' id='word_1_458' title='bbox 2566 4968 2619 5021; x_wconf 92' lang='lat' dir='ltr'><strong>in</strong></span> <span class='ocrx_word' id='word_1_459' title='bbox 2658 4964 2842 5019; x_wconf 83' lang='lat' dir='ltr'><strong>Africa</strong></span> <span class='ocrx_word' id='word_1_460' title='bbox 2870 4961 3112 5033; x_wconf 83' lang='lat' dir='ltr'><strong>episcopi</strong></span> <span class='ocrx_word' id='word_1_461' title='bbox 3150 4967 3308 5020; x_wconf 74' lang='lat' dir='ltr'><strong>volu—</strong></span> 
     </span>
    </p>
   </div>
   <div class='ocr_carea' id='block_1_40' title="bbox 66 5052 3310 5127">
    <p class='ocr_par' dir='ltr' id='par_1_40' title="bbox 66 5052 3310 5127">
     <span class='ocr_line' id='line_1_40' title="bbox 66 5052 3310 5127; baseline 0.003 -25"><span class='ocrx_word' id='word_1_462' title='bbox 66 5054 200 5107; x_wconf 88' lang='lat' dir='ltr'><strong>mina</strong></span> <span class='ocrx_word' id='word_1_463' title='bbox 228 5055 547 5119; x_wconf 85' lang='lat' dir='ltr'><strong>duodecim.</strong></span> <span class='ocrx_word' id='word_1_464' title='bbox 582 5065 633 5112; x_wconf 89' lang='lat' dir='ltr'><strong>et</strong></span> <span class='ocrx_word' id='word_1_465' title='bbox 658 5058 762 5110; x_wconf 75' lang='lat' dir='ltr'><strong>alia</strong></span> <span class='ocrx_word' id='word_1_466' title='bbox 796 5054 903 5109; x_wconf 92' lang='lat' dir='ltr'><strong>duo</strong></span> <span class='ocrx_word' id='word_1_467' title='bbox 934 5057 1180 5125; x_wconf 86' lang='lat' dir='ltr'><strong>ejusdem</strong></span> <span class='ocrx_word' id='word_1_468' title='bbox 1208 5058 1410 5127; x_wconf 90' lang='lat' dir='ltr'><strong>scripta</strong></span> <span class='ocrx_word' id='word_1_469' title='bbox 1439 5076 1453 5121; x_wconf 90' lang='lat'><strong>;</strong></span> <span class='ocrx_word' id='word_1_470' title='bbox 1490 5066 1544 5112; x_wconf 86' lang='lat' dir='ltr'><strong>et</strong></span> <span class='ocrx_word' id='word_1_471' title='bbox 1569 5052 1831 5126; x_wconf 69' lang='lat' dir='ltr'><strong>prmterca</strong></span> <span class='ocrx_word' id='word_1_472' title='bbox 1858 5058 2141 5127; x_wconf 86' lang='lat' dir='ltr'><strong>complura</strong></span> <span class='ocrx_word' id='word_1_473' title='bbox 2170 5065 2413 5111; x_wconf 84' lang='lat' dir='ltr'><strong>veterum</strong></span> <span class='ocrx_word' id='word_1_474' title='bbox 2443 5058 2753 5111; x_wconf 86' lang='lat' dir='ltr'><strong>testimonia</strong></span> <span class='ocrx_word' id='word_1_475' title='bbox 2785 5063 2914 5109; x_wconf 89' lang='lat' dir='ltr'><strong>sunt</strong></span> <span class='ocrx_word' id='word_1_476' title='bbox 2948 5054 3310 5114; x_wconf 87' lang='lat' dir='ltr'><strong>(Theodoreti</strong></span> 
     </span>
    </p>
   </div>
   <div class='ocr_carea' id='block_1_41' title="bbox 67 5140 3313 5223">
    <p class='ocr_par' dir='ltr' id='par_1_41' title="bbox 67 5140 3313 5223">
     <span class='ocr_line' id='line_1_41' title="bbox 67 5140 3313 5223; baseline 0 -25"><span class='ocrx_word' id='word_1_477' title='bbox 67 5140 272 5214; x_wconf 69' lang='lat' dir='ltr'><strong>lbceque</strong></span> <span class='ocrx_word' id='word_1_478' title='bbox 294 5150 473 5216; x_wconf 86' lang='lat' dir='ltr'><strong>puta),</strong></span> <span class='ocrx_word' id='word_1_479' title='bbox 501 5164 623 5217; x_wconf 75' lang='lat' dir='ltr'><strong>quae</strong></span> <span class='ocrx_word' id='word_1_480' title='bbox 646 5148 932 5206; x_wconf 84' lang='lat' dir='ltr'><strong>Theodoro</strong></span> <span class='ocrx_word' id='word_1_481' title='bbox 957 5154 1169 5208; x_wconf 89' lang='lat' dir='ltr'><strong>laudem</strong></span> <span class='ocrx_word' id='word_1_482' title='bbox 1212 5155 1518 5209; x_wconf 77' lang='lat' dir='ltr'><strong>atl‘undunt.</strong></span> <span class='ocrx_word' id='word_1_483' title='bbox 1560 5153 1666 5208; x_wconf 89' lang='lat' dir='ltr'><strong>Sed</strong></span> <span class='ocrx_word' id='word_1_484' title='bbox 1702 5162 1851 5209; x_wconf 86' lang='lat' dir='ltr'><strong>certe</strong></span> <span class='ocrx_word' id='word_1_485' title='bbox 1884 5154 1950 5207; x_wconf 89' lang='lat' dir='ltr'><strong>ad</strong></span> <span class='ocrx_word' id='word_1_486' title='bbox 1981 5154 2205 5209; x_wconf 88' lang='lat' dir='ltr'><strong>Latinos</strong></span> <span class='ocrx_word' id='word_1_487' title='bbox 2237 5153 2547 5207; x_wconf 86' lang='lat' dir='ltr'><strong>laudatores</strong></span> <span class='ocrx_word' id='word_1_488' title='bbox 2583 5153 2727 5223; x_wconf 91' lang='lat' dir='ltr'><strong>quod</strong></span> <span class='ocrx_word' id='word_1_489' title='bbox 2762 5154 2974 5212; x_wconf 89' lang='lat' dir='ltr'><strong>attinet.</strong></span> <span class='ocrx_word' id='word_1_490' title='bbox 3006 5151 3313 5205; x_wconf 47' lang='lat' dir='ltr'><strong>audiendus</strong></span> 
     </span>
    </p>
   </div>
   <div class='ocr_carea' id='block_1_42' title="bbox 68 5234 3317 5312">
    <p class='ocr_par' dir='ltr' id='par_1_42' title="bbox 68 5234 3317 5312">
     <span class='ocr_line' id='line_1_42' title="bbox 68 5234 3317 5312; baseline 0.002 -24"><span class='ocrx_word' id='word_1_491' title='bbox 68 5234 309 5307; x_wconf 80' lang='lat' dir='ltr'><strong>Pelagius</strong></span> <span class='ocrx_word' id='word_1_492' title='bbox 355 5238 395 5292; x_wconf 88' lang='grc' dir='ltr'><strong>ιι</strong></span> <span class='ocrx_word' id='word_1_493' title='bbox 426 5255 561 5309; x_wconf 90' lang='lat' dir='ltr'><strong>papa</strong></span> <span class='ocrx_word' id='word_1_494' title='bbox 605 5242 661 5295; x_wconf 90' lang='lat' dir='ltr'><strong>in</strong></span> <span class='ocrx_word' id='word_1_495' title='bbox 689 5242 1061 5298; x_wconf 90' lang='lat' dir='ltr'><strong>disertissimis</strong></span> <span class='ocrx_word' id='word_1_496' title='bbox 1102 5247 1169 5298; x_wconf 84' lang='lat' dir='ltr'><strong>ad</strong></span> <span class='ocrx_word' id='word_1_497' title='bbox 1218 5244 1391 5297; x_wconf 85' lang='lat' dir='ltr'><strong>Etiam</strong></span> <span class='ocrx_word' id='word_1_498' title='bbox 1440 5245 1805 5312; x_wconf 69' lang='lat' dir='ltr'><strong>patriam/tam</strong></span> <span class='ocrx_word' id='word_1_499' title='bbox 1853 5243 2249 5299; x_wconf 79' lang='lat' dir='ltr'><strong>schismaticum</strong></span> <span class='ocrx_word' id='word_1_500' title='bbox 2284 5238 2338 5298; x_wconf 86' lang='lat' dir='ltr'><strong>et</strong></span> <span class='ocrx_word' id='word_1_501' title='bbox 2371 5243 2437 5295; x_wconf 85' lang='lat' dir='ltr'><strong>ad</strong></span> <span class='ocrx_word' id='word_1_502' title='bbox 2472 5242 2651 5296; x_wconf 75' lang='lat' dir='ltr'><strong>Istria!</strong></span> <span class='ocrx_word' id='word_1_503' title='bbox 2674 5242 2939 5311; x_wconf 78' lang='lat' dir='ltr'><strong>episcopos</strong></span> <span class='ocrx_word' id='word_1_504' title='bbox 2980 5241 3237 5312; x_wconf 75' lang='lat' dir='ltr'><strong>titteris(f</strong></span> <span class='ocrx_word' id='word_1_505' title='bbox 3264 5239 3317 5303; x_wconf 74' lang='lat'><strong>)2</strong></span> 
     </span>
    </p>
   </div>
   <div class='ocr_carea' id='block_1_43' title="bbox 138 5414 2397 5491">
    <p class='ocr_par' dir='ltr' id='par_1_43' title="bbox 138 5414 2397 5491">
     <span class='ocr_line' id='line_1_43' title="bbox 138 5414 2397 5491; baseline 0.005 -26"><span class='ocrx_word' id='word_1_506' title='bbox 138 5416 212 5479; x_wconf 70' lang='lat' dir='ltr'><strong>ta)</strong></span> <span class='ocrx_word' id='word_1_507' title='bbox 251 5414 466 5491; x_wconf 56' lang='grc' dir='ltr'>δοίη-ιιι.</span> <span class='ocrx_word' id='word_1_508' title='bbox 503 5433 569 5491; x_wconf 78' lang='lat' dir='ltr'><strong>v,_</strong></span> <span class='ocrx_word' id='word_1_509' title='bbox 603 5417 670 5480; x_wconf 77' lang='lat'><strong>5;</strong></span> <span class='ocrx_word' id='word_1_510' title='bbox 706 5415 923 5491; x_wconf 17' lang='lat' dir='ltr'><strong>S‘ozom.</strong></span> <span class='ocrx_word' id='word_1_511' title='bbox 954 5435 1074 5491; x_wconf 51' lang='lat' dir='ltr'><strong>gul,</strong></span> <span class='ocrx_word' id='word_1_512' title='bbox 1124 5419 1191 5491; x_wconf 71' lang='lat'><strong>2;</strong></span> <span class='ocrx_word' id='word_1_513' title='bbox 1250 5420 1440 5484; x_wconf 72' lang='lat' dir='ltr'><strong>Evagr.</strong></span> <span class='ocrx_word' id='word_1_514' title='bbox 1487 5437 1524 5483; x_wconf 82' lang='grc' dir='ltr'>ι,</span> <span class='ocrx_word' id='word_1_515' title='bbox 1559 5421 1627 5487; x_wconf 78' lang='lat'><strong>9.;</strong></span> <span class='ocrx_word' id='word_1_516' title='bbox 1730 5423 1900 5476; x_wconf 85' lang='lat' dir='ltr'><strong>berat.</strong></span> <span class='ocrx_word' id='word_1_517' title='bbox 1932 5422 2168 5476; x_wconf 85' lang='lat' dir='ltr'><strong>Breviar.</strong></span> <span class='ocrx_word' id='word_1_518' title='bbox 2202 5436 2320 5491; x_wconf 88' lang='lat' dir='ltr'><strong>cap.</strong></span> <span class='ocrx_word' id='word_1_519' title='bbox 2346 5422 2397 5476; x_wconf 78' lang='grc'>4.</span> 
     </span>
    </p>
   </div>
   <div class='ocr_carea' id='block_1_44' title="bbox 74 5479 1576 5613">
    <p class='ocr_par' dir='ltr' id='par_1_44' title="bbox 74 5479 1576 5613">
     <span class='ocr_line' id='line_1_44' title="bbox 74 5479 1576 5555; baseline 0.005 -21"><span class='ocrx_word' id='word_1_520' title='bbox 74 5479 301 5538; x_wconf 75' lang='lat' dir='ltr'><strong>Facund.</strong></span> <span class='ocrx_word' id='word_1_521' title='bbox 333 5502 390 5551; x_wconf 90' lang='lat' dir='ltr'><strong>ll,</strong></span> <span class='ocrx_word' id='word_1_522' title='bbox 418 5486 489 5551; x_wconf 72' lang='lat'><strong>2;</strong></span> <span class='ocrx_word' id='word_1_523' title='bbox 530 5479 775 5541; x_wconf 86' lang='lat' dir='ltr'><strong>Gennad.</strong></span> <span class='ocrx_word' id='word_1_524' title='bbox 814 5505 925 5555; x_wconf 80' lang='lat' dir='ltr'><strong>xu;</strong></span> <span class='ocrx_word' id='word_1_525' title='bbox 960 5479 1283 5544; x_wconf 39' lang='lat' dir='ltr'><strong>Theodo&#39;rct.</strong></span> <span class='ocrx_word' id='word_1_526' title='bbox 1325 5479 1470 5545; x_wconf 73' lang='lat' dir='ltr'><strong>Hist.</strong></span> <span class='ocrx_word' id='word_1_527' title='bbox 1504 5479 1576 5544; x_wconf 72' lang='lat' dir='ltr'><strong>ert</strong></span> 
     </span>
     <span class='ocr_line' id='line_1_45' title="bbox 76 5555 1576 5613; baseline 0.005 -7"><span class='ocrx_word' id='word_1_528' title='bbox 76 5567 120 5609; x_wconf 68' lang='grc' dir='ltr'><strong>ν.</strong></span> <span class='ocrx_word' id='word_1_529' title='bbox 156 5556 260 5613; x_wconf 70' lang='grc' dir='ltr'><strong>4ος</strong></span> <span class='ocrx_word' id='word_1_530' title='bbox 303 5555 491 5609; x_wconf 86' lang='lat' dir='ltr'><strong>Leont.</strong></span> <span class='ocrx_word' id='word_1_531' title='bbox 541 5568 723 5611; x_wconf 84' lang='lat' dir='ltr'><strong>contra</strong></span> <span class='ocrx_word' id='word_1_532' title='bbox 751 5557 904 5613; x_wconf 78' lang='lat' dir='ltr'><strong>Nest.</strong></span> <span class='ocrx_word' id='word_1_533' title='bbox 936 5576 1019 5613; x_wconf 87' lang='grc' dir='ltr'>ιιι.</span> <span class='ocrx_word' id='word_1_534' title='bbox 1061 5570 1115 5613; x_wconf 91' lang='lat' dir='ltr'><strong>et</strong></span> <span class='ocrx_word' id='word_1_535' title='bbox 1153 5562 1228 5613; x_wconf 88' lang='lat' dir='ltr'><strong>De</strong></span> <span class='ocrx_word' id='word_1_536' title='bbox 1262 5572 1385 5613; x_wconf 81' lang='lat' dir='ltr'><strong>sect.</strong></span> <span class='ocrx_word' id='word_1_537' title='bbox 1422 5570 1527 5613; x_wconf 86' lang='lat' dir='ltr'><strong>act.</strong></span> <span class='ocrx_word' id='word_1_538' title='bbox 1560 5564 1576 5613; x_wconf 63' lang='grc' dir='ltr'><em>Α</em></span> 
     </span>
    </p>
   </div>
   <div class='ocr_carea' id='block_1_45' title="bbox 1158 5479 2660 5613">
    <p class='ocr_par' dir='ltr' id='par_1_45' title="bbox 1158 5479 2660 5613">
     <span class='ocr_line' id='line_1_46' title="bbox 1158 5479 2660 5613; baseline 0.003 -72"><span class='ocrx_word' id='word_1_539' title='bbox 1158 5479 1283 5544; x_wconf 74' lang='lat' dir='ltr'><strong>oret.</strong></span> <span class='ocrx_word' id='word_1_540' title='bbox 1325 5479 1470 5545; x_wconf 73' lang='lat' dir='ltr'><strong>Hist.</strong></span> <span class='ocrx_word' id='word_1_541' title='bbox 1504 5479 1629 5544; x_wconf 64' lang='lat' dir='ltr'><strong>errt.</strong></span> <span class='ocrx_word' id='word_1_542' title='bbox 1806 5494 1875 5613; x_wconf 50' lang='grc' dir='ltr'><strong>(ἴ)</strong></span> <span class='ocrx_word' id='word_1_543' title='bbox 1916 5492 2012 5560; x_wconf 85' lang='lat' dir='ltr'><strong>Ep.</strong></span> <span class='ocrx_word' id='word_1_544' title='bbox 2048 5510 2085 5545; x_wconf 90' lang='lat' dir='ltr'><strong>t.</strong></span> <span class='ocrx_word' id='word_1_545' title='bbox 2235 5479 2296 5573; x_wconf 64' lang='grc' dir='ltr'><strong>ιι’3</strong></span> <span class='ocrx_word' id='word_1_546' title='bbox 2328 5494 2415 5553; x_wconf 82' lang='grc'><strong>51.</strong></span> <span class='ocrx_word' id='word_1_547' title='bbox 2448 5509 2545 5553; x_wconf 84' lang='lat' dir='ltr'><strong>vn,</strong></span> <span class='ocrx_word' id='word_1_548' title='bbox 2575 5493 2660 5546; x_wconf 67' lang='grc'><strong>54.</strong></span> 
     </span>
     <span class='ocr_line' id='line_1_47' title="bbox 1158 5562 2660 5613; baseline 0 0"><span class='ocrx_word' id='word_1_549' title='bbox 1158 5562 1228 5613; x_wconf 88' lang='lat' dir='ltr'><strong>De</strong></span> <span class='ocrx_word' id='word_1_550' title='bbox 1262 5572 1385 5613; x_wconf 81' lang='lat' dir='ltr'><strong>sect.</strong></span> <span class='ocrx_word' id='word_1_551' title='bbox 1422 5570 1527 5613; x_wconf 84' lang='lat' dir='ltr'><strong>act.</strong></span> <span class='ocrx_word' id='word_1_552' title='bbox 1560 5563 1633 5613; x_wconf 60' lang='lat'><strong>4:</strong></span> <span class='ocrx_word' id='word_1_553' title='bbox 1808 5564 1823 5613; x_wconf 82' lang='lat' dir='ltr'><strong>t</strong></span> <span class='ocrx_word' id='word_1_554' title='bbox 1874 5568 1886 5613; x_wconf 90' lang='lat' dir='ltr'><strong>l</strong></span> <span class='ocrx_word' id='word_1_555' title='bbox 1929 5562 2074 5613; x_wconf 73' lang='lat' dir='ltr'><strong>llard</strong></span> <span class='ocrx_word' id='word_1_556' title='bbox 2129 5564 2332 5613; x_wconf 73' lang='lat' dir='ltr'><strong>tonat.</strong></span> <span class='ocrx_word' id='word_1_557' title='bbox 2366 5572 2495 5613; x_wconf 82' lang='lat' dir='ltr'><strong>tem.</strong></span> <span class='ocrx_word' id='word_1_558' title='bbox 2536 5562 2623 5613; x_wconf 90' lang='lat' dir='ltr'><strong>lll.</strong></span> <span class='ocrx_word' id='word_1_559' title='bbox 2654 5580 2660 5613; x_wconf 86' lang='grc' dir='ltr'><strong>ι</strong></span> 
     </span>
    </p>
   </div>
   <div class='ocr_carea' id='block_1_46' title="bbox 76 5555 2865 5633">
    <p class='ocr_par' dir='ltr' id='par_1_46' title="bbox 76 5555 2865 5633">
     <span class='ocr_line' id='line_1_48' title="bbox 76 5555 2865 5633; baseline 0.004 -27"><span class='ocrx_word' id='word_1_560' title='bbox 76 5567 129 5633; x_wconf 49' lang='grc' dir='ltr'><strong>ξ.⁵</strong></span> <span class='ocrx_word' id='word_1_561' title='bbox 156 5556 260 5633; x_wconf 48' lang='grc'><strong>40)</strong></span> <span class='ocrx_word' id='word_1_562' title='bbox 303 5555 723 5633; x_wconf 31' lang='grc' dir='ltr'><strong>ιυροιιιᾷιεοηινα</strong></span> <span class='ocrx_word' id='word_1_563' title='bbox 751 5557 904 5614; x_wconf 78' lang='lat' dir='ltr'><strong>Nest.</strong></span> <span class='ocrx_word' id='word_1_564' title='bbox 936 5576 1019 5624; x_wconf 89' lang='grc' dir='ltr'>ιιι,</span> <span class='ocrx_word' id='word_1_565' title='bbox 1061 5570 1115 5615; x_wconf 90' lang='lat' dir='ltr'><strong>et</strong></span> <span class='ocrx_word' id='word_1_566' title='bbox 1153 5562 1228 5614; x_wconf 88' lang='lat' dir='ltr'><strong>De</strong></span> <span class='ocrx_word' id='word_1_567' title='bbox 1262 5572 1385 5614; x_wconf 82' lang='lat' dir='ltr'><strong>sect.</strong></span> <span class='ocrx_word' id='word_1_568' title='bbox 1422 5570 1527 5616; x_wconf 85' lang='lat' dir='ltr'><strong>act.</strong></span> <span class='ocrx_word' id='word_1_569' title='bbox 1560 5563 1633 5626; x_wconf 78' lang='lat' dir='ltr'><strong>lt;</strong></span> <span class='ocrx_word' id='word_1_570' title='bbox 1808 5555 1886 5633; x_wconf 73' lang='grc' dir='ltr'><strong>(ἄ)</strong></span> <span class='ocrx_word' id='word_1_571' title='bbox 1929 5555 2074 5633; x_wconf 64' lang='lat' dir='ltr'><strong>ilard</strong></span> <span class='ocrx_word' id='word_1_572' title='bbox 2129 5560 2332 5617; x_wconf 68' lang='grc' dir='ltr'><strong>(ὀπί-ξι.</strong></span> <span class='ocrx_word' id='word_1_573' title='bbox 2366 5572 2495 5633; x_wconf 77' lang='lat' dir='ltr'><strong>tom.</strong></span> <span class='ocrx_word' id='word_1_574' title='bbox 2536 5562 2623 5626; x_wconf 91' lang='lat' dir='ltr'><strong>lll,</strong></span> <span class='ocrx_word' id='word_1_575' title='bbox 2654 5580 2704 5632; x_wconf 89' lang='lat' dir='ltr'><strong>p.</strong></span> <span class='ocrx_word' id='word_1_576' title='bbox 2736 5562 2865 5618; x_wconf 76' lang='grc'><strong>430.</strong></span> 
     </span>
    </p>
   </div>
   <div class='ocr_carea' id='block_1_47' title="bbox 80 5621 2733 5701">
    <p class='ocr_par' dir='ltr' id='par_1_47' title="bbox 80 5621 2733 5701">
     <span class='ocr_line' id='line_1_49' title="bbox 80 5621 2733 5701; baseline 0.005 -29"><span class='ocrx_word' id='word_1_577' title='bbox 80 5621 288 5701; x_wconf 63' lang='grc' dir='ltr'>λινιψιι.</span> <span class='ocrx_word' id='word_1_578' title='bbox 328 5626 562 5701; x_wconf 55' lang='grc' dir='ltr'><strong>ξιιμ-50.</strong></span> <span class='ocrx_word' id='word_1_579' title='bbox 647 5696 660 5701; x_wconf 90' lang='lat'><em>_</em></span> <span class='ocrx_word' id='word_1_580' title='bbox 858 5699 867 5701; x_wconf 20' lang='lat'><em>4</em></span> <span class='ocrx_word' id='word_1_581' title='bbox 1005 5621 1013 5624; x_wconf 50' lang='grc'>⁷</span> <span class='ocrx_word' id='word_1_582' title='bbox 1162 5699 1201 5701; x_wconf 37' lang='grc' dir='ltr'>μ</span> <span class='ocrx_word' id='word_1_583' title='bbox 1342 5700 1349 5701; x_wconf 14' lang='lat'><em>7</em></span> <span class='ocrx_word' id='word_1_584' title='bbox 1456 5699 1467 5701; x_wconf 96' lang='lat'>_</span> <span class='ocrx_word' id='word_1_585' title='bbox 1624 5621 1631 5626; x_wconf 63' lang='grc'><strong>’</strong></span> <span class='ocrx_word' id='word_1_586' title='bbox 1814 5621 1881 5698; x_wconf 50' lang='lat' dir='ltr'><strong>(ei</strong></span> <span class='ocrx_word' id='word_1_587' title='bbox 1924 5631 2163 5687; x_wconf 81' lang='lat' dir='ltr'><strong>Monum.</strong></span> <span class='ocrx_word' id='word_1_588' title='bbox 2196 5634 2371 5701; x_wconf 78' lang='lat' dir='ltr'><strong>Aquit.</strong></span> <span class='ocrx_word' id='word_1_589' title='bbox 2404 5632 2514 5685; x_wconf 89' lang='lat' dir='ltr'><strong>ind.</strong></span> <span class='ocrx_word' id='word_1_590' title='bbox 2540 5621 2733 5685; x_wconf 77' lang='lat' dir='ltr'><strong>chron.</strong></span> 
     </span>
    </p>
   </div>
   <div class='ocr_carea' id='block_1_48' title="bbox 122 5696 2860 5773">
    <p class='ocr_par' dir='ltr' id='par_1_48' title="bbox 122 5696 2860 5773">
     <span class='ocr_line' id='line_1_50' title="bbox 122 5696 2860 5773; baseline 0.004 -26"><span class='ocrx_word' id='word_1_591' title='bbox 122 5696 208 5773; x_wconf 44' lang='lat' dir='ltr'><strong>to)</strong></span> <span class='ocrx_word' id='word_1_592' title='bbox 233 5697 399 5773; x_wconf 84' lang='lat' dir='ltr'><strong>_Apud</strong></span> <span class='ocrx_word' id='word_1_593' title='bbox 444 5696 795 5773; x_wconf 47' lang='lat' dir='ltr'><strong>Facundo&quot;.</strong></span> <span class='ocrx_word' id='word_1_594' title='bbox 837 5699 895 5773; x_wconf 83' lang='lat'><strong>_6,</strong></span> <span class='ocrx_word' id='word_1_595' title='bbox 944 5717 997 5754; x_wconf 70' lang='grc' dir='ltr'>ι.</span> <span class='ocrx_word' id='word_1_596' title='bbox 1045 5701 1109 5766; x_wconf 83' lang='grc'><strong>5;</strong></span> <span class='ocrx_word' id='word_1_597' title='bbox 1150 5699 1397 5773; x_wconf 67' lang='lat' dir='ltr'><strong>llesych.</strong></span> <span class='ocrx_word' id='word_1_598' title='bbox 1425 5699 1638 5773; x_wconf 66' lang='lat' dir='ltr'><strong>fragili.</strong></span> <span class='ocrx_word' id='word_1_599' title='bbox 1939 5703 2105 5759; x_wconf 86' lang='lat' dir='ltr'><strong>llard.</strong></span> <span class='ocrx_word' id='word_1_600' title='bbox 2143 5696 2343 5758; x_wconf 71' lang='lat' dir='ltr'><strong>Concil.</strong></span> <span class='ocrx_word' id='word_1_601' title='bbox 2371 5712 2500 5757; x_wconf 87' lang='lat' dir='ltr'><strong>tom.</strong></span> <span class='ocrx_word' id='word_1_602' title='bbox 2532 5702 2616 5765; x_wconf 89' lang='lat' dir='ltr'><strong>lll,</strong></span> <span class='ocrx_word' id='word_1_603' title='bbox 2652 5719 2703 5773; x_wconf 91' lang='lat' dir='ltr'><strong>p.</strong></span> <span class='ocrx_word' id='word_1_604' title='bbox 2736 5702 2860 5759; x_wconf 76' lang='grc'><strong>450.</strong></span> 
     </span>
    </p>
   </div>
   <div class='ocr_carea' id='block_1_49' title="bbox 86 5758 1644 5842">
    <p class='ocr_par' dir='ltr' id='par_1_49' title="bbox 86 5758 1644 5842">
     <span class='ocr_line' id='line_1_51' title="bbox 86 5758 1644 5842; baseline 0.009 -27"><span class='ocrx_word' id='word_1_605' title='bbox 86 5758 201 5816; x_wconf 67' lang='lat' dir='ltr'><strong>hist:</strong></span> <span class='ocrx_word' id='word_1_606' title='bbox 233 5758 507 5821; x_wconf 57' lang='lat' dir='ltr'><strong>in&#39;concil.</strong></span> <span class='ocrx_word' id='word_1_607' title='bbox 542 5766 604 5829; x_wconf 87' lang='lat' dir='ltr'><strong>v,</strong></span> <span class='ocrx_word' id='word_1_608' title='bbox 641 5769 725 5822; x_wconf 87' lang='lat' dir='ltr'><strong>ed.</strong></span> <span class='ocrx_word' id='word_1_609' title='bbox 755 5758 923 5826; x_wconf 70' lang='lat' dir='ltr'><strong>colei.</strong></span> <span class='ocrx_word' id='word_1_610' title='bbox 972 5758 1107 5823; x_wconf 63' lang='lat' dir='ltr'><strong>tom.</strong></span> <span class='ocrx_word' id='word_1_611' title='bbox 1150 5770 1239 5839; x_wconf 79' lang='lat' dir='ltr'><strong>IX,</strong></span> <span class='ocrx_word' id='word_1_612' title='bbox 1272 5760 1333 5842; x_wconf 81' lang='lat' dir='ltr'><strong>‘p.</strong></span> <span class='ocrx_word' id='word_1_613' title='bbox 1374 5758 1644 5837; x_wconf 55' lang='lat' dir='ltr'><strong>stafu-</strong></span> 
     </span>
    </p>
   </div>
   <div class='ocr_carea' id='block_1_50' title="bbox 399 5859 1901 5957">
    <p class='ocr_par' dir='ltr' id='par_1_50' title="bbox 399 5859 1108 5928">
     <span class='ocr_line' id='line_1_52' title="bbox 399 5859 1108 5928; baseline 0.004 -9"><span class='ocrx_word' id='word_1_614' title='bbox 399 5859 669 5921; x_wconf 73' lang='grc' dir='ltr'><strong>ΡΑτιιοι..</strong></span> <span class='ocrx_word' id='word_1_615' title='bbox 719 5862 766 5919; x_wconf 70' lang='grc' dir='ltr'><strong>(ἶ</strong></span> <span class='ocrx_word' id='word_1_616' title='bbox 780 5882 816 5920; x_wconf 74' lang='grc' dir='ltr'><strong>ιι</strong></span> <span class='ocrx_word' id='word_1_617' title='bbox 890 5864 1108 5928; x_wconf 56' lang='lat' dir='ltr'><strong>LXVI;</strong></span> 
     </span>
    </p>
   </div>
   <div class='ocr_carea' id='block_1_51' title="bbox 1536 5859 3038 5957">
    <p class='ocr_par' dir='ltr' id='par_1_51' title="bbox 2444 5868 3038 5957">
     <span class='ocr_line' id='line_1_53' title="bbox 2444 5868 3038 5957; baseline 0 -34"><span class='ocrx_word' id='word_1_618' title='bbox 2444 5954 2447 5957; x_wconf 7' lang='grc' dir='ltr'>ὗ</span> <span class='ocrx_word' id='word_1_619' title='bbox 3006 5868 3038 5923; x_wconf 75' lang='grc' dir='ltr'><strong>ιι</strong></span> 
     </span>
    </p>
   </div>
  </div>
