3804 6222
478 276 576 332 itl'l
1715 275 1876 333 ANG.
1920 276 2060 332 MAII
2103 276 2499 334 PRIEFATIO.
3639 288 3738 347 108

476 394 657 450 Latini
682 393 912 448 homines
947 392 1246 448 Gracitatis
1278 393 1470 463 ignari,
1505 392 1630 446 dum
1659 393 1897 464 linguam
1936 394 2202 460 nesciunt,
2257 412 2489 452 errorem
2550 393 2698 447 tarde
2735 402 3116 465 cognoverunt;
3162 413 3386 467 quorum
3416 404 3740 463 constantia.

474 507 741 561 quousque
763 507 939 545 verum
975 498 1364 561 cognoscerent,
1395 505 1428 543 a
1457 487 1740 543 certamine
1770 505 1874 542 non
1910 489 2122 558 quievit.
2153 490 2332 546 Causa
2366 491 2447 546 rei
2493 498 2659 545 tanta;
2691 486 2812 551 fuit,
2842 487 2986 559 quod
3015 488 3252 561 episcopi
3284 491 3359 546 illi
3390 497 3662 563 pmconia
3689 510 3742 552 et

475 584 678 653 scripta
717 583 989 637 Theodori
1012 583 1067 636 in
1108 583 1562 650 Chalcedonensi,
1603 591 1664 638 ut
1709 581 1848 638 falso
1881 585 2170 654 putabant,
2213 585 2449 642 concilio
2488 595 2751 658 pronata,
2797 583 2854 638 in
2892 583 3504 656 Constantinopolitano
3544 591 3742 647 deinde

477 676 736 733 damnata
772 693 914 748 aegre
943 677 1210 733 ferebant.

547 819 611 874 ll.
637 819 1086 875 Commentarium
1126 824 1194 877 ad
1235 823 1285 876 Χ
1292 822 1354 877 ll
1393 826 1672 893 prophetas
1718 825 1969 890 minores,
2007 843 2167 896 quem
2195 841 2342 882 nunc
2371 827 2538 884 edere
2562 827 2871 899 aggredior,
2904 827 2958 881 in
2989 827 3206 882 duobus
3234 824 3434 882 otiandi
3457 825 3738 882 Vaticana:

479 913 824 971 bibliotheca:
846 915 1147 978 codicibus,
1181 916 1352 971 altero
1379 918 1471 985 qui
1501 916 1604 971 fuit
1642 917 1769 971 olim
1802 917 2091 986 cujusdam
2129 918 2394 989 dignitate
2420 920 2940 990 πρωτοασηκρήτις,
2973 918 3170 973 deinde
3200 933 3328 973 vero
3373 917 3600 974 Joannis
3628 935 3749 973 car-

478 1008 677 1064 dinalis
724 1006 1022 1064 Florentini
1073 1009 1339 1078 Salviati;
1383 1020 1589 1089 postea.
1622 1013 1678 1067 in
1736 1011 2108 1069 Romanorum
2167 1014 2618 1070 Columnensium
2668 1015 3052 1071 bibliothecam
3093 1016 3354 1078 transiit;
3397 1015 3634 1085 denique
3683 1016 3746 1068 ad

480 1108 699 1162 codices
723 1105 1018 1160 Vaticanus
1059 1115 1186 1162 ante
1213 1107 1568 1172 decennium,
1605 1124 1692 1163 me
1721 1109 2008 1179 praefecto,
2045 1111 2303 1165 accessit.
2338 1110 2387 1166 Is
2417 1119 2501 1168 est
2535 1111 2706 1166 codex
2750 1111 3132 1166 membraneus
3165 1117 3533 1179 pervetustus,
3561 1109 3748 1164 saeculi

479 1204 701 1259 circiter
729 1200 1024 1265 undecimi,
1045 1201 1432 1270 integerrimus
1464 1210 1516 1256 et
1543 1204 2054 1260 emendatissimus.
2077 1204 2228 1259 Alter
2256 1205 2428 1260 codex
2458 1205 2526 1260 ad
2557 1201 3281 1259 Vaticanamcollectionem
3307 1201 3417 1271 jam
3450 1202 3542 1256 diu
3576 1203 3750 1272 perti-

481 1310 640 1359 nens,
679 1294 1009 1348 chartaceus
1043 1300 1097 1348 et
1137 1306 1352 1358 recens,
1384 1293 1893 1363 commentarioque
1915 1293 1982 1347 ad
2015 1293 2334 1348 Zachariam
2375 1308 2594 1355 carens,
2629 1293 2786 1360 cujus
2827 1292 2906 1346 rei
2941 1307 3049 1346 non
3080 1291 3298 1346 dubiam
3335 1307 3555 1348 causam
3585 1293 3750 1363 paqu

479 1393 603 1459 post
637 1385 900 1441 recitabo.
945 1382 1066 1438 Jam
1097 1383 1187 1437 hic
1233 1398 1426 1438 recens
1455 1381 1592 1437 adeo
1626 1385 1943 1439 vetustioris
1970 1385 2116 1440 illius
2151 1386 2436 1440 lectionem
2489 1383 2759 1453 sequitur,
2793 1390 2853 1436 ut
2897 1397 2961 1436 ex
3000 1381 3190 1439 eodem
3224 1383 3558 1454 exscriptum
3590 1382 3752 1436 valde

479 1485 732 1540 arbitrer.
775 1481 890 1553 Ego
919 1488 1067 1536 certe
1115 1478 1321 1534 nullam
1357 1479 1680 1534 recentioris
1717 1480 1984 1534 rationem
2019 1480 2206 1542 habui,
2254 1479 2351 1534 sed
2407 1485 2704 1547 praestante
2736 1478 2964 1546 antiquo
2991 1489 3205 1544 semper
3255 1489 3376 1529 sum
3412 1489 3568 1529 usus.
3600 1472 3751 1528 Satis

483 1578 670 1645 itaque
703 1573 832 1628 mihi
870 1570 938 1625 ad
972 1571 1273 1626 curandam
1307 1571 1602 1626 editionem
1632 1572 1689 1626 in
1712 1570 2000 1627 Pontiﬁcia
2029 1573 2360 1628 bibliotheca
2389 1571 2620 1628 subsidii
2655 1570 2794 1637 fuit;
2833 1570 2927 1626 sed
2957 1571 3084 1640 quia
3114 1577 3293 1623 tamen
3323 1584 3420 1639 par
3453 1570 3753 1624 thesaurus

481 1668 607 1722 alibi
644 1679 863 1737 quoque
900 1672 1098 1726 exstat,
1135 1678 1244 1717 non
1294 1664 1569 1734 gravabor
1603 1664 1859 1718 notitiam
1917 1674 2231 1719 exterorum
2279 1664 2558 1729 codicum,
2594 1679 2718 1735 qua:
2751 1663 2884 1716 mihi
2921 1661 3200 1732 indaganti
3238 1663 3502 1727 occurrit,
3556 1665 3752 1732 paucis

483 1779 781 1835 exponere.
818 1761 878 1817 In
904 1761 1100 1832 primis
1155 1760 1388 1814 Caesaris
1434 1761 1765 1816 bibliotheca
1804 1761 2248 1818 Vindobonensis
2278 1761 2420 1817 duos
2454 1761 2618 1817 habet
2667 1759 2940 1816 Theodori
2967 1758 3024 1812 in
3057 1775 3134 1814 xu
3169 1758 3449 1827 prophetas
3499 1759 3748 1821 codices.

483 1873 720 1930 quorum
761 1857 992 1912 alterum
1029 1853 1135 1910 sub
1166 1870 1398 1909 numero
1428 1854 1638 1910 CLXIII
1671 1855 1968 1926 descripsit
1997 1856 2326 1912 Lambecuts
2375 1857 2490 1927 (a);
2530 1857 2598 1911 de
2626 1856 2799 1910 altero
2835 1855 2965 1910 huic
2987 1853 3148 1925 plane
3178 1851 3342 1907 simili
3377 1852 3588 1921 prolixe
3617 1850 3754 1905 For-

483 1954 621 2010 losia
653 1951 768 2023 (qui
791 1951 859 2006 de
899 1949 1138 2005 editione
1177 1962 1397 2017 quoque
1444 1947 1728 2018 cogitavit)
1774 1948 2020 2019 loquitur
2047 1947 2191 2018 apud
2224 1948 2530 2004 Kollarium
2563 1949 2619 2002 in
2655 1944 3050 2018 supplementis
3079 1960 3131 2014 p.
3172 1942 3294 1997 167.
3345 1944 3522 2012 Atque
3553 1941 3608 1995 hi
3642 1941 3754 1997 duo

486 2047 943 2103 Vindobonenses
973 2043 1250 2099 chartacei
1283 2052 1432 2106 sunt,
1464 2058 1564 2098 nec
1595 2043 1807 2114 antiqui
1835 2061 1848 2097 :
1887 2045 2022 2113 quin
2051 2043 2188 2099 adeo
2223 2044 2498 2100 secundus
2528 2043 2740 2099 delatus
2779 2058 2847 2097 ex
2886 2039 3044 2095 Italia
3081 2035 3183 2090 fuit
3212 2035 3280 2088 ab
3313 2033 3574 2104 Apostolo
3603 2032 3756 2087 Zeno

490 2141 870 2196 Viudobonam
897 2157 909 2193 :
942 2139 1078 2194 satis
1112 2146 1294 2191 autem
1326 2146 1554 2209 apparet
1592 2137 1966 2208 apographum
2007 2153 2130 2193 esse
2158 2138 2362 2194 veteris
2390 2137 2598 2192 codicis
2630 2135 3039 2196 Columnensis,
3085 2143 3231 2184 nunc
3263 2127 3548 2189 Vaticani;
3577 2141 3756 2196 Quan-

485 2231 779 2302 doquidetn
828 2229 934 2284 tria
982 2229 1076 2282 illa
1124 2230 1334 2284 scholia
1371 2247 1399 2282 a
1430 2229 1671 2283 Kollario
1724 2230 1891 2292 edita,
1949 2229 2230 2299 quibusin
2268 2229 2550 2285 Zachariae
2589 2229 2864 2300 propheta:
2912 2227 3157 2298 margine
3193 2228 3480 2295 theologus
3525 2223 3754 2278 Graecus

494 2325 681 2379 nescio
714 2323 840 2392 quis
875 2326 1108 2390 castigat
1133 2323 1395 2390 quasdam
1424 2320 1697 2376 Theodori
1732 2322 1910 2376 nostri
1942 2322 2265 2386 sententias,
2293 2337 2378 2387 ea,
2411 2322 2659 2390 inquam,
2685 2320 2889 2375 scholia
2926 2319 2978 2373 in
3004 2320 3342 2390 marginibus
3365 2316 3756 2373 Columnensis

487 2424 695 2478 codicis
733 2429 977 2483 exstant,
1013 2428 1179 2489 atque
1209 2420 1276 2474 ad
1307 2421 1545 2475 litteram
1579 2437 1702 2474 cmn
1750 2421 1858 2476 illis
1901 2421 2065 2478 editis
2110 2430 2440 2490 congruunt.
2477 2419 2596 2474 Jam
2647 2420 2776 2490 quia
2825 2416 3252 2472 commentarius
3295 2409 3665 2479 Mopsuesteni
3701 2407 3758 2460 in

490 2513 813 2566 Zachariam
847 2507 1218 2564 crinnnationi
1264 2510 1427 2563 alicui
1462 2519 1650 2578 patere
1676 2511 1826 2564 visus
1857 2519 1961 2572 est,
1994 2509 2202 2564 idcirco
2228 2511 2379 2564 illum
2408 2507 2658 2564 Vaticani
2687 2508 3010 2564 recentioris
3032 2505 3238 2561 codicis
3269 2504 3503 2572 scriptor
3525 2509 3757 2570 praeter-

491 2612 678 2666 misit:
712 2609 856 2680 quod
897 2622 998 2678 ego
1045 2605 1332 2661 consilium
1370 2605 1594 2660 minime
1625 2605 1833 2674 probo;
1867 2621 2044 2676 neque
2073 2607 2216 2660 enim
2247 2607 2588 2675 periclitatur
2623 2605 2882 2660 Ecclesiae
2923 2610 3121 2666 status,
3171 2597 3346 2654 sicubi
3381 2595 3523 2648 forte
3563 2591 3757 2662 Mops-

491 2715 753 2760 uestenus
811 2701 1040 2757 audacia
1097 2701 1181 2754 vel
1237 2697 1475 2751 novitate
1541 2696 1938 2766 interpretandi
1997 2696 2159 2764 paulo
2210 2695 2433 2750 liberius
2484 2705 2730 2768 vagatur.
2782 2694 3020 2760 Quintus
3069 2689 3237 2745 codex
3296 2684 3534 2740 Venetus
3588 2695 3678 2738 est
3728 2698 3760 2735 a

489 2798 897 2854 Montfaueonio
921 2796 995 2865 (b)
1027 2795 1082 2848 in
1113 2794 1498 2848 Grimanorum
1527 2791 1860 2845 bibliotheca
1887 2791 2232 2846 observatus.
2268 2788 2465 2846 Sextus
2495 2806 2650 2860 atque
2689 2789 2929 2844 Venetus
2975 2794 3083 2848 esl,
3110 2797 3270 2852 quem
3306 2780 3445 2833 idem
3478 2775 3759 2832 Montfau-

490 2894 684 2949 couius
705 2891 775 2960 (ε)
806 2890 948 2961 apud
981 2888 1254 2942 Meletium
1290 2885 1595 2957 Typaldum
1618 2880 1776 2940 vidit.
1803 2885 2080 2956 Septimus
2119 2887 2291 2939 codex
2339 2886 2480 2956 apud
2511 2885 2856 2940 Gerasimum
2899 2880 3160 2937 Blacbuut
3187 2877 3239 2930 in
3271 2873 3442 2928 Gallia
3467 2871 3590 2938 fuit,
3620 2879 3761 2926 teste

487 2982 818 3040 Combelisio
855 2979 957 3048 (ά).
986 2978 1165 3047 Atque
1192 2975 1338 3030 hunc
1365 2976 1608 3030 codicem
1651 2975 1889 3044 inspexit
1933 2974 2119 3037 etiam,
2151 2981 2212 3026 ut
2262 2981 2414 3042 puto,
2448 2972 2760 3041 Stephanus
2800 2973 2868 3026 ab
2894 2973 3161 3030 Altimura
3192 2970 3533 3043 (Lequinius)
3563 2968 3661 3040 qui
3703 2969 3760 3022 in

491 3076 756 3146 Panoplia
783 3091 837 3146 p.
864 3075 989 3137 455,
1023 3072 1102 3126 ait
1135 3088 1198 3127 se
1242 3073 1441 3144 legisse
1488 3070 1859 3142 Mopsuesten‘i
1913 3068 2336 3123 Coumtentarios
2368 3069 2422 3121 in
2458 3083 2533 3121 xu
2579 3067 2878 3136 prophetas.
2912 3065 3103 3123 Octavi
3130 3067 3338 3122 codicis
3369 3065 3620 3121 notitiam
3649 3065 3761 3135 pri-

491 3185 636 3235 mus,
667 3176 728 3223 ut
752 3166 1012 3230 arbitror,
1048 3161 1288 3235 prodidit
1318 3162 1659 3219 Possevinus
1683 3162 1777 3231 (ε),
1801 3161 1894 3231 qui
1920 3166 2138 3215 exstare
2156 3153 2292 3213 cum
2324 3157 2464 3212 dixit
2498 3158 2683 3212 Romae
2725 3159 2779 3212 in
2809 3159 3138 3213 bibliotheca
3165 3157 3570 3222 Vallicelliana;
3595 3171 3760 3226 quem

491 3278 589 3333 ego
609 3261 852 3317 codicem
888 3271 1015 3311 cum
1061 3255 1434 3319 observarem,
1469 3254 1805 3324 deprehendi
1851 3270 1977 3310 esse
2028 3263 2192 3308 tenue
2242 3254 2715 3325 interpretationis
2761 3255 2817 3308 in
2871 3255 3063 3310 Oscam
3115 3255 3504 3326 fragmentum,
3539 3253 3761 3322 paginis

490 3351 779 3408 duodecim
817 3356 1104 3412 constans,
1138 3362 1314 3416 usque
1342 3351 1409 3400 ad
1449 3345 1679 3400 secundi
1711 3346 1909 3416 capitis
1940 3347 2278 3402 versiculum
2311 3347 2532 3401 tertium
2563 3347 2861 3402 decimum.
2896 3347 3072 3404 Huius
3103 3363 3266 3416 porro
3292 3349 3538 3418 praeclari
3570 3346 3761 3416 aperis

491 3445 710 3499 codices
739 3442 831 3512 qui
864 3455 1029 3496 manu
1069 3439 1277 3493 diutius
1306 3436 1670 3500 versaverint,
1703 3444 1816 3492 tres
1843 3437 2038 3491 saltem
2071 3437 2348 3508 comperio
2380 3437 2526 3493 viros
2552 3455 2566 3504 ;
2613 3454 2850 3508 quorum
2881 3442 3094 3510 primus
3123 3447 3208 3495 est
3239 3439 3567 3495 Franciscus
3618 3438 3762 3493 Tur-

490 3553 680 3594 rtanus
703 3535 790 3604 (Ῑ),
824 3549 854 3588 a
891 3549 1001 3604 quo
1039 3531 1224 3586 Batnae
1251 3531 1479 3600 degente
1519 3530 1844 3587 Vaticanum
1891 3533 2072 3602 ipsum
2106 3533 2353 3588 codicem
2389 3533 2590 3587 lectum
2621 3535 2881 3604 augurari
2913 3537 3059 3591 licet.
3089 3533 3378 3590 Secundus
3417 3543 3503 3590 est
3532 3532 3761 3589 Samuel

495 3629 780 3692 Tenulius,
818 3628 910 3698 qui
951 3626 1007 3680 iu
1039 3626 1239 3682 litteris
1278 3628 1346 3681 ad
1381 3626 1505 3684 Nic.
1542 3627 1826 3683 Heinsium
1860 3631 1935 3699 (g)
1968 3630 2045 3683 ait
2084 3645 2142 3685 se
2176 3631 2230 3684 in
2274 3629 2428 3684 Latio
2471 3629 2833 3701 descripsisse
2869 3633 2973 3689 sibi
3017 3631 3288 3687 Theodori
3333 3632 3666 3686 Antiocheni
3710 3633 3762 3684 in

492 3724 684 3783 Oscam
723 3721 1069 3794 fragmenta;
1115 3737 1236 3792 qua:
1271 3725 1474 3780 locutio
1507 3725 1628 3796 ejus
1673 3725 1806 3782 facit
1855 3734 1914 3780 ut
1965 3728 2274 3782 existimem
2327 3728 2472 3797 loqui
2528 3726 2819 3782 Teuulium
2865 3727 2932 3783 de
2967 3727 3158 3783 codice
3206 3726 3612 3792 Vallicelliano,
3669 3729 3762 3796 qui

492 3835 684 3889 reapse
716 3818 852 3872 nihil
885 3817 1067 3881 habet,
1101 3824 1160 3871 ut
1188 3817 1460 3894 diximus,
1484 3826 1682 3888 praeter
1710 3819 1873 3874 breve
1901 3820 1952 3872 in
1981 3818 2172 3875 Oscam
2205 3817 2591 3888 fragmentum.
2619 3817 2838 3874 Tertius
2865 3829 2952 3876 est
2985 3819 3276 3875 Anselmus
3302 3819 3635 3882 Bandurius,
3669 3823 3764 3890 qui

496 3913 550 3966 in
572 3918 870 3980 conspectu
897 3926 1126 3981 operum
1155 3909 1446 3979 Nicephori
1479 3926 1639 3980 quem
1666 3910 1955 3966 Fabricius
2001 3911 2246 3982 vulgavit
2281 3908 2380 3978 (h),
2417 3910 2494 3963 ait
2527 3925 2577 3971 ι).
2611 3909 2738 3966 626,
2773 3911 2998 3966 seinter
3037 3921 3232 3967 caetera
3274 3913 3544 3967 editurum
3581 3912 3765 3970 Theo-

491 4007 613 4058 duri
643 4017 862 4074 quoque
892 4001 1256 4071 Mopsuesteni
1291 4005 1342 4056 iu
1368 4003 1646 4070 prophetas
1696 4021 1768 4058 xu
1803 4006 2264 4058 commentarium.
2293 4002 2413 4058 Jam
2457 4005 2585 4073 quia
2616 4004 2922 4061 Bandurius
2960 4024 3017 4062 se
3054 4009 3106 4062 id
3144 4010 3406 4065 beneficio
3437 4010 3624 4066 Cosmi
3666 4011 3759 4075 III,

492 4096 650 4150 ducis
679 4094 930 4158 Etruriae,
963 4091 1122 4162 cujus
1156 4091 1272 4160 ipse
1314 4095 1703 4150 bibliothecam
1743 4097 1984 4166 regebat,
2024 4096 2296 4150 facturum
2329 4097 2626 4167 spopondit
2655 4098 2995 4169 (quanquam
3033 4099 3192 4155 fidem
3243 4117 3418 4170 neque
3448 4101 3764 4158 Bandurius

495 4193 782 4248 Florentia:
827 4205 1006 4259 neque
1048 4187 1296 4242 Forlosia
1328 4187 1663 4243 Vindobonae
1697 4187 2351 4260 liberaverunt),putabat
2371 4189 2656 4246 Fabricius
2682 4191 2742 4262 (i)
2781 4194 3029 4248 codicem
3078 4197 3200 4264 ejus
3233 4199 3416 4267 operis
3469 4197 3524 4250 in
3559 4198 3764 4253 biblio-

495 4289 653 4343 theca
681 4286 918 4341 Illedicea
947 4291 1184 4338 exstare.
1216 4281 1370 4337 Nunc
1398 4293 1579 4338 autem
1622 4285 1890 4353 ejusmodi
1929 4285 2174 4340 codicem
2206 4285 2481 4342 Bandurio
2509 4287 2754 4358 ignotum
2788 4290 3067 4351 videmus;
3102 4303 3165 4341 ex
3195 4303 3303 4356 quo
3335 4288 3587 4356 sequitur
3614 4296 3675 4342 ut
3709 4293 3763 4342 in

495 4384 738 4439 Medicea
789 4381 1122 4437 bibliotheca
1155 4395 1264 4434 non
1297 4375 1482 4430 fuerit.
1535 4373 1741 4430 Revera
1791 4375 2097 4432 Baudurius
2131 4377 2206 4430 nil
2240 4377 2388 4431 aliud
2423 4378 2498 4431 ait
2530 4378 2638 4433 nisi
2683 4394 2741 4434 se
2789 4379 2840 4434 id
2878 4395 3016 4449 Opus
3070 4395 3100 4433 e
3149 4378 3495 4432 bibliothecis
3523 4380 3760 4439 eruisse,

495 4492 632 4548 quas
661 4477 804 4530 inter
831 4474 992 4545 paulo
1019 4483 1144 4529 ante
1177 4470 1494 4525 Vaticanam
1540 4476 2097 4522 couunemoraverat:
2136 4475 2190 4522 et
2219 4469 2436 4537 quidem
2472 4468 2519 4522 si
2553 4468 2620 4524 de
2650 4485 2749 4524 sua
2781 4469 3020 4525 Medicea
3051 4472 3387 4539 loqueretur,
3422 4469 3765 4540 Mopsueste-

499 4583 628 4622 num
665 4567 803 4637 apud
834 4581 894 4622 se
927 4565 1125 4620 habere
1153 4564 1402 4620 dixisset.
1447 4560 1583 4613 Tum
1629 4574 1758 4614 vero
1805 4569 1859 4613 et
1909 4560 2001 4613 ille
2027 4559 2196 4614 codex
2247 4559 2639 4624 Salviatorum,
2672 4577 2820 4616 nunc
2864 4560 3183 4625 Vaticanus,
3233 4564 3320 4616 illa
3376 4563 3557 4617 adhuc
3603 4571 3766 4617 atate

498 4658 789 4714 Florentia:
843 4658 984 4729 apud
1028 4666 1238 4712 veteres
1287 4653 1560 4715 dominos,
1594 4658 1654 4704 ut
1683 4651 1869 4715 credo,
1909 4651 2044 4717 fuit;
2077 4667 2183 4722 qua
2236 4653 2287 4706 in
2343 4652 2476 4706 urbe
2526 4651 2594 4706 ad
2631 4651 2894 4709 Bandurii
2936 4658 3186 4712 notitiam
3245 4673 3552 4728 manusque
3601 4659 3766 4713 facile

498 4756 661 4810 venit.

572 4891 655 4945 Ill.
729 4891 840 4962 Age
920 4903 1087 4953 vero,
1145 4887 1212 4942 de
1283 4894 1508 4942 auctore
1588 4885 1772 4955 operis
1845 4887 2142 4955 quominus
2224 4888 2588 4960 dubitemus,
2664 4894 2877 4949 testis.
2943 4895 3098 4950 adest
3187 4897 3240 4950 in
3322 4896 3582 4959 cunctis,
3671 4899 3763 4968 qui

498 4987 610 5040 noti
675 4992 833 5053 sunt,
900 4983 1291 5054 manuscriptis
1352 4980 1637 5037 codicibus
1695 4989 1958 5037 constans

2259 4983 2524 5057 Βεθδὼρου
2585 4989 2937 5059 Ἀιτιοχέυ›;,
3001 4989 3260 5045 Theodori
3312 4993 3522 5048 scilicet
3583 4995 3761 5064 patria

499 5081 826 5136 Antiocheni.
895 5079 1000 5137 Sed
1033 5079 1160 5150 quia
1227 5096 1337 5137 non
1399 5098 1541 5139 unus
1599 5083 1702 5138 fuit
1746 5085 2050 5156 Antiochiae
2102 5093 2265 5143 natus
2317 5086 2669 5157 Theodorus,
2725 5106 2854 5147 ecce
2920 5091 3078 5148 nobis
3123 5091 3351 5148 Photius
3393 5094 3461 5163 (j)
3519 5105 3762 5166 quatuor

593 5285 644 5362 τι)
687 5279 844 5362 iam.
878 5279 1054 5362 lV,_p.
1085 5282 1211 5362 ὅξρ,
1249 5281 1494 5362 ed._n_ov.
1757 5353 1846 5362 .-Α
2175 5284 2478 5362 Ἰξιιιτὶειιιιε
2533 5287 2602 5342 de
2663 5287 3060 5362 interpretandi
3119 5305 3358 5362 genere,
3409 5305 3520 5362 quo
3593 5294 3766 5348 utitur

592 5349 642 5486 bg
683 5350 834 5432 Diar.
868 5349 1084 5423 Itale.
1121 5353 1210 5416 59,
1239 5362 1293 5408 et
1324 5353 1462 5406 Bibl.
1494 5370 1620 5408 mss.
1658 5367 1712 5422 p.
1744 5353 1870 5408 478.
2177 5356 2632 5426 Mopsuestenus,
2681 5349 2846 5428 atque
2897 5360 2951 5414 id
3003 5349 3442 5416 nonvimmerito'
3490 5365 3763 5432 castigat;

592 5439 616 5474 ε
682 5420 838 5476 Βιαν.
872 5420 1002 5476 Ital.
1037 5441 1088 5486 p.
1120 5424 1212 5486 46,
1243 5423 1383 5477 Bibl.
1439 5439 1567 5477 mss.
1601 5438 1652 5486 p.
1684 5423 1810 5477 478.
2175 5429 2420 5486 satisque
2466 5427 2808 5483 demonstrat
2847 5437 3022 5485 totum
3077 5447 3108 5486 a
3157 5446 3220 5486 se
3267 5431 3326 5485 in
3365 5447 3442 5486 xu
3476 5439 3763 5486 prophetas

591 5420 641 5504 ε)
872 5420 1002 5476 Ital.
1120 5424 1220 5504 46,
1243 5423 1383 5504 Bibl:
1406 5439 1567 5504 _mss.
1601 5420 1810 5492 p.178.
2175 5420 2420 5497 satisque
2466 5420 2808 5504 demonstrat
2838 5437 3022 5504 totum
3077 5447 3108 5486 a
3157 5446 3220 5487 se
3267 5431 3326 5485 in
3365 5447 3442 5486 xu
3474 5420 3764 5504 propincus;

589 5493 648 5564 ά)
691 5492 829 5546 Bibl.
859 5509 1003 5549 conc.
1038 5503 1170 5546 tom.
1206 5495 1246 5559 Ι,
1273 5511 1324 5562 p.
1357 5493 1513 5564 474.“,
1706 5563 1715 5564 ί
2174 5492 2608 5552 commentarium
2641 5497 2807 5554 fuisse
2836 5502 3057 5555 lectum.

588 5561 636 5640 ς)
678 5564 876 5640 appar.
916 5573 1050 5619 tom.
1093 5563 1177 5640 ll_l_,
1214 5561 1341 5640 cod.
1382 5561 1574 5618 Vallic.
1610 5580 1662 5634 p.
1695 5563 1786 5618 27.
1872 5635 1930 5640 __
2245 5569 2320 5640 (Vg)
2360 5567 2622 5640 Burman.
2661 5567 2864 5640 Syllog.
2891 5579 3024 5634 tom,
3059 5571 3124 5631 ll.
3153 5587 3205 5635 ι).
3243 5572 3368 5627 801.

588 5571 636 5632 e)
678 5571 876 5630 Appar.
916 5573 1050 5619 tom.
1093 5571 1177 5626 III,
1217 5571 1341 5618 cod.
1385 5571 1574 5618 Valltc.
1610 5580 1662 5634 p.
1695 5571 1786 5618 27.
2245 5571 2320 5638 (g)
2360 5571 2622 5621 Burman.
2661 5571 2864 5640 Syllog.
2891 5579 3024 5634 tom,
3059 5571 3124 5631 ll.
3153 5587 3205 5635 ι).
3243 5572 3368 5627 801.

567 5571 635 5706 ἶί)
677 5635 959 5713 Adconst.
996 5649 1081 5703 ap.
1123 5633 1186 5688 ll.
1211 5633 1279 5701 5;
1313 5648 1410 5703 pro
1433 5648 1552 5701 epp.
1583 5647 1741 5713 pom.
1777 5651 1836 5701 ιι,
1867 5635 2064 5713 ξολ-ιν,
2247 5639 2321 5713 (h)
2354 5639 2503 5713 llibl.
2543 5637 2635 5713 (ἐν.
2665 5642 2911 5713 edLuuV.
2949 5649 3081 5695 tom.
3118 5641 3229 5708 Vll,
3269 5659 3321 5713 p.
3353 5642 3479 5698 6H.

504 5703 586 5767 Ill,
626 5721 676 5760 v.
720 5706 863 5783 ΞΙΞΔ
903 5704 978 5783 οξ
999 5715 1525 5783 auct.summ_.pont._
1583 5703 1683 5783 lib.
1713 5721 1794 5769 tu,
1826 5705 1913 5783 ed.
1948 5705 2069 5760 Flos
2248 5703 2312 5783 (il
2352 5709 2505 5783 Tom.
2642 5711 2860 5783 p.558.

504 5784 640 5830 rent.
695 5791 746 5846 p.
799 5775 886 5832 99.
932 5774 996 5828 Et
1043 5777 1218 5845 primo
1250 5776 1468 5847 quidem
1514 5775 1633 5831 loco
1670 5776 1777 5832 late
1824 5775 2071 5846 disputat
2253 5779 2318 5851 (j)
2347 5778 2515 5836 Codd.
2554 5774 2959 5849 IV,'X.\XVIII,
3010 5780 3247 5850 LXXXI,
3301 5781 3611 5848 CLXXVII.
