3804 6222
123 277 219 334 ιω
1353 282 1513 342 ANG.
1555 282 1700 339 MAII
1732 281 2128 340 'PRJEFATIO.
3271 285 3293 339 ι
3309 283 3372 339 l0

121 407 420 452 recensens
493 414 665 471 opera
731 397 1007 455 Theodori
1075 397 1400 454 Antiocheni
1500 400 1722 455 nomine
1756 400 2060 472 insignita,
2150 395 2593 468 Mopsuestenum
2666 386 2875 457 diserte
2961 403 3372 475 intelligendum

117 506 239 546 esse
312 493 506 561 docet;
577 495 755 564 primo
824 492 1045 566 quidem
1119 495 1238 549 loco
1313 494 1551 549 dicens:

1899 494 2277 564 Μοψουεστίας
2343 494 2581 561 γεγονὼς
2648 497 2942 562 ἐπίσκοπος
2996 494 3150 564 οὗτός
3204 503 3376 565 ἐστιν,

120 576 290 652 οἶμαι·
325 585 565 640 secundo
594 596 774 642 autem
808 587 930 643 loco
967 580 1169 648 εΟὗτΟς
1190 585 1247 638 δέ
1273 585 1418 638 ἐστιν
1452 587 1481 638 ὁ
1515 586 1622 653 Μοίί

1875 602 1910 648 ς·
1949 588 2109 639 tertio
2140 587 2261 640 loco
2288 596 2414 657 post
2451 596 2809 642 memoratum
2843 590 2910 644 de
2964 593 3143 661 magia
3175 589 3377 645 Persa-

123 690 237 727 rum
298 674 568 731 Theodori
606 679 931 734 AntiOeheni
996 694 1156 747 opus,
1213 678 1447 733 subdit:
1485 670 1623 729 Οὗτο

1874 677 2093 748 εόδωρος
2142 679 2170 730 ὁ
2217 677 2593 746 Μοψουεστίας
2640 676 2776 732 εἶναι
2834 681 2978 733 δοκεί
3034 682 3111 751 (et
3155 683 3376 751 quidem

118 767 265 821 δοκεῖ
294 770 348 823 in
379 788 436 826 re
470 781 620 826 certa
656 772 767 827 dici
808 774 1027 827 solitum
1056 774 1199 843 apud
1226 772 1447 830 Graecos
1477 775 1744 844 quosdam
1791 784 2069 835 auctores,
2116 773 2456 830 demonstrat
2492 771 2937 827 Montfauconius
2963 774 3117 841 νηοί.
3149 775 3217 826 ad
3261 773 3377 826 Eu-

121 860 223 912 seb.
244 877 433 915 comm.
460 864 514 917 in
541 863 632 919 Ps.
659 879 779 934 cap.
810 866 898 933 x);
922 874 1116 934 quarto
1144 866 1382 935 denique
1413 867 1564 920 loco:
1602 866 1623 918 ἰ

1874 864 1939 935 Θη
1971 864 2189 934 βιϐλίον,
2213 858 2327 935 obl}
2355 865 2637 936 ἐπιγραφὴ
2668 862 2969 931 Θεοδώρου
2998 866 3375 934 Ἀντιοχέως·

119 957 146 1006 ὁ
182 957 555 1024 Μοψονεστίας
581 961 637 1014 δέ
672 962 840 1027 ἐστιν,
865 960 939 1023 ὡς
959 960 1065 1013 ἀπό
1089 978 1247 1013 τινων
1277 961 1575 1014 ἐπιστολῶν
1604 962 1621 1013 ἔ

1878 979 1882 1002 ι
1907 980 1919 993 ·
1946 960 2138 1015 Lectus
2171 971 2246 1016 est
2268 961 2398 1016 liber
2429 962 2687 1017 Theodori
2713 960 3065 1028 Antiocheni;
3089 964 3172 1017 hic
3202 974 3380 1018 autem

118 1048 205 1102 ille
222 1059 305 1103 est
329 1048 667 1121 Mopsuestia:
687 1052 983 1122 episcopus,
1008 1060 1066 1104 ut
1086 1067 1160 1105 ex
1180 1052 1495 1121 quibusdam
1525 1053 1761 1121 epistolis
1784 1052 1913 1105 mihi
1937 1053 2182 1107 innotuit.
2215 1051 2356 1122 Ergo
2386 1055 2501 1107 duo
2536 1053 2664 1107 hinc
2700 1055 3003 1123 noscimus,
3036 1072 3231 1126 nempe
3263 1065 3380 1110 tum

118 1143 341 1198 codices
376 1161 593 1217 quoque
632 1154 845 1202 veteres
885 1163 1111 1217 Operum
1147 1146 1540 1218 Mopsuesteni,
1604 1151 1803 1203 nedum
1844 1164 1939 1205 eos
1975 1165 2115 1220 quos
2146 1164 2294 1203 nunc
2326 1150 2613 1215 habemus,
2648 1166 2760 1220 prae
2780 1168 2844 1207 se
2876 1154 3071 1210 tulisse
3101 1155 3380 1211 Theodori

119 1240 443 1295 Antiocheni
483 1257 711 1308 nomen;
748 1248 864 1295 tum
913 1242 1128 1311 quoties
1173 1243 1230 1297 in
1263 1243 1347 1297 his
1376 1244 1429 1297 id
1463 1258 1659 1297 nomen
1690 1258 1861 1313 prope
1890 1258 1986 1313 per
2030 1244 2471 1298 antonomasiam
2518 1245 2782 1309 occurrit,
2810 1246 3221 1317 intelligendum
3253 1263 3379 1303 esse

121 1328 583 1397 Mopsuestenum.
610 1332 782 1387 Porro
819 1340 998 1387 autem
1032 1334 1176 1403 quod
1210 1344 1402 1388 noster
1433 1333 1757 1389 Theodorus
1804 1336 1857 1387 in
1892 1350 1967 1388 xu
2012 1334 2293 1402 prophetas
2334 1335 2647 1404 scripserit,
2691 1334 2895 1392 diserte
2929 1337 3160 1393 allirmat
3202 1339 3377 1411 Syrus

119 1426 413 1482 l-Lbedicsus
438 1431 491 1483 in
519 1431 766 1500 catalogo
803 1449 817 1485 :
850 1440 1212 1500 pmterqnam
1253 1431 1398 1501 quod
1418 1432 1537 1499 ejus
1563 1431 1745 1500 operis
1774 1431 1967 1486 titulus
1999 1432 2053 1485 in
2097 1431 2331 1486 concilio
2368 1433 2535 1486 etiam
2578 1431 2773 1499 quinto
2787 1430 2865 1500 (α)
2894 1430 3185 1497 scribitur;
3212 1446 3377 1501 quem

117 1526 293 1571 tamen
330 1530 661 1587 postremum
693 1522 873 1575 locum
904 1521 971 1575 ad
997 1522 1262 1575 trutinam
1294 1521 1552 1591 deinceps
1579 1529 1879 1579 vocaturus
1905 1537 2047 1576 sum.
2078 1520 2348 1576 Prmterea
2387 1520 2532 1591 quod
2595 1534 2734 1591 Opus
2775 1520 3145 1591 Mopsuesteni
3169 1522 3226 1575 in
3254 1535 3376 1574 ma-

117 1611 277 1665 nibus
309 1612 628 1681 habeamus,
647 1615 773 1670 inde
802 1615 965 1670 etiam
997 1618 1396 1685 cognoscimus,
1417 1618 1545 1686 quia
1600 1618 1657 1671 in
1685 1617 1911 1673 exordio
1959 1617 2331 1670 commentarii
2360 1616 2429 1670 ad
2472 1621 2662 1670 Oseam
2689 1622 2743 1668 et
2767 1614 2893 1667 alibi
2930 1628 3037 1666 non
3081 1612 3250 1667 semel
3276 1612 3379 1668 de—

114 1701 288 1753 clarat
328 1712 519 1756 auctor
547 1720 605 1759 se
623 1706 674 1757 in
700 1704 946 1764 Psalmos
977 1727 1195 1782 quoque
1211 1713 1497 1782 scripsisse
1521 1732 1536 1763 :
1578 1728 1741 1783 porro
1773 1729 1802 1766 a
1835 1712 2219 1784 Mopsuesteno
2250 1714 2580 1769 illustratum
2613 1712 2782 1770 fuisse
2818 1713 3166 1771 Psalterium.
3201 1710 3379 1765 notis-

114 1799 313 1851 simum
348 1810 453 1855 est.
486 1800 590 1855 Sed
624 1804 767 1858 enim
795 1807 930 1862 nihil
960 1825 1113 1880 aeque
1145 1811 1487 1865 demonstrat
1525 1827 1819 1881 germanas
1854 1827 1977 1867 esse
2014 1811 2385 1881 Mopsuesteni
2432 1812 2529 1866 has
2558 1809 2947 1881 prophetarum
2971 1806 3246 1858 minorum
3281 1818 3378 1856 ex-

116 1891 478 1957 planationes,
501 1910 663 1964 quam
694 1896 872 1966 ipsum
902 1900 1173 1952 scribendi
1208 1916 1401 1970 genus,
1436 1902 1578 1970 quod
1615 1910 1855 1955 veterum
1913 1900 1982 1955 de
2017 1916 2082 1955 eo
2113 1902 2445 1955 testimoniis
2480 1902 2599 1956 sine
2636 1900 2744 1954 ulla
2781 1899 3125 1952 dubitatione
3152 1910 3379 1963 respon-

114 1987 225 2042 det.
259 1989 317 2042 In
349 1990 541 2059 primis
571 1994 848 2047 cernimus
901 1993 1046 2049 hunc
1073 2004 1352 2051 auctorem
1406 1999 1561 2067 sequi
1601 1998 1835 2053 maxime
1862 1999 2100 2052 litteram
2134 2006 2189 2054 et
2244 1998 2557 2061 historiam,
2597 2009 2760 2066 atque
2806 2008 3026 2049 omnem
3060 1990 3377 2061 allegoriam

116 2081 526 2136 studiosissime
554 2081 741 2153 fugere
775 2102 789 2138 :
830 2100 1021 2142 rursus
1055 2089 1206 2143 nullo
1233 2089 1366 2143 vitio
1395 2105 1548 2159 teque
1578 2090 1849 2152 laborare,
1884 2104 2047 2159 quam
2074 2089 2465 2158 permultarum
2491 2088 2875 2158 repetitionum
2902 2085 2958 2137 in
2988 2082 3177 2137 eadem
3203 2083 3380 2135 inter-

114 2173 241 2226 dum
294 2174 493 2244 pagina
548 2177 877 2243 ingestarum
909 2194 921 2230 :
954 2196 1075 2250 qua:
1107 2196 1241 2235 sane
1276 2182 1574 2251 tautologia
1628 2180 1878 2236 delicatis
1936 2180 2164 2235 auribus
2197 2181 2371 2234 multo
2418 2188 2503 2234 est
2544 2180 2952 2236 molestissima.
2996 2178 3138 2232 Idem
3200 2174 3379 2243 longis

115 2270 356 2339 periodis
385 2271 701 2333 involvitur,
729 2273 836 2328 alte
873 2271 1085 2339 incipit,
1110 2270 1201 2325 diu
1238 2272 1457 2340 pendet,
1490 2271 1572 2325 vel
1619 2270 1841 2325 insertis
1866 2272 2023 2324 novis
2062 2269 2349 2325 sententiis
2386 2269 2548 2338 longe
2596 2270 2821 2332 recedit,
2860 2270 2932 2321 ita
2961 2275 3016 2320 ut
3066 2265 3258 2334 legenti
3293 2264 3379 2317 vel

117 2367 495 2436 tnterpretanti
514 2368 831 2423 salebrosus
861 2366 1136 2420 interdum
1170 2366 1278 2421 fiat.
1303 2369 1348 2419 A
1375 2366 1761 2436 Mopsuesteno
1784 2365 1913 2420 dum
1941 2364 2258 2434 Scripturas
2285 2364 2516 2418 arbitrio
2541 2379 2641 2418 suo
2666 2362 2983 2431 explanat-et
3016 2359 3377 2427 reprehensos

113 2465 273 2526 atque
302 2458 500 2513 irrisos
540 2473 682 2528 saepe
708 2458 878 2514 fuisse
908 2460 1243 2529 antiquiores
1274 2461 1603 2531 interpretes
1637 2462 1717 2515 ait
1743 2459 2007 2516 Leontius
2041 2470 2228 2516 contra
2260 2458 2415 2514 Nest.
2451 2476 2532 2522 ιιι,
2578 2460 2665 2513 li.
2692 2456 2823 2527 Ejus
2872 2472 3000 2512 vero
3032 2473 3177 2510 nunc
3208 2456 3379 2510 lllttl‘lS

113 2546 553 2617 perfrequentem
582 2548 1106 2605 demonstrationem
1139 2551 1193 2604 in
1228 2550 1313 2607 his
1341 2553 1755 2607 commentariis
1797 2552 2068 2609 videmus.
2110 2552 2242 2607 Item
2281 2553 2577 2621 Scriptura!
2626 2550 2926 2621 permultas
2956 2550 3314 2604 auctoritates
3348 2564 3376 2599 ει

116 2638 502 2709 ﬂopsuesteno
533 2640 687 2693 citari
716 2641 906 2698 solitas
940 2644 1016 2698 ait
1046 2643 1313 2715 Pbotius;
1343 2647 1488 2716 quod
1519 2648 1586 2701 ab
1616 2663 1682 2703 eo
1712 2650 1998 2705 verissime
2020 2650 2226 2702 dictum
2257 2646 2642 2702 commentarii
2670 2661 2817 2700 nunc
2842 2645 3059 2701 docent.
3087 2645 3193 2699 Sed
3228 2644 3378 2698 enim

110 2735 252 2804 quod
281 2735 367 2788 ait
395 2733 776 2790 Tillemonﬁus
808 2734 883 2809 (ὁ)
916 2738 1360 2809 Mopsuestenum
1391 2741 1647 2795 universa
1679 2740 1855 2795 Biblia
1900 2742 2247 2810 complexum
2280 2740 2543 2793 memoria
2584 2738 2779 2801 fuisse,
2833 2737 2994 2806 cujus
3044 2738 3121 2790 rei
3178 2745 3373 2789 testem

112 2833 239 2886 citat
271 2830 570 2886 Leontium
612 2830 691 2885 De
719 2833 874 2885 sectis
908 2837 1015 2883 act.
1049 2839 1299 2895 tv;errat
1349 2829 1508 2899 plane
1539 2829 1621 2883 vir
1664 2829 1861 2883 doctus
1904 2845 2012 2883 non
2040 2828 2331 2883 intellectis
2365 2827 2577 2882 Leontii
2609 2828 2792 2883 verbis
2820 2828 2921 2897 τὴν
2960 2826 3126 2896 ἄλλην
3161 2826 3377 2896 Γραφὴν

114 2929 591 3001 ὑπεμνημάτισεν.
639 2928 781 2982 Sane
810 2944 911 2999 pro
934 2928 1100 2999 ἄλλην
1134 2926 1420 2999 legendum
1446 2942 1568 2980 esse
1600 2927 1616 2978 ε

1907 2927 2027 2996 ipsa
2053 2926 2273 2989 clamat,
2297 2932 2351 2978 et
2380 2940 2571 2979 revera
2607 2923 3190 3004 Leontiilinterpretes
3205 2920 3376 2987 expll-

112 3033 233 3076 cant
258 3024 528 3075 universa.
566 3018 957 3075 Verumtamen
980 3019 1428 3090 ὑπεμνημάτισεν
1473 3034 1583 3073 non
1612 3019 1867 3071 memoria
1891 3017 2167 3081 retinebat,
2201 3017 2297 3072 sed
2349 3025 2730 3071 commentatus
2753 3024 2831 3069 est
2877 3014 3167 3085 significat.
3198 3012 3379 3077 Quare

109 3113 418 3169 dicendum,
434 3114 504 3165 ad
517 3112 761 3165 universa
792 3110 970 3164 Biblia
1001 3120 1385 3164 commentatus
1410 3119 1508 3166 est.
1540 3111 1650 3163 lmo
1680 3111 1973 3180 plerosque
2004 3125 2195 3165 omnes
2220 3110 2463 3165 auctoris
2488 3126 2649 3179 quem
2673 3109 2889 3163 edimus
2912 3107 3285 3162 charaeleres,
3315 3105 3373 3158 in

112 3207 403 3264 Theodoro
428 3206 657 3259 Photius
680 3202 1145 3274 deprehendebat.
1173 3201 1264 3256 Sic
1289 3203 1433 3256 enim
1460 3201 1581 3255 cod.
1611 3218 1614 3254 :

1887 3201 2107 3271 Φεύγων
2130 3202 2220 3255 τὸν
2246 3200 2470 3258 δυνατὸν
2494 3200 2643 3270 αὐτῷ
2666 3200 2863 3271 τρόπον
2892 3200 2991 3263 τὰς
3025 3196 3375 3268 ἀλληγορίας,

111 3304 201 3357 καὶ
237 3302 383 3357 κατὰ
415 3302 515 3372 τὴν
556 3301 793 3372 ἱστορίαν
838 3299 940 3367 τὴν
1003 3298 1303 3370 ἑρμηνείαν
1351 3296 1707 3367 ποιούμενος·
1748 3298 2065 3365 ταυτολογεῖ
2096 3298 2151 3350 δὲ
2205 3296 2274 3349 τὰ
2312 3296 2667 3361 πλεῖστα,καὶ
2695 3296 2897 3366 ἄχαρίς
2941 3312 3055 3353 πως
3088 3293 3179 3345 καὶ
3206 3292 3381 3362 ἀηδὴς

111 3392 244 3448 εἶναι
264 3396 438 3449 δοκεῖ.
480 3392 617 3446 Tum
648 3393 771 3447 cod.
821 3408 895 3459 Iv,
931 3394 1086 3446 Ἐστι
1115 3392 1172 3446 δὲ
1208 3392 1306 3464 μὲν
1339 3393 1538 3463 φράσιν
1568 3395 1633 3448 οὐ
1658 3393 1798 3447 πάνυ
1829 3393 2112 3464 λαμπρός’
2150 3396 2271 3457 ταῖς
2299 3394 2357 3446 δὲ
2382 3394 2642 3457 διανοίαις
2686 3395 2780 3446 καὶ
2805 3395 2917 3454 τοῖς
2955 3392 3378 3461 ἐπιχειρήμασιν

110 3489 225 3542 λίαν
254 3488 483 3550 πυκνὸς,
520 3489 614 3540 καὶ
639 3490 759 3549 ταῖς
780 3489 1076 3558 γραφικαῖς
1108 3484 1305 3557 ἄριστα
1334 3486 1578 3540 πλουτῶν
1610 3509 1612 3552 λ

1875 3505 1954 3550 ιις.
1999 3488 2251 3555 (Photius
2284 3488 2475 3543 codice
2519 3490 2647 3543 item
2677 3494 2833 3541 serto
2884 3484 3209 3539 densitatem
3248 3498 3377 3537 sen-

112 3587 403 3641 tentiarum
436 3583 704 3638 Theodori
726 3582 950 3648 innuit.)
980 3578 1223 3650 Denique
1253 3580 1375 3633 cod.
1411 3593 1607 3632 CLXXVI

1870 3580 1970 3649 φὴς
1996 3579 2059 3632 δέ
2094 3582 2230 3643 ἐστι,
2255 3579 2346 3633 καί
2372 3596 2453 3632 τοι
2482 3579 2629 3645 λέξει
2662 3578 2721 3631 οὐ
2749 3575 3029 3645 ξενιζούσῃ
3062 3574 3372 3645 χρώμενος·

114 3682 242 3735 ἀλλὰ
268 3688 346 3759 τῷ
372 3681 730 3752 σχοινοτενέσι
764 3676 996 3751 χρῆσθαι
1024 3679 1088 3730 ὲκ
1110 3675 1204 3729 τοῦ
1236 3676 1327 3727 ἐπὶ
1354 3674 1605 3728 πλεῖστον
1641 3674 1908 3745 περιόδοις
1938 3676 2033 3728 καὶ
2080 3675 2452 3747 παρεμϐολαῖς
2504 3672 2945 3742 ἀλλεπαλλήλοις,
2972 3670 3038 3723 δι’
3069 3663 3144 3723 ὧν
3174 3671 3266 3722 καὶ
3299 3672 3379 3732 εἰς

115 3778 372 3846 μήκιστον
404 3779 434 3829 ὁ
460 3773 581 3835 νοῦς
605 3774 948 3827 ἀποτείνεται
974 3770 1084 3825 τῶν
1122 3772 1518 3841 προκειμένων,
1549 3772 1669 3833 ταῖς
1716 3787 1776 3822 τε
1816 3769 1925 3824 τῶν
1973 3770 2253 3838 ὀνομάτων
2284 3768 2539 3839 πλαγίαις
2566 3768 2659 3821 καὶ
2701 3769 2821 3830 ταῖς
2856 3766 3169 3836 μετοχικαίς
3198 3764 3377 3828 λέξεσι

113 3868 445 3933 πλεονάζειν,
474 3867 543 3919 τὰ
562 3866 701 3919 αὑτά
730 3881 788 3917 τε
818 3864 1076 3926 πολλάκις
1096 3864 1189 3916 καὶ
1213 3862 1333 3915 οὐδὲ
1364 3863 1461 3916 σὺν
1485 3862 1678 3933 κόσμῳ
1704 3863 2123 3925 ὲπανακυκλεῖν,
2145 3864 2237 3915 καὶ
2267 3862 2365 3925 τὰς
2386 3862 2751 3932 ἐπαναλήψεις
2768 3856 2927 3915 πλέον
2951 3861 3058 3914 τῶν
3073 3860 3378 3933 διηγήσεων

114 3968 265 4038 (ὅπερ
286 3961 557 4037 ἁμέθοδον
574 3957 876 4027 παντελῶς)
908 3960 1025 4021 ταῖς
1080 3957 1436 4029 περιστάσεσι
1478 3954 1883 4026 μεμεστῶσθαι,
1938 3956 2034 4009 καὶ
2078 3958 2192 4019 τοῖς
2225 3955 2507 4020 τοιούτοις,
2542 3956 2642 4009 οὐκ
2674 3956 2853 4025 ὀλίγον
2879 3955 3041 4025 ζόφον
3068 3955 3176 4009 τῶν
3209 3956 3376 4010 αὑτοῦ

112 4062 451 4131 γραμμάτων
480 4053 894 4117 καταωεδὰζει.
938 4050 1109 4104 Porro
1137 4050 1202 4106 ad
1256 4050 1437 4119 fugam
1475 4049 1614 4117 alleg

1894 4047 2041 4116 quod
2096 4049 2312 4112 attinet,
2354 4050 2441 4102 cui
2476 4047 2894 4119 Mopsuestenus
2942 4049 3148 4121 ubique
3170 4051 3371 4111 studet,

113 4150 221 4209 iuse
252 4151 469 4206 scilicet
523 4148 627 4204 sibi
678 4155 763 4202 est
821 4148 1247 4205 consentaneus,
1294 4141 1385 4209 qui
1430 4154 1571 4210 opus
1613 4147 1809 4195 contra
1846 4138 2137 4210 Origenem
2179 4149 2343 4211 atque
2369 4142 2694 4213 allegoricos
2733 4144 2956 4214 scripsit
2990 4145 3086 4216 (c).
3122 4143 3378 4199 Profecto

111 4242 396 4313 Origenem
421 4242 541 4296 sine
572 4240 739 4293 limite
767 4236 1074 4307 allegoricis
1104 4233 1653 4305 interpretationibus
1693 4234 2017 4299 indulsisse,
2053 4251 2228 4307 eoque
2279 4237 2531 4291 instituto
2578 4254 2795 4294 sacram
2828 4240 3133 4296 doctrinam
3169 4249 3224 4295 et
3264 4242 3377 4297 his-

117 4333 304 4385 toriam
331 4345 555 4402 pessum
589 4344 733 4400 saepe
759 4329 1003 4398 dedisse,
1033 4340 1197 4401 atque
1225 4330 1516 4385 innumera
1546 4345 1797 4385 errorum
1829 4341 2083 4401 portenta
2127 4332 2423 4397 invexisse,
2455 4350 2617 4389 nemo
2654 4346 2739 4391 est
2781 4337 2871 4408 qui
2905 4344 3081 4407 neget.
3126 4337 3375 4392 Morbum

113 4420 251 4475 hunc
298 4422 731 4492 ingeniosissimi
777 4420 1029 4493 Origenis
1082 4421 1219 4477 satis
1272 4429 1641 4490 praesenserat
1679 4431 1835 4493 pater
1876 4424 2034 4491 ejus,
2077 4422 2286 4478 Christi
2324 4425 2563 4496 inclytus
2602 4439 2807 4498 martyr
2841 4427 3132 4494 Leonidas,
3155 4429 3276 4497 qui,
3315 4435 3375 4483 ut

114 4514 271 4569 tradit
313 4513 586 4567 Eusebius
628 4513 744 4583 (cf),
788 4513 1229 4569 admonefecerat
1264 4512 1437 4565 ﬁlium
1496 4529 1562 4567 ne
1617 4513 1759 4567 ultra
1822 4513 2045 4568 obvium
2100 4530 2323 4569 sensum
2375 4518 2430 4570 in
2487 4516 2689 4572 divinis
2726 4518 3026 4588 Scripturis
3073 4520 3373 4589 quidquam

110 4606 433 4675 requireret,
476 4604 551 4676 μὴ
599 4606 696 4675 τῆς
730 4605 1041 4677 προφανοῦς
1070 4604 1309 4669 διανοίας
1348 4606 1608 4677 περαιτέρ

1871 4609 1973 4660 εείν
2012 4610 2313 4679 παραινῶν.
2374 4611 2439 4664 Ει
2477 4613 2700 4683 quidem
2745 4629 2845 4684 ego
2888 4625 3079 4669 contra
3122 4614 3373 4683 Origenis

111 4696 428 4751 audaciores
449 4696 656 4766 aliquot
684 4695 996 4766 allegorias,
1033 4696 1183 4750 locos
1216 4695 1513 4750 nonnullos
1551 4695 1773 4751 Patrum
1830 4698 2141 4768 incognitos
2192 4701 2565 4771 producturus
2597 4705 2649 4759 in
2692 4705 2867 4759 lucem
2897 4706 3192 4776 aliquando
3226 4724 3371 4763 sum.

108 4785 460 4842 Casariensis
490 4784 756 4841 Eusebius
782 4785 1032 4855 Origenis
1056 4784 1438 4857 perstudiosus
1470 4786 1851 4857 apologeticon
1886 4792 2111 4860 scripsit
2144 4807 2244 4861 pro
2271 4793 2580 4863 allegoricis
2597 4796 2763 4865 hujus
2782 4796 3329 4870 interpretationibus
3356 4818 3371 4865 ;

109 4880 262 4948 cujus
287 4882 366 4935 rei
395 4881 658 4935 certiores
691 4895 793 4934 nos
841 4880 973 4935 facit
1007 4879 1310 4935 Ebediesus
1340 4881 1395 4934 in
1439 4882 1691 4953 catalogo
1730 4880 1825 4953 (ε),
1876 4884 1972 4955 qui
2014 4884 2167 4939 addit
2219 4886 2439 4943 Eusebii
2473 4889 2526 4943 id
2580 4905 2720 4961 opus
2770 4892 3069 4949 refutatum
3129 4893 3304 4952 fuisse
3342 4912 3376 4953 ει

110 4968 413 5027 Theodoro.
442 4969 624 5037 Quare
649 4971 760 5041 jam
788 4988 950 5027 nemo
980 4973 1296 5037 mirabitur,
1316 4973 1453 5029 nihil
1480 4975 1713 5030 omnino
1740 4975 2039 5047 allegorica
2067 4992 2234 5033 sensu
2270 4980 2411 5048 apud
2445 4992 2694 5037 nostrum
2728 4995 3009 5041 auctorem
3038 4987 3172 5043 dici.
3196 4987 3372 5043 Cmte-
3416 4989 3420 4993 ⁴

108 5066 259 5134 roqui
300 5064 446 5135 quod
471 5066 667 5119 attinet
712 5065 780 5119 ad
821 5066 1114 5136 Augustini
1165 5068 1232 5137 (Γ)
1291 5084 1386 5126 seu
1424 5071 1608 5140 potius
1640 5069 1799 5127 Pauli
1840 5071 2068 5138 dictum,
2121 5074 2265 5144 quod
2316 5092 2479 5131 omne
2504 5076 2674 5134 Vetus
2725 5079 3138 5138 Testamentum
3201 5084 3373 5155 ﬁgura

109 5157 177 5210 sit
207 5156 363 5222 Novi,
395 5157 653 5228 quodque
678 5160 862 5212 omnia
890 5159 959 5213 ad
1006 5159 1288 5217 Christum
1318 5172 1507 5233 postea
1534 5172 1829 5220 venturum
1867 5168 2038 5221 relata
2078 5168 2301 5235 fuerint,
2338 5169 2611 5227 Theodori
2633 5189 2855 5244 quoque
2883 5178 3058 5232 nostri
3107 5188 3375 5235 constans

111 5248 372 5340 sententia
394 5257 478 5305 est
509 5256 624 5302 tum
661 5248 715 5302 in
750 5250 992 5322 prologis
1026 5258 1141 5305 tum
1178 5253 1341 5306 etiam
1372 5255 1524 5309 alibi.
1562 5255 1817 5312 Profecto
1853 5259 2208 5329 allegorieum
2255 5270 2309 5315 et
2336 5265 2697 5333 anagogicum
2732 5274 2786 5321 et
2817 5268 3049 5337 quodvis
3078 5270 3373 5340 mysticum

110 5337 493 5409 interpretandi
540 5356 713 5407 genus
765 5357 927 5396 nemo
968 5345 1092 5411 pius
1123 5358 1218 5411 per
1252 5359 1311 5398 se
1343 5354 1685 5412 contemnet,
1717 5348 1866 5417 quod
1920 5350 2057 5419 ipsis
2103 5353 2366 5420 apostolis
2428 5352 2798 5426 Patribusque
2851 5337 3175 5427 apostolicis
3226 5359 3370 5413 haud

112 5430 420 5486 inusitatum
453 5432 724 5487 videmus.
757 5432 1104 5506 Cteteroquin
1137 5444 1412 5505 quatenus
1446 5440 1853 5508 procedendum
1886 5442 1977 5509 sit,
2011 5441 2066 5496 id
2114 5442 2333 5498 demum
2371 5447 2668 5515 prudentes
2697 5448 3020 5515 decernent,
3056 5449 3152 5520 qui
3202 5463 3378 5519 neque

178 5582 251 5666 Ill)
278 5585 409 5666 Act.
447 5586 503 5652 4,
532 5604 584 5666 p.
605 5590 729 5644 2H.
788 5660 877 5666 ’ω

1860 5598 1935 5666 (d)
1969 5597 2105 5651 Hist.
2138 5599 2267 5655 ρει-Ι.
2309 5598 2396 5663 VI,
2425 5600 2477 5653 2.

178 5653 244 5735 llr)
268 5652 434 5735 stem;
451 5652 580 5714 ccc-1.
615 5668 747 5735 tom_.
788 5660 881 5714 XII
917 5677 970 5732 p.
1005 5664 1131 5719 451.
1588 5734 1595 5735 ,

704 5676 747 5735 u_.
788 5660 881 5714 XII
917 5677 970 5732 p.
1005 5664 1131 5719 451.
1588 5734 1595 5735 7
1859 5652 1929 5735 (ρ)
1948 5666 2080 5735 Cap.
2123 5669 2206 5723 II.

176 5722 243 5787 (ε)
276 5724 569 5784 Ebediesus
600 5731 761 5787 calal.
792 5722 933 5802 cap.’
963 5737 1043 5800 l9,
1084 5734 1326 5792 Facund.
1362 5752 1442 5803 ιιι,
1478 5736 1545 5803 6;
1583 5734 1618 5790 L

116 5790 271 5847 Iterat.
294 5812 410 5865 cap.
435 5796 525 5853 24.

1084 5734 1326 5792 Facund.
1362 5752 1442 5803 ut,
1478 5736 1545 5803 6;
1583 5734 1673 5790 Li-
1958 5722 2176 5797 De'Gcn.
2204 5741 2271 5793 ad
2308 5741 2410 5795 litt.
2448 5741 2487 5807 Ι,
2530 5743 2580 5797 I.
