3804 6222
376 289 470 342 ιιι
1607 272 1768 330 ANG.
1811 271 1878 327 Μι

2122 267 2390 325 EFATIO.
3519 279 3540 330 l
3561 275 3624 332 l2

375 411 485 458 tota
510 395 847 456 credulitatis
882 393 1032 447 frena
1066 391 1348 453 laxabunt,
1393 402 1570 458 neque
1610 386 1951 440 committent
1990 394 2048 438 ut
2087 400 2197 439 non
2228 391 2336 438 tam
2385 384 2736 455 interpretari
2788 386 3075 443 videantur
3111 403 3274 459 quam
3315 389 3423 445 vim
3471 390 3623 445 Scri-

375 494 550 566 pturis
584 490 784 548 inferre
817 504 828 538 :
856 483 1010 554 quasi
1035 497 1144 537 non
1177 482 1249 537 sit
1283 480 1554 548 piaculum
1585 492 1796 532 sacram
1826 476 2133 531 doctrinam
2167 475 2486 544 depravare,
2523 485 2576 529 et
2596 476 2662 530 ad
2695 477 3028 535 voluntatem
3063 495 3219 535 suam
3253 482 3474 537 oracula
3510 493 3627 538 tra-

377 591 504 642 here
537 581 916 652 repugnantia.
943 575 1202 632 Nonnulli
1230 572 1450 628 interim
1479 578 1692 624 tantum
1728 570 1845 629 sibi
1864 584 2170 639 sumpsere,
2211 576 2270 622 ut
2305 568 2573 638 quidquid
2599 568 2704 638 ipsi
2736 571 2953 636 vellent,
2969 573 3256 643 Scriptura
3283 576 3531 632 sentiret,
3559 575 3630 632 Et

376 691 555 736 tamen
591 691 820 746 magnus
851 672 1214 741 Hieronymus
1241 667 1318 736 (a)
1342 665 1786 722 commemoratis
1815 663 2179 718 vetustiorum
2210 663 2419 732 aliquot
2445 663 2500 715 in
2521 659 2839 716 Zachariam
2871 665 3178 734 prophetam
3211 671 3626 726 commentariis

376 775 644 849 mysticis,
693 772 878 827 statim
927 766 1112 823 subdit
1165 779 1224 819 se
1279 761 1521 815 historiae
1567 758 1881 814 Judaeorum
1940 757 2306 828 tropologiam
2356 757 2647 812 miscuisse
2689 757 3152 828 Christianorum,
3213 771 3273 818 ut
3328 764 3629 821 aediﬁcaret

377 883 543 940 supra
578 874 785 938 petram
825 871 878 918 et
903 877 1010 916 non
1049 875 1214 929 super
1237 871 1480 920 arenam,
1515 870 1579 910 ac
1618 853 2046 924 stabile-iaceret
2064 853 2485 909 fundamentum
2513 852 2660 924 quod
2679 853 2883 912 Paulus
2909 856 3247 913 architectus
3282 863 3538 930 posuisse
3567 879 3629 918 sc

377 960 590 1018 scribit.

445 1053 534 1109 IV.
570 1051 861 1119 Reliquum
889 1052 973 1100 est
1006 1052 1064 1097 ut
1096 1041 1438 1096 suborientes
1469 1036 1734 1108 quasdam
1769 1043 1961 1090 contra
2005 1037 2343 1092 authentiam
2369 1039 2570 1107 operis,
2596 1055 2693 1097 seu
2737 1039 2917 1110 potius
2943 1039 3010 1094 de
3030 1048 3253 1095 auctore
3283 1042 3425 1112 ejus,
3461 1042 3629 1098 dum-

378 1149 613 1204 tationes
643 1144 910 1200 relellam.
943 1137 1002 1192 In
1026 1138 1232 1208 quintae
1256 1133 1450 1206 synodi
1490 1133 1708 1187 actione
1737 1141 1956 1202 quarta,
1984 1133 2283 1187 multarum
2321 1133 2584 1191 adversus
2631 1135 2976 1191 Theodorum
3006 1136 3455 1193 criminationum
3481 1141 3634 1194 vice-

377 1249 513 1300 sima
549 1244 696 1295 hunc
723 1239 885 1293 habet
909 1236 1128 1290 titulum
1159 1251 1173 1288 :
1209 1230 1471 1286 Theodori
1494 1228 1852 1297 Mopsuesteni
1887 1243 1952 1282 ea:
1984 1229 2244 1297 principio
2271 1231 2637 1284 commentarii
2659 1229 2757 1301 (b),
2791 1229 2931 1301 quod
2957 1231 3010 1284 in
3039 1229 3316 1284 duodecim
3347 1234 3630 1302 prophetas

377 1341 608 1409 scripsit,
630 1335 891 1404 abnegans
912 1328 1212 1400 prophetias
1242 1327 1306 1380 dc
1341 1324 1554 1381 Christo
1579 1340 1692 1377 esse
1711 1322 2034 1391 praedictas;
2065 1323 2157 1377 sed
2189 1340 2294 1377 non
2345 1325 2572 1380 volentes
2627 1325 2894 1396 (loquitur
2921 1323 3330 1397 Mopsuetenus)
3365 1327 3472 1381 ista
3500 1345 3631 1383 con-

377 1434 632 1490 siderare,
663 1443 805 1483 voces
833 1439 1007 1479 omnes
1034 1422 1240 1476 traicere
1275 1419 1343 1472 ad
1370 1419 1656 1472 Dominum
1681 1428 1882 1472 tentant
1909 1417 2201 1484 Christum,
2229 1426 2286 1470 ut
2307 1429 2354 1472 et
2380 1437 2496 1489 qua:
2517 1421 2580 1474 de
2605 1421 2798 1490 popqu
2820 1422 2969 1489 facta
2991 1430 3136 1486 sunt,
3173 1421 3339 1474 simili
3362 1426 3518 1476 modo
3545 1427 3632 1478 in-

379 1527 690 1596 telligerent,
742 1530 791 1573 et
837 1519 1001 1570 risum
1051 1520 1365 1583 praestarent
1413 1509 1658 1574 Judazis,
1717 1511 1928 1581 quando
1979 1524 2044 1563 ea:
2081 1511 2401 1578 scriptorum
2445 1513 2714 1581 sequentia
2751 1512 2885 1566 nihil
2935 1512 3003 1565 ad
3035 1512 3317 1566 Dominum
3357 1512 3636 1572 Christum

377 1618 689 1686 pertinentes
709 1607 986 1664 ostendunt
1008 1621 1174 1660 voces.
1213 1601 1395 1672 Pergit
1424 1600 1622 1655 deinde
1649 1599 2022 1670 Mopsuesteni
2049 1608 2340 1655 accusator
2373 1615 2495 1671 cap.
2520 1604 2588 1656 21
2614 1611 2666 1658 et
2697 1603 2766 1656 22
2793 1602 3039 1674 proferre
3059 1605 3270 1674 aliquot
3295 1607 3632 1674 psalmorum

381 1713 552 1770 locos,
585 1721 616 1761 e
653 1701 854 1773 quibus
879 1695 1196 1753 vaticinium
1227 1693 1512 1748 exclusum
1545 1693 1902 1762 conqueritur
1933 1706 1962 1744 a
2001 1690 2414 1761 Mopsuesteno.
2437 1690 2692 1748 Jamvero
2733 1693 3116 1748 Commentarii
3148 1695 3205 1748 in
3247 1711 3322 1750 xu
3349 1699 3632 1768 prophetas

379 1809 497 1866 sine
520 1803 686 1858 dubio
714 1799 931 1853 initium
959 1790 1334 1861 interpretatio
1363 1787 1518 1843 Oseze
1539 1796 1643 1851 est,
1682 1803 1792 1842 non
1815 1795 1925 1840 tam
1963 1788 2090 1857 quia
2143 1787 2196 1841 id
2227 1787 2364 1841 ordo
2404 1787 2522 1858 ipse
2555 1788 2609 1842 in
2655 1788 2936 1844 codicibus
2974 1791 3154 1856 docet,
3200 1810 3363 1864 quam
3392 1797 3520 1866 quia
3550 1797 3634 1854 sic

381 1904 455 1956 ait
475 1896 668 1970 primis
690 1889 875 1946 verbis
905 1895 1118 1940 auctor.
1155 1879 1316 1948 Atqui
1352 1878 1407 1931 in
1429 1878 1556 1941 hoc,
1602 1876 1746 1946 quod
1773 1874 1910 1937 dixi,
1959 1875 2120 1930 initio
2171 1875 2381 1928 nullum
2411 1889 2716 1931 consonum
2751 1877 3024 1947 synodico
3049 1878 3128 1931 illi
3168 1887 3482 1939 testimonio
3505 1901 3633 1941 ver-

379 2001 507 2052 bum
529 2001 632 2049 est.
658 1986 800 2054 Quid
833 1978 998 2052 ergo?
1022 1979 1298 2034 idcircone
1348 1973 1416 2027 de
1443 1982 1669 2027 auctore
1698 1972 1954 2026 dubitare
1985 1972 2149 2027 licet?
2183 1972 2407 2026 minime
2447 1973 2711 2042 gentium.
2741 1975 2880 2028 Cum
2934 1975 3082 2030 enim
3127 1978 3348 2034 aliunde
3375 1983 3633 2052 explora-

381 2093 655 2148 tissimum
700 2085 794 2146 sit,
841 2071 1219 2135 commentarii
1246 2068 1411 2139 hujus
1463 2068 1908 2137 Mopsuestenum
1971 2083 2093 2123 esse
2148 2076 2453 2130 auctorem,
2494 2069 2745 2139 sequitur
2795 2081 2856 2124 ut
2908 2071 2966 2125 iu
2999 2073 3262 2143 synodico
3299 2077 3487 2134 codice
3533 2095 3636 2149 pro

381 2177 775 2241 Commentario
798 2174 853 2227 in
887 2184 962 2224 xu
988 2163 1291 2236 prophetas,
1319 2161 1741 2216 Commentarius
1767 2162 1822 2212 in
1845 2159 2094 2214 Psalmos
2125 2161 2474 2230 reponendus
2505 2161 2609 2228 sit;
2653 2162 2807 2233 isque
2837 2178 2994 2218 error
3034 2167 3119 2220 vel
3161 2166 3481 2240 Callonymo
3503 2188 3639 2228 eon-

379 2275 491 2332 cilii
524 2267 738 2326 notario
768 2279 862 2321 seu
883 2255 1176 2329 eclogario,
1206 2255 1298 2324 qui
1325 2253 1397 2308 ibi
1428 2253 1642 2315 recitat,
1675 2252 2038 2307 ascribendus
2059 2261 2143 2306 est
2167 2269 2182 2318 ;
2221 2251 2304 2306 vel
2333 2260 2482 2306 certe
2506 2263 2690 2322 postea
2724 2254 2790 2318 in
2809 2254 3104 2325 synodieos
3131 2257 3371 2323 codices,
3397 2275 3635 2329 quorum

383 2368 568 2424 nullus
595 2361 730 2418 satis
765 2354 1024 2423 antiquus
1041 2361 1328 2418 superesse
1359 2345 1600 2410 videtur,
1638 2344 1890 2414 irrepsit.
1930 2343 2136 2416 Synodi
2171 2345 2379 2413 quinta:
2410 2344 2635 2401 Graecus
2665 2347 2748 2402 vel
2784 2348 2978 2402 saltem
3029 2348 3258 2405 Latinus
3287 2353 3460 2408 codex
3501 2355 3638 2412 mihi

385 2461 568 2517 nullus
601 2455 666 2508 ad
691 2463 911 2505 manum
941 2452 1045 2505 est,
1081 2441 1136 2495 in
1160 2456 1268 2510 quo
1303 2437 1593 2494 lectionem
1627 2439 1881 2507 vestigem
1917 2455 1930 2491 :
1969 2440 2271 2507 praesertim
2303 2437 2433 2508 quia
2465 2439 2659 2509 synodi
2690 2439 2859 2508 hujus
2894 2449 3016 2494 acta
3043 2443 3302 2513 pleraque
3331 2447 3635 2514 perierunt.

387 2553 527 2621 Ergo
550 2543 788 2606 interim,
819 2540 993 2594 donec
1023 2536 1320 2605 synodicus
1346 2533 1520 2589 codex
1561 2533 1761 2588 aliuuis
1796 2534 2076 2588 meliorem
2129 2533 2367 2588 fortasse
2399 2534 2690 2588 lectionem
2739 2533 2950 2598 ollerat,
2976 2551 3075 2605 ego
3103 2539 3322 2607 quidem
3357 2541 3422 2594 ad
3464 2557 3643 2598 remo-

385 2645 615 2702 vendam
646 2641 789 2693 hanc
815 2631 1308 2689 contradictionem
1357 2631 1719 2700 sequentibus
1750 2639 1872 2683 utar
1916 2632 2273 2699 argumentis.
2317 2629 2532 2684 Titulus
2581 2631 2671 2685 ille
2711 2646 2775 2685 ea:
2802 2630 3059 2700 principio
3095 2635 3462 2688 commentarii
3481 2636 3536 2689 in
3564 2652 3640 2690 xu

387 2740 667 2811 prophetas
712 2745 940 2802 prorsus
970 2725 1184 2780 videtur
1230 2736 1354 2776 esse
1384 2721 1747 2791 obreptitius;
1806 2719 2072 2788 quidquid
2120 2720 2264 2772 enim
2318 2720 2392 2772 ibi
2429 2720 2684 2788 praecedit
2728 2730 2822 2774 aut
2870 2721 3141 2788 sequitur,
3182 2723 3234 2776 id
3278 2739 3310 2778 e
3363 2723 3641 2783 Theodori

389 2807 784 2888 Commentario
813 2824 866 2876 in
902 2816 1150 2873 Psalmos
1187 2810 1490 2865 desumitur
1537 2829 1550 2864 :
1592 2808 1847 2878 praecedit
1889 2808 2033 2862 enim
2081 2807 2315 2873 eiusdem
2347 2824 2412 2861 ea:
2443 2808 2873 2877 interpretatione
2920 2817 3089 2869 octavi
3126 2817 3350 2884 psalmi;
3395 2822 3646 2891 sequitur

389 2923 624 2996 ejusdem
682 2919 736 2972 in
762 2915 1027 2986 psalmum
1049 2909 1349 2963 vicesimum
1376 2909 1624 2974 primum.
1651 2904 1708 2958 Et
1737 2914 1923 2972 postea
1953 2904 2189 2974 ejusdem
2220 2904 2284 2958 de
2306 2905 2737 2973 interpretatione
2759 2921 2926 2962 uvul
2957 2912 3169 2977 psalmi.
3197 2912 3300 2968 Sed
3319 2917 3463 2985 quod
3481 2926 3648 2988 caput

391 3029 497 3086 est,
535 3017 640 3073 loci
675 3012 799 3084 ipsi,
830 3009 922 3080 qui
975 3007 1078 3061 sub
1107 3004 1246 3058 falso
1279 3003 1439 3056 titulo
1484 3001 1866 3056 Commentarii
1907 3001 1964 3053 in
2013 3015 2088 3054 xu
2131 3004 2406 3068 prophetas
2456 3000 2721 3060 citantur,
2769 3001 3004 3056 universi
3036 3019 3067 3058 e
3100 3003 3334 3063 Psalmis
3361 3017 3647 3080 petuntur,

397 3125 558 3183 atque
581 3102 890 3162 intermedii
920 3105 1051 3152 sunt
1079 3097 1222 3156 inter
1258 3108 1514 3154 octavum
1543 3106 1593 3152 ct
1627 3096 1947 3150 vicesimum
1969 3099 2202 3163 primum
2224 3094 2515 3161 psalmum,
2547 3094 2640 3163 qui
2677 3093 2931 3147 laudatur
2960 3095 3015 3148 in
3060 3098 3428 3170 subsequente
3457 3105 3646 3176 titulo;

398 3218 591 3274 nempe
618 3197 970 3269 proferuntur
1025 3205 1055 3244 e
1092 3192 1316 3259 psalmis
1344 3204 1421 3244 xu
1453 3197 1508 3242 et
1533 3204 1623 3254 sv,
1655 3194 1708 3241 et
1748 3202 1811 3274 (ιιι
1847 3185 1968 3253 ipso
1991 3185 2246 3255 xx|;'qua
2277 3199 2342 3238 ex
2379 3199 2438 3238 re
2488 3192 2714 3254 apparet
2760 3185 3082 3255 synodicum
3123 3193 3455 3262 eclogarium
3511 3198 3649 3253 nihi|

397 3273 543 3358 aliud
572 3298 643 3352 ibi
685 3293 913 3347 recitare
945 3299 1109 3354 quam
1139 3281 1385 3334 locorum
1424 3278 1621 3332 seriem
1651 3291 1715 3330 ex
1760 3273 2152 3328 Commentario
2203 3273 2572 3343 Mopsucsteni
2625 3275 2681 3328 in
2719 3273 2968 3330 Psalmos
2998 3279 3290 3335 ordinatim
3352 3300 3650 3358 excerpta-

398 3407 540 3448 rum.
566 3386 631 3440 Et
661 3381 880 3452 quidem
917 3377 972 3430 in
1012 3370 1246 3427 Psalmis
1272 3366 1507 3422 maxime
1557 3363 1982 3432 interpretandis
2026 3379 2216 3417 ansam
2257 3365 2737 3421 criminationibus
2771 3367 3044 3421 obtulerat
3093 3369 3529 3441 ansuestenus,
3554 3381 3649 3449 qui

395 3481 619 3559 juvenili
651 3479 704 3530 in
737 3475 805 3528 iis
834 3469 1060 3524 audacia
1087 3463 1454 3519 exsultaverat
1483 3477 1497 3513 :
1528 3471 1650 3510 nam
1679 3456 1726 3510 si
1755 3462 1904 3510 certe
1927 3470 2052 3510 vera
2083 3465 2272 3509 narrat
2309 3454 2571 3509 Leontius
2600 3456 2697 3510 hb.
2732 3471 2814 3519 ιιι,
2848 3457 2939 3516 15,
2965 3471 3150 3514 contra
3189 3461 3369 3529 Νειε..
3401 3469 3647 3536 psalmos

398 3545 588 3633 omnes
617 3569 685 3624 ad
712 3559 1100 3620 Zorobabclem
1127 3563 1182 3607 et
1208 3551 1458 3606 Ezeciam
1500 3548 1783 3611 retulerat,
1822 3546 1996 3600 tribus
2035 3555 2245 3600 tantum
2281 3547 2508 3616 Christo.
2533 3545 2764 3600 Domino
2810 3553 3126 3605 reservatis.
3166 3552 3303 3608 Tum
3349 3555 3656 3629 Hesychius

402 3666 694 3724 historicus
733 3654 876 3728 apud
898 3648 1094 3706 concil.
1133 3643 1199 3706 ν,
1241 3650 1349 3696 act.
1381 3657 1440 3701 v,
1467 3639 1535 3693 de
1570 3637 1954 3706 Mopsuesteno
1985 3638 2065 3690 sic
2099 3636 2338 3703 loquitur
2367 3655 2378 3688 :
2428 3634 2613 3687 Prima
2636 3635 2889 3688 elementa
2919 3654 3030 3692 sua:
3057 3639 3314 3697 doctrina:
3333 3661 3398 3699 ea:
3419 3645 3654 3703 Iudaico

401 3763 700 3829 vaniloqttio
734 3751 1010 3820 incipiens,
1054 3743 1287 3798 codicem
1330 3738 1383 3791 in
1419 3734 1755 3806 prophetiam
1789 3733 2126 3802 psalmorum
2160 3731 2687 3797 conscripsit,omnes
2730 3730 2793 3784 de
2835 3730 3063 3785 Domino
3099 3735 3464 3799 pra’dictiones
3495 3737 3658 3794 abne-

402 3819 630 3930 ὸαηιεηλ,
664 3819 851 3914 Neque
883 3850 1065 3894 tamen
1091 3840 1319 3888 externo
1356 3824 1672 3881 testimonio
1701 3838 1839 3891 opus
1863 3828 1966 3886 est,
1997 3836 2120 3872 cum
2157 3820 2332 3888 ipsum
2358 3828 2634 3872 auctorem
2667 3819 2963 3873 habeamus
2992 3824 3193 3890 scripta
3223 3839 3319 3878 sua
3343 3825 3396 3879 in
3417 3828 3655 3894 psalmos

403 3910 674 4019 praecipue
704 3910 787 3991 sic
806 3935 1156 3986 accusantem
1187 3922 1242 3974 in
1275 3917 1503 3987 epistola
1535 3917 1769 3984 quadam
1800 3913 1942 3980 apud
1978 3910 2291 3964 Facundum
2330 3925 2411 3974 ιιι,
2456 3911 2488 3964 6
2523 3927 2538 3964 :
2579 3910 2658 3963 Ea
2682 3927 2797 3978 qua:
2819 3913 3017 3981 scripta
3045 3925 3167 3968 sunt
3205 3916 3256 3969 in
3292 3919 3531 3986 psalmos
3551 3923 3655 3974 mi-

403 4005 707 4107 ;aris,-qure
735 4030 896 4086 etiam
925 4023 1098 4092 prima
1121 4024 1431 4068 crcterorum
1455 4011 1687 4063 omnium
1714 4008 2024 4071 scripsimus
2053 4022 2070 4058 :
2089 4023 2192 4058 non
2215 4015 2388 4058 autem
2411 4015 2666 4073 quantam
2693 4014 2993 4071 oportuerat
3012 4005 3292 4060 habuimus
3315 4010 3459 4063 circa
3487 4011 3655 4064 istam

404 4150 510 4190 rem
531 4101 858 4197 diligentiam
888 4132 906 4169 :
929 4110 1075 4182 passi
1097 4113 1234 4164 enim
1268 4123 1448 4162 sumus
1475 4119 1793 4175 quaecunque
1832 4102 2158 4170 incipientes,
2186 4112 2239 4152 ut
2271 4101 2457 4163 evenit,
2487 4103 2540 4153 in
2571 4103 2835 4168 imperitia
2859 4101 3121 4155 scribendi
3143 4106 3458 4160 constituti:
3491 4108 3656 4178 siqui-

403 4237 521 4291 dem
561 4245 610 4284 et
664 4223 862 4280 multas
884 4210 1278 4269 immutationes
1302 4202 1483 4258 abillo
1529 4211 1757 4270 tempore
1786 4216 1901 4269 qua:
1942 4209 2121 4252 nostra
2149 4209 2270 4252 sunt
2305 4209 2664 4266 susceperunt,
2711 4215 2842 4267 quas
2867 4214 2969 4252 non
2997 4209 3072 4252 est
3103 4202 3379 4268 praesentis
3403 4209 3655 4274 temporis

403 4289 654 4383 enarrare
686 4332 704 4370 :
734 4328 801 4370 ea:
826 4326 931 4383 qua
970 4317 1136 4358 causa
1159 4298 1327 4369 magis
1357 4293 1671 4364 negligenter
1701 4308 1730 4344 a
1755 4289 1902 4344 nobis
1937 4292 2228 4357 composita
2247 4298 2366 4342 sunt
2397 4290 2648 4357 plurima,
2695 4299 2744 4343 et
2770 4289 2995 4342 maxime
3018 4289 3115 4344 illa
3147 4307 3263 4359 quae
3309 4295 3480 4361 prima
3506 4308 3654 4353 sum,

405 4421 604 4474 lterum
638 4415 754 4482 ipse
780 4400 1072 4462 Facundos
1090 4411 1143 4464 ις,
1164 4397 1197 4452 5
1231 4415 1244 4449 :
1284 4393 1588 4448 Theodorus
1625 4394 1767 4443 ultro
1799 4389 2133 4457 semetipsum
2163 4387 2538 4455 reprehendens
2570 4388 2626 4440 in
2651 4387 2974 4454 expositione
3001 4387 3357 4456 Psalmornm,
3381 4393 3657 4462 confessus

405 4522 484 4568 est
513 4478 1002 4582 quod-negligenter
1035 4507 1139 4548 asc
1158 4488 1446 4553 composita
1476 4484 1672 4551 fuerint
1711 4482 1964 4551 plurima,
1989 4489 2037 4533 et
2065 4481 2294 4532 maxime
2328 4480 2424 4532 illa
2472 4495 2587 4550 qua:
2625 4481 2798 4548 prima
2830 4488 2971 4534 sunt.
3018 4478 3160 4533 Sane
3190 4481 3232 4532 si
3257 4481 3324 4535 de
3356 4496 3464 4535 uno
3487 4497 3661 4550 opere

410 4606 496 4659 hic
527 4575 766 4670 loquitur
805 4587 1114 4647 Facundus,
1142 4585 1332 4640 utiaue
1355 4587 1598 4653 apparet,
1625 4577 1967 4633 Theodorum
2009 4592 2076 4631 ex
2111 4591 2207 4631 sua
2233 4575 2574 4632 Psalmorum
2601 4578 3047 4645 interpretatione
3076 4577 3348 4647 praecipue
3377 4578 3654 4646 vitupera-

411 4702 554 4754 visse
604 4691 929 4766 principium
986 4684 1167 4752 operis
1199 4681 1288 4749 (de
1315 4694 1426 4750 quo
1463 4677 1675 4734 scilicet
1723 4674 1998 4745 principio
2029 4673 2168 4742 apud
2227 4680 2433 4728 textum
2481 4673 2798 4742 synodieum
2845 4686 3024 4727 sermo
3053 4671 3178 4740 est).
3227 4671 3330 4724 Sed
3374 4675 3494 4724 esto
3523 4685 3662 4727 sane

409 4759 746 4859 ambiguum,
775 4759 958 4837 utrum
985 4773 1128 4846 apud
1155 4770 1473 4826 Facundum
1502 4767 1828 4822 vocabulum
1879 4765 2053 4834 prima
2077 4764 2348 4832 signiﬁcet
2383 4765 2678 4833 primordia
2709 4766 2898 4830 operis,
2936 4780 3005 4818 an
3052 4762 3232 4832 potius
3262 4760 3524 4815 scribendi
3552 4759 3662 4812 ini-

412 4853 584 4950 tium;
639 4881 860 4934 minime
888 4890 1015 4929 vero
1049 4870 1212 4926 dubia
1243 4876 1326 4923 est
1353 4865 1567 4920 Leontii
1592 4863 1892 4916 auctoritas
1921 4870 2106 4914 contra
2140 4859 2293 4917 Nest.
2334 4863 2428 4916 lib.
2460 4877 2542 4925 ιιι,
2572 4863 2660 4928 45,
2686 4863 2777 4916 ubi
2825 4862 3028 4928 scripta
3059 4856 3422 4926 Mopsuesteui
3446 4853 3660 4920 vitupe-

411 4995 563 5040 rans,
597 4977 650 5030 in
676 4975 761 5028 his
779 4978 1026 5027 recenset
1049 4969 1148 5034 τὴν
1173 4966 1310 5020 κατᾶ
1332 4964 1442 5017 τῶν
1477 4961 1636 5033 ἱερῶν
1683 4959 1913 5030 ψαλμῶν

2158 4958 2257 5012 οιὸν
2287 4959 2660 5029 προθεωρῐανε
2695 4959 2774 5013 sic
2799 4958 2942 5010 enim
2977 4953 3120 5009 edidi
3160 4969 3223 5005 ex
3257 4951 3445 5006 erco
3470 4949 3660 5006 codice

417 5072 699 5134 Vaticano,
741 5080 864 5138 qua:
887 5065 1052 5119 verba
1084 5063 1138 5116 in
1174 5058 1432 5114 Turriani
1456 5056 1770 5116 Latinitate,
1791 5071 1911 5124 qtue
1929 5055 2043 5110 sola
2089 5056 2353 5108 hactenus
2379 5054 2524 5107 edita
2553 5053 2749 5115 fuerat,
2784 5052 2864 5107 sic
2897 5051 3119 5112 habent,
3168 5058 3218 5102 et
3245 5046 3656 5118 prwmeditatin-

413 5182 530 5221 nem
557 5168 905 5218 exca'cantem
929 5157 984 5210 in
1001 5171 1182 5210 sacros
1219 5154 1482 5208 Psalmos.
1509 5151 1653 5207 Sane
1672 5149 1980 5204 Turrianus
2012 5148 2357 5218 interpretari
2388 5148 2653 5216 potuisset
2675 5146 3039 5216 prwfationem
3071 5159 3090 5198 :
3126 5143 3250 5212 quis
3281 5143 3427 5196 enim
3457 5140 3655 5205 nescit,

416 5261 736 5325 argumenta
777 5264 873 5304 seu
913 5246 1256 5316 praefationes
1295 5241 1608 5298 Grmcarum
1648 5241 1734 5296 vel
1784 5240 2092 5294 orationum
2142 5238 2225 5294 vel
2266 5238 2580 5305 hujusmodi
2631 5238 3073 5292 lucubrationum
3112 5232 3374 5303 appellari
3417 5230 3667 5302 προθεω-

416 5316 578 5415 ρίᾶςῖ
616 5339 782 5393 Valde
814 5338 980 5407 igitur
1013 5349 1213 5389 censeo
1245 5331 1570 5404 synodicum
1599 5330 1932 5401 eclogarium
1958 5328 2270 5398 respexisse
2297 5327 2365 5381 ad
2391 5325 2766 5396 praelationem
2798 5326 3179 5382 Commentarii
3207 5325 3568 5386 Psatmorum,
3611 5316 3671 5372 in

415 5411 521 5502 qua
551 5430 872 5485 Theodorus
899 5426 1154 5481 liberiore
1178 5425 1396 5496 ingenio
1411 5423 1636 5486 luserat,
1669 5430 1723 5476 et
1756 5420 2005 5491 quaedam
2030 5428 2218 5475 contra
2247 5419 2508 5490 mystieos
2534 5417 2862 5487 ﬁguratosve
2886 5433 3080 5471 sensus
3113 5415 3375 5469 audacius
3401 5411 3674 5466 elluderat

419 5531 570 5599 (puta
605 5528 694 5580 illa
741 5524 905 5578 verba
961 5521 1208 5594 synodiei
1267 5514 1612 5588 testimonii),
1644 5533 1765 5588 quae
1808 5516 2004 5571 deinde
2036 5515 2266 5586 ipsemet
2314 5515 2651 5576 retractavit,
2707 5523 2765 5567 ut
2797 5514 2871 5567 ait
2906 5511 3228 5582 Hesychius.
3264 5508 3508 5577 Denique
3550 5521 3627 5561 no

515 5717 566 5780 α)
606 5715 812 5780 l’rotog.
850 5709 916 5762 ad
956 5708 1228 5780 commain
1266 5707 1431 5761 Zach.
1540 5777 1551 5780 _
1707 5776 1720 5780 _
1873 5776 1882 5780 _
1948 5775 1995 5780 Δ
2105 5720 2227 5759 esse
2256 5702 2511 5780 mendum
2558 5697 2764 5753 librarii
2805 5697 2898 5765 qui
2950 5691 3426 5780 nonhintellcxerit
3460 5690 3658 5745 litterae

515 5717 566 5780 α)
606 5715 812 5780 l’rotog.
850 5715 916 5762 ad
956 5725 1144 5762 comm.
1172 5715 1228 5760 in
1266 5715 1431 5761 lactt.
2105 5720 2227 5759 esse
2256 5715 2511 5757 mendum
2558 5715 2764 5753 unraru
2805 5715 2897 5765 qui
2952 5715 3058 5749 non
3103 5715 3268 5746 intem

491 5715 566 5856 ἑὸ)
606 5783 812 5838 Coneil.
875 5781 965 5834 hic
1010 5787 1066 5836 et
1110 5779 1238 5833 alibi
1276 5777 1594 5839 commenti;
1631 5776 1725 5831 sed
1780 5776 1922 5830 malo
1946 5775 1997 5830 id
2112 5775 2492 5844 compendium
2523 5787 2646 5825 cum
2679 5769 3020 5838 superposita
3060 5765 3268 5820 lineola.
