3804 6222
383 395 481 454 115
1602 389 1765 447 ANG.
1807 387 1954 444 MAI!
1993 385 2382 441 PRIEFATIO.
3511 365 3628 429 ιη

445 509 532 564 Ἣ.
572 505 727 561 Nunc
755 504 883 576 quia
921 501 991 558 de
1026 502 1099 557 iis
1130 501 1264 567 dixi,
1305 502 1396 573 qui
1429 501 1787 557 Theodorum-
1815 501 1871 555 in
1901 499 1986 554 his
2019 498 2356 570 exponendis
2395 493 2675 568 prephetis
2717 497 3115 562 praecesserunt
3137 530 3152 555 ,
3188 490 3347 547 liceat
3374 489 3616 545 breviter

368 605 668 662 nonnullos
700 615 938 672 quoque,
970 598 1064 668 qui
1094 593 1436 651 Theodorum
1471 592 1749 648 subsecuti
1786 597 1935 654 sunt,
1967 605 2395 645 commemorare
2415 606 2442 653 ;.
2469 587 2716 658 priscos,
2745 586 2986 654 inquam,
3022 599 3254 654 quorum
3303 581 3506 652 scripta
3541 581 3616 635 ad

365 718 471 758 nos
495 705 862 772 pervenerunt
898 715 912 751 :
943 703 1069 750 sunt
1099 693 1244 747 enim
1277 691 1356 759 (ut
1388 675 1638 745 omittam
1668 687 1928 743 Judaicos
1959 695 2014 741 et
2037 687 2359 741 brevissima
2395 682 2652 754 Hesycbii
2683 676 3086 751 capita).Grteci
3118 683 3252 742 tres,
3287 673 3609 728 Theodore—

368 803 478 860 tus,
532 791 804 863 Cyrillus,
844 789 1320 859 Theophylactus;
1371 783 1550 839 Latini
1594 784 1724 838 item
1770 780 2332 852 tres,-Hieronymus,
2374 779 2602 834 Rulinus
2645 785 2806 845 atque
2852 774 3131 845 Remigius
3171 790 3187 826 :
3235 785 3469 840 quorum
3511 783 3624 837 ego

365 881 803 935 commentarios
828 879 1101 940 lectitans,
1132 876 1535 932 Theodoretum
1562 873 1778 944 quidem
1808 872 2176 942 Mopsuesteni
2205 873 2466 926 asseclam
2503 885 2625 924 esse
2656 869 2902 923 videbam
2930 911 2946 936 ,
2989 871 3042 923 in
3090 867 3326 938 prologis
3368 864 3617 933 quando-

327 973 472 1041 ‘que
519 973 685 1026 etiam
737 969 1108 1041 plagiarium:
1169 965 1264 1021 sed
1302 974 1484 1018 tamen
1541 978 1717 1032 neque
1768 964 2020 1016 acumine
2067 977 2241 1030 neque
2287 962 2536 1015 ubertate
2571 974 2694 1013 cum
2740 959 2845 1013 hoc
2879 957 3333 1029 comparandum.
3375 955 3624 1025 Cyrillus

364 1066 626 1130 grandem
657 1074 862 1119 tomum
896 1060 1418 1116 commentariorum
1452 1073 1680 1112 suorum
1712 1057 1981 1127 implevit,
2014 1056 2068 1110 in
2106 1056 2308 1125 quibus
2336 1056 2568 1124 plurima
2612 1052 2843 1107 moralia
2877 1051 3009 1106 dicit
3056 1065 3121 1104 ac
3151 1049 3398 1119 mystica.
3436 1045 3615 1099 Theo-

362 1163 653 1232 phylactus
686 1160 922 1227 denique
955 1157 1228 1226 sequioris
1266 1156 1366 1210 aevi
1394 1155 1559 1208 homo
1587 1167 1759 1224 pauca
1788 1160 1847 1206 ut
1877 1161 2012 1221 puto
2038 1151 2105 1205 de
2142 1165 2244 1205 suo
2271 1149 2494 1220 profert,
2533 1149 2625 1204 sed
2655 1164 2721 1203 ex
2750 1147 3099 1216 antiquorum
3132 1139 3624 1197 lucubrationibus

361 1255 651 1319 litterales,
680 1253 937 1309 moralcs.
971 1252 1236 1321 mysticus
1261 1248 1655 1318 expositiones,
1687 1262 1787 1316 pro
1813 1247 1899 1300 sui
1941 1246 2205 1314 temporis
2247 1259 2424 1310 more,
2452 1242 2704 1298 deflorat.
2734 1241 2791 1297 In
2842 1239 3055 1294 Latinis
3087 1237 3454 1305 Hieronymus
3496 1232 3615 1286 sin-

359 1344 536 1409 gulari
581 1357 679 1397 sua
709 1341 1021 1412 praestantia
1054 1343 1305 1408 eminet;
1335 1354 1528 1393 omnes
1557 1338 1702 1392 enim
1747 1335 1970 1406 ingenii,
2016 1334 2345 1404 eloquentiae
2388 1334 2758 1402 doctrinaeque
2800 1333 3092 1385 thesauros
3119 1327 3187 1380 ad
3237 1340 3368 1381 suas
3398 1324 3455 1376 in
3508 1322 3623 1378 bos

359 1433 658 1502 prophetas
691 1429 1065 1499 expositiones
1103 1430 1360 1484 contulit.
1395 1428 1524 1482 Post
1555 1440 1714 1497 quem
1761 1423 1992 1479 Rufinus
2023 1424 2410 1494 prephetarum
2449 1422 2692 1492 quinque
2737 1437 3030 1491 aggressus
3075 1417 3609 1487 interpretationem,

360 1527 639 1594 copiosam
671 1525 852 1592 potius
894 1522 1262 1588 muralemque
1311 1516 1670 1588 paraphrasin
1722 1514 1870 1579 fecit,
1917 1523 1971 1569 et
2018 1514 2072 1568 in
2112 1514 2340 1584 prologo
2383 1514 2630 1582 iniquum
2679 1512 2747 1566 de
2782 1510 3116 1580 Hieronymo
3160 1508 3430 1578 judicium
3465 1505 3612 1569 tulit,

360 1617 523 1686 cujus
549 1618 852 1671 orationem
892 1614 976 1668 vel
1003 1628 1098 1682 per
1123 1611 1412 1680 allegorias
1438 1607 1691 1678 Origenis
1719 1609 1802 1660 vel
1836 1621 1930 1676 per
1965 1605 2242 1661 fabulosas
2270 1605 2579 1660 Judaaorum
2615 1604 2942 1658 traditiones
2970 1610 3136 1656 totam
3185 1599 3479 1654 delituisse
3511 1597 3610 1650 ait.

362 1710 587 1765 Tertius
617 1709 898 1778 Remigius
927 1705 1403 1760 Antisiedorensis
1441 1711 1548 1770 est,
1585 1707 1676 1772 qui
1724 1703 1925 1756 saeculo
1961 1716 2107 1757 nono
2150 1701 2254 1755 sub
2277 1699 2474 1754 Carolo
2517 1701 2684 1754 Calvo
2731 1698 2934 1753 floruit.
2984 1695 3157 1764 Hujus
3192 1694 3624 1749 Commentarios-

368 1800 435 1853 ad
463 1798 512 1852 X
520 1797 577 1851 11
617 1796 901 1866 prophetas
927 1799 1156 1847 minores
1188 1806 1333 1846 anno
1374 1790 1514 1844 1545
1559 1787 1796 1844 Joannes
1826 1786 2130 1842 chteuius
2164 1786 2354 1852 edidit,
2382 1788 2472 1855 qui
2513 1785 2712 1840 deinde
2747 1787 2800 1840 in
2831 1785 3232 1857 Lugdunensem
3266 1783 3381 1837 PP.
3408 1783 3613 1838 Biblio—

369 1900 569 1949 thecam
601 1892 847 1947 translati
876 1887 1117 1944 fuerunt.
1144 1887 1594 1943 Commentarium
1627 1900 1756 1936 vero
1786 1884 1841 1936 in
1883 1887 2078 1936 Oscam
2105 1881 2421 1936 necessario
2457 1894 2516 1934 se
2554 1879 2808 1934 omisisse
2831 1880 3134 1938 llentenius
3165 1883 3261 1944 ait,
3294 1881 3422 1951 quia
3466 1881 3614 1934 hunc

360 1987 583 2049 unicus,
612 2000 773 2055 quem
825 1989 1022 2038 nactus
1047 1989 1185 2044 erat,
1216 1977 1386 2032 codex
1436 1969 1806 2030 desiderabat.
1858 1971 1970 2043 Ego
2011 1987 2142 2026 vero
2186 1970 2472 2040 antiquum
2515 1969 2758 2024 codicem
2798 1969 3123 2028 Vaticanum
3163 1972 3505 2044 perlustrans
3554 1973 3619 2026 in-

364 2084 557 2138 Oseam
603 2097 820 2153 quoque
858 2077 1302 2134 commentarium
1353 2073 1587 2145 Remigii
1645 2072 1846 2142 reperi,
1884 2070 2140 2125 mutilum
2187 2076 2391 2134 tamen,
2435 2083 2632 2138 nempe
2671 2084 2845 2139 usque
2884 2069 2953 2124 ad
2999 2071 3302 2141 capitulum
3355 2069 3610 2139 quintum

359 2177 591 2229 necdum
625 2175 918 2243 expletum.
961 2170 1147 2240 Neque
1190 2168 1238 2225 is
1267 2167 1516 2224 defectus
1549 2169 1991 2222 membranarum
2022 2173 2128 2230 est,
2163 2178 2306 2234 quas,
2328 2171 2390 2217 ut
2415 2162 2495 2228 fit,
2536 2163 2883 2218 exciderint:
2923 2165 3124 2220 etenim
3174 2165 3228 2218 in
3267 2179 3372 2234 qua
3414 2162 3621 2232 pagina

361 2271 533 2326 Oseas
566 2269 916 2340 imperfectus
947 2265 1170 2331 desinit,
1201 2263 1403 2319 ibidem
1436 2263 1626 2332 incipit
1661 2261 1780 2317 Joél
1810 2281 1824 2317 :
1867 2260 2012 2316 unde
2041 2258 2426 2330 cognoscimus
2463 2257 2748 2328 antiquum
2779 2270 3164 2313 amanuensem
3211 2253 3432 2308 nonnisi
3467 2253 3612 2306 hanc

357 2361 660 2431 liemigiatti
697 2359 1072 2414 Cammentarii
1111 2359 1168 2411 in
1206 2356 1398 2412 Oseam
1432 2366 1642 2426 partem
1678 2371 1788 2426 prae
1817 2356 2074 2410 manibus
2112 2353 2391 2408 habuisse.
2421 2351 2540 2406 Jam
2571 2353 2676 2408 etsi
2712 2352 3014 2408 Hentenius
3035 2351 3249 2422 magnis
3284 2349 3538 2405 laudibus
3577 2364 3616 2402 a

357 2477 414 2509 sc.
446 2459 622 2513 editos
655 2456 1078 2511 conuuentarios
1103 2452 1276 2518 effert,
1313 2469 1413 2522 ego
1443 2461 1622 2508 tamen
1654 2448 1958 2522 Remigium
2004 2451 2058 2505 in
2089 2451 2378 2506 calonibus
2410 2451 2593 2520 potius
2637 2452 2932 2522 ἑρμηνείας
2961 2462 3124 2523 quam
3177 2451 3233 2506 in
3269 2449 3615 2520 principibus

358 2564 672 2612 numerem;
705 2547 852 2617 quod
876 2547 944 2602 de
971 2546 1092 2600 aliis
1124 2545 1287 2600 etiam
1320 2544 1877 2599 commentationibus
1904 2543 2025 2612 ejus
2055 2541 2124 2597 ad
2175 2557 2331 2598 sacra
2365 2541 2536 2596 Biblia
2582 2558 2687 2612 qua
2718 2542 2883 2598 editis
2933 2559 3040 2613 qua
3067 2541 3291 2598 ineditis
3320 2557 3473 2610 aque
3517 2540 3610 2608 ju-

355 2644 499 2693 dico.
535 2640 692 2694 Certe
727 2639 855 2692 illud
886 2637 1142 2708 frequens
1182 2637 1630 2707 etymologiarum
1663 2635 1900 2689 studium
1934 2649 2126 2704 parum
2158 2633 2290 2688 utile
2331 2643 2415 2688 est
2450 2634 2534 2688 vel
2570 2634 2826 2689 solidum.
2875 2637 3125 2691 Attamen
3156 2633 3302 2688 aliud
3342 2634 3472 2688 milii
3503 2630 3610 2687 Re-

355 2734 502 2800 migii
534 2747 670 2798 opus
709 2738 793 2784 est
822 2730 1185 2797 observatum,
1223 2730 1452 2800 profana
1485 2730 1791 2785 eruditione
1831 2729 1986 2783 valde
2015 2737 2282 2790 saturum,
2320 2731 2476 2797 cujus
2512 2728 2693 2783 hercle
2719 2729 3034 2794 editionem,
3074 2745 3194 2784 cum
3224 2729 3391 2782 otium
3425 2727 3608 2790 fuerit,

353 2839 462 2875 non
493 2823 779 2892 negligant.
817 2823 1035 2876 Interim
1075 2827 1187 2876 tam
1227 2822 1337 2875 rari
1371 2822 1577 2877 codicis
1607 2822 1816 2891 copiam
1859 2830 2072 2884 nactus,
2118 2821 2263 2873 uolui
2297 2821 2636 2875 committere
2679 2829 2736 2874 ut
2780 2821 2895 2876 hth
2933 2821 3135 2876 inedita
3171 2835 3296 2890 pars
3331 2818 3600 2874 Commen-

357 2916 482 2965 tm-ii
514 2914 582 2966 ad
609 2915 796 2969 Oscam
824 2915 1029 2970 diutius
1053 2915 1108 2969 in
1143 2915 1382 2970 tenebris
1411 2915 1773 2970 delitesceret.
1807 2913 1992 2983 Itaque
2018 2916 2070 2968 in
2104 2923 2256 2984 parte
2285 2917 2386 2969 mei
2422 2916 2734 2980 voluminis,
2760 2916 2900 2970 unde
2924 2917 3086 2971 aliam
3111 2915 3361 2971 canonici
3391 2912 3623 2986 generis

360 3005 788 3062 lucubrationem
813 3009 1096 3076 ejeceram,
1125 3007 1226 3061 hoc
1252 3006 1480 3078 Remigii
1515 3008 1951 3076 supplementum
1987 3007 2180 3060 locavi.

425 3141 535 3196 γη.
571 3143 674 3197 Sed
710 3144 820 3213 jam
848 3146 1022 3200 oratio
1051 3155 1355 3200 revertatur
1381 3146 1448 3201 ad
1483 3143 1852 3206 Theodorum.
1895 3146 2054 3214 cujus
2092 3146 2138 3202 si
2181 3145 2446 3215 plurimas
2475 3146 2881 3214 espositionum
2915 3147 3107 3202 harum
3142 3147 3330 3204 laudes
3353 3147 3620 3204 detexere

356 3239 537 3298 velim,
565 3240 645 3291 vel
676 3238 918 3294 infinitus
937 3241 1060 3304 sim,
1091 3242 1172 3293 vel
1203 3249 1352 3296 certe
1375 3250 1694 3311 perpetuum
1726 3241 2104 3296 commentarii
2126 3241 2245 3310 ejus
2265 3244 2716 3297 commentarium
2741 3243 3010 3298 adornare
3031 3244 3303 3300 deberem.
3333 3241 3389 3296 In
3415 3243 3618 3313 primis»

357 3345 544 3385 auctor
569 3334 876 3387 universam
906 3335 1284 3389 vaticiuiorum
1311 3337 1592 3390 materiam
1619 3344 1800 3391 mente
1823 3337 2161 3405 complexus,
2189 3336 2325 3392 mire
2357 3339 2499 3392 inter
2522 3354 2580 3392 se
2604 3339 2943 3402 commiscet,
2978 3340 3318 3410 invicemque
3345 3341 3606 3407 illustrat,

356 3437 407 3479 ct
441 3443 563 3480 cum
595 3428 874 3496 prapbctis
909 3429 1231 3498 majoribus,
1264 3432 1566 3499 praesertim
1597 3446 1728 3484 vero
1762 3447 1886 3485 cum
1932 3431 2165 3486 Psalmis
2213 3430 2487 3487 Davidicis
2517 3433 2720 3502 passim
2750 3435 3042 3488 connectit.
3076 3429 3430 3504 Prologorum
3476 3449 3610 3489 vero

355 3524 614 3590 dignitas,
643 3538 970 3576 excursuum
999 3524 1112 3578 sive
1134 3526 1612 3594 auiplillcationun'i
1637 3527 1874 3589 ubertas,
1896 3527 2256 3595 quaestionum
2284 3542 2534 3590 acumen,
2563 3528 2803 3582 locorum
2829 3528 3264 3585 dillicillimorum
3306 3540 3604 3597 spontanea

357 3635 418 3672 ac
445 3619 736 3672 ludibunda
771 3621 1162 3688 propemodum
1195 3623 1490 3692 explicatio
1519 3624 1759 3692 legentes
1784 3624 2090 3694 philologus
2117 3639 2470 3694 magnopere,
2493 3633 2552 3678 ut
2581 3638 2763 3694 spero,
2784 3624 3098 3678 obiectabit.
3134 3622 3376 3692 Exempli
3415 3637 3605 3680 causa.

358 3711 540 3765 Amosi
576 3712 735 3765 verba
770 3727 888 3780 cap.
919 3729 956 3776 ι,
982 3715 1051 3768 5:
1089 3715 1256 3783 Super
1284 3717 1450 3770 tribus
1479 3717 1757 3771 sceleribus
1794 3717 2040 3771 Damasci
2069 3728 2116 3772 et
2147 3736 2302 3787 super
2335 3730 2564 3788 quatuor
2597 3735 2697 3772 non
2719 3729 3038 3785 convertam,
3077 3719 3389 3773 felicissime
3417 3727 3607 3772 noster

357 3811 518 3868 atque
550 3818 612 3854 ex
644 3801 822 3855 indole
851 3805 1193 3858 orientaliqu
1232 3806 1547 3861 idiomatum
1579 3808 1812 3874 explicat
1841 3809 1920 3860 sic
1956 3825 1968 3860 :
1995 3807 2138 3860 Dicrt
2167 3824 2320 3875 super
2350 3811 2516 3861 tribus
2540 3818 2590 3862 et
2621 3821 2871 3878 quatuor,
2904 3827 3082 3876 nempe
3108 3825 3201 3877 pro
3233 3810 3430 3863 multis.
3460 3807 3606 3862 Nam

357 3898 474 3962 «inlisi
510 3912 752 3949 numerus
795 3906 910 3964 post
943 3914 1102 3951 unum
1134 3910 1183 3953 et
1229 3900 1333 3954 duo
1366 3901 1590 3968 pluralis
1635 3903 1849 3967 dicitur,
1893 3901 2042 3954 verba
2088 3902 2252 3955 tribus
2294 3903 2484 3956 multos
2523 3902 2756 3966 denotat,
2799 3905 2951 3958 verbo
2995 3916 3169 3960 autent
3203 3915 3429 3975 quatuor
3461 3905 3605 3958 ntul-

360 3990 633 4042 liltttltm’m
659 3999 960 4059 exaggerat.
1014 3991 1226 4048 Rursus
1255 3993 1323 4048 ad
1364 3994 1529 4047 verba
1575 3992 1808 4045 Michata:
1841 4008 1960 4056 cap.
2004 4009 2059 4052 ν.
2090 3993 2163 4046 5:
2217 3991 2626 4046 Suscitabuutur
2667 4009 2821 4063 super
2857 4013 2973 4049 eum
3002 4006 3195 4066 septem
3245 4006 3503 4064 pastores,
3555 4006 3607 4048 et

358 4094 470 4134 erm
506 4100 708 4137 morsus
742 4084 1030 4152 hominum,
1069 4093 1192 4155 post
1221 4086 1435 4140 irrisum
1480 4085 1861 4138 nonnullorum
1897 4084 2248 4152 interpretum
2292 4085 2609 4148 vanitatem,
2649 4086 2723 4138 ait
2755 4089 3074 4156 simpliciter
3117 4099 3306 4157 septem
3337 4105 3488 4143 more
3523 4091 3606 4144 bi-

356 4177 497 4227 i~iicc
532 4176 755 4246 intelligi
788 4177 854 4231 de
884 4177 1243 4247 perfecto-seu
1275 4193 1470 4248 magno
1500 4194 1748 4240 numero,
1790 4188 1904 4230 octo
1941 4185 2120 4230 autem
2164 4176 2229 4229 de
2260 4174 2380 4246 ejus
2410 4192 2659 4232 excessu.
2690 4177 2854 4245 quue
2884 4181 3152 4234 illuminat
3184 4180 3394 4234 Domini
3422 4181 3606 4235 verbis

356 4271 517 4322 Petro
547 4268 802 4332 dicentis,
833 4276 893 4322 ut
917 4285 1030 4324 non
1059 4268 1260 4338 septies
1303 4277 1521 4336 peccam
1561 4265 1859 4318 dimitteret
1889 4265 1983 4318 sed
2021 4265 2329 4333 Septuagies
2361 4267 2598 4334 septies;
2633 4275 2686 4320 et
2734 4267 2841 4322 illis
2886 4270 3248 4334 Ecclesiaste,
3285 4270 3366 4324 Da
3398 4281 3604 4340 partem

354 4373 547 4424 septem
601 4378 799 4415 necnon
845 4372 894 4415 et
941 4372 1089 4424 octo;
1132 4363 1200 4416 de
1238 4360 1438 4430 quibus
1477 4360 1707 4426 mystica
1739 4359 1986 4428 quaedam
2032 4366 2086 4412 et
2129 4361 2448 4428 persubtilia
2493 4368 2894 4414 commentatur
2935 4362 3256 4416 Ambrosius
3290 4361 3429 4417 libro
3458 4379 3511 4425 v,
3549 4363 3604 4414 in

355 4456 556 4510 Lucam
599 4475 656 4513 n.
691 4459 799 4514 49:
849 4476 1008 4529 quem
1055 4460 1325 4514 Ambrosii
1373 4459 1554 4511 locum
1603 4456 1910 4512 Cimmeriis
1960 4456 2202 4510 tenebris
2246 4456 2482 4511 obsitum
2534 4455 2767 4510 Maurini
2808 4456 3047 4512 editores
3092 4473 3233 4528 aigre
3285 4456 3604 4523 declarant;

356 4552 774 4619 Mopsuestenus
807 4562 990 4608 autem
1035 4554 1291 4624 praedicta
1334 4552 1498 4604 verba
1529 4551 1852 4620 simpliciter
1891 4566 2124 4620 vereque
2172 4551 2448 4621 explicat:
2495 4550 2748 4620 Muniﬁce
2786 4551 2855 4604 da
2895 4554 3178 4623 egentibus,
3219 4569 3378 4623 neque
3411 4553 3462 4605 in
3504 4552 3603 4605 hoc

359 4649 630 4702 abundare
660 4665 886 4703 recuses.
929 4647 995 4702 Et
1026 4648 1340 4703 universum
1373 4646 1591 4717 quidem
1638 4646 2047 4702 Testamentum
2078 4646 2246 4700 Vetus
2278 4651 2724 4721 przeparationem
2771 4647 2906 4702 Novi
2946 4647 3133 4711 luisse,
3165 4655 3327 4714 atque
3359 4646 3539 4698 omnia
3569 4661 3602 4698 a

360 4744 466 4795 l'n-o
498 4745 558 4795 ad
598 4752 886 4798 venturum
924 4745 1201 4798 Christum
1233 4742 1462 4804 directa,
1493 4741 1704 4796 sincere
1741 4752 2035 4811 sancteque
2068 4744 2254 4798 multis
2286 4744 2418 4798 locis
2443 4741 2761 4800 Theodorus
2793 4743 3072 4803 fatetur,v.
3107 4758 3188 4813 gr.
3223 4758 3276 4812 p.
3303 4742 3355 4804 1,
3388 4742 3474 4806 69,
3506 4741 3599 4804 72,

360 4841 376 4887 t
399 4841 412 4887 ε
439 4841 480 4885 l-
500 4841 512 4888 l
535 4839 614 4898 ιϐ,
652 4839 772 4896 120,
801 4838 928 4898 208,
956 4839 1223 4908 przecipue
1273 4852 1400 4891 vero
1435 4836 1488 4889 in
1533 4835 1749 4905 prologo
1771 4834 1838 4888 ad
1861 4834 2057 4889 Jouam
2080 4851 2098 4888 :
2127 4835 2285 4906 cujus
2311 4839 2585 4908 prophetm
2611 4837 2814 4908 grande
2839 4837 2970 4894 illud
2995 4813 3138 4892 intra
3164 4843 3342 4892 cetum
3366 4837 3603 4892 viventis

357 4934 702 4987 n:i-:-.-ii..-uium.
736 4931 878 4998 quod
903 4930 1121 4999 quidam
1146 4934 1396 4982 recentes
1421 4925 1602 4979 critici
1635 4925 1898 4980 scelerate
1921 4926 2168 4981 derident
2194 4929 2284 4996 (ne
2303 4927 2522 4984 Christo
2551 4929 2771 4997 quidem
2795 4929 2986 4984 Matth.
3019 4946 3115 4993 xu,
3144 4927 3234 4994 40,
3261 4929 3598 4996 credentes),

355 5022 602 5074 nnnimlli
649 5021 935 5090 allegorice
984 5029 1194 5074 tantum
1248 5019 1574 5084 admittunt,
1633 5019 1717 5073 vel
1782 5020 2060 5089 propheta:
2116 5021 2387 5074 somnium
2457 5023 2806 5086 existimant,
2880 5023 2972 5076 alii
3035 5039 3100 5078 ex
3161 5022 3358 5077 fabulis
3417 5022 3604 5076 ethni-

355 5127 566 5170 cm-um.
627 5119 759 5181 puta
810 5111 877 5165 de
927 5107 1296 5170 Andromeda.
1351 5107 1435 5161 vel
1483 5107 1551 5160 de
1609 5104 1842 5161 Hercule
1895 5108 1987 5178 qui
2035 5105 2289 5177 Neptunii
2338 5110 2491 5165 canis
2535 5112 2842 5167 visceribus
2884 5116 3058 5168 evasit
3110 5115 3419 5179 incolumis,
3467 5131 3604 5170 con-

357 5205 683 5268 glullnnlum
733 5200 1023 5268 dictitant;
1064 5199 1152 5270 pie
1207 5197 1550 5261 Theodorus,
1597 5203 1659 5251 ut
1707 5212 1825 5252 mos
1872 5206 1956 5253 est
2001 5197 2260 5254 Ecclesia!
2292 5202 2511 5255 Patrqu
2546 5211 2600 5256 et
2642 5204 3058 5270 catholicorum,
3108 5221 3430 5275 summaque
3471 5221 3599 5263 cum

359 5293 666 5346 i't-vvt'mtiia
723 5293 1070 5362 amplectitur
1119 5304 1222 5345 nec
1271 5288 1340 5344 de
1391 5303 1458 5344 eo
1508 5287 1868 5358 quaestionem
1914 5288 2078 5342 ullam
2125 5289 2239 5343 fieri
2287 5291 2511 5360 patitur.
2563 5291 2631 5348 Ut
2674 5301 2853 5349 autem
2905 5297 3106 5351 mentis
3151 5294 3449 5362 Theodori,
3490 5313 3601 5366 qua

358 5388 674 5455 pi-tqilietias
736 5385 803 5442 de
855 5385 1074 5440 Christo
1119 5384 1305 5449 tradit,
1351 5383 1564 5439 illustre
1619 5383 1894 5454 specimen
1947 5383 2091 5445 dem,
2144 5399 2253 5438 non
2305 5388 2570 5442 recusabo
2624 5389 2680 5442 in
2737 5389 2967 5458 gratiam
3024 5389 3238 5441 illorum
3287 5387 3604 5457 quiGraaee

360 5480 614 5531 nesciunt
645 5477 1112 5548 (quandoquidem
1154 5477 1403 5533 Latinam
1439 5477 1944 5546 interpretationem
1988 5476 2056 5531 ab
2087 5477 2189 5532 hoc
2217 5479 2493 5534 volumine
2523 5483 2751 5546 exclusi,
2785 5497 2946 5552 quam
2990 5481 3228 5537 liberiori
3263 5483 3375 5536 otio
3422 5483 3604 5538 absol-

354 5572 581 5622 vcmlgmi
620 5571 1134 5643 perpolieudamque
1161 5573 1404 5634 reservo)
1432 5573 1766 5627 luculentum
1801 5578 2035 5626 tractum
2073 5571 2266 5629 Latine
2297 5591 2494 5642 ponere
2522 5575 2590 5629 ad
2623 5577 2711 5630 illa
2743 5575 2910 5630 Joelis
2939 5577 3101 5631 verba
3134 5592 3254 5646 cap.
3285 5592 3345 5643 ιι,
3380 5576 3541 5632 28-51
3582 5598 3598 5631 :

358 5666 648 5731 Ῑᾰίρςηάηνη
683 5668 747 5720 de
787 5667 991 5736 Spiritu
1021 5684 1132 5721 meo
1165 5684 1319 5738 super
1348 5684 1551 5722 omnem
1593 5681 1824 5731 carnem,
1859 5674 1908 5718 et
1938 5666 2318 5734 propltetabunt
2350 5670 2452 5738 ﬁlii
2484 5671 2640 5723 vestri
2666 5678 2716 5723 et
2756 5669 2884 5739 ﬁlice
2916 5678 3119 5732 uestra,
3155 5677 3205 5722 et
3254 5685 3398 5722 senes
3437 5672 3598 5722 vestri

359 5759 565 5809 smnuf't
607 5758 960 5819 soruniabunt,
988 5767 1038 5811 et
1066 5761 1471 5827 juvenes-vestri
1519 5759 1742 5813 uisiones
1782 5758 2047 5813 uidebunt.
2090 5757 2161 5813 Et
2203 5777 2358 5830 super
2390 5780 2563 5818 servos
2603 5779 2764 5826 meos,
2795 5774 2845 5819 et
2891 5778 3046 5830 super
3091 5759 3316 5814 ancillas
3354 5777 3494 5815 meas
3541 5761 3597 5814 in

365 5853 536 5904 εις
573 5854 680 5916 :llis
719 5852 993 5921 c/fuudam
1015 5853 1086 5909 de
1111 5852 1314 5924 Spiritu
1343 5867 1493 5919 meo;
1524 5863 1571 5906 et
1605 5848 2050 5906 vaticinabantur.
2083 5851 2150 5906 Et
2183 5852 2318 5909 dabo
2345 5856 2587 5926 prodigia
2618 5856 2670 5910 in
2703 5855 2830 5912 coelo
2863 5866 2910 5910 et
2943 5871 3100 5927 super
3129 5865 3344 5921 terram,
3378 5851 3594 5922 sangui-
