3804 6222
90 305 191 360 II'I
1364 307 1524 365 ANG.
1566 308 1592 362 Β

1863 306 2137 363 EFATIO.
3266 300 3365 356 H8

76 440 201 477 nem
233 432 284 477 et
312 424 485 496 ignem
518 435 567 480 et
597 441 837 495 vaporem
859 425 1023 495 fumi;
1055 426 1137 481 sol
1164 433 1394 481 vertetur
1414 429 1471 480 in
1505 427 1763 492 tenebras,
1792 437 1843 482 et
1867 428 1995 484 luna
2014 429 2069 483 in
2094 426 2421 498 sanguinem.
2445 434 2566 480 ante
2595 439 2754 495 quam
2790 421 2962 476 veniat
2983 418 3094 475 dies
3133 418 3355 473 Domini

72 534 312 588 magnus
342 531 394 572 et
425 520 678 574 illustris.
714 519 809 586 lbi,
838 523 1085 591 inquam,
1120 530 1245 593 post
1270 523 1374 577 alia
1403 523 1551 578 dicta
1583 522 1907 579 Theodorus
1936 525 2175 595 disputat
2204 524 2283 579 sic
2311 542 2324 577 :
2363 520 2529 577 Verba
2552 521 2661 574 haec
2691 522 2872 573 beatus
2911 517 3101 571 Petrus
3131 513 3354 569 Judwos

68 613 362 683 alloquens
383 614 449 668 de
480 616 715 683 Spiritus
752 619 927 671 sancti
960 617 1183 673 adventu
1200 619 1472 687 usurpavit
1498 619 2005 683 convenientissime,
2036 615 2456 689 quandoquidem
2484 616 2662 684 prisca
2690 614 2777 668 lea!
2803 618 3105 681 futurorum
3130 611 3364 663 omnium

64 707 331 772 quadam
356 707 545 761 umbra
578 709 878 777 fuit.—Et
906 712 1005 764 illa
1034 710 1242 781 quidem
1276 720 1446 765 vetera
1476 727 1696 782 parvum
1724 711 1854 783 quid
1890 722 2042 767 erant
2066 723 2116 765 et
2148 720 2398 781 tanquam
2422 705 2833 768 adumbratam;
2868 704 2946 757 ita
2979 710 3038 756 ut
3078 702 3363 757 secundum

68 801 403 868 hyperbolen
431 805 607 872 potius
647 822 807 876 quam
848 807 1132 863 secundum
1162 810 1238 863 rei
1266 812 1558 877 veritatem,
1592 810 1735 865 dicta
1757 811 1975 880 fuerint,
2010 811 2100 865 sed
2123 811 2238 879 ipsa
2261 809 2471 863 demum
2488 805 2750 859 dictorum
2769 801 3033 856 veracitas
3062 801 3116 853 in
3148 798 3361 853 Christo

70 894 315 951 Domino
342 899 583 966 eﬂ'ectum
614 902 892 971 manifeste
923 904 1142 969 habuit;
1165 922 1266 976 quo
1292 916 1520 976 tempore
1552 925 1744 978 magna
1767 909 1945 964 omnia
1969 919 2017 962 et
2049 910 2280 977 terriﬁca
2310 920 2541 973 novaque
2568 911 2618 956 et
2647 902 2781 953 mira
2812 914 2922 970 prce
2947 897 3150 951 cunctis
3175 896 3364 964 prisca:

69 988 211 1055 legis
256 991 527 1045 eventibus
570 1006 924 1061 apparuerunt
965 1011 985 1048 :
1024 998 1103 1048 ita
1151 1006 1210 1050 ut
1262 996 1414 1051 Vetus
1465 997 1856 1052 Testamentum
1899 999 2193 1069 wnigmatis
2227 996 2340 1051 loco
2370 993 2551 1063 fuerit,
2584 1007 2760 1045 rerum
2799 999 2975 1043 autent
3006 988 3099 1041 sub
3149 986 3362 1043 Christo

70 1079 317 1135 Domino
363 1092 627 1152 gestarum
668 1083 976 1154 magnitudo
1020 1085 1290 1139 veritatem
1338 1087 1546 1140 demum
1574 1088 1787 1143 stiterit.
1824 1088 1987 1159 Atque
2019 1089 2094 1141 ita
2133 1088 2314 1142 beatus
2347 1084 2519 1139 aiebat
2560 1081 2729 1135 David
2758 1082 2821 1134 de
2866 1080 3054 1148 populo
3083 1096 3099 1132 :
3131 1078 3249 1133 Non
3279 1086 3365 1135 est

69 1180 350 1233 derelicta
386 1181 567 1234 anima
596 1182 715 1250 ejus
744 1183 797 1236 in
827 1183 1060 1243 inferno,
1097 1198 1273 1252 neque
1306 1199 1436 1238 caro
1463 1185 1583 1254 ejus
1618 1186 1753 1240 vidit
1775 1186 2183 1256 corruptionem
2216 1189 2232 1216 ¹
2261 1201 2275 1238 ;
2309 1182 2445 1254 quod
2475 1196 2601 1237 sane
2633 1177 2696 1230 de
2725 1192 2779 1229 re
2818 1185 2929 1229 tum
2961 1184 3107 1244 gesta
3140 1174 3367 1244 intelligi

69 1274 285 1336 nequit,
320 1273 415 1327 sed
437 1276 787 1344 metaphorice
810 1287 963 1345 atque
998 1278 1326 1346 hyperbolice
1355 1280 1551 1333 dicitur
1580 1290 1783 1344 ereptus
1820 1282 2042 1351 populus
2072 1281 2135 1335 de
2163 1280 2393 1350 periculo
2424 1286 2577 1349 atque
2602 1272 2846 1343 pernicie.
2878 1270 2969 1324 Rei
3007 1287 3165 1340 porro
3194 1273 3363 1340 ipsius

68 1365 425 1433 raticiniique
451 1368 641 1421 veritas
671 1370 724 1422 in
753 1369 965 1424 Christo
995 1369 1221 1425 Domino
1250 1372 1432 1442 palam
1459 1373 1604 1441 facta
1625 1382 1722 1440 est,
1747 1388 1862 1427 cum
1896 1383 2109 1443 propter
2135 1371 2437 1441 resurgendi
2468 1371 2711 1425 virtutem
2730 1380 2891 1433 neque
2918 1365 3095 1416 anima
3124 1365 3237 1433 ejus
3272 1364 3365 1416 diu

69 1456 227 1522 apud
256 1458 459 1526 inferos
488 1476 705 1528 corpore
732 1462 976 1531 sejuncta
999 1464 1217 1528 mansit,
1242 1480 1404 1534 neque
1429 1480 1615 1532 corpus
1639 1466 2023 1532 corruptionem
2052 1464 2219 1517 ullam
2238 1479 2453 1531 passum
2485 1462 2607 1530 fuit,
2640 1466 2779 1533 quod
2805 1479 2909 1515 non
2939 1462 3110 1515 solum
3136 1460 3363 1528 ﬁguram

68 1555 365 1619 propriam
388 1555 625 1620 retinuit,
655 1559 710 1610 in
740 1575 843 1627 qua
872 1568 1138 1613 mortuum
1169 1560 1365 1629 fuerat,
1390 1578 1566 1616 verum
1595 1562 1756 1615 etiam
1788 1561 1857 1615 ad
1888 1562 2238 1614 immortalem
2267 1560 2817 1629 incorruptibilemque
2846 1568 3093 1612 naturam
3123 1555 3358 1608 transiit.

67 1641 447 1706 Quamobrem
479 1647 660 1713 priora
690 1650 807 1713 illa,
837 1652 1059 1722 aenigma
1091 1653 1339 1721 fuerunt;
1370 1655 1481 1710 haec
1512 1657 1829 1724 posteriora,
1860 1657 2073 1710 veritas.
2103 1656 2298 1709 Beatus
2331 1656 2494 1725 igitur
2531 1654 2720 1709 Petrus
2755 1653 2921 1708 verbis
2964 1653 3073 1705 illis
3106 1660 3363 1719 tanquam

67 1735 211 1786 olim
246 1736 598 1804 metaphorice
632 1755 733 1792 non
756 1741 868 1794 sine
903 1759 1067 1796 causa
1089 1743 1266 1809 dictis,
1308 1762 1445 1798 nunc
1492 1756 1667 1798 autem
1698 1755 1933 1799 eventum
1970 1762 2145 1799 verum
2177 1746 2230 1797 in
2274 1756 2420 1813 gesta
2450 1760 2505 1799 re
2541 1746 2852 1808 consecutis,
2888 1761 3013 1797 usus
3038 1751 3144 1804 est;
3184 1743 3261 1795 ita
3306 1751 3362 1793 ut

68 1844 224 1880 stunc
266 1831 439 1897 magis
474 1832 820 1898 praesentibus
849 1845 980 1888 esset
1026 1836 1358 1900 credendum,
1391 1855 1549 1908 quam
1593 1838 1657 1892 de
1704 1840 1893 1908 priscis
1936 1839 2047 1894 illis
2086 1840 2574 1908 obstupescendum.
2626 1838 2692 1892 Et
2737 1840 2898 1910 paulo
2938 1837 3078 1893 infra
3110 1857 3121 1891 ε
3158 1836 3364 1891 Cuncta

69 1923 370 1977 verissima
398 1925 453 1978 in
483 1924 694 1980 Christo
727 1928 950 1983 Domino
980 1940 1291 1994 evaserunt;
1322 1949 1443 1986 nam
1461 1943 1509 1986 et
1536 1933 1617 1986 sol
1640 1949 1750 1986 vere
1780 1932 2144 1987 obtenebratus
2174 1934 2297 2003 fuit,
2323 1942 2371 1987 et
2403 1933 2529 1986 luna
2557 1934 2787 2002 pariter;
2810 1948 3103 2003 magnaque
3122 1942 3170 1985 et
3195 1932 3365 1983 multa

69 2014 217 2066 caelo
249 2023 493 2086 terraque
520 2020 765 2090 prodigia
798 2023 1140 2090 acciderunt;
1183 2035 1231 2079 et
1273 2024 1474 2081 Christi
1519 2026 1735 2081 Domini
1774 2029 2029 2082 salutaris
2058 2028 2275 2098 sanguis
2320 2028 2463 2081 visus
2503 2034 2619 2089 est;
2658 2036 2706 2080 et
2736 2027 2871 2096 ignis
2912 2039 3195 2093 spectrum,
3226 2026 3363 2094 quod

70 2103 451 2163 descendentis
479 2109 711 2179 Spiritus
739 2114 840 2168 vim
877 2117 1255 2187 signiﬁcabat;
1289 2122 1374 2173 cui
1398 2121 1663 2190 praecessit
1695 2121 1829 2184 fumi
1859 2135 2043 2188 vapor,
2075 2122 2164 2190 qui
2200 2130 2474 2175 eventuras
2504 2119 2908 2188 cruciﬁxoribus
2937 2134 3116 2188 paruas
3151 2128 3363 2186 porten-

70 2192 265 2249 debat.
295 2196 441 2252 Tunc
462 2202 623 2255 etiam
652 2201 887 2273 Spiritus
912 2209 1086 2263 sancti
1112 2210 1302 2279 gratia:
1327 2212 1501 2265 cuncti
1526 2212 1808 2281 participes
1842 2211 1973 2280 facti
2006 2220 2127 2265 sunt
2148 2250 2164 2277 ,
2199 2211 2480 2280 multisque
2518 2226 2580 2264 ac
2608 2211 2770 2264 variis
2798 2209 3206 2263 charismatibus
3235 2210 3364 2264 insi-

69 2290 263 2357 gniri:
294 2308 459 2362 quare
501 2296 598 2351 alii
618 2300 1024 2369 prophetabant,
1068 2303 1163 2359 alii
1194 2306 1425 2374 plurima
1464 2306 1686 2361 edebant
1724 2308 2007 2372 miracula,
2042 2308 2104 2361 ob
2149 2306 2486 2361 asserendam
2532 2320 2689 2377 gesta:
2733 2308 2807 2362 rei
2832 2308 3269 2378 magnitudinem,
3312 2316 3363 2361 et

71 2383 294 2439 Christi
324 2386 539 2444 Domini
563 2409 655 2446 seu
674 2395 833 2464 ﬁdem
855 2415 945 2452 seu
972 2399 1199 2469 gloriam
1218 2402 1711 2459 constabiliendam.
1738 2403 1892 2471 Quod
1928 2404 2053 2459 olim
2078 2405 2240 2474 igitur
2269 2404 2617 2473 metaphorice
2644 2404 2897 2475 propheta
2932 2405 3010 2458 vel
3035 2404 3362 2473 hyperbolice

67 2482 322 2549 dixerat,
359 2503 497 2541 nunc
524 2490 860 2560 manifestam
894 2494 1046 2550 habet
1073 2497 1493 2566 signiﬁcatarum
1527 2515 1702 2553 rerum
1736 2499 2042 2562 veritatem;
2082 2500 2188 2552 imo
2220 2499 2373 2552 verba
2408 2498 2551 2566 infra
2590 2517 2671 2554 res
2703 2501 2844 2569 ipsas
2876 2511 3021 2554 sunt.
3054 2499 3164 2553 Cur
3186 2501 3362 2569 itaque

70 2572 183 2623 hoc
222 2576 535 2631 vaticinium
563 2580 785 2653 itemque
806 2588 1031 2658 reliqua,
1064 2598 1314 2659 quotquot
1341 2590 1406 2644 de
1432 2590 1554 2645 aliis
1580 2591 1723 2644 dicta
1750 2608 1781 2644 a
1804 2590 2068 2659 prophetis
2117 2599 2259 2657 sunt,
2285 2590 2347 2644 de
2369 2588 2569 2645 Christi
2598 2590 2811 2645 Domini
2836 2592 3199 2645 incarnatione
3221 2588 3361 2642 beati

72 2665 323 2725 apostoli
350 2668 718 2739 intellexerint,
736 2676 870 2731 hanc
896 2680 1083 2734 merito
1103 2698 1263 2749 quam
1289 2683 1520 2737 diximus
1543 2700 1761 2737 causam
1780 2684 1986 2738 credere
2015 2683 2151 2737 licet.
2185 2681 2274 2737 Sic
2303 2684 2439 2736 enim
2468 2691 2516 2737 et
2548 2686 2885 2754 antiquarum
2915 2700 3090 2738 rerum
3135 2681 3360 2734 historia

74 2755 307 2809 minime
335 2759 462 2827 [icta
496 2776 727 2835 apparet,
753 2780 802 2822 et
832 2767 1141 2838 magnitudo
1168 2773 1507 2837 prtesentium
1536 2788 1601 2825 ea:
1626 2772 1845 2825 illarum
1874 2771 2269 2840 comparatione
2292 2772 2460 2840 magis
2487 2774 2826 2841 coarguitur;
2861 2782 3014 2842 atque
3042 2769 3173 2824 illud
3207 2769 3362 2821 undi-

73 2864 185 2915 que
222 2864 468 2919 apparet,
503 2874 584 2911 res
614 2861 864 2915 nimirum
895 2862 1076 2916 veteris
1102 2863 1229 2932 legis
1264 2863 1333 2916 ad
1367 2863 1505 2919 Novi
1537 2866 1861 2919 Testamenti
1890 2876 2102 2919 eventus
2126 2864 2357 2933 referri:
2395 2864 2525 2919 adeo
2558 2874 2731 2919 tamen
2759 2868 2941 2936 priora
2978 2864 3361 2935 posterioribus

75 2943 294 3005 .cdere.
323 2960 581 3016 quantum
614 2971 828 3023 corpore
856 2956 1097 3008 umbram
1126 2956 1438 3011 deteriorem
1471 2976 1581 3012 esse
1604 2975 1700 3028 par
1732 2970 1830 3020 est,
1860 2959 1959 3012 etsi
1985 2958 2053 3010 ad
2102 2957 2197 3011 hoc
2231 2956 2495 3026 quadrare
2526 2958 2749 3014 videtur.
2789 2960 3066 3015 Hactenus
3108 2959 3359 3013 Theodo-

78 3052 221 3102 rus;
257 3041 345 3092 cui
392 3043 776 3111 astipulantem
807 3050 949 3105 dabo
976 3050 1256 3117 Ruﬁnum,
1294 3054 1386 3123 qui
1423 3055 1475 3107 in
1522 3054 1916 3109 Commentario
1956 3054 2025 3107 ad
2058 3052 2208 3108 Osere
2240 3054 2395 3107 verba
2424 3069 2545 3121 cap.
2579 3071 2654 3123 ιι,
2692 3059 2744 3122 I,
2782 3056 2865 3110 Ea:
2907 3055 3140 3127 Afgypto
3185 3054 3361 3107 vocavi

79 3128 299 3183 Filium
338 3150 530 3200 meum,
561 3140 640 3194 sic
667 3142 895 3198 scribit:
926 3145 1077 3211 Quod
1111 3148 1174 3201 de
1211 3149 1404 3217 populo
1444 3148 1641 3201 dictum
1688 3167 1798 3203 esse
1832 3149 2117 3218 prophetia:
2151 3157 2323 3201 textus
2368 3147 2617 3213 ostendit,
2659 3149 2753 3202 hoc
2784 3151 2943 3201 etiam
2973 3148 3041 3201 ad
3080 3163 3359 3217 personam

76 3221 311 3275 homini
346 3230 514 3280 nostri
548 3229 679 3284 Jesu
708 3232 907 3289 Christi
932 3254 1084 3306 posse
1127 3240 1435 3309 transferri,
1467 3239 1763 3307 apostolica
1797 3242 2109 3294 monstravit
2158 3240 2484 3302 auctoritas;
2524 3255 2614 3306 per
2663 3256 2812 3307 quem
2860 3240 3096 3294 videlicet
3135 3256 3196 3293 ea
3243 3255 3360 3309 quin

75 3315 297 3372 Judaais
338 3321 467 3375 data
497 3335 647 3380 erant
672 3326 865 3384 divinis
918 3334 1131 3401 pietatis
1172 3320 1427 3405 insignia,
1480 3344 1529 3388 et
1565 3335 1890 3387 cumulatius
1928 3336 2077 3388 nobis
2115 3334 2481 3402 conferrentur
2518 3344 2565 3387 et
2592 3333 2818 3403 gratius.
2851 3330 2924 3384 Ne
2976 3330 3107 3384 illud
3137 3347 3359 3400 quoque

82 3425 204 3461 non
243 3410 535 3467 dicendurm
574 3427 677 3482 est,
728 3422 872 3489 quod
914 3424 1306 3493 prophetarum
1345 3424 1480 3478 ordo
1517 3426 1661 3495 apud
1697 3424 2047 3479 Theodorum
2086 3426 2340 3480 diversus
2371 3441 2400 3478 a
2433 3424 2712 3477 communi
2761 3424 2813 3475 in
2847 3423 3054 3477 Graecis
3099 3422 3358 3477 editioni-

80 3505 193 3560 bus
228 3515 336 3570 est,
374 3508 450 3563 illi
490 3527 619 3565 vero
652 3515 953 3572 conformis
985 3534 1146 3588 quem
1191 3518 1384 3573 Latina
1424 3520 1642 3589 vulgata
1692 3520 1912 3572 retinet.
1947 3517 2020 3570 Ea
2058 3534 2221 3587 porro
2258 3518 2658 3572 versiculorum
2693 3514 3002 3577 distinetio,
3029 3529 3193 3584 quam
3227 3529 3360 3568 neo-

79 3602 247 3655 terici
283 3604 631 3672 invexerunt,
671 3626 948 3681 quamque
976 3612 1089 3683 jam
1140 3621 1357 3668 mutare
1403 3614 1472 3668 ob
1505 3614 1890 3684 pervulgatum
1944 3629 2104 3667 usum
2140 3629 2251 3667 non
2284 3613 2525 3683 expedit,
2580 3611 2818 3665 absurda
2864 3626 3006 3680 saepe
3052 3619 3106 3665 et
3158 3618 3351 3664 contra

79 3696 363 3751 crationis
398 3702 725 3756 sententiam
776 3705 1174 3775 cognoscitur:
1214 3705 1359 3776 quod
1394 3706 1589 3759 vitium
1632 3706 1686 3758 in
1721 3705 2023 3775 majoribus
2063 3720 2282 3775 quoque
2319 3706 2686 3775 capitulorum
2732 3704 3071 3759 sectionibus
3105 3704 3356 3775 quando-

82 3806 195 3859 que
223 3791 527 3847 admissum
560 3796 847 3866 videmus;
878 3814 997 3869 qua:
1026 3801 1207 3854 omnia
1246 3800 1520 3855 Theodori
1568 3816 1772 3863 sermo,
1804 3800 1897 3871 qui
1934 3801 2168 3856 diversis
2202 3802 2375 3855 utitur
2407 3800 2614 3870 pausis,
2664 3799 2940 3853 emendat.
2975 3799 3157 3869 Atque
3209 3798 3350 3852 hanc

84 3883 337 3952 capitum
369 3882 694 3941 divisionem
730 3890 1043 3945 inconsulte
1073 3890 1367 3945 admodum
1402 3890 1603 3946 factam
1635 3891 1692 3945 in
1717 3891 2002 3946 Ciceronis
2030 3906 2250 3961 quoque
2278 3890 3074 3957 orationibus,demonstrasse
3112 3904 3197 3943 me
3227 3890 3357 3945 olim

85 3981 339 4044 memini,
365 3996 488 4036 cum
517 3982 871 4039 Verrinarum
912 3996 1096 4057 partes
1131 4002 1199 4041 ex
1235 3986 1624 4058 antiquissimo
1655 3985 1933 4041 Vaticana:
1964 3986 2313 4041 bibliothecae
2360 3986 2716 4056 palimpsesto
2763 3986 2999 4041 ederem.
3031 3983 3139 4040 Sed
3177 3995 3360 4041 tamen

85 4076 417 4135 Theodorus
449 4098 556 4136 non
594 4082 800 4142 idcirco
829 4088 989 4143 aliter
1021 4099 1339 4144 contextum
1374 4089 1636 4144 biblicum
1668 4087 2167 4144 discriminandum
2194 4088 2561 4151 demonstrat,
2594 4088 2740 4157 quod
2774 4087 2890 4157 ipse
2923 4087 3089 4141 ullam
3114 4087 3358 4156 capitum

86 4174 604 4245 versiculorumque
636 4180 933 4235 sectionem
978 4180 1180 4247 faciat;
1219 4188 1303 4235 est
1344 4183 1492 4236 enim
1533 4182 1588 4235 in
1624 4179 1815 4235 codice
1856 4181 2121 4235 continua
2160 4180 2433 4250 scriptura
2471 4180 2596 4247 (etsi
2631 4195 2731 4250 ego
2781 4180 2836 4232 in
2870 4178 3112 4234 editione
3156 4178 3361 4234 discri-

89 4270 355 4341 miuavi);
386 4274 482 4327 sed
513 4275 639 4344 quia
668 4275 797 4331 dum
828 4278 988 4331 aliter
1017 4277 1301 4331 exorditur
1330 4278 1660 4341 orationem,
1702 4280 1945 4349 itemque
1975 4278 2135 4333 aliter
2176 4277 2405 4338 claudit,
2438 4293 2599 4347 quam
2642 4275 2909 4347 Vulgatus
2940 4282 3123 4332 textus
3152 4291 3264 4347 prae
3299 4294 3360 4332 se

88 4366 221 4429 lert,
257 4366 535 4423 diversam
570 4371 996 4441 respiratiouum
1027 4372 1448 4440 sectionumque
1479 4372 1748 4425 rationem
1780 4387 1839 4427 se
1865 4371 2156 4442 agnovisse
2187 4370 2548 4426 demonstrat.

160 4458 298 4513 VIII.
343 4458 601 4530 Superest
650 4470 707 4517 ut
747 4462 1115 4529 Theodorum,
1144 4471 1414 4533 quatenus
1450 4478 1481 4517 a
1523 4474 1673 4517 recto
1714 4465 1933 4518 tramite
1980 4463 2196 4516 videtur
2227 4461 2536 4526 deﬂectere,
2578 4444 2984 4531 coarguamus;
3024 4460 3171 4515 haud
3203 4462 3354 4518 illius

86 4559 314 4628 quidem
342 4558 593 4613 diatribae
625 4574 780 4614 more
815 4575 937 4629 quae
983 4561 1128 4615 inter
1186 4561 1390 4630 scripta
1437 4559 1817 4631 Chrysostomi
1871 4560 1936 4614 ad
1981 4558 2327 4614 Theodorum
2368 4559 2575 4629 lapsum
2620 4560 2838 4630 legitur,
2886 4559 2979 4614 sed
3018 4560 3126 4615 leni
3176 4559 3359 4629 potius

88 4652 467 4708 admonitione
495 4653 786 4724 legentium
818 4663 878 4707 ut
899 4655 1260 4723 periculosam
1296 4656 1625 4725 quandoque
1662 4657 1837 4726 ipsius
1868 4655 2169 4727 ἑρμηνείαν
2204 4660 2455 4709 caveant.
2491 4655 2585 4709 Est
2610 4656 2754 4708 enim
2785 4655 3055 4723 peculiare
3082 4653 3357 4711 Theodori

87 4745 425 4810 institutum,
467 4754 526 4800 ut
560 4746 851 4817 prophetas
898 4746 1163 4802 historice
1201 4746 1455 4818 explicet,
1494 4747 1547 4801 id
1592 4756 1675 4803 est
1726 4757 1785 4801 ut
1831 4748 1938 4801 vim
1978 4748 2183 4817 passim
2233 4746 2611 4799 vaticiniorum
2663 4747 2730 4800 de
2782 4745 2991 4803 Veteris
3020 4746 3354 4803 Testamenti

87 4842 256 4896 rebus
286 4840 711 4909 hominibusque
735 4840 1003 4911 intelligat
1033 4856 1096 4895 ac
1132 4841 1523 4911 interpretetur
1551 4860 1563 4895 :
1599 4842 1838 4911 atquein
1872 4841 1960 4895 his
1987 4840 2309 4894 nominatim
2343 4839 2650 4894 minoribus
2674 4840 2953 4909 prophetis
2984 4842 3355 4911 captivitatem

90 4950 308 5001 semper
332 4949 397 4987 ac
428 4933 824 5004 postliminium
857 4932 1166 4989 Iudaeorum
1201 4949 1311 5004 prae
1354 4934 1532 4989 oculis
1577 4934 1771 5001 habet;
1813 4935 1869 4989 in
1913 4934 2131 4989 duobus
2167 4939 2349 4988 autem
2395 4932 2710 5003 postremis,
2757 4932 3023 4988 Zacharia
3063 4933 3275 4990 scilicet
3304 4944 3358 4990 et

91 5026 383 5088 Malacliia,
415 5033 662 5095 tempora
690 5041 908 5096 quoque
944 5025 1380 5081 Machabaaorum
1429 5026 1707 5099 agnoscit;
1745 5027 1813 5081 ad
1842 5026 2124 5080 Christum
2154 5032 2335 5078 autem
2372 5025 2604 5093 ejusque
2651 5023 2951 5079 Ecclesiam
2985 5028 3210 5082 nonnisi
3248 5027 3360 5085 fere

90 5132 312 5192 propter
338 5122 602 5175 veriorem
630 5121 1041 5191 plenioremque
1068 5120 1313 5188 ἔκϐασιν,
1355 5122 1411 5177 id
1442 5132 1528 5177 est
1568 5129 1828 5186 eventura,
1869 5118 2134 5174 vaticinia
2182 5116 2371 5179 refert,
2420 5126 2480 5171 ut
2527 5117 2582 5171 in
2626 5118 2849 5174 recitato
2879 5120 3128 5189 exemplo
3151 5135 3355 5191 cogno-

92 5217 289 5277 vimus,
325 5230 627 5285 rursusque
649 5215 715 5269 ad
749 5215 1027 5270 Michaeam
1071 5233 1124 5284 v,
1170 5216 1225 5281 2,
1264 5217 1355 5272 ubi
1399 5216 1465 5273 de
1514 5217 1973 5288 promissionibus
2009 5229 2041 5269 a
2075 5213 2185 5269 Deo
2212 5213 2398 5271 Davidi
2442 5212 2605 5269 factis
2655 5222 2842 5269 noster
2881 5214 3159 5285 disputat;
3196 5225 3251 5271 et
3290 5218 3356 5271 ad

93 5309 412 5365 Zachariam
445 5327 523 5375 ix,
555 5310 643 5377 I0,
670 5311 765 5366 ubi
795 5311 1112 5367 vaticinium
1144 5314 1288 5369 inter
1314 5312 1707 5371 Zorohabelem
1744 5322 1800 5368 et
1822 5313 2104 5368 Christum
2137 5310 2306 5365 dividi
2333 5325 2499 5381 posse
2519 5319 2705 5380 negat.
2744 5310 2907 5381 Atqui
2939 5311 3053 5367 haec
3081 5313 3225 5367 ratio
3248 5328 3357 5368 non

94 5406 363 5462 immerito
389 5407 597 5462 Graecis
635 5404 955 5479 Latinisque
982 5401 1238 5464 Patribus
1268 5410 1515 5481 ipsisque
1543 5411 1706 5465 etiam
1733 5408 1982 5465 conciliis
2006 5414 2266 5477 suspecta
2286 5412 2450 5475 atque
2494 5405 2798 5475 improbata
2836 5404 2939 5458 fuit
2978 5424 2992 5460 :
3047 5416 3175 5461 sunt
3208 5406 3355 5461 enim

95 5515 282 5569 reapse
313 5499 571 5555 vaticinia
603 5503 793 5563 multa,
834 5515 957 5571 qua:
988 5499 1267 5556 Christum
1298 5500 1481 5567 unice,
1527 5503 1746 5557 nemine
1794 5499 2141 5571 interposito,
2185 5501 2471 5567 spectant;
2522 5512 2701 5567 neque
2744 5499 3014 5555 Theodori
3056 5502 3356 5557 auctoritas

95 5597 238 5642 tanta
275 5597 383 5653 est,
417 5605 591 5659 neque
614 5591 733 5661 ejus
763 5610 992 5653 acumen
1022 5606 1129 5653 tam
1162 5599 1439 5666 singulare
1484 5598 1839 5662 credendum,
1878 5607 1937 5651 ut
1979 5595 2125 5666 quod
2162 5596 2252 5649 alii
2292 5592 2505 5657 Patres,
2552 5596 2689 5651 tales
2733 5598 2977 5669 tantique
3009 5598 3133 5659 viri.
3180 5598 3355 5654 subli-

99 5683 262 5738 miore
293 5684 387 5737 illo
417 5689 794 5746 tantummodo
829 5707 994 5748 sensu
1027 5693 1345 5762 praedictum
1392 5703 1652 5764 putarunt
1696 5710 1761 5750 ac
1802 5695 2132 5758 docuerunt,
2177 5690 2307 5745 huic
2360 5689 2627 5746 arbitratu
2672 5704 2771 5743 suo
2803 5688 2870 5744 de
2915 5689 3079 5745 rebus
3116 5691 3353 5760 primum

166 5823 186 5859 ⁸
221 5822 363 5881 PSal.
393 5841 481 5881 ΣΥ.
520 5824 603 5880 10.
