3804 6222
299 172 372 228 99

1569 163 1661 218 EX
1693 158 1944 217 LEONIS
1981 159 2256 216 ALLATII

3455 159 3562 215 130

304 283 460 355 ὑμῶν
524 280 758 352 δύναμαι
784 279 1181 344 ἐπιλαθέσθαι;
1235 279 1427 350 Ὑμεῖς
1466 279 1590 348 ἐμοὶ
1615 279 1872 347 πατέρες,
1903 276 1924 331 l

2032 281 2209 325 Iterum
2232 270 2485 340 exemplis
2509 310 2525 335 ,
2556 278 2674 325 erat
2725 270 2866 327 enim
2895 270 3060 325 naria:
3086 285 3150 324 ac
3175 269 3590 326 multtelectio-a

305 377 463 446 ὑμεῖς
496 374 618 444 ἐμοὶ
647 374 780 443 ζωὴ,
806 373 962 443 ὑμεῖς
1003 373 1124 442 ἐμοὶ
1156 371 1526 441 εὑδοκίμησιςο
1560 368 1733 422 Unum
1765 383 1888 420 cor-

304 481 401 533 pus
425 481 628 528 sumus,
647 480 810 533 neque
841 470 998 532 caput
1021 479 1052 514 a
1075 477 1310 528 corpore,
1326 476 1488 529 neque
1511 475 1700 526 corpus
1733 475 1766 511 α
1798 474 1890 512 ca-

305 557 414 624 pite
437 563 734 623 separatur.
763 553 996 607 Etiamsi
1021 555 1137 606 loco
1167 551 1482 614 dividimur,
1499 549 1590 604 sed
1627 549 1891 601 charitate

308 646 707 715 conjungimur;
745 661 836 715 ego
876 661 909 697 a
935 644 1078 697 vobis
1115 659 1208 696 nec
1240 650 1410 696 morte
1441 640 1670 694 divellor
1706 655 1724 693 :
1767 655 1890 692 nam

309 739 608 804 etsicorpus
626 752 796 789 meum
825 737 1112 798 moriatur,
1137 735 1316 787 anima
1331 749 1445 786 mea
1459 733 1607 792 vivit,
1629 740 1678 785 et
1696 747 1895 784 memo-

310 831 447 882 riam
479 830 636 882 vestri
672 828 899 892 tenebit;
931 844 1020 881 vos
1065 826 1193 879 milii
1248 834 1447 894 patres.
1488 821 1764 888 Quomodo
1804 839 1893 876 ve-

314 931 485 975 strum
509 921 834 976 obliviscar?
874 918 975 974 Vos
1009 918 1137 971 mihi
1163 927 1358 985 patres,
1377 932 1464 969 ros
1483 915 1610 968 mihi
1643 915 1768 977 vita,
1803 929 1893 966 nos

317 1012 448 1065 mihi
514 1012 790 1080 gloriatio.
850 1010 982 1076 Qua
1033 1013 1160 1062 nata
1226 1005 1517 1060 cbaritatis
1566 1004 1897 1075 Chrysostm

317 1103 395 1156 mi
451 1117 580 1171 erga
631 1117 787 1165 suos,
848 1101 1013 1155 etiam
1071 1097 1352 1152 homiliam
1401 1097 1616 1151 tertiam
1652 1096 1710 1163 ip
1759 1095 1897 1150 Acta

317 1191 678 1261 apostolorum
715 1190 1028 1260 insignitam
1067 1189 1333 1244 invenies.

390 1283 592 1337 Parum
623 1282 825 1353 oppido
859 1281 1064 1336 Savilio
1093 1289 1235 1343 erat,
1296 1287 1356 1334 ut
1416 1277 1690 1349 frigidulis
1745 1275 1899 1331 hisce

323 1373 636 1428 rationibus
681 1371 955 1426 Theodori
1008 1371 1296 1440 epistolam
1325 1368 1660 1424 Calvinianis
1689 1367 1896 1422 Luthe-

322 1463 590 1532 ranisque
621 1461 907 1517 adversam
938 1461 1278 1521 exsibilaret,
1318 1459 1429 1514 nisi
1467 1459 1616 1513 aliud
1649 1458 1898 1528 ejusdem

323 1551 578 1621 putidum
607 1550 1029 1614 munimentum,
1050 1550 1165 1605 suis
1190 1549 1380 1604 favens
1415 1549 1688 1612 sectariis,
1736 1549 1900 1604 veluti

1993 364 2098 425 nis,
2119 363 2178 431 in
2207 362 2386 416 urbem
2406 378 2641 416 reversus
2661 371 2758 416 est.
2785 360 3001 415 Nullam
3024 360 3115 416 hic
3134 360 3437 416 orationem
3472 361 3573 416 So—

1993 466 2254 505 zomenus
2299 459 2569 506 memorat
2611 467 2642 505 a
2688 450 2977 506 Theodoro
3035 451 3418 521 compositam,
3473 451 3571 505 sed

1992 546 2202 591 tantum
2231 539 2412 592 innuit
2437 539 2681 594 rationes
2722 539 2935 608 aliquas
2975 540 3045 594 ab
3075 554 3142 593 eo
3177 541 3324 594 inter
3363 554 3572 595 consu-

1994 627 2238 693 lendutn,
2263 627 2437 698 deque
2466 643 2566 682 suo
2601 628 2853 684 discessu
2903 645 3029 683 cum
3072 628 3389 684 monasterii
3433 644 3575 698 pra:-

1995 716 2142 771 fecm
2206 719 2497 772 statuendo
2555 718 2694 773 forte
2741 719 3024 775 adductas.
3054 719 3187 785 Quae
3235 735 3364 772 num
3403 720 3573 773 etiam

1995 809 2063 862 ab
2089 824 2155 863 eo
2187 810 2438 864 adductae
2483 809 2708 875 fuerint,
2755 820 2907 865 certo
2941 826 3000 864 se
3045 811 3192 866 scire
3233 812 3577 865 Sozomenus

1996 907 2185 970 aperte
2209 907 2394 970 negat,
2440 901 2533 956 sed
2563 899 2824 954 credibile
2853 899 2907 953 id
2933 913 3056 954 esse
3087 899 3183 965 ait,
3277 892 3367 951 οἷα
3403 897 3578 962 εἰκός,

2001 999 2167 1061 atque
2219 992 2527 1062 probabile,
2569 1000 2624 1045 et
2669 991 2999 1045 verosimile.
3049 989 3129 1043 En
3163 989 3262 1042 tibi
3309 987 3576 1044 Savilium

1997 1083 2158 1152 plane
2189 1082 2477 1151 pueriliter
2517 1080 2830 1150 deceptum.
2877 1082 2939 1133 ln
2989 1077 3296 1132 Sozomeno
3322 1092 3426 1133 nos
3467 1076 3580 1131 alio

1998 1189 2065 1229 ex
2100 1174 2279 1243 capite
2311 1173 2472 1228 ﬁdem
2504 1172 2926 1236 desideramus;
2955 1186 3082 1225 nam
3113 1169 3408 1225 Theodoro
3443 1169 3576 1240 plus

1997 1281 2154 1335 aequo
2186 1265 2460 1330 addictus,
2517 1265 2573 1319 in
2636 1265 2758 1334 ejus
2803 1265 2993 1335 lapsus
3027 1265 3345 1318 narratione
3389 1262 3580 1316 fucum

1997 1357 2219 1411 veritati
2255 1355 2454 1411 fecisse
2488 1355 2732 1410 videtur.
2795 1355 2852 1409 ld
2906 1355 3075 1425 igitur
3121 1352 3580 1408 animadverten-

2001 1449 2130 1503 dum
2177 1449 2269 1503 llic
2310 1456 2417 1511 est,
2479 1463 2591 1502 non
2651 1447 2830 1501 solum
2879 1445 3180 1501 Iustiniani
3238 1443 3584 1513 temporibus

2007 1540 2182 1595 fuisse
2234 1538 2508 1594 Theodori
2569 1539 2870 1600 studiosos,
2935 1539 3028 1608 qui
3074 1538 3196 1606 ejus
3256 1537 3469 1606 lapsum
3530 1546 3586 1588 ct

325 1643 393 1695 ab
421 1656 524 1696 ovo
544 1640 874 1705 excitasset;
908 1655 1032 1692 nam
1072 1640 1149 1692 ait
1186 1655 1250 1694 ex
1285 1638 1546 1693 Vaticana
1571 1639 1902 1694 bibliotheca
1932 1610 1974 1664 Β
2006 1631 2245 1686 haereses
2281 1631 2626 1702 ὑποκορίσαι,
2663 1637 2716 1684 ει
2747 1630 3018 1683 mitiorem
3057 1630 3112 1682 in
3148 1637 3359 1698 partem
3407 1627 3590 1680 inter-

325 1730 711 1800 depromptum
738 1727 1012 1782 Theodori
1059 1729 1467 1799 Ἆντίγῖραμμα,
1514 1729 1561 1781 si
1601 1729 1902 1798 legitimum

325 1829 432 1884 est,
461 1829 516 1875 et
549 1837 657 1874 non
685 1820 959 1889 spurium,
992 1818 1151 1888 plane
1173 1819 1451 1874 diversum
1487 1834 1612 1874 esse
1667 1820 1736 1874 ab
1768 1833 1894 1872 ora-

329 1913 477 1966 tione
505 1926 535 1964 a
567 1910 874 1965 Sozomeno
917 1917 1246 1973 memorata,
1278 1924 1440 1979 quam
1477 1909 1695 1964 videtur
1728 1909 1908 1964 Theo.

329 2002 500 2058 dorus
521 2017 550 2055 a
580 2001 973 2071 Chrysostomo
1007 2000 1238 2054 minime
1263 2006 1625 2069 provocatus,
1671 2000 1752 2054 vel
1781 2007 1909 2053 ante

331 2090 594 2154 reditum,
625 2090 708 2145 vel
732 2088 786 2142 in
815 2087 935 2158 ipso
968 2087 1144 2142 reditu
1176 2087 1245 2140 ab
1267 2101 1450 2142 eremo
1486 2088 1540 2140 in
1569 2087 1651 2142 sui
1676 2101 1910 2141 excusa-

333 2181 535 2234 tionem
567 2179 890 2233 adornasse.
915 2178 1175 2243 Quaenam
1209 2178 1399 2232 isthaec
1431 2175 1705 2232 Theodori
1732 2178 1910 2231 oratio

333 2278 436 2335 est,
463 2285 625 2340 quam
657 2269 888 2339 quiesito
921 2280 1149 2324 auctore
1189 2268 1492 2324 Sozomeno
1514 2269 1618 2324 sibi
1636 2269 1790 2339 ﬁngit
1813 2267 1912 2322 Sa-

334 2363 497 2418 vilius
519 2362 543 2398 9
574 2362 785 2417 Acutus
827 2375 962 2416 sane
1009 2361 1200 2414 homo!
1231 2360 1301 2416 Ut
1326 2360 1539 2414 audivit
1565 2359 1912 2415 Theodorum

336 2453 666 2506 monacham
698 2451 1107 2506 excucullatum
1141 2450 1328 2505 nescio
1367 2450 1499 2520 quid
1532 2450 1587 2504 in
1625 2451 1709 2505 sui
1749 2465 1918 2505 excu-

337 2543 609 2598 sationem
659 2542 934 2603 attulisse.
988 2541 1172 2595 statim
1221 2541 1494 2612 egregiam
1543 2541 1779 2610 aliquam
1832 2541 1919 2594 lu-

338 2629 816 2685 cubratiunculam
863 2628 1232 2683 subodoratus
1275 2637 1381 2692 est,
1426 2629 1502 2682 ita
1559 2629 1722 2699 plane
1765 2628 1918 2684 ador-

341 2729 553 2785 natam,
580 2729 642 2774 ιιι
664 2719 894 2774 decebat
929 2719 1261 2773 monachum
1288 2718 1650 2784 desertorem,
1693 2719 1803 2774 Deo
1829 2721 1918 2775 cui

350 2827 412 2868 se
486 2810 783 2866 devoverat
845 2808 1278 2874 renuntiantem,
1333 2809 1576 2864 castitati
1637 2819 1691 2863 et
1739 2812 1920 2863 conti-

2008 1723 2214 1790 pretari
2269 1728 2633 1784 conarentur,
2698 1728 2757 1773 ut
2817 1718 3112 1774 Facundus
3171 1717 3590 1772 llermianensis

2007 1814 2304 1882 epiSCOpus
2344 1812 2400 1865 in
2449 1811 2736 1866 duodecim
2776 1810 2932 1864 libris
2977 1809 3054 1863 De
3084 1809 3256 1862 tribus
3313 1807 3586 1877 capitulis,

2008 1901 2249 1958 Basilius
2306 1902 2471 1965 Cilix,
2529 1901 2812 1965 Leontius,
2864 1909 2918 1954 et
2950 1900 3077 1965 alii;
3121 1899 3217 1954 sed
3257 1899 3378 1968 ejus
3422 1898 3590 1952 etiam

2007 1994 2247 2063 mquales
2277 2002 2330 2047 et
2364 1993 2708 2063 synchronos
2739 1993 2843 2045 hoc
2871 1991 3013 2045 idem
3043 2004 3259 2044 summo
3287 1989 3472 2044 studio
3491 2004 3592 2043 cu-

2011 2102 2190 2143 rasse.
2219 2084 2356 2139 Nam
2403 2084 2782 2140 Thcodorelus
2834 2084 2890 2136 in
2936 2082 3189 2151 epistolis
3228 2080 3306 2150 (a)
3335 2079 3590 2136 alﬁrmat.

2014 2178 2308 2247 scripsisse
2331 2192 2389 2232 se
2414 2175 2590 2246 βίὸλον
2608 2176 2747 2246 ὑπὲρ
2764 2172 3028 2242 Διοδώρου
3053 2173 3146 2226 καὶ
3161 2171 3458 2242 Θεοδώρου,
3483 2163 3596 2244 ὲνῇ

2013 2270 2110 2340 τὴν
2138 2268 2259 2322 κατ’
2291 2267 2468 2320 αὐτῶν
2495 2265 2868 2336 γεγενημένην
2897 2264 3112 2335 γραφὴν
3142 2262 3370 2325 διέλυεν,
3395 2262 3455 2314 οὐ
3487 2260 3600 2315 δεί-

2020 2379 2118 2424 σας
2153 2359 2259 2413 τῶν
2291 2357 2614 2429 κατηγόρων
2635 2357 2733 2426 τὴν
2762 2354 3078 2408 δυναστείαν
3096 2371 3108 2383 ·
3132 2351 3350 2406 Librum
3366 2367 3459 2420 pro
3473 2351 3600 2405 Dio-

2017 2451 2146 2505 doro
2177 2460 2226 2505 et
2257 2448 2555 2514 Theodoro,
2587 2449 2638 2500 in
2670 2463 2772 2517 quo
2802 2447 2987 2500 illatas
3028 2445 3102 2499 eis
3131 2444 3495 2497 accusationes
3519 2458 3599 2496 rs-

2021 2542 2251 2612 fellebat,
2279 2540 2409 2595 nihil
2443 2540 2634 2593 veritus
2663 2547 3036 2592 accusatorum
3075 2535 3386 2605 potentiam.
3428 2531 3593 2588 Hunc

2020 2633 2222 2687 librum
2252 2629 2434 2685 innuit
2462 2628 2812 2684 Justinianus
2839 2629 2895 2682 in
2924 2642 3038 2683 suze
3063 2625 3185 2681 lidei
3216 2624 3597 2696 professione:

2021 2721 2362 2794 Θεοδώρητος
2388 2723 2416 2775 ὁ
2447 2720 2672 2783 πολλοὺς
2701 2719 2842 2789 ὑπὲρ
2879 2716 3152 2790 Θεοδώρου
3194 2717 3385 2786 λόγους
3404 2732 3465 2769 τε
3507 2716 3603 2768 καὶ

2025 2813 2280 2875 ἐπαίνους
2331 2812 2611 2875 ἐκτείνας·
2657 2811 3014 2865 Theodoretus
3058 2810 3147 2881 qui
3188 2809 3382 2863 multos
3435 2806 3600 2863 libros

344 2900 545 2956 nentia:
572 2900 694 2954 vale
727 2897 953 2961 dicenti,
992 2897 1214 2966 nuptias
1247 2905 1302 2953 et
1327 2898 1601 2952 connubia
1628 2900 1922 2967 quwritan-
1951 2932 1994 2990 ο
2033 2919 2128 2971 pro
2164 2902 2434 2957 Theodoro
2468 2902 2702 2971 scripsit.
2758 2901 3038 2971 laudesque
3067 2902 3180 2972 ejus
3209 2901 3416 2970 copiose
3449 2899 3592 2954 cele-

342 3001 478 3048 tem.
521 2990 581 3046 Si
639 2989 918 3045 Theodori
982 2990 1288 3043 orationem
1341 3003 1404 3044 ea
1459 2992 1638 3058 capita
1684 2990 1922 3058 comple-

346 3088 586 3138 ctentem
619 3079 820 3134 alicubi
849 3077 902 3132 in
952 3077 1295 3132 bib|i0thecis
1323 3077 1561 3134 Savilius
1610 3079 1921 3147 reperisset,

348 3174 521 3229 multo
551 3172 814 3226 libentius
850 3172 905 3226 in
952 3172 1183 3241 gratiam
1233 3171 1597 3226 sectariorum
1637 3171 1923 3235 edidisset,

347 3280 510 3334 quam
541 3264 686 3318 hanc
718 3263 1026 3332 epistolam.
1059 3279 1182 3333 quae
1216 3264 1576 3319 monasticam
1610 3265 1814 3318 asserit
1845 3264 1927 3318 di-

349 3354 667 3424 sciplinam,
698 3353 971 3408 castitatis
997 3354 1432 3418 observantiam,
1456 3363 1580 3408 vota
1614 3353 1724 3409 Deo
1752 3369 1781 3408 a
1808 3369 1926 3408 mo-

349 3444 542 3500 nachis
585 3443 977 3513 nuncupanda,
1013 3452 1310 3514 sancteque
1336 3445 1617 3511 solvenda,
1674 3453 1929 3514 peccato-

351 3550 473 3590 rum
503 3534 988 3604 exhomologesim.
1021 3533 1360 3604 pcenitentite
1389 3536 1680 3605 lacrymas,
1733 3541 1790 3589 et
1812 3534 1930 3588 suf-

353 3627 653 3698 fragiorum
701 3625 1110 3689 efﬁcacitatem,
1172 3641 1336 3694 quam
1389 3626 1676 3695 epistolam
1712 3627 1786 3679 ita
1816 3633 1932 3680 sto-

354 3718 644 3772 macbatur
669 3724 724 3770 et
757 3724 1010 3780 nauseat,
1042 3728 1102 3771 ut
1131 3718 1202 3771 ob
1227 3717 1280 3770 id
1307 3717 1583 3787 frigidam,
1612 3718 1851 3789 ineptam
1875 3728 1931 3771 et

352 3806 642 3861 ridiculam
674 3820 793 3860 eam
830 3807 1086 3876 appellet.
1120 3807 1249 3870 Sed,
1269 3822 1476 3877 quazso,
1499 3807 1781 3864 videamus
1809 3823 1932 3878 quae

356 3895 524 3951 fuerit
557 3895 763 3949 Savilio
780 3909 952 3950 causa
985 3897 1297 3949 somniandi
1328 3896 1474 3950 illam
1511 3895 1781 3950 Theodori
1809 3911 1932 3950 ora-

357 3986 584 4039 tionem.
620 3983 808 4052 Neque
843 3983 988 4037 enim
1030 3981 1393 4044 Sozomenus,
1435 3999 1595 4052 quem
1630 3984 1785 4046 citat,
1830 3985 1933 4039 hoc

358 4077 481 4141 ait;
515 4081 646 4128 sunt
675 4074 877 4143 quippe
928 4073 1042 4126 haec
1087 4072 1206 4141 ejus
1260 4073 1426 4128 verba
1473 4074 1590 4141 (lib.
1648 4089 1767 4139 vln,
1833 4074 1928 4143 2):

373 4163 514 4218 Ἀλλ’
547 4159 702 4227 οὗτος
734 4164 830 4234 μὲν
860 4163 1021 4233 ἡνίκα
1053 4163 1153 4233 τὴν
1182 4162 1352 4234 ἀρχὴν
1381 4163 1597 4234 ὲνέτυχε
1623 4167 1736 4229 τοῖς
1769 4164 1934 4229 θείοις

2029 2991 2218 3045 bravit.
2259 2991 2315 3046 In
2352 2991 2557 3061 quibus
2578 3006 2743 3061 quam
2778 2991 3042 3062 praeclare
3068 2992 3134 3044 de
3159 2989 3450 3045 Theodoro
3471 3004 3604 3045 sen-

2027 3084 2183 3146 serit,
2209 3082 2390 3152 colligi
2423 3089 2620 3152 potest,
2646 3096 2771 3136 cum
2792 3098 2860 3137 ex
2887 3081 3008 3150 ejus
3038 3080 3308 3149 epistolis,
3335 3079 3428 3134 ubi
3448 3080 3608 3148 ἅγιον

2029 3184 2270 3228 sanctum
2298 3173 2452 3227 illum
2479 3173 2746 3236 nominat,
2789 3181 2905 3226 tum
2936 3173 3102 3228 etiam
3133 3188 3199 3227 ex
3261 3172 3457 3226 ultimo
3503 3169 3609 3224 Hi-

2031 3266 2212 3318 storia:
2241 3265 2361 3334 ejus
2383 3265 2753 3319 ecclesiastica:
2783 3264 2926 3318 libro
2954 3271 3007 3319 et
3039 3264 3235 3332 capite,
3278 3263 3368 3317 ubi
3397 3263 3612 3333 magnis

2030 3355 2183 3410 illum
2230 3355 2484 3410 laudibus
2545 3355 2777 3409 extollit.
2827 3353 2954 3408 Haec
2993 3353 3182 3410 eadem
3226 3354 3485 3408 nimirum
3539 3353 3615 3410 (ιθ

2029 3446 2319 3501 Theodoro
2369 3447 2637 3501 sentiebat
2675 3445 3035 3510 Sozomenus,
3084 3461 3258 3514 quare
3306 3446 3611 3500 vehemen-

2030 3546 2116 3591 ter
2168 3535 2302 3592 lides
2357 3536 2620 3592 historica
2658 3537 2897 3602 vacillat,
2933 3537 3025 3591 ubi
3081 3535 3349 3591 Theodori
3391 3535 3612 3605 lapsum

2032 3627 2106 3680 ita
2133 3626 2505 3696 prosequitur,
2546 3635 2604 3679 ut
2638 3627 2845 3680 nullum
2879 3627 3152 3696 intelligas
3185 3627 3390 3680 crimen
3436 3625 3490 3678 in
3518 3639 3610 3687 eo,

2031 3734 2194 3789 quem
2227 3719 2654 3788 Chrysostomus
2678 3718 2888 3772 centies
2933 3716 3348 3770 ἐκπεπτωκέναι
3383 3716 3609 3786 repetit.

2036 3809 2354 3872 Ἐκπτωσις
2389 3818 2570 3864 autem
2597 3809 2986 3864 ecclesiasticis
3011 3809 3375 3879 scriptoribus
3411 3815 3516 3869 est,
3551 3815 3615 3862 ut

2034 3899 2111 3952 ait
2145 3898 2420 3954 Caesarius
2469 3899 2630 3968 paulo
2675 3906 2802 3952 ante
2840 3898 3117 3962 laudatus,
3187 3897 3252 3951 Ἡ
3295 3895 3355 3961 ἐξ
3407 3896 3614 3969 ἀρετῆς

2033 3987 2126 4038 ἐπὶ
2177 3987 2238 4038 τὸ
2267 3988 2447 4056 χεῖρον
2487 3985 2863 4056 ὑπονόστησις,
2892 3987 2986 4040 καὶ
3018 3988 3051 4056 ἡ
3091 3988 3155 4038 ὲκ
3189 3984 3482 4056 παρθενίας
3516 3986 3612 4038 ἐπὶ

2034 4078 2288 4146 λαγνείαν
2313 4078 2493 4147 ὁρμή·
2535 4075 2667 4130 Cum
2710 4093 2743 4129 a
2772 4079 2962 4131 virtute
3004 4079 3073 4130 ad
3117 4077 3264 4138 vitia,
3301 4087 3350 4130 et
3390 4094 3424 4130 a
3459 4078 3618 4144 pudi-

2036 4170 2161 4222 citia
2224 4168 2293 4220 ad
2329 4168 2600 4220 luxuriam
2655 4167 2917 4221 receditur
2969 4185 3031 4221 ac
3075 4167 3362 4237 dif/luitur.
3427 4167 3616 4237 Neque

359 4261 571 4325 νόμοις,
629 4253 723 4305 καὶ
754 4253 920 4320 ἱεροῖς
950 4251 1204 4322 ἀνδράσιν
1227 4250 1522 4322 ὡμίλησεν,
1550 4253 1778 4323 ἐπῄνεσε
1807 4253 1924 4307 ταύ-

2051 4271 2180 4310 vero
2209 4255 2533 4310 Theodorus
2583 4263 2876 4325 antequam
2935 4257 3005 4311 ab
3042 4272 3225 4312 eremo
3277 4258 3614 4320 discederet,

360 4363 460 4417 την
482 4345 581 4415 τὴν
611 4342 832 4414 ἀγωγὴν
865 4342 960 4395 καὶ
992 4342 1238 4410 κατέγνω
1256 4341 1362 4395 τῶν
1389 4343 1641 4397 ἀστυκῶν
1660 4359 1674 4373 ·
1703 4346 1762 4398 οὐ
1787 4345 1940 4417 διήρ-

363 4454 490 4491 κεσε
514 4436 572 4488 δὲ
596 4435 696 4506 τὴν
729 4433 899 4505 αὐτὴν
927 4432 1234 4503 προθυμίαν
1259 4432 1417 4502 ἔχων.
1451 4434 1862 4505 Μεταμεληθεὶς
1883 4435 1940 4487 δὲ

367 4527 504 4598 πρὸς
531 4526 623 4580 τὸν
647 4524 912 4596 πρότερον
941 4523 1055 4593 βίον
1087 4523 1314 4582 εἵλκετο.
1343 4519 1430 4578 οἷα
1454 4525 1512 4578 δὲ
1540 4526 1705 4590 εἰκὸς,
1737 4528 1942 4580 ἐναντίη

362 4635 445 4681 οις
471 4618 648 4686 λόγοις
675 4617 958 4687 κοσμήσας
983 4615 1044 4669 τὸ
1069 4614 1504 4686 σπουδαζόμενον
1521 4619 1585 4670 ὲκ
1613 4617 1861 4672 παλαιῶν
1888 4620 1943 4671 ὑ-

367 4707 773 4778 ποδειγμάτων,
802 4703 870 4777 ἦν
895 4706 1005 4777 γὰρ
1031 4705 1359 4776 πολυῖστωρ,
1388 4707 1468 4769 εἰς
1495 4705 1593 4777 τὴν
1633 4707 1785 4760 πόλιν
1812 4709 1946 4762 ἐπα-

367 4799 564 4870 νῆλθεν
589 4817 602 4830 ·
630 4797 734 4850 Hic
770 4814 889 4852 vero
925 4797 1229 4852 Theodorus
1261 4797 1326 4849 ab
1354 4798 1507 4851 initio
1549 4797 1760 4866 quidem
1827 4815 1945 4852 cum

367 4893 425 4945 in
450 4905 633 4945 sacras
663 4889 798 4958 leges
842 4887 1136 4951 incidisset,
1196 4897 1245 4940 et
1279 4903 1398 4941 cum
1435 4888 1634 4942 sanctis
1669 4889 1795 4942 viris
1825 4905 1950 4943 con-

371 4989 697 5042 versaretur,
725 4978 821 5031 hoc
855 4980 971 5031 vita
1010 4995 1170 5048 genus
1207 4977 1554 5047 approbabat,
1600 4994 1663 5031 ac
1696 4980 1950 5034 sreculare

369 5070 697 5134 damnabat;
722 5069 811 5123 sed
837 5069 891 5122 in
929 5068 1108 5123 eodem
1143 5069 1238 5121 hoc
1265 5069 1534 5138 proposito
1557 5085 1658 5122 non
1691 5071 1941 5138 perstitit.

373 5162 478 5217 Sed
527 5171 700 5214 tamen
726 5159 1036 5228 paenitentia
1066 5158 1278 5222 ductus,
1306 5159 1375 5210 ad
1403 5159 1635 5226 priorem
1665 5160 1786 5213 vita:
1821 5177 1946 5213 con-

370 5253 696 5308 suetudinem
734 5260 994 5304 retractus
1029 5250 1151 5318 fuit,
1177 5260 1225 5304 et
1250 5249 1388 5320 quod
1414 5260 1490 5304 est
1516 5259 1944 5314 consentaneum,

371 5345 656 5399 contrariis
682 5342 1006 5414 argumentis
1045 5344 1372 5412 propositum
1411 5357 1567 5395 suum
1611 5358 1828 5409 ornans,
1884 5357 1948 5397 ea:

447 5533 545 5608 (a)_
564 5534 620 5589 In
656 5534 896 5608 editione
920 5536 1237 5608 Sirmondi,
1257 5539 1419 5606 epist.
1457 5537 1545 5601 16,
1569 5539 1935 5608 quem‘Theo-

374 5602 547 5660 doreti
565 5620 666 5676 pro
689 5605 977 5663 Theodoro
1011 5621 1075 5663 ac
1110 5602 1344 5663 Diodoro
1379 5602 1714 5664 librum'non
1745 5625 1935 5664 recen-

2043 4346 2116 4400 ita
2147 4352 2266 4398 erat
2302 4343 2451 4397 omni
2477 4353 2603 4397 voto
2627 4344 2862 4408 solutus,
2895 4352 2955 4397 ut
2981 4343 3183 4399 referre
3202 4346 3618 4414 pedem,retro-

2041 4451 2148 4506 que
2176 4435 2454 4505 respicere
2487 4443 2693 4504 posset.
2737 4433 2792 4488 In
2829 4442 3064 4488 mentem
3100 4435 3147 4489 ci
3187 4435 3617 4506 Chrysostomus

2043 4536 2264 4582 revocat
2291 4527 2390 4588 τὰς
2422 4525 2558 4597 πρὸς
2609 4525 2843 4595 Χριστὸν
2891 4525 3183 4593 συνθήκας,
3251 4543 3370 4580 cum
3403 4525 3618 4582 Christo

2044 4619 2323 4690 spirituale
2347 4618 2669 4688 eonjugium.
2724 4619 2844 4688 Ipse
2888 4633 3018 4672 vero
3054 4617 3375 4675 Theodorus
3425 4619 3482 4674 in
3513 4620 3618 4674 hac

2043 4711 2272 4782 epistola
2289 4729 2301 4764 τ
2321 4708 2584 4773 Εὕξασθε,
2601 4709 2771 4780 τίμιοι
2792 4709 3051 4778 Πατέρες,
3074 4709 3373 4780 μνησθῆναί
3394 4727 3496 4780 μου
3517 4711 3619 4780 τῆς

2046 4802 2216 4872 καλῆς
2259 4800 2579 4870 ὁμολογίας,
2612 4800 2680 4868 ἢν
2717 4797 3040 4868 ὡμολόγησα
3071 4797 3295 4852 ἐνώπιον
3323 4802 3418 4853 τοῦ
3455 4800 3615 4865 Θεοῦ,

2046 4895 2141 4948 καὶ
2167 4891 2413 4961 ἀγγέλων
2441 4892 2534 4944 καὶ
2574 4891 2910 4962 ἀνθρώπων·
2967 4890 3150 4954 Orate,
3183 4893 3464 4944 venerandi
3508 4891 3620 4946 Pa—

2051 4993 2177 5045 tres,
2203 4981 2368 5036 utilla
2394 4980 2521 5033 mihi
2541 4990 2660 5032 ante
2688 4980 2866 5033 oculos
2885 4990 3117 5034 versetur
3133 4979 3434 5049 promissio,
3461 4997 3622 5051 quam

2053 5088 2235 5128 coram
2273 5071 2378 5124 Deo
2405 5070 2482 5123 uel
2511 5069 2732 5138 angelis,
2752 5078 2802 5122 et
2831 5069 3128 5122 hominibus
3161 5068 3438 5137 spopondi.
3480 5069 3622 5136 Quid

2050 5180 2182 5234 ergo
2211 5162 2395 5218 subdit
2425 5161 2764 5217 Sozomenus
2791 5160 2859 5216 de
2890 5163 3118 5218 honesto
3149 5163 3413 5232 licitoque
3432 5167 3626 5219 matri-

2052 5257 2259 5318 monio,
2284 5255 2429 5324 quod
2446 5253 2766 5310 Theodorus
2793 5255 3182 5310 meditaretur?
3200 5255 3439 5310 Curnam
3459 5260 3620 5312 etiam

2054 5349 2232 5420 γάμον
2259 5347 2392 5401 illud
2422 5347 2711 5401 nominat?
2741 5345 2874 5400 Nam
2906 5346 3330 5417 Chrysostomus
3361 5349 3430 5401 ad
3461 5348 3626 5404 Theo-

2041 5550 2126 5610 εει
2158 5538 2458 5594 Garnerius
2483 5540 2706 5596 dissert.
2735 5537 2792 5602 (ἒ,
2834 5553 2954 5608 cap.
2997 5539 3029 5595 9
3067 5540 3210 5595 inter
3237 5553 3404 5610 opera
3445 5534 3624 5593 Theo-

2043 5609 2216 5664 doreti
2245 5610 2547 5680 deperdita.
