3804 6222
136 269 222 324 {Ol

1290 252 1604 309 DIATRIBA
1641 249 1731 308 DE
1769 245 2183 306 TIIEODORIS.

3275 231 3378 289 102

129 389 313 439 dorum
342 384 417 437 ita
446 378 638 436 scribit
672 396 685 430 :
720 374 932 444 Τίμιος,
961 372 1143 443 φησὶν,
1198 374 1230 425 ό
1258 370 1465 440 γάμος,
1513 369 1611 424 καὶ
1653 368 1692 436 ἡ
1724 388 1737 428 Α

1852 382 1899 419 ιο
1928 363 2136 433 scripto
2166 359 2422 416 inseruit.
2466 355 2765 412 Facundus
2799 366 2928 409 vero
2959 350 3081 420 ejus
3122 348 3373 420 epistolae

128 477 298 540 κοίτη
333 472 647 541 ἀμίαντος·
697 440 792 521 σοὶ⁷
817 465 874 518 δὲ
907 440 1090 516 obicit:
1140 462 1362 516 δυνατὸν
1406 460 1475 513 τὰ
1518 460 1702 513 δίκαια

1852 455 2119 509 :stimonio
2141 458 2295 521 urget
2316 449 2661 505 adversarios
2682 445 2953 501 Theodori
2970 440 3368 512 Mopsuesteni.

130 566 360 634 φυλάξαι
393 561 485 616 τοῦ
520 561 699 630 γάμου
723 575 737 589 ο
772 556 863 610 τὸν
887 554 997 626 γὰρ
1032 553 1336 624 ἐπουρανίῳ
1364 551 1703 620 συναφθέντα

131 660 366 731 νυμφίῳ,
390 656 576 711 τοῦτον
609 656 706 726 μὲν
732 653 911 717 ἐᾶσαι,
939 649 1156 717 γυναικὶ
1183 647 1239 701 δὲ
1265 645 1425 701 αὑτὸν
1451 645 1702 713 συνάψαι,

137 749 353 821 μοιχεία
378 747 438 799 τὸ
462 742 698 815 πρᾶγμά
725 745 840 795 ἐστι
860 758 871 771 ·
904 738 1006 793 κᾶν
1041 738 1301 809 μυριάκις
1339 735 1500 789 αὑτὸν
1531 734 1708 803 γάμον

134 844 339 911 καλῇς·
383 840 473 903 Αι,
505 837 699 905 inquis.
743 831 1063 888 honorabile
1086 829 1445 890 eonnubium,
1469 834 1522 881 et
1558 834 1709 879 torus

139 932 522 989 immaculatus
541 931 583 982 ¹.
622 927 733 980 Tibi
756 941 875 978 vero
894 922 1221 976 matrimonii
1234 921 1363 989 jura
1385 932 1711 987 nequaquam

139 1024 414 1078 convenire
450 1026 685 1087 possunt.
708 1014 768 1070 Si
786 1015 901 1082 quis
922 1013 1060 1066 enim
1078 1010 1275 1066 caelesti
1298 1026 1351 1065 se
1367 1025 1559 1078 sponso
1583 1024 1711 1061 con-

133 1117 354 1185 junqat,
379 1109 565 1165 deinde
597 1124 655 1161 eo
686 1105 960 1175 repudiato
986 1119 1039 1156 se
1061 1102 1271 1155 mulieri
1301 1100 1524 1169 copulet,
1557 1099 1714 1152 adul-

141 1208 335 1260 terium
357 1200 660 1263 committit,
681 1197 801 1249 licet
831 1193 966 1248 illud
995 1193 1315 1246 contentiose
1330 1191 1498 1245 decies
1523 1190 1714 1243 millies

144 1294 543 1350 matrimonium
564 1288 812 1357 appelles.
848 1284 1016 1354 Igitur
1050 1283 1143 1352 qui
1183 1281 1456 1337 Theodori
1502 1282 1715 1349 lapsum

150 1388 218 1440 ad
250 1386 520 1439 rationem
547 1379 797 1435 veritatis
832 1390 1093 1431 revocare
1135 1375 1288 1437 velit,
1336 1388 1505 1426 unum
1546 1372 1722 1441 Chry-

148 1486 454 1533 sostomum
486 1471 694 1534 audiat,
730 1482 955 1523 necesse
978 1473 1087 1530 est,
1120 1482 1189 1520 ex
1222 1480 1333 1535 quo
1365 1480 1478 1518 rem
1513 1464 1594 1519 sic
1619 1462 1720 1517 ha-

148 1569 297 1622 beat.
328 1562 651 1618 Theodorus
678 1575 785 1613 non
822 1558 916 1612 diu
951 1564 1241 1626 postquam
1271 1555 1489 1610 Christo
1520 1568 1718 1606 nomen

147 1660 397 1720 dederat,
457 1651 761 1723 φροντίζειν
790 1647 1126 1719 πραγμάτων
1158 1645 1428 1717 πατρῴων
1468 1645 1720 1715 cogitur;

147 1758 201 1803 et
236 1749 367 1802 dum
404 1744 547 1799 facta
576 1742 680 1797 sibi

149 1840 433 1910 praefecto,
467 1837 518 1890 in
556 1834 692 1887 urbe
740 1839 1018 1891 versatur,
1070 1829 1124 1882 in
1178 1837 1552 1882 transversum
1612 1826 1724 1897 agi-

149 1943 263 1992 tur.
294 1937 349 1985 et
379 1927 563 1982 carnis
580 1924 851 1981 illecebris
876 1922 1145 1981 irretitus,
1166 1918 1537 1981 Hermionem,
1558 1933 1723 1986 quam

153 2020 547 2077 ardentissime
592 2015 968 2076 adamaverat,
1021 2012 1182 2065 etiam
1220 2008 1572 2062 matrimonio
1622 2008 1727 2061 sibi

155 2113 495 2181 conjungere
520 2107 763 2177 parabat.
800 2104 898 2157 llic
925 2103 1136 2172 primus
1174 2100 1445 2156 Theodori
1467 2100 1579 2170 jam
1613 2116 1731 2154 mo-

157 2202 320 2257 nachi
348 2202 534 2269 lapsus
579 2199 634 2251 in
680 2196 909 2249 luxuriae
949 2208 1188 2255 ctenum,
1219 2200 1277 2244 ut
1308 2191 1733 2262 Chrysostomus

158 2299 278 2365 ipse
306 2300 481 2354 notat,
512 2291 609 2360 τῆς
633 2289 733 2359 σῆς
769 2288 947 2357 ψυχῆς
976 2287 1035 2338 τὸ
1063 2286 1276 2357 πρῶτον
1310 2285 1583 2355 πεσούσης
1597 2283 1736 2336 πτῶ-

163 2405 259 2455 μο..
293 2385 604 2450 Antequam
640 2378 843 2433 veroin
868 2390 1111 2429 eremum
1142 2374 1441 2431 secederet.
1463 2373 1735 2426 immerito

158 2474 415 2544 ejusdem
447 2471 587 2526 caeni
623 2476 674 2524 et
704 2467 1088 2537 impudicitaea
1122 2465 1326 2519 Savilio
1364 2464 1733 2525 insimulatur,

162 2569 255 2636 qui
282 2577 572 2636 perperam
622 2559 834 2629 accepit
883 2559 939 2611 in
988 2559 1186 2611 malam
1236 2565 1446 2626 partem
1490 2554 1622 2608 iilud
1661 2556 1740 2617 εἰς

165 2658 400 2728 μουσεῖα
427 2652 704 2721 φοιτῶντι,
741 2658 1008 2719 putatque
1058 2651 1284 2718 μουσεῖα
1334 2648 1503 2702 fuisse
1546 2646 1742 2700 Antio-

162 2749 309 2801 chia:
359 2747 477 2799 loca
530 2741 904 2811 voluptatibus
968 2747 1024 2793 et
1078 2739 1314 2793 lasciviae
1360 2738 1561 2803 dicata,
1624 2752 1746 2806 quae

164 2837 499 2892 Theodorus
530 2834 849 2887 adolescens
881 2831 1271 2900 frequentaret,
1300 2845 1422 2882 cum
1460 2829 1533 2882 ibi
1574 2828 1749 2900 Chry-

166 2939 454 2985 sostomus
489 2926 692 2979 usitato
743 2921 948 2975 Graecis
988 2919 1255 2973 vocabulo
1308 2918 1495 2972 ludum
1538 2919 1747 2973 littera-

166 3021 314 3072 rium
369 3016 629 3075 nominet,
683 3009 1145 3081 quemadmodum
1198 3009 1253 3061 in
1294 3009 1525 3078 epistola
1575 3010 1748 3077 prima

169 3110 332 3181 (edit.
380 3116 420 3160 t.
460 3105 502 3167 Ι,
559 3103 730 3173 p.28)
762 3100 829 3154 ad
881 3098 1118 3153 eumdem
1171 3098 1501 3152 Theodorum
1552 3100 1620 3153 de
1647 3098 1750 3153 Ur-

170 3201 300 3256 bani
336 3195 615 3251 thnicis
648 3194 759 3246 filio
785 3192 924 3246 idem
961 3204 1157 3246 nomen
1198 3190 1266 3244 ad
1297 3205 1408 3245 rem
1430 3191 1750 3244 litterariam

173 3289 594 3362 significandam
624 3284 834 3340 sumit:
871 3274 1037 3345 Οὗτος
1080 3282 1143 3335 τὸ
1183 3283 1280 3352 μὲν
1322 3280 1536 3352 πρῶτον
1581 3282 1754 3352 ὲρρῶ-

176 3384 301 3436 σθαι
323 3380 495 3434 πολλὰ
506 3381 625 3441 ταῖς
640 3378 817 3438 ἐντοῖς
838 3374 1109 3444 μουσείυις
1123 3373 1425 3445 διατριϐαῖς
1440 3371 1608 3426 εἰπών
1623 3390 1635 3402 ο
1654 3371 1756 3426 Hic

175 3476 417 3544 primum
445 3471 653 3542 quidem
691 3469 905 3537 longum
935 3466 1050 3520 uale
1078 3466 1256 3520 dicens
1281 3466 1577 3519 scolasticis
1617 3481 1759 3518 eaer-

180 3566 517 3629 citamentis,
552 3563 670 3618 suis
700 3561 895 3616 deinde
924 3560 1077 3613 visus
1125 3565 1209 3612 est
1236 3557 1466 3617 inutilis.
1501 3556 1759 3625 quoniam

181 3666 241 3711 ut
276 3657 465 3712 statim
498 3655 924 3723 Chrysostomus
952 3649 1102 3703 addit
1135 3666 1147 3701 :
1179 3647 1294 3718 Πρὸ
1332 3646 1480 3715 ὥρας
1504 3646 1611 3698 τῶν
1635 3646 1764 3715 περὶ

181 3750 317 3812 τοὺς
344 3747 537 3814 λόγους
578 3745 757 3797 πόνων
788 3742 1147 3812 ἀποπηδήσας
1183 3739 1349 3809 μηδὲν
1376 3737 1583 3791 ἐκεῖθεν
1631 3754 1764 3807 καρ-

186 3839 485 3894 πώσασθαι
511 3835 740 3905 ἐδυνήθη
760 3850 773 3863 ·
805 3833 1146 3901 Ρνιτρνορενε
1185 3831 1462 3883 litterariis
1498 3827 1765 3881 laboribus

187 3950 244 3988 se
285 3927 570 3991 subduxit,
628 3926 707 3978 ita
752 3933 810 3976 ut
840 3924 958 3975 inde
997 3921 1131 3974 nihil
1164 3919 1414 3973 utilitatis
1462 3918 1764 3985 perceperit.

191 4023 259 4077 Et
298 4024 357 4074 in
391 4018 651 4087 psalmum
677 4023 923 4082 quartum
958 4012 1115 4065 ευῦκ
1169 4011 1250 4072 εἰς
1303 4011 1553 4077 μουσεῖον
1609 4006 1771 4060 ἀπιέ-

190 4132 284 4168 ναι
311 4112 412 4173 δεῖ,
448 4108 567 4161 οὐδὲ
588 4104 970 4172 παιδαγωγοὺς
1001 4101 1270 4172 μισθῶσαι
1300 4100 1393 4153 κιιι)⁸
1425 4100 1659 4171 ῥήτορας
1681 4098 1773 4151 καὶ

196 4201 498 4272 σοφιστάς⁶
537 4197 716 4266 Neque
749 4211 878 4263 opus
905 4202 981 4246 est
1026 4192 1212 4244 ludum
1250 4191 1397 4245 adire
1428 4191 1770 4253 litterarium,

195 4309 365 4363 neque
396 4289 627 4344 mercede
654 4286 966 4356 pedagogos
988 4284 1295 4349 conducere,
1321 4299 1482 4353 neque
1510 4283 1775 4349 rhetoras,

1805 544 2067 607 Liberali,
2119 551 2172 595 et
2212 540 2457 597 Facundi
2500 537 2740 607 antiquis
2774 534 3078 598 codicibus,
3119 532 3259 585 bene
3289 543 3377 584 rec

1807 631 2076 702 spondent
2106 630 2355 685 Vaticani
2404 627 2757 699 epistolarum
2801 622 3179 694 Chrysostomi
3222 618 3379 674 codi-

1809 738 1901 777 ces
1937 720 2183 783 DCCXII,
2212 728 2267 773 et
2301 718 2583 774 MCXCIV.
2607 716 2951 772 Justinianus
2992 722 3171 767 autem
3204 712 3378 779 impe-

1811 824 1963 867 rator
2003 814 2057 866 in
2103 811 2304 865 Libello
2354 810 2702 877 confessionis
2754 806 2881 875 ﬁdei
2910 805 3128 858 unicam
3167 801 3384 855 videtur

1813 907 2009 976 legisse
2042 903 2420 974 Chrysostomi
2461 901 2528 955 ad
2555 896 2885 955 Theodorum
2920 893 3222 961 epistolam,
3262 904 3381 944 eam

1813 996 2072 1049 nimirum
2136 1008 2298 1063 quam
2354 993 2419 1047 ad
2468 1006 2592 1045 eum
2655 990 2865 1057 lapsum
2908 985 3162 1048 dederat;
3223 981 3383 1034 aliam

1817 1098 1967 1146 vero,
2022 1099 2144 1152 qua:
2192 1082 2438 1152 ejusdem
2476 1079 2665 1134 laudes
2699 1076 3028 1139 contineret,
3081 1089 3189 1127 non
3220 1085 3388 1141 agno-

1820 1189 1996 1229 scere.
2044 1174 2236 1228 Patrcs
2277 1181 2457 1226 autem
2514 1166 3107 1236 Constantinopolitani
3157 1161 3385 1217 secundi

1821 1263 2067 1327 concilii,
2099 1263 2227 1317 licet
2256 1276 2373 1317 eam
2408 1260 2807 1329 Chrysostomo
2828 1270 2938 1309 non
2981 1254 3257 1313 abdicem.
3285 1251 3389 1304 ali-

1822 1367 1904 1410 ter
1932 1364 2114 1410 tamen
2146 1355 2214 1409 de
2236 1355 2329 1408 illa
2351 1352 2621 1422 judicant,
2650 1365 2812 1420 quam
2844 1350 3086 1403 fautores
3115 1344 3389 1400 Theodori

1825 1446 2212 1517 Mopsuesteni.
2243 1444 2377 1498 Nam
2421 1442 2672 1512 inquiunt
2700 1460 2711 1493 :
2739 1439 2833 1493 Sin
2862 1448 3037 1491 autem
3057 1436 3250 1505 aliquis
3270 1448 3394 1486 cons

1824 1538 1977 1592 cedat
2036 1536 2105 1589 ad
2154 1538 2327 1605 ipsum
2380 1532 2710 1587 Theodorum
2757 1530 3009 1597 scriptam
3058 1543 3173 1580 eam
3210 1524 3395 1593 fuisse,

1824 1639 2025 1683 certum
2057 1638 2133 1682 est
2172 1630 2309 1697 quod
2337 1625 2595 1682 Joannes.
2636 1622 2725 1692 qui
2757 1637 2850 1689 per
2877 1629 3043 1672 totum
3073 1633 3227 1670 suum
3264 1632 3397 1683 pon-

715 1707 983 1808 ιθηιξειξέιι
1013 1707 1338 1791 facultate;
1398 1707 1723 1789 magster“
1758 1736 1795 1788 Β
1829 1718 2091 1785 tiﬁcatum
2123 1714 2357 1768 veritatis
2400 1711 2610 1766 verbum
2658 1718 2795 1763 recte
2836 1707 3108 1771 tractavit,
3148 1708 3397 1774 ignorans

1832 1806 1964 1860 tales
2000 1804 2351 1874 blaspltemias
2394 1800 2764 1866 conscripsisse
2815 1797 3166 1857 Theodorum,
3210 1792 3398 1860 hujus—

1832 1897 1975 1951 modi
2024 1895 2100 1948 ad
2150 1910 2267 1947 eum
2309 1893 2516 1945 litteras
2551 1887 2790 1942 dederat.
2841 1886 2946 1939 Alii
2989 1885 3128 1939 duos
3172 1888 3401 1936 narrant

1834 1984 2179 2046 Theodoros,
2224 1980 2484 2035 Ecclesia:
2530 1978 2925 2049 Mepsuestenze
2964 1973 3306 2044 praepositos,
3350 1978 3405 2024 et

1834 2077 1900 2130 ad
1953 2074 2313 2145 posteriorem
2370 2070 2544 2125 fuisse
2600 2071 2783 2123 datam
2847 2081 2964 2120 eam
3025 2060 3403 2134 Chrysostomi

1836 2168 2121 2235 epistolam
2148 2165 2359 2218 volunt.
2404 2161 2767 2230 Theophanes
2812 2159 2863 2212 in
2902 2154 3301 2224 chronologia:
3341 2153 3405 2203 'H

1838 2258 1893 2309 δὲ
1943 2254 2035 2307 τοῦ
2081 2252 2466 2323 Χρυσοστόμου
2531 2248 2784 2317 ἐπιστολὴ
2836 2249 2870 2316 ἡ
2924 2245 3072 2312 πρὸς
3112 2241 3411 2307 Θεόδωρον

1838 2343 2280 2414 Μοψοιιεστίας,
2336 2340 2454 2410 οὐχὶ
2508 2338 2644 2409 πρὸς
2682 2337 2775 2389 τὸν
2820 2334 3054 2405 πρῶτον,
3097 2329 3231 2384 ἀλλὰ
3274 2328 3412 2398 πρὸς

1840 2439 1931 2490 τὸν
1969 2436 2192 2505 ἔσχατον
2236 2432 2525 2501 γενόμενον
2558 2428 2705 2481 ἐστίν
2734 2444 2748 2459 σ
2779 2423 3139 2495 Chrysostomi
3190 2420 3415 2488 epistola

1845 2526 1912 2580 ad
1968 2524 2314 2578 Theodorum
2360 2519 2830 2589 MopSuestenum,
2891 2530 2993 2567 non
3042 2510 3112 2563 ad
3157 2510 3413 2563 seniorem

1845 2620 1957 2683 ejus
1992 2613 2243 2667 Ecclesia:
2280 2613 2600 2679 episcopum,
2631 2605 2722 2660 sed
2748 2604 2815 2656 ad
2831 2604 3096 2671 juniorem
3136 2600 3263 2652 data
3292 2597 3416 2665 fuit.

1765 2727 1769 2731 ’
1846 2705 2049 2760 Verum
2076 2712 2225 2757 errat
2252 2701 2616 2769 Theophanes
2650 2714 2663 2750 :
2699 2711 2824 2748 nam
2852 2692 3171 2747 Theodorus
3195 2687 3418 2750 Junior,

1850 2812 2047 2868 genere
2079 2794 2291 2855 Galata,
2326 2803 2639 2861 supremum
2679 2786 2822 2840 diem
2871 2786 2994 2837 vitae
3026 2783 3161 2851 egit,
3198 2787 3257 2834 ut
3299 2794 3414 2849 per-

1852 2890 2042 2960 Spicue
2091 2887 2393 2947 declarant,
2444 2888 2499 2935 et
2542 2893 2684 2948 sazpe
2729 2882 2987 2946 repetunt
3032 2880 3154 2927 acta
3199 2870 3426 2925 concilii

1856 2974 2250 3047 Mopsuesleni,
2268 2987 2412 3026 anno
2431 2966 2726 3023 Justiniani
2753 2963 3100 3034 imperatoris
3137 2960 3422 3021 vicesimo.

1778 3064 1823 3125 C
1855 3055 2062 3124 scilicet
2084 3062 2387 3118 centesimo
2404 3058 2824 3127 quadragesimo
2844 3062 2899 3110 et
2926 3053 3164 3123 amplius
3181 3052 3249 3106 ab
3271 3051 3427 3104 obitu

1852 3155 2079 3210 Joannis
2108 3150 2503 3221 Chrysostomi.
2538 3146 2725 3215 Neque
2754 3144 3010 3215 diptycha
3057 3143 3205 3196 illius
3239 3140 3429 3196 Eccle-

1856 3248 1951 3302 siae
1990 3246 2043 3300 in
2085 3243 2272 3299 eadem
2303 3239 2511 3312 synodo
2540 3240 2767 3293 recitata
2798 3237 2963 3289 alium
3003 3235 3206 3290 habent
3242 3232 3422 3287 Theo-

1856 3334 2049 3386 dorum
2078 3336 2203 3397 post
2249 3325 2650 3381 Antiochenum
2686 3326 2836 3377 illum
2885 3324 3122 3392 lapsum.
3163 3321 3269 3377 Sed
3290 3331 3430 3381 esto,

1861 3420 2026 3474 fuerit
2076 3418 2240 3479 alius,
2278 3415 2437 3483 cujus
2472 3429 2671 3468 nomen
2711 3427 2740 3464 a
2776 3412 2977 3465 tabulis
3022 3411 3131 3464 illis
3170 3410 3436 3463 ecclesia-

1861 3512 2014 3566 sticis
2064 3507 2355 3569 exciderit,
2403 3506 2450 3560 is
2499 3520 2629 3559 vero
2681 3502 2843 3557 etiam
2886 3503 2979 3556 vix
3014 3503 3119 3555 erit
3170 3500 3353 3554 statim
3403 3515 3433 3554 ει

1864 3602 2042 3669 lapso,
2094 3598 2165 3650 ita
2204 3603 2263 3649 ut
2314 3595 2457 3647 inter
2506 3608 2602 3647 eos
2652 3592 2836 3645 nullus
2873 3590 3251 3643 intercesserit
3298 3588 3439 3641 alius

1872 3688 2135 3742 Ecclesiae
2168 3685 2560 3753 Mopsuestense
2589 3681 2809 3750 prtesul,
2834 3688 2887 3733 et
2918 3679 2987 3733 de
3020 3680 3121 3731 hoc
3149 3676 3438 3745 Theopha-

1866 3794 1966 3833 nes
2012 3777 2306 3844 intelligat,
2341 3787 2411 3826 ne
2452 3772 2554 3825 hac
2584 3770 2804 3839 quidem
2837 3768 3048 3822 ratione
3094 3767 3260 3821 stabit
3296 3767 3443 3821 illius

1875 3868 2146 3924 sententia
2179 3883 2191 3919 :
2226 3879 2350 3918 nam
2388 3862 2818 3931 Chrysostomus
2874 3858 2930 3912 in
2980 3858 3176 3912 exsilio
3214 3858 3445 3910 moritur

1871 3957 2035 4013 etiam
2068 3964 2184 4008 tum
2231 3952 2533 4022 superstite
2576 3948 2864 4003 Theodoro
2894 3947 3236 4002 Antiocheno
3268 3948 3446 4016 lapso,

1884 4048 1979 4116 qui
2013 4048 2171 4115 longe
2203 4051 2323 4113 post
2357 4044 2460 4097 sub
2483 4040 2794 4095 Theodosio
2824 4038 3080 4102 .luniore,
3120 4046 3312 4093 exacto
3346 4037 3450 4093 Ec-

1875 4138 2055 4199 clesiae
2106 4136 2435 4206 praesulatus
2498 4140 2655 4188 sexto
2711 4139 2875 4199 atque
2931 4129 3214 4183 tricesimo
3269 4143 3448 4194 anno,

1878 4243 2037 4283 suum
2076 4227 2216 4280 diem
2249 4224 2404 4286 obiit,
2454 4230 2513 4275 ut
2545 4221 2737 4290 quinto
2767 4222 2975 4274 Histor.
3023 4220 3168 4273 libro
3207 4226 3454 4273 extremo

1880 4328 2069 4373 narrat
2102 4316 2497 4370 Theodoretus.
2540 4310 2653 4365 imo
2691 4326 2820 4365 vero
2852 4326 3028 4379 neque
3060 4310 3173 4363 haec
3202 4311 3452 4379 epistola,

199 4400 372 4478 “’1'”
408 4380 692 4478 semitatus“
744 4378 849 4431 sed
879 4391 945 4478 εἶθ
980 4391 1162 4478 mimis
1204 4389 1393 4478 effare
1440 4376 1678 4478 5:““5‘”
1712 4390 1777 4429 eo
1809 4381 1852 4435 θ
1880 4407 2008 4478 quia
2034 4401 2407 4474 (lhrysostomi
2439 4407 2543 4461 est,
2573 4406 2627 4452 et
2656 4401 2723 4450 ad
2766 4376 3097 4451 Theodorum
3130 4376 3458 4465 Mopsueste-

202 4478 259 4531 in
286 4477 411 4529 loco
446 4473 734 4532 debuerat,
765 4467 913 4539 quod
945 4467 1062 4523 voci
1094 4469 1319 4538 μουσεῖα.
1348 4467 1636 4537 conjunxit
1678 4482 1780 4521 au-

203 4575 335 4620 ctor
361 4564 582 4618 verbum
614 4561 825 4631 φοιτᾷν,
870 4557 1016 4628 quod
1042 4556 1215 4612 Graeci
1271 4558 1568 4627 scriptores
1604 4558 1681 4610 ita
1714 4572 1782 4610 ex

206 4672 319 4712 usu
343 4655 410 4708 ad
434 4655 617 4709 studia
646 4650 1077 4715 transtulerunt,
1104 4656 1164 4702 ut
1196 4648 1324 4704 inde
1347 4648 1650 4719 discipulos
1666 4664 1785 4716 φοι-

206 4749 379 4820 τητάς
407 4745 757 4817 appellarint.
784 4754 797 4761 "

288 4850 555 4921 Denique,
603 4863 672 4902 ne
711 4847 816 4900 hoc
857 4844 1024 4900 etiam
1068 4843 1501 4904 dissimulemus,
1544 4843 1793 4912 epistola:

213 4940 723 5012 Chrysostomianae
782 4935 927 4997 112,
988 4936 1130 4989 male
1192 4933 1434 4988 Savilius
1499 4934 1793 4995 inscribit,

215 5033 457 5102 Θεοδότῳ
504 5029 809 5097 ὲπισκόπῳ.
858 5024 1064 5094 Nempe
1106 5026 1341 5095 ignorat,
1390 5034 1595 5094 quanta
1633 5025 1796 5079 fuerit

216 5131 367 5183 inter
396 5124 587 5176 Patres
610 5122 677 5176 de
696 5120 790 5174 illa
816 5119 1051 5189 epistola
1091 5119 1464 5173 controversia
1498 5118 1600 5172 sub
1625 5116 1799 5173 Justi-

223 5219 392 5272 niano
446 5215 802 5283 imperatore,
864 5208 1350 5277 reponendumque
1398 5207 1625 5262 omnino
1674 5222 1799 5263 esse

222 5305 482 5376 θεοδώρῳ
509 5302 818 5371 ὲπισκόπῳ,
853 5301 1013 5371 isque
1046 5309 1133 5355 est
1164 5299 1584 5369 Mopsueslenus
1614 5300 1702 5353 hic
1733 5299 1801 5354 de

225 5412 338 5466 quo
366 5397 601 5465 agimus,
653 5401 715 5446 ut
769 5391 1040 5444 aliirmant
1080 5390 1373 5445 Liberatus
1415 5392 1805 5461 Carthaginen-

228 5488 309 5541 sis
333 5486 618 5547 iliaeonus,
652 5491 708 5536 et
736 5481 1029 5537 Faeundus
1054 5480 1465 5544 llermianensis
1497 5482 1592 5537 lib.
1626 5499 1723 5544 vn,
1750 5482 1802 5545 7,

230 5577 325 5648 qui
380 5576 646 5645 integram
691 5588 810 5628 eam
858 5573 1147 5643 epistolam
1196 5572 1485 5629 Latinitate
1542 5574 1798 5627 donatam

310 5715 322 5743 ¹
363 5711 533 5767 llcbr.
564 5726 681 5776 xm,
723 5710 776 5765 4.

1882 4512 2007 4551 num
2053 4494 2201 4557 data,
2239 4490 2442 4559 aliquid
2489 4488 2776 4558 suifragari
2822 4494 2998 4556 potest
3041 4486 3347 4541 fautoribus
3389 4488 3458 4540 il-

1884 4587 2030 4648 lius,
2096 4579 2242 4651 quod
2304 4577 2651 4633 Justinianus
2704 4576 2896 4628 timent
2949 4588 3013 4626 ac
3072 4571 3458 4640 TheOphanes.

1885 4676 2018 4729 Nam
2058 4682 2119 4725 ut
2152 4681 2355 4741 patres,
2387 4668 2480 4738 qui
2513 4667 2583 4721 ob
2631 4680 2853 4720 causam
2886 4664 3052 4717 trium
3095 4663 3463 4731 capitulorum

1887 4762 2356 4831 ConstantinOpoli
2398 4764 2788 4822 convenerant,
2840 4765 3001 4825 atque
3051 4755 3227 4817 alios,
3287 4756 3462 4809 latere

1889 4856 2067 4926 potuit
2094 4848 2669 4923 impietas-Theodori,
2699 4847 2779 4901 sic
2811 4844 3107 4914 aliquando
3135 4844 3495 4915 Chrysosto--

1893 4959 2041 4996 mum
2077 4936 2647 4994 honoriﬁcentioribus
2681 4934 2864 4988 verbis
2891 4933 2959 4987 de
2991 4933 3085 4987 illo
3116 4934 3467 4988 scribentem.

1893 5032 2056 5088 Certe
2102 5029 2261 5084 latuit
2311 5040 2558 5082 summos
2606 5025 2729 5093 ejus
2781 5024 3123 5093 tempestatis
3172 5024 3225 5077 in
3262 5024 3474 5076 oriente

1868 5170 1869 5173 η
1900 5122 2157 5175 doctores
2184 5126 2239 5173 et
2263 5116 2620 5171 ecclesiarum
2649 5112 2950 5175 antistites,
2984 5111 3297 5166 Nectarium
3324 5110 3472 5165 Con-

1905 5209 2477 5280 stantinopolitannm,
2497 5204 2859 5274 Theophilum
2880 5202 3335 5266 Alexandrinum,
3354 5201 3475 5257 Fim-

1905 5305 2128 5357 vianum
2162 5299 2587 5360 Antiochenum,
2618 5294 2940 5365 Gregorium
2981 5293 3309 5363 Nyssenum,
3350 5296 3479 5346 Am—

1910 5393 2241 5464 philochium
2270 5390 2461 5455 lconii,
2482 5387 2790 5442 Palladium
2812 5385 3229 5451 Caesariensem,
3257 5395 3311 5440 et
3341 5384 3480 5439 alios

1912 5485 2244 5554 quibuscum
2267 5479 2588 5536 Theodorus
2613 5476 2885 5541 consedit,
2909 5490 2974 5531 ac
2997 5475 3323 5531 sententiam
3345 5474 3482 5528 dixit

1910 5577 1963 5628 in
1986 5571 2599 5642 Constantinopolitano
2628 5568 2905 5625 celebrato
2930 5565 3356 5637 imperatoribus
3376 5565 3489 5620 Ara
