3804 6222
323 182 428 240 103

1111 175 1201 229 EX
1242 172 1491 229 LEONIS
1527 170 1804 228 ALLATll
1841 149 2161 226 DIATRIBA
2203 170 2288 226 DE
2328 167 2745 226 THEODORIS.

3469 159 3572 214 l0!

320 299 481 354 cadio
516 295 760 361 tertium,
805 300 862 349 et
913 291 1157 348 Honorio
1204 290 1509 347 secundum
1549 288 1895 353 consulibus,
1929 292 1970 348 Α
2000 287 2265 356 propheta:
2287 298 2492 340 centum
2517 293 2565 338 et
2587 280 2970 354 quinquaginta
2997 275 3094 346 (ὁ),
3123 290 3344 346 quorum
3374 275 3572 345 singuli

322 389 532 445 scilicet
579 387 740 457 paulo
797 393 923 439 ante
970 397 1134 452 quam
1170 381 1412 438 Joannes
1461 381 1896 451 Chrysostomus

323 480 580 534 Ecclesiae
602 473 1212 544 Constantinopolitanae
1239 472 1773 528 administrationem
1797 484 1893 524 ca-

325 578 594 642 pesscret.

400 661 812 730 Subjungamus
853 657 960 712 hoc
989 671 1208 727 quoque
1237 653 1512 707 :Roberto
1550 650 1800 704 Balforco
1841 649 1896 703 in

325 751 771 806 adnotationibus
819 751 887 803 ad
930 749 1262 802 Theodorum
1309 744 1629 798 Raithenum
1680 741 1898 796 videtur

326 843 467 896 alius
515 855 640 896 esse
673 838 994 893 Theodorus
1039 837 1479 905 Mopsuesteuus,
1529 845 1694 902 quem
1737 830 1899 899 pleno

327 946 424 984 ore
461 928 804 998 Nicephorus
835 928 929 981 lib.
962 942 1052 980 xlv
1081 923 1283 977 Eccles.
1318 922 1508 976 histor.
1563 936 1688 990 cap.
1717 919 1808 982 50,
1843 925 1898 973 et

328 1020 706 1076 Tbeodoretus
749 1019 844 1073 lib.
895 1033 929 1067 ν
957 1027 1201 1072 extremo
1249 1013 1492 1068 laudant.
1550 1011 1666 1067 lloc
1714 1019 1898 1064 tamen

328 1126 397 1164 ex
451 1111 518 1164 iis
549 1123 670 1179 quae
693 1107 932 1162 diximus
969 1103 1166 1158 falsum
1206 1116 1328 1157 esse
1359 1099 1806 1169 deprehenditur,
1845 1102 1900 1149 et

332 1200 676 1270 potissimum
694 1212 820 1251 cum
839 1196 906 1249 ad
927 1204 1168 1262 tempora
1193 1192 1397 1262 quinta:
1419 1189 1688 1260 generalis
1704 1184 1897 1257 synodi

328 1290 513 1344 nullus
543 1289 684 1343 alius
724 1286 888 1340 fuerit
935 1284 1353 1353 Mopsuestenus
1383 1279 1726 1342 Theodorus,
1755 1291 1897 1346 prae-

331 1391 415 1436 ter
458 1382 626 1441 hunc,
664 1377 830 1446 idque
876 1374 1094 1430 abunde
1142 1373 1434 1441 probatum
1485 1371 1556 1426 sit
1597 1369 1650 1422 in
1692 1368 1900 1438 synodo

331 1471 752 1540 Mopsuestena;
803 1466 854 1519 id
894 1464 1038 1534 quod
1087 1462 1330 1532 episcopi
1367 1461 1622 1516 secunda:
1661 1457 1898 1512 Cilicum

340 1561 656 1630 provincias,
687 1566 742 1613 et
767 1559 951 1628 plures
983 1555 1076 1608 alii
1103 1569 1169 1608 ex
1198 1552 1470 1622 diptychis
1501 1550 1900 1619 Mopsuestenaa

330 1652 608 1712 Ecclesiae,
634 1660 686 1703 et
715 1647 1226 1718 probatissimorum
1261 1645 1542 1697 hominum
1572 1640 1902 1696 testimoniis

331 1742 598 1809 probant,
628 1737 901 1792 Theodori
949 1735 1173 1797 veteris,
1223 1732 1371 1786 illius
1412 1731 1626 1785 scilicet
1681 1730 1750 1784 de
1793 1744 1902 1799 quo

331 1843 481 1884 nunc
511 1827 831 1889 scribimus,
858 1825 1062 1879 nullam
1099 1837 1222 1876 esse
1256 1821 1618 1882 mentionem;
1656 1827 1711 1873 et
1735 1821 1901 1873 alium

330 1918 708 1977 Theodorum,
739 1916 830 1984 qui
857 1915 912 1968 in
945 1914 1049 1967 fine
1071 1910 1456 1981 diptycborum
1489 1911 1728 1980 scriptus
1759 1917 1899 1972 erat,

333 2024 402 2062 ex
447 2005 660 2062 Galatia
703 2004 1018 2066 oriundum,
1071 2009 1198 2054 ante
1243 2007 1355 2055 tres
1404 2015 1578 2054 annos
1627 2008 1902 2054 mortuum

333 2095 526 2149 fuisse.
561 2093 701 2162 Ergo
726 2091 793 2144 de
833 2091 935 2143 hoc
961 2087 1205 2143 secundo
1238 2100 1344 2139 non
1375 2093 1506 2140 sunt
1537 2085 1700 2139 verba
1728 2085 1905 2138 Theo-

332 2182 530 2236 doreti.
565 2181 667 2245 Qui
700 2179 844 2232 enim
891 2185 972 2230 tot
1007 2183 1133 2229 ante
1177 2188 1350 2227 annos
1395 2173 1708 2234 defunctus.
1743 2173 1904 2242 hujus

334 2269 436 2323 sub
459 2264 772 2322 Iustiniano
801 2264 1033 2319 viventis
1070 2263 1386 2317 meminisse
1421 2262 1637 2330 potuit?
1671 2260 1735 2314 Et
1778 2277 1902 2316 cum

334 2374 508 2428 usque
542 2357 610 2412 ad
661 2357 824 2426 hujus
871 2354 1197 2410 recentioris
1231 2368 1475 2421 tempora
1527 2354 1714 2407 nullus
1763 2354 1904 2407 alius

337 2451 520 2514 fuerit,
544 2457 692 2502 certa
719 2453 848 2501 sunt
875 2443 1204 2498 Theodoreti
1235 2445 1401 2499 verba
1424 2445 1492 2499 de
1521 2452 1702 2498 vetere
1735 2443 1906 2497 Theo-

334 2541 470 2594 doro
527 2538 927 2606 hlopsuesteno.
975 2533 1315 2603 Nicephorus
1354 2535 1521 2589 verba
1566 2533 1898 2589 Theodoreti

334 2638 390 2683 et
440 2627 762 2683 sententiam
806 2625 1088 2687 exscribit,
1134 2639 1308 2692 neque
1344 2625 1410 2679 de
1451 2625 1558 2678 alio
1599 2640 1901 2679 sermonem

337 2720 517 2782 habet,
550 2734 713 2788 quam
740 2716 808 2772 de
837 2731 946 2786 quo
977 2715 1356 2770 Theodoretus
1393 2718 1509 2785 ipso
1548 2719 1760 2772 locutus
1788 2717 1904 2772 fue-

336 2818 440 2863 rat.
477 2807 736 2862 Facessat
780 2807 948 2875 igitur
977 2806 1121 2860 alius
1153 2806 1240 2860 hic
1280 2805 1604 2861 Theodorus
1634 2810 1905 2862 recentior

1997 388 2245 434 constant
2294 378 2511 447 triginta
2555 373 2832 440 capitibus.
2886 370 3023 424 Item
3080 367 3458 437 expositionem
3515 368 3573 420 in

1997 471 2238 540 quinque
2274 469 2443 523 libros
2488 464 2716 536 Moysis,
2749 477 2908 532 quam
2940 459 3109 513 tribus
3164 457 3467 525 complexus
3495 464 3576 510 est

1998 562 2176 626 tomis,
2207 562 2400 614 mirum
2438 558 2493 610 in
2527 555 2742 608 modum
2783 552 3170 610 elucubratam,
3212 546 3280 600 ad
3317 559 3574 616 maguum

1995 653 2297 721 Alphteum.
2329 648 2574 702 Psalmos
2620 659 2818 715 quoque
2863 639 3082 694 Davidis
3123 637 3361 706 exposuit
3407 636 3575 688 tribus

2000 740 2173 804 libris,
2219 739 2286 793 ad
2325 736 2626 793 Cerdonem
2657 743 2712 787 et
2738 733 2961 786 fratrem
3004 729 3144 797 ejus.
3197 725 3255 780 ln
3285 725 3575 780 duodecim

2000 831 2296 901 prophetas
2342 827 2550 882 duobus
2596 827 2750 878 tomis
2794 830 3176 876 commentatus
3217 827 3318 880 est,
3361 814 3429 870 ad
3455 831 3578 871 mar

1998 924 2213 996 Tyrium
2267 919 2358 987 (c).
2425 919 2483 971 In
2537 916 2842 970 Samuelem
2901 918 3282 966 commentatus
3334 917 3410 960 est
3472 921 3577 955 uno

1999 1019 2160 1072 tomo,
2191 1009 2258 1062 ad
2289 1008 2704 1061 Mamarianum.
2740 1003 2796 1056 lu
2824 1001 3017 1056 Jobum
3047 1016 3246 1069 quoque
3275 996 3476 1049 duobus
3496 1004 3578 1048 to-

1997 1101 2121 1162 mis,
2139 1099 2203 1151 ad
2220 1097 2482 1168 Cyrillum
2506 1093 3020 1150 AlexandrinumJn
3044 1091 3407 1146 Ecclesiasten
3423 1089 3578 1141 unico

1997 1190 2132 1244 libro
2154 1197 2536 1242 commentatus
2552 1195 2650 1253 est,
2671 1186 2978 1253 deprecante
2999 1183 3311 1252 Porphyrio.
3326 1180 3578 1249 Exposuit

1997 1284 2154 1334 etiam
2215 1278 2444 1340 Isaiam,
2486 1276 2828 1340 Ezechielem,
2862 1273 3146 1328 Jeremiam
3191 1283 3237 1326 et
3286 1271 3577 1332 Danielem,

1999 1371 2234 1441 singulos
2265 1369 2486 1440 singulis
2514 1369 2666 1422 tomis
2697 1368 3061 1435 complectens,
3084 1364 3269 1435 quibus
3298 1364 3451 1432 ﬁnem
3479 1363 3579 1414 im-

1997 1463 2170 1530 posuit
2206 1462 2316 1515 suis
2355 1458 2838 1514 elucubrationibus
2863 1457 2915 1510 in
2948 1455 3116 1510 Vetus
3142 1453 3574 1508 Testamentum.

2003 1553 2317 1606 Matt/tantm
2362 1567 2467 1604 uno
2509 1552 2752 1617 exposuit
2800 1560 2962 1610 torno,
3009 1547 3074 1599 ad
3117 1544 3339 1608 Iulium;
3377 1541 3579 1594 Lucam

2002 1661 2119 1699 vero
2155 1654 2204 1698 et
2233 1642 2493 1697 Joannem
2538 1641 2738 1694 duobus
2780 1641 2956 1702 tomis,
2989 1638 3054 1692 ad
3088 1635 3406 1700 Eusebium;
3437 1638 3578 1686 Acta

2004 1734 2358 1802 apostolorum
2389 1749 2491 1785 uno
2519 1732 2819 1798 complexus
2847 1740 2922 1783 est
2971 1739 3134 1790 tanto,
3181 1727 3247 1780 ad
3291 1724 3576 1788 Basilium;

2003 1824 2299 1893 Epistolam
2333 1823 2400 1876 ad
2432 1822 2698 1875 Romanos
2721 1821 2986 1889 exposuit,
3018 1819 3140 1871 item
3169 1815 3234 1869 ad
3258 1813 3576 1877 Eusebium;

2002 1917 2200 1971 Ambas
2243 1931 2362 1968 vero
2411 1913 2683 1981 Epistolas
2714 1912 2782 1964 ad
2827 1910 3127 1966 Corinthios
3175 1907 3378 1959 duobus
3419 1904 3578 1956 tomis

2001 2006 2240 2074 exposuit
2277 2020 2340 2057 ac
2385 2002 2722 2064 dilucidavit,
2779 2000 3088 2068 deprecante
3147 1996 3431 2050 Theodoro.
3469 1991 3580 2044 Eu-

2001 2098 2223 2152 stratius
2263 2097 2340 2165 (d)
2371 2094 2650 2163 postulavit
2683 2092 3054 2161 expositionem
3079 2097 3304 2159 quatuor
3326 2087 3580 2152 epistola-

2005 2201 2121 2238 rum
2142 2199 2272 2252 quas
2305 2190 2811 2236 commemoraturus
2849 2195 2988 2242 sum,
3022 2191 3200 2245 nempe
3233 2172 3482 2244 Epistolte
3507 2173 3578 2224 ad

2005 2274 2248 2336 Galatas,
2293 2282 2341 2326 et
2390 2273 2457 2326 ad
2494 2271 2768 2340 Ephesios,
2797 2280 2846 2325 et
2878 2270 2946 2323 ad
2995 2268 3367 2335 Philippenses,
3418 2274 3466 2318 et
3506 2263 3577 2314 ad

2004 2363 2365 2419 Colossenses.
2386 2363 2552 2418 Bitias
2573 2371 2748 2415 autem
2769 2361 2838 2414 ad
2866 2360 3374 2420 Thessalonicenses,
3394 2355 3574 2424 depre-

2001 2462 2155 2507 cante
2183 2451 2384 2506 Jacobo
2423 2452 2684 2518 exposuit.
2749 2449 2877 2502 Item
2924 2448 3058 2501 duas
3109 2446 3177 2498 ad
3223 2444 3574 2504 Timotheum,

2003 2542 2330 2612 supplicante
2356 2540 2550 2605 Petro;
2580 2551 2628 2594 et
2649 2539 2955 2609 deprecante
2979 2537 3175 2606 Cyrino
3198 2542 3574 2589 commentatus

2003 2645 2080 2690 est
2104 2635 2159 2687 in
2189 2632 2458 2701 Epistolas
2491 2630 2558 2685 ad
2596 2630 2792 2692 Titum,
2820 2640 2868 2682 et
2914 2628 3289 2682 Philemonem.
3338 2625 3576 2678 Direxit-

2003 2741 2100 2794 que
2125 2725 2193 2776 ad
2219 2724 2457 2776 eumdem
2501 2721 2904 2775 commentarios
2951 2720 3005 2772 in
3034 2718 3326 2788 Epistolam
3364 2717 3429 2771 ad
3473 2715 3577 2770 He-

2007 2817 2208 2881 brmos;
2238 2814 2467 2882 adeoque
2493 2813 2716 2882 quinque
2759 2812 2912 2865 tomis
2952 2811 3201 2879 imposuit
3231 2811 3387 2876 ﬁnem
3427 2824 3573 2860 com-

335 2916 367 2954 a
391 2899 638 2953 Balforeo
661 2906 716 2952 et
741 2897 865 2953 aliis
885 2896 1248 2966 excogitatas,
1276 2903 1331 2950 et
1365 2904 1648 2966 tantopere
1673 2912 1704 2951 a
1728 2896 1899 2952 Theo-

2015 2907 2288 2960 mentariis
2316 2907 2368 2958 in
2393 2904 2664 2968 Epistolas
2688 2903 2950 2972 Apostoli.
2977 2901 3296 2968 Conscripsil
3320 2909 3575 2968 prtrterea

336 2993 530 3047 doreto
555 2991 829 3046 laudatus.

407 3081 581 3150 Hujus
610 3089 867 3150 praeterea
887 3077 1157 3134 Theodori
1183 3078 1328 3146 (nam
1349 3079 1452 3134 erit
1473 3094 1652 3150 Operae
1674 3081 1905 3150 pretium

339 3173 444 3227 hoc
469 3173 750 3234 adnotare,
783 3172 897 3226 sive
929 3170 998 3224 ob
1052 3169 1428 3226 Nestorianam
1480 3170 1749 3236 hairesim,
1793 3171 1909 3227 sive

337 3265 410 3318 ob
438 3263 599 3317 aliam
627 3261 872 3330 causam)
901 3261 1041 3330 apud
1068 3261 1235 3332 Syros
1266 3267 1413 3314 tanta
1453 3261 1555 3314 fuit
1589 3262 1906 3328 auctoritas,

337 3363 392 3410 et
420 3355 619 3416 cultus,
651 3361 710 3407 ut
749 3367 910 3422 quam
947 3353 1178 3421 plurima
1229 3352 1374 3406 illius
1405 3351 1460 3405 in
1497 3354 1770 3422 prepriam
1803 3353 1907 3406 lin-

339 3460 501 3516 guam
536 3444 934 3498 transtulerint.
978 3442 1236 3508 Qumnam
1269 3457 1398 3496 vero
1434 3442 1525 3495 illa
1573 3442 1791 3506 fuerint,
1838 3441 1909 3495 E-

339 3535 560 3590 bediesu
599 3535 885 3602 episcopus
933 3531 1090 3586 Solae
1135 3541 1189 3586 ct
1235 3531 1503 3586 Armenia:
1551 3532 1606 3584 in
1655 3531 1908 3601 Catalogo

341 3627 595 3680 librorum
621 3624 1120 3685 ecclesiasticarum,
1145 3638 1306 3692 quem
1353 3623 1444 3678 ille
1474 3622 1695 3692 scripsit
1725 3622 1909 3692 lingua

339 3715 583 3786 Syriaca,
614 3714 667 3767 in
701 3714 841 3766 hunc
871 3712 1089 3766 modum
1124 3712 1414 3781 expressit.
1447 3710 1622 3766 Verba
1653 3711 1798 3766 illius
1827 3712 1903 3766 ita

339 3805 572 3861 reddidit
601 3805 906 3873 linguarum
947 3803 1288 3856 orientalium
1323 3802 1686 3872 peritissimus
1729 3803 1901 3856 Abra-

339 3899 533 3950 hamus
596 3893 964 3948 Ecchellensis
1014 3892 1131 3963 (a):
1166 3892 1467 3946 Theodorus
1524 3903 1902 3946 commentator

338 3985 627 4053 composuit
672 3983 1028 4053 quadraginta
1081 3991 1132 4035 et
1181 3998 1343 4035 unum
1394 3992 1611 4047 tomunt,
1654 3985 1742 4053 qui
1782 3993 1903 4036 sunt

410 4088 488 4155 (a)
511 4085 739 4140 Recudit
761 4085 1384 4155 posteaemendatiorem
1408 4084 1552 4155 hunc
1573 4085 1896 4155 catalogum,

338 4153 866 4224 natisquefpluriinis
907 4154 1197 4208 illustravit
1241 4153 1520 4224 JosLSim.
1569 4154 1901 4224 Assemanus

2005 2998 2199 3052 librum
2254 2995 2329 3050 lle
2387 2995 2765 3058 sacramentis,
2817 3002 2865 3046 et
2898 2992 2970 3047 De
3024 2993 3126 3046 fide
3173 2992 3362 3051 alium.
3411 3005 3573 3042 unum

2005 3099 2203 3144 tomum
2236 3086 2310 3141 De
2356 3084 2684 3147 sacerdotio,
2732 3095 2782 3136 et
2827 3083 2958 3135 duos
3008 3081 3081 3136 De
3119 3081 3322 3151 Spiritu
3359 3091 3570 3141 sancto,

2004 3195 2168 3234 unum
2222 3177 2293 3231 De
2352 3175 2746 3236 incarnatione,
2799 3174 2931 3226 duos
2983 3181 3170 3225 contra
3227 3170 3570 3223 Eunomium.

2006 3271 2142 3326 Item
2175 3271 2306 3324 duos
2335 3276 2525 3324 contra
2550 3274 2854 3324 asserentes
2888 3267 2940 3333 in
2967 3264 3083 3332 ipsa
3116 3273 3306 3316 natura
3335 3261 3571 3330 positum

2003 3377 2126 3418 esse
2171 3368 2492 3431 peccatum:
2527 3360 2658 3412 duos
2701 3355 2848 3428 (tres)
2883 3364 3080 3410 contra
3115 3354 3369 3424 magiam,
3409 3367 3572 3404 unum

2006 3451 2072 3504 ad
2112 3449 2433 3511 monachos,
2464 3464 2629 3503 unum
2661 3445 2728 3500 de
2767 3444 3005 3498 obscura
3053 3441 3346 3502 locutione,
3406 3455 3568 3493 unum

2009 3539 2082 3594 De
2110 3537 2441 3608 perfectione
2461 3550 2686 3606 operum
2710 3533 2800 3604 (c),
2831 3535 3056 3603 quinque
3073 3531 3334 3585 adversus
3355 3542 3449 3582 eos
3476 3525 3569 3593 qui

2010 3631 2328 3702 Scripturas
2350 3630 2577 3700 figurate
2606 3629 3051 3697 interpretantur,
3091 3641 3251 3678 unum
3285 3638 3386 3692 pro
3415 3621 3571 3674 Basi-

2009 3721 2105 3785 lio,
2131 3729 2179 3772 et
2208 3735 2370 3771 unum
2399 3717 2472 3772 De
2491 3723 2802 3772 assumenle
2823 3722 3182 3783 etassumpto.
3213 3711 3346 3766 Item
3378 3709 3572 3763 librum

2007 3827 2169 3864 unum
2190 3790 2337 3878 quem
2359 3809 2627 3876 inscripsit
2655 3807 3089 3876 Margaritarum,
3114 3813 3162 3856 et
3180 3804 3327 3856 illum
3348 3801 3437 3870 qui
3455 3799 3570 3867 ejus

2006 3897 2368 3966 complectitur
2414 3895 2686 3964 epistolas.
2721 3894 2942 3948 Demum
2983 3902 3262 3945 tractatum
3297 3889 3369 3943 De
3406 3891 3570 3958 legis-

2008 3985 2230 4046 latione,
2264 3999 2364 4052 quo
2398 3983 2552 4051 ﬁnem
2589 3982 2699 4035 suis
2729 3981 2973 4049 imposuit
2995 3978 3444 4032 lucubrationibus
3472 3975 3569 4044 (Ῑ).

2010 4084 2202 4139 Meuda
2236 4083 2605 4138 Eccbellensis
2641 4098 2748 4137 non
2790 4085 3010 4152 agnovit
3043 4081 3296 4142 Allatius,
3331 4080 3569 4152 lingua-

2007 4169 2128 4207 rum
2161 4153 2532 4216 orientalium,
2563 4165 2620 4206 ut
2646 4150 2876 4214 videtur,
2908 4150 3414 4220 imperituspcujus
3441 4150 3570 4201 hor-

341 4225 408 4303 ἰῃΔ
430 4219 535 4303 sua
570 4219 894 4303 Bibliotheca
936 4223 1202 4303 orientali,
1239 4231 1278 4275 t.
1316 4220 1404 4289 Ill,
1449 4236 1480 4274 a
1522 4237 1631 4291 quo
1672 4223 1898 4277 meliora
1932 4245 1976 4299 ι)
2004 4231 2129 4303 tatu
2151 4223 2482 4303 caeteroquin
2511 4237 2570 4276 se
2599 4223 2743 4303 hunc
2769 4219 3074 4303 catalogum
3109 4219 3345 4274 edidisse
3384 4227 3572 4272 narrat

339 4296 543 4362 aliquot
575 4293 837 4348 sumenda
862 4293 1121 4362 judicavi.

413 4360 488 4435 (b)
527 4362 583 4417 Id
610 4372 696 4417 est
725 4363 844 4433 (ceu
864 4360 1107 4435 explicat
1135 4360 1486 4435 Assemanus)
1513 4374 1744 4435 quorum
1781 4376 1900 4416 mo-

339 4431 434 4490 les'
457 4431 606 4486 tanta
634 4431 743 4495 est,
774 4441 832 4485 ut
859 4431 1065 4485 centies
1098 4437 1160 4483 et
1189 4431 1547 4500 quinquagies
1579 4431 1746 4486 libros
1777 4445 1901 4501 pro-

340 4507 621 4573 pltetarum
633 4502 886 4573 omnium
911 4514 973 4573 s_u
982 4508 1150 4573 perct.

411 4571 480 4644 (c)
521 4569 891 4644 Ecchellensis
923 4567 1126 4644 Turini,
1157 4568 1491 4644 Assemanus
1515 4583 1630 4644 mar
1658 4567 1893 4644 Tyrium.

340 4637 752 4708 Ego'suspicog
787 4637 1095 4708 legendum,
1134 4653 1234 4707 pro
1276 4638 1502 4708 Syriaco
1550 4639 1894 4708 tilulo_mar,

403 4705 680 4777 artyrium.
714 4705 926 4762 Etenim
965 4705 1280 4776 Martyritts,
1320 4705 1412 4777 qui
1449 4707 1549 4760 fuit
1574 4705 1771 4777 deinde
1803 4722 1899 4776 pa-

342 4775 584 4832 triarcha
649 4778 1040 4845 Antiochenus,
1100 4792 1313 4845 coaevus
1374 4776 1477 4828 fuit
1539 4775 1896 4845 laudatorque

341 4845 738 4916 Chrysostomj,
771 4844 1001 4916 ideoque
1025 4846 1190 4898 etiam
1235 4844 1620 4916 hiopsuestcno
1654 4844 1891 4916 contem-

379 4913 631 4968 oraneus.
670 4913 909 4968 Consule
950 4922 1195 4968 nostram
1244 4913 1448 4966 Novam
1492 4915 1726 4966 biblioth.
1776 4913 1891 4969 PP.

379 4932 631 4968 araneus.
670 4932 909 4968 bOﬂSUle
950 4932 1195 4968 nosuam
1244 4932 1448 4966 novam
1492 4932 1726 4966 amttam.
1776 4932 1891 4969 ΓΡ.

341 4932 432 5061 El,
455 4985 546 5038 ubi
561 4991 798 5061 estpars
819 4983 1129 5061 panegxriei
1152 4985 1206 5035 in
1227 4983 1677 5061 Chrysostonntm
1699 4985 1768 5036 ab
1793 4983 1895 5061 hoc

339 5052 604 5121 Hartyrio
632 5052 783 5104 dicti.
821 5052 964 5106 Sane
999 5052 1156 5104 Turis
1189 5053 1489 5121 monachus
1524 5054 1722 5120 legitur
1751 5052 1894 5120 apud

339 5123 656 5194 praedictum
705 5121 1195 5194 Ecchellenselnp.
1225 5120 1458 5194 75_._se_d
1499 5121 1703 5194 omittit
1749 5121 1895 5174 hunc

337 5189 693 5258 Assemanus,
733 5191 822 5258 qui
853 5203 976 5243 eum
1002 5190 1242 5242 scribere
1265 5189 1541 5243 debuisset
1564 5192 1706 5243 inter
1731 5204 1889 5257 capp.

337 5262 407 5313 87
431 5269 484 5314 et
512 5258 600 5312 88.
633 5257 829 5312 Omisit
859 5267 1062 5322 autem,
1095 5258 1220 5325 quia
1251 5272 1490 5312 errorem
1522 5274 1644 5312 esse
1675 5262 1894 5326 agnovit

339 5329 729 5387 Ecehellensis.
765 5329 833 5382 de
874 5328 1032 5396 cujus
1074 5329 1198 5382 aliis
1233 5327 1445 5382 mendis
1488 5328 1744 5382 admonet
1791 5343 1893 5382 nos

338 5408 482 5452 temo
515 5397 771 5467 praedicto
801 5413 854 5467 p.
892 5398 915 5450 l
954 5405 1008 5450 et
1038 5397 1091 5451 4.

409 5467 486 5537 (ιι)
515 5464 777 5537 Ἐειναιεα
802 5464 1067 5537 ’Allatius
1094 5482 1158 5521 ex
1197 5464 1535 5521 Ecchellensi
1581 5483 1630 5534 p.
1666 5467 1756 5530 29,
1796 5466 1888 5536 qui

337 5535 501 5590 etiam
536 5536 592 5588 in
624 5535 879 5604 Indiceid
915 5536 1166 5590 mendum
1195 5537 1540 5604 repetiverat,
1567 5552 1674 5604 quo
1701 5535 1890 5590 errare

337 5621 404 5660 ex
432 5613 722 5660 ttitecenate
767 5603 1062 5673 Eustratio,
1093 5604 1221 5661 fecit
1261 5603 1561 5661 Estrateam
1588 5603 1884 5660 auctorem.

2005 4291 2376 4347 Ecchelleusis
2410 4291 2464 4345 in
2499 4291 2652 4359 praef.
2692 4308 2745 4360 p.
2773 4291 2865 4346 27.

2074 4362 2141 4430 (ε)
2181 4361 2551 4430 Eccltellensis
2590 4361 2665 4414 De
2694 4359 3018 4429 perfectione
3060 4359 3351 4430 regiminis.

2073 4429 2149 4500 (Γ)
2189 4429 2666 4500 ΟθγΜορειιβδιθιιί
2714 4431 2933 4498 scriptis
2977 4429 3168 4483 sedulo
3205 4443 3304 4500 nos
3350 4442 3568 4500 tutoque

1999 4496 2237 4554 diximus
2280 4499 2335 4552 in
2385 4496 2536 4567 priet.
2582 4500 2712 4553 tomi
2762 4500 2780 4551 ι
2825 4496 3023 4568 prioris
3066 4498 3321 4553 editionis
3369 4496 3564 4564 Script.

1999 4580 2123 4631 vet.,
2159 4585 2224 4623 ex
2259 4584 2370 4637 qtto
2397 4570 2516 4621 loco
2548 4584 2656 4622 non
2690 4578 2988 4621 memorata
3022 4569 3281 4621 nonnulla
3305 4569 3566 4637 cognosci

1999 4646 2230 4707 possunt
2257 4635 2326 4692 ab
2353 4637 2569 4707 Allatio,
2601 4645 2654 4692 et
2683 4638 2952 4707 praacipue
2975 4653 3037 4691 ex
3063 4637 3222 4691 Fabr.
3259 4652 3381 4690 cum
3413 4635 3562 4691 Harl.

1997 4706 2062 4762 Β.
2089 4707 2151 4762 G.
2173 4715 2212 4760 t.
2235 4707 2301 4767 X,
2321 4722 2373 4775 p.
2393 4706 2496 4759 346
2521 4721 2668 4776 sqq.,
2699 4706 2752 4759 id
2776 4714 2859 4760 est
2893 4707 3129 4776 ltturgia,
3153 4707 3396 4776 hymnus,
3419 4721 3566 4771 quee-

1997 4780 2190 4831 stiones
2224 4776 2446 4837 biblicaz,
2483 4777 2886 4829 commentarius
2917 4776 2970 4827 in
3004 4775 3267 4832 Marcum,
3297 4775 3362 4827 de
3397 4776 3563 4826 mira-

1999 4847 2130 4900 culis
2179 4844 2399 4899 Christi.
2458 4845 2588 4899 ltem
2651 4859 2752 4898 nos
2809 4844 3001 4910 Script.
3056 4855 3153 4898 vet.
3214 4843 3324 4902 VII,
3363 4860 3414 4912 p.
3472 4844 3560 4904 75,

1997 4914 2356 4984 fragmentum
2410 4913 2737 4984 protulimus
2786 4913 3060 4984 Θερδώρου
3109 4915 3236 4984 περὶ
3266 4914 3564 4984 Νξρτορια-

1997 4981 2126 5046 νῶὗ,
2166 4984 2256 5051 qui
2291 4991 2473 5035 tamen
2504 4982 2806 5036 Raithenus
2833 4981 3107 5051 fortasse,
3145 4981 3252 5036 non
3309 4981 3562 5051 Mopsue-

1997 5049 2205 5114 etenus,
2240 5051 2624 5120 intelligendus
2671 5061 2776 5106 est.
2829 5050 2965 5105 Tum
3020 5067 3148 5106 vero
3201 5054 3251 5104 in
3308 5061 3454 5104 tumo
3497 5049 3563 5104 γι

1996 5123 2191 5188 Script.
2224 5132 2322 5175 vet.
2364 5128 2486 5188 post
2513 5123 2936 5175 commentarios
2964 5123 3016 5173 in
3051 5137 3126 5174 xu
3163 5124 3386 5173 minores
3435 5136 3561 5187 pro-

1992 5191 2198 5256 phetas,
2226 5192 2332 5243 alia
2361 5189 2730 5258 Mopsuesteni
2757 5190 2975 5259 copiosa
3001 5189 3302 5258 fragtnenta
3330 5192 3562 5242 attexui-

1996 5275 2138 5321 mus,
2180 5274 2300 5326 qua:
2341 5271 2527 5326 postea
2570 5259 2724 5327 plena
2775 5274 2936 5312 manu
2979 5260 3311 5312 cumulaturi
3343 5274 3556 5313 sumus.

1993 5327 2126 5381 Item
2179 5337 2309 5397 tom.
2343 5327 2383 5389 l,
2425 5329 2476 5397 in
2512 5331 2602 5380 cit.
2659 5328 2811 5397 praef.
2869 5329 3109 5383 diximus
3138 5342 3300 5395 quam
3354 5327 3558 5397 frustra

1993 5397 2148 5450 multi
2177 5396 2416 5450 dixerint
2437 5396 2606 5466 (nunc
2637 5395 2814 5451 tamen
2854 5398 3112 5451 Allatium
3138 5397 3373 5466 excipio)
3408 5395 3552 5466 Mop-

1994 5475 2306 5519 suestenum
2340 5463 2629 5533 scripsisse
2659 5466 2849 5521 decem
2887 5466 3056 5520 millia
3094 5463 3375 5519 librorum.
3420 5463 3556 5530 Quis

1995 5535 2139 5613 enim
2167 5533 2280 5601 jam
2314 5537 2510 5598 nescit,
2543 5536 2836 5613 mgriadem
2875 5535 2983 5588 dici
3015 5551 3044 5588 a
3076 5533 3277 5613 (ξι-ἱερῆς
3313 5549 3413 5605 pro
3442 5538 3554 5606 plu-

1995 5605 2134 5657 rimo
2159 5617 2407 5670 numero,
2448 5612 2506 5658 ut
2540 5619 2568 5658 a
2604 5605 2816 5660 Latinis
2845 5615 3087 5658 sexcenta
3110 5608 3135 5658 γ
