3804 6222
94 270 132 294 ΙΙ
1168 278 1708 289 νο--ο--η-ι-τ-τ-τ-ς.κ-.«.
1730 277 1759 282 .-
1776 248 1965 283 ____l
2017 239 3262 287 l-—w~

96 283 1159 310 ’,ἀν-,Μ-

627 577 1437 705 THEODORI
1548 572 2649 702 MOPSUESTENI

1323 856 1959 922 COMMENTARIUS

360 1089 1301 1237 INDUODECIM
1385 1050 2235 1211 PBOPHETAS
2318 1079 2954 1197 MINORES

986 1512 1263 1602 ANG.
1361 1510 1625 1599 MAII
1693 1505 2333 1602 PBJEFATIO

463 1752 691 1818 (Pratﬂxa
716 1750 918 1801 editioni
943 1751 1127 1801 Graecae
1154 1750 1268 1799 anni
1298 1747 1421 1797 1852
1446 1745 1493 1795 in
1521 1744 1830 1810 Scriptorum
1855 1752 2071 1798 veterum
2096 1760 2219 1798 nova
2241 1743 2554 1809 Collatiam,
2585 1754 2701 1797 tom.
2725 1747 2835 1811 Vl.)

1640 1963 1710 1976 -‘

124 2119 161 2171 1.
196 2116 454 2171 Theodori
489 2113 838 2183 Mopsuestia:
889 2126 1129 2180 episcopi
1160 2111 1582 2164 Commentarios
1623 2109 1693 2163 ad
1722 2109 2093 2178 prophetarum
2130 2107 2179 2161 Χ
2189 2106 2273 2170 Il,
2304 2122 2443 2176 quos
2475 2107 2715 2160 minores
2739 2107 2996 2172 dicimus,
3039 2104 3283 2160 vaticinia
3374 2146 3377 2149 .

61 2222 169 2263 ante
191 2206 526 2276 septennium
550 2204 710 2257 edere
739 2199 881 2270 coepi
904 2241 918 2263 ,
947 2200 1229 2270 impressis
1253 2200 1506 2254 videlicet
1526 2199 1705 2254 tribus
1728 2200 2096 2259 brevioribus.
2126 2213 2250 2251 cum
2286 2197 2525 2268 prologis
2559 2198 2789 2267 aliquot.
2819 2198 2975 2254 Nunc
3013 2200 3283 2271 integrum

65 2305 181 2355 tanti
213 2298 523 2371 interpretis
554 2313 692 2367 opus
717 2295 987 2358 editurus,
1031 2296 1154 2351 illas
1184 2311 1405 2367 quoque
1440 2296 1674 2350 leviores
1706 2304 1891 2364 partes
1920 2295 2274 2349 associandas
2305 2295 2511 2363 putavi,
2561 2310 2631 2349 ne
2673 2292 2991 2352 Theodorus
3038 2297 3289 2353 videlicet

64 2412 151 2450 sua
181 2393 419 2447 membra
454 2388 749 2453 desideret,
783 2403 905 2457 qua:
940 2388 995 2441 in
1039 2390 1173 2443 tomi
1223 2388 1655 2459 angulojamdiu
1690 2386 1943 2442 distracti
1979 2386 2266 2447 collocata.
2298 2394 2352 2440 et
2380 2400 2503 2439 cum
2534 2386 2676 2442 idem
2726 2396 2905 2443 tomus
2931 2388 3288 2444 recuderetur

59 2489 263 2549 omissa,
310 2482 564 2552 nuspiam
607 2478 976 2549 quaerentibus
1019 2480 1177 2533 hodie
1218 2487 1502 2550 apparent.
1551 2477 1667 2532 Hoc
1715 2486 1973 2546 suscepto
2009 2477 2265 2542 consilio,
2314 2477 2399 2529 illa
2442 2476 2649 2546 pariter
2688 2481 2937 2547 prommii
2983 2480 3087 2533 mei
3136 2491 3292 2549 repe-

57 2579 201 2631 tcnda
237 2592 363 2646 pars
402 2575 524 2636 fuit,
560 2586 679 2641 quae
703 2570 771 2625 de
805 2574 908 2628 hoc
937 2573 1211 2629 Theodori
1242 2590 1406 2645 Opere
1440 2574 1705 2643 loquitur,
1751 2574 2119 2643 praetermissa
2171 2582 2350 2625 tamen
2387 2572 2454 2627 de
2493 2574 2720 2643 reliquis
2750 2574 2993 2643 ejusdem
3031 2578 3290 2645 operibus

54 2677 426 2746 disputatione.
455 2671 775 2726 Theodorus
812 2672 979 2743 igitur
1000 2672 1167 2725 nobili
1195 2687 1391 2740 genere
1417 2673 1724 2727 Antiochiae
1762 2681 1929 2726 natus
1950 2681 2054 2735 est,
2082 2670 2297 2725 Libanii
2324 2671 2378 2725 in
2410 2670 2750 2740 eloquentia,
2789 2670 3033 2727 Flaviani
3074 2689 3139 2729 ac
3165 2675 3293 2729 Dio-

53 2772 156 2824 dori
196 2778 248 2825 et
290 2768 527 2824 Carterii
554 2767 609 2819 in
649 2762 921 2832 theologia
949 2761 1274 2831 discipulus,
1317 2762 1712 2831 philosophieis
1758 2776 1978 2832 quoque
2004 2762 2274 2816 doctrinis
2310 2762 2526 2816 abunde
2560 2764 2879 2830 instructus,
2909 2774 2963 2818 et
2997 2766 3068 2821 ob
3106 2768 3296 2822 multi-

56 2861 234 2927 plicem
293 2860 583 2916 scientiam
637 2856 940 2926 polybistor
1009 2854 1225 2914 dictus.
1280 2852 1846 2925 Joan.Chrysostomi
1896 2853 2308 2922 condiscipulus
2360 2867 2425 2907 ac
2476 2851 2802 2919 familiaris;
2858 2869 2967 2924 quo
3016 2855 3297 2912 hortatore
3366 2926 3369 2927 ν

53 2957 363 3012 Theodorus
396 2952 600 3023 prioris
629 2965 660 3003 a
694 2965 753 3003 se
774 2944 1011 2998 'luxuria:
1040 2942 1412 2997 blandimenta
1443 2944 1685 3013 depulit;
1727 2942 2054 2998 Theodoreti
2090 2944 2324 3013 (utinam
2359 2958 2467 2997 non
2495 2951 2550 2997 et
2580 2944 2812 3000 Nestorii
2849 2960 2913 3000 ac
2953 2944 3228 3002 Barsumm
3256 2950 3293 3015 l)

56 3056 334 3124 magister;
359 3054 667 3111 hazreseon,
696 3042 965 3112 Origenis,
993 3040 1127 3103 Arii,
1152 3040 1507 3112 Apollinaris,
1533 3040 1809 3105 Eunomii,
1837 3039 2068 3095 Persica:
2100 3039 2264 3094 etiam
2299 3040 2487 3110 magiae
2513 3048 2565 3093 et
2596 3038 2797 3094 Iuliani
2822 3039 3093 3110 Apostata:
3121 3057 3297 3112 oppu-

54 3154 265 3213 gnator;
294 3144 364 3197 ab
397 3140 774 3198 Orientalibus
804 3137 1087 3208 sapientiae
1119 3153 1289 3202 mare,
1320 3149 1374 3191 et
1402 3136 1810 3207 Scripturarum
1835 3137 2106 3206 interpres
2141 3135 2260 3189 κατ’
2284 3135 2480 3205 ἐξοχὴν
2509 3135 2708 3201 dictus,
2742 3138 3008 3193 universa:
3042 3137 3303 3194 Ecclesia:

54 3236 228 3289 'loctor
262 3233 542 3288 interdum
573 3230 895 3302 appellatus,
926 3241 984 3286 et
1005 3228 1181 3299 Magni
1208 3228 1444 3297 denique
1478 3237 1841 3297 cognomento
1882 3227 2117 3282 donatus
2146 3226 2246 3298 (a).
2270 3228 2448 3296 Atque
2480 3241 2582 3297 ego
2608 3227 2791 3281 statim
2825 3226 3091 3284 confiteor
3123 3227 3301 3283 Theo-

46 3327 154 3380 dori
193 3326 406 3394 scripta
441 3323 610 3377 variis
641 3320 920 3375 erroribus
962 3320 1134 3374 fuisse
1172 3335 1505 3390 conspersa;
1538 3321 1793 3390 justeque
1832 3336 1955 3375 eum
1997 3322 2052 3375 in
2099 3322 2393 3385 haereseos,
2437 3320 2483 3373 si
2526 3334 2634 3373 non
2676 3319 3011 3389 pertinacem
3061 3320 3300 3390 culpam,

46 3435 185 3481 certe
219 3425 529 3482 errantiam
562 3433 815 3476 vocatum
842 3460 856 3484 ,
903 3430 1014 3472 tum
1045 3420 1173 3487 quia
1215 3419 1269 3473 id
1319 3421 1436 3489 ipse
1468 3428 1661 3474 auctor
1694 3421 1968 3473 interdum
2002 3417 2295 3475 confessus
2336 3416 2535 3488 est(b);
2577 3423 2694 3470 tum
2722 3415 2849 3485 quia
2879 3417 3130 3487 graviora
3178 3428 3301 3474 sunt

43 3534 199 3587 quam
239 3526 296 3571 ut
327 3517 539 3573 elevari
575 3516 787 3585 possint
827 3516 1137 3571 testimonia
1165 3515 1216 3568 in
1249 3530 1373 3569 eum
1400 3515 1544 3569 dicta
1586 3533 1614 3568 a
1650 3515 1708 3570 S.
1737 3517 1940 3586 Cyrillo
1974 3516 2028 3569 in
2065 3514 2306 3583 Epistota
2340 3512 2409 3568 ad
2452 3510 2721 3574 Proetum,
2770 3527 2799 3564 a
2840 3511 3066 3568 Leontio
3106 3513 3306 3571 Contra

50 3608 195 3661 Nest.
232 3609 333 3662 lib.
365 3624 451 3672 Ill,
484 3623 512 3659 a
544 3606 775 3659 Maximo
804 3605 856 3659 in
885 3605 1166 3675 opusculis
1193 3620 1246 3673 ι).
1285 3604 1375 3669 91,
1415 3620 1445 3659 a
1470 3604 1784 3660 Justiniano
1811 3608 1863 3659 in
1900 3621 2056 3660 sacra
2091 3607 2320 3677 epistola
2364 3614 2418 3660 et
2452 3606 2505 3658 in
2552 3604 2641 3658 illa
2669 3602 2962 3674 prolixiore
3000 3620 3161 3674 quam
3195 3608 3307 3675 pri-

44 3716 159 3755 mus
189 3701 505 3755 Bandinius
535 3699 736 3767 edidit;
777 3716 808 3754 a
836 3699 1127 3755 Theodoro
1157 3700 1522 3756 Raithunensi
1561 3703 1614 3755 in
1647 3704 1915 3772 opusculo
1957 3702 2031 3757 De
2064 3705 2293 3767 incarn.,
2327 3718 2357 3757 a
2392 3701 2563 3756 Mario
2598 3698 2898 3754 Mercatore
2940 3700 2993 3754 in
3034 3704 3207 3769 Actis,
3238 3705 3308 3758 ab

46 3791 360 3847 Hamartolo
391 3792 449 3845 in
466 3788 736 3845 Chronico
776 3791 1005 3853 inedito,
1041 3808 1071 3845 a
1107 3790 1303 3845 Photio
1340 3792 1395 3845 in
1427 3791 1755 3845 Bibliotheca
1783 3804 1833 3846 et
1863 3793 1918 3846 in
1946 3793 2212 3862 epistolis,
2240 3800 2293 3847 et
2328 3807 2358 3845 a
2404 3796 2641 3860 generali
2665 3796 2855 3864 quinto
2901 3797 3136 3852 concilio
3179 3799 3307 3853 totis

43 3886 360 3941 actionibus
396 3893 595 3955 quarta
619 3896 674 3940 et
691 3886 903 3954 quinta,
945 3894 999 3940 et
1026 3900 1235 3939 canone
1264 3883 1609 3949 duodecimo,
1649 3902 1863 3940 necnon
1900 3889 1951 3939 in
1986 3885 2304 3956 pontiﬁcum
2344 3885 2703 3940 maximorum
2731 3888 2910 3958 magni
2940 3887 3183 3958 Gregorii
3212 3890 3305 3959 (ε).

42 3982 94 4026 ct
122 3976 445 4042 pmsertim
484 3973 686 4043 Pelagii
714 3973 756 4027 ll
780 3972 858 4041 (ά)
897 3974 1180 4041 epistolis:
1210 3987 1311 4027 nec
1350 3971 1605 4043 Vigilium
1639 3985 1921 4044 praetereo,
1964 3975 2080 4044 qui,
2112 3973 2214 4028 etsi
2258 3973 2530 4044 principio
2571 3976 2833 4032 damnare
2862 3976 3306 4048 Mopsuesteuum

44 4072 239 4137 noluit,
270 4085 347 4125 ne
386 4070 658 4139 plurimos
682 4070 975 4138 episcopos
1017 4069 1147 4122 huic
1176 4067 1423 4123 faventes
1456 4069 1676 4138 gravius
1703 4068 2020 4132 oli‘enderet,
2063 4067 2260 4123 deinde
2303 4077 2506 4133 tamen,
2544 4070 2611 4123 ad
2635 4071 2841 4140 scripta
2868 4082 3018 4127 certe
3045 4074 3189 4142 quod
3226 4083 3309 4127 at-

44 4164 199 4229 tinet,
236 4165 535 4218 damnanti
560 4165 769 4234 synodo
807 4178 1066 4217 assensus
1096 4170 1202 4225 est,
1231 4171 1391 4232 atque
1429 4178 1645 4217 errores
1671 4163 1915 4233 singulos
1944 4164 2177 4217 mirabili
2204 4166 2504 4218 constituto
2545 4168 2813 4237 coarguit.
2848 4168 3003 4223 Mitto
3038 4170 3175 4224 alios
3210 4172 3312 4222 mi-

40 4257 189 4312 noris
223 4260 564 4328 plerumque
594 4258 830 4312 nominis
869 4266 1255 4326 accusatores;
1286 4260 1444 4313 mitto
1472 4259 1771 4315 hodiernos
1804 4271 2228 4331 oppugnatores,
2259 4276 2399 4330 quos
2439 4262 2580 4316 inter
2606 4262 2881 4321 Norisium
2931 4268 2984 4321 in
3015 4266 3312 4337 Pelagiana

42 4356 306 4419 historia;
350 4357 616 4427 quamvis
640 4364 695 4411 et
726 4357 883 4410 multi
914 4357 1234 4413 defensores
1264 4368 1412 4422 sunt,
1447 4358 1750 4428 prasertim
1785 4358 2059 4415 liberioris
2108 4362 2392 4414 sententia:
2422 4358 2693 4414 homines.
2741 4358 2849 4413 Sed
2891 4359 3023 4412 mihi
3056 4358 3311 4429 equidem

42 4464 232 4516 parum
268 4452 465 4519 placet
487 4451 702 4505 illorum
738 4452 1068 4519 institutum,
1101 4456 1191 4524 qui
1220 4457 1497 4511 hominum
1529 4472 1557 4508 a
1581 4463 1762 4511 vetere
1784 4453 2029 4509 Ecclesia
2056 4454 2459 4521 damnatorum,
2491 4455 2782 4509 neotericis
2807 4452 3096 4509 conatibus
3120 4453 3310 4506 ortho-

39 4546 262 4601 doxiam
299 4549 357 4600 vi
391 4547 717 4603 obtrudunt.
744 4549 1067 4621 Quanquam
1094 4560 1147 4607 et
1166 4553 1240 4622 pii
1271 4552 1542 4607 interdum
1574 4552 1810 4622 theologi
1841 4550 1895 4605 id
1940 4552 2230 4607 consilium
2275 4554 2448 4607 secuti
2495 4555 2643 4614 sunt,
2681 4547 2755 4602 ita
2791 4554 2849 4600 ut
2895 4562 2982 4601 ex.
3014 4560 3095 4616 gr.
3123 4544 3314 4615 Orige-

35 4660 159 4696 item
211 4642 560 4708 Halloixins,
592 4646 843 4703 Stavolus
877 4649 1055 4703 adhuc
1095 4650 1334 4706 ineditus
1373 4649 1764 4705 Caesariensem
1795 4649 2089 4706 Eusebium
2135 4651 2374 4719 copiosis
2408 4650 2630 4720 scriptis
2664 4645 3023 4702 defenderint.
3058 4642 3207 4699 Sane
3244 4646 3315 4699 ad

35 4731 433 4801 Mopsuesteni
464 4736 686 4788 tutelam
720 4736 988 4794 Occidens
1015 4755 1181 4810 prope
1212 4741 1502 4796 universus
1536 4756 1658 4795 cum
1684 4741 1869 4794 Africa
1896 4742 2025 4795 olim
2053 4741 2491 4811 conspiraverat:
2532 4755 2701 4811 quare
2720 4746 2774 4792 et
2790 4735 3164 4791 tristissimum
3180 4735 3316 4791 illud

32 4822 284 4876 schisma
316 4824 539 4877 exarsit
570 4824 917 4894 Aquileiense
944 4830 1327 4900 episcoporum
1360 4830 1645 4885 Theodoro
1685 4830 2168 4899 patrocinantium,
2202 4831 2348 4900 quod
2381 4830 2614 4885 Romani
2647 4829 2932 4900 pontiﬁces
2970 4828 3062 4880 vix
3094 4828 3315 4884 tandem

32 4921 349 4989 aliquando
393 4928 521 4990 post
561 4936 661 4975 cu
693 4935 864 4975 annos
907 4922 1392 4987 exstinxeruntie).
1435 4919 1575 4975 Tum
1604 4928 1823 4974 exstant
1852 4916 2097 4974 Facundi
2131 4918 2543 4976 Hermianensis
2578 4922 2631 4976 in
2670 4919 2854 4973 Africa
2882 4916 3122 4988 episcopi
3161 4922 3320 4975 volu-

31 5011 183 5063 mina
214 5010 559 5073 duodecim,
593 5020 645 5065 et
670 5012 773 5065 alia
806 5009 915 5063 duo
946 5012 1190 5080 ejusdem
1218 5012 1423 5082 scripta
1450 5030 1465 5077 ;
1501 5020 1556 5066 et
1580 5006 1841 5080 praeterea
1869 5012 2151 5081 complura
2180 5019 2424 5066 veterum
2456 5013 2764 5066 testimonia
2798 5018 2926 5064 sunt
2960 5009 3322 5069 (Theodoreti

31 5100 262 5171 Ibaeque
288 5103 486 5171 puta),
513 5118 635 5171 quae
657 5102 944 5161 Theodoro
968 5109 1180 5163 laudem
1222 5110 1529 5163 alTundunt.
1571 5108 1677 5162 Sed
1713 5116 1862 5163 certe
1895 5108 1961 5161 ad
1991 5108 2215 5163 Latinos
2247 5108 2560 5163 laudatores
2596 5108 2738 5177 quod
2774 5109 2986 5166 attinet,
3017 5106 3324 5159 audiendus

31 5194 301 5265 Pelagius
354 5192 402 5247 ll
438 5210 573 5264 papa
618 5197 672 5249 in
700 5196 1072 5253 disertissimis
1111 5202 1180 5253 ad
1228 5199 1401 5253 Etiam
1450 5199 1815 5267 patriarcham
1864 5197 2260 5252 schismaticum
2295 5192 2349 5253 et
2382 5199 2449 5251 ad
2484 5197 2662 5252 Isti-ia:
2686 5198 2951 5266 episcopos
2992 5195 3249 5267 titteris(f
3275 5194 3329 5258 )3

104 5374 191 5437 (α)
234 5370 478 5445 ὅσοι-ξιξ.
514 5387 580 5445 v,_
614 5371 681 5433 ὃς
717 5369 935 5445 S_ozom.
966 5389 1084 5445 3m,
1134 5373 1202 5445 2;
1261 5374 1450 5438 Evagr.
1498 5391 1534 5437 I,
1569 5376 1637 5441 εὶς
1740 5377 1911 5431 berat.
1944 5375 2178 5430 Breviar.
2213 5391 2332 5445 cap.
2358 5377 2409 5430 4.

31 5442 291 5495 Facund.
326 5458 396 5505 ιι,
429 5440 501 5504 2;
542 5439 786 5495 Gennad.
826 5458 937 5509 xu;
971 5442 1294 5498 Theodoret.
1335 5448 1480 5499 Hist.
1514 5463 1533 5497 ε

31 5530 78 5568 ν,
120 5514 198 5565 40
224 5532 243 5568 ;
292 5511 503 5563 Leont.
552 5521 734 5564 contra
762 5511 916 5567 Nest.
948 5530 1030 5568 ιιι.
1072 5524 1125 5568 et
1163 5516 1239 5568 De
1273 5527 1395 5568 sect.
1432 5524 1533 5568 act.

1172 5454 1294 5498 iret.
1335 5448 1480 5499 Hist.
1514 5439 1639 5497 (εί-(ιζ
1815 5448 1885 5568 (ξ)
1926 5446 2022 5514 Ep.
2058 5463 2095 5500 ι.
2248 5439 2307 5528 n',
2339 5448 2427 5508 51.
2460 5464 2557 5508 vn,
2588 5447 2674 5501 54.

1172 5516 1239 5568 De
1273 5527 1395 5568 sect.
1432 5524 1537 5568 act.
1571 5517 1644 5568 ιιι
1817 5518 1832 5568 l
1884 5521 1896 5568 l
1940 5516 2085 5568 Hard
2140 5527 2160 5568 ι
2186 5517 2343 5568 oncrl.
2378 5527 2507 5568 tom.
2550 5517 2636 5568 lll.
2667 5535 2674 5568 ι

31 5530 86 5587 γ..
120 5514 243 5587 4οΛ;
292 5511 734 5587 ιδεοιιιᾷλοοηινα
762 5511 916 5567 Nest.
948 5530 1030 5578 tu,
1072 5524 1125 5569 et
1163 5516 1239 5568 De
1273 5527 1395 5569 sect.
1432 5524 1537 5571 act.
1571 5517 1603 5569 4
1631 5535 1644 5580 ;
1817 5511 1896 5587 (d)
1940 5511 2085 5587 liard
2140 5515 2343 5572 ('oncil.
2378 5527 2507 5571 tein.
2550 5517 2636 5581 lll,
2667 5534 2717 5586 p.
2749 5517 2876 5573 430.

31 5579 573 5656 Mrepli.xut,_30.
658 5650 672 5656 _
866 5652 882 5656 Δ
1077 5655 1082 5656 ν
1171 5653 1215 5656 μ
1349 5654 1360 5656 4
1465 5653 1478 5656 Α

1349 5654 1360 5656 ᾼ
1465 5653 1478 5656 Α
1823 5579 1890 5653 (ei
1933 5585 2175 5641 Monum.
2207 5589 2383 5656 Aquit.
2417 5588 2527 5641 ind.
2554 5579 2745 5640 chron.

102 5648 405 5728 (ὁὶ-Αριιά
456 5648 807 5728 [iocundum
848 5652 908 5728 _6,
956 5670 1008 5707 χ.
1056 5655 1120 5720 5;
1161 5653 1408 5728 _i_i_csych.
1435 5653 1648 5728 fragili.
1950 5658 2116 5713 Hard.
2154 5648 2356 5713 Concil.
2383 5666 2513 5712 tom.
2544 5657 2629 5720 Ill,
2665 5673 2716 5728 p.
2748 5656 2871 5713 430.

32 5720 166 5778 hist.
207 5720 519 5776 in'concil.
553 5720 615 5782 V,
652 5722 737 5776 ed.
766 5724 935 5779 (Solet.
984 5735 1114 5777 tom.
1160 5725 1249 5792 IX,
1283 5720 1343 5797 'p.
1384 5725 1521 5791 248;
1550 5720 1655 5777 ιι-

405 5811 681 5874 ΡΔτιιοι..
731 5815 777 5873 (ἶ
792 5835 827 5874 n
900 5817 1119 5882 LXVI;

3016 5823 3049 5878 lu
