3804 6222
471 282 570 338 ltl'l
1708 281 1869 339 ANG.
1912 282 1973 336 M.

2229 282 2492 339 EFATIO.
3630 293 3731 352 108

469 400 650 456 Latini
675 399 906 454 homines
941 397 1240 454 Graecitatis
1271 399 1463 468 ignari,
1498 397 1623 452 dum
1652 399 1891 469 linguam
1929 399 2194 465 nesciunt,
2250 417 2482 456 errorem
2542 398 2691 452 tarde
2727 407 3108 470 cognouerunt;
3155 417 3378 472 quorum
3409 409 3736 468 constantia.

467 513 735 567 quousque
757 513 932 551 verum
968 503 1356 566 cognoscerent,
1388 510 1421 548 a
1450 493 1733 548 certamine
1763 510 1866 547 non
1902 495 2115 563 quievit.
2146 495 2325 551 Causa
2359 496 2440 551 rei
2486 503 2651 550 tanta:
2683 491 2804 556 fuit,
2835 491 2979 564 quod
3007 493 3245 565 episcopi
3277 496 3352 550 illi
3383 502 3654 568 praaconia
3682 514 3740 557 et

469 589 671 658 scripta
711 588 982 643 Theodori
1005 588 1060 642 in
1101 587 1556 655 Cbaleedonensi,
1596 597 1657 643 ut
1702 587 1841 644 falso
1874 590 2162 659 putabant,
2207 590 2441 647 concilio
2481 601 2704 663 pronata
2728 629 2743 654 ,
2790 589 2846 643 in
2885 588 3496 661 Constantinopolitano
3536 595 3739 651 deinde

471 682 730 739 damnata
765 699 907 754 aegre
936 682 1203 738 ferebant.

540 825 604 880 il.
630 825 1080 881 Commentariun:
1119 830 1187 883 ad
1229 828 1277 882 Χ
1285 828 1347 882 II
1386 832 1666 898 prophetas
1711 830 1962 894 minores,
1999 847 2160 901 quem
2188 847 2335 886 nunc
2364 833 2531 888 edere
2555 831 2864 904 aggredior,
2897 832 2950 886 in
2982 832 3198 888 duobus
3227 829 3428 886 oﬂ'endi
3451 829 3735 886 Vaticana:

473 919 818 977 bibliotheca:
840 920 1140 984 codicibus,
1174 921 1346 976 altero
1372 923 1463 990 qui
1494 921 1598 976 fuit
1635 923 1762 977 olim
1795 923 2084 991 cujusdam
2122 923 2387 994 dignitate
2413 925 2933 995 πρωτοασηκρήτις,
2965 923 3162 978 deinde
3193 938 3321 978 vero
3365 921 3593 978 Joannis
3621 940 3745 978 car

472 1013 671 1070 dinalis
717 1011 1014 1070 Florentini
1067 1015 1332 1084 Salviati;
1377 1025 1582 1094 postea.
1616 1018 1672 1072 in
1730 1016 2101 1074 Romanorum
2159 1019 2611 1075 Columnensium
2660 1019 3045 1076 bibliothecam
3085 1020 3348 1083 transiit;
3391 1020 3627 1090 denique
3675 1020 3744 1072 ad

473 1113 692 1168 codices
717 1109 1012 1166 Vaticanus
1052 1120 1180 1167 ante
1207 1112 1562 1178 decennium,
1598 1129 1686 1168 me
1714 1113 2000 1184 praefecto,
2038 1115 2296 1170 accessit.
2331 1115 2380 1170 Is
2409 1123 2494 1172 est
2528 1116 2700 1170 codex
2743 1115 3125 1170 membraneus
3158 1121 3526 1183 pervetustus,
3555 1113 3744 1169 saeculi

473 1209 694 1264 circiter
723 1205 1018 1270 undecimi,
1038 1206 1426 1275 integerrimus
1457 1215 1509 1262 et
1537 1209 2046 1264 emendatissimus.
2070 1209 2221 1264 Alter
2249 1210 2420 1264 codex
2451 1209 2518 1265 ad
2551 1205 3274 1264 Vaticanamcollectionem
3299 1205 3411 1275 jam
3444 1207 3536 1260 diu
3569 1207 3746 1276 perti-

475 1315 633 1365 nens,
673 1300 1002 1354 chartaceus
1036 1305 1090 1353 et
1131 1312 1345 1364 recens,
1378 1298 1886 1369 commentarioque
1908 1298 1974 1352 ad
2007 1298 2327 1353 Zachariam
2368 1313 2587 1360 carens,
2622 1299 2779 1364 cujus
2819 1297 2898 1350 rei
2934 1312 3042 1350 non
3073 1296 3290 1350 dubiam
3328 1311 3548 1352 causam
3579 1297 3747 1368 paulo

473 1399 598 1464 post
631 1391 894 1447 recitabo.
939 1388 1059 1444 Jam
1091 1389 1180 1442 hic
1227 1404 1419 1444 recens
1449 1387 1584 1443 adeo
1619 1390 1936 1444 vetustioris
1964 1390 2108 1445 illius
2143 1390 2428 1444 lectionem
2481 1388 2752 1458 sequitur,
2777 1395 2846 1465 qut
2890 1401 2954 1440 ex
2993 1385 3184 1443 eodem
3218 1388 3552 1458 exscriptum
3583 1385 3748 1441 valde

474 1491 727 1546 arbitrer.
770 1486 883 1559 Ego
912 1494 1060 1542 certe
1109 1484 1315 1538 nullam
1351 1485 1673 1539 recentioris
1711 1485 1978 1539 rationem
2012 1485 2198 1546 habui,
2247 1483 2344 1540 sed
2400 1489 2698 1552 prazstante
2730 1483 2958 1550 antiquo
2983 1493 3198 1548 semper
3249 1493 3370 1534 sum
3407 1493 3562 1534 usus.
3593 1476 3747 1532 Satis

476 1584 664 1651 itaque
697 1578 826 1633 mihi
864 1576 932 1630 ad
965 1577 1267 1631 curandam
1301 1577 1595 1632 editionem
1626 1577 1682 1631 in
1705 1575 1992 1632 Pontilicia
2022 1577 2352 1632 bibliotheca
2382 1575 2614 1632 subsidii
2647 1574 2787 1642 fuit;
2827 1574 2920 1630 sed
2951 1575 3078 1644 quia
3108 1581 3286 1628 tamen
3317 1588 3414 1643 par
3447 1574 3748 1628 thesaurus

476 1674 602 1728 alibi
638 1685 857 1743 quoque
893 1678 1092 1732 exstat,
1128 1684 1238 1722 non
1287 1669 1563 1740 gravabor
1596 1669 1853 1723 notitiam
1910 1679 2224 1724 exterorum
2272 1669 2551 1734 codicum,
2587 1684 2710 1738 quae
2744 1667 2877 1720 mihi
2915 1665 3194 1736 indaganti
3231 1668 3496 1730 occurrit,
3550 1669 3748 1737 paucis

477 1785 775 1841 exponere.
812 1767 872 1822 In
898 1767 1094 1838 primis
1148 1766 1381 1820 Caesaris
1427 1767 1758 1822 bibliotheca
1797 1766 2240 1824 Vindobonensis
2271 1766 2412 1822 duos
2447 1766 2611 1821 habet
2660 1763 2934 1820 Theodori
2961 1763 3018 1816 in
3051 1779 3127 1819 xu
3162 1762 3443 1832 prophetas
3493 1763 3744 1824 codices.

477 1879 714 1936 quorum
755 1863 986 1918 alterum
1023 1859 1128 1915 sub
1159 1875 1391 1915 numero
1422 1859 1632 1916 CLXIII
1665 1860 1962 1932 descripsit
1990 1861 2318 1918 Lambecms
2367 1862 2482 1932 (a);
2523 1861 2591 1916 de
2619 1861 2792 1915 altero
2830 1859 2959 1914 huic
2981 1857 3141 1929 plane
3172 1855 3336 1912 simili
3371 1856 3582 1925 prolixe
3608 1854 3749 1909 For-

477 1959 615 2015 losia
648 1957 762 2028 (qui
785 1955 852 2012 de
892 1954 1132 2011 editione
1171 1967 1390 2022 quoque
1438 1953 1721 2024 cogitavit)
1767 1953 2013 2024 loquitur
2041 1952 2184 2023 apud
2217 1953 2524 2008 Kollarium
2557 1953 2612 2006 in
2648 1949 3043 2022 supplementis
3073 1965 3126 2018 p.
3166 1946 3288 2001 167.
3340 1947 3516 2016 Atque
3547 1945 3600 1999 hi
3634 1945 3750 2000 duo

480 2053 937 2108 Vindobonenses
967 2047 1243 2104 chartacei
1277 2057 1425 2112 sunt,
1457 2063 1558 2103 nec
1587 2048 1800 2119 antiqui
1829 2066 1842 2102 :
1881 2049 2015 2118 quin
2043 2048 2180 2104 adeo
2215 2049 2491 2104 secundus
2521 2049 2734 2103 delatus
2773 2063 2841 2102 ex
2881 2043 3037 2099 Italia
3074 2040 3177 2094 fuit
3205 2039 3274 2092 ab
3307 2037 3567 2108 Apostolo
3595 2036 3751 2090 Zeno

485 2147 864 2202 Viudobonam
891 2163 903 2199 :
936 2144 1071 2199 satis
1106 2150 1288 2196 autem
1320 2151 1548 2214 apparet
1586 2143 1960 2214 apographum
1999 2159 2123 2198 esse
2151 2143 2355 2198 veteris
2383 2142 2591 2197 codicis
2624 2140 3033 2200 Columnensis,
3079 2148 3225 2188 nunc
3257 2131 3541 2193 Vaticani;
3570 2145 3752 2200 quan-

479 2237 774 2308 doquidem
823 2234 928 2288 tria
977 2235 1070 2288 illa
1118 2235 1327 2289 scholia
1364 2252 1394 2288 a
1423 2235 1665 2288 Kollario
1718 2236 1884 2297 edita,
1942 2235 2224 2304 quibusin
2261 2234 2543 2290 Zachariae
2582 2234 2858 2304 propinata:
2906 2233 3151 2303 margine
3187 2231 3474 2300 theologus
3518 2227 3750 2282 Graecus

489 2331 676 2386 nescio
708 2328 834 2398 quis
869 2331 1102 2396 castigat
1126 2328 1390 2395 quasdam
1419 2325 1690 2381 Theodori
1726 2327 1904 2381 nostri
1935 2328 2258 2392 sententias,
2286 2342 2371 2392 ea,
2404 2327 2653 2395 inquam,
2679 2325 2885 2379 scholia
2919 2323 2972 2377 in
2998 2324 3335 2395 marginibus
3359 2321 3751 2377 Columnensis

482 2430 689 2484 codicis
727 2435 971 2489 exstant,
1007 2434 1174 2494 atque
1203 2425 1270 2480 ad
1301 2426 1540 2480 litteram
1573 2442 1696 2480 cum
1745 2426 1852 2482 illis
1895 2427 2059 2483 editis
2103 2435 2433 2496 congruunt.
2470 2424 2590 2479 Jam
2641 2425 2770 2494 quia
2820 2419 3246 2476 commentarius
3290 2412 3656 2483 Mopsuesteni
3693 2411 3752 2464 in

485 2519 807 2572 Zachariam
841 2513 1212 2570 criminationi
1258 2515 1421 2569 alicui
1456 2524 1643 2584 patere
1671 2516 1820 2569 visus
1851 2523 1955 2577 est,
1987 2515 2195 2569 idcirco
2221 2516 2372 2569 illum
2403 2513 2652 2569 Vaticani
2680 2512 3004 2568 recentioris
3026 2510 3232 2565 codicis
3263 2508 3496 2576 scriptor
3520 2513 3752 2573 praeter-

486 2618 673 2672 misit:
706 2615 850 2686 quod
892 2628 993 2684 ego
1039 2611 1326 2668 consilium
1364 2611 1588 2666 minime
1619 2611 1827 2680 probo;
1860 2626 2038 2681 neque
2066 2611 2209 2665 enim
2240 2611 2581 2680 periclitatur
2618 2609 2876 2664 Ecclesiae
2916 2614 3114 2668 status,
3165 2601 3340 2657 sicubi
3376 2599 3517 2652 forte
3557 2595 3751 2666 Mops-

487 2720 748 2766 uestenus
805 2707 1034 2763 audacia
1091 2707 1175 2760 vel
1231 2702 1469 2757 novitate
1536 2701 1932 2772 interpretandi
1990 2701 2153 2769 paulo
2202 2701 2426 2755 liberius
2477 2709 2724 2772 vagatur.
2776 2699 3013 2765 Quintus
3063 2693 3232 2749 codex
3290 2688 3528 2744 Venetus
3581 2698 3669 2742 est
3719 2701 3753 2739 a

485 2803 891 2860 Montiaueonio
915 2801 990 2872 (b)
1021 2801 1076 2854 in
1107 2800 1492 2854 Grimanorum
1521 2797 1853 2850 bibliotheca
1881 2796 2226 2850 observatus.
2261 2793 2458 2850 Sextus
2488 2811 2643 2864 aeque
2683 2793 2923 2848 Venetus
2969 2798 3076 2852 est,
3104 2801 3264 2856 quem
3301 2784 3440 2837 idem
3471 2779 3752 2836 Montiau-

485 2900 678 2955 conius
700 2899 770 2966 (ε)
801 2896 942 2967 apud
975 2893 1248 2947 Meletium
1284 2890 1589 2962 Typaldum
1613 2885 1769 2946 vidit.
1796 2889 2074 2960 Septimus
2113 2891 2284 2944 codex
2333 2890 2474 2960 apud
2505 2890 2850 2944 Gerasimum
2893 2884 3153 2940 Blaebum
3181 2881 3233 2933 in
3265 2877 3436 2932 Gallia
3461 2875 3584 2942 fuit,
3612 2882 3755 2930 teste

483 2988 812 3046 Combeﬁsio
850 2985 951 3054 (ά).
980 2984 1160 3052 Atque
1186 2981 1332 3035 hunc
1360 2981 1602 3036 codicem
1645 2981 1883 3049 inspexit
1927 2979 2112 3041 etiam,
2144 2986 2206 3030 ut
2256 2986 2407 3046 puto,
2441 2975 2754 3046 Stephanus
2794 2977 2862 3030 ab
2888 2977 3156 3034 Altimura
3186 2973 3528 3046 (Lequinius)
3558 2971 3654 3042 qui
3695 2973 3753 3026 in

488 3083 751 3152 l’anoplia
778 3097 831 3152 p.
858 3081 984 3142 L33,
1018 3078 1096 3131 ait
1129 3093 1192 3132 se
1237 3078 1434 3149 legisse
1482 3075 1854 3147 Mopsuesten'i
1907 3073 2330 3128 Commentarios
2362 3073 2416 3126 in
2452 3088 2527 3126 xtl
2573 3071 2871 3140 prophetas.
2906 3069 3096 3126 Octavi
3124 3071 3333 3126 codicis
3364 3069 3612 3124 notitiam
3641 3068 3755 3138 pri-

487 3191 631 3241 mus,
661 3182 722 3228 ut
747 3172 1006 3236 arbitror,
1042 3167 1283 3240 prodidit
1313 3167 1652 3224 Posseviuus
1678 3167 1771 3236 (e),
1795 3165 1888 3236 qui
1913 3172 2132 3220 exstare
2150 3157 2286 3217 eum
2318 3162 2457 3216 dixit
2491 3163 2676 3216 Romae
2717 3163 2772 3217 in
2803 3163 3133 3217 bibliotheca
3161 3160 3529 3215 Vallicelliana
3550 3177 3565 3226 ;
3588 3174 3754 3229 quem

486 3284 584 3338 ego
605 3267 846 3321 codicem
883 3276 1009 3316 cum
1056 3261 1428 3324 observarem,
1464 3259 1800 3330 deprehendi
1845 3275 1970 3314 esse
2022 3267 2186 3314 tenue
2236 3259 2708 3330 interpretationis
2754 3259 2810 3313 in
2865 3259 3058 3314 Oscam
3109 3259 3499 3329 fragmentum,
3534 3255 3755 3326 paginis

486 3356 774 3413 duodecim
813 3360 1099 3417 constans,
1133 3366 1309 3420 usque
1336 3355 1404 3405 ad
1443 3349 1674 3405 secundi
1705 3351 1904 3421 capitis
1933 3352 2272 3407 versiculum
2306 3352 2525 3405 tertium
2557 3352 2855 3406 decimum.
2889 3351 3066 3408 Huius
3097 3367 3261 3420 porro
3288 3352 3534 3422 praeclari
3564 3349 3756 3420 operis

487 3450 706 3504 codices
735 3447 826 3517 qui
859 3460 1024 3500 manu
1064 3443 1272 3497 diutius
1301 3441 1665 3505 versaverint,
1697 3450 1810 3497 tres
1837 3442 2033 3496 saltem
2065 3441 2342 3512 comperio
2373 3442 2519 3498 viros
2546 3459 2560 3508 ;
2607 3459 2843 3513 quorttm
2875 3446 3088 3514 primus
3117 3451 3202 3499 est
3233 3442 3562 3498 Franciscus
3610 3441 3758 3496 Tur-

486 3559 675 3599 rianus
698 3540 786 3610 (Γ),
819 3554 848 3594 a
885 3553 996 3609 quo
1033 3535 1218 3590 Romae
1245 3535 1474 3605 degente
1514 3534 1838 3592 Vaticanum
1885 3538 2067 3608 ipsum
2100 3538 2347 3592 codicem
2383 3538 2583 3592 lectum
2615 3540 2875 3608 augurari
2907 3541 3054 3595 licet.
3083 3538 3373 3594 Secundus
3412 3546 3498 3593 est
3527 3536 3756 3593 Samuel

490 3635 775 3697 Tenulius,
813 3633 905 3703 qui
947 3632 1002 3686 iu
1035 3631 1234 3686 litteris
1273 3633 1342 3686 ad
1376 3631 1500 3688 Nic.
1538 3631 1819 3688 Heinsium
1855 3635 1929 3704 (g)
1963 3635 2039 3688 ait
2078 3650 2137 3690 se
2171 3635 2224 3688 in
2269 3633 2422 3689 Latio
2464 3633 2827 3705 descripsisse
2863 3637 2967 3693 sibi
3011 3635 3283 3690 Theodori
3329 3635 3658 3690 Antiocheni
3701 3637 3758 3688 in

488 3729 680 3788 Oscam
719 3726 1064 3798 fragmenta;
1109 3742 1231 3796 qua:
1266 3730 1469 3785 locutio
1502 3730 1622 3801 ejus
1668 3730 1800 3786 facit
1850 3739 1908 3786 ut
1959 3733 2268 3787 existimem
2321 3733 2466 3802 loqui
2521 3731 2812 3786 'I‘enulium
2858 3731 2926 3786 de
2962 3731 3152 3787 codice
3201 3729 3604 3795 Vallicelliano,
3660 3733 3758 3800 qui

487 3839 679 3894 reapse
711 3823 846 3877 nihil
879 3822 1062 3886 habet,
1096 3829 1155 3897 ut
1183 3821 1445 3887 diximus,
1479 3831 1676 3893 praeter
1705 3823 1868 3878 breve
1895 3824 1947 3877 in
1975 3823 2166 3880 Oscam
2199 3822 2585 3893 fragmentum.
2613 3821 2831 3878 Tertius
2859 3833 2945 3879 est
2979 3823 3270 3879 Anselmus
3297 3823 3628 3885 Bandurius,
3659 3825 3760 3892 qui

492 3919 545 3972 in
568 3922 865 3985 conspectu
891 3930 1121 3986 operum
1149 3913 1442 3983 Nicephori
1474 3931 1634 3985 quem
1661 3914 1949 3970 Fabricius
1996 3916 2240 3986 vulgavit
2275 3913 2374 3982 (h),
2411 3913 2487 3966 ait
2520 3929 2570 3975 p.
2605 3912 2732 3970 626,
2767 3929 2825 3969 se
2849 3914 2993 3969 inter
3031 3924 3226 3971 caetera
3269 3917 3540 3970 editurum
3575 3915 3763 3972 Theo-

487 4013 608 4064 dori
638 4022 857 4079 quoque
887 4006 1252 4076 Mopsuesteni
1286 4009 1338 4060 in
1363 4009 1642 4075 prophetas
1691 4025 1764 4063 χιι
1799 4011 2258 4063 commentarium.
2288 4006 2406 4062 Jam
2450 4009 2580 4077 quia
2609 4008 2916 4064 Bandurius
2954 4027 3012 4066 se
3049 4012 3101 4065 id
3139 4013 3401 4068 beneficio
3431 4013 3616 4068 Cosmi
3658 4013 3756 4079 III,

488 4103 645 4156 ducis
674 4099 924 4162 Etrurite,
957 4097 1117 4167 cujus
1150 4095 1267 4165 ipse
1309 4099 1698 4154 bibliothecam
1738 4101 1979 4170 regebat,
2019 4100 2290 4154 facturum
2323 4100 2619 4170 spopondit
2649 4101 2989 4172 (quanquam
3028 4103 3186 4158 [idem
3237 4120 3412 4174 neque
3442 4103 3762 4162 Bandurius

491 4198 776 4253 Florentia:
822 4210 1000 4264 neque
1043 4192 1291 4247 Forlosia
1324 4191 1658 4248 Vindobonaa
1692 4191 2344 4262 liberaverunt),putabat
2365 4193 2649 4250 Fabricius
2675 4194 2736 4266 (i)
2775 4197 3024 4251 codicem
3073 4200 3194 4268 ejus
3228 4202 3410 4270 operis
3463 4201 3519 4253 in
3553 4201 3760 4257 biblio-

491 4295 648 4348 theca
677 4291 914 4346 Medicea
941 4296 1178 4344 exstare.
1211 4287 1365 4342 Nunc
1393 4297 1575 4343 autem
1617 4289 1886 4357 ejusmodi
1924 4289 2168 4344 codicem
2200 4289 2475 4344 Bandurio
2503 4290 2748 4362 ignotum
2783 4293 3062 4355 videmus;
3096 4306 3160 4344 ex
3189 4307 3298 4358 quo
3329 4291 3578 4359 sequitur
3607 4298 3667 4345 ut
3704 4296 3760 4346 in

491 4389 733 4444 bledicea
786 4386 1116 4442 bibliotheca
1150 4399 1260 4439 non
1292 4379 1477 4435 fuerit.
1531 4377 1736 4433 Revera
1786 4379 2092 4435 Bandurius
2127 4381 2201 4433 nil
2235 4380 2381 4434 aliud
2417 4381 2492 4434 ait
2524 4381 2632 4436 nisi
2677 4398 2736 4437 se
2783 4383 2834 4437 id
2873 4399 3010 4452 Opus
3065 4398 3095 4436 e
3143 4381 3490 4436 bibliothecis
3518 4383 3757 4445 eruisse,

491 4499 628 4553 quas
657 4483 800 4536 inter
827 4479 988 4550 paulo
1014 4488 1140 4534 ante
1173 4475 1490 4529 Vaticanam
1537 4479 2092 4526 commemoraverat:
2131 4479 2184 4526 et
2213 4473 2430 4540 quidem
2465 4472 2513 4526 si
2547 4472 2615 4528 de
2644 4488 2744 4528 sua
2777 4473 3015 4529 Medicea
3045 4475 3382 4542 loqueretur,
3417 4473 3762 4543 Mopsuestc-

495 4589 624 4628 unm
661 4571 799 4642 apud
830 4586 889 4627 se
923 4570 1120 4625 habere
1148 4569 1398 4624 dixisset.
1443 4564 1580 4617 Tum
1625 4578 1754 4617 vero
1801 4573 1855 4616 et
1904 4563 1995 4617 ille
2021 4563 2190 4618 codex
2241 4561 2634 4628 Salviatorum,
2667 4581 2815 4620 nunc
2859 4564 3177 4628 Vaticanus,
3227 4568 3316 4620 illa
3371 4567 3551 4621 adhuc
3596 4574 3762 4622 aetate

493 4664 785 4720 Florentia:
839 4663 979 4734 apud
1023 4670 1234 4718 veteres
1282 4657 1556 4719 dominos,
1590 4661 1649 4708 ut
1679 4655 1864 4718 credo,
1903 4654 2038 4720 luit;
2072 4671 2177 4725 qua
2230 4656 2282 4710 iu
2338 4655 2471 4710 urbe
2520 4656 2588 4710 ad
2625 4655 2890 4713 Bandurii
2932 4662 3181 4716 notitiam
3240 4677 3546 4732 manusque
3593 4662 3762 4717 facile

493 4763 657 4816 venit.

568 4896 652 4950 Ill.
725 4897 836 4967 Age
915 4909 1082 4958 vero,
1139 4893 1206 4948 de
1278 4899 1504 4946 auctore
1584 4889 1768 4960 operis
1841 4891 2136 4958 quominus
2219 4891 2583 4963 dubitemus,
2658 4897 2872 4952 testis'
2939 4898 3093 4954 adest
3182 4900 3234 4954 in
3317 4900 3576 4962 cunctis,
3664 4902 3759 4972 qui

495 4991 606 5045 noti
671 4997 828 5058 sunt,
895 4989 1286 5059 manuscriptis
1347 4985 1633 5042 codicibus
1691 4993 1952 5040 constans

2255 4986 2520 5060 Βεοδὼρου
2581 4992 2932 5063 Ἀντιοχέως,
2996 4993 3256 5048 Theodori
3307 4996 3518 5051 scilicet
3576 4998 3757 5067 patria

497 5085 822 5140 Antiocheni.
890 5084 995 5142 Sed
1028 5085 1156 5156 quia
1223 5101 1333 5142 non
1395 5103 1536 5143 unus
1595 5087 1698 5142 I'uit
1741 5089 2045 5160 Antiochiae
2097 5097 2260 5146 natus
2312 5088 2664 5159 Theodorus,
2720 5110 2850 5150 ecce
2916 5095 3073 5151 nobis
3119 5094 3347 5152 Photius
3387 5097 3456 5167 (j)
3515 5109 3758 5169 quatuor

589 5290 641 5366 ᾳ)
683 5284 840 5366 Iom.
873 5284 1051 5366 iV,.p.
1082 5287 1208 5366 δξε),
1246 5285 1490 5366 θαλειρν.
1752 5357 1842 5366 ω
2170 5288 2473 5366 '_I‘_urrianus
2529 5290 2598 5345 de
2659 5289 3056 5366 interpretandi
3115 5308 3312 5366 genere
3338 5331 3365 5366 ,ί
3405 5309 3515 5366 quo
3588 5297 3762 5352 utitur

588 5351 638 5492 be
679 5355 830 5436 Biar.
864 5351 1082 5426 ltalfp.
1118 5358 1207 5420 59,
1235 5367 1289 5412 et
1320 5357 1458 5411 Bibl.
1490 5375 1615 5412 mss.
1653 5373 1707 5428 p.
1740 5357 1865 5413 478.
2172 5360 2628 5430 Mopsuestenus,
2678 5351 2841 5432 atque
2892 5363 2946 5417 id
2999 5351 3437 5420 nonvimmerito'
3485 5351 3759 5435 castigat;

588 5444 612 5480 c
678 5425 834 5480 Dtor.
868 5425 999 5480 Ital.
1035 5445 1086 5492 p.
1118 5428 1208 5492 46,
1239 5428 1378 5482 Bibl.
1434 5444 1562 5482 mss.
1597 5442 1648 5492 p.
1679 5427 1805 5482 478.
2170 5431 2415 5492 satisque
2461 5431 2803 5486 demonstrat
2843 5439 3018 5488 totum
3073 5449 3103 5488 a
3155 5449 3216 5490 se
3261 5435 3321 5488 in
3360 5451 3436 5489 xu
3470 5441 3759 5492 pronhetas

587 5425 636 5507 ε)
868 5425 999 5480 Ital.
1030 5425 1086 5496 ᾖ».
1118 5428 1217 5507 46,
1239 5428 1378 5507 Bibl:
1402 5444 1562 5507 _mss.
1597 5425 1805 5497 p.178.
2170 5425 2415 5500 satisque
2461 5425 2803 5507 demonstrat
2834 5439 3018 5507 totum
3073 5449 3103 5488 a
3155 5449 3216 5490 se
3261 5435 3321 5488 in
3360 5451 3436 5489 xu
3469 5425 3761 5507 ρνορθιῖιιὲ

585 5499 644 5566 d)
687 5497 826 5552 Bibl.
855 5514 1001 5554 conc.
1036 5508 1168 5552 tom.
1203 5500 1242 5563 Ι,
1269 5515 1319 5566 p.
1353 5497 1442 5550 44.
2169 5497 2603 5556 commentarium
2637 5500 2803 5557 fuisse
2832 5505 3052 5558 lectum.

585 5566 633 5644 ς)
674 5569 873 5644 ᾼῃραν.
913 5579 1047 5624 tom.
1090 5569 1174 5644 ll_l_,
1210 5567 1336 5644 god.
1378 5566 1568 5623 Vallic.
1606 5584 1658 5638 p.
1691 5567 1782 5622 27.
1867 5639 1926 5644 __
2241 5573 2317 5644 (Vg)
2356 5571 2618 5644 Burman.
2657 5570 2860 5644 Syllog.
2887 5581 3020 5638 tom,
3055 5573 3119 5636 II,
3148 5590 3200 5638 p.
3238 5575 3362 5631 80I.

585 5576 633 5638 e)
674 5576 873 5636 Appar.
913 5579 1047 5624 tom.
1090 5576 1174 5631 lll,
1213 5576 1336 5622 cod.
1381 5576 1568 5623 Vallic.
1606 5584 1658 5638 p.
1691 5576 1782 5622 Ἦ.
2241 5576 2317 5642 (g)
2357 5576 2618 5625 Burman.
2657 5576 2860 5644 Syllog.
2887 5581 3020 5638 tom,
3055 5576 3119 5636 II,
3148 5590 3200 5638 p.
3238 5576 3362 5631 80I.

564 5576 632 5712 if)
673 5641 956 5716 Ad‘const.
993 5655 1078 5707 ap.
1120 5637 1182 5692 ll.
1207 5637 1274 5705 5;
1309 5653 1405 5707 pro
1428 5653 1547 5706 epp.
1580 5651 1738 5716 poni.
1774 5655 1832 5705 ll,
1863 5639 2060 5716 ‘_ZO,_tv,
2243 5643 2318 5716 (It)
2351 5643 2499 5716 Bibl.
2539 5641 2631 5716 (ἓν.
2661 5645 2746 5716 ed.
2784 5660 2907 5698 nov.
2945 5653 3076 5698 tom.
3113 5644 3224 5710 Vll,
3263 5662 3316 5716 p.
3348 5645 3474 5700 6H.

501 5709 584 5773 I0,
621 5727 673 5764 v.
717 5711 776 5764 2|
801 5727 859 5786 ξ-
900 5709 976 5786 οε
996 5719 1521 5786 αασζΑιιιηιιῃροηι..
1580 5709 1679 5786 lib.
1710 5725 1790 5772 tu,
1822 5709 1909 5786 ed.
1943 5709 2065 5763 Flos
2245 5709 2307 5786 (il
2348 5713 2501 5786 'I‘om.
2638 5715 2855 5786 p.358.

501 5789 636 5836 rent.
691 5797 744 5852 p.
796 5779 884 5836 99.
929 5778 994 5832 Et
1041 5781 1214 5849 primo
1246 5780 1464 5851 quidem
1510 5780 1630 5835 loco
1667 5780 1773 5836 late
1820 5780 2066 5850 disputat
2249 5778 2315 5856 (j)
2343 5783 2512 5840 Codd.
2550 5778 2955 5852 IV,'X.\XVIII,
3007 5783 3242 5853 LXXXI,
3297 5785 3610 5852 CLXXVII.
