  <div class='ocr_page' id='page_1' title='image "/cluster/home/n/w/nwhite01/storage/ocr_20150623/66/nnc1.0021886636/072.png"; bbox 0 0 3804 6222; ppageno 0'>
   <div class='ocr_carea' id='block_1_1' title="bbox 142 286 3403 351">
    <p class='ocr_par' dir='ltr' id='par_1_1' title="bbox 142 286 3403 351">
     <span class='ocr_line' id='line_1_1' title="bbox 142 286 3403 351; baseline 0.002 -9"><span class='ocrx_word' id='word_1_1' title='bbox 142 286 251 342; x_wconf 68' lang='lat' dir='ltr'><strong>un</strong></span> <span class='ocrx_word' id='word_1_2' title='bbox 1384 290 1544 351; x_wconf 64' lang='grc' dir='ltr'><strong>ΛΜΞ.</strong></span> <span class='ocrx_word' id='word_1_3' title='bbox 1586 291 1731 348; x_wconf 77' lang='lat' dir='ltr'><strong>MA&quot;</strong></span> <span class='ocrx_word' id='word_1_4' title='bbox 1764 290 2159 349; x_wconf 65' lang='lat' dir='ltr'><strong>‘PREFATIO.</strong></span> <span class='ocrx_word' id='word_1_5' title='bbox 3302 292 3403 348; x_wconf 71' lang='lat' dir='ltr'><strong>lli)</strong></span> 
     </span>
    </p>
   </div>
   <div class='ocr_carea' id='block_1_2' title="bbox 140 398 3402 484">
    <p class='ocr_par' dir='ltr' id='par_1_2' title="bbox 140 398 3402 484">
     <span class='ocr_line' id='line_1_2' title="bbox 140 398 3402 484; baseline 0.004 -28"><span class='ocrx_word' id='word_1_6' title='bbox 140 415 452 461; x_wconf 72' lang='lat' dir='ltr'><strong>recensens</strong></span> <span class='ocrx_word' id='word_1_7' title='bbox 524 423 696 480; x_wconf 78' lang='lat' dir='ltr'><strong>opera</strong></span> <span class='ocrx_word' id='word_1_8' title='bbox 763 406 1038 464; x_wconf 71' lang='lat' dir='ltr'><strong>Theodori</strong></span> <span class='ocrx_word' id='word_1_9' title='bbox 1107 406 1431 463; x_wconf 79' lang='lat' dir='ltr'><strong>Antioclteni</strong></span> <span class='ocrx_word' id='word_1_10' title='bbox 1532 409 1753 464; x_wconf 86' lang='lat' dir='ltr'><strong>nomine</strong></span> <span class='ocrx_word' id='word_1_11' title='bbox 1787 409 2090 482; x_wconf 86' lang='lat' dir='ltr'><strong>insignita,</strong></span> <span class='ocrx_word' id='word_1_12' title='bbox 2182 404 2625 477; x_wconf 76' lang='lat' dir='ltr'><strong>Mopsuestenum</strong></span> <span class='ocrx_word' id='word_1_13' title='bbox 2697 398 2906 466; x_wconf 83' lang='lat' dir='ltr'><strong>diserte</strong></span> <span class='ocrx_word' id='word_1_14' title='bbox 2992 412 3402 484; x_wconf 80' lang='lat' dir='ltr'><strong>intelligendum</strong></span> 
     </span>
    </p>
   </div>
   <div class='ocr_carea' id='block_1_3' title="bbox 136 502 1638 575">
    <p class='ocr_par' dir='ltr' id='par_1_3' title="bbox 136 502 1582 575">
     <span class='ocr_line' id='line_1_3' title="bbox 136 502 1582 575; baseline 0.001 -21"><span class='ocrx_word' id='word_1_15' title='bbox 136 514 272 555; x_wconf 80' lang='lat' dir='ltr'><strong>esse</strong></span> <span class='ocrx_word' id='word_1_16' title='bbox 340 502 538 570; x_wconf 85' lang='lat' dir='ltr'><strong>docet;</strong></span> <span class='ocrx_word' id='word_1_17' title='bbox 609 504 786 573; x_wconf 86' lang='lat' dir='ltr'><strong>primo</strong></span> <span class='ocrx_word' id='word_1_18' title='bbox 856 502 1077 575; x_wconf 83' lang='lat' dir='ltr'><strong>quidem</strong></span> <span class='ocrx_word' id='word_1_19' title='bbox 1151 504 1270 557; x_wconf 92' lang='lat' dir='ltr'><strong>loco</strong></span> <span class='ocrx_word' id='word_1_20' title='bbox 1345 503 1582 558; x_wconf 87' lang='lat' dir='ltr'><strong>dicens:</strong></span> 
     </span>
    </p>
   </div>
   <div class='ocr_carea' id='block_1_4' title="bbox 1904 502 3406 575">
    <p class='ocr_par' dir='ltr' id='par_1_4' title="bbox 1931 502 3406 575">
     <span class='ocr_line' id='line_1_4' title="bbox 1931 502 3406 575; baseline 0.003 -18"><span class='ocrx_word' id='word_1_21' title='bbox 1931 503 2307 572; x_wconf 81' lang='grc' dir='ltr'>Μοψουεστίας</span> <span class='ocrx_word' id='word_1_22' title='bbox 2373 503 2611 570; x_wconf 84' lang='grc' dir='ltr'>γεγονὼς</span> <span class='ocrx_word' id='word_1_23' title='bbox 2679 506 2973 571; x_wconf 76' lang='grc' dir='ltr'><strong>ἐπίσκοπος</strong></span> <span class='ocrx_word' id='word_1_24' title='bbox 3026 502 3181 573; x_wconf 73' lang='grc' dir='ltr'>οὗτός</span> <span class='ocrx_word' id='word_1_25' title='bbox 3235 512 3406 575; x_wconf 78' lang='grc' dir='ltr'>ἐστιν,</span> 
     </span>
    </p>
   </div>
   <div class='ocr_carea' id='block_1_5' title="bbox 140 585 1642 669">
    <p class='ocr_par' dir='ltr' id='par_1_5' title="bbox 140 585 1642 661">
     <span class='ocr_line' id='line_1_5' title="bbox 140 585 1642 661; baseline 0.001 -19"><span class='ocrx_word' id='word_1_26' title='bbox 140 585 320 661; x_wconf 72' lang='grc' dir='ltr'>οἶμαι·</span> <span class='ocrx_word' id='word_1_27' title='bbox 354 594 596 649; x_wconf 85' lang='lat' dir='ltr'><strong>secundo</strong></span> <span class='ocrx_word' id='word_1_28' title='bbox 626 605 806 651; x_wconf 90' lang='lat' dir='ltr'><strong>autem</strong></span> <span class='ocrx_word' id='word_1_29' title='bbox 839 597 961 651; x_wconf 89' lang='lat' dir='ltr'><strong>loco</strong></span> <span class='ocrx_word' id='word_1_30' title='bbox 999 590 1200 657; x_wconf 75' lang='grc' dir='ltr'>εοῦτος</span> <span class='ocrx_word' id='word_1_31' title='bbox 1222 594 1279 647; x_wconf 85' lang='grc' dir='ltr'><em>δέ</em></span> <span class='ocrx_word' id='word_1_32' title='bbox 1304 595 1449 647; x_wconf 78' lang='grc' dir='ltr'>ἐστιν</span> <span class='ocrx_word' id='word_1_33' title='bbox 1484 597 1512 648; x_wconf 89' lang='grc' dir='ltr'>ὁ</span> <span class='ocrx_word' id='word_1_34' title='bbox 1546 596 1642 647; x_wconf 83' lang='grc' dir='ltr'><strong>Μοι</strong></span> 
     </span>
    </p>
   </div>
   <div class='ocr_carea' id='block_1_6' title="bbox 1906 585 3408 669">
    <p class='ocr_par' dir='ltr' id='par_1_6' title="bbox 1906 596 3408 669">
     <span class='ocr_line' id='line_1_6' title="bbox 1906 596 3408 669; baseline 0.004 -22"><span class='ocrx_word' id='word_1_35' title='bbox 1906 611 1941 657; x_wconf 74' lang='grc' dir='ltr'>ς·</span> <span class='ocrx_word' id='word_1_36' title='bbox 1980 596 2140 648; x_wconf 87' lang='lat' dir='ltr'><strong>tertio</strong></span> <span class='ocrx_word' id='word_1_37' title='bbox 2170 596 2292 649; x_wconf 91' lang='lat' dir='ltr'><strong>loco</strong></span> <span class='ocrx_word' id='word_1_38' title='bbox 2318 605 2445 666; x_wconf 87' lang='lat' dir='ltr'><strong>post</strong></span> <span class='ocrx_word' id='word_1_39' title='bbox 2482 605 2840 651; x_wconf 88' lang='lat' dir='ltr'><strong>memoratum</strong></span> <span class='ocrx_word' id='word_1_40' title='bbox 2874 599 2941 653; x_wconf 90' lang='lat' dir='ltr'><strong>de</strong></span> <span class='ocrx_word' id='word_1_41' title='bbox 2995 602 3174 669; x_wconf 84' lang='lat' dir='ltr'><strong>magia</strong></span> <span class='ocrx_word' id='word_1_42' title='bbox 3206 599 3408 654; x_wconf 77' lang='lat' dir='ltr'><strong>Persa-</strong></span> 
     </span>
    </p>
   </div>
   <div class='ocr_carea' id='block_1_7' title="bbox 144 679 1646 761">
    <p class='ocr_par' dir='ltr' id='par_1_7' title="bbox 144 679 1646 756">
     <span class='ocr_line' id='line_1_7' title="bbox 144 679 1646 756; baseline 0.003 -22"><span class='ocrx_word' id='word_1_43' title='bbox 144 698 269 737; x_wconf 89' lang='lat' dir='ltr'><strong>rutn</strong></span> <span class='ocrx_word' id='word_1_44' title='bbox 328 683 599 740; x_wconf 82' lang='lat' dir='ltr'><strong>Theodori</strong></span> <span class='ocrx_word' id='word_1_45' title='bbox 637 688 963 743; x_wconf 84' lang='lat' dir='ltr'><strong>Antiocheni</strong></span> <span class='ocrx_word' id='word_1_46' title='bbox 1027 703 1188 756; x_wconf 89' lang='lat' dir='ltr'><strong>opus,</strong></span> <span class='ocrx_word' id='word_1_47' title='bbox 1244 686 1478 742; x_wconf 79' lang='lat' dir='ltr'><strong>subdit:</strong></span> <span class='ocrx_word' id='word_1_48' title='bbox 1516 679 1646 739; x_wconf 73' lang='grc' dir='ltr'>Οὗτο</span> 
     </span>
    </p>
   </div>
   <div class='ocr_carea' id='block_1_8' title="bbox 1904 679 3406 761">
    <p class='ocr_par' dir='ltr' id='par_1_8' title="bbox 1904 685 3406 761">
     <span class='ocr_line' id='line_1_8' title="bbox 1904 685 3406 761; baseline 0.003 -23"><span class='ocrx_word' id='word_1_49' title='bbox 1904 686 2124 756; x_wconf 81' lang='grc' dir='ltr'>εόδωρος</span> <span class='ocrx_word' id='word_1_50' title='bbox 2173 688 2201 739; x_wconf 87' lang='grc' dir='ltr'><strong>ὁ</strong></span> <span class='ocrx_word' id='word_1_51' title='bbox 2248 686 2624 755; x_wconf 80' lang='grc' dir='ltr'>Μοψουεστίας</span> <span class='ocrx_word' id='word_1_52' title='bbox 2671 685 2807 741; x_wconf 77' lang='grc' dir='ltr'>εἶναι</span> <span class='ocrx_word' id='word_1_53' title='bbox 2865 690 3009 743; x_wconf 85' lang='grc' dir='ltr'>δοκεῖ</span> <span class='ocrx_word' id='word_1_54' title='bbox 3065 692 3141 761; x_wconf 88' lang='lat' dir='ltr'><strong>(et</strong></span> <span class='ocrx_word' id='word_1_55' title='bbox 3186 692 3406 759; x_wconf 84' lang='lat' dir='ltr'><strong>quidem</strong></span> 
     </span>
    </p>
   </div>
   <div class='ocr_carea' id='block_1_9' title="bbox 138 776 3408 854">
    <p class='ocr_par' dir='ltr' id='par_1_9' title="bbox 138 776 3408 854">
     <span class='ocr_line' id='line_1_9' title="bbox 138 776 3408 854; baseline 0.002 -25"><span class='ocrx_word' id='word_1_56' title='bbox 138 776 297 831; x_wconf 79' lang='grc' dir='ltr'>δοκεῖ</span> <span class='ocrx_word' id='word_1_57' title='bbox 325 780 378 833; x_wconf 92' lang='lat' dir='ltr'><strong>in</strong></span> <span class='ocrx_word' id='word_1_58' title='bbox 410 797 468 835; x_wconf 88' lang='lat' dir='ltr'><strong>re</strong></span> <span class='ocrx_word' id='word_1_59' title='bbox 502 790 651 835; x_wconf 84' lang='lat' dir='ltr'><strong>certa</strong></span> <span class='ocrx_word' id='word_1_60' title='bbox 687 782 799 836; x_wconf 90' lang='lat' dir='ltr'><strong>dici</strong></span> <span class='ocrx_word' id='word_1_61' title='bbox 838 783 1058 836; x_wconf 92' lang='lat' dir='ltr'><strong>solitum</strong></span> <span class='ocrx_word' id='word_1_62' title='bbox 1087 783 1231 853; x_wconf 89' lang='lat' dir='ltr'><strong>apud</strong></span> <span class='ocrx_word' id='word_1_63' title='bbox 1257 782 1478 839; x_wconf 62' lang='lat' dir='ltr'><strong>Graecos</strong></span> <span class='ocrx_word' id='word_1_64' title='bbox 1508 784 1775 854; x_wconf 87' lang='lat' dir='ltr'><strong>quosdam</strong></span> <span class='ocrx_word' id='word_1_65' title='bbox 1822 793 2099 844; x_wconf 91' lang='lat' dir='ltr'><strong>auctores,</strong></span> <span class='ocrx_word' id='word_1_66' title='bbox 2146 782 2487 839; x_wconf 71' lang='lat' dir='ltr'><strong>demonstrat</strong></span> <span class='ocrx_word' id='word_1_67' title='bbox 2523 780 2968 835; x_wconf 78' lang='lat' dir='ltr'><strong>Montl&#39;auconius</strong></span> <span class='ocrx_word' id='word_1_68' title='bbox 2994 783 3148 851; x_wconf 65' lang='lat' dir='ltr'><strong>praef.</strong></span> <span class='ocrx_word' id='word_1_69' title='bbox 3180 784 3248 835; x_wconf 88' lang='lat' dir='ltr'><strong>ad</strong></span> <span class='ocrx_word' id='word_1_70' title='bbox 3291 782 3408 835; x_wconf 86' lang='lat' dir='ltr'><strong>Eu-</strong></span> 
     </span>
    </p>
   </div>
   <div class='ocr_carea' id='block_1_10' title="bbox 141 868 1643 945">
    <p class='ocr_par' dir='ltr' id='par_1_10' title="bbox 141 869 1643 944">
     <span class='ocr_line' id='line_1_10' title="bbox 141 869 1643 944; baseline 0.004 -23"><span class='ocrx_word' id='word_1_71' title='bbox 141 869 256 922; x_wconf 80' lang='lat' dir='ltr'><strong>seb.</strong></span> <span class='ocrx_word' id='word_1_72' title='bbox 278 886 464 925; x_wconf 83' lang='lat' dir='ltr'><strong>comm.</strong></span> <span class='ocrx_word' id='word_1_73' title='bbox 491 873 546 926; x_wconf 89' lang='lat' dir='ltr'><strong>in</strong></span> <span class='ocrx_word' id='word_1_74' title='bbox 573 872 664 927; x_wconf 82' lang='lat' dir='ltr'><strong>Ps.</strong></span> <span class='ocrx_word' id='word_1_75' title='bbox 690 888 810 943; x_wconf 89' lang='lat' dir='ltr'><strong>cap.</strong></span> <span class='ocrx_word' id='word_1_76' title='bbox 842 874 929 942; x_wconf 81' lang='lat' dir='ltr'><strong>x);</strong></span> <span class='ocrx_word' id='word_1_77' title='bbox 953 883 1147 944; x_wconf 85' lang='lat' dir='ltr'><strong>quarto</strong></span> <span class='ocrx_word' id='word_1_78' title='bbox 1176 874 1413 944; x_wconf 91' lang='lat' dir='ltr'><strong>denique</strong></span> <span class='ocrx_word' id='word_1_79' title='bbox 1445 875 1595 929; x_wconf 90' lang='lat' dir='ltr'><strong>loco:</strong></span> <span class='ocrx_word' id='word_1_80' title='bbox 1633 875 1643 895; x_wconf 88' lang='lat'><em>‘</em></span> 
     </span>
    </p>
   </div>
   <div class='ocr_carea' id='block_1_11' title="bbox 1904 868 3406 945">
    <p class='ocr_par' dir='ltr' id='par_1_11' title="bbox 1905 868 3406 945">
     <span class='ocr_line' id='line_1_11' title="bbox 1905 868 3406 945; baseline 0.001 -19"><span class='ocrx_word' id='word_1_81' title='bbox 1905 873 1970 944; x_wconf 85' lang='grc' dir='ltr'>Θη</span> <span class='ocrx_word' id='word_1_82' title='bbox 2002 873 2220 943; x_wconf 80' lang='grc' dir='ltr'>βιϐλίον,</span> <span class='ocrx_word' id='word_1_83' title='bbox 2244 868 2358 944; x_wconf 78' lang='grc' dir='ltr'>οὖὴ</span> <span class='ocrx_word' id='word_1_84' title='bbox 2386 874 2668 945; x_wconf 75' lang='grc' dir='ltr'>ἐπιγραφὴ</span> <span class='ocrx_word' id='word_1_85' title='bbox 2699 872 2999 940; x_wconf 81' lang='grc' dir='ltr'><strong>Θεοδώρου</strong></span> <span class='ocrx_word' id='word_1_86' title='bbox 3029 875 3406 943; x_wconf 78' lang='grc' dir='ltr'><strong>Ἀντιοχέως·</strong></span> 
     </span>
    </p>
   </div>
   <div class='ocr_carea' id='block_1_12' title="bbox 139 966 1641 1041">
    <p class='ocr_par' dir='ltr' id='par_1_12' title="bbox 139 966 1641 1035">
     <span class='ocr_line' id='line_1_12' title="bbox 139 966 1641 1035; baseline 0.003 -19"><span class='ocrx_word' id='word_1_87' title='bbox 139 966 171 1015; x_wconf 83' lang='grc' dir='ltr'>ὀ</span> <span class='ocrx_word' id='word_1_88' title='bbox 211 966 586 1033; x_wconf 68' lang='grc' dir='ltr'>Μοψονεστίας</span> <span class='ocrx_word' id='word_1_89' title='bbox 613 970 669 1022; x_wconf 85' lang='grc' dir='ltr'><em>δέ</em></span> <span class='ocrx_word' id='word_1_90' title='bbox 703 971 871 1035; x_wconf 80' lang='grc' dir='ltr'>ἐστιν,</span> <span class='ocrx_word' id='word_1_91' title='bbox 896 969 970 1033; x_wconf 85' lang='grc' dir='ltr'><strong>ὡς</strong></span> <span class='ocrx_word' id='word_1_92' title='bbox 990 969 1096 1022; x_wconf 82' lang='grc' dir='ltr'>ἀπό</span> <span class='ocrx_word' id='word_1_93' title='bbox 1120 987 1279 1022; x_wconf 92' lang='grc' dir='ltr'>τινων</span> <span class='ocrx_word' id='word_1_94' title='bbox 1309 970 1606 1023; x_wconf 77' lang='grc' dir='ltr'>ἐπιστολῶν</span> <span class='ocrx_word' id='word_1_95' title='bbox 1636 973 1641 1021; x_wconf 79' lang='lat' dir='ltr'><strong>l</strong></span> 
     </span>
    </p>
   </div>
   <div class='ocr_carea' id='block_1_13' title="bbox 1909 966 3411 1041">
    <p class='ocr_par' dir='ltr' id='par_1_13' title="bbox 1909 969 3411 1037">
     <span class='ocr_line' id='line_1_13' title="bbox 1909 969 3411 1037; baseline 0.003 -14"><span class='ocrx_word' id='word_1_96' title='bbox 1909 988 1913 1012; x_wconf 82' lang='grc' dir='ltr'>ι</span> <span class='ocrx_word' id='word_1_97' title='bbox 1938 989 1951 1002; x_wconf 85' lang='grc'><strong>·</strong></span> <span class='ocrx_word' id='word_1_98' title='bbox 1978 969 2169 1024; x_wconf 80' lang='lat' dir='ltr'><strong>Lectus</strong></span> <span class='ocrx_word' id='word_1_99' title='bbox 2201 980 2276 1024; x_wconf 88' lang='lat' dir='ltr'><strong>est</strong></span> <span class='ocrx_word' id='word_1_100' title='bbox 2299 970 2429 1025; x_wconf 86' lang='lat' dir='ltr'><strong>liber</strong></span> <span class='ocrx_word' id='word_1_101' title='bbox 2460 971 2718 1026; x_wconf 78' lang='lat' dir='ltr'><strong>Theodori</strong></span> <span class='ocrx_word' id='word_1_102' title='bbox 2744 970 3095 1037; x_wconf 72' lang='lat' dir='ltr'><strong>Antias/teni;</strong></span> <span class='ocrx_word' id='word_1_103' title='bbox 3120 972 3203 1027; x_wconf 82' lang='lat' dir='ltr'><strong>hic</strong></span> <span class='ocrx_word' id='word_1_104' title='bbox 3232 984 3411 1027; x_wconf 80' lang='lat' dir='ltr'><strong>autem</strong></span> 
     </span>
    </p>
   </div>
   <div class='ocr_carea' id='block_1_14' title="bbox 139 1056 3410 1135">
    <p class='ocr_par' dir='ltr' id='par_1_14' title="bbox 139 1056 3410 1135">
     <span class='ocr_line' id='line_1_14' title="bbox 139 1056 3410 1135; baseline 0.004 -28"><span class='ocrx_word' id='word_1_105' title='bbox 139 1056 237 1111; x_wconf 67' lang='lat' dir='ltr'><strong>ille</strong></span> <span class='ocrx_word' id='word_1_106' title='bbox 256 1068 336 1112; x_wconf 86' lang='lat' dir='ltr'><strong>est</strong></span> <span class='ocrx_word' id='word_1_107' title='bbox 358 1057 698 1129; x_wconf 62' lang='lat' dir='ltr'><strong>Mopsuestia</strong></span> <span class='ocrx_word' id='word_1_108' title='bbox 718 1061 1013 1131; x_wconf 76' lang='lat' dir='ltr'><strong>episcopus,</strong></span> <span class='ocrx_word' id='word_1_109' title='bbox 1040 1069 1098 1112; x_wconf 87' lang='lat' dir='ltr'><strong>ut</strong></span> <span class='ocrx_word' id='word_1_110' title='bbox 1118 1076 1191 1114; x_wconf 67' lang='lat' dir='ltr'><strong>ex</strong></span> <span class='ocrx_word' id='word_1_111' title='bbox 1212 1060 1526 1130; x_wconf 79' lang='lat' dir='ltr'><strong>quibusdam</strong></span> <span class='ocrx_word' id='word_1_112' title='bbox 1556 1061 1791 1130; x_wconf 75' lang='lat' dir='ltr'><strong>epistolis</strong></span> <span class='ocrx_word' id='word_1_113' title='bbox 1814 1062 1943 1114; x_wconf 82' lang='lat' dir='ltr'><strong>mihi</strong></span> <span class='ocrx_word' id='word_1_114' title='bbox 1968 1062 2213 1115; x_wconf 75' lang='lat' dir='ltr'><strong>innotuit.</strong></span> <span class='ocrx_word' id='word_1_115' title='bbox 2246 1060 2387 1131; x_wconf 87' lang='lat' dir='ltr'><strong>Ergo</strong></span> <span class='ocrx_word' id='word_1_116' title='bbox 2417 1064 2531 1116; x_wconf 87' lang='lat' dir='ltr'><strong>duo</strong></span> <span class='ocrx_word' id='word_1_117' title='bbox 2568 1063 2694 1116; x_wconf 90' lang='lat' dir='ltr'><strong>hinc</strong></span> <span class='ocrx_word' id='word_1_118' title='bbox 2731 1064 3034 1132; x_wconf 88' lang='lat' dir='ltr'><strong>noscimus,</strong></span> <span class='ocrx_word' id='word_1_119' title='bbox 3067 1082 3261 1135; x_wconf 84' lang='lat' dir='ltr'><strong>nempe</strong></span> <span class='ocrx_word' id='word_1_120' title='bbox 3293 1075 3410 1120; x_wconf 90' lang='lat' dir='ltr'><strong>tum</strong></span> 
     </span>
    </p>
   </div>
   <div class='ocr_carea' id='block_1_15' title="bbox 139 1152 3410 1229">
    <p class='ocr_par' dir='ltr' id='par_1_15' title="bbox 139 1152 3410 1229">
     <span class='ocr_line' id='line_1_15' title="bbox 139 1152 3410 1229; baseline 0.005 -27"><span class='ocrx_word' id='word_1_121' title='bbox 139 1152 371 1207; x_wconf 77' lang='lat' dir='ltr'><strong>codices</strong></span> <span class='ocrx_word' id='word_1_122' title='bbox 406 1170 625 1226; x_wconf 85' lang='lat' dir='ltr'><strong>quoque</strong></span> <span class='ocrx_word' id='word_1_123' title='bbox 664 1162 875 1211; x_wconf 83' lang='lat' dir='ltr'><strong>veteres</strong></span> <span class='ocrx_word' id='word_1_124' title='bbox 916 1172 1142 1225; x_wconf 84' lang='lat' dir='ltr'><strong>Operum</strong></span> <span class='ocrx_word' id='word_1_125' title='bbox 1178 1155 1571 1227; x_wconf 81' lang='lat' dir='ltr'><strong>Mopsuesteni,</strong></span> <span class='ocrx_word' id='word_1_126' title='bbox 1635 1160 1834 1212; x_wconf 86' lang='lat' dir='ltr'><strong>nedum</strong></span> <span class='ocrx_word' id='word_1_127' title='bbox 1875 1173 1970 1213; x_wconf 92' lang='lat' dir='ltr'><strong>eos</strong></span> <span class='ocrx_word' id='word_1_128' title='bbox 2006 1174 2147 1229; x_wconf 89' lang='lat' dir='ltr'><strong>quos</strong></span> <span class='ocrx_word' id='word_1_129' title='bbox 2177 1173 2325 1212; x_wconf 90' lang='lat' dir='ltr'><strong>nunc</strong></span> <span class='ocrx_word' id='word_1_130' title='bbox 2357 1159 2643 1224; x_wconf 77' lang='lat' dir='ltr'><strong>habemus,</strong></span> <span class='ocrx_word' id='word_1_131' title='bbox 2679 1176 2791 1229; x_wconf 64' lang='lat' dir='ltr'><strong>pra</strong></span> <span class='ocrx_word' id='word_1_132' title='bbox 2812 1177 2875 1216; x_wconf 83' lang='lat' dir='ltr'><strong>se</strong></span> <span class='ocrx_word' id='word_1_133' title='bbox 2906 1162 3101 1220; x_wconf 85' lang='lat' dir='ltr'><strong>tulisse</strong></span> <span class='ocrx_word' id='word_1_134' title='bbox 3132 1164 3410 1220; x_wconf 77' lang='lat' dir='ltr'><strong>Theodori</strong></span> 
     </span>
    </p>
   </div>
   <div class='ocr_carea' id='block_1_16' title="bbox 140 1249 3409 1327">
    <p class='ocr_par' dir='ltr' id='par_1_16' title="bbox 140 1249 3409 1327">
     <span class='ocr_line' id='line_1_16' title="bbox 140 1249 3409 1327; baseline 0.004 -29"><span class='ocrx_word' id='word_1_135' title='bbox 140 1249 474 1304; x_wconf 77' lang='lat' dir='ltr'><strong>Antioehcni</strong></span> <span class='ocrx_word' id='word_1_136' title='bbox 514 1266 742 1317; x_wconf 86' lang='lat' dir='ltr'><strong>nomen;</strong></span> <span class='ocrx_word' id='word_1_137' title='bbox 780 1257 895 1304; x_wconf 88' lang='lat' dir='ltr'><strong>tum</strong></span> <span class='ocrx_word' id='word_1_138' title='bbox 944 1251 1160 1320; x_wconf 86' lang='lat' dir='ltr'><strong>quoties</strong></span> <span class='ocrx_word' id='word_1_139' title='bbox 1204 1252 1261 1306; x_wconf 92' lang='lat' dir='ltr'><strong>in</strong></span> <span class='ocrx_word' id='word_1_140' title='bbox 1294 1252 1378 1306; x_wconf 80' lang='lat' dir='ltr'><strong>liis</strong></span> <span class='ocrx_word' id='word_1_141' title='bbox 1407 1252 1460 1306; x_wconf 89' lang='lat' dir='ltr'><strong>id</strong></span> <span class='ocrx_word' id='word_1_142' title='bbox 1494 1266 1690 1305; x_wconf 89' lang='lat' dir='ltr'><strong>nomen</strong></span> <span class='ocrx_word' id='word_1_143' title='bbox 1721 1267 1892 1321; x_wconf 81' lang='lat' dir='ltr'><strong>prope</strong></span> <span class='ocrx_word' id='word_1_144' title='bbox 1922 1267 2017 1322; x_wconf 84' lang='lat' dir='ltr'><strong>per</strong></span> <span class='ocrx_word' id='word_1_145' title='bbox 2061 1253 2502 1307; x_wconf 80' lang='lat' dir='ltr'><strong>antonomasiam</strong></span> <span class='ocrx_word' id='word_1_146' title='bbox 2548 1254 2813 1318; x_wconf 85' lang='lat' dir='ltr'><strong>occurrit,</strong></span> <span class='ocrx_word' id='word_1_147' title='bbox 2842 1256 3252 1327; x_wconf 79' lang='lat' dir='ltr'><strong>intelligendum</strong></span> <span class='ocrx_word' id='word_1_148' title='bbox 3284 1272 3409 1312; x_wconf 82' lang='lat' dir='ltr'><strong>esse</strong></span> 
     </span>
    </p>
   </div>
   <div class='ocr_carea' id='block_1_17' title="bbox 143 1337 3407 1421">
    <p class='ocr_par' dir='ltr' id='par_1_17' title="bbox 143 1337 3407 1421">
     <span class='ocr_line' id='line_1_17' title="bbox 143 1337 3407 1421; baseline 0.005 -31"><span class='ocrx_word' id='word_1_149' title='bbox 143 1337 614 1407; x_wconf 74' lang='lat' dir='ltr'><strong>Mopsuestenum.</strong></span> <span class='ocrx_word' id='word_1_150' title='bbox 641 1340 813 1396; x_wconf 86' lang='lat' dir='ltr'><strong>Porro</strong></span> <span class='ocrx_word' id='word_1_151' title='bbox 850 1349 1029 1397; x_wconf 90' lang='lat' dir='ltr'><strong>autem</strong></span> <span class='ocrx_word' id='word_1_152' title='bbox 1063 1343 1207 1412; x_wconf 91' lang='lat' dir='ltr'><strong>quod</strong></span> <span class='ocrx_word' id='word_1_153' title='bbox 1241 1353 1433 1397; x_wconf 84' lang='lat' dir='ltr'><strong>noster</strong></span> <span class='ocrx_word' id='word_1_154' title='bbox 1464 1341 1788 1398; x_wconf 85' lang='lat' dir='ltr'><strong>Theodorus</strong></span> <span class='ocrx_word' id='word_1_155' title='bbox 1835 1345 1888 1396; x_wconf 85' lang='lat' dir='ltr'><strong>in</strong></span> <span class='ocrx_word' id='word_1_156' title='bbox 1923 1359 1998 1397; x_wconf 84' lang='lat' dir='ltr'><strong>xu</strong></span> <span class='ocrx_word' id='word_1_157' title='bbox 2042 1344 2323 1411; x_wconf 75' lang='lat' dir='ltr'><strong>prophetas</strong></span> <span class='ocrx_word' id='word_1_158' title='bbox 2365 1344 2678 1413; x_wconf 85' lang='lat' dir='ltr'><strong>scripserit,</strong></span> <span class='ocrx_word' id='word_1_159' title='bbox 2721 1344 2926 1401; x_wconf 78' lang='lat' dir='ltr'><strong>diserte</strong></span> <span class='ocrx_word' id='word_1_160' title='bbox 2958 1347 3191 1401; x_wconf 81' lang='lat' dir='ltr'><strong>allirmat</strong></span> <span class='ocrx_word' id='word_1_161' title='bbox 3232 1349 3407 1421; x_wconf 84' lang='lat' dir='ltr'><strong>Syrus</strong></span> 
     </span>
    </p>
   </div>
   <div class='ocr_carea' id='block_1_18' title="bbox 142 1435 3407 1510">
    <p class='ocr_par' dir='ltr' id='par_1_18' title="bbox 142 1435 3407 1510">
     <span class='ocr_line' id='line_1_18' title="bbox 142 1435 3407 1510; baseline 0.002 -26"><span class='ocrx_word' id='word_1_162' title='bbox 142 1435 444 1492; x_wconf 69' lang='lat' dir='ltr'><strong>libediews</strong></span> <span class='ocrx_word' id='word_1_163' title='bbox 468 1439 522 1491; x_wconf 91' lang='lat' dir='ltr'><strong>in</strong></span> <span class='ocrx_word' id='word_1_164' title='bbox 550 1440 797 1509; x_wconf 75' lang='lat' dir='ltr'><strong>catalogo</strong></span> <span class='ocrx_word' id='word_1_165' title='bbox 834 1458 848 1493; x_wconf 89' lang='lat'>:</span> <span class='ocrx_word' id='word_1_166' title='bbox 882 1449 1243 1508; x_wconf 71' lang='lat' dir='ltr'><strong>praaterquam</strong></span> <span class='ocrx_word' id='word_1_167' title='bbox 1284 1439 1429 1509; x_wconf 90' lang='lat' dir='ltr'><strong>quod</strong></span> <span class='ocrx_word' id='word_1_168' title='bbox 1449 1440 1569 1508; x_wconf 86' lang='lat' dir='ltr'><strong>ejus</strong></span> <span class='ocrx_word' id='word_1_169' title='bbox 1594 1440 1777 1509; x_wconf 88' lang='lat' dir='ltr'><strong>operis</strong></span> <span class='ocrx_word' id='word_1_170' title='bbox 1805 1440 1999 1495; x_wconf 90' lang='lat' dir='ltr'><strong>titulus</strong></span> <span class='ocrx_word' id='word_1_171' title='bbox 2030 1441 2084 1494; x_wconf 90' lang='lat' dir='ltr'><strong>in</strong></span> <span class='ocrx_word' id='word_1_172' title='bbox 2128 1440 2361 1495; x_wconf 88' lang='lat' dir='ltr'><strong>concilio</strong></span> <span class='ocrx_word' id='word_1_173' title='bbox 2399 1441 2565 1495; x_wconf 89' lang='lat' dir='ltr'><strong>etiam</strong></span> <span class='ocrx_word' id='word_1_174' title='bbox 2608 1439 2896 1510; x_wconf 83' lang='lat' dir='ltr'><strong>quinto(a)</strong></span> <span class='ocrx_word' id='word_1_175' title='bbox 2925 1439 3217 1507; x_wconf 85' lang='lat' dir='ltr'><strong>scribitur;</strong></span> <span class='ocrx_word' id='word_1_176' title='bbox 3243 1456 3407 1510; x_wconf 89' lang='lat' dir='ltr'><strong>quem</strong></span> 
     </span>
    </p>
   </div>
   <div class='ocr_carea' id='block_1_19' title="bbox 139 1529 3407 1601">
    <p class='ocr_par' dir='ltr' id='par_1_19' title="bbox 139 1529 3407 1601">
     <span class='ocr_line' id='line_1_19' title="bbox 139 1529 3407 1601; baseline 0.002 -26"><span class='ocrx_word' id='word_1_177' title='bbox 139 1534 327 1579; x_wconf 85' lang='lat' dir='ltr'><strong>tamen</strong></span> <span class='ocrx_word' id='word_1_178' title='bbox 360 1538 693 1596; x_wconf 87' lang='lat' dir='ltr'><strong>postremum</strong></span> <span class='ocrx_word' id='word_1_179' title='bbox 724 1530 903 1584; x_wconf 90' lang='lat' dir='ltr'><strong>locum</strong></span> <span class='ocrx_word' id='word_1_180' title='bbox 934 1531 1002 1583; x_wconf 88' lang='lat' dir='ltr'><strong>ad</strong></span> <span class='ocrx_word' id='word_1_181' title='bbox 1028 1531 1292 1584; x_wconf 87' lang='lat' dir='ltr'><strong>trutinam</strong></span> <span class='ocrx_word' id='word_1_182' title='bbox 1325 1530 1583 1600; x_wconf 86' lang='lat' dir='ltr'><strong>deinceps</strong></span> <span class='ocrx_word' id='word_1_183' title='bbox 1611 1538 1910 1587; x_wconf 84' lang='lat' dir='ltr'><strong>vocaturus</strong></span> <span class='ocrx_word' id='word_1_184' title='bbox 1936 1546 2078 1585; x_wconf 90' lang='lat' dir='ltr'><strong>sum.</strong></span> <span class='ocrx_word' id='word_1_185' title='bbox 2109 1529 2378 1584; x_wconf 71' lang='lat' dir='ltr'><strong>Praeterea</strong></span> <span class='ocrx_word' id='word_1_186' title='bbox 2418 1529 2563 1600; x_wconf 86' lang='lat' dir='ltr'><strong>quod</strong></span> <span class='ocrx_word' id='word_1_187' title='bbox 2625 1543 2765 1600; x_wconf 84' lang='lat' dir='ltr'><strong>Opus</strong></span> <span class='ocrx_word' id='word_1_188' title='bbox 2805 1529 3176 1601; x_wconf 75' lang='lat' dir='ltr'><strong>Mopsuesteni</strong></span> <span class='ocrx_word' id='word_1_189' title='bbox 3201 1531 3257 1585; x_wconf 92' lang='lat' dir='ltr'><strong>in</strong></span> <span class='ocrx_word' id='word_1_190' title='bbox 3285 1544 3407 1583; x_wconf 82' lang='lat' dir='ltr'><strong>ma-</strong></span> 
     </span>
    </p>
   </div>
   <div class='ocr_carea' id='block_1_20' title="bbox 139 1620 3410 1696">
    <p class='ocr_par' dir='ltr' id='par_1_20' title="bbox 139 1620 3410 1696">
     <span class='ocr_line' id='line_1_20' title="bbox 139 1620 3410 1696; baseline 0.002 -25"><span class='ocrx_word' id='word_1_191' title='bbox 139 1620 310 1674; x_wconf 79' lang='lat' dir='ltr'><strong>nibus</strong></span> <span class='ocrx_word' id='word_1_192' title='bbox 342 1621 804 1690; x_wconf 89' lang='lat' dir='ltr'><strong>habeamus,inde</strong></span> <span class='ocrx_word' id='word_1_193' title='bbox 833 1624 996 1679; x_wconf 88' lang='lat' dir='ltr'><strong>etiam</strong></span> <span class='ocrx_word' id='word_1_194' title='bbox 1028 1626 1426 1694; x_wconf 81' lang='lat' dir='ltr'><strong>cognoscimus,</strong></span> <span class='ocrx_word' id='word_1_195' title='bbox 1448 1627 1575 1696; x_wconf 86' lang='lat' dir='ltr'><strong>quia</strong></span> <span class='ocrx_word' id='word_1_196' title='bbox 1631 1627 1688 1680; x_wconf 92' lang='lat' dir='ltr'><strong>in</strong></span> <span class='ocrx_word' id='word_1_197' title='bbox 1716 1626 1942 1681; x_wconf 84' lang='lat' dir='ltr'><strong>exordio</strong></span> <span class='ocrx_word' id='word_1_198' title='bbox 1990 1626 2361 1679; x_wconf 81' lang='lat' dir='ltr'><strong>commentarii</strong></span> <span class='ocrx_word' id='word_1_199' title='bbox 2391 1625 2459 1679; x_wconf 87' lang='lat' dir='ltr'><strong>ad</strong></span> <span class='ocrx_word' id='word_1_200' title='bbox 2502 1630 2693 1679; x_wconf 81' lang='lat' dir='ltr'><strong>Oscam</strong></span> <span class='ocrx_word' id='word_1_201' title='bbox 2720 1631 2774 1678; x_wconf 90' lang='lat' dir='ltr'><strong>et</strong></span> <span class='ocrx_word' id='word_1_202' title='bbox 2798 1623 2924 1676; x_wconf 88' lang='lat' dir='ltr'><strong>alibi</strong></span> <span class='ocrx_word' id='word_1_203' title='bbox 2961 1637 3068 1675; x_wconf 91' lang='lat' dir='ltr'><strong>non</strong></span> <span class='ocrx_word' id='word_1_204' title='bbox 3111 1620 3281 1677; x_wconf 89' lang='lat' dir='ltr'><strong>semel</strong></span> <span class='ocrx_word' id='word_1_205' title='bbox 3307 1621 3410 1677; x_wconf 80' lang='lat' dir='ltr'><strong>de-</strong></span> 
     </span>
    </p>
   </div>
   <div class='ocr_carea' id='block_1_21' title="bbox 134 1710 3409 1792">
    <p class='ocr_par' dir='ltr' id='par_1_21' title="bbox 134 1710 3409 1792">
     <span class='ocr_line' id='line_1_21' title="bbox 134 1710 3409 1792; baseline 0.004 -32"><span class='ocrx_word' id='word_1_206' title='bbox 134 1710 322 1763; x_wconf 84' lang='lat' dir='ltr'><strong>clarat</strong></span> <span class='ocrx_word' id='word_1_207' title='bbox 360 1720 550 1766; x_wconf 87' lang='lat' dir='ltr'><strong>auctor</strong></span> <span class='ocrx_word' id='word_1_208' title='bbox 578 1728 636 1768; x_wconf 90' lang='lat' dir='ltr'><strong>se</strong></span> <span class='ocrx_word' id='word_1_209' title='bbox 654 1715 705 1766; x_wconf 86' lang='lat' dir='ltr'><strong>in</strong></span> <span class='ocrx_word' id='word_1_210' title='bbox 730 1712 976 1773; x_wconf 82' lang='lat' dir='ltr'><strong>Psalmos</strong></span> <span class='ocrx_word' id='word_1_211' title='bbox 1008 1736 1225 1791; x_wconf 83' lang='lat' dir='ltr'><strong>quoque</strong></span> <span class='ocrx_word' id='word_1_212' title='bbox 1242 1722 1529 1791; x_wconf 78' lang='lat' dir='ltr'><strong>scripsisse</strong></span> <span class='ocrx_word' id='word_1_213' title='bbox 1552 1742 1567 1772; x_wconf 90' lang='lat'><strong><em>:</em></strong></span> <span class='ocrx_word' id='word_1_214' title='bbox 1609 1737 1772 1792; x_wconf 90' lang='lat' dir='ltr'><strong>porro</strong></span> <span class='ocrx_word' id='word_1_215' title='bbox 1804 1738 1833 1776; x_wconf 93' lang='lat' dir='ltr'><strong>a</strong></span> <span class='ocrx_word' id='word_1_216' title='bbox 1866 1722 2250 1792; x_wconf 83' lang='lat' dir='ltr'><strong>Mopsuesteno</strong></span> <span class='ocrx_word' id='word_1_217' title='bbox 2280 1723 2611 1778; x_wconf 83' lang='lat' dir='ltr'><strong>illustratum</strong></span> <span class='ocrx_word' id='word_1_218' title='bbox 2644 1721 2812 1779; x_wconf 81' lang='lat' dir='ltr'><strong>fuisse</strong></span> <span class='ocrx_word' id='word_1_219' title='bbox 2848 1722 3196 1780; x_wconf 85' lang='lat' dir='ltr'><strong>Psalterium.</strong></span> <span class='ocrx_word' id='word_1_220' title='bbox 3231 1720 3409 1775; x_wconf 80' lang='lat' dir='ltr'><strong>notis-</strong></span> 
     </span>
    </p>
   </div>
   <div class='ocr_carea' id='block_1_22' title="bbox 134 1808 3409 1890">
    <p class='ocr_par' dir='ltr' id='par_1_22' title="bbox 134 1808 3409 1890">
     <span class='ocr_line' id='line_1_22' title="bbox 134 1808 3409 1890; baseline 0.001 -31"><span class='ocrx_word' id='word_1_221' title='bbox 134 1808 347 1860; x_wconf 88' lang='lat' dir='ltr'><strong>simum</strong></span> <span class='ocrx_word' id='word_1_222' title='bbox 379 1819 483 1863; x_wconf 85' lang='lat' dir='ltr'><strong>est.</strong></span> <span class='ocrx_word' id='word_1_223' title='bbox 517 1809 620 1865; x_wconf 87' lang='lat' dir='ltr'><strong>Sed</strong></span> <span class='ocrx_word' id='word_1_224' title='bbox 654 1813 799 1867; x_wconf 90' lang='lat' dir='ltr'><strong>enim</strong></span> <span class='ocrx_word' id='word_1_225' title='bbox 826 1816 960 1870; x_wconf 90' lang='lat' dir='ltr'><strong>nihil</strong></span> <span class='ocrx_word' id='word_1_226' title='bbox 991 1834 1143 1888; x_wconf 65' lang='lat' dir='ltr'><strong>atque</strong></span> <span class='ocrx_word' id='word_1_227' title='bbox 1175 1820 1519 1875; x_wconf 85' lang='lat' dir='ltr'><strong>demonstrat</strong></span> <span class='ocrx_word' id='word_1_228' title='bbox 1555 1836 1850 1890; x_wconf 89' lang='lat' dir='ltr'><strong>germanas</strong></span> <span class='ocrx_word' id='word_1_229' title='bbox 1885 1836 2008 1875; x_wconf 78' lang='lat' dir='ltr'><strong>esse</strong></span> <span class='ocrx_word' id='word_1_230' title='bbox 2044 1820 2415 1890; x_wconf 83' lang='lat' dir='ltr'><strong>Mopsuesteni</strong></span> <span class='ocrx_word' id='word_1_231' title='bbox 2462 1821 2560 1875; x_wconf 88' lang='lat' dir='ltr'><strong>has</strong></span> <span class='ocrx_word' id='word_1_232' title='bbox 2588 1818 2978 1890; x_wconf 86' lang='lat' dir='ltr'><strong>prophetarum</strong></span> <span class='ocrx_word' id='word_1_233' title='bbox 3002 1815 3277 1869; x_wconf 88' lang='lat' dir='ltr'><strong>minorum</strong></span> <span class='ocrx_word' id='word_1_234' title='bbox 3312 1828 3409 1865; x_wconf 76' lang='lat' dir='ltr'><strong>ex-</strong></span> 
     </span>
    </p>
   </div>
   <div class='ocr_carea' id='block_1_23' title="bbox 138 1900 3409 1979">
    <p class='ocr_par' dir='ltr' id='par_1_23' title="bbox 138 1900 3409 1979">
     <span class='ocr_line' id='line_1_23' title="bbox 138 1900 3409 1979; baseline 0.002 -28"><span class='ocrx_word' id='word_1_235' title='bbox 138 1900 508 1965; x_wconf 88' lang='lat' dir='ltr'><strong>planationes,</strong></span> <span class='ocrx_word' id='word_1_236' title='bbox 531 1919 694 1973; x_wconf 90' lang='lat' dir='ltr'><strong>quam</strong></span> <span class='ocrx_word' id='word_1_237' title='bbox 724 1905 903 1974; x_wconf 88' lang='lat' dir='ltr'><strong>ipsum</strong></span> <span class='ocrx_word' id='word_1_238' title='bbox 933 1908 1204 1961; x_wconf 88' lang='lat' dir='ltr'><strong>scribendi</strong></span> <span class='ocrx_word' id='word_1_239' title='bbox 1239 1925 1432 1979; x_wconf 90' lang='lat' dir='ltr'><strong>genus,</strong></span> <span class='ocrx_word' id='word_1_240' title='bbox 1467 1910 1609 1979; x_wconf 86' lang='lat' dir='ltr'><strong>quod</strong></span> <span class='ocrx_word' id='word_1_241' title='bbox 1645 1919 1886 1964; x_wconf 87' lang='lat' dir='ltr'><strong>veterum</strong></span> <span class='ocrx_word' id='word_1_242' title='bbox 1944 1909 2013 1964; x_wconf 92' lang='lat' dir='ltr'><strong>de</strong></span> <span class='ocrx_word' id='word_1_243' title='bbox 2048 1925 2113 1964; x_wconf 91' lang='lat' dir='ltr'><strong>eo</strong></span> <span class='ocrx_word' id='word_1_244' title='bbox 2144 1911 2475 1965; x_wconf 88' lang='lat' dir='ltr'><strong>testimoniis</strong></span> <span class='ocrx_word' id='word_1_245' title='bbox 2510 1911 2630 1966; x_wconf 90' lang='lat' dir='ltr'><strong>sine</strong></span> <span class='ocrx_word' id='word_1_246' title='bbox 2666 1910 2774 1963; x_wconf 89' lang='lat' dir='ltr'><strong>ulla</strong></span> <span class='ocrx_word' id='word_1_247' title='bbox 2811 1908 3155 1961; x_wconf 88' lang='lat' dir='ltr'><strong>dubitatione</strong></span> <span class='ocrx_word' id='word_1_248' title='bbox 3181 1918 3409 1973; x_wconf 86' lang='lat' dir='ltr'><strong>respon-</strong></span> 
     </span>
    </p>
   </div>
   <div class='ocr_carea' id='block_1_24' title="bbox 136 1996 3408 2076">
    <p class='ocr_par' dir='ltr' id='par_1_24' title="bbox 136 1996 3408 2076">
     <span class='ocr_line' id='line_1_24' title="bbox 136 1996 3408 2076; baseline 0 -26"><span class='ocrx_word' id='word_1_249' title='bbox 136 1996 259 2051; x_wconf 79' lang='lat' dir='ltr'><strong>det.</strong></span> <span class='ocrx_word' id='word_1_250' title='bbox 293 1998 351 2050; x_wconf 91' lang='lat' dir='ltr'><strong>In</strong></span> <span class='ocrx_word' id='word_1_251' title='bbox 382 1999 572 2067; x_wconf 89' lang='lat' dir='ltr'><strong>primis</strong></span> <span class='ocrx_word' id='word_1_252' title='bbox 602 2002 878 2057; x_wconf 88' lang='lat' dir='ltr'><strong>cernimus</strong></span> <span class='ocrx_word' id='word_1_253' title='bbox 931 2002 1076 2057; x_wconf 90' lang='lat' dir='ltr'><strong>hunc</strong></span> <span class='ocrx_word' id='word_1_254' title='bbox 1104 2014 1383 2060; x_wconf 87' lang='lat' dir='ltr'><strong>auctorem</strong></span> <span class='ocrx_word' id='word_1_255' title='bbox 1436 2008 1592 2076; x_wconf 89' lang='lat' dir='ltr'><strong>sequi</strong></span> <span class='ocrx_word' id='word_1_256' title='bbox 1630 2008 1866 2061; x_wconf 81' lang='lat' dir='ltr'><strong>maxime</strong></span> <span class='ocrx_word' id='word_1_257' title='bbox 1892 2008 2131 2060; x_wconf 89' lang='lat' dir='ltr'><strong>litteram</strong></span> <span class='ocrx_word' id='word_1_258' title='bbox 2164 2015 2220 2063; x_wconf 91' lang='lat' dir='ltr'><strong>et</strong></span> <span class='ocrx_word' id='word_1_259' title='bbox 2274 2007 2587 2069; x_wconf 83' lang='lat' dir='ltr'><strong>historiam,</strong></span> <span class='ocrx_word' id='word_1_260' title='bbox 2627 2019 2791 2075; x_wconf 84' lang='lat' dir='ltr'><strong>atque</strong></span> <span class='ocrx_word' id='word_1_261' title='bbox 2837 2017 3056 2058; x_wconf 85' lang='lat' dir='ltr'><strong>omnem</strong></span> <span class='ocrx_word' id='word_1_262' title='bbox 3090 2000 3408 2071; x_wconf 77' lang='lat' dir='ltr'><strong>allegoriam</strong></span> 
     </span>
    </p>
   </div>
   <div class='ocr_carea' id='block_1_25' title="bbox 137 2089 3410 2167">
    <p class='ocr_par' dir='ltr' id='par_1_25' title="bbox 137 2089 3410 2167">
     <span class='ocr_line' id='line_1_25' title="bbox 137 2089 3410 2167; baseline 0 -26"><span class='ocrx_word' id='word_1_263' title='bbox 137 2089 557 2144; x_wconf 74' lang='lat' dir='ltr'><strong>studiosissime</strong></span> <span class='ocrx_word' id='word_1_264' title='bbox 584 2089 772 2162; x_wconf 80' lang='lat' dir='ltr'><strong>lugere</strong></span> <span class='ocrx_word' id='word_1_265' title='bbox 806 2110 819 2147; x_wconf 89' lang='lat'><strong>:</strong></span> <span class='ocrx_word' id='word_1_266' title='bbox 860 2109 1052 2150; x_wconf 90' lang='lat' dir='ltr'><strong>rursus</strong></span> <span class='ocrx_word' id='word_1_267' title='bbox 1086 2098 1237 2151; x_wconf 92' lang='lat' dir='ltr'><strong>nullo</strong></span> <span class='ocrx_word' id='word_1_268' title='bbox 1264 2098 1397 2152; x_wconf 88' lang='lat' dir='ltr'><strong>vitio</strong></span> <span class='ocrx_word' id='word_1_269' title='bbox 1426 2113 1579 2167; x_wconf 64' lang='lat' dir='ltr'><strong>mque</strong></span> <span class='ocrx_word' id='word_1_270' title='bbox 1609 2098 1880 2161; x_wconf 87' lang='lat' dir='ltr'><strong>laborare,</strong></span> <span class='ocrx_word' id='word_1_271' title='bbox 1914 2112 2078 2167; x_wconf 87' lang='lat' dir='ltr'><strong>quam</strong></span> <span class='ocrx_word' id='word_1_272' title='bbox 2105 2098 2496 2167; x_wconf 79' lang='lat' dir='ltr'><strong>permultarnm</strong></span> <span class='ocrx_word' id='word_1_273' title='bbox 2521 2097 2904 2167; x_wconf 88' lang='lat' dir='ltr'><strong>repetitionum</strong></span> <span class='ocrx_word' id='word_1_274' title='bbox 2932 2094 2987 2147; x_wconf 89' lang='lat' dir='ltr'><strong>in</strong></span> <span class='ocrx_word' id='word_1_275' title='bbox 3018 2091 3207 2147; x_wconf 88' lang='lat' dir='ltr'><strong>eadem</strong></span> <span class='ocrx_word' id='word_1_276' title='bbox 3234 2093 3410 2144; x_wconf 90' lang='lat' dir='ltr'><strong>inter-</strong></span> 
     </span>
    </p>
   </div>
   <div class='ocr_carea' id='block_1_26' title="bbox 135 2182 3409 2259">
    <p class='ocr_par' dir='ltr' id='par_1_26' title="bbox 135 2182 3409 2259">
     <span class='ocr_line' id='line_1_26' title="bbox 135 2182 3409 2259; baseline 0.001 -26"><span class='ocrx_word' id='word_1_277' title='bbox 135 2182 275 2234; x_wconf 83' lang='lat' dir='ltr'><strong>dum</strong></span> <span class='ocrx_word' id='word_1_278' title='bbox 331 2182 524 2252; x_wconf 81' lang='lat' dir='ltr'><strong>pagina</strong></span> <span class='ocrx_word' id='word_1_279' title='bbox 579 2185 908 2252; x_wconf 76' lang='lat' dir='ltr'><strong>ingestarum</strong></span> <span class='ocrx_word' id='word_1_280' title='bbox 940 2203 952 2239; x_wconf 93' lang='lat'><strong>:</strong></span> <span class='ocrx_word' id='word_1_281' title='bbox 985 2205 1106 2258; x_wconf 68' lang='lat' dir='ltr'><strong>quae</strong></span> <span class='ocrx_word' id='word_1_282' title='bbox 1137 2205 1271 2244; x_wconf 89' lang='lat' dir='ltr'><strong>sane</strong></span> <span class='ocrx_word' id='word_1_283' title='bbox 1307 2190 1604 2259; x_wconf 83' lang='lat' dir='ltr'><strong>tautologia</strong></span> <span class='ocrx_word' id='word_1_284' title='bbox 1659 2189 1909 2245; x_wconf 80' lang='lat' dir='ltr'><strong>delicatis</strong></span> <span class='ocrx_word' id='word_1_285' title='bbox 1967 2189 2194 2244; x_wconf 89' lang='lat' dir='ltr'><strong>auribus</strong></span> <span class='ocrx_word' id='word_1_286' title='bbox 2227 2190 2401 2243; x_wconf 91' lang='lat' dir='ltr'><strong>multo</strong></span> <span class='ocrx_word' id='word_1_287' title='bbox 2448 2197 2533 2243; x_wconf 86' lang='lat' dir='ltr'><strong>est</strong></span> <span class='ocrx_word' id='word_1_288' title='bbox 2575 2189 2983 2245; x_wconf 83' lang='lat' dir='ltr'><strong>molestissima.</strong></span> <span class='ocrx_word' id='word_1_289' title='bbox 3026 2187 3168 2241; x_wconf 91' lang='lat' dir='ltr'><strong>Idem</strong></span> <span class='ocrx_word' id='word_1_290' title='bbox 3231 2184 3409 2252; x_wconf 78' lang='lat' dir='ltr'><strong>longis</strong></span> 
     </span>
    </p>
   </div>
   <div class='ocr_carea' id='block_1_27' title="bbox 136 2273 3409 2349">
    <p class='ocr_par' dir='ltr' id='par_1_27' title="bbox 136 2273 3409 2349">
     <span class='ocr_line' id='line_1_27' title="bbox 136 2273 3409 2349; baseline -0.002 -17"><span class='ocrx_word' id='word_1_291' title='bbox 136 2277 388 2348; x_wconf 87' lang='lat' dir='ltr'><strong>periodis</strong></span> <span class='ocrx_word' id='word_1_292' title='bbox 417 2280 731 2341; x_wconf 83' lang='lat' dir='ltr'><strong>involvitur.</strong></span> <span class='ocrx_word' id='word_1_293' title='bbox 759 2282 866 2336; x_wconf 88' lang='lat' dir='ltr'><strong>alte</strong></span> <span class='ocrx_word' id='word_1_294' title='bbox 903 2280 1115 2349; x_wconf 84' lang='lat' dir='ltr'><strong>incipit,</strong></span> <span class='ocrx_word' id='word_1_295' title='bbox 1141 2279 1232 2333; x_wconf 92' lang='lat' dir='ltr'><strong>diu</strong></span> <span class='ocrx_word' id='word_1_296' title='bbox 1268 2280 1488 2349; x_wconf 87' lang='lat' dir='ltr'><strong>pendet,</strong></span> <span class='ocrx_word' id='word_1_297' title='bbox 1520 2280 1603 2334; x_wconf 87' lang='lat' dir='ltr'><strong>vel</strong></span> <span class='ocrx_word' id='word_1_298' title='bbox 1650 2279 1871 2334; x_wconf 90' lang='lat' dir='ltr'><strong>insertis</strong></span> <span class='ocrx_word' id='word_1_299' title='bbox 1897 2280 2053 2333; x_wconf 87' lang='lat' dir='ltr'><strong>novis</strong></span> <span class='ocrx_word' id='word_1_300' title='bbox 2093 2278 2379 2334; x_wconf 88' lang='lat' dir='ltr'><strong>sententiis</strong></span> <span class='ocrx_word' id='word_1_301' title='bbox 2417 2278 2579 2347; x_wconf 79' lang='lat' dir='ltr'><strong>longe</strong></span> <span class='ocrx_word' id='word_1_302' title='bbox 2627 2279 2851 2341; x_wconf 88' lang='lat' dir='ltr'><strong>recedit,</strong></span> <span class='ocrx_word' id='word_1_303' title='bbox 2891 2279 2963 2330; x_wconf 85' lang='lat' dir='ltr'><strong>ita</strong></span> <span class='ocrx_word' id='word_1_304' title='bbox 2992 2284 3046 2329; x_wconf 87' lang='lat' dir='ltr'><strong>ut</strong></span> <span class='ocrx_word' id='word_1_305' title='bbox 3096 2274 3289 2343; x_wconf 74' lang='lat' dir='ltr'><strong>legenti</strong></span> <span class='ocrx_word' id='word_1_306' title='bbox 3323 2273 3409 2327; x_wconf 94' lang='lat' dir='ltr'><strong>vel</strong></span> 
     </span>
    </p>
   </div>
   <div class='ocr_carea' id='block_1_28' title="bbox 139 2368 3408 2445">
    <p class='ocr_par' dir='ltr' id='par_1_28' title="bbox 139 2368 3408 2445">
     <span class='ocr_line' id='line_1_28' title="bbox 139 2368 3408 2445; baseline -0.002 -18"><span class='ocrx_word' id='word_1_307' title='bbox 139 2376 526 2445; x_wconf 84' lang='lat' dir='ltr'><strong>interpretanti</strong></span> <span class='ocrx_word' id='word_1_308' title='bbox 545 2376 862 2431; x_wconf 87' lang='lat' dir='ltr'><strong>salebrosus</strong></span> <span class='ocrx_word' id='word_1_309' title='bbox 892 2374 1167 2429; x_wconf 85' lang='lat' dir='ltr'><strong>interdum</strong></span> <span class='ocrx_word' id='word_1_310' title='bbox 1200 2374 1309 2429; x_wconf 90' lang='lat' dir='ltr'><strong>liat.</strong></span> <span class='ocrx_word' id='word_1_311' title='bbox 1333 2377 1379 2427; x_wconf 79' lang='grc' dir='ltr'><strong>Α</strong></span> <span class='ocrx_word' id='word_1_312' title='bbox 1406 2375 1792 2444; x_wconf 81' lang='lat' dir='ltr'><strong>Mopsuesteno</strong></span> <span class='ocrx_word' id='word_1_313' title='bbox 1815 2374 1944 2429; x_wconf 91' lang='lat' dir='ltr'><strong>dum</strong></span> <span class='ocrx_word' id='word_1_314' title='bbox 1972 2372 2288 2444; x_wconf 86' lang='lat' dir='ltr'><strong>Scripturas</strong></span> <span class='ocrx_word' id='word_1_315' title='bbox 2315 2373 2546 2427; x_wconf 88' lang='lat' dir='ltr'><strong>arbitrio</strong></span> <span class='ocrx_word' id='word_1_316' title='bbox 2572 2388 2671 2427; x_wconf 90' lang='lat' dir='ltr'><strong>suo</strong></span> <span class='ocrx_word' id='word_1_317' title='bbox 2697 2371 3013 2440; x_wconf 84' lang='lat' dir='ltr'><strong>explanat-et</strong></span> <span class='ocrx_word' id='word_1_318' title='bbox 3047 2368 3408 2436; x_wconf 78' lang='lat' dir='ltr'><strong>reprehensos</strong></span> 
     </span>
    </p>
   </div>
   <div class='ocr_carea' id='block_1_29' title="bbox 133 2465 3409 2540">
    <p class='ocr_par' dir='ltr' id='par_1_29' title="bbox 133 2465 3409 2540">
     <span class='ocr_line' id='line_1_29' title="bbox 133 2465 3409 2540; baseline 0 -22"><span class='ocrx_word' id='word_1_319' title='bbox 133 2474 309 2534; x_wconf 84' lang='lat' dir='ltr'><strong>atque</strong></span> <span class='ocrx_word' id='word_1_320' title='bbox 338 2466 530 2521; x_wconf 86' lang='lat' dir='ltr'><strong>irrisos</strong></span> <span class='ocrx_word' id='word_1_321' title='bbox 570 2482 711 2537; x_wconf 73' lang='lat' dir='ltr'><strong>saepe</strong></span> <span class='ocrx_word' id='word_1_322' title='bbox 738 2467 909 2523; x_wconf 80' lang='lat' dir='ltr'><strong>fuisse</strong></span> <span class='ocrx_word' id='word_1_323' title='bbox 938 2468 1273 2538; x_wconf 87' lang='lat' dir='ltr'><strong>antiquiores</strong></span> <span class='ocrx_word' id='word_1_324' title='bbox 1304 2470 1634 2540; x_wconf 81' lang='lat' dir='ltr'><strong>interpretes</strong></span> <span class='ocrx_word' id='word_1_325' title='bbox 1668 2470 1747 2524; x_wconf 90' lang='lat' dir='ltr'><strong>ait</strong></span> <span class='ocrx_word' id='word_1_326' title='bbox 1774 2469 2037 2525; x_wconf 87' lang='lat' dir='ltr'><strong>Leontius</strong></span> <span class='ocrx_word' id='word_1_327' title='bbox 2071 2480 2259 2524; x_wconf 80' lang='lat' dir='ltr'><strong>contra</strong></span> <span class='ocrx_word' id='word_1_328' title='bbox 2291 2468 2446 2523; x_wconf 84' lang='lat' dir='ltr'><strong>Nest.</strong></span> <span class='ocrx_word' id='word_1_329' title='bbox 2480 2485 2562 2531; x_wconf 81' lang='lat' dir='ltr'><strong>in,</strong></span> <span class='ocrx_word' id='word_1_330' title='bbox 2609 2470 2696 2522; x_wconf 82' lang='grc'><strong>11.</strong></span> <span class='ocrx_word' id='word_1_331' title='bbox 2722 2465 2854 2537; x_wconf 89' lang='lat' dir='ltr'><strong>Ejus</strong></span> <span class='ocrx_word' id='word_1_332' title='bbox 2903 2482 3031 2521; x_wconf 89' lang='lat' dir='ltr'><strong>vero</strong></span> <span class='ocrx_word' id='word_1_333' title='bbox 3063 2482 3208 2519; x_wconf 86' lang='lat' dir='ltr'><strong>nunc</strong></span> <span class='ocrx_word' id='word_1_334' title='bbox 3239 2465 3409 2520; x_wconf 82' lang='lat' dir='ltr'><strong>moris</strong></span> 
     </span>
    </p>
   </div>
   <div class='ocr_carea' id='block_1_30' title="bbox 133 2555 3406 2631">
    <p class='ocr_par' dir='ltr' id='par_1_30' title="bbox 133 2555 3406 2631">
     <span class='ocr_line' id='line_1_30' title="bbox 133 2555 3406 2631; baseline -0.001 -21"><span class='ocrx_word' id='word_1_335' title='bbox 133 2555 583 2625; x_wconf 82' lang='lat' dir='ltr'><strong>perfrequentem</strong></span> <span class='ocrx_word' id='word_1_336' title='bbox 612 2557 1137 2613; x_wconf 82' lang='lat' dir='ltr'><strong>demonstrationem</strong></span> <span class='ocrx_word' id='word_1_337' title='bbox 1170 2560 1223 2613; x_wconf 92' lang='lat' dir='ltr'><strong>in</strong></span> <span class='ocrx_word' id='word_1_338' title='bbox 1258 2559 1343 2616; x_wconf 90' lang='lat' dir='ltr'><strong>his</strong></span> <span class='ocrx_word' id='word_1_339' title='bbox 1372 2562 1786 2616; x_wconf 86' lang='lat' dir='ltr'><strong>commentariis</strong></span> <span class='ocrx_word' id='word_1_340' title='bbox 1828 2562 2098 2618; x_wconf 89' lang='lat' dir='ltr'><strong>videmus.</strong></span> <span class='ocrx_word' id='word_1_341' title='bbox 2141 2561 2273 2616; x_wconf 86' lang='lat' dir='ltr'><strong>Item</strong></span> <span class='ocrx_word' id='word_1_342' title='bbox 2311 2562 2608 2631; x_wconf 68' lang='lat' dir='ltr'><strong>Scriptura:</strong></span> <span class='ocrx_word' id='word_1_343' title='bbox 2656 2559 2957 2630; x_wconf 88' lang='lat' dir='ltr'><strong>permultas</strong></span> <span class='ocrx_word' id='word_1_344' title='bbox 2987 2558 3345 2613; x_wconf 88' lang='lat' dir='ltr'><strong>auctoritates</strong></span> <span class='ocrx_word' id='word_1_345' title='bbox 3378 2573 3406 2608; x_wconf 72' lang='grc' dir='ltr'>ει</span> 
     </span>
    </p>
   </div>
   <div class='ocr_carea' id='block_1_31' title="bbox 137 2646 3407 2725">
    <p class='ocr_par' dir='ltr' id='par_1_31' title="bbox 137 2646 3407 2725">
     <span class='ocr_line' id='line_1_31' title="bbox 137 2646 3407 2725; baseline 0.002 -26"><span class='ocrx_word' id='word_1_346' title='bbox 137 2646 532 2717; x_wconf 72' lang='lat' dir='ltr'><strong>llopsuesteno</strong></span> <span class='ocrx_word' id='word_1_347' title='bbox 562 2648 716 2702; x_wconf 88' lang='lat' dir='ltr'><strong>citari</strong></span> <span class='ocrx_word' id='word_1_348' title='bbox 746 2650 936 2707; x_wconf 87' lang='lat' dir='ltr'><strong>solitas</strong></span> <span class='ocrx_word' id='word_1_349' title='bbox 970 2653 1046 2706; x_wconf 87' lang='lat' dir='ltr'><strong>ait</strong></span> <span class='ocrx_word' id='word_1_350' title='bbox 1076 2651 1343 2723; x_wconf 81' lang='lat' dir='ltr'><strong>Pliotius;</strong></span> <span class='ocrx_word' id='word_1_351' title='bbox 1374 2655 1519 2725; x_wconf 86' lang='lat' dir='ltr'><strong>quod</strong></span> <span class='ocrx_word' id='word_1_352' title='bbox 1550 2657 1617 2709; x_wconf 90' lang='lat' dir='ltr'><strong>ab</strong></span> <span class='ocrx_word' id='word_1_353' title='bbox 1647 2672 1712 2711; x_wconf 92' lang='lat' dir='ltr'><strong>eo</strong></span> <span class='ocrx_word' id='word_1_354' title='bbox 1742 2658 2028 2713; x_wconf 88' lang='lat' dir='ltr'><strong>verissime</strong></span> <span class='ocrx_word' id='word_1_355' title='bbox 2050 2658 2256 2711; x_wconf 90' lang='lat' dir='ltr'><strong>dictum</strong></span> <span class='ocrx_word' id='word_1_356' title='bbox 2287 2655 2672 2711; x_wconf 86' lang='lat' dir='ltr'><strong>commentarii</strong></span> <span class='ocrx_word' id='word_1_357' title='bbox 2700 2671 2847 2709; x_wconf 92' lang='lat' dir='ltr'><strong>nunc</strong></span> <span class='ocrx_word' id='word_1_358' title='bbox 2871 2655 3089 2710; x_wconf 89' lang='lat' dir='ltr'><strong>docent.</strong></span> <span class='ocrx_word' id='word_1_359' title='bbox 3117 2654 3223 2708; x_wconf 88' lang='lat' dir='ltr'><strong>Sed</strong></span> <span class='ocrx_word' id='word_1_360' title='bbox 3258 2654 3407 2707; x_wconf 85' lang='lat' dir='ltr'><strong>enim</strong></span> 
     </span>
    </p>
   </div>
   <div class='ocr_carea' id='block_1_32' title="bbox 131 2741 3403 2819">
    <p class='ocr_par' dir='ltr' id='par_1_32' title="bbox 131 2741 3403 2819">
     <span class='ocr_line' id='line_1_32' title="bbox 131 2741 3403 2819; baseline 0 -22"><span class='ocrx_word' id='word_1_361' title='bbox 131 2743 289 2814; x_wconf 86' lang='lat' dir='ltr'><strong>quod</strong></span> <span class='ocrx_word' id='word_1_362' title='bbox 320 2743 397 2796; x_wconf 89' lang='lat' dir='ltr'><strong>ait</strong></span> <span class='ocrx_word' id='word_1_363' title='bbox 426 2741 807 2799; x_wconf 87' lang='lat' dir='ltr'><strong>Tillemontius</strong></span> <span class='ocrx_word' id='word_1_364' title='bbox 839 2743 913 2817; x_wconf 73' lang='grc' dir='ltr'><strong>(ὁ)</strong></span> <span class='ocrx_word' id='word_1_365' title='bbox 945 2747 1391 2819; x_wconf 84' lang='lat' dir='ltr'><strong>Mopsuestenum</strong></span> <span class='ocrx_word' id='word_1_366' title='bbox 1422 2750 1678 2804; x_wconf 90' lang='lat' dir='ltr'><strong>universa</strong></span> <span class='ocrx_word' id='word_1_367' title='bbox 1709 2749 1885 2804; x_wconf 85' lang='lat' dir='ltr'><strong>Biblia</strong></span> <span class='ocrx_word' id='word_1_368' title='bbox 1930 2750 2277 2819; x_wconf 86' lang='lat' dir='ltr'><strong>complexum</strong></span> <span class='ocrx_word' id='word_1_369' title='bbox 2311 2749 2573 2803; x_wconf 87' lang='lat' dir='ltr'><strong>memoria</strong></span> <span class='ocrx_word' id='word_1_370' title='bbox 2614 2748 2810 2811; x_wconf 81' lang='lat' dir='ltr'><strong>fuisse,</strong></span> <span class='ocrx_word' id='word_1_371' title='bbox 2863 2746 3024 2816; x_wconf 88' lang='lat' dir='ltr'><strong>cujus</strong></span> <span class='ocrx_word' id='word_1_372' title='bbox 3073 2746 3151 2799; x_wconf 89' lang='lat' dir='ltr'><strong>rei</strong></span> <span class='ocrx_word' id='word_1_373' title='bbox 3209 2754 3403 2798; x_wconf 83' lang='lat' dir='ltr'><strong>testem</strong></span> 
     </span>
    </p>
   </div>
   <div class='ocr_carea' id='block_1_33' title="bbox 131 2834 3407 2907">
    <p class='ocr_par' dir='ltr' id='par_1_33' title="bbox 131 2834 3407 2907">
     <span class='ocr_line' id='line_1_33' title="bbox 131 2834 3407 2907; baseline -0.003 -12"><span class='ocrx_word' id='word_1_374' title='bbox 131 2842 274 2895; x_wconf 81' lang='lat' dir='ltr'><strong>citat</strong></span> <span class='ocrx_word' id='word_1_375' title='bbox 309 2838 601 2905; x_wconf 84' lang='lat' dir='ltr'><strong>Leontium</strong></span> <span class='ocrx_word' id='word_1_376' title='bbox 642 2838 721 2893; x_wconf 81' lang='lat' dir='ltr'><strong>De</strong></span> <span class='ocrx_word' id='word_1_377' title='bbox 750 2841 904 2893; x_wconf 86' lang='lat' dir='ltr'><strong>sectis</strong></span> <span class='ocrx_word' id='word_1_378' title='bbox 938 2846 1046 2891; x_wconf 90' lang='lat' dir='ltr'><strong>act.</strong></span> <span class='ocrx_word' id='word_1_379' title='bbox 1080 2847 1330 2903; x_wconf 81' lang='lat' dir='ltr'><strong>tv;errat</strong></span> <span class='ocrx_word' id='word_1_380' title='bbox 1380 2837 1539 2907; x_wconf 86' lang='lat' dir='ltr'><strong>plane</strong></span> <span class='ocrx_word' id='word_1_381' title='bbox 1570 2838 1651 2891; x_wconf 81' lang='lat' dir='ltr'><strong>vir</strong></span> <span class='ocrx_word' id='word_1_382' title='bbox 1695 2838 1891 2892; x_wconf 88' lang='lat' dir='ltr'><strong>doctus</strong></span> <span class='ocrx_word' id='word_1_383' title='bbox 1934 2854 2043 2892; x_wconf 91' lang='lat' dir='ltr'><strong>non</strong></span> <span class='ocrx_word' id='word_1_384' title='bbox 2072 2837 2361 2891; x_wconf 86' lang='lat' dir='ltr'><strong>intellectis</strong></span> <span class='ocrx_word' id='word_1_385' title='bbox 2395 2836 2607 2891; x_wconf 87' lang='lat' dir='ltr'><strong>Leontii</strong></span> <span class='ocrx_word' id='word_1_386' title='bbox 2639 2838 2822 2892; x_wconf 90' lang='lat' dir='ltr'><strong>verbis</strong></span> <span class='ocrx_word' id='word_1_387' title='bbox 2850 2837 2951 2907; x_wconf 75' lang='grc' dir='ltr'><strong>τὴν</strong></span> <span class='ocrx_word' id='word_1_388' title='bbox 2990 2834 3156 2905; x_wconf 81' lang='grc' dir='ltr'>ἄλλην</span> <span class='ocrx_word' id='word_1_389' title='bbox 3191 2836 3407 2905; x_wconf 77' lang='grc' dir='ltr'>Γραφὴν</span> 
     </span>
    </p>
   </div>
   <div class='ocr_carea' id='block_1_34' title="bbox 133 2930 1635 3013">
    <p class='ocr_par' dir='ltr' id='par_1_34' title="bbox 133 2935 1635 3009">
     <span class='ocr_line' id='line_1_34' title="bbox 133 2935 1635 3009; baseline -0.001 -19"><span class='ocrx_word' id='word_1_390' title='bbox 133 2938 621 3009; x_wconf 76' lang='grc' dir='ltr'>ὑπεμνημάτισεν.</span> <span class='ocrx_word' id='word_1_391' title='bbox 668 2936 812 2991; x_wconf 88' lang='lat' dir='ltr'><strong>Sane</strong></span> <span class='ocrx_word' id='word_1_392' title='bbox 841 2953 941 3008; x_wconf 89' lang='lat' dir='ltr'><strong>pro</strong></span> <span class='ocrx_word' id='word_1_393' title='bbox 964 2936 1130 3007; x_wconf 81' lang='grc' dir='ltr'>ἄλλην</span> <span class='ocrx_word' id='word_1_394' title='bbox 1165 2935 1451 3007; x_wconf 82' lang='lat' dir='ltr'><strong>legendum</strong></span> <span class='ocrx_word' id='word_1_395' title='bbox 1476 2950 1599 2989; x_wconf 75' lang='lat' dir='ltr'><strong>esse</strong></span> <span class='ocrx_word' id='word_1_396' title='bbox 1631 2960 1635 2978; x_wconf 82' lang='grc'>‹</span> 
     </span>
    </p>
   </div>
   <div class='ocr_carea' id='block_1_35' title="bbox 1904 2930 3406 3013">
    <p class='ocr_par' dir='ltr' id='par_1_35' title="bbox 1937 2930 3406 3013">
     <span class='ocr_line' id='line_1_35' title="bbox 1937 2930 3406 3013; baseline -0.007 -24"><span class='ocrx_word' id='word_1_397' title='bbox 1937 2936 2057 3004; x_wconf 90' lang='lat' dir='ltr'><strong>ipsa</strong></span> <span class='ocrx_word' id='word_1_398' title='bbox 2084 2935 2303 2998; x_wconf 88' lang='lat' dir='ltr'><strong>clamat,</strong></span> <span class='ocrx_word' id='word_1_399' title='bbox 2327 2940 2381 2987; x_wconf 91' lang='lat' dir='ltr'><strong>et</strong></span> <span class='ocrx_word' id='word_1_400' title='bbox 2410 2950 2601 2988; x_wconf 85' lang='lat' dir='ltr'><strong>revera</strong></span> <span class='ocrx_word' id='word_1_401' title='bbox 2638 2930 3406 3013; x_wconf 52' lang='lat' dir='ltr'><strong>Leontii’interpretesexpli-</strong></span> 
     </span>
    </p>
   </div>
   <div class='ocr_carea' id='block_1_36' title="bbox 130 3021 3410 3098">
    <p class='ocr_par' dir='ltr' id='par_1_36' title="bbox 130 3021 3410 3098">
     <span class='ocr_line' id='line_1_36' title="bbox 130 3021 3410 3098; baseline -0.002 -14"><span class='ocrx_word' id='word_1_402' title='bbox 130 3040 267 3085; x_wconf 88' lang='lat' dir='ltr'><strong>cant</strong></span> <span class='ocrx_word' id='word_1_403' title='bbox 294 3032 559 3083; x_wconf 76' lang='lat' dir='ltr'><strong>universa.</strong></span> <span class='ocrx_word' id='word_1_404' title='bbox 595 3027 987 3083; x_wconf 71' lang='lat' dir='ltr'><strong>Verumtamen</strong></span> <span class='ocrx_word' id='word_1_405' title='bbox 1010 3028 1458 3098; x_wconf 75' lang='grc' dir='ltr'>ὑπεμνημάτισεν</span> <span class='ocrx_word' id='word_1_406' title='bbox 1504 3043 1614 3081; x_wconf 90' lang='lat' dir='ltr'><strong>non</strong></span> <span class='ocrx_word' id='word_1_407' title='bbox 1642 3027 1898 3080; x_wconf 80' lang='lat' dir='ltr'><strong>memoria</strong></span> <span class='ocrx_word' id='word_1_408' title='bbox 1921 3026 2198 3090; x_wconf 87' lang='lat' dir='ltr'><strong>retinebat,</strong></span> <span class='ocrx_word' id='word_1_409' title='bbox 2232 3026 2327 3081; x_wconf 88' lang='lat' dir='ltr'><strong>sed</strong></span> <span class='ocrx_word' id='word_1_410' title='bbox 2378 3035 2760 3079; x_wconf 80' lang='lat' dir='ltr'><strong>commentatus</strong></span> <span class='ocrx_word' id='word_1_411' title='bbox 2783 3034 2863 3078; x_wconf 89' lang='lat' dir='ltr'><strong>est</strong></span> <span class='ocrx_word' id='word_1_412' title='bbox 2907 3023 3197 3094; x_wconf 84' lang='lat' dir='ltr'><strong>signiﬁcat.</strong></span> <span class='ocrx_word' id='word_1_413' title='bbox 3228 3021 3410 3087; x_wconf 82' lang='lat' dir='ltr'><strong>Quare</strong></span> 
     </span>
    </p>
   </div>
   <div class='ocr_carea' id='block_1_37' title="bbox 128 3114 3404 3189">
    <p class='ocr_par' dir='ltr' id='par_1_37' title="bbox 128 3114 3404 3189">
     <span class='ocr_line' id='line_1_37' title="bbox 128 3114 3404 3189; baseline -0.003 -14"><span class='ocrx_word' id='word_1_414' title='bbox 128 3121 534 3177; x_wconf 71' lang='lat' dir='ltr'><strong>dicendude</strong></span> <span class='ocrx_word' id='word_1_415' title='bbox 548 3120 792 3173; x_wconf 80' lang='lat' dir='ltr'><strong>universa</strong></span> <span class='ocrx_word' id='word_1_416' title='bbox 822 3118 1001 3173; x_wconf 83' lang='lat' dir='ltr'><strong>Biblia</strong></span> <span class='ocrx_word' id='word_1_417' title='bbox 1030 3128 1415 3173; x_wconf 74' lang='lat' dir='ltr'><strong>commentatus</strong></span> <span class='ocrx_word' id='word_1_418' title='bbox 1440 3128 1539 3174; x_wconf 82' lang='lat' dir='ltr'><strong>est.</strong></span> <span class='ocrx_word' id='word_1_419' title='bbox 1570 3119 1681 3172; x_wconf 88' lang='lat' dir='ltr'><strong>lmo</strong></span> <span class='ocrx_word' id='word_1_420' title='bbox 1710 3119 2004 3189; x_wconf 87' lang='lat' dir='ltr'><strong>plerosque</strong></span> <span class='ocrx_word' id='word_1_421' title='bbox 2034 3134 2226 3174; x_wconf 91' lang='lat' dir='ltr'><strong>omnes</strong></span> <span class='ocrx_word' id='word_1_422' title='bbox 2250 3119 2494 3173; x_wconf 91' lang='lat' dir='ltr'><strong>auctoris</strong></span> <span class='ocrx_word' id='word_1_423' title='bbox 2518 3135 2679 3189; x_wconf 85' lang='lat' dir='ltr'><strong>quem</strong></span> <span class='ocrx_word' id='word_1_424' title='bbox 2703 3118 2919 3171; x_wconf 91' lang='lat' dir='ltr'><strong>edimus</strong></span> <span class='ocrx_word' id='word_1_425' title='bbox 2942 3116 3315 3171; x_wconf 78' lang='lat' dir='ltr'><strong>characteres.</strong></span> <span class='ocrx_word' id='word_1_426' title='bbox 3346 3114 3404 3167; x_wconf 89' lang='lat' dir='ltr'><strong>in</strong></span> 
     </span>
    </p>
   </div>
   <div class='ocr_carea' id='block_1_38' title="bbox 130 3205 1632 3283">
    <p class='ocr_par' dir='ltr' id='par_1_38' title="bbox 130 3209 1612 3283">
     <span class='ocr_line' id='line_1_38' title="bbox 130 3209 1612 3283; baseline -0.005 -13"><span class='ocrx_word' id='word_1_427' title='bbox 130 3216 436 3273; x_wconf 81' lang='lat' dir='ltr'><strong>Theodoro</strong></span> <span class='ocrx_word' id='word_1_428' title='bbox 458 3214 687 3268; x_wconf 82' lang='lat' dir='ltr'><strong>Pbotius</strong></span> <span class='ocrx_word' id='word_1_429' title='bbox 710 3210 1175 3283; x_wconf 88' lang='lat' dir='ltr'><strong>deprehendehat.</strong></span> <span class='ocrx_word' id='word_1_430' title='bbox 1203 3210 1295 3265; x_wconf 92' lang='lat' dir='ltr'><strong>Sic</strong></span> <span class='ocrx_word' id='word_1_431' title='bbox 1319 3211 1464 3264; x_wconf 92' lang='lat' dir='ltr'><strong>enim</strong></span> <span class='ocrx_word' id='word_1_432' title='bbox 1490 3209 1612 3264; x_wconf 90' lang='lat' dir='ltr'><strong>cod.</strong></span> 
     </span>
    </p>
   </div>
   <div class='ocr_carea' id='block_1_39' title="bbox 1904 3205 3406 3283">
    <p class='ocr_par' dir='ltr' id='par_1_39' title="bbox 1917 3205 3406 3280">
     <span class='ocr_line' id='line_1_39' title="bbox 1917 3205 3406 3280; baseline -0.004 -18"><span class='ocrx_word' id='word_1_433' title='bbox 1917 3209 2138 3279; x_wconf 81' lang='grc' dir='ltr'>Φεύγων</span> <span class='ocrx_word' id='word_1_434' title='bbox 2160 3211 2251 3263; x_wconf 85' lang='grc' dir='ltr'><strong>τὸν</strong></span> <span class='ocrx_word' id='word_1_435' title='bbox 2276 3210 2501 3267; x_wconf 80' lang='grc' dir='ltr'>δυνατὸν</span> <span class='ocrx_word' id='word_1_436' title='bbox 2524 3209 2673 3280; x_wconf 78' lang='grc' dir='ltr'>αὐτῷ</span> <span class='ocrx_word' id='word_1_437' title='bbox 2696 3209 2893 3280; x_wconf 86' lang='grc' dir='ltr'>τρόπον</span> <span class='ocrx_word' id='word_1_438' title='bbox 2922 3210 3021 3272; x_wconf 82' lang='grc' dir='ltr'>τὰς</span> <span class='ocrx_word' id='word_1_439' title='bbox 3055 3205 3406 3277; x_wconf 81' lang='grc' dir='ltr'><strong>ἀλληγορίας,</strong></span> 
     </span>
    </p>
   </div>
   <div class='ocr_carea' id='block_1_40' title="bbox 129 3301 3412 3381">
    <p class='ocr_par' dir='ltr' id='par_1_40' title="bbox 129 3301 3412 3381">
     <span class='ocr_line' id='line_1_40' title="bbox 129 3301 3412 3381; baseline -0.004 -15"><span class='ocrx_word' id='word_1_440' title='bbox 129 3313 229 3366; x_wconf 79' lang='grc' dir='ltr'>καὶ</span> <span class='ocrx_word' id='word_1_441' title='bbox 271 3311 417 3365; x_wconf 78' lang='grc' dir='ltr'>κατὰ</span> <span class='ocrx_word' id='word_1_442' title='bbox 447 3310 545 3381; x_wconf 86' lang='grc' dir='ltr'><strong>τὴν</strong></span> <span class='ocrx_word' id='word_1_443' title='bbox 586 3310 824 3380; x_wconf 77' lang='grc' dir='ltr'>ἱστορίαν</span> <span class='ocrx_word' id='word_1_444' title='bbox 869 3307 971 3375; x_wconf 82' lang='grc' dir='ltr'>τὴν</span> <span class='ocrx_word' id='word_1_445' title='bbox 1034 3306 1333 3379; x_wconf 78' lang='grc' dir='ltr'>ἑρμηνείαν</span> <span class='ocrx_word' id='word_1_446' title='bbox 1382 3304 1737 3376; x_wconf 85' lang='grc' dir='ltr'>ποιούμενος·</span> <span class='ocrx_word' id='word_1_447' title='bbox 1778 3306 2096 3375; x_wconf 83' lang='grc' dir='ltr'>ταυτολογεῖ</span> <span class='ocrx_word' id='word_1_448' title='bbox 2125 3306 2182 3359; x_wconf 84' lang='grc' dir='ltr'><strong>δὲ</strong></span> <span class='ocrx_word' id='word_1_449' title='bbox 2236 3305 2305 3359; x_wconf 74' lang='grc' dir='ltr'><strong>τὰ</strong></span> <span class='ocrx_word' id='word_1_450' title='bbox 2343 3306 2697 3371; x_wconf 83' lang='grc' dir='ltr'>πλεῖστα,καὶ</span> <span class='ocrx_word' id='word_1_451' title='bbox 2726 3305 2926 3375; x_wconf 71' lang='grc' dir='ltr'>ἄχαρίς</span> <span class='ocrx_word' id='word_1_452' title='bbox 2971 3320 3085 3362; x_wconf 77' lang='grc' dir='ltr'><strong>πως</strong></span> <span class='ocrx_word' id='word_1_453' title='bbox 3118 3303 3209 3354; x_wconf 71' lang='grc' dir='ltr'>καὶ</span> <span class='ocrx_word' id='word_1_454' title='bbox 3237 3301 3412 3371; x_wconf 83' lang='grc' dir='ltr'>ἀηδὴς</span> 
     </span>
    </p>
   </div>
   <div class='ocr_carea' id='block_1_41' title="bbox 130 3390 3408 3473">
    <p class='ocr_par' dir='ltr' id='par_1_41' title="bbox 130 3390 3408 3473">
     <span class='ocr_line' id='line_1_41' title="bbox 130 3390 3408 3473; baseline -0.002 -17"><span class='ocrx_word' id='word_1_455' title='bbox 130 3401 278 3458; x_wconf 80' lang='grc' dir='ltr'>εἶναι</span> <span class='ocrx_word' id='word_1_456' title='bbox 302 3390 468 3457; x_wconf 80' lang='grc' dir='ltr'>δοκεῖ.</span> <span class='ocrx_word' id='word_1_457' title='bbox 511 3401 647 3455; x_wconf 90' lang='lat' dir='ltr'><strong>Tum</strong></span> <span class='ocrx_word' id='word_1_458' title='bbox 678 3402 801 3455; x_wconf 91' lang='lat' dir='ltr'><strong>cod.</strong></span> <span class='ocrx_word' id='word_1_459' title='bbox 851 3417 925 3468; x_wconf 89' lang='lat' dir='ltr'><strong>Iv,</strong></span> <span class='ocrx_word' id='word_1_460' title='bbox 962 3402 1116 3455; x_wconf 87' lang='grc' dir='ltr'>Ἔστι</span> <span class='ocrx_word' id='word_1_461' title='bbox 1145 3401 1203 3454; x_wconf 83' lang='grc' dir='ltr'><strong>δὲ</strong></span> <span class='ocrx_word' id='word_1_462' title='bbox 1238 3400 1337 3472; x_wconf 80' lang='grc' dir='ltr'>μὲν</span> <span class='ocrx_word' id='word_1_463' title='bbox 1369 3402 1568 3471; x_wconf 82' lang='grc' dir='ltr'>φράσιν</span> <span class='ocrx_word' id='word_1_464' title='bbox 1598 3404 1663 3457; x_wconf 80' lang='grc' dir='ltr'>οὐ</span> <span class='ocrx_word' id='word_1_465' title='bbox 1689 3402 1829 3456; x_wconf 83' lang='grc' dir='ltr'>πάνυ</span> <span class='ocrx_word' id='word_1_466' title='bbox 1859 3402 2143 3473; x_wconf 85' lang='grc' dir='ltr'>λαμπρός·</span> <span class='ocrx_word' id='word_1_467' title='bbox 2180 3405 2301 3466; x_wconf 86' lang='grc' dir='ltr'>ταῖς</span> <span class='ocrx_word' id='word_1_468' title='bbox 2330 3403 2387 3456; x_wconf 79' lang='grc' dir='ltr'>δὲ</span> <span class='ocrx_word' id='word_1_469' title='bbox 2413 3404 2672 3466; x_wconf 76' lang='grc' dir='ltr'>διανοίαις</span> <span class='ocrx_word' id='word_1_470' title='bbox 2716 3404 2810 3455; x_wconf 74' lang='grc' dir='ltr'><strong>καὶ</strong></span> <span class='ocrx_word' id='word_1_471' title='bbox 2835 3405 2946 3463; x_wconf 85' lang='grc' dir='ltr'>τοῖς</span> <span class='ocrx_word' id='word_1_472' title='bbox 2985 3402 3408 3470; x_wconf 70' lang='grc' dir='ltr'><strong>ἐπιχειρήμασιν</strong></span> 
     </span>
    </p>
   </div>
   <div class='ocr_carea' id='block_1_42' title="bbox 130 3490 1632 3566">
    <p class='ocr_par' dir='ltr' id='par_1_42' title="bbox 130 3490 1608 3566">
     <span class='ocr_line' id='line_1_42' title="bbox 130 3490 1608 3566; baseline -0.002 -16"><span class='ocrx_word' id='word_1_473' title='bbox 130 3499 257 3551; x_wconf 79' lang='grc' dir='ltr'>λίαν</span> <span class='ocrx_word' id='word_1_474' title='bbox 290 3496 514 3559; x_wconf 78' lang='grc' dir='ltr'>πυκνὸς,</span> <span class='ocrx_word' id='word_1_475' title='bbox 550 3496 644 3548; x_wconf 73' lang='grc' dir='ltr'>καὶ</span> <span class='ocrx_word' id='word_1_476' title='bbox 670 3498 789 3557; x_wconf 86' lang='grc' dir='ltr'>ταῖς</span> <span class='ocrx_word' id='word_1_477' title='bbox 812 3498 1106 3566; x_wconf 77' lang='grc' dir='ltr'>γραφικαῖς</span> <span class='ocrx_word' id='word_1_478' title='bbox 1138 3490 1335 3566; x_wconf 75' lang='grc' dir='ltr'>ἄριστα</span> <span class='ocrx_word' id='word_1_479' title='bbox 1365 3494 1608 3548; x_wconf 82' lang='grc' dir='ltr'>πλουτῶν</span> 
     </span>
    </p>
   </div>
   <div class='ocr_carea' id='block_1_43' title="bbox 1905 3490 3407 3566">
    <p class='ocr_par' dir='ltr' id='par_1_43' title="bbox 1905 3494 3407 3563">
     <span class='ocr_line' id='line_1_43' title="bbox 1905 3494 3407 3563; baseline -0.003 -15"><span class='ocrx_word' id='word_1_480' title='bbox 1905 3514 1984 3560; x_wconf 71' lang='grc' dir='ltr'>εις.</span> <span class='ocrx_word' id='word_1_481' title='bbox 2030 3497 2281 3563; x_wconf 86' lang='lat' dir='ltr'><strong>(Photius</strong></span> <span class='ocrx_word' id='word_1_482' title='bbox 2314 3497 2504 3552; x_wconf 82' lang='lat' dir='ltr'><strong>codice</strong></span> <span class='ocrx_word' id='word_1_483' title='bbox 2550 3499 2677 3552; x_wconf 88' lang='lat' dir='ltr'><strong>item</strong></span> <span class='ocrx_word' id='word_1_484' title='bbox 2707 3503 2863 3549; x_wconf 74' lang='lat' dir='ltr'><strong>sexto</strong></span> <span class='ocrx_word' id='word_1_485' title='bbox 2913 3494 3239 3548; x_wconf 88' lang='lat' dir='ltr'><strong>densitatem</strong></span> <span class='ocrx_word' id='word_1_486' title='bbox 3278 3507 3407 3547; x_wconf 81' lang='lat' dir='ltr'><strong>sen-</strong></span> 
     </span>
    </p>
   </div>
   <div class='ocr_carea' id='block_1_44' title="bbox 129 3583 1631 3659">
    <p class='ocr_par' dir='ltr' id='par_1_44' title="bbox 129 3587 1631 3659">
     <span class='ocr_line' id='line_1_44' title="bbox 129 3587 1631 3659; baseline -0.007 -8"><span class='ocrx_word' id='word_1_487' title='bbox 129 3595 435 3650; x_wconf 77' lang='lat' dir='ltr'><strong>tentiarum</strong></span> <span class='ocrx_word' id='word_1_488' title='bbox 467 3591 735 3647; x_wconf 86' lang='lat' dir='ltr'><strong>Theodori</strong></span> <span class='ocrx_word' id='word_1_489' title='bbox 756 3590 981 3656; x_wconf 87' lang='lat' dir='ltr'><strong>innuit.)</strong></span> <span class='ocrx_word' id='word_1_490' title='bbox 1010 3587 1254 3659; x_wconf 88' lang='lat' dir='ltr'><strong>Denique</strong></span> <span class='ocrx_word' id='word_1_491' title='bbox 1283 3588 1404 3641; x_wconf 90' lang='lat' dir='ltr'><strong>cod.</strong></span> <span class='ocrx_word' id='word_1_492' title='bbox 1442 3602 1631 3641; x_wconf 67' lang='lat' dir='ltr'><strong>onxxvn</strong></span> 
     </span>
    </p>
   </div>
   <div class='ocr_carea' id='block_1_45' title="bbox 1900 3583 3402 3659">
    <p class='ocr_par' dir='ltr' id='par_1_45' title="bbox 1900 3583 3402 3658">
     <span class='ocr_line' id='line_1_45' title="bbox 1900 3583 3402 3658; baseline -0.005 -16"><span class='ocrx_word' id='word_1_493' title='bbox 1900 3589 2000 3658; x_wconf 70' lang='grc' dir='ltr'><strong>φὴς</strong></span> <span class='ocrx_word' id='word_1_494' title='bbox 2027 3588 2089 3641; x_wconf 82' lang='grc' dir='ltr'><strong>δέ</strong></span> <span class='ocrx_word' id='word_1_495' title='bbox 2124 3592 2260 3652; x_wconf 80' lang='grc' dir='ltr'>ἐστι,</span> <span class='ocrx_word' id='word_1_496' title='bbox 2286 3588 2376 3641; x_wconf 84' lang='grc' dir='ltr'><strong>καί</strong></span> <span class='ocrx_word' id='word_1_497' title='bbox 2402 3606 2483 3641; x_wconf 85' lang='grc' dir='ltr'><strong>τοι</strong></span> <span class='ocrx_word' id='word_1_498' title='bbox 2512 3588 2659 3654; x_wconf 82' lang='grc' dir='ltr'>λέξει</span> <span class='ocrx_word' id='word_1_499' title='bbox 2692 3587 2750 3641; x_wconf 78' lang='grc' dir='ltr'><strong>οὐ</strong></span> <span class='ocrx_word' id='word_1_500' title='bbox 2779 3584 3059 3655; x_wconf 76' lang='grc' dir='ltr'>ξενιζούσῃ</span> <span class='ocrx_word' id='word_1_501' title='bbox 3092 3583 3402 3654; x_wconf 80' lang='grc' dir='ltr'>χρώμενος’</span> 
     </span>
    </p>
   </div>
   <div class='ocr_carea' id='block_1_46' title="bbox 133 3672 3409 3766">
    <p class='ocr_par' dir='ltr' id='par_1_46' title="bbox 133 3672 3409 3766">
     <span class='ocr_line' id='line_1_46' title="bbox 133 3672 3409 3766; baseline -0.004 -21"><span class='ocrx_word' id='word_1_502' title='bbox 133 3691 277 3745; x_wconf 71' lang='grc' dir='ltr'>ἀλλὰ</span> <span class='ocrx_word' id='word_1_503' title='bbox 306 3696 383 3766; x_wconf 72' lang='grc' dir='ltr'>τῷ</span> <span class='ocrx_word' id='word_1_504' title='bbox 406 3689 761 3761; x_wconf 79' lang='grc' dir='ltr'>σχοινοτενέσι</span> <span class='ocrx_word' id='word_1_505' title='bbox 794 3685 1026 3759; x_wconf 83' lang='grc' dir='ltr'>χρῆσθαι</span> <span class='ocrx_word' id='word_1_506' title='bbox 1055 3687 1118 3739; x_wconf 80' lang='grc' dir='ltr'><strong>ὲκ</strong></span> <span class='ocrx_word' id='word_1_507' title='bbox 1140 3684 1235 3738; x_wconf 79' lang='grc' dir='ltr'>τοῦ</span> <span class='ocrx_word' id='word_1_508' title='bbox 1267 3684 1357 3736; x_wconf 77' lang='grc' dir='ltr'><strong>ἐπὶ</strong></span> <span class='ocrx_word' id='word_1_509' title='bbox 1384 3683 1635 3737; x_wconf 85' lang='grc' dir='ltr'>πλεῖστον</span> <span class='ocrx_word' id='word_1_510' title='bbox 1671 3683 1938 3754; x_wconf 76' lang='grc' dir='ltr'>περιόδοις</span> <span class='ocrx_word' id='word_1_511' title='bbox 1968 3684 2063 3737; x_wconf 76' lang='grc' dir='ltr'>καὶ</span> <span class='ocrx_word' id='word_1_512' title='bbox 2110 3684 2482 3755; x_wconf 78' lang='grc' dir='ltr'>παρεμϐολαῖς</span> <span class='ocrx_word' id='word_1_513' title='bbox 2534 3681 2975 3752; x_wconf 83' lang='grc' dir='ltr'>ἀλλεπαλλήλοις,</span> <span class='ocrx_word' id='word_1_514' title='bbox 3002 3679 3067 3733; x_wconf 78' lang='grc' dir='ltr'><strong>δι’</strong></span> <span class='ocrx_word' id='word_1_515' title='bbox 3098 3672 3174 3733; x_wconf 86' lang='grc' dir='ltr'>ὧν</span> <span class='ocrx_word' id='word_1_516' title='bbox 3204 3680 3296 3732; x_wconf 75' lang='grc' dir='ltr'>καὶ</span> <span class='ocrx_word' id='word_1_517' title='bbox 3329 3683 3409 3741; x_wconf 84' lang='grc' dir='ltr'>εἰς</span> 
     </span>
    </p>
   </div>
   <div class='ocr_carea' id='block_1_47' title="bbox 133 3773 3407 3856">
    <p class='ocr_par' dir='ltr' id='par_1_47' title="bbox 133 3773 3407 3856">
     <span class='ocr_line' id='line_1_47' title="bbox 133 3773 3407 3856; baseline -0.004 -18"><span class='ocrx_word' id='word_1_518' title='bbox 133 3787 406 3856; x_wconf 80' lang='grc' dir='ltr'>μήκιστον</span> <span class='ocrx_word' id='word_1_519' title='bbox 436 3788 464 3837; x_wconf 86' lang='grc' dir='ltr'>ὁ</span> <span class='ocrx_word' id='word_1_520' title='bbox 490 3782 612 3844; x_wconf 77' lang='grc' dir='ltr'>νοῦς</span> <span class='ocrx_word' id='word_1_521' title='bbox 636 3782 978 3835; x_wconf 81' lang='grc' dir='ltr'>ἀποτείνεται</span> <span class='ocrx_word' id='word_1_522' title='bbox 1005 3779 1115 3833; x_wconf 85' lang='grc' dir='ltr'><strong>τῶν</strong></span> <span class='ocrx_word' id='word_1_523' title='bbox 1152 3781 1549 3849; x_wconf 82' lang='grc' dir='ltr'>προκειμένων,</span> <span class='ocrx_word' id='word_1_524' title='bbox 1580 3780 1699 3842; x_wconf 85' lang='grc' dir='ltr'>ταῖς</span> <span class='ocrx_word' id='word_1_525' title='bbox 1746 3796 1806 3831; x_wconf 87' lang='grc' dir='ltr'><strong>τε</strong></span> <span class='ocrx_word' id='word_1_526' title='bbox 1846 3777 1955 3832; x_wconf 83' lang='grc' dir='ltr'><strong>τῶν</strong></span> <span class='ocrx_word' id='word_1_527' title='bbox 2003 3779 2283 3847; x_wconf 81' lang='grc' dir='ltr'>ὀνομάτων</span> <span class='ocrx_word' id='word_1_528' title='bbox 2315 3778 2570 3848; x_wconf 86' lang='grc' dir='ltr'>πλαγίαις</span> <span class='ocrx_word' id='word_1_529' title='bbox 2596 3777 2689 3831; x_wconf 69' lang='grc' dir='ltr'><strong>καὶ</strong></span> <span class='ocrx_word' id='word_1_530' title='bbox 2731 3778 2851 3839; x_wconf 81' lang='grc' dir='ltr'>ταῖς</span> <span class='ocrx_word' id='word_1_531' title='bbox 2885 3776 3199 3845; x_wconf 83' lang='grc' dir='ltr'>μετοχικαῖς</span> <span class='ocrx_word' id='word_1_532' title='bbox 3228 3773 3407 3837; x_wconf 81' lang='grc' dir='ltr'>λέξεσι</span> 
     </span>
    </p>
   </div>
   <div class='ocr_carea' id='block_1_48' title="bbox 131 3866 3409 3942">
    <p class='ocr_par' dir='ltr' id='par_1_48' title="bbox 131 3866 3409 3942">
     <span class='ocr_line' id='line_1_48' title="bbox 131 3866 3409 3942; baseline -0.002 -11"><span class='ocrx_word' id='word_1_533' title='bbox 131 3876 476 3941; x_wconf 76' lang='grc' dir='ltr'>πλεονάζειν,</span> <span class='ocrx_word' id='word_1_534' title='bbox 506 3875 573 3928; x_wconf 86' lang='grc' dir='ltr'>τὰ</span> <span class='ocrx_word' id='word_1_535' title='bbox 592 3874 732 3928; x_wconf 82' lang='grc' dir='ltr'>αὑτά</span> <span class='ocrx_word' id='word_1_536' title='bbox 761 3890 819 3925; x_wconf 85' lang='grc' dir='ltr'><strong>τε</strong></span> <span class='ocrx_word' id='word_1_537' title='bbox 849 3872 1106 3935; x_wconf 79' lang='grc' dir='ltr'>πολλάκις</span> <span class='ocrx_word' id='word_1_538' title='bbox 1127 3873 1220 3925; x_wconf 74' lang='grc' dir='ltr'><strong>καὶ</strong></span> <span class='ocrx_word' id='word_1_539' title='bbox 1243 3871 1363 3924; x_wconf 80' lang='grc' dir='ltr'>οὐδὲ</span> <span class='ocrx_word' id='word_1_540' title='bbox 1394 3872 1491 3925; x_wconf 82' lang='grc' dir='ltr'><strong>σὺν</strong></span> <span class='ocrx_word' id='word_1_541' title='bbox 1515 3870 1708 3941; x_wconf 76' lang='grc' dir='ltr'>κόσμῳ</span> <span class='ocrx_word' id='word_1_542' title='bbox 1735 3872 2153 3935; x_wconf 80' lang='grc' dir='ltr'>ὲπανακυκλεῖν,</span> <span class='ocrx_word' id='word_1_543' title='bbox 2176 3872 2268 3924; x_wconf 73' lang='grc' dir='ltr'>καὶ</span> <span class='ocrx_word' id='word_1_544' title='bbox 2298 3870 2396 3934; x_wconf 83' lang='grc' dir='ltr'>τὰς</span> <span class='ocrx_word' id='word_1_545' title='bbox 2416 3871 2781 3941; x_wconf 75' lang='grc' dir='ltr'>ἐπαναλήψεις</span> <span class='ocrx_word' id='word_1_546' title='bbox 2797 3866 2958 3925; x_wconf 83' lang='grc' dir='ltr'>πλέον</span> <span class='ocrx_word' id='word_1_547' title='bbox 2981 3870 3088 3924; x_wconf 86' lang='grc' dir='ltr'>τῶν</span> <span class='ocrx_word' id='word_1_548' title='bbox 3104 3870 3409 3942; x_wconf 85' lang='grc' dir='ltr'>διηγήσεων</span> 
     </span>
    </p>
   </div>
   <div class='ocr_carea' id='block_1_49' title="bbox 132 3963 3406 4047">
    <p class='ocr_par' dir='ltr' id='par_1_49' title="bbox 132 3963 3406 4047">
     <span class='ocr_line' id='line_1_49' title="bbox 132 3963 3406 4047; baseline -0.004 -17"><span class='ocrx_word' id='word_1_549' title='bbox 132 3977 303 4047; x_wconf 75' lang='grc' dir='ltr'>(ὅπερ</span> <span class='ocrx_word' id='word_1_550' title='bbox 324 3970 588 4044; x_wconf 80' lang='grc' dir='ltr'>ἁμέθοδον</span> <span class='ocrx_word' id='word_1_551' title='bbox 604 3966 907 4035; x_wconf 83' lang='grc' dir='ltr'>παντελῶς)</span> <span class='ocrx_word' id='word_1_552' title='bbox 938 3969 1056 4030; x_wconf 82' lang='grc' dir='ltr'>ταῖς</span> <span class='ocrx_word' id='word_1_553' title='bbox 1110 3966 1466 4038; x_wconf 80' lang='grc' dir='ltr'>περιστάσεσι</span> <span class='ocrx_word' id='word_1_554' title='bbox 1508 3963 1913 4035; x_wconf 58' lang='grc' dir='ltr'>μμεστῶσθαι,</span> <span class='ocrx_word' id='word_1_555' title='bbox 1968 3965 2064 4018; x_wconf 78' lang='grc' dir='ltr'>καὶ</span> <span class='ocrx_word' id='word_1_556' title='bbox 2107 3967 2223 4028; x_wconf 79' lang='grc' dir='ltr'>τοῖς</span> <span class='ocrx_word' id='word_1_557' title='bbox 2256 3964 2537 4029; x_wconf 78' lang='grc' dir='ltr'>τοιούτοις,</span> <span class='ocrx_word' id='word_1_558' title='bbox 2571 3965 2672 4018; x_wconf 80' lang='grc' dir='ltr'><strong>οὐκ</strong></span> <span class='ocrx_word' id='word_1_559' title='bbox 2704 3965 2883 4034; x_wconf 86' lang='grc' dir='ltr'>ὀλίγον</span> <span class='ocrx_word' id='word_1_560' title='bbox 2909 3964 3071 4035; x_wconf 81' lang='grc' dir='ltr'>ζόφον</span> <span class='ocrx_word' id='word_1_561' title='bbox 3098 3964 3206 4019; x_wconf 82' lang='grc' dir='ltr'>τῶν</span> <span class='ocrx_word' id='word_1_562' title='bbox 3238 3965 3406 4019; x_wconf 73' lang='grc' dir='ltr'>αὑτοῦ</span> 
     </span>
    </p>
   </div>
   <div class='ocr_carea' id='block_1_50' title="bbox 130 4056 1632 4139">
    <p class='ocr_par' dir='ltr' id='par_1_50' title="bbox 130 4058 1632 4139">
     <span class='ocr_line' id='line_1_50' title="bbox 130 4058 1632 4139; baseline -0.008 -17"><span class='ocrx_word' id='word_1_563' title='bbox 130 4069 482 4139; x_wconf 80' lang='grc' dir='ltr'>γραμμάτων</span> <span class='ocrx_word' id='word_1_564' title='bbox 512 4062 925 4126; x_wconf 63' lang='grc' dir='ltr'>κατασκεδὸμζει.</span> <span class='ocrx_word' id='word_1_565' title='bbox 968 4059 1139 4113; x_wconf 86' lang='lat' dir='ltr'><strong>Porro</strong></span> <span class='ocrx_word' id='word_1_566' title='bbox 1168 4058 1233 4114; x_wconf 88' lang='lat' dir='ltr'><strong>ad</strong></span> <span class='ocrx_word' id='word_1_567' title='bbox 1286 4059 1467 4127; x_wconf 81' lang='lat' dir='ltr'><strong>fugam</strong></span> <span class='ocrx_word' id='word_1_568' title='bbox 1505 4058 1632 4125; x_wconf 66' lang='lat' dir='ltr'><strong>alleg</strong></span> 
     </span>
    </p>
   </div>
   <div class='ocr_carea' id='block_1_51' title="bbox 1899 4056 3401 4139">
    <p class='ocr_par' dir='ltr' id='par_1_51' title="bbox 1924 4056 3401 4130">
     <span class='ocr_line' id='line_1_51' title="bbox 1924 4056 3401 4130; baseline 0.001 -19"><span class='ocrx_word' id='word_1_569' title='bbox 1924 4056 2071 4125; x_wconf 87' lang='lat' dir='ltr'><strong>quod</strong></span> <span class='ocrx_word' id='word_1_570' title='bbox 2127 4058 2342 4121; x_wconf 90' lang='lat' dir='ltr'><strong>attinet,</strong></span> <span class='ocrx_word' id='word_1_571' title='bbox 2385 4059 2471 4111; x_wconf 90' lang='lat' dir='ltr'><strong>cui</strong></span> <span class='ocrx_word' id='word_1_572' title='bbox 2505 4057 2924 4128; x_wconf 83' lang='lat' dir='ltr'><strong>Mopsuestenus</strong></span> <span class='ocrx_word' id='word_1_573' title='bbox 2972 4059 3177 4130; x_wconf 83' lang='lat' dir='ltr'><strong>ubique</strong></span> <span class='ocrx_word' id='word_1_574' title='bbox 3200 4061 3401 4121; x_wconf 88' lang='lat' dir='ltr'><strong>studet,</strong></span> 
     </span>
    </p>
   </div>
   <div class='ocr_carea' id='block_1_52' title="bbox 130 4148 3408 4224">
    <p class='ocr_par' dir='ltr' id='par_1_52' title="bbox 130 4148 3408 4224">
     <span class='ocr_line' id='line_1_52' title="bbox 130 4148 3408 4224; baseline -0.002 -11"><span class='ocrx_word' id='word_1_575' title='bbox 130 4160 252 4219; x_wconf 82' lang='lat' dir='ltr'><strong>ipse</strong></span> <span class='ocrx_word' id='word_1_576' title='bbox 289 4159 499 4213; x_wconf 84' lang='lat' dir='ltr'><strong>scilicet</strong></span> <span class='ocrx_word' id='word_1_577' title='bbox 554 4156 657 4212; x_wconf 89' lang='lat' dir='ltr'><strong>sibi</strong></span> <span class='ocrx_word' id='word_1_578' title='bbox 708 4164 794 4210; x_wconf 86' lang='lat' dir='ltr'><strong>est</strong></span> <span class='ocrx_word' id='word_1_579' title='bbox 852 4156 1277 4214; x_wconf 85' lang='lat' dir='ltr'><strong>consentaneus,</strong></span> <span class='ocrx_word' id='word_1_580' title='bbox 1324 4149 1415 4218; x_wconf 86' lang='lat' dir='ltr'><strong>qui</strong></span> <span class='ocrx_word' id='word_1_581' title='bbox 1461 4163 1601 4219; x_wconf 85' lang='lat' dir='ltr'><strong>opus</strong></span> <span class='ocrx_word' id='word_1_582' title='bbox 1642 4156 1840 4203; x_wconf 89' lang='lat' dir='ltr'><strong>contra</strong></span> <span class='ocrx_word' id='word_1_583' title='bbox 1876 4148 2168 4219; x_wconf 87' lang='lat' dir='ltr'><strong>Origenem</strong></span> <span class='ocrx_word' id='word_1_584' title='bbox 2209 4159 2374 4220; x_wconf 90' lang='lat' dir='ltr'><strong>atque</strong></span> <span class='ocrx_word' id='word_1_585' title='bbox 2399 4151 2724 4222; x_wconf 84' lang='lat' dir='ltr'><strong>allegoricos</strong></span> <span class='ocrx_word' id='word_1_586' title='bbox 2763 4153 2986 4223; x_wconf 88' lang='lat' dir='ltr'><strong>scripsit</strong></span> <span class='ocrx_word' id='word_1_587' title='bbox 3020 4154 3116 4224; x_wconf 87' lang='lat' dir='ltr'><strong>(c).</strong></span> <span class='ocrx_word' id='word_1_588' title='bbox 3152 4152 3408 4208; x_wconf 80' lang='lat' dir='ltr'><strong>Profecto</strong></span> 
     </span>
    </p>
   </div>
   <div class='ocr_carea' id='block_1_53' title="bbox 129 4243 3407 4321">
    <p class='ocr_par' dir='ltr' id='par_1_53' title="bbox 129 4243 3407 4321">
     <span class='ocr_line' id='line_1_53' title="bbox 129 4243 3407 4321; baseline -0.001 -13"><span class='ocrx_word' id='word_1_589' title='bbox 129 4252 427 4321; x_wconf 83' lang='lat' dir='ltr'><strong>Origenem</strong></span> <span class='ocrx_word' id='word_1_590' title='bbox 452 4250 572 4305; x_wconf 90' lang='lat' dir='ltr'><strong>sine</strong></span> <span class='ocrx_word' id='word_1_591' title='bbox 602 4248 769 4302; x_wconf 85' lang='lat' dir='ltr'><strong>limite</strong></span> <span class='ocrx_word' id='word_1_592' title='bbox 798 4244 1105 4315; x_wconf 85' lang='lat' dir='ltr'><strong>allegoricis</strong></span> <span class='ocrx_word' id='word_1_593' title='bbox 1134 4243 1683 4313; x_wconf 90' lang='lat' dir='ltr'><strong>interpretationibus</strong></span> <span class='ocrx_word' id='word_1_594' title='bbox 1723 4244 2047 4308; x_wconf 89' lang='lat' dir='ltr'><strong>indulsisse,</strong></span> <span class='ocrx_word' id='word_1_595' title='bbox 2083 4260 2259 4315; x_wconf 91' lang='lat' dir='ltr'><strong>eoque</strong></span> <span class='ocrx_word' id='word_1_596' title='bbox 2310 4246 2561 4301; x_wconf 87' lang='lat' dir='ltr'><strong>instituto</strong></span> <span class='ocrx_word' id='word_1_597' title='bbox 2608 4262 2825 4303; x_wconf 91' lang='lat' dir='ltr'><strong>sacram</strong></span> <span class='ocrx_word' id='word_1_598' title='bbox 2858 4249 3163 4305; x_wconf 91' lang='lat' dir='ltr'><strong>doctrinam</strong></span> <span class='ocrx_word' id='word_1_599' title='bbox 3198 4258 3253 4304; x_wconf 89' lang='lat' dir='ltr'><strong>et</strong></span> <span class='ocrx_word' id='word_1_600' title='bbox 3294 4251 3407 4306; x_wconf 86' lang='lat' dir='ltr'><strong>his-</strong></span> 
     </span>
    </p>
   </div>
   <div class='ocr_carea' id='block_1_54' title="bbox 134 4337 3403 4417">
    <p class='ocr_par' dir='ltr' id='par_1_54' title="bbox 134 4337 3403 4417">
     <span class='ocr_line' id='line_1_54' title="bbox 134 4337 3403 4417; baseline 0.002 -22"><span class='ocrx_word' id='word_1_601' title='bbox 134 4341 339 4395; x_wconf 84' lang='lat' dir='ltr'><strong>toriam</strong></span> <span class='ocrx_word' id='word_1_602' title='bbox 367 4354 585 4409; x_wconf 84' lang='lat' dir='ltr'><strong>pessum</strong></span> <span class='ocrx_word' id='word_1_603' title='bbox 619 4353 764 4408; x_wconf 49' lang='lat' dir='ltr'><strong>saepe</strong></span> <span class='ocrx_word' id='word_1_604' title='bbox 790 4337 1034 4406; x_wconf 89' lang='lat' dir='ltr'><strong>dedisse,</strong></span> <span class='ocrx_word' id='word_1_605' title='bbox 1064 4349 1228 4410; x_wconf 89' lang='lat' dir='ltr'><strong>atque</strong></span> <span class='ocrx_word' id='word_1_606' title='bbox 1255 4338 1546 4394; x_wconf 89' lang='lat' dir='ltr'><strong>innumera</strong></span> <span class='ocrx_word' id='word_1_607' title='bbox 1575 4354 1827 4394; x_wconf 91' lang='lat' dir='ltr'><strong>errorum</strong></span> <span class='ocrx_word' id='word_1_608' title='bbox 1859 4349 2114 4411; x_wconf 83' lang='lat' dir='ltr'><strong>portenta</strong></span> <span class='ocrx_word' id='word_1_609' title='bbox 2158 4342 2453 4406; x_wconf 78' lang='lat' dir='ltr'><strong>invexisse,</strong></span> <span class='ocrx_word' id='word_1_610' title='bbox 2485 4359 2647 4398; x_wconf 91' lang='lat' dir='ltr'><strong>nemo</strong></span> <span class='ocrx_word' id='word_1_611' title='bbox 2683 4354 2769 4399; x_wconf 89' lang='lat' dir='ltr'><strong>est</strong></span> <span class='ocrx_word' id='word_1_612' title='bbox 2810 4346 2901 4417; x_wconf 89' lang='lat' dir='ltr'><strong>qui</strong></span> <span class='ocrx_word' id='word_1_613' title='bbox 2935 4353 3111 4416; x_wconf 84' lang='lat' dir='ltr'><strong>neget.</strong></span> <span class='ocrx_word' id='word_1_614' title='bbox 3155 4346 3403 4401; x_wconf 89' lang='lat' dir='ltr'><strong>Morbum</strong></span> 
     </span>
    </p>
   </div>
   <div class='ocr_carea' id='block_1_55' title="bbox 130 4428 3405 4507">
    <p class='ocr_par' dir='ltr' id='par_1_55' title="bbox 130 4428 3405 4507">
     <span class='ocr_line' id='line_1_55' title="bbox 130 4428 3405 4507; baseline 0.003 -24"><span class='ocrx_word' id='word_1_615' title='bbox 130 4430 286 4485; x_wconf 91' lang='lat' dir='ltr'><strong>bunc</strong></span> <span class='ocrx_word' id='word_1_616' title='bbox 333 4430 762 4499; x_wconf 78' lang='lat' dir='ltr'><strong>ingeniosissimi</strong></span> <span class='ocrx_word' id='word_1_617' title='bbox 808 4428 1060 4502; x_wconf 89' lang='lat' dir='ltr'><strong>Origenis</strong></span> <span class='ocrx_word' id='word_1_618' title='bbox 1112 4430 1249 4485; x_wconf 88' lang='lat' dir='ltr'><strong>satis</strong></span> <span class='ocrx_word' id='word_1_619' title='bbox 1302 4438 1671 4499; x_wconf 73' lang='lat' dir='ltr'><strong>praesenserat</strong></span> <span class='ocrx_word' id='word_1_620' title='bbox 1708 4440 1864 4501; x_wconf 88' lang='lat' dir='ltr'><strong>pater</strong></span> <span class='ocrx_word' id='word_1_621' title='bbox 1906 4432 2064 4500; x_wconf 89' lang='lat' dir='ltr'><strong>ejus,</strong></span> <span class='ocrx_word' id='word_1_622' title='bbox 2108 4431 2316 4487; x_wconf 86' lang='lat' dir='ltr'><strong>Christi</strong></span> <span class='ocrx_word' id='word_1_623' title='bbox 2354 4434 2592 4505; x_wconf 83' lang='lat' dir='ltr'><strong>inclytus</strong></span> <span class='ocrx_word' id='word_1_624' title='bbox 2632 4448 2837 4507; x_wconf 84' lang='lat' dir='ltr'><strong>martyr</strong></span> <span class='ocrx_word' id='word_1_625' title='bbox 2870 4436 3161 4503; x_wconf 88' lang='lat' dir='ltr'><strong>Leonidas,</strong></span> <span class='ocrx_word' id='word_1_626' title='bbox 3184 4438 3306 4506; x_wconf 85' lang='lat' dir='ltr'><strong>qui,</strong></span> <span class='ocrx_word' id='word_1_627' title='bbox 3344 4444 3405 4492; x_wconf 92' lang='lat' dir='ltr'><strong>ut</strong></span> 
     </span>
    </p>
   </div>
   <div class='ocr_carea' id='block_1_56' title="bbox 131 4520 3402 4598">
    <p class='ocr_par' dir='ltr' id='par_1_56' title="bbox 131 4520 3402 4598">
     <span class='ocr_line' id='line_1_56' title="bbox 131 4520 3402 4598; baseline 0.002 -22"><span class='ocrx_word' id='word_1_628' title='bbox 131 4523 307 4578; x_wconf 85' lang='lat' dir='ltr'><strong>tradit</strong></span> <span class='ocrx_word' id='word_1_629' title='bbox 348 4521 617 4575; x_wconf 82' lang='lat' dir='ltr'><strong>Eusebius</strong></span> <span class='ocrx_word' id='word_1_630' title='bbox 659 4522 775 4592; x_wconf 80' lang='grc' dir='ltr'><strong>(ιι),</strong></span> <span class='ocrx_word' id='word_1_631' title='bbox 819 4522 1259 4577; x_wconf 80' lang='lat' dir='ltr'><strong>admonel&#39;ecerat</strong></span> <span class='ocrx_word' id='word_1_632' title='bbox 1295 4520 1467 4574; x_wconf 82' lang='lat' dir='ltr'><strong>[ilium</strong></span> <span class='ocrx_word' id='word_1_633' title='bbox 1526 4538 1591 4575; x_wconf 90' lang='lat' dir='ltr'><strong>ne</strong></span> <span class='ocrx_word' id='word_1_634' title='bbox 1647 4522 1789 4576; x_wconf 91' lang='lat' dir='ltr'><strong>ultra</strong></span> <span class='ocrx_word' id='word_1_635' title='bbox 1853 4522 2075 4578; x_wconf 88' lang='lat' dir='ltr'><strong>obvium</strong></span> <span class='ocrx_word' id='word_1_636' title='bbox 2130 4539 2353 4578; x_wconf 90' lang='lat' dir='ltr'><strong>sensum</strong></span> <span class='ocrx_word' id='word_1_637' title='bbox 2404 4527 2460 4578; x_wconf 90' lang='lat' dir='ltr'><strong>in</strong></span> <span class='ocrx_word' id='word_1_638' title='bbox 2517 4525 2719 4581; x_wconf 87' lang='lat' dir='ltr'><strong>divinis</strong></span> <span class='ocrx_word' id='word_1_639' title='bbox 2756 4527 3055 4597; x_wconf 86' lang='lat' dir='ltr'><strong>Scripturis</strong></span> <span class='ocrx_word' id='word_1_640' title='bbox 3103 4529 3402 4598; x_wconf 87' lang='lat' dir='ltr'><strong>quidquam</strong></span> 
     </span>
    </p>
   </div>
   <div class='ocr_carea' id='block_1_57' title="bbox 128 4613 1630 4695">
    <p class='ocr_par' dir='ltr' id='par_1_57' title="bbox 128 4613 1630 4685">
     <span class='ocr_line' id='line_1_57' title="bbox 128 4613 1630 4685; baseline -0.001 -17"><span class='ocrx_word' id='word_1_641' title='bbox 128 4614 463 4685; x_wconf 82' lang='lat' dir='ltr'><strong>requireret,</strong></span> <span class='ocrx_word' id='word_1_642' title='bbox 506 4613 582 4684; x_wconf 84' lang='grc' dir='ltr'>μὴ</span> <span class='ocrx_word' id='word_1_643' title='bbox 629 4614 727 4683; x_wconf 83' lang='grc' dir='ltr'>τῆς</span> <span class='ocrx_word' id='word_1_644' title='bbox 761 4613 1072 4685; x_wconf 80' lang='grc' dir='ltr'>προφανοῦς</span> <span class='ocrx_word' id='word_1_645' title='bbox 1102 4613 1339 4678; x_wconf 88' lang='grc' dir='ltr'>διανοίας</span> <span class='ocrx_word' id='word_1_646' title='bbox 1378 4616 1630 4685; x_wconf 77' lang='grc' dir='ltr'>περαιτέρ</span> 
     </span>
    </p>
   </div>
   <div class='ocr_carea' id='block_1_58' title="bbox 1900 4613 3402 4695">
    <p class='ocr_par' dir='ltr' id='par_1_58' title="bbox 1900 4618 3402 4695">
     <span class='ocr_line' id='line_1_58' title="bbox 1900 4618 3402 4695; baseline 0.007 -26"><span class='ocrx_word' id='word_1_647' title='bbox 1900 4618 2003 4669; x_wconf 73' lang='grc' dir='ltr'>πεῖν</span> <span class='ocrx_word' id='word_1_648' title='bbox 2042 4619 2344 4688; x_wconf 81' lang='grc' dir='ltr'>παραινῶν.</span> <span class='ocrx_word' id='word_1_649' title='bbox 2404 4620 2469 4674; x_wconf 83' lang='grc' dir='ltr'>Ει</span> <span class='ocrx_word' id='word_1_650' title='bbox 2507 4623 2730 4692; x_wconf 86' lang='lat' dir='ltr'><strong>quidem</strong></span> <span class='ocrx_word' id='word_1_651' title='bbox 2775 4639 2875 4695; x_wconf 85' lang='lat' dir='ltr'><strong>ego</strong></span> <span class='ocrx_word' id='word_1_652' title='bbox 2917 4635 3109 4678; x_wconf 80' lang='lat' dir='ltr'><strong>contia</strong></span> <span class='ocrx_word' id='word_1_653' title='bbox 3152 4623 3402 4693; x_wconf 86' lang='lat' dir='ltr'><strong>Origenis</strong></span> 
     </span>
    </p>
   </div>
   <div class='ocr_carea' id='block_1_59' title="bbox 128 4704 3401 4786">
    <p class='ocr_par' dir='ltr' id='par_1_59' title="bbox 128 4704 3401 4786">
     <span class='ocr_line' id='line_1_59' title="bbox 128 4704 3401 4786; baseline 0.004 -29"><span class='ocrx_word' id='word_1_654' title='bbox 128 4705 458 4760; x_wconf 82' lang='lat' dir='ltr'><strong>audaciores</strong></span> <span class='ocrx_word' id='word_1_655' title='bbox 480 4705 687 4774; x_wconf 87' lang='lat' dir='ltr'><strong>aliquot</strong></span> <span class='ocrx_word' id='word_1_656' title='bbox 714 4704 1026 4774; x_wconf 87' lang='lat' dir='ltr'><strong>allegorias,</strong></span> <span class='ocrx_word' id='word_1_657' title='bbox 1064 4705 1213 4759; x_wconf 83' lang='lat' dir='ltr'><strong>locos</strong></span> <span class='ocrx_word' id='word_1_658' title='bbox 1247 4705 1543 4759; x_wconf 90' lang='lat' dir='ltr'><strong>nonnullos</strong></span> <span class='ocrx_word' id='word_1_659' title='bbox 1580 4704 1802 4760; x_wconf 88' lang='lat' dir='ltr'><strong>Patrum</strong></span> <span class='ocrx_word' id='word_1_660' title='bbox 1860 4708 2171 4778; x_wconf 87' lang='lat' dir='ltr'><strong>incognitos</strong></span> <span class='ocrx_word' id='word_1_661' title='bbox 2222 4711 2595 4779; x_wconf 88' lang='lat' dir='ltr'><strong>producturus</strong></span> <span class='ocrx_word' id='word_1_662' title='bbox 2627 4714 2679 4768; x_wconf 88' lang='lat' dir='ltr'><strong>in</strong></span> <span class='ocrx_word' id='word_1_663' title='bbox 2721 4715 2897 4769; x_wconf 90' lang='lat' dir='ltr'><strong>lucem</strong></span> <span class='ocrx_word' id='word_1_664' title='bbox 2926 4716 3221 4786; x_wconf 89' lang='lat' dir='ltr'><strong>aliquando</strong></span> <span class='ocrx_word' id='word_1_665' title='bbox 3256 4734 3401 4773; x_wconf 86' lang='lat' dir='ltr'><strong>sum.</strong></span> 
     </span>
    </p>
   </div>
   <div class='ocr_carea' id='block_1_60' title="bbox 125 4792 3401 4880">
    <p class='ocr_par' dir='ltr' id='par_1_60' title="bbox 125 4792 3401 4880">
     <span class='ocr_line' id='line_1_60' title="bbox 125 4792 3401 4880; baseline 0.006 -33"><span class='ocrx_word' id='word_1_666' title='bbox 125 4795 490 4852; x_wconf 63' lang='lat' dir='ltr'><strong>Casariensis</strong></span> <span class='ocrx_word' id='word_1_667' title='bbox 521 4793 787 4850; x_wconf 87' lang='lat' dir='ltr'><strong>Eusebius</strong></span> <span class='ocrx_word' id='word_1_668' title='bbox 812 4794 1062 4864; x_wconf 81' lang='lat' dir='ltr'><strong>Origenis</strong></span> <span class='ocrx_word' id='word_1_669' title='bbox 1087 4792 1467 4865; x_wconf 87' lang='lat' dir='ltr'><strong>perstudiosus</strong></span> <span class='ocrx_word' id='word_1_670' title='bbox 1500 4794 1881 4866; x_wconf 87' lang='lat' dir='ltr'><strong>apologeticon</strong></span> <span class='ocrx_word' id='word_1_671' title='bbox 1916 4801 2141 4869; x_wconf 89' lang='lat' dir='ltr'><strong>scripsit</strong></span> <span class='ocrx_word' id='word_1_672' title='bbox 2174 4816 2274 4871; x_wconf 89' lang='lat' dir='ltr'><strong>pro</strong></span> <span class='ocrx_word' id='word_1_673' title='bbox 2301 4802 2793 4874; x_wconf 88' lang='lat' dir='ltr'><strong>allegoricishujus</strong></span> <span class='ocrx_word' id='word_1_674' title='bbox 2811 4806 3359 4880; x_wconf 82' lang='lat' dir='ltr'><strong>interpretationibus</strong></span> <span class='ocrx_word' id='word_1_675' title='bbox 3385 4827 3401 4874; x_wconf 88' lang='lat'><strong>;</strong></span> 
     </span>
    </p>
   </div>
   <div class='ocr_carea' id='block_1_61' title="bbox 126 4888 3406 4970">
    <p class='ocr_par' dir='ltr' id='par_1_61' title="bbox 126 4888 3406 4970">
     <span class='ocr_line' id='line_1_61' title="bbox 126 4888 3406 4970; baseline 0.006 -28"><span class='ocrx_word' id='word_1_676' title='bbox 126 4890 294 4959; x_wconf 82' lang='lat' dir='ltr'><strong>cujus</strong></span> <span class='ocrx_word' id='word_1_677' title='bbox 320 4889 398 4943; x_wconf 91' lang='lat' dir='ltr'><strong>rei</strong></span> <span class='ocrx_word' id='word_1_678' title='bbox 424 4889 688 4943; x_wconf 89' lang='lat' dir='ltr'><strong>certiores</strong></span> <span class='ocrx_word' id='word_1_679' title='bbox 721 4904 822 4943; x_wconf 85' lang='lat' dir='ltr'><strong>nos</strong></span> <span class='ocrx_word' id='word_1_680' title='bbox 871 4888 1003 4943; x_wconf 78' lang='lat' dir='ltr'><strong>facit</strong></span> <span class='ocrx_word' id='word_1_681' title='bbox 1038 4888 1340 4944; x_wconf 87' lang='lat' dir='ltr'><strong>Ebediesus</strong></span> <span class='ocrx_word' id='word_1_682' title='bbox 1370 4889 1425 4943; x_wconf 93' lang='lat' dir='ltr'><strong>in</strong></span> <span class='ocrx_word' id='word_1_683' title='bbox 1468 4891 1721 4962; x_wconf 82' lang='lat' dir='ltr'><strong>catalogo</strong></span> <span class='ocrx_word' id='word_1_684' title='bbox 1760 4890 1855 4962; x_wconf 82' lang='lat' dir='ltr'><strong>(e),</strong></span> <span class='ocrx_word' id='word_1_685' title='bbox 1906 4893 2001 4963; x_wconf 91' lang='lat' dir='ltr'><strong>qui</strong></span> <span class='ocrx_word' id='word_1_686' title='bbox 2044 4893 2197 4948; x_wconf 89' lang='lat' dir='ltr'><strong>addit</strong></span> <span class='ocrx_word' id='word_1_687' title='bbox 2248 4894 2469 4952; x_wconf 88' lang='lat' dir='ltr'><strong>Eusebii</strong></span> <span class='ocrx_word' id='word_1_688' title='bbox 2503 4898 2556 4952; x_wconf 91' lang='lat' dir='ltr'><strong>id</strong></span> <span class='ocrx_word' id='word_1_689' title='bbox 2610 4914 2750 4970; x_wconf 90' lang='lat' dir='ltr'><strong>opus</strong></span> <span class='ocrx_word' id='word_1_690' title='bbox 2800 4901 3099 4958; x_wconf 81' lang='lat' dir='ltr'><strong>refutatum</strong></span> <span class='ocrx_word' id='word_1_691' title='bbox 3158 4903 3333 4961; x_wconf 81' lang='lat' dir='ltr'><strong>fuisse</strong></span> <span class='ocrx_word' id='word_1_692' title='bbox 3372 4922 3406 4962; x_wconf 83' lang='lat' dir='ltr'><strong>a</strong></span> 
     </span>
    </p>
   </div>
   <div class='ocr_carea' id='block_1_62' title="bbox 127 4978 3449 5058">
    <p class='ocr_par' dir='ltr' id='par_1_62' title="bbox 127 4978 3449 5058">
     <span class='ocr_line' id='line_1_62' title="bbox 127 4978 3449 5058; baseline 0.006 -25"><span class='ocrx_word' id='word_1_693' title='bbox 127 4980 443 5036; x_wconf 81' lang='lat' dir='ltr'><strong>Theodoro.</strong></span> <span class='ocrx_word' id='word_1_694' title='bbox 472 4978 655 5046; x_wconf 83' lang='lat' dir='ltr'><strong>Quare</strong></span> <span class='ocrx_word' id='word_1_695' title='bbox 679 4979 790 5049; x_wconf 86' lang='lat' dir='ltr'><strong>jam</strong></span> <span class='ocrx_word' id='word_1_696' title='bbox 817 4996 980 5035; x_wconf 91' lang='lat' dir='ltr'><strong>nemo</strong></span> <span class='ocrx_word' id='word_1_697' title='bbox 1010 4982 1325 5046; x_wconf 90' lang='lat' dir='ltr'><strong>mirabitur,</strong></span> <span class='ocrx_word' id='word_1_698' title='bbox 1344 4982 1482 5038; x_wconf 87' lang='lat' dir='ltr'><strong>nihil</strong></span> <span class='ocrx_word' id='word_1_699' title='bbox 1509 4984 1743 5039; x_wconf 91' lang='lat' dir='ltr'><strong>omnino</strong></span> <span class='ocrx_word' id='word_1_700' title='bbox 1770 4984 2069 5056; x_wconf 82' lang='lat' dir='ltr'><strong>allegorice</strong></span> <span class='ocrx_word' id='word_1_701' title='bbox 2097 5001 2263 5042; x_wconf 90' lang='lat' dir='ltr'><strong>sensu</strong></span> <span class='ocrx_word' id='word_1_702' title='bbox 2300 4990 2441 5058; x_wconf 89' lang='lat' dir='ltr'><strong>apud</strong></span> <span class='ocrx_word' id='word_1_703' title='bbox 2475 5001 2723 5045; x_wconf 89' lang='lat' dir='ltr'><strong>nostrum</strong></span> <span class='ocrx_word' id='word_1_704' title='bbox 2758 5004 3038 5050; x_wconf 90' lang='lat' dir='ltr'><strong>auctorem</strong></span> <span class='ocrx_word' id='word_1_705' title='bbox 3067 4996 3201 5053; x_wconf 90' lang='lat' dir='ltr'><strong>dici.</strong></span> <span class='ocrx_word' id='word_1_706' title='bbox 3225 4997 3401 5052; x_wconf 41' lang='lat' dir='ltr'><strong>Cane-</strong></span> <span class='ocrx_word' id='word_1_707' title='bbox 3446 5000 3449 5001; x_wconf 63' lang='grc'><strong><em>⁷</em></strong></span> 
     </span>
    </p>
   </div>
   <div class='ocr_carea' id='block_1_63' title="bbox 126 5073 3403 5164">
    <p class='ocr_par' dir='ltr' id='par_1_63' title="bbox 126 5073 3403 5164">
     <span class='ocr_line' id='line_1_63' title="bbox 126 5073 3403 5164; baseline 0.006 -35"><span class='ocrx_word' id='word_1_708' title='bbox 126 5076 289 5145; x_wconf 85' lang='lat' dir='ltr'><strong>roqui</strong></span> <span class='ocrx_word' id='word_1_709' title='bbox 332 5073 477 5143; x_wconf 90' lang='lat' dir='ltr'><strong>quod</strong></span> <span class='ocrx_word' id='word_1_710' title='bbox 500 5074 698 5128; x_wconf 91' lang='lat' dir='ltr'><strong>attinet</strong></span> <span class='ocrx_word' id='word_1_711' title='bbox 742 5074 809 5128; x_wconf 91' lang='lat' dir='ltr'><strong>ad</strong></span> <span class='ocrx_word' id='word_1_712' title='bbox 851 5075 1144 5145; x_wconf 80' lang='lat' dir='ltr'><strong>Augustini</strong></span> <span class='ocrx_word' id='word_1_713' title='bbox 1194 5076 1261 5145; x_wconf 71' lang='grc' dir='ltr'><strong>(Γ)</strong></span> <span class='ocrx_word' id='word_1_714' title='bbox 1321 5093 1415 5135; x_wconf 84' lang='lat' dir='ltr'><strong>seu</strong></span> <span class='ocrx_word' id='word_1_715' title='bbox 1454 5080 1638 5149; x_wconf 88' lang='lat' dir='ltr'><strong>potius</strong></span> <span class='ocrx_word' id='word_1_716' title='bbox 1670 5078 1828 5136; x_wconf 90' lang='lat' dir='ltr'><strong>Pauli</strong></span> <span class='ocrx_word' id='word_1_717' title='bbox 1870 5080 2098 5147; x_wconf 89' lang='lat' dir='ltr'><strong>dictum,</strong></span> <span class='ocrx_word' id='word_1_718' title='bbox 2151 5083 2295 5153; x_wconf 93' lang='lat' dir='ltr'><strong>quod</strong></span> <span class='ocrx_word' id='word_1_719' title='bbox 2345 5101 2509 5140; x_wconf 89' lang='lat' dir='ltr'><strong>omne</strong></span> <span class='ocrx_word' id='word_1_720' title='bbox 2533 5085 2704 5143; x_wconf 82' lang='lat' dir='ltr'><strong>Vetus</strong></span> <span class='ocrx_word' id='word_1_721' title='bbox 2755 5088 3167 5147; x_wconf 86' lang='lat' dir='ltr'><strong>Testamentum</strong></span> <span class='ocrx_word' id='word_1_722' title='bbox 3230 5094 3403 5164; x_wconf 86' lang='lat' dir='ltr'><strong>ﬁgura</strong></span> 
     </span>
    </p>
   </div>
   <div class='ocr_carea' id='block_1_64' title="bbox 127 5165 3404 5253">
    <p class='ocr_par' dir='ltr' id='par_1_64' title="bbox 127 5165 3404 5253">
     <span class='ocr_line' id='line_1_64' title="bbox 127 5165 3404 5253; baseline 0.007 -32"><span class='ocrx_word' id='word_1_723' title='bbox 127 5170 200 5222; x_wconf 87' lang='lat' dir='ltr'><strong>sit</strong></span> <span class='ocrx_word' id='word_1_724' title='bbox 234 5166 393 5231; x_wconf 79' lang='lat' dir='ltr'><strong>Novi,</strong></span> <span class='ocrx_word' id='word_1_725' title='bbox 425 5165 683 5236; x_wconf 88' lang='lat' dir='ltr'><strong>quodque</strong></span> <span class='ocrx_word' id='word_1_726' title='bbox 708 5168 892 5221; x_wconf 90' lang='lat' dir='ltr'><strong>omnia</strong></span> <span class='ocrx_word' id='word_1_727' title='bbox 920 5168 989 5221; x_wconf 89' lang='lat' dir='ltr'><strong>ad</strong></span> <span class='ocrx_word' id='word_1_728' title='bbox 1036 5168 1318 5225; x_wconf 89' lang='lat' dir='ltr'><strong>Christum</strong></span> <span class='ocrx_word' id='word_1_729' title='bbox 1348 5181 1536 5242; x_wconf 86' lang='lat' dir='ltr'><strong>postea</strong></span> <span class='ocrx_word' id='word_1_730' title='bbox 1563 5181 1859 5229; x_wconf 85' lang='lat' dir='ltr'><strong>venturum</strong></span> <span class='ocrx_word' id='word_1_731' title='bbox 1897 5177 2068 5231; x_wconf 90' lang='lat' dir='ltr'><strong>relata</strong></span> <span class='ocrx_word' id='word_1_732' title='bbox 2109 5177 2331 5243; x_wconf 81' lang='lat' dir='ltr'><strong>fuerint,</strong></span> <span class='ocrx_word' id='word_1_733' title='bbox 2368 5178 2641 5236; x_wconf 88' lang='lat' dir='ltr'><strong>Theodori</strong></span> <span class='ocrx_word' id='word_1_734' title='bbox 2663 5198 2883 5253; x_wconf 87' lang='lat' dir='ltr'><strong>quoque</strong></span> <span class='ocrx_word' id='word_1_735' title='bbox 2912 5187 3087 5241; x_wconf 88' lang='lat' dir='ltr'><strong>nostri</strong></span> <span class='ocrx_word' id='word_1_736' title='bbox 3136 5198 3404 5245; x_wconf 83' lang='lat' dir='ltr'><strong>constans</strong></span> 
     </span>
    </p>
   </div>
   <div class='ocr_carea' id='block_1_65' title="bbox 127 5257 3402 5349">
    <p class='ocr_par' dir='ltr' id='par_1_65' title="bbox 127 5257 3402 5349">
     <span class='ocr_line' id='line_1_65' title="bbox 127 5257 3402 5349; baseline 0.008 -38"><span class='ocrx_word' id='word_1_737' title='bbox 127 5257 401 5311; x_wconf 79' lang='lat' dir='ltr'><strong>sententia</strong></span> <span class='ocrx_word' id='word_1_738' title='bbox 424 5265 507 5312; x_wconf 91' lang='lat' dir='ltr'><strong>est</strong></span> <span class='ocrx_word' id='word_1_739' title='bbox 539 5265 654 5311; x_wconf 91' lang='lat' dir='ltr'><strong>tum</strong></span> <span class='ocrx_word' id='word_1_740' title='bbox 691 5257 744 5311; x_wconf 92' lang='lat' dir='ltr'><strong>in</strong></span> <span class='ocrx_word' id='word_1_741' title='bbox 780 5259 1021 5330; x_wconf 90' lang='lat' dir='ltr'><strong>prologis</strong></span> <span class='ocrx_word' id='word_1_742' title='bbox 1055 5267 1171 5314; x_wconf 92' lang='lat' dir='ltr'><strong>tum</strong></span> <span class='ocrx_word' id='word_1_743' title='bbox 1208 5262 1371 5315; x_wconf 88' lang='lat' dir='ltr'><strong>etiam</strong></span> <span class='ocrx_word' id='word_1_744' title='bbox 1402 5264 1553 5318; x_wconf 89' lang='lat' dir='ltr'><strong>alibi.</strong></span> <span class='ocrx_word' id='word_1_745' title='bbox 1591 5264 1847 5321; x_wconf 78' lang='lat' dir='ltr'><strong>Profecto</strong></span> <span class='ocrx_word' id='word_1_746' title='bbox 1883 5268 2238 5337; x_wconf 88' lang='lat' dir='ltr'><strong>allegoricum</strong></span> <span class='ocrx_word' id='word_1_747' title='bbox 2285 5278 2339 5324; x_wconf 92' lang='lat' dir='ltr'><strong>et</strong></span> <span class='ocrx_word' id='word_1_748' title='bbox 2366 5273 2726 5342; x_wconf 86' lang='lat' dir='ltr'><strong>anagogicum</strong></span> <span class='ocrx_word' id='word_1_749' title='bbox 2762 5282 2816 5330; x_wconf 90' lang='lat' dir='ltr'><strong>et</strong></span> <span class='ocrx_word' id='word_1_750' title='bbox 2846 5276 3077 5346; x_wconf 87' lang='lat' dir='ltr'><strong>quodvis</strong></span> <span class='ocrx_word' id='word_1_751' title='bbox 3107 5279 3402 5349; x_wconf 83' lang='lat' dir='ltr'><strong>mysticum</strong></span> 
     </span>
    </p>
   </div>
   <div class='ocr_carea' id='block_1_66' title="bbox 127 5349 3400 5436">
    <p class='ocr_par' dir='ltr' id='par_1_66' title="bbox 127 5349 3400 5436">
     <span class='ocr_line' id='line_1_66' title="bbox 127 5349 3400 5436; baseline 0.006 -33"><span class='ocrx_word' id='word_1_752' title='bbox 127 5349 523 5419; x_wconf 86' lang='lat' dir='ltr'><strong>interpretandi</strong></span> <span class='ocrx_word' id='word_1_753' title='bbox 570 5364 742 5416; x_wconf 82' lang='lat' dir='ltr'><strong>genus</strong></span> <span class='ocrx_word' id='word_1_754' title='bbox 795 5366 957 5405; x_wconf 90' lang='lat' dir='ltr'><strong>nemo</strong></span> <span class='ocrx_word' id='word_1_755' title='bbox 998 5354 1122 5420; x_wconf 87' lang='lat' dir='ltr'><strong>pius</strong></span> <span class='ocrx_word' id='word_1_756' title='bbox 1153 5367 1248 5420; x_wconf 86' lang='lat' dir='ltr'><strong>per</strong></span> <span class='ocrx_word' id='word_1_757' title='bbox 1282 5368 1341 5407; x_wconf 89' lang='lat' dir='ltr'><strong>se</strong></span> <span class='ocrx_word' id='word_1_758' title='bbox 1373 5364 1716 5421; x_wconf 73' lang='lat' dir='ltr'><strong>contemnet,</strong></span> <span class='ocrx_word' id='word_1_759' title='bbox 1747 5357 1896 5426; x_wconf 84' lang='lat' dir='ltr'><strong>quod</strong></span> <span class='ocrx_word' id='word_1_760' title='bbox 1950 5359 2087 5427; x_wconf 90' lang='lat' dir='ltr'><strong>ipsis</strong></span> <span class='ocrx_word' id='word_1_761' title='bbox 2132 5361 2396 5429; x_wconf 81' lang='lat' dir='ltr'><strong>apostolis</strong></span> <span class='ocrx_word' id='word_1_762' title='bbox 2458 5361 2828 5435; x_wconf 88' lang='lat' dir='ltr'><strong>Patribusque</strong></span> <span class='ocrx_word' id='word_1_763' title='bbox 2880 5367 3204 5436; x_wconf 89' lang='lat' dir='ltr'><strong>apostolicis</strong></span> <span class='ocrx_word' id='word_1_764' title='bbox 3256 5368 3400 5423; x_wconf 90' lang='lat' dir='ltr'><strong>haud</strong></span> 
     </span>
    </p>
   </div>
   <div class='ocr_carea' id='block_1_67' title="bbox 129 5441 3407 5530">
    <p class='ocr_par' dir='ltr' id='par_1_67' title="bbox 129 5441 3407 5530">
     <span class='ocr_line' id='line_1_67' title="bbox 129 5441 3407 5530; baseline 0.007 -37"><span class='ocrx_word' id='word_1_765' title='bbox 129 5441 451 5495; x_wconf 83' lang='lat' dir='ltr'><strong>inusitatum</strong></span> <span class='ocrx_word' id='word_1_766' title='bbox 483 5441 753 5496; x_wconf 83' lang='lat' dir='ltr'><strong>videmus.</strong></span> <span class='ocrx_word' id='word_1_767' title='bbox 786 5441 1133 5515; x_wconf 69' lang='lat' dir='ltr'><strong>Cmteroquin</strong></span> <span class='ocrx_word' id='word_1_768' title='bbox 1167 5453 1441 5513; x_wconf 86' lang='lat' dir='ltr'><strong>quatenus</strong></span> <span class='ocrx_word' id='word_1_769' title='bbox 1475 5449 1883 5517; x_wconf 84' lang='lat' dir='ltr'><strong>procedendum</strong></span> <span class='ocrx_word' id='word_1_770' title='bbox 1916 5450 2006 5518; x_wconf 86' lang='lat' dir='ltr'><strong>sit,</strong></span> <span class='ocrx_word' id='word_1_771' title='bbox 2041 5450 2095 5504; x_wconf 89' lang='lat' dir='ltr'><strong>id</strong></span> <span class='ocrx_word' id='word_1_772' title='bbox 2143 5451 2363 5507; x_wconf 91' lang='lat' dir='ltr'><strong>demum</strong></span> <span class='ocrx_word' id='word_1_773' title='bbox 2401 5456 2698 5523; x_wconf 90' lang='lat' dir='ltr'><strong>prudentes</strong></span> <span class='ocrx_word' id='word_1_774' title='bbox 2727 5456 3049 5524; x_wconf 87' lang='lat' dir='ltr'><strong>decernent,</strong></span> <span class='ocrx_word' id='word_1_775' title='bbox 3084 5459 3181 5530; x_wconf 93' lang='lat' dir='ltr'><strong>qui</strong></span> <span class='ocrx_word' id='word_1_776' title='bbox 3231 5473 3407 5529; x_wconf 83' lang='lat' dir='ltr'><strong>neque</strong></span> 
     </span>
    </p>
   </div>
   <div class='ocr_carea' id='block_1_68' title="bbox 199 5592 1701 5673">
    <p class='ocr_par' dir='ltr' id='par_1_68' title="bbox 199 5592 904 5673">
     <span class='ocr_line' id='line_1_68' title="bbox 199 5592 904 5673; baseline 0 -20"><span class='ocrx_word' id='word_1_777' title='bbox 199 5592 277 5673; x_wconf 61' lang='lat'><strong>(9)</strong></span> <span class='ocrx_word' id='word_1_778' title='bbox 304 5595 438 5673; x_wconf 47' lang='lat' dir='ltr'><strong>Act.</strong></span> <span class='ocrx_word' id='word_1_779' title='bbox 476 5594 533 5660; x_wconf 73' lang='grc'><strong>4,</strong></span> <span class='ocrx_word' id='word_1_780' title='bbox 561 5599 758 5673; x_wconf 73' lang='lat' dir='ltr'><strong>p.21l.</strong></span> <span class='ocrx_word' id='word_1_781' title='bbox 818 5669 904 5673; x_wconf 90' lang='lat'>____</span> 
     </span>
    </p>
   </div>
   <div class='ocr_carea' id='block_1_69' title="bbox 1005 5592 2507 5673">
    <p class='ocr_par' dir='ltr' id='par_1_69' title="bbox 1889 5606 2507 5673">
     <span class='ocr_line' id='line_1_69' title="bbox 1889 5606 2507 5673; baseline 0.008 -17"><span class='ocrx_word' id='word_1_782' title='bbox 1889 5607 1965 5673; x_wconf 83' lang='lat' dir='ltr'><strong>(d)</strong></span> <span class='ocrx_word' id='word_1_783' title='bbox 1998 5606 2134 5659; x_wconf 83' lang='lat' dir='ltr'><strong>Hist.</strong></span> <span class='ocrx_word' id='word_1_784' title='bbox 2168 5608 2296 5663; x_wconf 69' lang='grc' dir='ltr'><em>εστι.</em></span> <span class='ocrx_word' id='word_1_785' title='bbox 2338 5606 2425 5672; x_wconf 80' lang='lat' dir='ltr'><strong>VI,</strong></span> <span class='ocrx_word' id='word_1_786' title='bbox 2455 5609 2507 5662; x_wconf 74' lang='grc'><strong>2.</strong></span> 
     </span>
    </p>
   </div>
   <div class='ocr_carea' id='block_1_70' title="bbox 197 5662 1699 5799">
    <p class='ocr_par' dir='ltr' id='par_1_70' title="bbox 197 5662 1699 5799">
     <span class='ocr_line' id='line_1_70' title="bbox 197 5662 1670 5799; baseline 0.015 -87"><span class='ocrx_word' id='word_1_787' title='bbox 197 5662 270 5799; x_wconf 50' lang='grc' dir='ltr'><strong>ἑὸ)</strong></span> <span class='ocrx_word' id='word_1_788' title='bbox 294 5662 462 5746; x_wconf 38' lang='lat' dir='ltr'><strong>diem:</strong></span> <span class='ocrx_word' id='word_1_789' title='bbox 480 5662 610 5723; x_wconf 45' lang='lat' dir='ltr'><strong>ccc-1.</strong></span> <span class='ocrx_word' id='word_1_790' title='bbox 644 5677 777 5723; x_wconf 87' lang='lat' dir='ltr'><strong>tom.</strong></span> <span class='ocrx_word' id='word_1_791' title='bbox 818 5669 911 5723; x_wconf 84' lang='lat' dir='ltr'><strong>Xll</strong></span> <span class='ocrx_word' id='word_1_792' title='bbox 946 5686 999 5741; x_wconf 91' lang='lat' dir='ltr'><strong>p.</strong></span> <span class='ocrx_word' id='word_1_793' title='bbox 1035 5673 1161 5727; x_wconf 68' lang='grc'><strong>451.</strong></span> <span class='ocrx_word' id='word_1_794' title='bbox 1660 5745 1670 5755; x_wconf 44' lang='lat'><em>.</em></span> 
     </span>
     <span class='ocr_line' id='line_1_71' title="bbox 221 5734 1699 5799; baseline 0.003 -4"><span class='ocrx_word' id='word_1_795' title='bbox 221 5738 269 5795; x_wconf 81' lang='grc' dir='ltr'>ε)</span> <span class='ocrx_word' id='word_1_796' title='bbox 301 5734 599 5794; x_wconf 76' lang='lat' dir='ltr'><strong>Lbedtesus</strong></span> <span class='ocrx_word' id='word_1_797' title='bbox 630 5740 791 5795; x_wconf 85' lang='lat' dir='ltr'><strong>catal.</strong></span> <span class='ocrx_word' id='word_1_798' title='bbox 822 5757 942 5799; x_wconf 81' lang='lat' dir='ltr'><strong>can.</strong></span> <span class='ocrx_word' id='word_1_799' title='bbox 990 5746 1073 5799; x_wconf 82' lang='lat' dir='ltr'><strong>l9.</strong></span> <span class='ocrx_word' id='word_1_800' title='bbox 1113 5743 1356 5799; x_wconf 88' lang='lat' dir='ltr'><strong>Facund.</strong></span> <span class='ocrx_word' id='word_1_801' title='bbox 1392 5760 1472 5799; x_wconf 79' lang='grc' dir='ltr'>ιιι.</span> <span class='ocrx_word' id='word_1_802' title='bbox 1507 5744 1575 5799; x_wconf 86' lang='lat'><strong>6:</strong></span> <span class='ocrx_word' id='word_1_803' title='bbox 1612 5743 1699 5799; x_wconf 85' lang='lat' dir='ltr'><strong>Lt-</strong></span> 
     </span>
    </p>
   </div>
   <div class='ocr_carea' id='block_1_71' title="bbox 871 5662 2373 5799">
    <p class='ocr_par' dir='ltr' id='par_1_71' title="bbox 871 5662 2373 5799">
     <span class='ocr_line' id='line_1_72' title="bbox 871 5662 2291 5744; baseline 0.006 -22"><span class='ocrx_word' id='word_1_804' title='bbox 871 5669 911 5723; x_wconf 84' lang='grc' dir='ltr'><strong>ιι</strong></span> <span class='ocrx_word' id='word_1_805' title='bbox 946 5686 999 5741; x_wconf 90' lang='lat' dir='ltr'><strong>p.</strong></span> <span class='ocrx_word' id='word_1_806' title='bbox 1035 5673 1161 5727; x_wconf 74' lang='lat' dir='ltr'><strong>tsi.</strong></span> <span class='ocrx_word' id='word_1_807' title='bbox 1888 5662 2110 5744; x_wconf 51' lang='lat' dir='ltr'><strong>(acup.</strong></span> <span class='ocrx_word' id='word_1_808' title='bbox 2153 5678 2237 5731; x_wconf 89' lang='lat' dir='ltr'><strong>ll.</strong></span> <span class='ocrx_word' id='word_1_809' title='bbox 2286 5662 2291 5663; x_wconf 64' lang='grc'><strong><em>⁷</em></strong></span> 
     </span>
     <span class='ocr_line' id='line_1_73' title="bbox 871 5743 2373 5799; baseline 0 0"><span class='ocrx_word' id='word_1_810' title='bbox 871 5758 942 5799; x_wconf 75' lang='grc' dir='ltr'><strong>ΙΙ).</strong></span> <span class='ocrx_word' id='word_1_811' title='bbox 990 5746 1073 5799; x_wconf 80' lang='lat' dir='ltr'><strong>i9.</strong></span> <span class='ocrx_word' id='word_1_812' title='bbox 1113 5743 1356 5799; x_wconf 89' lang='lat' dir='ltr'><strong>Facund.</strong></span> <span class='ocrx_word' id='word_1_813' title='bbox 1392 5760 1472 5799; x_wconf 87' lang='lat' dir='ltr'><strong>llt.</strong></span> <span class='ocrx_word' id='word_1_814' title='bbox 1507 5744 1575 5799; x_wconf 70' lang='grc' dir='ltr'><strong>δι</strong></span> <span class='ocrx_word' id='word_1_815' title='bbox 1612 5743 1703 5799; x_wconf 77' lang='lat' dir='ltr'><strong>Li-</strong></span> <span class='ocrx_word' id='word_1_816' title='bbox 1885 5748 1946 5799; x_wconf 74' lang='lat' dir='ltr'><strong>(fl</strong></span> <span class='ocrx_word' id='word_1_817' title='bbox 1987 5748 2058 5799; x_wconf 82' lang='lat' dir='ltr'><strong>De</strong></span> <span class='ocrx_word' id='word_1_818' title='bbox 2080 5747 2206 5799; x_wconf 76' lang='lat' dir='ltr'><strong>Cen.</strong></span> <span class='ocrx_word' id='word_1_819' title='bbox 2234 5749 2301 5799; x_wconf 80' lang='lat' dir='ltr'><strong>ad</strong></span> <span class='ocrx_word' id='word_1_820' title='bbox 2337 5750 2373 5799; x_wconf 81' lang='lat' dir='ltr'><strong>li</strong></span> 
     </span>
    </p>
   </div>
   <div class='ocr_carea' id='block_1_72' title="bbox 574 5743 2076 5818">
    <p class='ocr_par' dir='ltr' id='par_1_72' title="bbox 574 5743 2067 5818">
     <span class='ocr_line' id='line_1_74' title="bbox 574 5743 2067 5818; baseline 0.005 -24"><span class='ocrx_word' id='word_1_821' title='bbox 574 5755 599 5794; x_wconf 86' lang='lat' dir='ltr'><strong>s</strong></span> <span class='ocrx_word' id='word_1_822' title='bbox 630 5743 791 5795; x_wconf 85' lang='lat' dir='ltr'><strong>catal.</strong></span> <span class='ocrx_word' id='word_1_823' title='bbox 822 5757 942 5811; x_wconf 87' lang='lat' dir='ltr'><strong>cap.</strong></span> <span class='ocrx_word' id='word_1_824' title='bbox 990 5746 1073 5808; x_wconf 82' lang='lat' dir='ltr'><strong>l9,</strong></span> <span class='ocrx_word' id='word_1_825' title='bbox 1113 5743 1356 5801; x_wconf 88' lang='lat' dir='ltr'><strong>Facund.</strong></span> <span class='ocrx_word' id='word_1_826' title='bbox 1392 5760 1472 5811; x_wconf 79' lang='grc' dir='ltr'>ιιι,</span> <span class='ocrx_word' id='word_1_827' title='bbox 1507 5744 1575 5811; x_wconf 84' lang='grc'><strong>6;</strong></span> <span class='ocrx_word' id='word_1_828' title='bbox 1612 5743 1703 5799; x_wconf 82' lang='lat' dir='ltr'><strong>Li-</strong></span> <span class='ocrx_word' id='word_1_829' title='bbox 1885 5743 1946 5818; x_wconf 66' lang='grc' dir='ltr'><strong>(Ι)</strong></span> <span class='ocrx_word' id='word_1_830' title='bbox 1987 5743 2067 5801; x_wconf 82' lang='lat' dir='ltr'><strong>De</strong></span> 
     </span>
    </p>
   </div>
   <div class='ocr_carea' id='block_1_73' title="bbox 1108 5743 2610 5818">
    <p class='ocr_par' dir='ltr' id='par_1_73' title="bbox 1113 5743 2610 5818">
     <span class='ocr_line' id='line_1_75' title="bbox 1113 5743 2610 5818; baseline 0.005 -21"><span class='ocrx_word' id='word_1_831' title='bbox 1113 5743 1356 5801; x_wconf 88' lang='lat' dir='ltr'><strong>Facund.</strong></span> <span class='ocrx_word' id='word_1_832' title='bbox 1392 5760 1472 5811; x_wconf 79' lang='grc' dir='ltr'>ιιι,</span> <span class='ocrx_word' id='word_1_833' title='bbox 1507 5744 1575 5811; x_wconf 84' lang='grc'><strong>6;</strong></span> <span class='ocrx_word' id='word_1_834' title='bbox 1612 5743 1703 5799; x_wconf 82' lang='lat' dir='ltr'><strong>Li-</strong></span> <span class='ocrx_word' id='word_1_835' title='bbox 1885 5743 1946 5818; x_wconf 65' lang='grc' dir='ltr'>(ί)</span> <span class='ocrx_word' id='word_1_836' title='bbox 1987 5743 2206 5805; x_wconf 81' lang='lat' dir='ltr'><strong>DeCcn.</strong></span> <span class='ocrx_word' id='word_1_837' title='bbox 2234 5749 2301 5802; x_wconf 82' lang='lat' dir='ltr'><strong>ad</strong></span> <span class='ocrx_word' id='word_1_838' title='bbox 2337 5750 2440 5804; x_wconf 84' lang='lat' dir='ltr'><strong>litt.</strong></span> <span class='ocrx_word' id='word_1_839' title='bbox 2477 5750 2517 5816; x_wconf 90' lang='grc'><strong>1,</strong></span> <span class='ocrx_word' id='word_1_840' title='bbox 2560 5751 2610 5806; x_wconf 79' lang='grc'><strong>1.</strong></span> 
     </span>
    </p>
   </div>
   <div class='ocr_carea' id='block_1_74' title="bbox 130 5803 555 5875">
    <p class='ocr_par' dir='ltr' id='par_1_74' title="bbox 130 5803 555 5875">
     <span class='ocr_line' id='line_1_76' title="bbox 130 5803 555 5875; baseline 0.009 -18"><span class='ocrx_word' id='word_1_841' title='bbox 130 5803 295 5858; x_wconf 75' lang='lat' dir='ltr'><strong>Iterat.</strong></span> <span class='ocrx_word' id='word_1_842' title='bbox 318 5821 439 5875; x_wconf 82' lang='lat' dir='ltr'><strong>cap.</strong></span> <span class='ocrx_word' id='word_1_843' title='bbox 464 5805 555 5861; x_wconf 71' lang='grc'><strong>24.</strong></span> 
     </span>
    </p>
   </div>
  </div>
