3804 6222
381 294 475 347 ιιι
1613 279 1772 336 ANG.
1816 277 1962 333 ιιΑιι
1999 273 2394 332 ΡιιιΕιεΑτιο.
3523 283 3630 339 ηρ

380 416 489 463 tota
513 400 851 461 credulitatis
887 399 1036 454 frena
1071 397 1353 460 laxabunt,
1398 408 1574 464 neque
1615 393 1956 447 committent
1995 400 2052 444 ut
2093 406 2202 445 non
2232 398 2341 444 tam
2389 390 2740 463 interpretari
2793 393 3080 450 videantur
3115 410 3278 466 quam
3319 396 3427 452 vim
3473 398 3627 452 Scri-

380 499 554 570 pturis
589 495 789 554 inferre
821 509 833 544 :
861 489 1014 560 quasi
1040 503 1148 542 non
1182 487 1254 543 sit
1288 486 1560 554 piaculum
1589 498 1801 538 sacram
1830 482 2136 537 doctrinam
2171 481 2490 550 depravare,
2527 491 2581 536 et
2601 483 2668 536 ad
2699 484 3033 542 voluntatem
3067 502 3223 542 suam
3257 489 3478 544 oracula
3513 499 3630 545 tra-

381 596 508 648 here
540 586 920 657 repugnantia.
948 581 1208 637 Nonnulli
1235 577 1455 633 interim
1484 584 1696 631 tantum
1733 576 1836 631 sibi
1869 590 2174 644 sumpsere,
2215 582 2274 628 ut
2311 574 2577 644 quidquid
2603 574 2708 644 ipsi
2739 578 2958 642 vellent,
2973 580 3260 650 Scriptura
3287 583 3536 639 sentiret.
3562 583 3632 638 Et

381 696 559 740 tamen
595 695 825 751 magnus
856 678 1218 746 Hieronymus
1245 672 1323 742 (α)
1347 671 1790 727 commemoratis
1818 670 2184 723 vetustiorum
2214 669 2423 738 aliquot
2449 670 2504 721 in
2525 665 2844 723 Zachariam
2875 672 3182 740 prophetam
3216 677 3629 733 commentariis

379 779 648 854 mysticis,
697 777 882 831 statim
931 772 1117 828 subdit
1169 785 1228 824 se
1283 767 1526 820 historiae
1571 764 1886 819 Judaaorum
1945 763 2310 834 tr0pologiam
2360 763 2652 819 miscuisse
2694 763 3156 835 Christianorum,
3216 778 3277 826 ut
3331 771 3632 828 adiﬁcarct

381 889 546 944 supra
581 879 789 942 petram
829 875 1014 923 etnon
1053 880 1218 934 super
1241 877 1485 926 arenam,
1520 875 1583 915 ac
1622 856 2050 929 stabile'jaceret
2069 859 2489 914 fundamentum
2517 858 2664 930 quod
2682 859 2887 918 Paulus
2913 863 3251 920 architectus
3286 870 3542 937 posuisse
3571 886 3633 925 se

381 965 593 1021 scribit.

448 1057 538 1114 ιν.
574 1055 865 1124 Reliquum
893 1057 977 1104 est
1011 1057 1068 1102 ut
1100 1047 1442 1102 suboricntcs
1472 1041 1738 1113 quasdam
1773 1049 1966 1096 contra
2009 1043 2347 1098 authentiam
2373 1045 2574 1113 operis,
2601 1061 2696 1102 seu
2741 1045 2921 1117 potius
2947 1045 3014 1101 de
3034 1054 3256 1101 auctore
3288 1049 3428 1118 ejus,
3464 1049 3633 1104 dubi-

382 1153 617 1208 taliones
647 1149 914 1205 refellam.
947 1142 1006 1198 ln
1031 1143 1236 1212 quintae
1260 1139 1455 1211 synodi
1494 1139 1711 1193 actione
1741 1145 1961 1207 quarta,
1988 1139 2286 1192 multarum
2324 1139 2588 1197 adversus
2635 1141 2981 1197 Theodorum
3010 1143 3459 1200 criminatiounm
3485 1147 3638 1201 vice-

381 1253 517 1305 sima
553 1249 699 1301 hunc
726 1243 889 1298 habet
913 1241 1131 1295 titulum
1163 1256 1176 1293 :
1213 1236 1475 1291 Theodori
1498 1233 1856 1302 Mopsuesteni
1892 1247 1956 1288 ea:
1988 1235 2248 1302 principio
2275 1237 2640 1290 commentarii
2663 1235 2762 1307 (b),
2796 1236 2935 1307 quod
2961 1237 3014 1290 in
3043 1235 3320 1290 duodecim
3351 1241 3635 1308 prophetas

381 1345 613 1414 scripsit,
633 1340 896 1409 abnegans
915 1333 1216 1405 prophetiae
1245 1332 1309 1385 de
1345 1329 1558 1386 Christo
1583 1345 1695 1382 esse
1715 1327 2038 1396 prwdictas;
2070 1328 2161 1382 sed
2192 1346 2298 1382 non
2349 1331 2576 1385 volentes
2630 1331 2898 1402 (loquitur
2924 1330 3334 1403 Mopsuetenus)
3369 1334 3474 1388 ista
3503 1352 3635 1389 con-

380 1439 636 1496 siderare,
666 1448 808 1488 voces
836 1444 1011 1484 omnes
1037 1427 1244 1481 trahere
1279 1424 1346 1478 ad
1375 1424 1660 1478 Demittunt
1684 1433 1885 1476 tentant
1913 1422 2204 1489 Christum,
2232 1431 2289 1476 ut
2310 1435 2358 1477 et
2383 1441 2499 1494 qute
2521 1426 2584 1479 de
2609 1427 2803 1496 populo
2824 1428 2973 1495 facta
2994 1437 3140 1492 sunt,
3177 1427 3343 1481 simili
3365 1432 3522 1483 modo
3549 1433 3637 1484 in-

382 1533 694 1602 telligerent,
745 1535 794 1578 et
840 1524 1005 1576 risum
1054 1525 1368 1588 prmatarent
1417 1514 1661 1579 Judwis,
1721 1515 1932 1586 quando
1982 1529 2047 1569 ea:
2085 1516 2404 1584 scriptorum
2449 1519 2718 1587 sequentia
2755 1519 2889 1572 nihil
2939 1518 3007 1571 ad
3039 1518 3320 1573 Dominum
3361 1518 3640 1578 Christum

381 1623 692 1692 pertinentes
713 1612 990 1670 ostendunt
1011 1625 1178 1665 voces.
1217 1607 1399 1677 Pergit
1428 1605 1625 1660 deinde
1653 1605 2025 1675 Mapsuesteni
2053 1613 2344 1660 accusator
2376 1621 2499 1677 cap.
2523 1609 2592 1662 21
2617 1617 2671 1664 et
2701 1609 2771 1662 22
2797 1608 3043 1680 proferre
3063 1611 3274 1680 aliquot
3299 1614 3637 1680 psalmorum

384 1717 555 1775 locos,
589 1727 620 1766 e
657 1707 857 1778 quibus
882 1700 1200 1758 vaticinium
1231 1699 1516 1754 exclusum
1549 1697 1906 1767 conqueritur
1937 1711 1967 1750 a
2005 1695 2418 1766 Mopsuesteno.
2441 1697 2696 1755 Jamvero
2737 1698 3120 1754 Commentarii
3152 1701 3209 1754 in
3252 1717 3326 1756 xu
3353 1706 3637 1774 prophetas

382 1814 501 1871 sine
524 1809 690 1863 dubio
717 1803 934 1858 initium
962 1795 1338 1866 interpretatio
1367 1793 1521 1848 Oscae
1542 1802 1646 1856 est,
1685 1808 1794 1846 non
1817 1801 1928 1846 tam
1965 1794 2094 1862 quia
2146 1792 2200 1847 id
2231 1793 2367 1847 ordo
2408 1793 2526 1864 ipse
2558 1793 2612 1848 in
2658 1795 2940 1851 codicibus
2979 1797 3158 1862 docet,
3204 1816 3367 1871 quam
3396 1803 3524 1873 quia
3553 1803 3639 1859 sic

384 1909 458 1960 ait
479 1901 671 1975 primis
694 1895 878 1951 verbis
908 1900 1122 1944 auctor.
1158 1885 1320 1954 Atqui
1355 1883 1411 1936 in
1433 1883 1560 1946 hoc,
1605 1881 1749 1951 quod
1776 1880 1913 1944 dixi,
1963 1880 2124 1935 initio
2174 1881 2384 1934 nullum
2415 1896 2720 1937 consonum
2755 1884 3028 1953 synodico
3053 1884 3132 1938 illi
3173 1893 3486 1946 testimonio
3509 1908 3638 1947 ver-

383 2006 510 2057 bum
533 2006 635 2054 est.
661 1991 803 2059 Quid
837 1983 1002 2057 ergo?
1025 1983 1301 2040 idcircone
1351 1979 1419 2032 de
1447 1987 1672 2032 auctore
1701 1977 1957 2032 dubitare
1988 1977 2153 2032 licet?
2187 1977 2410 2032 minime
2450 1979 2715 2048 gentium.
2745 1981 2884 2034 Cum
2938 1982 3086 2036 enim
3131 1984 3353 2040 aliunde
3379 1990 3638 2058 explora-

384 2097 658 2153 tissimum
703 2090 796 2151 sit,
843 2076 1222 2140 commentarii
1249 2074 1414 2145 hujus
1467 2073 1911 2143 Mopsuestenum
1974 2089 2097 2129 esse
2151 2081 2456 2136 auctorem,
2498 2075 2749 2145 sequitur
2799 2087 2859 2130 ut
2911 2077 2969 2131 in
3002 2079 3267 2149 synodico
3303 2084 3490 2140 codice
3537 2101 3640 2155 pro

384 2181 778 2247 Commentario
801 2178 855 2231 in
890 2189 965 2228 χιι
991 2168 1294 2241 prophetas,
1323 2166 1744 2222 Commentarius
1770 2167 1825 2218 in
1848 2165 2096 2220 Psalmos
2128 2166 2478 2235 reponendus
2508 2167 2612 2233 sit;
2657 2166 2810 2239 isque
2841 2184 2998 2224 error
3039 2173 3123 2226 vel
3165 2172 3484 2247 Callouymo
3507 2195 3644 2235 con-

382 2280 493 2336 cilii
527 2272 740 2331 notario
770 2283 866 2326 seu
886 2260 1179 2333 eclogario,
1209 2260 1302 2329 qui
1329 2258 1400 2313 ibi
1431 2259 1644 2320 recitat,
1678 2257 2041 2312 ascribendus
2062 2267 2185 2324 est;
2224 2257 2308 2311 vel
2337 2265 2485 2312 certe
2509 2269 2693 2327 postea
2728 2259 2794 2324 in.
2813 2260 3108 2330 synodicos
3135 2263 3375 2330 codices,
3402 2282 3639 2336 quorum

385 2373 569 2429 nullus
598 2366 732 2423 satis
767 2359 1026 2428 antiquus
1044 2367 1332 2422 superesse
1362 2349 1604 2415 videtur,
1641 2351 1893 2420 irrepsit.
1933 2348 2139 2422 Synodi
2175 2351 2383 2419 quinta!
2413 2350 2638 2407 Graecus
2669 2352 2752 2408 vel
2787 2353 2982 2408 saltem
3032 2354 3261 2411 Latinus
3291 2359 3462 2414 codex
3505 2361 3642 2418 mihi

386 2465 570 2521 nullus
603 2460 668 2513 ad
694 2467 912 2510 manum
943 2457 1048 2510 est,
1084 2446 1138 2499 in
1163 2461 1272 2515 quo
1307 2443 1596 2498 lectionem
1629 2444 1884 2513 vestigem
1919 2460 1933 2497 :
1972 2446 2274 2512 praesertim
2307 2443 2436 2514 quia
2468 2445 2662 2515 synodi
2694 2444 2863 2514 hujus
2897 2455 3020 2500 acta
3046 2449 3306 2520 pleraque
3334 2453 3639 2521 perierunt.

390 2557 529 2625 Ergo
552 2548 791 2610 interim,
821 2545 996 2599 donec
1025 2541 1322 2610 synodicus
1350 2538 1523 2594 codex
1564 2539 1762 2594 aliuuis
1800 2540 2079 2594 meliorem
2133 2538 2370 2594 fortasse
2403 2540 2694 2594 lectionem
2743 2540 2954 2604 oﬂerat,
2979 2557 3078 2611 ego
3107 2545 3326 2613 quidem
3361 2548 3426 2601 ad
3467 2563 3646 2605 remo-

387 2650 617 2706 vendant
649 2646 791 2698 hanc
817 2636 1310 2695 contradictionem
1361 2636 1721 2705 sequentibus
1753 2645 1875 2688 utar
1918 2637 2276 2704 argumentis.
2320 2635 2535 2690 Titulus
2583 2636 2675 2691 ille
2715 2651 2778 2691 ea:
2805 2635 3063 2706 principio
3099 2643 3465 2695 commentarii
3484 2643 3539 2696 in
3567 2659 3642 2697 xu

389 2745 669 2816 prophetas
715 2750 942 2808 prorsus
973 2730 1187 2785 videtur
1232 2741 1357 2781 esse
1387 2727 1750 2795 obreptitius;
1808 2725 2075 2794 quidquid
2123 2727 2268 2779 enim
2321 2726 2395 2779 ibi
2433 2726 2687 2795 praecedit
2731 2737 2826 2780 aut
2874 2727 3144 2794 sequitur,
3185 2729 3236 2782 id
3281 2744 3314 2785 e
3366 2729 3644 2790 Theodori

391 2813 787 2893 Commentario
815 2829 869 2880 in
905 2821 1153 2878 Psalmos
1190 2816 1494 2870 desumitur
1541 2835 1553 2869 :
1595 2814 1849 2884 praecedit
1891 2815 2035 2869 enim
2084 2813 2318 2880 eiusdem
2350 2830 2414 2868 ea:
2447 2815 2876 2884 interpretatione
2923 2823 3093 2875 octavi
3130 2824 3354 2890 psalmi;
3398 2828 3650 2898 sequitur

391 2927 626 3001 ejusdem
684 2925 739 2976 in
765 2920 1029 2990 psalmum
1051 2915 1351 2968 vicesimum
1379 2915 1627 2981 primum.
1654 2910 1711 2963 Et
1739 2921 1926 2977 postea
1955 2910 2191 2981 ejusdem
2223 2911 2286 2965 de
2310 2911 2740 2979 interpretatione
2761 2928 2930 2968 uvnt
2961 2918 3173 2984 psalmi.
3201 2919 3303 2974 Sed
3323 2923 3466 2992 quod
3483 2933 3650 2995 caput

393 3035 500 3090 est,
537 3022 643 3078 loci
676 3017 801 3089 ipsi,
832 3015 926 3085 qui
978 3011 1081 3066 sub
1109 3010 1248 3064 falso
1282 3009 1442 3062 titulo
1487 3007 1868 3062 Commentarii
1910 3007 1966 3060 in
2016 3022 2090 3061 xu
2133 3010 2409 3075 prophetas
2459 3007 2724 3068 citantur,
2771 3009 3007 3063 universi
3039 3025 3070 3065 e
3103 3010 3337 3070 Psalmis
3364 3024 3648 3087 petuntur,

399 3129 560 3188 atque
584 3107 893 3167 intermedii
923 3110 1053 3158 sunt
1082 3102 1224 3161 inter
1261 3113 1516 3160 octavum
1546 3112 1594 3158 ct
1629 3102 1950 3156 vicesimum
1971 3106 2206 3170 primum
2227 3101 2518 3168 psalmum,
2551 3101 2644 3170 qui
2680 3101 2934 3155 laudatur
2963 3102 3018 3156 in
3063 3106 3431 3177 subsequente
3459 3113 3648 3184 titulo;

400 3221 593 3278 nempe
620 3201 973 3274 proferuntur
1027 3211 1058 3250 e
1093 3198 1319 3265 psalmis
1346 3210 1423 3250 xu
1455 3203 1510 3248 et
1536 3210 1625 3261 xv,
1657 3201 1711 3248 et
1751 3208 1814 3248 ex
1849 3192 1970 3260 ipso
1994 3191 2249 3262 xx1;’qua
2280 3206 2344 3245 ex
2382 3207 2441 3244 re
2491 3199 2717 3261 apparet
2763 3193 3085 3262 synodicum
3127 3200 3457 3270 eclogarium
3513 3205 3651 3260 nihil

399 3305 545 3362 aliud
573 3302 646 3357 ibi
688 3298 915 3352 recitare
949 3305 1112 3359 quam
1140 3287 1387 3340 locorum
1426 3284 1624 3338 seriem
1653 3297 1718 3336 ex
1763 3279 2155 3334 Commentario
2205 3280 2574 3349 Mopsuesteui
2628 3282 2684 3334 in
2722 3280 2970 3337 Psalmos
3001 3286 3293 3343 ordinatim
3355 3307 3652 3366 excerpto-

400 3412 542 3452 rum.
567 3391 633 3444 Et
664 3385 882 3458 quidem
920 3382 975 3436 in
1014 3376 1248 3433 Psalmis
1273 3373 1509 3428 maxime
1560 3369 1985 3437 interpretandis
2029 3385 2218 3424 ansam
2259 3371 2739 3428 criminationibus
2774 3373 3046 3428 obtulerat
3095 3377 3532 3448 Mopsuestcnus,
3556 3389 3650 3456 qui

396 3485 621 3564 juvenili
654 3484 708 3535 in
739 3481 807 3533 iis
837 3474 1062 3529 audacia
1090 3468 1456 3525 exsultaverat
1485 3482 1499 3518 :
1529 3477 1652 3516 nam
1681 3462 1728 3516 si
1758 3468 1905 3516 certe
1930 3477 2054 3515 vera
2085 3471 2274 3514 narrat
2311 3460 2573 3516 Leontius
2603 3463 2699 3516 hb.
2734 3478 2817 3526 ιιι,
2851 3464 2941 3523 15»
2967 3477 3153 3521 contra
3191 3468 3371 3536 Nest.,
3403 3476 3648 3543 psalmos

400 3552 589 3638 humcs
619 3575 687 3630 ad
714 3565 1102 3626 Zorobabelem
1129 3568 1184 3612 et
1211 3556 1460 3611 Ezeciam
1501 3554 1785 3616 retulerat,
1824 3553 1999 3606 tribus
2038 3560 2246 3605 tantum
2283 3553 2510 3622 Christo.
2536 3552 2766 3606 Domino
2812 3560 3128 3612 reservatis.
3169 3559 3305 3615 Tum
3352 3562 3658 3637 Hesychius

405 3671 696 3729 historicus
735 3659 878 3733 apud
899 3654 1096 3711 concil.
1134 3649 1201 3712 Ἴ,
1243 3655 1351 3702 act.
1382 3663 1441 3707 v,
1469 3645 1536 3699 de
1573 3643 1957 3712 Mopsuesteno
1988 3644 2066 3695 sic
2100 3642 2340 3708 loquitur
2369 3661 2380 3694 :
2431 3640 2615 3693 Prima
2639 3642 2891 3695 elementa
2921 3661 3032 3699 sum
3060 3646 3316 3705 doctrina!
3335 3669 3400 3707 ea;
3421 3653 3655 3710 ,ιαάαξοο

403 3767 702 3833 vaniloqttio
736 3757 1011 3825 incipiens,
1055 3747 1289 3803 codicem
1331 3743 1384 3796 in
1421 3741 1758 3812 prophetiam
1792 3739 2129 3808 psalmorum
2162 3737 2690 3804 conscripsit,omnes
2732 3737 2795 3790 de
2839 3737 3066 3792 Domino
3102 3743 3466 3806 pra'dt'cliones
3497 3745 3660 3801 abne-

403 3826 633 3935 gantem.
666 3852 850 3918 Neque
885 3855 1066 3899 tamen
1091 3845 1320 3893 externo
1358 3830 1674 3886 testimonio
1703 3844 1841 3897 opus
1865 3834 1967 3892 est,
1999 3843 2121 3878 cum
2157 3826 2335 3894 ipsum
2360 3834 2636 3879 auctorem
2669 3826 2966 3880 habeamus
2995 3831 3195 3898 scripta
3225 3846 3320 3886 sua
3345 3833 3397 3886 in
3419 3835 3656 3901 psalmos

404 3916 676 4023 praecipue
706 3916 789 3996 sic
808 3939 1157 3990 accusantem
1188 3927 1242 3979 in
1276 3923 1504 3993 epistola
1537 3923 1770 3990 quadam
1803 3919 1943 3987 apud
1979 3916 2294 3970 Facundum
2332 3932 2413 3980 ιιι,
2459 3917 2490 3970 6
2525 3933 2540 3970 :
2580 3916 2662 3969 Ea
2684 3933 2799 3985 qua:
2821 3920 3019 3987 scripta
3047 3933 3168 3975 sunt
3206 3923 3258 3976 in
3294 3926 3532 3994 psalmos
3552 3930 3656 3982 mi-

405 4013 709 4112 burim—qua:
738 4035 898 4090 etiam
927 4029 1100 4096 prima
1123 4029 1432 4074 cretei-orum
1457 4017 1690 4070 omnium
1716 4014 2026 4076 scripsimus
2055 4028 2193 4065 :non
2217 4022 2390 4064 autem
2413 4022 2668 4080 quantam
2695 4021 2996 4078 oportuerat
3015 4013 3294 4067 habuimus
3317 4016 3460 4070 circa
3490 4019 3657 4072 istam

407 4154 512 4195 rem
534 4108 860 4201 diligentiam
891 4115 1076 4186 :passi
1098 4118 1235 4169 enim
1270 4129 1450 4168 sumus
1476 4124 1795 4181 quiscunque
1834 4109 2160 4176 incipientes,
2188 4119 2241 4159 ut
2273 4108 2459 4170 evenit,
2488 4110 2541 4160 in
2573 4109 2838 4175 imperitia
2861 4108 3124 4162 scribendi
3145 4113 3419 4166 constituti
3440 4129 3459 4167 :
3493 4115 3659 4186 siqui-

404 4242 524 4295 dem
563 4249 612 4288 et
667 4227 864 4284 multas
886 4215 1278 4274 immutationes
1303 4210 1366 4264 ab
1391 4207 1485 4262 illo
1531 4217 1759 4276 tempore
1787 4222 1902 4276 qua:
1943 4215 2122 4258 nostra
2151 4216 2271 4259 sunt
2307 4216 2666 4274 susceperunt,
2713 4222 2844 4274 quas
2870 4221 2971 4258 non
2999 4216 3076 4260 est
3105 4210 3380 4276 prwsentis
3404 4217 3657 4281 tempori;

405 4342 656 4388 enarrare
688 4337 706 4374 :
737 4333 803 4374 ea:
829 4331 933 4387 qua
972 4323 1137 4363 causa
1161 4303 1328 4374 magis
1357 4299 1672 4370 negligenter
1702 4314 1732 4350 a
1756 4297 1903 4350 nobis
1938 4299 2228 4364 composita
2248 4305 2368 4349 sunt
2398 4298 2650 4364 plurima,
2697 4305 2747 4349 et
2772 4296 2997 4349 maxime
3021 4296 3118 4350 illa
3149 4315 3265 4366 quae
3309 4303 3482 4368 prima
3507 4316 3655 4360 sum.

408 4427 606 4480 lterum
641 4419 755 4487 ipse
782 4405 1074 4466 Facundus
1093 4416 1145 4470 x,
1166 4402 1198 4456 5
1233 4420 1245 4455 :
1285 4398 1588 4454 Theodorus
1627 4400 1769 4449 ultro
1800 4396 2134 4463 semetipsum
2165 4393 2540 4463 reprehendens
2572 4395 2628 4446 in
2653 4394 2976 4461 expositione
3002 4394 3358 4463 Psalmorum,
3383 4401 3657 4470 confessus

407 4527 485 4573 est
515 4484 1003 4587 quad—negligenter
1037 4511 1140 4552 asc
1160 4493 1447 4559 composita
1477 4491 1673 4557 fuerint
1712 4489 1966 4558 plurima,
1991 4496 2038 4540 et
2067 4488 2295 4540 maxime
2329 4488 2425 4540 illa
2473 4503 2588 4556 qua:
2626 4488 2798 4555 prima
2831 4495 2972 4541 sunt.
3019 4484 3161 4540 Sane
3192 4488 3234 4539 si
3258 4488 3326 4543 de
3357 4504 3465 4542 uno
3490 4506 3662 4559 opere

411 4611 498 4664 hic
528 4581 768 4676 loquitur
807 4593 1116 4653 Facundus,
1143 4590 1333 4645 utioue
1357 4594 1599 4659 apparet,
1627 4585 1969 4640 Theodorum
2010 4599 2076 4639 ex
2112 4598 2208 4638 sua
2234 4581 2576 4639 Psalmorum
2602 4584 3048 4652 interpretatione
3077 4584 3349 4654 praecipue
3378 4587 3653 4654 vitupera-

413 4708 556 4760 visse
605 4696 930 4771 principium
987 4690 1168 4758 operis
1199 4687 1289 4755 (de
1317 4701 1427 4756 quo
1463 4684 1676 4740 scilicet
1725 4681 1999 4752 principio
2030 4680 2168 4749 apud
2227 4687 2435 4734 textum
2482 4680 2799 4749 synodicum
2846 4693 3026 4734 sermo
3054 4678 3180 4747 est).
3229 4679 3332 4731 Sed
3375 4684 3496 4732 esto
3527 4694 3662 4735 sane

411 4767 747 4864 ambiguum,
777 4795 960 4842 utrum
986 4779 1128 4852 apud
1156 4777 1474 4833 Facundum
1503 4773 1830 4828 vocabulum
1881 4771 2052 4840 prima
2077 4771 2349 4838 signiticet
2384 4771 2679 4839 primordia
2709 4773 2899 4837 operis,
2937 4787 3007 4824 an
3054 4770 3234 4839 potius
3264 4768 3526 4822 scribendi
3555 4767 3664 4820 iui—

413 4861 582 4956 tium;
639 4885 861 4941 minime
890 4895 1017 4934 vero
1049 4875 1212 4931 dubia
1244 4883 1327 4928 est
1354 4872 1567 4926 Leontii
1593 4870 1892 4924 auctoritas
1922 4877 2107 4921 contra
2140 4867 2293 4924 Nest.
2336 4869 2430 4922 lib.
2461 4884 2543 4931 ιιι,
2572 4869 2660 4934 45,
2687 4870 2778 4923 ubi
2826 4869 3030 4936 scripta
3060 4863 3423 4933 Mopsuesteui
3447 4861 3660 4928 vitupe-

412 5000 564 5046 rans,
598 4982 651 5036 iu
678 4981 761 5034 Itis
781 4983 1028 5033 recenset
1051 4975 1149 5040 τὴν
1173 4972 1311 5025 κατὰ
1333 4971 1442 5022 τῶν
1478 4967 1636 5039 ἱερῶν
1684 4965 1914 5037 ψαλμῶν

2159 4965 2257 5019 σιὸν
2288 4965 2660 5035 προοεωρίανξ
2695 4966 2776 5020 sic
2800 4965 2943 5018 enim
2978 4960 3120 5016 edidi
3161 4976 3224 5012 ex
3258 4959 3446 5013 Graeco
3471 4957 3661 5014 codice

417 5078 700 5140 Vaticano,
742 5086 865 5143 qua:
888 5070 1053 5124 verba
1085 5069 1140 5122 iu
1175 5065 1433 5120 Turriaui
1457 5062 1770 5122 Latinitate,
1792 5077 1911 5130 qute
1929 5061 2043 5116 sola
2090 5062 2353 5114 hactenus
2380 5059 2526 5113 edita
2553 5059 2750 5121 fuerat,
2785 5059 2864 5114 sic
2897 5059 3120 5119 habent,
3169 5065 3220 5109 et
3246 5054 3656 5126 prwmeditatin-

414 5187 530 5226 nem
556 5173 906 5224 exca’cantem
931 5163 985 5216 in
1003 5177 1182 5215 sacros
1221 5160 1482 5214 Psalmos.
1509 5157 1653 5212 Sane
1672 5155 1981 5211 Turrianus
2013 5154 2358 5223 interpretari
2389 5154 2654 5222 potuisset
2677 5153 3040 5222 prafationem
3072 5166 3090 5205 :
3127 5150 3251 5219 quis
3283 5150 3428 5204 enim
3457 5149 3656 5212 nescit,

415 5266 737 5331 argumenta
778 5270 874 5310 seu
913 5251 1257 5322 praefationes
1296 5247 1608 5303 Graecarum
1649 5247 1734 5302 vel
1785 5246 2092 5300 orationum
2142 5244 2226 5300 vel
2266 5245 2581 5311 hujusmodi
2632 5245 3072 5298 lucubrationum
3112 5240 3374 5310 appellari
3418 5238 3670 5310 προθεὼο

417 5324 579 5421 pias?
616 5345 782 5398 Valde
815 5344 980 5413 igitur
1014 5354 1214 5394 censeo
1246 5337 1570 5409 synodicum
1600 5335 1933 5406 eclogarium
1958 5335 2270 5404 respexisse
2297 5333 2365 5387 ad
2392 5331 2766 5403 praelationem
2799 5333 3180 5389 Con-lmentarii
3208 5331 3572 5394 Psalmorum,
3612 5324 3675 5380 in

415 5418 521 5508 qua
551 5435 872 5491 Theodorus
900 5432 1154 5487 liberiore
1178 5430 1396 5502 ingenio
1411 5429 1636 5491 luserat,
1669 5435 1723 5482 et
1756 5425 2005 5497 quadam
2031 5434 2220 5480 contra
2247 5426 2508 5496 mysticos
2534 5423 2861 5495 ﬁguratosve
2886 5440 3080 5478 sensus
3113 5423 3375 5476 audacius
3403 5418 3678 5474 elluderat

419 5537 569 5605 (puta
605 5534 694 5586 illa
741 5530 906 5584 verba
962 5526 1208 5599 synodici
1266 5519 1612 5593 testimonii),
1644 5538 1765 5594 quae
1809 5521 2004 5576 deinde
2036 5521 2266 5592 ipsemet
2315 5521 2651 5583 retractavit,
2707 5531 2765 5574 ut
2797 5521 2872 5575 ait
2907 5518 3228 5589 Hesychius.
3266 5516 3508 5585 Denique
3552 5530 3627 5569 no

515 5722 567 5786 η)
606 5721 812 5786 l'rolog.
849 5715 916 5768 ad
956 5713 1230 5786 commsin
1266 5712 1430 5767 Zach.
1540 5782 1551 5786 _
1707 5782 1721 5786 _
1872 5782 1882 5786 _
1949 5782 1996 5786 Α
2106 5727 2227 5766 esse
2257 5709 2512 5786 mendum
2559 5705 2764 5759 librarii
2805 5705 2897 5773 qui
2950 5699 3426 5786 nonhintellexerit
3461 5698 3661 5753 littcrze

515 5773 566 5854 bi
606 5773 813 5844 (Samii.
876 5787 965 5840 hic
1010 5793 1066 5841 et
1109 5784 1237 5838 alibi
1275 5782 1594 5845 commenti;
1631 5782 1726 5837 sed
1781 5782 1923 5836 malo
1946 5782 1997 5836 id
2113 5783 2492 5850 compendium
2523 5793 2646 5832 cum
2679 5775 3020 5845 superposita
3060 5773 3270 5828 lineola.
