3804 6222
134 409 224 467 113
1354 409 1515 468 ANG.
1557 408 1636 465 MA

1885 410 2130 467 EFATIO.
3288 410 3308 463 1
3328 409 3387 464 11

126 541 442 597 magnopere
473 526 783 581 mirandum
824 535 933 591 est,
972 529 1019 583 si
1062 528 1199 582 forte
1241 544 1409 581 unmn
1454 542 1553 598 pro
1582 529 1757 583 altero
1788 525 2164 597 Mopsuesteni
2220 540 2357 592 opus
2398 524 2686 578 recitatum
2731 521 2857 587 fuit,
2906 524 2951 579 si
2982 531 3129 577 certe
3175 534 3393 579 constat

124 638 225 677 non
259 622 310 675 id
363 623 541 676 solum
592 638 716 677 esse
761 626 1139 687 commissum,
1186 638 1372 676 verum
1432 633 1486 677 et
1509 624 1629 693 ejus
1663 624 1854 679 titulos
1890 622 2162 677 interdum
2196 620 2367 674 fuisse
2421 619 2578 673 valde
2614 634 2920 688 perversos.
2987 617 3181 675 Nonne
3242 619 3389 672 enim

130 714 378 768 Leontius
410 714 580 768 libros
615 714 889 769 Theodori
923 715 1001 769 De
1018 716 1385 768 incarnatione
1409 723 1463 769 et
1495 714 1916 769 Commentarios
1941 714 1994 766 in
2015 711 2234 775 Jobum,
2279 720 2559 780 propterea
2595 708 2741 779 quod
2779 710 2990 764 insanis
3018 708 3307 763 sententiis
3337 715 3392 761 et

123 807 425 862 datnnilicis
464 806 650 861 referti
685 816 864 870 erant,
930 807 1210 878 inscripsit
1256 824 1354 863 seu
1414 804 1619 875 appella

1936 802 2771 871 ἐνανθρωπήσεως,-αάυενδιιδ
2835 802 3277 864 incarnationem,
3338 810 3392 857 et

125 898 270 951 κατὰ
288 897 392 953 τὸν
431 899 568 963 Ἰὼϐ,
595 900 849 954 adversus
878 899 1072 953 Jobum
1095 904 1117 956 ἱ)
1143 900 1397 955 Profecto
1431 900 1485 954 id
1522 901 1578 953 in
1607 901 1725 969 ipso
1751 898 1987 953 concilio
2027 897 2222 967 quinto
2257 912 2323 949 ex
2355 896 2485 948 odio
2525 896 2606 949 vel
2633 906 2777 949 certe
2825 895 3167 948 notariorum
3203 909 3393 949 errore

125 991 169 1044 fa
208 1001 321 1046 tum
347 992 659 1061 justissime
686 994 885 1049 asserit
928 995 981 1047 in
1034 995 1486 1049 adnotationibus
1536 993 1604 1047 ad
1650 994 1900 1047 notitiam
1950 991 2221 1045 Theodori
2264 990 2434 1044 nostri
2493 994 2569 1059 (a)
2608 989 3013 1054 Tillemontius,
3055 988 3216 1058 cujus
3269 988 3387 1041 iure

125 1089 281 1139 verba
320 1093 451 1141 sunt
485 1103 497 1139 :
534 1085 678 1139 Dans
711 1086 757 1141 le
793 1087 1085 1155 cinqniéme
1118 1087 1314 1140 concile
1337 1086 1435 1157 (ὁ).
1475 1096 1619 1140 entre
1650 1086 1723 1139 les
1745 1101 1994 1154 passages
2032 1085 2158 1137 cites
2192 1082 2254 1136 de
2286 1082 2329 1136 Τ
2332 1081 2553 1136 Itéodore
2576 1082 2638 1135 de
2669 1079 2968 1148 Mopsueste
3004 1096 3138 1148 pour
3158 1082 3394 1151 justiﬁer

124 1195 181 1231 sa
210 1176 641 1237 condamnation.
675 1196 739 1232 on
764 1196 827 1233 en
861 1189 1038 1231 trouve
1073 1194 1144 1231 un
1180 1179 1283 1231 cité
1304 1182 1368 1231 de
1389 1194 1485 1231 son
1515 1176 1909 1231 comtnentaire
1945 1190 2039 1228 sur
2061 1174 2201 1227 saint
2237 1172 2537 1237 Matthieu;
2572 1182 2620 1224 et
2650 1173 2682 1223 ὰ
2718 1171 2771 1224 la
2802 1180 2929 1223 teste
2958 1170 3029 1223 du
3058 1171 3265 1224 suivant
3292 1171 3329 1223 il
3363 1188 3394 1240 y

125 1287 175 1331 α,
200 1269 443 1339 ejusdem
477 1286 545 1324 ex
585 1272 727 1326 libro
770 1273 915 1342 quod
948 1270 1091 1327 Deus
1148 1279 1433 1341 peccatum
1476 1272 1663 1325 docuit
1709 1278 1762 1325 et
1791 1279 2023 1323 mortem
2075 1267 2399 1322 introduxit.
2469 1265 2736 1320 Theodore
2764 1272 2848 1317 n'a
2888 1264 3033 1331 point
3066 1265 3395 1318 assurément

125 1366 295 1417 donné
319 1381 375 1417 ce
398 1366 522 1420 titre
550 1368 583 1419 ὰ
611 1384 785 1421 aucun
823 1368 887 1421 de
908 1385 989 1421 ses
1024 1385 1274 1439 ouvrages
1304 1383 1321 1421 :
1354 1378 1402 1421 et
1430 1370 1468 1421 il
1490 1368 1607 1438 {aut
1638 1384 1735 1438 que
1758 1384 1813 1421 ce
1843 1369 1946 1421 soit
1989 1382 2090 1419 nne
2121 1382 2303 1419 erreur
2332 1365 2486 1433 qu‘on
2518 1362 2734 1432 pretend
2761 1363 2888 1415 tirer
2926 1360 2988 1413 de
3021 1361 3301 1429 qnelqu’un
3333 1360 3397 1413 de

125 1472 202 1509 ses
238 1457 413 1520 liores,
442 1467 491 1512 et
514 1476 640 1513 sans
669 1460 827 1514 doute
859 1461 931 1513 du
958 1460 1362 1516 Commentaire
1398 1478 1491 1516 sur
1523 1463 1667 1517 saiut
1699 1461 1985 1524 Matthieu,
2029 1462 2239 1512 nommé
2276 1457 2719 1510 immédiatcment
2762 1466 3116 1525 anparavant,
3169 1457 3217 1510 si
3262 1470 3393 1507 nous

126 1548 287 1602 lisons
318 1565 385 1603 ex
414 1549 607 1605 eodem
640 1551 797 1606 libro.
834 1551 1069 1609 Prorsus
1097 1554 1170 1606 ita
1205 1554 1459 1624 superius
1489 1569 1591 1609 nos
1621 1553 1883 1615 diximus,
1916 1554 2096 1606 locum
2132 1552 2306 1613 illum,
2348 1552 2439 1620 qui
2485 1552 2688 1605 dicitur
2719 1569 2783 1605 ex
2814 1551 3207 1605 Commentario
3238 1550 3293 1601 in
3318 1562 3395 1601 ιιι

127 1646 431 1713 prophetas,
462 1628 813 1701 referendum
860 1664 984 1704 esse
1011 1651 1076 1703 ad
1111 1650 1336 1703 citatum
1378 1650 1431 1704 in
1482 1650 1918 1720 prazcedentibus
1974 1647 2222 1704 Psalterii
2266 1648 2485 1702 librum.
2547 1648 2692 1711 llaec,
2731 1649 2976 1718 inquam.
3023 1646 3389 1717 peremptoria

128 1743 520 1797 demonstratio
544 1753 628 1798 est
658 1746 925 1800 adversus
955 1762 1051 1801 eos
1079 1748 1170 1817 qui
1206 1746 1527 1816 synodicum
1557 1747 1935 1801 testimonium
1976 1746 2137 1801 nobis
2172 1746 2495 1815 objecerint.
2530 1777 2599 1785 ——
2640 1746 2729 1800 Sic
2771 1747 2899 1800 olim
2938 1762 3038 1814 ego
3076 1745 3397 1815 di5putave-

130 1850 265 1895 l'Jlll,
291 1840 352 1887 ut
385 1836 695 1903 proemium
743 1842 795 1890 in
848 1837 1096 1892 Psalmos
1145 1854 1242 1907 pro
1289 1840 1542 1907 prowmio
1596 1841 1650 1891 in
1705 1854 1778 1891 xu
1831 1838 2111 1906 prophetas
2163 1837 2511 1892 scribendum
2540 1853 2663 1890 esse
2715 1839 2769 1890 in
2826 1838 3034 1907 synodo
3086 1837 3395 1891 suaderem.

130 1924 283 1980 Nunc
315 1927 450 1982 illud
484 1928 535 1981 in
570 1938 805 1985 mentem
837 1933 1004 1993 venit,
1040 1931 1150 1986 fieri
1195 1948 1354 2001 posse
1385 1940 1440 1985 ut
1488 1932 1739 2000 generale
1784 1932 2003 2001 aliquod
2046 1932 2371 2002 prooemium
2404 1932 2458 1983 in
2491 1932 2715 1985 minores
2756 1932 3037 1999 prophetas
3064 1930 3193 1985 olim
3224 1930 3399 1983 exsti-

131 2019 255 2072 terit
290 2018 563 2074 Theodori
597 2025 793 2086 nostri,
824 2023 970 2093 quod
1003 2025 1054 2077 in
1090 2024 1371 2080 codicibus
1394 2040 1503 2078 non
1538 2025 1606 2078 sit
1628 2032 2032 2087 conservatum,
2072 2030 2293 2092 propter
2315 2024 2671 2077 reverentiam
2700 2023 2932 2076 fortasse
2948 2036 3075 2092 erga
3103 2020 3402 2074 cont-ilium

131 2124 159 2159 a
190 2124 300 2178 quo
333 2110 435 2164 fuil
470 2112 606 2166 illud
638 2112 1028 2183 vituperalum.
1062 2115 1267 2170 Certea
1298 2115 1663 2175 Theodoreto,
1702 2115 1794 2184 qui
1832 2113 2183 2169 Theodorum
2213 2114 2265 2168 in
2295 2115 2614 2169 eorumdem
2648 2114 3036 2184 prOphetarnm
3075 2115 3405 2182 interpreta-

131 2202 275 2255 tione
301 2203 466 2259 valde
495 2213 763 2268 sectatur,
792 2211 1103 2276 generalem
1144 2211 1427 2278 prologum
1456 2210 1734 2279 praeseribi
1760 2210 2007 2264 videmus
2043 2228 2055 2262 :
2092 2216 2207 2262 tum
2252 2209 2308 2263 in
2343 2216 2493 2264 textu
2532 2216 2725 2263 nostro
2775 2208 3044 2263 Theodori
3102 2210 3146 2263 si
3181 2224 3279 2278 pro
3320 2210 3402 2268 si;

133 2294 353 2365 ἔλεγχον
382 2296 515 2361 τῶν,
539 2307 647 2353 etc.
682 2302 960 2355 scribatur
982 2304 1061 2365 εἰς
1094 2303 1314 2373 ἔλεγχον
1336 2300 1429 2357 οὖν
1473 2303 1603 2364 τῶν,

1902 2319 1909 2355 :
1954 2317 2061 2355 una
2119 2304 2413 2373 particula,
2449 2319 2569 2373 quae
2604 2304 2839 2358 fortasse
2880 2312 2993 2356 tum
3023 2311 3104 2358 est
3133 2303 3404 2357 subducta

131 2402 254 2441 cunt
290 2390 483 2457 priora
510 2403 915 2456 resecarentur,
943 2394 1077 2449 satis
1108 2395 1377 2451 indicaret
1402 2398 1652 2466 generale
1689 2412 1718 2449 a
1765 2397 2055 2451 Theodoro
2093 2398 2419 2467 prommium
2471 2396 2641 2451 fuisse
2696 2397 3068 2467 przepositum.
3096 2396 3186 2448 Illa
3240 2396 3406 2450 etiam

133 2481 292 2535 verba
332 2498 388 2553 p.
421 2483 473 2549 1,
501 2500 555 2539 v.
591 2485 643 2540 5.
681 2487 803 2540 καθ’
841 2486 877 2540 ἃ
908 2488 1141 2558 πρόσθεν
1202 2490 1372 2563 ἔφθην
1420 2492 1591 2545 εἰπὼν
1629 2504 1635 2551 t

1920 2493 2343 2562 interpungatur
2390 2499 2515 2544 ante
2564 2492 2622 2543 ὲν
2657 2490 2913 2560 ψαλμοῖς,
2941 2504 3101 2544 secus
3120 2490 3165 2544 si
3192 2492 3404 2560 postea)

132 2573 271 2629 haud
298 2591 419 2629 rem
446 2577 499 2631 in
512 2576 729 2633 diverso
753 2595 918 2649 opere
936 2580 1159 2645 dictam,
1186 2584 1279 2637 sed
1300 2585 1353 2637 in
1372 2598 1638 2654 praesente
1665 2584 1870 2654 scripto
1890 2584 2153 2638 denotant
2181 2584 2351 2654 :quod
2372 2585 2415 2639 si
2440 2584 2513 2637 ita
2531 2591 2633 2648 est,
2651 2582 2920 2651 generalis
2942 2582 3199 2653 prologus
3219 2598 3410 2638 neces-

131 2671 277 2725 sario
294 2671 639 2743 intelligitur,
657 2674 748 2743 qui
766 2675 885 2729 sine
909 2674 1200 2728 dubiotam
1226 2678 1465 2747 copiosis
1502 2678 1555 2730 in
1578 2694 1651 2730 xu
1694 2677 1972 2745 prop/tetas
1990 2678 2383 2730 commentariis
2413 2676 2630 2730 videtur
2652 2674 2820 2729 fuisse
2835 2674 3408 2731 convenientissimns.

201 2763 263 2819 V.
296 2766 458 2820 Nune
492 2783 602 2836 quo
639 2770 877 2838 ingenio,
921 2785 1029 2839 qua
1077 2771 1312 2836 ratione,
1358 2788 1469 2842 quo
1498 2772 1603 2827 line
1645 2771 1971 2826 Theodorus
2006 2773 2104 2826 hos
2152 2772 2217 2825 ad
2270 2772 2569 2840 prOphetas
2604 2770 3034 2824 commentarios
3080 2769 3411 2825 instruxisse

128 2862 401 2926 videatur,
435 2864 618 2919 sobria
659 2882 781 2919 cum
826 2866 1091 2923 brevitate
1139 2869 1433 2924 dicendum
1482 2878 1586 2925 est.
1620 2874 1798 2941 Atque
1848 2871 1904 2923 in
1947 2871 2140 2939 primis
2170 2869 2467 2923 fecundum
2515 2866 2790 2922 Theodori
2842 2866 3078 2936 felixque
3130 2866 3409 2937 ingenium

133 2956 320 3008 mirari
357 2956 509 3021 licet,
538 2958 633 3027 qui
668 2960 735 3014 de
768 2974 911 3029 penu
954 2972 1056 3012 suo
1103 2958 1367 3029 pleraque
1415 2958 1599 3013 omnia
1649 2959 1842 3021 sumit,
1893 2958 2166 3011 neminem
2208 2957 2479 3020 imitatur,
2529 2955 2737 3009 nedum
2786 2953 3008 3022 expllat.
3065 2950 3315 3022 Cumque
3356 2952 3411 3005 hi

131 3053 415 3121 praphetaa
436 3066 546 3120 pne
567 3052 825 3108 omnibus
841 3068 1127 3108 sacrorum
1154 3054 1456 3109 Bibliorum
1495 3056 1744 3125 partibus
1763 3056 1875 3110 sint
1909 3054 2317 3117 obscurissimi,
2350 3054 2423 3106 ita
2466 3059 2525 3105 ut
2556 3052 2675 3106 sine
2723 3051 3021 3119 interprete
3051 3064 3279 3121 prorsus
3308 3049 3413 3119 legi

134 3164 238 3202 non
268 3149 512 3218 possint,
540 3148 865 3205 Theodorus
900 3156 1051 3204 tanta
1085 3166 1181 3207 eos
1206 3152 1490 3213 facilitate,
1512 3160 1622 3206 tam
1655 3153 1893 3206 naturali
1929 3166 2214 3221 pronoque
2256 3149 2494 3203 decursu
2541 3148 2816 3210 edisserit,
2848 3154 2909 3200 ut
2941 3147 3059 3216 ipse
3097 3162 3207 3200 non
3247 3147 3412 3200 verba

134 3242 333 3314 legere,
358 3245 459 3300 sed
485 3246 539 3299 in
572 3247 853 3317 prephetaa
883 3248 1152 3315 cujusque
1185 3250 1751 3312 mentem,oculorum
1772 3250 1945 3303 aciem
1977 3247 2261 3301 intendere
2275 3245 2548 3299 videatur.
2585 3244 2951 3310 Quamobrem
2969 3258 3079 3297 non
3110 3243 3229 3297 sine
3247 3256 3414 3296 causa

136 3352 163 3389 a
194 3339 388 3401 multis
428 3354 611 3393 arcem
645 3340 1010 3410 interpretum
1045 3348 1229 3393 tenere
1262 3339 1442 3394 dictus
1464 3348 1569 3395 est.
1600 3338 1788 3411 Neque
1820 3357 1949 3396 vero
1983 3340 2307 3394 Theodorus
2327 3338 2410 3392 vel
2441 3337 2769 3391 Hebraicum
2788 3342 2996 3389 textum
3020 3334 3108 3389 vel
3134 3331 3415 3403 Syriacam

132 3447 195 3487 ex
229 3431 465 3488 Hebraao
492 3432 793 3487 derivatam
826 3431 1363 3502 interpretationem,
1390 3433 1474 3487 vel
1496 3433 1754 3505 Origenis
1789 3432 2061 3503 "exopta,
2100 3434 2155 3486 in
2190 3446 2418 3486 censum
2454 3436 2613 3484 vocat
2649 3446 2663 3485 :
2700 3428 2809 3482 imo
2846 3424 3127 3498 Syriacam
3153 3425 3419 3495 interpre-

133 3525 398 3579 tationem
434 3525 831 3597 (Antiochenus
865 3529 991 3583 licet
1031 3530 1213 3599 homo)
1240 3529 1471 3599 ejusque
1507 3546 1838 3600 anonymum
1865 3515 2219 3600 interpretem
2250 3545 2362 3584 non
2390 3528 2559 3583 semel
2594 3525 2811 3580 vellicat
2837 3540 2927 3595 pp.
2966 3522 3088 3589 185,
3123 3522 3248 3589 194,
3278 3519 3415 3589 202;

135 3614 337 3683 quippe
364 3612 561 3669 Graeco
582 3614 720 3669 LXX
738 3616 1100 3688 lnterpretum
1127 3628 1274 3673 textu
1300 3631 1613 3685 contentus,
1638 3621 1783 3675 hunc
1802 3638 1969 3676 unum
1993 3622 2277 3677 osculatur
2297 3636 2361 3675 ac
2385 3620 2654 3690 sequitur,
2680 3628 2903 3689 propter
2920 3630 3214 3682 summam,
3235 3622 3295 3669 ut
3317 3615 3414 3678 ait,

138 3712 420 3763 seniorum
444 3710 663 3765 illorum
685 3713 936 3782 peritiam
962 3720 1125 3783 atque
1142 3714 1492 3783 sapientiam,
1511 3724 1564 3771 et
1580 3725 1801 3786 prepter
1824 3718 2198 3787 apostolorum
2214 3716 2621 3776 auctoritatem,
2648 3714 2740 3783 qui
2769 3713 2907 3765 hanc
2924 3712 3234 3766 versionem
3260 3709 3419 3764 Chri-

141 3802 334 3857 stianis
359 3803 654 3874 neophytis
677 3804 1200 3859 commendaverunt
1223 3808 1335 3877 (pp.
1358 3807 1481 3872 185,
1508 3808 1625 3869 194,
1642 3808 1794 3863 202i.
1814 3808 1998 3878 Neque
2029 3809 2203 3879 ipsam
2230 3807 2580 3861 Hebraeorum
2604 3806 2842 3876 linguam
2862 3805 3185 3859 Theodorus
3201 3804 3414 3867 calluit,

141 3908 169 3945 a
198 3909 303 3963 qua
326 3895 543 3949 nullum
576 3904 865 3951 mtttuatur
896 3898 1077 3954 lumen
1100 3920 1114 3968 ;
1137 3910 1189 3956 et
1212 3912 1474 3971 prazlerea
1504 3921 1556 3974 p.
1580 3905 1642 3959 91
1680 3924 1691 3958 ;
1720 3906 1907 3969 Aiunt,
1940 3907 2140 3976 inquit,
2169 3905 2385 3976 ρεμφάν
2419 3904 2733 3975 significare
2759 3902 3117 3971 pltospltorum
3147 3902 3203 3954 in
3236 3900 3416 3970 lingua

141 3987 491 4042 Ilebrccorum
521 4004 541 4042 :
574 4006 683 4058 quo
700 3990 867 4056 dicto,
888 4007 998 4046 non
1036 3992 1264 4047 scientia
1286 3996 1635 4064 propria,scd
1666 3997 1843 4051 aliena
1879 3998 2224 4056 auctoritate.
2263 3997 2329 4050 de
2347 3996 2613 4050 vocabulo
2634 3994 2902 4048 Hebraico
2930 3993 3183 4063 judicare
3222 4008 3282 4048 se
3319 3993 3415 4047 de-

144 4092 441 4137 monstrat.
479 4080 698 4137 Rursus
735 4099 789 4153 p.
824 4083 950 4141 l85.
982 4098 1107 4138 cum
1137 4083 1454 4140 Graecorum
1484 4084 1848 4157 interpretum
1883 4086 2163 4143 discordia
2200 4088 2271 4142 sit
2305 4102 2333 4139 a
2372 4086 2511 4157 Syro
2545 4087 2601 4141 in
2658 4088 2913 4143 vocabuli
2955 4087 3205 4142 llebraici
3244 4086 3419 4156 expli~

143 4172 380 4238 catione,
432 4174 553 4243 ipse
580 4174 801 4245 quidem
851 4174 1074 4232 Graecos
1102 4180 1375 4245 sequitur,
1410 4197 1521 4235 non
1571 4182 1733 4252 quasi
1771 4182 2176 4253 grammaticali
2224 4182 2425 4238 ductus
2474 4184 2550 4248 vi,
2589 4181 2687 4239 sed
2726 4185 3058 4241 reverentia.
3096 4184 3277 4248 Quare
3310 4198 3418 4237 non

145 4270 291 4316 recte
322 4262 589 4317 collineat
617 4266 762 4335 apud
796 4264 1275 4323 Rosenmullerum
1315 4269 1385 4342 (ε)
1416 4270 1727 4339 Ernestius,
1780 4274 1872 4343 qui
1922 4274 2237 4344 suspicatur
2268 4274 2390 4329 ideo
2417 4274 2793 4344 judaizantem
2829 4279 3009 4332 visum
3051 4276 3222 4331 fuisse
3260 4275 3421 4329 Chri-

147 4351 343 4406 stianis
376 4352 859 4424 Mopsuestenum,
902 4360 1049 4429 quod
1098 4363 1398 4417 secundum
1446 4374 1627 4419 textus
1677 4364 1975 4422 llebraicos
2024 4366 2529 4436 interpretationem
2575 4366 2814 4424 fecisset.
2862 4368 3051 4439 Neque
3094 4367 3418 4422 Theodorus

145 4445 330 4515 (secus
378 4464 444 4503 ac
486 4450 736 4507 hodierni
778 4454 959 4510 critici
1001 4458 1311 4527 pompatico
1350 4460 1596 4529 quidem,
1649 4461 1747 4515 sed
1794 4475 1908 4521 non
1961 4461 2082 4518 sine
2114 4460 2444 4516 confusione
2493 4471 2656 4529 atque
2694 4460 3085 4530 impedimento
3120 4460 3417 4531 legentium

154 4542 384 4612 faciunt)
428 4544 791 4615 multiplicem
815 4549 1213 4616 eruditionem,
1252 4554 1624 4611 multorumve
1659 4566 1952 4611 auctorum
1990 4558 2215 4611 nomina
2252 4558 2531 4626 congerit;
2571 4556 2683 4610 imo
2713 4570 2839 4609 cum
2874 4555 3016 4612 forte
3040 4556 3420 4611 controversia

148 4630 356 4687 incidat
388 4633 457 4689 de
488 4636 722 4693 urbibus
759 4638 987 4708 Bothro,
1021 4641 1275 4712 Tharsis,
1306 4654 1472 4717 atque
1501 4650 1791 4713 Ammone,
1824 4649 2256 4719 disputationem
2286 4651 2620 4719 quantocius
2651 4650 2933 4718 abrumpit
2957 4658 3166 4712 noster,
3201 4649 3420 4717 quomi-

149 4738 253 4779 nus
283 4739 314 4777 a
344 4740 451 4779 suo
482 4729 750 4798 propheta
789 4748 856 4787 ne
890 4735 1065 4790 latum
1105 4739 1329 4807 quidem
1370 4759 1607 4815 unguem
1646 4744 1924 4800 discedat.
1958 4742 2035 4798 Ex
2069 4753 2149 4797 tot
2181 4753 2363 4799 autem
2401 4754 2527 4800 ante
2551 4762 2609 4801 se
2640 4744 2940 4799 Bililiorum
2964 4744 3420 4814 explicatoribus,

147 4834 215 4873 ne
240 4837 415 4876 unum
450 4824 672 4893 quidem
705 4829 1033 4887 nominatim
1066 4838 1345 4904 appellat;
1376 4853 1683 4910 anonymos
1723 4858 2005 4911 nunquam
2047 4842 2161 4898 fere
2203 4843 2323 4897 sine
2364 4842 2768 4912 vituperatione
2801 4850 3218 4903 commemorat,
3251 4842 3417 4895 veluti

148 4937 237 4991 pp.
276 4924 367 4988 7i,
405 4925 527 4990 Hi,
560 4927 688 4995 222,
724 4930 851 4986 254.
885 4930 989 4996 Qui
1022 4949 1154 4988 vero
1189 4934 1303 4990 sint
1336 4936 1426 4991 isti
1466 4939 1759 5008 anonymi,
1788 4955 1851 4994 ex
1898 4939 2238 5010 Hieronymi.
2276 4941 2372 5009 qui
2406 4938 2507 4994 fuit
2538 4940 2921 5010 Mopsucsteno
2957 4950 3148 4995 nostro
3178 4953 3416 5000 coaevus,

153 5011 381 5085 I’rologo
423 5017 492 5069 ad
526 5017 717 5074 Oscam
748 5021 1057 5091 intelligere
1099 5025 1339 5082 fortasse
1390 5027 1543 5094 licet,
1577 5030 1673 5098 qui
1717 5030 1795 5083 ait
1834 5039 1962 5084 ante
2004 5046 2063 5085 se
2108 5030 2499 5100 prophetarum
2549 5030 2820 5086 minorum
2863 5032 3036 5088 fuisse
3091 5032 3421 5100 interpretes

147 5106 464 5180 Origenem,
496 5115 893 5186 Apollinarem,
925 5112 1190 5181 Pierium,
1236 5113 1538 5172 Eusebium
1571 5118 1994 5185 Caesariensem,
2028 5135 2091 5174 ac
2121 5121 2431 5190 Didymum.
2468 5120 2581 5177 llos
2614 5122 2803 5193 igitur,
2839 5124 2925 5178 vel
2956 5140 3023 5177 ex
3060 5124 3146 5177 his
3178 5124 3417 5192 aliquos,

149 5222 175 5257 a
205 5207 497 5265 Theodoro
535 5213 864 5282 reprehendi
909 5214 1191 5284 suspicor.
1227 5213 1363 5268 Nam
1399 5213 1468 5269 de
1513 5214 1643 5285 ipso
1684 5214 2020 5287 Hieronymo
2068 5216 2420 5287 cogitandum
2448 5219 2540 5271 vix
2588 5228 2739 5287 puto,
2770 5232 2881 5272 non
2907 5230 3016 5272 tam
3061 5219 3187 5287 quia
3219 5226 3421 5272 coaeta-

152 5319 305 5369 neus,
339 5314 397 5360 ut
436 5306 575 5372 dixi,
603 5318 743 5375 erat,
768 5325 933 5379 quant
969 5312 1097 5381 quia
1131 5312 1564 5366 commentarios
1598 5310 1825 5365 Latinos
1859 5328 1889 5365 a
1919 5310 2093 5367 Graeci
2120 5314 2393 5367 sermonis
2426 5312 2646 5367 homine
2676 5314 2849 5366 lectos
2876 5312 2965 5364 vix
3009 5318 3093 5365 est
3134 5311 3414 5366 credibile.

154 5397 485 5454 Immensum
514 5416 686 5471 prope
710 5418 875 5473 Opus,
905 5417 1054 5455 nunc
1085 5402 1458 5470 deperditum,
1495 5400 1564 5455 ad
1602 5402 1904 5471 prophetas
1940 5405 2187 5459 minores
2218 5404 2481 5474 Origenes
2509 5405 2805 5474 scripserat
2837 5423 2848 5457 :
2878 5418 3051 5473 quare
3086 5417 3420 5471 magnopere

153 5494 393 5548 arbitror
420 5496 470 5551 id
500 5500 779 5568 praecipue
824 5498 1235 5568 Mopsuesteno,
1269 5505 1497 5567 propter
1522 5497 1800 5553 diversam
1852 5499 2246 5569 interpretandi
2291 5501 2551 5565 indolem,
2590 5501 2959 5573 displicuisse.
2999 5501 3104 5556 Sed
3140 5516 3208 5556 ne
3255 5500 3420 5554 Pierii

152 5584 372 5653 quidem
404 5589 486 5643 vel
518 5589 857 5660 Apollinaris
885 5592 969 5646 vel
1002 5590 1216 5661 Didymi
1247 5588 1456 5660 aliquid
1480 5590 3424 5669 superest:dcniqueetEusebiiDemonstrationisevangelicazliberxvrtt,

157 5674 207 5729 in
235 5694 347 5747 quo
376 5680 442 5737 de
471 5678 615 5737 Osca
652 5682 902 5753 quaedam
937 5684 1339 5754 disputaverat,
1368 5683 1549 5753 periit.

240 5848 301 5929 ξ’)
330 5845 635 5929 ἑξέτηλεςεις
674 5849 924 5929 ωηιξη
954 5868 1007 5921 Ρη
1332 5922 1393 5929 ___
1903 5855 1971 5927 (ε)
2006 5852 2147 5910 Hist.
2176 5856 2395 5919 interpr.
2428 5858 2549 5922 part
2585 5868 2663 5915 ιιι,
2699 5867 2748 5921 p.
2786 5848 2911 5903 266.

226 5916 301 5989 (ὁ)
334 5918 432 5973 Ed.
464 5918 633 5976 Coleti
660 5930 794 5979 toni.
820 5920 910 5989 IX,
938 5916 1144 5978 6.221.
1178 5937 1293 5993 cap.
1328 5922 1414 5976 56.
