3804 6222
337 313 412 373 95
1615 310 1704 365 EX
1745 307 1994 365 LEONIS
2043 309 2314 364 ALLATH
3511 312 3586 368 96

343 448 372 483 a
405 431 494 500 pio
524 430 674 484 cultu
707 429 943 492 dill‘erat,
974 428 1138 482 libelli
1180 438 1304 493 tres,
1341 445 1468 498 quos
1502 427 1764 482 Mastubio
1803 425 1910 477 Ar-
1945 429 1989 484 Α
2019 424 2275 481 Nicolaus
2313 425 2668 490 Alcmaunus,
2696 425 2791 495 qui
2821 424 2992 479 risum
3023 425 3219 494 quaerit
3248 423 3300 478 in
3325 424 3585 496 laerymis

344 539 527 586 meao,
576 523 999 590 chorepiscopum
1051 522 1246 591 agenti,
1297 519 1558 574 inscribit.
1612 519 1687 572 Ac
1734 519 1909 586 primo

342 613 552 680 quidem
610 611 743 664 libro
773 612 987 680 exponit
1035 609 1320 678 nefandum
1374 609 1658 663 Persarum
1694 610 1908 678 dogma,

345 701 485 770 quod
516 700 779 754 Zasrades
815 702 1024 754 induxit
1047 717 1066 765 ;
1094 702 1199 755 sive
1225 699 1289 754 de
1311 698 1570 762 laruam,
1600 715 1750 767 quem
1773 699 1912 765 prin-

344 793 512 860 cipem
551 794 783 846 omnium
828 793 978 860 facit,
1018 801 1068 845 et
1110 793 1378 860 fortunam
1423 792 1586 843 etiam
1643 789 1912 857 appellat;

343 883 467 936 hinc
499 883 750 936 libatione
777 883 975 944 oblata.
1003 894 1061 935 ut
1103 881 1449 935 Ilormisdam
1485 882 1734 950 gigneret,
1767 890 1818 934 et
1844 881 1911 932 il-

346 971 458 1024 lum
482 981 530 1025 et
559 972 817 1026 Satanam
863 981 1115 1040 praeterea
1145 970 1417 1040 genuisse;
1445 969 1509 1022 de
1553 984 1730 1022 eorum
1768 969 1914 1020 insu-

345 1081 438 1132 per
487 1065 760 1132 sanguinis
806 1064 1048 1116 mistione
1094 1063 1328 1124 (incestis
1382 1060 1635 1127 nuptiis);
1695 1058 1914 1120 denique

347 1153 436 1206 ubi
458 1153 766 1220 simpliciter
791 1152 1006 1218 impium
1031 1161 1077 1203 et
1101 1152 1468 1219 perobscenum
1492 1149 1682 1218 dogma
1705 1147 1778 1200 ad
1808 1164 1915 1201 ver-

306 1261 310 1265 ·
347 1245 467 1296 bum
503 1246 794 1311 proposuit,
839 1244 1013 1310 priore
1062 1243 1198 1295 illud
1241 1243 1376 1296 libro
1421 1242 1637 1309 refellit.
1681 1240 1913 1305 Reliquis

345 1335 548 1388 duobus
597 1335 659 1387 de
705 1333 828 1401 ﬁdei
874 1335 964 1400 pia
1019 1335 1263 1388 doctrina
1309 1343 1526 1397 tractat,
1583 1333 1840 1401 ductoque
1881 1348 1915 1384 a

347 1427 528 1478 mundi
582 1426 843 1478 creatione
891 1424 1128 1486 exordio,
1181 1426 1250 1477 ad
1304 1427 1471 1492 ipsam
1520 1424 1680 1494 legem
1728 1425 1916 1492 gratia:

345 1517 462 1583 pari
521 1515 675 1568 modo
725 1518 922 1569 cursim
985 1516 1260 1570 dilabitur.
1320 1517 1418 1570 llic
1466 1515 1768 1569 Theodorus
1828 1515 1916 1566 ille

348 1603 746 1672 Mopsuestenus
770 1622 881 1659 esse
927 1607 1192 1669 creditur;
1233 1604 1469 1658 Nestorii
1501 1606 1638 1658 enim
1672 1604 1914 1658 liwresim

349 1696 577 1748 maxime
611 1695 744 1747 libro
787 1697 938 1748 tertio
969 1697 1291 1764 conﬁrmans
1341 1696 1652 1764 proclamat.
1682 1695 1822 1759 Quin
1865 1704 1913 1748 et

349 1786 629 1853 impiorum
678 1787 732 1838 in
788 1788 1069 1854 pristinum
1115 1796 1314 1842 statum
1366 1787 1749 1841 restitutionem
1796 1803 1916 1839 con-

347 1878 520 1947 fingit.

419 1967 684 2022 Adversus
716 1967 923 2023 Iuliani
950 1970 1220 2037 Apostata:
1247 1969 1539 2024 calumnias
1568 1971 1620 2023 in
1651 1968 1914 2024 Christia-

351 2074 467 2122 nos,
505 2059 758 2112 laudatur
783 2061 836 2113 in
871 2069 1060 2115 catena
1091 2060 1277 2116 Graeca
1307 2061 1374 2114 ad
1402 2060 1602 2115 Lucam
1633 2062 1707 2131 (a)
1741 2081 1753 2116 ε
1785 2063 1917 2114 Θεο-‹

348 2148 520 2219 δώρου
547 2148 917 2219 Μοψουεστίας
947 2153 1010 2204 ἐκ
1041 2152 1146 2205 τῶν
1163 2152 1324 2222 Πρὸς
1349 2153 1455 2220 τὰς
1482 2155 1630 2208 κατὰ
1657 2170 1919 2222 χριστιαο

349 2237 472 2291 νῶν
497 2241 852 2309 κατηγορίας
891 2241 1214 2296 Ἰουλιανοῦ
1258 2242 1364 2296 τοῦ
1411 2243 1754 2311 παραϐἀτου
1779 2262 1791 2273 ·
1837 2245 1920 2297 Ea:

350 2331 740 2383 commentariis
766 2330 1023 2384 Theodori
1050 2329 1402 2400 Mopsuesteni
1431 2337 1695 2390 adversus
1715 2333 1916 2389 Juliani

351 2421 649 2476 desertoris
677 2421 1091 2475 criminationes
1119 2423 1174 2475 in
1213 2422 1573 2478 Christianos.

424 2509 725 2578 Epistolam
793 2512 863 2565 ad
919 2511 1184 2566 Domuum
1250 2513 1432 2567 laudat
1483 2515 1806 2570 Anastasius
1865 2516 1918 2569 in

353 2602 539 2671 ecloge
567 2601 849 2670 Χρήσεων
875 2602 1246 2672 δογματικῶν
1273 2604 1359 2659 bis
1386 2605 1565 2661 verbis
1597 2623 1609 2658 :
1645 2606 1920 2678 Θεοδώρου

353 2692 730 2761 Μοψουεστίας
776 2694 841 2746 ἐκ
871 2694 969 2762 τῆς
1004 2693 1139 2764 πρὸς
1167 2693 1369 2763 Δόμνον
1416 2695 1730 2766 ὲπιστολῆς’
1765 2697 1922 2752 Theo-

352 2785 472 2837 dori
512 2783 868 2851 Mopsuesteni
893 2799 958 2839 ea;
985 2785 1209 2852 epistola
1233 2784 1300 2837 ad
1325 2784 1591 2838 Domuum
1620 2786 1715 2856 (b).

426 2875 724 2944 Epistolam
755 2877 824 2928 ad
873 2876 1168 2928 Artemium
1206 2877 1624 2931 Alexandrinum
1659 2879 1922 2950 presbyte—

356 2981 494 3018 rum.
522 2964 594 3019 Ex
636 2981 700 3020 ea
724 2967 917 3020 recitat
948 2967 1128 3035 aliqua
1163 2965 1453 3022 Facundus
1479 2969 1572 3022 lib.
1607 2985 1690 3034 Ill,
1721 2985 1840 3038 cap.
1866 2971 1919 3024 5.

2013 514 2282 570 Theodori
2325 516 2664 586 paenitentis,
2709 515 2923 586 sibique
2963 515 3198 571 fortasse
3242 518 3490 586 permisit
3523 519 3581 572 in

2012 606 2114 659 viri
2147 606 2292 660 docti
2335 607 2548 677 lugubri
2585 607 2972 662 lamentatione
3009 606 3276 662 facundiae
3308 607 3584 678 [rigidita-

2011 706 2093 753 tes
2121 707 2176 754 et
2225 700 2467 768 leporum
2523 700 2776 768 ineptias.
2807 697 3008 752 Verum
3061 699 3220 753 sicuti
3260 698 3584 754 Theodorus

2011 792 2320 861 lacrymans
2350 790 2454 845 hoc
2487 805 2624 859 opus
2664 787 2923 858 proludit,
2954 804 3130 858 neque
3177 790 3429 860 frigidum
3474 800 3580 853 est,

2013 896 2187 950 neque
2218 881 2478 949 ineptum,
2514 880 2608 934 sed
2638 888 2696 934 ut
2727 879 2857 933 illud
2891 877 3127 934 Savilius
3159 881 3441 950 politulum
3479 883 3586 937 vel-

2013 972 2084 1027 let
2115 980 2278 1040 atque
2317 971 2642 1035 limatulum,
2675 972 2754 1026 sic
2786 980 2932 1027 esset
2969 971 3128 1041 plane
3167 972 3482 1026 ridiculum.

2081 1062 2388 1131 At,inquit,
2449 1062 2785 1116 Sozomenus
2845 1062 3192 1116 Theodorum
3253 1062 3583 1133 πολυϊστορα

2014 1152 2184 1208 fuisse
2215 1154 2424 1215 scribit,
2465 1152 2601 1206 adde
2639 1155 2800 1226 etiam
2838 1152 3081 1223 ρητόρων
3117 1153 3314 1216 ἱκανῶς
3358 1155 3585 1223 ἐπιστή-

2017 1261 2172 1314 μονα.
2228 1244 2537 1312 Respondet
2590 1245 2924 1298 Alcmannus
2971 1243 3332 1298 doctissime:
3383 1242 3582 1298 Verum

2016 1335 2318 1406 πολυῖστωρ
2375 1336 2699 1404 appellatur,
2732 1350 2839 1390 non
2878 1335 3148 1389 facundus
3196 1343 3251 1388 et
3293 1335 3583 1403 eloquens,

2016 1425 2109 1479 sed
2144 1426 2190 1478 is
2217 1424 2310 1493 qui
2365 1425 2560 1478 litteris
2588 1425 2775 1479 multis
2805 1424 3084 1494 prtcditus.
3133 1438 3423 1492 rerumque
3461 1425 3587 1493 plu-

2017 1517 2156 1569 rium
2189 1530 2252 1569 ac
2284 1515 2432 1568 varia
2472 1514 2699 1570 scientia
2733 1515 2824 1578 sit,
2868 1523 2924 1568 ut
2953 1516 3018 1570 A.
3051 1515 3259 1570 Gellius
3283 1515 3360 1568 ait
3387 1514 3454 1568 de
3473 1513 3586 1584 Ap-

2017 1609 2176 1678 pione
2213 1615 2404 1662 vocato
2437 1606 2742 1677 πολυῖστωρ
2775 1606 3122 1678 (c).Cyrillus
3162 1616 3340 1661 autem
3374 1608 3586 1677 (contra

2014 1700 2048 1752 Ι
2055 1700 2130 1754 ul.
2154 1700 2245 1752 lib.
2281 1715 2336 1762 x,
2356 1715 2407 1768 p.
2427 1699 2574 1768 διε),
2595 1707 2653 1751 ut
2669 1700 2960 1754 Clementis
2985 1698 3335 1753 Alexandrini
3355 1698 3584 1752 faculta-

2017 1797 2124 1843 tem
2155 1787 2394 1851 dicendi,
2433 1799 2488 1841 et
2516 1787 2877 1842 eruditionem
2917 1790 3034 1842 suis
3065 1787 3376 1843 nominibus
3403 1789 3580 1857 expri-

2019 1888 2210 1943 meret,
2239 1879 2521 1950 ἐλλόγιμον
2550 1879 2700 1933 illum
2732 1879 2965 1942 vocavit,
2997 1887 3048 1932 et
3076 1877 3423 1948 πολυΐστορα,
3447 1893 3588 1946 quas

2018 1987 2179 2027 voces
2217 1971 2335 2040 ipse
2363 1971 2599 2040 explicat
2642 1971 2769 2024 alibi
2799 1971 2918 2040 (lib.
2953 1986 3048 2036 vn,
3079 1986 3133 2038 p.
3167 1970 3315 2038 231).
3353 1969 3588 2040 Κλήμης

2018 2063 2156 2135 ἀνὴρ
2191 2063 2472 2133 ἐλλόγιμος
2517 2063 2608 2115 καὶ
2653 2061 2988 2132 πολυμαθὴς,
3020 2062 3113 2114 καὶ
3149 2061 3590 2132 ἀναγνωσμάτων

2019 2152 2312 2224 ἐλληνικῶν
2375 2151 2907 2222 πολυπραγμονήσας
2973 2150 3153 2220 βάθος.
3215 2148 3398 2219 Neque
3458 2165 3591 2204 vero

2018 2244 2180 2298 etiam
2211 2243 2304 2312 qui
2345 2243 2400 2296 in
2450 2242 2764 2296 oratoribus
2813 2251 3061 2296 versatus
3088 2249 3192 2305 est,
3237 2248 3291 2294 et
3343 2255 3591 2294 summos

2021 2337 2267 2390 rhetores
2312 2334 2540 2400 audivit,
2578 2335 2654 2388 uti
2705 2332 3026 2388 Theodorus
3065 2332 3372 2396 Libanium,
3407 2331 3590 2386 statim

2018 2427 2279 2495 eloquens
2307 2424 2654 2494 disertusque
2684 2423 2872 2478 evasit.
2905 2421 3014 2477 Nec
3036 2422 3180 2478 cnim
3207 2423 3299 2477 ille
3335 2431 3589 2476 naturam

2021 2518 2088 2572 ad
2110 2518 2162 2571 id
2195 2515 2656 2570 accommodatam
2686 2515 2898 2577 habuit,
2935 2529 3111 2584 neque
3147 2530 3324 2584 operae
3357 2514 3590 2582 pretium

2020 2611 2176 2664 duxit
2205 2624 2323 2663 eam
2357 2617 2476 2662 arte
2505 2609 2716 2671 limare,
2745 2615 2805 2660 ut
2835 2606 2889 2659 in
2914 2607 3030 2660 suis
3058 2605 3166 2659 illis
3200 2603 3590 2662 monumentis,

2020 2715 2142 2770 quae
2181 2699 2439 2762 vidimus,
2485 2697 2646 2767 plane
2695 2696 2960 2750 declarat.
2995 2693 3251 2764 Legimus
3290 2709 3420 2747 vero
3445 2709 3596 2762 qua:-

2020 2789 2144 2841 dam
2163 2788 2504 2842 diversorum
2534 2785 2652 2854 ejus
2681 2799 2902 2854 operum
2925 2782 3372 2853 ἀποσπασμάτια,
3392 2783 3598 2851 aliquot

2021 2878 2359 2947 psalmorum
2398 2876 2797 2941 cnarrationes,
2837 2882 2891 2929 et
2942 2875 3180 2944 integros
3229 2877 3286 2927 in
3315 2874 3596 2942 prophetas

2022 2969 2249 3022 minores
2272 2967 2865 3036 commentarios,quos
2885 2965 2989 3020 nisi
3013 2964 3249 3020 Savilius
3270 2965 3321 3018 in
3343 2972 3596 3036 promptu

426 3054 725 3123 Epistolam
752 3056 819 3108 ad
840 3055 1102 3111 Joannem
1125 3057 1582 3128 Clirysostomum,
1612 3076 1718 3130 qua
1742 3062 1915 3133 Chry-
1945 3069 1989 3129 α
2023 3061 2239 3125 habeat,
2267 3060 2518 3114 consulat
2552 3059 2605 3113 in
2636 3059 2819 3113 citatis
2853 3058 2988 3112 locis
3012 3056 3289 3122 Photium,
3321 3057 3414 3127 qui
3449 3057 3600 3126 ejus-

357 3147 705 3202 sostomianaa
740 3149 1032 3219 respondet
1068 3158 1187 3218 post
1215 3152 1444 3220 lapsum.
1472 3150 1625 3218 Quod
1657 3169 1780 3207 cum
1813 3170 1922 3208 non

359 3237 756 3294 intellexissent
808 3241 1192 3310 epitomatores
1229 3245 1546 3300 Gesneriaui
1606 3255 1918 3301 verterunt:

359 3329 727 3396 Antigramma
759 3340 945 3383 contra
976 3329 1234 3385 Joannem
1285 3331 1735 3403 Citrgsostomum.
1768 3339 1920 3391 Inve-

359 3421 619 3491 niturque
656 3437 761 3477 ms.
797 3424 997 3492 passim
1038 3425 1091 3478 in
1124 3424 1472 3480 bibliothecis
1507 3424 1671 3481 Italiae
1697 3430 1798 3481 sub
1821 3427 1926 3481 hoc

358 3513 519 3566 titulo
549 3530 564 3567 :
599 3513 873 3584 Θεοδώρου
919 3513 1010 3569 τοῦ
1049 3516 1369 3579 ἐκπεσόντος
1407 3517 1759 3588 ἀντίγραμμα
1791 3515 1928 3588 πρὸς

360 3602 451 3657 τὸν
478 3603 536 3654 ἐν
560 3603 734 3671 ἁγίοις
764 3604 975 3675 πατέρα
1006 3605 1163 3676 ἡμῶν
1207 3605 1460 3676 Ἰωάννην
1497 3607 1586 3659 τὸν
1621 3604 1926 3677 Χρυσόστο-

363 3711 493 3765 μον·
525 3695 776 3749 Theodori
815 3697 954 3764 lapsi
995 3697 1260 3764 responsio
1292 3698 1360 3750 ad
1402 3697 1608 3751 litteras
1641 3697 1700 3752 S.
1735 3697 1803 3752 P.
1849 3699 1926 3756 Ν.

359 3783 587 3839 Joannis
621 3785 1002 3854 Chrysostomi.
1043 3785 1124 3850 Ρη
1150 3787 1387 3840 Πάντοτε
1415 3789 1463 3841 οἱ
1498 3790 1554 3841 ὲν
1605 3790 1800 3853 εὐδίοις
1847 3792 1928 3844 λι-

365 3876 490 3944 μέσι
515 3875 882 3946 κομιζόμενοι.
919 3876 987 3930 Ει
1017 3891 1151 3932 sane
1191 3878 1593 3936 inconsiderate
1633 3881 1932 3952 loquuntur

363 3967 457 4035 qui
490 3967 698 4034 lapsum
731 3967 878 4021 hunc
911 3983 940 4020 a
992 3967 1277 4021 Theodoro
1310 3969 1691 4037 Mopsuesteno
1742 3973 1932 4028 distin-

363 4067 555 4127 guunt.
592 4072 714 4112 cum
751 4073 895 4112 unus
945 4057 1197 4127 idemque
1249 4059 1340 4122 sit,
1381 4069 1434 4114 et
1482 4062 1668 4132 lapsus
1717 4065 1838 4129 iste,
1878 4076 1930 4121 et

366 4149 688 4204 Theodorus
737 4149 1174 4218 Mopsuestenus,
1215 4165 1426 4206 necnon
1475 4152 1792 4210 Theodorus
1824 4157 1934 4212 Au-

2025 3155 2146 3209 dem
2179 3152 2381 3222 aliquot
2422 3165 2586 3221 opera
2617 3149 2765 3220 legit,
2800 3158 2962 3218 atque
2991 3149 3065 3202 ita
3113 3149 3326 3204 censuit
3357 3165 3370 3201 :
3402 3148 3512 3218 Τὴν
3538 3148 3600 3200 δὲ

2026 3243 2224 3315 φράσιν
2267 3242 2388 3295 οὐδὲ
2419 3240 2692 3312 λαμπρὸς,
2723 3239 2843 3292 οὐδὲ
2894 3239 3013 3291 λίαν
3052 3239 3258 3310 σαφήςο
3287 3238 3604 3306 ταὺτολογεῖ

2024 3335 2081 3387 δὲ
2131 3333 2201 3386 τὰ
2243 3333 2490 3391 πλεῖστα,
2527 3332 2620 3384 καὶ
2664 3329 2858 3400 ἄχαρίς
2912 3346 3049 3394 πως,
3099 3329 3193 3382 καὶ
3245 3330 3415 3399 ἀηδὴς
3459 3325 3601 3382 εἶναι

2024 3425 2173 3478 δοκεί
2191 3441 2203 3454 ·
2237 3421 2422 3491 Stylus
2449 3422 2529 3476 illi
2560 3437 2721 3491 neque
2748 3419 2961 3486 nobilis,
2991 3436 3151 3488 neque
3173 3419 3454 3472 admodum
3481 3433 3603 3485 per-

2027 3519 2237 3586 spicuus
2291 3525 2391 3570 est.
2443 3513 2647 3569 Eadem
2691 3512 2974 3567 identidem
3025 3512 3231 3580 repetit,
3265 3519 3315 3564 et
3361 3511 3602 3580 ingratus

2029 3619 2184 3680 atque
2206 3608 2454 3663 molestus
2482 3605 2767 3676 legentibus
2789 3603 3003 3657 accidit.
3030 3601 3096 3656 Et
3119 3603 3247 3656 alibi
3271 3601 3414 3670 (cod.
3439 3601 3563 3672 17⁸7)
3587 3620 3602 3656 :

2041 3699 2282 3769 Ἀσαφὴς
2313 3698 2370 3750 δέ
2402 3698 2539 3762 ἐστι,
2567 3695 2661 3748 καί
2688 3711 2770 3746 τοι
2803 3693 2946 3759 λέξει
2985 3694 3046 3746 οὐ
3078 3692 3356 3763 ξενιζούσῃ
3387 3691 3607 3764 χρώμε-

2028 3804 2137 3850 νος,
2175 3785 2311 3840 ἀλλὰ
2340 3785 2416 3855 τῷ
2451 3781 2806 3853 σχοινοτενέσι
2840 3781 3074 3852 χρῆσθαι
3101 3783 3166 3834 ὲκ
3209 3780 3302 3834 τοῦ
3330 3781 3424 3834 ἐπὶ
3451 3781 3604 3833 πλεῖ-

2032 3894 2154 3931 στον
2187 3875 2454 3944 περιόδοις
2499 3874 2591 3927 καὶ
2640 3872 3010 3943 παρεμϐολαῖς
3057 3872 3502 3942 ἀλλεπαλλήλοις,
3535 3871 3607 3924 δι’

2030 3962 2104 4022 ὧν
2131 3968 2226 4021 καὶ
2254 3968 2334 4031 εἰς
2363 3967 2621 4038 μήκιστον
2649 3966 2678 4017 ὁ
2705 3964 2829 4028 νοῦς
2866 3965 3208 4018 ἀποτείνεται
3240 3964 3346 4017 τῶν
3379 3981 3609 4036 προκει-

2037 4060 2235 4131 μένων,
2263 4057 2341 4128 τῷ
2363 4075 2420 4110 τε
2449 4057 2554 4109 τῶν
2596 4057 2872 4128 ὀνομάτων
2904 4058 3024 4118 ταῖς
3062 4055 3316 4123 πλαγίαις
3350 4055 3444 4108 καὶ
3487 4057 3610 4118 ταῖς

2037 4151 2348 4221 μετοχικαῖς
2376 4147 2552 4214 λέξεσι
2595 4147 2929 4210 πλεονάζειν,
2961 4145 3028 4199 τὰ
3067 4145 3206 4199 αὐτά
3236 4162 3296 4197 τε
3326 4144 3608 4210 πολλάκις,

366 4241 674 4305 tiochenus,
708 4241 852 4310 quod
885 4242 1130 4311 plerique
1178 4256 1300 4296 cum
1331 4259 1440 4298 non
1473 4254 1658 4301 essent
1692 4248 1924 4305 subodo-

2035 4243 2129 4296 καὶ
2157 4240 2288 4311 μηδὲ
2328 4240 2424 4293 σὺν
2456 4239 2644 4308 κόσμῳ
2676 4234 3092 4298 ὲπανακυκλεῖν,
3136 4235 3230 4288 καλ⁹
3267 4234 3367 4297 τὰς
3407 4235 3612 4287 ἐπανα-

365 4335 492 4397 rati,
541 4332 822 4389 diversum
873 4332 1072 4390 fecere.
1130 4333 1196 4387 Ει
1223 4335 1290 4389 de
1343 4336 1429 4392 his
1479 4339 1768 4406 postremis
1800 4341 1924 4397 satis

2035 4334 2224 4404 λήψεις
2253 4331 2413 4384 πλέον
2450 4328 2558 4382 τῶν
2586 4328 2908 4398 διηγήσεων,
2939 4328 3073 4397 ὅπερ
3119 4325 3381 4396 ἀμέθοδον
3407 4342 3610 4378 παντε-

365 4426 690 4496 abundeque
718 4441 841 4482 esse
884 4427 1101 4482 videtur
1137 4428 1451 4503 conjectura
1489 4439 1543 4485 et
1586 4432 1827 4501 su5picio
1853 4433 1924 4487 in-

2038 4423 2145 4486 λῶς
2166 4425 2283 4486 ταῖς
2330 4419 2681 4490 περιστάσεσι
2722 4416 3122 4488 μεμεστῶσθαι,
3155 4417 3250 4469 καὶ
3289 4419 3402 4480 τοῖς
3449 4413 3610 4468 τοιού-

366 4524 452 4570 ter
479 4517 616 4572 alios
649 4515 850 4572 Photii.
887 4517 1186 4587 Epistolam
1219 4518 1456 4577 Savilius
1493 4522 1546 4576 in
1580 4523 1924 4592 appendicem

2032 4534 2144 4580 τοις
2184 4515 2283 4568 οὐκ
2313 4513 2483 4582 ὀλίγοι
2521 4511 2682 4580 ζόφον
2710 4510 2818 4564 τῶν
2845 4509 3005 4563 αὑτοῦ
3037 4509 3485 4581 συγγραμμάτων
3517 4525 3617 4560 κα-

367 4605 436 4659 ad
478 4621 644 4676 opera
698 4608 1073 4678 Cbrysostomi
1125 4609 1326 4672 retulit,
1386 4624 1621 4679 namque
1671 4616 1738 4665 ad
1791 4613 1936 4666 illam
2033 4604 2380 4669 τασκεδάζειο
2416 4604 2533 4659 Etsi
2564 4612 2735 4657 autem
2775 4601 3093 4656 dictionibus
3133 4611 3316 4655 utatur
3349 4618 3450 4655 non
3495 4602 3619 4654 inu-

368 4695 642 4763 pertinent
667 4697 775 4749 duo
807 4697 972 4752 libelli
1001 4697 1467 4767 Chrysostomiani
1519 4697 1674 4764 Πρὸς
1701 4698 1808 4752 τὸν
1840 4699 1940 4753 ἐκ·
2037 4701 2235 4765 sitatis,
2273 4698 2526 4753 obscurus
2562 4707 2736 4750 tamen
2771 4703 2849 4749 est
2876 4711 2894 4748 :
2927 4704 3036 4747 tum
3075 4693 3201 4763 quia
3230 4702 3287 4746 ut
3323 4692 3614 4762 plurimum

368 4785 639 4839 πεσόντα
694 4787 801 4841 τοῦ
845 4787 1129 4855 ἐναρέτου
1174 4789 1338 4852 βίου.
1390 4787 1508 4842 Νοη
1569 4797 1748 4858 potest
1798 4806 1937 4855 esse,

370 4876 549 4946 inquit
597 4878 805 4946 rigidus
838 4893 901 4931 ac
944 4881 1172 4934 tetricus
1222 4894 1439 4943 censor,
1473 4879 1743 4935 Theodori
1787 4880 1942 4952 frigi-

371 4970 500 5023 dum
524 4969 626 5023 hoc
647 4971 886 5040 ineptum
909 4978 962 5025 et
979 4986 1115 5040 pene
1139 4971 1428 5024 ridiculum
1454 4971 1755 5042 σύνταγμα,
1780 4990 1939 5043 quem

372 5059 712 5115 Sozomenus
747 5061 1072 5132 πολυῖστορα
1116 5061 1306 5126 fuisse,
1338 5070 1394 5118 et
1432 5063 1748 5120 liberalibus
1773 5065 1941 5120 disci-

371 5153 536 5220 plinis
564 5154 838 5206 excultum
869 5153 1139 5207 tradit.At
1171 5154 1330 5223 plane
1352 5154 1639 5209 ridiculum
1660 5169 1766 5210 non
1797 5170 1941 5221 esse,

373 5244 532 5298 ﬂetus
571 5245 688 5314 ipse
727 5252 782 5298 et
833 5245 1086 5316 lacrymae
1132 5247 1334 5316 quibus
1385 5248 1588 5318 ubique
1622 5249 1941 5315 inundatur,

374 5352 486 5391 non
518 5338 743 5407 patitur.
771 5336 962 5393 Potius
988 5337 1254 5394 ridiculus
1279 5348 1363 5395 est
1393 5339 1652 5408 Savilius,
1683 5351 1742 5398 ut
1768 5342 1946 5398 aiebat

446 5494 524 5565 (a)
559 5493 769 5565 Reapse
791 5512 857 5552 ex
885 5504 1079 5551 catena
1110 5497 1163 5550 in
1190 5494 1388 5550 Lucam
1418 5496 1624 5553 codicis
1655 5496 1772 5553 Pal.
1815 5497 1934 5554 Vat.

375 5561 699 5637 XX,'ed_idi't
745 5575 902 5621 aetate
941 5573 1134 5637 nostra
1170 5581 1267 5620 sex
1307 5581 1428 5637 qua
1461 5567 1534 5637 ibi
1570 5576 1727 5621 erant
1775 5568 1941 5637 hujus

377 5636 558 5706 operis
587 5633 889 5706 fragmenta
906 5638 990 5692 vir
1005 5636 1298 5706 perdoctus
1321 5634 1361 5689 F
1364 5636 1448 5692 ed.
1474 5635 1781 5692 Muenterus
1806 5633 1942 5706 prte-

378 5705 464 5758 θυι
498 5702 828 5761 Hal‘niensis.

453 5772 527 5842 (b)
571 5771 688 5830 Duo
716 5789 816 5831 nos
843 5773 1143 5844 fragmenta
1174 5775 1503 5845 protulimus
1535 5775 1589 5830 in
1618 5775 1813 5844 Script.
1845 5789 1945 5833 vet.

2039 4791 2317 4846 immodice
2346 4790 2584 4858 prolixus
2619 4787 2770 4840 habet
2805 4787 3068 4854 periodos,
3103 4794 3152 4839 et
3186 4786 3616 4855 interpositiones

2045 4885 2279 4948 crebras,
2308 4897 2398 4952 per
2443 4897 2576 4951 quas
2627 4881 2790 4934 etiam
2819 4895 3002 4933 sensus
3036 4895 3195 4948 quam
3243 4877 3547 4948 longissime
3580 4895 3617 4931 α

2048 4994 2102 5031 re
2133 4976 2401 5045 proposita
2428 4971 2652 5035 recedit;
2684 4980 2793 5022 tum
2829 4971 2991 5023 etiam
3020 4971 3146 5039 quia
3179 4969 3451 5023 nominum
3479 4967 3620 5022 obli-

2046 5067 2163 5136 quis
2187 5081 2248 5118 ac
2272 5061 2562 5132 participiis
2587 5058 2867 5122 redundat,
2890 5067 2939 5111 et
2964 5075 3045 5112 res
3061 5057 3270 5112 easdem
3296 5057 3615 5128 frequenter,

2047 5173 2208 5226 neque
2239 5155 2294 5208 id
2327 5155 2458 5208 satis
2486 5160 2688 5214 ornate,
2721 5149 2879 5204 volvit
2901 5165 2962 5203 ac
2985 5149 3221 5214 revolvit,
3253 5159 3364 5202 tum
3395 5148 3620 5216 denique

2049 5252 2174 5322 quia
2185 5248 2512 5318 repetitiones
2525 5246 2668 5300 illius
2683 5243 3107 5315 pluribus,quam
3119 5243 3451 5296 narrationes
3465 5242 3616 5311 ἔρδω,

2051 5341 2189 5414 quod
2209 5341 2418 5396 omnino
2433 5338 2546 5392 sine
2559 5335 2796 5390 metltodo
2815 5337 2898 5405 ﬁt,
2919 5350 3094 5388 rerum
3115 5332 3382 5404 adjunctis
3408 5331 3620 5400 referta:

2045 5489 2562 5564 tomoV|I.P-__69:_
2628 5556 2658 5564 _
2775 5557 2787 5564 _
2999 5563 3005 5564 ,
3202 5553 3215 5564 .
3434 5550 3450 5564 .
3523 5550 3560 5564 -.

2221 5550 2374 5639 Gell;
2401 5561 2464 5625 V,
2502 5561 2588 5615 tt.
2625 5556 2884 5639 sequitur
2918 5563 3097 5639 autem
3127 5550 3624 5639 vulgaremdectip:

2049 5621 2459 5696 nein'Allatius,
2517 5645 2616 5701 pro
2646 5621 2984 5697 Plistonices,
3037 5633 3098 5682 ut
3130 5621 3279 5683 nunc
3319 5622 3520 5696 legitur
3561 5621 3621 5677 in

2050 5707 2208 5767 Gellii
2244 5710 2520 5764 contextu.
