3804 6222
191 168 270 226 97

1408 168 1730 225 DIA'IRIBA
1769 171 1858 226 DE
1895 171 2305 232 THEODORIS.

3378 183 3453 241 98

188 288 349 343 sunt,
380 288 535 348 atque
571 278 633 332 ob
664 277 971 346 lmjusmodi
997 295 1188 333 causas
1223 295 1327 334 non
1374 296 1564 348 parum
1587 280 1773 335 obscu-
1803 289 1849 343 Λ
1879 291 1993 346 nat,
2016 285 2108 339 sed
2131 288 2294 339 etiam
2326 284 2551 342 fratrem
2582 286 2861 357 appellat?
2897 285 3114 344 Patrem
3146 304 3257 345 non
3284 291 3450 362 longo

184 368 383 424 ritatis
412 370 623 437 scriptis
650 369 764 437 ejus
798 370 1050 439 aspergit.
1085 369 1143 424 Si
1175 371 1277 426 hoc
1307 372 1472 441 igitur
1493 380 1575 426 est
1606 372 1776 425 Theo-

186 458 327 513 dori
374 459 591 515 dicendi
641 476 832 530 genus,
869 463 982 515 haec
1013 461 1080 516 de
1120 477 1226 533 qua
1264 464 1475 533 agimus
1524 462 1771 532 epistola,

188 548 483 618 ipsissima
517 549 787 606 Theodori
808 562 891 607 est
926 552 1026 623 (a).

266 681 462 754 Pergit
500 683 738 741 Savilius
768 684 991 755 :Neque
1037 687 1775 757 cujusquam,utopinor,il-

186 772 309 827 lius
338 772 516 828 aetatis
550 790 673 829 esse
704 782 882 843 potest
930 776 1034 830 hoc
1073 776 1376 847 σύνταγμα,
1408 792 1531 831 cum
1560 786 1613 831 et
1646 786 1776 835 tunc

185 870 247 914 et
280 862 494 931 aliquot
522 874 641 933 post
665 865 1270 935 saaculisChrysostomi
1299 881 1602 937 cognomen
1628 868 1777 937 igno-

186 958 319 1004 tum
357 952 529 1006 fuisse
570 952 847 1019 videatur,
906 964 965 1008 ut
1007 970 1072 1009 ex
1119 956 1355 1027 Georgio
1400 958 1775 1015 Alexandrino

184 1041 291 1109 qui
338 1049 459 1110 post
492 1042 760 1098 ducentos
805 1044 1088 1099 minimum
1125 1060 1300 1102 annos
1333 1048 1486 1113 vixit,
1525 1057 1775 1105 constare

188 1141 405 1201 potest.
440 1134 554 1199 Qua
601 1142 760 1191 aetate
797 1138 1042 1191 auditum
1067 1142 1138 1193 sit
1158 1139 1771 1211 nomenChrysostonti,

189 1222 386 1279 fusius
409 1226 536 1281 alibi
564 1227 823 1291 diximus,
860 1228 1044 1283 subdit
1075 1230 1435 1294 Alamannus,
1470 1240 1528 1284 ut
1559 1231 1649 1286 hic
1688 1249 1773 1287 re-

187 1323 389 1383 petere
431 1332 569 1386 opus
603 1332 711 1372 non
753 1319 846 1373 sit.
876 1320 1142 1375 Addimus
1180 1320 1250 1375 ad
1289 1322 1381 1375 illa
1406 1323 1569 1378 modo
1605 1325 1721 1379 haec
1756 1343 1769 1379 :

186 1403 355 1459 Licet
384 1406 806 1477 Chrysostomus
840 1416 1130 1479 antequam
1171 1409 1226 1463 in
1267 1412 1623 1468 solitudinem
1675 1428 1771 1468 ve-

185 1500 363 1563 niret,
396 1514 537 1568 saepe
575 1516 686 1554 sure
718 1501 1045 1571 eloquentiae
1077 1503 1357 1572 specimen
1399 1506 1655 1570 ediderit,
1714 1514 1774 1561 ut

185 1589 246 1641 in
288 1588 384 1642 illa
438 1589 512 1642 De
563 1587 929 1643 Valentiniano
980 1593 1303 1658 imperatore
1339 1594 1552 1663 ejusque
1596 1596 1772 1650 liberis
1805 1606 1847 1660 Β

184 1679 469 1743 oratione,
500 1695 662 1752 quam
686 1679 950 1736 Libanius
971 1689 1054 1737 est
1085 1682 1409 1750 admiratus,
1436 1694 1615 1739 tamen
1642 1702 1769 1754 pro-

183 1769 323 1835 pius
355 1769 419 1822 ad
450 1769 733 1823 veritatem
769 1768 1002 1834 accedit,
1035 1778 1096 1825 ut
1128 1773 1474 1841 postmodum
1514 1774 1607 1827 illa
1629 1775 1771 1825 ἐπω-

182 1859 365 1927 νυμία
380 1858 503 1912 data
531 1857 918 1927 Chrysostomo
953 1860 1044 1913 sit.
1077 1858 1142 1913 Et
1167 1861 1341 1930 primo
1372 1861 1456 1915 vel
1488 1863 1557 1917 ab
1579 1863 1768 1916 Antin-

184 1950 414 2011 chenis,
439 1958 496 2003 ut
518 1948 914 2017 Metaphrastes
937 1949 1035 2012 ait,
1074 1950 1161 2004 vel
1189 1964 1219 2002 a
1242 1949 1563 2020 Byzantinis
1591 1951 1767 2005 eidem

182 2039 574 2099 concionanti,
614 2047 724 2093 tam
758 2038 1057 2093 honoriﬁce
1085 2040 1155 2094 sit
1180 2042 1561 2095 acclamatum.
1587 2041 1769 2095 Theo-

185 2132 367 2185 dorus
402 2146 529 2184 vero
552 2129 773 2198 scripsit
807 2127 873 2181 ad
910 2128 1361 2201 Chrysostomum
1406 2131 1534 2185 dum
1589 2132 1768 2186 adhuc

185 2224 244 2276 in
278 2221 583 2277 solitudine
630 2229 966 2276 versaretur.
1039 2222 1224 2276 Codex
1279 2238 1410 2277 vero
1470 2224 1768 2277 Vaticanus

185 2311 429 2375 DLXVI,
480 2328 543 2366 ex
590 2328 699 2380 quo
738 2313 978 2368 Savilius
1022 2313 1355 2383 descriptam
1401 2313 1594 2368 habuit
1626 2315 1768 2369 hanc

183 2402 470 2459 Theodori
502 2403 816 2472 epistolam,
875 2405 1239 2474 perantiquus
1278 2412 1382 2468 est,
1418 2406 1512 2461 sed
1570 2421 1766 2462 nomen

182 2498 567 2567 Chrysostomi
628 2496 849 2550 admisit
913 2512 976 2550 ex
1039 2496 1320 2564 margine;
1378 2510 1500 2549 nam
1550 2496 1767 2551 codices

182 2587 431 2647 DLXIX,
487 2600 541 2641 et
578 2584 912 2649 MCCCCLV,
964 2602 1083 2640 eaut
1138 2585 1484 2655 παρενθήκην
1525 2602 1633 2640 non
1667 2586 1765 2640 ha-

184 2679 345 2732 bent.
382 2678 485 2743 Qui
528 2678 687 2732 sicuti
742 2676 970 2731 Joannis
1005 2675 1289 2745 ὲπωνυμίᾳ
1338 2691 1445 2729 non
1497 2675 1762 2739 officiunt,

183 2769 273 2823 sic
326 2770 422 2823 ille
475 2769 622 2839 prior
658 2766 863 2821 Savilio
915 2765 1049 2819 nihil
1110 2765 1269 2834 plane
1308 2764 1636 2836 salit-agatur
1698 2767 1764 2820 ad

185 2858 470 2913 Theodori
502 2856 786 2928 epistolam
822 2856 1123 2924 impostura
1161 2853 1481 2907 notandam.

258 2997 442 3048 Aliam
501 2995 859 3063 imposturam
915 2990 1195 3043 observat.
1249 2986 1410 3039 Circa
1444 2985 1631 3049 linem,
1680 2988 1766 3040 in-

188 3091 337 3160 quit,
371 3086 660 3156 compellat
686 3084 1138 3153 Chrysostomum
1172 3091 1395 3148 patrem,
1420 3089 1767 3146 cumtamen,

189 3181 298 3235 nisi
351 3177 537 3240 fallor,
589 3175 809 3244 juvenis
851 3174 1275 3244 Chrysostomus
1327 3172 1393 3225 ad
1421 3170 1767 3227 Theodorum

189 3271 316 3325 sine
367 3268 517 3322 lubio
547 3266 827 3335 juvenem,
861 3273 920 3316 ut
950 3263 1043 3331 qui
1090 3260 1328 3316 nondum
1377 3264 1633 3331 attigerat
1676 3277 1768 3316 an-

189 3378 324 3414 num
359 3358 539 3413 aetatis
563 3372 674 3411 sua:
707 3356 1047 3413 vicesimum,
1110 3352 1418 3420 scripserit.
1472 3350 1564 3406 Sic
1618 3354 1763 3406 enim

189 3451 483 3521 compellat
513 3447 831 3502 Theodorus
862 3464 874 3497 :
900 3443 1287 3511 Θεοφιλέστατε
1316 3441 1510 3509 ἁδελφὲ
1538 3442 1633 3495 καὶ
1659 3443 1763 3495 πά-

186 3559 286 3614 τερ
306 3559 320 3571 ·
350 3542 445 3594 καὶ
472 3539 579 3608 γὰρ
607 3537 681 3600 ὡς
709 3536 920 3606 πατέρα
945 3533 1363 3603 ἐπιγράφεσθαι,
1395 3533 1486 3584 καὶ
1514 3533 1589 3594 ὡς
1615 3532 1767 3585 ἀδελ-

190 3632 277 3702 φῷ
310 3632 383 3684 τὰ
410 3629 672 3700 πρεσϐεῖα
704 3626 903 3689 δοῦναι,
935 3625 1184 3677 οὐδέποτε
1216 3621 1579 3692 ἀμφέϐαλλον.
1612 3621 1676 3675 Et
1699 3624 1765 3676 dc

188 3724 392 3783 sodali,
432 3730 484 3775 et
516 3729 773 3774 coetaneo
804 3733 904 3771 suo
935 3716 1195 3769 Libanius
1229 3715 1281 3767 iu
1315 3714 1454 3768 libro
1490 3713 1628 3780 Περὶ
1654 3712 1765 3780 τῆς

188 3812 411 3867 ἑαυτοῦ
449 3811 637 3875 τύχης
693 3809 774 3862 sic
817 3806 1024 3859 habet:
1060 3804 1344 3874 Κρισπίνῳ
1392 3803 1536 3872 μάλα
1592 3802 1764 3872 ἐχρώ-

193 3921 297 3972 μην
320 3898 968 3970 Ἠρακλεώτῃνεανίσκῳ,
985 3896 1041 3958 ὃς
1071 3893 1359 3965 ἡλικιώτης
1382 3892 1456 3945 ὢν
1478 3892 1626 3963 ἐμὸς,
1659 3909 1762 3944 πα⁶

190 3996 326 4064 τέρα
357 4009 423 4061 με
450 3990 587 4059 ᾣετο
618 3988 909 4058 προσορᾷν,
933 3988 1042 4047 τοῖς
1071 3986 1224 4053 ὲμοῖς
1251 3984 1435 4052 νόμοις
1468 3984 1525 4034 ὲν
1554 3981 1760 4051 μείζοσι

190 4088 285 4139 καὶ
317 4084 559 4137 ἐλάττοσι
588 4079 924 4148 πειθόμενος.
966 4074 1106 4139 Quid
1126 4089 1255 4143 ergo
1286 4074 1482 4125 mirum
1516 4074 1558 4124 si
1584 4071 1761 4126 Theo-

188 4178 361 4231 dorus
390 4175 839 4243 Chrysostamum
886 4182 994 4221 non
1041 4166 1293 4219 absolute
1340 4173 1540 4232 patrem
1579 4163 1758 4218 nomi-

1874 377 2049 429 aetatis
2110 391 2422 445 progressu.
2472 376 2567 433 sed
2628 378 2964 445 maturitate,
3014 381 3329 451 prudentia,
3392 392 3449 437 et

1876 467 2142 532 consilio;
2193 482 2372 537 neque
2444 470 2591 524 enim
2647 470 2815 525 semel
2867 478 3052 541 partes
3107 471 3218 541 egit
3277 473 3450 541 patris

1874 558 2015 627 apud
2072 557 2414 613 Theodorum
2467 559 2905 631 Chrysostomus,
2952 572 3005 616 et
3063 576 3187 616 cum
3252 563 3319 616 ad
3367 564 3452 616 vi-

1873 656 1940 703 tae
1995 651 2310 705 monastica:
2357 651 2669 706 institutum
2715 652 3126 722 suscipiendum
3160 653 3366 716 allexit,
3387 660 3449 709 ut

1875 746 2103 793 narrant
2138 737 2393 795 Socrates
2423 750 2478 795 et
2523 741 2879 807 Sozomenus,
2917 750 3122 796 etcum
3154 744 3316 798 ambo
3350 743 3450 797 ad.

1876 830 1983 884 huc
2016 831 2167 900 pueri
2204 830 2488 886 Libanium
2532 831 2757 887 Athenis
2807 832 3123 897 audiebant,
3149 832 3311 903 ἡνίκα
3364 850 3446 886 σοι

1876 920 2044 974 πολλὰ
2069 922 2344 992 παρῄνουν
2372 923 2451 984 εἰς
2478 924 2703 992 μουσεῖα
2731 924 3004 993 φοιτῶντι.
3045 922 3202 989 Cum,
3244 924 3444 993 inquit,

1874 1011 2046 1064 multa
2081 1019 2129 1064 te
2165 1012 2509 1066 admonebant
2542 1014 2596 1066 in
2632 1013 2812 1067 ludum
2835 1014 3151 1069 litterarium
3181 1015 3444 1068 ventitan-

1876 1110 1996 1155 tem.
2042 1099 2214 1170 Hujus
2248 1117 2377 1156 vero
2422 1103 2641 1173 generis
2667 1104 3057 1171 admonitores,
3108 1106 3203 1176 qui
3244 1108 3330 1161 vel
3373 1107 3443 1160 ad

1875 1194 2155 1248 meliorem
2209 1192 2420 1263 frugem
2457 1196 2592 1250 alios
2638 1204 2987 1261 revocarent,
3034 1198 3119 1252 vel
3155 1198 3439 1269 religionis

1873 1283 2124 1342 doctrina
2164 1285 2468 1347 erudirent,
2527 1286 2743 1341 etiamsi
2794 1287 2920 1341 laici
2970 1287 3181 1342 ordinis
3231 1296 3441 1354 essent,

1874 1382 2060 1445 patres
2100 1383 2327 1432 vocatos
2374 1392 2538 1433 nemo
2581 1378 2835 1433 eruditus
2883 1380 3116 1449 ignorat.
3167 1379 3441 1435 Caesarius

1874 1465 2123 1535 Gregorii
2156 1465 2486 1521 Nazianzeni
2523 1467 2865 1534 frater,licet
2894 1469 3145 1524 instituto
3168 1470 3439 1533 medicus,

1875 1562 1930 1609 et
1957 1554 2132 1610 ollicio
2161 1565 2421 1624 quaestor,
2454 1556 2521 1611 ab
2551 1557 2745 1612 amicis
2784 1573 2923 1627 quos
2954 1559 3009 1612 in
3050 1558 3268 1628 dialogo
3304 1560 3441 1613 allo-

1875 1645 2063 1715 quitur
2098 1659 2241 1714 smpe
2277 1644 2460 1717 πατὴρ
2501 1645 2809 1713 φιλότεκνος
2859 1646 3148 1712 salutatur,
3184 1647 3439 1716 quoniam

1871 1744 1931 1788 ut
1960 1734 2215 1790 Clemens
2245 1736 2644 1791 Alexandrinus
2673 1736 2729 1790 in
2760 1738 2938 1806 primo
2974 1736 3305 1792 Stromatum
3340 1739 3438 1798 ait.

1871 1827 2067 1879 αὐτίκα
2100 1828 2339 1894 πατέρας
2387 1829 2511 1891 τοὺς
2547 1829 2965 1898 κατηχήσαντας
3005 1830 3206 1899 φαμέν,
3258 1830 3439 1882 statim

1870 1932 1956 1969 eos
1976 1924 2153 1982 patres
2200 1917 2551 1985 appellamus,
2589 1934 2619 1970 a
2654 1918 2842 1986 quibus
2865 1918 3110 1972 doctrina
3139 1918 3327 1972 imbuti
3350 1935 3440 1973 su—

1872 2022 2006 2059 mus.
2037 2006 2098 2058 Et
2140 2007 2252 2068 υἱὸς
2286 2008 2392 2069 πᾶς
2438 2008 2466 2059 ὁ
2507 2007 2913 2077 παιδευόμενος.
2941 2017 3001 2063 ιιι
3044 2009 3185 2063 idem
3228 2009 3435 2072 subdit,

1869 2095 2014 2161 [ilius
2042 2106 2117 2149 est
2143 2096 2432 2165 quicunque
2454 2098 2769 2160 instituitur,
2802 2098 2853 2150 id
2885 2105 2966 2152 est
2999 2099 3196 2153 merito
3225 2113 3438 2152 nuncu-

1869 2190 2047 2251 patur.
2088 2181 2351 2253 Origenes
2388 2184 2650 2253 Gregorio
2708 2183 3140 2241 Neocaesariensi
3192 2187 3437 2240 scribere

1869 2283 2252 2338 consueverat,
2297 2282 2355 2328 ut
2391 2283 2475 2329 est
2509 2276 2564 2329 in
2608 2275 2911 2329 Philocalia
2942 2291 3064 2345 cap.
3123 2278 3227 2331 l3:
3265 2279 3435 2347 Χαῖρε

1868 2366 1925 2416 ὲν
1953 2363 2090 2433 Θεῷ,
2132 2364 2285 2435 κύριέ
2322 2382 2423 2435 μου
2461 2366 2860 2430 σπουδαιότατε,
2916 2368 3009 2420 καὶ
3048 2366 3435 2438 αἰδεσιμώτατε

1868 2456 1952 2507 υἱὲ
1982 2455 2265 2524 Γρηγόριε,
2294 2456 2443 2527 παρὰ
2476 2456 2799 2527 Ὠριγένους.
2838 2455 3007 2512 Vocat
3054 2457 3270 2527 quidem
3337 2458 3437 2511 xti-

1872 2562 1985 2617 ριον
2021 2547 2092 2600 ob
2123 2548 2341 2615 generis
2373 2547 2736 2612 nobilitatem,
2797 2548 2910 2601 υἱόν
2936 2564 3067 2603 vero
3106 2548 3178 2603 ob
3213 2550 3435 2603 institu-

1868 2636 2098 2689 tionem.
2130 2634 2398 2691 Paulinus
2436 2636 2783 2692 Christianus
2842 2637 2917 2707 (b)
2955 2639 3203 2695 Ausonio
3243 2641 3432 2711 gentili

1868 2726 1941 2780 ita
1974 2727 2166 2782 scribit
2202 2743 2218 2780 :
3450 2749 3475 2768 ί

1976 2840 2129 2911 Hanc
2156 2857 2273 2893 cum
2312 2850 2483 2896 tenere
2510 2843 2785 2906 discimus,
2821 2860 3099 2911 possumus
3130 2845 3223 2899 tibi

2047 2909 2168 2963 Non
2205 2912 2464 2975 exhibere,
2512 2912 2566 2964 id
2594 2923 2671 2965 est
2709 2909 2872 2980 patri,

1974 2980 2073 3034 Cui
2094 2991 2283 3032 cuncta
2322 2990 2509 3034 sancta
2521 2981 2646 3048 jure
2678 2984 2843 3036 chara
2874 2986 3091 3039 nomina

2042 3048 2240 3102 Debere
2283 3065 2362 3102 me
2404 3050 2565 3103 voluit
2601 3050 2784 3106 Deus?

1978 3118 2094 3188 Tibi
2130 3117 2464 3185 disciplinas,
2496 3119 2828 3187 dignitatem,
2885 3123 3114 3188 litteras,

2042 3187 2283 3255 Linguaa,
2315 3197 2469 3255 togae,
2499 3188 2658 3256 fama:
2686 3191 2868 3250 decus,

1976 3257 2285 3327 Provectus,
2316 3258 2479 3319 altus,
2508 3259 2783 3312 institutus
2813 3260 2993 3327 debeo,

2042 3325 2292 3389 Patrone,
2335 3336 2639 3395 praeceptor,
2668 3338 2837 3396 pater.

1864 3442 2328 3521 Quemadmodum
2352 3444 2518 3496 παῖδα
2549 3442 2917 3508 Timotheum,
2950 3444 3017 3500 ad
3045 3461 3204 3515 quem
3228 3446 3430 3522 Diony-

1864 3535 1979 3587 sius
2008 3532 2352 3602 AreOpagita,
2385 3542 2562 3587 vocat.
2602 3535 2706 3589 Sed
2744 3535 3173 3605 Chrysostomus
3200 3540 3254 3594 in
3284 3544 3429 3597 exsi-

1866 3622 1996 3674 lium
2025 3621 2399 3689 proficiscens,
2433 3624 2698 3692 singulari
2728 3624 3013 3680 charitatis
3038 3626 3425 3696 declaratione,

1864 3728 2002 3783 quos
2029 3714 2193 3768 etiam
2234 3729 2327 3782 per
2350 3714 2704 3786 Evangelium
2725 3724 2989 3785 genuerat
3018 3716 3242 3773 Christo
3263 3721 3425 3786 filios,

1863 3811 2045 3873 patres
2073 3802 2206 3857 dicit
2236 3822 2249 3856 :
2293 3803 2387 3855 Ἓν
2416 3804 2575 3873 σῶμα
2598 3805 2785 3873 ἐσμεν,
2818 3806 2876 3857 οὐ
2909 3805 3067 3875 σῶμα
3082 3809 3340 3879 κεφαλῆς,
3363 3812 3428 3865 οὐ

1862 3892 2072 3962 κεφαλὴ
2103 3892 2352 3963 σώματος
2403 3896 2727 3964 χωρίζεται·
2765 3895 3110 3967 διειργόμεθα
3152 3898 3230 3968 τῷ
3254 3901 3424 3971 τόπῳ,

1860 3982 1973 4035 ἀλλ’
1992 3980 2258 4050 ὲνούμεθα
2289 3984 2356 4052 τῇ
2386 3982 2572 4052 ἀγάπῃ
2593 3999 2604 4011 ·
2644 3983 2764 4035 οὐδὲ
2798 3982 3027 4046 θάνατος
3055 3984 3307 4054 διακόψαι
3333 3989 3427 4040 δυ-

1861 4074 2111 4142 νήσεται.
2149 4071 2253 4125 κᾶν
2279 4073 2388 4141 γὰρ
2419 4072 2664 4143 ἀποθάνῃ
2696 4089 2795 4141 μου
2825 4072 2884 4125 τὸ
2906 4074 3084 4143 σῶμα,
3107 4074 3227 4146 ζῇὴ
3256 4077 3425 4149 ψυχὴ.

1861 4162 1955 4215 καὶ
1990 4161 2260 4232 μέμνηται
2291 4162 2384 4214 τοῦ
2417 4162 2585 4231 δήμου
2607 4178 2621 4193 ·
2662 4163 2819 4231 ὑμεῖς
2856 4163 2978 4233 ἐμοὶ
3011 4165 3267 4235 πατέρες.
3299 4168 3424 4231 Πῶς

258 4350 337 4417 (a)
370 4348 577 4402 Recusa
626 4346 726 4398 fuit
772 4343 886 4417 haec
922 4336 1191 4417 Theodori
1235 4336 1371 4417 lapsi
1416 4335 1648 4417 epistola
1690 4334 1743 4388 in
1778 4337 1822 4394 D
1850 4333 1961 4417 I'Ego
1990 4349 2119 4389 vero
2157 4336 2606 4417 observonetiam
2628 4338 2759 4417 illud
2790 4338 2845 4417 in_
2874 4339 3106 4417 epistola
3128 4341 3435 4417 recitatum-

191 4406 433 4486 Maurina
474 4413 849 4486 Chrysostomi
877 4411 1142 4486 _editione
1172 4418 1224 4486 ιι.
1264 4407 1303 4469 1,
1337 4422 1388 4486 p_.
1426 4406 1526 4486 80f
1568 4419 1744 4486 seqq.

188 4484 309 4540 .lam
348 4501 476 4540 vero
522 4475 981 4541 Montfaueouius,
1030 4493 1135 4547 qua
1172 4477 1417 4547 libertate
1450 4475 1605 4533 solet,
1660 4476 1745 4526 in-

190 4564 513 4610 cunctanter
554 4568 673 4608 eam
720 4559 778 4604 ut
802 4549 1022 4623 _ins_t_tl_si
1050 4546 1306 4623 Graeculi
1374 4550 1743 4623 commentum

192 4627 430 4686 damnat,
483 4632 645 4692 atque.
705 4623 761 4692 in
797 4618 983 4692 Savilii
1029 4614 1354 4671 sementiam
1414 4612 1642 4692 pedibus
1678 4612 1739 4692 it,

191 4703 304 4748 tum
352 4682 572 4763 propter
607 4690 754 4759 styli,
794 4696 868 4763 _ut
895 4689 996 4763 ait,
1042 4700 1233 4763 genus,
1268 4682 1492 4763 tumutib
1523 4682 1645 4734 illos
1690 4690 1743 4733 et

192 4751 548 4833 Chrys-ostenti
580 4770 633 4814 et
663 4751 832 4833 patris
852 4751 1089 4833 titulos,
1120 4754 1212 4833 qui
1238 4751 1476 4833 _Saviliq
1512 4764 1743 4817 scrupu-

193 4818 323 4886 lum"
339 4850 444 4886 non
482 4818 754 4885 immerito
790 4830 1117 4895 iniecerunt.
1138 4818 1289 4895 Nolo
1316 4818 1577 4895 equidem.
1610 4833 1740 4885 apo-

193 4902 384 4970 logiam
429 4902 591 4969 hujus
621 4898 809 4970 scripti
845 4886 1038 4970 'agere,
1085 4886 1380 4970 .sed_cert_e'
1407 4886 1741 4970 Monttlauco-

194 4956 313 5025 ttiiis
369 4972 414 5025 si
448 4956 586 5023 ha'nc
630 4956 1120 5040 ineditam'Allatii
1160 4960 1448 5040 diatribam
1488 4956 1733 5040 vidisset,

193 5042 375 5109 mitius
408 5040 639 5093 fortasse
675 5053 765 5109 ac_
789 5033 1142 5109 temperatius
1171 5028 1435 5109 judicium
1484 5027 1737 5109 protulis-

194 5120 291 5163 set.
317 5108 447 5161 Nam
482 5110 623 5177 quod
673 5095 953 5177 attinetad
983 5095 1341 5177 Chrysostomi
1390 5095 1732 5177 vocabulum,

192 5179 381 5245 prohat
416 5164 646 5231 Allatius
682 5190 806 5228 sero
834 5174 894 5245 id
928 5172 983 5225 in
1014 5164 1296 5245 codicibus
1328 5166 1578 5245 epistolas
1607 5164 1734 5217 huic

193 5234 359 5302 'fuisse
387 5247 632 5300 additum
660 5262 676 5310 ;
705 5243 870 5313 patris
897 5256 1027 5313 vero
1058 5239 1270 5292 titulum
1298 5235 1490 5313 morali
1515 5234 1730 5300 latoque

193 5324 396 5383 tantum
425 5331 590 5369 sensu
611 5311 733 5383 poni
762 5328 791 5383 a
823 5311 1129 5383 Theodoro,
1169 5311 1315 5383 patet
1348 5319 1415 5383 ex
1444 5311 1563 5370 ejus
1608 5317 1732 5383 ver-

194 5382 271 5439 bis
296 5388 439 5439 circa
464 5374 645 5449 liuenti,
678 5381 871 5448 ἀδελφὲ
909 5381 1000 5432 καὶ
1030 5374 1245 5450 nata_p,_
1259 5374 1425 5442 frater
1461 5388 1522 5424 ac
1558 5381 1726 5450 pater.

192 5450 319 5506 Nam
368 5440 690 5507 Theodorus
754 5440 961 5519 patrem
988 5440 1182 5519 simul"
1224 5440 1552 5519 fratremque
1598 5440 1730 5492 dicit

192 5520 652 5593 Chrysostomum,
694 5513 837 5590 quod
876 5518 949 5593 de
983 5517 1179 5593 juvene
1221 5526 1434 5581 quoque
1477 5513 1729 5593 beneme-

195 5579 337 5649 reut'e
361 5604 413 5650 et
472 5579 685 5648 amante
711 5579 849 5659 'apte
899 5579 1006 5642 dici
1056 5579 1252 5658 posse,
1272 5595 1430 5637 nemo
1485 5579 1724 5648 negabit.

1844 4402 1995 4473 Jonas
2024 4407 2352 4473 exemplum,
2379 4406 2469 4459 ubi
2499 4406 2632 4461 dicit
2662 4402 2983 4461 Theodorus
3004 4427 3017 4461 :
3037 4409 3171 4462 Οὔτε
3200 4410 3255 4462 δὲ
3280 4413 3422 4465 ἐκεῖ·

1843 4490 1931 4551 νος
1953 4472 2055 4551 διὰ.
2080 4472 2501 4551 μισανθρωπίαν
2540 4475 2800 4551 ἐλυπῄθηη,
2824 4476 2938 4551 αλλ’
2964 4478 3299 4551 ὲκινᾷύνερεε
3344 4481 3419 4551 μὴ

1842 4542 2396 4615 τῆςηφιλανθρωπίρις,
2438 4544 2620 4614 μέρος,
2671 4542 2921 4615 διαϐολὴν
2965 4546 3111 4615 κατὰ
3145 4548 3236 4600 τοῦ
3280 4542 3420 4601 ἀποέ

1843 4611 2254 4685 στείᾉαντοςῄὡς
2295 4611 2530 4685 deustos
2572 4611 2907 4685 ἐργάσηται·
2953 4614 3134 4685 Neque
3178 4633 3296 4671 vero
3330 4618 3420 4673 ille

1839 4680 1977 4747 quod
2008 4681 2127 4754 odio
2162 4681 2394 4754 homines
2419 4680 2629 4754 haberet
2652 4680 2919 4748 indoluit,
2965 4680 3059 4737 sed
3082 4687 3417 4754 periclitatus

1839 4756 1917 4800 est
1948 4765 2010 4801 ne
2035 4750 2364 4804 clementiam
2406 4752 2661 4806 mittentis
2695 4770 2768 4819 se,
2822 4754 2879 4805 in
2917 4750 3114 4807 crimen
3156 4756 3418 4809 mendacii

1841 4826 2096 4888 uerteret;
2144 4820 2323 4882 locus,
2364 4821 2608 4888 inquam,
2647 4823 2734 4876 hic
2771 4838 2879 4875 non
2911 4824 3067 4877 valde
3112 4826 3319 4879 abludit
3349 4827 3421 4882 ab

1842 4886 1936 4940 illo
1967 4886 2245 4959 Theodori,
2262 4890 2320 4959 in
2350 4886 2589 4959 genuino
2629 4891 2697 4944 ad
2744 4891 2943 4946 Jonam
2992 4896 3410 4959 commentario,

1840 4971 1999 5031 quem
2028 4973 2127 5012 nos
2157 4958 2454 5031 edidimus
2497 4958 2644 5031 (Joh.
2693 4976 2779 5031 tv,_
2823 4961 2902 5031 2),
2942 4962 3033 5031 61::
3067 4979 3125 5015 τε
3166 4963 3417 5017 ἐντεῦθεν

1838 5024 1984 5112 gch
2016 5026 2300 5112 περιέσται
2411 5027 2650 5112 ψεύρτοο
2684 5029 2827 5110 ⁴τινὸς
2861 5024 2963 5112 ’καὶ
2995 5032 3306 5112 ἀπατεῶνος
3335 5034 3416 5086 δό-

1840 5092 1934 5169 ξαν
1958 5092 2164 5149 λαϐεῖν·
2189 5112 2253 5169 se
2273 5092 2485 5164 fallacis
2506 5099 2734 5169 hominis
2779 5114 2861 5169 ac?
2882 5099 3172 5167 deceptoris
3206 5092 3410 5169 famam

1838 5162 2173 5236 adepturum.
2208 5162 2334 5219 Haec
2371 5168 2608 5221 breviter
2640 5168 2887 5222 exercitii
2921 5162 3097 5236 gratia
3132 5162 3410 5226 disserere

1836 5232 2017 5353 iibuit,
2051 5235 2124 5289 ita
2176 5243 2357 5289 tamen
2391 5243 2450 5289 ut
2485 5237 2629 5291 litem
2686 5238 2790 5292 sub
2822 5232 3009 5305 judice
3056 5240 3293 5295 libenter
3322 5256 3412 5295 rc-

1862 5317 2099 5353 mquam.

1862 5317 2099 5369 inquam.

1907 5370 1981 5443 (ο)
2020 5370 2077 5425 In
2101 5372 2339 5427 editione
2376 5372 2653 5429 Muratorii
2679 5391 2847 5443 poem.
2885 5374 2954 5441 Χ,
2995 5375 3083 5429 79.
3117 5376 3234 5432 Jam
3273 5394 3407 5433 vero

1836 5438 1901 5491 ad
1939 5439 2079 5495 hanc
2104 5443 2397 5496 editionem
2440 5454 2579 5498 nota:
2633 5438 2765 5498 mihi
2815 5438 2949 5499 sunt
2986 5443 3091 5500 Viti
3131 5447 3409 5503 Juvenatii

1833 5508 1934 5630 vir:
1956 5510 2023 5562 cl.
2050 5526 2179 5635 usas.
2213 5513 2591 5570 adnotationes
2609 5513 2782 5569 docta:
2805 5528 2868 5567 ac
2888 5529 3153 5584 perquam
3180 5534 3403 5585 severae,

1833 5592 1861 5631 e
1940 5593 2037 5635 uce
2106 5596 2263 5635 tense.

1832 5592 1885 5631 et
1919 5592 2037 5635 tuce
2068 5592 2263 5651 dignae.
