3804 6222
307 184 380 242 99
1577 177 1668 233 EX
1701 173 1952 232 LEONIS
1989 173 2263 231 ALLATII

3462 177 3568 232 {30

311 296 468 368 ὑμῶν
531 293 765 366 δύναμαι
792 293 1188 358 ὲπιλαθέσθαι;
1243 293 1434 364 Ὑμεῖς
1473 293 1597 363 ἐμοὶ
1621 295 1878 361 πατέρες,
1910 297 1927 346 t

2031 297 2217 340 eterum
2240 285 2493 356 exemplis
2517 325 2532 352 ,
2563 294 2681 341 erat
2733 287 2874 344 enim
2905 287 3067 342 varia:
3094 302 3157 341 ac
3182 287 3568 344 multateetio—
3595 327 3599 330 ι

313 390 470 460 ὑμεῖς
503 387 626 458 ἐμοὶ
655 387 788 456 ςωὴ,
813 386 969 456 ὑμεῖς
1010 387 1132 456 ἐμοὶ
1163 385 1533 454 εὐδοκίμησιςο
1567 381 1740 436 Unum
1773 398 1896 434 cor-

311 493 408 546 pus
432 494 636 542 sumus,
655 493 817 547 neque
848 484 1005 546 caput
1029 493 1060 528 a
1083 491 1317 543 corpore,
1333 491 1495 543 neque
1519 489 1707 541 corpus
1740 490 1772 526 α
1805 489 1897 526 ca-

313 570 422 637 pite
445 576 742 636 separatur.
770 567 1003 620 Etiamsi
1029 569 1144 620 loco
1173 565 1488 628 dividimur,
1506 564 1597 618 sed
1634 564 1898 616 charitate

315 659 714 728 conjungimur;
751 674 843 728 ego
883 675 916 710 a
942 657 1084 711 vobis
1122 672 1215 710 nec
1247 664 1416 709 morte
1447 653 1676 708 divellor
1713 671 1730 708 :
1773 670 1897 707 nam

315 751 413 803 etsi
427 765 614 817 corpus
633 765 804 802 meum
833 750 1118 812 moriatur,
1143 749 1323 801 anima
1338 763 1452 800 mea
1467 747 1614 808 vivit,
1637 755 1684 800 et
1703 762 1901 800 mento-

317 843 454 895 riam
487 843 643 894 uestri
679 841 906 904 tenebit;
937 857 1027 894 vos
1071 840 1199 892 mihi
1254 848 1454 908 patres.
1495 837 1771 903 Quomodo
1811 854 1900 891 ve-

322 943 491 988 strum
517 933 840 988 obliviscar?
881 931 982 987 Vos
1015 931 1144 984 mihi
1169 941 1365 999 patres,
1383 947 1471 984 ros
1490 930 1616 983 milii
1650 931 1775 992 vita,
1810 945 1900 982 vos

323 1025 454 1078 mihi
521 1025 797 1093 gloriatio.
855 1023 988 1089 Qua,
1039 1030 1167 1076 nota
1232 1020 1524 1074 cbaritatis
1573 1020 1903 1090 Chrysosto-

324 1115 402 1168 mi
458 1131 586 1184 erga
637 1129 793 1178 suos,
854 1115 1020 1168 etiam
1077 1111 1358 1167 homiliam
1407 1111 1624 1166 tertiam
1657 1111 1716 1178 in
1765 1111 1904 1165 Acta

324 1204 683 1272 apostolorum
721 1204 1035 1274 insignitam
1073 1203 1339 1259 invenies.

397 1295 598 1350 Parum
629 1296 831 1366 oppido
865 1295 1071 1350 Savilio
1099 1303 1241 1357 erat,
1302 1301 1362 1347 ut
1422 1292 1697 1363 lrigidulis
1752 1290 1905 1346 hisce

329 1386 642 1441 rationibus
686 1384 961 1440 Theodori
1014 1385 1301 1454 epistolam
1330 1383 1666 1438 Calvinianis
1695 1381 1902 1436 Lutbe-

329 1476 595 1544 ranisque
627 1474 913 1530 adversam
943 1475 1284 1536 exsibilaret,
1323 1473 1435 1528 nisi
1473 1473 1621 1527 aliud
1655 1473 1904 1543 ejusdem

329 1564 584 1634 putidum
614 1563 1034 1627 munimentum,
1055 1564 1170 1618 suis
1196 1563 1386 1619 favens
1421 1564 1694 1626 sectariis,
1741 1565 1906 1619 veluti

2001 379 2105 440 nis,
2131 378 2186 431 in
2215 378 2394 432 urbem
2414 393 2650 432 reversus
2668 387 2766 432 est.
2793 377 3008 432 Nullam
3031 377 3122 433 hic
3141 378 3444 434 orationem
3479 379 3579 434 So-

2000 481 2261 521 zomenus
2306 475 2577 522 memorat
2619 483 2650 521 a
2696 466 2984 522 Theodoro
3042 469 3425 538 compositam,
3480 469 3579 523 sed

1999 561 2210 607 tantum
2238 555 2420 608 innuit
2445 555 2688 611 rationes
2729 555 2943 625 aliquas
2983 557 3052 611 ab
3082 571 3149 610 eo
3185 557 3331 611 inter
3369 571 3579 612 consu-

2001 643 2245 710 lendum,
2270 643 2445 714 deque
2473 660 2573 699 suo
2608 644 2860 701 discessu
2910 661 3036 700 cum
3079 645 3397 701 monasterii
3440 661 3582 716 pra:—

2001 732 2149 787 fecto
2213 736 2504 789 statuendo
2563 735 2701 790 forte
2748 735 3032 792 adductas.
3061 736 3194 802 Quae
3241 753 3370 790 num
3411 737 3579 790 etiam

2001 824 2070 878 ab
2095 840 2162 879 eo
2193 827 2444 881 adductae
2490 826 2715 892 fuerint,
2761 837 2914 882 certo
2947 843 3007 882 sc
3052 828 3198 883 scire
3241 829 3583 882 Sozomenus

2003 923 2191 986 aperte
2216 924 2400 988 negat,
2447 917 2540 972 sed
2571 917 2831 971 credibile
2859 916 2913 970 id
2940 931 3062 971 esse
3093 916 3190 982 ait,
3284 909 3374 968 οἷα
3410 915 3583 980 εἰκός,

2007 1016 2174 1078 atque
2225 1008 2534 1078 probabile,
2576 1017 2630 1062 et
2675 1007 3005 1062 verosimile.
3055 1006 3135 1060 En
3169 1006 3269 1059 tibi
3316 1005 3583 1061 Savilium

2003 1099 2166 1168 plane
2195 1099 2484 1167 pueriliter
2523 1096 2835 1167 deceptum.
2884 1099 2945 1150 ln
2995 1094 3302 1150 Sozomcno
3329 1110 3432 1150 nos
3472 1095 3586 1148 alio

2005 1205 2072 1244 ex
2107 1191 2286 1258 capite
2318 1189 2478 1245 ﬁdem
2510 1189 2932 1253 desideramus;
2962 1203 3088 1242 nam
3119 1187 3414 1242 Theodoro
3449 1187 3582 1257 plus

2003 1297 2160 1350 aequo
2192 1281 2466 1347 addictus,
2523 1281 2580 1336 in
2643 1281 2764 1350 ejus
2809 1283 2998 1352 lapsus
3033 1283 3351 1336 narratione
3396 1280 3586 1334 fucum

2003 1372 2225 1426 veritati
2261 1372 2460 1427 fecisse
2494 1371 2739 1426 videtur.
2800 1371 2858 1426 Id
2912 1371 3081 1442 igitur
3127 1369 3585 1425 animadverten-

2007 1465 2136 1518 dum
2183 1465 2275 1519 lnic
2316 1471 2423 1528 est,
2486 1479 2596 1518 non
2657 1463 2836 1518 solum
2884 1461 3187 1518 Justiniani
3245 1460 3590 1530 temporibus

2013 1555 2188 1610 fuisse
2240 1554 2514 1610 Theodori
2575 1555 2876 1617 studiosos,
2940 1555 3034 1625 qui
3081 1555 3201 1623 ejus
3262 1554 3474 1623 lapsum
3534 1563 3591 1605 et

331 1656 399 1708 ab
426 1669 530 1708 ovo
549 1653 879 1719 excitasset;
914 1668 1037 1706 nam
1078 1655 1154 1706 ait
1191 1669 1256 1708 ex
1290 1652 1552 1707 Vaticana
1576 1654 1907 1708 bibliotheca
1939 1625 1980 1679 Β
2013 1647 2250 1701 haereses
2287 1647 2631 1718 ὑποκορίσαι,
2669 1653 2722 1700 et
2752 1647 3024 1699 mitiorem
3062 1647 3117 1698 in
3153 1653 3364 1714 partem
3413 1644 3595 1697 inter-

331 1743 717 1812 depromptnm
743 1740 1017 1796 Theodori
1064 1743 1472 1812 Ἄντίπραμμα,
1520 1743 1567 1796 si
1607 1744 1908 1813 legitimum

331 1841 436 1897 est,
467 1841 522 1888 et
555 1849 663 1887 non
691 1833 964 1902 spurium,
997 1832 1156 1902 plane
1179 1833 1457 1888 diversum
1492 1848 1618 1889 esse
1672 1835 1742 1888 ab
1774 1848 1900 1887 ora-

333 1926 482 1979 tione
511 1939 540 1977 a
572 1923 880 1978 Sozomeno
923 1931 1252 1987 memorata.
1283 1938 1446 1993 quam
1483 1923 1700 1978 videtur
1734 1923 1914 1979 Theo-

334 2015 505 2070 dorus
526 2030 555 2068 a
585 2014 978 2084 Chrysostomo
1011 2014 1242 2067 minime
1268 2021 1630 2083 provocatus,
1676 2014 1757 2068 vel
1787 2022 1914 2068 ante

337 2102 598 2166 reditum,
629 2103 713 2157 vel
737 2101 791 2155 in
819 2101 940 2171 ipso
973 2101 1148 2155 reditu
1180 2101 1250 2153 ab
1271 2115 1455 2155 eremo
1490 2102 1545 2154 in
1573 2102 1656 2156 sui
1681 2117 1915 2156 excusa-

338 2193 540 2247 tionem
573 2192 895 2247 adornasse.
920 2191 1180 2256 Quaenam
1214 2191 1404 2246 istlnec
1435 2189 1710 2246 Theodori
1737 2193 1916 2246 oratio

337 2291 441 2348 est.
467 2298 630 2353 quam
661 2283 892 2352 quaesito
926 2293 1153 2337 auctore
1195 2282 1496 2338 Sozomeno
1519 2283 1622 2338 sibi
1641 2283 1794 2354 ﬁngit
1817 2282 1916 2336 Sa-

338 2375 502 2431 vilius
523 2375 547 2411 ⁸³
578 2374 790 2429 Acutus
832 2389 966 2428 sane
1013 2374 1204 2428 homo!
1236 2374 1306 2430 Ut
1331 2374 1544 2428 audivit
1571 2374 1916 2430 Theodorum

340 2465 670 2519 monacham
702 2465 1112 2519 excucullatnm
1146 2464 1333 2519 nescio
1371 2465 1504 2534 quid
1536 2465 1591 2518 in
1629 2465 1714 2520 sui
1754 2479 1922 2520 excu-

341 2555 614 2610 sationem
664 2555 938 2616 attulisse,
993 2554 1177 2608 statim
1225 2555 1498 2626 egregiam
1548 2555 1784 2624 aliquam
1837 2555 1923 2608 lu-

343 2642 820 2698 cubratiunculam
867 2642 1236 2696 subodoratus
1280 2652 1384 2706 est,
1430 2644 1505 2696 ita
1563 2643 1726 2713 plane
1769 2643 1922 2698 ador-

345 2743 557 2798 natam,
584 2742 646 2788 ut
669 2733 898 2787 decebat
934 2733 1265 2787 monachum
1291 2732 1653 2798 desertorem,
1695 2733 1807 2789 Deo
1833 2737 1922 2789 cui

354 2840 416 2880 se
490 2823 788 2878 devoverat
849 2823 1282 2888 renuntiantem,
1337 2823 1580 2878 castitati
1641 2833 1695 2876 et
1743 2826 1924 2878 conti-

2014 1738 2221 1805 pretari
2275 1744 2638 1800 conarentur,
2703 1744 2762 1789 ut
2823 1734 3117 1790 Facundus
3175 1734 3595 1789 Hermianensis

2013 1829 2310 1898 episc0pus
2350 1829 2406 1882 in
2454 1827 2742 1882 duodecim
2781 1827 2936 1880 libris
2982 1826 3059 1880 De
3089 1826 3261 1878 tribus
3319 1825 3592 1895 capitulis,

2013 1916 2254 1973 Basilius
2312 1918 2475 1981 Cilix,
2534 1916 2817 1981 Leontius,
2869 1925 2923 1971 et
2955 1917 3082 1983 alii;
3127 1917 3221 1972 sed
3261 1916 3383 1986 ejus
3427 1915 3594 1970 etiam

2013 2009 2252 2078 aequales
2282 2018 2335 2063 et
2369 2008 2714 2079 syncbronos
2745 2009 2848 2062 hoc
2877 2007 3019 2062 idem
3047 2021 3264 2061 summo
3291 2006 3476 2062 studio
3495 2021 3597 2060 cu-

2016 2117 2194 2158 rasse.
2224 2099 2361 2155 Nam
2407 2100 2787 2156 Thcodorctus
2839 2100 2896 2153 in
2942 2099 3193 2168 epistolis
3233 2097 3311 2167 (a)
3339 2096 3594 2154 aliirmat.

2019 2193 2314 2262 scripsisse
2335 2208 2394 2248 se
2419 2191 2595 2262 βίϐλον
2613 2192 2752 2262 ὑπὲρ
2769 2189 3033 2259 Διοδώρου
3058 2190 3150 2243 καὶ
3165 2187 3463 2259 Θεοδώρου,
3487 2189 3544 2242 ὲν
3561 2181 3600 2262 ᾗ

2017 2284 2115 2354 τὴν
2143 2283 2264 2337 κατ’
2295 2283 2473 2336 αὐτῶν
2500 2283 2873 2353 γεγενημένην
2901 2281 3117 2352 γραφὴν
3146 2279 3374 2342 διέλυεν,
3399 2279 3458 2332 οὐ
3491 2278 3604 2332 δεί-

2025 2393 2122 2439 σας
2157 2375 2264 2428 τῶν
2295 2374 2618 2444 κατηγόρων
2640 2373 2738 2443 τὴν
2767 2371 3083 2425 δυναστείαν
3101 2388 3114 2400 '
3137 2369 3354 2423 Librum
3370 2385 3463 2437 pro
3478 2368 3604 2422 Dio-

2021 2466 2151 2520 doro
2181 2475 2230 2520 et
2262 2464 2560 2530 Theodoro,
2591 2465 2644 2516 in
2675 2480 2777 2533 quo
2806 2463 2992 2516 illatas
3032 2463 3106 2516 eis
3135 2461 3500 2514 acrusationes
3522 2475 3602 2513 re-

2025 2557 2256 2626 fellebat,
2283 2555 2413 2610 nihil
2447 2556 2639 2609 veritus
2667 2564 3041 2608 accusatorum
3079 2553 3390 2622 potentiam.
3433 2549 3598 2604 Hunc

2025 2648 2227 2701 librum
2257 2645 2439 2700 innuit
2467 2643 2816 2700 Justinianus
2843 2646 2899 2699 in
2929 2659 3042 2700 suae
3067 2642 3189 2698 ﬁdei
3221 2641 3601 2713 professione:

2025 2736 2367 2809 Θεοδώρητος
2393 2738 2421 2790 ὁ
2451 2736 2678 2799 πολλοὺς
2706 2736 2846 2806 ὑπὲρ
2883 2733 3156 2806 Θεοδώρου
3198 2734 3388 2803 λόγους
3408 2749 3468 2786 τε
3510 2733 3608 2785 καὶ

2029 2827 2285 2890 ἐπαίνους
2336 2827 2616 2890 ὲκτείνας-
2662 2826 3017 2880 Theodoretus
3062 2827 3151 2897 qui
3191 2826 3386 2880 multos
3439 2823 3605 2879 libros

348 2914 549 2969 nentiae
576 2913 698 2966 vale
730 2910 956 2975 dicenti,
995 2911 1218 2980 nuptias
1251 2919 1305 2966 et
1331 2912 1605 2966 connubia
1631 2914 1926 2981 quaeritan-
1954 2947 1998 3006 ο
2037 2934 2132 2986 pro
2168 2917 2438 2972 Theodoro
2473 2917 2706 2986 scripsit.
2763 2917 3042 2986 laudesque
3071 2919 3184 2988 ejus
3213 2919 3420 2986 copiose
3453 2915 3598 2970 cele-

345 3013 482 3061 tem.
525 3003 584 3059 Si
643 3001 922 3057 Theodori
987 3004 1291 3057 orationem
1345 3017 1407 3058 ea
1462 3006 1642 3072 capita
1688 3004 1926 3072 comple-

350 3101 590 3150 ctentem
622 3092 824 3146 alicubi
853 3091 906 3145 in
955 3091 1298 3146 bibliOtbecis
1327 3091 1564 3148 Savilius
1614 3093 1925 3162 reperisset,

351 3187 525 3241 multo
554 3185 818 3240 libentius
853 3185 908 3238 in
955 3185 1186 3254 gratiam
1236 3185 1600 3240 sectariorum
1640 3185 1926 3249 edidisset,

350 3293 514 3347 quam
545 3277 689 3331 banc
721 3276 1030 3345 epistolam.
1063 3292 1186 3346 quae
1219 3277 1580 3333 monasticam
1613 3279 1817 3333 asserit
1847 3278 1931 3332 di-

353 3367 670 3437 sciplinam,
701 3366 974 3420 castitatis
1001 3367 1435 3432 observantiam,
1460 3377 1584 3422 vota
1617 3367 1727 3423 Deo
1755 3383 1784 3422 a
1811 3383 1928 3422 mo-

352 3457 545 3512 nachis
588 3456 980 3525 nuncupanda,
1016 3465 1313 3527 sancteque
1339 3458 1619 3525 solvenda,
1677 3467 1932 3528 peccato-

354 3563 476 3603 rum
506 3546 992 3617 exhomologesim,
1024 3546 1362 3618 paenitentiae
1391 3549 1684 3619 lacrymas,
1736 3555 1792 3604 et
1815 3548 1933 3603 suf-

356 3639 656 3710 fragiorum
704 3637 1112 3702 efﬁcacitatem,
1175 3655 1338 3708 quam
1392 3640 1679 3709 epistolam
1714 3640 1788 3693 ita
1819 3647 1934 3694 sto-

357 3731 647 3785 machatur
673 3737 727 3783 et
759 3739 1012 3793 nauseat,
1045 3742 1105 3785 ut
1133 3731 1204 3785 ob
1229 3730 1282 3784 id
1309 3731 1586 3801 frigidam,
1615 3732 1853 3803 ineptam
1878 3743 1934 3786 et

355 3818 644 3873 ridiculam
677 3833 795 3873 eam
833 3821 1089 3889 appellet.
1123 3821 1251 3884 Sed,
1271 3837 1478 3890 quaeso,
1502 3821 1783 3879 videamus
1811 3837 1934 3893 quae

359 3908 527 3964 fuerit
561 3907 766 3962 Savilio
783 3923 955 3963 causa
988 3911 1298 3964 somniandi
1331 3911 1476 3964 illam
1513 3910 1783 3965 Theodori
1811 3926 1934 3965 ora-

360 3998 588 4052 tionem.
623 3995 811 4064 Neque
846 3997 991 4050 enim
1033 3995 1394 4059 Sozomenus,
1437 4013 1597 4066 quem
1632 3999 1786 4062 citat,
1831 4001 1935 4055 hoc

361 4089 484 4153 ait;
518 4094 649 4141 sunt.
678 4087 880 4156 quippe
931 4086 1045 4140 haec
1090 4086 1209 4154 ejus
1263 4088 1428 4142 verba
1475 4088 1591 4155 (lib.
1650 4104 1769 4153 vni,
1835 4089 1930 4158 2):

377 4175 517 4230 Ἀλλ’
550 4171 705 4240 οὗτος
737 4177 834 4246 μὲν
863 4176 1023 4246 ἡνίκα
1055 4177 1155 4246 τὴν
1184 4175 1354 4247 ἀρχὴν
1383 4177 1599 4248 ἐνέτυχε
1626 4181 1738 4243 τοῖς
1772 4179 1935 4244 Θείοις

2032 3006 2222 3060 bravit.
2262 3006 2319 3061 In
2356 3006 2561 3076 quibus
2582 3021 2748 3076 quam
2782 3007 3046 3077 praeclare
3071 3008 3138 3060 de
3163 3006 3454 3060 Theodoro
3475 3021 3608 3062 sen—

2031 3099 2186 3161 serit,
2212 3097 2394 3167 colligi
2427 3105 2625 3167 potest,
2651 3111 2775 3151 cum
2797 3113 2863 3152 ex
2891 3097 3012 3166 ejus
3041 3095 3312 3164 epistolis,
3339 3096 3432 3151 ubi
3452 3097 3612 3165 ἅγιον

2032 3198 2273 3242 sanctum
2301 3188 2456 3242 illum
2483 3189 2750 3252 nominat,
2794 3196 2908 3242 tum
2940 3188 3105 3242 etiam
3137 3204 3203 3242 ex
3265 3188 3460 3242 ultimo
3506 3185 3613 3240 Hi-

2035 3281 2216 3333 storiw
2245 3279 2364 3348 ejus
2387 3279 2756 3333 ecclesiastica:
2789 3279 2930 3334 libro
2957 3287 3012 3334 et
3043 3280 3239 3348 capite,
3282 3279 3372 3333 nbi
3400 3280 3616 3349 magnis

2034 3370 2186 3424 illum
2233 3370 2488 3425 laudibus
2549 3369 2780 3423 extollit.
2831 3368 2958 3424 Hmc
2996 3369 3186 3424 eadem
3229 3370 3488 3424 nimirum
3541 3370 3618 3426 de

2033 3460 2322 3516 Theodoro
2373 3461 2641 3516 sentiebat
2679 3461 3038 3526 Sozomenus,
3088 3477 3261 3529 quare
3308 3462 3615 3516 vehemen-

2033 3560 2118 3606 ter
2171 3550 2306 3607 lides
2360 3551 2624 3606 historica
2661 3552 2900 3617 vacillat,
2937 3553 3028 3606 ubi
3084 3551 3352 3606 Theodori
3394 3551 3616 3621 lapsum

2036 3641 2109 3694 ila
2137 3641 2509 3710 prosequitur,
2549 3651 2607 3694 ut
2642 3643 2848 3696 nullum
2883 3642 3154 3711 intelligas
3187 3643 3394 3696 crimen
3439 3641 3494 3695 in
3522 3656 3614 3705 eo,

2034 3749 2197 3803 quem
2230 3734 2658 3804 Chrysostomus
2681 3733 2892 3788 centies
2936 3732 3352 3786 ἐκπεπτωκέναι
3385 3733 3613 3802 repetit.

2039 3824 2358 3887 Ἐκπτωσις
2393 3833 2574 3879 autem
2600 3825 2989 3880 ecclesiasticis
3013 3825 3378 3894 scriptoribus
3414 3831 3520 3885 est,
3554 3831 3620 3878 ut

2037 3914 2114 3967 ait
2148 3914 2423 3969 Caesarius
2472 3914 2634 3983 paulo
2678 3921 2805 3968 ante
2843 3913 3120 3978 laudatus,
3190 3913 3254 3966 Ἢ
3297 3911 3358 3977 ἐξ
3410 3913 3617 3984 ἀρετῆς

2037 4001 2129 4053 ἐπὶ
2181 4001 2242 4054 τὸ
2270 4003 2450 4072 χεῖρον
2490 4001 2867 4072 ὑπονόστησις,
2895 4003 2988 4055 καὶ
3022 4003 3054 4071 ή
3095 4004 3158 4055 ὲκ
3192 4000 3486 4070 παρθενίας
3519 4002 3616 4054 ἐπὶ

2037 4093 2291 4160 λαγνείαν
2317 4093 2496 4162 ὁρμή·
2537 4091 2670 4146 Cum
2712 4108 2746 4145 a
2775 4094 2965 4146 virtute
3007 4094 3076 4144 ad
3120 4093 3267 4154 vitia,
3304 4102 3353 4146 et
3393 4110 3425 4146 a
3461 4095 3622 4160 pudi-

2038 4185 2164 4237 citia
2227 4183 2296 4234 ad
2331 4183 2603 4236 luxuriam
2658 4182 2920 4236 receditur
2972 4199 3034 4236 ac
3078 4183 3365 4252 difﬂuitur.
3430 4182 3622 4254 Neque

362 4273 574 4338 νόμοις,
632 4265 726 4318 καὶ
757 4266 922 4334 ἱεροῖς
953 4264 1206 4334 ἀνδράσιν
1229 4263 1524 4335 ὡμίλησεν,
1551 4267 1780 4337 ἐπῄνεσε
1809 4268 1927 4321 ταύ-

2052 4286 2182 4325 vero
2212 4269 2536 4325 Theodorus
2585 4278 2878 4340 antequam
2937 4272 3008 4326 ab
3045 4287 3228 4326 eremo
3280 4274 3620 4336 discederet,

363 4375 463 4429 την
485 4357 584 4429 τὴν
614 4355 834 4426 ἀγωγὴν
867 4355 962 4408 καὶ
994 4355 1240 4422 κατέγνω
1259 4355 1364 4408 τῶν
1391 4357 1643 4411 dare):th
1662 4373 1676 4386 '
1705 4360 1764 4412 οὐ
1789 4359 1942 4431 διηρ-

365 4467 493 4504 κεσε
517 4449 574 4501 δὲ
599 4449 698 4519 τὴν
731 4445 901 4517 αὐτὴν
929 4445 1236 4516 προθυμίαν
1262 4445 1418 4516 ἔχων.
1453 4448 1863 4518 Μεταμεληθεὶς
1885 4449 1942 4501 δὲ

371 4540 507 4611 πρὸς
534 4539 626 4592 τὸν
648 4538 914 4609 πρότερον
943 4536 1057 4606 βίον
1090 4536 1315 4596 εἵλκετο,
1344 4532 1432 4592 οἷα
1455 4538 1513 4591 δὲ
1541 4540 1706 4603 εἰκὸς,
1738 4542 1944 4594 ἐναντίη

365 4647 448 4694 οις
474 4630 650 4698 λόγοις
678 4629 959 4699 κοσμήσας
985 4628 1046 4682 τὸ
1071 4627 1506 4699 σπουδαζόμενον
1523 4631 1587 4684 ὲκ
1615 4631 1862 4686 παλαιῶν
1890 4633 1944 4685 ὐ-

371 4720 775 4790 ποδειγμάτων,
804 4715 872 4789 ἦν
897 4719 1006 4790 γὰρ
1033 4718 1361 4789 πολυῒστωρ,
1390 4721 1470 4783 είς
1497 4720 1594 4791 τὴν
1634 4721 1786 4774 πόλιν
1813 4723 1948 4776 ὲπα-

369 4811 567 4882 νῆλθεν
592 4828 605 4842 ·
633 4809 736 4863 Hic
772 4827 890 4864 vero
927 4810 1231 4864 Theodorus
1263 4811 1328 4862 ab
1356 4811 1509 4864 initio
1551 4811 1762 4880 quidem
1827 4829 1946 4866 cum

370 4905 427 4957 in
453 4917 636 4957 sacras
666 4901 800 4970 leges
844 4900 1138 4964 incidisset,
1198 4910 1246 4954 et
1280 4917 1399 4954 cum
1437 4901 1636 4955 sanctis
1669 4903 1796 4956 viris
1826 4920 1952 4957 con-

373 5001 699 5054 rersaretur,
727 4990 824 5043 hoc
857 4992 973 5043 vita
1012 5007 1173 5060 genus
1209 4990 1556 5060 approbabat,
1601 5007 1664 5044 ac
1697 4994 1951 5048 steculare

372 5082 699 5145 damnabat;
724 5081 813 5135 sed
839 5080 893 5134 in
931 5081 1110 5135 eodem
1145 5082 1240 5134 hoc
1267 5083 1535 5150 proposito
1557 5099 1658 5136 non
1692 5085 1943 5151 perstitit.

375 5174 480 5229 Sed
529 5183 702 5226 tamen
728 5171 1038 5240 paenitentia
1068 5171 1280 5235 ductus,
1307 5172 1376 5224 ad
1404 5172 1635 5239 priorem
1666 5174 1787 5227 vita:
1821 5190 1947 5226 con-

371 5264 698 5320 suetudinem
736 5272 996 5317 retractus
1030 5263 1153 5332 fuit,
1179 5273 1227 5316 et
1253 5262 1388 5333 quod
1415 5273 1491 5317 est
1517 5272 1944 5328 consentaneum,

373 5357 658 5427 contrariis
684 5355 1007 5426 argumentis
1046 5357 1374 5424 propositum
1412 5370 1568 5408 suum
1612 5371 1828 5422 ornans,
1885 5371 1950 5410 ea:

449 5545 622 5621 (a)_ln
658 5546 897 5621 editione
921 5549 1239 5621 Sirmondi.
1258 5553 1420 5619 epist.
1457 5550 1545 5614 l6,
1569 5567 1729 5621 quem
1747 5552 1936 5607 ‘Theo-

375 5614 668 5687 doretipro
691 5617 978 5676 Theodoro
1013 5634 1077 5676 ac
1112 5614 1346 5675 Diodoro
1379 5614 1715 5678 librum'non
1745 5639 1936 5678 recen-

2045 4361 2119 4414 ita
2149 4367 2269 4413 erat
2304 4358 2453 4412 omni
2479 4367 2605 4412 voto
2630 4360 2864 4423 solutus,
2897 4366 2957 4412 ut
2983 4359 3186 4414 referre
3205 4362 3418 4430 pedem,
3438 4370 3624 4418 retro-

2043 4465 2151 4520 que
2178 4449 2456 4519 respicere
2489 4457 2695 4518 posset.
2739 4448 2794 4502 In
2831 4457 3066 4504 mentem
3103 4450 3150 4504 ci
3189 4450 3622 4520 Cbrysostomus

2045 4550 2266 4596 revocat
2293 4541 2391 4602 τὰς
2424 4539 2560 4610 πρὸς
2611 4539 2844 4609 Χριστὸν
2893 4539 3186 4609 συνθήκας,
3253 4558 3372 4594 cum
3406 4541 3623 4599 Christo

2046 4634 2325 4704 spirituale
2349 4632 2670 4702 conjugium.
2725 4633 2845 4702 Ipse
2890 4647 3021 4687 vero
3056 4632 3378 4690 Theodorus
3427 4635 3484 4689 in
3516 4636 3623 4690 hac

2045 4725 2302 4796 epistola:
2323 4722 2586 4787 Εὖξασθε,
2603 4723 2772 4794 τίμιοι
2793 4723 3053 4793 Πατέρες,
3076 4724 3376 4796 μνησθῆναί
3398 4743 3498 4796 μου
3519 4727 3623 4796 τῆς

2047 4816 2218 4886 καλῆς
2261 4814 2580 4884 ὁμολογίας,
2613 4815 2682 4883 ἥν
2717 4813 3042 4884 ὡμολόγησα
3073 4813 3298 4868 ἐνώπιον
3326 4817 3421 4869 τοῦ
3457 4816 3620 4882 Θεοῦ,

2047 4909 2142 4962 καὶ
2168 4905 2414 4975 ἀγγέλων
2442 4906 2535 4958 καὶ
2575 4905 2912 4977 ἀνθρώπων·
2969 4906 3152 4970 Orate,
3186 4909 3467 4961 venerandi
3511 4908 3624 4963 Pa-

2052 5007 2178 5058 tres,
2204 4995 2369 5049 utilla
2395 4995 2522 5047 mihi
2542 5005 2662 5047 ante
2689 4995 2868 5048 oculos
2886 5006 3119 5049 versetur
3134 4996 3436 5065 promissio,
3463 5014 3626 5067 quam

2053 5102 2236 5141 coram
2275 5085 2379 5138 Deo
2406 5085 2483 5137 eet
2512 5083 2732 5154 angelis,
2753 5093 2803 5138 et
2833 5085 3130 5138 hominibus
3164 5085 3440 5153 spopondi.
3481 5085 3625 5153 Quid

2051 5193 2183 5249 ergo
2212 5176 2398 5232 subdit
2427 5176 2765 5232 Sozomenus
2792 5176 2860 5232 de
2891 5179 3120 5234 honesto
3152 5179 3415 5248 licitoque
3434 5183 3630 5235 matri-

2053 5271 2260 5332 monio,
2285 5269 2430 5339 quod
2448 5268 2768 5326 Theodorus
2795 5271 3184 5326 meditaretur?
3203 5271 3440 5326 Curnam
3461 5276 3624 5329 etiam

2055 5363 2234 5433 γάμον
2261 5361 2395 5416 illud
2423 5361 2712 5416 nominat?
2740 5361 2875 5416 Nam
2907 5362 3331 5433 Cbrysostomus
3363 5365 3432 5417 ad
3463 5365 3629 5420 Theo-

2043 5564 2126 5624 set
2159 5552 2459 5608 Garnerius
2485 5555 2706 5610 dissert.
2735 5553 2792 5617 ἢ,
2835 5568 2955 5624 cap.
2997 5555 3029 5610 9
3068 5556 3212 5611 inter
3239 5568 3406 5624 opera
3447 5551 3628 5610 Theo-

2044 5623 2217 5678 doreti
2246 5624 2548 5695 deperdita.
