3804 6222
345 233 450 291 103

1133 226 1222 280 EX
1265 224 1513 280 LEONIS
1550 221 1826 280 ALLATII
1863 223 2184 279 DIATRIBA
2226 223 2310 278 DE
2351 221 2768 278 THEODORIS.

3492 213 3598 268 {0O

342 349 503 404 esdio
539 346 784 412 tertium,
828 352 885 400 et
935 342 1180 399 Honorio
1226 342 1531 399 secundum
1571 340 1918 406 consulibus,
1952 344 1992 400 Î‘
2023 340 2288 410 prop/tetu:
2309 351 2513 394 centum
2538 347 2588 391 et
2610 333 2993 408 quinquaginta
3019 330 3118 401 to),
3147 345 3367 400 quorum
3397 330 3598 400 singuli

344 440 555 496 scilicet
601 438 764 508 paulo
819 444 945 490 ante
992 448 1156 503 quam
1193 433 1434 489 Joannes
1483 433 1918 503 Chrysostomns

345 530 602 585 Ecclesiae
624 525 1234 595 Constantinopolitanze
1261 524 1795 580 administrationem
1819 537 1916 576 ca-

345 628 616 692 pesscret.

422 712 834 781 Subjungamus
875 709 982 763 hoc
1011 721 1230 778 quoque
1260 703 1534 758 :Roberto
1572 702 1823 756 Balforeo
1863 701 1918 755 in

346 802 792 857 adnotationibus
841 802 909 853 ad
952 799 1283 854 Theodorum
1332 795 1651 850 Raithenum
1701 793 1920 849 videtur

347 893 488 946 alius
536 906 661 947 esse
694 889 1017 944 Theodorus
1060 888 1500 956 Mopsuestenus,
1550 897 1714 955 quem
1758 882 1921 952 pleno

348 997 445 1035 ore
482 979 826 1048 Nicephorus
857 979 950 1032 lib.
983 994 1074 1030 xiv
1102 975 1305 1029 Eccles.
1339 973 1530 1028 histor.
1585 988 1710 1042 cap.
1739 972 1830 1035 30,
1865 977 1920 1025 et

349 1071 727 1127 Theodoretus
771 1070 866 1124 lib.
917 1084 950 1118 v
979 1078 1222 1122 extremo
1270 1065 1514 1119 laudant.
1571 1062 1686 1119 lloc
1735 1071 1918 1116 tamen

349 1177 418 1215 ex
472 1162 538 1215 iis
570 1174 692 1230 quae
714 1159 952 1212 diximus
988 1154 1186 1209 falsum
1227 1167 1349 1208 esse
1381 1151 1828 1220 deprehenditur,
1867 1154 1921 1202 et

353 1251 697 1321 potissimum
715 1263 841 1302 cum
860 1247 928 1301 ad
947 1255 1189 1314 tempora
1214 1244 1418 1314 quintae
1439 1241 1708 1312 generalis
1725 1236 1920 1310 synodi

348 1341 534 1394 nullus
563 1339 706 1394 alius
745 1337 908 1391 fuerit
955 1335 1373 1404 Mopsuestenus
1404 1330 1746 1394 Theodorus,
1776 1343 1919 1398 prae-

351 1441 435 1486 ter
478 1433 646 1492 hunc,
685 1428 852 1497 idque
895 1425 1114 1480 abunde
1163 1423 1455 1492 probatum
1505 1423 1577 1478 sit
1617 1421 1671 1474 in
1713 1420 1921 1491 synodo

351 1521 772 1591 Mopsuestena;
823 1517 874 1570 id
915 1514 1059 1585 quod
1107 1514 1352 1583 episcopi
1388 1512 1643 1569 secunda:
1682 1509 1918 1565 Cilicum

360 1611 676 1681 provincia},
707 1617 763 1664 et
786 1609 971 1679 plures
1003 1606 1096 1659 alii
1123 1621 1190 1659 ex
1218 1603 1490 1674 diptyebis
1522 1602 1922 1671 Mopsuestenze

350 1702 629 1762 Ecclesiae,
654 1710 706 1754 et
735 1698 1246 1769 probatissimorum
1281 1696 1562 1748 hominum
1593 1692 1922 1748 testimoniis

351 1793 608 1859 probant,
649 1787 920 1843 Theodori
969 1786 1193 1848 veteris,
1242 1784 1391 1838 illius
1432 1783 1646 1836 scilicet
1702 1783 1770 1836 de
1814 1797 1922 1851 quo

351 1894 500 1934 nmic
531 1879 852 1940 scribimus,
878 1876 1083 1930 nullam
1119 1888 1242 1928 esse
1277 1873 1638 1934 mentionem;
1676 1878 1732 1926 et
1757 1872 1921 1925 alium

350 1969 728 2029 Theodorum,
759 1967 850 2034 qui
877 1966 932 2020 in
965 1965 1069 2018 fine
1091 1961 1476 2033 diptychornm
1509 1962 1749 2032 scriptus
1779 1969 1920 2023 erat,

353 2075 422 2112 ex
467 2057 681 2113 Galatia
723 2055 1038 2118 oriundum,
1091 2061 1218 2106 ante
1263 2059 1375 2106 tres
1424 2067 1598 2106 annos
1647 2060 1922 2106 mortuum

353 2145 546 2199 fuisse.
581 2143 721 2213 Ergo
746 2143 813 2196 de
853 2142 954 2194 hoc
981 2139 1224 2194 secundo
1257 2152 1363 2191 non
1395 2145 1526 2192 sunt
1557 2137 1719 2191 verba
1747 2137 1925 2190 Theo-

351 2232 550 2286 doreti.
584 2231 686 2296 Qui
719 2231 862 2283 enim
911 2236 991 2282 tot
1027 2235 1152 2280 ante
1195 2240 1369 2279 annos
1415 2224 1728 2285 defunctus.
1763 2226 1924 2294 hujus

353 2320 456 2374 sub
479 2315 791 2372 Iustiniano
821 2316 1052 2370 viventis
1089 2314 1405 2368 meminisse
1440 2314 1656 2382 potuit?
1691 2312 1754 2366 Et
1798 2329 1922 2369 cum

353 2425 527 2479 usque
561 2409 629 2462 ad
680 2408 844 2477 huius
890 2405 1215 2460 recentioris
1250 2420 1494 2473 tempora
1546 2406 1732 2459 nullus
1782 2405 1924 2460 alius

355 2502 539 2564 fuerit,
563 2508 711 2553 certa
737 2504 867 2552 sunt
893 2495 1224 2550 Theodoreti
1254 2496 1420 2550 verba
1443 2496 1510 2550 de
1539 2505 1721 2550 vetere
1754 2495 1926 2549 Theo-

353 2592 489 2645 doro
545 2589 946 2658 Mopsuesteno.
994 2584 1334 2654 Nicephorus
1373 2588 1540 2641 verba
1585 2585 1918 2641 Theodoreti

353 2689 409 2734 et
459 2679 781 2734 sententiam
825 2676 1107 2738 exscribit,
1153 2691 1326 2744 neque
1362 2676 1428 2730 de
1469 2677 1578 2730 alio
1618 2692 1922 2731 sermonem

356 2771 537 2833 habet,
569 2785 732 2840 quam
759 2768 826 2823 de
856 2783 965 2837 quo
996 2767 1375 2822 Theodorelus
1411 2770 1527 2837 ipso
1567 2771 1779 2824 locutus
1808 2769 1924 2824 fue-

355 2869 458 2914 rat.
495 2858 755 2913 Facessat
798 2859 967 2927 igitur
995 2857 1138 2912 alius
1171 2858 1258 2912 hic
1298 2857 1623 2913 Theodorus
1652 2862 1924 2915 recentior

2020 442 2267 487 constant
2317 432 2534 500 triginta
2577 427 2854 494 capitibus.
2909 423 3046 478 Item
3103 421 3482 491 expositionem
3540 422 3598 475 in

2020 524 2260 593 quinque
2297 522 2465 576 libros
2509 517 2738 589 Moysis,
2771 531 2931 586 quam
2963 513 3132 566 tribus
3187 511 3490 580 complexus
3517 519 3600 565 est

2020 615 2198 678 tomis,
2230 614 2422 667 mirum
2460 611 2515 664 in
2548 608 2764 662 modum
2806 605 3194 664 elucubratam,
3235 601 3302 655 ad
3340 615 3598 671 magnum

2017 705 2320 773 Alphteum.
2351 701 2596 756 Psalmos
2641 713 2841 768 quoque
2886 692 3105 748 Doridis
3146 691 3384 761 exposuit
3429 691 3598 742 tribus

2022 793 2196 856 libris,
2241 791 2308 846 ad
2347 790 2647 846 Cerdonem
2679 797 2733 841 et
2760 787 2983 840 fratrem
3027 783 3168 852 ejus.
3219 779 3278 834 ln
3308 779 3596 834 duodecim

2023 884 2318 954 prophetas
2364 880 2572 934 duobus
2617 880 2772 931 tomis
2817 884 3198 930 commentatus
3240 881 3339 934 est,
3383 869 3452 924 ad
3477 885 3600 926 mar

2020 976 2234 1049 Tyrium
2289 972 2380 1040 (c).
2446 971 2504 1024 In
2559 969 2864 1024 Samuelem
2923 973 3304 1020 commentatus
3355 972 3431 1014 est
3495 975 3599 1010 uno

2021 1071 2182 1125 tomo,
2212 1062 2278 1114 ad
2309 1061 2727 1114 Mamarianum.
2761 1057 2818 1111 In
2847 1055 3039 1110 Jobum
3070 1070 3268 1124 quoque
3297 1051 3498 1104 duobus
3518 1059 3599 1103 to-

2019 1153 2143 1214 mis,
2161 1151 2224 1204 ad
2241 1150 2503 1220 Cyrillum
2527 1148 3042 1203 AlexandrinumJn
3066 1145 3428 1200 Ecclesiasten
3445 1143 3598 1196 unico

2019 1242 2154 1296 libro
2176 1251 2556 1295 commentatus
2573 1249 2672 1307 est,
2693 1240 3000 1307 deprecante
3021 1236 3332 1307 Porphyrio.
3347 1235 3598 1303 Exposuit

2018 1336 2176 1387 etiam
2237 1331 2465 1393 Isaiam,
2507 1329 2849 1394 Ezechielem,
2883 1328 3168 1382 Jeremiam
3213 1337 3258 1380 et
3307 1325 3597 1387 Danielem,

2019 1423 2254 1494 singulos
2285 1423 2507 1494 singulis
2535 1423 2688 1476 tomis
2719 1421 3083 1489 complectens,
3105 1418 3290 1489 quibus
3319 1418 3473 1486 ï¬nem
3501 1417 3599 1468 int-

2018 1517 2191 1582 posuit
2226 1515 2337 1568 suis
2375 1512 2859 1567 elucubrationibus
2884 1511 2936 1564 in
2969 1508 3138 1564 Vetus
3163 1507 3593 1561 Testamentum.

2026 1605 2338 1659 Matthaeum
2383 1621 2488 1658 uno
2529 1605 2774 1671 exposuit
2821 1614 2984 1664 tomo,
3031 1601 3096 1652 ad
3138 1598 3360 1661 Julinm;
3399 1595 3598 1648 Lucam

2023 1714 2139 1751 vero
2177 1706 2226 1750 et
2254 1696 2514 1750 Joannem
2559 1695 2760 1748 duobus
2801 1694 2978 1756 tomis,
3011 1691 3074 1745 ad
3110 1689 3427 1753 Eusebium;
3459 1692 3597 1740 Acta

2025 1788 2378 1854 apostolorum
2409 1802 2511 1839 uno
2539 1785 2839 1851 complexus
2867 1793 2942 1836 est
2991 1793 3155 1842 tomo,
3202 1780 3267 1832 ad
3311 1777 3596 1842 Basilium;

2024 1877 2320 1946 Epistolam
2353 1877 2421 1929 ad
2451 1875 2718 1929 Romanos
2741 1873 3006 1943 exposuit,
3038 1873 3160 1924 item
3189 1869 3253 1922 ad
3278 1867 3594 1930 Eusebium;

2023 1969 2220 2023 Ambas
2263 1985 2382 2021 vero
2432 1965 2703 2034 Epistolas
2735 1965 2802 2018 ad
2847 1963 3146 2020 Corinthios
3194 1960 3398 2012 duobus
3439 1958 3596 2010 tomis

2021 2059 2260 2126 exposuit
2297 2073 2360 2109 ac
2405 2055 2743 2118 dilucidavit,
2799 2053 3108 2122 deprecante
3167 2049 3451 2103 Theodoro.
3489 2045 3598 2098 Eu-

2023 2151 2244 2204 stratius
2283 2149 2360 2217 (Î¹Î¹)
2391 2147 2670 2216 postulavit
2702 2145 3073 2214 expositionem
3099 2150 3324 2212 quatuor
3346 2141 3596 2206 epistola-

2025 2253 2142 2290 rum
2162 2252 2292 2305 quas
2325 2243 2830 2288 commemoraturus
2869 2248 3007 2294 sum,
3042 2245 3220 2298 nempe
3251 2226 3502 2297 Epistolas
3527 2226 3595 2278 ad

2025 2327 2269 2389 Galatas,
2313 2335 2360 2380 et
2409 2325 2478 2378 ad
2514 2324 2788 2393 Ephesios,
2817 2333 2865 2378 et
2897 2323 2966 2376 ad
3014 2321 3387 2388 Philippenses,
3437 2328 3485 2372 et
3525 2315 3594 2367 ad

2024 2415 2384 2472 Colossenses.
2407 2415 2572 2470 Binas
2593 2425 2768 2467 autem
2787 2415 2858 2467 ad
2885 2413 3393 2474 Thessalonicenses,
3413 2408 3591 2478 depre-

2022 2515 2175 2560 cante
2203 2504 2403 2558 Jacobo
2443 2505 2704 2571 exposuit.
2768 2501 2896 2555 Item
2943 2502 3077 2554 duas
3129 2499 3196 2552 ad
3243 2498 3591 2557 Timotheum,

2024 2595 2350 2665 supplicante
2375 2593 2569 2657 Petro;
2600 2603 2648 2646 et
2669 2592 2974 2662 deprecante
2999 2590 3194 2660 Cyrino
3217 2596 3592 2642 commentatus

2023 2698 2100 2742 est
2124 2688 2178 2739 in
2208 2685 2477 2753 Epistolas
2510 2683 2578 2737 ad
2615 2683 2812 2746 Titum,
2839 2693 2887 2734 et
2933 2682 3309 2735 Philemonem.
3357 2678 3593 2732 Direxit-

2023 2793 2120 2848 que
2144 2777 2212 2829 ad
2238 2776 2476 2830 eumdem
2520 2775 2924 2828 commentarios
2970 2774 3022 2826 in
3053 2771 3345 2841 Epistulam
3383 2772 3448 2824 ad
3491 2769 3595 2824 Ile-

2027 2869 2228 2934 bratos;
2257 2867 2486 2935 adeoque
2512 2866 2734 2935 quinque
2777 2866 2930 2918 tomis
2970 2864 3218 2932 imposuit
3249 2863 3406 2930 ï¬nem
3446 2877 3591 2914 com-

355 2966 386 3005 a
410 2950 657 3004 Balforeo
679 2958 734 3004 et
759 2949 884 3004 aliis
903 2948 1266 3019 excogitatus,
1293 2955 1348 3003 et
1383 2957 1666 3018 tantopere
1691 2964 1722 3003 a
1746 2948 1917 3004 Theo-

2035 2959 2307 3012 mentariis
2334 2959 2386 3011 in
2413 2957 2683 3021 Epistolas
2707 2956 2968 3025 Apostoli.
2995 2954 3314 3021 Conscripsit
3338 2962 3592 3021 praâ€™terca

355 3044 548 3097 doreto
575 3043 847 3097 laudatus.

425 3131 600 3200 Hujus
629 3139 885 3202 praeterea
905 3129 1175 3186 Theodori
1200 3131 1344 3196 (nam
1365 3131 1469 3186 erit
1490 3146 1670 3202 opera:
1692 3133 1924 3202 pretium

357 3223 462 3278 hoc
488 3224 768 3285 adnotare.
801 3223 915 3278 sive
946 3222 1016 3276 ob
1069 3220 1446 3276 Nestorianam
1497 3223 1767 3287 haeresim,
1811 3224 1928 3279 sive

355 3315 428 3370 ob
457 3313 617 3368 aliam
645 3311 890 3382 causam)
919 3312 1059 3380 apud
1085 3311 1253 3382 Syros
1283 3319 1430 3366 tanta
1471 3312 1572 3366 fuit
1606 3315 1924 3380 auctoritas,

355 3413 410 3461 et
438 3405 637 3467 cultus,
669 3411 728 3457 ut
767 3418 927 3472 quam
963 3404 1195 3472 plurima
1246 3403 1391 3458 illius
1423 3403 1476 3457 in
1513 3405 1787 3474 propriam
1821 3406 1926 3458 Iin-

357 3511 519 3567 guam
555 3495 951 3550 transtulerint.
995 3493 1253 3560 Quasnam
1287 3508 1415 3548 vero
1451 3493 1540 3546 illa
1589 3493 1809 3558 fuerint,
1856 3493 1927 3547 E-

356 3587 578 3641 bediesu
615 3585 901 3653 episcopus
949 3582 1107 3637 Solae
1151 3591 1206 3637 et
1253 3582 1519 3637 Armeniae
1568 3584 1622 3636 in
1671 3583 1926 3654 Catatogo

359 3678 611 3730 librorum
638 3675 1137 3736 ecclesiasticarum,
1163 3689 1323 3744 quem
1371 3675 1460 3729 ille
1490 3674 1712 3744 scripsit
1743 3675 1927 3744 lingua

357 3765 600 3836 Syriaca,
630 3765 684 3818 in
717 3765 858 3817 hunc
887 3763 1106 3817 modum
1140 3763 1430 3832 expressit.
1463 3761 1639 3817 Verba
1669 3763 1816 3818 illius
1845 3765 1921 3818 ita

355 3855 590 3911 reddidit
617 3856 923 3924 linguarum
963 3854 1306 3908 orientalium
1339 3854 1703 3923 peritissimus
1747 3855 1919 3908 Abra-

357 3949 550 4001 hamus
612 3944 981 4000 Eccbellensis
1031 3944 1147 4015 (a):
1183 3943 1483 3997 Theodorus
1541 3955 1920 3998 commentator

355 4036 642 4104 composuit
688 4035 1045 4104 quadraginta
1098 4042 1149 4086 et
1197 4049 1358 4086 unum
1410 4044 1628 4098 tomum,
1671 4037 1759 4105 qui
1799 4046 1920 4089 sunt

428 4139 506 4206 (a)
529 4135 1400 4208 Recuditiposteaâ€˜emendatiorem
1421 4136 1568 4208 hunc
1589 4137 1913 4208 catalogum,

356 4203 882 4276 natisqueplurimis
925 4205 1213 4276 illustravit
1256 4203 1536 4276 Jos._Sim.
1586 4203 1918 4262 Assemanus

2025 3051 2217 3104 librum
2273 3047 2348 3103 De
2406 3048 2784 3110 sacramentis,
2835 3055 2884 3099 et
2917 3045 2989 3101 De
3043 3047 3144 3099 fide
3191 3045 3380 3104 alium,
3429 3059 3591 3096 unum

2025 3139 2328 3195 tomuch
2375 3137 2702 3200 sacerdotio,
2751 3148 2800 3190 et
2845 3136 2976 3188 duos
3026 3134 3099 3189 De
3137 3134 3340 3204 Spiritu
3377 3145 3588 3195 sancio,

2023 3248 2188 3286 unum
2241 3230 2311 3284 De
2370 3227 2764 3289 incarnatione,
2817 3227 2948 3279 duos
3001 3234 3188 3278 contra
3246 3223 3589 3277 Eunominm.

2025 3323 2161 3378 Item
2193 3324 2324 3376 duos
2353 3329 2543 3376 contra
2569 3327 2871 3376 asserentes
2905 3320 2958 3371 in
2984 3317 3100 3386 ipsa
3134 3327 3324 3369 natura
3353 3315 3589 3385 positum

2021 3430 2145 3470 esse
2189 3421 2510 3483 peccatum:
2545 3412 2676 3465 duos
2719 3409 2866 3481 (tres)
2901 3418 3098 3463 contra
3133 3408 3388 3478 magiam,
3427 3421 3590 3459 unum

2024 3503 2090 3556 ad
2130 3501 2451 3563 monachos,
2483 3517 2647 3555 unum
2679 3498 2746 3553 de
2785 3497 3023 3552 obscura
3071 3494 3364 3557 locutione,
3424 3510 3587 3547 unum

2027 3591 2100 3647 De
2128 3590 2459 3660 perfectione
2479 3603 2704 3658 operum
2729 3587 2818 3658 (e),
2849 3589 3074 3656 quinque
3091 3585 3352 3639 adversus
3374 3597 3468 3636 eos
3494 3580 3588 3647 qui

2028 3684 2345 3754 Scripturas
2367 3683 2595 3753 figurate
2624 3682 3068 3750 interpretantur,
3109 3695 3268 3732 unum
3303 3692 3403 3747 pro
3434 3675 3590 3729 Basi-

2027 3774 2122 3838 lio,
2149 3781 2196 3825 et
2225 3787 2388 3824 unum
2417 3770 2490 3824 De
2509 3776 2820 3824 assumente
2841 3775 3199 3837 etassumpto.
3231 3766 3364 3820 Item
3397 3763 3591 3818 librum

2024 3879 2186 3916 unum
2207 3843 2355 3930 quem
2377 3862 2644 3928 inscripsit
2672 3860 3107 3930 Margaritarum,
3131 3868 3179 3911 et
3197 3859 3345 3910 illum
3366 3855 3454 3924 qui
3473 3853 3588 3922 ejus

2024 3950 2385 4018 complectitur
2432 3948 2703 4016 epistolas.
2738 3947 2959 4000 Demum
3001 3957 3280 4000 tractatum
3314 3944 3387 3997 De
3423 3945 3587 4012 legis-

2025 4037 2248 4099 latione,
2281 4052 2382 4105 quo
2416 4036 2570 4105 ï¬nem
2607 4035 2716 4088 suis
2747 4036 2991 4102 imposuit
3013 4032 3460 4086 lucubrationibus
3489 4029 3586 4099 (f).

2028 4137 2219 4192 Menda
2254 4135 2622 4192 Eccbellensis
2658 4151 2766 4190 non
2807 4140 3027 4206 agnovit
3060 4136 3314 4197 Allatius,
3348 4134 3585 4206 lingua-

2025 4223 2145 4260 rum
2177 4206 2549 4269 orientalium,
2580 4218 2637 4260 ut
2662 4205 2894 4266 videtur,
2926 4205 3430 4274 imperitusycujus
3457 4205 3586 4255 hor-

359 4272 553 4356 in_suaâ€˜
588 4272 910 4356 Bibliotheca
953 4275 1218 4356 orientali,
1256 4283 1294 4327 t.
1333 4272 1420 4341 Î™Î™Î™,
1465 4288 1497 4327 a
1538 4290 1648 4344 quo
1689 4277 1915 4330 meliora
1949 4297 1993 4352 Ï…
2021 4285 2146 4356 tatu
2168 4276 2498 4356 caeteroquin
2527 4291 2586 4329 se
2615 4275 2759 4356 hunc
2786 4272 3092 4356 catalogum
3126 4273 3362 4328 edidisse
3400 4281 3588 4326 narrat

357 4346 560 4412 aliquot
588 4344 854 4413 sumenda
878 4344 1136 4413 judicavi.

430 4411 505 4485 (b)
543 4411 600 4467 Id
627 4421 712 4467 est
741 4412 860 4482 (ceu
881 4411 1122 4485 esplicat
1151 4412 1502 4485 Assetnanus)
1529 4427 1760 4485 quorum
1798 4429 1916 4469 mo-

357 4483 451 4539 les
474 4483 623 4536 tanta
650 4490 759 4545 est,
790 4491 849 4534 ut
875 4483 1081 4536 centies
1114 4489 1174 4536 et
1205 4483 1564 4552 quinquagies
1595 4483 1764 4538 libros
1793 4499 1918 4552 pro-

357 4557 637 4622 phetarum
649 4553 902 4622 omnium
927 4565 989 4622 s_u
998 4560 1166 4622 peret.

428 4621 498 4693 (c)
538 4620 906 4693 Eccbellensis
940 4619 1142 4693 T_urim,
1173 4619 1507 4693 Asse_ma_nus
1531 4635 1646 4693 mar
1674 4618 1909 4693 Tyrium.

357 4689 769 4759 Egosuspicor;
803 4689 1110 4759 legendum,
1149 4703 1249 4758 pro
1291 4689 1518 4759 Syriaco
1565 4691 1749 4759 titulo_
1775 4706 1910 4751 mar,

421 4757 696 4828 artyrium.
730 4757 942 4812 Etenim
980 4757 1296 4827 Mamurius,
1335 4757 1427 4826 qui
1464 4759 1565 4812 fuit
1589 4757 1787 4828 deinde
1819 4773 1915 4827 pa-

359 4827 600 4883 triarcha
665 4829 1055 4897 Antiochenus,
1105 4842 1328 4897 coaevus
1390 4828 1492 4880 fuit
1555 4827 1912 4897 laudatorque

357 4896 754 4967 Chrysostomj,
787 4895 1016 4967 ideoque
1041 4896 1205 4949 etiam
1250 4895 1636 4967 Mopsuesteno
1669 4895 1906 4967 contem-

360 4964 648 5034 poraneus.
686 4964 924 5019 Consule
965 4973 1210 5018 nostram
1259 4964 1463 5034 Novam
1507 4966 1743 5017 biblioth.
1792 4964 1908 5021 PP.

356 5033 447 5113 l_\_l,
471 5036 562 5089 ubi
577 5042 814 5113 estpars
834 5034 1145 5113 panegyrici
1167 5035 1221 5086 in
1243 5033 1692 5113 Chrysostomum
1714 5035 1783 5088 ab
1808 5035 1911 5113 hoe

355 5103 620 5172 Martyrio
649 5103 798 5155 dicti.
836 5103 978 5157 Sane
1014 5103 1171 5155 Turis
1203 5103 1504 5172 monachus
1539 5105 1737 5172 legitur
1767 5104 1910 5172 apud

355 5171 672 5244 praedictum
721 5172 1210 5244 Ecchellensemâ€˜p.
1240 5171 1472 5244 73_,_sed
1514 5171 1719 5244 omittit
1765 5171 1911 5227 hunc

353 5239 709 5300 lssemanus,
749 5242 837 5309 qui
868 5255 992 5294 eum
1017 5239 1257 5294 scribere
1279 5239 1555 5294 debuisset
1579 5243 1722 5294 inter
1747 5257 1904 5309 capp.

352 5312 422 5364 87
447 5320 500 5365 et
528 5309 616 5363 88.
649 5309 844 5364 Omisit
875 5318 1078 5373 autem,
1110 5309 1234 5376 quia
1267 5324 1505 5364 errorem
1537 5325 1659 5364 esse
1690 5314 1910 5378 agnovit

354 5379 744 5438 Eccbellensis.
781 5379 848 5433 de
889 5379 1047 5447 cujus
1089 5380 1212 5433 aliis
1247 5378 1460 5434 mendis
1503 5379 1759 5433 admonet
1807 5395 1908 5434 nos

353 5458 497 5503 tomo
530 5449 786 5518 praedicto
816 5463 869 5518 p.
908 5449 930 5518 l
969 5456 1024 5501 et
1055 5448 1106 5502 4.

424 5519 502 5587 (d)
530 5515 792 5570 â€™Estratea
817 5515 1066 5572 'Allatius
1109 5532 1173 5572 ex
1211 5515 1548 5573 Ecchellensi
1595 5533 1644 5586 p.
1680 5517 1771 5582 29,
1811 5519 1904 5587 qui

352 5585 516 5640 etiam
551 5587 607 5639 in
639 5587 824 5655 indice,
839 5587 894 5639 id
929 5587 1180 5640 mendum
1209 5589 1554 5655 repetiverat,
1580 5604 1689 5655 quo
1717 5585 1905 5641 errore

352 5671 419 5710 ex
447 5663 736 5710 maecenate
781 5654 1077 5722 Eustratio,
1108 5655 1236 5711 fecit
1275 5654 1574 5711 Estrateam
1601 5654 1899 5712 aucl0tem.

2022 4345 2392 4414 Eccbellensis
2427 4345 2480 4397 in
2515 4345 2668 4412 praef.
2709 4361 2762 4414 p.
2791 4345 2882 4400 27.

2091 4415 2158 4482 (Îµ)
2199 4413 2567 4468 Eccbellensis
2606 4414 2681 4468 De
2711 4413 3034 4482 perfectione
3077 4413 3366 4482 regiminis.

2091 4431 2158 4482 te)
2199 4431 2567 4468 nccneuensrs
2606 4431 2681 4468 ue
2719 4431 3034 4482 ÏÎµÎ·ÎµÎµÎ¹Î¹Î¿Î¹Î¹Îµ
3077 4431 3130 4468 re
3166 4431 3366 4467 mimis.

2090 4485 2165 4552 (f)
2206 4483 2279 4537 De
2317 4482 2682 4552 Mopsuesteni
2731 4485 2951 4552 scriptis
2994 4431 3184 4538 sedqu
3220 4497 3320 4536 nos
3365 4496 3585 4552 tutoque

2015 4549 2254 4606 diximus
2297 4552 2351 4604 in
2400 4549 2552 4620 praef.
2598 4553 2728 4607 tomi
2779 4555 2797 4604 Î¹
2842 4549 3040 4621 prioris
3083 4552 3336 4608 editionis
3385 4549 3580 4618 Scripr.

2015 4632 2138 4683 Î½ÎµÎ¹..
2175 4637 2240 4676 ex
2275 4636 2386 4689 quo
2414 4623 2533 4674 loco
2565 4637 2673 4676 non
2707 4632 3004 4675 memorata
3039 4623 3297 4675 nonnulla
3321 4624 3583 4689 cognosci

2016 4698 2247 4759 possunt
2273 4691 2342 4744 ab
2368 4690 2586 4758 Allatio,
2617 4699 2671 4746 et
2701 4693 2970 4759 praecipue
2991 4708 3052 4745 ex
3078 4692 3238 4744 Fabr.
3274 4706 3397 4744 cum
3428 4689 3579 4745 Harl.

2013 4761 2078 4814 B.
2105 4760 2167 4813 G.
2190 4768 2228 4812 t.
2252 4759 2318 4829 X,
2336 4775 2389 4828 p.
2409 4759 2513 4812 346
2537 4775 2684 4829 sqq.,
2717 4760 2769 4813 id
2793 4768 2876 4813 est
2909 4761 3145 4828 ltturgia,
3169 4760 3410 4829 hymnus,
3434 4775 3582 4829 qut:-

2014 4832 2206 4883 stiones
2240 4828 2463 4890 biblicw,
2499 4828 2902 4882 commentarius
2934 4830 2987 4881 in
3020 4828 3282 4884 Marcum.
3313 4828 3377 4880 de
3412 4828 3579 4879 mira-

2014 4900 2146 4952 culis
2195 4896 2416 4952 Christi.
2475 4898 2605 4952 ltem
2668 4913 2768 4952 nos
2825 4897 3017 4965 Script.
3072 4909 3168 4951 ret.
3229 4897 3340 4955 VII,
3378 4913 3429 4965 p.
3487 4897 3576 4958 75,

2013 4967 2372 5038 fragmentum
2427 4967 2753 5038 protulimus
2802 4967 3076 5038 Î˜ÎµÏÎ´á½½ÏÎ¿Ï…
3123 4968 3251 5038 Ï€ÎµÏá½¶
3282 4967 3580 5038 Neo-copta-

2013 5033 2142 5098 Î½á¿¶á¼§,
2182 5037 2272 5104 qui
2308 5033 2489 5088 tamen
2521 5035 2823 5089 Raithenus
2850 5033 3122 5104 fortasse,
3160 5033 3267 5089 non
3325 5033 3578 5104 Mopsue-

2013 5103 2221 5166 stennsâ€™,
2256 5104 2640 5173 intelligendus
2687 5114 2792 5159 est.
2846 5103 2981 5158 Tum
3035 5120 3164 5159 vero
3215 5107 3266 5158 in
3323 5115 3470 5158 tumo
3513 5103 3578 5159 Î³Î¹

2012 5175 2206 5240 Script.
2240 5185 2339 5227 oet.
2380 5181 2503 5241 post
2529 5176 2952 5228 commentarios
2980 5177 3032 5226 in
3067 5191 3141 5227 xtl
3178 5178 3400 5228 minores
3451 5191 3576 5241 pro-

2008 5243 2214 5309 phetas,
2242 5244 2347 5295 alia
2379 5243 2746 5311 Mopsuesteni
2773 5243 2991 5312 copiosa
3017 5243 3316 5312 fragmenta
3345 5247 3577 5296 attexui-

2012 5327 2154 5373 mus,
2195 5327 2316 5379 quae
2357 5324 2543 5379 postea
2585 5312 2740 5379 plena
2791 5329 2951 5366 manu
2995 5313 3326 5366 cumulaturi
3358 5329 3572 5368 sunms.

2012 5327 2154 5373 mus,
2195 5327 2316 5379 quae
2357 5325 2543 5432 posma
2585 5325 2740 5379 plena
2791 5329 2951 5366 manu
2995 5325 3326 5366 cumulaturi
3358 5329 3572 5368 sumus.

2008 5379 2160 5450 Item
2195 5388 2324 5450 tom.
2385 5418 2399 5441 ,
2441 5381 2492 5450 in
2528 5384 2618 5433 cit.
2675 5381 2828 5450 praef.
2885 5383 3124 5437 diximus
3153 5397 3316 5449 quam
3370 5381 3574 5436 frustra

2009 5449 2164 5502 multi
2193 5449 2622 5521 dixerittt(nuttc
2653 5449 2831 5521 tamen
2871 5453 3127 5505 Allatium
3152 5451 3388 5521 excipio)
3423 5450 3568 5521 Mop-

2009 5528 2322 5572 suestenum
2355 5517 2645 5586 scripsisse
2676 5519 2866 5574 decem
2903 5520 3071 5574 millia
3109 5517 3390 5573 librorum.
3436 5517 3572 5586 Quis

2011 5588 2154 5666 enim
2182 5587 2295 5655 jam
2329 5589 2524 5651 nescit,
2559 5590 2853 5666 mgriadem
2891 5589 2999 5642 dici
3031 5605 3060 5642 a
3091 5587 3292 5666 Graecis
3329 5604 3428 5659 pro
3457 5593 3570 5660 plu-

2010 5659 2148 5710 rimo
2173 5669 2422 5724 numero,
2463 5666 2522 5712 ut
2555 5672 2584 5711 a
2621 5659 2832 5713 Latinis
2862 5669 3102 5712 sexcenta
3125 5661 3150 5712 ?
