3804 6222
86 237 188 263 -_
1145 248 1751 259 -ηιυ-υ--η--ρ--ιν-α-υφ-πκ
1766 247 1793 251 -ν
1806 214 3161 256 ᾠ-μ-ῊΙῌΙ
3176 210 3224 247 ...Ι
3231 208 3291 247 ⁵

91 253 1143 279 κῆρ-σέ*-

656 546 1466 675 THEODORI
1578 542 2679 672 MOPSUESTENI

1353 825 1989 891 COMMENTARIUS

392 1058 1330 1205 lNDUODEClM
1414 1018 2264 1179 PROPHETAS
2348 1048 2983 1165 MINORES

1015 1481 1293 1571 ANG.
1391 1479 1655 1568 MAII
1722 1474 2362 1571 PREFATIO

494 1720 721 1787 (Procrin
746 1718 947 1769 editioni
973 1719 1156 1769 Graecae
1184 1720 1298 1766 anni
1328 1715 1451 1766 1852
1474 1714 1523 1764 in
1550 1712 1859 1778 Scriptorum
1885 1721 2100 1766 veterum
2124 1729 2248 1766 nova
2270 1712 2583 1776 Collectione,
2615 1722 2730 1766 tom.
2753 1716 2863 1780 Vl.)

1669 1931 1740 1945 ’—

140 2088 180 2140 ι.
216 2083 485 2139 Theodori
518 2081 869 2151 MOpsuestia:
919 2095 1158 2149 episcopi
1190 2079 1611 2132 Commentarios
1652 2077 1722 2131 ad
1751 2077 2122 2147 prophetarum
2160 2074 2302 2139 XII,
2333 2090 2472 2145 quos
2504 2075 2744 2128 minores
2768 2075 3026 2141 dicimus,
3068 2072 3313 2128 vaticinia

72 2190 190 2233 ante
213 2174 556 2244 septennium
579 2173 741 2225 edere
769 2168 912 2238 coepi
934 2210 948 2230 ,
978 2168 1259 2238 impressis
1283 2168 1536 2223 videlicet
1555 2168 1735 2222 tribus
1756 2168 2126 2235 brevioribus,
2156 2182 2280 2219 cum
2316 2166 2555 2237 prologis
2588 2166 2818 2235 aliquot.
2848 2166 3003 2222 Nunc
3042 2168 3312 2240 integrum

76 2274 203 2326 tanti
236 2267 554 2339 interpretis
584 2281 722 2335 opus
747 2264 1017 2328 editurus,
1062 2265 1185 2319 illas
1214 2279 1435 2335 quoque
1470 2264 1703 2318 leviores
1734 2272 1920 2333 partes
1950 2263 2304 2317 associaudas
2334 2262 2539 2331 putavi,
2591 2278 2660 2318 ne
2701 2260 3020 2320 Theodorus
3067 2265 3317 2321 videlicet

78 2381 173 2420 sua
204 2361 451 2417 membra
484 2357 779 2421 desideret,
813 2371 935 2425 quae
970 2357 1025 2410 in
1069 2358 1203 2411 tomi
1252 2356 1684 2427 angulojatndiu
1719 2354 1971 2410 distracti
2008 2355 2296 2415 collocata,
2328 2361 2382 2408 et
2411 2369 2533 2408 cum
2564 2354 2705 2410 idem
2756 2364 2935 2412 tomus
2961 2356 3317 2412 recuderetur

74 2458 291 2519 omissa,
342 2450 592 2520 nuspiam
636 2446 1006 2517 quaerentibus
1048 2448 1206 2501 hodie
1248 2455 1532 2518 apparent.
1582 2445 1696 2500 lioc
1744 2454 2003 2514 suscepto
2038 2446 2294 2510 consilio,
2343 2445 2429 2498 illa
2470 2444 2678 2514 pariter
2717 2448 2967 2515 prommii
3013 2447 3116 2501 mei
3164 2460 3321 2517 repe-

73 2548 228 2601 tenda
265 2560 399 2615 pars
433 2543 554 2604 fuit,
589 2555 709 2609 qua:
733 2538 801 2594 de
835 2543 939 2596 hoc
967 2541 1241 2597 Theodori
1272 2558 1436 2613 Opere
1470 2542 1734 2612 loquitur,
1780 2542 2149 2611 praetermissa
2201 2550 2380 2594 tamen
2416 2541 2483 2595 de
2522 2542 2750 2612 reliquis
2779 2543 3022 2612 ejusdem
3060 2547 3320 2613 operibus

70 2646 459 2717 disputatione.
486 2639 807 2694 Theodorus
842 2640 1009 2711 igitur
1030 2640 1197 2693 nobili
1224 2655 1421 2709 genere
1448 2641 1754 2695 Antiochiae
1791 2648 1952 2695 natus
1979 2648 2083 2704 est,
2110 2638 2326 2694 Libanii
2353 2640 2407 2693 in
2440 2639 2780 2708 eloquentia,
2819 2639 3063 2696 Flavrani
3104 2658 3168 2697 ac
3195 2643 3322 2697 Dio-

70 2742 181 2793 dori
222 2747 278 2795 et
322 2736 557 2793 Carlerii
585 2735 639 2787 in
679 2730 951 2800 theologia
979 2729 1304 2799 discipulus,
1347 2730 1742 2799 philosophicis
1787 2744 2008 2800 quoque
2034 2730 2304 2785 doctrinis
2340 2730 2555 2784 abunde
2590 2733 2908 2799 instructus,
2939 2743 2992 2787 et
3026 2735 3097 2789 ob
3135 2737 3325 2790 multi-

72 2831 263 2898 plicem
323 2829 613 2885 scientiam
668 2823 971 2893 polyhistor
1039 2822 1254 2882 dictus.
1311 2821 1876 2893 Joan.Chrysostomi
1925 2821 2338 2890 condiscipulus
2390 2836 2455 2875 ac
2506 2820 2832 2887 familiaris;
2888 2838 2996 2892 quo
3046 2824 3327 2881 hortatore

70 2926 399 2981 Theodorus
430 2920 630 2991 prioris
659 2934 689 2971 a
724 2933 783 2971 se
804 2912 1041 2966 'iuxuriae
1070 2910 1441 2965 blandimenta
1473 2912 1715 2981 depulit;
1756 2911 2084 2967 Theodoreti
2122 2912 2354 2981 (utinam
2389 2927 2497 2965 non
2524 2919 2580 2965 et
2609 2912 2841 2969 Nestorii
2878 2929 2942 2968 ac
2982 2913 3257 2971 Barsuma:
3285 2920 3322 2984 ι)

72 3024 372 3094 magister;
395 3022 697 3079 harreseon,
726 3010 995 3080 Origenis,
1022 3008 1157 3071 Arii,
1182 3008 1538 3079 Apollinaris,
1563 3008 1839 3073 Eunomii,
1866 3007 2098 3063 Persicae
2130 3007 2295 3061 etiam
2329 3008 2518 3078 magiae
2543 3016 2595 3061 et
2626 3006 2827 3062 Juliani
2852 3008 3123 3078 Apostata:
3151 3026 3327 3080 oppu-

71 3124 297 3184 gnator;
327 3112 401 3166 ab
432 3108 804 3165 Orientalibus
835 3106 1117 3176 sapientiae
1149 3121 1319 3171 mare,
1350 3116 1404 3160 et
1432 3104 1840 3175 Scripturarum
1864 3105 2137 3174 interpres
2171 3103 2291 3157 κατ’
2314 3104 2510 3173 ἐξοχὴν
2539 3104 2737 3169 dictus,
2772 3106 3038 3161 universa:
3071 3105 3332 3163 Ecclesia:

73 3207 259 3259 doctor
294 3200 572 3257 interdum
603 3198 925 3271 appellatus,
958 3209 1014 3254 et
1034 3197 1211 3268 Magni
1238 3196 1475 3265 denique
1508 3205 1871 3266 cognomento
1912 3194 2148 3250 donatus
2177 3194 2277 3266 (a).
2301 3196 2478 3265 Atque
2509 3210 2612 3266 ego
2638 3196 2821 3249 statim
2855 3194 3121 3252 confiteor
3153 3196 3331 3252 Theo-

66 3297 182 3350 dori
224 3296 441 3363 scripta
474 3291 641 3346 variis
671 3288 950 3343 erroribus
993 3289 1163 3342 fuisse
1202 3304 1535 3359 conspersa;
1568 3290 1823 3359 justeque
1862 3303 1985 3343 eum
2027 3289 2082 3343 in
2130 3289 2423 3353 haereseos,
2467 3288 2513 3342 si
2555 3303 2663 3343 non
2706 3288 3041 3359 pertinacem
3091 3289 3329 3359 culpam,

67 3403 217 3451 certe
250 3394 559 3451 errautiam
592 3402 845 3445 vocatum
872 3429 887 3453 ,
935 3398 1044 3440 tum
1075 3389 1203 3456 quia
1246 3388 1300 3441 id
1349 3390 1465 3457 ipse
1498 3397 1690 3442 auctor
1725 3388 1999 3442 interdum
2033 3386 2326 3443 confessus
2367 3385 2565 3456 est(b);
2607 3392 2724 3439 tum
2752 3384 2879 3454 quia
2909 3386 3159 3455 graviora
3207 3397 3335 3442 sunt

64 3504 231 3557 quam
273 3496 332 3541 ut
365 3486 570 3541 elevari
606 3484 817 3554 possint
857 3485 1166 3539 testimonia
1195 3484 1246 3537 in
1278 3499 1403 3538 eum
1431 3483 1574 3537 dicta
1616 3500 1644 3536 a
1680 3484 1738 3538 S.
1767 3485 1970 3554 Cyrillo
2005 3484 2059 3538 in
2096 3483 2337 3551 Epistola
2371 3481 2439 3536 ad
2480 3479 2751 3543 Proetum,
2798 3495 2829 3533 a
2869 3480 3096 3537 Leontio
3136 3481 3335 3539 Contra

72 3578 227 3633 Neu.
265 3579 374 3632 lib.
402 3592 482 3640 Ill,
513 3591 543 3628 a
573 3575 806 3628 Maximo
834 3574 887 3627 in
915 3574 1196 3643 opusculis
1224 3588 1276 3642 p.
1315 3572 1406 3637 9i,
1445 3590 1475 3627 a
1501 3572 1814 3629 Justiniano
1841 3577 1893 3628 in
1930 3590 2087 3629 sacra
2122 3576 2351 3646 epistola
2395 3582 2449 3628 et
2482 3574 2535 3626 in
2582 3572 2670 3626 illa
2699 3572 2991 3642 prolixiora
3030 3588 3191 3642 quam
3225 3577 3337 3643 pri-

68 3688 191 3726 mus
220 3668 536 3724 Bandinius
566 3667 767 3735 edidit;
808 3684 839 3723 a
868 3668 1156 3724 Theodoro
1186 3668 1552 3725 Raithunensi
1590 3671 1644 3724 in
1677 3672 1945 3740 opusculo
1987 3672 2062 3726 De
2095 3673 2325 3736 incarn.,
2358 3686 2389 3724 a
2424 3670 2594 3724 Mario
2628 3666 2928 3723 Mercatore
2969 3669 3023 3722 in
3064 3672 3237 3737 Actis,
3268 3674 3337 3726 al.

71 3762 395 3816 Hamartolo
424 3760 481 3813 in
497 3758 767 3814 Chronico
807 3760 1035 3821 inedito,
1071 3776 1101 3814 a
1137 3757 1334 3814 Pbotio
1370 3760 1425 3814 in
1457 3760 1785 3813 Bibliotheca
1813 3773 1864 3814 et
1894 3760 1949 3814 in
1976 3761 2243 3831 epistolis,
2271 3769 2325 3815 et
2360 3775 2389 3813 a
2434 3764 2670 3829 generali
2695 3764 2885 3832 quinto
2932 3766 3166 3821 concilio
3209 3768 3338 3821 totis

69 3856 396 3911 actionibus
429 3861 625 3923 quarta
650 3864 704 3909 et
722 3853 934 3922 quinta,
975 3863 1030 3909 et
1056 3869 1265 3908 canone
1294 3852 1639 3917 duodecimo,
1679 3870 1893 3909 necnon
1930 3857 1981 3908 in
2016 3854 2336 3925 pontificum
2375 3854 2734 3908 maximorum
2761 3856 2940 3925 magni
2970 3856 3214 3926 Gregorii
3243 3858 3334 3927 (ε),

68 3953 124 3997 et
153 3945 478 4012 praesertim
514 3941 717 4011 Pelagii
744 3941 787 3996 ll
811 3940 889 4011 (ά)
927 3942 1211 4010 epistolis:
1241 3956 1341 3995 nec
1381 3940 1636 4012 Vigiliutn
1669 3952 1952 4013 praetereo,
1994 3944 2111 4012 qui,
2144 3942 2244 3997 etsi
2288 3942 2560 4012 principio
2601 3944 2863 4000 damnare
2893 3944 3335 4017 Mopsuestcuuut

72 4041 276 4105 noluit,
308 4054 384 4093 ne
420 4038 688 4107 plurimos
713 4039 1005 4107 episcopos
1047 4038 1177 4091 huic
1207 4036 1453 4092 faventes
1486 4038 1707 4107 gravius
1733 4036 2050 4101 oﬂ’enderet,
2093 4036 2291 4092 deinde
2335 4044 2537 4100 tamen,
2575 4038 2642 4092 ad
2665 4040 2871 4108 scripta
2898 4051 3048 4096 certe
3074 4042 3219 4111 quod
3255 4051 3339 4095 at-

72 4134 235 4197 tinet,
273 4134 565 4187 damnanti
590 4133 801 4203 synodo
838 4147 1097 4186 assensus
1127 4138 1233 4193 est,
1261 4140 1422 4200 atque
1459 4147 1675 4187 errores
1701 4132 1946 4203 singulos
1975 4132 2208 4186 mirabili
2234 4134 2535 4187 constituto
2576 4137 2843 4206 coarguit.
2878 4136 3034 4192 Mitto
3069 4139 3204 4192 alios
3240 4140 3341 4191 mi-

70 4227 226 4282 noris
260 4228 594 4297 plerumque
624 4226 861 4281 nominis
899 4236 1285 4295 accusatores;
1317 4229 1475 4282 mitto
1503 4228 1801 4284 hodiernos
1834 4240 2259 4300 oppugnatores,
2291 4245 2429 4299 quos
2469 4230 2611 4285 inter
2637 4231 2911 4289 Norisium
2962 4236 3015 4289 in
3045 4234 3342 4305 Pelagiana

70 4327 346 4389 hiatorla,‘
389 4327 647 4395 quamvis
672 4333 727 4380 et
756 4327 914 4379 multi
944 4326 1264 4381 defensores
1295 4336 1443 4391 sunt,
1477 4328 1780 4397 praesertim
1815 4328 2090 4384 liberioris
2138 4330 2423 4383 sententiae
2453 4327 2723 4383 homines.
2772 4326 2879 4382 Sed
2921 4327 3053 4381 mihi
3087 4326 3342 4397 equidem

72 4435 272 4487 parum
309 4422 495 4487 placet
516 4420 733 4473 illorum
768 4420 1098 4487 institutum,
1131 4424 1221 4492 qui
1251 4426 1527 4479 hominum
1559 4441 1589 4478 a
1612 4432 1793 4479 vetere
1816 4422 2059 4479 Ecclesia
2086 4424 2490 4490 damnatorum,
2522 4423 2813 4478 neotericis
2837 4420 3126 4477 conatibus
3150 4422 3340 4475 ortho-

69 4515 302 4569 doxiam
340 4516 396 4569 vi
427 4517 748 4573 obtrudunt.
774 4518 1098 4590 Quanquam
1124 4529 1178 4575 et
1198 4522 1270 4591 pii
1302 4522 1573 4576 interdum
1605 4522 1842 4591 theologi
1872 4520 1925 4575 id
1970 4522 2261 4576 consilium
2306 4523 2479 4576 secuti
2526 4524 2674 4581 sunt,
2712 4516 2786 4570 ita
2822 4522 2880 4569 ut
2926 4530 3012 4569 ex.
3045 4529 3125 4584 gr.
3154 4513 3344 4584 Orige-

68 4629 197 4666 nem
252 4611 590 4677 Halloixius,
622 4615 875 4672 Stavolus
909 4618 1085 4672 adhuc
1126 4619 1364 4675 ineditus
1404 4618 1795 4675 Caesariensem
1826 4619 2119 4675 Eusebium
2166 4619 2405 4688 copiosis
2439 4618 2660 4689 scriptis
2694 4614 3053 4671 defenderint.
3088 4611 3237 4668 Sane
3275 4615 3344 4668 ad

68 4700 464 4771 Mopsuesteni
494 4705 716 4756 tutelam
750 4706 1019 4762 Occidens
1045 4724 1212 4779 prope
1244 4710 1533 4765 universus
1567 4725 1690 4765 cum
1716 4710 1899 4763 Africa
1927 4711 2055 4764 olim
2083 4710 2522 4780 conspiraverat:
2563 4724 2731 4779 quare
2750 4715 2805 4761 et
2821 4704 3346 4760 tristissimumillud

63 4792 326 4845 schisma
359 4793 569 4846 exarsit
600 4793 949 4863 Aquileiense
976 4799 1357 4868 episcoporum
1391 4799 1676 4854 Theodoro
1716 4799 2199 4869 patrocinantium,
2232 4800 2379 4869 quod
2412 4798 2645 4854 Romani
2678 4798 2962 4869 pontifices
3002 4796 3093 4849 vix
3125 4797 3345 4853 tandem

65 4888 391 4958 aliquando
430 4897 551 4958 post
591 4905 692 4943 cu
723 4904 895 4943 annos
938 4890 1424 4955 exstinxeruntte).
1467 4888 1606 4944 Tum
1635 4897 1855 4944 exstant
1883 4886 2128 4943 Facundi
2160 4888 2574 4946 Hermianensis
2609 4890 2662 4944 in
2700 4888 2885 4941 Africa
2912 4884 3153 4957 episcopi
3192 4890 3351 4943 volu-

65 4981 224 5032 mina
256 4978 589 5041 duodecim,
623 4988 675 5034 et
700 4980 803 5033 alia
837 4976 946 5031 duo
976 4980 1223 5048 ejusdem
1251 4981 1455 5050 scripta
1482 4998 1497 5045 ;
1533 4990 1587 5034 et
1611 4976 1872 5049 praeterea
1899 4982 2182 5050 complura
2211 4988 2455 5035 veterum
2486 4982 2796 5035 testimonia
2828 4986 2957 5033 sunt
2990 4977 3352 5037 (Theodoreti

64 5069 305 5139 lbaeque
330 5071 516 5139 puta),
543 5087 664 5139 quae
687 5070 975 5129 Theodoro
999 5076 1213 5130 laudem
1255 5078 1561 5131 aliundunt.
1603 5076 1708 5131 Sed
1743 5085 1893 5132 certe
1926 5077 1991 5130 ad
2022 5077 2247 5132 Latinos
2279 5076 2591 5131 laudatores
2627 5076 2770 5146 quod
2805 5078 3017 5136 attinet,
3048 5074 3354 5127 audiendus

62 5163 346 5233 Pelagius
398 5160 437 5214 ιι
468 5177 602 5232 papa
647 5164 703 5217 in
731 5164 1104 5221 disertissimis
1144 5170 1212 5220 ad
1260 5166 1433 5221 Etiam
1482 5168 1847 5235 patriarcham
1894 5166 2291 5221 schismaticum
2326 5161 2380 5222 et
2414 5167 2480 5219 ad
2514 5166 2694 5220 [striae
2718 5166 2982 5235 episcopos
3022 5163 3279 5236 titteris(f
3304 5162 3360 5227 )2

144 5342 232 5407 (τι)
277 5338 507 5415 Socrat.
545 5355 611 5415 v,_
645 5339 712 5403 ὃς
748 5338 965 5415 S_ozom.
997 5358 1116 5415 Et",
1166 5342 1235 5415 2;
1292 5342 1482 5407 Evagr.
1529 5360 1567 5406 ι,
1601 5344 1669 5409 ‘2;
1772 5346 1941 5399 herat.
1973 5344 2210 5398 Breviar.
2244 5360 2363 5415 cap.
2389 5346 2440 5398 4.

63 5410 334 5464 Facund.
371 5424 433 5472 ιι,
460 5410 532 5474 2;
572 5408 817 5464 Gennad.
858 5427 969 5478 xit;
1002 5412 1327 5466 Theodoret.
1368 5416 1513 5467 Hist.
1547 5432 1565 5466 ε

65 5499 118 5536 ν.
162 5482 285 5536 4οε
335 5478 534 5531 Leont.
583 5491 765 5533 contra
793 5480 947 5536 Nest.
980 5498 1062 5536 ιιι.
1104 5493 1157 5536 et
1195 5485 1271 5536 De
1306 5494 1428 5536 sect.
1464 5492 1565 5536 act.

1203 5423 1327 5466 )ret.
1368 5416 1513 5467 Hist.
1547 5408 1671 5467 erct.
1847 5416 1916 5536 (cf)
1957 5415 2053 5484 Ep.
2090 5432 2127 5469 ι.
2278 5408 2338 5496 tt,
2370 5416 2458 5476 5f,
2491 5432 2588 5476 vn,
2620 5415 2705 5469 54.

1203 5485 1271 5536 De
1306 5494 1428 5536 sect.
1464 5492 1570 5536 act.
1603 5486 1675 5536 ιε
1850 5487 1863 5536 t
1915 5490 1927 5536 l
1971 5485 2115 5536 Hard
2172 5484 2374 5536 t‘oncrt.
2409 5494 2539 5536 tom.
2581 5485 2667 5536 ιιι.
2698 5502 2705 5536 ι

65 5499 118 5541 ν,
162 5482 285 5545 4ος
335 5478 765 5554 Leontt;_contra
793 5480 947 5536 Nest.
980 5498 1062 5546 ιιι,
1104 5493 1157 5537 et
1195 5485 1271 5537 De
1306 5494 1428 5537 sect.
1464 5492 1567 5539 act.

1404 5494 1428 5537 ἲ.
1464 5492 1570 5539 act.
1603 5486 1676 5549 4;
1850 5478 1927 5554 (ά)
1971 5478 2115 5539 Hard
2172 5484 2374 5540 t‘oncit.
2409 5494 2539 5538 tom.
2581 5485 2667 5549 ιιι,
2698 5502 2749 5554 p.
2781 5485 2906 5541 450.

64 5549 604 5625 Moeplt.xut,_50.
688 5618 702 5625 _
896 5621 913 5625 Α
1094 5623 1117 5625 Α
1203 5621 1244 5625 __
1382 5623 1394 5625 _
1497 5622 1511 5625 _

1382 5623 1394 5625 _
1497 5622 1511 5625 _
1855 5549 1922 5623 {ei
1965 5554 2206 5611 Monum.
2239 5557 2413 5625 Aquit.
2447 5556 2558 5608 ind.
2585 5549 2776 5609 chron.

143 5618 441 5697 (b)_Apud
486 5618 838 5697 [facundam
879 5621 939 5697 _6,
987 5638 1040 5675 χ.
1089 5623 1152 5688 5;
1194 5621 1442 5697 _l_l_rsych.
1468 5622 1680 5697 fragm.
1982 5626 2147 5682 llard.
2185 5618 2387 5681 Caitcit.
2414 5635 2545 5680 tom.
2576 5626 2661 5689 Ill,
2696 5642 2747 5697 p.
2780 5626 2902 5682 450.

66 5689 208 5748 hist.
250 5691 312 5744 in
347 5691 549 5743 concil.
583 5689 646 5751 ν,
683 5691 768 5744 ed.
798 5693 967 5747 Colet.
1016 5703 1146 5746 tom.
1193 5693 1281 5761 ΙΧ,
1316 5689 1376 5765 ’9.
1416 5694 1554 5759 2ης
1585 5689 1687 5745 Lt-

442 5781 711 5843 PATROL.
762 5783 808 5841 (ἶ
822 5804 858 5843 ιι
934 5785 1151 5850 LXVI;
3048 5792 3081 5847 ιι
