3804 6222
463 282 561 337 4117
1700 279 1861 338 ANG.
1904 281 2045 336 MA"
2088 280 2484 338 PREFATIO.
3620 291 3721 350 108

461 399 642 456 Latini
667 399 898 454 homines
932 397 1232 454 ercitatis
1263 398 1455 468 ignari,
1489 397 1615 450 dum
1644 398 1882 468 linguam
1920 399 2186 464 nesciunt,
2242 416 2474 456 errorem
2534 397 2683 451 tarde
2720 405 3100 469 cognoverunt;
3147 417 3371 470 quarunt
3401 407 3726 466 constantia.

459 512 726 567 quousque
748 513 924 551 verum
961 503 1349 566 cognoscerent,
1381 510 1414 546 a
1441 492 1725 547 certamine
1755 509 1858 546 non
1895 493 2107 562 quievit.
2138 494 2317 550 Causa
2350 495 2432 550 rei
2479 502 2643 548 tantae
2675 490 2797 555 fuit,
2827 490 2971 562 quod
2999 491 3238 564 episcopi
3269 494 3344 549 illi
3375 501 3643 566 praeconia
3671 512 3729 555 et

460 589 664 658 scripta
702 588 974 642 Theodori
997 588 1052 641 in
1093 587 1548 655 Chalcedonensi,
1588 596 1648 642 ut
1695 585 1833 642 falso
1866 590 2155 658 putabant,
2199 589 2434 646 concilio
2472 599 2697 662 pronata
2721 627 2736 653 ,
2782 587 2839 641 in
2877 586 3489 660 Constantinopolitano
3529 594 3728 650 deinde

462 681 721 738 damnata
757 699 899 753 aegre
927 682 1195 737 ferebant.

532 824 596 880 II.
622 825 1072 880 Commentarium
1111 829 1178 882 ad
1220 827 1340 881 XII
1378 831 1658 898 prophetas
1703 829 1954 894 minores,
1992 847 2152 900 quem
2181 846 2326 886 nunc
2357 831 2524 887 edere
2547 830 2856 903 aggredior,
2888 831 2942 885 in
2975 830 3190 886 duobus
3219 827 3420 885 offendi
3443 828 3725 885 Vaticana:

464 919 810 976 bibliotheca:
832 919 1132 984 codicibus,
1166 920 1338 975 altero
1365 922 1456 990 qui
1487 920 1590 976 fuit
1627 922 1754 976 olim
1787 921 2076 991 cujusdam
2115 922 2379 993 dignitate
2405 923 2925 994 πρωτοασηκρήτις,
2958 921 3155 980 deinde
3185 936 3313 976 vero
3358 920 3585 977 Joannis
3613 938 3736 976 car-

464 1013 663 1069 dinalis
709 1011 1007 1068 Florentini
1059 1014 1324 1083 Salviati;
1369 1024 1575 1094 postea
1607 1017 1664 1072 in
1722 1016 2094 1073 Romanorum
2152 1018 2604 1074 Columnensium
2652 1019 3037 1075 bibliothecam
3078 1019 3340 1081 transiit;
3383 1018 3618 1088 denique
3665 1018 3736 1071 ad

465 1112 684 1168 codices
709 1109 1004 1165 Vaticanos
1045 1119 1172 1166 ante
1199 1111 1553 1177 decennium,
1590 1128 1677 1167 me
1706 1113 1993 1183 praefecto,
2031 1115 2288 1169 accessit.
2323 1114 2372 1170 Is
2402 1122 2486 1171 est
2521 1115 2692 1170 codex
2735 1115 3117 1169 membraneus
3151 1119 3519 1182 pervetustus,
3547 1111 3736 1167 saeculi

465 1209 686 1264 circiter
715 1205 1010 1270 undecimi,
1031 1206 1418 1275 integerrimus
1449 1214 1502 1261 et
1529 1209 2039 1264 emendatissimus.
2062 1208 2214 1264 Alter
2241 1209 2413 1264 codex
2443 1209 2512 1264 ad
2543 1204 3266 1263 V’aticanamcollectionem
3293 1204 3404 1274 jam
3437 1205 3528 1259 diu
3561 1205 3738 1274 perti-

467 1315 625 1365 nens,
665 1300 995 1353 chartaceus
1029 1305 1083 1352 et
1123 1311 1338 1363 recens,
1370 1297 1879 1367 commentarioque
1901 1297 1967 1352 ad
2000 1297 2319 1352 Zachariam
2360 1312 2580 1358 carens,
2615 1297 2771 1363 cujus
2811 1295 2890 1350 rei
2926 1311 3035 1349 non
3065 1295 3284 1350 dubiam
3321 1310 3541 1351 causam
3571 1295 3739 1366 paqu

465 1399 590 1464 post
622 1390 886 1446 recitabo.
931 1387 1052 1442 Jam
1083 1389 1172 1442 hic
1219 1403 1411 1443 recens
1441 1386 1577 1442 adeo
1611 1389 1928 1444 vetustioris
1955 1389 2101 1444 illius
2136 1390 2421 1444 lectionem
2474 1387 2744 1457 sequitur,
2768 1395 2838 1465 ut
2883 1400 2946 1440 ex
2985 1385 3176 1442 eodem
3210 1386 3544 1456 exscriptum
3575 1385 3740 1439 valde

466 1491 718 1545 arbitrer.
762 1486 875 1558 Ego
905 1493 1053 1541 certe
1101 1483 1307 1538 nullam
1343 1484 1666 1538 recentioris
1703 1485 1970 1538 rationem
2005 1484 2190 1546 habui,
2240 1483 2336 1538 sed
2391 1488 2690 1551 praestante
2722 1482 2950 1549 antiquo
2976 1492 3191 1547 semper
3241 1492 3362 1532 sum
3398 1492 3552 1532 usus.
3586 1475 3739 1531 Satis

469 1584 656 1650 itaque
689 1578 819 1633 mihi
856 1575 924 1630 ad
958 1576 1259 1630 curandam
1293 1575 1588 1630 editionem
1617 1576 1675 1630 in
1698 1574 1984 1631 Pontiﬁcia
2014 1577 2345 1632 bibliotheca
2375 1575 2606 1632 subsidii
2639 1573 2779 1642 fuit;
2819 1573 2914 1629 sed
2942 1574 3070 1643 quia
3099 1581 3279 1626 tamen
3310 1587 3406 1642 par
3439 1573 3740 1626 thesaurus
3798 1619 3804 1626 .

468 1673 593 1728 alibi
629 1685 849 1742 quoque
886 1677 1084 1731 exstat,
1121 1683 1230 1721 non
1280 1668 1556 1738 gravabor
1588 1668 1846 1722 notitiam
1903 1679 2216 1724 exterorum
2265 1667 2543 1733 codicum,
2580 1683 2703 1738 quae
2737 1666 2870 1720 mihi
2907 1663 3186 1736 indaganti
3224 1666 3487 1729 occurrit,
3542 1667 3740 1735 paucis

469 1784 767 1841 exponere.
804 1766 865 1821 In
890 1765 1086 1836 primis
1140 1764 1374 1819 Caesaris
1420 1766 1750 1820 bibliotheca
1790 1765 2232 1823 Vindobonensis
2263 1765 2405 1821 duos
2439 1765 2604 1820 habet
2653 1762 2926 1820 Theodori
2953 1761 3010 1815 in
3044 1779 3120 1818 xu
3154 1761 3435 1831 prophetas
3485 1762 3737 1823 codices,

469 1878 706 1935 quorum
746 1863 978 1916 alterum
1015 1857 1120 1914 sub
1151 1874 1384 1914 numero
1415 1859 1624 1915 CLXIII
1657 1859 1954 1930 descripsit
1983 1859 2311 1916 Lambecms
2360 1861 2475 1931 (a);
2515 1860 2584 1915 de
2611 1860 2785 1914 altero
2822 1859 2951 1913 huic
2974 1856 3133 1929 plane
3163 1854 3329 1911 simili
3362 1855 3574 1924 prolixe
3601 1853 3743 1908 For-

469 1959 607 2015 losia
640 1956 754 2028 (qui
777 1955 844 2010 de
884 1954 1124 2010 editione
1165 1966 1383 2021 quoque
1431 1952 1714 2022 cogitavit)
1760 1952 2006 2023 loquitur
2034 1951 2177 2022 apud
2209 1952 2516 2008 Kollarium
2549 1952 2604 2005 in
2641 1947 3036 2021 supplementis
3065 1963 3118 2017 p.
3158 1945 3280 2000 167.
3332 1947 3508 2015 Atque
3539 1944 3593 1998 hi
3626 1944 3744 2000 duo

472 2053 928 2108 Vindobonenses
959 2047 1236 2104 chartacei
1269 2056 1418 2110 sunt,
1450 2062 1550 2101 nee
1581 2047 1794 2117 antiqui
1821 2065 1835 2100 :
1874 2049 2009 2118 quin
2037 2047 2174 2103 adeo
2209 2048 2484 2103 secundus
2514 2047 2727 2102 delatus
2765 2061 2833 2101 ex
2873 2043 3029 2098 Italia
3067 2039 3169 2093 fuit
3198 2038 3266 2092 ab
3299 2035 3560 2106 Apostolo
3588 2034 3745 2089 Zeno

477 2147 895 2202 V'indobonam:
929 2143 1064 2198 satis
1098 2150 1280 2196 autem
1313 2150 1540 2213 apparet
1578 2141 1952 2212 apographum
1993 2157 2116 2197 esse
2145 2142 2348 2197 veteris
2375 2141 2584 2195 codicis
2616 2139 3026 2199 Columnensis,
3071 2146 3217 2186 nunc
3249 2130 3534 2192 Vaticani;
3562 2144 3745 2198 quan-

471 2237 766 2308 doquidem
814 2235 921 2288 tria
969 2234 1062 2287 illa
1111 2235 1320 2289 scholia
1357 2251 1386 2287 a
1417 2233 1657 2287 Kollario
1711 2234 1878 2296 edita,
1936 2233 2216 2303 quibusin
2253 2233 2536 2288 Zachariae
2574 2233 2850 2303 prophetae
2899 2231 3143 2301 margine
3179 2231 3466 2298 theologus
3511 2226 3744 2281 Grzecus

481 2331 668 2385 nescio
701 2328 826 2398 quis
861 2331 1094 2395 castigat
1119 2327 1382 2394 quasdam
1411 2324 1684 2380 Theodori
1719 2327 1896 2380 nostri
1929 2326 2250 2390 sententias,
2279 2340 2364 2391 ea,
2397 2326 2646 2393 inquam,
2671 2324 2877 2378 scholia
2913 2322 2965 2376 in
2991 2323 3328 2393 marginibus
3352 2319 3746 2376 Columnensis

383 2465 390 2472 μ
474 2430 682 2484 codicis
720 2434 964 2489 exstant,
999 2433 1166 2494 atque
1196 2425 1262 2479 ad
1294 2425 1532 2480 litteram
1566 2441 1689 2479 cum
1737 2425 1846 2480 illis
1888 2425 2052 2482 editis
2097 2433 2425 2494 congruunt.
2463 2422 2582 2478 Jam
2633 2424 2762 2493 quia
2812 2418 3238 2475 commentarius
3283 2411 3649 2482 Mopsuestcni
3689 2410 3749 2463 in

477 2519 799 2572 Zachariam
834 2513 1204 2569 crinnnationi
1251 2515 1414 2568 alicui
1449 2523 1636 2584 patere
1663 2515 1813 2568 visus
1845 2523 1948 2575 est,
1981 2513 2188 2568 idcirco
2214 2514 2365 2568 illum
2394 2511 2645 2568 Vaticani
2673 2511 2997 2567 recentioris
3019 2509 3224 2564 codicis
3255 2507 3488 2574 scriptor
3512 2511 3748 2572 praster-

478 2618 665 2671 misit:
698 2614 842 2684 quod
884 2627 985 2683 ego
1031 2610 1319 2667 consilium
1357 2611 1582 2665 minimc
1612 2610 1821 2679 probo;
1853 2625 2030 2680 neque
2059 2610 2202 2664 enim
2233 2610 2574 2678 periclitatur
2609 2608 2869 2663 Ecclesia:
2909 2613 3106 2668 status,
3157 2599 3333 2656 sicubi
3367 2598 3509 2651 forte
3549 2594 3748 2664 Mops-
3802 2659 3804 2666 ι

478 2720 740 2766 ucstenus
797 2707 1027 2762 audacia
1083 2706 1168 2760 vel
1223 2701 1462 2756 novitate
1528 2700 1924 2771 interpretandi
1983 2700 2146 2768 paqu
2195 2699 2419 2754 liberius
2470 2708 2717 2770 vagatur.
2769 2697 3006 2763 Quintus
3056 2692 3225 2748 codex
3283 2687 3521 2742 Venetus
3575 2696 3664 2741 est
3717 2700 3750 2738 a

476 2803 884 2860 Montl'aucouio
907 2801 982 2871 (ιι)
1014 2800 1068 2853 in
1099 2798 1485 2854 Grimanorum
1514 2795 1846 2849 bibliotheca
1873 2794 2218 2848 observatus.
2254 2791 2451 2849 Sextus
2481 2809 2636 2863 teque
2674 2792 2915 2847 Venetus
2962 2797 3069 2851 est,
3097 2799 3257 2855 quem
3293 2782 3432 2836 idem
3464 2777 3749 2834 Montiau-

478 2900 671 2954 conius
692 2897 762 2966 (ε)
793 2895 935 2966 apud
968 2893 1241 2947 Meletium
1277 2889 1582 2962 'I‘ypaldum
1606 2884 1762 2945 vidit.
1789 2888 2066 2959 Septimus
2107 2889 2277 2942 codex
2325 2889 2466 2958 apud
2498 2888 2843 2943 Gerasimum
2886 2883 3146 2939 Blaehunt
3173 2879 3226 2932 in
3258 2875 3428 2931 Gallia
3454 2873 3577 2941 fuit,
3606 2881 3753 2929 teste

474 2987 805 3045 Combeﬁsio
842 2984 943 3054 (cl).
972 2983 1152 3051 Atque
1178 2980 1324 3034 hunc
1353 2981 1596 3035 codicem
1639 2979 1876 3047 inspexit
1920 2978 2105 3040 etiam,
2137 2985 2198 3028 ut
2249 2984 2400 3045 puto,
2435 2974 2747 3044 Stephanus
2787 2975 2855 3028 ab
2881 2975 3148 3031 Altimura
3179 2972 3521 3045 (Lequinius)
3551 2970 3646 3041 qui
3693 2971 3751 3024 in

479 3082 743 3150 l’anoplia
770 3096 824 3151 p.
851 3080 977 3141 L33,
1011 3077 1089 3130 ait
1123 3093 1185 3131 se
1229 3078 1428 3148 legisse
1475 3074 1846 3146 Mopsuesten’i
1899 3072 2323 3126 Commentarios
2355 3071 2409 3123 iu
2445 3086 2520 3124 xu
2566 3069 2864 3138 prophetas.
2899 3068 3089 3124 Octavi
3117 3069 3325 3124 codicis
3357 3068 3606 3123 notitiam
3634 3066 3753 3136 pri-

479 3190 623 3240 tuus,
653 3181 715 3227 ιιι
739 3171 999 3235 arbitror,
1035 3166 1276 3239 prodidit
1306 3166 1646 3223 Possevinus
1671 3165 1764 3234 (e),
1788 3164 1881 3234 qui
1906 3155 2279 3218 exstare‘eum
2311 3161 2451 3214 dixit
2484 3161 2670 3214 Romae
2711 3161 2765 3215 in
2796 3161 3126 3216 bibliotheca
3153 3158 3523 3213 Vallicelliana
3544 3175 3559 3224 ;
3582 3172 3752 3227 quem

478 3284 576 3337 ego
597 3265 839 3321 codicem
876 3275 1002 3315 eum
1049 3260 1421 3323 observarem,
1457 3257 1793 3328 deprehendi
1838 3273 1963 3312 esse
2015 3265 2179 3311 tenue
2229 3257 2702 3327 interpretationis
2748 3258 2804 3311 in
2859 3257 3050 3312 Oseam
3101 3257 3493 3327 fragmentum,
3528 3253 3754 3324 paginis

478 3355 766 3412 duodecim
805 3359 1092 3416 constans,
1127 3365 1302 3419 usque
1329 3354 1397 3404 ad
1437 3348 1666 3405 secundi
1698 3349 1896 3420 capitis
1927 3349 2265 3404 versiculum
2299 3349 2520 3403 tertium
2551 3349 2848 3404 decimum.
2883 3349 3059 3407 IInius
3091 3365 3254 3418 porro
3280 3350 3526 3420 praeclari
3559 3348 3755 3418 operis

478 3450 698 3504 codices
727 3446 819 3516 qui
851 3460 1017 3500 manu
1057 3443 1266 3497 diutius
1293 3440 1658 3504 versaverint,
1689 3448 1803 3495 tres
1830 3440 2026 3494 saltem
2058 3439 2335 3510 comperio
2368 3440 2513 3496 viros
2539 3457 2554 3506 ;
2602 3456 2838 3510 quorum
2867 3443 3081 3512 primus
3111 3449 3195 3497 est
3227 3440 3554 3496 Franciscus
3604 3439 3756 3494 Tur-

478 3551 667 3598 rtanus
690 3540 778 3610 (Ι),
811 3553 842 3593 a
879 3553 988 3608 quo
1027 3535 1212 3590 Romae
1238 3534 1468 3604 degente
1507 3533 1831 3591 Vaticanum
1879 3536 2060 3606 ipsum
2094 3536 2340 3590 codicem
2376 3536 2578 3590 lectum
2609 3538 2869 3606 augurari
2902 3539 3047 3593 licet.
3077 3536 3366 3592 Secundus
3405 3544 3491 3591 est
3520 3534 3755 3590 Samuel

482 3634 768 3697 Tenulius,
806 3633 899 3702 qui
940 3631 995 3685 in
1027 3630 1227 3686 litteris
1266 3631 1335 3685 ad
1369 3630 1493 3686 Nic.
1531 3630 1813 3686 Heinsium
1848 3634 1922 3702 (g)
1955 3633 2130 3688 aitse
2164 3633 2218 3687 in
2261 3631 2416 3687 Latio
2459 3632 2821 3703 descripsisse
2857 3619 2961 3691 sibi
3005 3633 3276 3688 Theodori
3321 3633 3654 3687 Antiocheni
3700 3635 3758 3687 in

481 3728 674 3787 Oseam
712 3725 1057 3798 fragmenta;
1103 3741 1225 3795 quae
1259 3728 1462 3784 locutio
1495 3728 1616 3799 ejus
1660 3729 1794 3786 facit
1844 3738 1901 3784 ut
1953 3731 2262 3786 existimem
2314 3731 2461 3800 loqui
2516 3729 2807 3785 Teuulium
2852 3729 2920 3785 de
2956 3729 3146 3785 codice
3195 3727 3598 3793 Vallicelliano,
3657 3731 3756 3798 qui

481 3839 673 3894 reapse
704 3822 841 3876 nihil
874 3821 1056 3884 habet,
1090 3828 1148 3896 ut
1177 3820 1438 3887 diximus,
1472 3829 1670 3892 praeter
1697 3823 1862 3878 breve
1889 3823 1941 3876 in
1969 3821 2160 3878 Oseam
2192 3821 2579 3891 fragmentum.
2607 3820 2825 3877 Tertius
2853 3831 2939 3878 est
2973 3821 3264 3877 Anselmus
3291 3820 3621 3883 Bandurius,
3657 3825 3758 3892 qui

484 3919 538 3971 in
561 3922 859 3984 conspectu
885 3930 1114 3985 operum
1143 3913 1435 3983 Nicephori
1467 3930 1628 3984 quem
1654 3913 1943 3969 Fabricius
1990 3914 2233 3985 vulgavit
2268 3912 2369 3981 (h),
2405 3912 2482 3966 ait
2515 3928 2564 3973 ι).
2599 3911 2726 3968 626,
2761 3927 2819 3968 se
2843 3912 2986 3967 inter
3025 3923 3220 3969 caetera
3262 3915 3533 3968 editurum
3569 3913 3759 3972 Theo-

480 4013 600 4063 dori
631 4022 851 4078 quoque
880 4005 1245 4076 Mopsuesteni
1279 4009 1331 4060 in
1356 4008 1635 4074 prophetas
1683 4025 1757 4062 xn
1792 4009 2252 4061 commentarium.
2281 4005 2400 4060 Jam
2445 4007 2574 4076 quia
2603 4006 2910 4063 Bandurius
2948 4025 3006 4064 se
3043 4010 3095 4064 id
3133 3999 3395 4066 beneficio
3425 4012 3610 4066 Cosmi
3653 4012 3752 4078 III,

481 4101 638 4155 ducis
667 4099 918 4163 Etruriae,
951 4096 1110 4166 cujus
1143 4095 1260 4164 ipse
1303 4099 1692 4154 bibliothecam
1732 4100 1972 4169 regebat,
2012 4099 2284 4153 iacturum
2317 4099 2614 4169 Spopondit
2644 4099 2983 4170 (quanquam
3021 4101 3180 4156 ﬁdem
3231 4119 3406 4172 neque
3436 4102 3755 4160 Bandurius

483 4197 769 4252 Florentia:
814 4210 994 4265 neque
1036 4192 1284 4247 Forlosia
1317 4191 1652 4247 Vindobonae
1685 4189 2339 4262 liberaverunt),putabat
2359 4191 2644 4248 Fabricius
2671 4193 2731 4264 (i)
2769 4195 3017 4250 codicem
3067 4198 3188 4266 ejus
3223 4200 3403 4269 operis
3457 4198 3513 4252 in
3546 4199 3754 4256 biblio-

484 4294 642 4348 theca
669 4291 907 4347 Medicea
935 4295 1172 4344 exstare.
1205 4286 1358 4341 Nunc
1386 4296 1568 4342 autem
1611 4289 1879 4356 ejusmodi
1917 4288 2162 4343 codicem
2193 4287 2470 4344 Bandurio
2497 4289 2742 4360 ignotum
2777 4292 3056 4354 videmus;
3090 4304 3154 4343 ex
3184 4305 3292 4357 quo
3324 4289 3574 4358 sequitur
3601 4297 3662 4343 ut
3697 4294 3754 4344 in

484 4390 726 4444 Medicea
779 4386 1110 4442 bibliotheca
1143 4399 1253 4438 non
1285 4379 1470 4434 fuerit.
1524 4376 1731 4433 Revera
1780 4378 2086 4434 Bandurius
2120 4379 2195 4432 nil
2229 4379 2376 4433 aliud
2411 4381 2487 4433 ait
2518 4381 2627 4435 nisi
2671 4396 2730 4436 se
2778 4381 2828 4436 id
2867 4397 3004 4451 Opus
3059 4396 3089 4435 c
3137 4379 3484 4434 bibliOthecis
3513 4381 3749 4443 eruisse,

483 4499 620 4553 quas
649 4483 794 4536 inter
821 4480 981 4550 paqu
1008 4487 1134 4533 ante
1166 4475 1484 4528 Vaticanum
1530 4480 2087 4526 couunemoraverat:
2125 4477 2180 4525 et
2208 4472 2425 4539 quidem
2460 4471 2508 4525 si
2542 4471 2610 4526 de
2639 4487 2740 4526 sua
2771 4471 3008 4527 Medicea
3039 4473 3376 4541 loqueretur,
3410 4471 3756 4542 Mopsueste-

489 4589 618 4627 num
654 4571 793 4642 apud
824 4585 883 4626 se
917 4569 1115 4624 habere
1141 4568 1391 4623 dixisset.
1437 4564 1573 4617 Tum
1618 4578 1748 4617 vero
1795 4572 1849 4616 et
1899 4563 1990 4616 ille
2016 4562 2186 4617 codex
2236 4561 2628 4627 Salviatorum,
2662 4579 2808 4619 nunc
2853 4562 3172 4626 Vaticanus,
3222 4566 3310 4618 illa
3366 4565 3545 4619 adhuc
3590 4572 3755 4619 atate

487 4663 778 4719 Florentia:
833 4663 974 4733 apud
1017 4669 1228 4716 veteres
1276 4657 1550 4718 dominos,
1584 4661 1643 4708 ut
1673 4654 1859 4718 credo,
1898 4654 2033 4720 fuit;
2066 4670 2172 4724 qua
2225 4655 2276 4708 in
2332 4655 2466 4709 urbe
2515 4655 2583 4709 ad
2619 4654 2884 4711 Bandurii
2925 4660 3176 4714 notitiam
3234 4675 3540 4730 manusque
3587 4660 3754 4715 facile

487 4761 651 4814 venit.

561 4895 645 4949 111.
718 4895 831 4966 Age
909 4908 1076 4957 vero,
1134 4891 1202 4946 de
1273 4899 1498 4946 auctore
1578 4888 1762 4958 operis
1835 4890 2131 4958 quominus
2215 4889 2528 4950 dubitemus
2564 4938 2578 4962 ,
2653 4897 2866 4952 testis’
2933 4897 3087 4952 adest
3176 4899 3229 4952 in
3311 4897 3569 4960 cunctis,
3657 4899 3751 4968 qui

488 4991 600 5044 noti
665 4996 823 5057 sunt,
891 4988 1282 5058 manuscriptis
1343 4984 1628 5041 codicibus
1686 4992 1947 5039 constans

2248 4985 2514 5059 Θεοδώρου
2575 4991 2926 5061 Ἀντιοχέως,
2990 4991 3250 5047 Theodori
3301 4994 3511 5049 scilicet
3570 4995 3750 5065 patria

490 5085 816 5140 Antiocheni.
885 5083 990 5142 Sed
1023 5085 1151 5156 quia
1218 5101 1328 5141 non
1389 5102 1531 5143 unus
1589 5086 1693 5141 fuit
1736 5087 2040 5159 Antiochiae
2093 5095 2256 5145 natus
2307 5087 2659 5158 Theodorus,
2715 5108 2843 5148 ecce
2909 5093 3068 5150 nobis
3113 5093 3341 5150 Photius
3383 5095 3450 5164 (j)
3508 5106 3751 5167 quatuor

584 5289 635 5364 ᾳ)
678 5284 835 5364 "rom.
870 5283 1046 5364 lV,_p.
1077 5285 1202 5364 3gb},
1239 5285 1484 5364 ed._n_o_v.
1748 5357 1836 5364 ω
2165 5287 2469 5364 '_l‘_urrianus
2524 5288 2593 5344 de
2654 5288 3052 5364 interpretandi
3109 5307 3307 5364 genere
3333 5330 3359 5364 ,ν
3399 5307 3509 5364 quo
3581 5294 3755 5350 utitur

583 5355 633 5490 ὸζ
673 5354 825 5436 Biar.
860 5353 1077 5426 Itale.
1112 5357 1200 5419 59,
1229 5366 1283 5411 et
1314 5357 1452 5410 Bibl.
1485 5374 1610 5412 mss.
1649 5373 1703 5427 p.
1735 5357 1861 5412 A78.
2167 5359 2622 5429 Mopsuestenus,
2672 5353 2836 5430 atque
2887 5362 2941 5416 id
2994 5353 3432 5418 nonvimmerito'
3479 5365 3752 5432 castigat;

583 5443 606 5478 c
673 5424 829 5480 Βίαν.
864 5424 994 5479 Ital.
1029 5443 1080 5490 p.
1112 5427 1202 5490 46,
1235 5427 1373 5481 Bibl.
1429 5444 1558 5482 mss.
1593 5443 1643 5490 p.
1675 5427 1801 5481 4⁵18.
2165 5431 2410 5490 satisque
2457 5429 2798 5484 demonstrat
2837 5438 3013 5487 totum
3067 5448 3098 5487 a
3149 5449 3210 5489 se
3259 5433 3316 5488 in
3355 5449 3432 5488 xu
3465 5439 3752 5490 prophetas

558 5424 628 5565 ἕο)
673 5424 829 5480 Biar.
864 5424 994 5479 Ital.
1024 5424 1080 5494 ᾖ).
1112 5427 1202 5490 46,
1235 5427 1373 5481 Bibl.
1429 5444 1558 5482 mss.
1593 5424 1801 5497 p.178.
2165 5424 2410 5499 satisque
2457 5424 2798 5484 demenstrat
2837 5438 3013 5487 totum
3067 5448 3098 5487 a
3149 5449 3210 5489 se
3259 5433 3316 5488 in
3355 5449 3432 5488 xu
3463 5424 3754 5505 prophEIas

581 5498 638 5565 ἀ)
682 5496 821 5551 Bibl.
850 5513 995 5553 conc.
1030 5506 1162 5550 tom.
1198 5499 1237 5561 I,
1264 5514 1314 5565 p.
1348 5497 1437 5551 44.
2165 5503 2599 5554 commentarium
2632 5498 2798 5555 fuisse
2827 5504 3048 5556 lectum.

581 5498 638 5568 ἀ)
682 5496 821 5551 Bibl.
850 5513 995 5553 conc.
1030 5506 1162 5568 tom.
1198 5499 1237 5561 I,
1264 5514 1314 5566 p.
1348 5497 1481 5568 4747.77
1595 5496 1604 5497 “
1696 5567 1708 5568 7
2165 5496 2599 5554 commentarium
2632 5498 2798 5555 fuisse
2827 5504 3048 5556 lectum.

579 5567 628 5642 ς)
670 5568 868 5642 Appar.
907 5577 1041 5622 tom.
1085 5567 1168 5642 II_I_,
1205 5568 1332 5642 cod.
1371 5567 1564 5622 Vallie.
1601 5584 1654 5638 p.
1686 5567 1777 5621 27.
1864 5638 1921 5642 __
2236 5571 2312 5640 (g)
2351 5569 2614 5642 Burman.
2652 5569 2855 5642 Syllog.
2882 5579 3015 5637 tom,
3050 5572 3114 5634 II,
3143 5589 3196 5637 ι).
3233 5573 3358 5629 801.

579 5574 628 5637 e)
670 5574 868 5635 Appar.
907 5577 1041 5622 tom.
1085 5574 1168 5631 Ill,
1208 5574 1332 5622 cod.
1375 5574 1564 5622 Vallic.
1601 5584 1654 5638 p.
1686 5574 1777 5621 27.
2236 5574 2312 5640 (g)
2351 5574 2614 5624 Burman.
2652 5574 2855 5642 Syllog.
2882 5579 3015 5637 tom,
3050 5574 3114 5634 II,
3143 5589 3196 5637 ι).
3233 5574 3358 5629 801.

559 5574 626 5711 2f)
669 5639 950 5714 Adconst.
987 5653 1072 5707 ap.
1114 5637 1178 5692 II.
1203 5638 1270 5705 5;
1305 5653 1400 5707 pro
1423 5653 1542 5706 epp.
1574 5651 1733 5714 pom.
1769 5654 1828 5704 ll,
1859 5638 2055 5714 ?O,_tv,
2238 5642 2313 5710 (h)
2347 5641 2494 5714 Bibl.
2535 5639 2626 5714 ρι’.
2657 5644 2740 5714 ed.
2779 5658 2903 5696 nov.
2940 5651 3072 5697 tom.
3109 5642 3220 5710 VII,
3259 5661 3310 5714 p.
3343 5644 3468 5699 611.

495 5707 578 5773 l0,
616 5725 669 5763 ν.
712 5709 771 5762 21
796 5727 853 5785 _;_
894 5708 970 5785 Bg
991 5719 1516 5785 auct.sumnt_.pont._
1574 5707 1674 5785 lib.
1705 5724 1786 5772 tu,
1938 5708 2061 5763 Flos
2240 5707 2303 5785 (gi)
2343 5711 2496 5785 Tom.
2540 5710 2610 5785 ._\'_._
2633 5713 2850 5785 p:__5$_8_.

495 5789 632 5834 rent.
686 5796 738 5851 p.
790 5779 878 5836 99.
924 5778 989 5832 Et
1035 5781 1210 5849 primo
1242 5778 1459 5851 quidem
1505 5779 1624 5834 loco
1661 5780 1768 5835 late
1816 5779 2062 5849 disputat
2245 5783 2310 5855 (j)
2338 5781 2508 5839 Codd.
2546 5778 2951 5850 ινξχχχγιιι,
3002 5781 3237 5851 LXXXI,
3292 5782 3603 5849 CLXXVII.
