3804 6222
152 268 245 324 “)9
1374 272 1533 333 ANG.
1576 274 1654 331 Mi

1890 272 2149 331 EFATiO.
3292 277 3313 331 1
3330 274 3392 331 10

149 397 442 443 recensens
514 404 686 461 opera
753 388 1028 446 Theodori
1097 387 1421 445 Antiocheni
1522 392 1743 447 nomine
1777 391 2081 464 insignita,
2172 386 2615 459 Mopsuestenum
2688 392 2896 449 diserte
2982 394 3392 467 Intelligendum

145 496 264 537 esse
332 484 528 551 docet;
598 486 776 555 primo
845 484 1066 557 quidem
1141 486 1260 540 loco
1334 486 1572 541 dicens:

1920 485 2297 554 Μοψουεστίας
2364 485 2602 552 γεγονὼς
2669 488 2963 554 ἐπίσκοπος
3016 484 3170 555 οὗτός
3224 494 3396 558 ἐστιν,

148 567 312 643 οἶμαι·
345 576 587 630 secundo
615 587 795 633 autem
828 579 951 633 loco
989 572 1190 640 εΟὗτος
1212 577 1269 629 δέ
1294 577 1439 630 ἐστιν
1473 579 1501 630 ὁ
1536 577 1650 645 Mati

1895 593 1931 638 ς’
1970 578 2131 631 tertio
2160 578 2282 631 loco
2308 588 2435 648 post
2472 588 2830 633 memoratum
2864 581 2931 635 de
2985 585 3164 651 magia
3196 581 3397 637 Persa-

150 680 261 718 rum
319 665 589 722 Theodori
626 670 953 724 Antiocheni
1017 685 1178 739 opus,
1235 668 1468 725 subdit:
1506 662 1652 721 Οὗτος

1894 668 2114 739 εόδωρος
2163 671 2191 721 ό
2238 668 2615 737 Μοψουεστίας
2662 668 2797 723 εἶναι
2855 672 2999 725 δοκεῖ
3054 673 3132 743 (et
3176 674 3396 742 quidem

145 758 289 812 δοκεῖ
317 761 369 814 in
400 778 458 817 re
491 772 641 817 certa
677 763 788 818 dici
828 765 1049 818 solitum
1078 765 1221 835 apud
1248 764 1468 820 Graecos
1498 766 1765 835 quosdam
1812 774 2089 827 auctores,
2137 764 2477 821 demonstrat
2514 763 2958 818 Montfauconius
2983 765 3138 833 praef.
3170 766 3238 817 ad
3282 765 3398 818 Eu-

147 851 247 904 seb.
268 868 454 907 comm.
481 855 536 907 in
563 853 654 909 Ps.
680 870 801 925 cap.
830 856 919 923 x);
943 865 1137 925 quarto
1165 856 1403 925 denique
1434 856 1585 911 loco:
1622 857 1649 909 Ἀ

1895 855 1960 927 οη
1992 854 2210 925 βιϐλίον,
2234 850 2349 927 οὗή
2377 857 2658 927 ἐπιγραφὴ
2690 854 2989 923 Θεοδώρου
3018 857 3395 926 Ἀντιοχέως·

145 947 172 997 ὁ
208 948 575 1014 Maio-asotia;
603 952 659 1004 δέ
693 953 861 1017 ἐστιν,
886 950 961 1014 ὡς
980 950 1086 1003 ἀπό
1110 968 1269 1004 τινων
1299 952 1595 1004 ἐπιστολῶν
1626 953 1647 1004 ὲ

1898 970 1903 995 ι
1928 971 1940 984 ·
1967 951 2159 1007 Lectus
2191 963 2267 1008 est
2289 953 2419 1007 liber
2450 953 2709 1009 Theodori
2734 952 3085 1019 Antioclteni;
3109 955 3193 1009 hic
3222 966 3400 1009 autem

145 1038 231 1093 ille
248 1050 327 1093 est
350 1039 688 1111 Mopsuestia:
708 1043 1003 1112 episcopus.
1030 1051 1087 1094 ut
1108 1058 1181 1095 ex
1201 1042 1516 1111 quibusdam
1546 1043 1782 1111 epistolis
1805 1044 1934 1096 mihi
1958 1044 2203 1098 innotuit.
2236 1043 2377 1113 Ergo
2408 1046 2521 1099 duo
2558 1044 2684 1098 hinc
2721 1047 3023 1113 noscimus,
3057 1064 3251 1117 nempe
3282 1057 3400 1102 tum

144 1133 362 1188 codices
396 1151 615 1208 quoque
654 1145 865 1193 veteres
905 1154 1131 1207 Operam
1168 1137 1561 1209 Mopsuesteni,
1625 1142 1824 1194 nedum
1865 1155 1961 1195 eos
1996 1156 2136 1211 quos
2167 1156 2315 1194 nunc
2347 1141 2633 1206 habemus,
2668 1157 2781 1211 prae
2801 1160 2864 1198 se
2896 1145 3092 1202 tulisse
3121 1146 3400 1202 Theodori

145 1230 464 1285 Αηιὶυώυιιὶ
503 1247 732 1299 nomen;
769 1240 885 1286 tum
934 1233 1149 1301 quoties
1194 1234 1251 1288 in
1284 1234 1368 1288 his
1396 1234 1450 1288 id
1484 1249 1681 1287 nomen
1711 1249 1882 1304 prope
1911 1250 2007 1304 per
2051 1236 2492 1289 antonomasiam
2539 1235 2802 1300 occurrit,
2830 1237 3242 1309 intelligendum
3273 1255 3399 1295 esse

148 1318 605 1387 Mopsuestenum.
632 1322 802 1378 Porro
839 1330 1019 1378 autem
1053 1325 1197 1393 quod
1231 1336 1423 1379 noster
1454 1324 1778 1380 Theodorus
1826 1327 1878 1378 in
1914 1342 1988 1379 xu
2032 1326 2313 1393 prophetas
2356 1326 2667 1395 scripserit,
2711 1326 2915 1383 diserte
2948 1329 3181 1384 afﬁrmat
3222 1331 3397 1403 Syrus

146 1416 434 1473 Ebediesus
459 1420 512 1473 in
539 1422 787 1490 catalogo
823 1439 837 1475 :
871 1431 1233 1490 praeterquam
1275 1422 1419 1491 quod
1439 1422 1559 1489 ejus
1584 1422 1767 1491 operis
1795 1422 1988 1476 titulus
2019 1423 2073 1476 in
2117 1422 2352 1476 concilio
2389 1423 2556 1477 etian‘t
2598 1422 2885 1492 quinto(a)
2914 1421 3206 1489 scribitur;
3233 1438 3397 1492 quem

143 1516 317 1561 tamen
351 1519 682 1577 postremum
714 1511 893 1565 locum
924 1512 992 1565 ad
1018 1513 1283 1566 trutinam
1315 1512 1573 1581 deinceps
1600 1520 1900 1569 vocaturos
1926 1527 2067 1566 sum.
2098 1510 2369 1567 Praeterea
2408 1512 2552 1582 quod
2615 1526 2754 1582 Opus
2795 1511 3166 1583 Mopsuesteni
3190 1513 3247 1567 in
3274 1527 3397 1566 ma-

142 1602 301 1655 nibus
332 1602 649 1672 habeamus,
667 1605 793 1660 inde
822 1605 986 1661 etiam
1018 1608 1417 1676 cognoscimus,
1439 1608 1566 1677 quia
1621 1609 1678 1662 in
1706 1608 1931 1663 exordio
1980 1608 2352 1661 commentarii
2381 1607 2450 1661 ad
2493 1612 2682 1661 Oscam
2710 1613 2764 1660 et
2788 1605 2914 1659 alibi
2951 1620 3057 1658 non
3101 1604 3272 1659 semel
3297 1604 3400 1660 de-

139 1690 311 1743 clarat
350 1702 540 1747 auctor
568 1696 695 1749 sein
719 1694 966 1754 Psalmos
998 1718 1215 1772 quoque
1232 1703 1557 1773 scripsisse:
1599 1718 1762 1774 porro
1794 1719 1823 1757 a
1854 1703 2240 1774 Mopsuesteno
2271 1705 2601 1759 illustratum
2634 1703 2802 1761 fuisse
2838 1704 3187 1763 Psalterium.
3221 1702 3399 1757 notis-

138 1789 336 1841 simum
369 1800 472 1845 est.
506 1790 610 1846 Sed
644 1794 789 1848 enim
816 1797 950 1853 nihil
980 1816 1133 1870 teque
1165 1802 1508 1856 demonstrat
1546 1818 1840 1871 germanas
1874 1818 1998 1857 esse
2034 1801 2406 1871 Mopsuesteni
2453 1803 2550 1857 has
2578 1800 2967 1872 prophetarum
2992 1797 3267 1850 minorum
3301 1810 3398 1847 ex-

140 1881 497 1947 planationes,
520 1900 683 1954 quam
714 1887 893 1956 ipsum
923 1890 1194 1943 scribendi
1229 1907 1422 1961 genus,
1457 1892 1598 1960 quod
1636 1901 1876 1946 veterum
1934 1891 2003 1945 de
2037 1906 2103 1946 eo
2133 1892 2465 1946 testimoniis
2500 1894 2620 1948 sine
2656 1892 2765 1945 ulla
2801 1890 3145 1943 dubitatione
3172 1901 3399 1955 respon-

139 1977 249 2032 det.
282 1979 340 2032 In
370 1980 562 2049 primis
592 1984 868 2038 cernimus
921 1984 1066 2039 hunc
1094 1995 1373 2041 auctorem
1427 1989 1581 2057 sequi
1620 1988 1855 2043 maxime
1882 1989 2121 2043 litteram
2154 1997 2210 2044 et
2265 1989 2578 2052 historiam,
2617 2001 2780 2058 atque
2827 2000 3047 2040 omnem
3080 1982 3397 2053 allegoriam

140 2071 547 2126 studiosissime
575 2070 761 2144 fugere
795 2092 809 2129 :
849 2091 1042 2132 rursus
1076 2079 1227 2133 nullo
1254 2080 1387 2134 vitio
1415 2095 1569 2149 teque
1598 2080 1870 2143 laborare,
1903 2094 2067 2150 quam
2094 2080 2487 2148 permultarum
2512 2079 2894 2150 repetitionum
2922 2076 2978 2129 in
3008 2074 3197 2129 eadem
3223 2075 3400 2126 inter-

138 2164 263 2215 dum
319 2164 514 2234 pagina
568 2167 897 2233 iugestarum
929 2185 941 2220 :
974 2186 1096 2240 quae
1127 2186 1261 2225 sane
1297 2172 1594 2241 tautologia
1649 2171 1898 2226 delicatis
1956 2170 2185 2226 auribus
2217 2172 2392 2225 multo
2439 2180 2524 2225 est
2565 2172 2972 2228 molestissima.
3016 2170 3158 2224 Idem
3220 2166 3399 2235 longis

138 2260 377 2329 periodis
406 2262 720 2322 involvitur.
748 2263 856 2319 alte
893 2261 1106 2330 incipit,
1130 2261 1221 2315 diu
1258 2262 1477 2330 pendet,
1511 2261 1593 2316 vel
1638 2261 1861 2316 insertis
1886 2263 2043 2315 u0vis
2083 2261 2370 2316 sententiis
2408 2260 2569 2329 longe
2617 2261 2841 2323 recedit,
2880 2262 2952 2313 ita
2982 2267 3036 2312 ut
3085 2257 3279 2326 legenti
3313 2256 3399 2309 vel

139 2357 516 2426 interpretanti
535 2358 852 2413 salebrosas
882 2356 1157 2410 interdum
1190 2356 1299 2411 fiat.
1323 2359 1369 2409 A
1395 2356 1781 2426 Mopsuesteno
1804 2356 1934 2411 dum
1961 2355 2278 2426 Scripturas
2306 2356 2537 2410 arbitrio
2562 2370 2661 2409 suo
2686 2354 3003 2422 explanaret
3036 2351 3397 2419 reprehensos

135 2455 294 2516 atque
326 2448 520 2503 irrisos
560 2464 701 2518 saepe
727 2448 899 2504 fuisse
928 2450 1263 2520 antiquiores
1294 2451 1623 2521 interpretes
1658 2452 1737 2506 ait
1762 2451 2027 2508 Leontius
2061 2462 2249 2507 contra
2282 2450 2436 2506 Nest.
2472 2467 2553 2513 ιιι,
2598 2452 2685 2504 11.
2712 2447 2844 2519 Ejus
2892 2464 3020 2504 vero
3052 2465 3197 2501 nunc
3228 2448 3399 2501 Iuot'is

134 2536 573 2607 pet-frequentem
602 2538 1127 2595 demonstrationem
1159 2541 1213 2594 in
1248 2541 1333 2597 bis
1361 2544 1776 2598 commentariis
1818 2544 2088 2600 videmus.
2131 2544 2263 2599 Item
2302 2545 2597 2613 Scriptura:
2647 2542 2947 2612 permultas
2977 2541 3334 2595 auctoritates
3367 2555 3395 2590 ει

137 2627 522 2698 liopsuesteno
552 2630 706 2684 citari
735 2631 925 2688 solitas
961 2634 1036 2687 ait
1066 2633 1333 2705 Photius;
1363 2637 1508 2707 quod
1540 2638 1607 2691 ab
1636 2654 1703 2693 eo
1732 2641 2018 2695 verissime
2040 2641 2246 2694 dictum
2277 2637 2662 2694 commentarii
2690 2652 2837 2691 nunc
2861 2636 3079 2691 docent.
3107 2636 3212 2689 Sed
3248 2635 3397 2689 enim

131 2724 275 2794 quod
304 2725 384 2777 ait
414 2722 796 2779 Tillemontius
828 2725 902 2799 (ὁ)
936 2728 1381 2799 Mopsuestenum
1412 2732 1667 2786 universa
1699 2731 1876 2787 Biblia
1920 2734 2267 2801 complexum
2300 2731 2563 2785 memoria
2604 2730 2799 2793 fuisse,
2853 2728 3015 2797 cujus
3063 2729 3141 2781 rei
3198 2736 3392 2780 testem

131 2822 261 2875 citat
293 2819 590 2875 Leontium
631 2820 711 2875 De
739 2822 893 2875 sectis
929 2827 1035 2873 act.
1069 2829 1319 2885 tv;errat
1370 2819 1529 2889 plane
1560 2820 1641 2873 vir
1685 2820 1881 2874 doctus
1925 2836 2033 2875 non
2061 2819 2352 2874 intellectis
2386 2818 2596 2873 Leontii
2629 2819 2813 2874 verbis
2840 2819 2941 2889 τὴν
2979 2816 3146 2887 ἄλλην
3181 2818 3396 2887 Γραφὴν

134 2918 611 2990 ὑπεμνημάτισεν.
657 2917 800 2973 Sane
831 2934 931 2989 pro
955 2918 1119 2989 ἄλλην
1155 2917 1441 2989 legendum
1467 2932 1590 2971 esse
1622 2918 1636 2969 ε

1928 2919 2047 2987 ipsa
2073 2918 2292 2981 clamat,
2318 2923 2371 2970 et
2400 2932 2591 2971 revera
2626 2914 3210 2996 Leontiiiinterpretes
3225 2912 3396 2979 expli-

130 3022 254 3066 cant
280 3014 549 3065 universa.
585 3008 977 3065 Verumtamen
1000 3010 1449 3081 ὑπεμνημάτισεν
1494 3026 1605 3064 non
1633 3010 1888 3063 memoria
1911 3008 2188 3072 retinebat,
2222 3008 2317 3063 sed
2368 3017 2749 3062 commentatus
2773 3016 2850 3061 est
2896 3005 3187 3076 significat.
3217 3003 3399 3069 Quare

127 3102 440 3158 dicendum,
455 3104 524 3155 ad
538 3102 781 3155 universa
811 3099 991 3155 Biblia
1021 3110 1405 3155 commentatus
1431 3110 1529 3157 est.
1561 3102 1672 3155 Imo
1701 3103 1993 3171 plerosque
2024 3116 2215 3157 omnes
2241 3102 2483 3156 auctoris
2508 3117 2668 3171 quem
2692 3100 2909 3154 edimus
2932 3098 3305 3153 characteres.
3334 3096 3393 3149 in

130 3196 425 3253 Theodoro
448 3196 677 3249 Photius
699 3192 1165 3264 deprehendebat.
1192 3192 1285 3247 Sic
1309 3194 1453 3247 enim
1480 3192 1603 3247 cod.

1907 3192 2127 3261 Φεύγων
2150 3193 2241 3246 τὸν
2266 3192 2489 3249 δυνατὸν
2513 3191 2663 3262 αὐτῷ
2686 3191 2883 3263 τρόπον
2911 3193 3011 3254 τὰς
3044 3187 3371 3259 ἀλληγορίας
3377 3225 3394 3251 ι

128 3294 221 3347 καὶ
258 3292 405 3347 κατὰ
436 3291 534 3362 τὴν
576 3291 813 3361 ἱστορίαν
859 3289 960 3358 τὴν
1024 3289 1323 3361 ἑρμηνείαν
1372 3287 1727 3358 ποιούμενος’
1768 3289 2085 3356 ταυτολογεῖ
2116 3288 2172 3341 δὲ
2226 3288 2295 3341 τὰ
2333 3288 2687 3353 uisio-cantat
2715 3288 2916 3358 ἄχαρίς
2960 3303 3074 3344 πως
3106 3285 3199 3336 καὶ
3226 3282 3400 3354 ἀηδὴς

130 3382 264 3439 εἶναι
284 3372 457 3439 δοκεῖ.
501 3382 637 3437 Tum
668 3384 790 3437 cod.
840 3399 915 3450 tv,
952 3385 1106 3437 Ἐστι
1135 3383 1192 3437 δὲ
1228 3382 1327 3454 μὲν
1360 3384 1559 3453 φράσιν
1589 3386 1654 3439 οὐ
1679 3384 1818 3437 πάνυ
1848 3384 2133 3455 λαμπρόςο
2170 3387 2291 3449 ταῖς
2319 3385 2376 3438 δὲ
2402 3386 2661 3448 διανοίαις
2706 3386 2798 3437 καὶ
2824 3387 2935 3445 τοῖς
2974 3384 3397 3452 ἐπιχειρήμασιν

130 3479 245 3532 λίαν
275 3478 503 3541 πυκνὸς,
540 3479 633 3530 καὶ
659 3480 779 3539 ταῖς
800 3480 1096 3548 γραφικαῖς
1128 3478 1326 3548 ἄριστα
1355 3476 1599 3530 πλουτῶν
1631 3533 1632 3540 η

1894 3495 1973 3541 ιις.
2020 3478 2271 3545 (Photius
2304 3480 2494 3535 codice
2539 3481 2666 3534 item
2697 3486 2852 3531 serto
2903 3475 3228 3530 densitatem
3267 3490 3396 3528 sen-

130 3577 425 3631 tentiarum
456 3573 724 3629 Theodori
746 3573 970 3638 innuit.)
1001 3569 1244 3641 Denique
1273 3570 1394 3623 cod.
1432 3584 1628 3622 chxw

1889 3571 1990 3640 φὴς
2017 3570 2079 3623 δέ
2114 3573 2250 3634 ἐστι,
2275 3570 2365 3623 καί
2392 3588 2473 3624 τοι
2502 3570 2648 3636 λέξει
2681 3569 2739 3623 οὐ
2768 3566 3049 3637 ξενιζούσῃ
3081 3565 3391 3636 χρώμενος·

132 3672 263 3725 ἀλλὰ
289 3678 369 3749 τῷ
394 3672 750 3743 σχοινοτενέσι
783 3666 1017 3741 χρῆσθαι
1044 3670 1108 3721 ἐκ
1130 3666 1225 3719 τοῦ
1257 3666 1347 3718 ἐπὶ
1374 3665 1625 3718 πλεῖστον
1661 3664 1928 3735 περιόδοις
1958 3666 2053 3719 καὶ
2101 3666 2471 3737 παρεμϐολαῖς
2522 3662 2964 3733 ἀλλεπαλλήλοις,
2991 3661 3057 3714 δι’
3088 3654 3162 3714 ὧν
3192 3662 3285 3714 καὶ
3318 3664 3398 3724 εἰς

132 3768 394 3837 μήκιστον
426 3769 453 3819 ὁ
479 3763 601 3826 νοῦς
626 3764 968 3817 ἀποτείνεται
995 3761 1104 3815 τῶν
1142 3763 1539 3831 προκειμένων,
1569 3762 1689 3823 ταῖς
1735 3778 1796 3812 τε
1836 3759 1944 3814 τῶν
1992 3761 2273 3828 ὀνομάτων
2304 3759 2559 3829 πλαγίαις
2586 3758 2678 3811 καὶ
2720 3760 2840 3820 ταῖς
2875 3758 3188 3827 μετοχικαῖς
3217 3755 3397 3819 λέξεσι

130 3858 464 3923 πλεονάζειν,
494 3857 562 3909 τά
581 3856 721 3909 αὑτά
751 3872 808 3907 τε
838 3854 1097 3916 πολλάκις
1117 3855 1210 3907 καὶ
1233 3852 1353 3905 οὐδὲ
1384 3854 1480 3906 σὺν
1504 3853 1697 3922 κόσμῳ
1724 3854 2143 3915 ὲπανακυκλεῖν,
2165 3853 2257 3905 καὶ
2287 3852 2385 3915 τὰς
2405 3852 2770 3923 ἐπαναλήψεις
2786 3848 2947 3906 πλέον
2970 3851 3078 3905 τῶν
3093 3852 3397 3923 διηγήσεων

131 3957 286 4029 (ὅπερ
307 3951 577 4026 ἀμέθοδον
593 3947 897 4017 παντελῶς)
929 3951 1046 4012 ταῖς
1101 3948 1455 4019 περιστάσεσι
1497 3945 1903 4017 μμεστῶσθαι,
1958 3946 2054 4000 καὶ
2097 3948 2212 4009 τοῖς
2245 3945 2526 4011 τοιούτοις,
2561 3947 2661 4000 οὐκ
2693 3947 2871 4015 ὀλίγον
2898 3946 3061 4016 ζόφον
3087 3946 3195 4000 τῶν
3227 3947 3395 4000 αὐτοῦ

130 4052 471 4120 γραμμάτων
500 4044 915 4108 κατασκεδάζει.
959 4040 1129 4094 Porro
1157 4040 1222 4096 ad
1276 4040 1456 4109 fugam
1494 4039 1632 4107 alleg

1914 4037 2060 4107 quod
2116 4040 2332 4103 attinet,
2374 4040 2460 4093 cui
2495 4038 2913 4110 Mopsuestenus
2962 4040 3167 4111 ubique
3190 4042 3390 4101 studet,

130 4139 240 4199 ipse
273 4141 488 4196 Scilicet
542 4139 646 4194 sibi
697 4146 783 4192 est
841 4138 1267 4195 consentaneus,
1314 4130 1404 4200 qui
1450 4145 1591 4200 opus
1633 4137 1829 4185 contra
1866 4129 2157 4200 Origenem
2199 4141 2363 4202 atque
2388 4133 2713 4204 allegoricos
2752 4134 2975 4205 scripsit
3009 4136 3105 4205 (c).
3141 4133 3397 4190 Profecto

129 4231 416 4303 Origenem
441 4232 561 4286 sine
591 4230 759 4283 limite
787 4226 1094 4297 allegoricis
1125 4224 1672 4295 interpretationibus
1713 4225 2037 4289 indulsisse,
2073 4242 2248 4297 eoque
2299 4228 2550 4283 instituto
2597 4244 2813 4285 sacram
2847 4230 3151 4287 doctrinam
3188 4240 3243 4285 et
3283 4232 3396 4287 his-

134 4322 324 4375 toriam
352 4335 574 4391 pessum
606 4335 753 4390 saepe
779 4319 1023 4389 dedisse,
1053 4331 1217 4391 atque
1244 4320 1535 4376 innumera
1566 4336 1816 4375 errorum
1848 4331 2103 4392 portenta
2147 4323 2442 4388 invexisse,
2474 4341 2637 4380 nemo
2673 4336 2758 4381 est
2800 4328 2890 4399 qui
2924 4335 3100 4398 neget.
3144 4328 3392 4383 Morbum

129 4410 272 4466 hunc
318 4411 752 4481 ingeniosissimi
797 4410 1049 4483 Origenis
1102 4412 1238 4467 satis
1291 4420 1660 4480 praesenserat
1698 4422 1854 4483 pater
1896 4414 2053 4481 ejus,
2097 4412 2305 4468 Christi
2343 4415 2581 4487 inclytus
2621 4430 2826 4489 martyr
2860 4418 3151 4486 Leonidas,
3174 4421 3294 4489 qui,
3333 4426 3393 4473 ut

130 4504 293 4559 tradit
332 4502 605 4557 Eusebius
646 4502 765 4574 (cf),
808 4503 1248 4559 admonefecerat
1284 4502 1457 4556 ﬁlium
1515 4520 1581 4557 ne
1636 4504 1778 4557 ultra
1842 4504 2065 4559 obvium
2120 4521 2342 4559 sensum
2394 4508 2449 4560 in
2506 4508 2709 4563 divinis
2745 4510 3045 4579 Scripturis
3092 4511 3390 4580 quidquam

128 4596 452 4665 requireret,
495 4594 571 4666 μὴ
618 4595 716 4666 τῆς
750 4595 1060 4667 προφανοῦς
1090 4594 1328 4659 διανοίας
1366 4598 1627 4667 περαιτέρ

1889 4599 1993 4651 τείν
2032 4601 2333 4671 παραινῶν.
2394 4602 2458 4655 Et
2497 4605 2719 4674 quidem
2764 4621 2864 4676 ego
2907 4617 3098 4660 contia
3141 4606 3391 4674 Origenis

127 4686 447 4741 audaciores
468 4686 676 4756 aliquot
703 4686 1015 4756 allegorias,
1053 4686 1202 4740 locos
1236 4686 1533 4741 nonnullos
1570 4686 1792 4742 Patrum
1849 4690 2160 4759 incognitos
2211 4692 2584 4761 producturus
2616 4696 2668 4750 in
2710 4696 2886 4751 lucem
2916 4698 3210 4767 aliquando
3244 4715 3389 4755 sum.

124 4775 479 4833 Caesariensis
509 4774 775 4831 Eusebius
801 4775 1052 4845 Origenis
1076 4774 1457 4847 perstudiosus
1489 4776 1871 4848 apologeticon
1906 4783 2130 4851 scripsit
2163 4798 2263 4852 pro
2291 4784 2599 4855 allegoricis
2616 4787 2782 4856 hujus
2800 4788 3347 4861 interpretationibus
3374 4809 3390 4856 ;

125 4870 281 4939 cujus
307 4871 387 4925 rei
413 4870 677 4924 certiores
710 4885 812 4925 nos
860 4869 993 4925 facit
1027 4870 1329 4925 Ebediesus
1360 4871 1414 4925 in
1458 4873 1710 4944 catalogo
1749 4871 1844 4943 (ε),
1896 4874 1991 4945 qui
2033 4875 2185 4930 addit
2238 4877 2459 4934 Eusebii
2492 4880 2545 4934 id
2599 4896 2739 4951 opus
2790 4883 3087 4940 refutatum
3147 4885 3323 4943 fuisse
3361 4904 3395 4944 a

125 4959 431 5016 Theodoro.
461 4959 643 5027 Quare
667 4961 780 5031 jam
807 4978 969 5017 nemo
1000 4964 1315 5027 mirabitur,
1334 4964 1471 5019 nihil
1498 4965 1732 5021 omnino
1759 4966 2058 5037 allegorico
2087 4983 2253 5025 sensu
2289 4972 2430 5040 apud
2464 4983 2713 5027 nostrum
2747 4985 3027 5032 auctorem
3055 4978 3189 5035 dici.
3214 4978 3391 5035 Caete«
3436 4982 3437 4985 “

123 5056 277 5125 roqui
321 5054 466 5125 quod
490 5056 687 5109 attinet
731 5055 799 5110 ad
840 5057 1133 5126 Augustini
1184 5058 1251 5127 (Γ)
1310 5075 1405 5116 seu
1444 5062 1627 5130 potius
1658 5060 1818 5118 Pauli
1859 5062 2087 5129 dictum,
2141 5066 2284 5136 quod
2334 5083 2498 5122 omne
2523 5067 2693 5125 Vetus
2744 5070 3156 5129 Testamentum
3219 5075 3392 5146 ﬁgura

124 5147 194 5200 sit
224 5146 383 5212 Novi,
413 5146 672 5218 quodque
697 5150 883 5202 omnia
910 5149 979 5203 ad
1026 5150 1307 5207 Christum
1338 5163 1525 5223 postea
1553 5162 1847 5211 venturum
1886 5159 2058 5213 relata
2099 5159 2320 5225 fuerint,
2357 5160 2630 5218 Theodori
2652 5180 2873 5235 quoque
2902 5168 3076 5223 nostri
3125 5179 3394 5227 constans

124 5238 391 5331 sententia
413 5247 497 5294 est
528 5247 643 5293 tum
679 5239 734 5292 in
768 5240 1010 5311 prologis
1044 5249 1160 5296 tum
1197 5244 1359 5297 etiam
1391 5246 1543 5300 alibi.
1580 5245 1836 5302 Profecto
1872 5250 2227 5319 allegoricum
2274 5260 2327 5306 et
2355 5256 2715 5325 anagogicum
2750 5265 2805 5312 et
2835 5258 3066 5328 quodvis
3095 5261 3392 5331 mysticum

123 5327 512 5400 interpretandi
558 5346 731 5398 genus
784 5347 946 5385 nemo
988 5336 1111 5402 pius
1142 5349 1237 5402 per
1271 5350 1330 5389 se
1361 5345 1705 5403 contemnet,
1736 5339 1885 5408 quod
1938 5341 2077 5410 ipsis
2123 5343 2385 5411 apostolis
2446 5343 2816 5417 Patribusque
2853 5327 3193 5418 apostolicis
3245 5351 3389 5405 haud

124 5420 441 5476 inusitatum
472 5423 742 5478 videmus.
776 5422 1123 5496 Czeteroquin
1156 5434 1430 5495 quatenus
1465 5431 1872 5498 procedendum
1906 5433 1996 5499 sit,
2031 5432 2085 5486 id
2133 5433 2351 5488 demum
2391 5438 2687 5505 prudentes
2716 5438 3037 5507 decernent,
3073 5441 3170 5512 qui
3220 5455 3397 5511 neque

192 5572 268 5711 fa)
308 5575 428 5628 Act.
465 5576 521 5642 4,
549 5594 602 5649 p.
624 5581 746 5634 ‘2“.

213 5644 262 5710 ὁ)
286 5642 444 5697 Hem.
469 5650 599 5704 sccl.
633 5658 766 5705 tom.
808 5650 900 5705 XII
936 5668 989 5711 D.
1024 5654 1150 5709 451.

1878 5589 1954 5657 (ιι)
1988 5588 2124 5640 Ilist.
2157 5590 2285 5645 θερί.
2328 5588 2414 5654 Vl,
2444 5590 2496 5643 ‘2.

1024 5654 1150 5709 451.
1877 5664 1943 5711 (ei
1967 5657 2099 5711 Cal).
2142 5660 2227 5711 H.

213 5644 262 5726 ὁ)
286 5642 599 5726 adunca-1.
633 5658 766 5726 tom_.
808 5650 900 5705 XII
936 5668 989 5723 p.
1024 5654 1150 5726 45L
1515 5725 1520 5726 ν
1602 5724 1618 5726 _

724 5667 766 5726 η,
808 5650 900 5705 xu
936 5668 989 5723 p.
1024 5654 1150 5726 tsi.
1515 5725 1520 5726 ί
1602 5724 1618 5726 _
1877 5642 2099 5726 (ejcap.
2142 5660 2226 5713 ιι.

190 5716 264 5800 (rt
294 5714 587 5800 Ebediesus
619 5722 779 5777 catal.
811 5714 951 5793 capf
982 5728 1061 5791 l9,
1102 5725 1345 5782 Facund.
1381 5742 1462 5793 Ill,
1497 5725 1564 5792 6;
1602 5724 1692 5780 Li-
1976 5714 2195 5787 De'Gcn.
2224 5732 2291 5785 ad
2326 5732 2429 5786 litt.
2467 5732 2506 5798 l,
2549 5733 2600 5787 1.

127 5782 543 5854 ιιι-ειςυρλι.
879 5782 897 5793 ·
1049 5782 1061 5791 '
1450 5782 1461 5793 '
1550 5782 1562 5792 '
1878 5782 1932 5800 “’
2028 5782 2079 5821 ί
