3804 6222
377 301 471 354 HI
1609 283 1769 340 ANG.
1813 281 1879 338 Ml

2123 278 2391 335 EFATlO.
3521 284 3625 340 ΜΩ

377 424 486 470 tota
510 407 848 468 credulitatis
883 405 1033 459 frena
1067 403 1350 465 laxabunt,
1395 413 1572 469 neque
1612 397 1954 452 committent
1991 405 2049 449 ut
2089 411 2199 449 non
2229 402 2337 448 tam
2387 394 2738 466 interpretari
2790 396 3078 452 videantur
3113 412 3276 469 quam
3317 399 3425 454 vim
3471 399 3625 454 Scri-

377 506 552 578 pturis
586 502 786 560 inferre
817 515 830 550 ε
858 496 1011 566 quasi
1037 509 1146 548 non
1179 494 1251 549 sit
1285 491 1556 560 piaculum
1587 503 1799 544 sacram
1828 487 2135 542 doctrinam
2168 486 2487 555 depravare,
2524 494 2578 540 et
2598 487 2664 540 ad
2696 487 3030 544 voluntatem
3065 505 3222 544 suam
3255 491 3476 546 oracula
3511 501 3629 547 tra-

379 577 506 655 here
539 593 917 664 repugnantia.
945 587 1204 644 Nonnulli
1232 583 1452 639 interim
1480 589 1693 636 tantum
1729 581 1846 639 sibi
1866 594 2172 649 sumpsere,
2212 587 2272 633 ut
2307 578 2576 648 quidquid
2601 577 2706 648 ipsi
2737 581 2956 645 vellent,
2971 583 3257 652 Scriptura
3285 585 3534 641 sentiret.
3560 584 3632 640 Et

377 703 556 748 tamen
592 702 822 758 magnus
853 684 1216 752 Hieronymus
1243 679 1320 748 (a)
1345 677 1788 733 commemoratis
1815 674 2181 728 vetustiorum
2211 673 2420 743 aliquot
2446 673 2502 725 in
2523 669 2842 726 Zachariam
2873 675 3180 743 prophetam
3213 679 3629 734 commentariis

377 787 646 861 mysticis,
695 784 880 838 statim
929 778 1114 834 subdit
1167 791 1226 830 se
1280 773 1523 827 historia:
1569 769 1883 825 Judaaorum
1941 768 2307 839 tropologiam
2357 767 2650 823 miscuisse
2691 767 3154 838 Christianorum,
3215 780 3276 828 ut
3329 773 3632 829 aediﬁcaret

379 896 544 952 supra
579 886 787 950 petram
827 883 1012 930 etnon
1051 886 1216 941 super
1239 883 1483 932 arenam,
1517 881 1582 921 ac
1620 865 1818 922 stabile
1842 864 2049 935 iaceret
2067 864 2487 919 fundamentum
2515 861 2662 934 quod
2680 863 2886 922 Paulus
2911 866 3250 922 architectus
3285 871 3540 939 posuisse
3570 887 3632 926 sc

379 973 592 1030 scribit.

446 1065 537 1120 IV.
572 1062 863 1131 Reliquum
891 1063 975 1111 est
1009 1063 1067 1108 ut
1099 1053 1441 1108 suborientes
1471 1048 1736 1120 quasdam
1771 1055 1964 1102 contra
2007 1047 2345 1102 authentiam
2372 1049 2572 1118 operis,
2599 1066 2695 1106 seu
2740 1049 2920 1120 potius
2946 1049 3013 1104 de
3033 1057 3255 1104 auctore
3287 1051 3428 1121 ejus,
3463 1052 3634 1107 dubi-

380 1161 615 1215 tationes
646 1155 913 1212 relellam.
945 1149 1005 1204 ln
1029 1150 1234 1219 quintae
1259 1145 1454 1218 synodi
1492 1145 1710 1198 actione
1739 1151 1959 1213 quarta,
1987 1143 2285 1197 multarum
2323 1143 2586 1201 adversus
2635 1144 2980 1201 Theodorum
3009 1145 3458 1202 criminationum
3484 1150 3638 1203 vice-

379 1261 516 1313 sima
551 1256 698 1308 hunc
725 1251 888 1305 habet
912 1248 1131 1302 titulum
1162 1263 1175 1300 :
1213 1241 1474 1297 Theodori
1497 1239 1854 1308 Mopsuesteni
1891 1253 1954 1292 ea:
1987 1240 2247 1308 principio
2274 1241 2639 1295 commentarii
2661 1239 2760 1311 (b),
2794 1239 2934 1310 quod
2958 1241 3012 1293 in
3041 1239 3320 1294 duodecim
3351 1243 3636 1311 prophetas

379 1352 612 1422 scripsit,
632 1347 894 1416 abnegans
913 1340 1215 1412 prophetias
1245 1338 1308 1392 de
1344 1335 1556 1392 Christo
1582 1351 1694 1388 esse
1714 1332 2036 1402 prwdictas;
2068 1333 2160 1388 sed
2191 1351 2296 1387 non
2348 1335 2575 1390 volentes
2629 1335 2896 1406 (loquitur
2923 1333 3333 1406 lllopsuetenus)
3369 1336 3474 1390 ista
3503 1354 3635 1391 con-

379 1447 635 1503 siderare,
665 1456 808 1496 voces
835 1451 1011 1492 omnes
1037 1434 1243 1488 trahere
1278 1431 1345 1484 ad
1374 1430 1660 1484 Dominum
1683 1438 1885 1482 tentant
1913 1427 2204 1494 Christum,
2232 1437 2288 1481 ut
2309 1439 2356 1482 et
2382 1446 2498 1500 qua:
2520 1430 2583 1484 de
2609 1431 2802 1500 populo
2823 1432 2972 1498 facta
2994 1440 3139 1495 sunt,
3176 1430 3344 1484 simili
3365 1435 3522 1485 modo
3549 1435 3636 1487 in-

381 1539 693 1609 telligerent,
745 1543 794 1586 et
839 1531 1004 1583 risum
1053 1531 1368 1595 praestarent
1417 1520 1660 1584 Iudicis,
1720 1521 1932 1592 quando
1981 1534 2046 1574 ea:
2084 1521 2404 1589 scriptorum
2448 1523 2717 1592 sequentia
2754 1523 2888 1576 nihil
2938 1522 3006 1575 ad
3039 1523 3320 1576 Dominum
3361 1522 3639 1580 Christum

380 1631 692 1699 pertinentes
712 1620 989 1677 ostendunt
1011 1632 1177 1672 voces.
1216 1613 1398 1683 Pergit
1427 1611 1624 1666 deinde
1652 1610 2024 1680 Mopsuesteni
2053 1619 2344 1665 accusator
2376 1625 2498 1681 cap.
2523 1614 2591 1666 21
2617 1621 2670 1667 et
2699 1613 2770 1666 22
2796 1612 3042 1683 proferre
3063 1615 3274 1683 aliquot
3299 1617 3636 1682 psalmorum

384 1725 555 1783 locos,
589 1735 619 1774 e
657 1714 857 1786 quibus
883 1707 1199 1765 vaticinium
1231 1705 1516 1760 exclusum
1548 1703 1905 1772 conqueritur
1935 1717 1965 1754 a
2005 1700 2418 1771 Mopsuesteno.
2441 1701 2695 1758 Jamvero
2737 1702 3119 1758 Commentarii
3151 1705 3209 1757 in
3251 1720 3326 1758 xu
3353 1708 3637 1777 prophetas

382 1823 500 1878 sine
523 1816 690 1870 dubio
717 1810 934 1865 initium
962 1801 1337 1873 interpretatio
1366 1799 1521 1854 Oscae
1542 1808 1646 1862 est,
1685 1813 1794 1852 non
1817 1807 1928 1851 tam
1965 1799 2093 1868 quia
2147 1797 2200 1852 id
2231 1797 2367 1851 ordo
2407 1797 2525 1868 ipse
2557 1797 2613 1852 in
2658 1798 2940 1854 codicibus
2979 1801 3158 1866 docet,
3204 1819 3367 1874 quam
3396 1805 3525 1875 quia
3554 1805 3639 1861 sic

384 1917 458 1969 ait
480 1908 671 1982 primis
694 1902 878 1958 verbis
909 1907 1122 1952 auctor.
1158 1891 1320 1959 Atqui
1355 1889 1410 1942 in
1432 1889 1559 1952 hoc,
1605 1887 1749 1957 quod
1775 1885 1912 1948 dixi,
1962 1885 2124 1940 initio
2174 1885 2384 1938 nullum
2415 1900 2720 1941 consonum
2755 1887 3028 1958 synodico
3052 1887 3132 1941 illi
3172 1895 3486 1948 testimonio
3510 1909 3638 1949 ver-

383 2014 510 2065 bum
533 2013 635 2061 est.
661 1998 803 2067 Quid
837 1991 1002 2064 ergo?
1025 1990 1301 2046 idcircone
1352 1985 1419 2038 de
1447 1993 1672 2038 auctore
1701 1983 1957 2037 dubitare
1989 1983 2153 2037 licet?
2187 1982 2410 2036 minime
2450 1982 2715 2052 gentium.
2745 1985 2884 2037 Cum
2938 1985 3086 2039 enim
3133 1987 3353 2043 aliunde
3379 1991 3638 2060 explora.

384 2105 658 2160 tissimum
704 2097 797 2157 sit,
843 2083 1222 2146 commentarii
1249 2080 1414 2151 hujus
1467 2079 1912 2149 Mopsuestenum
1974 2093 2097 2134 esse
2151 2086 2456 2140 auctorem,
2498 2079 2749 2149 sequitur
2799 2090 2860 2134 ut
2913 2081 2969 2134 iu
3002 2082 3267 2152 synodico
3303 2086 3492 2142 codice
3537 2103 3641 2158 pro

385 2188 778 2254 Commentario
802 2186 856 2238 in
891 2195 965 2235 χιι
991 2174 1294 2247 prophetas,
1323 2172 1744 2228 Commentarius
1770 2173 1826 2223 in
1848 2169 2097 2224 Psalmos
2128 2170 2478 2240 reponendus
2509 2171 2613 2238 sit;
2657 2171 2810 2242 isque
2842 2187 2998 2227 error
3038 2176 3123 2229 vel
3165 2175 3485 2249 Callouymo
3509 2197 3645 2236 con-

383 2287 494 2345 cilii
528 2279 741 2338 notario
771 2290 866 2333 seu
887 2267 1179 2340 eclogario,
1210 2266 1302 2335 qui
1329 2265 1400 2319 ibi
1431 2264 1645 2326 recitat,
1678 2262 2042 2318 ascribendus
2063 2272 2186 2328 est;
2224 2261 2308 2316 vel
2337 2269 2486 2316 certe
2510 2272 2694 2331 postea
2729 2263 2795 2327 in,
2813 2263 3108 2333 synodicos
3136 2265 3375 2331 codices,
3402 2285 3639 2338 quorum

387 2381 571 2437 nullus
599 2373 734 2430 satis
768 2365 1027 2434 antiquus
1045 2373 1333 2429 superesse
1363 2356 1604 2421 videtur,
1641 2356 1894 2425 irrepsit.
1934 2353 2140 2426 Synodi
2175 2355 2383 2424 quinta:
2414 2354 2638 2410 Graecus
2670 2355 2753 2411 vel
2788 2356 2982 2411 saltem
3034 2357 3262 2414 Latinus
3291 2361 3463 2416 codex
3507 2363 3644 2420 mihi

387 2473 571 2529 nullus
604 2467 668 2520 ad
694 2474 914 2517 manum
945 2463 1049 2516 est,
1085 2452 1139 2506 in
1165 2467 1274 2521 quo
1307 2448 1597 2504 lectionem
1629 2450 1886 2518 vestigem
1921 2465 1934 2502 :
1974 2451 2276 2518 praesertim
2308 2447 2436 2517 quia
2469 2448 2664 2519 synodi
2695 2447 2864 2518 hujus
2898 2458 3021 2503 acta
3047 2451 3306 2522 pleraque
3336 2455 3640 2523 perierunt,

391 2565 530 2632 Ergo
553 2555 792 2618 interim,
822 2551 997 2606 donec
1027 2547 1324 2617 synodicus
1351 2544 1523 2600 codex
1565 2544 1764 2600 aliquis
1800 2545 2080 2598 meliorem
2135 2543 2371 2598 fortasse
2403 2544 2695 2598 lectionem
2744 2542 2955 2608 ollerat,
2980 2560 3079 2614 ego
3109 2547 3327 2616 quidem
3362 2550 3427 2602 ad
3468 2565 3647 2606 remo-

389 2657 619 2714 vendam
650 2653 792 2705 hanc
819 2643 1312 2701 contradictionem
1362 2642 1722 2710 sequentibus
1754 2651 1876 2694 utar
1919 2642 2278 2710 argumentis.
2321 2638 2537 2694 Titulus
2585 2640 2676 2694 ille
2716 2655 2780 2694 ex
2807 2638 3064 2708 principio
3099 2645 3467 2697 commentarii
3485 2645 3541 2698 in
3569 2660 3644 2698 xu

391 2751 671 2823 prophetas
715 2756 944 2814 prorsus
974 2736 1189 2792 videtur
1234 2747 1358 2787 esse
1389 2731 1751 2801 obreptitius;
1809 2729 2077 2799 quidquid
2125 2731 2269 2782 enim
2322 2730 2396 2783 ibi
2434 2729 2689 2798 praecedit
2733 2739 2828 2782 aut
2875 2729 3146 2796 sequitur,
3186 2731 3238 2785 id
3282 2747 3315 2786 e
3368 2732 3646 2791 Theodori

393 2817 789 2900 Commentario
817 2835 872 2887 in
907 2828 1155 2884 Psalmos
1192 2822 1495 2876 desumitur
1542 2840 1554 2874 :
1596 2819 1850 2889 praecedit
1893 2819 2036 2874 enim
2086 2817 2319 2884 eiusdem
2352 2833 2416 2871 ea:
2448 2817 2877 2886 interpretatione
2925 2825 3095 2877 octavi
3131 2826 3354 2892 psalmi;
3399 2830 3653 2899 sequitur

393 2935 628 3008 ejusdem
686 2931 741 2984 in
767 2927 1031 2997 psalmum
1053 2920 1353 2974 vicesimum
1381 2919 1628 2986 primum.
1654 2914 1713 2968 Et
1741 2926 1928 2982 postea
1957 2914 2193 2985 ejusdem
2225 2915 2288 2968 de
2311 2915 2741 2982 interpretatione
2764 2930 2932 2970 LXVI“
2963 2920 3174 2986 psalmi.
3202 2920 3305 2977 Sed
3324 2925 3467 2993 quod
3485 2934 3654 2996 caput

396 3041 502 3097 est,
539 3029 645 3085 loci
679 3024 802 3096 ipsi,
834 3021 928 3091 qui
980 3018 1083 3073 sub
1111 3015 1251 3070 falso
1285 3015 1444 3067 titulo
1489 3012 1870 3068 Commentarii
1912 3012 1968 3065 in
2017 3027 2092 3065 xu
2135 3014 2411 3078 prophetas
2461 3011 2725 3071 citantur,
2774 3011 3009 3065 universi
3041 3028 3072 3067 e
3105 3012 3339 3072 Psalmis
3366 3025 3653 3088 petuntur,

401 3137 562 3194 atque
585 3113 895 3174 intermedii
925 3116 1055 3164 sunt
1084 3109 1227 3166 inter
1263 3119 1519 3166 octavum
1548 3118 1596 3162 et
1632 3107 1952 3162 vicesimum
1974 3110 2208 3174 primum
2229 3104 2520 3172 psalmum,
2553 3103 2646 3172 qui
2682 3103 2936 3157 laudatur
2966 3105 3020 3159 in
3065 3108 3433 3178 subsequente
3461 3113 3652 3184 titulo;

402 3229 596 3286 nempe
623 3209 975 3281 proferuntur
1029 3217 1060 3256 e
1097 3204 1322 3271 psalmis
1348 3215 1425 3255 xtl
1457 3209 1513 3254 et
1539 3215 1628 3266 sv,
1659 3206 1713 3253 et
1754 3213 1816 3252 ex
1852 3196 1972 3264 ipso
1996 3196 2252 3265 xxt;'qua
2282 3210 2347 3248 ex
2383 3210 2443 3247 re
2493 3201 2720 3264 apparet
2765 3195 3088 3264 synodicum
3129 3202 3458 3272 eelogarium
3515 3207 3656 3261 nihil

401 3283 548 3370 aliud
577 3310 648 3364 ibi
691 3305 917 3359 recitare
950 3310 1114 3366 quam
1143 3293 1390 3346 locorum
1429 3289 1626 3344 seriem
1655 3301 1721 3340 ex
1765 3284 2157 3338 Commentario
2207 3283 2576 3353 Mopsuesteni
2630 3285 2686 3337 in
2724 3283 2973 3339 Psalmos
3003 3289 3294 3344 ordinatim
3357 3309 3658 3367 excerpta-

402 3419 544 3460 rum.
570 3398 635 3452 Et
666 3392 884 3464 quidem
922 3389 976 3442 in
1017 3381 1251 3439 Psalmis
1276 3377 1512 3433 maxime
1562 3373 1987 3442 interpretandis
2031 3389 2220 3427 ansam
2261 3374 2742 3430 criminationibus
2777 3376 3048 3430 obtulerat
3099 3378 3535 3450 Mopsuestcnus,
3560 3390 3655 3457 qui

399 3492 624 3571 juvenili
656 3491 709 3542 in
741 3487 810 3540 iis
839 3481 1065 3536 audacia
1093 3473 1459 3530 exsultaverat
1487 3487 1502 3524 :
1533 3481 1655 3520 nam
1684 3467 1730 3520 si
1760 3473 1908 3520 certe
1932 3480 2056 3520 vera
2088 3475 2276 3518 narrat
2314 3464 2576 3519 Leontius
2605 3466 2702 3520 ιιι).
2737 3481 2820 3529 ιιι,
2853 3467 2944 3524 15,
2970 3479 3155 3522 contra
3194 3470 3374 3538 Nest.,
3405 3478 3654 3544 psalmos

403 3554 592 3645 bmnes
622 3581 690 3636 ad
717 3571 1105 3632 Zorobabelem
1133 3574 1188 3618 et
1213 3562 1463 3616 Ezcciam
1505 3559 1788 3621 retulerat,
1827 3556 2001 3610 tribus
2040 3564 2250 3609 tantum
2287 3556 2514 3625 Christo
2538 3554 2770 3609 Domino
2814 3562 3132 3614 reservatis.
3171 3561 3307 3616 Tum
3354 3564 3664 3639 Hesychius

407 3643 699 3736 historicus
739 3666 881 3740 apud
902 3659 1099 3718 comm
1138 3655 1204 3717 γ’
1247 3661 1355 3708 δίει,
1385 3668 1444 3712 γ,
1471 3649 1540 3704 de
1575 3649 1960 3717 Mopsuesteuo
1991 3648 2069 3700 sic
2102 3645 2344 3712 loquitur
2373 3665 2384 3698 :
2434 3643 2618 3696 Prima
2642 3644 2894 3698 elementa
2924 3663 3036 3701 sua:
3063 3649 3319 3706 doctrinm
3338 3670 3403 3708 ea:
3423 3654 3661 3712 Iudaico

405 3774 705 3841 vaniloqnio
739 3739 1015 3832 incipiens,
1059 3754 1292 3809 codicem
1334 3749 1388 3802 in
1424 3745 1761 3817 prOphetiam
1795 3744 2132 3813 psalmorum
2165 3740 2693 3807 conscripsit,omnes
2735 3739 2798 3793 de
2841 3739 3069 3795 Domino
3106 3744 3470 3808 prwtlictiones
3500 3747 3665 3802 abne—

407 3829 636 3942 qanteni.
670 3829 857 3925 Neque
888 3862 1070 3905 tamen
1095 3851 1324 3899 externo
1362 3835 1678 3891 testimonio
1706 3849 1844 3902 opus
1867 3838 1970 3897 est,
2002 3847 2124 3883 cum
2161 3830 2338 3898 ipsum
2364 3837 2640 3882 auctorem
2673 3829 2970 3883 habeamus
2999 3833 3198 3899 scripta
3228 3834 3402 3888 suain
3422 3837 3662 3902 psalmos

1195 3933 1204 3942 .
1353 3931 1360 3939 ι
1401 3936 1412 3942 -
1461 3928 1470 3942 ι
1629 3941 1634 3942 ,
1670 3927 1708 3942 ι-
1743 3940 1767 3942 ,_
1816 3940 1905 3942 __,_.
1933 3923 1945 3942 Ι
1984 3921 2084 3942 [3,...
2114 3921 2293 3942 ,_..l.__.-
2335 3935 2392 3942 --.
2462 3920 2492 3942 Ω
2529 3937 2543 3942 -
2593 3919 2664 3942 D-
2694 3936 2752 3942 _--
2777 3936 2803 3942 -.
2829 3923 3021 3942 _---.'_-._
3061 3941 3128 3942 ,,,,
3159 3934 3171 3942 .
3210 3925 3220 3934 ο
3376 3927 3436 3942 ,I-
3619 3931 3633 3940 -

408 3919 679 4031 Praecipue
709 3919 792 4003 sic
812 3945 1160 3997 accusantem
1191 3933 1246 3985 in
1280 3928 1508 3998 epistola
1541 3927 1774 3995 quadam
1805 3923 1946 3991 apud
1982 3921 2297 3974 Facundqu
2335 3935 2416 3984 ιιι,
2462 3920 2494 3973 6
2529 3937 2543 3973 :
2585 3919 2666 3972 Ea
2688 3936 2803 3988 qua:
2825 3923 3022 3990 scripta
3051 3934 3172 3977 sunt
3209 3925 3261 3978 in
3297 3927 3536 3995 psalmos
3557 3931 3663 3983 mi-

407 4014 713 4119 ;aris,lqute
741 4042 902 4097 etiam
930 4035 1102 4103 prima
1126 4036 1436 4080 cancrorum
1460 4022 1693 4075 omnium
1720 4019 2028 4081 scripsimus
2059 4033 2075 4069 :
2095 4033 2197 4069 non
2221 4026 2394 4068 autem
2417 4025 2672 4083 quantam
2699 4023 2999 4081 oportuerat
3018 4014 3298 4069 habuimus
3320 4018 3464 4071 circa
3493 4020 3662 4073 istam

411 4161 517 4202 rem
537 4110 863 4208 ἀείφεηιίαηι
894 4121 1080 4192 :passi
1102 4126 1239 4175 enim
1273 4134 1454 4173 sumus
1480 4129 1799 4185 quiscunque
1838 4113 2164 4180 incipientes,
2191 4123 2244 4163 ut
2277 4111 2463 4173 evenit,
2493 4113 2545 4163 in
2577 4112 2842 4178 imperitia
2865 4110 3127 4164 scribendi
3149 4115 3463 4168 constituti:
3497 4117 3665 4188 siqui-

408 4249 527 4303 dem
567 4256 616 4296 et
670 4234 868 4291 multas
890 4221 1282 4281 immutationes
1307 4214 1488 4270 abillo
1534 4223 1763 4280 tempore
1791 4227 1907 4280 qua:
1946 4219 2126 4262 nostra
2155 4219 2275 4262 sunt
2311 4218 2670 4277 susceperunt,
2717 4225 2848 4277 quas
2874 4223 2975 4260 non
3002 4218 3079 4262 est
3109 4211 3384 4278 pra-sentis
3409 4217 3663 4282 temporis

409 4298 661 4395 enarrare
693 4344 710 4382 :
741 4340 807 4381 ex
833 4337 937 4394 qua
976 4329 1142 4370 causa
1165 4309 1332 4380 magis
1361 4305 1676 4375 negligenter
1707 4319 1736 4354 a
1759 4301 1907 4354 nobis
1943 4302 2233 4368 composita
2252 4309 2373 4352 sunt
2402 4300 2654 4367 plurima,
2701 4308 2751 4352 et
2777 4298 3001 4351 maxime
3025 4298 3122 4352 illa
3153 4317 3268 4369 quae
3314 4304 3487 4370 prima
3511 4317 3660 4361 sunt.

411 4433 610 4488 lterum
643 4427 760 4494 ipse
786 4417 826 4473 1ἲ
831 4412 1078 4473 acundus
1097 4423 1150 4475 κ,
1170 4408 1203 4462 5
1237 4426 1250 4461 :
1289 4404 1592 4459 Theodorus
1631 4405 1772 4454 ultro
1804 4401 2138 4467 semetipsum
2170 4397 2544 4466 reprehendens
2576 4398 2633 4450 in
2657 4396 2980 4464 expositione
3007 4397 3362 4464 Psalmornm,
3387 4403 3662 4472 confessus

411 4486 490 4580 est
519 4486 1008 4594 quodhwgligenter
1042 4518 1144 4559 ase
1164 4499 1451 4564 composita
1481 4495 1676 4564 fuerint
1716 4494 1970 4562 plurima,
1995 4500 2043 4544 et
2072 4492 2299 4543 maxime
2334 4491 2430 4542 illa
2478 4505 2592 4560 qua:
2631 4491 2804 4558 prima
2836 4497 2978 4544 sunt.
3025 4486 3166 4542 Sane
3197 4490 3238 4540 si
3263 4490 3330 4545 de
3362 4506 3470 4545 uno
3494 4507 3666 4561 opere

416 4619 502 4671 hic
532 4585 772 4683 loquitur
811 4599 1120 4659 Facuntlus,
1148 4597 1338 4652 utiaue
1361 4598 1603 4664 apparet,
1631 4589 1974 4644 Theodorum
2015 4603 2080 4642 ex
2116 4602 2212 4642 sua
2239 4585 2580 4641 Psalmorum
2606 4587 3052 4655 interpretatione
3083 4586 3354 4656 praecipue
3383 4589 3658 4656 vitupera-

417 4715 560 4767 visse
606 4680 935 4779 principium
993 4696 1172 4764 operis
1205 4693 1294 4761 (de
1321 4706 1432 4762 quo
1468 4689 1681 4746 scilicet
1728 4686 2003 4757 principio
2035 4683 2173 4753 apud
2233 4690 2440 4738 textum
2488 4683 2804 4752 synodicum
2850 4695 3031 4736 sermo
3059 4680 3186 4749 est).
3234 4681 3336 4732 Sed
3381 4685 3500 4732 esto
3530 4695 3666 4736 sane

415 4768 752 4873 atnbiguum,
781 4768 965 4849 utrum
991 4785 1134 4858 apud
1161 4783 1478 4839 Facundum
1509 4779 1834 4834 vocabulum
1885 4775 2058 4845 prima
2082 4775 2354 4842 signiticet
2389 4775 2685 4842 primordia
2714 4775 2903 4840 operis,
2943 4789 3011 4826 an
3059 4771 3238 4841 potius
3269 4769 3531 4823 scribendi
3560 4768 3668 4821 ini-

417 4862 592 4962 tium;
644 4893 866 4948 minime
895 4901 1022 4941 vero
1055 4881 1217 4937 dubia
1249 4888 1332 4934 est
1359 4877 1572 4932 Leontii
1598 4875 1897 4928 auctoritas
1927 4881 2112 4926 contra
2145 4870 2299 4928 Nest.
2341 4872 2435 4926 lib.
2466 4887 2549 4934 ιιι,
2578 4872 2666 4936 45,
2692 4872 2783 4925 ubi
2831 4872 3034 4938 scripta
3067 4864 3430 4935 Mopsuesteui
3453 4862 3665 4929 vitupe-

417 5007 570 5053 rans,
603 4989 656 5043 in
683 4989 767 5042 his
784 4990 1032 5040 recenset
1056 4981 1154 5046 τὴν
1179 4978 1316 5032 κατὰ
1339 4975 1447 5029 τῶν
1483 4973 1641 5045 ἱερῶν
1689 4971 1918 5042 ψαλμῶν

2163 4968 2263 5022 tath
2293 4968 2665 5039 προθεωρίανε
2701 4968 2781 5022 sic
2805 4967 2948 5020 enim
2983 4962 3125 5018 edidi
3167 4977 3230 5014 ex
3263 4960 3452 5014 Graeco
3477 4958 3665 5015 codice

423 5085 704 5147 Vaticano,
747 5093 869 5151 quae
892 5077 1059 5132 verba
1090 5076 1145 5128 iu
1180 5070 1439 5126 Turriaui
1463 5068 1776 5126 Latinitate,
1797 5081 1916 5135 quae
1934 5066 2048 5120 sola
2095 5067 2358 5117 hactenus
2385 5064 2531 5117 edita
2559 5062 2755 5125 fuerat,
2790 5061 2870 5116 sic
2902 5061 3125 5122 habent,
3175 5067 3225 5111 et
3251 5055 3662 5128 praemeditatio-

420 5194 536 5233 nem
562 5149 912 5231 exctrcantem
935 5169 991 5223 in
1008 5183 1188 5222 sacros
1225 5165 1487 5220 Psalmos.
1515 5161 1986 5218 SaueTurrianus
2017 5158 2363 5227 interpretari
2394 5157 2659 5226 potuisset
2682 5155 3045 5225 pra’falionem
3078 5169 3096 5208 :
3133 5151 3257 5221 quis
3288 5151 3434 5205 enim
3463 5149 3661 5214 nescit,

422 5273 743 5338 argumenta
783 5276 880 5316 seu
918 5257 1262 5328 praefationes
1301 5253 1614 5309 Graecarum
1653 5252 1739 5307 vel
1789 5251 2098 5305 orationum
2148 5249 2231 5304 vel
2273 5248 2587 5315 hujusmodi
2638 5247 3079 5301 lucubrationum
3118 5241 3382 5313 appellari
3424 5239 3673 5311 προθεωο

423 5325 585 5428 ρίᾶςῖ
621 5351 787 5404 Valde
821 5325 986 5420 igitur
1020 5360 1220 5401 censeo
1252 5342 1576 5414 synodicum
1605 5340 1938 5412 eclogarium
1962 5339 2276 5408 respexisse
2303 5337 2370 5391 ad
2398 5335 2772 5407 praelationem
2804 5335 3186 5392 Commentarii
3214 5334 3576 5396 Psalmorum,
3616 5325 3676 5380 in

422 5419 528 5514 qua
557 5419 879 5497 Theodorus
905 5439 1160 5492 liberiore
1184 5435 1402 5507 ingenio
1417 5434 1642 5497 luserat,
1675 5440 1729 5487 et
1762 5430 2012 5502 quaedam
2036 5439 2225 5485 contra
2253 5429 2515 5499 mysticos
2541 5427 2868 5498 ﬁguratosve
2892 5442 3086 5481 sensus
3119 5425 3382 5479 audacius
3409 5419 3680 5476 elludcrat

425 5545 576 5612 (puta
611 5539 701 5592 illa
747 5536 912 5590 verba
969 5532 1215 5605 synodici
1273 5525 1618 5599 testimonii),
1650 5543 1771 5599 qua:
1814 5526 2010 5582 deinde
2042 5526 2272 5596 ipsemet
2321 5525 2658 5586 retractavit,
2713 5533 2771 5576 ut
2803 5524 2877 5577 ait
2913 5521 3235 5592 Hesychius.
3272 5517 3515 5586 Denique
3557 5530 3632 5569 no

523 5729 574 5793 η)
613 5727 817 5792 l’rolog.
856 5721 922 5774 ad
962 5719 1240 5793 comm.__i_n_
1273 5717 1437 5772 Zach.
1546 5787 1558 5793 _
1714 5787 1728 5793 _
1879 5786 1890 5793 _
1954 5785 2002 5793 __
2112 5731 2233 5769 esse
2263 5712 2518 5793 mendum
2565 5708 2770 5763 librarii
2811 5707 2904 5776 qui
2957 5701 3434 5793 nonpintellexerit
3467 5699 3664 5754 litterae

613 5775 820 5851 calidi;
882 5794 970 5846 hic
1017 5798 1072 5847 et
1117 5789 1245 5844 alibi
1282 5787 1600 5850 commenti;
1637 5787 1732 5842 scd
1767 5786 1930 5855 malo
1954 5785 2004 5839 id
2120 5786 2498 5854 compendium
2530 5797 2653 5835 cum
2686 5775 3026 5848 superposita
3067 5775 3276 5829 lineola.
