3804 6222
140 406 234 465 113
1364 407 1527 466 ANG.
1568 406 1642 463 Ml

1897 407 2142 465 EFATIO.
3300 408 3319 460 1
3340 408 3399 462 H

133 538 453 594 magnopere
485 524 795 579 mirandum
835 533 943 589 est,
983 527 1030 581 si
1073 526 1210 580 forte
1253 542 1420 579 unum
1466 540 1565 597 pro
1593 527 1769 581 altero
1799 523 2176 595 Mopsuesteni
2232 538 2369 590 opus
2410 522 2698 577 recitatum
2743 519 2866 585 fuit,
2918 521 2962 576 si
2993 528 3141 575 certe
3187 532 3404 577 COItstnt

132 636 235 674 non
270 619 320 673 id
373 620 552 674 solum
603 636 727 675 esse
773 623 1150 685 commissum,
1198 636 1384 674 verum
1443 632 1497 675 et
1520 622 1641 691 ejus
1675 622 1865 676 titulos
1901 620 2174 674 interdum
2208 618 2378 672 fuisse
2433 617 2589 671 valde
2626 632 2931 687 perversos.
2999 615 3193 673 Nonne
3254 617 3401 669 enim

137 712 389 766 Leontius
422 712 593 766 libros
627 712 900 767 Theodori
935 713 1012 767 De
1029 713 1396 766 incarnatione
1421 721 1474 767 et
1506 712 1927 767 Commentarios
1952 712 2006 763 in
2027 708 2245 773 Jobnm,
2291 718 2571 778 propterea
2606 706 2753 777 quod
2790 707 3001 761 insanis
3030 705 3319 761 sententiis
3349 712 3403 759 et

131 804 437 859 damnificis
475 804 662 859 referti
698 813 875 867 erant,
942 806 1222 875 inscripsit
1268 822 1366 860 seu
1426 802 1630 874 appella

1947 799 2480 869 ἐνανθρωπήσεως,
2510 801 2783 853 ~adversus
2846 799 3288 861 incarnationem,
3350 808 3403 855 ct

133 896 281 949 κατὰ
298 894 404 951 τὸν
443 897 581 959 Ὶώϐ,
608 897 861 951 adversus
890 897 1085 951 Jobunt
1106 902 1129 953 ?
1154 897 1409 952 Profecto
1442 898 1497 951 id
1533 899 1589 951 in
1618 898 1736 967 ipso
1762 896 1999 950 concilio
2039 895 2233 965 quinto
2269 909 2335 947 ex
2367 894 2496 945 odio
2536 893 2618 946 vel
2644 904 2789 946 certe
2836 893 3179 946 notariorum
3214 906 3404 946 errore

133 988 179 1042 fa
219 998 333 1043 tum
358 990 671 1059 justissime
697 991 897 1046 asserit
939 993 992 1044 in
1046 992 1498 1046 adnotationibus
1547 991 1615 1045 ad
1661 992 1911 1045 notitiam
1961 988 2232 1043 Theodori
2275 988 2446 1041 nostri
2504 992 2581 1056 (α)
2620 987 3025 1052 Tillemontius,
3066 986 3227 1056 cujus
3280 986 3398 1039 luec

134 1086 293 1137 verba
332 1090 461 1138 sunt
496 1101 509 1136 :
546 1083 691 1137 Dan:
723 1084 768 1138 le
805 1084 1097 1153 cinquiéme
1130 1085 1326 1137 concile
1348 1084 1447 1154 (ὁ),
1487 1093 1631 1138 entre
1661 1084 1733 1137 les
1756 1099 2005 1152 passages
2044 1083 2170 1135 cités
2202 1080 2266 1134 de
2297 1078 2564 1134 Theodore
2587 1080 2650 1133 de
2680 1076 2979 1145 Mopsueste
3016 1094 3150 1147 pour
3169 1079 3406 1149 justiﬁer

132 1193 191 1229 sa
220 1173 653 1235 condamnation.
687 1194 751 1230 on
775 1193 839 1230 en
873 1186 1050 1229 trouve
1086 1192 1155 1229 un
1191 1176 1294 1229 cité
1317 1180 1380 1229 de
1401 1192 1496 1228 son
1527 1174 1920 1228 commentaire
1956 1188 2051 1227 sur
2072 1172 2213 1225 saiut
2249 1170 2549 1234 Matthicu;
2584 1179 2631 1222 et
2662 1170 2693 1221 ὰ
2730 1168 2783 1222 la
2814 1178 2940 1222 teste
2969 1167 3041 1221 du
3070 1170 3276 1222 suivant
3304 1168 3341 1221 il
3373 1186 3405 1238 y

133 1284 185 1328 α,
211 1267 455 1336 ejusdem
489 1283 557 1322 ex
598 1269 739 1324 libro
781 1271 927 1340 quod
961 1268 1103 1325 Deus
1159 1277 1444 1340 peccatum
1488 1270 1675 1323 docuit
1720 1276 1774 1323 et
1803 1277 2034 1321 mortem
2086 1265 2411 1320 introduxit.
2481 1262 2748 1318 Théodore
2776 1270 2859 1315 n'a
2899 1263 3045 1329 point
3078 1264 3407 1316 assurément

134 1364 307 1415 donné
330 1378 386 1415 ce
410 1363 534 1417 titre
563 1365 595 1416 ὰ
623 1381 796 1419 aucun
834 1367 898 1419 de
920 1383 1001 1419 ses
1036 1383 1286 1437 ouvrages
1315 1381 1332 1419 :
1366 1376 1413 1419 et
1442 1368 1480 1419 il
1501 1366 1619 1436 {aut
1650 1382 1746 1435 que
1770 1381 1825 1419 ce
1854 1367 1957 1419 soil
2000 1380 2101 1418 une
2132 1380 2314 1417 erreur
2343 1363 2498 1431 qu’on
2529 1360 2745 1431 pretend
2773 1361 2900 1413 tirer
2937 1358 2999 1411 de
3032 1359 3313 1427 quelqu'un
3344 1358 3408 1411 de

134 1470 213 1507 ε-ἐ
249 1454 425 1517 lieres,
452 1465 503 1509 et
527 1474 654 1510 sane
682 1457 839 1512 doute
871 1459 943 1511 du
970 1458 1373 1514 Commentaire
1409 1476 1503 1514 sur
1534 1461 1678 1515 saiut
1711 1458 1997 1522 Matthieu,
2041 1460 2250 1510 nommé
2286 1456 2730 1509 immédiatcment
2774 1464 3128 1523 aupararaut,
3180 1455 3227 1508 si
3274 1469 3405 1505 nous

135 1546 299 1600 lisons
329 1562 397 1601 ex
426 1547 619 1603 eodem
652 1548 809 1604 libro.
846 1549 1080 1606 Prorsus
1109 1553 1182 1604 ita
1216 1552 1470 1621 superius
1501 1567 1602 1607 nos
1632 1551 1895 1613 diximus,
1928 1552 2107 1603 locum
2143 1550 2318 1611 illum,
2359 1550 2451 1618 qui
2497 1549 2698 1603 dicitur
2730 1567 2794 1603 ex
2826 1549 3219 1603 Commentario
3250 1548 3304 1599 in
3330 1560 3405 1599 xu

135 1644 442 1711 prophetas,
474 1626 824 1699 referendum
872 1662 995 1700 esse
1023 1648 1088 1701 ad
1123 1647 1347 1701 citatum
1389 1647 1442 1701 in
1492 1647 1930 1718 praecedentibus
1986 1645 2233 1701 Psalterii
2277 1646 2496 1700 librum.
2558 1645 2703 1709 llaec,
2742 1647 2988 1716 inquam,
3036 1644 3401 1715 peremptoria

136 1742 533 1795 demonstratio
557 1751 641 1796 est
670 1744 936 1798 adversus
966 1760 1063 1799 eos
1091 1744 1182 1814 qui
1218 1744 1538 1813 synodicum
1568 1744 1947 1799 testimonium
1989 1744 2149 1798 nobis
2184 1744 2506 1812 objecerint.
2542 1775 2610 1783 —
2651 1743 2741 1798 Sic
2782 1745 2910 1798 olim
2949 1760 3050 1813 ego
3088 1743 3409 1812 diSputave-

140 1848 277 1893 ram,
303 1838 363 1885 ut
397 1834 707 1900 proemium
755 1840 807 1887 in
859 1834 1109 1889 Psalmos
1157 1852 1254 1905 pro
1300 1837 1552 1905 prommio
1608 1839 1661 1889 in
1716 1851 1789 1889 xu
1843 1836 2122 1904 prophetas
2174 1835 2522 1890 scribendum
2551 1851 2673 1888 esse
2726 1836 2779 1888 in
2837 1836 3046 1906 synodo
3098 1835 3406 1888 suaderem.

140 1923 294 1978 Nunc
328 1925 460 1979 illud
496 1926 547 1979 in
582 1935 817 1982 mentem
848 1931 1016 1991 venit,
1052 1929 1161 1983 ﬁeri
1206 1945 1365 1999 posse
1396 1938 1453 1983 ut
1500 1930 1750 1998 generale
1795 1930 2016 1999 aliquod
2057 1930 2383 1999 promniiuiu
2416 1930 2469 1980 in
2502 1930 2726 1982 minores
2768 1929 3048 1997 prophetas
3076 1928 3205 1983 olim
3236 1928 3410 1981 exsti-

140 2017 267 2070 terit
301 2016 574 2072 Theodori
608 2022 804 2083 nostri,
836 2021 982 2090 quod
1014 2022 1066 2074 iu
1101 2022 1383 2077 codicibus
1406 2038 1515 2076 non
1549 2022 1617 2076 sit
1639 2030 2044 2085 conservatum,
2083 2028 2304 2090 propter
2326 2022 2683 2075 reverentiam
2710 2020 2943 2073 fortasse
2959 2034 3087 2090 erga
3114 2017 3413 2071 concilium

140 2122 168 2158 a
200 2122 312 2176 quo
344 2108 446 2161 fuil
481 2110 616 2164 illud
649 2110 1039 2181 vituperatum.
1073 2112 1278 2168 Cet-tea
1309 2113 1674 2174 Theodoreto,
1713 2113 1805 2182 qui
1844 2111 2194 2167 Theodorum
2224 2112 2277 2165 in
2306 2113 2625 2167 eorumdem
2659 2112 3047 2182 prophetarum
3088 2113 3416 2181 interpreta-

140 2200 287 2253 tione
314 2202 477 2256 valde
506 2210 774 2265 sectatur,
804 2208 1115 2274 generalem
1156 2208 1439 2276 prologum
1467 2208 1745 2277 prasscribi
1771 2207 2019 2262 videmus
2054 2225 2066 2260 :
2103 2214 2219 2259 tum
2264 2207 2319 2260 in
2354 2214 2505 2261 textu
2543 2214 2737 2261 nostro
2786 2206 3056 2261 Theodori
3114 2208 3157 2261 si
3193 2223 3291 2276 pro
3332 2209 3414 2267 εἰς

143 2292 365 2363 ἔλεγχον
395 2294 526 2359 τῶν,
549 2304 658 2351 etc.
693 2300 972 2353 scribatur
994 2302 1073 2363 εἰς
1106 2300 1325 2370 ἔλεγχον
1348 2297 1441 2355 οὖν
1484 2301 1614 2363 τῶν,

1914 2317 1921 2352 :
1965 2315 2071 2353 una
2131 2301 2424 2370 particula,
2461 2317 2581 2370 quae
2615 2302 2851 2356 fortasse
2891 2310 3005 2354 tum
3034 2309 3117 2357 est
3145 2301 3416 2356 subducta

140 2400 265 2439 cum
302 2387 494 2455 priora
521 2400 927 2454 resecarentur,
954 2392 1089 2446 satis
1120 2393 1388 2449 indicaret
1414 2396 1664 2463 generale
1701 2410 1729 2447 a
1776 2395 2066 2449 Theodoro
2104 2395 2431 2465 prommium
2482 2393 2653 2449 fuisse
2706 2396 3079 2465 prmpositum.
3108 2393 3199 2446 llla
3252 2394 3417 2448 etiam

143 2479 304 2533 Verba
344 2496 401 2550 p.
432 2481 484 2547 1,
512 2497 565 2537 v.
602 2483 654 2538 5.
692 2484 815 2538 καθ’
852 2484 888 2537 ἃ
919 2486 1152 2556 πρόσθεν
1213 2488 1383 2561 ἔφθην
1432 2490 1602 2543 εἰπὼν
1640 2506 1645 2545 ι

1931 2491 2355 2560 interpungatur
2401 2497 2527 2542 ante
2576 2490 2634 2541 ὲν
2668 2488 2924 2557 ψαλμοῖς,
2952 2503 3113 2542 secus
3132 2488 3178 2542 si
3205 2490 3415 2558 postea)

142 2571 283 2627 baud
309 2588 429 2627 rem
456 2574 511 2628 in
523 2574 739 2630 diverso
764 2593 929 2646 opere
947 2578 1170 2642 dictam,
1197 2581 1290 2634 sed
1310 2582 1364 2635 in
1384 2595 1650 2651 praesente
1676 2582 1881 2651 scripto
1902 2582 2164 2636 denotant
2192 2583 2363 2652 :quod
2383 2584 2427 2637 si
2452 2582 2525 2635 ita
2542 2588 2645 2646 est,
2662 2580 2931 2649 generalis
2953 2580 3211 2651 prologus
3231 2596 3421 2636 neces-

141 2669 288 2723 sario
306 2668 759 2740 intelligitur,qui
777 2673 897 2727 sine
920 2672 1210 2727 dubiotam
1237 2675 1477 2745 copiosis
1514 2676 1566 2728 in
1590 2692 1663 2728 xu
1706 2675 1983 2743 prophetas
2001 2676 2394 2728 commentariis
2425 2674 2642 2728 videtur
2663 2672 2831 2727 fuisse
2846 2671 3419 2729 convenientissinuis.

211 2760 273 2816 V.
307 2763 469 2817 Nune
503 2780 614 2834 quo
652 2767 887 2836 ingenio.
932 2783 1040 2837 qua
1088 2769 1324 2833 ratione,
1370 2786 1480 2840 quo
1509 2770 1614 2824 fine
1657 2769 1983 2824 Theodorus
2018 2770 2116 2824 hos
2164 2770 2228 2823 ad
2282 2769 2581 2838 proiihetas
2615 2768 3046 2822 commentarios
3092 2768 3423 2822 instruxisse

139 2860 413 2924 videatur,
445 2862 629 2916 sobria
670 2880 792 2917 cum
837 2864 1102 2921 brevitate
1150 2868 1445 2922 dicendum
1493 2875 1597 2923 est.
1631 2872 1809 2939 Atque
1859 2869 1914 2921 in
1958 2868 2151 2937 primis
2182 2867 2479 2921 fecundum
2526 2864 2802 2920 Theodori
2854 2864 3090 2933 felixque
3142 2864 3421 2935 ingenium

144 2953 333 3006 mirari
371 2954 521 3019 licet,
549 2956 644 3025 qui
679 2958 746 3012 de
779 2973 922 3027 penu
966 2970 1067 3010 suo
1114 2956 1378 3027 pleraque
1426 2956 1611 3010 omnia
1660 2957 1852 3019 sumit,
1904 2956 2177 3009 neminem
2219 2955 2491 3018 imitatur,
2541 2953 2749 3007 nedum
2798 2952 3019 3021 expilat.
3077 2948 3327 3020 Cumque
3368 2950 3423 3003 hi

141 3051 425 3120 prophetae
447 3064 558 3119 prie
580 3050 836 3106 omnibus
852 3066 1138 3105 sacrorum
1165 3052 1467 3107 Bibliorum
1506 3054 1755 3123 partibus
1774 3054 1886 3108 sint
1920 3051 2327 3114 obscurissimi,
2361 3052 2434 3104 ita
2478 3057 2536 3103 ut
2567 3049 2686 3104 sine
2734 3048 3032 3117 interprete
3062 3062 3291 3118 prorsus
3319 3047 3425 3117 legi

144 3161 249 3200 non
280 3147 523 3217 possint.
552 3146 876 3202 Theodorus
910 3154 1062 3202 tanta
1096 3164 1192 3205 eos
1217 3149 1501 3211 facilitate,
1523 3158 1633 3204 tam
1666 3151 1904 3205 naturali
1939 3164 2225 3219 pronoque
2267 3147 2505 3202 decursu
2552 3146 2828 3208 edisserit,
2859 3152 2921 3198 ut
2953 3146 3069 3214 ipse
3109 3160 3218 3198 nou
3259 3145 3424 3198 verba

144 3241 345 3312 legere,
372 3244 471 3298 sed
496 3244 550 3297 in
583 3245 864 3315 pr0phetae
893 3246 1163 3313 cujusque
1196 3248 1762 3310 meutem,oculorum
1782 3248 1957 3301 aciem
1988 3243 2559 3300 intenderevideatur.
2597 3241 2963 3308 Quamobrem
2981 3256 3090 3295 non
3121 3241 3241 3295 sine
3258 3254 3426 3293 causa

146 3351 173 3387 a
205 3338 401 3399 multis
439 3352 623 3391 arcem
656 3338 1021 3408 interpretum
1055 3346 1240 3391 tenere
1273 3337 1453 3392 dictus
1476 3346 1580 3393 est.
1611 3337 1799 3409 Neque
1831 3355 1960 3393 vero
1995 3338 2317 3392 Theodorus
2338 3336 2421 3391 vel
2452 3335 2781 3389 Hebraicum
2800 3340 3007 3387 textum
3032 3332 3118 3387 vel
3145 3329 3427 3401 Syriacam

142 3446 206 3485 ex
240 3430 475 3486 ﬂebraao
503 3430 804 3485 derivatam
836 3428 1373 3499 interpretationem,
1400 3432 1485 3485 vel
1507 3430 1765 3503 Origenis
1800 3430 2072 3500 Ilexapla,
2110 3432 2165 3485 in
2202 3444 2429 3484 censum
2465 3434 2623 3482 vocat
2661 3444 2675 3482 :
2710 3426 2821 3480 imo
2857 3422 3139 3496 Syriacam
3164 3423 3431 3493 interpre-

144 3522 409 3577 tationem
446 3522 841 3594 (Antiochenus
875 3526 1001 3581 licet
1042 3527 1225 3598 homo)
1252 3527 1482 3597 ejusque
1519 3543 1849 3598 anonymum
1876 3512 2230 3598 interpretem
2261 3543 2372 3582 non
2401 3526 2570 3581 semel
2606 3523 2823 3579 vellicat
2848 3538 2939 3593 pp.
2977 3519 3100 3587 185,
3135 3520 3259 3587 194,
3290 3517 3427 3587 202;

146 3611 349 3681 quippe
380 3610 572 3665 Graeco
594 3611 731 3666 LXX
748 3614 1111 3686 lnterpretum
1138 3626 1285 3671 textu
1310 3629 1623 3683 contentus,
1650 3620 1795 3673 hunc
1813 3635 1980 3674 unum
2004 3619 2288 3674 osculatur
2308 3634 2372 3673 ac
2395 3618 2665 3687 sequitur,
2692 3625 2915 3687 propter
2932 3628 3225 3680 summam,
3246 3620 3307 3666 ut
3328 3613 3425 3676 ait,

148 3709 433 3761 seniorum
457 3707 674 3762 illorum
696 3710 947 3779 peritiam
974 3719 1136 3781 atque
1154 3712 1503 3781 sapientiam,
1522 3722 1575 3769 et
1592 3723 1812 3784 propter
1835 3716 2210 3785 apostolorum
2226 3714 2633 3775 auctoritatem,
2660 3712 2751 3782 qui
2780 3711 2919 3763 hanc
2936 3710 3245 3764 versionem
3271 3707 3430 3762 Chri-

151 3800 345 3855 stianis
374 3801 665 3872 neaphytis
688 3802 1211 3857 commendaverunt
1234 3806 1346 3875 (pp.
1369 3805 1493 3870 185,
1518 3806 1805 3867 194,202l.
1825 3806 2009 3876 Neque
2040 3807 2215 3876 ipsam
2242 3804 2591 3860 Hebraeorum
2615 3805 2853 3875 linguam
2873 3803 3196 3858 Theodorus
3213 3802 3426 3865 calluit,

152 3905 179 3943 a
208 3906 314 3960 qua
337 3893 554 3946 nullum
588 3902 876 3948 mutuatur
907 3896 1088 3951 lumen
1111 3917 1125 3966 ;
1149 3908 1200 3953 et
1222 3910 1485 3969 prteterea
1514 3918 1567 3972 p.
1591 3903 1653 3957 91
1690 3922 1703 3957 :
1731 3904 1917 3967 Aiunt,
1950 3904 2151 3974 inquit,
2180 3903 2395 3974 ρεμφάν
2431 3903 2744 3973 signiﬁcare
2771 3901 3128 3970 phosphorum
3158 3901 3215 3952 in
3246 3899 3427 3968 lingua

152 3985 501 4039 Hebra’orum
533 4001 552 4039 :
585 4003 694 4055 quo
712 3987 879 4053 dicto,
900 4004 1008 4043 non
1047 3990 1275 4044 scientia
1296 3994 1646 4062 propria,scd
1678 3995 1854 4049 aliena
1890 3996 2235 4054 auctoritate.
2274 3994 2340 4047 de
2358 3995 2624 4048 vocabulo
2646 3992 2913 4046 Hebraieo
2941 3992 3194 4061 judicare
3233 4006 3293 4046 se
3330 3991 3427 4045 de-

154 4088 453 4133 monstrat.
490 4077 709 4133 Rursus
746 4096 799 4150 p.
834 4080 961 4139 185,
992 4096 1117 4135 cum
1147 4080 1466 4138 Graecorum
1495 4082 1859 4155 lnterpretum
1894 4085 2174 4142 discordia
2211 4086 2282 4140 sit
2316 4100 2345 4137 a
2383 4084 2523 4155 Syro
2557 4085 2612 4138 iu
2669 4086 2924 4141 vocabuli
2966 4085 3217 4140 llebraici
3256 4085 3432 4154 expli--

154 4168 392 4235 eatione,
444 4171 564 4240 ipse
591 4171 813 4242 quidem
862 4172 1085 4230 Graecos
1114 4178 1387 4243 sequitur,
1422 4195 1532 4233 non
1582 4181 1745 4250 quasi
1783 4181 2187 4251 grammaticali
2235 4181 2436 4236 ductus
2486 4181 2562 4245 vi,
2600 4178 2699 4236 sed
2738 4182 3069 4238 reverentia.
3107 4182 3288 4247 Quare
3320 4197 3430 4235 non

157 4267 303 4313 recte
333 4260 600 4315 collineat
629 4264 773 4333 apud
807 4262 1287 4321 Rosenmullerum
1326 4267 1396 4340 (c)
1428 4267 1739 4336 Ernestius,
1791 4273 1883 4341 qui
1933 4272 2247 4343 suspicatur
2280 4272 2400 4327 ideo
2428 4272 2804 4342 judaizantem
2840 4276 3020 4330 visum
3061 4274 3233 4329 fuisse
3271 4273 3433 4327 Chri-

158 4348 354 4403 stianis
388 4349 871 4422 Mopsuestenum,
914 4357 1060 4427 quod
1108 4361 1409 4415 secundum
1457 4372 1638 4417 textus
1690 4363 1986 4421 Hebraicos
2035 4365 2541 4435 interpretationem
2587 4364 2826 4421 fecisset.
2873 4366 3062 4438 Neque
3106 4365 3429 4421 Theodorus

157 4442 342 4509 (secus
390 4462 457 4500 ac
498 4448 747 4504 hodierni
789 4452 970 4508 critici
1012 4456 1323 4525 pompatice
1361 4458 1607 4527 quidem,
1660 4459 1758 4513 sed
1806 4473 1920 4517 non
1972 4459 2092 4516 sine
2124 4458 2454 4514 confusione
2504 4469 2667 4528 atque
2705 4457 3096 4528 impedimento
3131 4458 3428 4529 legentium

165 4539 395 4609 faciunt)
439 4541 801 4612 multiplicem
826 4546 1225 4615 eruditionem,
1264 4552 1635 4608 multorumve
1670 4564 1963 4609 auctorum
2001 4556 2226 4609 nomina
2262 4557 2542 4624 congerit;
2582 4554 2693 4608 imo
2724 4569 2850 4607 cum
2886 4553 3027 4609 forte
3051 4554 3431 4608 controversia

160 4627 369 4684 incidat
399 4630 469 4686 de
499 4633 733 4690 urbibus
769 4635 999 4706 Bothro,
1033 4638 1287 4710 Tharsis,
1317 4650 1483 4714 atque
1512 4647 1802 4711 Ammone,
1836 4647 2266 4717 disputationem
2296 4650 2631 4717 quantocius
2662 4648 2945 4717 abrumpit
2968 4656 3177 4710 noster,
3212 4647 3431 4715 quomi-

162 4736 264 4777 nus
294 4737 326 4774 a
356 4738 463 4777 suo
494 4727 761 4796 propheta
801 4745 869 4785 ne
902 4732 1076 4788 latum
1117 4736 1341 4805 quidem
1380 4756 1619 4812 unguem
1657 4742 1936 4797 discedat.
1970 4740 2046 4796 Ex
2080 4751 2159 4796 tot
2191 4751 2373 4798 autem
2411 4752 2538 4798 ante
2562 4760 2620 4799 se
2652 4743 2952 4798 Bibliorum
2976 4742 3431 4812 explicatoribus,

159 4832 228 4871 ne
252 4834 426 4873 unum
462 4822 682 4891 quidem
715 4826 1045 4885 nominatim
1077 4835 1356 4902 appellat;
1388 4851 1695 4907 auonymos
1735 4855 2016 4909 nunquam
2058 4840 2172 4895 fere
2214 4841 2333 4895 sine
2373 4841 2780 4911 vituperatione
2812 4848 3229 4901 commemorat,
3262 4840 3429 4894 veluti

162 4934 249 4988 pp.
288 4921 379 4985 71,
416 4922 538 4987 111,
572 4924 698 4992 22⁸2,
734 4928 862 4983 254.
897 4928 1000 4993 Qui
1034 4946 1165 4985 vero
1201 4931 1313 4987 sint
1348 4934 1437 4988 isti
1477 4937 1771 5006 anonymi,
1799 4952 1862 4991 ex
1910 4936 2249 5008 Hieronymi.
2287 4939 2383 5007 qui
2417 4936 2517 4993 fuit
2549 4938 2932 5009 Mopsuesteno
2969 4948 3159 4993 nostro
3190 4952 3427 4999 coaevus,

164 5009 393 5083 I’rologo
434 5015 502 5067 ad
537 5014 728 5071 Oseam
759 5018 1068 5089 intelligere
1111 5023 1349 5079 fortasse
1401 5024 1555 5091 licet,
1588 5028 1685 5096 qui
1728 5027 1806 5081 ait
1846 5037 1973 5082 ante
2015 5043 2074 5082 se
2119 5027 2509 5097 prophetarum
2559 5030 2831 5085 minorum
2873 5031 3047 5086 fuisse
3103 5030 3432 5098 interpretes

159 5104 474 5177 Origenem,
507 5112 905 5183 Apollinarem,
936 5110 1202 5178 Pierium,
1248 5110 1549 5169 Eusebium
1582 5116 2005 5183 Caesariensem,
2038 5132 2102 5171 ac
2132 5118 2442 5188 Didymum.
2480 5118 2592 5175 llos
2626 5121 2814 5191 igitur,
2850 5122 2935 5176 vel
2967 5137 3035 5175 ex
3071 5121 3157 5175 his
3189 5122 3427 5190 aliquos,

161 5220 187 5255 a
217 5204 508 5261 Theodoro
545 5211 875 5279 reprehendi
920 5211 1202 5280 suspicor.
1239 5210 1375 5265 Nam
1411 5211 1479 5267 de
1524 5211 1655 5282 ipso
1696 5212 2031 5284 Hieronymo
2078 5214 2431 5284 COgitaudum
2460 5216 2552 5268 vix
2599 5225 2750 5285 puto,
2782 5230 2892 5270 non
2918 5227 3027 5269 tam
3072 5216 3199 5285 quia
3230 5224 3431 5269 coaeta-

163 5316 316 5366 neus,
351 5311 408 5357 ut
447 5303 585 5369 dixi,
614 5315 754 5373 erat,
779 5322 943 5376 quam
980 5309 1109 5377 quia
1143 5309 1575 5363 commentarios
1609 5306 1836 5362 Latinos
1870 5325 1900 5363 a
1930 5308 2103 5363 Graeci
2130 5310 2404 5365 sermonis
2437 5310 2658 5365 homine
2687 5311 2859 5363 lectos
2888 5309 2976 5361 vix
3020 5316 3103 5363 est
3146 5309 3425 5363 credibile.

166 5394 496 5451 Immensum
525 5413 696 5469 prope
721 5414 886 5470 opus,
916 5414 1065 5453 nunc
1096 5399 1469 5467 deperditum,
1506 5397 1575 5452 ad
1614 5399 1915 5469 prophetas
1952 5402 2198 5457 minores
2228 5400 2492 5471 Origenes
2520 5402 2816 5471 scripserat
2848 5420 2859 5453 :
2890 5416 3061 5471 quare
3096 5415 3431 5468 magnopere

164 5490 403 5545 arbitror
432 5493 481 5548 id
516 5496 789 5566 praecipue
835 5495 1247 5565 Mopsuesteno,
1280 5502 1507 5565 prepter
1533 5494 1812 5550 diversam
1865 5496 2257 5566 interpretandi
2302 5498 2563 5562 indolem,
2602 5498 2971 5569 displicuisse.
3011 5498 3115 5553 Sed
3151 5514 3219 5552 ne
3265 5498 3431 5551 Pierii

164 5581 383 5650 quidem
416 5586 497 5641 vel
530 5587 868 5658 Apollinaris
896 5591 980 5644 vel
1013 5587 1227 5659 Didymi
1258 5585 1467 5657 aliquid
1491 5602 1666 5658 superi

1931 5587 2804 5665 quectEusebiiDemonstrtttionis
2814 5587 3263 5657 evangelicwliber
3277 5598 3362 5638 xvi
3375 5601 3433 5649 ιι,

169 5671 220 5727 in
247 5692 357 5745 quo
386 5677 455 5734 de
483 5676 627 5734 Osca
663 5680 912 5750 quaedam
948 5682 1350 5751 disputavcrat,
1380 5680 1560 5750 periit.

263 5845 312 5924 n)
341 5842 646 5924 yémLeccl.
684 5846 936 5924 ωειλ-δη
965 5865 1017 5919 p,

1914 5852 1983 5924 (ε)
2017 5849 2158 5907 IIist.
2186 5853 2407 5917 interpr.
2440 5856 2560 5920 part
2596 5864 2674 5912 ut,
2710 5863 2760 5918 p.
2798 5844 2921 5901 9.66.

239 5906 312 5985 (ιο)
344 5915 444 5970 Ed.
476 5916 644 5973 Coleti
671 5927 805 5976 tom.
832 5917 920 5986 Ix,
948 5906 1155 5975 61221.
1189 5934 1304 5990 cap.
1339 5918 1425 5973 36.
