  <div class='ocr_page' id='page_1' title='image "/cluster/home/n/w/nwhite01/storage/ocr_20150623/66/nnc1.0021886636/085.png"; bbox 0 0 3804 6222; ppageno 0'>
   <div class='ocr_carea' id='block_1_1' title="bbox 339 343 3595 410">
    <p class='ocr_par' dir='ltr' id='par_1_1' title="bbox 339 343 3595 410">
     <span class='ocr_line' id='line_1_1' title="bbox 339 343 3595 410; baseline 0.001 -10"><span class='ocrx_word' id='word_1_1' title='bbox 339 350 414 410; x_wconf 69' lang='lat'><strong><em>95</em></strong></span> <span class='ocrx_word' id='word_1_2' title='bbox 1616 346 1706 401; x_wconf 82' lang='lat' dir='ltr'>EX</span> <span class='ocrx_word' id='word_1_3' title='bbox 1746 343 1995 401; x_wconf 68' lang='lat' dir='ltr'><strong><em>LEONIS</em></strong></span> <span class='ocrx_word' id='word_1_4' title='bbox 2044 346 2315 401; x_wconf 69' lang='lat' dir='ltr'><strong><em>ALLATII</em></strong></span> <span class='ocrx_word' id='word_1_5' title='bbox 3516 349 3595 404; x_wconf 81' lang='grc'><strong><em>96</em></strong></span> 
     </span>
    </p>
   </div>
   <div class='ocr_carea' id='block_1_2' title="bbox 345 459 3594 536">
    <p class='ocr_par' dir='ltr' id='par_1_2' title="bbox 345 459 3594 536">
     <span class='ocr_line' id='line_1_2' title="bbox 345 459 3594 536; baseline -0.001 -17"><span class='ocrx_word' id='word_1_6' title='bbox 345 484 374 520; x_wconf 87' lang='lat' dir='ltr'><strong><em>a</em></strong></span> <span class='ocrx_word' id='word_1_7' title='bbox 407 467 496 536; x_wconf 92' lang='lat' dir='ltr'><strong><em>pio</em></strong></span> <span class='ocrx_word' id='word_1_8' title='bbox 525 467 676 521; x_wconf 91' lang='lat' dir='ltr'><strong><em>cultu</em></strong></span> <span class='ocrx_word' id='word_1_9' title='bbox 709 465 944 529; x_wconf 78' lang='lat' dir='ltr'><strong><em>differat,</em></strong></span> <span class='ocrx_word' id='word_1_10' title='bbox 975 465 1139 519; x_wconf 88' lang='lat' dir='ltr'><strong><em>libelli</em></strong></span> <span class='ocrx_word' id='word_1_11' title='bbox 1181 474 1306 530; x_wconf 88' lang='lat' dir='ltr'><strong><em>tres,</em></strong></span> <span class='ocrx_word' id='word_1_12' title='bbox 1343 482 1470 535; x_wconf 84' lang='lat' dir='ltr'><strong><em>quos</em></strong></span> <span class='ocrx_word' id='word_1_13' title='bbox 1503 463 1766 518; x_wconf 78' lang='lat' dir='ltr'><strong><em>Mastubio</em></strong></span> <span class='ocrx_word' id='word_1_14' title='bbox 1804 461 1912 514; x_wconf 80' lang='lat' dir='ltr'><strong><em>Ar-</em></strong></span> <span class='ocrx_word' id='word_1_15' title='bbox 1946 465 1990 520; x_wconf 77' lang='grc' dir='ltr'><strong>Α</strong></span> <span class='ocrx_word' id='word_1_16' title='bbox 2020 461 2277 518; x_wconf 87' lang='lat' dir='ltr'><strong><em>Nicolaus</em></strong></span> <span class='ocrx_word' id='word_1_17' title='bbox 2314 462 2669 526; x_wconf 85' lang='lat' dir='ltr'><strong><em>Alcmannus,</em></strong></span> <span class='ocrx_word' id='word_1_18' title='bbox 2698 462 2793 531; x_wconf 90' lang='lat' dir='ltr'><strong><em>qui</em></strong></span> <span class='ocrx_word' id='word_1_19' title='bbox 2823 461 2993 516; x_wconf 89' lang='lat' dir='ltr'><strong><em>risum</em></strong></span> <span class='ocrx_word' id='word_1_20' title='bbox 3025 461 3220 531; x_wconf 65' lang='lat' dir='ltr'><strong><em>qumrit</em></strong></span> <span class='ocrx_word' id='word_1_21' title='bbox 3249 459 3302 514; x_wconf 90' lang='lat' dir='ltr'><strong><em>in</em></strong></span> <span class='ocrx_word' id='word_1_22' title='bbox 3327 461 3594 532; x_wconf 79' lang='lat' dir='ltr'><strong><em>lacrymis</em></strong></span> 
     </span>
    </p>
   </div>
   <div class='ocr_carea' id='block_1_3' title="bbox 346 554 1910 628">
    <p class='ocr_par' dir='ltr' id='par_1_3' title="bbox 346 554 1910 628">
     <span class='ocr_line' id='line_1_3' title="bbox 346 554 1910 628; baseline -0.003 -16"><span class='ocrx_word' id='word_1_23' title='bbox 346 575 529 623; x_wconf 76' lang='lat' dir='ltr'><strong><em>meno,</em></strong></span> <span class='ocrx_word' id='word_1_24' title='bbox 577 559 1000 626; x_wconf 70' lang='lat' dir='ltr'><strong><em>clior-episcopum</em></strong></span> <span class='ocrx_word' id='word_1_25' title='bbox 1051 558 1247 628; x_wconf 97' lang='lat' dir='ltr'><strong><em>agenti,</em></strong></span> <span class='ocrx_word' id='word_1_26' title='bbox 1299 555 1559 610; x_wconf 88' lang='lat' dir='ltr'><strong><em>inscribit.</em></strong></span> <span class='ocrx_word' id='word_1_27' title='bbox 1613 554 1688 609; x_wconf 86' lang='lat' dir='ltr'><strong><em>Ac</em></strong></span> <span class='ocrx_word' id='word_1_28' title='bbox 1736 556 1910 624; x_wconf 88' lang='lat' dir='ltr'><strong><em>primo</em></strong></span> 
     </span>
    </p>
   </div>
   <div class='ocr_carea' id='block_1_4' title="bbox 344 645 1909 718">
    <p class='ocr_par' dir='ltr' id='par_1_4' title="bbox 344 645 1909 718">
     <span class='ocr_line' id='line_1_4' title="bbox 344 645 1909 718; baseline -0.003 -18"><span class='ocrx_word' id='word_1_29' title='bbox 344 649 554 718; x_wconf 77' lang='lat' dir='ltr'><strong><em>quidem</em></strong></span> <span class='ocrx_word' id='word_1_30' title='bbox 611 647 744 700; x_wconf 89' lang='lat' dir='ltr'><strong><em>libro</em></strong></span> <span class='ocrx_word' id='word_1_31' title='bbox 773 648 988 716; x_wconf 74' lang='lat' dir='ltr'><strong><em>exponit</em></strong></span> <span class='ocrx_word' id='word_1_32' title='bbox 1036 646 1322 715; x_wconf 75' lang='lat' dir='ltr'><strong><em>nefandum</em></strong></span> <span class='ocrx_word' id='word_1_33' title='bbox 1375 645 1660 699; x_wconf 73' lang='lat' dir='ltr'><strong><em>Persarum</em></strong></span> <span class='ocrx_word' id='word_1_34' title='bbox 1695 646 1909 714; x_wconf 86' lang='lat' dir='ltr'><strong><em>dogma,</em></strong></span> 
     </span>
    </p>
   </div>
   <div class='ocr_carea' id='block_1_5' title="bbox 345 735 1914 807">
    <p class='ocr_par' dir='ltr' id='par_1_5' title="bbox 345 735 1914 807">
     <span class='ocr_line' id='line_1_5' title="bbox 345 735 1914 807; baseline -0.001 -18"><span class='ocrx_word' id='word_1_35' title='bbox 345 737 486 807; x_wconf 84' lang='lat' dir='ltr'><strong><em>quod</em></strong></span> <span class='ocrx_word' id='word_1_36' title='bbox 517 737 781 790; x_wconf 88' lang='lat' dir='ltr'><strong><em>Zasrades</em></strong></span> <span class='ocrx_word' id='word_1_37' title='bbox 817 739 1026 790; x_wconf 73' lang='lat' dir='ltr'><strong><em>induxit</em></strong></span> <span class='ocrx_word' id='word_1_38' title='bbox 1048 754 1067 802; x_wconf 88' lang='lat'><strong><em>;</em></strong></span> <span class='ocrx_word' id='word_1_39' title='bbox 1095 738 1201 792; x_wconf 88' lang='lat' dir='ltr'><strong><em>sive</em></strong></span> <span class='ocrx_word' id='word_1_40' title='bbox 1227 737 1290 790; x_wconf 88' lang='lat' dir='ltr'><strong><em>de</em></strong></span> <span class='ocrx_word' id='word_1_41' title='bbox 1313 735 1572 798; x_wconf 84' lang='lat' dir='ltr'><strong><em>laruam,</em></strong></span> <span class='ocrx_word' id='word_1_42' title='bbox 1601 751 1752 803; x_wconf 85' lang='lat' dir='ltr'><strong><em>quem</em></strong></span> <span class='ocrx_word' id='word_1_43' title='bbox 1774 736 1914 802; x_wconf 80' lang='lat' dir='ltr'><strong><em>prin-</em></strong></span> 
     </span>
    </p>
   </div>
   <div class='ocr_carea' id='block_1_6' title="bbox 345 826 1913 896">
    <p class='ocr_par' dir='ltr' id='par_1_6' title="bbox 345 826 1913 896">
     <span class='ocr_line' id='line_1_6' title="bbox 345 826 1913 896; baseline -0.003 -14"><span class='ocrx_word' id='word_1_44' title='bbox 345 829 513 896; x_wconf 85' lang='lat' dir='ltr'><strong><em>cipem</em></strong></span> <span class='ocrx_word' id='word_1_45' title='bbox 552 831 784 882; x_wconf 87' lang='lat' dir='ltr'><strong><em>omnium</em></strong></span> <span class='ocrx_word' id='word_1_46' title='bbox 829 829 979 896; x_wconf 84' lang='lat' dir='ltr'><strong><em>facit,</em></strong></span> <span class='ocrx_word' id='word_1_47' title='bbox 1020 837 1069 882; x_wconf 91' lang='lat' dir='ltr'><strong><em>et</em></strong></span> <span class='ocrx_word' id='word_1_48' title='bbox 1111 829 1380 896; x_wconf 74' lang='lat' dir='ltr'><strong><em>fortunam</em></strong></span> <span class='ocrx_word' id='word_1_49' title='bbox 1425 828 1587 880; x_wconf 89' lang='lat' dir='ltr'><strong><em>etiam</em></strong></span> <span class='ocrx_word' id='word_1_50' title='bbox 1645 826 1913 893; x_wconf 90' lang='lat' dir='ltr'><strong><em>appellat;</em></strong></span> 
     </span>
    </p>
   </div>
   <div class='ocr_carea' id='block_1_7' title="bbox 344 917 1914 987">
    <p class='ocr_par' dir='ltr' id='par_1_7' title="bbox 344 917 1914 987">
     <span class='ocr_line' id='line_1_7' title="bbox 344 917 1914 987; baseline -0.002 -16"><span class='ocrx_word' id='word_1_51' title='bbox 344 920 468 972; x_wconf 73' lang='lat' dir='ltr'><strong><em>hinc</em></strong></span> <span class='ocrx_word' id='word_1_52' title='bbox 500 919 752 973; x_wconf 86' lang='lat' dir='ltr'><strong><em>libatione</em></strong></span> <span class='ocrx_word' id='word_1_53' title='bbox 778 919 977 981; x_wconf 85' lang='lat' dir='ltr'><strong><em>oblata,</em></strong></span> <span class='ocrx_word' id='word_1_54' title='bbox 1004 931 1062 972; x_wconf 89' lang='lat' dir='ltr'><strong><em>ut</em></strong></span> <span class='ocrx_word' id='word_1_55' title='bbox 1105 917 1451 971; x_wconf 79' lang='lat' dir='ltr'><strong><em>Hormisdam</em></strong></span> <span class='ocrx_word' id='word_1_56' title='bbox 1486 918 1735 987; x_wconf 75' lang='lat' dir='ltr'><strong><em>gigneret,</em></strong></span> <span class='ocrx_word' id='word_1_57' title='bbox 1768 926 1818 969; x_wconf 86' lang='lat' dir='ltr'><strong><em>et</em></strong></span> <span class='ocrx_word' id='word_1_58' title='bbox 1846 917 1914 968; x_wconf 89' lang='lat' dir='ltr'><strong><em>il-</em></strong></span> 
     </span>
    </p>
   </div>
   <div class='ocr_carea' id='block_1_8' title="bbox 347 1005 1915 1077">
    <p class='ocr_par' dir='ltr' id='par_1_8' title="bbox 347 1005 1915 1077">
     <span class='ocr_line' id='line_1_8' title="bbox 347 1005 1915 1077; baseline -0.002 -18"><span class='ocrx_word' id='word_1_59' title='bbox 347 1007 459 1060; x_wconf 85' lang='lat' dir='ltr'><strong><em>lum</em></strong></span> <span class='ocrx_word' id='word_1_60' title='bbox 483 1017 531 1061; x_wconf 93' lang='lat' dir='ltr'><strong><em>et</em></strong></span> <span class='ocrx_word' id='word_1_61' title='bbox 561 1008 818 1063; x_wconf 86' lang='lat' dir='ltr'><strong><em>Satanam</em></strong></span> <span class='ocrx_word' id='word_1_62' title='bbox 865 1018 1117 1076; x_wconf 71' lang='lat' dir='ltr'><strong><em>presterea</em></strong></span> <span class='ocrx_word' id='word_1_63' title='bbox 1147 1007 1418 1077; x_wconf 75' lang='lat' dir='ltr'><strong><em>genuisse;</em></strong></span> <span class='ocrx_word' id='word_1_64' title='bbox 1447 1006 1510 1058; x_wconf 89' lang='lat' dir='ltr'><strong><em>de</em></strong></span> <span class='ocrx_word' id='word_1_65' title='bbox 1555 1021 1732 1058; x_wconf 85' lang='lat' dir='ltr'><strong><em>eorum</em></strong></span> <span class='ocrx_word' id='word_1_66' title='bbox 1770 1005 1915 1057; x_wconf 90' lang='lat' dir='ltr'><strong><em>insu-</em></strong></span> 
     </span>
    </p>
   </div>
   <div class='ocr_carea' id='block_1_9' title="bbox 347 1095 1915 1169">
    <p class='ocr_par' dir='ltr' id='par_1_9' title="bbox 347 1095 1915 1169">
     <span class='ocr_line' id='line_1_9' title="bbox 347 1095 1915 1169; baseline -0.005 -15"><span class='ocrx_word' id='word_1_67' title='bbox 347 1117 440 1169; x_wconf 89' lang='lat' dir='ltr'><strong><em>per</em></strong></span> <span class='ocrx_word' id='word_1_68' title='bbox 488 1101 762 1168; x_wconf 76' lang='lat' dir='ltr'><strong><em>sanguinis</em></strong></span> <span class='ocrx_word' id='word_1_69' title='bbox 807 1101 1049 1153; x_wconf 87' lang='lat' dir='ltr'><strong><em>mistione</em></strong></span> <span class='ocrx_word' id='word_1_70' title='bbox 1095 1099 1329 1160; x_wconf 82' lang='lat' dir='ltr'><strong><em>(incestis</em></strong></span> <span class='ocrx_word' id='word_1_71' title='bbox 1383 1096 1636 1164; x_wconf 78' lang='lat' dir='ltr'><strong><em>nuptiis);</em></strong></span> <span class='ocrx_word' id='word_1_72' title='bbox 1698 1095 1915 1157; x_wconf 88' lang='lat' dir='ltr'><strong><em>denique</em></strong></span> 
     </span>
    </p>
   </div>
   <div class='ocr_carea' id='block_1_10' title="bbox 348 1184 1916 1257">
    <p class='ocr_par' dir='ltr' id='par_1_10' title="bbox 348 1184 1916 1257">
     <span class='ocr_line' id='line_1_10' title="bbox 348 1184 1916 1257; baseline -0.004 -15"><span class='ocrx_word' id='word_1_73' title='bbox 348 1190 438 1242; x_wconf 86' lang='lat' dir='ltr'><strong><em>ubi</em></strong></span> <span class='ocrx_word' id='word_1_74' title='bbox 459 1189 768 1257; x_wconf 80' lang='lat' dir='ltr'><strong><em>simpliciter</em></strong></span> <span class='ocrx_word' id='word_1_75' title='bbox 793 1188 1008 1254; x_wconf 85' lang='lat' dir='ltr'><strong><em>impium</em></strong></span> <span class='ocrx_word' id='word_1_76' title='bbox 1032 1198 1079 1241; x_wconf 88' lang='lat' dir='ltr'><strong><em>et</em></strong></span> <span class='ocrx_word' id='word_1_77' title='bbox 1103 1189 1470 1256; x_wconf 88' lang='lat' dir='ltr'><strong><em>perobscenunt</em></strong></span> <span class='ocrx_word' id='word_1_78' title='bbox 1493 1185 1682 1254; x_wconf 87' lang='lat' dir='ltr'><strong><em>dogma</em></strong></span> <span class='ocrx_word' id='word_1_79' title='bbox 1707 1184 1780 1237; x_wconf 88' lang='lat' dir='ltr'><strong><em>ad</em></strong></span> <span class='ocrx_word' id='word_1_80' title='bbox 1809 1201 1916 1237; x_wconf 88' lang='lat' dir='ltr'><strong><em>ver-</em></strong></span> 
     </span>
    </p>
   </div>
   <div class='ocr_carea' id='block_1_11' title="bbox 349 1277 1914 1348">
    <p class='ocr_par' dir='ltr' id='par_1_11' title="bbox 349 1277 1914 1348">
     <span class='ocr_line' id='line_1_11' title="bbox 349 1277 1914 1348; baseline -0.002 -16"><span class='ocrx_word' id='word_1_81' title='bbox 349 1281 468 1332; x_wconf 85' lang='lat' dir='ltr'><strong><em>bum</em></strong></span> <span class='ocrx_word' id='word_1_82' title='bbox 505 1283 796 1348; x_wconf 80' lang='lat' dir='ltr'><strong><em>proposuit,</em></strong></span> <span class='ocrx_word' id='word_1_83' title='bbox 841 1281 1015 1347; x_wconf 85' lang='lat' dir='ltr'><strong><em>priore</em></strong></span> <span class='ocrx_word' id='word_1_84' title='bbox 1063 1279 1200 1332; x_wconf 88' lang='lat' dir='ltr'><strong><em>illud</em></strong></span> <span class='ocrx_word' id='word_1_85' title='bbox 1243 1279 1377 1332; x_wconf 89' lang='lat' dir='ltr'><strong><em>libro</em></strong></span> <span class='ocrx_word' id='word_1_86' title='bbox 1422 1278 1638 1346; x_wconf 78' lang='lat' dir='ltr'><strong><em>refellit.</em></strong></span> <span class='ocrx_word' id='word_1_87' title='bbox 1682 1277 1914 1341; x_wconf 84' lang='lat' dir='ltr'><strong><em>Reliquis</em></strong></span> 
     </span>
    </p>
   </div>
   <div class='ocr_carea' id='block_1_12' title="bbox 347 1370 1917 1438">
    <p class='ocr_par' dir='ltr' id='par_1_12' title="bbox 347 1370 1917 1438">
     <span class='ocr_line' id='line_1_12' title="bbox 347 1370 1917 1438; baseline -0.001 -16"><span class='ocrx_word' id='word_1_88' title='bbox 347 1371 550 1424; x_wconf 86' lang='lat' dir='ltr'><strong><em>duobus</em></strong></span> <span class='ocrx_word' id='word_1_89' title='bbox 599 1371 661 1423; x_wconf 88' lang='lat' dir='ltr'><strong><em>de</em></strong></span> <span class='ocrx_word' id='word_1_90' title='bbox 707 1370 830 1437; x_wconf 78' lang='lat' dir='ltr'><strong><em>ﬁdei</em></strong></span> <span class='ocrx_word' id='word_1_91' title='bbox 877 1373 965 1437; x_wconf 88' lang='lat' dir='ltr'><strong><em>pia</em></strong></span> <span class='ocrx_word' id='word_1_92' title='bbox 1020 1371 1264 1424; x_wconf 83' lang='lat' dir='ltr'><strong><em>doctrina</em></strong></span> <span class='ocrx_word' id='word_1_93' title='bbox 1310 1379 1528 1434; x_wconf 86' lang='lat' dir='ltr'><strong><em>tractat,</em></strong></span> <span class='ocrx_word' id='word_1_94' title='bbox 1584 1370 1842 1438; x_wconf 83' lang='lat' dir='ltr'><strong><em>ductoque</em></strong></span> <span class='ocrx_word' id='word_1_95' title='bbox 1883 1385 1917 1421; x_wconf 89' lang='lat' dir='ltr'><strong><em>a</em></strong></span> 
     </span>
    </p>
   </div>
   <div class='ocr_carea' id='block_1_13' title="bbox 348 1461 1917 1530">
    <p class='ocr_par' dir='ltr' id='par_1_13' title="bbox 348 1461 1917 1530">
     <span class='ocr_line' id='line_1_13' title="bbox 348 1461 1917 1530; baseline 0 -17"><span class='ocrx_word' id='word_1_96' title='bbox 348 1464 529 1514; x_wconf 87' lang='lat' dir='ltr'><strong><em>mundi</em></strong></span> <span class='ocrx_word' id='word_1_97' title='bbox 583 1462 845 1514; x_wconf 86' lang='lat' dir='ltr'><strong><em>creatione</em></strong></span> <span class='ocrx_word' id='word_1_98' title='bbox 893 1461 1129 1522; x_wconf 83' lang='lat' dir='ltr'><strong><em>exordio,</em></strong></span> <span class='ocrx_word' id='word_1_99' title='bbox 1183 1462 1251 1514; x_wconf 90' lang='lat' dir='ltr'><strong><em>ad</em></strong></span> <span class='ocrx_word' id='word_1_100' title='bbox 1305 1463 1472 1529; x_wconf 84' lang='lat' dir='ltr'><strong><em>ipsam</em></strong></span> <span class='ocrx_word' id='word_1_101' title='bbox 1522 1461 1682 1530; x_wconf 76' lang='lat' dir='ltr'><strong><em>legem</em></strong></span> <span class='ocrx_word' id='word_1_102' title='bbox 1730 1462 1917 1529; x_wconf 70' lang='lat' dir='ltr'><strong><em>gratia:</em></strong></span> 
     </span>
    </p>
   </div>
   <div class='ocr_carea' id='block_1_14' title="bbox 347 1551 1917 1620">
    <p class='ocr_par' dir='ltr' id='par_1_14' title="bbox 347 1551 1917 1620">
     <span class='ocr_line' id='line_1_14' title="bbox 347 1551 1917 1620; baseline 0.001 -18"><span class='ocrx_word' id='word_1_103' title='bbox 347 1554 464 1620; x_wconf 84' lang='lat' dir='ltr'><strong><em>pari</em></strong></span> <span class='ocrx_word' id='word_1_104' title='bbox 523 1552 676 1605; x_wconf 90' lang='lat' dir='ltr'><strong><em>modo</em></strong></span> <span class='ocrx_word' id='word_1_105' title='bbox 727 1555 923 1605; x_wconf 86' lang='lat' dir='ltr'><strong><em>cursim</em></strong></span> <span class='ocrx_word' id='word_1_106' title='bbox 987 1553 1262 1606; x_wconf 83' lang='lat' dir='ltr'><strong><em>dilabitur.</em></strong></span> <span class='ocrx_word' id='word_1_107' title='bbox 1322 1554 1419 1606; x_wconf 85' lang='lat' dir='ltr'><strong><em>llic</em></strong></span> <span class='ocrx_word' id='word_1_108' title='bbox 1468 1553 1770 1606; x_wconf 81' lang='lat' dir='ltr'><strong><em>Theodorus</em></strong></span> <span class='ocrx_word' id='word_1_109' title='bbox 1830 1551 1917 1603; x_wconf 90' lang='lat' dir='ltr'><strong><em>ille</em></strong></span> 
     </span>
    </p>
   </div>
   <div class='ocr_carea' id='block_1_15' title="bbox 349 1640 1915 1708">
    <p class='ocr_par' dir='ltr' id='par_1_15' title="bbox 349 1640 1915 1708">
     <span class='ocr_line' id='line_1_15' title="bbox 349 1640 1915 1708; baseline -0.001 -15"><span class='ocrx_word' id='word_1_110' title='bbox 349 1640 747 1708; x_wconf 78' lang='lat' dir='ltr'><strong><em>Mopsuestenus</em></strong></span> <span class='ocrx_word' id='word_1_111' title='bbox 772 1658 882 1694; x_wconf 88' lang='lat' dir='ltr'><strong><em>esse</em></strong></span> <span class='ocrx_word' id='word_1_112' title='bbox 927 1643 1193 1705; x_wconf 82' lang='lat' dir='ltr'><strong><em>creditur;</em></strong></span> <span class='ocrx_word' id='word_1_113' title='bbox 1234 1641 1471 1695; x_wconf 77' lang='lat' dir='ltr'><strong><em>Nestorii</em></strong></span> <span class='ocrx_word' id='word_1_114' title='bbox 1503 1643 1640 1695; x_wconf 89' lang='lat' dir='ltr'><strong><em>enim</em></strong></span> <span class='ocrx_word' id='word_1_115' title='bbox 1673 1641 1915 1695; x_wconf 74' lang='lat' dir='ltr'><strong><em>lueresim</em></strong></span> 
     </span>
    </p>
   </div>
   <div class='ocr_carea' id='block_1_16' title="bbox 351 1731 1914 1801">
    <p class='ocr_par' dir='ltr' id='par_1_16' title="bbox 351 1731 1914 1801">
     <span class='ocr_line' id='line_1_16' title="bbox 351 1731 1914 1801; baseline 0 -18"><span class='ocrx_word' id='word_1_116' title='bbox 351 1732 578 1784; x_wconf 74' lang='lat' dir='ltr'><strong><em>maxime</em></strong></span> <span class='ocrx_word' id='word_1_117' title='bbox 613 1731 746 1784; x_wconf 87' lang='lat' dir='ltr'><strong><em>libro</em></strong></span> <span class='ocrx_word' id='word_1_118' title='bbox 789 1733 939 1784; x_wconf 86' lang='lat' dir='ltr'><strong><em>tertio</em></strong></span> <span class='ocrx_word' id='word_1_119' title='bbox 970 1733 1292 1800; x_wconf 76' lang='lat' dir='ltr'><strong><em>conﬁrmans</em></strong></span> <span class='ocrx_word' id='word_1_120' title='bbox 1342 1733 1653 1801; x_wconf 83' lang='lat' dir='ltr'><strong><em>proclamat.</em></strong></span> <span class='ocrx_word' id='word_1_121' title='bbox 1684 1732 1822 1796; x_wconf 86' lang='lat' dir='ltr'><strong><em>Quin</em></strong></span> <span class='ocrx_word' id='word_1_122' title='bbox 1866 1741 1914 1784; x_wconf 85' lang='lat' dir='ltr'><strong><em>et</em></strong></span> 
     </span>
    </p>
   </div>
   <div class='ocr_carea' id='block_1_17' title="bbox 350 1822 1917 1890">
    <p class='ocr_par' dir='ltr' id='par_1_17' title="bbox 350 1822 1917 1890">
     <span class='ocr_line' id='line_1_17' title="bbox 350 1822 1917 1890; baseline 0.003 -18"><span class='ocrx_word' id='word_1_123' title='bbox 350 1822 630 1888; x_wconf 87' lang='lat' dir='ltr'><strong><em>impiorum</em></strong></span> <span class='ocrx_word' id='word_1_124' title='bbox 679 1823 734 1874; x_wconf 88' lang='lat' dir='ltr'><strong><em>in</em></strong></span> <span class='ocrx_word' id='word_1_125' title='bbox 789 1823 1070 1890; x_wconf 87' lang='lat' dir='ltr'><strong><em>pristinum</em></strong></span> <span class='ocrx_word' id='word_1_126' title='bbox 1116 1833 1314 1877; x_wconf 90' lang='lat' dir='ltr'><strong><em>statum</em></strong></span> <span class='ocrx_word' id='word_1_127' title='bbox 1368 1823 1750 1877; x_wconf 83' lang='lat' dir='ltr'><strong><em>restitutionem</em></strong></span> <span class='ocrx_word' id='word_1_128' title='bbox 1797 1839 1917 1876; x_wconf 87' lang='lat' dir='ltr'><strong><em>con-</em></strong></span> 
     </span>
    </p>
   </div>
   <div class='ocr_carea' id='block_1_18' title="bbox 349 1915 521 1982">
    <p class='ocr_par' dir='ltr' id='par_1_18' title="bbox 349 1915 521 1982">
     <span class='ocr_line' id='line_1_18' title="bbox 349 1915 521 1982; baseline 0.006 -16"><span class='ocrx_word' id='word_1_129' title='bbox 349 1915 521 1982; x_wconf 81' lang='lat' dir='ltr'><strong><em>ﬁngit.</em></strong></span> 
     </span>
    </p>
   </div>
   <div class='ocr_carea' id='block_1_19' title="bbox 421 2003 1915 2072">
    <p class='ocr_par' dir='ltr' id='par_1_19' title="bbox 421 2003 1915 2072">
     <span class='ocr_line' id='line_1_19' title="bbox 421 2003 1915 2072; baseline 0.002 -16"><span class='ocrx_word' id='word_1_130' title='bbox 421 2003 684 2058; x_wconf 79' lang='lat' dir='ltr'><strong><em>Adversus</em></strong></span> <span class='ocrx_word' id='word_1_131' title='bbox 718 2003 924 2059; x_wconf 80' lang='lat' dir='ltr'><strong><em>Juiiani</em></strong></span> <span class='ocrx_word' id='word_1_132' title='bbox 952 2005 1222 2072; x_wconf 75' lang='lat' dir='ltr'><strong><em>Apostata:</em></strong></span> <span class='ocrx_word' id='word_1_133' title='bbox 1248 2005 1540 2060; x_wconf 85' lang='lat' dir='ltr'><strong><em>calumnias</em></strong></span> <span class='ocrx_word' id='word_1_134' title='bbox 1569 2007 1622 2059; x_wconf 90' lang='lat' dir='ltr'><strong><em>in</em></strong></span> <span class='ocrx_word' id='word_1_135' title='bbox 1653 2004 1915 2060; x_wconf 77' lang='lat' dir='ltr'><strong><em>Christia—</em></strong></span> 
     </span>
    </p>
   </div>
   <div class='ocr_carea' id='block_1_20' title="bbox 352 2096 1919 2167">
    <p class='ocr_par' dir='ltr' id='par_1_20' title="bbox 352 2096 1919 2167">
     <span class='ocr_line' id='line_1_20' title="bbox 352 2096 1919 2167; baseline 0.001 -19"><span class='ocrx_word' id='word_1_136' title='bbox 352 2110 468 2158; x_wconf 89' lang='lat' dir='ltr'><strong><em>nos,</em></strong></span> <span class='ocrx_word' id='word_1_137' title='bbox 506 2096 759 2149; x_wconf 93' lang='lat' dir='ltr'><strong><em>laudatur</em></strong></span> <span class='ocrx_word' id='word_1_138' title='bbox 784 2097 838 2149; x_wconf 91' lang='lat' dir='ltr'><strong><em>in</em></strong></span> <span class='ocrx_word' id='word_1_139' title='bbox 872 2105 1061 2152; x_wconf 89' lang='lat' dir='ltr'><strong><em>catena</em></strong></span> <span class='ocrx_word' id='word_1_140' title='bbox 1092 2096 1278 2152; x_wconf 64' lang='lat' dir='ltr'><strong><em>Grieca</em></strong></span> <span class='ocrx_word' id='word_1_141' title='bbox 1308 2097 1376 2150; x_wconf 88' lang='lat' dir='ltr'><strong><em>ad</em></strong></span> <span class='ocrx_word' id='word_1_142' title='bbox 1404 2097 1604 2151; x_wconf 89' lang='lat' dir='ltr'><strong><em>Lucam</em></strong></span> <span class='ocrx_word' id='word_1_143' title='bbox 1635 2098 1709 2167; x_wconf 90' lang='lat' dir='ltr'><strong><em>(a)</em></strong></span> <span class='ocrx_word' id='word_1_144' title='bbox 1743 2118 1754 2152; x_wconf 94' lang='lat'>:</span> <span class='ocrx_word' id='word_1_145' title='bbox 1787 2099 1919 2151; x_wconf 68' lang='grc' dir='ltr'>Θεοαη</span> 
     </span>
    </p>
   </div>
   <div class='ocr_carea' id='block_1_21' title="bbox 349 2184 1920 2259">
    <p class='ocr_par' dir='ltr' id='par_1_21' title="bbox 349 2184 1920 2259">
     <span class='ocr_line' id='line_1_21' title="bbox 349 2184 1920 2259; baseline 0.005 -22"><span class='ocrx_word' id='word_1_146' title='bbox 349 2184 522 2255; x_wconf 86' lang='grc' dir='ltr'>δώρου</span> <span class='ocrx_word' id='word_1_147' title='bbox 548 2185 918 2256; x_wconf 83' lang='grc' dir='ltr'>Μοψουεστίας</span> <span class='ocrx_word' id='word_1_148' title='bbox 949 2189 1012 2241; x_wconf 78' lang='grc' dir='ltr'>ἐκ</span> <span class='ocrx_word' id='word_1_149' title='bbox 1043 2187 1147 2241; x_wconf 84' lang='grc' dir='ltr'>τῶν</span> <span class='ocrx_word' id='word_1_150' title='bbox 1164 2188 1325 2258; x_wconf 81' lang='grc' dir='ltr'><strong><em>Πρὸς</em></strong></span> <span class='ocrx_word' id='word_1_151' title='bbox 1350 2189 1456 2256; x_wconf 84' lang='grc' dir='ltr'>τὰς</span> <span class='ocrx_word' id='word_1_152' title='bbox 1484 2191 1633 2245; x_wconf 78' lang='grc' dir='ltr'>κατὰ</span> <span class='ocrx_word' id='word_1_153' title='bbox 1657 2206 1920 2259; x_wconf 77' lang='grc' dir='ltr'>χριστιαο</span> 
     </span>
    </p>
   </div>
   <div class='ocr_carea' id='block_1_22' title="bbox 351 2273 1921 2347">
    <p class='ocr_par' dir='ltr' id='par_1_22' title="bbox 351 2273 1921 2347">
     <span class='ocr_line' id='line_1_22' title="bbox 351 2273 1921 2347; baseline 0.004 -20"><span class='ocrx_word' id='word_1_154' title='bbox 351 2273 474 2328; x_wconf 73' lang='grc' dir='ltr'><em>νῶν</em></span> <span class='ocrx_word' id='word_1_155' title='bbox 499 2277 854 2345; x_wconf 78' lang='grc' dir='ltr'><strong><em>κατηγορίας</em></strong></span> <span class='ocrx_word' id='word_1_156' title='bbox 893 2278 1216 2332; x_wconf 82' lang='grc' dir='ltr'>Ἰουλιανοῦ</span> <span class='ocrx_word' id='word_1_157' title='bbox 1260 2279 1366 2332; x_wconf 81' lang='grc' dir='ltr'><strong><em>τοῦ</em></strong></span> <span class='ocrx_word' id='word_1_158' title='bbox 1413 2279 1755 2347; x_wconf 78' lang='grc' dir='ltr'>παραϐἁτου</span> <span class='ocrx_word' id='word_1_159' title='bbox 1781 2298 1792 2309; x_wconf 92' lang='grc'><strong>·</strong></span> <span class='ocrx_word' id='word_1_160' title='bbox 1837 2281 1921 2334; x_wconf 77' lang='lat' dir='ltr'><strong><em>Ex</em></strong></span> 
     </span>
    </p>
   </div>
   <div class='ocr_carea' id='block_1_23' title="bbox 353 2366 1918 2436">
    <p class='ocr_par' dir='ltr' id='par_1_23' title="bbox 353 2366 1918 2436">
     <span class='ocr_line' id='line_1_23' title="bbox 353 2366 1918 2436; baseline 0.003 -17"><span class='ocrx_word' id='word_1_161' title='bbox 353 2368 742 2419; x_wconf 87' lang='lat' dir='ltr'><strong><em>commentariis</em></strong></span> <span class='ocrx_word' id='word_1_162' title='bbox 768 2367 1024 2421; x_wconf 80' lang='lat' dir='ltr'><strong><em>Theodori</em></strong></span> <span class='ocrx_word' id='word_1_163' title='bbox 1052 2366 1405 2436; x_wconf 73' lang='lat' dir='ltr'><strong><em>Mopsuesteni</em></strong></span> <span class='ocrx_word' id='word_1_164' title='bbox 1433 2373 1696 2426; x_wconf 86' lang='lat' dir='ltr'><strong><em>adversus</em></strong></span> <span class='ocrx_word' id='word_1_165' title='bbox 1716 2369 1918 2424; x_wconf 84' lang='lat' dir='ltr'><strong><em>Juliani</em></strong></span> 
     </span>
    </p>
   </div>
   <div class='ocr_carea' id='block_1_24' title="bbox 353 2457 1574 2515">
    <p class='ocr_par' dir='ltr' id='par_1_24' title="bbox 353 2457 1574 2515">
     <span class='ocr_line' id='line_1_24' title="bbox 353 2457 1574 2515; baseline 0.002 -5"><span class='ocrx_word' id='word_1_166' title='bbox 353 2457 651 2512; x_wconf 85' lang='lat' dir='ltr'><strong><em>desertoris</em></strong></span> <span class='ocrx_word' id='word_1_167' title='bbox 678 2457 1093 2512; x_wconf 90' lang='lat' dir='ltr'><strong><em>criminationes</em></strong></span> <span class='ocrx_word' id='word_1_168' title='bbox 1121 2459 1176 2512; x_wconf 91' lang='lat' dir='ltr'><strong><em>in</em></strong></span> <span class='ocrx_word' id='word_1_169' title='bbox 1214 2459 1574 2515; x_wconf 86' lang='lat' dir='ltr'><strong><em>Christianos.</em></strong></span> 
     </span>
    </p>
   </div>
   <div class='ocr_carea' id='block_1_25' title="bbox 427 2546 1919 2616">
    <p class='ocr_par' dir='ltr' id='par_1_25' title="bbox 427 2546 1919 2616">
     <span class='ocr_line' id='line_1_25' title="bbox 427 2546 1919 2616; baseline 0.003 -16"><span class='ocrx_word' id='word_1_170' title='bbox 427 2546 727 2616; x_wconf 87' lang='lat' dir='ltr'><strong><em>Epistolam</em></strong></span> <span class='ocrx_word' id='word_1_171' title='bbox 795 2549 864 2601; x_wconf 91' lang='lat' dir='ltr'><strong><em>ad</em></strong></span> <span class='ocrx_word' id='word_1_172' title='bbox 921 2547 1186 2603; x_wconf 88' lang='lat' dir='ltr'><strong><em>Domnum</em></strong></span> <span class='ocrx_word' id='word_1_173' title='bbox 1252 2549 1434 2603; x_wconf 89' lang='lat' dir='ltr'><strong><em>laudat</em></strong></span> <span class='ocrx_word' id='word_1_174' title='bbox 1484 2551 1807 2606; x_wconf 81' lang='lat' dir='ltr'><strong><em>Anastasius</em></strong></span> <span class='ocrx_word' id='word_1_175' title='bbox 1867 2553 1919 2605; x_wconf 93' lang='lat' dir='ltr'><strong><em>in</em></strong></span> 
     </span>
    </p>
   </div>
   <div class='ocr_carea' id='block_1_26' title="bbox 354 2638 1921 2714">
    <p class='ocr_par' dir='ltr' id='par_1_26' title="bbox 354 2638 1921 2714">
     <span class='ocr_line' id='line_1_26' title="bbox 354 2638 1921 2714; baseline 0.001 -21"><span class='ocrx_word' id='word_1_176' title='bbox 354 2639 541 2708; x_wconf 77' lang='lat' dir='ltr'><strong><em>ecloge</em></strong></span> <span class='ocrx_word' id='word_1_177' title='bbox 569 2638 851 2706; x_wconf 84' lang='grc' dir='ltr'><strong><em>Χρήσεων</em></strong></span> <span class='ocrx_word' id='word_1_178' title='bbox 877 2638 1247 2709; x_wconf 78' lang='grc' dir='ltr'><strong><em>δογματικῶν</em></strong></span> <span class='ocrx_word' id='word_1_179' title='bbox 1275 2641 1360 2695; x_wconf 90' lang='lat' dir='ltr'><strong><em>his</em></strong></span> <span class='ocrx_word' id='word_1_180' title='bbox 1387 2641 1566 2696; x_wconf 78' lang='lat' dir='ltr'><strong><em>verbis</em></strong></span> <span class='ocrx_word' id='word_1_181' title='bbox 1597 2660 1610 2695; x_wconf 90' lang='lat'><strong>:</strong></span> <span class='ocrx_word' id='word_1_182' title='bbox 1645 2642 1921 2714; x_wconf 81' lang='grc' dir='ltr'><strong><em>Θεοδώρου</em></strong></span> 
     </span>
    </p>
   </div>
   <div class='ocr_carea' id='block_1_27' title="bbox 354 2728 1924 2802">
    <p class='ocr_par' dir='ltr' id='par_1_27' title="bbox 354 2728 1924 2802">
     <span class='ocr_line' id='line_1_27' title="bbox 354 2728 1924 2802; baseline 0.003 -19"><span class='ocrx_word' id='word_1_183' title='bbox 354 2728 732 2798; x_wconf 75' lang='grc' dir='ltr'>Μοψουεστίας</span> <span class='ocrx_word' id='word_1_184' title='bbox 778 2731 842 2782; x_wconf 84' lang='grc' dir='ltr'><strong><em>ὲκ</em></strong></span> <span class='ocrx_word' id='word_1_185' title='bbox 873 2731 970 2799; x_wconf 86' lang='grc' dir='ltr'>τῆς</span> <span class='ocrx_word' id='word_1_186' title='bbox 1005 2730 1141 2800; x_wconf 82' lang='grc' dir='ltr'>πρὸς</span> <span class='ocrx_word' id='word_1_187' title='bbox 1169 2729 1370 2800; x_wconf 88' lang='grc' dir='ltr'>Δόμνον</span> <span class='ocrx_word' id='word_1_188' title='bbox 1417 2731 1731 2802; x_wconf 77' lang='grc' dir='ltr'>ἐπιστολῆςο</span> <span class='ocrx_word' id='word_1_189' title='bbox 1766 2733 1924 2788; x_wconf 80' lang='lat' dir='ltr'><strong><em>Theo-</em></strong></span> 
     </span>
    </p>
   </div>
   <div class='ocr_carea' id='block_1_28' title="bbox 353 2819 1716 2893">
    <p class='ocr_par' dir='ltr' id='par_1_28' title="bbox 353 2819 1716 2893">
     <span class='ocr_line' id='line_1_28' title="bbox 353 2819 1716 2893; baseline 0.002 -21"><span class='ocrx_word' id='word_1_190' title='bbox 353 2822 474 2874; x_wconf 88' lang='lat' dir='ltr'><strong><em>dori</em></strong></span> <span class='ocrx_word' id='word_1_191' title='bbox 513 2819 565 2873; x_wconf 85' lang='grc' dir='ltr'><em>Μ</em></span> <span class='ocrx_word' id='word_1_192' title='bbox 575 2821 869 2888; x_wconf 87' lang='lat' dir='ltr'><strong><em>opsuesteni</em></strong></span> <span class='ocrx_word' id='word_1_193' title='bbox 894 2835 960 2875; x_wconf 75' lang='lat' dir='ltr'><strong><em>ea:</em></strong></span> <span class='ocrx_word' id='word_1_194' title='bbox 986 2821 1209 2888; x_wconf 87' lang='lat' dir='ltr'><strong><em>epistola</em></strong></span> <span class='ocrx_word' id='word_1_195' title='bbox 1233 2821 1302 2873; x_wconf 88' lang='lat' dir='ltr'><strong><em>ad</em></strong></span> <span class='ocrx_word' id='word_1_196' title='bbox 1327 2820 1592 2874; x_wconf 87' lang='lat' dir='ltr'><strong><em>Damnum</em></strong></span> <span class='ocrx_word' id='word_1_197' title='bbox 1621 2822 1716 2893; x_wconf 74' lang='grc' dir='ltr'><strong><em>(ὁ).</em></strong></span> 
     </span>
    </p>
   </div>
   <div class='ocr_carea' id='block_1_29' title="bbox 428 2911 1923 2987">
    <p class='ocr_par' dir='ltr' id='par_1_29' title="bbox 428 2911 1923 2987">
     <span class='ocr_line' id='line_1_29' title="bbox 428 2911 1923 2987; baseline 0.005 -25"><span class='ocrx_word' id='word_1_198' title='bbox 428 2911 726 2980; x_wconf 79' lang='lat' dir='ltr'><strong><em>Epistolam</em></strong></span> <span class='ocrx_word' id='word_1_199' title='bbox 757 2913 826 2964; x_wconf 91' lang='lat' dir='ltr'><strong><em>ad</em></strong></span> <span class='ocrx_word' id='word_1_200' title='bbox 873 2911 1169 2965; x_wconf 84' lang='lat' dir='ltr'><strong><em>Artemium</em></strong></span> <span class='ocrx_word' id='word_1_201' title='bbox 1207 2913 1624 2967; x_wconf 62' lang='lat' dir='ltr'><strong><em>Alexandrinum</em></strong></span> <span class='ocrx_word' id='word_1_202' title='bbox 1660 2916 1923 2987; x_wconf 76' lang='lat' dir='ltr'><strong><em>presbyte-</em></strong></span> 
     </span>
    </p>
   </div>
   <div class='ocr_carea' id='block_1_30' title="bbox 357 3001 1920 3075">
    <p class='ocr_par' dir='ltr' id='par_1_30' title="bbox 357 3001 1920 3075">
     <span class='ocr_line' id='line_1_30' title="bbox 357 3001 1920 3075; baseline 0.003 -21"><span class='ocrx_word' id='word_1_203' title='bbox 357 3017 496 3054; x_wconf 86' lang='lat' dir='ltr'><strong><em>rum.</em></strong></span> <span class='ocrx_word' id='word_1_204' title='bbox 525 3001 596 3055; x_wconf 82' lang='lat' dir='ltr'><strong><em>Ex</em></strong></span> <span class='ocrx_word' id='word_1_205' title='bbox 637 3017 701 3056; x_wconf 89' lang='lat' dir='ltr'><strong><em>ea</em></strong></span> <span class='ocrx_word' id='word_1_206' title='bbox 724 3003 918 3056; x_wconf 86' lang='lat' dir='ltr'><strong><em>recitat</em></strong></span> <span class='ocrx_word' id='word_1_207' title='bbox 949 3003 1130 3071; x_wconf 89' lang='lat' dir='ltr'><strong><em>aliqua</em></strong></span> <span class='ocrx_word' id='word_1_208' title='bbox 1165 3001 1454 3059; x_wconf 83' lang='lat' dir='ltr'><strong><em>Facundos</em></strong></span> <span class='ocrx_word' id='word_1_209' title='bbox 1481 3005 1573 3058; x_wconf 86' lang='lat' dir='ltr'><strong><em>lib.</em></strong></span> <span class='ocrx_word' id='word_1_210' title='bbox 1608 3022 1690 3069; x_wconf 85' lang='grc' dir='ltr'>ιιι,</span> <span class='ocrx_word' id='word_1_211' title='bbox 1722 3021 1842 3075; x_wconf 85' lang='lat' dir='ltr'><strong><em>cap.</em></strong></span> <span class='ocrx_word' id='word_1_212' title='bbox 1867 3007 1920 3060; x_wconf 78' lang='grc'><strong>5.</strong></span> 
     </span>
    </p>
   </div>
   <div class='ocr_carea' id='block_1_31' title="bbox 2015 551 3591 623">
    <p class='ocr_par' dir='ltr' id='par_1_31' title="bbox 2015 551 3591 623">
     <span class='ocr_line' id='line_1_31' title="bbox 2015 551 3591 623; baseline 0.003 -19"><span class='ocrx_word' id='word_1_213' title='bbox 2015 551 2284 607; x_wconf 88' lang='lat' dir='ltr'><strong><em>Theodori</em></strong></span> <span class='ocrx_word' id='word_1_214' title='bbox 2327 552 2666 623; x_wconf 76' lang='lat' dir='ltr'><strong><em>pcenitentis,</em></strong></span> <span class='ocrx_word' id='word_1_215' title='bbox 2711 552 2925 622; x_wconf 87' lang='lat' dir='ltr'><strong><em>sibique</em></strong></span> <span class='ocrx_word' id='word_1_216' title='bbox 2965 551 3200 607; x_wconf 82' lang='lat' dir='ltr'><strong><em>fortasse</em></strong></span> <span class='ocrx_word' id='word_1_217' title='bbox 3243 555 3493 623; x_wconf 81' lang='lat' dir='ltr'><strong><em>permisit</em></strong></span> <span class='ocrx_word' id='word_1_218' title='bbox 3529 556 3591 609; x_wconf 83' lang='lat' dir='ltr'><strong><em>in</em></strong></span> 
     </span>
    </p>
   </div>
   <div class='ocr_carea' id='block_1_32' title="bbox 2014 643 3593 714">
    <p class='ocr_par' dir='ltr' id='par_1_32' title="bbox 2014 643 3593 714">
     <span class='ocr_line' id='line_1_32' title="bbox 2014 643 3593 714; baseline 0.002 -18"><span class='ocrx_word' id='word_1_219' title='bbox 2014 643 2115 696; x_wconf 82' lang='lat' dir='ltr'><strong><em>viri</em></strong></span> <span class='ocrx_word' id='word_1_220' title='bbox 2148 643 2294 697; x_wconf 90' lang='lat' dir='ltr'><strong><em>docti</em></strong></span> <span class='ocrx_word' id='word_1_221' title='bbox 2337 643 2550 713; x_wconf 72' lang='lat' dir='ltr'><strong><em>lugubri</em></strong></span> <span class='ocrx_word' id='word_1_222' title='bbox 2587 643 2973 699; x_wconf 85' lang='lat' dir='ltr'><strong><em>lamentatione</em></strong></span> <span class='ocrx_word' id='word_1_223' title='bbox 3011 643 3277 698; x_wconf 72' lang='lat' dir='ltr'><strong><em>facundiae</em></strong></span> <span class='ocrx_word' id='word_1_224' title='bbox 3310 643 3593 714; x_wconf 71' lang='lat' dir='ltr'><strong><em>[rigidita-</em></strong></span> 
     </span>
    </p>
   </div>
   <div class='ocr_carea' id='block_1_33' title="bbox 2013 733 3592 805">
    <p class='ocr_par' dir='ltr' id='par_1_33' title="bbox 2013 733 3592 805">
     <span class='ocr_line' id='line_1_33' title="bbox 2013 733 3592 805; baseline 0.003 -18"><span class='ocrx_word' id='word_1_225' title='bbox 2013 743 2094 789; x_wconf 92' lang='lat' dir='ltr'><strong><em>tes</em></strong></span> <span class='ocrx_word' id='word_1_226' title='bbox 2123 743 2177 790; x_wconf 90' lang='lat' dir='ltr'><strong><em>et</em></strong></span> <span class='ocrx_word' id='word_1_227' title='bbox 2225 737 2468 805; x_wconf 88' lang='lat' dir='ltr'><strong><em>leporum</em></strong></span> <span class='ocrx_word' id='word_1_228' title='bbox 2524 737 2777 804; x_wconf 86' lang='lat' dir='ltr'><strong><em>ineptias.</em></strong></span> <span class='ocrx_word' id='word_1_229' title='bbox 2810 733 3010 789; x_wconf 80' lang='lat' dir='ltr'><strong><em>Verum</em></strong></span> <span class='ocrx_word' id='word_1_230' title='bbox 3063 736 3220 790; x_wconf 88' lang='lat' dir='ltr'><strong><em>sicuti</em></strong></span> <span class='ocrx_word' id='word_1_231' title='bbox 3262 734 3592 791; x_wconf 83' lang='lat' dir='ltr'><strong><em>Theodorus</em></strong></span> 
     </span>
    </p>
   </div>
   <div class='ocr_carea' id='block_1_34' title="bbox 2013 824 3588 897">
    <p class='ocr_par' dir='ltr' id='par_1_34' title="bbox 2013 824 3588 897">
     <span class='ocr_line' id='line_1_34' title="bbox 2013 824 3588 897; baseline 0.001 -17"><span class='ocrx_word' id='word_1_232' title='bbox 2013 829 2322 897; x_wconf 86' lang='lat' dir='ltr'><strong><em>lacrymans</em></strong></span> <span class='ocrx_word' id='word_1_233' title='bbox 2351 827 2456 882; x_wconf 88' lang='lat' dir='ltr'><strong><em>hoc</em></strong></span> <span class='ocrx_word' id='word_1_234' title='bbox 2488 841 2626 895; x_wconf 90' lang='lat' dir='ltr'><strong><em>opus</em></strong></span> <span class='ocrx_word' id='word_1_235' title='bbox 2665 824 2925 894; x_wconf 82' lang='lat' dir='ltr'><strong><em>proludit,</em></strong></span> <span class='ocrx_word' id='word_1_236' title='bbox 2956 840 3131 894; x_wconf 89' lang='lat' dir='ltr'><strong><em>neque</em></strong></span> <span class='ocrx_word' id='word_1_237' title='bbox 3179 826 3432 897; x_wconf 74' lang='lat' dir='ltr'><strong><em>frigidum</em></strong></span> <span class='ocrx_word' id='word_1_238' title='bbox 3475 836 3588 889; x_wconf 86' lang='lat' dir='ltr'><strong><em>est,</em></strong></span> 
     </span>
    </p>
   </div>
   <div class='ocr_carea' id='block_1_35' title="bbox 2015 913 3594 987">
    <p class='ocr_par' dir='ltr' id='par_1_35' title="bbox 2015 913 3594 987">
     <span class='ocr_line' id='line_1_35' title="bbox 2015 913 3594 987; baseline 0.001 -16"><span class='ocrx_word' id='word_1_239' title='bbox 2015 933 2189 987; x_wconf 90' lang='lat' dir='ltr'><strong><em>neque</em></strong></span> <span class='ocrx_word' id='word_1_240' title='bbox 2219 918 2480 986; x_wconf 90' lang='lat' dir='ltr'><strong><em>ineptum,</em></strong></span> <span class='ocrx_word' id='word_1_241' title='bbox 2515 916 2611 971; x_wconf 89' lang='lat' dir='ltr'><strong><em>sed</em></strong></span> <span class='ocrx_word' id='word_1_242' title='bbox 2639 924 2698 970; x_wconf 90' lang='lat' dir='ltr'><strong><em>ut</em></strong></span> <span class='ocrx_word' id='word_1_243' title='bbox 2729 916 2860 970; x_wconf 90' lang='lat' dir='ltr'><strong><em>illud</em></strong></span> <span class='ocrx_word' id='word_1_244' title='bbox 2893 913 3128 970; x_wconf 73' lang='lat' dir='ltr'><strong><em>Savilius</em></strong></span> <span class='ocrx_word' id='word_1_245' title='bbox 3160 918 3442 986; x_wconf 90' lang='lat' dir='ltr'><strong><em>politulum</em></strong></span> <span class='ocrx_word' id='word_1_246' title='bbox 3480 919 3594 972; x_wconf 76' lang='lat' dir='ltr'><strong><em>vel-</em></strong></span> 
     </span>
    </p>
   </div>
   <div class='ocr_carea' id='block_1_36' title="bbox 2014 1007 3483 1078">
    <p class='ocr_par' dir='ltr' id='par_1_36' title="bbox 2014 1007 3483 1078">
     <span class='ocr_line' id='line_1_36' title="bbox 2014 1007 3483 1078; baseline 0 -16"><span class='ocrx_word' id='word_1_247' title='bbox 2014 1009 2086 1064; x_wconf 88' lang='lat' dir='ltr'><strong><em>let</em></strong></span> <span class='ocrx_word' id='word_1_248' title='bbox 2116 1017 2280 1078; x_wconf 89' lang='lat' dir='ltr'><strong><em>atque</em></strong></span> <span class='ocrx_word' id='word_1_249' title='bbox 2317 1009 2644 1072; x_wconf 89' lang='lat' dir='ltr'><strong><em>limatulum,</em></strong></span> <span class='ocrx_word' id='word_1_250' title='bbox 2677 1009 2756 1062; x_wconf 88' lang='lat' dir='ltr'><strong><em>sic</em></strong></span> <span class='ocrx_word' id='word_1_251' title='bbox 2788 1016 2934 1063; x_wconf 89' lang='lat' dir='ltr'><strong><em>esset</em></strong></span> <span class='ocrx_word' id='word_1_252' title='bbox 2971 1007 3130 1077; x_wconf 87' lang='lat' dir='ltr'><strong><em>plane</em></strong></span> <span class='ocrx_word' id='word_1_253' title='bbox 3168 1008 3483 1062; x_wconf 88' lang='lat' dir='ltr'><strong><em>ridiculum.</em></strong></span> 
     </span>
    </p>
   </div>
   <div class='ocr_carea' id='block_1_37' title="bbox 2082 1098 3590 1169">
    <p class='ocr_par' dir='ltr' id='par_1_37' title="bbox 2082 1098 3590 1169">
     <span class='ocr_line' id='line_1_37' title="bbox 2082 1098 3590 1169; baseline 0.001 -18"><span class='ocrx_word' id='word_1_254' title='bbox 2082 1099 2389 1167; x_wconf 89' lang='lat' dir='ltr'><strong><em>At,inquit,</em></strong></span> <span class='ocrx_word' id='word_1_255' title='bbox 2452 1099 2787 1153; x_wconf 86' lang='lat' dir='ltr'><strong><em>Sozomenus</em></strong></span> <span class='ocrx_word' id='word_1_256' title='bbox 2847 1098 3193 1152; x_wconf 81' lang='lat' dir='ltr'><strong><em>Theodorum</em></strong></span> <span class='ocrx_word' id='word_1_257' title='bbox 3255 1098 3590 1169; x_wconf 78' lang='grc' dir='ltr'>πολυῒστορα</span> 
     </span>
    </p>
   </div>
   <div class='ocr_carea' id='block_1_38' title="bbox 2016 1188 3592 1262">
    <p class='ocr_par' dir='ltr' id='par_1_38' title="bbox 2016 1188 3592 1262">
     <span class='ocr_line' id='line_1_38' title="bbox 2016 1188 3592 1262; baseline 0 -20"><span class='ocrx_word' id='word_1_258' title='bbox 2016 1188 2186 1244; x_wconf 81' lang='lat' dir='ltr'><strong><em>fuisse</em></strong></span> <span class='ocrx_word' id='word_1_259' title='bbox 2216 1191 2426 1251; x_wconf 87' lang='lat' dir='ltr'><strong><em>scribit,</em></strong></span> <span class='ocrx_word' id='word_1_260' title='bbox 2466 1189 2602 1242; x_wconf 87' lang='lat' dir='ltr'><strong><em>adde</em></strong></span> <span class='ocrx_word' id='word_1_261' title='bbox 2639 1192 2801 1262; x_wconf 84' lang='lat' dir='ltr'><strong><em>etiam</em></strong></span> <span class='ocrx_word' id='word_1_262' title='bbox 2840 1189 3083 1260; x_wconf 79' lang='grc' dir='ltr'>ρητόρων</span> <span class='ocrx_word' id='word_1_263' title='bbox 3118 1189 3316 1253; x_wconf 82' lang='grc' dir='ltr'>ἱκανῶς</span> <span class='ocrx_word' id='word_1_264' title='bbox 3359 1192 3592 1260; x_wconf 79' lang='grc' dir='ltr'>ἐπιστή-</span> 
     </span>
    </p>
   </div>
   <div class='ocr_carea' id='block_1_39' title="bbox 2018 1278 3588 1351">
    <p class='ocr_par' dir='ltr' id='par_1_39' title="bbox 2018 1278 3588 1351">
     <span class='ocr_line' id='line_1_39' title="bbox 2018 1278 3588 1351; baseline 0 -18"><span class='ocrx_word' id='word_1_265' title='bbox 2018 1297 2173 1351; x_wconf 88' lang='grc' dir='ltr'>μονα.</span> <span class='ocrx_word' id='word_1_266' title='bbox 2229 1281 2538 1349; x_wconf 80' lang='lat' dir='ltr'><strong><em>Respondet</em></strong></span> <span class='ocrx_word' id='word_1_267' title='bbox 2591 1281 2926 1335; x_wconf 89' lang='lat' dir='ltr'><strong><em>Alcmannus</em></strong></span> <span class='ocrx_word' id='word_1_268' title='bbox 2973 1279 3333 1334; x_wconf 83' lang='lat' dir='ltr'><strong><em>doetissime:</em></strong></span> <span class='ocrx_word' id='word_1_269' title='bbox 3385 1278 3588 1334; x_wconf 80' lang='lat' dir='ltr'><strong><em>Verum</em></strong></span> 
     </span>
    </p>
   </div>
   <div class='ocr_carea' id='block_1_40' title="bbox 2017 1372 3588 1444">
    <p class='ocr_par' dir='ltr' id='par_1_40' title="bbox 2017 1372 3588 1444">
     <span class='ocr_line' id='line_1_40' title="bbox 2017 1372 3588 1444; baseline -0.002 -18"><span class='ocrx_word' id='word_1_270' title='bbox 2017 1372 2320 1444; x_wconf 78' lang='grc' dir='ltr'>πολυῖστωρ</span> <span class='ocrx_word' id='word_1_271' title='bbox 2377 1373 2700 1441; x_wconf 86' lang='lat' dir='ltr'><strong><em>appellatur,</em></strong></span> <span class='ocrx_word' id='word_1_272' title='bbox 2733 1387 2841 1426; x_wconf 93' lang='lat' dir='ltr'><strong><em>non</em></strong></span> <span class='ocrx_word' id='word_1_273' title='bbox 2879 1372 3149 1426; x_wconf 83' lang='lat' dir='ltr'><strong><em>facundus</em></strong></span> <span class='ocrx_word' id='word_1_274' title='bbox 3197 1380 3252 1425; x_wconf 92' lang='lat' dir='ltr'><strong><em>et</em></strong></span> <span class='ocrx_word' id='word_1_275' title='bbox 3295 1372 3588 1440; x_wconf 84' lang='lat' dir='ltr'><strong><em>eloquens,</em></strong></span> 
     </span>
    </p>
   </div>
   <div class='ocr_carea' id='block_1_41' title="bbox 2017 1461 3594 1531">
    <p class='ocr_par' dir='ltr' id='par_1_41' title="bbox 2017 1461 3594 1531">
     <span class='ocr_line' id='line_1_41' title="bbox 2017 1461 3594 1531; baseline -0.003 -15"><span class='ocrx_word' id='word_1_276' title='bbox 2017 1462 2110 1516; x_wconf 90' lang='lat' dir='ltr'><strong><em>sed</em></strong></span> <span class='ocrx_word' id='word_1_277' title='bbox 2146 1462 2191 1516; x_wconf 92' lang='lat' dir='ltr'><strong><em>is</em></strong></span> <span class='ocrx_word' id='word_1_278' title='bbox 2219 1462 2312 1530; x_wconf 89' lang='lat' dir='ltr'><strong><em>qui</em></strong></span> <span class='ocrx_word' id='word_1_279' title='bbox 2367 1462 2561 1516; x_wconf 87' lang='lat' dir='ltr'><strong><em>litteris</em></strong></span> <span class='ocrx_word' id='word_1_280' title='bbox 2589 1463 2776 1517; x_wconf 86' lang='lat' dir='ltr'><strong><em>multis</em></strong></span> <span class='ocrx_word' id='word_1_281' title='bbox 2807 1461 3086 1531; x_wconf 75' lang='lat' dir='ltr'><strong><em>przeditus,</em></strong></span> <span class='ocrx_word' id='word_1_282' title='bbox 3135 1475 3424 1529; x_wconf 86' lang='lat' dir='ltr'><strong><em>rerumque</em></strong></span> <span class='ocrx_word' id='word_1_283' title='bbox 3462 1461 3594 1530; x_wconf 63' lang='lat' dir='ltr'><strong><em>pluo</em></strong></span> 
     </span>
    </p>
   </div>
   <div class='ocr_carea' id='block_1_42' title="bbox 2019 1550 3591 1621">
    <p class='ocr_par' dir='ltr' id='par_1_42' title="bbox 2019 1550 3591 1621">
     <span class='ocr_line' id='line_1_42' title="bbox 2019 1550 3591 1621; baseline -0.001 -15"><span class='ocrx_word' id='word_1_284' title='bbox 2019 1555 2158 1606; x_wconf 89' lang='lat' dir='ltr'><strong><em>rium</em></strong></span> <span class='ocrx_word' id='word_1_285' title='bbox 2191 1567 2253 1606; x_wconf 89' lang='lat' dir='ltr'><strong><em>ac</em></strong></span> <span class='ocrx_word' id='word_1_286' title='bbox 2285 1552 2434 1605; x_wconf 84' lang='lat' dir='ltr'><strong><em>varia</em></strong></span> <span class='ocrx_word' id='word_1_287' title='bbox 2474 1551 2700 1606; x_wconf 89' lang='lat' dir='ltr'><strong><em>scientia</em></strong></span> <span class='ocrx_word' id='word_1_288' title='bbox 2734 1552 2826 1615; x_wconf 87' lang='lat' dir='ltr'><strong><em>sit,</em></strong></span> <span class='ocrx_word' id='word_1_289' title='bbox 2869 1560 2926 1605; x_wconf 91' lang='lat' dir='ltr'><strong><em>ut</em></strong></span> <span class='ocrx_word' id='word_1_290' title='bbox 2955 1553 3020 1607; x_wconf 86' lang='lat' dir='ltr'><strong><em>A.</em></strong></span> <span class='ocrx_word' id='word_1_291' title='bbox 3052 1551 3261 1607; x_wconf 88' lang='lat' dir='ltr'><strong><em>Gellius</em></strong></span> <span class='ocrx_word' id='word_1_292' title='bbox 3285 1551 3361 1604; x_wconf 89' lang='lat' dir='ltr'><strong><em>ait</em></strong></span> <span class='ocrx_word' id='word_1_293' title='bbox 3388 1550 3455 1605; x_wconf 88' lang='lat' dir='ltr'><strong><em>de</em></strong></span> <span class='ocrx_word' id='word_1_294' title='bbox 3475 1550 3591 1621; x_wconf 79' lang='lat' dir='ltr'><strong><em>Ap-</em></strong></span> 
     </span>
    </p>
   </div>
   <div class='ocr_carea' id='block_1_43' title="bbox 2018 1643 3592 1714">
    <p class='ocr_par' dir='ltr' id='par_1_43' title="bbox 2018 1643 3592 1714">
     <span class='ocr_line' id='line_1_43' title="bbox 2018 1643 3592 1714; baseline -0.001 -16"><span class='ocrx_word' id='word_1_295' title='bbox 2018 1646 2178 1714; x_wconf 89' lang='lat' dir='ltr'><strong><em>pione</em></strong></span> <span class='ocrx_word' id='word_1_296' title='bbox 2216 1653 2406 1698; x_wconf 78' lang='lat' dir='ltr'><strong><em>vocato</em></strong></span> <span class='ocrx_word' id='word_1_297' title='bbox 2439 1643 2743 1714; x_wconf 82' lang='grc' dir='ltr'>πολυῖστωρ</span> <span class='ocrx_word' id='word_1_298' title='bbox 2776 1643 3123 1714; x_wconf 86' lang='lat' dir='ltr'><strong><em>(c).Cyrillus</em></strong></span> <span class='ocrx_word' id='word_1_299' title='bbox 3163 1653 3341 1698; x_wconf 91' lang='lat' dir='ltr'><strong><em>autem</em></strong></span> <span class='ocrx_word' id='word_1_300' title='bbox 3375 1644 3592 1713; x_wconf 81' lang='lat' dir='ltr'><strong><em>(contra</em></strong></span> 
     </span>
    </p>
   </div>
   <div class='ocr_carea' id='block_1_44' title="bbox 2015 1735 3588 1806">
    <p class='ocr_par' dir='ltr' id='par_1_44' title="bbox 2015 1735 3588 1806">
     <span class='ocr_line' id='line_1_44' title="bbox 2015 1735 3588 1806; baseline -0.001 -16"><span class='ocrx_word' id='word_1_301' title='bbox 2015 1736 2131 1790; x_wconf 80' lang='lat' dir='ltr'><strong><em>Jul.</em></strong></span> <span class='ocrx_word' id='word_1_302' title='bbox 2156 1737 2246 1789; x_wconf 87' lang='lat' dir='ltr'><strong><em>lib.</em></strong></span> <span class='ocrx_word' id='word_1_303' title='bbox 2283 1752 2338 1799; x_wconf 72' lang='grc' dir='ltr'>χ,</span> <span class='ocrx_word' id='word_1_304' title='bbox 2358 1751 2409 1805; x_wconf 91' lang='lat' dir='ltr'><strong><em>p.</em></strong></span> <span class='ocrx_word' id='word_1_305' title='bbox 2428 1736 2575 1806; x_wconf 56' lang='grc' dir='ltr'>δια),</span> <span class='ocrx_word' id='word_1_306' title='bbox 2595 1745 2654 1788; x_wconf 91' lang='lat' dir='ltr'><strong><em>nt</em></strong></span> <span class='ocrx_word' id='word_1_307' title='bbox 2670 1737 2962 1791; x_wconf 78' lang='lat' dir='ltr'><strong><em>Clementis</em></strong></span> <span class='ocrx_word' id='word_1_308' title='bbox 2986 1735 3336 1790; x_wconf 82' lang='lat' dir='ltr'><strong><em>Alexandrini</em></strong></span> <span class='ocrx_word' id='word_1_309' title='bbox 3357 1735 3588 1790; x_wconf 81' lang='lat' dir='ltr'><strong><em>faculta-</em></strong></span> 
     </span>
    </p>
   </div>
   <div class='ocr_carea' id='block_1_45' title="bbox 2019 1824 3583 1894">
    <p class='ocr_par' dir='ltr' id='par_1_45' title="bbox 2019 1824 3583 1894">
     <span class='ocr_line' id='line_1_45' title="bbox 2019 1824 3583 1894; baseline -0.001 -15"><span class='ocrx_word' id='word_1_310' title='bbox 2019 1834 2126 1881; x_wconf 88' lang='lat' dir='ltr'><strong><em>tem</em></strong></span> <span class='ocrx_word' id='word_1_311' title='bbox 2156 1824 2395 1887; x_wconf 85' lang='lat' dir='ltr'><strong><em>dicendi,</em></strong></span> <span class='ocrx_word' id='word_1_312' title='bbox 2435 1836 2489 1878; x_wconf 88' lang='lat' dir='ltr'><strong><em>ct</em></strong></span> <span class='ocrx_word' id='word_1_313' title='bbox 2517 1825 2878 1879; x_wconf 85' lang='lat' dir='ltr'><strong><em>eruditionem</em></strong></span> <span class='ocrx_word' id='word_1_314' title='bbox 2919 1826 3035 1879; x_wconf 79' lang='lat' dir='ltr'><strong><em>suis</em></strong></span> <span class='ocrx_word' id='word_1_315' title='bbox 3067 1824 3378 1880; x_wconf 86' lang='lat' dir='ltr'><strong><em>nominibus</em></strong></span> <span class='ocrx_word' id='word_1_316' title='bbox 3404 1825 3583 1894; x_wconf 82' lang='lat' dir='ltr'><strong><em>expri-</em></strong></span> 
     </span>
    </p>
   </div>
   <div class='ocr_carea' id='block_1_46' title="bbox 2020 1914 3591 1986">
    <p class='ocr_par' dir='ltr' id='par_1_46' title="bbox 2020 1914 3591 1986">
     <span class='ocr_line' id='line_1_46' title="bbox 2020 1914 3591 1986; baseline -0.002 -15"><span class='ocrx_word' id='word_1_317' title='bbox 2020 1925 2210 1981; x_wconf 84' lang='lat' dir='ltr'><strong><em>meret,</em></strong></span> <span class='ocrx_word' id='word_1_318' title='bbox 2241 1916 2522 1986; x_wconf 78' lang='grc' dir='ltr'>ἐλλόγιμον</span> <span class='ocrx_word' id='word_1_319' title='bbox 2551 1917 2700 1970; x_wconf 88' lang='lat' dir='ltr'><strong><em>illum</em></strong></span> <span class='ocrx_word' id='word_1_320' title='bbox 2733 1916 2967 1979; x_wconf 80' lang='lat' dir='ltr'><strong><em>vocavit,</em></strong></span> <span class='ocrx_word' id='word_1_321' title='bbox 2998 1923 3050 1969; x_wconf 88' lang='lat' dir='ltr'><strong><em>cl</em></strong></span> <span class='ocrx_word' id='word_1_322' title='bbox 3077 1914 3424 1984; x_wconf 79' lang='grc' dir='ltr'>πολυΐστορα,</span> <span class='ocrx_word' id='word_1_323' title='bbox 3448 1930 3591 1983; x_wconf 83' lang='lat' dir='ltr'><strong><em>quas</em></strong></span> 
     </span>
    </p>
   </div>
   <div class='ocr_carea' id='block_1_47' title="bbox 2018 2006 3592 2077">
    <p class='ocr_par' dir='ltr' id='par_1_47' title="bbox 2018 2006 3592 2077">
     <span class='ocr_line' id='line_1_47' title="bbox 2018 2006 3592 2077; baseline -0.003 -15"><span class='ocrx_word' id='word_1_324' title='bbox 2018 2023 2180 2064; x_wconf 77' lang='lat' dir='ltr'><strong><em>voces</em></strong></span> <span class='ocrx_word' id='word_1_325' title='bbox 2218 2008 2337 2076; x_wconf 90' lang='lat' dir='ltr'><strong><em>ipse</em></strong></span> <span class='ocrx_word' id='word_1_326' title='bbox 2363 2008 2600 2076; x_wconf 85' lang='lat' dir='ltr'><strong><em>explicat</em></strong></span> <span class='ocrx_word' id='word_1_327' title='bbox 2643 2007 2770 2061; x_wconf 89' lang='lat' dir='ltr'><strong><em>alibi</em></strong></span> <span class='ocrx_word' id='word_1_328' title='bbox 2801 2007 2919 2076; x_wconf 93' lang='lat' dir='ltr'><strong><em>(lib.</em></strong></span> <span class='ocrx_word' id='word_1_329' title='bbox 2953 2023 3048 2073; x_wconf 79' lang='lat' dir='ltr'><strong><em>vn,</em></strong></span> <span class='ocrx_word' id='word_1_330' title='bbox 3080 2022 3134 2076; x_wconf 91' lang='lat' dir='ltr'><strong><em>p.</em></strong></span> <span class='ocrx_word' id='word_1_331' title='bbox 3169 2007 3317 2075; x_wconf 73' lang='grc'><strong><em>251).</em></strong></span> <span class='ocrx_word' id='word_1_332' title='bbox 3354 2006 3592 2077; x_wconf 83' lang='grc' dir='ltr'><strong><em>Κλήμης</em></strong></span> 
     </span>
    </p>
   </div>
   <div class='ocr_carea' id='block_1_48' title="bbox 2019 2098 3593 2171">
    <p class='ocr_par' dir='ltr' id='par_1_48' title="bbox 2019 2098 3593 2171">
     <span class='ocr_line' id='line_1_48' title="bbox 2019 2098 3593 2171; baseline -0.001 -19"><span class='ocrx_word' id='word_1_333' title='bbox 2019 2099 2157 2171; x_wconf 80' lang='grc' dir='ltr'>ἀνὴρ</span> <span class='ocrx_word' id='word_1_334' title='bbox 2193 2100 2474 2169; x_wconf 74' lang='grc' dir='ltr'><strong><em>ἐλλόγιμος</em></strong></span> <span class='ocrx_word' id='word_1_335' title='bbox 2517 2101 2609 2152; x_wconf 77' lang='grc' dir='ltr'><strong><em>καὶ</em></strong></span> <span class='ocrx_word' id='word_1_336' title='bbox 2653 2098 2988 2169; x_wconf 78' lang='grc' dir='ltr'>πολυμαθὴς,</span> <span class='ocrx_word' id='word_1_337' title='bbox 3021 2099 3114 2151; x_wconf 79' lang='grc' dir='ltr'>καὶ</span> <span class='ocrx_word' id='word_1_338' title='bbox 3151 2098 3593 2169; x_wconf 82' lang='grc' dir='ltr'><strong><em>ἀναγνωσμάτων</em></strong></span> 
     </span>
    </p>
   </div>
   <div class='ocr_carea' id='block_1_49' title="bbox 2020 2185 3594 2260">
    <p class='ocr_par' dir='ltr' id='par_1_49' title="bbox 2020 2185 3594 2260">
     <span class='ocr_line' id='line_1_49' title="bbox 2020 2185 3594 2260; baseline -0.002 -18"><span class='ocrx_word' id='word_1_339' title='bbox 2020 2188 2313 2260; x_wconf 83' lang='grc' dir='ltr'>ὲλληνικῶν</span> <span class='ocrx_word' id='word_1_340' title='bbox 2377 2188 2908 2259; x_wconf 81' lang='grc' dir='ltr'><strong><em>πολυπραγμονήσας</em></strong></span> <span class='ocrx_word' id='word_1_341' title='bbox 2975 2187 3154 2256; x_wconf 71' lang='grc' dir='ltr'>βάθος.</span> <span class='ocrx_word' id='word_1_342' title='bbox 3217 2185 3399 2256; x_wconf 74' lang='lat' dir='ltr'><strong><em>Neque</em></strong></span> <span class='ocrx_word' id='word_1_343' title='bbox 3459 2201 3594 2240; x_wconf 82' lang='lat' dir='ltr'><strong><em>vero</em></strong></span> 
     </span>
    </p>
   </div>
   <div class='ocr_carea' id='block_1_50' title="bbox 2019 2279 3593 2348">
    <p class='ocr_par' dir='ltr' id='par_1_50' title="bbox 2019 2279 3593 2348">
     <span class='ocr_line' id='line_1_50' title="bbox 2019 2279 3593 2348; baseline -0.003 -14"><span class='ocrx_word' id='word_1_344' title='bbox 2019 2280 2182 2335; x_wconf 89' lang='lat' dir='ltr'><strong><em>etiam</em></strong></span> <span class='ocrx_word' id='word_1_345' title='bbox 2212 2279 2306 2348; x_wconf 90' lang='lat' dir='ltr'><strong><em>qui</em></strong></span> <span class='ocrx_word' id='word_1_346' title='bbox 2346 2279 2402 2332; x_wconf 85' lang='lat' dir='ltr'><strong><em>in</em></strong></span> <span class='ocrx_word' id='word_1_347' title='bbox 2452 2279 2764 2332; x_wconf 85' lang='lat' dir='ltr'><strong><em>oratoribus</em></strong></span> <span class='ocrx_word' id='word_1_348' title='bbox 2814 2287 3062 2332; x_wconf 73' lang='lat' dir='ltr'><strong><em>versatus</em></strong></span> <span class='ocrx_word' id='word_1_349' title='bbox 3090 2285 3194 2342; x_wconf 89' lang='lat' dir='ltr'><strong><em>est,</em></strong></span> <span class='ocrx_word' id='word_1_350' title='bbox 3237 2285 3292 2332; x_wconf 88' lang='lat' dir='ltr'><strong><em>et</em></strong></span> <span class='ocrx_word' id='word_1_351' title='bbox 3345 2292 3593 2332; x_wconf 90' lang='lat' dir='ltr'><strong><em>summos</em></strong></span> 
     </span>
    </p>
   </div>
   <div class='ocr_carea' id='block_1_51' title="bbox 2021 2368 3592 2436">
    <p class='ocr_par' dir='ltr' id='par_1_51' title="bbox 2021 2368 3592 2436">
     <span class='ocr_line' id='line_1_51' title="bbox 2021 2368 3592 2436; baseline -0.003 -12"><span class='ocrx_word' id='word_1_352' title='bbox 2021 2373 2268 2426; x_wconf 89' lang='lat' dir='ltr'><strong><em>rhetores</em></strong></span> <span class='ocrx_word' id='word_1_353' title='bbox 2313 2370 2541 2436; x_wconf 85' lang='lat' dir='ltr'><strong><em>audivit,</em></strong></span> <span class='ocrx_word' id='word_1_354' title='bbox 2580 2372 2655 2424; x_wconf 91' lang='lat' dir='ltr'><strong><em>uti</em></strong></span> <span class='ocrx_word' id='word_1_355' title='bbox 2706 2369 3028 2425; x_wconf 87' lang='lat' dir='ltr'><strong><em>Theodorus</em></strong></span> <span class='ocrx_word' id='word_1_356' title='bbox 3066 2369 3373 2433; x_wconf 86' lang='lat' dir='ltr'><strong><em>Libanium,</em></strong></span> <span class='ocrx_word' id='word_1_357' title='bbox 3409 2368 3592 2423; x_wconf 89' lang='lat' dir='ltr'><strong><em>stalim</em></strong></span> 
     </span>
    </p>
   </div>
   <div class='ocr_carea' id='block_1_52' title="bbox 2019 2458 3592 2530">
    <p class='ocr_par' dir='ltr' id='par_1_52' title="bbox 2019 2458 3592 2530">
     <span class='ocr_line' id='line_1_52' title="bbox 2019 2458 3592 2530; baseline -0.004 -15"><span class='ocrx_word' id='word_1_358' title='bbox 2019 2462 2280 2530; x_wconf 90' lang='lat' dir='ltr'><strong><em>eloquens</em></strong></span> <span class='ocrx_word' id='word_1_359' title='bbox 2309 2460 2655 2530; x_wconf 88' lang='lat' dir='ltr'><strong><em>disertusque</em></strong></span> <span class='ocrx_word' id='word_1_360' title='bbox 2685 2460 2873 2514; x_wconf 87' lang='lat' dir='ltr'><strong><em>evasit.</em></strong></span> <span class='ocrx_word' id='word_1_361' title='bbox 2905 2458 3016 2514; x_wconf 87' lang='lat' dir='ltr'><strong><em>Nec</em></strong></span> <span class='ocrx_word' id='word_1_362' title='bbox 3037 2459 3181 2514; x_wconf 89' lang='lat' dir='ltr'><strong><em>enim</em></strong></span> <span class='ocrx_word' id='word_1_363' title='bbox 3210 2459 3300 2513; x_wconf 88' lang='lat' dir='ltr'><strong><em>ille</em></strong></span> <span class='ocrx_word' id='word_1_364' title='bbox 3336 2467 3592 2512; x_wconf 85' lang='lat' dir='ltr'><strong><em>naturam</em></strong></span> 
     </span>
    </p>
   </div>
   <div class='ocr_carea' id='block_1_53' title="bbox 2022 2550 3592 2620">
    <p class='ocr_par' dir='ltr' id='par_1_53' title="bbox 2022 2550 3592 2620">
     <span class='ocr_line' id='line_1_53' title="bbox 2022 2550 3592 2620; baseline -0.004 -14"><span class='ocrx_word' id='word_1_365' title='bbox 2022 2554 2088 2608; x_wconf 88' lang='lat' dir='ltr'><strong><em>ad</em></strong></span> <span class='ocrx_word' id='word_1_366' title='bbox 2112 2553 2164 2607; x_wconf 91' lang='lat' dir='ltr'><strong><em>id</em></strong></span> <span class='ocrx_word' id='word_1_367' title='bbox 2196 2552 2658 2606; x_wconf 84' lang='lat' dir='ltr'><strong><em>accommodatam</em></strong></span> <span class='ocrx_word' id='word_1_368' title='bbox 2688 2551 2899 2613; x_wconf 85' lang='lat' dir='ltr'><strong><em>habuit,</em></strong></span> <span class='ocrx_word' id='word_1_369' title='bbox 2937 2566 3112 2620; x_wconf 88' lang='lat' dir='ltr'><strong><em>neque</em></strong></span> <span class='ocrx_word' id='word_1_370' title='bbox 3149 2566 3324 2620; x_wconf 70' lang='lat' dir='ltr'><strong><em>opera:</em></strong></span> <span class='ocrx_word' id='word_1_371' title='bbox 3359 2550 3592 2619; x_wconf 86' lang='lat' dir='ltr'><strong><em>pretium</em></strong></span> 
     </span>
    </p>
   </div>
   <div class='ocr_carea' id='block_1_54' title="bbox 2021 2641 3592 2707">
    <p class='ocr_par' dir='ltr' id='par_1_54' title="bbox 2021 2641 3592 2707">
     <span class='ocr_line' id='line_1_54' title="bbox 2021 2641 3592 2707; baseline -0.004 -8"><span class='ocrx_word' id='word_1_372' title='bbox 2021 2647 2178 2699; x_wconf 83' lang='lat' dir='ltr'><strong><em>duxit</em></strong></span> <span class='ocrx_word' id='word_1_373' title='bbox 2206 2659 2324 2699; x_wconf 90' lang='lat' dir='ltr'><strong><em>eam</em></strong></span> <span class='ocrx_word' id='word_1_374' title='bbox 2358 2653 2476 2698; x_wconf 89' lang='lat' dir='ltr'><strong><em>arte</em></strong></span> <span class='ocrx_word' id='word_1_375' title='bbox 2505 2644 2718 2707; x_wconf 89' lang='lat' dir='ltr'><strong><em>limare,</em></strong></span> <span class='ocrx_word' id='word_1_376' title='bbox 2747 2651 2806 2695; x_wconf 93' lang='lat' dir='ltr'><strong><em>ut</em></strong></span> <span class='ocrx_word' id='word_1_377' title='bbox 2836 2643 2890 2695; x_wconf 91' lang='lat' dir='ltr'><strong><em>in</em></strong></span> <span class='ocrx_word' id='word_1_378' title='bbox 2915 2643 3032 2697; x_wconf 89' lang='lat' dir='ltr'><strong><em>suis</em></strong></span> <span class='ocrx_word' id='word_1_379' title='bbox 3059 2642 3167 2696; x_wconf 91' lang='lat' dir='ltr'><strong><em>illis</em></strong></span> <span class='ocrx_word' id='word_1_380' title='bbox 3202 2641 3592 2698; x_wconf 87' lang='lat' dir='ltr'><strong><em>monumentis.</em></strong></span> 
     </span>
    </p>
   </div>
   <div class='ocr_carea' id='block_1_55' title="bbox 2021 2730 3598 2806">
    <p class='ocr_par' dir='ltr' id='par_1_55' title="bbox 2021 2730 3598 2806">
     <span class='ocr_line' id='line_1_55' title="bbox 2021 2730 3598 2806; baseline -0.006 -16"><span class='ocrx_word' id='word_1_381' title='bbox 2021 2751 2143 2806; x_wconf 61' lang='lat' dir='ltr'><strong><em>qua</em></strong></span> <span class='ocrx_word' id='word_1_382' title='bbox 2183 2735 2441 2799; x_wconf 80' lang='lat' dir='ltr'><strong><em>vidimus,</em></strong></span> <span class='ocrx_word' id='word_1_383' title='bbox 2485 2733 2647 2803; x_wconf 85' lang='lat' dir='ltr'><strong><em>plane</em></strong></span> <span class='ocrx_word' id='word_1_384' title='bbox 2697 2732 2960 2786; x_wconf 89' lang='lat' dir='ltr'><strong><em>declarat.</em></strong></span> <span class='ocrx_word' id='word_1_385' title='bbox 2997 2730 3252 2801; x_wconf 77' lang='lat' dir='ltr'><strong><em>Legimus</em></strong></span> <span class='ocrx_word' id='word_1_386' title='bbox 3292 2745 3422 2784; x_wconf 85' lang='lat' dir='ltr'><strong><em>vero</em></strong></span> <span class='ocrx_word' id='word_1_387' title='bbox 3447 2745 3598 2799; x_wconf 83' lang='lat' dir='ltr'><strong><em>quae-</em></strong></span> 
     </span>
    </p>
   </div>
   <div class='ocr_carea' id='block_1_56' title="bbox 2021 2819 3600 2890">
    <p class='ocr_par' dir='ltr' id='par_1_56' title="bbox 2021 2819 3600 2890">
     <span class='ocr_line' id='line_1_56' title="bbox 2021 2819 3600 2890; baseline -0.004 -12"><span class='ocrx_word' id='word_1_388' title='bbox 2021 2825 2146 2878; x_wconf 90' lang='lat' dir='ltr'><strong><em>dam</em></strong></span> <span class='ocrx_word' id='word_1_389' title='bbox 2165 2824 2506 2878; x_wconf 81' lang='lat' dir='ltr'><strong><em>diversorum</em></strong></span> <span class='ocrx_word' id='word_1_390' title='bbox 2535 2821 2654 2890; x_wconf 87' lang='lat' dir='ltr'><strong><em>ejus</em></strong></span> <span class='ocrx_word' id='word_1_391' title='bbox 2682 2834 2904 2888; x_wconf 89' lang='lat' dir='ltr'><strong><em>operum</em></strong></span> <span class='ocrx_word' id='word_1_392' title='bbox 2927 2819 3374 2890; x_wconf 83' lang='grc' dir='ltr'>ἀποσπασμάτια,</span> <span class='ocrx_word' id='word_1_393' title='bbox 3394 2819 3600 2887; x_wconf 86' lang='lat' dir='ltr'><strong><em>aliquot</em></strong></span> 
     </span>
    </p>
   </div>
   <div class='ocr_carea' id='block_1_57' title="bbox 2022 2910 3597 2984">
    <p class='ocr_par' dir='ltr' id='par_1_57' title="bbox 2022 2910 3597 2984">
     <span class='ocr_line' id='line_1_57' title="bbox 2022 2910 3597 2984; baseline -0.003 -17"><span class='ocrx_word' id='word_1_394' title='bbox 2022 2914 2360 2984; x_wconf 87' lang='lat' dir='ltr'><strong><em>psalmorum</em></strong></span> <span class='ocrx_word' id='word_1_395' title='bbox 2399 2912 2798 2977; x_wconf 87' lang='lat' dir='ltr'><strong><em>cnarrationes,</em></strong></span> <span class='ocrx_word' id='word_1_396' title='bbox 2839 2917 2892 2964; x_wconf 89' lang='lat' dir='ltr'><strong><em>et</em></strong></span> <span class='ocrx_word' id='word_1_397' title='bbox 2943 2910 3182 2980; x_wconf 79' lang='lat' dir='ltr'><strong><em>integros</em></strong></span> <span class='ocrx_word' id='word_1_398' title='bbox 3231 2912 3288 2964; x_wconf 88' lang='lat' dir='ltr'><strong><em>in</em></strong></span> <span class='ocrx_word' id='word_1_399' title='bbox 3317 2910 3597 2978; x_wconf 84' lang='lat' dir='ltr'><strong><em>prophetas</em></strong></span> 
     </span>
    </p>
   </div>
   <div class='ocr_carea' id='block_1_58' title="bbox 2023 3000 3597 3071">
    <p class='ocr_par' dir='ltr' id='par_1_58' title="bbox 2023 3000 3597 3071">
     <span class='ocr_line' id='line_1_58' title="bbox 2023 3000 3597 3071; baseline -0.003 -13"><span class='ocrx_word' id='word_1_400' title='bbox 2023 3007 2251 3059; x_wconf 86' lang='lat' dir='ltr'><strong><em>minores</em></strong></span> <span class='ocrx_word' id='word_1_401' title='bbox 2273 3003 2867 3071; x_wconf 87' lang='lat' dir='ltr'><strong><em>commentarios,quos</em></strong></span> <span class='ocrx_word' id='word_1_402' title='bbox 2887 3001 2990 3056; x_wconf 89' lang='lat' dir='ltr'><strong><em>nisi</em></strong></span> <span class='ocrx_word' id='word_1_403' title='bbox 3015 3000 3251 3056; x_wconf 83' lang='lat' dir='ltr'><strong><em>Savilius</em></strong></span> <span class='ocrx_word' id='word_1_404' title='bbox 3271 3001 3322 3054; x_wconf 89' lang='lat' dir='ltr'><strong><em>in</em></strong></span> <span class='ocrx_word' id='word_1_405' title='bbox 3345 3008 3597 3071; x_wconf 85' lang='lat' dir='ltr'><strong><em>promptu</em></strong></span> 
     </span>
    </p>
   </div>
   <div class='ocr_carea' id='block_1_59' title="bbox 428 3090 3600 3170">
    <p class='ocr_par' dir='ltr' id='par_1_59' title="bbox 428 3090 3600 3170">
     <span class='ocr_line' id='line_1_59' title="bbox 428 3090 3600 3170; baseline 0.001 -26"><span class='ocrx_word' id='word_1_406' title='bbox 428 3090 727 3160; x_wconf 82' lang='lat' dir='ltr'><strong><em>Epistolam</em></strong></span> <span class='ocrx_word' id='word_1_407' title='bbox 753 3092 821 3144; x_wconf 85' lang='lat' dir='ltr'><strong><em>ad</em></strong></span> <span class='ocrx_word' id='word_1_408' title='bbox 841 3091 1104 3147; x_wconf 85' lang='lat' dir='ltr'><strong><em>Joannem</em></strong></span> <span class='ocrx_word' id='word_1_409' title='bbox 1126 3093 1583 3164; x_wconf 81' lang='lat' dir='ltr'><strong><em>Cltrysostomum,</em></strong></span> <span class='ocrx_word' id='word_1_410' title='bbox 1613 3113 1720 3166; x_wconf 90' lang='lat' dir='ltr'><strong><em>qua</em></strong></span> <span class='ocrx_word' id='word_1_411' title='bbox 1743 3098 1916 3170; x_wconf 79' lang='lat' dir='ltr'><strong><em>Chry-</em></strong></span> <span class='ocrx_word' id='word_1_412' title='bbox 1946 3106 1990 3165; x_wconf 74' lang='grc' dir='ltr'>α</span> <span class='ocrx_word' id='word_1_413' title='bbox 2024 3097 2240 3161; x_wconf 84' lang='lat' dir='ltr'><strong><em>habeat,</em></strong></span> <span class='ocrx_word' id='word_1_414' title='bbox 2268 3095 2520 3150; x_wconf 87' lang='lat' dir='ltr'><strong><em>consulat</em></strong></span> <span class='ocrx_word' id='word_1_415' title='bbox 2554 3095 2607 3148; x_wconf 92' lang='lat' dir='ltr'><strong><em>in</em></strong></span> <span class='ocrx_word' id='word_1_416' title='bbox 2638 3094 2820 3148; x_wconf 89' lang='lat' dir='ltr'><strong><em>citatis</em></strong></span> <span class='ocrx_word' id='word_1_417' title='bbox 2855 3093 2988 3147; x_wconf 91' lang='lat' dir='ltr'><strong><em>locis</em></strong></span> <span class='ocrx_word' id='word_1_418' title='bbox 3014 3091 3290 3156; x_wconf 88' lang='lat' dir='ltr'><strong><em>Photium,</em></strong></span> <span class='ocrx_word' id='word_1_419' title='bbox 3323 3093 3416 3162; x_wconf 91' lang='lat' dir='ltr'><strong><em>qui</em></strong></span> <span class='ocrx_word' id='word_1_420' title='bbox 3451 3093 3600 3162; x_wconf 86' lang='lat' dir='ltr'><strong><em>ejus-</em></strong></span> 
     </span>
    </p>
   </div>
   <div class='ocr_carea' id='block_1_60' title="bbox 359 3184 1923 3256">
    <p class='ocr_par' dir='ltr' id='par_1_60' title="bbox 359 3184 1923 3256">
     <span class='ocr_line' id='line_1_60' title="bbox 359 3184 1923 3256; baseline 0.005 -20"><span class='ocrx_word' id='word_1_421' title='bbox 359 3184 707 3238; x_wconf 67' lang='lat' dir='ltr'><strong><em>sostomianae</em></strong></span> <span class='ocrx_word' id='word_1_422' title='bbox 742 3185 1034 3255; x_wconf 89' lang='lat' dir='ltr'><strong><em>respondet</em></strong></span> <span class='ocrx_word' id='word_1_423' title='bbox 1069 3193 1189 3254; x_wconf 88' lang='lat' dir='ltr'><strong><em>post</em></strong></span> <span class='ocrx_word' id='word_1_424' title='bbox 1216 3188 1446 3256; x_wconf 90' lang='lat' dir='ltr'><strong><em>lapsum.</em></strong></span> <span class='ocrx_word' id='word_1_425' title='bbox 1473 3186 1626 3254; x_wconf 86' lang='lat' dir='ltr'><strong><em>Quod</em></strong></span> <span class='ocrx_word' id='word_1_426' title='bbox 1659 3205 1782 3243; x_wconf 90' lang='lat' dir='ltr'><strong><em>cum</em></strong></span> <span class='ocrx_word' id='word_1_427' title='bbox 1815 3206 1923 3244; x_wconf 87' lang='lat' dir='ltr'><strong><em>non</em></strong></span> 
     </span>
    </p>
   </div>
   <div class='ocr_carea' id='block_1_61' title="bbox 361 3274 1920 3346">
    <p class='ocr_par' dir='ltr' id='par_1_61' title="bbox 361 3274 1920 3346">
     <span class='ocr_line' id='line_1_61' title="bbox 361 3274 1920 3346; baseline 0.007 -20"><span class='ocrx_word' id='word_1_428' title='bbox 361 3274 759 3331; x_wconf 79' lang='lat' dir='ltr'><strong><em>intellexissent</em></strong></span> <span class='ocrx_word' id='word_1_429' title='bbox 810 3277 1194 3346; x_wconf 87' lang='lat' dir='ltr'><strong><em>epitomatores</em></strong></span> <span class='ocrx_word' id='word_1_430' title='bbox 1230 3281 1548 3336; x_wconf 85' lang='lat' dir='ltr'><strong><em>Gesneriaui</em></strong></span> <span class='ocrx_word' id='word_1_431' title='bbox 1608 3291 1920 3337; x_wconf 85' lang='lat' dir='ltr'><strong><em>verterunt:</em></strong></span> 
     </span>
    </p>
   </div>
   <div class='ocr_carea' id='block_1_62' title="bbox 361 3365 1922 3439">
    <p class='ocr_par' dir='ltr' id='par_1_62' title="bbox 361 3365 1922 3439">
     <span class='ocr_line' id='line_1_62' title="bbox 361 3365 1922 3439; baseline 0.007 -23"><span class='ocrx_word' id='word_1_432' title='bbox 361 3365 728 3433; x_wconf 79' lang='lat' dir='ltr'><strong><em>Antigramma</em></strong></span> <span class='ocrx_word' id='word_1_433' title='bbox 761 3376 946 3420; x_wconf 88' lang='lat' dir='ltr'><strong><em>contra</em></strong></span> <span class='ocrx_word' id='word_1_434' title='bbox 977 3366 1237 3421; x_wconf 85' lang='lat' dir='ltr'><strong><em>Joannem</em></strong></span> <span class='ocrx_word' id='word_1_435' title='bbox 1287 3367 1737 3439; x_wconf 80' lang='lat' dir='ltr'><strong><em>Cltrysostomum.</em></strong></span> <span class='ocrx_word' id='word_1_436' title='bbox 1770 3375 1922 3427; x_wconf 83' lang='lat' dir='ltr'><strong><em>luve-</em></strong></span> 
     </span>
    </p>
   </div>
   <div class='ocr_carea' id='block_1_63' title="bbox 361 3457 1928 3528">
    <p class='ocr_par' dir='ltr' id='par_1_63' title="bbox 361 3457 1928 3528">
     <span class='ocr_line' id='line_1_63' title="bbox 361 3457 1928 3528; baseline 0.004 -18"><span class='ocrx_word' id='word_1_437' title='bbox 361 3457 621 3528; x_wconf 88' lang='lat' dir='ltr'><strong><em>niturque</em></strong></span> <span class='ocrx_word' id='word_1_438' title='bbox 658 3473 762 3513; x_wconf 87' lang='lat' dir='ltr'><strong><em>ms.</em></strong></span> <span class='ocrx_word' id='word_1_439' title='bbox 798 3460 998 3528; x_wconf 87' lang='lat' dir='ltr'><strong><em>passim</em></strong></span> <span class='ocrx_word' id='word_1_440' title='bbox 1039 3461 1092 3514; x_wconf 91' lang='lat' dir='ltr'><strong><em>in</em></strong></span> <span class='ocrx_word' id='word_1_441' title='bbox 1126 3460 1475 3515; x_wconf 90' lang='lat' dir='ltr'><strong><em>bibliothecis</em></strong></span> <span class='ocrx_word' id='word_1_442' title='bbox 1509 3460 1673 3517; x_wconf 63' lang='lat' dir='ltr'><strong><em>Italiae</em></strong></span> <span class='ocrx_word' id='word_1_443' title='bbox 1699 3466 1800 3518; x_wconf 90' lang='lat' dir='ltr'><strong><em>sub</em></strong></span> <span class='ocrx_word' id='word_1_444' title='bbox 1823 3463 1928 3517; x_wconf 92' lang='lat' dir='ltr'><strong><em>hoc</em></strong></span> 
     </span>
    </p>
   </div>
   <div class='ocr_carea' id='block_1_64' title="bbox 360 3549 1930 3624">
    <p class='ocr_par' dir='ltr' id='par_1_64' title="bbox 360 3549 1930 3624">
     <span class='ocr_line' id='line_1_64' title="bbox 360 3549 1930 3624; baseline 0.003 -23"><span class='ocrx_word' id='word_1_445' title='bbox 360 3549 565 3603; x_wconf 82' lang='lat' dir='ltr'><strong><em>titulo:</em></strong></span> <span class='ocrx_word' id='word_1_446' title='bbox 600 3549 874 3620; x_wconf 86' lang='grc' dir='ltr'>Θεοδώρου</span> <span class='ocrx_word' id='word_1_447' title='bbox 920 3549 1012 3605; x_wconf 76' lang='grc' dir='ltr'>τοῦ</span> <span class='ocrx_word' id='word_1_448' title='bbox 1050 3552 1370 3614; x_wconf 80' lang='grc' dir='ltr'>ἐκπεσόντος</span> <span class='ocrx_word' id='word_1_449' title='bbox 1409 3553 1761 3624; x_wconf 82' lang='grc' dir='ltr'><strong><em>ἀντίγραμμα</em></strong></span> <span class='ocrx_word' id='word_1_450' title='bbox 1794 3551 1930 3623; x_wconf 82' lang='grc' dir='ltr'>πρὸς</span> 
     </span>
    </p>
   </div>
   <div class='ocr_carea' id='block_1_65' title="bbox 362 3639 1928 3712">
    <p class='ocr_par' dir='ltr' id='par_1_65' title="bbox 362 3639 1928 3712">
     <span class='ocr_line' id='line_1_65' title="bbox 362 3639 1928 3712; baseline 0.004 -21"><span class='ocrx_word' id='word_1_451' title='bbox 362 3639 454 3692; x_wconf 76' lang='grc' dir='ltr'><strong><em>τὸν</em></strong></span> <span class='ocrx_word' id='word_1_452' title='bbox 480 3640 538 3690; x_wconf 83' lang='grc' dir='ltr'>ὲν</span> <span class='ocrx_word' id='word_1_453' title='bbox 563 3640 736 3706; x_wconf 79' lang='grc' dir='ltr'>ἁγίοις</span> <span class='ocrx_word' id='word_1_454' title='bbox 767 3641 977 3711; x_wconf 84' lang='grc' dir='ltr'>πατέρα</span> <span class='ocrx_word' id='word_1_455' title='bbox 1007 3641 1164 3712; x_wconf 79' lang='grc' dir='ltr'>ἡμῶν</span> <span class='ocrx_word' id='word_1_456' title='bbox 1209 3641 1462 3712; x_wconf 81' lang='grc' dir='ltr'>Ἰωάννην</span> <span class='ocrx_word' id='word_1_457' title='bbox 1499 3643 1588 3695; x_wconf 76' lang='grc' dir='ltr'><strong><em>τὸν</em></strong></span> <span class='ocrx_word' id='word_1_458' title='bbox 1623 3641 1928 3712; x_wconf 81' lang='grc' dir='ltr'>Χρυσόστο-</span> 
     </span>
    </p>
   </div>
   <div class='ocr_carea' id='block_1_66' title="bbox 366 3731 1928 3800">
    <p class='ocr_par' dir='ltr' id='par_1_66' title="bbox 366 3731 1928 3800">
     <span class='ocr_line' id='line_1_66' title="bbox 366 3731 1928 3800; baseline 0.005 -18"><span class='ocrx_word' id='word_1_459' title='bbox 366 3747 496 3800; x_wconf 85' lang='grc' dir='ltr'>μον·</span> <span class='ocrx_word' id='word_1_460' title='bbox 528 3731 778 3785; x_wconf 87' lang='lat' dir='ltr'><strong><em>Theodori</em></strong></span> <span class='ocrx_word' id='word_1_461' title='bbox 818 3733 956 3800; x_wconf 87' lang='lat' dir='ltr'><strong><em>lapsi</em></strong></span> <span class='ocrx_word' id='word_1_462' title='bbox 997 3733 1262 3800; x_wconf 83' lang='lat' dir='ltr'><strong><em>responsio</em></strong></span> <span class='ocrx_word' id='word_1_463' title='bbox 1294 3734 1362 3786; x_wconf 86' lang='lat' dir='ltr'><strong><em>ad</em></strong></span> <span class='ocrx_word' id='word_1_464' title='bbox 1404 3733 1610 3787; x_wconf 86' lang='lat' dir='ltr'><strong><em>litteras</em></strong></span> <span class='ocrx_word' id='word_1_465' title='bbox 1643 3734 1702 3788; x_wconf 91' lang='lat' dir='ltr'><strong><em>S.</em></strong></span> <span class='ocrx_word' id='word_1_466' title='bbox 1737 3733 1805 3788; x_wconf 89' lang='lat' dir='ltr'><strong><em>P.</em></strong></span> <span class='ocrx_word' id='word_1_467' title='bbox 1851 3734 1928 3791; x_wconf 89' lang='lat' dir='ltr'><strong><em>N.</em></strong></span> 
     </span>
    </p>
   </div>
   <div class='ocr_carea' id='block_1_67' title="bbox 361 3820 1930 3890">
    <p class='ocr_par' dir='ltr' id='par_1_67' title="bbox 361 3820 1930 3890">
     <span class='ocr_line' id='line_1_67' title="bbox 361 3820 1930 3890; baseline 0.003 -16"><span class='ocrx_word' id='word_1_468' title='bbox 361 3820 590 3875; x_wconf 81' lang='lat' dir='ltr'><strong><em>Joannis</em></strong></span> <span class='ocrx_word' id='word_1_469' title='bbox 623 3821 1004 3890; x_wconf 79' lang='lat' dir='ltr'><strong><em>Cltrysostomi.</em></strong></span> <span class='ocrx_word' id='word_1_470' title='bbox 1045 3821 1126 3885; x_wconf 84' lang='lat' dir='ltr'><strong><em>P.,</em></strong></span> <span class='ocrx_word' id='word_1_471' title='bbox 1152 3823 1389 3876; x_wconf 79' lang='grc' dir='ltr'><strong><em>Πάντοτε</em></strong></span> <span class='ocrx_word' id='word_1_472' title='bbox 1417 3825 1466 3876; x_wconf 78' lang='grc' dir='ltr'><strong><em>οἱ</em></strong></span> <span class='ocrx_word' id='word_1_473' title='bbox 1500 3825 1557 3877; x_wconf 83' lang='grc' dir='ltr'>ὲν</span> <span class='ocrx_word' id='word_1_474' title='bbox 1607 3825 1802 3887; x_wconf 82' lang='grc' dir='ltr'><strong><em>εὐδίοις</em></strong></span> <span class='ocrx_word' id='word_1_475' title='bbox 1849 3827 1930 3880; x_wconf 82' lang='grc' dir='ltr'><strong><em>λι-</em></strong></span> 
     </span>
    </p>
   </div>
   <div class='ocr_carea' id='block_1_68' title="bbox 367 3911 1934 3987">
    <p class='ocr_par' dir='ltr' id='par_1_68' title="bbox 367 3911 1934 3987">
     <span class='ocr_line' id='line_1_68' title="bbox 367 3911 1934 3987; baseline 0.006 -24"><span class='ocrx_word' id='word_1_476' title='bbox 367 3912 492 3981; x_wconf 79' lang='grc' dir='ltr'>μέσι</span> <span class='ocrx_word' id='word_1_477' title='bbox 517 3911 884 3982; x_wconf 80' lang='grc' dir='ltr'>κομιζόμενοι.</span> <span class='ocrx_word' id='word_1_478' title='bbox 921 3912 988 3965; x_wconf 90' lang='lat' dir='ltr'><strong><em>Et</em></strong></span> <span class='ocrx_word' id='word_1_479' title='bbox 1019 3927 1153 3967; x_wconf 88' lang='lat' dir='ltr'><strong><em>sane</em></strong></span> <span class='ocrx_word' id='word_1_480' title='bbox 1193 3913 1595 3972; x_wconf 89' lang='lat' dir='ltr'><strong><em>inconsiderate</em></strong></span> <span class='ocrx_word' id='word_1_481' title='bbox 1635 3917 1934 3987; x_wconf 88' lang='lat' dir='ltr'><strong><em>loquuntur</em></strong></span> 
     </span>
    </p>
   </div>
   <div class='ocr_carea' id='block_1_69' title="bbox 364 4003 1934 4073">
    <p class='ocr_par' dir='ltr' id='par_1_69' title="bbox 364 4003 1934 4073">
     <span class='ocr_line' id='line_1_69' title="bbox 364 4003 1934 4073; baseline 0.005 -17"><span class='ocrx_word' id='word_1_482' title='bbox 364 4003 458 4072; x_wconf 91' lang='lat' dir='ltr'><strong><em>qui</em></strong></span> <span class='ocrx_word' id='word_1_483' title='bbox 492 4003 700 4071; x_wconf 76' lang='lat' dir='ltr'><strong><em>lapsura</em></strong></span> <span class='ocrx_word' id='word_1_484' title='bbox 733 4003 880 4057; x_wconf 91' lang='lat' dir='ltr'><strong><em>hunc</em></strong></span> <span class='ocrx_word' id='word_1_485' title='bbox 913 4018 942 4056; x_wconf 93' lang='lat' dir='ltr'><strong><em>a</em></strong></span> <span class='ocrx_word' id='word_1_486' title='bbox 993 4003 1279 4057; x_wconf 89' lang='lat' dir='ltr'><strong><em>Theodoro</em></strong></span> <span class='ocrx_word' id='word_1_487' title='bbox 1313 4005 1693 4073; x_wconf 83' lang='lat' dir='ltr'><strong><em>Mopsuesteno</em></strong></span> <span class='ocrx_word' id='word_1_488' title='bbox 1744 4009 1934 4064; x_wconf 89' lang='lat' dir='ltr'><strong><em>distin-</em></strong></span> 
     </span>
    </p>
   </div>
   <div class='ocr_carea' id='block_1_70' title="bbox 365 4093 1932 4168">
    <p class='ocr_par' dir='ltr' id='par_1_70' title="bbox 365 4093 1932 4168">
     <span class='ocr_line' id='line_1_70' title="bbox 365 4093 1932 4168; baseline 0.006 -22"><span class='ocrx_word' id='word_1_489' title='bbox 365 4102 556 4164; x_wconf 78' lang='lat' dir='ltr'><strong><em>guunt,</em></strong></span> <span class='ocrx_word' id='word_1_490' title='bbox 594 4108 716 4147; x_wconf 92' lang='lat' dir='ltr'><strong><em>cum</em></strong></span> <span class='ocrx_word' id='word_1_491' title='bbox 753 4109 896 4148; x_wconf 88' lang='lat' dir='ltr'><strong><em>unus</em></strong></span> <span class='ocrx_word' id='word_1_492' title='bbox 947 4093 1199 4164; x_wconf 87' lang='lat' dir='ltr'><strong><em>idemque</em></strong></span> <span class='ocrx_word' id='word_1_493' title='bbox 1250 4095 1342 4160; x_wconf 89' lang='lat' dir='ltr'><strong><em>sit,</em></strong></span> <span class='ocrx_word' id='word_1_494' title='bbox 1383 4105 1436 4150; x_wconf 90' lang='lat' dir='ltr'><strong><em>et</em></strong></span> <span class='ocrx_word' id='word_1_495' title='bbox 1484 4098 1669 4168; x_wconf 90' lang='lat' dir='ltr'><strong><em>lapsus</em></strong></span> <span class='ocrx_word' id='word_1_496' title='bbox 1719 4101 1841 4165; x_wconf 88' lang='lat' dir='ltr'><strong><em>iste,</em></strong></span> <span class='ocrx_word' id='word_1_497' title='bbox 1881 4111 1932 4156; x_wconf 91' lang='lat' dir='ltr'><strong><em>et</em></strong></span> 
     </span>
    </p>
   </div>
   <div class='ocr_carea' id='block_1_71' title="bbox 367 4185 1936 4255">
    <p class='ocr_par' dir='ltr' id='par_1_71' title="bbox 367 4185 1936 4255">
     <span class='ocr_line' id='line_1_71' title="bbox 367 4185 1936 4255; baseline 0.005 -16"><span class='ocrx_word' id='word_1_498' title='bbox 367 4185 690 4240; x_wconf 89' lang='lat' dir='ltr'><strong><em>Theodorus</em></strong></span> <span class='ocrx_word' id='word_1_499' title='bbox 739 4185 1176 4255; x_wconf 81' lang='lat' dir='ltr'><strong><em>Mopsuestenus,</em></strong></span> <span class='ocrx_word' id='word_1_500' title='bbox 1217 4202 1428 4243; x_wconf 90' lang='lat' dir='ltr'><strong><em>necnon</em></strong></span> <span class='ocrx_word' id='word_1_501' title='bbox 1477 4189 1793 4246; x_wconf 88' lang='lat' dir='ltr'><strong><em>Theodorus</em></strong></span> <span class='ocrx_word' id='word_1_502' title='bbox 1827 4193 1936 4247; x_wconf 88' lang='lat' dir='ltr'><strong><em>An-</em></strong></span> 
     </span>
    </p>
   </div>
   <div class='ocr_carea' id='block_1_72' title="bbox 2027 3183 3601 3258">
    <p class='ocr_par' dir='ltr' id='par_1_72' title="bbox 2027 3183 3601 3258">
     <span class='ocr_line' id='line_1_72' title="bbox 2027 3183 3601 3258; baseline -0.006 -13"><span class='ocrx_word' id='word_1_503' title='bbox 2027 3191 2147 3245; x_wconf 91' lang='lat' dir='ltr'><strong><em>dem</em></strong></span> <span class='ocrx_word' id='word_1_504' title='bbox 2180 3188 2383 3258; x_wconf 90' lang='lat' dir='ltr'><strong><em>aliquot</em></strong></span> <span class='ocrx_word' id='word_1_505' title='bbox 2423 3201 2588 3257; x_wconf 86' lang='lat' dir='ltr'><strong><em>opera</em></strong></span> <span class='ocrx_word' id='word_1_506' title='bbox 2619 3184 2766 3256; x_wconf 76' lang='lat' dir='ltr'><strong><em>legit,</em></strong></span> <span class='ocrx_word' id='word_1_507' title='bbox 2801 3193 2964 3253; x_wconf 87' lang='lat' dir='ltr'><strong><em>atque</em></strong></span> <span class='ocrx_word' id='word_1_508' title='bbox 2992 3183 3067 3238; x_wconf 89' lang='lat' dir='ltr'><strong><em>ita</em></strong></span> <span class='ocrx_word' id='word_1_509' title='bbox 3115 3183 3327 3238; x_wconf 88' lang='lat' dir='ltr'><strong><em>censuit</em></strong></span> <span class='ocrx_word' id='word_1_510' title='bbox 3359 3201 3372 3236; x_wconf 92' lang='lat'><strong>:</strong></span> <span class='ocrx_word' id='word_1_511' title='bbox 3404 3183 3514 3254; x_wconf 82' lang='grc' dir='ltr'>Τὴν</span> <span class='ocrx_word' id='word_1_512' title='bbox 3541 3183 3601 3236; x_wconf 77' lang='grc' dir='ltr'><strong><em>δὲ</em></strong></span> 
     </span>
    </p>
   </div>
   <div class='ocr_carea' id='block_1_73' title="bbox 2027 3273 3604 3351">
    <p class='ocr_par' dir='ltr' id='par_1_73' title="bbox 2027 3273 3604 3351">
     <span class='ocr_line' id='line_1_73' title="bbox 2027 3273 3604 3351; baseline -0.004 -18"><span class='ocrx_word' id='word_1_513' title='bbox 2027 3279 2226 3351; x_wconf 85' lang='grc' dir='ltr'>φράσιν</span> <span class='ocrx_word' id='word_1_514' title='bbox 2268 3278 2388 3331; x_wconf 81' lang='grc' dir='ltr'><strong><em>οὐδὲ</em></strong></span> <span class='ocrx_word' id='word_1_515' title='bbox 2420 3275 2693 3348; x_wconf 85' lang='grc' dir='ltr'>λαμπρὸς,</span> <span class='ocrx_word' id='word_1_516' title='bbox 2725 3274 2845 3328; x_wconf 75' lang='grc' dir='ltr'>οὐδὲ</span> <span class='ocrx_word' id='word_1_517' title='bbox 2895 3275 3015 3326; x_wconf 82' lang='grc' dir='ltr'>λίαν</span> <span class='ocrx_word' id='word_1_518' title='bbox 3054 3274 3260 3344; x_wconf 77' lang='grc' dir='ltr'>σαφής’</span> <span class='ocrx_word' id='word_1_519' title='bbox 3290 3273 3604 3342; x_wconf 84' lang='grc' dir='ltr'>ταύτολογεί</span> 
     </span>
    </p>
   </div>
   <div class='ocr_carea' id='block_1_74' title="bbox 2026 3359 3601 3436">
    <p class='ocr_par' dir='ltr' id='par_1_74' title="bbox 2026 3359 3601 3436">
     <span class='ocr_line' id='line_1_74' title="bbox 2026 3359 3601 3436; baseline -0.004 -13"><span class='ocrx_word' id='word_1_520' title='bbox 2026 3371 2083 3423; x_wconf 83' lang='grc' dir='ltr'><strong><em>δὲ</em></strong></span> <span class='ocrx_word' id='word_1_521' title='bbox 2133 3369 2202 3422; x_wconf 87' lang='grc' dir='ltr'>τὰ</span> <span class='ocrx_word' id='word_1_522' title='bbox 2244 3369 2492 3428; x_wconf 84' lang='grc' dir='ltr'>πλεῖστα,</span> <span class='ocrx_word' id='word_1_523' title='bbox 2528 3368 2621 3420; x_wconf 76' lang='grc' dir='ltr'>καὶ</span> <span class='ocrx_word' id='word_1_524' title='bbox 2666 3365 2860 3436; x_wconf 76' lang='grc' dir='ltr'>ἄχαρίς</span> <span class='ocrx_word' id='word_1_525' title='bbox 2914 3382 3051 3429; x_wconf 88' lang='grc' dir='ltr'>πως,</span> <span class='ocrx_word' id='word_1_526' title='bbox 3101 3364 3195 3418; x_wconf 75' lang='grc' dir='ltr'>καὶ</span> <span class='ocrx_word' id='word_1_527' title='bbox 3247 3364 3416 3434; x_wconf 82' lang='grc' dir='ltr'>ἀηδὴς</span> <span class='ocrx_word' id='word_1_528' title='bbox 3462 3359 3601 3418; x_wconf 79' lang='grc' dir='ltr'>εἶναι</span> 
     </span>
    </p>
   </div>
   <div class='ocr_carea' id='block_1_75' title="bbox 2026 3454 3602 3527">
    <p class='ocr_par' dir='ltr' id='par_1_75' title="bbox 2026 3454 3602 3527">
     <span class='ocr_line' id='line_1_75' title="bbox 2026 3454 3602 3527; baseline -0.006 -13"><span class='ocrx_word' id='word_1_529' title='bbox 2026 3461 2205 3514; x_wconf 80' lang='grc' dir='ltr'><strong><em>δοκεῖ·</em></strong></span> <span class='ocrx_word' id='word_1_530' title='bbox 2239 3458 2423 3527; x_wconf 83' lang='lat' dir='ltr'><strong><em>Stylus</em></strong></span> <span class='ocrx_word' id='word_1_531' title='bbox 2450 3458 2532 3512; x_wconf 87' lang='lat' dir='ltr'><strong><em>illi</em></strong></span> <span class='ocrx_word' id='word_1_532' title='bbox 2561 3473 2722 3526; x_wconf 85' lang='lat' dir='ltr'><strong><em>neque</em></strong></span> <span class='ocrx_word' id='word_1_533' title='bbox 2749 3455 2963 3521; x_wconf 86' lang='lat' dir='ltr'><strong><em>nobilis,</em></strong></span> <span class='ocrx_word' id='word_1_534' title='bbox 2993 3471 3153 3524; x_wconf 83' lang='lat' dir='ltr'><strong><em>neque</em></strong></span> <span class='ocrx_word' id='word_1_535' title='bbox 3174 3454 3456 3508; x_wconf 84' lang='lat' dir='ltr'><strong><em>admodum</em></strong></span> <span class='ocrx_word' id='word_1_536' title='bbox 3484 3469 3602 3522; x_wconf 83' lang='lat' dir='ltr'><strong><em>pcr-</em></strong></span> 
     </span>
    </p>
   </div>
   <div class='ocr_carea' id='block_1_76' title="bbox 2028 3547 3601 3621">
    <p class='ocr_par' dir='ltr' id='par_1_76' title="bbox 2028 3547 3601 3621">
     <span class='ocr_line' id='line_1_76' title="bbox 2028 3547 3601 3621; baseline -0.004 -15"><span class='ocrx_word' id='word_1_537' title='bbox 2028 3555 2238 3621; x_wconf 83' lang='lat' dir='ltr'><strong><em>spicuus</em></strong></span> <span class='ocrx_word' id='word_1_538' title='bbox 2293 3561 2392 3606; x_wconf 89' lang='lat' dir='ltr'><strong><em>est.</em></strong></span> <span class='ocrx_word' id='word_1_539' title='bbox 2445 3549 2648 3603; x_wconf 86' lang='lat' dir='ltr'><strong><em>Eadem</em></strong></span> <span class='ocrx_word' id='word_1_540' title='bbox 2692 3547 2976 3602; x_wconf 85' lang='lat' dir='ltr'><strong><em>identidem</em></strong></span> <span class='ocrx_word' id='word_1_541' title='bbox 3028 3548 3233 3616; x_wconf 87' lang='lat' dir='ltr'><strong><em>repetit,</em></strong></span> <span class='ocrx_word' id='word_1_542' title='bbox 3268 3555 3318 3600; x_wconf 90' lang='lat' dir='ltr'><strong><em>et</em></strong></span> <span class='ocrx_word' id='word_1_543' title='bbox 3363 3548 3601 3616; x_wconf 86' lang='lat' dir='ltr'><strong><em>ingratus</em></strong></span> 
     </span>
    </p>
   </div>
   <div class='ocr_carea' id='block_1_77' title="bbox 2031 3637 3600 3716">
    <p class='ocr_par' dir='ltr' id='par_1_77' title="bbox 2031 3637 3600 3716">
     <span class='ocr_line' id='line_1_77' title="bbox 2031 3637 3600 3716; baseline -0.004 -18"><span class='ocrx_word' id='word_1_544' title='bbox 2031 3654 2185 3716; x_wconf 90' lang='lat' dir='ltr'><strong><em>atque</em></strong></span> <span class='ocrx_word' id='word_1_545' title='bbox 2208 3643 2456 3697; x_wconf 85' lang='lat' dir='ltr'><strong><em>molestus</em></strong></span> <span class='ocrx_word' id='word_1_546' title='bbox 2483 3640 2769 3712; x_wconf 85' lang='lat' dir='ltr'><strong><em>legentibus</em></strong></span> <span class='ocrx_word' id='word_1_547' title='bbox 2791 3639 3006 3693; x_wconf 88' lang='lat' dir='ltr'><strong><em>accidit.</em></strong></span> <span class='ocrx_word' id='word_1_548' title='bbox 3033 3637 3098 3692; x_wconf 87' lang='lat' dir='ltr'><strong><em>Et</em></strong></span> <span class='ocrx_word' id='word_1_549' title='bbox 3121 3639 3248 3692; x_wconf 90' lang='lat' dir='ltr'><strong><em>alibi</em></strong></span> <span class='ocrx_word' id='word_1_550' title='bbox 3273 3637 3416 3706; x_wconf 90' lang='lat' dir='ltr'><strong><em>(cod.</em></strong></span> <span class='ocrx_word' id='word_1_551' title='bbox 3442 3637 3563 3707; x_wconf 80' lang='grc'><strong><em>177)</em></strong></span> <span class='ocrx_word' id='word_1_552' title='bbox 3586 3656 3600 3692; x_wconf 91' lang='lat'>:</span> 
     </span>
    </p>
   </div>
   <div class='ocr_carea' id='block_1_78' title="bbox 2043 3727 3605 3805">
    <p class='ocr_par' dir='ltr' id='par_1_78' title="bbox 2043 3727 3605 3805">
     <span class='ocr_line' id='line_1_78' title="bbox 2043 3727 3605 3805; baseline -0.006 -16"><span class='ocrx_word' id='word_1_553' title='bbox 2043 3733 2283 3805; x_wconf 80' lang='grc' dir='ltr'>Ἀσαφὴς</span> <span class='ocrx_word' id='word_1_554' title='bbox 2315 3733 2372 3786; x_wconf 88' lang='grc' dir='ltr'>δέ</span> <span class='ocrx_word' id='word_1_555' title='bbox 2404 3734 2541 3798; x_wconf 79' lang='grc' dir='ltr'>ἐστι,</span> <span class='ocrx_word' id='word_1_556' title='bbox 2569 3730 2662 3784; x_wconf 87' lang='grc' dir='ltr'><strong><em>καί</em></strong></span> <span class='ocrx_word' id='word_1_557' title='bbox 2690 3747 2772 3782; x_wconf 89' lang='grc' dir='ltr'>τοι</span> <span class='ocrx_word' id='word_1_558' title='bbox 2805 3729 2948 3795; x_wconf 80' lang='grc' dir='ltr'>λέξει</span> <span class='ocrx_word' id='word_1_559' title='bbox 2988 3729 3049 3782; x_wconf 85' lang='grc' dir='ltr'>οὐ</span> <span class='ocrx_word' id='word_1_560' title='bbox 3081 3728 3358 3799; x_wconf 78' lang='grc' dir='ltr'>ξενιζούσῃ</span> <span class='ocrx_word' id='word_1_561' title='bbox 3389 3727 3605 3798; x_wconf 81' lang='grc' dir='ltr'>χρώμε-</span> 
     </span>
    </p>
   </div>
   <div class='ocr_carea' id='block_1_79' title="bbox 2030 3815 3602 3891">
    <p class='ocr_par' dir='ltr' id='par_1_79' title="bbox 2030 3815 3602 3891">
     <span class='ocr_line' id='line_1_79' title="bbox 2030 3815 3602 3891; baseline -0.004 -15"><span class='ocrx_word' id='word_1_562' title='bbox 2030 3840 2139 3886; x_wconf 84' lang='grc' dir='ltr'>νος,</span> <span class='ocrx_word' id='word_1_563' title='bbox 2177 3821 2313 3876; x_wconf 90' lang='grc' dir='ltr'><strong><em>ἀλλά</em></strong></span> <span class='ocrx_word' id='word_1_564' title='bbox 2342 3820 2418 3891; x_wconf 82' lang='grc' dir='ltr'>τῷ</span> <span class='ocrx_word' id='word_1_565' title='bbox 2453 3816 2808 3889; x_wconf 87' lang='grc' dir='ltr'>σχοινοτενέσι</span> <span class='ocrx_word' id='word_1_566' title='bbox 2842 3816 3077 3887; x_wconf 83' lang='grc' dir='ltr'>χρῆσθαι</span> <span class='ocrx_word' id='word_1_567' title='bbox 3103 3819 3168 3870; x_wconf 83' lang='grc' dir='ltr'><strong><em>ὲκ</em></strong></span> <span class='ocrx_word' id='word_1_568' title='bbox 3212 3815 3304 3869; x_wconf 84' lang='grc' dir='ltr'>τοῦ</span> <span class='ocrx_word' id='word_1_569' title='bbox 3333 3817 3426 3869; x_wconf 74' lang='grc' dir='ltr'><strong><em>ἐπὶ</em></strong></span> <span class='ocrx_word' id='word_1_570' title='bbox 3454 3816 3602 3869; x_wconf 87' lang='grc' dir='ltr'>πλεῖ-</span> 
     </span>
    </p>
   </div>
   <div class='ocr_carea' id='block_1_80' title="bbox 2034 3907 3603 3980">
    <p class='ocr_par' dir='ltr' id='par_1_80' title="bbox 2034 3907 3603 3980">
     <span class='ocr_line' id='line_1_80' title="bbox 2034 3907 3603 3980; baseline -0.005 -13"><span class='ocrx_word' id='word_1_571' title='bbox 2034 3930 2156 3967; x_wconf 83' lang='grc' dir='ltr'>στον</span> <span class='ocrx_word' id='word_1_572' title='bbox 2187 3911 2456 3980; x_wconf 85' lang='grc' dir='ltr'>περιόδοις</span> <span class='ocrx_word' id='word_1_573' title='bbox 2500 3909 2592 3963; x_wconf 81' lang='grc' dir='ltr'>καὶ</span> <span class='ocrx_word' id='word_1_574' title='bbox 2642 3907 3013 3979; x_wconf 78' lang='grc' dir='ltr'>παρεμϐολαῖς</span> <span class='ocrx_word' id='word_1_575' title='bbox 3059 3907 3503 3978; x_wconf 82' lang='grc' dir='ltr'>ἁλλεπαλλήλοις,</span> <span class='ocrx_word' id='word_1_576' title='bbox 3535 3907 3603 3959; x_wconf 86' lang='grc' dir='ltr'><strong><em>δι’</em></strong></span> 
     </span>
    </p>
   </div>
   <div class='ocr_carea' id='block_1_81' title="bbox 2031 3998 3605 4073">
    <p class='ocr_par' dir='ltr' id='par_1_81' title="bbox 2031 3998 3605 4073">
     <span class='ocr_line' id='line_1_81' title="bbox 2031 3998 3605 4073; baseline -0.005 -15"><span class='ocrx_word' id='word_1_577' title='bbox 2031 3998 2106 4058; x_wconf 85' lang='grc' dir='ltr'>ὧν</span> <span class='ocrx_word' id='word_1_578' title='bbox 2133 4004 2228 4057; x_wconf 72' lang='grc' dir='ltr'><strong><em>καὶ</em></strong></span> <span class='ocrx_word' id='word_1_579' title='bbox 2257 4003 2336 4066; x_wconf 79' lang='grc' dir='ltr'>εἰς</span> <span class='ocrx_word' id='word_1_580' title='bbox 2365 4003 2622 4073; x_wconf 83' lang='grc' dir='ltr'>μήκιστον</span> <span class='ocrx_word' id='word_1_581' title='bbox 2651 4001 2680 4052; x_wconf 88' lang='grc' dir='ltr'>ὁ</span> <span class='ocrx_word' id='word_1_582' title='bbox 2707 3999 2831 4063; x_wconf 85' lang='grc' dir='ltr'><strong><em>νοῦς</em></strong></span> <span class='ocrx_word' id='word_1_583' title='bbox 2868 4000 3210 4053; x_wconf 81' lang='grc' dir='ltr'>ἀποτείνεται</span> <span class='ocrx_word' id='word_1_584' title='bbox 3243 3999 3348 4052; x_wconf 83' lang='grc' dir='ltr'>τῶν</span> <span class='ocrx_word' id='word_1_585' title='bbox 3381 4015 3605 4070; x_wconf 84' lang='grc' dir='ltr'>προκει-</span> 
     </span>
    </p>
   </div>
   <div class='ocr_carea' id='block_1_82' title="bbox 2038 4089 3605 4166">
    <p class='ocr_par' dir='ltr' id='par_1_82' title="bbox 2038 4089 3605 4166">
     <span class='ocr_line' id='line_1_82' title="bbox 2038 4089 3605 4166; baseline -0.004 -18"><span class='ocrx_word' id='word_1_586' title='bbox 2038 4096 2237 4166; x_wconf 84' lang='grc' dir='ltr'>μένων,</span> <span class='ocrx_word' id='word_1_587' title='bbox 2265 4093 2343 4163; x_wconf 82' lang='grc' dir='ltr'>τῷ</span> <span class='ocrx_word' id='word_1_588' title='bbox 2364 4109 2422 4144; x_wconf 90' lang='grc' dir='ltr'>τε</span> <span class='ocrx_word' id='word_1_589' title='bbox 2451 4091 2556 4144; x_wconf 86' lang='grc' dir='ltr'>τῶν</span> <span class='ocrx_word' id='word_1_590' title='bbox 2597 4092 2874 4161; x_wconf 85' lang='grc' dir='ltr'>ὀνομάτων</span> <span class='ocrx_word' id='word_1_591' title='bbox 2906 4093 3027 4153; x_wconf 87' lang='grc' dir='ltr'>ταῖς</span> <span class='ocrx_word' id='word_1_592' title='bbox 3066 4090 3318 4158; x_wconf 79' lang='grc' dir='ltr'>πλαγίαις</span> <span class='ocrx_word' id='word_1_593' title='bbox 3352 4089 3446 4143; x_wconf 73' lang='grc' dir='ltr'><strong><em>καὶ</em></strong></span> <span class='ocrx_word' id='word_1_594' title='bbox 3490 4091 3605 4153; x_wconf 76' lang='grc' dir='ltr'>ταῖς</span> 
     </span>
    </p>
   </div>
   <div class='ocr_carea' id='block_1_83' title="bbox 2039 4179 3603 4256">
    <p class='ocr_par' dir='ltr' id='par_1_83' title="bbox 2039 4179 3603 4256">
     <span class='ocr_line' id='line_1_83' title="bbox 2039 4179 3603 4256; baseline -0.005 -16"><span class='ocrx_word' id='word_1_595' title='bbox 2039 4186 2351 4256; x_wconf 84' lang='grc' dir='ltr'>μετοχικαῖς</span> <span class='ocrx_word' id='word_1_596' title='bbox 2378 4182 2553 4248; x_wconf 81' lang='grc' dir='ltr'><strong><em>λέξεσι</em></strong></span> <span class='ocrx_word' id='word_1_597' title='bbox 2597 4181 2932 4245; x_wconf 79' lang='grc' dir='ltr'>πλεονάζειν,</span> <span class='ocrx_word' id='word_1_598' title='bbox 2964 4181 3031 4235; x_wconf 87' lang='grc' dir='ltr'><strong><em>τά</em></strong></span> <span class='ocrx_word' id='word_1_599' title='bbox 3069 4180 3208 4234; x_wconf 78' lang='grc' dir='ltr'>αὑτά</span> <span class='ocrx_word' id='word_1_600' title='bbox 3239 4197 3299 4232; x_wconf 86' lang='grc' dir='ltr'>τε</span> <span class='ocrx_word' id='word_1_601' title='bbox 3330 4179 3603 4245; x_wconf 81' lang='grc' dir='ltr'>πολλάκις,</span> 
     </span>
    </p>
   </div>
   <div class='ocr_carea' id='block_1_84' title="bbox 368 4269 1925 4348">
    <p class='ocr_par' dir='ltr' id='par_1_84' title="bbox 368 4278 1925 4348">
     <span class='ocr_line' id='line_1_84' title="bbox 368 4278 1925 4348; baseline 0.006 -17"><span class='ocrx_word' id='word_1_602' title='bbox 368 4278 676 4342; x_wconf 82' lang='lat' dir='ltr'><strong><em>tiochenus,</em></strong></span> <span class='ocrx_word' id='word_1_603' title='bbox 710 4279 853 4347; x_wconf 89' lang='lat' dir='ltr'><strong><em>quod</em></strong></span> <span class='ocrx_word' id='word_1_604' title='bbox 887 4278 1132 4348; x_wconf 88' lang='lat' dir='ltr'><strong><em>plerique</em></strong></span> <span class='ocrx_word' id='word_1_605' title='bbox 1179 4293 1302 4333; x_wconf 89' lang='lat' dir='ltr'><strong><em>cum</em></strong></span> <span class='ocrx_word' id='word_1_606' title='bbox 1333 4295 1442 4334; x_wconf 91' lang='lat' dir='ltr'><strong><em>non</em></strong></span> <span class='ocrx_word' id='word_1_607' title='bbox 1475 4291 1660 4337; x_wconf 88' lang='lat' dir='ltr'><strong><em>essent</em></strong></span> <span class='ocrx_word' id='word_1_608' title='bbox 1693 4285 1925 4340; x_wconf 89' lang='lat' dir='ltr'><strong><em>subodo-</em></strong></span> 
     </span>
    </p>
   </div>
   <div class='ocr_carea' id='block_1_85' title="bbox 2031 4269 3608 4348">
    <p class='ocr_par' dir='ltr' id='par_1_85' title="bbox 2037 4269 3608 4347">
     <span class='ocr_line' id='line_1_85' title="bbox 2037 4269 3608 4347; baseline -0.007 -16"><span class='ocrx_word' id='word_1_609' title='bbox 2037 4278 2132 4331; x_wconf 70' lang='grc' dir='ltr'><strong><em>καὶ</em></strong></span> <span class='ocrx_word' id='word_1_610' title='bbox 2159 4275 2291 4347; x_wconf 85' lang='grc' dir='ltr'><strong><em>μηδὲ</em></strong></span> <span class='ocrx_word' id='word_1_611' title='bbox 2330 4275 2426 4328; x_wconf 79' lang='grc' dir='ltr'><strong><em>σὺν</em></strong></span> <span class='ocrx_word' id='word_1_612' title='bbox 2458 4274 2646 4343; x_wconf 77' lang='grc' dir='ltr'>κόσμῳ</span> <span class='ocrx_word' id='word_1_613' title='bbox 2679 4270 3095 4333; x_wconf 81' lang='grc' dir='ltr'>ἐπανακυκλεῖν,</span> <span class='ocrx_word' id='word_1_614' title='bbox 3139 4270 3232 4322; x_wconf 77' lang='grc' dir='ltr'>καὶ</span> <span class='ocrx_word' id='word_1_615' title='bbox 3270 4269 3369 4332; x_wconf 82' lang='grc' dir='ltr'>τὰς</span> <span class='ocrx_word' id='word_1_616' title='bbox 3410 4270 3608 4322; x_wconf 77' lang='grc' dir='ltr'>ἐπανα-</span> 
     </span>
    </p>
   </div>
   <div class='ocr_carea' id='block_1_86' title="bbox 366 4360 1925 4442">
    <p class='ocr_par' dir='ltr' id='par_1_86' title="bbox 366 4369 1925 4442">
     <span class='ocr_line' id='line_1_86' title="bbox 366 4369 1925 4442; baseline 0.004 -17"><span class='ocrx_word' id='word_1_617' title='bbox 366 4371 494 4433; x_wconf 86' lang='lat' dir='ltr'><strong><em>rati,</em></strong></span> <span class='ocrx_word' id='word_1_618' title='bbox 543 4369 824 4425; x_wconf 80' lang='lat' dir='ltr'><strong><em>diversum</em></strong></span> <span class='ocrx_word' id='word_1_619' title='bbox 876 4369 1074 4426; x_wconf 80' lang='lat' dir='ltr'><strong><em>fecere.</em></strong></span> <span class='ocrx_word' id='word_1_620' title='bbox 1132 4370 1198 4424; x_wconf 88' lang='grc' dir='ltr'>Ει</span> <span class='ocrx_word' id='word_1_621' title='bbox 1224 4372 1292 4426; x_wconf 90' lang='lat' dir='ltr'><strong><em>de</em></strong></span> <span class='ocrx_word' id='word_1_622' title='bbox 1345 4373 1431 4428; x_wconf 93' lang='lat' dir='ltr'><strong><em>his</em></strong></span> <span class='ocrx_word' id='word_1_623' title='bbox 1481 4376 1769 4442; x_wconf 88' lang='lat' dir='ltr'><strong><em>postremis</em></strong></span> <span class='ocrx_word' id='word_1_624' title='bbox 1802 4377 1925 4433; x_wconf 74' lang='lat' dir='ltr'><strong><em>satis</em></strong></span> 
     </span>
    </p>
   </div>
   <div class='ocr_carea' id='block_1_87' title="bbox 2031 4360 3605 4442">
    <p class='ocr_par' dir='ltr' id='par_1_87' title="bbox 2037 4360 3605 4439">
     <span class='ocr_line' id='line_1_87' title="bbox 2037 4360 3605 4439; baseline -0.006 -18"><span class='ocrx_word' id='word_1_625' title='bbox 2037 4369 2226 4439; x_wconf 77' lang='grc' dir='ltr'>λήψεις</span> <span class='ocrx_word' id='word_1_626' title='bbox 2256 4365 2415 4419; x_wconf 81' lang='grc' dir='ltr'>πλέον</span> <span class='ocrx_word' id='word_1_627' title='bbox 2453 4363 2559 4417; x_wconf 83' lang='grc' dir='ltr'><strong><em>τῶν</em></strong></span> <span class='ocrx_word' id='word_1_628' title='bbox 2589 4364 2912 4434; x_wconf 85' lang='grc' dir='ltr'>διηγήσεων,</span> <span class='ocrx_word' id='word_1_629' title='bbox 2942 4363 3076 4432; x_wconf 83' lang='grc' dir='ltr'>ὅπερ</span> <span class='ocrx_word' id='word_1_630' title='bbox 3122 4360 3384 4431; x_wconf 82' lang='grc' dir='ltr'>ἀμέθοὸον</span> <span class='ocrx_word' id='word_1_631' title='bbox 3409 4377 3605 4413; x_wconf 86' lang='grc' dir='ltr'>παντε-</span> 
     </span>
    </p>
   </div>
   <div class='ocr_carea' id='block_1_88' title="bbox 368 4435 1925 4537">
    <p class='ocr_par' dir='ltr' id='par_1_88' title="bbox 368 4463 1925 4537">
     <span class='ocr_line' id='line_1_88' title="bbox 368 4463 1925 4537; baseline 0.005 -22"><span class='ocrx_word' id='word_1_632' title='bbox 368 4463 692 4532; x_wconf 89' lang='lat' dir='ltr'><strong><em>abundeque</em></strong></span> <span class='ocrx_word' id='word_1_633' title='bbox 720 4478 843 4518; x_wconf 87' lang='lat' dir='ltr'><strong><em>esse</em></strong></span> <span class='ocrx_word' id='word_1_634' title='bbox 886 4463 1104 4518; x_wconf 78' lang='lat' dir='ltr'><strong><em>videtur</em></strong></span> <span class='ocrx_word' id='word_1_635' title='bbox 1139 4465 1451 4533; x_wconf 78' lang='lat' dir='ltr'><strong><em>conjectura</em></strong></span> <span class='ocrx_word' id='word_1_636' title='bbox 1491 4475 1545 4521; x_wconf 89' lang='lat' dir='ltr'><strong><em>et</em></strong></span> <span class='ocrx_word' id='word_1_637' title='bbox 1587 4469 1829 4537; x_wconf 83' lang='lat' dir='ltr'><strong><em>suSpicio</em></strong></span> <span class='ocrx_word' id='word_1_638' title='bbox 1855 4469 1925 4523; x_wconf 85' lang='lat' dir='ltr'><strong><em>in-</em></strong></span> 
     </span>
    </p>
   </div>
   <div class='ocr_carea' id='block_1_89' title="bbox 2031 4435 3605 4537">
    <p class='ocr_par' dir='ltr' id='par_1_89' title="bbox 2041 4449 3605 4525">
     <span class='ocr_line' id='line_1_89' title="bbox 2041 4449 3605 4525; baseline -0.006 -14"><span class='ocrx_word' id='word_1_639' title='bbox 2041 4459 2146 4522; x_wconf 85' lang='grc' dir='ltr'><strong><em>λῶς</em></strong></span> <span class='ocrx_word' id='word_1_640' title='bbox 2168 4460 2286 4521; x_wconf 84' lang='grc' dir='ltr'>ταῖς</span> <span class='ocrx_word' id='word_1_641' title='bbox 2332 4454 2683 4525; x_wconf 76' lang='grc' dir='ltr'>περιστάσεσι</span> <span class='ocrx_word' id='word_1_642' title='bbox 2725 4451 3125 4523; x_wconf 80' lang='grc' dir='ltr'>μεμεστῶσθαι,</span> <span class='ocrx_word' id='word_1_643' title='bbox 3159 4451 3253 4504; x_wconf 76' lang='grc' dir='ltr'>καὶ</span> <span class='ocrx_word' id='word_1_644' title='bbox 3292 4454 3405 4515; x_wconf 83' lang='grc' dir='ltr'>τοῖς</span> <span class='ocrx_word' id='word_1_645' title='bbox 3452 4449 3605 4503; x_wconf 81' lang='grc' dir='ltr'>τοιού-</span> 
     </span>
    </p>
   </div>
   <div class='ocr_carea' id='block_1_90' title="bbox 369 4544 1925 4627">
    <p class='ocr_par' dir='ltr' id='par_1_90' title="bbox 369 4553 1925 4627">
     <span class='ocr_line' id='line_1_90' title="bbox 369 4553 1925 4627; baseline 0.004 -19"><span class='ocrx_word' id='word_1_646' title='bbox 369 4562 454 4609; x_wconf 90' lang='lat' dir='ltr'><strong><em>ter</em></strong></span> <span class='ocrx_word' id='word_1_647' title='bbox 481 4554 618 4610; x_wconf 89' lang='lat' dir='ltr'><strong><em>alios</em></strong></span> <span class='ocrx_word' id='word_1_648' title='bbox 651 4553 852 4608; x_wconf 87' lang='lat' dir='ltr'><strong><em>Photii.</em></strong></span> <span class='ocrx_word' id='word_1_649' title='bbox 889 4554 1188 4624; x_wconf 84' lang='lat' dir='ltr'><strong><em>Epistolam</em></strong></span> <span class='ocrx_word' id='word_1_650' title='bbox 1220 4554 1458 4613; x_wconf 87' lang='lat' dir='ltr'><strong><em>Savilius</em></strong></span> <span class='ocrx_word' id='word_1_651' title='bbox 1495 4557 1548 4610; x_wconf 91' lang='lat' dir='ltr'><strong><em>in</em></strong></span> <span class='ocrx_word' id='word_1_652' title='bbox 1582 4559 1925 4627; x_wconf 88' lang='lat' dir='ltr'><strong><em>appendicem</em></strong></span> 
     </span>
    </p>
   </div>
   <div class='ocr_carea' id='block_1_91' title="bbox 2031 4544 3611 4627">
    <p class='ocr_par' dir='ltr' id='par_1_91' title="bbox 2033 4544 3611 4616">
     <span class='ocr_line' id='line_1_91' title="bbox 2033 4544 3611 4616; baseline -0.006 -12"><span class='ocrx_word' id='word_1_653' title='bbox 2033 4569 2146 4614; x_wconf 89' lang='grc' dir='ltr'>τοις</span> <span class='ocrx_word' id='word_1_654' title='bbox 2186 4551 2286 4602; x_wconf 80' lang='grc' dir='ltr'>οὐκ</span> <span class='ocrx_word' id='word_1_655' title='bbox 2316 4548 2486 4616; x_wconf 84' lang='grc' dir='ltr'>ὀλίγοι</span> <span class='ocrx_word' id='word_1_656' title='bbox 2524 4546 2684 4614; x_wconf 82' lang='grc' dir='ltr'>ζόφον</span> <span class='ocrx_word' id='word_1_657' title='bbox 2712 4545 2820 4599; x_wconf 85' lang='grc' dir='ltr'><strong><em>τῶν</em></strong></span> <span class='ocrx_word' id='word_1_658' title='bbox 2848 4544 3008 4598; x_wconf 79' lang='grc' dir='ltr'>αὑτοῦ</span> <span class='ocrx_word' id='word_1_659' title='bbox 3041 4544 3488 4616; x_wconf 75' lang='grc' dir='ltr'>συγγραμμάτων</span> <span class='ocrx_word' id='word_1_660' title='bbox 3519 4561 3611 4596; x_wconf 87' lang='grc' dir='ltr'>κα-</span> 
     </span>
    </p>
   </div>
   <div class='ocr_carea' id='block_1_92' title="bbox 370 4636 3613 4715">
    <p class='ocr_par' dir='ltr' id='par_1_92' title="bbox 370 4636 3613 4715">
     <span class='ocr_line' id='line_1_92' title="bbox 370 4636 3613 4715; baseline -0.002 -19"><span class='ocrx_word' id='word_1_661' title='bbox 370 4643 438 4696; x_wconf 90' lang='lat' dir='ltr'><strong><em>ad</em></strong></span> <span class='ocrx_word' id='word_1_662' title='bbox 480 4658 646 4712; x_wconf 88' lang='lat' dir='ltr'><strong><em>opera</em></strong></span> <span class='ocrx_word' id='word_1_663' title='bbox 701 4644 1075 4714; x_wconf 84' lang='lat' dir='ltr'><strong><em>Cbrysostomi</em></strong></span> <span class='ocrx_word' id='word_1_664' title='bbox 1126 4645 1328 4707; x_wconf 88' lang='lat' dir='ltr'><strong><em>retulit,</em></strong></span> <span class='ocrx_word' id='word_1_665' title='bbox 1387 4661 1623 4715; x_wconf 89' lang='lat' dir='ltr'><strong><em>namque</em></strong></span> <span class='ocrx_word' id='word_1_666' title='bbox 1673 4651 1741 4700; x_wconf 90' lang='lat' dir='ltr'><strong><em>ad</em></strong></span> <span class='ocrx_word' id='word_1_667' title='bbox 1794 4649 1938 4701; x_wconf 85' lang='lat' dir='ltr'><strong><em>illam</em></strong></span> <span class='ocrx_word' id='word_1_668' title='bbox 2035 4639 2383 4706; x_wconf 75' lang='grc' dir='ltr'>τασκεδάζειο</span> <span class='ocrx_word' id='word_1_669' title='bbox 2418 4639 2535 4694; x_wconf 84' lang='lat' dir='ltr'><strong><em>Etsi</em></strong></span> <span class='ocrx_word' id='word_1_670' title='bbox 2567 4647 2737 4692; x_wconf 89' lang='lat' dir='ltr'><strong><em>autem</em></strong></span> <span class='ocrx_word' id='word_1_671' title='bbox 2778 4636 3097 4691; x_wconf 79' lang='lat' dir='ltr'><strong><em>dictionibus</em></strong></span> <span class='ocrx_word' id='word_1_672' title='bbox 3137 4647 3319 4690; x_wconf 88' lang='lat' dir='ltr'><strong><em>utatur</em></strong></span> <span class='ocrx_word' id='word_1_673' title='bbox 3352 4653 3453 4690; x_wconf 89' lang='lat' dir='ltr'><strong><em>non</em></strong></span> <span class='ocrx_word' id='word_1_674' title='bbox 3498 4637 3613 4689; x_wconf 87' lang='lat' dir='ltr'><strong><em>inu-</em></strong></span> 
     </span>
    </p>
   </div>
   <div class='ocr_carea' id='block_1_93' title="bbox 370 4732 1942 4803">
    <p class='ocr_par' dir='ltr' id='par_1_93' title="bbox 370 4732 1942 4803">
     <span class='ocr_line' id='line_1_93' title="bbox 370 4732 1942 4803; baseline 0.003 -19"><span class='ocrx_word' id='word_1_675' title='bbox 370 4732 643 4800; x_wconf 88' lang='lat' dir='ltr'><strong><em>pertinent</em></strong></span> <span class='ocrx_word' id='word_1_676' title='bbox 669 4733 778 4786; x_wconf 91' lang='lat' dir='ltr'><strong><em>duo</em></strong></span> <span class='ocrx_word' id='word_1_677' title='bbox 808 4733 974 4788; x_wconf 88' lang='lat' dir='ltr'><strong><em>libelli</em></strong></span> <span class='ocrx_word' id='word_1_678' title='bbox 1003 4732 1470 4803; x_wconf 82' lang='lat' dir='ltr'><strong><em>Chrysostomiani</em></strong></span> <span class='ocrx_word' id='word_1_679' title='bbox 1521 4733 1676 4799; x_wconf 85' lang='grc' dir='ltr'><strong><em>Πρὸς</em></strong></span> <span class='ocrx_word' id='word_1_680' title='bbox 1704 4733 1810 4787; x_wconf 85' lang='grc' dir='ltr'><strong><em>τὸν</em></strong></span> <span class='ocrx_word' id='word_1_681' title='bbox 1843 4735 1942 4789; x_wconf 83' lang='grc' dir='ltr'><strong><em>ἐκ-</em></strong></span> 
     </span>
    </p>
   </div>
   <div class='ocr_carea' id='block_1_94' title="bbox 370 4822 1940 4894">
    <p class='ocr_par' dir='ltr' id='par_1_94' title="bbox 370 4822 1940 4894">
     <span class='ocr_line' id='line_1_94' title="bbox 370 4822 1940 4894; baseline 0.003 -19"><span class='ocrx_word' id='word_1_682' title='bbox 370 4822 640 4875; x_wconf 78' lang='grc' dir='ltr'>πεσόντα</span> <span class='ocrx_word' id='word_1_683' title='bbox 696 4823 802 4877; x_wconf 72' lang='lat' dir='ltr'><strong><em>toi}</em></strong></span> <span class='ocrx_word' id='word_1_684' title='bbox 846 4823 1131 4892; x_wconf 82' lang='grc' dir='ltr'>ἐναρέτου</span> <span class='ocrx_word' id='word_1_685' title='bbox 1175 4825 1339 4886; x_wconf 80' lang='grc' dir='ltr'>βίου.</span> <span class='ocrx_word' id='word_1_686' title='bbox 1392 4822 1510 4877; x_wconf 93' lang='lat' dir='ltr'><strong><em>Non</em></strong></span> <span class='ocrx_word' id='word_1_687' title='bbox 1571 4832 1750 4894; x_wconf 83' lang='lat' dir='ltr'><strong><em>potest</em></strong></span> <span class='ocrx_word' id='word_1_688' title='bbox 1801 4842 1940 4891; x_wconf 87' lang='lat' dir='ltr'><strong><em>esse,</em></strong></span> 
     </span>
    </p>
   </div>
   <div class='ocr_carea' id='block_1_95' title="bbox 372 4913 1945 4988">
    <p class='ocr_par' dir='ltr' id='par_1_95' title="bbox 372 4913 1945 4988">
     <span class='ocr_line' id='line_1_95' title="bbox 372 4913 1945 4988; baseline 0.003 -22"><span class='ocrx_word' id='word_1_689' title='bbox 372 4913 551 4982; x_wconf 87' lang='lat' dir='ltr'><strong><em>inquit</em></strong></span> <span class='ocrx_word' id='word_1_690' title='bbox 598 4914 806 4982; x_wconf 80' lang='lat' dir='ltr'><strong><em>rigidus</em></strong></span> <span class='ocrx_word' id='word_1_691' title='bbox 839 4929 903 4967; x_wconf 86' lang='lat' dir='ltr'><strong><em>ac</em></strong></span> <span class='ocrx_word' id='word_1_692' title='bbox 947 4916 1174 4969; x_wconf 89' lang='lat' dir='ltr'><strong><em>tetricus</em></strong></span> <span class='ocrx_word' id='word_1_693' title='bbox 1225 4929 1442 4979; x_wconf 89' lang='lat' dir='ltr'><strong><em>censor,</em></strong></span> <span class='ocrx_word' id='word_1_694' title='bbox 1475 4914 1746 4971; x_wconf 85' lang='lat' dir='ltr'><strong><em>Theodori</em></strong></span> <span class='ocrx_word' id='word_1_695' title='bbox 1790 4915 1945 4988; x_wconf 79' lang='lat' dir='ltr'><strong><em>frigi-</em></strong></span> 
     </span>
    </p>
   </div>
   <div class='ocr_carea' id='block_1_96' title="bbox 372 5005 1942 5079">
    <p class='ocr_par' dir='ltr' id='par_1_96' title="bbox 372 5005 1942 5079">
     <span class='ocr_line' id='line_1_96' title="bbox 372 5005 1942 5079; baseline 0.003 -21"><span class='ocrx_word' id='word_1_696' title='bbox 372 5007 502 5059; x_wconf 91' lang='lat' dir='ltr'><strong><em>dum</em></strong></span> <span class='ocrx_word' id='word_1_697' title='bbox 524 5005 628 5059; x_wconf 91' lang='lat' dir='ltr'><strong><em>hoc</em></strong></span> <span class='ocrx_word' id='word_1_698' title='bbox 650 5007 888 5075; x_wconf 90' lang='lat' dir='ltr'><strong><em>ineptum</em></strong></span> <span class='ocrx_word' id='word_1_699' title='bbox 911 5014 964 5060; x_wconf 87' lang='lat' dir='ltr'><strong><em>et</em></strong></span> <span class='ocrx_word' id='word_1_700' title='bbox 982 5021 1117 5076; x_wconf 89' lang='lat' dir='ltr'><strong><em>pene</em></strong></span> <span class='ocrx_word' id='word_1_701' title='bbox 1141 5007 1430 5061; x_wconf 90' lang='lat' dir='ltr'><strong><em>ridiculum</em></strong></span> <span class='ocrx_word' id='word_1_702' title='bbox 1456 5007 1757 5078; x_wconf 86' lang='grc' dir='ltr'>σύνταγμα,</span> <span class='ocrx_word' id='word_1_703' title='bbox 1782 5026 1942 5079; x_wconf 90' lang='lat' dir='ltr'><strong><em>quem</em></strong></span> 
     </span>
    </p>
   </div>
   <div class='ocr_carea' id='block_1_97' title="bbox 374 5096 1943 5168">
    <p class='ocr_par' dir='ltr' id='par_1_97' title="bbox 374 5096 1943 5168">
     <span class='ocr_line' id='line_1_97' title="bbox 374 5096 1943 5168; baseline 0.003 -16"><span class='ocrx_word' id='word_1_704' title='bbox 374 5096 714 5152; x_wconf 86' lang='lat' dir='ltr'><strong><em>Sozomenus</em></strong></span> <span class='ocrx_word' id='word_1_705' title='bbox 749 5096 1076 5168; x_wconf 84' lang='grc' dir='ltr'>πολυῖστορα</span> <span class='ocrx_word' id='word_1_706' title='bbox 1120 5097 1308 5162; x_wconf 82' lang='lat' dir='ltr'><strong><em>fuisse,</em></strong></span> <span class='ocrx_word' id='word_1_707' title='bbox 1340 5107 1396 5154; x_wconf 91' lang='lat' dir='ltr'><strong><em>et</em></strong></span> <span class='ocrx_word' id='word_1_708' title='bbox 1434 5099 1751 5157; x_wconf 88' lang='lat' dir='ltr'><strong><em>liberalibus</em></strong></span> <span class='ocrx_word' id='word_1_709' title='bbox 1775 5102 1943 5158; x_wconf 91' lang='lat' dir='ltr'><strong><em>disci-</em></strong></span> 
     </span>
    </p>
   </div>
   <div class='ocr_carea' id='block_1_98' title="bbox 373 5189 1942 5259">
    <p class='ocr_par' dir='ltr' id='par_1_98' title="bbox 373 5189 1942 5259">
     <span class='ocr_line' id='line_1_98' title="bbox 373 5189 1942 5259; baseline 0.004 -17"><span class='ocrx_word' id='word_1_710' title='bbox 373 5189 538 5258; x_wconf 87' lang='lat' dir='ltr'><strong><em>plinis</em></strong></span> <span class='ocrx_word' id='word_1_711' title='bbox 566 5191 840 5243; x_wconf 78' lang='lat' dir='ltr'><strong><em>excultum</em></strong></span> <span class='ocrx_word' id='word_1_712' title='bbox 872 5189 1142 5244; x_wconf 87' lang='lat' dir='ltr'><strong><em>tradit.At</em></strong></span> <span class='ocrx_word' id='word_1_713' title='bbox 1173 5190 1332 5259; x_wconf 90' lang='lat' dir='ltr'><strong><em>plane</em></strong></span> <span class='ocrx_word' id='word_1_714' title='bbox 1355 5190 1642 5245; x_wconf 88' lang='lat' dir='ltr'><strong><em>ridiculum</em></strong></span> <span class='ocrx_word' id='word_1_715' title='bbox 1662 5206 1769 5246; x_wconf 92' lang='lat' dir='ltr'><strong><em>non</em></strong></span> <span class='ocrx_word' id='word_1_716' title='bbox 1799 5207 1942 5259; x_wconf 89' lang='lat' dir='ltr'><strong><em>esse,</em></strong></span> 
     </span>
    </p>
   </div>
   <div class='ocr_carea' id='block_1_99' title="bbox 376 5281 1944 5356">
    <p class='ocr_par' dir='ltr' id='par_1_99' title="bbox 376 5281 1944 5356">
     <span class='ocr_line' id='line_1_99' title="bbox 376 5281 1944 5356; baseline 0.004 -22"><span class='ocrx_word' id='word_1_717' title='bbox 376 5281 534 5336; x_wconf 78' lang='lat' dir='ltr'><strong><em>ﬂetus</em></strong></span> <span class='ocrx_word' id='word_1_718' title='bbox 573 5282 690 5351; x_wconf 90' lang='lat' dir='ltr'><strong><em>ipse</em></strong></span> <span class='ocrx_word' id='word_1_719' title='bbox 729 5289 784 5336; x_wconf 91' lang='lat' dir='ltr'><strong><em>ct</em></strong></span> <span class='ocrx_word' id='word_1_720' title='bbox 836 5282 1089 5353; x_wconf 65' lang='lat' dir='ltr'><strong><em>lacrymae</em></strong></span> <span class='ocrx_word' id='word_1_721' title='bbox 1135 5283 1336 5352; x_wconf 88' lang='lat' dir='ltr'><strong><em>quibus</em></strong></span> <span class='ocrx_word' id='word_1_722' title='bbox 1388 5285 1591 5356; x_wconf 90' lang='lat' dir='ltr'><strong><em>ubique</em></strong></span> <span class='ocrx_word' id='word_1_723' title='bbox 1626 5285 1944 5352; x_wconf 89' lang='lat' dir='ltr'><strong><em>inundatur,</em></strong></span> 
     </span>
    </p>
   </div>
   <div class='ocr_carea' id='block_1_100' title="bbox 326 5373 1949 5444">
    <p class='ocr_par' dir='ltr' id='par_1_100' title="bbox 326 5373 1949 5444">
     <span class='ocr_line' id='line_1_100' title="bbox 326 5373 1949 5444; baseline 0.004 -17"><span class='ocrx_word' id='word_1_724' title='bbox 326 5417 330 5420; x_wconf 51' lang='grc' dir='ltr'><strong>η</strong></span> <span class='ocrx_word' id='word_1_725' title='bbox 378 5389 488 5428; x_wconf 90' lang='lat' dir='ltr'><strong><em>non</em></strong></span> <span class='ocrx_word' id='word_1_726' title='bbox 521 5375 746 5444; x_wconf 87' lang='lat' dir='ltr'><strong><em>patitur.</em></strong></span> <span class='ocrx_word' id='word_1_727' title='bbox 775 5373 964 5430; x_wconf 87' lang='lat' dir='ltr'><strong><em>Potius</em></strong></span> <span class='ocrx_word' id='word_1_728' title='bbox 990 5374 1258 5431; x_wconf 88' lang='lat' dir='ltr'><strong><em>ridiculus</em></strong></span> <span class='ocrx_word' id='word_1_729' title='bbox 1281 5385 1366 5432; x_wconf 89' lang='lat' dir='ltr'><strong><em>est</em></strong></span> <span class='ocrx_word' id='word_1_730' title='bbox 1396 5376 1655 5444; x_wconf 86' lang='lat' dir='ltr'><strong><em>Savilius,</em></strong></span> <span class='ocrx_word' id='word_1_731' title='bbox 1687 5388 1745 5434; x_wconf 84' lang='lat' dir='ltr'><strong><em>ut</em></strong></span> <span class='ocrx_word' id='word_1_732' title='bbox 1771 5379 1949 5435; x_wconf 88' lang='lat' dir='ltr'><strong><em>aiebat</em></strong></span> 
     </span>
    </p>
   </div>
   <div class='ocr_carea' id='block_1_101' title="bbox 449 5530 1938 5602">
    <p class='ocr_par' dir='ltr' id='par_1_101' title="bbox 449 5530 1938 5602">
     <span class='ocr_line' id='line_1_101' title="bbox 449 5530 1938 5602; baseline 0.003 -18"><span class='ocrx_word' id='word_1_733' title='bbox 449 5530 527 5602; x_wconf 86' lang='lat' dir='ltr'><strong><em>(a)</em></strong></span> <span class='ocrx_word' id='word_1_734' title='bbox 562 5530 772 5602; x_wconf 76' lang='lat' dir='ltr'><strong><em>Reapse</em></strong></span> <span class='ocrx_word' id='word_1_735' title='bbox 794 5548 860 5588; x_wconf 81' lang='lat' dir='ltr'><strong><em>ex</em></strong></span> <span class='ocrx_word' id='word_1_736' title='bbox 888 5540 1081 5588; x_wconf 87' lang='lat' dir='ltr'><strong><em>catena</em></strong></span> <span class='ocrx_word' id='word_1_737' title='bbox 1113 5534 1166 5586; x_wconf 89' lang='lat' dir='ltr'><strong><em>in</em></strong></span> <span class='ocrx_word' id='word_1_738' title='bbox 1194 5531 1391 5586; x_wconf 87' lang='lat' dir='ltr'><strong><em>Lucam</em></strong></span> <span class='ocrx_word' id='word_1_739' title='bbox 1421 5533 1626 5588; x_wconf 85' lang='lat' dir='ltr'><strong><em>codicis</em></strong></span> <span class='ocrx_word' id='word_1_740' title='bbox 1658 5531 1776 5589; x_wconf 86' lang='lat' dir='ltr'><strong><em>Pal.</em></strong></span> <span class='ocrx_word' id='word_1_741' title='bbox 1818 5533 1938 5590; x_wconf 82' lang='lat' dir='ltr'><strong><em>Vat.</em></strong></span> 
     </span>
    </p>
   </div>
   <div class='ocr_carea' id='block_1_102' title="bbox 378 5598 1945 5672">
    <p class='ocr_par' dir='ltr' id='par_1_102' title="bbox 378 5598 1945 5672">
     <span class='ocr_line' id='line_1_102' title="bbox 378 5598 1945 5672; baseline 0.003 -19"><span class='ocrx_word' id='word_1_742' title='bbox 378 5598 700 5672; x_wconf 55' lang='lat' dir='ltr'><strong><em>XX,&#39;edidi&#39;t</em></strong></span> <span class='ocrx_word' id='word_1_743' title='bbox 747 5611 905 5657; x_wconf 67' lang='lat' dir='ltr'><strong><em>aetate</em></strong></span> <span class='ocrx_word' id='word_1_744' title='bbox 943 5610 1131 5657; x_wconf 90' lang='lat' dir='ltr'><strong><em>nostra</em></strong></span> <span class='ocrx_word' id='word_1_745' title='bbox 1173 5617 1269 5657; x_wconf 77' lang='lat' dir='ltr'><strong><em>sex</em></strong></span> <span class='ocrx_word' id='word_1_746' title='bbox 1309 5617 1431 5672; x_wconf 63' lang='lat' dir='ltr'><strong><em>quae</em></strong></span> <span class='ocrx_word' id='word_1_747' title='bbox 1464 5603 1537 5672; x_wconf 80' lang='lat' dir='ltr'><strong><em>ibi</em></strong></span> <span class='ocrx_word' id='word_1_748' title='bbox 1573 5611 1730 5656; x_wconf 84' lang='lat' dir='ltr'><strong><em>erant</em></strong></span> <span class='ocrx_word' id='word_1_749' title='bbox 1779 5603 1945 5672; x_wconf 88' lang='lat' dir='ltr'><strong><em>hujus</em></strong></span> 
     </span>
    </p>
   </div>
   <div class='ocr_carea' id='block_1_103' title="bbox 379 5669 1946 5742">
    <p class='ocr_par' dir='ltr' id='par_1_103' title="bbox 379 5669 1946 5742">
     <span class='ocr_line' id='line_1_103' title="bbox 379 5669 1946 5742; baseline 0.003 -19"><span class='ocrx_word' id='word_1_750' title='bbox 379 5673 561 5742; x_wconf 66' lang='lat' dir='ltr'><strong><em>operis</em></strong></span> <span class='ocrx_word' id='word_1_751' title='bbox 589 5669 892 5742; x_wconf 65' lang='lat' dir='ltr'><strong><em>fragmenta</em></strong></span> <span class='ocrx_word' id='word_1_752' title='bbox 909 5673 992 5728; x_wconf 85' lang='lat' dir='ltr'><strong><em>vir</em></strong></span> <span class='ocrx_word' id='word_1_753' title='bbox 1009 5673 1301 5742; x_wconf 89' lang='lat' dir='ltr'><strong><em>perdoctus</em></strong></span> <span class='ocrx_word' id='word_1_754' title='bbox 1325 5671 1364 5725; x_wconf 86' lang='lat' dir='ltr'>F</span> <span class='ocrx_word' id='word_1_755' title='bbox 1367 5671 1452 5728; x_wconf 89' lang='lat' dir='ltr'><strong><em>ed.</em></strong></span> <span class='ocrx_word' id='word_1_756' title='bbox 1477 5671 1785 5727; x_wconf 81' lang='lat' dir='ltr'><strong><em>Muenterus</em></strong></span> <span class='ocrx_word' id='word_1_757' title='bbox 1810 5669 1946 5741; x_wconf 79' lang='lat' dir='ltr'><strong><em>prae-</em></strong></span> 
     </span>
    </p>
   </div>
   <div class='ocr_carea' id='block_1_104' title="bbox 381 5738 830 5798">
    <p class='ocr_par' dir='ltr' id='par_1_104' title="bbox 381 5738 830 5798">
     <span class='ocr_line' id='line_1_104' title="bbox 381 5738 830 5798; baseline -0.004 -2"><span class='ocrx_word' id='word_1_758' title='bbox 381 5742 465 5796; x_wconf 84' lang='lat' dir='ltr'><strong><em>sul</em></strong></span> <span class='ocrx_word' id='word_1_759' title='bbox 501 5738 830 5798; x_wconf 73' lang='lat' dir='ltr'><strong><em>Hafniensis.</em></strong></span> 
     </span>
    </p>
   </div>
   <div class='ocr_carea' id='block_1_105' title="bbox 455 5809 1950 5882">
    <p class='ocr_par' dir='ltr' id='par_1_105' title="bbox 455 5809 1950 5882">
     <span class='ocr_line' id='line_1_105' title="bbox 455 5809 1950 5882; baseline 0.005 -20"><span class='ocrx_word' id='word_1_760' title='bbox 455 5809 529 5880; x_wconf 88' lang='lat' dir='ltr'><strong><em>(b)</em></strong></span> <span class='ocrx_word' id='word_1_761' title='bbox 573 5809 690 5866; x_wconf 91' lang='lat' dir='ltr'><strong><em>Duo</em></strong></span> <span class='ocrx_word' id='word_1_762' title='bbox 718 5825 818 5867; x_wconf 91' lang='lat' dir='ltr'><strong><em>nos</em></strong></span> <span class='ocrx_word' id='word_1_763' title='bbox 846 5810 1146 5880; x_wconf 79' lang='lat' dir='ltr'><strong><em>fragmenta</em></strong></span> <span class='ocrx_word' id='word_1_764' title='bbox 1177 5810 1506 5882; x_wconf 84' lang='lat' dir='ltr'><strong><em>protulimus</em></strong></span> <span class='ocrx_word' id='word_1_765' title='bbox 1539 5810 1592 5866; x_wconf 91' lang='lat' dir='ltr'><strong><em>in</em></strong></span> <span class='ocrx_word' id='word_1_766' title='bbox 1621 5810 1817 5881; x_wconf 87' lang='lat' dir='ltr'><strong><em>Script.</em></strong></span> <span class='ocrx_word' id='word_1_767' title='bbox 1849 5824 1950 5869; x_wconf 79' lang='lat' dir='ltr'><strong><em>vet.</em></strong></span> 
     </span>
    </p>
   </div>
   <div class='ocr_carea' id='block_1_106' title="bbox 2039 4727 3608 4801">
    <p class='ocr_par' dir='ltr' id='par_1_106' title="bbox 2039 4727 3608 4801">
     <span class='ocr_line' id='line_1_106' title="bbox 2039 4727 3608 4801; baseline -0.007 -10"><span class='ocrx_word' id='word_1_768' title='bbox 2039 4737 2237 4801; x_wconf 84' lang='lat' dir='ltr'><strong><em>sitatis,</em></strong></span> <span class='ocrx_word' id='word_1_769' title='bbox 2275 4733 2528 4788; x_wconf 86' lang='lat' dir='ltr'><strong><em>obscurus</em></strong></span> <span class='ocrx_word' id='word_1_770' title='bbox 2565 4742 2739 4784; x_wconf 86' lang='lat' dir='ltr'><strong><em>tamen</em></strong></span> <span class='ocrx_word' id='word_1_771' title='bbox 2775 4737 2898 4783; x_wconf 84' lang='lat' dir='ltr'><strong><em>est:</em></strong></span> <span class='ocrx_word' id='word_1_772' title='bbox 2931 4739 3040 4782; x_wconf 91' lang='lat' dir='ltr'><strong><em>tum</em></strong></span> <span class='ocrx_word' id='word_1_773' title='bbox 3078 4728 3204 4798; x_wconf 86' lang='lat' dir='ltr'><strong><em>quia</em></strong></span> <span class='ocrx_word' id='word_1_774' title='bbox 3233 4737 3290 4781; x_wconf 89' lang='lat' dir='ltr'><strong><em>ut</em></strong></span> <span class='ocrx_word' id='word_1_775' title='bbox 3326 4727 3608 4797; x_wconf 88' lang='lat' dir='ltr'><strong><em>plurintum</em></strong></span> 
     </span>
    </p>
   </div>
   <div class='ocr_carea' id='block_1_107' title="bbox 2042 4820 3610 4894">
    <p class='ocr_par' dir='ltr' id='par_1_107' title="bbox 2042 4820 3610 4894">
     <span class='ocr_line' id='line_1_107' title="bbox 2042 4820 3610 4894; baseline -0.006 -12"><span class='ocrx_word' id='word_1_776' title='bbox 2042 4827 2320 4882; x_wconf 89' lang='lat' dir='ltr'><strong><em>immodice</em></strong></span> <span class='ocrx_word' id='word_1_777' title='bbox 2348 4825 2588 4894; x_wconf 71' lang='lat' dir='ltr'><strong><em>prolixus</em></strong></span> <span class='ocrx_word' id='word_1_778' title='bbox 2622 4821 2773 4875; x_wconf 89' lang='lat' dir='ltr'><strong><em>habet</em></strong></span> <span class='ocrx_word' id='word_1_779' title='bbox 2808 4821 3071 4889; x_wconf 85' lang='lat' dir='ltr'><strong><em>periodos,</em></strong></span> <span class='ocrx_word' id='word_1_780' title='bbox 3107 4829 3155 4874; x_wconf 89' lang='lat' dir='ltr'><strong><em>et</em></strong></span> <span class='ocrx_word' id='word_1_781' title='bbox 3189 4820 3610 4889; x_wconf 88' lang='lat' dir='ltr'><strong><em>interpositiones</em></strong></span> 
     </span>
    </p>
   </div>
   <div class='ocr_carea' id='block_1_108' title="bbox 2049 4912 3611 4987">
    <p class='ocr_par' dir='ltr' id='par_1_108' title="bbox 2049 4912 3611 4987">
     <span class='ocr_line' id='line_1_108' title="bbox 2049 4912 3611 4987; baseline -0.006 -12"><span class='ocrx_word' id='word_1_782' title='bbox 2049 4920 2282 4983; x_wconf 88' lang='lat' dir='ltr'><strong><em>crebras,</em></strong></span> <span class='ocrx_word' id='word_1_783' title='bbox 2311 4933 2400 4987; x_wconf 90' lang='lat' dir='ltr'><strong><em>per</em></strong></span> <span class='ocrx_word' id='word_1_784' title='bbox 2445 4933 2578 4987; x_wconf 85' lang='lat' dir='ltr'><strong><em>quas</em></strong></span> <span class='ocrx_word' id='word_1_785' title='bbox 2630 4916 2792 4968; x_wconf 86' lang='lat' dir='ltr'><strong><em>etiam</em></strong></span> <span class='ocrx_word' id='word_1_786' title='bbox 2822 4929 3005 4968; x_wconf 83' lang='lat' dir='ltr'><strong><em>sensus</em></strong></span> <span class='ocrx_word' id='word_1_787' title='bbox 3039 4929 3198 4983; x_wconf 86' lang='lat' dir='ltr'><strong><em>quam</em></strong></span> <span class='ocrx_word' id='word_1_788' title='bbox 3246 4912 3548 4982; x_wconf 82' lang='lat' dir='ltr'><strong><em>longissime</em></strong></span> <span class='ocrx_word' id='word_1_789' title='bbox 3577 4929 3611 4966; x_wconf 80' lang='grc' dir='ltr'><strong><em>α</em></strong></span> 
     </span>
    </p>
   </div>
   <div class='ocr_carea' id='block_1_109' title="bbox 2051 5001 3613 5081">
    <p class='ocr_par' dir='ltr' id='par_1_109' title="bbox 2051 5001 3613 5081">
     <span class='ocr_line' id='line_1_109' title="bbox 2051 5001 3613 5081; baseline -0.008 -14"><span class='ocrx_word' id='word_1_790' title='bbox 2051 5029 2106 5067; x_wconf 88' lang='lat' dir='ltr'><strong><em>re</em></strong></span> <span class='ocrx_word' id='word_1_791' title='bbox 2136 5011 2404 5081; x_wconf 86' lang='lat' dir='ltr'><strong><em>proposita</em></strong></span> <span class='ocrx_word' id='word_1_792' title='bbox 2430 5006 2654 5071; x_wconf 87' lang='lat' dir='ltr'><strong><em>recedit;</em></strong></span> <span class='ocrx_word' id='word_1_793' title='bbox 2687 5015 2796 5058; x_wconf 90' lang='lat' dir='ltr'><strong><em>tum</em></strong></span> <span class='ocrx_word' id='word_1_794' title='bbox 2832 5006 2994 5058; x_wconf 90' lang='lat' dir='ltr'><strong><em>etiam</em></strong></span> <span class='ocrx_word' id='word_1_795' title='bbox 3024 5005 3149 5074; x_wconf 87' lang='lat' dir='ltr'><strong><em>quia</em></strong></span> <span class='ocrx_word' id='word_1_796' title='bbox 3182 5004 3453 5057; x_wconf 90' lang='lat' dir='ltr'><strong><em>nominum</em></strong></span> <span class='ocrx_word' id='word_1_797' title='bbox 3482 5001 3613 5056; x_wconf 87' lang='lat' dir='ltr'><strong><em>obli-</em></strong></span> 
     </span>
    </p>
   </div>
   <div class='ocr_carea' id='block_1_110' title="bbox 2050 5091 3609 5173">
    <p class='ocr_par' dir='ltr' id='par_1_110' title="bbox 2050 5091 3609 5173">
     <span class='ocr_line' id='line_1_110' title="bbox 2050 5091 3609 5173; baseline -0.008 -17"><span class='ocrx_word' id='word_1_798' title='bbox 2050 5103 2166 5173; x_wconf 84' lang='lat' dir='ltr'><strong><em>quis</em></strong></span> <span class='ocrx_word' id='word_1_799' title='bbox 2189 5117 2251 5154; x_wconf 89' lang='lat' dir='ltr'><strong><em>ac</em></strong></span> <span class='ocrx_word' id='word_1_800' title='bbox 2274 5097 2566 5167; x_wconf 88' lang='lat' dir='ltr'><strong><em>participiis</em></strong></span> <span class='ocrx_word' id='word_1_801' title='bbox 2590 5093 2871 5157; x_wconf 88' lang='lat' dir='ltr'><strong><em>redundat,</em></strong></span> <span class='ocrx_word' id='word_1_802' title='bbox 2893 5102 2943 5147; x_wconf 91' lang='lat' dir='ltr'><strong><em>et</em></strong></span> <span class='ocrx_word' id='word_1_803' title='bbox 2968 5110 3048 5147; x_wconf 86' lang='lat' dir='ltr'><strong><em>res</em></strong></span> <span class='ocrx_word' id='word_1_804' title='bbox 3063 5092 3273 5147; x_wconf 84' lang='lat' dir='ltr'><strong><em>easdem</em></strong></span> <span class='ocrx_word' id='word_1_805' title='bbox 3299 5091 3609 5162; x_wconf 78' lang='lat' dir='ltr'><strong><em>frequenter,</em></strong></span> 
     </span>
    </p>
   </div>
   <div class='ocr_carea' id='block_1_111' title="bbox 2050 5182 3613 5262">
    <p class='ocr_par' dir='ltr' id='par_1_111' title="bbox 2050 5182 3613 5262">
     <span class='ocr_line' id='line_1_111' title="bbox 2050 5182 3613 5262; baseline -0.008 -14"><span class='ocrx_word' id='word_1_806' title='bbox 2050 5208 2210 5262; x_wconf 84' lang='lat' dir='ltr'><strong><em>neque</em></strong></span> <span class='ocrx_word' id='word_1_807' title='bbox 2241 5191 2297 5244; x_wconf 90' lang='lat' dir='ltr'><strong><em>id</em></strong></span> <span class='ocrx_word' id='word_1_808' title='bbox 2329 5190 2461 5244; x_wconf 87' lang='lat' dir='ltr'><strong><em>satis</em></strong></span> <span class='ocrx_word' id='word_1_809' title='bbox 2489 5197 2692 5250; x_wconf 87' lang='lat' dir='ltr'><strong><em>ornate,</em></strong></span> <span class='ocrx_word' id='word_1_810' title='bbox 2723 5185 2882 5240; x_wconf 90' lang='lat' dir='ltr'><strong><em>volvit</em></strong></span> <span class='ocrx_word' id='word_1_811' title='bbox 2904 5201 2965 5238; x_wconf 90' lang='lat' dir='ltr'><strong><em>ac</em></strong></span> <span class='ocrx_word' id='word_1_812' title='bbox 2989 5185 3224 5249; x_wconf 83' lang='lat' dir='ltr'><strong><em>revolvit,</em></strong></span> <span class='ocrx_word' id='word_1_813' title='bbox 3256 5194 3367 5236; x_wconf 90' lang='lat' dir='ltr'><strong><em>tum</em></strong></span> <span class='ocrx_word' id='word_1_814' title='bbox 3398 5182 3613 5250; x_wconf 85' lang='lat' dir='ltr'><strong><em>denique</em></strong></span> 
     </span>
    </p>
   </div>
   <div class='ocr_carea' id='block_1_112' title="bbox 2051 5276 3609 5359">
    <p class='ocr_par' dir='ltr' id='par_1_112' title="bbox 2051 5276 3609 5359">
     <span class='ocr_line' id='line_1_112' title="bbox 2051 5276 3609 5359; baseline -0.009 -18"><span class='ocrx_word' id='word_1_815' title='bbox 2051 5289 2176 5359; x_wconf 84' lang='lat' dir='ltr'><strong><em>quia</em></strong></span> <span class='ocrx_word' id='word_1_816' title='bbox 2187 5284 2515 5354; x_wconf 87' lang='lat' dir='ltr'><strong><em>repetitiones</em></strong></span> <span class='ocrx_word' id='word_1_817' title='bbox 2527 5281 2671 5336; x_wconf 90' lang='lat' dir='ltr'><strong><em>illius</em></strong></span> <span class='ocrx_word' id='word_1_818' title='bbox 2686 5279 3110 5350; x_wconf 87' lang='lat' dir='ltr'><strong><em>pluribus,quam</em></strong></span> <span class='ocrx_word' id='word_1_819' title='bbox 3122 5277 3454 5331; x_wconf 88' lang='lat' dir='ltr'><strong><em>narrationes</em></strong></span> <span class='ocrx_word' id='word_1_820' title='bbox 3468 5276 3609 5344; x_wconf 66' lang='lat' dir='ltr'><strong><em>ipsa,</em></strong></span> 
     </span>
    </p>
   </div>
   <div class='ocr_carea' id='block_1_113' title="bbox 2053 5365 3613 5450">
    <p class='ocr_par' dir='ltr' id='par_1_113' title="bbox 2053 5365 3613 5450">
     <span class='ocr_line' id='line_1_113' title="bbox 2053 5365 3613 5450; baseline -0.008 -18"><span class='ocrx_word' id='word_1_821' title='bbox 2053 5378 2191 5450; x_wconf 87' lang='lat' dir='ltr'><strong><em>quod</em></strong></span> <span class='ocrx_word' id='word_1_822' title='bbox 2211 5376 2421 5432; x_wconf 90' lang='lat' dir='ltr'><strong><em>omnino</em></strong></span> <span class='ocrx_word' id='word_1_823' title='bbox 2435 5375 2549 5429; x_wconf 85' lang='lat' dir='ltr'><strong><em>sine</em></strong></span> <span class='ocrx_word' id='word_1_824' title='bbox 2561 5371 2800 5426; x_wconf 85' lang='lat' dir='ltr'><strong><em>methodo</em></strong></span> <span class='ocrx_word' id='word_1_825' title='bbox 2819 5372 2902 5440; x_wconf 82' lang='lat' dir='ltr'><strong><em>ﬁt,</em></strong></span> <span class='ocrx_word' id='word_1_826' title='bbox 2923 5385 3097 5424; x_wconf 86' lang='lat' dir='ltr'><strong><em>rerum</em></strong></span> <span class='ocrx_word' id='word_1_827' title='bbox 3117 5367 3384 5438; x_wconf 83' lang='lat' dir='ltr'><strong><em>adjunctis</em></strong></span> <span class='ocrx_word' id='word_1_828' title='bbox 3412 5365 3613 5435; x_wconf 64' lang='lat' dir='ltr'><strong><em>refertis</em></strong></span> 
     </span>
    </p>
   </div>
   <div class='ocr_carea' id='block_1_114' title="bbox 2048 5527 3558 5600">
    <p class='ocr_par' dir='ltr' id='par_1_114' title="bbox 2048 5527 3558 5600">
     <span class='ocr_line' id='line_1_114' title="bbox 2048 5527 3558 5600; baseline 0.005 -6"><span class='ocrx_word' id='word_1_829' title='bbox 2048 5527 2565 5600; x_wconf 62' lang='lat' dir='ltr'><strong><em>tomonl.P:_69:_</em></strong></span> <span class='ocrx_word' id='word_1_830' title='bbox 2631 5593 2662 5600; x_wconf 82' lang='lat'><strong>_</strong></span> <span class='ocrx_word' id='word_1_831' title='bbox 2779 5593 2790 5600; x_wconf 84' lang='grc'><em>,</em></span> <span class='ocrx_word' id='word_1_832' title='bbox 2999 5598 3008 5600; x_wconf 18' lang='grc' dir='ltr'>ξ</span> <span class='ocrx_word' id='word_1_833' title='bbox 3204 5588 3218 5600; x_wconf 95' lang='grc'><em>.</em></span> <span class='ocrx_word' id='word_1_834' title='bbox 3439 5586 3453 5600; x_wconf 93' lang='grc'>.</span> <span class='ocrx_word' id='word_1_835' title='bbox 3524 5585 3558 5600; x_wconf 89' lang='grc'><strong><em>-.</em></strong></span> 
     </span>
    </p>
   </div>
   <div class='ocr_carea' id='block_1_115' title="bbox 2122 5586 3615 5676">
    <p class='ocr_par' dir='ltr' id='par_1_115' title="bbox 2122 5586 3615 5676">
     <span class='ocr_line' id='line_1_115' title="bbox 2122 5586 3615 5676; baseline -0.013 -17"><span class='ocrx_word' id='word_1_836' title='bbox 2223 5586 2376 5676; x_wconf 60' lang='lat' dir='ltr'><strong><em>Gell;</em></strong></span> <span class='ocrx_word' id='word_1_837' title='bbox 2404 5597 2466 5662; x_wconf 89' lang='lat' dir='ltr'><strong><em>V,</em></strong></span> <span class='ocrx_word' id='word_1_838' title='bbox 2504 5597 2592 5652; x_wconf 76' lang='grc' dir='ltr'><strong><em>Η.</em></strong></span> <span class='ocrx_word' id='word_1_839' title='bbox 2629 5593 2888 5676; x_wconf 59' lang='lat' dir='ltr'><strong><em>sequitur</em></strong></span> <span class='ocrx_word' id='word_1_840' title='bbox 2921 5598 3100 5676; x_wconf 81' lang='lat' dir='ltr'><strong><em>autem</em></strong></span> <span class='ocrx_word' id='word_1_841' title='bbox 3130 5586 3615 5676; x_wconf 37' lang='lat' dir='ltr'><strong><em>vulgaremgleetizo:</em></strong></span> 
     </span>
    </p>
   </div>
   <div class='ocr_carea' id='block_1_116' title="bbox 2053 5657 3613 5738">
    <p class='ocr_par' dir='ltr' id='par_1_116' title="bbox 2053 5657 3613 5738">
     <span class='ocr_line' id='line_1_116' title="bbox 2053 5657 3613 5738; baseline -0.013 -6"><span class='ocrx_word' id='word_1_842' title='bbox 2053 5657 2462 5732; x_wconf 17' lang='lat' dir='ltr'><strong><em>uein&#39;A’llatius,</em></strong></span> <span class='ocrx_word' id='word_1_843' title='bbox 2520 5681 2619 5738; x_wconf 85' lang='lat' dir='ltr'><strong><em>pro</em></strong></span> <span class='ocrx_word' id='word_1_844' title='bbox 2649 5657 2987 5731; x_wconf 79' lang='lat' dir='ltr'><strong><em>Plistonices,</em></strong></span> <span class='ocrx_word' id='word_1_845' title='bbox 3039 5668 3100 5718; x_wconf 87' lang='lat' dir='ltr'><strong><em>ut</em></strong></span> <span class='ocrx_word' id='word_1_846' title='bbox 3132 5657 3282 5718; x_wconf 78' lang='lat' dir='ltr'><strong><em>nunc</em></strong></span> <span class='ocrx_word' id='word_1_847' title='bbox 3323 5657 3522 5732; x_wconf 69' lang='lat' dir='ltr'><strong><em>legitur</em></strong></span> <span class='ocrx_word' id='word_1_848' title='bbox 3559 5657 3613 5712; x_wconf 90' lang='lat' dir='ltr'><strong><em>in</em></strong></span> 
     </span>
    </p>
   </div>
   <div class='ocr_carea' id='block_1_117' title="bbox 2054 5745 2522 5803">
    <p class='ocr_par' dir='ltr' id='par_1_117' title="bbox 2054 5745 2522 5803">
     <span class='ocr_line' id='line_1_117' title="bbox 2054 5745 2522 5803; baseline -0.019 0"><span class='ocrx_word' id='word_1_849' title='bbox 2054 5745 2211 5803; x_wconf 84' lang='lat' dir='ltr'><strong><em>Gellii</em></strong></span> <span class='ocrx_word' id='word_1_850' title='bbox 2246 5747 2522 5800; x_wconf 77' lang='lat' dir='ltr'><strong><em>contextu.</em></strong></span> 
     </span>
    </p>
   </div>
  </div>
