3804 6222
305 174 378 231 99

1575 167 1667 222 EX
1699 161 1950 220 LEONIS
1987 163 2261 220 ALLATII

3459 165 3575 220 |90

309 286 467 357 ὑμῶν
529 283 764 355 δύναμαι
790 282 1187 347 ὲπιλαθέσθαι;
1241 282 1432 354 Ὑμεῖς
1471 282 1595 352 ἐμοὶ
1619 283 1877 350 πατέρες,
1908 282 1926 334 l

2039 285 2215 329 rterum
2238 274 2492 344 exemplis
2514 315 2530 340 ,
2561 282 2679 330 erat
2731 275 2872 332 enim
2902 275 3065 330 varia:
3091 291 3155 330 ac
3180 275 3362 331 multa:
3379 276 3575 332 lectio—

311 379 468 449 ὑμεῖς
501 376 624 448 ἐμοὶ
653 376 786 446 ζωὴ,
811 376 968 446 ὑμεῖς
1009 377 1131 445 ἐμοὶ
1161 373 1531 444 εὐδοκίμησις·
1565 371 1738 425 Unum
1771 386 1894 424 cor-

309 483 406 534 pus
429 483 634 531 sumus,
653 482 815 536 neque
847 474 1004 534 caput
1027 481 1058 517 a
1081 480 1316 531 corpore,
1331 479 1493 532 neque
1517 478 1705 530 corpus
1738 479 1770 515 a
1803 477 1896 515 ca-

311 559 420 626 pite
442 566 740 625 separatur.
768 556 1002 610 Etiamsi
1027 557 1142 609 loco
1173 554 1486 617 dividimur,
1505 553 1596 607 sed
1632 553 1896 605 charitate

314 649 713 717 conjungimur;
750 663 841 717 ego
881 664 914 699 a
940 646 1083 700 vobis
1121 661 1213 699 nec
1245 653 1414 698 morte
1446 642 1674 697 divellor
1711 659 1728 696 :
1771 659 1896 695 nam

314 740 412 792 etsi
425 754 612 807 corpus
631 755 802 791 meum
831 739 1117 801 moriatur,
1141 737 1321 790 anima
1336 751 1450 789 mea
1465 736 1612 796 vivit,
1635 744 1683 788 et
1701 751 1899 788 memo-

315 832 452 884 riam
484 832 642 884 vestri
677 830 904 893 tenebit;
936 846 1025 884 vos
1069 829 1198 882 mihi
1253 837 1452 896 patres.
1493 825 1770 892 Quomodo
1810 843 1898 880 ve-

319 932 490 977 strum
514 922 838 978 obliviscar?
880 920 980 975 Vos
1014 920 1142 974 milii
1167 930 1469 988 patres,t'os
1489 918 1615 972 mihi
1649 919 1774 981 vita,
1808 933 1898 970 vos

321 1015 452 1067 mihi
519 1014 795 1082 gloriatio.
854 1012 986 1078 Qua
1037 1018 1166 1064 nota
1231 1009 1522 1063 cltaritatis
1572 1009 1902 1078 Cbrysosto—

322 1104 400 1158 mi
456 1119 584 1174 erga
635 1119 791 1167 suos,
852 1103 1018 1157 etiam
1076 1100 1357 1156 bomiliam
1405 1100 1622 1154 tertiam
1657 1099 1714 1166 ip
1763 1099 1902 1153 Acta

322 1193 682 1262 apostolorum
719 1192 1033 1263 insignitum
1073 1192 1338 1248 invenies.

395 1284 597 1339 Parum
627 1284 829 1355 oppido
864 1284 1069 1338 Savilio
1097 1292 1240 1346 erat,
1301 1290 1361 1336 ut
1421 1281 1696 1351 frigidulis
1750 1278 1904 1334 hisce

328 1375 640 1430 rationibus
685 1373 960 1429 Theodori
1013 1373 1300 1442 epistolam
1329 1371 1664 1426 Calvinianis
1694 1370 1900 1425 Lutlte-

327 1465 594 1534 ranisque
625 1463 912 1520 adversam
942 1463 1284 1524 exsibilaret,
1323 1462 1433 1516 nisi
1472 1461 1620 1516 aliud
1653 1462 1903 1531 ejusdem

328 1554 582 1623 putidum
611 1553 1033 1616 munimentum,
1054 1553 1169 1607 suis
1195 1551 1384 1607 favens
1420 1552 1692 1614 sectariis,
1740 1553 1905 1607 veluti

1999 367 2104 429 nis,
2129 367 2184 420 in
2213 366 2392 420 urbem
2412 383 2647 420 reversus
2666 375 2764 421 est.
2791 365 3006 421 Nullam
3029 365 3120 421 hic
3139 366 3442 422 orationem
3478 366 3588 421 So-

1998 469 2259 509 zomenus
2305 463 2574 510 memorat
2617 471 2648 510 a
2694 455 2983 511 Theodoro
3040 456 3423 526 compositam,
3478 456 3587 510 sed

1997 550 2207 595 tantum
2237 544 2418 597 innuit
2442 543 2686 599 rationes
2727 544 2941 613 aliquas
2981 545 3050 600 ab
3080 559 3147 598 eo
3183 545 3328 599 inter
3367 559 3587 600 consu—

1999 631 2244 698 lendum,
2268 632 2442 702 deque
2471 649 2571 687 suo
2606 633 2858 689 discessu
2908 649 3033 688 cum
3077 633 3394 689 monasterii
3438 649 3590 704 pra:-

2000 720 2147 775 fecto
2211 724 2502 777 statuendo
2561 723 2699 779 forte
2746 723 3030 780 adductas.
3059 724 3192 790 Quae
3239 740 3368 778 num
3409 725 3586 778 etiam

2000 812 2069 866 ab
2094 828 2160 868 eo
2192 815 2442 869 adductas
2489 814 2714 879 fuerint,
2759 825 2912 870 certo
2945 831 3004 870 se
3051 817 3196 870 scire
3238 817 3590 870 Sozomenus

2001 911 2190 974 aperte
2214 912 2399 976 negat,
2445 905 2538 960 sed
2568 904 2828 959 credibile
2859 904 2911 958 id
2938 919 3061 959 esse
3091 904 3188 969 ait,
3282 897 3372 956 οἷα
3408 903 3590 969 εἰκός,

2006 1004 2172 1066 atque
2224 997 2532 1066 probabile,
2574 1005 2628 1050 et
2673 995 3004 1050 verosimile.
3052 993 3133 1048 En
3168 994 3267 1047 tibi
3314 992 3589 1048 Savilium

2002 1087 2164 1156 plane
2194 1086 2482 1156 pueriliter
2522 1085 2834 1155 deceptum.
2883 1087 2943 1138 In
2993 1082 3300 1138 Sozomcno
3326 1097 3430 1138 nos
3471 1082 3593 1136 alio

2003 1194 2070 1233 ex
2105 1179 2284 1247 capite
2316 1177 2476 1233 ﬁdem
2508 1177 2930 1241 desideramus;
2960 1191 3086 1230 nam
3117 1174 3412 1230 Theodoro
3447 1176 3587 1245 plus

2001 1285 2159 1339 aequo
2191 1269 2464 1334 addictus,
2521 1271 2578 1324 in
2641 1270 2762 1339 ejus
2807 1270 2998 1340 lapsus
3031 1270 3350 1324 narratione
3395 1267 3590 1322 fucum

2002 1361 2224 1415 veritati
2259 1359 2459 1415 fecisse
2492 1360 2737 1415 videtur.
2799 1359 2857 1414 Id
2911 1360 3080 1430 igitur
3125 1357 3590 1413 animadverten-

2005 1453 2135 1507 dum
2182 1453 2273 1507 ltic
2315 1461 2422 1515 est,
2483 1467 2595 1506 non
2655 1451 2835 1506 solum
2883 1450 3185 1506 Justiniani
3243 1449 3595 1518 temporibus

2012 1543 2187 1599 fuisse
2239 1543 2514 1598 Theodori
2573 1543 2874 1605 studiosos,
2939 1543 3032 1613 qui
3079 1543 3200 1611 ejus
3261 1542 3472 1611 lapsum
3535 1551 3594 1593 et

329 1613 398 1697 ab
425 1658 528 1697 ovo
548 1643 878 1708 excitasset;
912 1657 1036 1695 nam
1077 1643 1153 1694 ait
1191 1657 1254 1696 ex
1289 1641 1552 1696 Vaticana
1575 1642 1906 1697 bibliotheca
1937 1613 1979 1667 Β
2011 1635 2250 1689 haereses
2286 1635 2630 1706 ὑποκορίσαι,
2668 1642 2721 1688 et
2751 1635 3022 1688 mitiorem
3061 1635 3116 1686 in
3152 1641 3364 1702 partem
3411 1631 3599 1685 inter-

329 1733 714 1802 depromptum
742 1729 1016 1784 Theodori
1063 1732 1471 1801 Ἆντίποαμμα,
1519 1732 1566 1784 si
1606 1732 1906 1802 legitimum

329 1831 435 1886 est,
465 1830 520 1877 et
553 1839 662 1876 non
689 1822 962 1891 spurium,
996 1821 1154 1890 plane
1177 1821 1456 1877 diversum
1491 1837 1616 1877 esse
1671 1823 1740 1877 ab
1772 1837 1898 1876 ora-

332 1915 481 1968 tione
509 1928 539 1966 a
571 1911 878 1966 Sozomeno
921 1919 1250 1976 memorata,
1282 1927 1444 1982 quam
1480 1912 1699 1966 videtur
1733 1911 1913 1967 Theo-

333 2004 504 2059 dorus
524 2019 554 2057 a
583 2004 977 2073 Chrysostomo
1011 2002 1241 2056 minime
1266 2009 1629 2072 provocatus,
1675 2002 1756 2056 vel
1786 2011 1913 2056 ante

335 2091 597 2155 reditum,
629 2092 711 2146 vel
736 2090 789 2144 in
818 2090 939 2160 ipso
971 2090 1148 2144 reditu
1180 2090 1248 2142 ab
1270 2104 1454 2144 eremo
1489 2091 1545 2143 in
1572 2090 1655 2144 sui
1680 2105 1914 2144 exettsa-

337 2183 538 2236 tionem
571 2181 894 2236 adornasse.
919 2180 1178 2245 Quaenam
1213 2180 1403 2235 istbaec
1435 2178 1709 2235 Theodori
1737 2181 1914 2234 oratio

336 2280 440 2337 est,
466 2287 628 2342 quam
661 2271 891 2341 quaesito
925 2281 1152 2326 auctore
1193 2271 1495 2326 Sozomeno
1519 2271 1621 2327 sibi
1639 2272 1792 2342 ﬁngit
1816 2271 1916 2325 Sa—

337 2364 500 2420 vilius
522 2364 546 2400 9
577 2364 789 2420 Acutus
831 2377 964 2418 sane
1012 2363 1203 2417 homo!
1235 2363 1305 2418 Ut
1329 2363 1542 2416 audivit
1569 2362 1914 2418 Theodorum

339 2455 670 2508 monacham
701 2454 1110 2508 excucullatum
1145 2453 1332 2508 nescio
1370 2453 1502 2522 quid
1536 2453 1590 2507 in
1628 2454 1714 2508 sui
1753 2468 1920 2508 excu-

341 2545 612 2600 sationem
663 2544 936 2606 attulisse,
991 2544 1175 2598 statim
1224 2544 1498 2614 egregiam
1547 2544 1782 2613 aliquam
1835 2544 1922 2597 lu-

341 2631 819 2687 cubratiunculam
865 2631 1235 2685 subodoratus
1279 2641 1384 2696 est,
1429 2633 1504 2685 ita
1562 2631 1724 2702 plane
1768 2631 1921 2686 ador-

345 2731 556 2787 natam,
583 2731 645 2776 ut
667 2722 897 2776 decebat
932 2722 1264 2776 monachum
1290 2721 1653 2786 desertorem,
1695 2722 1806 2777 Deo
1831 2725 1921 2778 cui

353 2829 415 2870 se
489 2812 786 2867 devoverat
849 2811 1280 2876 renuntiantem,
1335 2812 1578 2867 castitati
1640 2822 1694 2865 et
1741 2815 1923 2866 conti-

2013 1726 2219 1794 prctari
2274 1733 2637 1788 conarentur,
2701 1733 2760 1778 ut
2821 1723 3116 1779 Facundus
3174 1721 3597 1777 llermianeusis

2011 1817 2308 1886 episcopus
2349 1817 2404 1870 in
2453 1815 2740 1870 duodecim
2780 1815 2936 1868 libris
2981 1814 3058 1868 De
3088 1815 3260 1867 tribus
3317 1813 3594 1883 capitulis,

2012 1905 2254 1961 Basilius
2310 1906 2475 1969 Cilix,
2533 1905 2816 1969 Leontius,
2869 1913 2922 1959 et
2955 1905 3081 1970 alii;
3125 1905 3220 1959 sed
3260 1903 3382 1973 ejus
3425 1903 3596 1958 etiam

2012 1997 2252 2066 aequales
2281 2005 2334 2050 et
2367 1996 2712 2067 syncltronos
2743 1997 2847 2049 hoc
2875 1995 3018 2050 idem
3047 2009 3263 2049 summo
3291 1993 3475 2049 studio
3494 2009 3599 2048 cu-

2015 2106 2194 2146 rasse.
2223 2087 2360 2143 Nam
2407 2088 2786 2144 Theodoretus
2838 2087 2895 2141 in
2941 2087 3193 2156 epistolis
3231 2085 3310 2155 (a)
3337 2084 3595 2141 afﬁrmat.

2018 2181 2312 2251 scripsisse
2334 2196 2393 2236 se
2417 2180 2594 2250 βίϐλον
2612 2180 2751 2250 ὑπὲρ
2769 2177 3032 2247 Διοδώρου
3057 2177 3149 2230 καὶ
3164 2175 3462 2247 Θεοδώρου,
3486 2177 3544 2229 ὲν
3561 2169 3601 2250 ᾗ

2016 2272 2114 2343 τὴν
2142 2271 2262 2325 κατ’
2294 2271 2472 2324 αὐτῶν
2499 2271 2872 2340 γεγενημένην
2901 2269 3116 2340 γραφὴν
3145 2267 3373 2330 διέλυεν,
3398 2267 3457 2320 οὐ
3490 2265 3604 2320 δεί-

2023 2382 2122 2427 σας
2156 2363 2263 2416 τῶν
2295 2362 2618 2432 κατηγόρων
2639 2361 2737 2431 τὴν
2766 2359 3082 2412 δυναστείαν
3100 2375 3112 2388 ⁸
3137 2356 3353 2410 Librum
3369 2373 3462 2424 pro
3476 2355 3604 2410 Dio-

2020 2454 2150 2509 doro
2180 2464 2230 2508 et
2261 2452 2559 2517 Theodoro,
2590 2453 2643 2505 in
2674 2468 2776 2522 quo
2805 2451 2991 2505 illatas
3032 2450 3105 2504 eis
3135 2450 3499 2502 accusationes
3522 2463 3602 2501 reo

2024 2546 2255 2615 fellebat,
2283 2543 2413 2598 nihil
2447 2544 2638 2597 veritus
2667 2552 3040 2596 accusatorum
3078 2541 3390 2610 potentiam.
3432 2536 3596 2592 Hunc

2024 2636 2226 2690 librum
2256 2633 2438 2688 innuit
2467 2631 2816 2687 Justinianus
2843 2634 2899 2687 in
2927 2647 3042 2687 suae
3067 2629 3188 2686 fidei
3220 2629 3599 2700 professione:

2024 2724 2366 2797 Θεοδώρητος
2391 2727 2421 2778 ὁ
2450 2724 2677 2787 πολλοὺς
2705 2723 2846 2794 ὑπὲρ
2882 2721 3155 2794 Θεοδώρου
3197 2722 3388 2790 λόγους
3407 2737 3467 2774 τε
3509 2721 3605 2773 καὶ

2028 2816 2284 2878 ἐπαίνους
2335 2815 2614 2878 ἐκτείνας·
2661 2814 3016 2868 Theodoretus
3061 2815 3150 2884 qui
3191 2814 3385 2868 multos
3439 2811 3602 2866 libros

347 2902 548 2958 nentiae
575 2901 697 2956 vale
729 2899 955 2964 dicenti,
995 2900 1216 2969 nuptias
1249 2907 1304 2954 et
1329 2901 1604 2954 connubia
1630 2902 1925 2970 quaeritan-
1953 2935 1997 2994 ο
2036 2923 2131 2974 pro
2167 2905 2437 2960 Theodoro
2471 2905 2705 2974 scripsit,
2761 2905 3041 2974 laudesque
3070 2906 3183 2976 ejus
3211 2906 3419 2973 copiose
3453 2903 3595 2958 cele-

345 3002 481 3050 tem.
525 2992 584 3047 Si
641 2990 921 3046 Theodori
985 2992 1290 3046 orationem
1344 3006 1406 3046 ea
1461 2995 1640 3061 capita
1686 2993 1924 3060 comple-

349 3090 589 3138 ctentem
621 3081 823 3135 alicubi
852 3079 905 3134 in
954 3079 1296 3134 bibliothecis
1325 3079 1563 3136 Savilius
1612 3082 1924 3150 reperisset,

350 3176 524 3230 multo
553 3174 817 3229 libentius
852 3174 907 3227 in
955 3174 1185 3243 gratiam
1235 3175 1599 3228 sectariorum
1639 3173 1926 3238 edidisset,

350 3281 512 3336 quam
544 3265 688 3320 hanc
721 3265 1028 3334 epistolam.
1063 3280 1185 3335 quae
1218 3265 1579 3321 monasticam
1613 3267 1816 3321 asserit
1847 3267 1930 3320 di-

351 3355 669 3426 sciplinam,
701 3354 974 3409 castitatis
1000 3356 1434 3420 observantiam,
1459 3365 1583 3410 vota
1616 3355 1726 3412 Deo
1754 3371 1783 3410 a
1811 3372 1928 3411 mo-

352 3445 545 3501 nachis
587 3445 979 3514 nuncupanda,
1015 3453 1312 3516 sancteque
1339 3447 1618 3513 solvenda,
1677 3456 1932 3517 peccato-

353 3552 476 3592 rum
506 3535 991 3605 exhomologesim,
1023 3535 1362 3606 paenitentia;
1390 3538 1683 3608 lacrymas,
1735 3545 1792 3592 et
1815 3537 1932 3592 suf-

354 3628 656 3699 fragiorum
703 3627 1112 3691 efllcacitatem,
1173 3643 1337 3696 quam
1391 3628 1678 3698 epistolam
1713 3628 1788 3682 ita
1818 3637 1934 3683 sto-

357 3720 648 3775 machetur
672 3726 728 3773 et
759 3726 1012 3782 nauseat,
1045 3731 1104 3773 ut
1132 3719 1204 3774 ob
1229 3719 1282 3772 id
1309 3719 1585 3789 frigidam,
1615 3721 1853 3792 ineptam
1877 3731 1934 3774 et

355 3808 644 3863 ridiculam
677 3823 794 3862 eam
832 3809 1088 3878 appellet.
1122 3809 1478 3878 Sed,quaeso,
1502 3810 1783 3866 videamus
1811 3825 1934 3880 qua:

359 3898 527 3954 fuerit
559 3897 765 3952 Savilio
782 3911 954 3952 causa
987 3898 1298 3952 somniandi
1329 3899 1476 3952 illam
1513 3898 1783 3953 Theodori
1811 3914 1934 3953 ora-

360 3989 586 4042 tionem.
622 3985 810 4054 Neque
845 3985 990 4039 enim
1032 3983 1394 4047 Sozomenus,
1437 4002 1597 4055 quem
1632 3987 1786 4050 citat,
1831 3988 1935 4042 hoc

361 4079 483 4142 ait;
517 4083 647 4131 sunt
677 4076 878 4146 quippe
929 4074 1044 4128 haec
1089 4074 1208 4143 ejus
1263 4076 1428 4130 verba
1475 4077 1591 4143 (lib.
1650 4091 1769 4141 vm,
1835 4077 1930 4146 2):

376 4165 516 4220 Ἀλλ’
549 4160 703 4228 οὗτος
736 4165 832 4235 μὲν
861 4164 1022 4235 ἡνίκα
1054 4165 1155 4234 τὴν
1184 4164 1354 4236 ἀρχὴν
1382 4165 1598 4236 ἐνέτυχε
1625 4169 1738 4231 τοῖς
1772 4167 1936 4231 θείοις

2031 2994 2220 3048 bravit.
2261 2993 2318 3050 In
2355 2994 2560 3064 quibus
2581 3009 2747 3064 quam
2781 2995 3045 3065 praeclare
3071 2996 3136 3048 de
3162 2993 3453 3048 Theodoro
3473 3009 3604 3049 sen-

2030 3087 2185 3149 serit,
2211 3085 2392 3156 colligi
2426 3092 2624 3155 potest.
2650 3099 2774 3139 cum
2796 3101 2862 3140 ex
2890 3085 3011 3154 ejus
3040 3083 3311 3153 epistolis,
3337 3083 3430 3138 ubi
3452 3085 3608 3153 ἅγιον

2031 3186 2272 3230 sanctum
2300 3176 2454 3230 illum
2482 3177 2749 3240 nominat,
2792 3184 2908 3229 tum
2939 3177 3104 3231 etiam
3135 3191 3202 3230 ex
3264 3176 3459 3230 ultimo
3505 3173 3608 3228 Hi-

2034 3269 2214 3321 storia:
2243 3267 2364 3337 ejus
2387 3267 2756 3322 ecclesiastica:
2787 3267 2929 3322 libro
2957 3275 3010 3322 et
3042 3267 3238 3336 capite,
3281 3267 3372 3321 ttbi
3399 3267 3611 3337 magnis

2032 3359 2185 3412 illum
2233 3358 2487 3413 laudibus
2547 3358 2780 3412 extollit.
2830 3356 2957 3412 Haec
2995 3357 3185 3413 eadem
3229 3357 3487 3411 nimirum
3539 3358 3612 3414 de

2033 3448 2321 3504 Theodoro
2372 3450 2640 3505 sentiebat
2678 3449 3038 3514 Sozomenus,
3087 3464 3261 3518 quare
3308 3450 3610 3503 vehemen-

2033 3548 2118 3594 ter
2171 3539 2305 3595 [ides
2360 3539 2623 3595 historica
2660 3540 2899 3605 vacillat,
2936 3540 3028 3594 ubi
3083 3539 3351 3594 Theodori
3393 3539 3610 3609 lapsum

2035 3630 2108 3683 ita
2135 3629 2508 3698 prosequitur,
2549 3639 2606 3683 ut
2640 3631 2848 3684 nullum
2882 3630 3154 3699 intelligas
3186 3631 3393 3684 crimen
3439 3629 3492 3682 in
3519 3643 3608 3693 eo,

2033 3737 2196 3792 quem
2229 3722 2656 3792 Cbrysostomus
2680 3721 2890 3776 centies
2935 3720 3351 3774 ἐκπεπτωκέναι
3385 3721 3606 3789 repetit.

2039 3813 2358 3875 Ἐκπτωσις
2393 3821 2573 3867 autem
2599 3813 2988 3868 ecclesiasticis
3013 3812 3377 3882 scrtptoribus
3413 3819 3517 3873 est,
3550 3818 3612 3866 ut

2037 3902 2113 3954 ait
2147 3901 2422 3957 Caesarius
2472 3901 2633 3971 paulo
2677 3909 2804 3956 ante
2842 3901 3119 3966 laudatus,
3189 3901 3255 3954 Ἦ
3297 3898 3357 3966 ἐξ
3409 3899 3610 3972 ἀρετῆς

2036 3989 2128 4040 ἐπὶ
2179 3989 2241 4041 τὸ
2269 3991 2450 4060 χεῖρον
2489 3989 2866 4060 ὑπονόστησις,
2895 3991 2988 4043 καὶ
3021 3991 3054 4060 ἡ
3093 3991 3158 4043 ὲκ
3191 3989 3484 4058 παρθενίας
3516 3989 3609 4042 ἐπὶ

2037 4081 2290 4148 λαγνείαν
2315 4081 2496 4150 ὁρμή⁸
2537 4078 2669 4133 Cum
2711 4096 2745 4132 a
2775 4082 2964 4134 virtute
3007 4082 3076 4133 ad
3119 4081 3266 4142 vitia,
3303 4091 3352 4134 et
3392 4097 3425 4134 a
3461 4082 3614 4147 pudi-

2038 4172 2163 4224 citia
2227 4171 2295 4222 ad
2331 4171 2602 4223 luxuriam
2657 4171 2920 4224 receditur
2971 4189 3033 4224 ac
3077 4171 3364 4240 dif/luitur.
3429 4170 3613 4241 Neque

362 4261 574 4326 νόμοις,
631 4254 725 4306 καὶ
755 4255 920 4322 ἱεροῖς
951 4253 1206 4323 ἀνδράσιν
1228 4252 1523 4324 ὡμίλησεν,
1551 4255 1780 4326 ἐπῄνεσε
1809 4255 1926 4309 ταύ-

2053 4273 2181 4312 vero
2212 4257 2535 4312 Theodorus
2585 4266 2877 4328 antequam
2937 4261 3007 4314 ab
3044 4276 3227 4315 eremo
3279 4261 3611 4324 discederet,

362 4364 462 4418 την
485 4346 583 4417 τὴν
612 4343 833 4415 ἀγωγὴν
866 4343 961 4397 καὶ
993 4344 1240 4412 κατέγνω
1257 4343 1363 4397 τῶν
1391 4345 1643 4400 ἀπυκῶν
1662 4361 1676 4376 °
1705 4348 1763 4400 οὐ
1788 4347 1942 4419 διήρ-

364 4455 492 4492 κεσε
516 4437 573 4490 δὲ
598 4437 697 4508 τὴν
730 4434 900 4506 αὐτὴν
928 4433 1236 4506 προθυμίαν
1261 4435 1418 4504 ἔχων.
1453 4437 1864 4506 Μεταμεληθεὶς
1885 4437 1941 4490 δὲ

369 4528 506 4600 πρὸς
533 4527 625 4580 τὸν
649 4526 913 4598 πρότερον
943 4525 1056 4595 βίον
1089 4525 1315 4584 εἵλκετο.
1344 4521 1431 4580 οἷα
1455 4527 1512 4580 δὲ
1541 4528 1706 4591 εἰκὸς,
1738 4530 1944 4582 ἐναντί-

363 4637 446 4682 οις
473 4619 650 4687 λόγοις
677 4619 958 4688 κοσμήσας
985 4617 1045 4670 τὸ
1071 4615 1505 4688 σπουδαζόμενον
1522 4621 1586 4671 ὲκ
1614 4619 1862 4674 παλαιῶν
1890 4621 1944 4673 ὑ-

267 4711 270 4714 '
369 4709 775 4779 ποδειγμάτων,
803 4705 871 4778 ἦν
897 4707 1006 4779 γὰρ
1033 4707 1360 4777 πολυίστωρ,
1389 4709 1469 4770 εἰς
1497 4707 1593 4778 τὴν
1634 4709 1786 4762 πόλιν
1813 4711 1948 4764 ἐπα-

368 4800 567 4871 νῆλθεν
591 4817 605 4831 ο
633 4798 735 4852 Hic
771 4815 890 4853 vero
927 4799 1230 4852 Theodorus
1262 4798 1327 4851 ab
1355 4799 1508 4851 initio
1551 4799 1762 4869 quidem
1828 4817 1946 4854 cum

369 4895 426 4947 in
452 4906 635 4946 sacras
665 4890 800 4958 leges
843 4889 1137 4953 incidisset,
1197 4899 1246 4942 et
1279 4905 1398 4943 cum
1436 4890 1635 4944 sanctis
1669 4891 1796 4945 viris
1826 4908 1951 4945 con-

372 4990 699 5044 rersaretur,
727 4979 823 5032 hoc
856 4981 972 5032 vitae
1012 4996 1172 5048 genus
1208 4979 1555 5048 approbabat,
1601 4997 1664 5033 ac
1697 4983 1951 5037 steculare

371 5071 699 5134 damnabat;
723 5070 812 5124 sed
838 5069 892 5122 in
929 5069 1110 5123 eodem
1144 5071 1239 5123 hoc
1266 5071 1534 5139 proposito
1558 5088 1658 5125 non
1692 5073 1942 5140 perstitit.

373 5163 479 5218 Sed
529 5171 702 5215 tamen
727 5160 1038 5229 paenitentia
1067 5159 1279 5224 ductus,
1307 5161 1376 5212 ad
1404 5161 1635 5228 priorem
1666 5162 1787 5216 vita:
1821 5179 1947 5215 con-

371 5254 698 5309 suetudinem
735 5260 996 5306 retractus
1030 5251 1152 5321 fuit,
1178 5262 1226 5305 et
1251 5250 1388 5322 quod
1415 5262 1490 5305 est
1517 5261 1945 5317 consentaneum,

373 5347 656 5400 contrariis
683 5344 1007 5416 argumentis
1047 5345 1373 5413 propositum
1411 5359 1568 5397 suum
1613 5360 1829 5411 ornans,
1885 5359 1950 5398 ex

448 5535 621 5610 (a)_ln
657 5536 897 5610 editione
921 5538 1420 5610 Sirmondi,iepist.
1457 5539 1545 5603 l6,
1570 5540 1937 5610 quem'Theo-

374 5603 548 5662 doreti
567 5621 667 5677 pro
690 5607 978 5664 Theodoro
1013 5623 1076 5664 ac
1111 5603 1346 5664 Diodoro
1379 5603 1715 5666 librum'non
1746 5626 1936 5667 recen-

2045 4348 2119 4402 ita
2149 4354 2269 4400 erat
2304 4345 2453 4400 omni
2480 4355 2604 4400 voto
2629 4347 2863 4412 solutus,
2897 4355 2957 4400 ut
2983 4347 3184 4402 referre
3204 4350 3418 4418 pedem,
3438 4357 3615 4406 retro-

2043 4453 2150 4508 que
2179 4438 2456 4506 respicere
2489 4446 2695 4506 posset.
2739 4437 2794 4490 ln
2831 4445 3066 4491 mentem
3103 4439 3150 4492 ei
3189 4438 3612 4508 Cltrysostomus

2045 4537 2266 4584 revocat
2293 4528 2392 4590 τὰς
2424 4527 2560 4599 πρὸς
2612 4527 2844 4597 Χριστὸν
2892 4527 3185 4596 συνθήκας,
3253 4546 3372 4583 cum
3406 4529 3614 4586 Christo

2046 4621 2325 4692 spirituale
2349 4621 2670 4691 conjugium.
2726 4621 2846 4690 Ipse
2889 4635 3020 4674 vero
3055 4619 3378 4678 Theodorus
3427 4623 3483 4677 in
3513 4623 3613 4678 hac

2045 4713 2302 4784 epistola:
2323 4711 2585 4775 Εῠξασθε,
2602 4710 2772 4782 τίμιοι
2793 4711 3052 4780 Πατὲρες,
3075 4711 3376 4783 μνησθῆναί
3397 4729 3496 4784 μου
3517 4713 3613 4783 τῆς

2047 4805 2218 4874 καλῆς
2261 4802 2580 4872 ὁμολογίας,
2613 4802 2681 4870 ἢν
2717 4800 3041 4872 ὡμολόγησα
3073 4800 3297 4855 ἐνώπιον
3325 4805 3420 4856 τοῦ
3457 4803 3610 4868 Θεοῦ,

2047 4897 2142 4950 καὶ
2168 4894 2414 4963 ἀγγέλων
2441 4894 2535 4946 καὶ
2574 4893 2910 4964 ἀνθρώπων·
2968 4893 3151 4958 Orate,
3185 4897 3466 4948 venerandi
3509 4895 3615 4950 Pa-

2052 4995 2178 5048 tres,
2203 4983 2368 5037 utilla
2395 4983 2522 5035 milti
2542 4992 2661 5035 ante
2689 4983 2867 5036 oculos
2886 4993 3118 5036 versetur
3133 4983 3436 5053 promissio,
3463 5001 3616 5054 quam

2054 5090 2236 5130 coram
2274 5073 2378 5126 Deo
2406 5073 2483 5126 vel
2511 5071 2732 5141 angelis,
2753 5080 2802 5125 et
2832 5072 3129 5125 hominibus
3163 5072 3440 5140 spopondi.
3481 5073 3616 5140 Quid

2051 5182 2183 5237 ergo
2212 5165 2396 5220 subdit
2427 5163 2764 5220 Sozomenus
2791 5163 2860 5220 de
2890 5165 3120 5221 bonesto
3151 5167 3414 5236 licitoque
3434 5171 3621 5222 matri-

2053 5259 2260 5320 monio,
2285 5257 2429 5326 quod
2447 5256 2767 5314 Theodorus
2794 5259 3183 5313 meditaretur?
3202 5259 3440 5314 Curnam
3459 5263 3615 5316 etiam

2055 5351 2233 5422 γάμον
2261 5349 2392 5403 illud
2423 5349 2711 5403 nominat?
2740 5347 2875 5403 Nam
2906 5349 3330 5420 Chrysostomus
3362 5353 3431 5405 ad
3462 5352 3618 5408 Theo-

2043 5551 2126 5613 set
2159 5539 2706 5613 Garneriusdisscrt.
2736 5541 2792 5604 ἓ,
2834 5556 2955 5611 cap.
2997 5541 3030 5597 9
3067 5543 3211 5598 inter
3239 5556 3406 5613 opera
3445 5538 3617 5598 Theo-

2044 5611 2216 5667 doreti
2245 5612 2548 5682 deperdita.
