3804 6222
334 184 439 242 105

1122 179 1212 232 E‘X
1254 176 1502 233 LEONIS
1539 174 1815 233 ALLATII
1853 175 2172 232 DIATRIBA
2214 175 2299 230 DE
2339 174 2756 231 THEODORIS.

3479 167 3584 222 HM

331 301 492 356 cadio
527 297 772 364 tertium,
817 304 874 352 et
924 294 1168 350 Honorio
1215 294 1520 350 secundum
1560 293 1906 359 consulibus,
1941 297 1980 352 Α
2011 292 2276 362 propheta:
2298 304 2502 346 centum
2527 288 2981 360 etquinquaginta
3007 283 3105 354 (b).
3134 298 3355 354 quorum
3384 284 3584 354 singuli

333 392 543 448 scilicet
589 389 752 460 paulo
807 396 934 442 ante
981 400 1145 455 quam
1181 385 1422 441 Joannes
1471 386 1907 456 Chrysostomus

334 482 591 537 Ecclesiae
613 476 1223 546 Constantinopolitanae
1249 476 1783 532 administrationem
1808 489 1903 529 ca-

335 579 605 643 pesscret.

411 663 822 733 Subjungamus
863 660 970 714 hoc
1000 674 1219 730 quoque
1248 656 1523 711 :Roberto
1561 654 1810 709 Balforeo
1852 653 1906 708 in

335 753 781 808 adnotationibus
829 754 898 805 ad
940 751 1272 806 Theodorum
1321 747 1639 802 Raithenum
1690 746 1908 801 videtur

336 845 477 898 alius
525 857 649 898 esse
683 841 1005 896 Theodorus
1049 840 1489 909 Mopsuestenus,
1539 849 1703 906 quem
1746 835 1908 904 pleno

337 948 434 986 ore
471 930 814 1000 Nicephorus
845 930 939 984 lib.
972 945 1062 983 xiv
1090 927 1293 981 Eccles.
1327 926 1518 980 histor.
1573 940 1698 994 cap.
1727 924 1818 988 50,
1853 929 1908 977 et

338 1022 716 1078 Theodoretus
759 1022 855 1076 lib.
906 1036 939 1070 ν
967 1030 1211 1074 extremo
1259 1017 1502 1072 laudant.
1559 1014 1675 1071 tloc
1723 1023 1906 1068 tamen

337 1127 406 1166 ex
461 1113 527 1166 iis
559 1126 680 1181 quae
703 1110 941 1164 diximus
977 1105 1174 1161 falsum
1216 1120 1338 1160 esse
1369 1103 1816 1172 deprehenditur,
1855 1106 1909 1154 et

341 1202 685 1272 potissimum
703 1215 830 1254 cum
849 1199 916 1252 ad
936 1207 1177 1266 tempora
1202 1196 1406 1266 quintae
1428 1193 1696 1264 generalis
1714 1189 1907 1262 synodi

336 1293 522 1346 nullus
552 1291 693 1345 alius
733 1289 897 1343 fuerit
944 1287 1362 1357 Mopsuestenus
1392 1283 1734 1346 Theodorus,
1764 1295 1907 1350 prae-

339 1392 424 1437 ter
467 1385 636 1444 hunc,
673 1381 840 1449 idque
885 1377 1102 1432 abunde
1151 1376 1442 1444 probatum
1494 1375 1565 1430 sit
1605 1373 1658 1426 in
1701 1372 1909 1443 synodo

340 1472 760 1542 Mopsucstena;
812 1469 862 1522 id
903 1467 1047 1537 quod
1095 1466 1340 1535 episcopi
1376 1465 1631 1520 secundae
1670 1462 1906 1516 Cilicum

349 1563 664 1632 provinciae,
695 1568 751 1616 et
775 1561 959 1631 plures
991 1558 1084 1611 alii
1111 1573 1177 1612 ex
1206 1555 1478 1626 diptychis
1509 1554 1910 1622 Mopsuestenze

338 1654 617 1714 Ecclesiae,
642 1662 694 1705 et
723 1650 1235 1720 probatissimorum
1269 1648 1550 1700 hominum
1580 1645 1910 1699 testimoniis

340 1744 596 1811 probant,
637 1739 909 1794 Theodori
957 1738 1180 1801 veteris,
1231 1736 1379 1790 illius
1420 1735 1634 1789 scilicet
1689 1734 1758 1788 de
1801 1749 1910 1803 quo

339 1845 489 1885 nunc
519 1829 839 1891 scribimus,
867 1827 1071 1881 nullam
1107 1840 1230 1880 esse
1264 1825 1626 1885 mentionem;
1664 1831 1719 1877 et
1744 1825 1909 1878 alium

338 1920 716 1980 Theodorum.
747 1918 838 1986 qui
865 1917 920 1971 in
952 1917 1056 1970 line
1079 1913 1464 1984 diptychorum
1496 1914 1736 1984 scriptus
1767 1921 1907 1976 erat,

341 2026 409 2063 ex
454 2007 669 2064 Galatia
711 2007 1026 2070 oriundum,
1079 2012 1206 2058 ante
1251 2011 1363 2058 tres
1413 2019 1586 2059 annos
1635 2012 1910 2058 mortuum

341 2097 534 2150 fuisse.
569 2094 708 2164 Ergo
733 2093 800 2147 de
841 2093 942 2146 hoc
969 2090 1212 2146 secundo
1246 2104 1352 2142 non
1383 2097 1514 2144 sunt
1544 2089 1707 2143 verba
1735 2089 1912 2142 Theo-

339 2183 538 2238 doreti.
572 2183 674 2246 Qui
707 2181 851 2234 enim
899 2187 979 2233 tot
1015 2187 1141 2232 ante
1183 2192 1357 2231 annos
1403 2176 1715 2236 defunctus,
1750 2178 1911 2246 hujus

341 2271 444 2325 sub
467 2266 778 2324 Justiuiano
809 2267 1041 2322 viventis
1077 2266 1393 2321 meminisse
1428 2265 1644 2334 potuit?
1679 2264 1742 2318 Et
1785 2281 1909 2321 cum

341 2376 514 2431 usque
549 2361 616 2414 ad
668 2360 832 2429 hujus
877 2357 1204 2412 recentioris
1238 2372 1482 2425 tempora
1534 2357 1720 2411 nullus
1769 2357 1910 2412 alius

343 2453 527 2516 fuerit,
551 2459 698 2505 certa
726 2456 855 2504 sunt
881 2447 1212 2502 Theodoreti
1242 2448 1408 2502 verba
1431 2447 1498 2502 de
1527 2455 1709 2502 vetere
1741 2447 1913 2500 Theo-

341 2543 476 2596 doro
533 2541 934 2609 Mopsuesteno.
982 2535 1321 2606 Nicephorus
1361 2539 1527 2592 verba
1573 2536 1905 2592 Theodoreti

341 2640 396 2684 et
447 2631 769 2686 sententiam
812 2628 1095 2690 exscribit,
1140 2643 1314 2695 neque
1349 2628 1416 2682 de
1457 2629 1565 2682 alio
1605 2644 1908 2683 sermonem

344 2722 524 2784 habet,
557 2736 719 2790 quam
746 2719 814 2774 de
843 2735 953 2789 quo
983 2719 1362 2774 Theodoretus
1399 2722 1515 2788 ipso
1554 2722 1766 2775 locutus
1795 2721 1910 2776 lue-

342 2821 446 2865 rat.
482 2809 742 2864 Facessat
786 2810 954 2878 igitur
982 2809 1126 2864 alius
1158 2809 1246 2863 hic
1286 2809 1610 2865 Theodorus
1639 2814 1911 2866 recentior

2008 395 2256 440 constant
2305 384 2522 453 triginta
2566 380 2842 448 capitibus.
2897 377 3034 431 Item
3091 375 3469 444 expositionem
3525 376 3585 428 in

2009 477 2248 545 quinque
2285 475 2454 529 libros
2498 471 2726 542 Moysis,
2760 484 2919 538 quam
2950 467 3119 520 tribus
3175 465 3477 533 complexus
3505 472 3588 518 est

2009 568 2186 632 tomis,
2219 567 2411 619 mirum
2448 564 2503 616 in
2537 561 2752 615 modum
2794 559 3181 618 elucubratam,
3223 555 3290 608 ad
3327 567 3584 624 maguum

2006 658 2308 726 Alpbteum.
2339 655 2585 708 Psalmos
2631 666 2829 721 quoque
2874 645 3091 702 Davidis
3133 644 3371 714 exposuit
3417 645 3585 696 tribus

2010 745 2182 809 libris,
2229 745 2296 798 ad
2335 743 2635 798 Cerdonem
2667 750 2722 794 ct
2749 740 2971 794 fratrem
3014 736 3155 804 ejus.
3207 733 3265 788 In
3295 733 3584 787 duodecim

2011 836 2306 906 prophetas
2352 833 2560 887 duobus
2607 833 2760 884 tomis
2804 837 3185 884 commentatus
3227 835 3327 888 est,
3371 823 3438 878 ad
3465 839 3587 879 mar

2008 929 2223 1002 Tyrium
2277 925 2368 992 (c).
2435 924 2493 977 In
2547 922 2851 976 Samuelem
2911 925 3290 973 commentatus
3343 925 3418 967 est
3481 928 3586 963 uno

2009 1023 2170 1078 tumo,
2200 1015 2267 1067 ad
2298 1013 2715 1067 Maurarianum.
2749 1010 2806 1064 In
2833 1009 3026 1063 Jobum
3057 1023 3256 1076 quoque
3283 1003 3485 1056 duobus
3505 1012 3587 1055 to-

2007 1105 2130 1167 mis,
2149 1105 2212 1156 ad
2230 1102 2492 1173 Cyrillum
2515 1100 3029 1156 AlexandrinumJn
3053 1097 3416 1153 Ecclesiasten
3432 1097 3586 1148 unico

2007 1195 2142 1248 libro
2163 1203 2545 1248 commentatus
2561 1202 2660 1259 est,
2680 1193 2986 1260 deprecante
3007 1189 3320 1260 Porphyrio.
3335 1187 3585 1256 Exposuit

2006 1289 2163 1340 etiam
2225 1284 2452 1346 Isaiam,
2494 1282 2836 1346 Ezechielem,
2871 1280 3154 1335 Jeremiam
3199 1291 3245 1334 et
3295 1279 3584 1341 Danielem,

2007 1376 2243 1446 singulos
2273 1375 2495 1446 singulis
2522 1375 2675 1428 tomis
2706 1374 3070 1442 complectens,
3093 1371 3278 1442 quibus
3306 1371 3458 1439 finem
3487 1371 3587 1422 int-

2006 1469 2178 1535 posuit
2215 1468 2324 1520 suis
2363 1465 2847 1519 elucubrationibus
2871 1464 2924 1517 in
2956 1461 3124 1517 Vetus
3150 1460 3581 1515 Testamentum.

2014 1558 2325 1611 Mattharum
2371 1573 2474 1610 uno
2517 1559 2760 1624 exposuit
2808 1567 2971 1617 tomo,
3018 1555 3082 1606 ad
3125 1551 3347 1615 Iulium;
3385 1549 3587 1602 Lucam

2011 1667 2127 1703 vero
2163 1658 2213 1702 et
2241 1648 2501 1702 Joannem
2546 1647 2748 1700 duobus
2788 1647 2965 1709 tomis,
2998 1645 3062 1698 ad
3097 1643 3414 1708 Eusebium;
3445 1647 3586 1694 Acta

2012 1739 2366 1807 apostolorum
2396 1755 2499 1791 uno
2526 1739 2827 1804 complexus
2855 1747 2930 1790 est
2979 1746 3142 1796 tomo,
3189 1734 3254 1786 ad
3299 1731 3584 1797 Basilium;

2011 1829 2306 1898 Epistolam
2340 1829 2408 1882 ad
2439 1827 2706 1881 Romanos
2729 1827 2994 1896 exposuit,
3026 1826 3148 1878 item
3177 1823 3240 1876 ad
3265 1821 3583 1885 Eusebium;

2010 1921 2207 1975 Ambas
2249 1936 2369 1972 vero
2420 1918 2691 1987 Epistolas
2723 1919 2790 1971 ad
2835 1916 3134 1973 Corinthios
3181 1914 3385 1966 duobus
3426 1912 3584 1964 tomis

2008 2011 2247 2079 exposuit
2284 2025 2347 2062 ac
2393 2009 2730 2070 dilucidavit,
2788 2007 3095 2075 deprecante
3154 2003 3437 2057 Theodoro.
3475 1999 3587 2052 Eu-

2009 2102 2230 2156 stratius
2270 2102 2347 2170 (d)
2378 2100 2658 2168 postulavit
2690 2099 3060 2168 expositionem
3086 2104 3311 2166 quatuor
3334 2095 3586 2159 epistola-

2011 2205 2128 2242 rum
2149 2205 2279 2258 quas
2312 2197 2818 2241 commemoraturus
2857 2202 2994 2249 sum,
3029 2199 3207 2252 nempe
3239 2180 3489 2250 Epistolaz
3514 2181 3585 2232 ad

2012 2279 2256 2341 Galatas,
2300 2288 2347 2332 et
2397 2278 2464 2331 ad
2501 2277 2775 2346 Ephesios,
2805 2286 2853 2331 et
2885 2276 2953 2330 ad
3001 2275 3374 2342 Philippenscs,
3425 2281 3473 2325 et
3512 2270 3585 2321 ad

2011 2367 2372 2424 Colossenses.
2393 2369 2560 2422 Binas
2579 2378 2755 2420 autem
2775 2368 2845 2420 ad
2872 2367 3381 2428 Thessalonicenses,
3401 2362 3582 2432 depre-

2008 2467 2162 2512 cante
2190 2457 2390 2511 Iacobo
2430 2458 2690 2524 exposuit.
2755 2454 2884 2508 Item
2931 2455 3064 2507 duas
3115 2453 3182 2505 ad
3230 2452 3582 2511 Timetheum,

2010 2548 2337 2617 supplicante
2362 2546 2555 2610 Petro;
2586 2557 2635 2600 et
2656 2545 2962 2615 deprecante
2985 2543 3182 2613 Cyrino
3205 2550 3584 2596 commentatus

2009 2650 2086 2694 est
2111 2640 2165 2692 in
2194 2637 2464 2706 Epistolas
2497 2637 2564 2690 ad
2602 2636 2798 2698 Titum,
2826 2647 2874 2688 et
2920 2635 3296 2688 Philemonem.
3345 2632 3581 2685 Diremit-

2009 2746 2107 2800 que
2131 2730 2199 2782 ad
2225 2729 2463 2782 eumdem
2507 2727 2910 2780 commentarios
2957 2727 3010 2779 in
3040 2725 3333 2794 Epistulam
3371 2725 3436 2778 ad
3478 2722 3584 2776 lie-

2013 2821 2214 2886 braaos;
2244 2819 2473 2887 adeoque
2498 2819 2722 2888 quinque
2764 2818 2918 2871 tomis
2957 2817 3206 2885 imposuit
3237 2818 3393 2883 ﬁnem
3434 2831 3578 2867 com-

342 2918 374 2957 a
398 2902 644 2956 Balinrco
666 2908 721 2955 et
747 2900 871 2955 aliis
891 2899 1254 2970 excogitatus,
1281 2907 1336 2954 et
1371 2907 1653 2970 tantopere
1678 2915 1709 2955 a
1734 2900 1912 2956 Theo-
1942 2932 1984 2987 ο
2021 2911 2293 2965 mentariis
2321 2911 2374 2964 iu
2399 2909 2670 2974 Epistolas
2693 2909 2954 2977 Apostoli.
2982 2907 3302 2974 Conscripst't
3326 2915 3581 2975 prtcterca

342 2996 536 3049 doreto
562 2994 834 3048 laudatus.

412 3083 587 3152 Hujus
615 3091 872 3152 praeterea
892 3080 1162 3137 Theodori
1187 3082 1333 3149 (nam
1353 3083 1458 3138 erit
1478 3098 1657 3154 operae.
1680 3085 1910 3154 pretium

343 3175 449 3229 hoc
475 3175 755 3237 adnotare,
788 3174 902 3228 sive
933 3173 1004 3227 ob
1057 3172 1434 3229 Nestorianam
1485 3175 1754 3240 haeresim,
1798 3175 1914 3231 sive

342 3267 415 3320 ob
443 3265 604 3319 aliam
631 3263 878 3334 causam)
907 3264 1047 3332 apud
1073 3263 1240 3335 Syros
1271 3271 1418 3318 tanta
1459 3264 1560 3318 fuit
1594 3266 1910 3332 auctoritas,

343 3365 397 3412 et
425 3357 623 3419 cultus,
655 3363 714 3409 ut
755 3369 915 3424 quam
951 3356 1183 3424 plurima
1233 3355 1378 3410 illius
1410 3355 1463 3408 in
1500 3357 1774 3426 propriam
1809 3357 1912 3411 Iin-

344 3463 506 3518 gnam
541 3447 938 3501 transtulerint.
983 3445 1240 3512 Quaenam
1275 3460 1402 3499 vero
1437 3445 1529 3499 illa
1577 3446 1796 3511 iuerint,
1843 3445 1914 3499 Ε-

343 3538 565 3592 bediesu
602 3537 889 3605 episcopus
937 3534 1095 3589 Sobae
1139 3544 1194 3589 ct
1239 3535 1507 3589 Armeniae
1556 3536 1610 3588 in
1659 3535 1912 3606 Catalogo

345 3630 598 3682 librorum
625 3628 1125 3688 ecclesiasticarum,
1150 3641 1311 3696 quem
1357 3627 1448 3682 ille
1478 3626 1699 3696 scripsit
1731 3627 1914 3697 lingua

345 3717 587 3788 Syriaca,
618 3717 671 3770 in
705 3717 844 3769 hunc
874 3715 1093 3769 modum
1128 3715 1418 3784 expressit.
1451 3714 1627 3769 Verba
1657 3715 1803 3771 illius
1831 3717 1908 3771 ita

343 3807 577 3862 reddidit
605 3808 910 3876 linguarum
950 3806 1292 3859 orientalium
1327 3806 1690 3875 peritissimus
1733 3807 1906 3860 Abra~

345 3900 537 3952 hamus
599 3896 968 3951 Ecchellensis
1018 3895 1134 3966 (a):
1170 3895 1471 3948 Theodorus
1528 3907 1907 3950 commentator

342 3987 631 4054 composuit
676 3986 1032 4055 quadraginta
1085 3993 1135 4038 et
1184 4001 1346 4038 unum
1398 3995 1615 4049 tomum,
1658 3989 1746 4057 qui
1786 3997 1907 4041 sunt

414 4090 492 4156 (a)
515 4087 1388 4159 Recuditposteaemendatiorem
1412 4088 1555 4159 hunc
1576 4089 1900 4159 catalogum,

342 4155 870 4226 netisqueipluriinis
913 4156 1200 4226 illustravit
1243 4155 1524 4226 Jos.Sim.
1573 4155 1906 4214 Assemanus

2012 3003 2204 3056 librum
2260 3000 2335 3056 De
2393 3000 2770 3063 sacramentis,
2822 3008 2871 3051 et
2904 2998 2976 3052 De
3030 2999 3130 3051 lide
3179 2997 3368 3058 alium,
3418 3011 3579 3049 unum

2011 3103 2209 3147 tomum
2242 3091 2316 3146 De
2361 3089 2689 3152 sacerdotio,
2737 3100 2787 3142 et
2832 3089 2963 3141 duos
3013 3086 3086 3141 De
3125 3086 3328 3156 Spiritu
3365 3097 3577 3148 sancto,

2009 3200 2175 3238 unum
2228 3182 2298 3236 De
2357 3181 2752 3242 incarnatione,
2804 3179 2936 3232 duos
2989 3187 3175 3231 contra
3233 3176 3577 3230 Eunomium.

2013 3275 2147 3330 Item
2181 3276 2311 3328 duos
2341 3281 2530 3328 contra
2555 3279 2858 3329 asserentes
2893 3273 2945 3336 in
2972 3269 3088 3338 ipsa
3121 3279 3312 3322 natura
3340 3267 3578 3337 positum

2008 3382 2132 3422 esse
2175 3372 2496 3435 peccatum:
2532 3364 2663 3417 duos
2706 3361 2852 3433 (tres)
2889 3370 3086 3415 contra.
3121 3360 3375 3430 magiam,
3414 3375 3577 3411 unum

2011 3455 2077 3509 ad
2117 3453 2438 3515 monachos,
2469 3469 2634 3507 unum
2666 3451 2734 3506 de
2772 3449 3011 3504 obscura
3059 3447 3351 3508 locutione,
3411 3462 3575 3499 unum

2013 3543 2086 3598 De
2113 3542 2446 3613 perfectione
2466 3555 2691 3610 operum
2716 3539 2805 3609 (e),
2836 3541 3061 3609 quinque
3078 3537 3338 3590 adversus
3361 3549 3455 3588 eos
3481 3532 3575 3599 qui

2015 3636 2332 3707 Scripturas
2355 3635 2582 3705 ﬁgurate
2611 3634 3056 3702 interpretantur,
3096 3647 3255 3684 unum
3290 3644 3390 3698 pro
3421 3627 3577 3681 Basi-

2013 3726 2110 3790 lio,
2136 3733 2184 3778 et
2212 3740 2374 3776 unum
2403 3722 2477 3777 De
2496 3729 2806 3777 assumente
2827 3727 3186 3789 etassumpto.
3217 3717 3351 3772 Item
3383 3715 3578 3770 librum

2011 3832 2173 3868 unum
2195 3795 2342 3883 quem
2363 3814 2631 3880 inscripsit
2659 3812 3093 3882 Margaritarum,
3119 3819 3165 3862 et
3184 3810 3332 3862 illum
3353 3808 3441 3876 qui
3461 3806 3576 3874 ejus

2011 3902 2372 3970 complectitur
2419 3900 2690 3968 epistolas.
2725 3899 2946 3953 Demum
2988 3908 3268 3950 tractatum
3301 3896 3374 3949 De
3410 3898 3576 3964 legis-

2013 3990 2234 4051 latione,
2269 4003 2368 4056 quo
2402 3988 2556 4056 ﬁnem
2594 3987 2703 4040 suis
2734 3987 2977 4054 imposuit
2999 3984 3447 4038 lucubrationibus
3477 3981 3575 4052 (f).

2014 4089 2206 4144 Menda
2240 4087 2609 4158 Ecchellensis
2644 4103 2752 4142 non
2794 4091 3013 4158 agnovit
3047 4087 3301 4158 Allatius,
3335 4086 3575 4158 lingua-

2011 4175 2132 4212 rum
2164 4157 2536 4220 orientalium,
2567 4169 2624 4211 ut
2649 4156 2880 4219 videtur,
2912 4157 3222 4226 imperitus;
3244 4156 3417 4226 cujus
3445 4156 3576 4207 hor-

345 4227 412 4307 in_
435 4224 540 4307 sua
574 4224 898 4307 Bibliotheca
940 4225 1206 4307 orientali,
1243 4233 1282 4278 t.
1319 4224 1408 4292 lIl,
1453 4241 1483 4278 a
1525 4241 1635 4295 quo
1675 4228 1902 4282 meliora
1936 4249 1980 4304 υ
2009 4236 2132 4307 tatu
2155 4228 2485 4307 caeteroquin
2514 4242 2573 4280 se
2603 4227 2746 4307 hunc
2773 4224 3078 4307 catalogum
3113 4225 3349 4280 edidisse
3387 4234 3578 4278 narrat

344 4297 546 4363 aliquot
579 4295 840 4349 sumenda
865 4294 1124 4363 judicavi.

417 4366 492 4436 (b)
531 4363 586 4418 ld
613 4372 699 4418 est
729 4364 848 4434 (ceu
875 4363 1110 4436 explicat
1138 4363 1490 4436 Assemanus)
1517 4378 1747 4436 quorum
1785 4380 1904 4421 mo-

343 4433 437 4490 les'
460 4433 609 4487 tanta
637 4441 746 4496 est,
777 4441 835 4485 ut
862 4433 1069 4486 centies
1101 4439 1162 4486 et
1193 4435 1551 4503 quinquagies
1581 4435 1750 4489 libros
1780 4449 1904 4504 pro-

344 4504 889 4573 phetarumomnium
914 4510 1154 4573 s_upe_ret.

414 4571 484 4644 (c)
524 4570 894 4644 Ecchellensis
927 4569 1129 4644 Turini,
1160 4570 1494 4644 Asse_ma_nus
1518 4586 1634 4644 mar
1661 4570 1897 4644 Tyrium.

343 4639 757 4710 Eg'u'suspicor;
791 4640 1098 4710 legendum,
1137 4654 1236 4709 pro
1279 4640 1506 4710 Syriaco
1553 4639 1735 4710 titulo:
1762 4658 1897 4704 mar,

407 4707 684 4778 artyrium.
717 4707 930 4763 Etenim
968 4707 1283 4778 Martyrius,
1322 4707 1415 4777 qui
1451 4709 1552 4762 fuit
1577 4709 1774 4779 deinde
1807 4725 1902 4779 pa-

345 4781 587 4833 triarcha
651 4779 1043 4849 Antiochenus,
1091 4794 1316 4849 pcatevus
1377 4779 1480 4832 luit
1542 4778 1898 4849 laudatorque

344 4847 741 4917 Chrysostomj,
775 4847 1004 4916 ideoque
1028 4848 1192 4901 etiam
1237 4847 1623 4917 Mopsuesteno
1657 4847 1893 4902 contem-

381 4915 634 4969 araneus.
673 4915 925 4970 Consule
954 4925 1197 4970 nostram
1246 4915 1450 4969 Novam
1495 4919 1730 4970 biblioth.
1779 4917 1894 4972 PP.

381 4933 634 4969 araneus.
673 4933 912 4970 consule
954 4933 1197 4970 nostram
1246 4933 1450 4969 novant
1495 4933 1730 4970 oiotiom.
1779 4933 1894 4972 μμ.

344 4933 434 5064 fl],
457 4985 550 5039 ubi
564 4993 664 5064 est
673 4999 802 5064 pars
822 4987 1132 5064 panegyrici
1155 4988 1208 5039 in
1230 4986 1680 5064 Chrysosto-mmn
1701 4988 1770 5040 ab
1795 4987 1898 5064 huc

341 5053 607 5123 Μανίῳ-ἕο
635 5053 785 5124 dicti.
824 5053 985 5108 Sane
1002 5053 1158 5107 Turis
1191 5053 1491 5124 monachus
1526 5057 1725 5124 legitur
1753 5056 1898 5124 apud

342 5125 660 5195 praedictum
709 5123 1197 5195 Ecchellensemp.
1227 5123 1459 5195 73_,_sed
1501 5123 1705 5178 omittit
1751 5123 1897 5178 hunc

340 5192 696 5251 Assemanus.
737 5194 824 5260 qui
855 5207 979 5246 eum
1004 5193 1245 5246 scribere
1267 5192 1542 5246 debuisset
1565 5195 1708 5246 inter
1733 5208 1891 5260 capp.

339 5263 410 5330 87
433 5271 488 5315 et
515 5260 604 5314 88.
635 5259 831 5314 Omisit
862 5269 1064 5325 autem,
1097 5261 1222 5328 quia
1254 5276 1492 5330 errorem
1524 5277 1645 5316 esse
1677 5259 1896 5330 agnovit

341 5329 732 5389 Ecchcllensis.
768 5331 836 5384 de
877 5330 1034 5398 cujus
1076 5332 1200 5384 aliis
1234 5329 1447 5385 mendis
1490 5329 1746 5385 admouet
1793 5347 1895 5386 nos

341 5408 485 5453 tumo
517 5399 774 5468 pracdicto
804 5415 856 5468 p.
895 5400 917 5451 l
957 5407 1011 5452 et
1041 5400 1094 5454 4.

411 5469 489 5537 (d)
531 5467 779 5539 I'Istratea
805 5467 1069 5539 ’Allatius
1097 5484 1161 5523 ex
1199 5467 1536 5523 Ecchellensi
1581 5485 1631 5537 p.
1667 5469 1758 5534 29,
1798 5471 1891 5539 qui

339 5536 504 5590 etiam
539 5537 594 5589 in
627 5537 814 5606 indice
827 5537 882 5590 id
917 5538 1168 5591 mendum
1196 5539 1542 5606 repetiverat,
1568 5536 1676 5606 quo
1703 5536 1892 5593 errore

339 5622 406 5660 ex
435 5614 724 5661 tuaacenate
768 5605 1064 5674 Eustratio,
1095 5606 1223 5662 fecit
1264 5605 1562 5662 Estrateam
1588 5605 1886 5663 auctorem.

2009 4295 2383 4352 Ecchellcusis
2413 4296 2467 4349 in
2502 4295 2655 4364 prmi.
2695 4312 2748 4365 p.
2777 4296 2868 4351 27.

2078 4366 2144 4434 (e)
2185 4365 2554 4434 Ecchellensis
2593 4365 2668 4420 De
2705 4365 3021 4433 perfectione
3064 4365 3354 4434 regiminis.

2077 4433 2152 4503 (f)
2193 4435 2266 4489 De
2304 4433 2669 4502 Mopsuesteni
2717 4435 2937 4503 scriptis
2980 4433 3172 4489 sedulo
3207 4449 3308 4488 nos
3353 4448 3573 4503 quoque

2002 4501 2241 4558 diximus
2283 4503 2338 4556 in
2388 4501 2538 4571 praei.
2585 4505 2715 4558 lomi
2765 4505 2783 4556 ι
2828 4501 3026 4572 prioris
3070 4504 3324 4558 editionis
3373 4501 3568 4569 Script.

2002 4585 2126 4635 vet.,
2162 4589 2227 4627 ex
2262 4587 2373 4640 quo
2401 4574 2520 4625 loco
2551 4588 2658 4627 non
2693 4583 2991 4626 memorata
3025 4574 3284 4626 nonnulla
3308 4575 3570 4640 cognosci

2003 4649 2234 4710 possunt
2260 4642 2330 4696 ab
2355 4642 2572 4708 Allatio,
2604 4649 2658 4696 et
2686 4644 2955 4710 praecipue
2977 4658 3040 4696 ex
3065 4643 3224 4696 Fahr.
3261 4657 3384 4695 cum
3416 4641 3566 4696 Harl.

2000 4711 2065 4766 Β.
2092 4711 2154 4765 G.
2177 4719 2214 4764 t.
2239 4710 2304 4781 Χ,
2324 4727 2376 4779 p.
2396 4711 2499 4764 546
2525 4726 2670 4780 sqq.,
2702 4711 2754 4764 id
2778 4719 2861 4764 est
2895 4712 3132 4780 ltturgia,
3155 4712 3398 4781 hymnus,
3422 4727 3569 4777 quic-

2001 4783 2192 4834 stiones
2227 4780 2449 4841 biblicw,
2486 4781 2888 4833 commentarius
2920 4781 2973 4832 in
3006 4780 3270 4837 Marcum.
3300 4781 3364 4832 de
3400 4781 3567 4832 mira-

2001 4851 2133 4903 culis
2183 4848 2403 4903 Cltristi.
2461 4850 2591 4903 Item
2654 4864 2754 4902 nos
2808 4848 3003 4918 Script.
3058 4861 3154 4903 ret.
3217 4849 3327 4908 VII,
3365 4866 3417 4918 p.
3475 4849 3563 4910 75,

2000 4918 2359 4990 fragmentum
2414 4917 2739 4990 protulimus
2788 4917 3062 4990 Θερδώρου
3111 4920 3238 4990 περὶ
3269 4917 3568 4990 Νέε-στορια-

1999 4985 2129 5050 νῶὗ,
2169 4988 2260 5056 qui
2295 4995 2476 5056 tamen
2507 4986 2809 5040 Baithenus
2834 4985 3110 5056 fortasse,
3147 4985 3254 5041 non
3311 4985 3565 5056 Mopsue-

1999 5054 2208 5118 stenus',
2242 5055 2626 5124 intelligendus
2673 5065 2778 5110 est.
2832 5054 2968 5109 Tum
3023 5071 3151 5111 vero
3203 5059 3254 5109 in
3310 5054 3457 5109 tonio
3499 5055 3564 5110 γι

1999 5127 2194 5192 Script.
2227 5135 2324 5179 vet.
2367 5133 2490 5193 post
2515 5127 2939 5179 commentarios
2966 5127 3018 5178 in
3055 5142 3129 5178 xu
3165 5129 3388 5178 minores
3438 5141 3563 5193 pro-

1995 5195 2200 5261 phetas,
2229 5196 2334 5246 alia
2364 5195 2732 5262 Mopsuesteni
2759 5195 2978 5263 copiosa
3004 5195 3304 5263 fragmenta
3332 5197 3564 5247 attexui-

1999 5279 2141 5325 mus,
2182 5278 2303 5330 qua:
2343 5275 2530 5330 postea
2572 5263 2726 5330 plena
2777 5279 2937 5317 manu
2981 5265 3313 5317 cumulaturi
3345 5280 3559 5319 sumus.

1999 5279 2141 5325 mus,
2182 5278 2303 5330 qua:
2343 5277 2530 5384 posma
2572 5277 2726 5330 plena
2777 5279 2937 5317 manu
2981 5277 3313 5317 cumulaturi
3345 5280 3559 5319 sumus.

1995 5331 2148 5410 Item.
2182 5339 2311 5410 tum.
2339 5333 2478 5410 Ain
2515 5335 2604 5384 cit.
2645 5332 2813 5410 praef.
2871 5334 3111 5410 diuinitus
3140 5347 3313 5410 quam
3357 5331 3560 5410 frustra

1995 5401 2150 5454 multi
2179 5400 2608 5472 dixerint_(nunc
2639 5409 2817 5472 tamen
2857 5403 3114 5456 Allatium
3140 5402 3375 5472 excipio)
3411 5401 3554 5472 Mop-

1996 5479 2308 5538 suestenum
2342 5470 2632 5538 scripsisse
2661 5470 2852 5525 decem
2889 5472 3058 5525 millia
3096 5469 3377 5524 libroruin.
3423 5469 3558 5536 Quis

1997 5539 2140 5617 enim
2169 5537 2282 5605 jam
2316 5540 2511 5601 nescit,
2543 5541 2838 5617 mgriadem
2877 5541 2986 5594 dici
3017 5557 3047 5593 a
3078 5539 3278 5617 Greecis
3315 5555 3414 5610 pro
3444 5543 3556 5611 plu-

1995 5611 2135 5661 rimo
2160 5620 2409 5673 numero,
2450 5617 2508 5661 ut
2541 5623 2570 5662 a
2606 5611 2818 5664 Latinis
2848 5620 3088 5664 sexcenta
3112 5613 3137 5663 ?
