3804 6222
80 226 3283 281 m

296 266 1728 281 __—__________————.n__.__________.___

649 564 1458 693 THEODORI
1570 560 2670 689 MOPSUESTENI

1344 844 1980 910 COMMENTARIUS

383 1076 1322 1225 INDUODECIM
1407 1036 2256 1199 PROPHETAS
2340 1066 2974 1185 MINORES

1006 1499 1284 1589 ANG.
1383 1498 1647 1586 MAII
1714 1493 2354 1588 PRJEFATIO

484 1740 713 1806 (Pi-ann
737 1738 938 1788 editioni
964 1738 1148 1788 Graecae
1176 1738 1290 1786 anni
1320 1734 1442 1784 1852
1467 1732 1515 1783 in
1542 1731 1851 1797 Scriptorum
1876 1740 2091 1785 veterum
2117 1748 2239 1785 nova
2262 1731 2575 1796 Collectione,
2606 1741 2723 1785 tom.
2746 1735 2855 1798 Vl.)

1661 1950 1731 1963 ‘-

132 2107 169 2159 Ι.
208 2102 477 2159 Theodori
510 2100 860 2171 Mopsuestia:
910 2114 1150 2168 episcopi
1182 2098 1603 2151 Commentarios
1644 2096 1714 2150 ad
1743 2096 2114 2165 prophetarum
2152 2093 2294 2158 XII,
2325 2109 2464 2163 quos
2496 2093 2736 2147 minores
2759 2094 3018 2159 dicimus,
3060 2091 3305 2147 vaticinia
3396 2134 3397 2137 η

64 2210 181 2252 ante
204 2193 547 2264 septennium
571 2192 732 2244 edere
761 2186 903 2257 ccepi
926 2228 940 2249 ,
969 2188 1251 2257 impressis
1275 2187 1527 2241 videlicet
1547 2187 1726 2241 tribus
1750 2186 2118 2246 brevioribus,
2148 2200 2272 2237 cum
2308 2185 2546 2255 prologis
2580 2185 2810 2254 aliquot.
2840 2185 2995 2241 Nunc
3035 2186 3304 2258 integrum

65 2292 194 2345 tanti
227 2286 545 2358 interpretis
576 2300 714 2354 opus
739 2283 1009 2347 editurus,
1053 2284 1176 2338 illas
1205 2298 1427 2354 quoque
1461 2283 1695 2337 leviores
1726 2291 1912 2351 partes
1942 2281 2295 2336 associandas
2326 2281 2532 2349 putavi,
2584 2297 2651 2337 ne
2694 2279 3011 2339 Theodorus
3058 2284 3309 2340 videlicet

70 2400 165 2440 sua
196 2381 442 2436 membra
476 2376 770 2440 desideret,
805 2390 927 2444 quae
962 2375 1017 2429 in
1060 2377 1194 2430 tomi
1244 2375 1675 2446 angulojamdiu
1710 2373 1963 2429 distracti
2001 2373 2288 2434 collocata,
2319 2380 2373 2427 et
2402 2387 2525 2427 cum
2556 2372 2696 2428 idem
2747 2383 2927 2431 tomus
2952 2375 3308 2431 recuderetur

64 2478 283 2537 omissa,
332 2470 584 2539 nuspiam
628 2466 997 2536 quaerentibus
1040 2467 1198 2520 hodie
1239 2474 1523 2537 apparent.
1573 2464 1688 2519 Hoc
1736 2473 1995 2533 suscepto
2030 2464 2286 2529 consilio,
2335 2464 2421 2517 illa
2462 2463 2670 2533 pariter
2709 2467 2959 2534 prommii
3004 2466 3107 2520 mei
3157 2480 3312 2536 repe-

64 2568 219 2621 tenda
257 2580 390 2634 pars
425 2562 546 2623 fuit,
581 2574 701 2629 qua:
725 2558 793 2613 de
827 2562 930 2616 hoc
959 2560 1232 2616 Theodori
1264 2577 1427 2632 Opere
1462 2561 1726 2630 loquitur,
1773 2561 2142 2631 prmtcrriiissa
2193 2569 2371 2613 tamen
2409 2560 2475 2614 de
2515 2562 2741 2630 reliquis
2771 2562 3014 2630 ejusdem
3052 2565 3312 2632 operibus

59 2665 450 2736 disputatione.
478 2659 798 2713 Theodorus
833 2659 1000 2729 igitur
1021 2658 1189 2713 nobili
1215 2674 1413 2727 genere
1440 2660 1745 2714 Antiochiae
1783 2668 1945 2714 natus
1971 2668 2076 2723 est,
2102 2658 2318 2713 Libanii
2345 2659 2399 2712 in
2431 2658 2771 2727 eloquentia,
2810 2657 3055 2714 Flaviani
3096 2677 3161 2716 ac
3187 2662 3314 2717 Dio-

62 2761 173 2812 dori
213 2766 269 2814 et
314 2755 549 2812 Carterii
577 2754 630 2806 in
671 2749 942 2819 theologia
971 2748 1295 2818 discipulus,
1339 2749 1734 2818 philosophicis
1779 2763 1999 2819 quoque
2026 2748 2296 2803 doctrinis
2331 2749 2547 2803 abunde
2581 2752 2901 2817 instructus,
2930 2762 2984 2806 et
3018 2754 3089 2809 ob
3128 2756 3317 2809 multi-

62 2850 254 2918 plicem
316 2848 605 2904 scientiam
660 2842 963 2913 polyhistor
1030 2842 1246 2901 dictus,
1302 2840 1867 2913 Joan.Chrysostomi
1917 2840 2329 2909 condiscipulus
2382 2855 2447 2894 ac
2498 2838 2823 2906 familiaris;
2880 2857 2988 2911 quo
3038 2842 3318 2900 hortatore

60 2946 391 3001 Theodorus
421 2939 622 3010 prioris
651 2952 681 2990 a
716 2952 775 2991 se
797 2931 1032 2985 luxuria:
1062 2929 1433 2984 blandimenta
1464 2931 1707 2999 depulit;
1748 2930 2077 2985 Theodoreti
2113 2930 2345 3000 (utinam
2381 2945 2488 2984 non
2516 2938 2571 2984 et
2601 2930 2833 2987 Nestorii
2870 2947 2934 2987 ac
2975 2932 3250 2989 Barsuma:
3277 2938 3314 3001 Σ)

63 3043 361 3114 magister;
387 3041 689 3098 haereseon,
718 3029 986 3099 Origenis,
1014 3027 1148 3091 Arii,
1173 3027 1529 3099 Apollinaris,
1555 3027 1831 3092 Eunomii,
1858 3026 2090 3081 Persica:
2123 3026 2286 3080 etiam
2321 3027 2509 3097 magiae
2535 3035 2587 3080 et
2618 3025 2819 3081 Juliani
2842 3026 3115 3097 Apostata:
3143 3044 3319 3099 oppu—

62 3144 289 3204 gnator;
320 3131 392 3185 ab
424 3127 795 3184 Orientalibus
826 3125 1108 3196 sapientiae
1140 3140 1311 3190 mare,
1341 3136 1395 3179 et
1423 3123 1831 3195 Scripturarum
1856 3124 2129 3193 interpres
2163 3122 2282 3176 κατ’
2305 3123 2502 3192 ἐξοχὴν
2530 3122 2729 3187 dictus,
2763 3125 3030 3180 universa:
3063 3124 3325 3182 Ecclesia:

64 3226 251 3279 doctor
286 3219 564 3277 interdum
594 3217 916 3290 appellatus,
949 3228 1006 3273 et
1026 3216 1202 3287 Magni
1229 3215 1466 3284 denique
1499 3224 1862 3285 cognomento
1904 3213 2140 3269 donatus
2169 3214 2268 3285 (a).
2293 3214 2470 3283 Atque
2501 3229 2603 3284 ego
2630 3215 2813 3268 statim
2847 3213 3113 3271 confiteor
3145 3214 3324 3271 Theo-

58 3316 175 3369 dori
215 3314 433 3381 scripta
466 3310 632 3365 variis
663 3307 942 3362 erroribus
983 3307 1155 3361 fuisse
1193 3323 1527 3377 conspersa;
1560 3309 1814 3377 justeque
1853 3323 1977 3362 eum
2018 3308 2074 3362 in
2122 3308 2415 3371 haereseos,
2459 3307 2505 3361 si
2548 3321 2656 3361 non
2698 3306 3033 3377 pertinacem
3083 3308 3322 3378 culpam,

58 3423 209 3471 certe
242 3413 552 3470 errantiam
584 3420 836 3464 vocatum
864 3448 878 3472 ,
926 3417 1036 3459 tum
1066 3408 1195 3475 quia
1237 3407 1291 3461 id
1340 3409 1457 3477 ipse
1489 3415 1682 3461 auctor
1716 3407 1990 3461 interdum
2025 3405 2317 3461 confessus
2359 3402 2557 3475 est(b);
2599 3410 2716 3458 tum
2743 3402 2872 3473 quia
2901 3404 3152 3474 graviora
3200 3416 3327 3461 sunt

58 3524 224 3577 quam
266 3516 325 3560 ut
356 3504 562 3560 elevari
597 3503 809 3573 possint
848 3503 1158 3558 testimonia
1186 3502 1237 3556 in
1270 3518 1395 3557 eum
1422 3503 1565 3556 dicta
1608 3520 1635 3555 τι
1671 3502 1729 3557 S.
1758 3504 1962 3573 Cyrillo
1996 3502 2050 3556 in
2087 3501 2328 3569 Epistota
2363 3499 2431 3555 ad
2474 3497 2742 3562 Proclum,
2792 3514 2820 3552 a
2861 3499 3089 3556 Leontio
3128 3500 3327 3558 Contra

42 3597 219 3653 'Nest.
258 3598 365 3651 lib.
394 3612 474 3659 ιιι,
505 3610 535 3647 a
566 3594 797 3647 Maximo
826 3593 879 3646 in
907 3593 1188 3662 opusculis
1214 3608 1267 3661 p.
1306 3591 1397 3656 9i,
1436 3609 1466 3646 a
1492 3591 1806 3647 Justiniano
1832 3596 1884 3646 in
1922 3609 2078 3648 sacra
2113 3594 2342 3664 epistola
2387 3601 2441 3647 et
2474 3593 2527 3645 in
2574 3591 2663 3645 illa
2691 3590 2983 3661 prolixiora
3023 3607 3183 3661 quam
3217 3596 3329 3662 pri-

61 3707 183 3746 mus
213 3688 527 3743 Bandinius
558 3687 758 3754 edidit;
799 3704 830 3741 a
860 3686 1148 3743 Theodoro
1179 3687 1542 3744 Raithunensi
1581 3691 1635 3742 in
1668 3690 1936 3759 Opusenlo
1979 3690 2053 3744 De
2087 3692 2316 3755 incarn.,
2350 3705 2380 3743 a
2415 3688 2586 3743 Mario
2620 3686 2921 3741 Mercatore
2961 3687 3015 3742 in
3057 3691 3229 3756 Actis,
3260 3693 3330 3745 ai.

63 3781 390 3835 Hamartolo
417 3778 472 3832 in
488 3776 758 3833 Chronico
798 3779 1027 3841 inedito,
1063 3795 1093 3832 a
1129 3777 1326 3832 Pbotio
1362 3779 1416 3832 in
1449 3778 1776 3832 Bibliotheca
1804 3791 1855 3833 et
1885 3780 1940 3833 in
1967 3780 2234 3849 epistolis,
2262 3788 2316 3834 et
2351 3794 2381 3832 a
2426 3784 2663 3848 generali
2687 3783 2877 3851 quinto
2924 3785 3158 3840 concilio
3201 3787 3329 3839 totis

62 3875 389 3931 actionibus
422 3880 617 3942 quarta
642 3883 696 3927 et
714 3872 925 3941 quinta,
967 3881 1021 3927 et
1048 3888 1257 3926 canone
1286 3870 1631 3937 duodecimo,
1670 3889 1884 3928 necnon
1922 3876 1973 3927 in
2008 3872 2328 3943 pontificum
2367 3873 2726 3927 maximorum
2754 3875 2932 3944 magni
2962 3875 3206 3945 Gregorii
3234 3878 3326 3946 (ε),

61 3973 116 4017 et
146 3963 469 4032 praesertim
506 3960 708 4029 Pelagii
737 3960 778 4014 ll
802 3960 879 4029 (ά)
918 3961 1202 4029 epistolis:
1232 3974 1333 4014 nec
1373 3958 1627 4031 Vigilium
1660 3972 1943 4032 praetereo,
1987 3962 2102 4031 qui,
2135 3961 2235 4016 etsi
2280 3960 2552 4031 principio
2593 3963 2856 4019 damnare
2886 3963 3327 4035 Mopsucstenunt

64 4061 271 4125 noluit,
303 4072 379 4112 ne
414 4057 679 4127 plurimos
704 4057 997 4126 episcopos
1040 4056 1169 4109 huic
1200 4054 1445 4111 faventes
1478 4057 1698 4126 gravius
1725 4055 2043 4121 offenderet,
2085 4055 2283 4110 deinde
2327 4064 2529 4119 tamen,
2567 4057 2633 4110 ad
2657 4058 2864 4127 scripta
2891 4068 3040 4114 certe
3066 4061 3210 4129 quod
3248 4070 3331 4113 at-

65 4154 229 4217 tinet,
268 4153 556 4205 damnanti
581 4152 792 4222 synodo
830 4166 1088 4205 assensus
1119 4156 1225 4213 est,
1252 4159 1414 4219 atque
1451 4166 1667 4206 errores
1693 4151 1937 4222 singulos
1966 4152 2199 4205 mirabili
2226 4153 2527 4206 constituto
2568 4156 2836 4225 coarguit.
2871 4154 3026 4210 Mitto
3061 4157 3196 4210 alios
3233 4158 3333 4209 mi-

62 4247 221 4301 noris
254 4248 585 4316 plerumque
615 4245 852 4301 nominis
891 4254 1277 4313 accusatores;
1308 4248 1467 4301 mitto
1495 4247 1792 4303 hodiernos
1826 4259 2250 4319 Oppugnatores,
2282 4263 2421 4317 quos
2461 4249 2603 4303 inter
2628 4249 2903 4308 Norisium
2954 4254 3007 4307 in
3037 4252 3333 4323 Pelagiana

63 4346 342 4407 historia;
383 4346 638 4414 quamvis
663 4353 717 4400 et
748 4345 905 4398 multi
936 4345 1256 4401 defensores
1286 4356 1434 4410 sunt,
1470 4347 1772 4416 praesertim
1807 4346 2081 4402 liberioris
2130 4349 2414 4401 sententiae
2445 4346 2715 4402 homines.
2763 4345 2871 4400 Sed
2914 4346 3045 4399 mihi
3079 4345 3333 4416 equidem

66 4454 268 4507 parum
306 4440 485 4506 placet
508 4439 724 4492 illorum
758 4439 1090 4507 institutum,
1123 4444 1213 4512 qui
1242 4445 1519 4499 hominum
1551 4460 1579 4497 a
1603 4451 1785 4498 vetere
1808 4441 2050 4497 Ecclesia
2078 4442 2481 4507 damnatorum,
2513 4442 2805 4497 neotericis
2829 4439 3118 4497 conatibus
3142 4440 3331 4493 ortho-

63 4535 300 4588 doxiam
337 4534 389 4587 vi
419 4535 739 4592 obtrudunt.
766 4537 1090 4610 Quanquam
1116 4548 1169 4595 et
1190 4541 1262 4610 pii
1294 4541 1565 4595 interdum
1596 4541 1833 4610 theologi
1864 4539 1917 4593 id
1962 4541 2252 4594 consilium
2297 4541 2471 4594 secuti
2518 4542 2666 4600 sunt,
2704 4535 2778 4589 ita
2814 4541 2872 4587 ut
2919 4548 3005 4588 ex.
3037 4548 3117 4603 gr.
3145 4531 3336 4602 Orige-

62 4648 193 4686 nem
249 4630 581 4696 Halloisius,
614 4634 867 4691 Stavolus
900 4637 1077 4692 adhuc
1116 4639 1356 4695 ineditus
1396 4638 1786 4694 Caesariensem
1818 4637 2110 4693 Eusebium
2157 4637 2396 4707 copiosis
2430 4636 2652 4707 scriptis
2686 4632 3046 4689 defenderint.
3080 4630 3229 4686 Sane
3266 4633 3336 4687 ad

62 4720 456 4791 Mopsuesteni
486 4724 708 4775 tutelam
741 4725 1010 4782 Occidens
1038 4744 1203 4799 prope
1235 4730 1525 4785 universus
1558 4744 1681 4783 cum
1706 4729 1891 4782 Africa
1918 4730 2047 4783 olim
2074 4728 2513 4798 conspiraverat:
2554 4742 2723 4798 quare
2743 4733 2797 4778 et
2813 4723 3338 4778 tristissimumillud

57 4812 326 4865 schisma
356 4812 561 4865 exarsit
591 4812 939 4882 Aquileiense
967 4819 1349 4887 episc0porum
1382 4819 1668 4873 Theodoro
1707 4818 2190 4888 patrocinantium,
2223 4818 2371 4888 quod
2403 4816 2636 4873 Romani
2670 4816 2954 4887 pontifices
2994 4814 3084 4867 vix
3116 4815 3336 4871 tandem

59 4907 383 4977 aliquando
421 4917 544 4977 post
582 4924 684 4962 cur
715 4923 887 4962 annos
929 4909 1416 4975 exstinxeruntte).
1458 4907 1596 4963 Tum
1626 4916 1846 4963 exstant
1874 4903 2119 4961 Facundi
2151 4907 2564 4964 Hermianensis
2600 4909 2653 4963 in
2693 4905 2877 4959 Africa
2905 4902 3145 4974 episcopi
3183 4908 3342 4962 volu—

59 5001 223 5051 mina
256 4997 580 5061 duodecim,
615 5007 667 5053 et
691 5000 794 5052 alia
828 4996 937 5050 duo
968 4999 1214 5067 ejusdem
1242 5000 1446 5069 scripta
1474 5018 1487 5063 ;
1524 5008 1578 5053 et
1603 4994 1863 5067 prmteréa
1890 5000 2173 5068 complura
2202 5008 2446 5054 veterum
2477 5000 2787 5053 testimonia
2820 5004 2948 5051 sunt
2982 4995 3344 5055 (Theodoreti

60 5088 307 5158 lbaeque
332 5092 507 5157 puta),
535 5106 655 5159 qua:
678 5090 966 5148 Theodoro
990 5096 1203 5149 laudem
1246 5097 1553 5150 alfundunt.
1594 5095 1699 5149 Sed
1735 5104 1884 5150 certe
1917 5095 1983 5149 ad
2013 5095 2238 5151 Latinos
2270 5096 2581 5150 laudatores
2618 5095 2761 5166 quod
2796 5096 3008 5153 attinet,
3039 5092 3346 5146 audiendus

57 5182 345 5251 Pelagius
389 5179 429 5234 ll
459 5197 594 5251 papa
638 5184 694 5236 in
722 5183 1095 5240 disertissimis
1135 5188 1203 5239 ad
1251 5185 1425 5239 Etiam
1474 5186 1837 5254 patriam/tam
1885 5185 2283 5239 schismaticum
2316 5180 2370 5240 et
2404 5186 2471 5238 ad
2506 5184 2685 5239 Istria:
2708 5185 2973 5253 episcopos
3014 5183 3205 5239 litteris
3224 5182 3271 5254 (Ῑ
3298 5181 3351 5246 )2

141 5360 234 5423 (a)
279 5356 499 5433 Socrat.
536 5375 603 5433 v,_
636 5358 703 5422 ὃς
740 5358 957 5433 δοκοιη.
988 5376 1107 5433 V_’|ll,
1157 5361 1225 5433 2;
1284 5361 1473 5425 Evagr.
1520 5378 1558 5425 l,
1593 5362 1660 5429 εὶς
1763 5364 1933 5417 berat.
1966 5363 2201 5417 Breviar.
2236 5378 2353 5433 cap.
2380 5364 2431 5417 4.

58 5428 336 5483 Facund.
367 5444 423 5493 ιι,
451 5429 523 5493 2;
564 5428 808 5483 Gennad.
848 5446 959 5496 xu;
993 5430 1317 5485 Theodoret.
1359 5435 1504 5486 Hist.
1537 5428 1662 5485 errl.
1838 5435 1908 5555 ((2
1949 5433 2045 5502 Ep.
2081 5450 2118 5487 ι.
2148 5433 2239 5509 25.
2268 5428 2329 5514 Ili,
2361 5435 2449 5495 5|,
2482 5449 2579 5494 vn,
2610 5434 2696 5488 54.

60 5518 114 5555 v.
161 5500 243 5553 40
271 5519 289 5555 :
339 5497 525 5551 Leoni.
574 5510 757 5552 contra
784 5499 937 5555 Nest.
970 5518 1052 5555 ιιι.
1095 5512 1148 5555 et
1187 5504 1262 5555 De
1297 5514 1419 5555 sect.
1455 5510 1561 5555 aet.
1594 5504 1667 5555 4:
1841 5504 1855 5555 l
1906 5508 1919 5555 ι
1962 5504 2107 5555 Η.ιι·(ὶ
2163 5502 2364 5555 t'onczl.
2400 5513 2530 5555 tom.
2573 5504 2696 5555 lll.1

60 5518 123 5575 v,
161 5500 289 5575 40;
339 5497 757 5575 Leont._Acontra
784 5499 937 5555 Nest.
970 5518 1052 5566 ιιι,
1095 5512 1148 5557 et
1187 5504 1262 5555 De
1297 5514 1419 5555 sect.
1455 5510 1561 5558 aet.
1594 5504 1667 5567 4;
1841 5497 1919 5575 (ά)
1962 5497 2107 5575 ﬂard
2163 5502 2364 5558 t'oncil.
2400 5513 2530 5575 tom.
2573 5504 2658 5569 ΙΙΙ,
2688 5521 2739 5573 p.
2771 5504 2898 5559 450.

58 5572 323 5643 διοβριι.
362 5568 596 5643 xui,_50.
680 5638 693 5643 _
890 5640 903 5643 _
1100 5642 1105 5643 ν
1194 5640 1237 5643 ῃ
1374 5641 1385 5643 μ
1488 5640 1501 5643 Α
1846 5568 1913 5640 (ei
1957 5573 2197 5628 Monum.
2230 5575 2404 5643 Aquit.
2438 5574 2549 5627 ind.
2575 5568 2768 5627 chron.

141 5638 225 5709 (ιι)
254 5639 432 5715 _Apud
477 5638 829 5715 facundo",
870 5640 930 5715 _6,
978 5658 1030 5694 χ.
1079 5642 1143 5707 5;
1184 5640 1432 5715 _i_i_csych.
1458 5640 1671 5715 fragili.
1972 5645 2138 5700 llartl.
2176 5638 2378 5699 Concil.
2405 5654 2535 5699 tom.
2567 5644 2651 5707 Ill,
2687 5661 2738 5715 p.
2771 5643 2893 5700 4'50.

59 5711 208 5766 hist.
253 5709 317 5762 in
350 5710 541 5763 concil.
575 5708 637 5771 ν,
674 5710 758 5764 ed.
788 5712 957 5766 Colet.
1007 5721 1137 5764 tmn.
1183 5712 1273 5780 ΙΧ,
1307 5708 1367 5783 ’μ
1407 5712 1545 5778 “liii;
1577 5708 1677 5764 Li-

432 5800 703 5863 Parnm.
753 5803 849 5861 Gn
922 5804 1143 5868 LXVI;
3039 5810 3073 5865 li
