3804 6222
461 283 559 338 10⁸1
1697 280 1859 338 ANG.
1902 281 2044 336 MAII
2087 281 2482 339 PREFATIO.
3618 293 3721 352 108

459 400 640 457 Latini
666 399 895 455 homines
930 398 1230 454 Grtecitatis
1260 399 1452 469 ignari,
1487 397 1613 452 dum
1642 400 1880 469 linguam
1918 399 2184 465 nesciunt,
2240 417 2472 456 errorem
2532 397 2680 451 tarde
2718 406 3097 469 cognoverunt;
3145 417 3368 471 quorum
3399 409 3724 468 constantia.

457 512 724 567 quousque
746 513 922 551 verum
957 503 1346 567 cognoscerent,
1377 511 1411 548 a
1439 493 1723 548 certamine
1753 511 1856 548 non
1893 494 2104 563 quieuit.
2136 495 2314 550 Causa
2348 495 2429 550 rei
2476 503 2641 549 tantae
2673 490 2794 555 fuit,
2825 491 2968 563 quod
2997 492 3235 565 episcopi
3267 495 3342 550 illi
3372 502 3643 567 praeconia
3672 513 3728 556 et

458 590 661 659 scripta
700 588 972 643 Theodori
995 589 1050 642 in
1091 589 1545 656 Chalcedonensi,
1586 597 1646 644 ut
1691 587 1831 644 falso
1863 591 2152 660 putabant,
2196 589 2431 647 concilio
2470 600 2694 662 pronata
2718 628 2733 653 ,
2780 587 2837 642 in
2875 587 3487 660 Constantinopolitano
3526 595 3728 651 deinde

461 681 719 739 damnata
755 699 896 754 aegre
925 683 1192 738 ferebant.

530 825 594 880 ll.
620 825 1070 881 Commentarium
1109 831 1176 883 ad
1218 828 1336 883 XII
1376 831 1655 898 prophetas
1701 831 1952 895 minores,
1989 848 2150 901 quem
2177 847 2324 886 nunc
2354 832 2520 888 edere
2544 831 2854 904 aggredior,
2886 831 2940 886 in
2972 831 3188 886 duobus
3217 827 3418 886 oll‘endi
3441 829 3724 886 Vaticana:

463 919 808 976 bibliothecae
829 920 1130 985 codicibus,
1163 921 1335 976 altero
1361 923 1453 991 qui
1484 921 1587 977 fuit
1625 923 1752 976 olim
1784 923 2074 992 cujusdam
2111 923 2376 994 dignitate
2402 924 2922 996 πρωτοασηκρήτις,
2955 922 3152 978 deinde
3183 937 3310 977 vero
3355 921 3584 978 Joannis
3610 939 3736 978 car-

462 1014 660 1070 dinalis
707 1011 1005 1070 Florentini
1056 1015 1322 1084 Salviati;
1367 1025 1572 1094 postea
1605 1019 1661 1073 in
1719 1017 2091 1074 Romanorum
2149 1019 2600 1075 Columnensium
2650 1019 3034 1076 bibliothecam
3075 1019 3338 1082 transiit;
3381 1019 3616 1088 denique
3665 1019 3736 1072 ad

463 1113 682 1168 codices
706 1110 1003 1166 Vaticanos
1043 1120 1170 1168 ante
1197 1113 1551 1178 decennium,
1587 1129 1674 1168 me
1703 1113 1990 1184 praefecto,
2028 1116 2286 1170 accessit.
2321 1115 2369 1171 Is
2399 1123 2484 1172 est
2518 1116 2689 1170 codex
2732 1115 3114 1170 membraneus
3147 1120 3516 1183 pervetustus,
3545 1112 3736 1168 saeculi

463 1209 684 1264 circiter
713 1205 1008 1270 undecimi,
1028 1207 1415 1275 integerrimus
1447 1215 1499 1262 et
1527 1209 2036 1265 emendatissimus.
2059 1209 2211 1264 Alter
2239 1211 2409 1265 codex
2441 1210 2509 1266 ad
2539 1205 3264 1264 Vaticanamcollectionem
3289 1205 3400 1275 jam
3434 1206 3526 1260 diu
3559 1206 3737 1275 perti-

464 1315 623 1365 nens,
663 1300 992 1354 chartaceus
1026 1306 1081 1353 et
1121 1312 1335 1363 recens,
1368 1298 1876 1368 commentarioque
1897 1298 1964 1352 ad
1998 1298 2316 1352 Zachariam
2357 1313 2576 1360 carens,
2611 1299 2768 1364 cujus
2809 1297 2887 1351 rei
2923 1312 3032 1350 non
3062 1296 3280 1351 dubiam
3317 1311 3539 1353 causam
3568 1297 3739 1367 paulo

463 1399 588 1464 post
621 1391 884 1447 recitabo.
929 1388 1050 1443 Jam
1081 1389 1170 1442 hic
1216 1403 1409 1444 recens
1439 1387 1574 1442 adeo
1609 1391 1926 1444 vetustioris
1953 1390 2098 1444 illius
2133 1391 2418 1444 lectionem
2471 1388 2741 1458 sequitur,
2765 1395 2835 1466 ~ut
2879 1401 2943 1441 ex
2982 1386 3172 1444 eodem
3207 1387 3541 1458 exscriptum
3573 1385 3740 1441 valde

464 1491 717 1546 arbitrer.
760 1487 873 1558 Ego
902 1495 1050 1542 certe
1099 1484 1305 1538 nullam
1340 1485 1663 1539 recentioris
1701 1485 1967 1539 rationem
2002 1485 2188 1546 habui,
2237 1483 2334 1539 sed
2390 1489 2687 1552 praestante
2719 1483 2947 1550 antiquo
2973 1493 3188 1548 semper
3238 1494 3359 1534 sum
3395 1493 3550 1534 usus.
3583 1476 3738 1533 Satis

466 1584 654 1650 itaque
687 1578 816 1633 mihi
854 1576 922 1630 ad
956 1576 1257 1631 curandam
1291 1576 1585 1631 editionem
1615 1577 1671 1631 in
1695 1575 1982 1632 Pontificia
2011 1577 2342 1632 bibliotheca
2371 1575 2603 1633 subsidii
2637 1574 2776 1642 fuit;
2816 1575 2910 1630 sed
2939 1575 3067 1644 quia
3097 1582 3275 1628 tamen
3307 1589 3403 1644 par
3436 1575 3740 1628 thesaurus

466 1673 592 1727 alibi
627 1685 847 1742 queque
883 1677 1082 1732 exstat,
1118 1683 1227 1722 non
1277 1669 1552 1738 gravabor
1586 1669 1842 1722 notitiam
1899 1679 2214 1724 exterorum
2262 1668 2540 1734 codicum,
2577 1684 2700 1738 qua:
2734 1667 2867 1721 mihi
2904 1665 3182 1737 indaganti
3220 1668 3485 1730 occurrit,
3539 1669 3740 1737 paucis

467 1785 765 1841 exponere.
803 1766 862 1822 In
888 1766 1084 1837 primis
1138 1765 1371 1820 Caesaris
1417 1767 1748 1821 bibliotheca
1788 1765 2230 1823 Vindobonensis
2261 1766 2402 1822 duos
2437 1766 2601 1821 habet
2649 1763 2923 1820 Theodori
2950 1763 3007 1816 in
3040 1779 3116 1819 xu
3151 1763 3432 1833 prophetas
3483 1763 3737 1825 codices.

467 1879 703 1935 quorum
745 1862 976 1917 alterum
1013 1858 1118 1915 sub
1149 1875 1381 1914 numero
1412 1859 1622 1916 CLXIII
1654 1860 1951 1931 descripsit
1979 1860 2308 1917 Lambecms
2357 1861 2472 1932 (a);
2513 1861 2581 1916 de
2609 1861 2782 1915 altero
2819 1860 2948 1914 huic
2970 1857 3129 1930 plane
3161 1855 3326 1912 simili
3360 1856 3571 1926 prolixe
3597 1854 3742 1909 For-

467 1959 605 2015 losia
637 1957 752 2028 (qui
775 1955 842 2012 de
882 1955 1122 2011 editione
1161 1967 1380 2022 quoque
1427 1953 1712 2023 cogitavit)
1757 1953 2002 2024 loquitur
2030 1951 2174 2022 apud
2207 1953 2514 2008 Kollarium
2547 1953 2602 2006 in
2638 1949 3032 2022 supplementis
3062 1965 3114 2018 p.
3155 1947 3277 2002 I67.
3329 1947 3505 2016 Atque
3535 1946 3588 1999 hi
3623 1946 3744 2002 duo

469 2053 927 2108 Vindobouenses
957 2047 1234 2104 chartacei
1267 2057 1415 2111 sunt,
1447 2063 1547 2102 nec
1578 2047 1790 2118 antiqui
1818 2065 1832 2102 :
1870 2049 2005 2118 quin
2033 2048 2170 2104 adeo
2205 2049 2480 2104 secundus
2511 2048 2724 2103 delatus
2762 2062 2830 2102 ex
2869 2043 3027 2098 Italia
3063 2040 3166 2094 fuit
3195 2039 3263 2092 ab
3296 2037 3557 2108 Apostolo
3585 2036 3745 2091 Zeno

474 2147 893 2202 Yiudobonam:
927 2144 1061 2199 satis
1096 2151 1278 2196 autem
1310 2151 1538 2214 apparet
1576 2142 1950 2214 apographum
1990 2158 2113 2198 esse
2141 2143 2345 2198 veteris
2373 2141 2580 2196 codicis
2614 2139 3022 2200 Columnensis,
3068 2148 3214 2188 nunc
3246 2132 3531 2194 Vaticani;
3560 2146 3745 2200 quan-

469 2237 764 2308 doquidem
813 2235 918 2289 tria
967 2235 1059 2288 illa
1109 2235 1318 2289 scholia
1354 2252 1383 2288 a
1414 2234 1654 2288 Kollario
1707 2235 1874 2296 edita,
1932 2234 2213 2304 quibusin
2251 2233 2533 2289 Zachariae
2572 2234 2848 2304 propheta:
2895 2232 3140 2303 margine
3176 2232 3463 2300 theologus
3508 2227 3744 2282 Grtecus

479 2331 666 2386 nescio
699 2329 824 2398 quis
860 2330 1092 2396 castigat
1117 2328 1379 2395 quasdam
1408 2325 1680 2381 Theodori
1715 2327 1894 2381 nostri
1925 2327 2248 2391 sententias,
2277 2341 2361 2392 ea,
2394 2327 2643 2395 inquam,
2669 2325 2874 2379 scholia
2909 2324 2962 2377 in
2987 2324 3326 2395 marginibus
3349 2320 3746 2377 Columnensis

385 2467 388 2470 .
472 2430 679 2484 codicis
718 2435 962 2489 exstant,
997 2434 1164 2494 atque
1193 2425 1260 2480 ad
1291 2426 1529 2480 litteram
1563 2442 1686 2480 cum
1733 2426 1842 2481 illis
1885 2427 2049 2482 editis
2093 2435 2422 2495 congruunt.
2461 2424 2580 2479 Jam
2631 2425 2759 2494 quia
2809 2420 3235 2476 commentarius
3279 2413 3646 2484 Mopsuesteni
3684 2411 3750 2465 in

475 2519 797 2572 Zachariam
832 2513 1202 2570 criminationi
1249 2515 1411 2568 alicui
1445 2523 1633 2584 patere
1660 2516 1809 2569 visus
1841 2523 1945 2576 est,
1978 2514 2185 2568 idcirco
2211 2515 2362 2569 illum
2392 2512 2642 2568 Vaticani
2671 2512 2994 2568 recentioris
3016 2510 3221 2565 codicis
3252 2509 3486 2576 scriptor
3509 2513 3748 2574 praeter-

477 2619 663 2672 misit:
697 2615 841 2685 quod
882 2629 983 2684 ego
1029 2611 1316 2667 consilium
1354 2611 1578 2666 minime
1608 2610 1817 2680 probo;
1849 2625 2028 2680 neque
2056 2611 2199 2665 enim
2231 2611 2572 2679 periclitatur
2608 2609 2866 2664 Ecclesia:
2906 2615 3104 2670 status,
3154 2601 3330 2658 sicubi
3365 2600 3506 2653 forte
3547 2595 3748 2666 Mops-

476 2720 738 2766 uestenus
795 2707 1024 2763 audacia
1080 2706 1166 2760 vel
1221 2702 1459 2757 novitate
1525 2700 1921 2771 interpretandi
1979 2700 2142 2769 paulo
2192 2701 2416 2754 liberius
2467 2709 2714 2772 vagatur.
2766 2698 3004 2764 Quintus
3053 2693 3221 2750 codex
3280 2689 3518 2744 Venetus
3571 2698 3660 2742 est
3716 2702 3750 2740 a

473 2803 882 2860 Montfauconio
905 2801 979 2872 (b)
1012 2801 1066 2854 in
1097 2799 1481 2854 Grimanorum
1511 2796 1842 2850 bibliotheca
1870 2795 2216 2850 observatos.
2251 2793 2448 2850 Sextus
2479 2811 2634 2864 aeque
2673 2793 2912 2848 Venetus
2959 2799 3066 2853 est,
3093 2802 3254 2857 quem
3290 2784 3430 2838 idem
3462 2779 3750 2836 Montfau-

476 2901 669 2956 conius
690 2897 760 2966 (ε)
791 2896 932 2967 apud
965 2893 1238 2948 Illeletium
1274 2889 1579 2963 Typaldum
1601 2885 1759 2946 vidit.
1785 2889 2063 2960 Septimus
2103 2891 2275 2943 codex
2322 2890 2464 2960 apud
2495 2889 2840 2944 Gerasimum
2883 2885 3143 2940 Blaehum
3171 2881 3223 2934 in
3255 2877 3425 2933 Gallia
3451 2875 3574 2942 fuit,
3602 2882 3753 2930 teste

472 2988 802 3046 Combeﬁsio
840 2985 941 3054 (ά).
970 2984 1150 3052 Atque
1176 2981 1322 3035 hunc
1349 2981 1592 3036 codicem
1635 2980 1873 3049 inspexit
1917 2979 2102 3041 etiam,
2134 2985 2195 3030 ut
2246 2985 2398 3047 puto,
2432 2975 2744 3045 Stephanus
2784 2977 2852 3030 ab
2878 2977 3145 3034 Altimura
3176 2974 3518 3046 (Loquinius)
3549 2971 3643 3043 qui
3687 2972 3752 3026 in

478 3082 741 3152 l’anoplia
767 3097 822 3152 p.
849 3081 974 3142 L55,
1008 3077 1086 3131 ait
1120 3094 1183 3132 se
1226 3078 1424 3149 legisse
1473 3075 1843 3147 Mopsuesten‘i
1896 3073 2320 3128 Commentarios
2352 3073 2405 3125 in
2441 3087 2518 3126 xu
2563 3071 2862 3140 prophetas.
2896 3069 3086 3126 Octavi
3113 3071 3322 3125 codicis
3353 3069 3602 3124 notitiam
3631 3068 3753 3138 pri-

477 3191 622 3241 mus,
652 3182 712 3228 ut
737 3172 997 3235 arbitror,
1033 3167 1273 3240 prodidit
1303 3167 1643 3224 Posseviuus
1668 3166 1761 3236 (e),
1785 3165 1878 3235 qui
1903 3171 2122 3219 exstare
2140 3157 2276 3217 eum
2308 3162 2448 3216 dixit
2481 3163 2667 3216 Romae
2708 3163 2762 3217 in
2793 3163 3123 3218 bibliotheca
3150 3160 3520 3215 Vallicelliaua
3541 3177 3556 3226 ;
3578 3174 3752 3229 quem

475 3285 575 3338 ego
595 3267 837 3322 codicem
873 3276 1000 3317 cum
1047 3261 1418 3324 observarem,
1454 3258 1790 3329 deprehendi
1835 3274 1960 3314 esse
2012 3267 2176 3313 tenue
2226 3258 2699 3329 interpretationis
2745 3259 2800 3313 in
2855 3258 3048 3314 Oscam
3100 3258 3490 3329 fragmentum,
3525 3256 3754 3326 paginis

476 3356 764 3413 duodecim
803 3360 1089 3417 constans,
1123 3366 1299 3420 usque
1327 3355 1394 3405 ad
1433 3349 1664 3406 secundi
1695 3351 1893 3421 capitis
1923 3351 2262 3406 versiculum
2296 3351 2517 3404 tertium
2547 3351 2846 3406 decimum.
2881 3351 3056 3408 Huius
3087 3367 3251 3420 porro
3278 3352 3524 3421 praeclari
3555 3350 3754 3420 epes-is

477 3450 696 3504 codices
725 3447 817 3517 qui
849 3460 1014 3500 manu
1055 3444 1262 3497 diutius
1291 3441 1655 3504 versaverint,
1687 3449 1801 3496 tres
1827 3441 2023 3496 saltem
2055 3441 2332 3512 comperio
2365 3441 2510 3497 viros
2537 3459 2551 3508 ;
2599 3458 2835 3512 quorum
2865 3445 3078 3514 primus
3108 3451 3193 3499 est
3224 3442 3552 3498 Fr.mciscus
3599 3441 3756 3496 Tur-

476 3559 665 3599 rianus
688 3540 776 3610 (Γ),
809 3554 840 3594 a
876 3553 986 3609 quo
1024 3536 1209 3590 Romae
1235 3535 1464 3605 degeute
1505 3534 1828 3592 Vaticanum
1876 3537 2057 3606 ipsum
2091 3537 2337 3592 codicem
2375 3537 2575 3592 lectum
2606 3539 2866 3608 augurari
2898 3541 3044 3595 licet.
3073 3538 3364 3594 Secundus
3402 3546 3488 3592 est
3517 3536 3753 3593 Samuel

480 3635 766 3697 Tenulius,
804 3633 896 3703 qui
938 3631 992 3685 iu
1025 3631 1224 3686 litteris
1263 3632 1332 3686 ad
1367 3631 1490 3688 Nic.
1528 3631 1810 3688 Heinsium
1845 3635 1919 3704 (g)
1953 3634 2029 3687 ait
2068 3649 2128 3689 se
2161 3635 2215 3688 in
2258 3633 2413 3688 Latio
2455 3633 2818 3705 descripsisse
2854 3637 2958 3693 sibi
3002 3635 3274 3690 Theodori
3319 3634 3646 3689 Antiocheni
3694 3637 3755 3688 in

479 3729 671 3788 Oscam
709 3726 1054 3798 fragmenta;
1100 3742 1222 3796 qua:
1257 3729 1459 3785 locutio
1492 3729 1613 3800 ejus
1659 3729 1791 3786 facit
1841 3739 1898 3785 ut
1949 3732 2259 3787 existimem
2312 3732 2458 3801 loqui
2513 3731 2804 3786 Teuulium
2849 3731 2916 3787 de
2953 3731 3142 3786 codice
3191 3729 3593 3795 Vallicelliano,
3649 3733 3754 3800 qui

479 3839 670 3894 reapse
702 3823 838 3877 nihil
871 3822 1053 3885 habet,
1087 3829 1146 3875 ut
1174 3821 1447 3898 diximus.
1470 3831 1667 3893 praeter
1695 3823 1858 3878 breve
1885 3824 1938 3876 in
1966 3822 2156 3878 Oscam
2190 3821 2576 3892 fragmentum.
2605 3821 2822 3878 Tertius
2850 3832 2936 3879 est
2969 3823 3261 3878 Anselmus
3288 3822 3616 3885 Bandurius,
3649 3826 3757 3892 qui

482 3919 536 3971 in
559 3922 856 3985 conspectu
882 3931 1112 3986 operum
1141 3913 1432 3984 Nicephori
1464 3931 1625 3985 quem
1651 3913 1940 3970 Fabricius
1986 3915 2231 3986 vulgavit
2266 3913 2366 3982 (ἡ),
2402 3913 2479 3966 ait
2513 3929 2562 3974 ι).
2596 3913 2723 3970 626,
2758 3928 2816 3969 se
2841 3913 2983 3968 inter
3021 3925 3216 3970 caztera
3260 3916 3531 3970 editurum
3565 3914 3759 3973 Theo-

478 4012 599 4064 dori
629 4023 848 4080 quoque
878 4006 1242 4076 Mopsuesleni
1276 4009 1328 4060 in
1353 4009 1632 4075 prophetas
1681 4025 1754 4062 xu
1789 4009 2250 4062 coinmentarium.
2279 4005 2398 4061 Jam
2442 4008 2572 4076 quia
2601 4007 2906 4064 Bandurius
2945 4027 3002 4065 se
3039 4011 3092 4065 id
3129 3999 3392 4068 beneficio
3421 4013 3605 4067 Cosmi
3647 4013 3752 4080 III,

478 4102 636 4156 ducis
665 4100 915 4164 Etruriae,
948 4097 1108 4168 cujus
1141 4096 1257 4165 ipse
1300 4099 1689 4154 bibliothecam
1729 4101 1970 4170 regebat,
2009 4100 2282 4154 facturqu
2314 4100 2611 4170 spopondit
2641 4101 2980 4172 (quanquam
3017 4102 3176 4158 fidem
3228 4120 3403 4173 neque
3433 4103 3757 4162 Bandurius

481 4199 767 4254 Florentiae
813 4211 991 4266 neque
1034 4193 1281 4248 Forlosia
1314 4191 1648 4248 Vindobonaa
1682 4191 2337 4262 liberaverunt),putabat
2357 4193 2641 4249 Fabricius
2667 4194 2728 4265 (ἱ)
2767 4196 3015 4251 codicem
3063 4199 3184 4266 ejus
3219 4201 3401 4270 operis
3455 4200 3510 4252 in
3543 4200 3756 4257 biblio-

481 4295 639 4349 theca
667 4293 905 4348 Medicea
933 4297 1170 4344 exstare.
1202 4287 1356 4342 Nunc
1383 4297 1566 4342 autem
1608 4290 1876 4357 ejusmodi
1915 4289 2159 4344 codicem
2191 4289 2467 4344 Bandurio
2495 4290 2740 4361 ignotum
2774 4293 3052 4354 videmus;
3087 4305 3151 4343 ex
3180 4307 3288 4358 quo
3320 4290 3568 4358 sequitur
3595 4297 3654 4344 ut
3694 4295 3756 4345 in

482 4390 723 4446 Medicea
775 4387 1108 4442 bibliotheca
1141 4400 1251 4439 nou
1283 4380 1468 4435 fuerit.
1521 4377 1728 4434 Revera
1777 4379 2083 4435 Bandurius
2117 4381 2192 4434 nil
2226 4380 2372 4434 aliud
2409 4381 2484 4434 ait
2516 4381 2625 4436 nisi
2669 4397 2727 4437 se
2775 4382 2826 4437 id
2864 4399 3002 4452 Opus
3055 4397 3085 4436 e
3134 4380 3480 4435 bibliOthecis
3509 4381 3752 4444 eruisse,

481 4500 618 4554 quas
647 4484 791 4537 inter
817 4481 979 4552 paulo
1005 4488 1132 4534 ante
1164 4475 1482 4530 Vaticanam
1527 4481 2084 4526 couuuemoraverat:
2121 4479 2176 4526 et
2205 4473 2422 4540 quidem
2458 4471 2506 4525 si
2540 4471 2607 4527 de
2636 4487 2736 4527 sua
2768 4472 3006 4528 Medicea
3036 4474 3372 4541 loqueretur,
3407 4472 3757 4542 Mopsueste-

486 4590 614 4628 num
652 4573 790 4644 apud
821 4587 880 4627 se
915 4571 1112 4626 habere
1140 4569 1389 4624 dixisset.
1435 4565 1570 4618 Tum
1616 4578 1746 4618 vero
1793 4572 1846 4616 et
1895 4563 1987 4617 ille
2013 4563 2182 4618 codex
2233 4561 2626 4627 Salviatorum,
2659 4580 2806 4619 nunc
2850 4563 3168 4627 Vaticanus,
3217 4567 3306 4618 illa
3362 4566 3541 4620 adhuc
3584 4573 3757 4621 aetate

484 4665 776 4720 Florentia:
830 4663 971 4734 apud
1015 4670 1226 4717 veteres
1274 4657 1547 4719 dominos,
1581 4662 1640 4708 ut
1671 4654 1856 4719 credo,
1895 4654 2030 4720 fuit;
2063 4670 2169 4724 qua
2221 4656 2274 4709 in
2329 4655 2463 4710 urbe
2513 4654 2580 4709 ad
2617 4653 2880 4711 Bandurii
2923 4661 3172 4715 uetitiam
3231 4675 3537 4730 manusque
3581 4659 3756 4716 facile

485 4763 648 4816 venit.

559 4897 642 4951 Ill.
715 4897 828 4968 Age
907 4910 1074 4958 vero,
1131 4893 1198 4948 de
1270 4899 1496 4946 auctore
1576 4889 1760 4959 operis
1832 4890 2128 4958 quominus
2211 4890 2524 4950 dubitemus
2561 4938 2575 4962 ,
2651 4897 2809 4951 testis
2930 4897 3084 4953 adest
3173 4899 3225 4952 in
3307 4898 3564 4961 cunctis,
3653 4901 3751 4970 qui

485 4993 598 5047 noti
663 4998 820 5059 sunt,
887 4989 1278 5060 manuscriptis
1340 4985 1625 5042 codicibus
1683 4993 1944 5040 constans

2248 4985 2511 5059 Βεοδὼρου
2573 4991 2924 5062 ’Ᾱιτιοχέσ›;,
2987 4991 3246 5047 Theodori
3298 4995 3508 5050 scilicet
3566 4997 3750 5065 patria

487 5087 814 5141 Antiocheni.
882 5085 987 5143 Sed
1020 5085 1148 5157 quia
1214 5102 1324 5141 non
1387 5103 1528 5143 unus
1586 5086 1690 5141 fuit
1733 5088 2037 5160 Antiochia:
2090 5097 2252 5145 natus
2304 5088 2656 5159 Theodorus,
2712 5109 2840 5149 ecce
2907 5093 3064 5150 nobis
3110 5093 3338 5150 Photius
3379 5095 3447 5165 (j)
3505 5107 3751 5167 quatuor

581 5291 633 5364 ᾳ)
675 5286 832 5364 Tom.
865 5285 1042 5364 lV,_p.
1073 5287 1200 5364 5§9,
1237 5286 1481 5364 ed._n_ov.
1745 5357 1833 5364 ___
2163 5287 2465 5364 '_I:urrianus
2521 5288 2590 5344 de
2651 5288 3048 5364 interpretandi
3106 5307 3303 5364 genere
3330 5330 3346 5355 ,
3396 5307 3506 5364 quo
3576 5295 3755 5350 utitur

580 5355 630 5492 [ιζ
671 5356 822 5438 Biar.
856 5355 1073 5428 ltale.
1109 5359 1198 5421 59,
1226 5367 1280 5412 et
1311 5357 1450 5411 Bibl.
1481 5375 1608 5412 mss.
1646 5373 1700 5428 p.
1732 5357 1858 5413 478.
2164 5359 2620 5429 Mopsuestenus,
2669 5355 2834 5430 atque
2884 5362 2938 5416 id
2991 5355 3428 5418 non'immerito'
3476 5365 3752 5434 castigat;

580 5445 604 5480 c
670 5426 826 5482 Dtar.
861 5426 990 5482 Ital.
1025 5446 1076 5492 ν.
1108 5428 1199 5492 46,
1231 5428 1370 5482 Bibl.
1426 5444 1555 5482 mss.
1590 5443 1640 5492 p.
1672 5427 1798 5482 478.
2163 5431 2407 5492 satisque
2454 5429 2795 5485 demonstrat
2835 5438 3010 5487 totum
3064 5448 3096 5487 a
3145 5448 3207 5488 se
3255 5433 3312 5487 in
3351 5449 3428 5488 xu
3461 5439 3752 5492 prophetas

580 5426 627 5505 ε)
670 5426 826 5505 Biar.
861 5426 990 5482 Ital.
1021 5426 1076 5496 p.
1108 5428 1209 5505 46,
1231 5428 1370 5505 Bibl.
1395 5444 1555 5505 _mss.
1590 5426 1798 5497 p.178.
2163 5426 2407 5500 satisque
2454 5426 2795 5505 demonstrat
2826 5438 3010 5505 totum
3064 5448 3096 5487 a
3145 5448 3207 5488 se
3255 5433 3312 5487 in
3351 5449 3428 5488 xu
3460 5426 3754 5505 prophetas

578 5499 636 5570 tl)
679 5497 818 5552 Bibl.
847 5514 991 5555 conc.
1026 5509 1158 5570 tom.
1194 5500 1234 5562 l,
1260 5515 1311 5570 p7.
1345 5497 1501 5570 4_4_..___
2162 5497 2596 5554 commentarium
2629 5499 2795 5556 fuisse
2824 5504 3044 5556 lectum.

577 5567 625 5642 ᾳ)
667 5569 865 5642 Appar.
905 5579 1038 5624 tom.
1081 5569 1165 5642 II7|_,
1202 5569 1328 5642 cod.
1369 5567 1561 5623 Vallic.
1599 5585 1650 5638 p.
1683 5567 1774 5621 27.
1862 5639 1918 5642 __
2233 5571 2309 5641 (g)
2349 5570 2611 5642 Burman.
2649 5569 2852 5642 Syllog.
2879 5580 3011 5636 tom,
3047 5572 3111 5634 Il.
3140 5588 3192 5636 n.
3230 5573 3354 5629 SOI.

577 5577 625 5638 e)
667 5577 865 5636 Appar.
905 5579 1038 5624 tom.
1081 5577 1165 5632 Ill,
1204 5577 1328 5624 cod.
1373 5577 1561 5623 Vallic.
1599 5585 1650 5638 p.
1683 5577 1774 5621 27.
2233 5577 2309 5641 (9)
2349 5577 2611 5624 Burman.
2649 5577 2852 5642 Syllog.
2879 5580 3011 5636 tom,
3047 5577 3111 5634 ll.
3140 5588 3192 5636 τι.
3230 5577 3354 5629 801.

556 5577 624 5712 ξω
666 5640 947 5714 Adconst.
984 5655 1069 5709 ap.
1111 5639 1174 5693 Il.
1199 5639 1266 5706 5;
1301 5654 1397 5708 pro
1420 5653 1540 5707 epp.
1572 5651 1730 5714 _p_ont.
1766 5655 1825 5705 Il,
1855 5639 2053 5714 ?O,_tv,
2235 5641 2310 5711 (h)
2344 5642 2491 5714 llibl.
2531 5640 2623 5714 Qr.
2653 5645 2738 5714 ed.
2776 5658 2900 5697 nov.
2936 5651 3068 5697 tom.
3106 5642 3216 5709 VII,
3256 5661 3308 5714 p.
3340 5644 3466 5699 611.

494 5708 576 5774 l0,
614 5727 666 5765 v.
710 5711 768 5764 21
796 5727 847 5784 ;Α
892 5709 966 5784 D_e
987 5708 1513 5784 auct.summ_.pont._
1572 5709 1671 5784 lib.
1702 5725 1783 5773 III,
1815 5708 1902 5784 ed.
1936 5709 2059 5763 Flo«
2237 5708 2298 5784 (ἑκ)
2341 5712 2494 5784 'I‘om.
2630 5727 2699 5784 p_._
2724 5713 2847 5784 5.38.

493 5789 629 5836 rent.
683 5797 736 5852 ιι.
787 5780 875 5836 99.
921 5780 986 5834 Et
1031 5783 1206 5851 primo
1239 5781 1456 5852 quidem
1503 5780 1622 5835 loco
1658 5780 1766 5835 late
1813 5779 2060 5850 disputat
2242 5783 2307 5854 (j)
2335 5781 2504 5839 Codd.
2543 5779 2948 5850 ιγξχλχγιιι,
2999 5781 3234 5852 LXXXI,
3289 5782 3600 5841 CLXXVII.
