3804 6222
171 274 273 331 ιιιθ
1403 286 1563 348 ANG.
1604 289 1750 346 MAI!
1782 289 2177 349 'PREFATIO.
3320 298 3421 355 illi

168 404 471 452 recensens
544 413 715 471 opera
782 398 1057 457 Theodori
1125 400 1449 458 Antiocheni
1550 406 1771 462 nomine
1805 408 2109 481 insignita,
2199 405 2642 478 Mopsuestenum
2715 412 2923 470 diserte
3010 418 3420 490 intelligendum

163 502 292 583 esse
361 491 557 560 docet;
627 495 804 564 primo
873 494 1094 567 quidem
1168 498 1287 552 loco
1362 499 1600 555 dicens:

1948 503 2325 572 Μοψουεστίας
2391 505 2629 572 γεγονὼς
2696 510 2990 576 ἐπίσκοπος
3044 508 3198 578 οὗτός
3252 518 3423 583 ἐστιν,

165 574 340 649 olym-
373 585 615 639 secundo
644 596 823 642 autem
857 589 979 644 loco
1017 583 1217 652 εΟὗτος
1239 589 1296 642 δέ
1321 589 1467 642 ἐστιν
1501 593 1529 644 ὁ
1564 593 1667 659 Μος

1922 610 1959 656 ς·
1998 596 2157 648 tertio
2188 596 2309 650 loco
2335 607 2462 667 post
2499 608 2857 655 memoratum
2891 574 2981 657 dei
3011 608 3190 675 magia
3223 574 3424 661 Persa;

168 687 289 725 rum
347 673 617 731 Theodori
654 680 980 735 Antiocheni
1045 697 1204 749 opus,
1260 682 1446 737 subdit
1483 703 1494 737 :
1533 676 1670 735 Οὗτο

1921 685 2141 757 εόδωρος
2189 689 2217 739 ὁ
2264 687 2640 757 Μοψουεστίας
2687 689 2823 745 εἶναι
2880 694 3025 747 δοκεῖ
3081 673 3158 766 (et
3202 699 3423 766 quidem

161 764 315 820 δοκεῖ
343 769 395 822 in
426 786 485 825 re
519 781 668 826 certa
704 773 815 828 dici
855 775 1074 829 solitum
1103 778 1247 846 apud
1273 777 1495 835 Graecos
1525 781 1791 850 quosdam
1838 792 2115 844 auctores,
2162 782 2502 841 demonstrat
2539 784 2983 840 Montfauconius
3008 764 3163 856 prter.
3195 764 3264 841 ad
3307 789 3425 842 Eu-

163 858 273 910 seb.
294 876 480 915 comm.
508 863 563 916 in
589 862 681 919 Ps.
707 880 826 935 cap.
858 867 945 934 x);
969 877 1163 937 quarto
1191 869 1428 939 denique
1460 872 1611 926 loco:
1649 873 1665 924 ’.

1921 872 1985 943 θη
2017 872 2236 942 βιϐλίον,
2259 868 2373 945 οὗή
2402 876 2683 948 ἐπιγραφὴ
2715 876 3014 945 Θεοδώρου
3044 880 3421 950 Ἀντιοχέως·

160 954 190 1003 ὁ
228 956 602 1023 Μοῲουεστίας
630 961 685 1014 δέ
720 962 886 1028 ἐστιν,
911 962 986 1025 ὡς
1006 962 1111 1016 ἀπό
1135 981 1294 1018 τινων
1323 965 1621 1019 ἐπιστολῶν
1651 968 1662 1019 ἑ

1924 987 1928 1011 ι
1953 988 1965 1001 ·
1992 968 2184 1024 Lectus
2216 981 2292 1025 est
2314 971 2444 1027 liber
2475 973 2733 1028 Theodori
2758 974 3071 1030 Antiocltem'
3088 995 3110 1043 ;
3134 979 3217 1033 hic
3247 990 3426 1034 autem

159 1044 254 1100 ille
272 1057 351 1101 est
374 1047 714 1119 Mopsuestia
733 1053 1028 1122 episcopus,
1055 1062 1113 1106 ut
1132 1070 1206 1108 ea:
1227 1055 1541 1125 quibusdam
1570 1058 1807 1126 epistolis
1829 1060 1958 1112 mihi
1983 1060 2227 1116 innotuit.
2261 1061 2401 1132 Ergo
2432 1065 2546 1118 duo
2582 1065 2709 1120 hinc
2745 1069 3047 1137 noscimus,
3080 1087 3276 1141 nempe
3307 1081 3424 1127 tum

158 1141 385 1196 codices
420 1160 639 1216 quoque
679 1154 890 1203 veteres
930 1165 1157 1218 operum
1193 1150 1585 1222 Mopsuesteni,
1648 1158 1848 1209 nedum
1889 1171 1984 1212 eos
2020 1173 2160 1228 quos
2191 1174 2339 1213 nunc
2372 1160 2657 1227 habemus,
2692 1178 2803 1232 prae
2825 1181 2888 1221 se
2919 1168 3115 1225 tulisse
3145 1170 3424 1227 Theodori

158 1237 487 1294 Autiochcni
528 1256 756 1309 nomen;
794 1249 909 1297 tum
958 1245 1173 1313 quoties
1218 1247 1274 1301 in
1308 1247 1391 1301 his
1420 1248 1474 1302 id
1508 1263 1704 1302 nomen
1735 1265 1905 1319 prepe
1934 1266 2031 1320 per
2075 1254 2515 1309 antonomasiam
2562 1257 2825 1322 occurrit,
2854 1259 3265 1332 intelligendum
3296 1279 3423 1319 esse

160 1325 628 1395 Mopsuestenum.
654 1332 827 1388 Porro
863 1342 1043 1389 autem
1076 1338 1220 1406 quod
1253 1348 1446 1393 noster
1477 1337 1801 1395 Theodorus
1848 1343 1901 1394 in
1936 1358 2011 1396 xu
2055 1344 2337 1411 prophetas
2378 1345 2691 1415 scripserit,
2734 1347 2938 1405 diserte
2971 1325 3203 1407 allirmat
3245 1355 3421 1427 Syrus

159 1423 457 1481 libediesus
482 1429 535 1481 in
563 1431 810 1500 catalogo
847 1450 861 1486 :
895 1443 1255 1501 praeterquam
1296 1435 1442 1505 quod
1462 1436 1581 1504 ejus
1606 1437 1789 1506 operis
1818 1438 2011 1494 titulus
2042 1441 2097 1493 in
2140 1440 2374 1495 concilio
2411 1443 2580 1496 etiam
2621 1443 2816 1512 quinto
2830 1443 2907 1513 (α)
2936 1444 3228 1513 scribitur;
3255 1423 3419 1517 quem

156 1523 339 1569 tamen
373 1528 706 1585 postremum
737 1522 915 1577 locum
946 1523 1015 1576 ad
1040 1525 1304 1579 trutinam
1336 1525 1595 1596 deinceps
1622 1536 1922 1586 vocaturus
1948 1545 2089 1584 sum.
2121 1529 2391 1586 Praeterea
2430 1532 2574 1601 quod
2637 1546 2776 1603 Opus
2817 1533 3187 1605 Mopsuesteni
3212 1537 3268 1590 in
3296 1551 3419 1590 ma-

155 1609 323 1663 nibus
353 1610 671 1681 habeamus,
690 1616 816 1671 inde
844 1617 1008 1672 etiam
1040 1621 1438 1688 cognoscimus,
1460 1623 1587 1692 quia
1643 1625 1699 1678 in
1727 1625 1954 1679 exordio
2001 1627 2373 1680 commentarii
2402 1628 2471 1680 ad
2514 1632 2704 1682 Oscam
2731 1634 2785 1681 et
2809 1627 2934 1680 alibi
2972 1643 3078 1680 non
3122 1627 3293 1682 semel
3318 1628 3421 1684 de-

150 1698 332 1751 clarat
371 1711 562 1756 auctor
590 1719 648 1759 se
665 1707 717 1758 in
742 1704 987 1765 Psalmos
1019 1730 1236 1785 quoque
1252 1717 1578 1786 scripsisse:
1620 1735 1783 1790 porro
1815 1736 1844 1774 a
1876 1720 2261 1792 Mopsuesteuo
2290 1725 2621 1779 illustratum
2654 1724 2822 1783 fuisse
2858 1726 3207 1786 Psalterium,
3241 1726 3421 1781 notis-

150 1796 357 1850 simum
391 1809 494 1854 est.
528 1800 632 1856 Sed
666 1804 809 1859 enim
836 1808 971 1864 nihil
1001 1828 1154 1882 aeque
1186 1815 1529 1870 demonstrat
1566 1834 1860 1887 germanas
1895 1834 2018 1875 esse
2054 1820 2425 1890 Mopsuesteni
2472 1823 2570 1877 has
2598 1821 2987 1893 prophetarum
3012 1820 3287 1873 minorum
3322 1834 3419 1872 cx-

151 1889 519 1956 planationes,
542 1910 704 1963 quam
735 1897 913 1966 ipsum
943 1902 1214 1956 scribendi
1248 1920 1442 1974 genus,
1477 1908 1619 1975 quod
1656 1916 1896 1962 veterum
1954 1908 2023 1964 de
2057 1925 2122 1964 eo
2150 1889 2484 1967 testimoniis
2520 1889 2639 1968 sine
2676 1889 2783 1966 ulla
2820 1913 3165 1966 dubitatione
3192 1925 3419 1979 respon-

148 1985 268 2041 det.
304 1988 360 2041 In
392 1990 582 2057 primis
612 1994 888 2049 cernimus
940 1995 1086 2051 hunc
1114 2007 1393 2055 auctorem
1446 2004 1601 2072 sequi
1640 2005 1875 2060 maxime
1901 2006 2140 2061 litteram
2173 2016 2229 2063 et
2284 2008 2596 2072 historiam,
2636 2021 2799 2079 atque
2846 2023 3065 2061 omnem
3098 2006 3416 2077 allegoriam

150 2079 566 2135 studiosissime
594 2080 781 2154 fugere
814 2102 829 2139 :
868 2102 1061 2144 rursus
1095 2092 1246 2146 nullo
1273 2093 1406 2147 vitio
1435 2110 1588 2164 teque
1618 2095 1889 2161 laborare,
1922 2112 2086 2167 quam
2113 2099 2504 2166 permultarum
2530 2101 2913 2170 repetitionum
2940 2098 2996 2151 in
3026 2097 3215 2152 eadem
3242 2098 3419 2149 inter-

147 2171 284 2224 dum
338 2173 533 2243 pagiua
588 2177 916 2243 ingestarum
948 2196 960 2232 :
993 2198 1115 2252 quae
1146 2199 1280 2239 sane
1316 2187 1613 2256 tautologia
1668 2187 1917 2243 delicatis
1975 2188 2203 2244 auribus
2236 2191 2409 2245 multo
2456 2200 2541 2245 est
2583 2193 2990 2249 molestissima.
3034 2192 3175 2247 Idem
3238 2191 3416 2259 longis

146 2268 396 2337 periodis
424 2270 739 2333 involvitur.
767 2274 874 2330 alte
910 2273 1124 2341 incipit,
1150 2274 1240 2327 diu
1276 2277 1496 2344 pendet,
1529 2276 1610 2330 vel
1658 2276 1879 2331 insertis
1904 2279 2060 2332 novis
2100 2279 2387 2334 sententiis
2425 2280 2586 2349 longe
2634 2282 2858 2345 recedit,
2898 2284 2969 2335 ita
2999 2289 3053 2335 ut
3102 2281 3296 2349 legenti
3331 2280 3417 2333 vel

148 2367 534 2434 interpretanti
553 2367 869 2424 salebrosus
899 2368 1175 2422 interdum
1208 2369 1316 2424 liat.
1341 2373 1387 2423 A
1414 2371 1798 2440 Mopsuesteno
1821 2373 1951 2427 dum
1979 2371 2295 2443 Scripturas
2322 2374 2553 2429 arbitrio
2578 2391 2678 2429 suo
2704 2376 3020 2443 explanaret
3054 2374 3415 2442 reprehensos

142 2462 315 2523 atque
345 2456 537 2512 irrisos
577 2473 718 2528 saepe
744 2458 915 2515 fuisse
945 2463 1281 2532 antiquiores
1312 2464 1640 2536 interpretes
1674 2468 1754 2521 ait
1780 2466 2044 2525 Leontius
2078 2479 2265 2525 contra
2298 2468 2452 2524 Nest.
2486 2487 2569 2533 ιιι,
2614 2472 2702 2525 li.
2728 2469 2860 2540 Ejus
2909 2486 3036 2526 vero
3068 2488 3213 2524 nunc
3245 2472 3415 2526 moris

142 2544 591 2615 perfrequentem
620 2548 1144 2607 demonstrationem
1177 2554 1230 2607 in
1264 2554 1350 2611 his
1378 2560 1792 2614 commentariis
1834 2560 2104 2617 videmus.
2147 2561 2279 2616 Item
2317 2563 2613 2632 Scriptura:
2663 2563 2962 2633 permultas
2992 2564 3350 2618 auctoritates
3384 2580 3412 2615 a

144 2634 538 2706 uapsuesteno
569 2639 723 2693 citari
752 2642 942 2700 solitas
977 2646 1053 2699 ait
1083 2645 1349 2718 Photius;
1379 2651 1524 2721 quod
1555 2653 1622 2706 ab
1652 2669 1718 2708 eo
1748 2656 2034 2711 verissime
2056 2658 2261 2711 dictum
2292 2657 2678 2712 commentarii
2705 2674 2852 2713 nunc
2877 2658 3094 2714 docent.
3122 2660 3228 2714 Sed
3264 2660 3412 2713 enim

137 2732 293 2803 quod
324 2734 401 2786 ait
431 2731 812 2791 Tillemontius
844 2736 918 2809 (ὁ)
952 2740 1396 2812 Mopsuestenum
1427 2746 1683 2801 universa
1714 2746 1890 2802 Biblia
1935 2751 2282 2818 complexum
2315 2751 2579 2805 memoria
2619 2750 2814 2815 fuisse,
2868 2751 3029 2820 cujus
3077 2753 3156 2805 rei
3213 2760 3408 2805 testem

137 2831 277 2884 citat
312 2828 605 2896 Leontium
647 2829 726 2885 De
754 2834 909 2886 sectis
943 2839 1051 2884 act.
1085 2843 1334 2897 tv;errat
1384 2833 1544 2902 plane
1574 2834 1655 2889 vir
1699 2835 1896 2890 doctus
1940 2852 2047 2891 non
2076 2837 2366 2892 intellectis
2399 2837 2611 2893 Leontii
2644 2840 2827 2895 verbis
2854 2841 2955 2912 τὴν
2993 2840 3160 2910 ἄλλην
3195 2842 3412 2911 Γραφὴν

138 2928 625 2999 ὑπεμνημάτισεν.
672 2928 815 2983 Sane
845 2945 946 3001 pro
969 2930 1134 3001 ἄλλην
1170 2930 1455 3001 legendum
1481 2946 1603 2985 esse
1626 2938 1640 2978 κέ

1941 2934 2061 3003 ipsa
2088 2935 2306 2999 clamat,
2331 2942 2385 2988 et
2412 2951 2605 2990 revera
2641 2935 2855 2991 Leontii
2860 2937 3224 3017 [interpretes
3239 2936 3411 3004 expli-

134 3030 269 3074 cant
296 3022 563 3074 universa.
600 3018 991 3076 Verumtamen
1014 3022 1461 3093 ὑπεμνημάτισεν
1507 3039 1618 3078 non
1646 3026 1902 3077 memoria
1925 3025 2202 3089 retinebat,
2235 3027 2330 3081 sed
2381 3037 2763 3082 commentatus
2786 3038 2864 3082 est
2910 3028 3201 3098 signiﬁcat.
3231 3027 3413 3093 Quare

130 3110 454 3166 dicendum.
468 3113 538 3164 ad
550 3112 794 3165 universa
824 3110 1004 3166 Biblia
1034 3123 1418 3168 commentatus
1444 3124 1542 3171 est.
1573 3115 1683 3169 lmo
1713 3117 2007 3187 plerosque
2037 3132 2228 3173 omnes
2254 3120 2496 3174 auctoris
2521 3137 2681 3190 quem
2706 3121 2922 3174 edimus
2945 3120 3318 3178 characteres,
3349 3120 3407 3174 in

134 3204 439 3262 Theodoro
462 3205 690 3259 Pbotius
713 3204 1178 3274 deprehendebat.
1205 3204 1297 3260 Sic
1321 3206 1466 3260 enim
1493 3206 1614 3261 cod.

1919 3208 2140 3277 Φεύγων
2162 3210 2253 3263 τὸν
2279 3209 2502 3267 δυνατὸν
2526 3211 2676 3282 αὐτῷ
2698 3212 2896 3283 τρόπον
2924 3214 3023 3276 τὰς
3057 3212 3408 3283 ἀλληγορίας,

131 3302 231 3355 καὶ
271 3300 419 3355 κατὰ
450 3301 548 3371 τὴν
590 3301 825 3372 ἱστορίαν
871 3300 972 3369 τὴν
1036 3301 1335 3372 ἑρμηνείαν
1384 3300 1738 3371 ποιούμενος·
1780 3304 2098 3373 ταυτολογεῖ
2127 3305 2183 3358 δὲ
2238 3304 2306 3358 τὰ
2345 3306 2699 3372 πλεῖστα,καὶ
2727 3307 2929 3378 ἄχαρίς
2972 3325 3086 3367 πως
3119 3308 3211 3359 καὶ
3238 3307 3413 3378 ἀηδὴς

132 3390 277 3446 εἶναι
301 3380 469 3446 δοκεῖ.
513 3391 650 3446 Tum
680 3393 802 3447 cod.
852 3410 927 3460 Iv,
962 3396 1117 3449 Ἔστι
1146 3396 1204 3449 δὲ
1239 3396 1338 3467 μὲν
1370 3397 1569 3467 φράσιν
1600 3400 1664 3453 οὐ
1690 3399 1830 3453 πάνυ
1860 3400 2144 3471 λαμπρός·
2181 3404 2302 3467 ταῖς
2331 3403 2388 3456 δὲ
2414 3404 2673 3468 διανοίαις
2717 3407 2810 3458 καὶ
2836 3408 2947 3467 τοῖς
2986 3406 3409 3476 ἐπιχειρήμασιν

132 3486 255 3539 λίαν
291 3486 515 3550 πυκνὸς,
552 3488 645 3539 καὶ
671 3490 790 3549 ταῖς
812 3491 1107 3559 γραφικῶς
1139 3491 1336 3560 ἄριστα
1365 3490 1609 3545 πλουτῶν

1906 3512 1985 3557 ιις.
2030 3495 2282 3563 (Photius
2315 3498 2505 3554 codice
2550 3500 2677 3554 item
2708 3506 2863 3553 sesto
2914 3497 3240 3552 densitatem
3278 3514 3408 3552 seu-

130 3585 436 3639 lentiarutn
467 3581 735 3638 Theodori
757 3584 981 3649 innuit.)
1011 3581 1254 3653 Denique
1283 3583 1405 3637 cod.
1442 3598 1632 3638 cnxxv:

1900 3588 2000 3656 φὴς
2028 3586 2090 3640 δέ
2124 3590 2261 3653 ἐστι,
2286 3589 2376 3642 καί
2403 3607 2484 3643 τοι
2513 3590 2659 3656 λέξει
2692 3590 2751 3643 οὐ
2779 3589 3059 3659 ξενιζούσῃ
3092 3588 3402 3659 χρώμενος·

132 3680 275 3734 ἀλλὰ
304 3685 382 3756 τῷ
406 3681 761 3751 σχοινοτενέσι
794 3678 1026 3752 χρῆσθαι
1054 3681 1118 3733 ὲκ
1140 3678 1235 3732 τοῦ
1266 3679 1357 3731 ἐπὶ
1384 3678 1635 3733 πλεῖστον
1670 3681 1938 3751 περιόδοις
1967 3683 2062 3735 καὶ
2110 3684 2483 3756 παρεμϐολαῖς
2533 3684 2974 3756 ἀλλεπαλλήλοις,
3002 3684 3068 3737 δι’
3098 3678 3173 3737 ὧν
3203 3686 3296 3737 καὶ
3328 3688 3409 3748 εὶς

133 3776 405 3845 μήκιστον
435 3777 463 3828 ὁ
490 3772 611 3835 νοῦς
635 3774 977 3827 ἀποτείνεται
1004 3772 1114 3827 τῶν
1151 3776 1548 3845 προκειμένων,
1578 3777 1698 3839 ταῖς
1744 3794 1805 3828 τε
1845 3776 1953 3830 τῶν
2002 3778 2282 3846 ὀνομάτων
2314 3780 2569 3850 πλαγίαις
2595 3779 2688 3833 καὶ
2730 3782 2851 3843 ταῖς
2885 3781 3198 3850 μετοχικαῖς
3228 3779 3407 3843 λέξεσι

130 3866 474 3931 πλεονάζειν,
504 3866 572 3918 τὰ
590 3866 731 3919 αὑτά
760 3882 817 3917 τε
847 3865 1105 3928 πολλάκις
1126 3867 1218 3919 καὶ
1242 3866 1362 3918 οὐδὲ
1393 3868 1490 3921 σὺν
1512 3867 1706 3938 κόσμῳ
1733 3870 2151 3934 ὲπανακυκλεῖν,
2174 3872 2267 3924 καὶ
2296 3871 2394 3935 τὰς
2415 3873 2780 3943 ἐπαναλήψεις
2796 3869 2956 3929 πλέον
2979 3875 3087 3928 τῶν
3102 3875 3407 3947 διηγήσεων

130 3966 300 4036 (ὅπερ
322 3959 587 4033 ἀμὲθοδον
602 3957 905 4027 παντελῶς)
937 3962 1053 4023 ταῖς
1108 3962 1464 4032 περιστάσεσι
1506 3961 1911 4031 μεμεστῶσθαι,
1966 3964 2062 4017 καὶ
2106 3966 2221 4027 τοῖς
2254 3965 2534 4031 τοιούτοις,
2569 3968 2670 4021 οὐκ
2702 3969 2881 4036 ὀλίγον
2907 3968 3069 4039 ζόφον
3095 3970 3203 4024 τῶν
3236 3972 3404 4025 αὑτοῦ

128 4058 480 4127 γραμμάτων
508 4054 922 4118 κατασκεδὰζει.
966 4052 1137 4106 Porro
1166 4053 1230 4108 ad
1282 4054 1464 4123 fugam
1502 4054 1630 4122 alleg

1921 4055 2068 4124 quod
2124 4058 2341 4121 attinet,
2382 4060 2468 4113 cui
2503 4058 2921 4131 Mopsuestcnus
2970 4064 3175 4135 ubique
3198 4067 3399 4127 studet,

128 4148 247 4208 ipse
284 4149 496 4204 scilicet
551 4148 655 4203 sibi
706 4156 790 4202 est
849 4150 1274 4209 consentaneus,
1321 4145 1412 4213 qui
1457 4159 1599 4214 opus
1640 4152 1837 4200 contra
1874 4145 2165 4217 Origenem
2207 4158 2371 4220 atque
2397 4152 2721 4223 allegoricos
2759 4156 2983 4227 scripsit
3017 4158 3113 4229 (c).
3148 4157 3404 4215 Profecto

127 4240 424 4311 Origenem
448 4240 568 4295 sine
599 4239 766 4293 limite
794 4237 1102 4308 allegoricis
1130 4237 1679 4309 interpretationibus
1719 4241 2043 4306 indulsisse,
2080 4260 2255 4315 eoque
2306 4246 2558 4301 instituto
2604 4264 2821 4306 sacram
2854 4252 3159 4309 doctrinam
3195 4264 3249 4310 ct
3290 4256 3403 4312 his-

132 4330 335 4383 toriam
362 4344 582 4398 pessum
614 4344 760 4399 smpe
785 4329 1030 4400 dedisse,
1060 4342 1224 4403 atque
1251 4332 1542 4390 innumera
1572 4336 1822 4391 errOrum
1854 4349 2109 4409 portenta
2153 4341 2448 4407 invexisse,
2481 4361 2643 4400 nemo
2679 4358 2765 4402 est
2806 4350 2896 4421 qui
2931 4357 3107 4420 neget.
3150 4351 3400 4406 Morbum

127 4418 279 4473 hunc
328 4420 757 4489 ingeniosissimi
803 4420 1055 4494 Origenis
1107 4424 1244 4479 Satis
1297 4435 1667 4494 praesenserat
1704 4437 1860 4498 pater
1902 4430 2059 4499 ejus,
2103 4430 2312 4487 Christi
2349 4435 2588 4506 inclytus
2626 4418 2836 4511 martyr
2866 4418 3157 4509 Leonidas,
3180 4444 3301 4512 qui,
3340 4450 3400 4498 ut

127 4512 301 4567 tradit
342 4510 611 4567 Eusebius
653 4512 770 4583 (ά),
813 4514 1254 4571 admonefeccrat
1290 4515 1462 4570 lilium
1520 4534 1587 4572 ne
1641 4519 1783 4573 ultra
1847 4520 2069 4576 obvium
2125 4538 2347 4577 sensum
2400 4527 2455 4579 in
2512 4527 2715 4584 divinis
2750 4510 3050 4601 Scripturis
3097 4510 3397 4604 quidquam

125 4604 458 4673 requireret,
500 4603 577 4674 μὴ
623 4605 721 4675 τῆς
754 4606 1067 4678 προφανοῦς
1096 4607 1333 4672 διανοίας
1372 4612 1627 4682 περαιτέρ

1895 4616 1997 4668 ιεῖν
2036 4620 2338 4687 παραυδῶν.
2398 4621 2463 4674 Et
2502 4624 2725 4693 quidem
2770 4641 2869 4697 ego
2912 4639 3103 4683 contra
3146 4630 3397 4698 Origenis

123 4694 452 4749 audaciores
474 4695 681 4764 aliquot
708 4695 1020 4766 allegorias,
1058 4698 1207 4753 locos
1240 4700 1537 4754 nonnullos
1574 4700 1795 4756 Patrum
1852 4706 2164 4775 incognitos
2215 4711 2589 4779 producturus
2621 4716 2673 4770 in
2715 4694 2890 4773 lucem
2921 4720 3215 4791 aliquando
3248 4694 3395 4779 sum.

118 4784 484 4841 Caesariensis
514 4783 779 4841 Eusebius
804 4786 1056 4856 Origenis
1081 4787 1461 4858 perstudiosus
1494 4791 1875 4863 apologeticon
1909 4798 2133 4868 scripsit
2166 4816 2267 4870 pro
2295 4803 2603 4874 allegoricis
2620 4807 2787 4877 hujus
2804 4783 3351 4883 interpretationibus
3378 4833 3394 4881 ;

119 4879 287 4947 cujus
312 4878 391 4932 rei
418 4879 681 4934 certiores
714 4896 815 4935 nos
864 4880 997 4935 facit
1030 4882 1333 4939 Ebediesus
1363 4884 1417 4938 in
1461 4887 1713 4959 catalogo
1752 4886 1847 4959 (ε),
1899 4891 1994 4961 qui
2036 4892 2189 4948 addit
2241 4894 2463 4952 Eusebii
2496 4899 2549 4953 id
2603 4916 2743 4972 opus
2793 4878 3091 4962 refutatum
3152 4908 3326 4967 fuisse

119 4968 435 5024 Theodoro.
465 4968 648 5035 Quare
671 4971 782 5040 jam
810 4988 972 5027 nemo
1003 4975 1475 5041 mirabitur,nihil
1502 4980 1735 5035 omnino
1762 4981 2060 5053 allegorice
2089 5001 2256 5042 sensu
2292 4990 2433 5059 apud
2468 4968 2716 5047 nostrum
2750 5007 3030 5053 auctorem
3059 5001 3193 5058 dici.
3217 5003 3393 5059 Cmte-
3439 5007 3441 5010 ⁴

117 5064 281 5171 ιυριιί
325 5062 470 5166 quod
493 5065 690 5171 attinet
733 5065 802 5119 ad
842 5067 1135 5137 Augustini
1186 5071 1254 5139 (ι’)
1313 5088 1407 5129 seu
1447 5075 1629 5144 potius
1662 5074 1819 5133 Pauli
1862 5078 2089 5147 dictum,
2142 5083 2287 5153 quod
2337 5102 2501 5142 omne
2525 5086 2696 5145 Vetus
2747 5090 3160 5152 Testamentum
3222 5099 3395 5171 ﬁgura

117 5157 191 5210 sit
223 5154 385 5220 Novi,
416 5155 674 5226 quodque
700 5160 884 5213 omnia
912 5160 981 5214 ad
1028 5161 1309 5219 Christum
1340 5176 1527 5237 postea
1555 5177 1849 5226 venturum
1888 5175 2059 5229 relata
2100 5176 2323 5244 fuerint,
2359 5180 2632 5238 Theodori
2655 5200 2875 5256 quoque
2904 5191 3079 5245 nostri
3128 5154 3395 5251 constans

117 5246 392 5349 sententia
415 5255 510 5355 est.
530 5255 645 5301 tum
681 5248 735 5302 in
770 5251 1012 5322 prologis
1045 5260 1161 5308 tum
1198 5256 1361 5310 etiam
1392 5259 1544 5313 alibi.
1582 5260 1838 5317 Profecto
1873 5266 2228 5336 allegoricum
2275 5279 2329 5324 et
2357 5246 2718 5345 anagogicuin
2753 5246 2807 5333 et
2838 5280 3069 5349 quodvis
3098 5246 3393 5355 mysticum

116 5336 512 5407 interpretandi
560 5354 733 5407 genus
786 5358 947 5396 nemo
988 5346 1112 5413 pius
1142 5361 1238 5414 per
1272 5363 1331 5402 se
1363 5359 1706 5418 contemnet,
1737 5355 1886 5423 quod
1939 5357 2077 5426 ipsis
2123 5362 2386 5429 apostolis
2448 5336 2819 5438 Pvatvribusque
2854 5336 3390 5440 .apostoliciasrh‘aud

117 5428 441 5484 inusitatum
472 5431 742 5487 videmus.
776 5432 1123 5507 Caeteroquin
1157 5447 1430 5508 quatenus
1465 5446 1872 5513 procedendum
1906 5450 1997 5516 sit,
2030 5449 2085 5503 id
2132 5450 2351 5507 demum
2390 5458 2688 5524 prudentes
2717 5428 3040 5529 decerrient,
3075 5463 3171 5535 qui
3221 5478 3397 5534 neque

1900 5605 1953 5665 (Ι)
1987 5605 2123 5658 Ilisl.
2156 5608 2284 5663 εστι.
2327 5607 2414 5673 Vl,
2444 5610 2497 5663 2.

188 5674 259 5719 ψ)
283 5674 598 5735 agam-Iacet.
633 5674 766 5714 tom.
808 5674 899 5715 Ml
935 5679 988 5733 p.
1024 5674 1149 5721 451.
1648 5741 1658 5751 .
1877 5680 1941 5743 (ρ)
1966 5674 2098 5743 Cap.
2140 5678 2225 5731 H.

618 5731 779 5787 catal.
810 5748 929 5803 cap.
981 5738 1060 5802 l9,
1101 5736 1344 5795 Facund.
1380 5756 1459 5808 ιιι,
1495 5740 1562 5807 6;
1600 5739 1691 5795 Ιιι-
1872 5746 1934 5817 (f)
1975 5746 2046 5801 De
2068 5746 2193 5805 Gen.
2222 5750 2289 5803 ad
2325 5751 2428 5805 litt.
2466 5752 2505 5818 l,
2548 5754 2599 5808 l.

187 5580 427 5673 βδέΞὲ
465 5584 747 5673 Ml?“-
1878 5605 1894 5673 (

283 5650 598 5739 ξςΙέηιπεεέι.
633 5667 766 5739 tom_.
807 5660 899 5715 XII
935 5679 988 5733 p.
1024 5666 1149 5739 45f.
1877 5650 1890 5739 ί
