3824 6224
382 299 476 352 ιιι
1613 281 1773 339 ANG.
1817 279 1963 336 ΜᾹΠ
2001 276 2396 334 ΡΒᾹΞἘᾹΤῙΟ.
3525 287 3545 338 ι
3565 283 3630 339 ω

381 421 491 468 tota
515 404 852 466 credulitatis
888 403 1038 457 frena
1071 401 1355 463 laxabunt,
1399 412 1576 468 neque
1616 396 1958 450 committent
1995 402 2054 447 ut
2092 409 2203 447 non
2235 400 2342 446 tam
2391 393 2741 464 interpretari
2794 394 3081 451 videantur
3117 411 3280 467 quam
3321 397 3428 453 vim
3476 398 3628 452 Scri-

381 503 556 575 pturis
591 500 790 558 inferre
821 513 834 548 :
862 494 1016 564 quasi
1041 507 1150 546 non
1183 492 1255 547 sit
1289 489 1561 558 piaculum
1591 501 1802 542 sacram
1832 485 2139 540 doctrinam
2172 484 2492 553 depravare,
2529 493 2582 538 et
2603 485 2669 538 ad
2701 486 3035 542 voluntatem
3069 503 3225 543 suam
3259 490 3479 544 oracula
3514 499 3633 545 tra-

383 601 510 652 here
543 591 922 661 repugnantia.
949 585 1208 642 Nonnulli
1237 581 1456 637 interim
1485 587 1697 634 tantum
1734 579 1851 638 sibi.
1870 593 2176 647 sumpsere,
2217 585 2276 631 ut
2312 576 2578 646 quidquid
2606 575 2711 646 ipsi
2742 579 2960 643 vellent,
2975 581 3260 650 Scriptura
3288 583 3538 639 sentiret,
3564 583 3635 639 Ει

382 701 561 746 tamen
597 700 826 756 magnus
858 682 1220 750 Hieronymus
1247 677 1324 745 (a)
1349 674 1792 731 commemoratis
1820 672 2185 726 vetustiorum
2215 671 2425 741 aliquot
2451 671 2506 724 in
2527 667 2846 724 Zachariam
2877 674 3184 741 prophetam
3217 677 3632 733 commentariis

382 784 650 858 mysticis,
700 781 884 836 statim
933 776 1118 832 subdit
1171 789 1230 828 se
1285 770 1527 824 historia:
1573 766 1887 823 Judaaorum
1946 765 2311 836 tropologiam
2362 765 2654 821 miscuisse
2695 765 3158 836 Christianorum,
3218 779 3279 826 ut
3333 771 3634 828 aediﬁcaret

383 894 548 949 supra
583 884 791 948 petram
831 880 885 928 et
909 886 1017 925 non
1055 884 1220 938 super
1244 881 1487 930 arenam,
1521 879 1585 919 ac
1624 863 1823 920 stabile
1847 862 2052 932 iaceret
2071 862 2491 917 fundamentum
2519 860 2667 932 quod
2684 861 2889 920 Paulus
2915 864 3253 920 architectus
3288 870 3544 938 posuisse
3573 885 3636 925 se

383 970 596 1026 scribit.

450 1062 541 1118 1V.
577 1060 868 1128 Reliquum
895 1061 980 1109 est
1013 1061 1071 1106 at
1103 1050 1445 1106 suboricntes
1475 1045 1740 1117 quasdam
1775 1052 1968 1099 contra
2012 1045 2349 1100 authentiam
2376 1047 2577 1116 operis,
2603 1064 2700 1104 seu
2743 1047 2924 1118 potius
2950 1047 3016 1102 de
3037 1055 3258 1103 auctore
3290 1049 3430 1119 ejus,
3467 1050 3636 1105 dubi-

385 1159 620 1213 taliones
650 1153 917 1210 retellam.
950 1147 1008 1202 In
1033 1148 1238 1216 quintae
1263 1143 1457 1216 synodi
1496 1143 1714 1197 actione
1744 1149 1963 1211 quarta,
1991 1141 2288 1195 multarum
2326 1141 2591 1199 adversus
2638 1143 2983 1199 Theodorum
3013 1143 3461 1200 criminatiomnn
3488 1147 3641 1202 vice-

384 1258 520 1310 sima
556 1253 702 1306 hunc
729 1248 892 1302 habet
916 1245 1134 1299 titulum
1166 1261 1179 1297 :
1216 1239 1478 1295 Theodori
1501 1237 1859 1306 Mopsuesteni
1894 1251 1959 1291 ea:
1991 1237 2251 1306 principio
2277 1240 2643 1292 commentarii
2665 1237 2764 1309 (ὁ),
2799 1237 2938 1308 quod
2963 1239 3017 1292 in
3045 1237 3323 1292 duodecim
3355 1241 3639 1309 prophetas

383 1350 616 1419 scripsit,
636 1344 898 1414 abnegans
918 1338 1219 1409 prophetias
1249 1336 1312 1388 de
1348 1333 1560 1390 Christo
1586 1348 1698 1386 esse
1718 1331 2002 1400 prtedictas
2020 1347 2040 1396 ;
2072 1331 2164 1386 sed
2195 1349 2300 1385 non
2351 1333 2579 1388 volentes
2633 1333 2901 1404 (loquitur
2927 1332 3336 1404 Mopsuetenus)
3372 1334 3478 1388 ista
3505 1352 3638 1390 con-

384 1444 639 1500 siderare,
669 1453 812 1494 voces
840 1449 1014 1489 omnes
1041 1431 1246 1484 trahere
1282 1428 1350 1482 ad
1378 1428 1663 1481 Dominum
1687 1436 1889 1480 tentant
1915 1425 2207 1492 Christum,
2235 1434 2292 1478 ut
2313 1437 2361 1480 et
2387 1444 2503 1498 qua:
2524 1428 2587 1482 de
2613 1429 2806 1498 populo
2827 1430 2975 1496 facta
2997 1438 3142 1493 sunt,
3180 1428 3346 1482 simili
3368 1433 3524 1483 modo
3551 1433 3640 1485 in-

385 1537 697 1607 telligerent,
749 1540 798 1583 et
843 1528 1009 1581 risum
1058 1529 1372 1592 praestarent
1421 1517 1664 1583 Iudicis,
1724 1519 1936 1589 quando
1985 1532 2050 1572 ex
2088 1519 2407 1587 scriptorum
2451 1521 2721 1590 sequentia
2758 1520 2892 1574 nihil
2941 1519 3010 1573 ad
3042 1520 3324 1574 Dominum
3365 1519 3643 1578 Christum

384 1628 696 1696 pertinentes
716 1617 994 1674 ostendunt
1015 1629 1182 1669 voces.
1220 1610 1403 1681 Pergit
1431 1609 1628 1664 deinde
1657 1608 2028 1678 Mopsuesteni
2056 1616 2347 1662 accusator
2379 1623 2502 1679 cap.
2527 1612 2595 1664 21
2621 1619 2674 1666 et
2703 1612 2774 1664 22
2801 1610 3046 1682 proferre
3066 1613 3278 1681 aliquot
3303 1615 3640 1680 psalmorum

388 1723 559 1780 locos,
593 1733 623 1771 e
660 1712 861 1784 quibus
885 1705 1203 1763 vaticinium
1235 1702 1519 1757 exclusum
1552 1701 1909 1770 conqueritur
1939 1714 1970 1753 a
2009 1698 2421 1769 Mopsuesteno.
2444 1699 2699 1757 Jamvero
2741 1700 3123 1756 Commentarii
3155 1702 3212 1755 in
3255 1718 3330 1757 xu
3356 1706 3642 1775 prophetas

386 1819 504 1877 sine
527 1813 693 1868 dubio
721 1809 938 1863 initium
965 1799 1342 1870 interpretatio
1371 1796 1524 1852 Osete
1546 1805 1650 1860 est,
1689 1811 1798 1850 non
1822 1804 1932 1849 tam
1969 1797 2098 1865 quia
2149 1795 2204 1850 id
2234 1796 2370 1850 ordo
2411 1795 2529 1866 ipse
2561 1795 2616 1850 in
2661 1796 2943 1852 codicibus
2982 1798 3162 1863 docet,
3207 1817 3371 1872 quam
3399 1804 3528 1873 quia
3557 1804 3643 1860 sic

387 1915 462 1966 ait
483 1905 674 1980 primis
697 1899 882 1956 verbis
912 1905 1126 1949 auctor.
1161 1888 1324 1958 Atqui
1359 1887 1415 1940 in
1436 1886 1563 1949 hoc,
1610 1885 1753 1954 quod
1779 1883 1917 1946 dixi,
1967 1883 2128 1938 initio
2179 1883 2388 1937 nullum
2419 1897 2723 1938 consonum
2759 1885 3032 1954 synodico
3057 1885 3135 1939 illi
3177 1894 3489 1946 testimonio
3513 1907 3642 1948 ver-

387 2011 514 2063 bum
536 2011 639 2059 est.
665 1995 806 2064 Quid
840 1989 1006 2062 ergo?
1029 1988 1305 2044 idcircone
1355 1983 1423 2036 de
1451 1991 1676 2036 auctore
1705 1980 1961 2035 dubitare
1992 1980 2156 2034 licet?
2190 1980 2414 2034 minime
2454 1980 2718 2050 gentium.
2749 1982 2888 2035 Cum
2942 1982 3089 2036 enim
3135 1985 3356 2041 aliunde
3383 1990 3642 2058 explora-

387 2103 662 2158 tissimum
707 2095 801 2156 sit,
847 2081 1226 2144 commentarii
1253 2077 1418 2149 hujus
1470 2077 1916 2146 Mopsuestenmn
1978 2092 2101 2131 esse
2155 2084 2460 2138 auctorem,
2501 2077 2752 2147 sequitur
2803 2087 2862 2132 ut
2915 2078 2972 2132 iu
3006 2079 3271 2150 synodico
3307 2084 3494 2141 codice
3540 2101 3644 2156 pro

388 2186 782 2252 Commentario
805 2183 860 2237 in
895 2193 969 2233 xu
995 2173 1298 2245 prophetas,
1327 2170 1748 2226 Commentarius
1773 2170 1830 2221 in
1853 2167 2101 2222 Psalmos
2132 2168 2481 2238 reponendus
2512 2169 2616 2235 sit;
2660 2168 2814 2240 isque
2845 2185 3002 2225 error
3042 2173 3127 2228 vel
3168 2172 3488 2248 Callonymo
3511 2195 3648 2234 con-

385 2285 498 2342 cilii
531 2277 745 2336 notario
774 2288 870 2331 seu
891 2265 1183 2338 eclogario,
1213 2264 1306 2333 qui
1332 2263 1405 2317 ibi
1435 2262 1649 2325 recitat,
1683 2260 2045 2315 ascribendus
2066 2269 2150 2315 est
2174 2277 2189 2326 ;
2227 2259 2312 2313 vel
2341 2267 2489 2314 certe
2513 2271 2698 2329 postea
2732 2261 2798 2325 in
2817 2261 3111 2332 synodicos
3139 2264 3379 2331 codices,
3406 2282 3643 2336 quorum

390 2379 574 2435 nullus
602 2372 737 2428 satis
771 2363 1031 2432 antiquus
1048 2371 1336 2426 superesse
1367 2354 1608 2419 videtur,
1645 2353 1898 2424 irrepsit.
1938 2351 2143 2424 Synodi
2179 2353 2387 2422 quinta:
2417 2352 2642 2409 Graecus
2673 2354 2756 2409 vel
2791 2355 2986 2410 saltem
3037 2355 3266 2412 Latinus
3295 2359 3466 2414 codex
3509 2362 3647 2418 mihi

389 2471 575 2527 nullus
607 2465 672 2518 ad
697 2472 918 2515 manum
948 2461 1052 2514 est.
1088 2450 1143 2504 in
1167 2465 1278 2519 quo
1311 2446 1600 2502 lectionem
1634 2448 1889 2516 vestigem
1924 2463 1936 2500 :
1977 2448 2279 2515 praesertim
2311 2446 2440 2516 quia
2472 2447 2667 2516 synodi
2699 2446 2867 2516 hujus
2901 2456 3024 2501 acta
3051 2450 3310 2520 pleraque
3339 2453 3644 2522 perierunt.

394 2563 533 2630 Ergo
557 2553 795 2616 interim,
825 2550 1000 2604 donec
1030 2545 1327 2614 synodicus
1355 2541 1528 2598 codex
1569 2542 1768 2597 aliquis
1804 2543 2084 2596 meliorem
2138 2541 2374 2596 fortasse
2407 2541 2699 2596 lectionem
2747 2541 2958 2606 oderat,
2983 2558 3082 2612 ego
3111 2545 3330 2614 quidem
3365 2549 3430 2601 ad
3471 2564 3651 2604 remo-

392 2655 622 2711 vendant
653 2651 796 2702 hanc
822 2641 1316 2699 contradictionem
1365 2639 1726 2708 sequentibus
1758 2649 1880 2691 utar
1923 2640 2281 2707 argumentis.
2325 2637 2540 2692 Titulus
2588 2639 2679 2692 ille
2719 2653 2782 2692 ea:
2810 2637 3067 2707 principio
3103 2642 3470 2696 commentarii
3488 2643 3543 2696 in
3571 2659 3648 2697 xu

394 2750 674 2821 prophetas
718 2755 948 2812 prorsus
977 2734 1192 2790 videtur
1238 2745 1362 2785 esse
1392 2731 1754 2799 obreptitius;
1813 2727 2080 2796 quidquid
2128 2728 2274 2780 enim
2325 2728 2399 2781 ibi
2438 2727 2692 2796 praecedit
2736 2738 2830 2781 aut
2878 2728 3148 2795 sequitur,
3190 2730 3242 2784 id
3285 2745 3318 2785 θ
3371 2730 3650 2790 Theodori

396 2815 792 2899 Commentario
820 2833 874 2885 in
909 2826 1158 2882 Psalmos
1195 2820 1499 2874 desumitur
1545 2837 1558 2872 :
1600 2816 1854 2887 praecedit
1897 2817 2040 2871 enim
2089 2815 2324 2882 eiusdem
2355 2832 2419 2869 ea:
2452 2817 2881 2885 interpretatione
2928 2824 3097 2876 octavi
3134 2825 3358 2891 psalmi;
3403 2829 3655 2898 sequitur

395 2933 632 3006 ejusdem
689 2929 744 2982 in
770 2925 1035 2996 psalmum
1056 2918 1356 2972 vicesimum
1384 2917 1632 2984 primum.
1658 2913 1717 2966 Et
1745 2923 1932 2980 postea
1961 2913 2197 2983 ejusdem
2229 2913 2292 2966 de
2315 2913 2745 2981 interpretatione
2767 2930 2934 2970 cxvm
2966 2919 3178 2985 psalmi.
3205 2919 3308 2976 Sed
3327 2923 3470 2992 quod
3487 2933 3655 2994 caput

399 3040 504 3095 est,
542 3027 647 3083 loci
682 3021 807 3094 ipsi,
837 3020 930 3090 qui
983 3016 1086 3071 sub
1115 3013 1254 3068 falso
1289 3013 1447 3066 titulo
1492 3010 1874 3066 Commentarii
1915 3010 1971 3062 in
2022 3025 2095 3062 xu
2139 3012 2415 3077 prophetas
2465 3009 2729 3070 citantur,
2776 3010 3012 3064 universi
3044 3027 3075 3066 e
3108 3010 3342 3071 Psalmis
3370 3025 3654 3087 petuntur,

405 3134 565 3192 atque
588 3112 898 3173 intermedii
928 3115 1058 3162 sunt
1087 3106 1230 3165 inter
1266 3117 1522 3164 octavum
1552 3115 1601 3161 et
1635 3105 1955 3160 vicesimum
1977 3109 2211 3173 primum
2233 3103 2524 3170 psalmum,
2557 3103 2649 3171 qui
2686 3102 2940 3156 laudatur
2968 3103 3023 3157 in
3069 3107 3437 3177 subsequente
3463 3112 3653 3184 titulo;

405 3227 598 3284 nempe
626 3206 978 3279 proferuntur
1033 3215 1063 3254 e
1100 3202 1325 3269 psalmis
1351 3213 1429 3254 xu
1461 3206 1516 3252 et
1542 3213 1631 3264 xv,
1663 3204 1716 3251 et
1757 3211 1820 3250 ex
1855 3193 1976 3262 ipso
1999 3195 2256 3264 xxﬁqua
2285 3209 2350 3247 ex
2388 3208 2446 3246 re
2497 3200 2722 3262 apparet
2768 3194 3090 3263 synodicum
3133 3201 3462 3270 eclogarium
3518 3205 3656 3260 nihil

404 3281 551 3368 aliud
579 3307 651 3362 ibi
694 3302 920 3357 recitare
954 3308 1117 3364 quam
1147 3291 1393 3344 locorum
1432 3287 1629 3342 seriem
1659 3299 1724 3338 ex
1768 3282 2160 3337 Commentario
2211 3281 2581 3352 Mopsucsteni
2633 3283 2689 3335 in
2727 3281 2976 3338 Psalmos
3006 3287 3298 3344 ordinatim
3361 3307 3658 3366 excerpta-

405 3417 548 3457 rum.
573 3397 638 3450 Et
669 3390 888 3463 quidem
925 3387 980 3440 in
1020 3380 1254 3437 Psalmis
1280 3376 1515 3432 maxime
1565 3372 1991 3441 interpretandis
2035 3388 2224 3426 ansam
2265 3373 2745 3428 criminationibus
2780 3375 3052 3430 obtulerat
3102 3377 3537 3449 Mopsuestenus,
3561 3389 3656 3456 qui

402 3490 627 3569 juvenili
660 3489 712 3540 in
744 3485 813 3538 iis
843 3479 1068 3534 audacia
1095 3472 1462 3529 exsultaverat
1491 3485 1505 3522 :
1536 3481 1659 3520 nam
1687 3465 1734 3519 si
1764 3471 1912 3518 certe
1936 3479 2061 3519 vera
2092 3473 2280 3517 narrat
2317 3463 2580 3518 Leontius
2609 3463 2705 3518 Ιιὶ).
2741 3479 2822 3528 ιιι,
2857 3465 2947 3524 15,
2973 3479 3158 3522 contra
3197 3469 3377 3538 Nest.,
3409 3477 3655 3544 psalmos

406 3553 595 3643 omnes
625 3580 693 3635 ad
720 3569 1108 3630 Zorobabelem
1136 3572 1191 3616 et
1217 3560 1466 3614 Ezeciam
1509 3557 1791 3620 retulerat,
1830 3555 2006 3609 tribus
2044 3564 2253 3608 tantum
2289 3555 2516 3623 Christo
2540 3553 2772 3608 Domino
2818 3561 3134 3613 reservatis.
3175 3560 3311 3616 Tum
3358 3563 3664 3637 Hesychius

411 3642 702 3735 historicus
741 3664 884 3738 apud
905 3657 1102 3716 concil.
1141 3653 1207 3715 ν,
1249 3660 1358 3705 act.
1389 3666 1447 3710 γ.
1475 3647 1544 3702 de
1579 3646 1964 3715 Mopsuesteno
1994 3647 2073 3698 sic
2106 3644 2347 3711 loquitur
2376 3663 2388 3697 :
2438 3642 2621 3695 Prima
2645 3643 2897 3697 elementa
2927 3663 3039 3700 sure
3066 3647 3322 3706 άοεινὶηιε
3341 3669 3406 3707 επ
3427 3653 3662 3710 “dm-co

409 3771 709 3838 vaniloqttio
743 3761 1018 3829 incipiens,
1062 3751 1295 3807 codicem
1338 3746 1391 3800 in
1427 3743 1764 3815 prophetiam
1798 3742 2134 3812 psalmorum
2169 3739 2500 3806 conscripsit,
2522 3755 2696 3792 ontnes
2739 3738 2801 3792 de
2844 3739 3072 3793 Domino
3108 3743 3472 3807 pra'diclt'ones
3503 3745 3667 3801 abne—

410 3827 639 3940 gantein.
673 3827 860 3923 Neque
891 3860 1073 3903 tamen
1099 3848 1327 3897 externo
1365 3833 1681 3890 testimonio
1709 3847 1848 3900 opus
1872 3837 1974 3896 est,
2006 3846 2128 3882 cum
2165 3829 2342 3897 ipsum
2367 3837 2643 3881 auctorem
2676 3827 2972 3881 habeamus
3001 3832 3202 3898 scripta
3232 3847 3327 3886 sua
3351 3833 3404 3886 in
3425 3835 3663 3901 psalmos

411 3918 683 4029 Eiet-mue
713 3918 795 4001 sic
815 3943 1164 3995 accusantem
1195 3931 1249 3983 in
1283 3927 1511 3997 epistola
1544 3925 1778 3994 quadam
1809 3922 1950 3990 apud
1985 3920 2300 3974 Facundum
2339 3934 2420 3983 ιιι,
2465 3919 2497 3972 6
2531 3935 2546 3972 :
2587 3918 2668 3970 Ea
2691 3935 2805 3987 qua:
2827 3921 3025 3989 scripta
3055 3933 3174 3976 sunt
3213 3923 3264 3977 in
3300 3926 3538 3994 psalmos
3558 3930 3664 3981 mi-

411 4013 716 4116 ;aris,-quw
744 4040 906 4095 etiam
933 4033 1106 4102 prima
1129 4034 1439 4078 creterorum
1463 4021 1696 4073 omnium
1724 4017 2032 4080 scripsimus
2062 4032 2199 4068 :non
2223 4025 2396 4066 atttem
2420 4023 2676 4082 quantam
2702 4021 3003 4078 oportuerat
3021 4013 3301 4068 habuimus
3324 4017 3466 4070 circa
3495 4018 3664 4072 istam

414 4159 520 4200 rem
540 4109 866 4206 diligentiam
897 4141 914 4178 :
938 4120 1083 4191 passi
1106 4123 1242 4174 enim
1277 4133 1457 4172 sumus
1484 4128 1803 4185 quwcunque
1842 4112 2166 4179 incipientes,
2195 4121 2247 4162 ut
2280 4110 2466 4172 evenit,
2495 4111 2549 4162 in
2580 4111 2844 4177 imperitia
2868 4109 3130 4163 scribendi
3152 4113 3466 4167 constituti:
3499 4115 3667 4186 siqui-

412 4247 531 4300 dem
570 4254 620 4294 et
675 4233 871 4289 multas
893 4219 1286 4279 immutationes
1310 4214 1374 4268 ab
1399 4212 1492 4266 illo
1538 4222 1767 4280 tempore
1795 4226 1910 4279 qua:
1950 4218 2130 4262 nostra
2157 4218 2278 4262 sunt
2314 4217 2673 4276 susceperunt,
2721 4223 2851 4276 quas
2877 4223 2978 4260 non
3005 4217 3084 4260 est
3112 4209 3386 4276 pra-sentis
3411 4216 3666 4280 temporis

411 4347 664 4393 enarrare
696 4342 713 4380 :
744 4339 810 4380 ea:
835 4335 940 4392 qua
979 4327 1145 4368 causa
1169 4307 1335 4378 magis
1365 4304 1680 4374 negligenter
1710 4318 1740 4353 a
1764 4299 1911 4353 nobis
1946 4301 2237 4367 composita
2255 4308 2376 4352 sunt
2405 4299 2658 4366 plurima,
2705 4307 2753 4350 et
2779 4297 3004 4350 maxime
3028 4297 3124 4350 illa
3156 4315 3272 4366 qua:
3317 4302 3490 4368 prima
3515 4316 3664 4360 sunt.

415 4431 613 4485 lterum
648 4425 763 4492 ipse
791 4410 1081 4472 Facundos
1100 4421 1153 4474 x,
1174 4407 1206 4461 5
1240 4425 1253 4460 :
1293 4403 1596 4458 Theodorus
1635 4404 1777 4452 ultro
1809 4399 2142 4466 semetipsum
2173 4395 2548 4464 reprehendens
2579 4396 2635 4448 in
2660 4395 2984 4462 expositione
3009 4395 3365 4462 Psalmorum,
3390 4401 3666 4470 confessus

414 4533 494 4578 est
523 4485 1011 4592 quod-negligenter
1044 4517 1148 4556 ase
1167 4498 1455 4564 composita
1485 4494 1682 4562 fuerint
1721 4492 1974 4562 plurima,
1998 4499 2046 4542 et
2074 4490 2302 4542 maxime
2337 4489 2433 4542 illa
2480 4504 2595 4558 qua:
2633 4489 2806 4556 prima
2839 4496 2980 4542 sunt.
3027 4485 3168 4540 Sane
3199 4489 3241 4539 si
3265 4488 3332 4543 de
3365 4504 3473 4543 uno
3497 4505 3671 4558 opere

420 4617 505 4669 hic
536 4584 776 4680 loquitur
815 4597 1123 4658 Facundns,
1152 4595 1341 4650 utique
1364 4598 1607 4663 apparet,
1635 4587 1977 4643 'I'heodorum
2019 4602 2082 4641 ex
2120 4601 2216 4641 sua
2242 4584 2583 4640 Psalmorum
2610 4586 3056 4653 interpretatione
3084 4584 3356 4655 prtecipue
3386 4586 3663 4654 vitupera-

420 4712 564 4764 visse
614 4701 938 4777 principium
995 4694 1176 4763 operis
1208 4692 1297 4760 (de
1325 4705 1436 4760 quo
1472 4687 1685 4744 scilicet
1733 4684 2007 4755 principio
2037 4682 2176 4752 apud
2236 4689 2442 4736 textum
2491 4682 2807 4750 synodicum
2853 4694 3034 4735 sermo
3062 4679 3188 4748 est).
3237 4679 3339 4731 Sed
3383 4683 3504 4732 esto
3533 4693 3672 4734 sane

419 4766 756 4870 ambiguum,
784 4766 968 4847 utrum
993 4783 1136 4857 apud
1165 4781 1483 4837 Facundum
1511 4777 1839 4832 vocabulum
1889 4774 2062 4844 prima
2085 4774 2357 4840 signiticet
2392 4773 2687 4842 primordia
2717 4775 2906 4838 operis,
2945 4788 3015 4826 an
3062 4771 3241 4840 potius
3271 4767 3533 4823 scribendi
3563 4766 3673 4820 ini-

421 4861 594 4961 tium;
648 4891 869 4945 minime
898 4900 1025 4939 vero
1058 4881 1221 4936 dubia
1253 4887 1336 4932 est
1362 4876 1576 4931 Leontii
1602 4873 1902 4927 auctoritas
1931 4879 2115 4924 contra
2148 4869 2302 4927 Nest.
2344 4871 2437 4924 lib.
2469 4886 2551 4933 ιιι,
2581 4871 2669 4936 45,
2695 4872 2786 4924 ubi
2834 4870 3038 4937 scripta
3070 4863 3431 4934 Mopsuesteui
3455 4861 3670 4928 vitupe-

421 5006 573 5052 rans,
607 4988 659 5041 in
686 4986 770 5040 his
787 4988 1036 5038 recenset
1059 4979 1158 5044 τὴν
1182 4976 1320 5030 κατὰ
1342 4975 1451 5028 τῶν
1487 4971 1646 5043 ἱερῶν
1693 4969 1923 5041 ψαλμῶν

2160 4968 2266 5021 οιὸν
2296 4966 2669 5038 προθεωρίανε
2704 4967 2784 5021 sic
2809 4967 2952 5020 enim
2986 4961 3129 5017 edidi
3169 4977 3232 5013 ex
3266 4959 3454 5014 Graeco
3479 4958 3670 5014 codice

426 5084 708 5145 Vaticano,
750 5091 872 5149 quae
896 5075 1061 5130 verba
1094 5074 1148 5126 iu
1183 5069 1442 5124 Turriani
1467 5067 1780 5124 Latinitate.
1801 5080 1920 5133 quze
1939 5065 2052 5119 sola
2098 5065 2361 5116 hactenus
2389 5062 2534 5116 edita
2562 5061 2759 5123 fuerat,
2793 5061 2874 5115 sic
2905 5059 3128 5120 habent,
3178 5065 3228 5110 et
3255 5054 3666 5126 prameditatino

422 5193 538 5232 nem
565 5179 915 5229 exca'cantem
939 5168 993 5221 in
1011 5181 1191 5220 sacros
1229 5165 1491 5219 Psalmos.
1519 5161 1662 5216 Sane
1681 5159 1990 5215 Turrianus
2021 5157 2367 5226 interpretari
2397 5156 2662 5225 potuisset
2685 5154 3048 5223 prwfationem
3081 5167 3100 5206 :
3136 5151 3260 5219 quis
3291 5150 3436 5204 enim
3466 5149 3666 5212 nescit,

424 5271 746 5336 argumenta
786 5274 884 5315 seu
921 5256 1266 5328 praefationes
1305 5252 1618 5308 Graecarum
1658 5251 1743 5306 vel
1793 5249 2101 5304 orationum
2151 5247 2234 5303 vel
2275 5247 2590 5314 ltujusmodi
2641 5246 3082 5299 lucubrationum
3121 5240 3383 5311 appellari
3426 5238 3678 5310 προθεω-

425 5323 589 5427 ρίξςῖ
625 5349 791 5404 Valde
824 5349 989 5419 igitur
1023 5359 1223 5400 censeo
1255 5341 1580 5415 synodicum
1609 5339 1942 5411 eclogarium
1967 5337 2279 5407 respexisse
2306 5335 2374 5390 ad
2401 5334 2776 5405 praelationem
2807 5334 3189 5390 Commentarii
3217 5332 3581 5394 Psalmorum,
3620 5323 3684 5380 in

425 5418 531 5513 qua
561 5418 882 5496 Theodorus
908 5438 1163 5492 liberiore
1188 5435 1406 5508 ingenio
1421 5433 1646 5496 luserat,
1679 5439 1732 5486 et
1765 5429 2015 5500 quaedam
2040 5437 2229 5484 contra
2256 5428 2518 5498 mysticos
2543 5425 2871 5498 ﬁguratosve
2895 5440 3090 5479 sensus
3123 5423 3384 5477 audacius
3411 5418 3687 5474 elluderat

428 5543 579 5610 (puta
614 5539 703 5591 illa
751 5536 914 5590 verba
971 5532 1218 5606 synodici
1276 5524 1620 5598 testimonii),
1653 5542 1774 5599 qua:
1818 5524 2014 5580 deinde
2046 5525 2276 5594 ipsemet
2325 5523 2661 5586 retractavit,
2717 5531 2775 5575 ut
2806 5523 2881 5576 ait
2916 5519 3238 5590 Hesychius.
3274 5516 3517 5585 Denique
3561 5529 3634 5568 no

525 5728 576 5791 η)
615 5726 822 5790 l’rotag.
859 5720 926 5774 ad
966 5719 1241 5791 comnuin
1277 5717 1440 5771 Zach.
1549 5786 1560 5791 _
1717 5786 1731 5791 _
1882 5785 1893 5791 _
1993 5785 2005 5791 _
2116 5730 2236 5769 esse
2266 5711 2521 5767 mendum
2569 5705 2774 5762 librarii
2814 5705 2907 5773 qui
2960 5699 3436 5791 nonpiutellexcrit
3470 5699 3668 5752 litterate

525 5728 576 5791 η)
615 5727 822 5790 l’rotag.
859 5727 925 5774 ad
966 5736 1154 5773 comm.
1182 5727 1239 5770 in
1277 5727 1440 5771 Zach.
2116 5730 2236 5769 esse
2266 5727 2521 5767 menaum
2569 5727 2774 5762 nuraru
2814 5727 2907 5773 qui
2962 5727 3068 5756 non
3115 5727 3280 5753 ιιιιστιη

500 5727 576 5866 ἑὸ)
616 5794 824 5849 Conicit.
885 5792 975 5845 hic
1021 5799 1076 5845 et
1120 5789 1248 5844 alibi
1286 5786 1604 5850 commenti;
1641 5786 1736 5841 sed
1791 5785 1932 5840 malo
1957 5785 2008 5840 id
2123 5785 2502 5853 compendium
2533 5795 2656 5834 cum
2689 5776 3030 5846 superposita
3070 5773 3280 5827 lineola.
