3824 6224
156 403 250 461 113
1382 405 1544 463 ANG.
1586 404 1666 461 MA

1905 406 2159 463 EFATIO.
3317 406 3337 458 l
3357 406 3415 460 Η

148 536 471 592 magnopere
502 521 812 576 mirandum
852 531 960 586 est,
1000 524 1047 579 si
1090 523 1227 577 forte
1270 539 1437 576 unum
1483 538 1581 594 pro
1610 525 1785 579 altero
1817 521 2192 593 Mopsucstcni
2248 536 2386 588 opus
2427 520 2714 574 recitatum
2760 517 2883 583 fuit,
2935 520 2979 575 si
3010 526 3158 574 certe
3204 529 3421 575 constat

146 617 339 671 nonid
392 618 569 671 solum
620 633 744 672 esse
790 621 1167 683 commissura,
1213 634 1401 672 verum
1461 629 1515 673 et
1537 619 1658 689 ejus
1691 620 1881 674 titulos
1918 618 2190 672 interdum
2224 616 2394 671 fuisse
2449 615 2606 670 valde
2643 629 2949 684 perversos.
3016 613 3210 671 Nonne
3271 615 3418 667 enim

152 709 406 763 Leontius
437 709 609 763 libros
644 710 917 765 Theodori
952 711 1029 764 De
1046 711 1413 763 incarnatione
1438 718 1491 765 et
1523 710 1944 765 Commentarios
1969 707 2262 771 inJobum,
2307 716 2587 776 propterea
2623 704 2769 775 quod
2807 705 3019 760 insanis
3046 704 3336 759 sententiis
3365 710 3420 757 et

145 802 453 857 damnilicis
492 801 678 857 referti
714 811 892 865 erant,
959 803 1239 873 inscripsit
1285 820 1382 859 seu
1443 800 1655 871 appella

1910 821 1914 853 :
1964 798 2800 868 ἐνανθρωπήσεως,ιαάυενδιιε
2863 798 3305 859 incarnationem,
3366 805 3420 853 ct

148 894 298 947 κατὰ
317 892 420 948 τὸν
459 894 597 957 me,
624 895 878 949 adversus
906 894 1145 969 Jobum?
1171 896 1425 951 Profecto
1460 896 1514 950 id
1551 896 1606 948 in
1635 896 1753 965 ipso
1779 894 2016 949 concilio
2056 893 2250 963 quinto
2285 907 2351 946 ex
2383 892 2513 944 odio
2553 891 2633 945 vel
2661 902 2805 945 certe
2854 891 3195 945 notariorum
3231 904 3422 944 errore

147 986 193 1039 fa
234 996 350 1041 tum
374 987 688 1057 justissime
714 989 913 1044 asserit
957 990 1009 1042 in
1062 990 1515 1045 adnotationibus
1563 989 1631 1043 ad
1678 990 1928 1043 notitiam
1978 987 2249 1041 Theodori
2292 986 2462 1040 nostri
2521 991 2597 1055 (a)
2636 985 3042 1050 Tillcmontius,
3083 984 3245 1054 cujus
3297 984 3415 1037 inec

147 1083 311 1135 verba
349 1088 477 1136 sunt
513 1099 525 1134 :
562 1081 707 1135 Dant
740 1082 785 1136 le
822 1083 1113 1151 cinquieme
1146 1083 1342 1135 concile
1365 1082 1463 1153 (ὁ),
1503 1091 1648 1136 entre
1678 1082 1750 1135 les
1773 1097 2022 1150 passages
2060 1081 2186 1133 cites
2220 1078 2283 1132 de
2314 1077 2581 1132 Theodore
2604 1077 2666 1131 de
2697 1075 2996 1144 Mopsueste
3032 1092 3167 1145 pour
3186 1078 3423 1147 justifier

146 1191 206 1227 sa
236 1171 669 1233 condamnation.
704 1192 768 1227 on
792 1191 856 1228 en
890 1184 1067 1227 trouve
1102 1190 1172 1226 un
1208 1174 1311 1228 cité
1333 1177 1397 1227 de
1418 1190 1513 1227 son
1544 1172 1937 1227 commentaire
1973 1186 2067 1225 sur
2089 1170 2230 1222 saint
2266 1169 2565 1232 Matthicu;
2601 1177 2648 1220 et
2679 1169 2710 1219 ἀ
2746 1168 2800 1219 la
2830 1176 2956 1219 teste
2986 1166 3058 1219 du
3086 1167 3293 1220 suivant
3320 1166 3358 1219 il
3391 1184 3423 1236 ει

148 1281 201 1325 a,
226 1264 471 1334 ejusdem
505 1281 573 1320 ex
613 1267 755 1321 libro
798 1269 944 1337 quod
978 1266 1119 1323 Deus
1176 1275 1461 1337 peccatum
1504 1268 1691 1321 docuit
1737 1274 1791 1321 et
1819 1274 2051 1319 mortem
2103 1262 2428 1317 introduxit.
2497 1261 2765 1315 Theodore
2793 1268 2876 1313 n'a
2916 1260 3061 1327 point
3095 1261 3424 1313 assurément

148 1362 325 1412 donné
348 1376 404 1413 ce
426 1361 550 1415 titre
578 1363 612 1414 ὰ
639 1379 813 1416 aucun
851 1364 914 1417 de
936 1380 1017 1417 ses
1052 1380 1302 1435 ouvrages
1332 1379 1349 1416 :
1382 1373 1430 1418 et
1458 1366 1497 1418 il
1518 1364 1634 1433 {aut
1666 1380 1763 1434 que
1786 1380 1841 1417 ce
1871 1365 1974 1416 soit
2017 1378 2118 1416 une
2149 1378 2331 1415 erreur
2360 1360 2514 1429 qtt‘on
2546 1358 2762 1428 pretend
2789 1359 2917 1411 tirer
2954 1356 3016 1409 de
3049 1357 3329 1426 qnelqu‘un
3361 1356 3425 1409 de

148 1467 228 1505 sis
266 1452 441 1516 liores,
469 1463 519 1507 et
543 1472 670 1508 sans
698 1455 856 1509 dante
888 1457 960 1509 du
986 1456 1391 1511 Commentaire
1426 1474 1520 1512 sur
1551 1459 1695 1513 saint
1727 1456 2013 1519 Matthieu,
2057 1457 2267 1508 nomine
2303 1453 2746 1507 imme’diatement
2790 1463 3144 1520 auparuvant,
3197 1453 3245 1505 si
3290 1466 3422 1503 nous

149 1544 316 1597 lisons
347 1560 413 1599 ex
443 1544 635 1600 eodem
668 1546 826 1602 libro.
862 1547 1096 1604 Prorsus
1126 1550 1198 1602 ita
1233 1550 1487 1619 superius
1518 1565 1619 1605 nos
1649 1549 1911 1611 diximus,
1944 1549 2124 1601 locum
2160 1548 2334 1609 illum,
2376 1548 2467 1616 qui
2513 1547 2715 1601 dicitur
2746 1566 2811 1601 es
2843 1548 3235 1601 Commentario
3266 1546 3321 1597 in
3346 1558 3423 1597 xu

150 1641 458 1709 prophetas,
490 1624 840 1697 referendum
888 1660 1012 1698 esse
1039 1646 1104 1699 ad
1139 1645 1365 1699 citatum
1406 1645 1459 1699 in
1510 1645 1947 1716 praecedentibus
2002 1643 2250 1699 Psalterii
2293 1645 2512 1698 librum.
2575 1643 2720 1707 llaec,
2759 1645 3005 1715 inquam.
3052 1642 3418 1713 pcreinptoria

151 1739 548 1793 demonstratio
573 1748 657 1793 est
686 1742 952 1796 adversus
982 1758 1080 1797 eos
1107 1743 1198 1812 qui
1234 1742 1555 1811 synodicnm
1586 1743 1963 1797 testimonium
2005 1742 2165 1797 nobis
2200 1742 2523 1810 objecerint.
2559 1773 2627 1781 ——-
2668 1742 2757 1796 Sic
2799 1743 2927 1796 olim
2966 1758 3067 1811 ego
3104 1741 3425 1810 diSputave-

154 1845 294 1891 rain,
321 1836 381 1883 ut
414 1832 723 1898 proemium
772 1837 823 1885 in
876 1832 1125 1887 Psalmos
1173 1850 1270 1903 pro
1316 1835 1569 1903 prooemio
1624 1836 1678 1886 in
1732 1850 1806 1887 xii
1859 1834 2138 1903 prophetas
2191 1833 2539 1887 scribendum
2568 1849 2690 1887 esse
2743 1834 2795 1886 in
2854 1834 3062 1904 synodo
3114 1833 3423 1886 suaderem.

154 1920 312 1975 Nunc
345 1922 477 1977 illud
511 1924 563 1976 iii
599 1933 833 1980 mentem
865 1929 1032 1991 venit,
1068 1927 1179 1981 ﬁeri
1223 1944 1382 1997 posse
1413 1936 1469 1981 ut
1517 1928 1767 1996 generale
1812 1928 2032 1997 aliquod
2074 1928 2399 1997 prooemium
2433 1928 2485 1979 in
2518 1928 2743 1981 minores
2784 1928 3064 1995 prop/tetas
3092 1926 3221 1981 olim
3252 1927 3427 1979 exsti-

153 2014 283 2067 ti-rit
319 2013 591 2069 Theodori
624 2020 821 2081 nostri,
852 2019 998 2089 quod
1031 2021 1083 2072 in
1118 2020 1400 2075 codicibus
1422 2036 1531 2073 non
1566 2021 1634 2074 sit
1656 2029 2060 2083 conservatum,
2100 2026 2321 2088 propter
2342 2020 2700 2074 reverentiam
2728 2020 2959 2072 fortasse
2975 2032 3103 2088 erga
3131 2016 3429 2070 concilium

154 2119 183 2155 a
216 2120 330 2173 quo
362 2105 462 2159 fuit
498 2107 633 2161 illud
666 2108 1056 2179 vituperatum.
1090 2110 1295 2165 Certea
1326 2111 1691 2172 Theodoreto,
1729 2111 1822 2180 qui
1860 2109 2210 2165 Theodormn
2240 2111 2293 2164 in
2323 2111 2642 2165 earumdem
2676 2110 3064 2180 prephetarum
3103 2112 3433 2179 interpretao

153 2197 305 2251 tione
331 2199 493 2254 valde
522 2208 791 2263 sectatur,
820 2206 1132 2272 generalem
1172 2206 1456 2274 prologum
1484 2206 1761 2275 prtescribi
1788 2206 2035 2260 videmus
2071 2223 2081 2257 :
2119 2212 2236 2258 tum
2280 2206 2335 2258 in
2371 2212 2521 2260 textu
2560 2213 2754 2259 nostro
2802 2204 3072 2259 Theodori
3130 2207 3174 2259 si
3210 2221 3308 2274 pro
3348 2206 3431 2265 εἰς

156 2290 382 2360 ἔλεγχον
412 2292 543 2356 τῶν,
567 2303 675 2349 etc.
710 2298 988 2351 scribatur
1010 2300 1089 2361 εις
1122 2298 1342 2369 ἔλεγχον
1365 2296 1457 2353 οὖν
1501 2299 1630 2360 τῶν,

1922 2314 1937 2351 3
1981 2313 2087 2351 una
2147 2299 2441 2368 particula,
2477 2315 2597 2369 qua:
2632 2300 2867 2354 fortasse
2907 2308 3021 2352 tum
3051 2308 3133 2354 est
3162 2299 3432 2354 subducta

153 2398 281 2437 cum
319 2385 511 2452 priora
539 2398 943 2451 resecarentur,
971 2390 1105 2445 satis
1136 2391 1405 2447 indicaret
1430 2394 1680 2462 generale
1717 2408 1746 2445 a
1793 2392 2083 2447 Theodoro
2120 2394 2447 2463 prooemium
2499 2392 2669 2447 fuisse
2723 2393 3096 2462 praepositum.
3125 2391 3215 2445 Illa
3268 2392 3434 2446 etiam

156 2477 321 2531 verba
360 2494 418 2548 ι).
448 2479 501 2544 l,
529 2496 583 2534 ν.
620 2481 671 2536 5.
709 2483 830 2536 καθ’
869 2482 905 2535 ἃ
936 2484 1169 2554 πρόσθεν
1230 2486 1400 2558 ἔφθην
1449 2488 1618 2541 εἰπὼν
1657 2493 1666 2550 l

1948 2488 2371 2558 interpungatur
2418 2495 2543 2540 ante
2592 2488 2650 2539 ὲν
2684 2486 2941 2556 ψαλμοῖς,
2969 2500 3129 2540 secus
3149 2487 3194 2541 si
3221 2489 3432 2556 postea)

155 2569 299 2625 haud
327 2586 445 2625 rem
474 2573 527 2626 in
540 2572 757 2628 diverso
781 2591 945 2645 opere
964 2576 1187 2640 dictam,
1214 2579 1307 2633 sed
1328 2580 1381 2633 in
1400 2593 1666 2649 praisente
1693 2581 1898 2650 scripto
1918 2580 2181 2634 denotant
2209 2581 2379 2650 :quod
2400 2581 2444 2636 si
2468 2580 2541 2633 ita
2559 2586 2661 2643 est,
2678 2578 2948 2647 generalis
2970 2578 3227 2649 prologus
3248 2594 3437 2635 neces-

154 2667 305 2720 sario
324 2666 668 2738 intelligitur,
685 2670 776 2738 qui
794 2671 913 2724 sine
937 2670 1228 2724 dubiotam
1254 2673 1493 2742 copiosis
1530 2674 1583 2726 in
1606 2690 1679 2726 xu
1722 2673 1999 2740 prophetas
2018 2674 2410 2726 commentariis
2442 2672 2658 2726 videtur
2679 2670 2848 2725 fuisse
2863 2670 3436 2727 convenientissiimis.

227 2758 290 2814 ν.
324 2761 486 2815 Nunc
520 2778 631 2831 quo
668 2765 905 2833 ingenio,
948 2780 1057 2835 qua
1105 2767 1340 2831 ratione,
1387 2784 1497 2837 quo
1526 2768 1630 2822 line
1673 2766 1999 2822 Theodorus
2034 2768 2132 2822 hos
2180 2768 2245 2820 ad
2298 2767 2597 2836 pr0phetas
2632 2767 3062 2821 commentarios
3108 2766 3439 2821 instruxisse

151 2858 429 2921 videatur,
462 2860 646 2914 sobria
687 2877 810 2915 cum
853 2862 1119 2919 brevitate
1167 2865 1461 2919 dicendum
1509 2874 1614 2921 est.
1648 2870 1825 2936 Atque
1875 2867 1931 2920 in
1975 2866 2168 2935 primis
2198 2865 2495 2918 fecundum
2543 2863 2818 2918 Theodori
2870 2862 3106 2932 felixque
3158 2862 3437 2933 ingenium

157 2952 351 3004 mirari
388 2951 537 3017 licet,
566 2953 661 3023 qui
696 2955 763 3009 de
796 2970 938 3024 penu
982 2966 1084 3007 suo
1132 2954 1395 3025 pleraque
1443 2954 1627 3008 omnia
1676 2955 1869 3017 sumit,
1920 2954 2194 3007 neminem
2236 2953 2508 3016 imitatur,
2558 2952 2765 3005 nedum
2814 2950 3036 3018 expilat.
3093 2947 3342 3018 Cumque
3384 2949 3439 3001 hi

154 3049 442 3117 prophetae
464 3062 575 3116 prae
596 3047 853 3103 omnibus
868 3063 1155 3103 sacrorum
1182 3050 1484 3105 Bibliornm
1522 3052 1772 3122 partibus
1791 3052 1903 3106 sint
1936 3049 2344 3111 obscurissimi,
2377 3050 2451 3102 ita
2495 3055 2553 3101 ut
2584 3048 2702 3102 sine
2750 3047 3049 3115 interprete
3079 3060 3307 3117 prorsus
3335 3045 3441 3116 legi

158 3159 265 3198 non
296 3144 541 3214 possint.
569 3144 892 3200 Theodorus
928 3152 1079 3199 tanta
1113 3162 1210 3202 eos
1234 3147 1517 3209 facilitate,
1540 3156 1650 3202 tam
1683 3149 1920 3203 naturali
1956 3162 2241 3217 pronoque
2284 3145 2522 3199 decursu
2569 3143 2845 3206 edisserit,
2876 3150 2937 3196 ut
2969 3144 3087 3212 ipse
3125 3158 3234 3196 non
3274 3143 3440 3197 verba

157 3238 364 3310 legere,
390 3241 488 3296 sed
512 3241 567 3294 in
600 3242 881 3312 propheta?
909 3244 1180 3311 cujusque
1213 3246 1778 3309 mentem,oculorum
1799 3246 1973 3299 aciem
2004 3241 2575 3297 intenderevideatnr.
2613 3240 2979 3306 Quamobrem
2998 3254 3106 3294 non
3138 3239 3257 3293 sine
3275 3253 3443 3292 causa

158 3348 186 3385 a
219 3335 417 3396 multis
455 3349 639 3388 arcem
674 3336 1037 3405 interpretum
1073 3344 1257 3389 tenere
1289 3335 1469 3390 dictus
1493 3344 1597 3391 cst.
1628 3334 1815 3406 Neque
1847 3353 1976 3391 vero
2011 3336 2335 3390 Theodorus
2355 3334 2437 3389 vel
2468 3333 2797 3387 Hebraicum
2817 3338 3023 3385 textum
3048 3330 3135 3385 vel
3161 3327 3443 3399 Syriacam

156 3443 220 3483 ex
255 3427 492 3484 Hebraeo
520 3427 820 3482 derivatam
853 3427 1389 3497 interpretationem,
1418 3429 1501 3483 vel
1524 3428 1781 3500 Origenis
1816 3428 2088 3498 llexapla,
2128 3430 2182 3482 in
2218 3442 2446 3482 censum
2480 3432 2640 3481 vocat
2677 3442 2691 3480 :
2728 3424 2838 3478 imo
2874 3421 3154 3494 Syriacam
3181 3421 3447 3491 interpre-

157 3520 426 3574 tationem
462 3520 857 3592 (Antiochenus
892 3524 1018 3578 licet
1058 3525 1241 3596 homo)
1269 3525 1499 3596 ejusque
1535 3541 1865 3596 anonymum
1892 3511 2247 3595 interpretem
2278 3541 2389 3580 non
2417 3524 2587 3579 semel
2622 3521 2839 3577 vellicat
2865 3536 2956 3591 pp.
2993 3518 3116 3585 185,
3151 3518 3276 3585 194,
3306 3515 3443 3585 202ς

158 3609 369 3679 quippe
398 3607 589 3663 Graeco
610 3609 748 3664 LXX
766 3611 1128 3683 lnterpretnm
1155 3623 1301 3669 textu
1327 3627 1640 3681 contentus,
1665 3617 1810 3671 hunc
1830 3633 1996 3672 unum
2020 3617 2304 3673 osculatur
2325 3631 2389 3671 ac
2412 3615 2681 3685 sequitur,
2708 3624 2932 3684 propter
2948 3626 3242 3678 summam,
3262 3619 3323 3665 ut
3344 3611 3442 3675 ait,

162 3706 450 3758 seniorum
474 3705 691 3760 illorum
713 3708 964 3777 peritiam
990 3716 1152 3778 atque
1170 3710 1520 3779 sapientiam,
1539 3720 1592 3767 et
1608 3721 1828 3782 propter
1851 3714 2225 3782 apostolorum
2242 3712 2649 3772 auctoritatem,
2676 3710 2767 3780 qui
2796 3709 2935 3761 hanc
2953 3708 3261 3762 versionem
3288 3705 3418 3760 Chri
3435 3738 3447 3744 -

164 3797 366 3852 stianis
393 3798 682 3869 neophytis
705 3800 1227 3855 commendaverunt
1250 3804 1363 3873 (pp.
1385 3803 1510 3867 185,
1534 3803 1653 3865 195.,
1670 3804 1821 3859 209.).
1841 3804 2025 3874 Neque
2057 3806 2231 3874 ipsam
2258 3802 2607 3858 Hebr-reorum
2632 3802 2870 3872 linguam
2891 3801 3213 3855 Theodorus
3229 3800 3441 3863 calluit,

164 3903 192 3941 a
223 3904 330 3958 qua
356 3890 571 3944 nullum
604 3900 892 3946 mutuatur
924 3894 1105 3949 lumen
1128 3915 1142 3964 ;
1165 3906 1217 3951 et
1239 3908 1501 3967 praeterea
1530 3916 1583 3969 p.
1608 3900 1670 3955 9i
1707 3919 1719 3954 :
1747 3901 1933 3965 Aiunt,
1966 3902 2167 3972 inquit,
2196 3902 2411 3972 ρεμφάν
2447 3900 2760 3971 signitirare
2787 3898 3145 3967 pltospltorum
3174 3898 3231 3950 in
3263 3896 3443 3966 lingua

163 3982 518 4037 Hebraeorum
550 3999 569 4037 :
601 4001 711 4053 quo
729 3985 895 4052 dicto,
916 4002 1025 4041 non
1064 3988 1291 4042 scientia
1313 3992 1662 4060 propria,sed
1694 3993 1869 4047 aliena
1906 3995 2252 4053 auctoritate,
2290 3993 2356 4046 de
2373 3993 2640 4046 vocabulo
2662 3989 2930 4044 Hebraico
2958 3989 3210 4059 judicare
3250 4004 3310 4044 se
3346 3989 3443 4042 de—

166 4086 470 4131 monstrat.
507 4075 726 4133 Rursus
762 4094 816 4149 p.
851 4078 978 4136 185.
1010 4094 1134 4133 cum
1164 4078 1481 4136 Graecorum
1511 4080 1875 4152 lnterpretum
1910 4082 2191 4139 discordia
2228 4084 2298 4138 sit
2332 4098 2361 4135 a
2399 4082 2539 4154 Syro
2572 4083 2628 4137 in
2686 4084 2940 4139 vocabuli
2982 4083 3234 4138 llebraici
3272 4083 3448 4152 expli~

166 4167 412 4233 catione,
462 4168 581 4238 ipse
608 4169 828 4240 quidem
879 4170 1101 4228 Graecos
1130 4176 1403 4241 sequitur,
1438 4192 1547 4231 non
1598 4178 1760 4247 quasi
1798 4179 2204 4249 grammaticali
2251 4179 2452 4234 ductus
2502 4180 2578 4243 vi,
2616 4177 2716 4234 sed
2754 4180 3085 4236 reverentia.
3124 4180 3305 4245 Quare
3338 4194 3446 4233 non

168 4265 319 4311 recte
352 4258 617 4313 collineat
645 4262 790 4330 apud
823 4259 1303 4319 Rosenmullerum
1343 4264 1412 4337 (c)
1443 4265 1754 4334 Ernestius,
1807 4270 1899 4339 qui
1949 4270 2265 4340 suspicatur
2296 4270 2417 4325 ideo
2444 4271 2820 4340 judaizantcm
2857 4274 3037 4328 visum
3078 4272 3250 4327 fuisse
3288 4271 3448 4325 Cbri~

170 4346 375 4401 stianis
407 4347 888 4419 Mopsuestenum,
930 4355 1076 4424 quod
1124 4358 1425 4413 secundum
1473 4369 1653 4415 textus
1705 4360 2002 4418 Hebraicos
2052 4363 2557 4432 interpretationem
2603 4362 2842 4420 fecisset.
2890 4364 3078 4436 Neque
3122 4363 3445 4418 Theodorus

168 4441 361 4507 (secus
409 4459 473 4498 ac
514 4445 764 4502 hodierni
805 4449 987 4505 critici
1029 4453 1339 4523 pompatico
1377 4455 1623 4525 quidem,
1676 4456 1773 4511 sed
1822 4470 1936 4515 non
1988 4456 2109 4513 sine
2141 4456 2471 4512 confusione
2520 4466 2683 4526 atque
2720 4456 3113 4527 impedimento
3148 4456 3445 4527 legentium

178 4538 413 4607 faciunt)
457 4539 818 4609 multiplicem
843 4544 1241 4612 eruditionem,
1280 4549 1650 4606 multorumve
1686 4561 1978 4607 auctorum
2017 4554 2243 4606 nomina
2279 4554 2559 4622 congerit;
2599 4552 2710 4606 imo
2740 4566 2867 4605 cum
2902 4551 3043 4608 forte
3068 4553 3448 4606 controversia

172 4624 387 4682 incidat
418 4628 485 4684 de
515 4631 749 4687 urbibus
785 4633 1015 4703 Bothro,
1048 4636 1303 4707 Tharsis,
1333 4648 1498 4712 atque
1528 4644 1818 4709 Ammone,
1851 4644 2283 4715 disputationem
2313 4647 2648 4715 quantocius
2678 4646 2961 4715 abrumpit
2986 4655 3193 4708 noster,
3228 4646 3447 4713 quomi-

173 4734 280 4774 nus
311 4734 343 4772 a
376 4734 479 4774 suo
512 4724 777 4793 propheta
816 4742 885 4783 ne
918 4729 1092 4785 latum
1133 4734 1357 4803 quidem
1396 4754 1635 4809 unguem
1673 4740 1952 4795 discedat.
1986 4738 2062 4794 Ex
2096 4748 2176 4793 tot
2208 4748 2390 4795 autem
2428 4750 2554 4796 ante
2578 4758 2637 4797 se
2667 4740 2969 4796 Bibliornm
2993 4740 3447 4809 explicatoribus,

171 4830 240 4868 ne
266 4831 443 4871 unum
478 4819 699 4888 quidem
732 4824 1061 4882 nominatim
1094 4833 1372 4900 appellat;
1404 4849 1711 4905 anonymos
1750 4854 2032 4907 nunquam
2074 4838 2189 4894 fere
2230 4838 2350 4893 sine
2390 4838 2796 4909 vituperatione
2828 4846 3246 4899 commemorat,
3279 4838 3445 4891 veluti

173 4932 263 4986 pp.
304 4918 397 4983 7i,
433 4920 555 4985 lli,
588 4922 715 4990 229.,
751 4926 879 4981 254.
912 4926 1016 4992 Qui
1049 4944 1181 4983 vero
1216 4929 1329 4985 sint
1363 4932 1453 4987 isti
1493 4934 1787 5003 anonymi,
1815 4950 1878 4989 ex
1925 4935 2265 5007 Hieronymi.
2304 4937 2400 5006 qui
2434 4934 2534 4990 fuit
2566 4936 2949 5006 Mopsuesteno
2985 4946 3175 4991 nostro
3206 4949 3443 4996 coaevus,

175 5007 411 5080 l’rologo
451 5012 518 5065 ad
553 5012 745 5068 Oseam
776 5016 1084 5087 intelligere
1127 5021 1366 5077 fortasse
1417 5023 1571 5089 licet,
1604 5026 1700 5094 qui
1743 5025 1822 5078 ait
1862 5036 1989 5080 ante
2031 5042 2090 5081 se
2135 5026 2525 5096 prophetarum
2575 5027 2847 5082 minorum
2890 5028 3064 5084 fuisse
3119 5028 3449 5096 interpretes

170 5102 491 5175 Origenem,
523 5110 921 5181 Apollinarem,
952 5108 1217 5176 Pieriuin,
1263 5108 1565 5167 EtISCbium
1598 5114 2021 5181 ljmsariensem,
2055 5132 2119 5170 ac
2148 5117 2458 5187 Didymum.
2495 5116 2607 5173 llos
2642 5118 2831 5189 igitur,
2867 5119 2951 5174 vel
2984 5136 3051 5174 ex
3087 5119 3173 5173 his
3205 5120 3444 5188 aliquos,

172 5217 200 5253 a
230 5202 524 5259 Theodoro
562 5209 891 5277 reprehendi
936 5208 1218 5279 suspicor.
1255 5208 1390 5263 Nam
1426 5209 1495 5264 de
1541 5210 1670 5280 ipso
1712 5210 2048 5282 Hieronymo
2095 5212 2447 5283 cogitandum
2477 5214 2567 5267 vix
2615 5224 2766 5283 puto,
2798 5228 2908 5269 non
2935 5225 3043 5267 tam
3088 5214 3215 5283 quia
3246 5222 3448 5267 coacta-

174 5314 333 5365 neus,
368 5309 424 5355 ut
464 5301 602 5367 dixi,
630 5313 770 5370 erat,
796 5320 960 5374 quam
996 5308 1125 5375 quia
1158 5306 1591 5361 commentarios
1625 5304 1852 5360 Latinos
1886 5323 1915 5361 a
1946 5306 2120 5362 Graeci
2146 5309 2420 5363 sermonis
2453 5308 2673 5363 homine
2702 5309 2876 5362 lectos
2905 5308 2992 5359 vix
3036 5314 3120 5361 est
3162 5307 3442 5361 credibile.

178 5392 513 5449 Immensum
542 5411 714 5467 prope
738 5413 903 5468 opus,
933 5412 1081 5451 nunc
1112 5397 1485 5465 deperditum,
1522 5395 1591 5450 ad
1629 5398 1932 5467 prophetas
1969 5400 2214 5455 minores
2244 5400 2508 5469 Origenes
2536 5400 2832 5469 scripserat
2864 5419 2875 5452 :
2906 5414 3078 5469 quare
3113 5413 3448 5467 magnopere

176 5490 418 5543 arbitror
449 5491 498 5546 id
532 5494 805 5563 praecipue
851 5492 1263 5563 Mopsuesteno,
1297 5500 1524 5562 propter
1549 5492 1828 5548 diversam
1880 5495 2273 5565 interpretandi
2318 5497 2578 5561 indolem,
2617 5496 2986 5568 displicuisse.
3027 5496 3132 5551 Sed
3168 5512 3235 5551 ne
3282 5496 3448 5550 Pierii

175 5579 398 5648 (Ιυίάεω
430 5584 513 5638 vel
546 5584 885 5655 Apollinaris
912 5587 997 5641 Vcl
1029 5584 1243 5656 Didymi
1274 5583 1484 5654 aliquid
1508 5586 3451 5664 Superest:dcniqueetEusebiiDemonstrtttionisevangelica:liberxvm,

181 5669 233 5725 in
261 5689 374 5743 quo
402 5675 470 5731 de
498 5673 643 5732 Osca
680 5678 929 5748 quadam
964 5679 1366 5749 disputaverat,
1396 5678 1576 5747 periit.

266 5843 329 5928 ifil
358 5841 663 5928 ἔρξαιλεςεζτ
690 5844 952 5928 Διοιιικξνιι
1358 5917 1421 5928 Μ
1931 5851 1999 5922 (c)
2033 5847 2175 5905 Hist.
2203 5852 2422 5915 interpr.
2455 5854 2575 5917 part
2612 5863 2689 5911 ιιι,
2726 5862 2775 5917 p.
2813 5844 2938 5899 266.

252 5911 329 5983 (ὁ)
360 5914 455 5969 Ed.
489 5913 661 5971 Coleti
688 5924 821 5973 tom.
848 5914 937 5984 IX,
965 5911 1171 5973 p.221.
1204 5932 1320 5988 cap.
1355 5917 1441 5971 56.
