3824 6224
379 392 476 449 115
1599 386 1761 444 ANG.
1803 385 1889 440 MA

2111 383 2378 440 EFA'HO.
3507 367 3621 430 "3

441 504 528 560 Vl.
569 501 723 557 Nunc
751 500 878 572 quia
917 498 987 554 de
1021 498 1095 553 iis
1126 498 1259 563 d-ix'r,
1301 499 1392 569 qui
1425 498 1783 554 Theodorum-
1810 498 1866 553 in
1897 497 1982 552 his
2014 497 2351 568 exponendis
2391 492 2672 566 prophetis
2712 498 3147 562 praecesserunt,
3184 490 3343 547 liceat
3370 489 3610 545 breviter

364 601 664 657 nonnullos
695 611 933 668 quoque,
965 594 1059 664 qui
1089 589 1432 646 Theodorum
1467 589 1745 644 subsecuti
1781 595 1930 652 sunt,
1962 603 2390 643 commemorare
2411 605 2437 652 ;.
2464 586 2714 657 priscos,
2741 586 2982 654 inquam,
3017 599 3250 654 quorum
3298 582 3502 652 scripta
3536 582 3610 636 ad

361 713 466 754 nos
491 701 858 768 pervenerunt
893 712 907 748 :
938 699 1064 746 sunt
1094 689 1239 744 enim
1271 688 1352 756 (ut
1384 671 1633 741 omittam
1664 685 1923 741 Iudaicos
1955 692 2008 739 et
2034 684 2354 739 brevissima
2391 681 2648 752 Hesychii
2678 676 3080 750 capita).Graeci
3113 683 3246 742 tres,
3282 673 3603 728 Theodore-

363 798 474 855 tus,
527 787 798 858 Cyrillus,
839 785 1316 855 Theophylactus;
1365 779 1544 836 Latini
1590 780 1719 836 item
1765 778 2328 850 tres,—Hieronymus,
2367 777 2598 832 Ruﬁnus
2641 785 2802 844 atque
2847 774 3125 844 Remigius
3167 790 3182 826 :
3230 785 3464 840 quorum
3506 784 3618 838 ego

360 876 799 930 commentarios
822 875 1096 935 lectitatis,
1127 873 1530 928 Theodoretum
1557 870 1773 941 quidem
1804 870 2170 940 Mopsuesteni
2200 871 2461 924 asseclam
2498 885 2620 923 esse
2651 867 2897 922 videbam
2925 911 2942 936 ,
2984 870 3036 923 in
3085 867 3321 938 prologis
3363 865 3610 934 quando-

359 985 467 1036 que
514 969 680 1021 etiam
733 965 1103 1036 plagiarium:
1164 961 1259 1017 sed
1297 970 1479 1015 tamen
1536 975 1712 1030 neque
1763 961 2016 1013 acumine
2061 975 2236 1028 neque
2281 960 2531 1014 ubertate
2565 974 2689 1013 cum
2735 958 2840 1013 hoc
2873 957 3328 1028 comparandum.
3369 955 3620 1026 Cyrillus

358 1061 621 1125 grandem
651 1069 856 1114 tomum
891 1056 1412 1112 commentariorum
1447 1071 1674 1109 suorum
1707 1054 1975 1125 implevit,
2009 1055 2063 1108 in
2100 1054 2302 1123 quibus
2330 1055 2562 1122 plurima
2607 1053 2836 1106 moralia
2871 1051 3003 1106 dicit
3050 1065 3115 1103 ac
3145 1049 3392 1119 mystica.
3431 1045 3609 1100 Theo-

357 1158 647 1226 phylactus
680 1155 916 1222 denique
950 1153 1222 1222 sequioris
1260 1153 1360 1207 aevi
1388 1152 1553 1206 homo
1581 1165 1754 1222 pauca
1783 1159 1841 1204 ut
1871 1159 2005 1219 puto
2032 1149 2099 1203 de
2137 1163 2238 1204 suo
2265 1148 2488 1219 profert,
2527 1148 2619 1203 sed
2650 1163 2715 1202 ex
2744 1146 3093 1216 antiquorum
3127 1140 3620 1196 lucubrationibus

355 1251 645 1314 litterales,
674 1249 931 1306 morales.
966 1247 1230 1316 mysticas
1255 1245 1649 1315 expositiones,
1682 1260 1781 1314 pro
1807 1245 1892 1298 sui
1934 1245 2199 1313 temporis
2243 1258 2417 1309 more,
2447 1241 2698 1297 deﬂorat.
2727 1241 2785 1296 In
2835 1238 3049 1294 Latinis
3081 1236 3448 1306 Hieronymus
3489 1233 3610 1287 sin-

352 1339 529 1404 eulari
574 1353 672 1392 sua
702 1337 1015 1407 prmstantia
1049 1339 1252 1392 eminet
1272 1356 1299 1404 ;.
1329 1351 1522 1390 omnes
1552 1335 1696 1389 enim
1741 1333 1964 1404 ingenii,
2010 1333 2338 1403 eloquentia:
2382 1333 2752 1401 doctrinaeque
2793 1332 3086 1385 thesauros
3113 1327 3182 1381 ad
3230 1340 3362 1381 suas
3392 1324 3449 1377 in
3502 1323 3610 1378 bos

352 1428 651 1497 prophetas
685 1426 1059 1495 expositiones
1097 1427 1354 1481 contulit.
1390 1425 1518 1479 Post
1549 1438 1709 1494 quem
1753 1421 1986 1477 Ruﬁnus
2016 1422 2403 1492 prOphetarum
2443 1421 2685 1491 quinque
2730 1435 3022 1491 aggressus
3069 1417 3604 1487 interpretationem,

354 1522 632 1589 copiosam
665 1520 846 1588 potius
887 1518 1256 1585 moralemque
1305 1514 1664 1584 paraphrasin
1715 1512 1864 1577 fecit,
1911 1521 1964 1567 et
2010 1512 2065 1567 in
2105 1513 2334 1583 prologo
2376 1512 2624 1582 iniquum
2673 1511 2740 1566 de
2775 1510 3109 1580 Hieronymo
3153 1508 3423 1579 judicium
3458 1505 3616 1571 tulit,

354 1611 516 1681 cujus
543 1613 846 1666 orationcm
885 1611 969 1664 vel
996 1625 1092 1678 per
1117 1607 1406 1676 allegorias
1431 1605 1684 1676 Origenis
1713 1605 1795 1658 vel
1828 1619 1922 1674 per
1959 1603 2234 1659 fabulosas
2263 1604 2572 1659 Judmorum
2609 1604 2934 1658 traditiones
2963 1610 3130 1656 totam
3179 1600 3472 1654 deﬂuxisse
3503 1597 3605 1651 ait.

355 1705 580 1760 Tertius
610 1704 891 1773 Remigius
921 1701 1397 1757 Antisiodorensis
1435 1708 1541 1766 est,
1578 1705 1670 1769 qui
1717 1701 1918 1754 saeculo
1953 1715 2099 1755 nono
2142 1699 2248 1754 sub
2271 1698 2466 1753 Carolo
2509 1700 2676 1753 Calvo
2724 1697 2926 1752 ﬂoruit.
2977 1695 3150 1765 Hujus
3185 1694 3620 1749 Commentarios-

361 1795 428 1848 ud
455 1793 569 1847 ΧΙΙ
609 1792 894 1861 prophetas
920 1795 1150 1844 minores
1182 1803 1326 1842 anno
1367 1787 1507 1841 1545
1552 1785 1790 1840 Joannes
1820 1784 2123 1840 chtenius
2157 1785 2347 1852 edidit,
2375 1787 2465 1854 qtti
2506 1785 2704 1840 deinde
2739 1787 2792 1839 in
2824 1785 3226 1856 Lugdunensem
3259 1784 3373 1838 PP.
3401 1784 3608 1838 Biblio—

362 1895 562 1944 thecam
594 1888 840 1942 translati
868 1882 1110 1940 fuerunt.
1137 1884 1587 1940 Commentarium
1620 1897 1750 1933 vero
1779 1881 1834 1934 in
1876 1885 2071 1935 Oscam
2097 1881 2414 1934 necessario
2449 1893 2508 1933 se
2546 1879 2800 1934 omisisse
2823 1879 3126 1938 llentenius
3157 1884 3253 1944 ait,
3287 1882 3414 1951 quia
3458 1881 3608 1935 hunc

353 1982 575 2043 unicus,
605 1996 766 2050 quem
817 1985 1016 2033 nactus
1041 1986 1178 2040 erat,
1210 1973 1379 2028 codex
1429 1971 1799 2027 desiderabat.
1851 1968 1963 2040 Ego
2003 1985 2135 2024 vero
2179 1969 2465 2039 antiquum
2507 1968 2750 2024 codicem
2790 1969 3114 2028 Vaticanum
3155 1972 3496 2044 perlustrans
3545 1973 3612 2026 in

357 2079 550 2133 Oscam
596 2093 813 2148 quoque
851 2074 1294 2130 commentarium
1346 2069 1579 2141 Remigii
1637 2069 1838 2139 reperi,
1877 2068 2132 2122 mutilum
2179 2075 2382 2132 tamen,
2426 2082 2625 2136 nempe
2663 2083 2837 2138 usque
2877 2069 2945 2124 ad
2991 2070 3294 2140 capitulum
3348 2069 3604 2140 quintum

352 2171 583 2224 necdum
617 2171 911 2238 expletum.
954 2166 1140 2236 Neque
1182 2165 1231 2221 is
1261 2165 1508 2220 delectus
1542 2166 1984 2219 membranarum
2015 2171 2120 2228 est,
2155 2176 2298 2232 quae,
2320 2169 2381 2215 ut
2407 2161 2487 2228 ﬁt,
2528 2162 2875 2218 exciderint:
2915 2165 3117 2220 etenim
3166 2165 3221 2218 in
3259 2180 3364 2234 qua
3406 2162 3615 2233 pagina-

354 2266 525 2320 Oseas
558 2264 908 2335 imperfectus
939 2261 1162 2326 desinit,
1194 2260 1396 2316 ibidem
1428 2259 1618 2330 incipit
1653 2259 1772 2314 Joél
1801 2277 1816 2315 :
1860 2258 2005 2313 unde
2033 2257 2417 2328 cognoscimus
2454 2257 2740 2327 antiquum
2771 2270 3156 2312 aman-uenscm
3203 2255 3424 2309 nonnisi
3459 2255 3606 2307 hanc

349 2357 652 2425 iiclillgialli
690 2354 1065 2410 Commentarii
1103 2355 1161 2407 in
1199 2353 1390 2409 Oscam
1425 2362 1633 2423 partem
1670 2336 1780 2423 prae
1810 2354 2066 2408 manibus
2103 2351 2383 2407 habuisse.
2413 2349 2531 2405 Jam
2563 2353 2667 2408 etsi
2704 2351 3006 2408 Hentenius
3027 2352 3240 2422 magnis
3276 2350 3529 2406 laudibus
3567 2365 3606 2403 a

349 2471 407 2504 se
438 2454 614 2508 editos
647 2452 1070 2506 commentarios
1096 2448 1268 2514 eﬂert,
1305 2465 1406 2519 ego
1434 2459 1615 2505 tamen
1646 2445 1950 2519 Remigium
1996 2449 2050 2503 in
2081 2449 2369 2504 calonibus
2401 2450 2584 2518 potius
2629 2451 2924 2521 ἑρμηνείας
2952 2467 3116 2522 quam
3169 2452 3224 2506 in
3260 2450 3609 2520 principibus

350 2559 664 2607 nunierem;
697 2543 843 2612 quod
868 2543 936 2598 de
963 2542 1085 2596 aliis
1116 2541 1279 2595 etiam
1311 2541 1868 2596 commentationibus
1896 2541 2016 2609 ejus
2047 2539 2115 2594 ad
2167 2555 2323 2596 sacra
2356 2539 2527 2595 Biblia
2573 2557 2678 2611 qua
2710 2541 2874 2599 editis
2925 2559 3032 2613 qua
3057 2542 3282 2598 ineditis
3311 2557 3463 2612 mque
3508 2541 3603 2609 ju-

346 2638 491 2688 dico.
526 2635 683 2689 Certe
719 2635 847 2687 illud
878 2633 1134 2703 frequens
1173 2633 1621 2703 etymologiarum
1654 2632 1891 2686 studium
1925 2646 2117 2701 parum
2149 2631 2280 2686 utile
2321 2641 2406 2687 est
2441 2633 2525 2687 vel
2561 2633 2817 2688 solidum.
2865 2637 3116 2691 Attamen
3147 2634 3292 2689 aliud
3334 2634 3463 2688 mihi
3493 2631 3603 2688 Re-

346 2729 493 2794 migii
525 2742 662 2794 opus
701 2733 784 2780 est
814 2725 1177 2794 observatum,
1215 2727 1443 2796 profana
1476 2727 1782 2782 eruditione
1822 2727 1977 2780 valde
2007 2735 2274 2789 saturum,
2311 2729 2468 2795 cujus
2502 2727 2683 2783 hercle
2711 2728 3025 2794 editionem,
3065 2745 3185 2785 cum
3215 2729 3382 2784 otium
3416 2728 3601 2792 fuerit,

344 2834 452 2869 non
484 2818 770 2888 ltt‘glignm.
809 2819 1026 2872 Interim
1066 2824 1178 2872 tam
1218 2818 1328 2872 rari
1363 2819 1567 2873 codicis
1598 2819 1807 2888 copiam
1850 2827 2062 2882 nactus,
2109 2819 2254 2872 nolui
2288 2820 2626 2874 coaunittere
2669 2828 2726 2872 ut
2771 2821 2886 2875 hmc
2924 2821 3126 2876 inedita
3161 2836 3286 2891 pars
3323 2819 3593 2875 Commen-

348 2911 473 2960 tm-ii
506 2909 572 2961 ad
600 2910 786 2965 Oscam
815 2912 1020 2966 diutius
1044 2911 1100 2965 in
1135 2911 1373 2966 tenebris
1402 2912 1764 2967 delitesceret.
1797 2911 1982 2981 Itaque
2008 2914 2061 2966 in
2095 2921 2246 2982 parte
2276 2915 2376 2968 mei
2412 2915 2725 2978 voluminis,
2751 2916 2892 2970 unde
2915 2917 3076 2970 aliam
3103 2916 3351 2971 canonici
3381 2913 3614 2986 generis

352 3001 779 3058 incubrationem
804 3005 1087 3072 ejcceram,
1116 3004 1217 3058 hoc
1242 3003 1469 3075 Remigii
1505 3005 1941 3074 supplementum
1976 3005 2171 3059 locavi.

416 3136 526 3190 V’ll.
562 3137 665 3192 Sed
701 3140 811 3208 jam
839 3141 1014 3197 oratio
1041 3152 1346 3197 revertatur
1372 3143 1436 3198 ad
1474 3138 1842 3205 Theodorum.
1885 3144 2044 3212 cujus
2083 3145 2129 3199 si
2172 3144 2436 3213 plurimas
2465 3145 2871 3214 expositionum
2905 3147 3096 3202 harum
3131 3147 3320 3204 laudes
3343 3147 3604 3206 detexere

346 3234 528 3293 velim,
556 3235 637 3286 vel
667 3233 909 3289 inlinitus
927 3237 1050 3302 sim,
1082 3239 1162 3290 vel
1193 3246 1342 3292 certe
1365 3249 1685 3308 perpetuum
1717 3239 2094 3294 commentarii
2117 3240 2235 3308 ejus
2256 3243 2707 3296 commentarium
2732 3243 3000 3298 adornare
3021 3245 3293 3299 deberem.
3321 3242 3378 3297 ln
3405 3243 3602 3314 primis

347 3341 535 3381 auctor
561 3329 866 3382 universam
896 3331 1274 3386 vaticiniorum
1301 3334 1582 3387 materiam
1608 3341 1790 3388 mente
1813 3335 2150 3403 complexus,
2179 3335 2314 3390 mire
2347 3337 2488 3390 inter
2512 3353 2570 3392 se
2594 3339 2932 3402 commiscet,
2967 3340 3307 3410 invicemque
3334 3341 3597 3408 illustrat,

347 3432 398 3473 et
432 3439 553 3475 rum
587 3423 865 3492 prophetis
900 3425 1221 3494 majoribus,
1254 3428 1556 3496 praesertim
1588 3444 1718 3482 vero
1752 3445 1876 3482 cum
1922 3428 2155 3484 Psalmis
2202 3429 2476 3485 Davidicis
2507 3433 2710 3501 passim
2740 3435 3031 3488 connectit.
3066 3428 3418 3504 Prologorum
3464 3450 3600 3490 vero

345 3519 604 3584 dignitas,
633 3534 960 3572 excursunm
989 3520 1102 3574 sive
1124 3523 1602 3590 ampliﬁcationun'.
1626 3525 1864 3586 ubertas,
1886 3525 2246 3593 quaestionum
2273 3540 2524 3587 acumen,
2553 3527 2793 3581 locorum
2819 3527 3253 3584 diﬂicillimorum
3295 3540 3596 3598 spontanea

347 3630 408 3666 ac
433 3614 726 3668 ludibunda
761 3617 1151 3684 propemodum
1184 3619 1479 3688 explicatio
1508 3621 1748 3689 legentes
1774 3621 2080 3692 philologos
2107 3638 2459 3692 magnopere,
2483 3632 2541 3677 ut
2571 3637 2752 3693 spero,
2774 3623 3087 3678 oblectabit.
3123 3621 3364 3692 Exempli
3404 3637 3597 3681 causa.

349 3707 530 3759 Λιιιοδί
566 3708 724 3759 verba
759 3722 878 3776 cap.
909 3725 946 3772 ι,
971 3711 1041 3764 5:
1079 3711 1246 3780 Super
1273 3713 1438 3767 tribus
1469 3714 1746 3768 sceleribus
1783 3715 2030 3768 Damasci
2058 3726 2106 3769 et
2137 3734 2292 3786 super
2324 3729 2553 3788 quatuor
2585 3735 2686 3772 non
2709 3729 3026 3784 convertam,
3065 3719 3378 3773 felicissime
3406 3729 3599 3773 noster

347 3805 507 3862 atque
538 3812 602 3848 ex
634 3797 811 3850 indole
840 3800 1182 3854 orientalium
1221 3802 1537 3858 idiomatum
1568 3805 1800 3872 explicat
1831 3806 1909 3858 sic
1945 3823 1956 3857 :
1984 3805 2128 3858 Dicit
2157 3822 2308 3872 super
2339 3809 2505 3860 tribus
2529 3817 2578 3861 et
2609 3820 2860 3876 quatuor,
2893 3826 3071 3875 nempe
3097 3826 3189 3877 pro
3221 3810 3418 3863 multis.
3448 3808 3596 3863 Nam

347 3892 467 3957 quia
500 3907 742 3944 numerus
785 3903 899 3959 post
931 3910 1092 3946 unum
1123 3906 1173 3950 et
1218 3896 1322 3950 duo
1355 3898 1579 3965 pluralis
1623 3900 1838 3963 dicitur,
1883 3899 2031 3952 verba
2077 3901 2242 3953 tribus
2281 3902 2472 3954 multos
2512 3901 2745 3966 denotat,
2788 3903 2939 3958 verbo
2984 3915 3156 3959 autent
3191 3915 3418 3975 quatuor
3450 3906 3596 3958 mul-

349 3986 622 4037 tilmliu-em
648 3995 950 4054 exaggerat.
1005 3986 1215 4044 Rursus
1243 3989 1312 4044 ad
1353 3991 1518 4044 verba
1563 3989 1796 4042 Michaea:
1829 4006 1949 4054 cap.
1993 4007 2048 4050 v,
2079 3992 2151 4044 5:
2205 3989 2614 4046 Suscitubuntur
2655 4009 2809 4062 super
2846 4013 2962 4048 eum
2991 4006 3183 4065 septem
3233 4006 3492 4065 pastores,
3543 4009 3597 4050 et

346 4088 459 4128 Orto
494 4095 698 4132 morsus
732 4080 1020 4147 hominum,
1059 4089 1181 4151 post
1210 4082 1424 4136 irrisum
1469 4081 1849 4134 nonnullorum
1885 4081 2236 4151 interpretum
2281 4084 2596 4148 vanitatem,
2636 4085 2711 4137 ait
2743 4088 3062 4155 simpliciter
3105 4099 3294 4156 septem
3326 4106 3477 4145 more
3512 4092 3596 4145 bi-

345 4173 486 4221 i‘iitflfr
521 4171 744 4242 intelligi
777 4173 844 4227 de
872 4173 1232 4242 perfecto'seu
1265 4190 1459 4244 magno
1489 4191 1736 4238 numero,
1778 4185 1892 4228 octo
1929 4183 2109 4228 autem
2152 4175 2218 4228 de
2249 4173 2368 4244 ejus
2399 4191 2647 4231 excessu.
2678 4175 2842 4244 quue
2872 4180 3140 4234 illuminat
3172 4179 3382 4235 Domini
3410 4182 3596 4237 verbis

345 4265 506 4316 i’ctro
535 4263 791 4327 dicentis,
822 4272 882 4317 ut
906 4281 1019 4319 non
1047 4264 1248 4334 septies
1291 4274 1509 4332 peccata
1549 4261 1847 4315 dimitteret
1877 4262 1971 4316 scd
2009 4264 2318 4332 septuagies
2349 4265 2586 4333 septies;
2622 4273 2674 4319 et
2722 4267 2829 4321 illis
2873 4269 3236 4334 Ecclesiast:e,
3273 4271 3355 4325 Da
3386 4282 3593 4341 partem

342 4367 536 4421 septem
591 4373 787 4410 necnon
833 4367 883 4411 et
929 4367 1077 4419 octo;
1120 4359 1188 4412 de
1226 4357 1426 4426 quibus
1465 4357 1695 4424 mystica
1727 4357 1974 4424 quaedam
2020 4364 2074 4410 et
2117 4359 2436 4426 persubtilia
2481 4367 2882 4414 commentatur
2922 4362 3244 4417 Ambrosius
3279 4363 3417 4417 libro
3446 4380 3499 4426 v,
3536 4365 3594 4416 in

342 4451 545 4506 Lucam
587 4469 643 4508 n.
679 4454 787 4509 49:
837 4472 996 4525 quem
1043 4455 1313 4510 Ambrosii
1361 4455 1542 4508 locum
1590 4453 1898 4508 Cimmeriis
1948 4454 2190 4508 tenebris
2234 4455 2470 4509 obsitum
2522 4455 2754 4510 Mam-ini
2795 4456 3035 4512 editores
3079 4473 3221 4528 argre
3274 4457 3593 4525 declarant;

345 4547 762 4615 Mopsuestenns
795 4558 978 4604 autem
1023 4550 1280 4620 praedicta
1322 4549 1485 4601 verba
1517 4549 1840 4618 simpliciter
1879 4563 2113 4618 vereque
2161 4549 2435 4619 explicat:
2482 4549 2736 4620 Mani/ica
2773 4551 2843 4604 da
2883 4553 3167 4622 egentibus,
3207 4569 3365 4623 neque
3398 4554 3450 4605 in
3492 4553 3593 4607 hoc

347 4644 618 4697 abundare
648 4659 874 4699 recuses.
917 4643 983 4697 Et
1014 4644 1328 4699 universum
1361 4643 1579 4713 quidem
1625 4643 2035 4700 Testamentum
2066 4643 2234 4699 Vetus
2266 4649 2712 4719 praeparationem
2757 4648 2892 4702 Novi
2933 4647 3120 4711 luisse,
3153 4655 3315 4715 atque
3347 4647 3527 4699 omnia
3559 4661 3590 4699 a

347 4739 453 4791 hu)
486 4741 546 4790 ad
586 4748 873 4794 venturum
911 4740 1189 4793 Christum
1221 4739 1450 4801 directa,
1480 4738 1691 4792 sincere
1728 4751 2022 4809 sancteque
2057 4742 2242 4796 multis
2274 4742 2405 4797 locis
2431 4741 2748 4798 Theodorus
2779 4743 3060 4803 latetur,v.
3095 4759 3176 4813 gr.
3210 4759 3264 4812 p.
3291 4743 3343 4805 1,
3375 4742 3462 4807 69,
3494 4742 3587 4806 72,

348 4836 363 4882 t
387 4836 400 4881 ε
426 4836 466 4880 t.
488 4837 498 4883 l
524 4834 601 4893 t6,
640 4835 758 4888 1'20.
788 4833 916 4893 €208,
943 4835 1210 4903 praecipue
1261 4848 1388 4887 vero
1423 4833 1475 4886 in
1521 4833 1736 4902 prologo
1758 4833 1825 4886 ad
1849 4832 2044 4887 .Ionam
2067 4849 2085 4887 :
2114 4833 2272 4904 cujus
2298 4837 2572 4906 propheta:
2598 4836 2802 4906 grande
2826 4837 2957 4892 illud
2983 4813 3126 4892 intra
3152 4844 3329 4892 cetum
3353 4838 3590 4894 viventis

344 4928 688 4982 uuam-nium.
723 4925 864 4993 quod
890 4925 1109 4994 quidam
1133 4930 1384 4979 recentes
1409 4923 1589 4976 critici
1622 4923 1885 4978 scelerate
1907 4924 2155 4979 derident
2181 4927 2270 4996 (ne
2290 4926 2510 4982 Christo
2538 4927 2756 4996 quidem
2781 4927 2972 4983 Matth.
3007 4946 3102 4992 xn,
3131 4927 3222 4994 40,
3248 4929 3585 4997 credentes),

343 5016 588 5069 mmnulli
635 5016 922 5085 allegorice
971 5023 1181 5069 tantum
1235 5015 1560 5081 admittunt,
1620 5016 1704 5070 vel
1770 5017 2047 5086 prepheta:
2103 5019 2374 5072 somnium
2443 5021 2793 5086 existimant,
2867 5022 2958 5076 alii
3022 5039 3088 5077 ex
3147 5021 3346 5078 fabulis
3404 5023 3590 5077 ethni-

342 5121 553 5165 corum.
615 5114 744 5176 puta
795 5106 864 5160 de
911 5103 1283 5166 Andromeda,
1338 5103 1423 5157 vel
1470 5103 1537 5157 de
1596 5101 1829 5159 Hercule
1881 5105 1974 5175 qui
2022 5103 2276 5175 Neptunii
2324 5110 2477 5163 canis
2522 5111 2828 5166 visceribus
2871 5116 3045 5167 evasit
3096 5113 3406 5179 incolumis,
3454 5131 3590 5171 con-

344 5200 670 5264 ;intlnmtum
719 5196 1005 5266 dictitant;
1051 5196 1139 5267 pie
1194 5194 1536 5258 Theodorus,
1583 5201 1646 5248 ut
1693 5209 1812 5250 mos
1859 5203 1943 5250 est
1987 5195 2246 5251 Ecclesia!
2278 5200 2497 5253 Patrum
2532 5209 2586 5254 et
2628 5203 3045 5269 catholicorum,
3094 5221 3416 5274 summaque
3457 5222 3585 5264 cum

345 5289 652 5342 i'rvv'v'cniia
709 5289 1057 5358 amplectitur
1105 5302 1208 5342 nec
1258 5285 1327 5341 de
1378 5300 1444 5341 eo
1494 5284 1854 5355 quaastionem
1900 5285 2065 5338 ullam
2111 5286 2226 5340 ﬁeri
2274 5290 2497 5358 patitur.
2550 5289 2617 5346 Ut
2661 5299 2839 5346 autem
2892 5296 3092 5349 mentis
3137 5293 3436 5362 Theodori,
3476 5313 3587 5366 qua

343 5384 660 5449 propin-tias
721 5381 789 5438 de
841 5381 1061 5436 Christo
1106 5381 1291 5445 tradit,
1337 5380 1549 5436 illustre
1604 5381 1881 5451 specimen
1933 5381 2076 5443 dem,
2129 5397 2240 5435 non
2291 5386 2556 5440 recusabo
2610 5387 2666 5441 in
2723 5387 2953 5458 gratiam
3011 5387 3225 5440 illorum
3274 5387 3588 5457 quiGraece

345 5475 600 5526 twsciunt
631 5474 1099 5544 (quandoquidem
1139 5473 1389 5529 Latinam
1425 5475 1930 5543 interpretationem
1974 5474 2042 5530 ab
2072 5475 2175 5530 hoc
2204 5477 2478 5533 volumine
2509 5481 2737 5546 exclusi,
2771 5496 2932 5551 quam
2977 5481 3214 5536 liberiori
3250 5483 3362 5536 otio
3408 5483 3588 5538 absol-

341 5566 567 5617 vcmlnu
607 5567 1120 5639 perpoliendamque
1147 5569 1390 5630 reservo)
1417 5570 1752 5624 luculentum
1787 5576 2020 5624 tractum
2059 5570 2252 5628 Latine
2283 5589 2480 5640 ponere
2509 5574 2575 5628 ad
2608 5577 2696 5629 illa
2729 5574 2895 5630 Joelis
2924 5577 3088 5631 verba
3121 5592 3240 5646 cap.
3272 5593 3332 5642 ιι,
3367 5576 3528 5632 28-51
3567 5598 3582 5632 :

344 5660 635 5727 Ιζιῄίὶξηιὶιηη
669 5663 733 5716 de
773 5661 977 5730 Spiritu
1007 5680 1118 5717 meo
1149 5680 1304 5734 super
1333 5681 1536 5718 omnem
1579 5679 1810 5728 carnem,
1844 5673 1893 5716 et
1923 5665 2303 5732 prophetabunt
2335 5669 2438 5737 ﬁlii
2469 5670 2625 5722 vestri
2651 5678 2702 5723 et
2742 5669 2870 5739 ﬁlice
2902 5679 3106 5732 restra',
3141 5677 3191 5722 et
3240 5685 3385 5723 senes
3424 5673 3582 5722 vestri

344 5755 550 5804 κοιμτιεένι
592 5754 946 5814 κοιιυιὶαὸιιηι,
973 5763 1024 5806 et
1051 5755 1457 5823 juvenes‘vestri
1504 5757 1727 5809 visiones
1767 5756 1853 5809 vid

2076 5755 2146 5810 Et
2189 5777 2344 5829 super
2375 5779 2549 5818 servos
2588 5779 2749 5826 meos,
2780 5774 2831 5818 et
2877 5778 3030 5830 super
3076 5761 3302 5815 ancillas
3340 5778 3481 5815 meas
3528 5762 3580 5814 in

350 5847 521 5898 dira-2:9
558 5849 665 5903 :llis
705 5848 979 5917 c/fundam
999 5847 1071 5904 de
1097 5847 1299 5919 Spiritu
1329 5863 1478 5915 meo;
1509 5858 1557 5903 et
1591 5845 2036 5903 vaticinabantur.
2069 5848 2136 5903 Et
2168 5849 2304 5907 dabo
2331 5855 2572 5926 prodigia
2605 5856 2656 5910 in
2689 5855 2815 5911 caelo
2847 5865 2896 5909 et
2929 5872 3086 5926 super
3115 5865 3330 5921 terram,
3365 5852 3576 5922 sangui-
