3824 6224
98 323 197 377 H7
1375 324 1536 382 ANG.
1577 325 1608 379 Ν

1867 323 2148 380 :EFATIO.
3277 318 3377 373 118

83 456 209 495 nam
243 450 298 495 et
327 442 499 513 ignem
531 453 579 497 et
609 458 849 512 vaporem
871 443 1034 513 fumi;
1066 444 1149 498 sal
1176 451 1405 498 vertetur
1425 446 1482 497 in
1516 444 1774 510 tenebras,
1804 454 1855 500 et
1878 446 2006 500 luna
2026 446 2080 500 in
2105 443 2433 514 sanguinem,
2457 452 2577 497 ante
2606 455 2765 511 quam
2801 439 2974 493 veniat
2994 436 3105 492 dies
3145 435 3366 490 Domini

80 551 327 604 magnus
357 548 409 589 et
439 537 689 591 illustris.
724 537 821 603 Ibi,
850 540 1097 608 inquam,
1132 547 1257 610 post
1282 540 1386 595 alia
1414 540 1563 595 dicta
1595 539 1918 597 Theodorus
1947 542 2186 612 disputat
2215 540 2294 596 sic
2322 559 2335 594 :
2374 537 2541 594 Verba
2563 539 2672 591 hinc
2702 540 2882 590 beatus
2922 534 3112 588 Petrus
3142 530 3365 585 Judwos

78 629 377 699 alloquens
397 631 462 685 de
492 633 726 700 Spiritus
764 636 938 688 sancti
971 634 1195 690 adventu
1212 637 1483 704 usurpavit
1510 636 2016 700 convenientissima,
2047 633 2467 706 quandoquidem
2496 633 2673 701 prisca
2701 632 2788 684 lea:
2814 635 3117 697 futurorum
3141 628 3376 680 omnium

76 724 346 789 qua'dam
370 724 557 778 umbra
590 726 889 795 fuit.-—-Et
918 728 1017 781 illa
1045 727 1255 798 quidem
1288 738 1457 783 vetera
1488 745 1708 799 parvum
1736 728 1866 799 quid
1901 739 2052 784 erant
2077 741 2128 783 et
2159 737 2410 797 tanquam
2434 722 2844 785 adumbratam;
2879 721 2957 773 ita
2990 727 3049 773 ut
3089 719 3373 774 secundum

78 819 416 885 hyperbolen
443 822 619 889 potius
659 839 818 893 quam
858 824 1143 880 secundum
1174 827 1249 881 rei
1278 828 1569 894 veritatem,
1603 827 1746 882 dicta
1768 827 1987 897 fuerint,
2022 828 2111 883 sed
2135 828 2249 896 ipsa
2272 826 2483 881 demum
2500 823 2762 877 dictorum
2780 818 3044 873 veracitas
3072 818 3127 871 in
3159 815 3373 870 Christo

80 911 331 968 Domino
357 916 596 983 eﬂ'ectum
625 918 903 987 manifeste
934 921 1153 986 habuit;
1176 939 1277 993 quo
1303 933 1531 993 tempore
1564 942 1755 995 magna
1778 926 1956 980 omnia
1980 936 2028 979 et
2061 926 2291 994 terriﬁca
2322 937 2552 990 novaque
2580 928 2629 973 et
2657 918 2793 970 mira
2823 931 2933 987 pra:
2959 914 3161 968 cunctis
3186 913 3375 982 prisca:

81 1006 225 1072 lcqis
273 1008 539 1061 eventibus
582 1023 935 1079 apparuerunt
977 1028 996 1065 :
1036 1014 1115 1067 ita
1162 1023 1221 1066 ut
1273 1013 1425 1068 Vetus
1477 1014 1867 1069 Testamentum
1910 1016 2204 1086 a'nigmatis
2239 1013 2352 1068 loco
2381 1011 2562 1081 fuerit,
2596 1025 2771 1062 rerum
2810 1017 2986 1060 autem
3017 1006 3110 1059 sub
3160 1003 3373 1059 Christo

82 1097 332 1152 Domina
375 1109 640 1169 gestarum
680 1101 988 1172 magnitudo
1031 1102 1301 1156 veritatem
1350 1104 1557 1157 demum
1585 1105 1799 1160 stiterit.
1836 1104 1999 1175 Atque
2030 1106 2106 1158 ita
2144 1105 2326 1159 beatus
2359 1102 2530 1156 aiebat
2573 1098 2740 1152 David
2770 1098 2833 1151 de
2878 1097 3065 1165 populo
3094 1113 3110 1149 :
3142 1095 3260 1150 Non
3290 1104 3376 1152 est

81 1198 364 1251 derelicta
399 1198 579 1251 anima
608 1199 726 1267 ejus
756 1201 808 1253 in
838 1199 1072 1260 inferno,
1108 1214 1285 1269 neque
1318 1216 1447 1256 caro
1474 1202 1594 1271 ejus
1629 1203 1765 1258 vidit
1787 1204 2194 1273 corruptionem
2228 1205 2243 1233 ¹
2273 1218 2287 1256 :
2320 1199 2456 1271 quod
2487 1213 2612 1254 sane
2645 1194 2707 1247 de
2736 1210 2790 1246 re
2829 1203 2939 1245 tum
2972 1201 3117 1261 gesta
3152 1192 3377 1260 intelligi

82 1291 301 1354 nequit,
334 1290 426 1344 sed
449 1293 798 1361 metapharice
821 1304 974 1363 atque
1010 1295 1338 1364 hyperbolice
1366 1298 1563 1350 dicitur
1592 1307 1795 1361 ereptus
1832 1298 2053 1368 populus
2084 1298 2147 1352 de
2174 1297 2406 1367 periculo
2436 1304 2588 1365 atque
2614 1288 2857 1360 pernicie.
2890 1286 2981 1341 Rei
3018 1304 3176 1357 porro
3206 1290 3374 1357 ipsius

81 1383 437 1451 raticiniique
463 1386 653 1439 veritas
683 1387 736 1439 in
764 1386 976 1441 Christo
1006 1387 1232 1442 Domino
1262 1390 1443 1459 palam
1471 1390 1615 1459 facta
1636 1399 1734 1457 est,
1759 1404 1874 1443 cum
1907 1400 2120 1460 propter
2146 1388 2449 1458 resurgendi
2479 1388 2722 1442 virtutem
2742 1397 2902 1449 neque
2929 1382 3107 1433 anima
3136 1381 3248 1448 ejus
3283 1380 3376 1433 diu

82 1474 243 1540 apud
274 1476 471 1544 inferos
500 1493 716 1546 corpore
744 1479 987 1548 sejuncta
1010 1481 1229 1546 mansit,
1254 1498 1416 1551 neque
1441 1497 1626 1549 corpus
1651 1482 2035 1549 corruptionem
2064 1481 2231 1533 ullam
2250 1496 2465 1549 passum
2496 1479 2619 1547 fuit,
2652 1484 2790 1550 quod
2816 1496 2920 1533 non
2950 1478 3121 1531 solum
3147 1476 3374 1544 ﬁgurant

80 1572 377 1637 propriam
400 1573 637 1637 retinuit,
667 1577 721 1629 in
751 1593 855 1645 qua
882 1586 1149 1631 mortuum
1180 1578 1376 1647 fuerat,
1402 1596 1578 1634 verum
1606 1580 1769 1633 etiam
1800 1579 1868 1633 ad
1900 1578 2250 1632 immortalem
2278 1577 2828 1646 incorruptibilemque
2858 1586 3105 1629 naturam
3135 1571 3370 1625 transiit.

80 1658 458 1723 Quamobrem
491 1665 671 1731 priora
701 1667 819 1729 illa,
849 1670 1071 1739 aenigma
1103 1670 1350 1738 fuerunt;
1381 1672 1493 1727 hazc
1524 1674 1840 1741 posteriora,
1872 1674 2084 1727 veritas.
2113 1672 2309 1726 Beatus
2342 1673 2505 1742 igitur
2543 1671 2732 1725 Petrus
2766 1670 2932 1725 verbis
2977 1670 3085 1723 illis
3118 1678 3375 1736 tanquam

80 1751 226 1804 olim
262 1753 610 1821 metaphorice
643 1773 745 1810 non
767 1759 879 1811 sine
915 1776 1079 1813 causa
1101 1760 1278 1826 dictis,
1319 1779 1457 1816 nunc
1504 1773 1679 1816 autem
1710 1772 1945 1816 eventum
1981 1780 2157 1816 verum
2189 1763 2242 1815 in
2287 1773 2432 1831 gesta
2461 1777 2516 1815 re
2553 1762 2864 1825 consecutis,
2900 1778 3025 1814 usus
3050 1768 3155 1821 est;
3196 1760 3271 1812 ita
3318 1768 3374 1810 ut

81 1860 239 1897 nunc
282 1847 451 1915 magis
487 1849 831 1916 prtesentibus
860 1863 992 1906 esset
1038 1854 1370 1917 credendum,
1403 1872 1560 1925 quam
1605 1856 1668 1909 de
1716 1857 1905 1925 priscis
1948 1857 2058 1911 illis
2098 1857 2586 1926 obstupescendum.
2638 1856 2704 1909 Et
2749 1857 2910 1927 paulo
2949 1854 3089 1910 infra
3122 1874 3132 1907 :
3170 1853 3375 1908 Cuncta

81 1940 381 1994 verissima
408 1942 464 1994 in
496 1942 706 1998 Christo
738 1946 961 2001 Domino
992 1957 1303 2013 evaserunt;
1334 1966 1455 2003 nam
1473 1960 1521 2003 et
1548 1950 1628 2004 sol
1652 1967 1762 2004 vere
1792 1949 2156 2004 obtenebratus
2186 1952 2309 2020 fuit,
2334 1959 2383 2005 et
2415 1950 2541 2004 luna
2570 1952 2799 2019 pariter;
2821 1965 3114 2020 magnaque
3133 1958 3182 2002 et
3207 1949 3377 2001 multa

82 2030 229 2083 (mlo
264 2040 505 2103 terraque
532 2037 778 2107 prodigia
810 2041 1153 2107 acciderunt;
1195 2053 1243 2096 et
1284 2042 1486 2098 Christi
1531 2043 1747 2098 Domini
1786 2046 2041 2099 salutaris
2070 2045 2287 2115 sanguis
2332 2044 2474 2098 visus
2515 2052 2631 2106 est;
2670 2053 2717 2097 et
2748 2044 2883 2113 ignis
2924 2056 3206 2111 spectrum,
3237 2043 3375 2112 quod

83 2120 463 2180 descendentis
490 2126 723 2197 Spiritus
751 2132 852 2185 vim
889 2134 1267 2205 signiﬁcabat;
1300 2139 1386 2190 cui
1409 2138 1675 2206 praecessit
1707 2138 1841 2201 fumi
1870 2152 2055 2205 vapor,
2087 2139 2175 2207 qui
2212 2148 2485 2192 eventuras
2516 2136 2919 2206 cruci/ixoribus
2949 2151 3127 2205 pinnas
3163 2145 3375 2203 porten-

84 2209 277 2267 debat.
306 2213 453 2269 Tunc
473 2220 635 2272 etiam
664 2218 898 2290 Spiritus
924 2226 1097 2280 sancti
1124 2227 1314 2296 gratia:
1339 2229 1514 2283 cuncti
1539 2229 1821 2298 participes
1854 2228 1985 2297 facti
2017 2237 2139 2282 sunt
2159 2267 2175 2294 ,
2210 2229 2492 2297 multisque
2529 2243 2592 2281 ac
2619 2228 2783 2281 variis
2809 2226 3217 2280 charismatibus
3246 2227 3376 2281 insi-

83 2308 275 2375 gniti:
304 2326 471 2379 quare
513 2314 611 2369 alii
630 2318 1036 2387 prophetabant,
1080 2320 1175 2375 alii
1206 2323 1437 2392 plurima
1476 2324 1698 2378 edebant
1736 2326 2018 2389 miracula,
2054 2324 2116 2378 ob
2161 2323 2497 2379 asserendam
2544 2338 2700 2394 gesta:
2745 2326 2818 2378 rei
2843 2324 3281 2395 magnitudinem,
3323 2333 3375 2378 et

85 2400 305 2457 Christi
334 2404 551 2462 Domini
576 2426 667 2464 seu
686 2412 845 2481 ﬁdem
866 2432 957 2470 seu
983 2417 1211 2486 gloriam
1230 2419 1724 2477 constabiliendam.
1750 2421 1903 2488 Quod
1940 2422 2065 2476 olim
2090 2422 2252 2491 igitur
2280 2421 2628 2491 metaphorice
2655 2422 2909 2491 propheta
2944 2421 3021 2474 vel
3047 2421 3374 2490 hyperbolice

81 2498 333 2568 dixerat,
370 2521 509 2558 nunc
536 2507 872 2578 manifestam
906 2512 1057 2567 habet
1084 2514 1505 2583 signiﬁcatarum
1539 2532 1714 2570 rerum
1749 2516 2054 2579 veritatem;
2094 2516 2199 2569 into
2232 2516 2385 2569 verba
2420 2515 2562 2583 infra
2601 2534 2682 2571 res
2714 2518 2856 2585 ipsas
2887 2527 3032 2571 sunt.
3066 2515 3176 2570 Cur
3198 2517 3374 2585 itaque

84 2589 191 2641 hoc
236 2594 547 2648 vaticinium
574 2598 797 2671 itemque
819 2605 1043 2675 reliqua,
1075 2615 1326 2676 quotquot
1354 2607 1417 2661 de
1444 2608 1566 2662 aliis
1592 2609 1735 2661 dicta
1761 2625 1793 2661 a
1816 2608 2079 2676 prophetis
2128 2616 2271 2673 sunt,
2296 2607 2359 2661 de
2381 2605 2581 2662 Christi
2610 2608 2823 2662 Domini
2848 2609 3210 2662 incarnatione
3232 2605 3372 2659 beati

86 2682 333 2743 apostoli
362 2685 730 2757 intellexerint,
748 2693 882 2748 hanc
908 2698 1095 2752 merito
1115 2715 1275 2767 quam
1300 2700 1532 2754 diximus
1555 2717 1773 2754 causam
1792 2701 1997 2755 credere
2027 2700 2163 2753 licet.
2197 2698 2286 2754 Sic
2314 2701 2450 2753 enim
2479 2708 2528 2753 et
2560 2703 2897 2770 antiquarum
2926 2716 3102 2754 rerum
3147 2699 3371 2751 historia

88 2773 317 2827 minime
348 2776 475 2844 ﬁcta
508 2793 739 2855 apparet,
766 2796 815 2839 et
844 2784 1153 2856 magnitudo
1181 2790 1519 2855 praesentium
1548 2805 1613 2842 ea:
1638 2790 1856 2842 illarum
1886 2788 2281 2857 comparatione
2304 2789 2472 2857 magis
2499 2790 2838 2857 coarguitur;
2873 2798 3026 2858 atque
3052 2785 3184 2841 illud
3218 2786 3373 2838 undi-

86 2880 193 2931 que
234 2882 481 2937 apparet,
516 2891 596 2928 res
626 2878 876 2932 nimirum
908 2880 1089 2933 veteris
1113 2880 1240 2949 legis
1277 2880 1345 2933 ad
1379 2881 1518 2935 Novi
1550 2882 1873 2936 Testamenti
1902 2892 2113 2936 eventus
2138 2880 2368 2949 referri:
2406 2881 2537 2935 adeo
2570 2891 2743 2936 tamen
2770 2885 2952 2952 priora
2990 2880 3372 2952 posterioribus

89 2960 304 3024 rudere,
335 2976 593 3032 quantum
626 2988 840 3040 corpore
867 2972 1108 3026 umbram
1137 2974 1449 3028 deteriorem
1483 2993 1593 3029 esse
1615 2992 1712 3044 par
1744 2986 1842 3036 est,
1871 2976 1971 3029 etsi
1997 2975 2065 3027 ad
2113 2974 2208 3026 hoc
2242 2973 2506 3043 quadrare
2538 2974 2761 3030 videtur.
2801 2977 3077 3032 Hactenus
3120 2976 3371 3029 Theodo-

90 3068 233 3119 rus;
268 3058 356 3110 cui
403 3060 788 3129 astipulantem
819 3067 961 3122 dabo
989 3067 1268 3133 Ruﬁnum,
1306 3072 1398 3140 qui
1435 3072 1487 3123 in
1533 3070 1928 3126 Commentario
1968 3071 2037 3123 ad
2070 3068 2219 3125 Osca:
2250 3070 2407 3123 verba
2436 3085 2557 3138 cap.
2591 3087 2666 3139 xl,
2705 3076 2755 3139 I,
2795 3073 2877 3126 Ea:
2918 3072 3152 3143 ngyplo
3196 3071 3373 3124 vocavi

92 3145 311 3201 Filium
350 3167 543 3218 meum,
573 3157 653 3211 sic
679 3159 906 3215 scribit:
938 3162 1089 3228 Quod
1123 3164 1185 3218 de
1223 3166 1416 3234 populo
1456 3165 1653 3218 dictum
1700 3183 1810 3220 esse
1844 3166 2130 3235 prophetia:
2162 3174 2335 3218 textus
2379 3164 2629 3230 ostendit,
2670 3165 2765 3218 hoc
2795 3167 2955 3218 etiam
2984 3164 3053 3218 ad
3092 3179 3371 3233 personam

90 3238 323 3293 Domini
358 3247 527 3297 nostri
561 3246 691 3301 Jesu
720 3250 920 3305 Christi
944 3271 1095 3322 posse
1139 3257 1446 3325 transferri,
1479 3257 1775 3324 apostolica
1808 3258 2119 3310 monstravit
2170 3256 2495 3318 auctoritas;
2535 3271 2626 3323 per
2674 3273 2823 3324 quem
2872 3256 3108 3310 videlicet
3147 3273 3207 3309 ea
3254 3272 3373 3326 quia

88 3332 310 3389 Iudaeis
351 3338 479 3393 data
511 3352 659 3397 erant
685 3344 876 3401 divina:
930 3351 1143 3418 pietatis
1184 3336 1439 3421 insignia,
1491 3361 1541 3404 et
1577 3353 1902 3405 cumulatius
1939 3352 2089 3405 nobis
2127 3351 2491 3418 conferrentur
2530 3361 2576 3404 et
2604 3349 2829 3420 gratius.
2862 3346 2936 3401 Ne
2986 3347 3119 3401 illud
3148 3364 3371 3417 quoque

98 3442 218 3479 non
255 3427 548 3484 dicendum
587 3443 689 3499 est,
740 3439 882 3506 quod
926 3441 1318 3510 prophetarum
1357 3441 1491 3495 ordo
1529 3442 1672 3511 apud
1709 3441 2059 3496 Theodorum
2099 3442 2352 3496 diversus
2382 3457 2411 3495 a
2444 3441 2724 3495 communi
2772 3440 2825 3492 in
2859 3440 3065 3493 Graecis
3111 3439 3369 3493 editioni~

93 3522 207 3577 bus
241 3531 350 3587 est,
385 3525 464 3581 illi
502 3543 632 3582 vero
665 3532 966 3589 conformis
997 3551 1158 3605 quem
1203 3535 1395 3590 Latina
1436 3537 1653 3605 vulgata
1704 3536 1923 3589 retinet.
1960 3534 2032 3587 Ea
2068 3551 2233 3604 porro
2271 3535 2669 3589 versiculorum
2704 3531 3014 3593 distinctio,
3042 3546 3205 3601 quam
3239 3545 3372 3585 neo-

92 3618 261 3672 terici
297 3620 643 3688 invexerunt,
683 3643 960 3699 quamque
989 3629 1101 3700 jam
1152 3638 1369 3685 mutare
1414 3631 1484 3685 ob
1517 3632 1902 3701 pervulgatum
1956 3646 2115 3684 usum
2152 3646 2263 3684 non
2295 3630 2536 3700 expedit,
2592 3628 2830 3683 absurda
2876 3643 3018 3697 saepe
3064 3636 3118 3682 et
3170 3635 3362 3681 contra

92 3713 376 3769 orationis
411 3720 737 3773 sententiam
788 3723 1187 3792 cognoscitur:
1225 3722 1371 3793 quod
1405 3723 1601 3776 vitium
1644 3723 1698 3776 in
1732 3722 2035 3791 majoribus
2075 3737 2294 3792 quoque
2331 3723 2697 3792 capitulorum
2744 3721 3083 3776 sectionibus
3116 3721 3367 3791 quando-

94 3823 209 3876 que
236 3808 540 3864 admissum
573 3813 858 3884 videmus;
890 3832 1010 3887 qua:
1038 3818 1219 3871 omnia
1258 3817 1532 3872 Theodori
1580 3833 1784 3880 sermo,
1816 3818 1909 3887 qui
1946 3818 2180 3873 diversis
2214 3819 2387 3872 utitur
2419 3818 2626 3887 pansis,
2677 3816 2952 3870 emendat.
2988 3816 3168 3885 Atque
3220 3815 3361 3869 hanc

96 3900 350 3969 capitum
381 3899 708 3959 divisionem
742 3906 1055 3962 inconsulte
1085 3907 1379 3962 admodum
1414 3908 1615 3963 factam
1647 3908 1703 3963 in
1728 3908 2014 3964 Ciceronis
2042 3923 2261 3978 quoque
2289 3906 3085 3973 orationibus,demonstrasse
3124 3921 3209 3960 me
3239 3906 3368 3962 olim

95 3998 351 4061 memini,
378 4013 501 4053 cum
529 3998 883 4057 Verrinarum
924 4013 1108 4073 partes
1143 4019 1211 4058 ex
1246 4003 1636 4075 antiquissimo
1667 4002 1945 4058 Vaticanus
1976 4003 2325 4058 bibliothecae
2372 4004 2728 4073 palimpsesto
2774 4003 3011 4057 ederem.
3043 4000 3150 4057 Sed
3188 4011 3372 4057 tamen

95 4093 429 4153 Theodorus
461 4115 569 4153 non
606 4099 812 4159 idcirco
840 4106 1001 4160 aliter
1033 4116 1351 4161 contextum
1386 4106 1649 4161 biblicum
1681 4104 2179 4160 discriininandum
2206 4105 2573 4167 demonstrat,
2605 4105 2753 4174 quod
2786 4104 2902 4174 ipse
2935 4104 3101 4158 ullam
3127 4104 3370 4173 capitum

97 4191 617 4263 versiculorumque
649 4197 945 4252 sectionem
990 4196 1193 4265 faciat;
1231 4206 1315 4252 est
1356 4200 1504 4252 enim
1545 4198 1600 4252 in
1636 4197 1827 4252 codice
1868 4198 2134 4252 continua
2172 4198 2445 4267 scriptura
2483 4196 2607 4265 (etsi
2644 4212 2743 4267 ego
2793 4196 2848 4248 in
2882 4195 3123 4251 editione
3167 4195 3373 4250 discri-

101 4288 367 4360 minavi);
398 4291 494 4345 sed
525 4292 651 4361 quia
680 4292 809 4348 dum
840 4294 1000 4349 aliter
1029 4294 1312 4349 exorditur
1342 4294 1671 4359 orationem,
1715 4296 1957 4366 itemque
1986 4295 2147 4350 aliter
2188 4295 2417 4355 claudit.
2450 4310 2611 4364 quam
2654 4292 2921 4364 Vulgatus
2952 4300 3134 4348 textus
3165 4308 3277 4364 prae
3311 4310 3372 4349 se

100 4384 236 4445 fert,
273 4384 547 4441 diversam
582 4388 1008 4459 respirationum
1039 4389 1460 4458 sectionumque
1490 4389 1760 4443 rationem
1792 4404 1851 4443 se
1877 4388 2168 4459 agnovisse
2200 4387 2560 4443 demonstrat.

176 4475 310 4531 VIII.
354 4476 613 4547 Superest
662 4488 719 4534 ut
758 4479 1127 4546 Theodorum,
1156 4488 1427 4551 quatenus
1462 4495 1493 4534 a
1534 4490 1686 4534 recto
1725 4482 1946 4535 tramite
1992 4480 2209 4534 videtur
2240 4478 2548 4543 deﬂectere,
2591 4464 2996 4548 coarguamus;
3036 4478 3182 4532 haud
3216 4479 3365 4535 illius

98 4575 325 4646 quidem
354 4576 604 4631 diatribae
637 4592 791 4632 more
827 4594 949 4647 quze
994 4579 1140 4632 inter
1198 4578 1403 4647 scripta
1450 4577 1829 4648 Chrysostomi
1883 4578 1948 4631 ad
1993 4575 2338 4630 Theodorum
2378 4576 2587 4646 lapsum
2633 4577 2850 4647 legitur,
2897 4576 2991 4631 sed
3031 4577 3138 4632 leni
3188 4576 3371 4647 potius

102 4669 479 4725 admonitione
507 4670 799 4741 legentium
831 4680 890 4725 ut
911 4672 1273 4741 periculosam
1308 4673 1637 4742 quandoque
1676 4674 1850 4743 ipsius
1880 4672 2181 4745 ἑρμηνείαν
2216 4677 2467 4727 caveant.
2503 4672 2597 4726 Est
2622 4673 2765 4725 enim
2796 4672 3067 4740 peculiare
3094 4670 3369 4728 Theodori

100 4762 437 4828 institutum,
479 4772 539 4817 ut
572 4764 863 4834 prophetas
910 4763 1175 4820 historice
1214 4764 1468 4835 explicet,
1506 4764 1559 4819 id
1604 4774 1687 4820 est
1738 4774 1797 4818 ut
1842 4765 1951 4818 vim
1990 4766 2195 4834 passim
2244 4763 2623 4817 vaticiniorum
2674 4764 2742 4818 de
2793 4762 3003 4820 Veteris
3031 4763 3366 4820 Testamenti

98 4859 270 4913 rebus
300 4857 724 4927 hominibusque
747 4858 1014 4929 intelligat
1044 4874 1107 4912 ac
1144 4859 1535 4927 interpretetur
1563 4878 1576 4912 :
1611 4869 1774 4928 atque
1796 4859 1850 4911 in
1883 4858 1972 4912 his
1999 4857 2321 4911 nominatim
2353 4857 2661 4911 minoribus
2686 4858 2965 4927 pl‘OphcllS
2996 4859 3367 4929 captivitatem

103 4967 321 5019 semper
346 4967 410 5005 ac
442 4951 836 5021 postliminium
869 4949 1178 5006 Judzeorum
1212 4966 1323 5022 prae
1366 4951 1543 5006 oculis
1588 4951 1783 5018 habet;
1825 4951 1881 5006 in
1926 4951 2143 5006 duobus
2179 4956 2362 5005 autem
2407 4949 2722 5019 postremis,
2769 4949 3035 5005 Zacharia
3075 4950 3287 5007 scilicet
3316 4961 3370 5007 et

105 5043 395 5107 Malachia,
428 5050 674 5113 tempora
702 5058 920 5113 quoque
956 5043 1391 5099 Machabaeorum
1441 5043 1720 5115 agnoscit;
1757 5044 1826 5098 ad
1854 5043 2136 5098 Christum
2167 5049 2348 5096 autem
2384 5042 2617 5111 ejusque
2663 5040 2964 5096 Ecclesiam
2998 5045 3221 5099 nonnisi
3259 5044 3372 5102 fere

101 5149 327 5210 propter
350 5139 615 5193 veriorem
642 5138 1052 5209 planioremque
1080 5137 1325 5205 ἔκϐασιν,
1367 5138 1423 5193 id
1455 5148 1540 5194 est
1580 5146 1840 5203 eventum,
1882 5135 2146 5192 vaticinia
2194 5133 2383 5197 refert,
2432 5142 2492 5188 ut
2538 5135 2595 5188 in
2638 5136 2862 5191 recitato
2891 5137 3139 5206 exemplo
3163 5152 3368 5209 cogno-

104 5235 303 5295 vimus,
340 5247 639 5302 rursusque
660 5233 727 5286 ad
761 5232 1039 5287 Michaeam
1083 5250 1136 5301 v,
1182 5233 1237 5299 2,
1275 5234 1367 5289 ubi
1411 5234 1478 5289 de
1525 5234 1985 5305 promissionibus
2021 5246 2053 5285 a
2088 5230 2197 5286 Deo
2223 5230 2411 5288 Davidi
2454 5228 2616 5286 factis
2666 5238 2855 5286 noster
2893 5230 3171 5302 disputat;
3208 5242 3262 5287 et
3302 5235 3367 5289 ad

106 5326 425 5382 Zachariam
457 5344 535 5391 ix,
568 5328 655 5395 10,
683 5328 778 5383 ubi
807 5328 1123 5384 vaticinium
1156 5330 1300 5385 inter
1325 5329 1719 5388 Zorobabelem
1757 5339 1812 5385 et
1834 5330 2116 5385 Christum
2149 5326 2318 5382 dividi
2346 5341 2511 5398 posse
2531 5336 2717 5397 negat.
2756 5328 2918 5397 Atqui
2950 5328 3065 5384 hinc
3092 5329 3237 5383 ratio
3258 5345 3368 5384 non

106 5424 375 5479 immerito
402 5424 609 5479 Griecis
646 5422 967 5496 Latinisque
994 5418 1251 5481 Patribus
1280 5427 1527 5497 ipsisque
1555 5428 1717 5482 etiam
1745 5425 1995 5482 conciliis
2018 5430 2277 5494 suspecta
2299 5429 2463 5492 atque
2506 5421 2810 5491 improbata
2848 5421 2951 5475 fuit
2990 5440 3003 5477 :
3059 5432 3187 5478 sunt
3220 5423 3366 5478 enim

107 5532 296 5586 reapse
327 5516 584 5572 vaticinia
614 5520 805 5581 multa,
846 5532 968 5587 quas
999 5516 1279 5573 Christum
1311 5516 1492 5584 unice,
1540 5520 1758 5574 nemine
1806 5516 2153 5588 interposito,
2197 5518 2483 5584 spectant;
2534 5529 2712 5584 neque
2756 5516 3026 5571 Theodori
3067 5518 3368 5573 auctoritas

108 5614 251 5659 tanta
289 5615 396 5670 est,
429 5622 604 5676 neque
627 5608 746 5678 ejus
776 5626 1004 5670 acumen
1033 5624 1142 5669 tam
1174 5616 1452 5684 singulare
1496 5615 1851 5680 credendum,
1890 5623 1949 5669 ut
1991 5612 2138 5683 quod
2174 5612 2264 5666 alii
2303 5610 2517 5674 Patres,
2564 5612 2701 5668 tales
2744 5614 2989 5686 tantique
3020 5615 3145 5677 viri,
3191 5614 3367 5671 subli-

112 5700 277 5756 miore
307 5701 400 5754 illo
430 5706 807 5763 tantummodo
841 5724 1006 5765 sensu
1040 5710 1358 5780 praedictum
1404 5720 1664 5781 putarunt
1708 5727 1773 5767 ac
1815 5712 2145 5775 docuerunt,
2189 5707 2319 5763 huic
2372 5706 2638 5763 arbitratu
2683 5720 2783 5760 suo
2815 5705 2882 5761 de
2927 5706 3090 5762 rebus
3128 5708 3364 5777 primum

180 5840 200 5876 ⁸
234 5840 377 5898 Psol.
406 5858 495 5899 sv.
531 5841 615 5897 10.
