3824 6224
441 349 538 406 H9
1665 353 1825 408 ΛΜΞ.
1871 352 1951 406 MA

2183 352 2452 410 EFATIO.
3591 344 3693 398 '3”

434 465 693 520 humanis
721 467 993 536 explicare
1022 465 1201 529 liceat,
1242 463 1437 521 deinde
1471 464 1536 519 ad
1577 463 1793 522 divinas
1825 467 2124 523 transferre
2157 486 2170 521 :
2203 483 2324 537 quae
2352 467 2491 522 ratio
2515 469 2852 533 quantopere
2885 459 3025 530 apud
3057 461 3251 531 vulgus
3279 459 3690 531 prophetiaruur

423 554 578 606 \ires
631 552 913 625 infringat,
967 554 1386 609 imbecilliorum
1437 554 1598 609 tidem
1653 555 1916 620 debilitet,
1967 557 2222 627 foresque
2259 559 2422 612 etiam
2485 556 2852 612 incredulitati
2913 557 3301 609 nonnullorum
3344 554 3564 624 pandat,
3612 555 3685 622 pii

423 664 626 708 omnes
661 653 923 706 sentiunt.
961 649 1104 705 Sane
1145 649 1250 703 hac
1277 661 1449 716 genus
1493 645 1957 715 interpretationis
1995 649 2236 717 apprime
2284 647 2487 703 Judaeis
2531 646 2854 716 capitalibus
2892 643 3098 700 Christi
3139 646 3688 712 Chrisuanorumque

426 748 574 800 omni
607 753 848 816 tempore
886 744 1156 807 hostibus,
1186 739 1464 812 placuisse
1500 755 1599 809 par
1641 747 1762 794 est:
1801 741 1871 795 ob
1905 755 2133 811 eamque
2176 757 2399 795 causam
2455 740 2826 809 ἱουδαιόφρονα
2863 736 3206 790 Theodorum
3241 752 3270 789 a
3305 735 3537 806 Georgio
3571 734 3683 788 lia-

431 835 661 888 martolo
689 834 743 888 in
775 833 1038 889 chronico
1059 832 1238 886 adhuc
1267 829 1473 884 inedita
1500 828 1707 882 dictum
1739 839 1903 898 puto;
1942 839 2056 886 tum
2084 831 2248 886 etiam
2278 833 2404 901 quia
2440 829 2850 901 synedricorum
2884 825 3308 881 commentarios
3337 826 3547 894 (nescio
3574 841 3686 894 quo

428 938 566 980 usus
600 925 913 994 interprete)
946 925 1158 980 videtur
1201 923 1447 980 studiose
1486 925 1840 988 lectitavisse,
1895 927 1979 981 vel
2031 928 2214 996 potius
2257 926 2474 982 Judwos
2522 927 2812 995 magistros
2846 922 3064 978 audisse
3107 939 3122 974 :
3172 935 3297 975 nam
3345 931 3492 975 certe
3540 924 3682 990 apud

427 1015 826 1074 lienaudotium
863 1020 938 1091 (α)
969 1017 1368 1075 Bar-Salibteus
1409 1020 1507 1076 abs
1550 1018 1754 1076 Judmis
1789 1022 2099 1077 institutum
2141 1023 2485 1080 Theodorum
2525 1031 2773 1077 nostrum
2805 1022 3056 1077 allirmat.
3090 1022 3290 1094 Utique
3318 1039 3456 1092 quas
3487 1024 3685 1076 "iero-

425 1123 624 1180 nymus
660 1111 792 1165 dicit
822 1126 945 1166 esse
981 1109 1330 1166 Hebraeorum
1373 1111 1694 1172 sententias,
1741 1126 1835 1167 cas
1865 1114 2004 1182 apud
2041 1115 2384 1169 Theodorum
2422 1115 2748 1184 quandoque
2776 1112 3024 1182 legimus.
3058 1113 3211 1180 Quod
3254 1124 3430 1168 tamen
3475 1114 3669 1168 obser-

426 1215 516 1260 vat
545 1207 596 1259 iu
628 1222 728 1262 suo
757 1207 1144 1262 Commentario
1168 1209 1221 1260 in
1260 1206 1457 1262 Jonam
1492 1207 1874 1281 Hieronymus,
1907 1207 2190 1265 Hebraeum
2230 1209 2528 1280 Josephum
2562 1210 2778 1264 Titanis
2813 1205 3144 1262 intellexisse
3173 1204 3376 1258 Cilicia:
3404 1202 3675 1268 Tarsum;

424 1298 478 1352 id
506 1297 847 1354 Theodorum
896 1299 1273 1354 adversantem
1314 1298 1494 1352 habet.
1538 1299 1652 1354 Nec
1699 1315 1862 1368 porro
1888 1297 2130 1354 Judaicte
2175 1309 2337 1354 sectae
2384 1314 2624 1352 amorem
2657 1296 2947 1350 Theodoro
2983 1293 3251 1361 imputare
3288 1292 3437 1354 licet,
3467 1289 3679 1344 etenim

423 1393 480 1448 in
513 1396 734 1466 prologo
763 1397 826 1449 ad
856 1393 1048 1450 Jonam
1074 1393 1386 1448 Judzeorum
1414 1392 1676 1448 adversus
1706 1394 1986 1449 Christum
2012 1395 2371 1461 pervicaciam
2406 1408 2594 1448 severe
2621 1392 2872 1460 castigat.
2897 1387 3035 1441 illud
3064 1386 3226 1440 etiam
3251 1385 3411 1454 paqu
3449 1384 3680 1438 liberius

423 1485 567 1553 apud
599 1485 942 1542 Theodorum
985 1487 1094 1542 dici
1126 1488 1343 1543 videtur
1379 1505 1430 1558 p.
1479 1487 1568 1553 63,
1607 1489 1735 1552 ‘212,
1761 1489 1890 1556 2‘25,
1924 1489 2069 1560 quod
2115 1489 2330 1544 Veteris
2365 1487 2698 1542 Testamenti
2733 1483 3048 1539 hominibus
3092 1498 3270 1551 neque
3327 1479 3448 1534 Filii
3497 1496 3678 1549 neque

426 1574 664 1644 Spiritus
693 1577 866 1631 sancti
896 1593 1144 1647 persona:
1171 1593 1400 1647 prorsus
1434 1578 1775 1632 innotuerint
1807 1577 1992 1648 ;quod
2034 1588 2214 1632 tamen
2247 1577 2588 1646 privilegium
2618 1573 2895 1644 prophetis
2920 1583 3069 1630 certe
3100 1575 3380 1628 nonnullis
3409 1574 3551 1626 haud
3581 1573 3683 1627 de-

423 1667 615 1724 bemus
645 1668 876 1739 eripere.
924 1671 1104 1738 Quare
1142 1675 1536 1730 eommentario
1570 1674 1637 1729 ad
1691 1674 2012 1729 Zachariam
2059 1675 2335 1729 substrata
2386 1674 2616 1743 legimus
2649 1671 2820 1726 Graeci
2861 1670 3097 1727 hominis
3147 1671 3378 1730 scholia,
3411 1669 3682 1724 adversus

421 1761 565 1817 hanc
598 1761 868 1820 Theodori
895 1767 1202 1832 audaciam,
1237 1785 1400 1831 quam
1447 1784 1548 1840 ego
1593 1784 1814 1839 quoque
1853 1770 2190 1840 aliquantum
2224 1768 2458 1822 inhibui.
2500 1768 2638 1821 Illud
2664 1767 2899 1836 denique
2931 1770 3016 1818 vix
3045 1772 3130 1818 est
3162 1764 3500 1833 probandum
3531 1763 3682 1831 quod

425 1853 514 1908 Dei
546 1855 847 1912 locutiones
893 1859 960 1913 ad
1000 1861 1288 1931 propheta
1336 1862 1681 1932 visionesque
1718 1872 1772 1916 et
1802 1864 1983 1917 varias
2024 1861 2386 1917 revelationes
2417 1862 2579 1914 unico
2607 1875 2749 1929 saepe
2788 1859 3014 1912 denotat
3053 1855 3332 1926 ἐνεργείας
3373 1853 3680 1915 vocabulo;

421 1965 732 2020 quanquam
761 1952 862 2006 hac
895 1969 1063 2025 super
1104 1971 1164 2009 re
1193 1956 1469 2024 sapienter
1493 1967 1758 2027 acuteque
1780 1956 2104 2012 Theodorus
2133 1957 2377 2025 disputat
2411 1957 2515 2011 sub
2553 1954 2769 2009 initium
2818 1951 3072 2014 Nahumi,
3103 1949 3193 2004 ubi
3223 1949 3415 2018 λῆμμα
3435 1948 3679 2002 vocabu-

421 2049 531 2100 lum
556 2047 811 2115 explicat,
841 2048 973 2102 etin
1008 2058 1159 2104 recta
1187 2068 1416 2121 prorsus
1441 2055 1709 2108 sententia
1749 2054 2025 2108 consistit.
2061 2051 2246 2122 Neque
2273 2067 2404 2105 vero
2433 2052 2722 2121 quisquam
2758 2063 2924 2104 sanus
2958 2047 3087 2100 mihi
3132 2044 3498 2106 succensebit,
3527 2045 3678 2114 quod

423 2140 693 2195 Theodori
727 2139 952 2209 scripta,
991 2142 1093 2195 etsi
1129 2146 1303 2198 errori
1335 2146 1634 2215 aliquando
1668 2147 1939 2216 proxima,
1976 2146 2029 2198 in
2073 2146 2246 2198 lucem
2291 2144 2574 2208 emittam;
2613 2140 2746 2195 nmvi
2777 2139 2922 2192 enim
2957 2154 3020 2191 ac
3051 2137 3182 2190 vitia
3222 2137 3402 2197 bonis.
3436 2146 3492 2189 ut
3517 2143 3682 2205 puto.

419 2231 670 2297 plurimis
700 2233 1052 2287 obruuntur:
1090 2243 1204 2290 tum
1235 2251 1336 2306 ego
1375 2238 1519 2291 hanc
1553 2238 1860 2308 apologiam
1908 2237 1961 2290 in
2005 2237 2324 2306 prmfatione
2374 2235 2440 2289 ad
2486 2232 2764 2297 Photium,
2805 2229 3108 2300 prmsertim
3144 2243 3272 2282 vero
3304 2228 3368 2281 ad
3440 2227 3681 2281 Ariano-

417 2339 537 2378 rum
570 2325 874 2396 fragmenta
907 2332 970 2397 (t.
1003 2329 1095 2394 ill,
1130 2339 1270 2401 part.
1305 2349 1366 2397 ll,
1408 2348 1460 2402 p.
1497 2333 1754 2404 186487)
1785 2342 1893 2387 tam
1927 2333 2126 2387 invicte
2156 2331 2414 2396 instruxi,
2452 2337 2512 2384 ut
2552 2328 2760 2382 nullum
2793 2325 2994 2379 addere
3019 2323 3243 2378 verbum
3271 2323 3382 2391 jam
3408 2337 3548 2391 opus
3578 2321 3678 2380 sit.

488 2414 577 2470 IX.
619 2419 1016 2476 Constitueram
1076 2424 1204 2478 olim
1253 2432 1448 2478 cuncta
1490 2424 1764 2480 Theodori
1829 2424 2133 2494 fragmenta
2187 2439 2253 2478 ex
2304 2420 2588 2476 Vaticanis
2643 2417 2945 2488 praesertim
2995 2412 3207 2468 catenis
3255 2410 3458 2466 Graecis
3509 2420 3679 2480 atque

415 2517 771 2573 Orientalium
804 2520 1112 2590 linguarum
1157 2519 1439 2576 codicibus
1483 2520 1822 2588 conjunctim
1871 2519 2132 2588 edere(b)
2172 2539 2183 2574 :
2221 2519 2366 2588 quod
2417 2517 2544 2588 quia
2592 2532 2739 2569 nunc
2780 2529 2877 2585 per
2925 2505 3309 2577 occupationes
3353 2519 3458 2557 non
3497 2503 3674 2563 licuit,

416 2613 717 2683 fragmenta
751 2615 940 2670 saltem
973 2615 1149 2684 ampla
1183 2627 1250 2666 ex
1279 2611 1400 2679 ejus
1424 2611 1722 2681 deperditis
1750 2610 1823 2663 De
1847 2612 2220 2665 incarnatione
2257 2609 2490 2673 Domini,
2522 2615 2573 2661 et
2594 2601 2796 2659 Contra
2830 2599 3219 2672 Apollinarem,
3252 2605 3304 2651 et
3338 2597 3393 2649 in
3428 2595 3678 2649 Psalmos

417 2703 594 2765 libris,
617 2718 735 2771 qua:
765 2703 1023 2758 Leontius
1055 2703 1183 2756 olim
1213 2701 1580 2768 transcripsit,
1608 2701 1858 2752 Canisius
1901 2698 2090 2753 Latine
2121 2696 2495 2752 tantummodo
2542 2694 2732 2756 edidit,
2768 2708 2914 2746 nunc
2952 2706 3053 2760 ego
3099 2687 3284 2743 Grtcce
3316 2703 3381 2741 ex
3409 2685 3680 2740 Vaticano

415 2802 728 2861 pervetusto
761 2796 949 2850 codice
991 2793 1316 2864 proferenda
1353 2794 1561 2857 curavi,
1599 2809 1724 2847 cum
1768 2793 1978 2847 Leontii
2021 2792 2087 2847 de
2128 2792 2212 2846 his
2250 2790 2480 2859 judicio,
2511 2789 2602 2856 qui
2634 2789 2888 2842 latentem
2919 2783 2972 2838 in
3005 2782 3088 2835 his
3123 2781 3370 2834 hatresim
3397 2788 3543 2848 recte
3582 2794 3675 2832 ar-

413 2882 550 2948 guit,
576 2893 628 2937 et
658 2884 711 2936 in
753 2884 1018 2951 prooemio
1063 2883 1344 2952 complura
1385 2881 1658 2936 Theodori
1708 2898 1870 2952 opera
1904 2889 2209 2943 enumerat,
2246 2895 2366 2949 quae
2405 2879 2756 2932 consectanei
2795 2886 2903 2929 tam
2945 2877 3190 2932 studiose
3224 2875 3592 2939 occultabant,
3617 2885 3681 2927 ut

413 2966 672 3025 Leontius
702 2973 819 3041 ipse
841 2971 1061 3026 nonnisi
1096 2986 1263 3041 opere
1297 2971 1370 3025 De
1401 2972 1768 3026 incarnatione
1809 2973 2016 3041 potitus
2047 2972 2138 3025 sit.
2175 2970 2280 3025 Sed
2312 2971 2453 3024 enim
2480 2985 2582 3025 nos
2617 2971 2787 3022 multo
2820 2970 2949 3023 olim
2987 2970 3142 3040 plura
3170 2967 3440 3022 Theodori
3465 2967 3676 3038 scripta

413 3061 471 3114 in
509 3059 828 3130 prazl‘atione
854 3061 920 3116 ad
953 3062 1187 3132 primum
1215 3061 1571 3117 Collectionis
1601 3071 1804 3116 nostra:
1839 3063 2092 3116 volumen
2119 3062 2556 3132 percensuimus.

484 3235 560 3308 (ᾳ)
601 3235 803 3308 Liturg.
838 3236 930 3308 ΟΥ.
965 3246 1004 3291 ι.
1031 3235 1094 3298 ll,
1127 3252 1179 3306 p.
1210 3234 1336 3290 622.
1466 3305 1475 3308 _
1926 3305 1935 3308 _
1963 3304 1974 3308 Α
2086 3237 2307 3298 Niceno,
2342 3237 2431 3290 ubi
2467 3236 2532 3292 de
2557 3248 2747 3292 sancto
2779 3238 2981 3308 Spiritu
3015 3239 3066 3291 in
3112 3238 3296 3292 Jesum
3328 3238 3672 3306 baptizatum

484 3306 556 3370 (ὁ)
599 3304 809 3378 llorum
848 3304 1283 3378 [ragmeiitoruin
1331 3305 1629 3378 specimen,
1660 3315 1882 3378 praetrr
1925 3304 1976 3357 id
2089 3309 2506 3377 superveniente
2555 3324 2735 3361 sermo
2778 3304 2852 3369 ﬁt,
2899 3319 3003 3362 etc.
3055 3309 3272 3378 Legitur
3330 3304 3469 3362 inl‘ra
3521 3309 3673 3363 inter

413 3378 554 3439 quod
581 3378 722 3430 edidi
750 3377 812 3429 ad
847 3375 1022 3446 Plini“
1051 3376 1573 3446 Amphilochianam
1590 3376 1820 3442 primam
1856 3392 1976 3440 i-ap.
2087 3375 2357 3432 Theodori
2393 3378 2693 3446 fragmenta
2732 3380 2782 3431 in
2808 3379 3096 3433 Joannem.

412 3446 516 3511 55,
561 3457 736 3502 exstat
795 3449 848 3502 in
892 3443 1170 3501 Vaticana
1197 3448 1250 3499 in
1290 3444 1491 3499 Lucam
1535 3443 1735 3498 Catena
1781 3447 1978 3516 lilt‘tlllu

434 3662 1673 3682 ha——‘*W—

1103 3852 1370 3943 ANG.
1469 3851 1734 3940 MAII
1822 3845 2465 3938 PBIEFATIO
2537 3848 3034 3935 ALTERA.

1339 4063 1654 4136 (Bibliotheca
1674 4078 1794 4116 nova
1819 4066 2042 4125 Patrum,
2067 4070 2181 4115 tom.
2205 4066 2311 4124 VII,
2339 4066 2502 4116 Romae
2524 4066 2686 4129 1854.)

2004 4266 2077 4284 ιιι.

486 4435 529 4489 l.
571 4433 648 4489 De
669 4448 950 4490 sacrorum
982 4433 1245 4488 librorum
1286 4433 1625 4490 obscuritate
1674 4438 1861 4507 (quam
1906 4437 1960 4490 in
2008 4439 2291 4509 pr0phetis
2331 4438 2600 4507 przecipue
2630 4435 2923 4505 compcriri
2979 4452 3203 4492 necesse
3237 4440 3340 4509 est)
3367 4437 3670 4511 Polychro-

423 4536 540 4588 nius
569 4532 897 4601 Apamensis
927 4533 1216 4602 episcopus
1238 4531 1402 4584 breve
1431 4531 1560 4584 olim
1593 4533 1892 4600 capitulum
1918 4533 2168 4603 scripsit,
2201 4533 2343 4601 quod
2374 4547 2475 4585 nos
2508 4535 2559 4584 in
2583 4531 2965 4600 antiquissimo
2987 4529 3177 4586 codice
3197 4527 3458 4586 Vaticano
3478 4535 3672 4588 obser-

416 4633 625 4688 vatum,
652 4631 705 4679 et
733 4638 762 4677 a
793 4624 988 4676 Photio
1021 4625 1184 4678 etiam
1212 4625 1356 4675 inter
1387 4621 1874 4690 Amphilochianas
1905 4625 2240 4692 quaestiones
2283 4639 2422 4692 quas
2456 4624 2730 4677 edidimus
2770 4625 3021 4690 relatum,
3074 4633 3200 4680 ante
3252 4625 3351 4680 hos
3395 4643 3570 4683 annos
3611 4629 3669 4682 in

419 4717 762 4786 Scriptorum
791 4726 1031 4770 veterum
1065 4714 1242 4785 primo
1269 4714 1548 4768 volumine
1595 4715 2012 4770 collocavimus.
2051 4714 2223 4781 Quam
2268 4731 2413 4769 mine
2458 4729 2570 4768 rem
2619 4729 3052 4770 commemorare
3083 4731 3190 4770 non
3221 4716 3322 4768 fuit
3357 4717 3571 4780 inutile,
3608 4730 3671 4774 ut

418 4812 594 4880 major
618 4813 746 4866 hinc
779 4812 900 4865 laus
935 4809 1004 4862 ad
1039 4808 1386 4879 Polychronii
1420 4807 1644 4862 fratrem
1666 4807 2017 4863 Theodorum
2044 4819 2293 4864 nostrum
2324 4810 2761 4879 Mopsucstenum
2796 4809 3087 4872 redundet,
3121 4810 3282 4879 cujus
3312 4821 3420 4864 tam
3445 4812 3666 4880 planam

417 4912 636 4971 tamque
660 4903 1008 4972 perspicuam
1045 4902 1437 4971 prophetarum
1482 4904 1757 4957 minorum
1800 4904 2310 4974 interpretationem
2357 4905 2657 4968 eﬂ'erimus,
2706 4920 2939 4974 quorum
2980 4907 3298 4976 plerumque
3328 4908 3587 4973 elocutio,
3618 4912 3668 4964 si

417 4997 559 5049 nuda
595 5005 890 5064 spectetur,
930 5011 1068 5066 pene
1101 5011 1212 5066 pra:
1260 4999 1476 5052 caeteris
1509 5007 1882 5053 sacrosancta:
1913 5000 2214 5070 Scriptura:
2244 5002 2562 5056 auctoribus
2593 5001 2945 5056 obscuritatis
2976 4999 3208 5070 caligine
3235 5001 3406 5070 premi
3428 5001 3668 5058 videtur.

413 5084 481 5138 Et
509 5087 871 5141 nihilominus
906 5089 1217 5144 luminosus
1245 5090 1382 5144 adeo
1416 5091 1502 5145 vir
1531 5089 1858 5147 Theodorus
1902 5093 2103 5147 librum
2137 5095 2254 5164 ipse
2287 5111 2506 5165 quoque
2551 5096 2618 5150 de
2658 5097 2891 5150 obscura
2927 5095 3204 5150 locutione
3248 5095 3572 5162 (Bibliorum
3608 5105 3672 5151 ut

414 5181 572 5250 pulo)
602 5184 1033 5252 conscripserat,
1070 5185 1138 5240 ab
1170 5183 1444 5240 Ebediesu
1489 5186 1543 5240 in
1573 5188 1824 5257 catalogo
1854 5204 1955 5242 suo
1997 5198 2382 5250 memoratum,
2425 5207 2533 5259 quo
2569 5192 2777 5260 scripto
2816 5191 2968 5244 fratri
3002 5204 3104 5244 suo
3135 5188 3502 5258 Polychronio
3533 5202 3669 5260 sup-

415 5275 592 5340 petias
646 5274 883 5328 fortasse
933 5278 1160 5335 ferebat.
1199 5279 1309 5336 Sed
1340 5298 1525 5337 nonne
1561 5298 1712 5349 vero,
1741 5285 1888 5339 dicet
1911 5285 2134 5354 aliquis,
2169 5286 2290 5339 aliae
2321 5287 2488 5341 etiam
2519 5295 2742 5340 exstant
2781 5285 2847 5338 ad
2881 5287 2982 5339 hos
3021 5286 3333 5339 salebrosos
3374 5283 3671 5353 prophetas

413 5374 867 5441 explanationes?
895 5377 1124 5435 Exstant
1161 5396 1313 5446 sane,
1353 5392 1412 5436 ut
1446 5384 1653 5453 publici
1692 5385 1816 5439 libri
1863 5387 2082 5447 docent,
2123 5393 2293 5455 utque
2343 5385 2480 5438 alias
2532 5384 2859 5438 nominatim
2906 5379 3200 5444 reccnsui;
3241 5379 3551 5448 mirumque
3583 5388 3668 5432 est

411 5465 558 5532 quod
597 5468 738 5520 intra
765 5470 1158 5541 quinquaginta
1182 5476 1405 5532 circiter
1435 5494 1631 5540 annos,
1660 5495 1856 5550 nempe
1878 5481 1947 5534 ab
1969 5489 2214 5534 extrema
2246 5481 2431 5534 saeculi
2467 5481 2646 5549 quarti
2683 5488 2860 5548 parte,
2891 5479 2956 5532 ad
3000 5476 3237 5530 medium
3270 5475 3383 5528 fere
3405 5475 3667 5529 sacculum

411 5557 666 5620 Quintum
715 5559 880 5628 (quod
937 5560 1124 5616 hercle
1167 5564 1384 5622 doctius
1433 5568 1690 5622 Ecclesiae
1731 5585 1905 5621 aevum
1958 5569 2081 5638 fuit)
2124 5568 2425 5622 ﬂoruerunt
2473 5569 2795 5623 nobilissimi
2839 5569 3220 5638 prophetarum
3267 5567 3458 5620 horum
3497 5566 3666 5620 inter-

455 5656 598 5703 retes
631 5647 922 5702 Theodoro
955 5661 1149 5706 nostro
1178 5660 1650 5727 contemporanei,
1686 5659 1739 5721 ‘l,
1785 5658 1845 5711 S.
1878 5659 2273 5729 Hieronymus;
2315 5660 2372 5721 2,
2412 5658 2662 5724 ltulinus,
2704 5669 2762 5715 ut
2793 5663 2954 5730 vulgo
2990 5660 3042 5713 in
3083 5658 3367 5714 codicibus
3396 5658 3666 5728 librisque

416 5738 714 5804 scribitur;
747 5742 801 5800 '5,
826 5741 883 5795 S.
908 5743 1144 5812 Cyrillus
1175 5745 1612 5812 Alexandrinus;
1647 5748 1702 5809 4,
1734 5746 2132 5803 Theodorctus.
2171 5749 2377 5803 llorum
2423 5750 2646 5818 inquam
2685 5751 2926 5802 omnium
2967 5750 3216 5804 videmus
3251 5749 3391 5819 typis
3425 5749 3660 5818 imprcs‘

425 5842 514 5884 sos
545 5829 854 5892 luculentus
873 5836 1314 5898 commentarios,
1346 5853 1486 5906 quos
1508 5853 1631 5892 cum
1657 5837 2043 5905 .‘ilopsucstcno
2073 5850 2266 5895 nostro
2309 5842 2581 5908 conferre,
2616 5842 2848 5911 perutile
2879 5841 3295 5912 jucundumque
3331 5841 3518 5896 lectori
3550 5840 3662 5898 fore
