3824 6224
3434 319 3538 374 124

288 346 392 404 125
1217 391 1221 394 .
1473 337 1820 396 THEODORI
1859 335 2339 394 MOPSUESTENI

286 461 547 527 editione,
572 476 673 516 nos
703 461 863 531 primi
895 460 1081 516 Graece
1107 459 1160 512 in
1191 466 1406 514 sextum
1445 457 1772 526 Scriptorum
1815 468 2043 510 veterum
2087 464 2291 510 tomum
2330 449 2682 506 contulimus.
2714 445 2970 501 Lectores
2996 457 3127 512 ergo
3163 443 3387 531 utantur
3415 435 3542 531 teli-
3595 505 3598 508 ἢ

285 553 419 606 citer
459 552 616 607 novis
649 529 734 606 his
766 550 1114 607 celeberrimi
1152 549 1254 604 SS.
1288 549 1589 604 Bibliorum
1622 547 2074 602 commentatoris
2102 544 2331 606 divitiis,
2363 556 2504 614 quas
2543 539 2836 612 pontiﬁcis:
2879 536 3223 592 bibliotheca:
3251 529 3538 586 codicibus

285 650 539 710 acceptas
566 641 764 698 debent
799 661 814 695 :
847 645 1322 715 meminerintque,
1361 659 1545 699 rerum
1580 643 1800 714 quidem
1835 641 2120 698 historiam
2147 655 2214 697 ne
2255 639 2309 694 in
2342 636 2622 709 prophetis
2650 632 2868 704 quidem
2902 646 3026 687 esse
3053 627 3448 700 perimendam,
3477 631 3538 676 ut

284 734 522 803 Cyrillus
556 735 671 804 ipse
703 742 758 790 et
790 735 1217 808 Chrysostomus
1273 747 1327 793 et
1377 737 1674 809 Gregorius
1722 735 1853 800 PP.,
1907 737 2111 806 aliique
2161 733 2351 790 Patres
2399 738 2623 787 monent
2653 749 2668 784 :
2703 730 2982 784 Christum
3034 736 3212 781 tamen
3268 724 3538 794 praecipue

283 829 516 899 ejusque
543 828 864 894 Ecclesiam,
893 836 986 903 qui
1017 842 1102 890 est
1131 849 1303 889 sacrae
1340 831 1638 903 Scriptum
1669 847 1891 902 scopus,
1927 841 2240 898 nostraeque
2270 827 2466 884 salutis
2501 824 2798 895 negotium,
2835 836 2946 891 pra:
2974 820 3149 876 oculis
3181 818 3436 873 habeant.

359 921 452 976 Est
481 930 662 975 autem
698 922 854 988 ordo,
888 939 1050 993 quem
1077 924 1249 981 codex
1287 923 1407 980 Vat.
1434 931 1602 988 tenet,
1633 922 2153 978 commentariorum
2190 917 2462 974 Theodori
2499 915 2643 985 apud
2676 931 2776 970 nos
2807 914 2898 968 hic
2927 932 2942 969 ι

563 1015 626 1066 In
665 1012 852 1066 Oscam
885 1030 937 1082 p.
970 1016 1020 1067 1.

566 1100 634 1154 In
671 1101 872 1156 Joclem
907 1120 958 1173 p.
994 1104 1083 1157 68.

569 1191 635 1246 In
663 1196 913 1247 Amorum
945 1212 994 1264 p.
1030 1195 1117 1248 91.

567 1279 634 1333 In
669 1281 896 1334 Abdiam
931 1297 986 1352 p.
1022 1282 1141 1336 140.

566 1369 632 1424 In
661 1370 856 1424 Jonam
884 1389 937 1442 p.
974 1373 1096 1428 150.

565 1464 630 1518 In
658 1463 938 1519 Hic/imam
972 1481 1024 1534 p.
1060 1466 1183 1519 1711.

2245 1007 2314 1061 In
2346 1005 2653 1060 Nahumum
2679 1022 2733 1076 p.
2761 1005 2884 1058 210.

2242 1099 2308 1152 In
2342 1097 2681 1152 Habacucum
2707 1111 2761 1165 p.
2790 1097 2916 1151 251.

2243 1190 2310 1244 In
2343 1188 2668 1257 Sophoniam
2700 1204 2752 1258 p.
2779 1187 2907 1242 249.

2246 1278 2312 1334 In
2342 1280 2592 1348 Aggwum
2618 1293 2673 1348 p.
2704 1278 2830 1332 269.

2248 1367 2314 1422 In
2338 1367 2658 1422 Zachariam
2686 1383 2736 1436 p.
2771 1366 2899 1421 284.

2243 1460 2310 1515 1η
2334 1459 2659 1513 Malachiam
2694 1477 2745 1530 p.
2777 1458 2904 1512 265.

358 1553 672 1624 Sequuntur
699 1556 998 1626 fragmenta
1031 1557 1085 1608 in
1128 1553 1371 1608 Psalntos
1413 1569 1468 1624 ι).
1502 1554 1642 1618 59ος
1684 1561 1738 1608 et
1769 1555 1820 1606 in
1847 1551 2074 1607 Joannis
2106 1550 2446 1620 Evangelium
2473 1565 2526 1618 p.
2563 1549 2822 1605 596408.

285 1759 3526 1811 Μ

576 1951 1770 2128 ΘΕΟΔΩΡΟΥ
1913 1949 3222 2125 ΑΝΤΙΟΧΕΩΣ

420 2229 1256 2370 EPMHNEIA
1368 2236 1816 2364 ΩΣΗΕ

1941 2233 2275 2367 ΤΟΥ
2376 2235 3366 2371 ΠΡΟΦΗΤΟΥ.

758 2635 1748 2841 THEODORI
1860 2683 3029 2844 ANTIOCHENI

438 3003 1566 3122 COMMENTARIUS
1657 3005 1790 3117 ΙΝ
1893 3006 2365 3120 OSEAM
2440 3006 3352 3122 PROPHETAM.

348 3432 392 3502 1
433 3429 634 3485 Contra
662 3444 757 3484 cos
792 3430 884 3498 qui
925 3439 1128 3484 temere
1168 3430 1484 3500 prophetica
1521 3408 1682 3483 verba
1725 3436 1832 3480 tra-
1864 3431 1912 3489 Α

273 3523 471 3580 οὶριιιὰο
497 3525 821 3593 suscipiunt,
853 3529 1014 3592 atque
1040 3533 1096 3574 ut
1126 3525 1267 3576 viam
1303 3521 1698 3592 posterioribus
1722 3537 1840 3574 mu-

272 3613 445 3676 niam,
482 3611 785 3683 aggrediar,
823 3611 933 3668 Deo
967 3615 1234 3682 adjutore,
1269 3616 1335 3668 ad
1367 3629 1454 3666 res
1497 3612 1842 3683 propheticus

271 3706 663 3774 cxplanamlas,
694 3715 854 3775 capto
885 3706 1041 3760 initio
1069 3707 1134 3759 ab
1165 3707 1324 3768 Osca,
1362 3708 1452 3776 qui
1487 3713 1541 3759 et
1585 3705 1840 3776 princeps

273 3797 416 3848 inter
463 3797 698 3866 reliquos
750 3797 1039 3866 prOphetas
1087 3808 1244 3850 aetate
1291 3808 1392 3851 est.
1437 3795 1569 3849 Nam
1615 3813 1682 3851 ex
1731 3811 1841 3865 quo

272 3887 464 3941 beatus
496 3887 686 3948 David,
722 3890 864 3942 sicut
902 3904 1001 3958 ego
1044 3888 1095 3940 in
1133 3888 1508 3956 Superioribus
1535 3888 1669 3950 dixi,
1703 3903 1842 3941 cun-

271 3988 392 4033 clas
419 3995 539 4049 qua:
563 3981 762 4048 populo
785 3990 1060 4034 eventura:
1092 3990 1249 4031 erant
1281 3994 1460 4033 rerum
1497 3979 1837 4049 publicarum

270 4070 660 4123 conversiones
697 4070 986 4124 manifeste
1024 4071 1077 4121 in
1107 4069 1332 4138 psalmis
1362 4077 1738 4133 enarraverat,
1767 4069 1841 4124 si-

271 4161 498 4214 lentium
530 4161 854 4214 intermedia
881 4170 1126 4230 tempora
1147 4162 1456 4231 occupavit,
1475 4162 1605 4230 quia
1630 4161 1842 4216 scilicet

271 4251 407 4304 nihil
445 4251 513 4304 ab
549 4253 642 4306 illo
676 4251 1012 4305 vaticinante
1041 4251 1471 4320 praetermissum
1507 4250 1702 4306 fuerat.
1733 4249 1839 4305 Sed

269 4345 415 4398 enim
445 4344 629 4399 statim
664 4360 728 4397 ac
762 4354 976 4415 tempus
1021 4344 1223 4409 adfuit,
1268 4358 1379 4415 quo
1413 4353 1700 4418 cmperunt
1743 4343 1840 4396 ad-

271 4450 428 4490 versa
452 4436 563 4500 pati
593 4435 782 4491 decem
804 4430 1246 4510 tribus,Assyriis
1297 4450 1394 4491 eas
1441 4435 1836 4506 prementibus,

268 4526 446 4582 donec
488 4526 737 4582 funditus
781 4529 942 4583 avitis
981 4543 1206 4584 eversas
1231 4527 1456 4582 sedibus
1481 4526 1839 4582 Sennaclieri-

270 4636 394 4676 Inus
421 4622 476 4675 in
507 4629 766 4676 extranea
793 4621 910 4675 loca
941 4621 1253 4687 transtulit;
1281 4635 1406 4674 cum
1432 4619 1567 4690 jam,
1593 4621 1834 4690 inquom,

271 4711 472 4766 factum
512 4721 659 4766 esset
695 4712 910 4766 initium
941 4713 1338 4773 calamitatum,
1370 4725 1506 4780 quas
1540 4714 1686 4781 genti
1721 4715 1838 4766 im-

2010 3425 2179 3497 (Cod.
2214 3425 2467 3482 Column.
2515 3424 2691 3490 XLV,
2747 3443 2798 3497 p.
2844 3429 2926 3498 1.)
2997 3430 3090 3491 Εἰς
3140 3428 3358 3499 ἔλεγχον
3410 3431 3522 3484 τῶν

1944 3518 2316 3583 ἀϐασανίστως
2365 3517 2674 3571 ἐπιϐάλλειν
2725 3521 2846 3583 ταῖς
2892 3525 3259 3592 προῳητικαῖς
3314 3523 3520 3593 ἐπιχει-

1946 3609 2180 3679 ρούντων
2235 3612 2472 3677 φωναῖς,
2540 3610 2632 3662 καὶ
2688 3609 2791 3680 μὴν
2838 3612 2930 3663 καὶ
2986 3612 3120 3683 πρὸς
3175 3614 3519 3685 κατασκευὴν

1940 3700 2048 3752 τῶν
2069 3700 2214 3770 ἑξῆς,
2245 3701 2537 3772 ἀρξώμεθα
2559 3701 2656 3772 τῆς
2679 3701 2790 3754 τῶν
2816 3704 3172 3772 προφητικῶν
3197 3707 3514 3775 σαφηνείας,

1941 3791 2075 3844 Θεοῦ
2097 3791 2346 3854 διδόντος,
2381 3791 2487 3844 ἀπὺ
2509 3791 2602 3844 τοῦ
2629 3792 2784 3864 Ὠσηὲ
2808 3794 2904 3863 τὴν
2930 3795 3102 3865 ἀρχὴν
3137 3796 3514 3868 ποιησάμενοι,

1939 3881 1998 3934 ὃν
2049 3882 2140 3934 καὶ
2170 3882 2379 3952 πρῶτον
2427 3879 2664 3952 εἶναιτῷ
2697 3884 2872 3955 χρόνῳ
2903 3886 3212 3957 συμϐέϐηκε
3255 3887 3363 3942 τῶν
3411 3888 3516 3941 λοι-

1941 3972 2058 4026 πῶν
2119 3975 2457 4044 προφητῶνθ
2510 3973 2605 4027 τοῦ
2653 3976 2762 4046 γὰρ
2815 3977 3086 4048 μακαρίου
3134 3976 3331 4044 Δαυτδ,
3390 3979 3516 4033 καθ’

1939 4063 1976 4118 ἃ.
2012 4064 2248 4133 πρόσθεν
2273 4063 2443 4136 ἔφθην
2486 4064 2657 4119 εἰπὼν
2683 4066 2783 4136 (1),
2820 4067 2878 4118 ὲν
2908 4067 3141 4138 ψαλμοῖς
3171 4070 3385 4135 ἁπάσας
3416 4072 3514 4135 τὰς

1941 4155 2069 4227 περὶ
2109 4156 2201 4209 τὸν
2226 4155 2354 4208 λαὸν
2394 4157 2659 4227 ἐσομένας
2700 4157 3000 4228 μεταϐολὰς
3024 4160 3268 4224 ἐπίοντος
3311 4162 3514 4235 προδή-

1938 4245 2080 4311 λως,
2145 4246 2271 4319 σιγὴ
2319 4247 2420 4319 μὲν
2452 4247 2544 4301 τὸν
2593 4249 2652 4302 ὲν
2683 4252 2836 4321 μέσῳ
2887 4251 3077 4320 χρόνον
3121 4254 3389 4324 κατεῖχεν,
3419 4253 3512 4307 ἅτε

1938 4336 2250 4407 ἀρκούντως
2305 4339 2522 4392 ἅπαντα
2553 4341 2941 4411 προειρηκότος
2968 4342 3174 4396 ἐκείνου
3200 4360 3212 4372 ·
3245 4343 3430 4416 ἐπειδὴ
3455 4345 3512 4398 δὲ

1938 4427 2225 4499 ἐπιστῆναι
2251 4428 2345 4481 τὸν
2378 4429 2567 4500 καιρὸν
2601 4429 2802 4496 συνέϐη
2835 4430 2958 4484 καθ’
2987 4431 3045 4483 ὃν
3071 4433 3302 4504 1ἧρξαντο
3333 4433 3513 4499 κακῶς

1938 4518 2166 4588 πάσχειν
2190 4520 2246 4573 αἱ
2277 4519 2414 4573 δέκα
2447 4521 2634 4590 φυλαὶ,
2677 4522 2785 4576 τῶν
2832 4523 3132 4595 Ἀσσυρίων
3165 4525 3334 4588 αὑτὰς
3364 4526 3504 4579 πολι-

1936 4609 2239 4680 ορκούντων
2285 4611 2446 4683 ἄχρις
2489 4607 2550 4667 οὗ
2599 4613 2882 4676 παντελῶς
2937 4615 3106 4678 αὐτὰς
3148 4615 3257 4668 τῶν
3301 4617 3519 4671 οἰκείων

1936 4703 2115 4756 τόπων
2145 4705 2175 4756 ὁ
2222 4704 2595 4776 Σενναχηρεὶμ
2637 4705 2852 4774 ἀφελὼν
2890 4709 2969 4770 εἰς
3015 4707 3328 4780 ἀλλοτρίους
3381 4727 3512 4780 μετ-

268 4802 505 4871 pcndere
536 4802 706 4857 multo
733 4813 860 4857 ante
907 4802 1074 4855 David
1109 4801 1476 4871 praedixerat;
1512 4800 1720 4856 Ezeciae
1749 4803 1836 4857 ni-

1941 4794 2104 4865 ῴκισε
2136 4797 2354 4860 τόπους.
2518 4771 2579 4852 τε
2609 4771 2893 4871 πόρρωθεν
2926 4800 3001 4870 τῷ
3041 4771 3296 4870 μακαρίῳ
3352 4771 3516 4854 Ᾰαυῒδ

267 4886 465 4939 mirum
491 4893 668 4949 aatate,
700 4887 792 4955 qui
822 4884 975 4940 Iudae
1010 4895 1063 4940 et
1095 4884 1398 4953 Benjamini
1436 4885 1690 4941 tribubus
1735 4887 1838 4941 itit-

263 4977 570 5048 peritabat;
601 4979 783 5032 divina
805 4979 998 5048 gratia,
1019 4979 1181 5033 rebus
1199 4979 1311 5048 jam
1336 4977 1690 5042 instantibus,
1709 4995 1837 5048 pro-

263 5069 456 5141 phetas
500 5069 717 5138 publice
751 5070 919 5133 misit,
968 5070 1318 5140 primumque
1363 5071 1420 5125 in
1473 5070 1558 5124 liis
1608 5068 1835 5136 Oscam,

261 5161 356 5230 qui
381 5161 647 5232 quidquid
683 5161 946 5216 divinitus
976 5161 1086 5216 illis
1116 5170 1437 5216 eventurum
1467 5172 1586 5218 erat
1617 5165 1838 5217 nuntia-

261 5263 345 5307 ret
367 5269 382 5308 :
401 5253 603 5323 quique
629 5253 681 5306 in
710 5253 1030 5308 memoriam
1059 5253 1228 5308 veluti
1251 5269 1516 5311 revocans
1543 5256 1834 5326 praedictas

259 5344 393 5400 olim
427 5359 460 5398 a
491 5343 692 5400 Davide
723 5346 1096 5412 calamitates,
1131 5345 1324 5401 harum
1365 5362 1487 5402 mox
1525 5347 1833 5405 futurarum

257 5437 475 5508 culpam
506 5437 769 5494 lsraelitis
796 5437 1122 5508 imponeret,
1159 5453 1190 5492 a
1226 5437 1319 5494 Dei
1360 5441 1512 5494 cultu
1543 5455 1606 5496 ac
1653 5441 1836 5497 notio-

261 5545 330 5584 ne
384 5529 710 5601 jampridem
755 5532 993 5595 aversis.
1035 5540 1198 5603 atque
1235 5533 1303 5588 ad
1339 5534 1482 5588 idola
1524 5533 1822 5593 daemones-

332 5669 404 5708 ὀδ
426 5666 444 5721 1
483 5685 553 5722 tn.
587 5667 810 5724 θειὸθεν.

331 5779 407 5846 (1)
451 5778 714 5838 Videlicet
761 5783 814 5837 in
863 5780 1259 5840 commentario
1311 5796 1413 5837 suo
1449 5780 1517 5834 ad
1559 5779 1827 5850 Psalmos,
1867 5785 2026 5857 cujus
2079 5788 2325 5860 ingentes
2365 5793 2619 5865 reliquias
2675 5807 2776 5848 nos
2830 5792 3103 5848 volumine
3140 5791 3243 5848 hoc
3279 5786 3503 5847 exhibit-

267 5853 468 5924 bimus.

1941 4893 2314 4964 προειρημένα
2343 4895 2473 4966 περὶ
2505 4894 2613 4948 τῶν
2643 4897 2720 4966 τῷ
2755 4895 2868 4966 λαῷ
2898 4896 3324 4967 συμϐησομένων
3351 4898 3514 4966 χαλε-

1942 4986 2078 5050 πῶν,
2108 4986 2204 5057 τὴν
2244 4987 2418 5058 ἀρχὴν
2443 4986 2692 5040 ἐντεῦθεν
2718 4987 2928 5057 ἐδέχετο
2949 5007 2961 5020 ·
3003 4990 3140 5062 ὅπερ
3167 4985 3261 5042 οὖν
3285 4992 3377 5042 ἐπὶ
3403 4991 3513 5044 τῶν

1940 5078 2081 5131 κατὰ
2106 5078 2197 5131 τὸν
2235 5079 2482 5144 Ἐζεκίαν
2515 5080 2730 5148 ἐγένετο
2750 5082 2976 5153 καιρῶν,
3005 5083 3106 5152 τῆς
3138 5082 3308 5136 Ἰούδα
3335 5082 3509 5153 φυλῆς

1935 5168 2288 5238 βασιλεύοντα
2323 5171 2419 5222 σὺν
2447 5173 2511 5240 τῇ
2543 5170 2821 5241 Βενιαμὶν,
2867 5172 3200 5242 προεϐάλετο
3226 5172 3334 5224 τῶν
3365 5189 3508 5242 πρα-

1932 5262 2156 5331 γμάτων
2201 5261 2432 5328 ἐγγύθεν
2454 5261 2618 5314 ὄντων
2657 5247 2826 5332 ἡοεία
2862 5264 3020 5334 χάρις
3041 5263 3166 5328 τοὺς
3198 5265 3504 5334 προφήτας,

1932 5353 2026 5406 καὶ
2054 5353 2160 5424 πρό
2183 5369 2247 5420 γε
2275 5353 2383 5405 τῶν
2410 5352 2612 5406 λοιπῶν
2640 5353 2732 5408 τὸν
2777 5353 2935 5421 Ὠσηὲ
2965 5353 3238 5424 μηνύοντα
3271 5355 3341 5408 τὰ
3379 5357 3508 5427 περὶ

1931 5446 2124 5508 αὐτοὺς
2155 5445 2337 5498 θεόθεν
2357 5447 2431 5486 ὀδ
2457 5446 2707 5516 ἐσόμενα,
2737 5449 2810 5516 (p.
2845 5448 2902 5514 2)
2932 5447 3185 5518 καθάπερ
3208 5447 3332 5502 τινὰ
3369 5447 3506 5501 61:6-

1931 5555 2125 5608 μνησιν
2167 5536 2487 5609 ποιούμενον
2519 5538 2628 5592 τῶν
2668 5538 2818 5612 παρὰ
2846 5539 2924 5609 τῷ
2949 5539 3113 5594 Δαυῒδ
3155 5539 3326 5593 πάλαι
3349 5555 3410 5593 τε
3437 5540 3508 5592 εἰ·
