3824 6224
405 341 501 396 P27

1586 339 1932 395 TIIEODORI
1966 339 2441 396 MOPSUESTENI

3537 348 3639 402 1‘13

398 462 739 514 admoneret.
763 457 1021 517 Similiter
1039 462 1257 518 beatum
1273 479 1488 534 quoque
1504 462 1759 518 Davidem
1782 458 1942 521 eodem

2045 522 2046 527 η
2071 466 2618 538 ὑπομιμνησκόμενός
2665 483 2722 518 τε
2753 467 2880 537 περὶ
2909 466 3014 520 τῶν
3043 464 3224 519 αὐτῶν
3273 461 3526 525 πολλάκις
3551 464 3641 518 δια

398 561 720 620 argumento
761 555 1071 622 complures
1107 557 1374 611 cecinisse
1415 557 1653 627 psalmos
1690 557 1961 621 videmus,

395 657 631 710 quorum
665 643 912 713 singulos
959 661 1056 713 pro
1102 648 1309 702 cmlesti
1355 651 1550 702 mentis
1597 650 1964 707 illustratione

393 744 562 800 atque
609 735 838 804 spiritali
868 737 1237 793 admonitione
1287 740 1624 809 compositos
1689 742 1754 795 ad
1813 745 1959 814 vulgi

394 837 554 876 usum
606 826 1039 893 pronuntiabat:
1090 836 1145 882 et
1193 829 1310 898 ipse
1353 829 1606 884 videlicet
1643 833 1957 886 earumdem

392 929 574 968 rerum
611 919 972 974 reVelationes
1002 936 1144 990 saepe
1167 922 1456 991 recipiens.
1475 931 1529 977 et
1555 936 1960 993 consequenter

387 1007 672 1075 evulgans,
692 1010 1120 1080 quotiescunque
1138 1010 1222 1066 his
1242 1012 1481 1066 oraculis
1501 1013 1699 1082 dignus
1734 1015 1961 1068 habeba-

388 1103 497 1149 tur.
523 1095 643 1150 Jam
680 1100 772 1152 ubi
805 1100 940 1153 dixit
961 1099 1129 1155 Oseas
1157 1103 1374 1170 quinam
1400 1102 1754 1160 essentiudm
1782 1121 1954 1175 reges,

383 1201 498 1256 quo
525 1195 769 1258 tempore
793 1189 860 1243 ad
877 1191 1312 1260 prophetandum
1338 1195 1523 1248 divina
1551 1198 1727 1267 gratia
1756 1201 1958 1252 excita-

384 1287 472 1330 tus
513 1279 648 1342 t'uit,
680 1281 758 1332 ait
786 1282 950 1335 etiam
979 1283 1132 1336 illum
1165 1285 1260 1353 qui
1291 1285 1500 1349 lsraeli,
1557 1288 1608 1342 id
1643 1298 1728 1344 est
1768 1289 1956 1343 decem

385 1369 656 1434 tribubus,
676 1377 806 1425 tunc
827 1371 1126 1442 imperabat
1144 1373 1554 1440 Jeroboamum,
1584 1377 1733 1435 Joasi
1762 1380 1953 1447 tilium,

2063 559 2161 629 τῆς
2188 557 2580 626 ἀποκαλύψεως
2605 558 2703 627 τῆς
2734 556 2905 619 Θείας,
2937 556 3028 609 καὶ
3055 554 3118 625 δὴ
3151 554 3246 606 καὶ
3271 553 3442 620 λέγων
3468 552 3641 613 αύτὰς

2063 648 2199 719 πρὸς
2230 650 2320 702 τὸν
2345 648 2491 711 λαὸν,
2533 648 2613 710 εἰς
2644 647 2874 718 δήλωσιν
2909 647 3018 699 τῶν
3049 645 3350 715 ἐσομένωνσ
3377 643 3545 712 ὅνπερ
3571 641 3638 710 δὴ
3685 645 3698 658 ’

2061 740 2262 810 τρόπον
2298 741 2392 794 καὶ
2424 742 2452 792 6
2484 740 2749 811 μακάριος
2773 737 2935 791 Δαυῒδ
2951 740 3030 800 εἰς
3058 738 3155 806 τὴν
3182 735 3350 802 αὐτὴν
3379 732 3638 786 ὑπόθεσιν

2061 833 2306 901 φαίνεται
2352 833 2635 894 πλείστους
2680 831 2924 899 ψαλμοὺς
2972 827 3234 900 εἰρηκὼς,
3284 819 3359 878 ὧν
3406 825 3636 877 ἕκαστον

2061 923 2201 977 κατά
2229 925 2328 994 τὴν
2354 923 2746 992 ἐγγιγνομένην
2770 921 3104 989 ἁποκάλυψίν
3123 936 3181 970 τε
3213 916 3363 985 αύτῷ
3387 916 3481 968 καὶ
3511 914 3636 966 ὑπό-

2063 1032 2257 1085 μνησιν
2285 1016 2351 1084 τῇ
2392 1013 2484 1066 τοῦ
2535 1013 2843 1082 πνεύματος
2883 1010 3130 1081 ἐνεργείᾳ
3156 1007 3417 1061 συνετίθει
3447 1022 3506 1057 τε
3536 1005 3634 1056 καὶ

2058 1107 2194 1177 πρὸς
2226 1106 2322 1176 τὴν
2349 1106 2549 1175 ἐτέρων
2578 1104 2831 1172 ἐξεφώνει
2859 1102 3076 1174 χρείανο
3104 1099 3265 1164 αὑτός
3287 1115 3347 1152 τε
3370 1096 3497 1168 περὶ
3523 1095 3634 1148 τῶν

2057 1198 2235 1251 αὐτῶν
2270 1196 2636 1266 ἀποκαλύψεις
2683 1194 2968 1265 δεχόμενος
3006 1189 3267 1253 πολλάκις
3309 1187 3406 1242 καὶ
3456 1185 3631 1252 λέγων

2056 1281 2381 1350 ἀκολούθως,
2398 1288 2586 1350 ὁσάκις
2599 1287 2655 1338 δὲ
2671 1286 2778 1339 τῶν
2795 1285 2972 1338 αὐτῶν
2982 1281 3373 1350 ἀποκαλύψεων
3390 1277 3626 1348 ήξιοῦτο⁴

2055 1379 2292 1452 εἰρηκὼς
2323 1380 2381 1432 δέ
2434 1381 2557 1442 τοὺς
2606 1379 2707 1448 τῆς
2765 1375 3022 1438 ἰουδαίας
3069 1373 3349 1444 βασιλέας,
3395 1369 3630 1440 ὁπηνίκα

379 1467 632 1528 nepotem
674 1459 1111 1524 Joachasi,Jehu
1139 1466 1497 1536 abnepotem:
1541 1485 1701 1539 quem
1742 1481 1942 1540 postre-

2056 1473 2191 1542 πρὸς
2244 1473 2305 1524 τὸ
2359 1471 2722 1541 προφητεύειν
2777 1469 3050 1539 διήγειρεν
3091 1467 3124 1536 ή
3172 1465 3292 1518 θεία
3335 1464 3495 1534 χάρις
3535 1463 3629 1514 τὸν

377 1565 525 1604 mum
545 1551 611 1604 ad
631 1554 870 1608 Achaabi
883 1556 1108 1626 ejusque
1130 1558 1326 1614 domus
1347 1575 1562 1630 poenam
1586 1560 1730 1617 Deus
1746 1565 1942 1618 excita-

2067 1564 2246 1634 Ὠσηὲ,
2283 1562 2432 1631 λέγει
2463 1563 2556 1615 καὶ
2586 1563 2677 1614 τὸν
2727 1563 2784 1613 ἐν
2813 1559 2891 1629 τῷ
2936 1557 3172 1628 Ἰσραὴλ,
3207 1555 3352 1608 τοῦτ’
3385 1555 3499 1606 ἐστι
3535 1553 3629 1604 τὸν

377 1649 530 1695 verat
552 1658 650 1711 per
677 1646 992 1714 prophetam
1014 1648 1298 1704 Eliszeum:
1325 1651 1609 1723 eidemque
1630 1658 1942 1723 promiserat

2053 1656 2111 1707 ἐν
2137 1655 2268 1708 δέκα
2301 1655 2491 1722 φυλαῖς
2526 1653 2876 1723 βασιλεύοντα
2903 1651 3024 1704 τότε
3064 1647 3366 1719 Ἱεροϐοάμ,
3397 1647 3488 1700 τὸν
3528 1643 3629 1698 τοῦ

377 1731 492 1788 fore
520 1741 580 1787 ut
607 1737 807 1805 posteri
832 1737 950 1806 ejus
977 1755 1149 1809 usque
1179 1741 1245 1794 ad
1271 1751 1519 1811 quartam
1551 1746 1942 1813 generationem

2065 1747 2214 1809 Ἰωάς
2243 1747 2377 1811 υἱὸν,
2414 1745 2633 1814 ἔγγονον
2661 1745 2717 1796 δέ
2748 1743 2842 1797 τοῦ
2873 1741 3118 1812 Ἰωάχαζ,
3152 1740 3210 1802 ὂς
3238 1739 3352 1801 υἱὸς
3384 1736 3626 1805 ἐγεγόνει

375 1836 544 1892 regno
592 1826 922 1893 potirentur:
961 1827 1018 1898 4
1063 1845 1294 1898 quorum
1348 1831 1565 1900 quidem
1595 1835 1785 1888 tertius
1835 1843 1942 1888 erat

2054 1839 2147 1892 τοῦ
2193 1839 2353 1909 Ἰηοῦ,
2380 1839 2438 1902 ὃς
2478 1839 2571 1890 ἐπὶ
2601 1837 2840 1907 τιμωρίᾳ⁴
2865 1835 2960 1888 τοῦ
2991 1851 3051 1887 τε
3093 1831 3300 1903 Ἀχαάϐ
3327 1830 3422 1883 καὶ
3443 1830 3630 1896 πάσης

371 1909 752 1976 Jeroboamus,
772 1912 918 1970 Joasi
935 1915 1099 1981 ﬁlius,
1121 1917 1370 1975 Joachasi
1395 1937 1582 1991 nepos;
1599 1933 1825 1992 quartus
1853 1939 1942 1978 au-

2053 1923 2217 1977 αὐτοῦ
2251 1925 2348 1994 τῆς
2377 1926 2557 1988 οἰκίας
2609 1924 2699 1977 διὰ
2731 1923 2825 1975 τοῦ
2853 1924 3131 1992 προφήτου
3165 1918 3465 1973 Ἐλισσαίου
3498 1934 3632 1987 προ-

375 2015 481 2056 tem
495 2003 594 2057 fuit
611 2004 924 2070 Zacharias,
941 2006 1250 2063 Jeroboami
1270 2011 1432 2076 titius,
1447 2012 1535 2081 qui
1555 2022 1677 2082 post
1693 2030 1786 2068 sex
1803 2016 1954 2082 regni

375 2111 592 2151 menses
615 2097 769 2162 obiit,
801 2099 856 2153 in
887 2115 996 2168 quo
1025 2101 1230 2154 exitum
1265 2102 1454 2156 habuit
1487 2104 1727 2158 divinum
1758 2107 1952 2159 vatici-

373 2186 557 2254 nium;
597 2190 860 2244 translata
887 2192 1146 2262 deinceps
1168 2194 1311 2263 regia
1335 2195 1598 2264 dignitate
1628 2212 1657 2250 a
1689 2195 1825 2250 Jehu
1857 2214 1950 2266 ge-

371 2291 503 2331 nere
532 2278 598 2332 ad
623 2277 938 2346 Sellemum,
991 2285 1085 2352 qui
1133 2284 1277 2338 haud
1322 2285 1560 2352 ejusdem
1614 2290 1955 2358 cognationis

369 2378 507 2425 erat.
521 2369 656 2426 Cum
683 2373 867 2443 itaque
881 2376 1265 2444 capessivisset
1286 2375 1540 2432 Israhelis
1558 2393 1784 2448 regnum
1799 2377 1954 2434 Jero-

371 2462 621 2527 beamus,
655 2473 708 2520 et
741 2463 900 2522 Ozias
933 2466 1325 2539 Hierosolymis
1361 2469 1672 2540 imperaret,
1703 2471 1952 2529 cladibus

367 2568 654 2626 coeperunt
706 2560 844 2614 aﬂlci
895 2559 1082 2616 decem
1136 2563 1330 2623 tribus,
1362 2563 1534 2617 donec
1583 2579 1677 2618 eas
1722 2580 1949 2633 prorsus

371 2649 594 2703 servitio
640 2651 886 2708 addictas
929 2653 1160 2722 migrare
1202 2655 1377 2724 coegit
1432 2671 1525 2709 rex
1575 2654 1943 2726 Assyriorum.

369 2737 552 2805 Quare
587 2744 876 2798 commodo
921 2753 1161 2814 tempore
1197 2746 1546 2799 vaticinatum
1583 2747 1725 2800 venit
1753 2747 1945 2814 Oseas,

370 2834 758 2901 praesagiorum
790 2834 930 2891 beati
959 2836 1178 2892 Davidis
1207 2839 1522 2892 memoriam
1551 2839 1838 2901 refricans,
1860 2847 1946 2892 at-

369 2939 475 2992 que
490 2939 552 2978 ea
568 2924 679 2992 jam
704 2927 946 2995 proxima
966 2929 1243 2994 nuntians,
1264 2945 1384 2998 qua:
1406 2929 1576 2983 multo
1595 2939 1720 2985 ante
1733 2929 1799 2985 de
1815 2931 1949 3000 ipsis

370 3015 625 3083 prazdicta
659 3016 894 3071 fuerant.
923 3017 1104 3088 Pergit
1134 3027 1312 3074 autem
1343 3019 1559 3074 dicere:

2055 2015 2364 2084 ϐαλόμενος,
2399 2015 2428 2067 ὁ
2459 2015 2590 2076 Θεὸς
2628 2013 2895 2083 ὑπέσχετο
2921 2013 3048 2083 ἄχρι
3085 2011 3349 2080 τετάρτης
3373 2007 3625 2078 διαδοχῆς

2051 2107 2144 2158 ἐπὶ
2168 2108 2263 2176 τῆς
2287 2104 2558 2178 βασιλείας
2585 2105 2802 2159 ἔσεσθαι
2827 2105 2951 2168 τοὺς
2974 2103 3034 2169 ἐξ
3053 2102 3214 2158 αὑτοῦ
3236 2102 3587 2171 γιγνομένους
3605 2115 3620 2128 ·

2055 2191 2123 2251 ὧν
2154 2199 2336 2268 τρίτος
2372 2198 2470 2268 μὲν
2513 2194 2581 2269 ἦν
2619 2200 2648 2251 6
2691 2196 2990 2268 Ἱεροϐοάμ,
3025 2195 3101 2266 (p.
3131 2196 3185 2259 5)
3237 2193 3351 2255 υἱὸς,
3395 2193 3492 2262 μὲν
3524 2190 3622 2242 τοῦ

2067 2291 2237 2353 Ἰωὰς,
2269 2291 2485 2358 ἔγγονος
2509 2290 2564 2342 δὲ
2591 2288 2687 2342 τοῦ
2723 2287 2953 2358 ’Ῑωάχαζ
2975 2305 2989 2318 ·
3031 2288 3293 2358 τέταρτος
3325 2285 3381 2336 δὲ
3426 2283 3620 2349 γέγονε

2051 2383 2320 2454 Ζαχαρίας
2349 2386 2376 2436 6
2407 2383 2498 2436 τοῦ
2533 2381 2968 2453 ’Ῑεροϐοάμυίὸς,
2995 2379 3055 2443 ὃς
3084 2381 3177 2432 ἐπὶ
3207 2377 3265 2444 ἓξ
3298 2373 3620 2447 βασιλεύσας

2049 2478 2161 2538 τοῖς
2202 2477 2335 2545 μησὶ
2373 2473 2758 2544 τετελεύτηκεν
2782 2490 2796 2504 ·
2839 2473 3014 2542 πέρας
3047 2472 3142 2542 μέν
3176 2472 3263 2522 ἐπ’
3308 2467 3473 2523 αὑτοῦ
3515 2465 3622 2534 τῆς

2049 2567 2378 2635 ἐπαγγελίας
2411 2566 2681 2636 λαϐούσης
2722 2565 2823 2634 τῆς
2849 2564 3018 2627 θείας,
3055 2560 3396 2633 μεταστάσης
3421 2559 3477 2611 δέ
3503 2557 3619 2609 λοι-

2049 2659 2147 2711 πὸν
2181 2659 2288 2712 ἀπὸ
2313 2659 2404 2711 τοῦ
2427 2658 2616 2726 γένους
2644 2656 2738 2709 τοῦ
2771 2655 2909 2724 Ἰηοῦ
2941 2656 3042 2725 τῆς
3087 2653 3362 2725 βασιλείας
3409 2651 3500 2702 ἐπὶ
3526 2649 3618 2702 τὸν

2043 2750 2280 2820 Σελλὴμ,
2312 2750 2372 2803 ού
2401 2749 2501 2820 τῆς
2532 2749 2702 2818 αύτῆς
2740 2749 3051 2818 ὑπάρχοντα
3087 2744 3404 2814 συγγενείας
3425 2759 3437 2771 ·
3475 2758 3619 2811 παρ-

2044 2843 2289 2910 εληλύθει
2337 2843 2436 2913 μὲν
2482 2838 2574 2894 οὖν
2604 2843 2684 2904 εἰς
2730 2839 2826 2910 τὴν
2879 2838 2972 2891 τοῦ
3015 2837 3223 2908 Ἰσραὴλ
3274 2832 3544 2906 βασιλείαν
3589 2834 3619 2883 6

2057 2927 2356 2997 Ἱεροϐοάμ,
2377 2927 2552 2991 Ὀζίου
2584 2927 2959 2997 βασιλεύοντος
2985 2925 3086 2996 τῆς
3126 2924 3479 2995 Ἰερουσαλήμ
3499 2937 3512 2949 ·
3558 2920 3620 2986 ἐξ

2046 3022 2256 3075 ἐκείνου
2291 3023 2385 3076 τοῦ
2416 3024 2608 3094 χρόνου
2638 3022 2731 3076 τοῦ
2766 3023 2952 3086 κακῶς
2993 3022 3250 3093 πράττειν
3291 3018 3480 3072 ἔλαϐον
3517 3016 3620 3085 τὴν

369 3107 544 3177 ἀρχὴν
568 3107 618 3159 οἱ
656 3107 762 3160 τῶν
799 3108 932 3162 δέκα
977 3108 1178 3178 φυλῶν,
1207 3109 1366 3180 ἄχρις
1413 3105 1472 3164 οὗ
1517 3109 1795 3173 παντελῶς
1842 3110 2013 3174 αὐτὰς
2045 3112 2420 3182 αἰχμαλώτους
2462 3113 2640 3166 λαϐὼν
2679 3111 2977 3183 μετῴκισεν
3004 3113 3032 3164 6
3056 3111 3160 3163 τῶν
3187 3108 3488 3179 Ἀσσυρίων
3523 3105 3621 3176 βα-

371 3199 550 3264 σιλεύς
577 3217 592 3230 ·
621 3199 749 3255 ὥστ’
780 3201 846 3254 ἂν
873 3201 1096 3264 εἰκότως
1139 3204 1280 3257 κατὰ
1318 3202 1502 3256 τοῦτον
1545 3203 1635 3257 τὸν
1670 3202 1859 3274 καιρὸν
1906 3204 1998 3256 ἐπ)⁸
2050 3203 2147 3275 τὴν
2191 3205 2524 3277 προφητείαν
2571 3205 2662 3257 τὸν
2707 3203 2866 3274 Ὠσηὲ
2909 3199 3366 3274 παρεληλυθέναι,
3404 3195 3513 3249 τῶν
3557 3213 3619 3248 τε

371 3295 726 3366 προρρήσεων
769 3294 1250 3364 ὑπομιμνήσκοντα
1297 3295 1390 3348 τοῦ
1439 3294 1708 3366 μακαρίου
1749 3293 1931 3360 Δαυῒδ,
1968 3295 2062 3348 καὶ
2094 3297 2495 3368 μνημονεύοντα
2555 3296 2783 3366 ἐγγύθεν
2841 3295 3073 3366 ἐσόμενα
3110 3293 3180 3346 τὰ
3217 3293 3282 3364 δὴ
3335 3289 3621 3362 πόρρωθεν

370 3389 635 3455 εἰρημένα
667 3387 792 3459 περί
811 3387 988 3441 αὐτῶν
1013 3405 1028 3420 ο
1070 3389 1162 3441 καί
1190 3390 1328 3459 μετά
1351 3390 1523 3443 ταῦτα
1555 3390 1746 3460 φησίν·

441 3540 607 3597 Vsus.
647 3542 702 3596 2.
737 3572 807 3582 —
848 3561 868 3596 ι
907 3541 1121 3597 initium
1149 3545 1296 3598 verbi
1327 3544 1540 3599 Domini
1564 3547 1629 3600 ad
1649 3545 1868 3600 Oscam.
1906 3567 1924 3599 ι

368 3631 546 3693 Patet.
581 3630 708 3686 hinc
751 3629 844 3686 Dei
898 3633 1132 3702 coepisse
1184 3633 1296 3686 ﬁeri
1351 3636 1414 3688 ad
1450 3635 1601 3689 illiilli
1650 3637 1939 3690 revelatio-

370 3741 504 3780 nes:
537 3724 629 3794 qui
661 3722 881 3778 mandat
900 3723 949 3778 ei
985 3732 1044 3778 ut
1073 3726 1358 3795 conjugem
1385 3727 1728 3782 meretricem
1752 3726 1936 3791 ducat,

369 3832 438 3872 ex
499 3832 671 3887 eaque
744 3817 946 3872 liberos
1016 3828 1301 3887 procreet:
1361 3818 1521 3888 cujus
1578 3821 1658 3873 rei
1713 3835 1937 3875 causam

369 3923 586 3978 quoque
603 3908 773 3973 addit,
811 3927 830 3960 ι
868 3907 1028 3974 Quia,
1061 3909 1556 3978 inquit,fornicans
1578 3913 1939 3968 fornicabitur

372 4011 516 4054 terra
557 4014 585 4052 a
609 3998 858 4053 Domino.
885 4017 904 4050 ι
952 3999 1095 4053 Sane
1134 3999 1276 4055 Deus
1316 4002 1561 4070 quaedam
1598 4019 1628 4056 a
1659 4005 1938 4073 pr0phetis

372 4090 617 4144 facienda
649 4098 822 4152 curat,
852 4104 975 4159 qua:
1003 4090 1188 4145 multis
1210 4100 1405 4160 praeter
1424 4093 1681 4148 decorum
1707 4111 1827 4150 esse
1855 4097 1936 4149 vi-

369 4182 610 4236 dentur:
654 4182 815 4236 veluti
851 4195 974 4236 cum
1011 4181 1204 4236 lsaiam
1245 4199 1429 4237 coram
1465 4186 1719 4241 omnibus
1769 4187 1937 4255 jussit

371 4273 578 4327 nudum
620 4280 675 4326 et
721 4273 1094 4328 excalceatum
1145 4274 1415 4330 incedere.
1471 4275 1574 4329 Sed
1616 4277 1717 4331 hoc
1751 4289 1802 4332 et
1832 4278 1936 4331 alia

367 4366 636 4435 ejusmodi
671 4365 907 4420 evidenti
965 4366 1197 4422 consilio
1233 4375 1455 4437 peracta
1496 4367 1737 4422 fuerunt.
1800 4369 1935 4423 Nam

369 4461 493 4530 quia
519 4459 764 4528 plerique
800 4458 988 4514 audire
1019 4474 1302 4515 sermones
1335 4461 1636 4516 oscitanter
1663 4463 1932 4529 solemus;

367 4558 641 4620 gestorum
704 4563 834 4603 vero
867 4555 1030 4618 atque
1059 4548 1299 4604 visorum
1343 4551 1581 4604 novitate
1637 4562 1932 4615 terremur,

367 4641 666 4712 praesertim
714 4640 760 4695 si
804 4640 918 4695 haec
967 4639 1173 4696 absona
1220 4655 1251 4692 a
1294 4640 1546 4696 facientis
1592 4657 1746 4697 more
1791 4643 1932 4710 sint;

266 4746 269 4748 ·
365 4733 564 4787 merito
611 4731 754 4786 Deus
805 4740 1026 4802 prapter
1087 4732 1438 4787 Hebraeorum
1500 4733 1933 4788 incredulitatem

2109 3545 2254 3614 Στίχ.
2290 3544 2352 3613 β’.
2373 3565 2469 3594 -οι
2509 3541 2674 3614 Ἀρχὴ
2698 3541 2854 3610 λόγου
2885 3541 3090 3611 Κυρίου
3115 3537 3248 3609 πρὸς
3265 3537 3442 3607 Ὠσηέ.
3471 3555 3488 3587 ι
3506 3537 3616 3606 Δῆ-

2039 3638 2128 3691 λον
2155 3638 2236 3690 ὄτι
2264 3634 2511 3688 ἐντεῦθεν
2541 3635 2636 3704 τῆς
2661 3633 2973 3704 πρὸςαύτὸν
2995 3628 3389 3698 ἀποκαλύψεως
3414 3626 3617 3698 ἤρξατο

2037 3730 2065 3782 6
2087 3729 2215 3790 Θεός
2235 3743 2248 3756 ⁸
2290 3726 2498 3780 κελεύει
2529 3743 2589 3778 τε
2619 3723 2767 3794 αύτῷ
2791 3725 3023 3792 γυναῖκα
3047 3721 3250 3791 πόρνην
3287 3716 3614 3786 ἀγαγέσθαι,

2039 3819 2132 3872 καὶ
2160 3819 2222 3889 δὴ
2261 3817 2355 3870 καὶ
2396 3814 2767 3868 τεκνώσασοαι
2817 3813 2874 3879 ἐξ
2918 3812 3085 3882 αὐτῆς
3111 3826 3124 3841 ⁸
3158 3809 3253 3865 καὶ
3292 3809 3393 3880 τὴν
3431 3808 3618 3863 αἰτίαν

2038 3909 2396 3984 προστίθησι’
2447 3927 2466 3959 ι
2501 3907 2646 3959 Διότι
2703 3903 3102 3976 ἐκπορνεύουσα
3161 3899 3522 3970 ἐκπορνεύσει
3576 3902 3610 3969 ἡ

2037 4000 2110 4068 γῆ
2158 3998 2266 4052 ἀπὸ
2309 3995 2528 4051 ὄπισθεν
2573 3994 2667 4048 τοῦ
2701 3993 2926 4065 Κυρίου·
2966 4013 2984 4044 ’
3044 3993 3118 4046 Τδ
3165 3991 3271 4063 μὲν·
3301 3986 3392 4044 οὖν
3429 4006 3609 4060 mpm

2038 4089 2323 4153 σκευάζειν
2343 4087 2464 4140 τινὰ
2483 4087 2590 4140 τῶν
2611 4087 2710 4156 οὐχ
2731 4084 3001 4156 ἀρμοδίων
3023 4079 3160 4137 εἶναι
3180 4081 3476 4136 δοκούντων
3499 4082 3613 4143 τοῖς

2037 4183 2250 4245 πολλοῖς
2269 4183 2393 4244 τοὺς
2415 4181 2696 4251 προφήτας
2714 4179 2884 4229 ποιεῖν
2900 4176 2992 4228 τὸν
3008 4175 3160 4239 Θεὸν,
3178 4175 3252 4236 ὡς
3281 4174 3368 4226 τὸν
3384 4172 3612 4225 Ἡσαΐαν

2036 4274 2241 4346 γυμνὸν
2272 4273 2603 4342 ἅνυπόδητον
2630 4270 2913 4322 ἐκέλευσεν
2939 4269 2996 4322 ἐν
3031 4268 3180 4338 μέσῳ
3211 4264 3614 4336 παριέναιπάν-

2035 4383 2163 4427 των,
2198 4365 2274 4436 (p.
2303 4364 2356 4434 6)
2383 4365 2476 4416 καὶ
2501 4363 2672 4416 ὁπόσα
2713 4362 2776 4430 δὴ
2806 4361 3046 4423 τοιαῦτα,
3071 4358 3334 4428 πρόδηλον
3371 4357 3480 4426 ἔχει
3511 4357 3610 4428 τήν

2037 4459 2233 4511 αἰτίαν.
2278 4457 2495 4527 Ἐπειδὴ
2545 4457 2653 4524 γὰρ
2694 4455 2741 4507 οἱ
2774 4454 2957 4507 πολλοὶ
2991 4453 3099 4504 τῶν
3132 4451 3228 4521 μὲν
3260 4451 3431 4519 λόγων
3465 4467 3609 4519 παρ-

2037 4549 2212 4619 έργως
2239 4547 2456 4600 ἀκούειν
2482 4545 2770 4613 εἰώθαμεν,
2800 4541 3240 4614 ἐκταραττόμεθα
3263 4540 3318 4593 δέ
3352 4539 3487 4608 πρὸς
3509 4541 3610 4609 τὴν

2034 4640 2144 4693 τῶν
2175 4639 2474 4709 γινομένων
2502 4655 2559 4689 τε
2587 4637 2678 4689 καὶ
2715 4635 3003 4706 ὁρωμένων
3031 4632 3319 4702 καινότητα
3338 4648 3352 4662 ⁸
3380 4631 3474 4684 καὶ
3505 4630 3611 4701 μά-

2036 4728 2192 4783 λιστα
2214 4731 2289 4782 ὅτ’
2330 4729 2395 4782 ἂν
2447 4727 2636 4798 ἀπῳδά
2679 4726 2773 4780 τοῦ
2817 4726 3019 4797 τρόπου
3063 4723 3156 4776 τοῦ
3201 4724 3479 4787 ποιοῦντος
3508 4725 3611 4776 ύπ-

363 4823 457 4877 dat
527 4837 671 4890 saepe
737 4835 960 4892 operam
1026 4830 1084 4874 ut
1146 4823 1273 4876 talia
1337 4823 1617 4892 prophetae
1681 4823 1929 4891 faciant;

2045 4820 2199 4893 άρξῃ,
2229 4820 2453 4883 εἰκότως
2483 4821 2509 4871 6
2533 4818 2664 4882 Θεὸς
2693 4818 2781 4871 διὰ
2806 4819 2865 4871 τὸ
2889 4817 2996 4870 τῶν
3021 4816 3289 4869 Ἰουδαίων
3323 4815 3612 4880 δυσπειθὲς

362 4929 561 4982 nempe
581 4921 640 4966 ut
672 4913 982 4982 perculsum
1007 4913 1245 4987 novitate
1275 4928 1502 4982 operum
1536 4914 1758 4983 vulgus,
1804 4929 1933 4968 cau-

364 5019 480 5058 sam
502 5019 681 5058 rerum
705 5002 880 5058 discat
909 5013 1073 5073 atque
1097 5003 1333 5058 officium
1357 5005 1636 5059 doceatur.
1665 5004 1937 5060 Mandavit

362 5111 492 5164 ergo
513 5094 786 5166 propheta:
804 5102 856 5148 ut
887 5094 1228 5150 meretricem
1252 5110 1470 5150 uxorem
1491 5095 1742 5151 duceret:
1771 5112 1933 5165 porro

365 5202 564 5241 novum
603 5194 721 5238 erat
757 5184 1012 5239 feminam
1053 5184 1321 5254 ejusmodi
1353 5200 1383 5238 a
1423 5187 1684 5257 propheta
1724 5189 1930 5242 assumi

365 5279 418 5331 in
455 5276 789 5332 matrimonii
820 5277 1159 5330 convictum:
1199 5275 1254 5331 id
1287 5277 1430 5344 quod
1488 5292 1610 5332 eum
1665 5277 1716 5348 5
1741 5294 1930 5348 reapse

366 5370 507 5424 Deus
537 5367 721 5423 facere
743 5368 1000 5438 iusserat.
1040 5367 1102 5422 Et
1145 5367 1418 5438 propheta:
1462 5369 1680 5438 quidem
1732 5370 1930 5424 licebat

365 5459 590 5528 legitimi
617 5457 857 5524 coniugii
881 5461 1198 5512 societatem
1227 5463 1415 5527 optare
1437 5499 1449 5512 .
1479 5467 1852 5513 verumtamen
1881 5459 1929 5515 is

365 5557 608 5604 scortum
631 5547 796 5602 etiam
821 5547 924 5602 sibi
957 5546 1289 5617 copulatum,
1323 5547 1640 5616 pudicitiam
1661 5585 1678 5614 ,
1701 5556 1784 5621 _ut
1833 5563 1932 5618 par

362 5647 509 5698 erat.
557 5637 800 5694 edocuit.
845 5637 1080 5694 Necesse
1113 5653 1277 5708 porro
1309 5647 1427 5694 erat
1469 5638 1657 5692 mirari
1705 5653 1925 5702 omnes,

366 5730 512 5800 quod
540 5730 623 5784 vir
655 5730 814 5786 oliicii
842 5730 1000 5785 valde
1027 5729 1332 5794 studiosus,
1363 5730 1586 5785 omissis
1617 5744 1738 5799 quae
1766 5729 1928 5799 pudi-

370 5819 513 5878 citia:
527 5821 686 5882 laude
719 5817 1002 5890 florebant,
1048 5822 1268 5894 nuptias
1303 5819 1604 5878 meretricis
1635 5820 1928 5891 appetivis-

2035 4911 2439 4983 παρασκευάζει
2470 4911 2727 4974 πολλάκις
2753 4911 2877 4973 τοὺς
2905 4910 3190 4979 προφήτας
3220 4907 3444 4961 τοιαῦτά
3484 4925 3607 4960 τινα

2033 5003 2477 5075 διαπράττεσθαι,
2519 5002 2586 5054 ἵν’
2613 5004 2674 5053 ἐκ
2706 4999 2804 5068 τῆς
2835 4999 2942 5052 τῶν
2969 4999 3267 5070 γινομένων
3292 4999 3609 5067 καινότητος

2033 5093 2478 5165 ἐπιστρεφόμενοί
2495 5112 2611 5157 πως
2638 5093 2686 5146 οἰ
2711 5092 2802 5146 τοῦ
2825 5091 2953 5145 λαοῦ
2983 5090 3294 5162 μανθάνωσι
3312 5107 3371 5142 τε
3388 5089 3488 5161 τὴν
3520 5093 3608 5142 αἰ-

2031 5186 2151 5240 τίαν
2186 5187 2278 5239 καὶ
2325 5186 2682 5238 παιδεύωνται
2707 5183 2767 5237 τὸ
2807 5183 2943 5237 δέον.
2983 5183 3264 5236 Ἑκέλευσε
3309 5182 3486 5235 τοίνυν
3528 5181 3608 5251 τῷ

2033 5279 2286 5348 προφήτῃ
2317 5276 2520 5346 πόρνην
2544 5275 2846 5344 ἀγαγέσθαι
2877 5279 3140 5345 γυναῖκα⁸
3174 5275 3357 5328 καινὸν
3384 5272 3492 5344 γάρ
3537 5270 3606 5344 ἦν

2033 5369 2094 5421 τὸ
2124 5370 2212 5422 τὸν
2238 5370 2522 5440 προφήτην
2547 5368 2760 5421 ἑλέσθαι
2784 5371 3013 5436 γυναῖκα
3043 5367 3298 5437 τοιαύτην
3321 5368 3400 5430 εἰς
3425 5367 3606 5436 γάμου

2034 5461 2214 5513 λαϐεῖν
2238 5460 2540 5522 κοινωνίαν,
2570 5460 2705 5530 ὅπερ
2729 5456 2820 5513 οὖν
2854 5459 3000 5530 αύτῷ
3029 5463 3250 5530 ποιῆσαι
3275 5457 3606 5528 προσέταξεν

2035 5552 2063 5602 ό
2089 5549 2220 5612 Θεός
2242 5565 2256 5580 ·
2307 5549 2494 5620 ἐπειδὴ
2536 5549 2683 5620 αύτῷ
2718 5568 2777 5603 τε
2809 5549 2884 5621 τῷ
2932 5552 3187 5623 προφήτῃ
3214 5552 3292 5612 εἰς
3322 5549 3605 5603 κοινωνίαν

2036 5639 2214 5710 γάμου
2236 5642 2466 5708 γυναῖκα
2489 5639 2676 5694 λαϐεῖν
2703 5641 2848 5693 κατά
2871 5640 3034 5711 νόμον
3059 5639 3182 5712 ἐξῆν
3211 5656 3224 5668 ·
3246 5639 3344 5708 τήν
3381 5655 3442 5691 τε
3471 5638 3590 5708 πόρ

2035 5747 2131 5800 νην
2167 5729 2455 5801 λαμϐάνων
2483 5733 2778 5801 σωφρονεῖν
2812 5730 3026 5784 ἔπειθεν
3070 5730 3145 5793 ὡς
3189 5730 3333 5792 εἰκός
3355 5727 3608 5797 ’ἀνάγκη

2033 5821 2142 5892 γάρ
2168 5817 2236 5894 ἦν
2283 5821 2581 5889 ξενίζεσθαι
2611 5824 2709 5894 μὲν
2738 5823 3006 5888 ἅπαντας,
3042 5823 3123 5877 ὃτι
3155 5823 3292 5893 ἀνὴρ
3317 5822 3410 5881 τρῦ
3434 5835 3604 5889 προσ·
