3824 6224
163 223 264 276 l2!)
1223 226 1755 284 COMMENTARIUS

1861 229 1866 284 l
1907 228 2112 286 OSEE
2145 231 2298 287 CAP.
2341 231 2382 286 1.
3336 226 3441 283 lu

153 350 390 410 ήκοντος
431 345 630 416 πολλὴν
663 342 979 414 ἐπιμέλειαν
1019 343 1176 412 ἔχων,
1211 343 1528 398 καταλιπὼν
1557 344 1653 407 τὰς
1683 346 1740 396 ἐν

1861 353 1950 400 ιρι.
1991 343 2244 402 Jamvero
2299 348 2377 401 rei
2426 345 2588 415 hujus
2637 347 2853 402 novitas
2905 348 3247 402 occasionem
3301 362 3431 418 pro-

154 434 460 504 σεμνότητί
498 451 616 496 πως
649 429 785 486 εἷναι
809 433 1093 495 δοκούσας,
1141 434 1222 495 εἰς
1250 433 1430 502 γάμου
1462 434 1746 487 κοινωνίαν

152 528 342 580 εἵλετο
374 527 580 596 πόρνην
609 526 794 578 λαϐεῖν
823 543 837 556 ·
871 528 903 595 ἡ
936 525 993 578 δὲ
1020 525 1114 579 τοῦ
1146 527 1468 596 γιγνομένου
1493 529 1749 597 καινότης

150 618 420 690 ἀφορμὴν
458 618 628 670 ἐδίδου
677 618 754 688 τῷ
797 618 1054 690 προφήτῃ
1094 616 1161 670 τὰ
1196 621 1540 688 προσήκοντα
1569 619 1750 687 λέγειν

153 710 307 781 πρὸς
332 709 528 774 αύτούς
554 726 567 738 ·
597 711 730 780 πρὸς
751 709 814 762 τὸ
836 709 895 761 δὲ
921 709 1090 780 πολλῇ
1121 711 1186 780 τῇ
1207 709 1506 780 παραθέσει
1526 711 1750 780 μείζονα

154 802 453 872 φαίνεσθαι
491 802 556 854 τὸ
604 801 694 854 τὸν
717 800 850 853 Θεὸν
895 800 1166 873 αἱρεῖσθαι
1198 799 1370 864 οὕτως
1418 801 1750 871 ἀγνωμόνων

153 896 376 965 ἀνδρῶν
401 897 480 958 εἰς
497 893 817 963 ἐπιμέλειαν
845 892 1036 946 ἐαυτὸν
1066 891 1344 945 κατιέναι*
1370 893 1507 959 εἴγε
1541 891 1635 946 καὶ
1659 893 1750 945 τὸν

156 990 235 1057 (p.
257 990 315 1058 7)
329 987 613 1056 προφήτην
630 984 935 1054 θαυμαστὸν
956 980 1025 1055 ἧν
1043 983 1444 1053 ἐπειλημμένου
1461 984 1554 1036 τοῦ
1577 1002 1748 1055 προσ‹

153 1081 393 1150 ἥκοντος
420 1081 500 1141 εἰς
538 1079 742 1148 πόρνης
779 1076 993 1145 ὁμιλίαν
1039 1079 1260 1146 χωρεῖν.
1305 1075 1524 1146 Ἐπειδὴ
1545 1077 1748 1139 τοίνυν,

153 1173 356 1244 φησὶν,
393 1170 761 1241 ἐπιμελοῦμαι
803 1170 911 1224 τῶν
951 1168 1302 1240 Ἰσραηλιτῶν
1337 1169 1594 1240 πορνικὸν
1635 1169 1752 1240 τρό-

153 1281 266 1317 πον
290 1265 524 1318 πάντοτε
553 1262 1004 1330 ἐπιδεδειγμένων
1038 1259 1167 1329 περὶ
1195 1258 1316 1329 ἐμὲ,
1345 1259 1440 1312 καὶ
1474 1258 1596 1312 καθ’
1625 1259 1754 1312 ἐκά-

155 1374 300 1428 στην
321 1355 538 1427 ἡμέραν
568 1355 696 1425 άχρι
710 1353 804 1406 τοῦ
829 1352 992 1424 δεῦρο
1018 1350 1223 1422 ταύτην
1251 1350 1628 1405 ἐπιτεινόντων
1652 1349 1752 1421 τὴν

149 1452 414 1523 γνώμην,
450 1451 544 1504 καὶ
573 1449 725 1520 παρὰ
742 1449 952 1509 πάντας
983 1445 1306 1516 ἀνθρώπους
1331 1446 1527 1509 αὐτοὺς
1561 1447 1641 1509 είς
1674 1447 1754 1498 οἰ-

150 1544 424 1612 κειότητα
453 1543 675 1613 εἱλόμην
702 1540 802 1612 τὴν
820 1539 959 1610 ἐμήν
978 1554 992 1569 ⁸
1046 1539 1166 1608 μετ’
1187 1538 1248 1590 οὐ
1282 1537 1418 1591 πολὺ
1449 1537 1506 1590 δέ
1533 1536 1752 1606 ἔλεγχον

151 1635 264 1706 τῆς
295 1634 424 1706 περὶ
452 1634 553 1704 ἐμὲ
581 1631 807 1703 γνώμης
821 1630 1049 1702 ἀκριϐὲς
1077 1629 1405 1699 παρέξονται
1430 1629 1530 1698 τὴν
1553 1630 1755 1696 ἐπαγο-

105 1717 108 1719 ’
158 1728 338 1799 μένην
369 1727 556 1789 αὐτοῖς
588 1725 680 1778 ὑπ’
728 1722 864 1794 ἐμοῦ
905 1713 1179 1793 τιμωρίαν
1200 1737 1213 1750 ·
1244 1721 1334 1773 ὅτε
1375 1723 1442 1790 τῇ
1471 1718 1750 1788 αἱχμαλω-
1782 1707 1824 1761 Β

155 1820 256 1890 σία
287 1817 707 1890 παραδιδόμενα
731 1813 1011 1877 παντελῶς
1040 1811 1242 1882 ταύτης
1264 1809 1749 1881 ἀπαλλοτριοῦνται

152 1909 260 1978 τῆς
288 1908 426 1978 γῆς·
461 1908 520 1961 ἐν
550 1902 695 1980 ᾗπερ
722 1905 1007 1968 οἰκοῦντας
1038 1902 1356 1973 ἐπιμελείας
1385 1918 1444 1954 τε
1477 1901 1575 1972 τῆς
1609 1899 1751 1969 ἐμῆς

153 1999 524 2070 ἀξιουμένους
582 1999 676 2052 ἐπὶ
718 1997 827 2051 τῶν
871 1996 1051 2067 νόμων
1085 1995 1271 2063 μένειν
1322 1993 1582 2048 ἐκέλευσα
1643 1993 1751 2044 τῶν

155 2091 350 2162 ἐμῶν’
410 2091 578 2162 ὅνπερ
611 2089 675 2159 δὴ
705 2089 908 2160 τρόπον
944 2087 1040 2142 καὶ
1079 2090 1199 2148 ταῖς
1228 2084 1474 2154 γυναιξὶν
1512 2083 1634 2146 ἔθος
1671 2083 1751 2145 είς

155 2183 453 2236 κοινωνίαν
491 2181 956 2253 λαμῦανομέναις,
997 2179 1091 2232 ἐπὶ
1135 2178 1242 2232 τῶν
1279 2176 1533 2247 γαμικῶν
1571 2175 1752 2245 μένειν

156 2277 349 2348 νόμων
373 2293 388 2308 ·
430 2277 516 2345 ἐφ’
547 2275 722 2328 ἅπασι
754 2274 812 2327 δὲ
855 2273 1086 2336 τούτοις,
1123 2272 1185 2325 οὐ
1231 2269 1332 2342 τὴν
1371 2271 1753 2340 προσήκουσαν

1851 437 2026 506 pheta:
2069 438 2377 506 praebebat,
2425 452 2549 506 quae
2595 453 2735 508 opus
2781 446 2899 492 erat
2939 437 3142 492 .Iudaris
3174 436 3435 506 dicendi;

1849 539 2222 600 praetereaque
2244 531 2394 599 gravi
2418 531 2668 599 exemplo
2689 530 3050 585 monstramli.
3073 530 3236 598 quale
3255 545 3403 598 quan
3424 556 3437 568 -

1849 628 1964 674 tum
1995 636 2141 676 esset
2173 621 2462 676 consilium
2491 621 2605 686 Dei,
2629 622 2725 691 qui
2750 631 2859 675 tam
2887 623 3224 690 ingratorum
3251 619 3434 674 homi-

1850 729 1980 767 num
2011 729 2198 768 curam
2231 714 2373 768 ultro
2403 715 2771 784 suscepisset:
2803 714 3075 783 siquidem
3109 721 3163 768 et
3197 714 3432 784 prophe-

1849 810 1962 855 tam
2005 803 2203 856 mirum
2235 811 2378 867 erat,
2404 804 2494 872 qui
2535 802 2675 873 frugi
2708 804 2870 856 vitam
2899 803 3152 872 elegerat,
3190 802 3255 856 ad
3283 817 3434 856 scor-

1850 895 1892 949 ti
1929 895 2152 965 nuptias
2189 911 2473 965 proruere.
2512 894 2776 952 Videlicet
2806 906 2860 950 et
2894 912 3016 964 ego.
3052 897 3227 965 inquit
3263 894 3430 960 Deus,

1852 988 2118 1043 lsraelitis
2149 987 2366 1050 studeo,
2403 990 2495 1059 qui
2525 989 2840 1043 meretricio
2869 1004 3096 1058 prorsus
3133 1002 3282 1042 more
3321 1002 3435 1040 me-

1851 1097 1975 1135 cum
2005 1092 2193 1150 agunt,
2221 1082 2563 1152 singulisque
2598 1081 2864 1136 hactenus
2895 1081 3089 1136 diebus
3111 1081 3252 1135 hanc
3282 1095 3436 1134 nien-

1852 1181 1960 1230 tem
1991 1175 2257 1239 retinent;
2277 1191 2416 1244 quos
2437 1184 2619 1228 tamen
2642 1190 2742 1244 ego
2759 1189 2869 1243 pra:
2884 1174 3102 1228 caeteris
3122 1172 3434 1228 hominibus

1855 1264 1907 1316 iu
1928 1279 2101 1317 meam
2129 1263 2557 1318 familiaritatem
2577 1279 2914 1334 receperam.
2933 1264 3037 1318 Sed
3059 1265 3202 1318 enim
3223 1264 3277 1317 hi
3305 1279 3437 1331 pau-

1855 1354 1908 1407 lo
1944 1363 2064 1423 post
2097 1353 2165 1408 de
2200 1355 2385 1409 animo
2417 1369 2546 1424 erga
2576 1370 2662 1408 me
2690 1371 2790 1410 suo
2821 1363 3191 1424 coarguentur
3219 1370 3248 1408 a
3272 1371 3435 1425 paena

1853 1460 2017 1514 quam
2049 1446 2129 1500 eis
2164 1445 2462 1514 imponam,
2497 1460 2621 1499 cum
2657 1447 2840 1500 traditi
2888 1447 3215 1516 captivitati,
3253 1447 3438 1502 fundi-

1855 1543 1944 1590 tus
1964 1535 2064 1590 hac
2084 1536 2305 1605 regione
2321 1545 2652 1599 evertentur,
2673 1553 2835 1606 quam
2861 1539 2964 1592 huc
2985 1555 3157 1607 usque
3172 1539 3437 1593 benelicio

1857 1642 1979 1680 meo
2002 1628 2324 1691 incolentes,
2345 1627 2482 1696 jussi
2507 1628 2716 1682 fuerant
2756 1631 2890 1682 meis
2915 1631 3200 1698 praeceptis
3219 1630 3435 1684 obtem-

1856 1734 2078 1788 perare:
2115 1719 2257 1772 hand
2288 1735 2447 1774 secus
2474 1736 2637 1788 quam
2659 1719 2894 1776 feminas
2921 1724 2981 1781 in.
3003 1722 3317 1791 conjugium
3342 1739 3437 1777 as-

1857 1817 2125 1876 sumptas,
2153 1808 2488 1876 nuptialibus
2515 1808 2725 1878 legibus
2750 1810 3005 1864 insistere
3027 1827 3143 1864 mos
3159 1820 3263 1863 est.
3289 1809 3438 1865 Prae-

1858 1905 1940 1952 ter
1992 1899 2110 1953 haec
2139 1899 2345 1961 omnia,
2378 1899 2432 1952 hi
2467 1899 2608 1953 haud
2653 1900 2864 1968 justum
2915 1909 3192 1968 gestarum
3252 1915 3436 1954 rerum

1859 2005 2081 2046 sensum
2129 1990 2353 2053 habent,
2385 2006 2566 2059 neque
2611 2005 2736 2045 cum
2787 1991 2987 2045 animis
3016 1992 3134 2046 suis
3180 1999 3440 2062 reputant

1858 2081 1987 2152 quid
2038 2083 2122 2137 vel
2170 2081 2375 2136 faciant
2423 2083 2506 2136 vel
2551 2084 2747 2138 merito
2788 2085 3006 2154 passuri
3071 2086 3204 2140 sint.
3255 2085 3441 2152 Quare

1859 2187 1958 2242 age
1993 2182 2072 2238 tu,
2105 2172 2391 2241 propheta,
2428 2171 2697 2228 facinoris
2739 2175 2983 2230 novitate
3027 2185 3340 2246 susceptam
3367 2177 3438 2232 ab

1863 2265 1950 2318 his
1983 2265 2380 2320 absurditatem
2413 2282 2668 2337 coargue.
3247 2257 3250 2260 ’

154 2374 270 2426 τῶν
301 2373 604 2444 γινομένων
633 2369 885 2437 αἴσθησιν
930 2368 1165 2439 ἔχουσιν,
1215 2366 1332 2420 οὗθ’
1374 2358 1450 2418 ὧν
1510 2362 1776 2426 ποιοῦσιν,
1828 2359 1939 2414 οὔθ’
1994 2354 2069 2414 ὧν
2095 2361 2370 2415 πείσονται
2399 2363 2624 2426 δικαίως
2644 2380 2658 2394 ·
2707 2363 2840 2434 φέρε
2865 2363 2928 2434 δὴ
2959 2365 3044 2428 σὺ,
3076 2364 3348 2436 προφῆτα,
3370 2365 3437 2438 τῇ

154 2455 256 2519 τοῦ
318 2463 605 2533 γινομένου
653 2461 933 2531 καινότητι
974 2458 1194 2527 ἔλεγχον
1244 2456 1343 2526 τῆς
1388 2454 1518 2524 παρ’
1570 2452 1754 2504 αὐτῶν
1786 2451 2164 2521 πραττομένης
2199 2452 2422 2522 ποίησαι
2450 2453 2698 2516 ἀτοπίας.

232 2583 393 2652 Στίχ.
446 2585 590 2648 ’γ’-ε’.
636 2608 706 2620 --
750 2576 1004 2630 Πείθεται
1040 2574 1104 2644 δὴ
1134 2573 1345 2635 τούτοις
1374 2572 1402 2622 ὁ
1442 2571 1750 2641 προφήτης,

155 2679 252 2732 καὶ
283 2677 486 2744 ἄγεται
511 2669 648 2742 πρὸς
675 2670 854 2740 γάμον
884 2668 1109 2738 πόρνην,
1140 2662 1208 2737 ἦς
1243 2666 1336 2717 καὶ
1363 2663 1422 2715 τὸ
1455 2663 1626 2731 ὄνομα
1661 2663 1755 2714 καὶ

155 2771 250 2822 τὸν
291 2766 509 2836 πατέρα
531 2763 716 2831 λέγει,
745 2760 820 2823 ὡς
858 2760 932 2830 μὴ
971 2758 1198 2828 πλάσμα
1222 2755 1375 2826 ψιλόν
1402 2772 1455 2807 τι
1483 2754 1663 2818 δοκοίη
1695 2753 1757 2804 τὸ

156 2861 483 2930 λεγόμενον,
532 2853 741 2926 ἱστορία
789 2850 845 2906 δὲ
876 2849 1080 2921 ἀληθὴς
1119 2849 1463 2918 πραγμάτων
1489 2863 1502 2876 ·
1542 2844 1752 2913 γίνεται

1928 2567 2092 2622 Vens.
2120 2567 2237 2622 3-5.
2264 2567 2548 2622 —Morem
2574 2568 2732 2635 jnsso
2769 2567 2906 2636 gerit
2941 2568 3224 2638 propheta,
3255 2577 3440 2625 scorto

1853 2660 2033 2723 nubit,
2066 2659 2226 2724 cujus
2249 2659 2408 2711 etiam
2433 2674 2629 2711 nomen
2656 2669 2973 2728 patremque
2994 2669 3178 2726 notat;
3200 2677 3266 2715 ne
3301 2661 3441 2716 forte

1855 2751 2001 2819 quod
2015 2752 2216 2803 dictum
2236 2758 2339 2812 est,
2357 2767 2552 2820 purum
2571 2752 2903 2818 figmentum.
2927 2753 3020 2806 sed
3044 2759 3101 2805 ut
3120 2768 3247 2808 vera
3267 2754 3440 2808 histoo

1856 2844 1934 2896 ria
1950 2843 2234 2896 habeatur.
2251 2841 2509 2899 Nascitur
2527 2845 2574 2898 ei
2589 2859 2804 2912 quoque
2827 2845 2968 2896 filius
2982 2860 3046 2898 ex
3069 2845 3169 2898 hac
3188 2845 3439 2914 conjuge,

158 2952 218 3005 δὲ
247 2948 405 3020 αὐτῷ
435 2947 530 3001 καὶ
560 2946 675 3006 υίὸς
711 2945 774 2997 ἐκ
812 2942 1038 3010 ταύτης,
1073 2939 1131 2992 ὃν
1173 2938 1458 2991 ἐκέλευσεν
1495 2934 1753 3030 ὶῐεζραὴλ

1861 2951 2014 3004 quem
2074 2934 2369 2990 Jezraelcm
2409 2937 2590 2989 vocari
2643 2937 2816 3004 jubet.
2863 2938 2939 2990 Ita
2987 2953 3115 2991 vero
3155 2938 3441 2992 dicebatur

158 3041 568 3113 ὀνομασθῆναι·
602 3037 745 3090 οῦτω
767 3035 822 3087 δέ
845 3035 908 3086 τὸ
937 3031 1134 3104 χωρίον
1166 3030 1382 3098 ἐλέγετο
1410 3031 1466 3081 ἐν
1489 3021 1532 3094 ᾧ
1559 3046 1616 3080 τε
1642 3028 1752 3080 Ναί

159 3135 363 3189 ϐουθαὶ
399 3132 497 3202 τὴν
536 3129 853 3200 παράνομον
894 3125 1280 3195 ὑπομεμένηκε
1317 3123 1555 3192 σφαγήν·
1587 3124 1660 3188 (p.
1701 3119 1753 3186 8)

161 3233 260 3282 καὶ
294 3228 407 3300 μὴν
435 3226 530 3280 καὶ
564 3221 800 3286 Ἰεζάϐελ
821 3219 1164 3287 κατεσφάγη,
1192 3217 1346 3278 δίκας
1371 3215 1471 3284 τῆς
1497 3213 1583 3265 ἐπ’
1608 3211 1756 3283 αὐτῷ

160 3322 393 3375 τίνουσα
446 3313 827 3387 παρανομίας·
881 3313 1053 3381 αὐτήν
1088 3328 1145 3362 τε
1194 3309 1285 3362 καὶ
1321 3307 1462 3360 ἅπαν
1497 3305 1558 3358 τὸ
1599 3305 1755 3373 γένος

161 3413 257 3466 τοῦ
341 3408 547 3479 Ἀχαάὸ
613 3405 735 3458 ἀντὶ
797 3403 897 3472 τῆς
954 3400 1297 3471 παρανομίας
1351 3397 1556 3464 ταύτης
1615 3395 1755 3448 κατὰ

162 3507 508 3575 πρόσταγμα
552 3500 691 3552 θεῖον
735 3495 1099 3554 ἀπολέσαντος
1144 3491 1237 3543 τοῦ
1289 3489 1447 3558 Ἰηοῦ.
1500 3508 1516 3538 ι
1546 3487 1756 3557 Μικρὸν

165 3595 299 3666 γὰρ,
333 3591 524 3661 φησὶν,
573 3588 664 3640 καὶ
711 3586 981 3654 ἐκδικήσω
1005 3582 1064 3634 τὸ
1092 3576 1253 3656 αἷμα
1269 3578 1363 3630 τοῦ
1398 3575 1640 3648 Ἰεζραὴλ
1665 3577 1757 3629 ἐπὶ

164 3688 256 3740 τὸν
303 3681 457 3738 οἷκον
509 3680 670 3748 Ἰηοῦ,
734 3678 828 3732 καὶ
886 3673 1226 3729 καταπαύσω
1271 3673 1547 3742 βασιλείαν
1603 3672 1755 3725 οἴκου

177 3778 421 3849 Ἰσραήλ·
465 3795 481 3826 ι
521 3773 635 3826 ἀνθ’
679 3764 753 3824 ὧν
801 3768 930 3839 γὰρ,
984 3768 1167 3835 φησὶν,
1219 3767 1299 3827 εἰς
1348 3765 1620 3834 βασιλείαν
1665 3763 1755 3815 ὑπ’

168 3872 305 3943 ἐμοῦ
357 3864 726 3940 προχειριθείς
758 3864 787 3914 ὁ
833 3859 1004 3932 Ἰηοῦ,
1042 3859 1188 3913 ἆπαν
1218 3858 1312 3910 τοῦ
1357 3858 1504 3910 οἴκου
1550 3856 1756 3926 ’Λχαὰΰ

169 3960 457 4016 ἀπώλεσεν
487 3955 548 4008 τὸ
580 3954 754 4023 γένος,
799 3951 939 4021 ὑπέρ
991 3967 1050 4002 τε
1077 3949 1180 4018 τῆς
1222 3948 1478 4010 ἀσεϐείας
1522 3947 1613 4000 καὶ
1657 3947 1757 4017 τῆς

171 4051 521 4126 παρανομίας
551 4047 616 4118 ἣν
648 4045 788 4098 κατὰ
821 4041 915 4095 τοῦ
950 4040 1229 4094 Ναϐουθαί
1263 4040 1355 4092 ἐπὶ
1393 4038 1484 4091 τοῦ
1519 4039 1760 4108 προρρη-

170 4149 352 4209 (ig-no;
397 4141 701 4210 τετόλμηκε
745 4136 944 4187 τόπου⁶
985 4128 1104 4184 εἶτα
1143 4132 1204 4182 οὐ
1240 4129 1628 4201 σωφρονισθείς
1665 4128 1758 4180 ἐπὶ

168 4240 404 4299 τούτοις,
447 4234 553 4287 οὔδ’
590 4231 680 4297 ἀφ’
710 4222 783 4280 ὧν
820 4226 1006 4294 ἴσχυσε
1048 4224 1169 4276 καθ’
1222 4223 1424 4293 ἐτέρων
1457 4237 1757 4291 παρανενο-

1864 3028 2084 3092 fundus,
2116 3029 2204 3081 ubi
2241 3027 2520 3082 Nabuthes
2547 3029 2728 3097 iniqua
2760 3045 2891 3080 nece
2919 3030 3110 3097 periit:
3145 3037 3196 3083 et
3219 3031 3438 3099 quidem

1861 3121 2023 3173 ctiam
2059 3119 2274 3174 Jezahcl
2311 3120 2509 3173 ibidem
2542 3137 2680 3173 caasa
2716 3121 2838 3180 fuit,
2877 3130 2934 3172 ut
2967 3121 3162 3188 patrati
3189 3123 3297 3174 illic
3321 3136 3442 3175 sce-

1860 3211 1991 3265 leris
2015 3226 2206 3280 pinnas
2233 3211 2512 3280 penderet,
2538 3213 2666 3280 quia
2693 3211 2946 3266 videlicet
2977 3215 3150 3281 ipsam
3175 3228 3298 3266 cum
3322 3215 3444 3267 uni-

1861 3319 2015 3356 versa
2054 3305 2109 3374 6
2146 3301 2389 3356 Achaabi
2427 3303 2631 3356 familia
2667 3314 2886 3373 propter
2922 3306 3064 3356 illam
3107 3305 3439 3376 impietatem

1860 3394 2048 3447 divino
2092 3395 2346 3447 mandato
2383 3392 2520 3447 Jehu
2564 3395 2670 3447 leto
2708 3395 2876 3448 dedit.
2923 3415 2939 3447 ι
2993 3396 3182 3462 Brevi,
3227 3397 3439 3466 inquit,

1862 3497 2050 3552 pmnas
2099 3483 2383 3552 sanguinis
2419 3483 2559 3552 apud
2604 3481 2901 3537 Jezraelem
2955 3484 3058 3538 fusi
3101 3500 3380 3554 reposcam
3411 3501 3441 3538 a

1858 3573 1995 3628 Jehu
2022 3575 2214 3636 domo,
2259 3574 2532 3644 linen'ique
2561 3575 2836 3643 imponam
2891 3591 3061 3645 regno
3106 3575 3367 3633 lsraelis:
3416 3598 3436 3630 ι

1859 3667 2010 3736 quia,
2038 3668 2133 3727 ait,
2165 3667 2302 3720 Jehu
2347 3667 2414 3720 ad
2454 3668 2604 3736 regni
2637 3668 2900 3722 honorem
2933 3685 2961 3721 a
2997 3686 3082 3723 me
3119 3682 3440 3740 provectus,

1861 3767 2114 3812 cunctam
2159 3758 2379 3828 quidem
2415 3758 2660 3811 Achaabi
2693 3761 2918 3829 stirpem
2951 3759 3181 3826 delevit,
3223 3771 3444 3833 propter

1861 3851 2042 3904 Scelus
2084 3859 2247 3919 atque
2297 3849 2660 3911 maleficium,
2713 3852 2856 3918 quod
2911 3853 3166 3921 prmdicto
3215 3853 3268 3906 in
3323 3856 3443 3907 loco

1861 3950 2050 3993 contra
2068 3939 2372 3995 Nabuthem
2397 3941 2572 3995 fuerat
2595 3950 2900 4011 patratum:
2923 3953 3300 3998 verumtamen:
3328 3945 3444 4014 ipse

1861 4049 1969 4086 non
1999 4033 2133 4088 satis
2165 4033 2293 4086 hinc
2323 4034 2668 4099 emendatus,
2698 4049 2766 4088 ne
2793 4035 2861 4088 ab
2887 4035 2957 4090 iis
2976 4037 3192 4105 quidem
3221 4053 3279 4091 se
3311 4053 3444 4090 con-

1863 4126 2024 4178 tinuit
2045 4125 2391 4187 criminibus,
2423 4141 2543 4194 qua:
2577 4125 2628 4178 in
2654 4127 2870 4180 caneris
2898 4128 3008 4182 reis
3036 4128 3438 4184 vindicaverat:

1860 4219 2154 4286 cunctique
2185 4218 2275 4284 qui
2304 4227 2492 4286 postea
2525 4218 2745 4271 fuerunt
2787 4218 3008 4273 lsraelis
3055 4235 3232 4288 reges.
3261 4236 3443 4276 mores

174 4333 430 4404 μηκότων
470 4323 772 4394 ἐφυλάξατο
813 4321 912 4390 τὴν
947 4315 1323 4388 παρανομίαν’
1357 4313 1595 4376 ἅπαντες
1623 4313 1678 4365 δέ
1707 4313 1755 4364 οἰ

1862 4309 2106 4362 Acha-abi
2143 4307 2340 4361 imitati
2393 4316 2542 4363 sunt.
2575 4310 2717 4378 Ergo
2747 4310 2918 4362 ociter
2950 4310 3268 4365 universum
3300 4310 3444 4365 lsra-

169 4423 371 4493 ἐφεξῆς
418 4419 511 4472 τοῦ
554 4413 771 4486 Ἰσραὴλ
819 4410 1242 4482 βασιλεύσαντες
1281 4405 1379 4477 τὴν
1412 4405 1505 4458 τοῦ
1554 4404 1758 4474 Ἀχαὰϐ

172 4519 516 4588 ἐμιμήσαντο
541 4508 794 4578 γνὼμην’
835 4505 951 4574 μετ’
992 4503 1051 4555 οὐ
1086 4501 1220 4553 πολὺ
1250 4499 1315 4569 δὴ
1351 4499 1529 4550 πᾶσαν
1565 4496 1759 4548 παύσω

171 4583 283 4661 τοῦ⁷
315 4583 532 4675 Ἰσραὴλ
561 4601 661 4671 τὴν
698 4595 973 4667 βασιλείαν
999 4611 1011 4624 ·
1072 4592 1195 4646 ἐπεὶ
1234 4591 1308 4661 μὴ
1353 4589 1408 4642 δὲ
1461 4585 1571 4641 οἷόν
1602 4605 1660 4640 τε
1692 4583 1758 4657 ἦν

173 4701 372 4752 οἰκεῖον
422 4695 566 4764 ἔχειν
624 4689 847 4760 βασιλέα
900 4687 1025 4747 τοὺς
1073 4683 1178 4736 ὑπὸ
1223 4683 1320 4752 τὴν
1379 4678 1759 4750 αἰχμαλωσίαν

173 4791 542 4861 τυγχάνοντας
569 4783 661 4836 τοῦ
691 4779 901 4834 λοιποῦ.
940 4798 957 4828 ι
995 4775 1278 4845 Συντρίψω
1305 4772 1362 4825 δὲ
1399 4773 1495 4824 καὶ
1521 4769 1581 4822 τὸ
1605 4767 1757 4833 τόξον

175 4860 541 4954 τοῦῦἸσραὴλ
583 4881 639 4930 ἐν
681 4877 748 4945 τῇ
793 4872 998 4926 κοιλάδι
1042 4869 1136 4921 τοῦ
1193 4865 1458 4937 Ἰεζραήλο
1498 4881 1516 4913 ›
1555 4865 1620 4915 ἐκ
1659 4860 1755 4913 τοῦ

181 4979 378 5049 μέρους
427 4976 605 5026 πᾶσαν
640 4968 818 5022 αὐτῶν
847 4965 1083 5026 καλέσας
1126 4959 1223 5022 τὴν
1250 4957 1432 5028 χώραν
1454 4972 1472 4989 ⁶
1507 4955 1593 5008 ἵνα
1626 4955 1752 5024 εἴπῃ

1861 4403 1958 4456 clis
1984 4416 2208 4469 regnum
2235 4401 2603 4470 exstinguam.
2629 4400 2760 4454 Nam
2796 4404 2908 4456 fieri
2946 4419 3050 4456 non
3084 4411 3298 4472 poterat
3325 4411 3381 4457 ut
3405 4404 3441 4457 ii

1863 4509 2041 4563 regem
2075 4493 2362 4554 haberent,
2401 4493 2493 4562 qui
2521 4493 2778 4561 deinceps
2813 4496 2864 4546 in
2917 4496 3232 4562 captivitate
3272 4497 3441 4550 vitam

1862 4593 2018 4638 erant
2039 4585 2234 4637 acturi.
2271 4603 2289 4635 ι
2327 4582 2618 4639 Conteram
2662 4601 2879 4654 quoque
2907 4603 3093 4640 arcum
3133 4589 3348 4642 lsraclis
3388 4591 3443 4644 in

1860 4678 2000 4730 valle
2039 4676 2326 4741 Jezraelis,
2351 4697 2375 4729 ι-
2407 4693 2435 4729 a
2462 4686 2615 4746 parte
2651 4677 2962 4732 universam
2999 4679 3238 4747 ipsorum
3268 4683 3444 4748 regio-

1867 4785 1991 4823 nem
2023 4771 2334 4839 appellans:
2371 4785 2565 4838 nempe
2597 4771 2692 4831 ait,
2727 4785 2784 4823 sc
2807 4779 3037 4825 cunctas
3064 4771 3277 4826 illorum
3300 4774 3444 4828 vires

1865 4861 2052 4914 irritas
2074 4861 2412 4914 redditurum
2435 4861 2486 4912 in
2515 4860 2689 4929 patrio
2716 4861 2854 4924 solo,
2875 4861 3126 4918 hostibus
3148 4878 3242 4918 eos
3265 4865 3444 4934 subji-

1865 4953 2121 5014 cientem,
2148 4969 2343 5023 nempe
2374 4954 2635 5023 Assyriis.

181 5048 468 5125 ἂιῐῐᾶσαν
509 5066 687 5121 αὐτῶν
726 5065 824 5133 τὴν
865 5061 1094 5130 δύναμιν
1147 5057 1430 5126 ἄπρακτον
1477 5050 1782 5122 ἐργάσομαι
1831 5048 1890 5101 ἐν
1938 5051 2051 5113 τοῖς
2096 5049 2315 5113 οἰκείοις
2359 5050 2546 5114 τόποις
2596 5051 2938 5124 ὑποχειρίους
2992 5055 3104 5116 τοῖς
3161 5055 3442 5126 πολεμίοις

178 5164 568 5237 ἐργασάμενος,
601 5160 749 5224 λέγει
778 5157 836 5209 δέ
863 5156 976 5216 τοῖς
1015 5149 1342 5220 Ἀσσυρίοις.

247 5277 399 5347 Στίχ.
445 5279 583 5339 ς’·ιέ.
620 5302 691 5312 ——
722 5265 856 5323 Εἶτα
887 5266 1038 5334 λέγει
1071 5264 1153 5317 ὃτι
1197 5262 1422 5329 γέγονεν
1462 5256 1614 5326 αὑτῷ
1666 5256 1760 5309 καὶ⁸

180 5369 420 5438 θυγάτηρ
436 5368 498 5418 ἐκ
520 5364 620 5434 τῆς
642 5361 815 5428 αὐτῆς
839 5357 1115 5429 γυναικὸς,
1135 5357 1201 5426 ἢν
1231 5374 1249 5404 ι
1273 5354 1386 5405 Ούκ
1403 5350 1714 5430 ὴλεημένην
1737 5367 1756 5399 ι

183 5451 262 5520 (β.
278 5458 332 5527 9)
350 5455 614 5526 κληθῆναι
630 5451 862 5510 κελεύει,
884 5445 1185 5515 ὑπόμνημά
1207 5460 1259 5495 τι
1283 5441 1660 5512 παρεχομένην
1676 5438 1765 5492 διὰ

177 5553 276 5621 τῆς
298 5551 502 5613 οἰκείας
530 5543 902 5617 προσηγορίας
924 5538 1018 5594 τοῦ
1051 5535 1276 5609 μηδενὸς
1302 5535 1450 5587 ἐλέου
1478 5531 1764 5596 τεύξεσθαι

181 5646 305 5705 τοὺς
348 5641 718 5714 Ἰσραηλίτας,
759 5639 852 5692 ἐπὶ
885 5633 1139 5688 παντελεῖ
1184 5631 1239 5682 δὲ
1276 5622 1752 5700 παραδοθήσεσθαι

190 5736 544 5807 αἰχμαλωσίᾳ,
579 5734 642 5788 οὐ
672 5735 739 5805 τῇ
776 5730 1002 5802 δυνάμει
1035 5727 1143 5781 τῶν
1172 5723 1446 5794 πολεμίων
1466 5759 1480 5786 ,
1511 5716 1625 5771 ἀλλ’
1652 5717 1752 5770 αύ-

1931 5252 2096 5308 Vsns.
2139 5252 2298 5308 6—10.
2329 5282 2400 5292 ——
2429 5250 2637 5307 Deinde
2671 5254 2747 5308 ait
2792 5257 3057 5325 propheta
3097 5265 3283 5310 natam
3339 5260 3442 5314 sibi

1858 5359 1922 5398 ex
1955 5345 2144 5398 eadem
2180 5343 2381 5398 femina
2418 5343 2606 5405 filiam,
2632 5361 2796 5412 quam
2831 5365 2849 5397 ι
2889 5350 3097 5415 absque
3129 5347 3444 5403 misericor-

1859 5432 1948 5487 dia
1979 5453 1996 5483 ι
2049 5433 2234 5486 vocari
2276 5431 2464 5500 jubet;
2491 5448 2612 5500 qua:
2644 5435 2778 5488 satis
2812 5433 3132 5490 admoneret
3160 5452 3254 5505 per
3282 5453 3439 5490 suam

1860 5523 2036 5592 ipsius
2061 5521 2479 5590 appellationem
2511 5520 2630 5576 fore
2671 5530 2730 5577 ut
2754 5524 2958 5577 nullam
3010 5526 3273 5582 Israelita:
3304 5543 3443 5582 con-

1861 5624 2221 5686 sequerentur
2263 5615 2728 5680 misericoriliam,
2786 5618 2879 5672 sed
2917 5621 3156 5687 generali
3213 5623 3442 5682 servitio

1864 5710 2229 5778 irretirentur,
2257 5708 2402 5763 haud
2433 5709 2685 5778 equidem
2721 5711 2962 5768 hostium
2989 5713 3218 5779 viribus,
3244 5729 3440 5772 verum
