3814 6224
425 215 522 276 131

1611 231 1960 292 τΗΕΟῡΟΒι
1993 234 2490 296 MOPSCESTENI.

3583 238 3694 297 132

429 339 606 410 ipsius
642 339 734 395 Dei
770 341 1058 399 manifeste
1096 347 1403 416 pugnantis.
1443 345 1558 406 Hoc
1596 353 1742 408 enim
1793 355 1968 420 signiﬁ

2074 409 2078 417 _
2104 355 2197 409 τοῦ
2227 373 2291 425 γε
2314 355 2497 418 αὐτοῖς
2523 352 2888 424 πολεμοῦντος
2913 355 3006 410 τοῦ
3031 355 3166 412 Θεοῦ
3195 359 3496 432 προδήλωςο
3525 364 3694 420 τοῦτο

428 439 557 484 cant
585 432 750 487 verba
789 450 808 485 ι
838 433 1136 490 adversatus
1167 437 1504 496 adversabor
1529 443 1658 499 illis.
1685 463 1705 496 ι
1744 446 1922 516 Atque
1945 455 2003 503 ut

427 520 624 589 magis,
651 521 848 592 inquit,
871 524 1265 593 demonstrem,
1296 532 1572 588 voluntate
1601 551 1719 589 mea
1743 534 1860 591 hate
1894 537 2001 594 illis

424 607 705 673 accidere,
755 611 953 666 addam
995 611 1151 670 Judae
1200 621 1561 686 mentionem,
1608 624 1767 694 cujus
1807 637 1999 680 contra

427 699 749 766 miserebor,
781 716 905 757 cum
940 704 994 786 in
1029 706 1171 762 idem
1203 710 1496 768 discrimen
1527 714 1597 770 ab
1629 716 1870 788 Assyriis
1902 734 2000 773 vo-

428 791 664 856 cabitur,
694 795 788 863 qui
811 791 1066 853 Israelem
1093 800 1300 857 faciunt
1320 806 1591 874 captivum
1615 827 1629 863 :
1661 812 1998 881 servaboque

428 882 581 937 illum
617 886 820 941 virtute
848 903 989 952 mea,
1020 904 1130 945 non
1160 907 1292 948 arcu
1313 897 1395 950 vel
1428 913 1560 953 ense
1590 909 1683 954 aut
1712 903 1870 967 bello,
1904 920 1998 960 ne-

424 990 535 1043 que
561 977 672 1033 ullo
702 993 929 1048 prorsus
958 981 1239 1039 hominum
1274 988 1478 1043 auxilio
1514 989 1733 1058 fretum,
1761 1000 1854 1050 sed
1879 1011 1996 1051 mea

424 1069 600 1124 solius
631 1069 683 1123 vi
731 1077 884 1125 tanto
925 1075 1168 1141 periculo
1213 1087 1480 1149 ereptum.
1530 1079 1586 1135 ld
1618 1085 1763 1154 quod
1809 1102 1994 1143 revera

423 1161 671 1230 contigit,
693 1164 883 1233 angelo
901 1175 1066 1220 noctu
1088 1177 1308 1224 centum
1331 1174 1607 1242 octoginta
1643 1177 1809 1230 millia
1831 1178 1998 1252 Assy-

427 1251 631 1304 riorum
665 1255 956 1309 acervatim
985 1259 1300 1327 occidente;
1345 1264 1397 1333 7
1431 1266 1503 1318 ita
1535 1275 1594 1320 ut
1619 1269 1812 1340 reliqui
1842 1288 1900 1327 se
1940 1276 1993 1328 in

423 1340 605 1410 fugam
640 1344 998 1413 conjecerint,
1040 1348 1232 1406 incola:
1272 1365 1451 1409 autem
1494 1357 1992 1434 Hierosolymorum

425 1431 649 1485 liberam
681 1435 908 1489 salutem
934 1442 1218 1494 consecuti
1252 1443 1385 1499 sint.
1412 1444 1628 1503 Paritur
1659 1467 1878 1508 rursum
1909 1456 1991 1508 al-

420 1525 506 1572 ter
543 1520 717 1584 ﬁlius,
767 1539 928 1592 quem
977 1522 1246 1582 dictorum
1284 1547 1449 1587 causa
1493 1539 1991 1598 conﬁrmandorum

417 1609 572 1678 jubet
601 1613 784 1665 vocari
823 1631 842 1664 (
869 1630 972 1668 non
1008 1621 1240 1686 populus
1276 1638 1458 1690 meus;
1483 1645 1500 1676 ι
1537 1642 1866 1702 causamque
1895 1650 1991 1688 uo-

2103 445 2212 516 γὰρ
2233 444 2380 516 δηλοῖ
2398 443 2510 512 τδ,ι
2542 445 3018 517 Ἀντιτασσύμενος
3046 449 3402 521 ἀντιτάξομαι
3430 453 3630 519 αὐτοῖς.
3663 476 3683 506 ι

2102 538 2198 600 Εἰς
2239 536 2461 608 μείζονα
2494 537 2552 590 δὲ
2593 537 2869 604 ἀπόδειξιν
2906 539 3002 594 τοῦ
3051 541 3267 615 γνώμῃ,
3309 546 3507 615 φησὶν,
3571 550 3685 620 ἐμῇ

2099 626 2274 679 ταῦτα
2301 627 2543 694 γίνεσθαι
2571 628 2703 700 περὶ
2735 630 2954 696 αὐτοὺς,
2985 631 3296 702 παρέξομαι
3323 635 3392 688 τὰ
3418 637 3559 690 κατὰ
3589 638 3687 691 τὸν

2112 715 2348 782 Ἰούδαν,
2401 717 2496 781 οὒς
2528 716 2736 788 ὲλεήσω
2781 735 2842 772 τε
2896 720 3002 773 ὑπὸ
3053 721 3162 774 τῶν
3219 724 3521 795 ’Δσσυρίων
3568 727 3690 779 των

2099 807 2342 870 ἐκείνους
2378 808 2945 878 αἰχμαλωτευσάντων
2978 811 3046 863 τὰ
3076 811 3237 881 ὅμοια
3273 814 3686 879 κινδυνεύοντας

2100 900 2292 955 παθεῖν
2311 915 2325 930 ο
2357 901 2452 954 καὶ
2491 900 2785 973 περισὼσω
2813 904 2880 974 τῇ
2919 902 3146 972 δυνάμει
3169 907 3236 975 τῇ
3285 908 3415 978 ἐμῇ.
3447 908 3509 962 οὐ
3537 907 3686 978 τόξῳ

2099 994 2196 1048 καὶ
2220 994 2368 1063 ξίφει
2394 994 2489 1047 καὶ
2515 994 2761 1064 πολέμῳ,
2783 994 2900 1048 ἀλλ’
2925 995 3046 1048 οὐδέ
3066 1013 3176 1049 τινι
3203 998 3519 1073 ἀνθρωπίνῃ
3547 1019 3686 1070 συμ-

2100 1089 2270 1159 μαχίᾳ
2313 1086 2711 1157 βοηθουμένους
2759 1086 3050 1154 καθάπαξ,
3089 1088 3223 1160 μόνῃ
3255 1091 3311 1144 δὲ
3337 1095 3405 1162 τῇ
3444 1095 3550 1164 ἐμῇ
3580 1094 3681 1146 δυ-

2096 1180 2255 1250 νάμει
2282 1179 2374 1233 τὸν
2407 1178 2658 1233 τοσοῦτον
2681 1179 2924 1234 κίνδυνον
2961 1180 3356 1252 διαφεύγοντας
3379 1201 3395 1216 ⁸
3429 1187 3568 1258 ὅπερ
3608 1187 3680 1257 δὴ

2095 1273 2190 1326 καὶ
2221 1272 2464 1340 γέγονεν,
2498 1271 2734 1339 ἀγγέλου
2768 1270 2857 1325 διὰ
2892 1272 2994 1342 τῆς
3021 1273 3217 1337 νυκτὸς
3250 1275 3444 1346 ἀθρόον
3476 1279 3680 1331 ἑκατὸν

2093 1364 2418 1434 ὀγδοήκοντα
2442 1363 2604 1416 πέντε
2634 1363 2878 1433 χιλιάδας
2900 1363 3009 1417 τῶν
3048 1365 3346 1437 Ἀσσυρίων
3369 1368 3674 1423 ἀνελόντος·

2093 1453 2166 1518 ὡς
2193 1454 2466 1525 τραπῆναι
2498 1453 2596 1524 μὲν
2624 1455 2760 1525 πρὸς
2786 1453 2962 1526 φυγὴν
2991 1455 3119 1520 τοὺς
3144 1457 3383 1521 λοιποὺς,
3413 1460 3680 1532 άναντίῤ-

2097 1547 2257 1616 ρητον
2287 1543 2344 1596 δὲ
2370 1543 2496 1606 τοὺς
2528 1544 2620 1596 ἐπὶ
2659 1548 2724 1615 τῇ
2770 1545 3126 1616 Ἰερουσαλὴμ
3157 1547 3410 1613 δέξασθαι
3435 1551 3533 1620 τὴν
3561 1569 3675 1604 σω-

2095 1634 2308 1705 τηρίαν.
2337 1633 2593 1686 Τίκτεται
2619 1633 2676 1686 δὲ
2703 1634 2863 1688 πάλιν
2891 1637 2984 1689 καὶ
3011 1636 3196 1706 ἕτερος
3214 1638 3347 1700 υίὸς.
3380 1639 3438 1692 ὃν
3463 1643 3542 1702 εἰς
3570 1643 3676 1711 τὴν

421 1701 585 1756 minis
610 1699 1044 1775 addituQuippe
1077 1726 1170 1764 vos
1220 1712 1361 1767 baud
1404 1715 1515 1782 jam
1564 1699 1793 1789 populus
1837 1741 1968 1779 uteu:

2090 1725 2195 1778 τῶν
2211 1725 2514 1797 εἰρημένων
2530 1725 2834 1796 βεϐαίωσιν,
2859 1747 2875 1779 ι
2887 1729 2948 1781 οὐ
2961 1728 3088 1782 λαὸν
3109 1747 3126 1779 ι
3145 1729 3357 1782 κελεύει
3374 1731 3670 1802 κληθῆναιο

419 1793 596 1855 eritis,
625 1807 801 1862 neque
827 1809 925 1863 ego
954 1809 1132 1852 vester
1159 1816 1252 1853 ero
1280 1801 1496 1873 (Deus):
1518 1818 1644 1860 nvos
1659 1811 1804 1866 enim
1835 1828 1864 1867 a
1893 1829 1991 1867 cu-

421 1897 478 1933 ra
514 1897 629 1935 mea
662 1882 918 1954 deinceps
948 1890 1107 1942 alieni
1146 1893 1336 1960 eritis,
1381 1911 1520 1966 quos
1569 1915 1668 1968 ego
1729 1911 1987 1974 tanquam

415 1981 706 2027 extraneos
768 1975 1206 2044 impendentibus
1277 1985 1486 2040 tradam
1539 1989 1984 2053 adversitatibus.

420 2058 622 2114 Deinde
655 2061 918 2133 adjungit,
963 2084 979 2114 ι
1008 2083 1290 2122 numerum
1321 2071 1552 2128 ﬁliorum
1573 2076 1786 2133 lsraelis
1818 2081 1987 2135 fuisse

416 2153 579 2206 veluti
638 2153 1133 2213 itnmensurabilem
1183 2165 1351 2219 maris
1407 2181 1627 2224 arenam
1653 2181 1706 2224 et
1739 2173 1987 2230 innume-

415 2241 659 2295 rabilem.
683 2263 700 2295 ι
739 2243 910 2315 Majus
933 2250 1132 2318 quippe
1154 2252 1474 2309 miraculum
1497 2267 1634 2325 crat,
1659 2270 1711 2314 et
1729 2264 1988 2320 manifes-

413 2340 525 2384 tum
553 2333 751 2388 divina:
779 2336 872 2391 ira:
901 2349 1278 2409 argumentum
1306 2345 1590 2412 exhibens,
1631 2352 1675 2404 si
1711 2355 1847 2406 tanti
1881 2371 1984 2408 nu-

412 2423 544 2475 meri
579 2426 835 2491 populum
880 2427 935 2479 in
982 2430 1354 2497 captivitatem
1403 2437 1689 2493 confertim
1737 2442 1984 2508 dederet,

411 2511 625 2567 nemine
680 2513 734 2566 in
771 2523 917 2568 tanta
966 2519 1314 2578 multitudine
1384 2525 1452 2579 ad
1500 2527 1776 2584 ferendam
1823 2548 1980 2605 opem

408 2600 627 2659 idoneo.

479 2777 717 2846 Deinde,
751 2783 830 2837 uti
871 2800 992 2841 mos
1017 2794 1104 2842 est
1138 2789 1452 2860 prophetis,
1480 2801 1534 2849 et
1562 2797 1781 2865 quidem
1812 2803 1972 2856 etiam
2004 2795 2045 2852 C
2151 2807 2262 2864 Εἶθ’
2307 2815 2442 2884 ὅπερ

406 2869 569 2924 beato
621 2870 811 2927 Davidi
847 2909 865 2930 .
920 2890 1045 2929 cum
1100 2879 1348 2937 molestis
1409 2881 1590 2938 dulcia
1646 2890 1973 2956 nuntiandi,

402 2962 931 3034 conversionemque
973 2967 1040 3020 ad
1087 2969 1320 3034 laetiora,
1353 2983 1576 3044 propter
1619 2982 1778 3036 malis
1821 2983 1974 3039 labo-

406 3054 643 3106 t-antium
672 3055 947 3112 solamen:
987 3075 1006 3108 ι
1037 3057 1098 3112 Et
1124 3060 1254 3126 erit,
1347 3063 1548 3136 inquit,
1640 3070 1695 3124 in
1730 3073 1852 3127 loco
1883 3077 1971 3130 ubi

402 3144 610 3196 dictum
645 3144 754 3200 illis
797 3145 1008 3212 fuerat,
1043 3149 1146 3206 Vos
1173 3166 1283 3206 non
1316 3158 1550 3224 p0pulus
1587 3177 1773 3227 meus,
1809 3165 1970 3220 iidem

402 3239 746 3292 vocabuntur
791 3238 884 3294 ﬁlii
927 3240 1020 3294 Dei
1061 3244 1318 3302 viventis.
1379 3267 1397 3299 ι
1445 3250 1538 3306 Sic
1579 3255 1742 3308 etiam
1779 3257 1971 3313 beatus

404 3325 569 3380 David
608 3329 674 3382 de
707 3329 1019 3401 Assyriacis
1068 3336 1230 3391 rebus
1264 3340 1516 3404 locutus,
1560 3345 1627 3398 ad
1665 3355 1968 3402 extrenmn

395 3417 570 3473 addit:
609 3437 628 3470 ι
661 3420 796 3486 Quis
828 3423 979 3478 dabit
1021 3441 1087 3480 ex
1135 3429 1267 3484 Sion
1325 3437 1566 3488 salutare
1596 3435 1799 3492 lsrael?
1830 3440 1964 3494 Cum

396 3510 660 3563 averterit
687 3509 950 3568 Dominus
974 3518 1348 3586 captivitatem
1371 3526 1554 3594 papuli
1583 3528 1690 3594 sui,
1721 3533 1967 3585 exsulta—

393 3601 474 3654 bit
524 3599 732 3668 Jacob,
778 3612 834 3659 et
880 3607 1152 3663 laetabitur
1181 3611 1426 3668 lsrael":
1477 3635 1497 3668 ι
1538 3615 1745 3676 docens
1777 3622 1967 3679 adfore

393 3699 643 3762 tempus,
705 3710 817 3764 quo
863 3699 1232 3766 captivitatem
1273 3720 1463 3760 eorum
1507 3707 1648 3766 Deus
1690 3714 1962 3783 expediat.

393 3781 550 3839 Nunc
588 3785 730 3840 idem
764 3787 998 3855 dicitur,
1037 3793 1278 3849 futurum
1320 3799 1528 3854 scilicet
1561 3809 1621 3856 ut
1659 3781 1962 3862 ubi-Israe-

390 3869 502 3927 lita:
532 3878 712 3929 vocati
748 3877 966 3933 fuerant
991 3882 1134 3937 «Non
1167 3890 1419 3957 populus,
1443 3911 1461 3944 ι
1483 3892 1537 3946 id
1563 3902 1692 3949 esta
1723 3895 1813 3951 Dei
1838 3914 1963 3968 pro-

387 3963 627 4019 videntia
701 3969 948 4038 abjecti;
1012 3973 1212 4030 ibidem
1275 3984 1619 4050 appellentur
1689 3988 1785 4044 ﬁlii
1838 3963 1958 4047 —Dei

386 4055 646 4120 viventis,
715 4059 766 4112 id
818 4071 901 4116 est
961 4063 1081 4132 ejus
1141 4070 1440 4126 amicitiam
1495 4089 1840 4147 recupercnt.
1889 4083 1955 4137 Et

387 4146 650 4215 praeclare
684 4149 886 4203 dicitur
919 4171 936 4203 ι
977 4155 1028 4206 in
1065 4156 1181 4210 loco
1219 4160 1324 4214 isto
1363 4182 1381 4215 ο
1422 4180 1486 4218 ex
1521 4146 1634 4236 quo
1663 4181 1950 4242 postquam

383 4238 507 4292 illos
556 4237 699 4294 Deus
744 4245 1113 4312 transtulerat,
1160 4248 1214 4302 in
1277 4257 1529 4310 eumdem
1587 4277 1779 4318 rursus
1835 4275 1954 4318 erat

382 4327 730 4384 reducturus.
781 4330 1013 4402 Suhjicit
1060 4339 1227 4407 igitur
1276 4343 1344 4397 ad
1390 4347 1652 4416 majorem
1699 4355 1782 4407 sui
1817 4356 1946 4409 dicti

383 4418 846 4488 declarationem,
885 4424 1050 4481 Vens.
1091 4431 1149 4483 ll
1208 4462 1278 4471 —
1320 4453 1338 4486 ι
1378 4435 1441 4490 Ει
1467 4443 1949 4512 congregabuntur

375 4509 432 4562 in
469 4526 636 4564 unum
683 4513 780 4567 lilii
809 4512 966 4570 Judaa
1006 4526 1170 4590 atque
1210 4521 1450 4594 lsraelis,
1499 4509 1808 4605 facicntque
1839 4538 1943 4594 sibi

375 4601 738 4673 principatum
785 4623 989 4673 unum,
1043 4619 1097 4664 et
1159 4617 1456 4672 ascenderit
1512 4621 1578 4676 de
1638 4628 1880 4695 regione.
1920 4648 1939 4682 ι

369 4690 578 4764 Nempe
608 4696 682 4750 ait
715 4697 852 4762 fore,
892 4708 948 4754 ut
988 4702 1218 4774 depulso
1250 4723 1278 4762 a
1319 4707 1473 4766 Iuda:
1521 4716 1665 4770 tribu
1705 4690 1939 4791 liabylo-

366 4782 477 4837 nici
503 4787 710 4840 servitii
738 4787 892 4859 jugu,
923 4790 982 4861 8
1017 4809 1122 4848 una
1173 4801 1416 4856 omnium
1462 4804 1684 4864 libertas
1715 4811 1806 4876 sit,
1857 4821 1939 4866 at-

362 4888 473 4944 que
513 4889 707 4931 omnes
739 4880 842 4933 sub
873 4895 985 4935 uno
1024 4885 1135 4940 sint
1169 4889 1511 4961 principatu,
1555 4897 1697 4953 haud
1725 4901 1837 4970 jam
1877 4913 1938 4958 ut

364 4974 525 5020 antea
559 4967 863 5032 divisi,setl
898 4974 1064 5031 unius
1095 4979 1306 5049 imperii
1339 4983 1533 5041 ditioni
1564 4971 1813 5060 obnoxii,
1844 4999 1930 5050 cui

364 5054 723 5121 praesitJudte
749 5061 930 5118 tribus
954 5082 969 5126 ;.
994 5076 1047 5119 et
1083 5069 1177 5136 qui
1223 5072 1290 5126 de
1335 5075 1438 5129 hoc
1467 5093 1665 5146 genere
1703 5054 1853 5151 sunt,
1878 5088 1932 5142 in

362 5148 511 5215 regia
541 5147 811 5218 dignitate
845 5156 1270 5220 constituantur.
1303 5164 1506 5225 Deinde
1536 5174 1707 5232 addit.
1747 5197 1764 5229 ι
1792 5147 1930 5244 Quia

359 5253 556 5308 magna
601 5241 720 5299 dies
757 5243 1042 5304 Jezraelis.
1086 5270 1104 5301 ι
1136 5253 1269 5308 Nam
1313 5273 1436 5314 cum
1469 5265 1607 5319 dixit
1639 5241 1833 5337 poenas
1861 5276 1929 5330 ab

356 5328 438 5382 eis
469 5331 652 5386 datum
681 5334 771 5400 iri,
804 5335 906 5390 hoc
935 5337 1220 5411 intellexit,
1256 5348 1372 5404 fore
1394 5328 1653 5412 nimii-uni
1687 5373 1744 5414 ut
1776 5374 1929 5432 post-

356 5435 516 5490 quam
553 5439 777 5482 suorum
809 5429 1075 5488 scelerum
1115 5451 1280 5494 causa
1323 5445 1464 5500 male
1509 5429 1922 5513 mutuati—fue-

363 5512 492 5580 rint,
544 5525 655 5568 tum
697 5517 918 5586 demum
961 5529 1220 5587 terribilis
1265 5534 1432 5590 veluti
1481 5547 1646 5610 atquc
1688 5512 1919 5607 illustris

459 5669 480 5703 ³
508 5667 777 5740 Ρῧᾶἷάιιιι,
817 5676 862 5732 7.

2088 1817 2180 1869 καὶ
2208 1817 2307 1886 τὴν
2343 1817 2522 1870 αἰτίαν
2555 1817 2734 1886 λέγει’
2771 1838 2789 1870 ι
2820 1820 2940 1873 Ὅτι
2974 1820 3131 1890 ὑμεῖς
3163 1820 3224 1872 οὐ
3255 1820 3382 1884 λαός
3411 1841 3535 1893 μου,
3572 1823 3674 1877 καὶ

2086 1903 2195 1974 ἐγὼ
2220 1907 2321 1962 οὐκ
2350 1909 2465 1979 εἰμὶ
2503 1909 2677 1979 ὑμῶν·
2717 1929 2734 1960 ι
2761 1911 2917 1979 ὑμεῖς
2955 1928 3016 1964 τε
3047 1913 3156 1982 γὰρ
3193 1912 3674 1985 άπαλλοτροιωθή-

2087 1996 2244 2049 σεσθε
2276 1998 2374 2068 τῆς
2407 1999 2544 2069 ἐμῆς
2580 1999 2910 2070 κηδεμονίας
2951 2000 3157 2066 λοιπὸν,
3204 2003 3358 2072 κάγὼ
3395 1995 3450 2057 δὲ
3485 2005 3560 2068 ὡς
3597 2005 3674 2058 ἂν

2085 2087 2399 2160 ἀλλοτρίους
2444 2091 2602 2154 ὄντας
2637 2094 2750 2155 τοῖς
2781 2093 3150 2163 ἐπικειμένοις
3183 2094 3406 2148 ἐκδώσω
3438 2101 3632 2160 κακοῖς
3651 2116 3668 2129 ο

2083 2174 2200 2232 εἶτα
2245 2180 2462 2249 ἐπάγει·
2504 2201 2521 2233 t
2550 2182 2673 2236 Ὅτι
2715 2181 2780 2252 ἦν
2817 2183 3049 2253 ἀριθμὸς
3096 2183 3202 2237 τῶν
3257 2185 3390 2237 υἱῶν
3447 2187 3675 2258 Ἰσραὴλ

2083 2269 2214 2323 ὡσεὶ
2253 2271 2437 2342 ἄμμος
2481 2274 2578 2339 τῆς
2615 2273 2914 2345 θαλάσσης,
2968 2277 3063 2328 καὶ
3107 2277 3207 2328 οὐκ
3255 2277 3672 2348 ὲκμετρηθήσε-

2081 2377 2193 2425 ται,
2243 2362 2318 2431 (p.
2361 2363 2447 2434 10)
2529 2364 2655 2419 οὐδὲ
2687 2364 3206 2437 ἐξαριθμηθήσεται·
3260 2387 3279 2419 ι
3323 2371 3507 2439 μεῖζον
3552 2377 3668 2443 γάρ

2081 2447 2148 2522 ἦν
2179 2451 2238 2505 τὸ
2277 2453 2460 2524 θαῦμα
2492 2463 2584 2507 και
2623 2456 2768 2526 σαφῆ
2801 2457 2899 2528 τῆς
2931 2457 3082 2521 θείας
3112 2460 3281 2530 ὀργῆς
3309 2461 3400 2514 τὸν
3440 2461 3666 2531 ἔλεγχον

2091 2543 2485 2614 παρεχόμενον,
2517 2547 2565 2597 εί
2597 2546 2883 2611 τοσούτους
2904 2547 3062 2612 ὄντας
3092 2549 3286 2620 ἁθρόον
3314 2553 3668 2625 αἰχμαλωσίᾳ

2087 2630 2406 2699 παρεδίδου,
2455 2634 2620 2704 μηδὲν
2669 2635 2728 2700 ἐξ
2761 2636 2939 2691 αὐτῶν
2984 2641 3254 2694 τοσούτων
3304 2643 3471 2697 ὄντων
3509 2644 3664 2714 ὡφε-

2084 2721 2289 2776 λεῖσθαι
2316 2724 2460 2788 οἴους
2488 2743 2546 2778 τε
2575 2727 2753 2791 ὄντας.

2488 2815 2608 2881 ἔθος
2640 2822 2753 2884 τοῖς
2791 2823 3134 2892 προφήταις,
3181 2825 3275 2878 καὶ
3320 2827 3418 2896 μὲν
3451 2828 3546 2881 καὶ¹
3580 2829 3663 2900 τῷ

2079 2905 2334 2977 μακαρίῳ
2356 2907 2518 2961 Δαυῒδ
2546 2909 2605 2962 τὺ
2633 2912 2690 2962 ἐν
2719 2912 2870 2984 μέσῳ
2891 2915 3000 2968 τῶν
3029 2916 3285 2987 λυπηρῶν
3315 2920 3496 2972 καὶτὰ
3522 2922 3664 2990 ἡδέα

2077 2995 2327 3066 μηνύειν,
2355 3000 2453 3070 τήν
2479 3017 2536 3053 τε
2568 3003 2659 3055 ἐπὶ
2684 3003 2745 3056 τὸ
2767 3008 3008 3076 κρεῖττον
3042 3009 3343 3082 μεταϐολὴν
3365 3013 3458 3064 ἐπὶ
3474 3014 3660 3085 ψυχα-

2072 3089 2250 3162 γωγίᾳ
2289 3091 2398 3145 τῶν
2445 3095 2502 3146 ἐν
2537 3098 2648 3159 τοῖς
2679 3099 2886 3170 χείροσι
2923 3105 3240 3174 γινομένων,
3283 3125 3302 3158 ι
3330 3107 3440 3160 Καὶ
3474 3107 3657 3173 ἔσται,

2073 3180 2258 3251 φησὶν,
2289 3182 2350 3236 ἐν
2375 3184 2454 3254 τῷ
2479 3185 2632 3257 τόπῳ
2661 3183 2721 3243 οὗ
2763 3191 2970 3263 ἐρρήθη
3021 3196 3220 3260 αὐτοῖς,
3265 3198 3338 3251 Ού
3381 3199 3508 3264 λαός
3546 3219 3660 3267 μου

2071 3270 2246 3339 ὑμεῖς,
2279 3272 2430 3328 αὐτοὶ
2463 3277 2828 3354 κληθήσονται
2874 3284 2979 3337 υἱοὶ
3021 3286 3155 3340 Θεοῦ
3185 3289 3402 3354 ζῶντος.
3435 3310 3456 3343 ι
3492 3293 3660 3347 Οὕτω

2070 3363 2162 3415 καὶ
2198 3363 2226 3413 ὁ
2257 3365 2524 3434 μακάριος
2561 3371 2726 3425 Δαυῒδ
2756 3372 2822 3427 τά
2858 3376 2998 3428 κατὰ
3029 3379 3156 3440 τοὺς
3213 3381 3533 3448 Ἀσσυρίους
3575 3388 3658 3437 εί-

2068 3455 2203 3518 πὼν,
2234 3460 2484 3530 ὲπάγει’‹
2513 3463 2609 3526 Τίς
2645 3464 2805 3518 δώσει
2835 3469 2900 3521 ἐκ
2941 3469 3092 3524 «Σιὼν
3133 3473 3194 3526 τὸ
3239 3476 3510 3546 σωτήριον
3549 3480 3653 3533 τοῦ

2081 3545 2333 3621 Ἰσραήλ;
2387 3553 2476 3605 Ἐν
2518 3554 2595 3624 τῷ
2640 3557 2964 3630 ἐπιστρέψαι
3036 3562 3240 3634 Κύριον
3283 3545 3383 3637 τὴν
3438 3570 3654 3640 αίχμα-

2065 3634 2265 3693 λωσίαν
2301 3641 2392 3695 τοῦ
2427 3643 2555 3698 λαοῦ
2602 3648 2788 3713 αὐτοῦ,
2837 3651 3225 3720 ἀγαλλιάοιεται
3279 3658 3493 3722 Ἰακὼϐ,
3546 3664 3651 3717 καὶ

2063 3731 2498 3804 εὐφρανθήσεται
2560 3737 2778 3810 Ἰσραήλ
2847 3759 2865 3791 ι
2917 3742 3129 3808 δεικνὺς
3177 3748 3260 3799 ὅτι
3315 3751 3465 3804 ἔσται
3518 3769 3652 3806 acc-t-

2063 3821 2174 3891 ρὸς,
2204 3824 2438 3894 ὁπηνίκα
2476 3827 2572 3898 τὴν
2605 3830 2983 3905 αἰχμαλωσίαν
3017 3834 3167 3889 λύσει
3202 3838 3419 3904 πάντως
3451 3843 3648 3909 αὐτοῖς

2059 3914 2086 3965 ὁ
2113 3913 2274 3976 Θεὸς·
2314 3917 2376 3969 τὸ
2407 3918 2516 3990 γὰρ
2549 3920 2679 3972 αὐτὸ
2707 3921 2770 3992 δὴ
2800 3925 3080 3980 κάνταῦθά
3121 3946 3307 3999 φησιν,
3337 3934 3418 3986 ὅτι
3466 3935 3644 3991 Ἔνθα

2057 4001 2120 4072 δὴ
2151 4003 2460 4075 ἐκλήθησαν
2493 4011 2575 4062 Οὐ
2605 4011 2775 4077 λαὸς,
2808 4015 2954 4067 τοῦτ’
2981 4017 3094 4070 ἔστι
3122 4021 3506 4095 ἀπερρίφησαν
3536 4029 3644 4098 τῆς

2060 4093 2316 4161 προνοίας
2368 4097 2468 4167 τῆς
2515 4099 2675 4169 ἐμῆς,
2717 4102 2949 4156 ἐνταῦθα
2999 4105 3061 4177 δὴ
3112 4108 3474 4182 κληθήσονται
3524 4118 3644 4172 υἱοὶ

2058 4181 2192 4235 Θεοῦ
2221 4185 2451 4251 ζῶντος·
2484 4188 2571 4242 ἵνα
2605 4193 2752 4264 εἴπῃ,
2782 4193 3073 4260 Τεύξονται
3113 4200 3272 4254 πάλιν
3300 4204 3399 4273 τῆς
3424 4207 3643 4260 οἰκειώο

2056 4290 2192 4334 σεως
2231 4276 2331 4346 τῆς
2374 4277 2545 4348 ἐμῆς·
2584 4281 2764 4345 καλῶς
2793 4285 2962 4339 εἰπὼν
3004 4290 3065 4340 τὸ
3103 4290 3172 4344 ἐν
3199 4291 3278 4358 τῷ
3321 4296 3499 4363 τόπῳ,
3533 4299 3638 4370 ἀφ’

2051 4359 2220 4438 οὗπερ
2255 4370 2449 4432 αὐτοὺς
2477 4371 2689 4438 ἀφελὼν
2715 4376 2791 4439 εἰς
2819 4377 2912 4432 τὸν
2945 4380 3106 4435 αὑτὸν
3132 4383 3426 4452 ἐπανάγειν
3455 4388 3636 4460 ἠμελ-

2049 4459 2137 4510 λεν
2171 4457 2363 4511 πάλινο
2409 4463 2604 4531 ἐπάγει
2634 4466 2763 4534 γοῦν
2802 4469 2882 4532 εἰς
2929 4471 3152 4540 μείζονα
3197 4475 3291 4526 τοῦ
3329 4476 3633 4547 λεγομένου

2051 4550 2376 4620 σαφήνειαν
2434 4553 2582 4624 Στίχ.
2648 4555 2716 4607 ια’
2789 4586 2858 4596 —
2903 4577 2921 4610 ι
2965 4563 3074 4614 Καὶ
3114 4566 3541 4637 συναχθήσονται
3578 4576 3631 4628 οξ

2047 4641 2153 4692 υίοὶ
2198 4641 2365 4694 Ἰούδα
2393 4645 2485 4696 καὶ
2513 4647 2562 4697 οἱ
2593 4647 2702 4700 υἱοὶ
2744 4648 2960 4721 Ἰσραὴλ
2989 4654 3083 4706 ἐπὶ
3119 4655 3180 4708 τὸ
3234 4659 3387 4720 αὐτὸ,
3421 4664 3496 4732 (p.
3530 4665 3631 4738 Η)

2045 4729 2140 4781 καὶ
2180 4730 2436 4802 θήσονται
2476 4737 2689 4800 ἑαυτοῖς
2739 4740 2912 4811 ἀρχὴν
2969 4744 3118 4812 μίαν,
3175 4749 3265 4802 καὶ
3317 4729 3629 4824 άναδήσονί

2042 4835 2130 4872 ται
2162 4822 2226 4872 ἐκ
2261 4822 2360 4893 τῆς
2393 4825 2514 4893 γῆς.
2550 4841 2568 4873 ι
2612 4825 2771 4894 Λέγει
2805 4828 2862 4880 δὲ
2903 4829 2984 4882 ὅτι
3026 4833 3162 4900 μετὰ
3187 4836 3283 4905 τὴν
3322 4839 3402 4901 εἰς
3441 4840 3629 4894 Βαϐυ-

2041 4909 2186 4965 λῶνα
2223 4915 2600 4982 αἰχμαλωσίαν
2629 4917 2738 4969 τῶν
2783 4919 2880 4989 τῆς
2932 4921 3105 4976 Ἰούδα
3149 4926 3340 4998 φυλῆς,
3390 4931 3486 5002 μία
3533 4951 3628 5000 τις

2039 5000 2292 5052 ἁπάντων
2312 5003 2602 5072 γενήσεται
2629 5006 2909 5079 ἐλευθερία
2928 5028 2940 5041 ·
2972 5013 3055 5066 ὅτι
3083 5015 3147 5084 δὴ
3170 5017 3274 5070 ὑπὸ
3307 5000 3436 5089 μίαν
3465 5021 3627 5078 ἔσσυο

2037 5110 2124 5146 ται
2154 5095 2250 5162 τὴν
2279 5095 2454 5166 ἀρχὴν
2474 5137 2488 5160 ,
2520 5099 2704 5152 οὐκέτι
2735 5101 3085 5174 διῃρημένοι,
3117 5109 3368 5183 καθάπερ
3415 5115 3588 5186 πρό-,τε
3607 5149 3628 5158 -

2036 5203 2150 5254 ρον,
2182 5184 2286 5238 ὑπὸ
2319 5186 2446 5256 μίαν
2482 5189 2540 5242 δὲ
2565 5188 2716 5254 ὄντες
2743 5192 2840 5264 τὴν
2874 5195 3081 5268 ἀρχήν
3121 5200 3231 5254 τῶν
3261 5184 3478 5258 πάντων
3513 5210 3624 5276 μὲν

2035 5276 2281 5346 ἡγεῖσθαι
2310 5277 2409 5347 τὴν
2453 5279 2622 5333 Ἰούδα
2657 5283 2850 5355 φυλὴν,
2879 5287 2937 5340 ἐν
2968 5287 3213 5360 βασιλείᾳ
3253 5294 3310 5347 δὲ
3339 5298 3434 5350 καὶ
3462 5299 3614 5372 ἀρχῇ

2034 5369 2362 5423 καθεστάναι
2388 5372 2515 5434 τοὺς
2557 5372 2614 5438 ἐξ
2643 5374 2860 5448 ἐκείνης
2887 5383 3250 5451 τυγχάνοντας
3284 5388 3382 5458 τῆς
3410 5369 3613 5461 φυλῆξξ

2033 5459 2150 5514 εἶτα
2197 5461 2423 5530 ἐπάγει,
2458 5481 2476 5512 ι
2515 5463 2637 5515 Ὅτι
2675 5467 2884 5539 μεγάλη
2919 5469 3103 5542 ἡμέρα
3138 5475 3230 5527 τοῦ
3271 5459 3551 5551 Ἰεζραήλί
3589 5504 3607 5534 ι

2043 5554 2258 5626 Ἐπειδὴ
2298 5553 2404 5624 γὰρ
2436 5548 2586 5607 εἶπεν
2615 5556 2695 5610 ὅτι
2741 5558 2878 5632 ὑπὲρ
2921 5562 3110 5616 τούτου
3149 5566 3381 5624 δώσουσι
3426 5572 3606 5636 δίκας,
