3824 6224
261 224 372 282 153
1305 223 1855 281 COMMENTARIUS
1895 223 1960 278 IN
1994 222 2193 279 OSEE
2232 221 2386 277 CAP.
2417 220 2483 280 II.
3426 223 3533 280 154

261 346 423 401 τοῦτο
459 343 707 416 βούλεται
736 347 935 411 εἰπεῖν,
970 347 1054 401 ὅτι
1086 346 1292 401 τούτων
1319 348 1385 419 δὴ
1424 348 1535 402 τῶν
1562 349 1703 421 ὑπὲρ
1749 350 1834 419 τῆς

1950 342 2148 400 evadat
2197 341 2317 399 dies
2375 341 2493 408 illa,
2523 354 2631 411 qua
2691 348 2894 411 praeter
2947 357 3185 399 omnem.
3230 329 3526 399 humanam

260 438 502 510 πρόσθεν
531 439 712 492 αὐτῶν
744 440 1005 503 ἀσεϐείας
1031 440 1376 494 πεπονθότων
1396 442 1583 506 κακῶς
1602 482 1615 504 ,
1641 443 1834 510 φοϐερά

1950 450 2101 506 spem
2133 436 2370 490 reditum
2404 433 2460 488 in
2498 433 2732 504 patriam
2777 444 3214 505 consequentur.
3264 435 3526 502 Quanam

257 547 347 594 τις
374 533 525 586 ἐσται
560 534 656 586 καὶ
678 533 921 598 ἐπίδοξος
948 537 981 605 ἡ
1006 535 1185 605 ἡμέρα
1213 535 1420 606 ἐκείνη.
1451 535 1574 589 καθ’
1603 538 1670 608 ἢν
1696 537 1848 607 παρὰ

258 622 446 675 πᾶσαν
488 623 837 694 ἀνθρωπίνην
870 625 1082 689 ἐλπίδα,
1128 625 1227 695 τῆς
1269 626 1530 679 ἐπανόδου
1562 626 1846 693 τεύξονται

259 712 362 767 ἐπὶ
389 714 461 768 τὰ
487 715 665 769 οἰκεῖα
684 733 697 746 ·
727 717 820 770 καὶ
849 716 934 780 τίς
961 719 994 787 ἡ
1026 718 1299 785 ἀπόδειξις
1319 734 1349 784 ;.

917 809 1077 862 ΚΕΦ.
1118 809 1194 862 B'.

334 898 483 968 Στίχ.
519 907 589 963 α’,
616 899 681 970 β’.
722 931 791 942 --
826 920 844 952 ι
882 899 1087 955 Εἴπατε
1115 900 1192 971 τῷ
1238 901 1453 973 ἁδελφῷ
1494 902 1666 974 ὑμῶν,
1702 904 1848 967 Λαός

264 1008 368 1061 μου
396 1009 410 1023 ’
471 993 567 1045 καὶ
594 996 661 1063 τῆ
717 993 916 1063 ἀδελφῇ
969 994 1141 1063 ὑμῶν,
1207 996 1530 1067 Ἠλεημένη.
1572 1016 1590 1048 ›
1634 998 1843 1053 Εῖπατε

257 1080 385 1133 ἀντὶ
414 1080 509 1134 τοῦ
556 1081 782 1152 Ἐρεῖτε,
815 1083 900 1135 ἵνα
931 1083 1059 1154 εἴπῃ
1089 1085 1171 1137 ὅτι
1206 1084 1634 1156 ἐναλλαγήσεται
1663 1090 1844 1152 αὐτοῖς

255 1173 331 1226 τὰ
354 1174 614 1244 ὀνόματα.
665 1175 920 1245 Ἀρμόσει
946 1176 1054 1247 γὰρ
1082 1178 1285 1241 αὐτοῖς,
1315 1179 1468 1249 φησί,
1494 1180 1556 1232 τὸ
1581 1180 1703 1235 Λαδ
1754 1181 1842 1236 λέ-

259 1266 454 1334 γεσθαι
490 1267 583 1319 καὶ
641 1267 966 1337 Ἠλεημένη,
1008 1268 1086 1330 ὡς
1123 1268 1490 1340 ᾠκειωμένοις
1515 1288 1575 1325 τε
1615 1272 1711 1324 καὶ
1742 1274 1845 1343 τῆς

258 1358 673 1430 φιλανθρωπίας
707 1360 1041 1415 ἀπολαύουσι
1081 1362 1203 1415 τότε
1245 1363 1344 1432 τῆς
1379 1366 1517 1435 ἐμῆς
1538 1382 1552 1397 ·
1584 1360 1704 1419 εἶτα
1736 1366 1844 1420 άπὸ

258 1451 358 1520 τῆς
386 1452 759 1522 προκειμένης
785 1454 1014 1518 εἰκόνος,
1045 1453 1140 1507 τοῦ
1163 1453 1324 1522 λόγου
1348 1456 1448 1527 τὴν
1473 1457 1727 1529 ἀφορμὴν
1750 1458 1845 1512 λα-

256 1542 363 1597 ϐώι
394 1558 408 1572 ο
443 1563 461 1595 ι
495 1544 759 1615 Κρίθητε,
807 1548 959 1617 φησὶ,
1006 1547 1144 1617 πρὸς
1180 1546 1277 1619 τὴν
1305 1549 1515 1621 μητέρα
1544 1550 1697 1620 ὑμῶν
1724 1550 1844 1623 κρί-

254 1634 407 1703 θητε·
448 1634 532 1687 ὅτι
575 1634 711 1706 αὑτὴ
760 1636 821 1689 ού
867 1637 1001 1708 γυνή
1055 1655 1179 1708 μου,
1225 1638 1381 1706 κάγὼ
1423 1639 1524 1690 οὐκ
1562 1639 1703 1710 ἀνὴρ
1739 1640 1839 1693 αύ-

253 1816 477 1883 εῠδηὶον
518 1818 599 1869 ὅτι
643 1816 857 1888 μητέρα
887 1818 986 1887 μὲν
1021 1819 1121 1889 τὴν
1148 1820 1354 1890 πόρνην
1384 1820 1558 1882 καλεῖ,
1586 1820 1753 1874 τέκνα
1783 1821 1839 1874 δέ

251 1907 324 1959 τὰ
365 1908 425 1972 ἐξ
465 1908 640 1977 αὐτῆς
671 1909 746 1971 ὡς
778 1909 927 1973 εἰκὸς
959 1911 1286 1981 γεννηθέντα
1310 1929 1324 1944 ·
1367 1914 1600 1966 ἐνταῦθα
1631 1914 1685 1965 δὲ
1733 1932 1867 2011 ειη-ἠ

251 1998 389 2069 τέρα
428 2000 525 2068 μὲν
567 2000 714 2068 λέγει
757 2001 858 2070 τὴν
904 2002 1226 2073 συναγωγὴν
1272 2003 1382 2055 τῶν
1437 2005 1728 2068 Ἰουδαίων,
1772 2006 1838 2076 ἣν

248 2089 463 2142 ἄνωθεν
480 2091 680 2143 ὡσανεί
704 2092 1181 2161 μνηστευσάμενός
1202 2110 1259 2143 τε
1279 2093 1371 2145 καί.
1400 2093 1637 2162 συνάψας
1660 2095 1836 2166 ἐαυτῷ

247 2186 323 2253 τῇ
353 2182 679 2253 κηδεμονίας
709 2183 983 2256 ὑπερϐολῇ
1022 2185 1257 2255 ἐξήγαγέ
1296 2203 1353 2237 τε
1393 2187 1491 2255 τῆς
1534 2187 1831 2254 Αἰγύπτου,

249 2275 349 2326 καὶ
391 2274 705 2347 ἐλευθερίας
734 2276 974 2342 ἀξιώσας
1015 2279 1093 2339 είς
1120 2278 1219 2348 τὴν
1248 2276 1450 2346 ἔρημον
1477 2279 1705 2348 ἤγαγεν,
1742 2279 1835 2331 ἐπὶ

246 2364 330 2434 τῷ
363 2366 463 2437 τὴν
504 2366 816 2420 θεοσέϐειαν
858 2367 1213 2421 ἐκπαιδεῦσαι
1259 2372 1339 2433 εἰς
1386 2371 1604 2439 μείζονα
1652 2371 1833 2440 σχέσιν

244 2461 481 2527 ἀγαγεῖν
511 2460 738 2513 ἑαυτοῦ·
775 2461 918 2514 καθά
956 2463 1049 2515 καὶ
1089 2462 1117 2513 ὁ
1153 2462 1420 2532 μακάριος
1483 2462 1643 2513 Δαυίδ
1678 2478 1829 2531 φησι·

250 2572 271 2603 σ
309 2550 595 2621 Μνήσθητι
628 2555 729 2623 τῆς
770 2552 1096 2621 συναγωγῆς
1141 2570 1234 2605 σου
1265 2550 1333 2625 ἧς
1368 2555 1582 2623 ἐκτήσω
1616 2555 1708 2606 ἀπ’
1734 2554 1833 2624 ἀρ-

251 1693 373 1795 ·τῖίς.
408 1746 426 1776 ι
463 1727 586 1779 Ἐπὶ
618 1693 717 1796 μὲν
744 1728 853 1799 γὰρ
880 1693 1367 1800 τῆςπροκειμένης
1393 1730 1620 1794 εἰκόνος,
1750 1732 1840 1801 12)
1875 1693 1915 1747 Β

1951 543 2079 584 vero
2107 537 2194 583 est
2222 529 2345 598 ejus
2374 528 2457 583 rei
2485 527 2884 582 demonstratio
2909 527 2931 580 ἰ

2600 800 2752 855 CAP.
2795 800 2860 854 II.

2017 894 2186 950 Vens.
2219 893 2272 957 I,
2300 892 2355 947 2.
2385 921 2459 932 —
2488 911 2507 944 ι
2550 891 2725 947 Dicite
2779 892 2934 947 fratri
2990 902 3211 958 vestro,
3276 892 3521 963 Populus

1948 1003 2141 1054 meus;
2167 996 2221 1042 et
2245 988 2421 1042 sorori
2454 997 2667 1050 vestrae,
2700 986 3131 1042 Misericordiam
3150 998 3465 1043 consecuta.
3498 1008 3520 1041 ν

1949 1079 2147 1144 Dicite,
2179 1094 2281 1150 pro
2313 1078 2519 1133 Dicetis
2550 1096 2563 1132 :
2597 1078 2812 1133 scilicet
2844 1078 2919 1131 ait
2952 1077 3070 1133 fore
3103 1086 3162 1131 ut
3192 1080 3302 1133 illis
3332 1079 3527 1131 immu-

1948 1178 2134 1225 tentur
2186 1170 2410 1225 nomina
2460 1189 2473 1224 :
2526 1168 2842 1223 nominibus
2890 1177 3070 1225 autem
3124 1170 3269 1224 facta
3316 1168 3525 1240 signiﬁ-

1947 1276 2035 1317 cat
2061 1264 2163 1333 (2).
2214 1263 2495 1333 Congruet
2529 1262 2675 1317 enim
2707 1263 2875 1333 ipsis,
2906 1263 3018 1327 ait,
3056 1266 3237 1317 vocari
3272 1262 3483 1333 Populo
3507 1305 3522 1328 ,

1945 1365 2001 1411 et
2032 1356 2391 1411 Clementiam
2413 1365 2757 1423 consecutae;
2792 1364 3051 1425 tanquam
3080 1355 3443 1409 familiaribus
3471 1364 3526 1409 et

1947 1448 2237 1501 clementia
2268 1461 2391 1501 mea
2422 1457 2555 1501 tunc
2581 1446 2913 1502 fruentibus.
2948 1445 3150 1500 Deinde
3180 1461 3209 1499 a
3242 1447 3525 1516 proposita

1946 1538 2182 1609 imagine
2223 1553 2412 1593 ansam
2454 1538 2671 1592 dicendi
2723 1538 2975 1607 capiens,
3011 1555 3029 1589 ι
3065 1537 3225 1593 Ferte
3305 1539 3521 1609 inquit,

1941 1629 2077 1684 ferte
2157 1631 2483 1685 sententiam
2503 1639 2694 1684 contra
2712 1639 2939 1686 matrem
2964 1640 3232 1696 vestram;
3259 1634 3385 1701 quia
3405 1634 3521 1703 ipsa

1945 1722 2089 1776 haud
2122 1738 2262 1777 uxor
2290 1738 2434 1787 mea,
2465 1738 2565 1777 nec
2590 1739 2695 1792 ego
2726 1725 2809 1777 vir
2839 1724 2979 1792 ejus.
3018 1743 3037 1776 ι
3071 1722 3187 1778 Jam
3220 1726 3522 1780 secundum

1941 1814 2142 1867 dictam
2179 1815 2475 1884 imaginem
2520 1817 2877 1885 perspicuum
2923 1825 3029 1881 est,
3084 1825 3314 1871 matrem
3363 1818 3431 1872 ab
3456 1834 3525 1873 eo

1940 1907 2128 1960 vocari
2181 1908 2523 1962 meretricem
2574 1908 2756 1971 illam,
2806 1908 2947 1964 ﬁlios
2976 1918 3157 1964 autem
3205 1913 3324 1965 sine
3358 1910 3526 1966 dubio

1936 2014 2031 2053 eos
2066 2002 2159 2069 qui
2195 2001 2261 2053 de
2300 1999 2489 2054 eadem
2540 2001 2654 2053 nati
2694 2012 2867 2055 erant.
2910 2002 3016 2057 Sed
3059 2011 3243 2058 tamen
3288 2003 3375 2056 hic
3405 2020 3523 2057 ma-

1936 2100 2075 2145 trem
2116 2092 2248 2145 dicit
2283 2092 2594 2146 .Iudzeorum
2632 2109 3000 2164 synagogam,
3031 2112 3196 2164 quam
3234 2099 3523 2165 superiore

1934 2193 2183 2252 tempore
2214 2192 2476 2252 tanquam
2512 2184 2616 2238 sibi
2654 2185 2985 2255 desponsam
3019 2196 3181 2256 atque
3202 2190 3518 2257 copulatam

1932 2276 2134 2329 eximia
2172 2276 2518 2345 providentia
2558 2276 2824 2330 eduxerat
2860 2294 2923 2332 ex
2955 2277 3216 2349 Egypto,
3252 2296 3316 2335 ac
3347 2282 3519 2335 Iiber-

1932 2374 2046 2422 tate
2088 2368 2365 2438 dignatus'
2396 2368 2449 2421 in
2493 2369 2770 2423 desertum
2818 2386 2993 2440 usque
3030 2373 3417 2440 transtulerat;
3461 2384 3519 2429 ut

1934 2461 2005 2513 ibi
2035 2474 2154 2513 eam
2192 2460 2414 2515 doceret
2442 2461 2699 2530 pietatem
2743 2478 2871 2533 erga
2908 2478 2968 2518 se
3001 2462 3209 2532 majOre
3245 2466 3399 2519 cultu
3450 2482 3514 2521 ac

1933 2552 2117 2620 specie
2152 2565 2495 2619 expromere.
2531 2549 2705 2604 Sicuti
2751 2556 2913 2606 etiam
2958 2553 3153 2610 beatus
3202 2555 3278 2609 ait
3322 2554 3514 2619 David,

240 2642 383 2711 χῆς›
424 2640 715 2710 ἐλυτρὼσω
749 2643 941 2713 ῥάϐδον
1000 2642 1362 2713 κληρονομίας
1421 2661 1536 2697 σου.
1582 2662 1599 2694 ι
1653 2644 1830 2698 Τέκνα

1940 2665 1959 2697 ‹
1990 2644 2195 2700 Memor
2225 2653 2346 2699 esto
2381 2638 2831 2714 congregationis
2862 2653 2989 2708 tuze,
3020 2662 3183 2715 quam
3215 2648 3516 2717 possedisti

239 2734 305 2787 δὲ
356 2732 566 2803 ταύτης
606 2733 698 2785 τὺν
749 2733 891 2787 κατὰ
937 2735 1188 2804 διαδοχὴν
1227 2736 1285 2802 ἐξ
1337 2736 1505 2805 αὐτῆς
1557 2737 1829 2791 συστάντα

1940 2736 2004 2790 ab
2037 2736 2218 2790 initio.
2254 2735 2552 2791 Redemisti
2580 2736 2791 2806 virgam
2847 2737 3181 2794 haereditatis
3236 2741 3451 2796 tuae”.
3491 2762 3511 2795 ι

239 2823 379 2878 λαόν
399 2840 411 2851 ’
454 2824 531 2888 ὡς
557 2824 668 2896 γὰρ
693 2825 741 2877 οἱ
778 2825 1017 2896 πατέρες
1041 2828 1090 2878 οξ
1122 2827 1242 2878 τότε
1270 2827 1521 2895 λέγονται
1544 2828 1654 2881 τῶν
1693 2828 1832 2898 μετὰ

1946 2826 2247 2899 Synagoga:
2286 2843 2414 2882 vero
2446 2828 2648 2883 liberos
2680 2830 2775 2892 ait,
2799 2838 3117 2899 generatum
3149 2847 3215 2886 ex
3245 2846 3307 2886 ea
3338 2848 3515 2903 popu-

238 2916 455 2969 ταῦτα’
495 2935 515 2968 ι
554 2918 621 2970 Οἰ
666 2916 775 2987 γὰρ
821 2917 1059 2988 πατέρες
1118 2918 1290 2988 ὑμῶν,
1340 2921 1492 2989 φησί,
1548 2920 1609 2972 τὸ
1656 2920 1832 2991 μάννα

1940 2919 2068 2975 luxu.
2124 2919 2336 2991 Reapse
2388 2920 2538 2974 illius
2610 2922 2877 2990 temporis
2941 2920 3193 2976 homines
3258 2923 3518 2978 dicuntur

239 3009 452 3077 ἔφαγον
485 3010 544 3063 ἐν
573 3012 642 3081 τῇ
673 3011 885 3081 ἐρήμῳ,
915 3011 1010 3064 καὶ
1040 3011 1329 3064 ἀπέθανον.
1364 3031 1381 3062 ι
1413 3012 1570 3066 Οὕτω
1594 3013 1688 3067 καὶ
1721 3015 1829 3085 μή-

1940 3022 2190 3083 parentes
2246 3013 2616 3067 recentiorum
2661 3029 2674 3065 :
2726 3031 2745 3063 ι
2784 3011 2919 3066 Nam
2959 3024 3144 3083 patres
3199 3014 3256 3084 9
3316 3016 3514 3081 vestri,

236 3117 351 3171 τηρ
398 3102 431 3170 ἡ
482 3102 687 3171 ταύτης
732 3102 1022 3173 συναγωγὴ
1075 3102 1293 3157 καλοῖτο
1332 3103 1397 3157 ἂν
1446 3104 1691 3167 δικαίως,
1735 3106 1828 3174 ἀφ’

235 3184 427 3263 ἧσπερ
458 3189 520 3242 τὸ
549 3191 689 3261 μετὰ
708 3192 880 3245 ταῦτα
907 3194 1160 3263 σύστημα
1187 3194 1378 3261 γέγονε
1398 3194 1507 3247 τῶν
1541 3195 1827 3248 Ἰουδαίων·

235 3282 520 3347 ὀνειδίζων
540 3279 634 3337 οὖν
660 3285 861 3347 αὐτοὺς
882 3283 980 3354 τὴν
1009 3285 1309 3356 μοχθηρίαν
1343 3284 1439 3339 τοῦ
1464 3288 1690 3357 τρόπου,
1733 3305 1832 3340 κα-

238 3373 352 3434 λῶς
380 3373 546 3443 φησὶν
579 3374 694 3439 ὅτι,
741 3374 984 3427 Ἀνωθεν
1014 3375 1137 3428 ἐστέ
1170 3376 1465 3446 μοχθηροὶ,
1494 3378 1589 3429 καὶ
1620 3381 1687 3448 τῇ
1726 3396 1833 3448 p.13-

232 3463 332 3532 τρὶ
385 3463 572 3532 σαφῶς
616 3463 853 3526 ἐοικότες
894 3467 959 3535 τῇ
1000 3465 1199 3536 οἰκείᾳ.
1234 3467 1299 3519 Εἰ
1328 3466 1462 3535 γοῦν
1500 3486 1582 3532 τις
1620 3468 1687 3521 τὰ
1721 3469 1831 3522 τῶν

234 3555 363 3607 τότε
400 3554 577 3623 κρίνοι
611 3556 705 3608 καὶ
745 3555 817 3609 τὰ
851 3555 966 3622 νῦν,
1012 3557 1212 3629 πολλὴν
1251 3560 1429 3613 αὐτῶν
1471 3560 1692 3631 εὑρήσει
1737 3579 1833 3615 σα-

236 3645 361 3712 φῶς
382 3644 482 3717 τὴν
512 3648 833 3714 συγγένειαν
857 3665 870 3678 ·
902 3649 1128 3701 ἐκείνων
1158 3648 1257 3718 μὲν
1293 3651 1430 3720 μετὰ
1458 3651 1521 3705 τὸ
1557 3651 1828 3705 τοσούτων

236 3738 337 3791 καὶ
371 3738 707 3808 τηλικούτων
729 3742 914 3810 τυχεῖν
943 3741 1186 3809 ἀγαθῶν,
1214 3742 1603 3814 τολμησάντων
1630 3745 1831 3815 μόσχον

236 3845 297 3881 τε
353 3832 763 3884 κατασκευάσαι
808 3832 903 3885 καὶ
958 3833 1151 3897 εἰπεῖν,
1212 3854 1229 3885 ι
1273 3828 1432 3888 Οὗτοι
1468 3836 1516 3887 οἱ
1561 3836 1672 3888 θεοί
1712 3854 1827 3902 σου,

249 3921 506 3990 Ἰσραὴλ,
543 3922 593 3974 οἳ
628 3922 895 3994 ἐξηγαγόν
939 3940 994 3975 σε
1032 3926 1093 3976 ἐκ
1128 3926 1231 3995 γῆς
1260 3927 1535 3995 Αἰγύπτου
1558 3943 1571 3956 ⁸
1614 3948 1633 3980 ι
1676 3928 1830 3999 ὑμῶν

235 4012 293 4064 δὲ
337 4012 460 4065 καθ’
501 4014 793 4083 ὁμοιότητα
826 4016 1051 4071 ἐκείνων
1081 4016 1549 4073 καταλελοιπότων
1598 4020 1696 4091 μὲν
1730 4020 1829 4092 τὴν

235 4105 443 4171 γνῶσιν
483 4104 582 4175 τὴν
620 4106 781 4176 ἐμὴν,
818 4107 913 4159 τοῦ
957 4106 1224 4176 τοσαύτην
1258 4109 1411 4179 ὑμῶν
1455 4110 1693 4163 πάντοτε
1732 4129 1830 4164 πε-

236 4198 537 4268 ποιημένου
567 4200 918 4270 κηδεμονίαν,
961 4199 1036 4268 (p.
1078 4200 1164 4270 15)
1201 4202 1291 4253 ἐπὶ
1317 4201 1374 4254 δέ
1407 4201 1504 4271 τὴν
1528 4202 1635 4255 τῶν
1670 4203 1826 4256 εἰδώ-

237 4284 348 4338 λων
381 4291 678 4361 θεραπείαν
708 4292 1062 4361 τραπέντων·
1099 4293 1233 4347 ὥστ’
1268 4294 1333 4347 ἂν
1363 4295 1639 4365 ἁρμοδίως
1681 4297 1825 4366 ὑμᾶς

1936 3103 2135 3172 inquit,
2169 3101 2648 3157 manducaverunt
2680 3116 2880 3155 manna
2915 3102 2970 3156 in
3009 3101 3251 3162 deserto,
3284 3110 3339 3157 et
3370 3118 3517 3157 mor-

1934 3194 2012 3248 tui
2061 3200 2211 3247 sunt.
2260 3212 2278 3245 ι
2326 3192 2419 3246 Sic
2459 3193 2625 3247 etiam
2666 3192 2860 3247 matris
2908 3192 3131 3247 nomine
3165 3194 3516 3263 congregatio

1935 3284 2050 3339 luec
2077 3284 2203 3354 jure
2244 3284 2630 3355 appellabitur,
2661 3300 2728 3337 ex
2762 3299 2869 3353 qua
2915 3291 3135 3354 postera
3174 3300 3307 3353 gens
3331 3282 3516 3339 Iuda:-

1933 3392 2089 3431 orum
2118 3383 2417 3446 propagata
2439 3384 2543 3431 est.
2574 3376 2926 3445 Exprobrans
2950 3376 3133 3444 itaque
3166 3375 3276 3429 illis
3301 3392 3512 3430 morum

1935 3469 2338 3539 improbitatem
2380 3481 2529 3524 recte
2570 3469 2668 3523 ait:
2710 3467 2916 3522 Fuistis
2954 3469 3022 3522 ab
3058 3469 3286 3537 antiquo
3327 3470 3512 3539 pravi,

1932 3568 2235 3630 vestraeque
2256 3561 2413 3614 matri
2444 3561 2692 3629 apprime
2716 3558 2947 3614 similes.
2970 3558 3089 3612 Jam
3112 3560 3157 3613 si
3180 3560 3303 3629 quis
3334 3570 3513 3616 vetera

1934 3668 2062 3706 cum
2097 3651 2460 3722 praesentibus
2500 3649 2782 3713 conferet,
2837 3650 3011 3703 multa
3063 3649 3189 3705 inde
3226 3651 3407 3705 eliciet
3450 3666 3515 3704 ac

1934 3744 2275 3814 perspicuam
2337 3743 2801 3797 similitudinem:
2849 3756 3044 3809 nempe
3101 3742 3245 3811 quod
3299 3742 3375 3796 illi
3435 3752 3515 3797 tot

1933 3834 2207 3903 tantisque
2255 3833 2530 3887 beneﬂciis
2570 3832 2782 3895 affecti,
2830 3834 3063 3887 conﬂato
3103 3834 3381 3887 audaciter
3434 3835 3515 3889 vi-

1937 3928 2069 3990 tulo,
2099 3927 2338 3980 dixerint
2369 3945 2382 3980 :
2418 3944 2435 3974 ι
2471 3926 2534 3979 III
2586 3934 2714 3981 sunt
2743 3925 2814 3978 dii
2854 3927 2954 3991 tui,
2985 3926 3148 3979 Israel
3177 3966 3191 3989 ,
3233 3927 3324 3995 qui
3360 3934 3412 3981 te
3445 3942 3512 3982 ex

1934 4010 2168 4088 {Egypto
2204 4018 2530 4073 eduxerunt.
2577 4037 2597 4069 ι
2632 4019 2741 4072 Vos
2780 4032 2929 4083 vero,
2977 4016 3117 4070 Deus
3145 4018 3341 4086 inquit,
3393 4018 3513 4071 ιΙΙο-

1931 4126 2050 4162 rum
2083 4111 2345 4179 exemplis
2381 4111 2460 4162 usi
2486 4153 2498 4174 ,
2534 4110 2748 4179 abjecta
2782 4110 2979 4163 notitia
3012 4110 3147 4171 mei,
3178 4110 3269 4179 qui
3301 4117 3509 4164 tantam

1930 4202 2095 4255 vestri
2150 4202 2574 4255 sollicitudinem
2641 4202 2806 4272 gessi,
2857 4202 2921 4254 ad
2981 4202 3247 4255 idolorum
3303 4203 3508 4257 cultum

1932 4292 2185 4345 conversi
2221 4292 2355 4345 estis
2389 4306 2401 4340 :
2437 4306 2545 4360 quo
2580 4292 2636 4343 ﬁt
2664 4299 2722 4344 ut
2749 4299 2871 4360 apte
2894 4291 3047 4344 vobis
3070 4294 3510 4347 accouunodetur

235 4382 675 4452 παρεικασθῆναι
711 4386 775 4453 τῇ
809 4384 983 4456 πόρνῃ
1007 4401 1019 4414 ·
1047 4386 1170 4437 ἐπεὶ
1200 4387 1341 4456 μήτε
1372 4386 1499 4455 ὑμῖν
1530 4386 1674 4439 οὕτω
1705 4387 1823 4439 δια-

1940 4382 2236 4436 meretricis
2269 4382 2466 4453 imago.
2492 4380 2743 4436 Jamvero
2783 4398 2877 4436 vos
2913 4383 3013 4433 hac
3046 4383 3353 4436 animorum
3386 4400 3512 4454 pra-

236 4474 515 4544 κειμένοις
554 4475 823 4546 ἁρμόττον
847 4476 910 4528 τὸ
940 4478 1107 4548 ἐμοὺς
1148 4477 1227 4530 ἔτι
1255 4478 1538 4531 καλεῖσθαι
1563 4494 1577 4507 °
1613 4478 1722 4547 ἐγώ
1762 4496 1821 4532 τε

234 4566 749 4638 ἅπηλλοτριωμένος
810 4567 966 4637 ὑμῶν
1018 4568 1076 4635 ἐξ
1128 4568 1307 4623 αὐτῶν
1366 4569 1653 4640 δείκνυμαι
1713 4569 1822 4623 τῶν

236 4660 581 4728 πραγμάτων
596 4673 609 4686 ⁸
635 4658 926 4729 τοιγαροῦν
946 4659 1001 4712 τί
1020 4676 1034 4725 ;

308 4752 438 4823 Στίχ
463 4758 601 4821 γ’-ε’,
621 4782 692 4793 —
719 4772 736 4805 ι
780 4755 892 4807 Καὶ
929 4754 1107 4826 ἐξαρῶ
1134 4755 1232 4827 τὴν
1269 4754 1523 4825 πορνείαν
1568 4755 1739 4824 αὐτῆς
1768 4756 1833 4808 ἐκ

237 4842 531 4911 προσώπου
559 4861 681 4915 μου,
707 4845 802 4897 καὶ⁹
831 4843 928 4916 τὴν
955 4846 1199 4916 μοιχείαν
1216 4847 1385 4917 αὐτῆς
1412 4848 1475 4899 ἐκ
1504 4845 1669 4915 μέσου
1691 4862 1829 4916 μασ-

235 4934 348 4988 τῶν
373 4935 574 5006 αύτῆς·
600 4954 617 4986 ι
651 4937 868 5006 μακρὰν
894 4935 1003 5008 γὰρ
1028 4936 1220 4998 αὐτοὺς
1244 4937 1482 5008 ἐμαυτοῦ
1502 4939 1830 5008 καταστήσω

237 5026 326 5080 διὰ
347 5027 444 5097 τῆς
486 5027 881 5097 αἰχμαλωσίας,
914 5027 1010 5081 καί⁵
1040 5028 1127 5081 διὰ
1159 5029 1259 5097 τῆς
1295 5029 1484 5101 πόρρω
1517 5029 1624 5081 τῶν
1649 5028 1829 5081 τόπων

237 5120 541 5191 ἀπαγωγῆς
560 5136 574 5149 ·
610 5120 686 5183 ὡς
717 5119 913 5190 μηκέτι
944 5120 1169 5192 θεωρεῖν
1196 5121 1365 5193 αὐτὴν
1414 5123 1542 5191 mp"
1571 5122 1694 5191 ἐμοὶ
1728 5120 1827 5191 τὴν

237 5212 495 5281 πορνείαν
554 5210 878 5266 ἐκτελοῦσαν
923 5212 1022 5282 τὴν
1079 5214 1317 5267 οἰκείαν·
1373 5215 1512 5284 μήτε
1577 5214 1674 5282 μὲν
1728 5210 1827 5285 τὴν

241 5300 489 5371 μοιχείαν
516 5301 583 5372 ἢν
631 5300 771 5372 μετὰ
808 5302 1009 5373 πολλῆς
1048 5303 1337 5375 ἐργάζεται
1376 5309 1471 5377 τῆς
1507 5303 1824 5367 ἀκολασίας,

239 5394 456 5446 ἃπασαν
489 5393 688 5465 ἑαυτὴν
721 5392 985 5465 προθεῖσα
1028 5398 1141 5460 τοῖς
1195 5398 1431 5462 εἰδώλοις
1453 5417 1464 5429 ·
1512 5396 1669 5450 τοῦτο
1718 5396 1826 5467 γὰρ

237 5480 415 5551 λέγει·
472 5485 533 5538 τὸ
572 5504 589 5538 ι
644 5488 708 5539 ἐκ
753 5486 918 5557 μέσου
959 5488 1177 5558 μαστῶν
1222 5490 1409 5560 αὐτῆς,
1447 5509 1464 5541 ι
1495 5490 1568 5553 ὡς
1608 5489 1672 5543 ἂν
1716 5488 1821 5541 τῶν

311 5600 381 5639 ’-θ
410 5598 555 5655 PsaI.
607 5615 802 5655 Lxxul.
836 5601 889 5657 2.

1938 4476 2103 4528 vitate
2144 4474 2388 4527 imbutos
2421 4472 2560 4526 haud
2596 4488 2693 4541 par
2730 4483 2812 4527 est
2850 4474 3056 4529 diutius
3096 4490 3247 4528 meos
3277 4476 3456 4529 vocari
3491 4495 3506 4531 :

1931 4574 1983 4620 et
2027 4565 2246 4636 quidem
2303 4578 2403 4634 ego
2459 4580 2488 4617 a
2553 4564 2706 4618 vobis
2753 4564 3098 4619 abalienatus
3161 4581 3304 4620 sum.
3365 4566 3508 4632 Quid

1929 4657 2098 4727 ergo?

2010 4751 2176 4805 Vsus.
2221 4748 2344 4803 5-5.
2390 4777 2441 4789 ο·
2479 4764 2498 4798 ι
2542 4745 2795 4801 Auferam
2836 4745 3256 4804 fornicationem
3307 4748 3427 4819 ejus
3474 4766 3506 4805 τι

1930 4851 2229 4914 conspectu
2267 4856 2387 4895 meo
2414 4882 2427 4904 ,
2468 4847 2521 4893 et
2561 4839 2889 4893 adulterium
2930 4840 3049 4910 ejus
3080 4856 3110 4895 e
3154 4840 3332 4896 medio
3373 4844 3508 4898 ube-

1931 4952 2051 4991 rum
2109 4936 2250 5005 ejus.
2323 4953 2343 4986 ι
2400 4931 2620 4987 Scilicet
2694 4933 2883 5001 procul
2949 4948 3035 4987 me
3089 4942 3299 5004 gentem
3362 4935 3505 4991 hanc

1932 5030 2192 5098 abigam,
2264 5024 2564 5096 projectam
2639 5024 2693 5076 in
2762 5025 3129 5093 captivitatem
3206 5035 3370 5095 atque
3434 5030 3504 5084 ad

1930 5120 2229 5190 longinqua
2286 5120 2401 5171 lora
2452 5116 2773 5170 translatam
2810 5135 2822 5170 ε
2866 5132 2934 5170 ne
2982 5116 3191 5173 diutius
3233 5119 3374 5187 apud
3419 5136 3504 5176 me

1929 5213 2140 5266 videam
2191 5210 2555 5264 scortatioues
2592 5207 2713 5276 ejus
2742 5217 2793 5261 et
2835 5207 3105 5262 adulteria
3145 5211 3504 5280 cupidissime

1929 5304 2190 5367 admissa,
2241 5302 2370 5356 dum
2426 5316 2484 5355 se
2530 5300 2688 5355 idolis
2734 5307 2901 5352 totam
2970 5300 3194 5354 addicit.
3252 5302 3308 5355 Id
3356 5304 3503 5358 euim

1928 5394 2201 5464 Signiﬁcat
2261 5411 2279 5443 ι
2317 5409 2346 5446 e
2388 5388 2567 5445 medio
2607 5390 2835 5443 uberum
2888 5391 3031 5461 ejus,
3068 5411 3086 5443 ι
3138 5401 3397 5462 tauquam
3456 5394 3501 5447 si

1933 5497 2112 5542 scorta
2147 5502 2241 5555 per
2270 5485 2492 5538 nimiam
2539 5482 2816 5538 lasciviam
2851 5499 2973 5537 cum
3020 5484 3351 5539 amatoribus
3385 5498 3503 5543 suis

307 5714 386 5789 (2)
428 5718 554 5772 Haec
595 5717 960 5776 nominibus...
1007 5717 1293 5788 signiﬁco',
1340 5717 1394 5769 in
1438 5713 1626 5768 Graeco
1682 5711 1897 5767 dcsuut.
1946 5708 2101 5763 Eo;T.
