3814 6224
285 224 386 282 9'55

1463 220 1812 277 TllEODORI
1841 217 2323 276 MOPSUES‘I'ENI

3443 216 3548 270 ISB

285 344 361 400 ita
385 347 690 398 versentur.
731 343 906 413 Atque
928 342 1014 398 his
1049 351 1421 398 consentanea
1457 344 1852 414 prosequitur:

2013 343 2172 412 apviiw
2207 343 2272 397 δι’
2315 339 2618 414 ὑπερϐολὴν
2665 337 2957 400 ἀκολασίας
2987 339 3114 403 τοὺς
3149 339 3381 408 μαστοὺς
3417 348 3548 403 τοὺς

291 461 310 494 ι
353 438 425 496 Ut
452 451 573 492 eam
601 436 848 490 vestibus
875 435 1128 504 spoliem.
1165 435 1473 504 faciamque
1504 444 1563 489 ut
1593 436 1646 490 in
1670 435 1864 490 diebus

285 527 595 583 nativitatis
634 527 775 595 ejus.
821 545 840 577 ι
877 525 1036 580 Omni
1085 535 1306 589 ornatu,
1339 526 1554 594 inquit,
1592 525 1862 588 detracto,

282 635 443 687 quem
476 618 524 671 ei
561 626 783 687 propter
815 633 993 670 Illellm
1018 618 1260 671 studium
1289 615 1780 677 circumdederatn,
1809 617 1863 668 in

281 709 518 777 speciem
567 708 710 760 illam
750 707 1033 761 restituam
1061 747 1077 772 ,
1131 721 1238 774 qua
1279 707 1536 759 utebatur
1584 721 1708 757 cum
1755 705 1868 773 pri-

285 816 432 853 mum
503 800 558 852 in
617 797 855 868 Egypto
910 799 1102 856 crevit.
1181 799 1233 850 in
1286 797 1557 867 angustiis
1606 797 1864 850 nimirum

285 902 446 957 atque
510 891 792 944 laboribus
862 897 1028 959 atque
1087 891 1287 940 acerbo
1351 889 1580 941 servitio
1637 887 1864 958 degens.

288 982 645 1036 Nativitatem
675 982 820 1036 enim
851 983 970 1050 ejus
1010 983 1240 1050 appella!
1287 991 1499 1048 tempus
1534 981 1688 1045 illud,
1732 996 1872 1051 quo-

286 1075 433 1126 niam
489 1072 729 1128 Judaicre
779 1072 1018 1125 nationis
1063 1080 1194 1124 tunc
1247 1073 1405 1124 initia
1451 1069 1695 1126 fuerunt.
1736 1090 1754 1122 ι
1807 1071 1870 1124 Et

288 1174 484 1236 ponam
538 1180 656 1219 eam
709 1165 866 1234 quasi
915 1165 1288 1227 solitudinem,
1345 1174 1402 1218 et
1461 1172 1696 1218 statuam
1750 1179 1871 1218 eam

287 1257 444 1325 quasi
477 1257 580 1326 ιο
611 1266 813 1308 terram
847 1271 988 1324 aqua
1016 1265 1318 1309 carentem.
1343 1275 1360 1306 ι
1396 1255 1488 1309 Sic
1519 1256 1776 1309 nimirum
1805 1256 1873 1311 ab

289 1349 438 1402 omni
468 1365 526 1402 re
568 1351 708 1401 bona
751 1348 1095 1412 derelictam,
1140 1349 1303 1402 veluti
1345 1349 1621 1403 desertam
1670 1357 1872 1404 terram

289 1452 452 1511 atque
503 1441 873 1510 inaquosam,
945 1441 1234 1510 oninisque
1299 1439 1516 1496 fructus
1570 1448 1871 1511 expertem.

297 1549 314 1581 ι
361 1530 573 1598 Sitique
602 1546 722 1583 eam
759 1531 1022 1599 perimam
1068 1548 1087 1582 ι
1133 1531 1392 1585 oumibus
1414 1531 1661 1584 orbatam
1691 1531 1871 1596 bonis,

288 1639 590 1692 eorumque
616 1623 817 1691 oppido
835 1623 1112 1692 cupidam,
1135 1625 1338 1678 nullius
1354 1633 1533 1678 tamen
1557 1625 1872 1694 potientem.

295 1733 314 1764 ε
345 1712 660 1769 Liberorum
683 1714 926 1780 ejusuon
960 1713 1279 1776 miserebor,
1309 1715 1436 1782 quia
1462 1714 1706 1784 germina
1725 1729 1878 1768 scor-

291 1808 555 1858 talionum
572 1812 698 1860 sunt
719 1823 731 1858 :
750 1815 988 1858 scnrtala
1004 1813 1090 1859 est
1110 1807 1254 1858 enim
1276 1812 1450 1860 mater
1467 1821 1682 1868 eorum,
1699 1805 1879 1875 turpi-

293 1907 374 1950 ter
411 1899 520 1967 egit
550 1913 670 1967 qtne
698 1899 905 1966 peperit
934 1914 1050 1952 eos.
1089 1917 1106 1948 ›
1144 1897 1239 1952 llis
1267 1913 1394 1951 vero
1421 1899 1692 1952 exercitos
1720 1898 1879 1953 malis

295 1991 437 2041 nulla
460 2005 758 2060 prosequar
778 1989 1148 2042 misericordia
1172 2006 1186 2055 ;
1207 2003 1366 2043 secus
1391 2003 1454 2042 ac
1477 1990 1605 2042 olim
1638 1990 1688 2041 in
1711 1987 1881 2059 {Egy-

293 2089 486 2148 ptome
502 2078 643 2145 gessi
675 2079 968 2146 :quoniam
994 2078 1082 2131 isti
1115 2093 1296 2146 parem
1327 2079 1484 2131 matri
1510 2093 1622 2132 suae
1647 2088 1880 2131 mentem

246 2177 252 2183 '
301 2175 615 2222 nulnerunt.
656 2168 829 2222 Mater
859 2170 1002 2222 enim
1039 2170 1168 2222 dum
1205 2169 1481 2238 ejusmodi
1529 2170 1657 2222 olim
1692 2181 1881 2223 contra

303 2278 388 2314 me
416 2262 655 2314 animum
683 2263 841 2332 gerit,
890 2262 1187 2332 ignominia
1221 2261 1463 2330 perfudit
1490 2273 1681 2331 partus
1715 2280 1845 2316 suos
1865 2303 1880 2326 ,

302 2356 392 2421 qui
427 2364 729 2408 maternam
771 2356 1033 2408 malitiam
1070 2355 1263 2420 imitati
1294 2363 1492 2409 suntut
1532 2356 1668 2421 Quia
1697 2358 1834 2410 dixit
1867 2373 1879 2408 :

300 2445 390 2500 Ibo
446 2459 566 2516 post
617 2457 894 2502 amatores
955 2463 1146 2511 meos,
1203 2449 1295 2517 qui
1338 2449 1470 2501 dant
1526 2450 1658 2501 mihi
1717 2466 1885 2518 panes

298 2557 471 2605 uncos,
525 2549 582 2593 ct
633 2555 831 2608 aquam
889 2554 1090 2603 meam,
1148 2547 1201 2593 et
1265 2539 1591 2592 Vestimenta
1648 2557 1786 2602 mea,
1833 2548 1887 2593 et

300 2630 469 2683 linum
505 2646 708 2693 meum,
751 2639 806 2684 et
837 2631 1016 2684 oleum
1055 2646 1262 2694 meum,
1304 2640 1358 2684 et
1394 2632 1575 2684 omnia
1609 2649 1726 2700 qnzc
1757 2633 1886 2685 milii

301 2726 425 2778 usui
459 2733 607 2778 sunt.
636 2743 654 2775 ι
685 2725 877 2778 Cuncti
905 2725 1051 2778 enim
1078 2725 1468 2777 daemoniorum
1517 2723 1800 2777 famulatui
1831 2743 1888 2780 se

302 2815 657 2878 addixerunt,
699 2824 866 2884 atque
907 2816 992 2870 bis
1027 2823 1170 2870 bona
1225 2830 1324 2868 sua
1365 2827 1586 2884 accepta
1625 2817 1886 2882 rcfm'unt,

303 2924 426 2976 quae
463 2923 583 2964 mea
617 2917 799 2962 tamen
829 2907 1111 2962 evidenter
1145 2907 1406 2962 beneﬁcia
1454 2919 1579 2962 sunt
1605 2949 1620 2971 ,
1670 2913 1760 2978 qui
1803 2926 1888 2964 res

1969 433 2126 498 ἰδίους
2187 436 2299 497 τοῖς
2335 433 2592 504 ἐρασταῖς
2652 429 3004 499 παρεχουσῶν
3026 439 3043 458 ⁴
3101 429 3194 482 καὶ
3242 429 3362 482 καθ’
3419 429 3553 498 ἐξῆς

1964 525 2032 579 τά
2081 524 2349 578 ἀκόλουθα
2411 523 2584 591 λέγων
2615 541 2630 555 ο
2697 542 2715 575 ι
2777 523 2965 585 Ὅπως
3006 522 3072 574 ἂν
3125 521 3334 575 ἐκδύσω
3379 523 3552 590 αὐτὴν

1967 614 2148 678 καθὼς
2192 617 2250 668 ἐν
2285 615 2522 686 ἡμέραις
2576 615 2676 683 τῆς
2723 615 3024 683 γεννήσεως
3064 613 3252 683 αὐτῆς.
3311 631 3330 662 ›
3364 613 3557 665 Πάντα-

1967 708 2059 762 τὸν
2100 705 2797 777 κόσμον,φησίν,ἀφελὼν,
2847 705 2906 758 ὃν
2962 704 3049 758 διὰ
3080 704 3178 775 τῆς
3221 705 3358 774 ἐμῆς
3409 703 3552 772 αὐτῇ

1987 796 2292 868 περιέθηκα
2382 795 2706 866 κηδεμονίας
2734 837 2748 862 ,
2819 796 2879 848 ἐν
2953 793 3144 865 ἐκείνῳ
3224 797 3554 860 καταστήσω

1969 887 2046 957 τῷ
2118 890 2398 959 σχήματι,
2451 888 2510 940 ἐν
2558 881 2709 960 ᾧπερ
2746 881 2814 958 ἦν
2863 887 2956 939 ἐπὶ
2998 887 3097 956 τῆς
3154 885 3431 955 Αἰγύπτου
3490 899 3555 937 το

1971 982 2186 1052 πρῶτον
2239 982 2481 1033 συστᾶσα
2505 1020 2520 1045 ,
2571 980 2660 1032 ὅτε
2711 981 2771 1033 ἐν
2815 979 3082 1048 ἀνάγκαις
3129 974 3198 1050 ἦν
3244 979 3337 1032 καὶ
3368 978 3558 1040 πόνοις

1971 1075 2066 1127 καὶ
2110 1073 2322 1144 δουλείᾳ
2361 1075 2562 1145 πικρᾷν
2613 1073 2825 1142 γένεσιν
2861 1074 2972 1144 γάρ
3016 1072 3184 1142 αὐτῆς
3225 1073 3316 1126 τὸν
3363 1072 3558 1144 καιρὸν

1972 1167 2176 1219 ἐκεῖνον
2233 1165 2414 1219 καλεί⁸
2463 1165 2542 1236 (p.
2593 1165 2682 1235 14)
2728 1165 2913 1234 ἐπειδὴ
2961 1164 3059 1235 τῆς
3101 1163 3394 1234 Ἰουδαϊκῆς
3425 1181 3558 1217 συν-

1974 1258 2198 1328 αγωγῆς
2233 1256 2374 1328 ἁρχὴ
2425 1257 2524 1326 τῆς
2568 1256 2878 1318 συστάσεως
2917 1257 2947 1309 ό
2993 1254 3178 1327 καιρὸς
3222 1251 3290 1326 ἦν
3326 1257 3557 1316 ἐκεῖνος.

1980 1368 1997 1400 ι
2047 1350 2154 1401 Kal
2187 1347 2339 1419 θήσω
2367 1347 2534 1418 αὐτὴν
2570 1347 2645 1410 ὼς
2685 1346 2906 1418 ἔρημον,
2951 1348 3046 1400 καὶ
3089 1345 3235 1410 τάξω
3276 1347 3444 1418 αὐτὴν
3480 1346 3562 1409 ὡς

1975 1440 2078 1510 γῆν
2109 1439 2349 1510 ἄνυδρον.
2395 1458 2412 1491 ι
2450 1437 2635 1502 Οὕτως
2680 1439 2880 1502 παντὸς
2926 1439 3294 1509 ἐστερημένην
3330 1438 3561 1507 ἀγαθοῦ,

1977 1535 2164 1604 ὥσπερ
2201 1534 2234 1603 ὴ
2282 1532 2485 1602 ἕρημος
2526 1529 2621 1584 καὶ
2657 1530 2882 1600 ἄνυδρος
2935 1530 3004 1600 γῆ
3059 1529 3288 1600 καρπῶν
3332 1531 3566 1601 ἄμοιρός

1979 1631 2092 1682 ἐστι
2116 1625 2415 1689 παντελῶς.
2440 1643 2458 1675 ι
2485 1623 2594 1678 Kal
2620 1622 2901 1677 ἀποκτενῶ
2917 1623 3086 1694 αὐτὴν
3107 1624 3164 1677 ἐν
3189 1622 3348 1692 δίψειο
3379 1642 3396 1673 ι
3423 1624 3566 1675 πάν-

1978 1737 2084 1775 των
2134 1717 2503 1790 ἐστερημένην
2550 1715 2660 1769 τῶν
2705 1713 2946 1784 ἀγαθῶν,
2988 1714 3082 1768 καὶ
3119 1714 3411 1784 ἐφιεμένην
3462 1715 3569 1784 μὲν

1980 1811 2157 1865 αὐτῶν
2195 1810 2270 1872 ὼς
2316 1807 2482 1870 εἰκὸς,
2511 1804 2885 1876 τυγχάνουσαν
2929 1805 2986 1858 δὲ
3032 1804 3262 1866 οὐδενός.
3303 1823 3320 1854 ι
3355 1804 3461 1856 Kal
3495 1804 3572 1856 τά

1980 1902 2146 1955 τέκνα
2203 1900 2370 1970 αὐτῆς
2421 1899 2481 1951 ού
2537 1896 2610 1967 μὴ
2665 1896 2900 1966 ἐλεήσω,
2956 1897 3036 1950 ὅτι
3094 1896 3257 1950 τέκνα
3309 1897 3572 1967 πορνείας

1982 1993 2162 2046 ἐστίν·
2208 1993 2288 2044 ὃτι
2344 1988 2731 2060 ἐξεπόρνευσεν
2770 1988 2803 2057 ή
2838 1988 3022 2059 μήτηρ
3057 1986 3252 2050 αὐτῶν,
3296 1987 3574 2057 κατῄσχυ-

1983 2087 2131 2155 νενὴ
2172 2083 2404 2137 τεκοῦσα
2454 2081 2614 2134 αὐτά.
2652 2099 2671 2132 ι
2711 2080 2801 2134 Ἐν
2841 2079 2897 2132 δὲ
2931 2078 3205 2142 τοσούτοις
3246 2078 3577 2148 ἐξεταζομέ-

1984 2197 2089 2231 νων
2129 2179 2316 2240 κακοῖς
2366 2175 2512 2228 ἔλεον
2549 2175 2609 2226 οὺ
2648 2173 2977 2243 ποιήσομαι·
3021 2173 3158 2242 ὅπερ
3197 2168 3289 2225 οὖν
3339 2173 3428 2224 ἐπὶ
3470 2175 3577 2238 τῆς

1984 2271 2258 2339 Αἰγύπτου
2285 2269 2405 2322 τότε
2438 2267 2733 2334 πεποίηκα,
2763 2265 2948 2336 ἐπειδὴ
2980 2258 3124 2318 οὗτοί
3149 2283 3208 2318 τε
3241 2265 3473 2332 ἀνάλογα
3502 2267 3576 2334 τῇ

1989 2362 2154 2432 μητρὶ
2185 2361 2555 2430 πεφρονήκασι
2578 2361 2645 2427 τῇ
2675 2356 2851 2428 οἰκείᾳ
2874 2373 2887 2388 ·
2917 2358 3010 2410 καὶ
3035 2359 3067 2428 ἠ
3099 2358 3280 2427 μήτηρ
3307 2357 3363 2409 δὲ
3393 2357 3582 2409 αὐτῶν

1986 2454 2189 2508 ἄνωθεν
2226 2453 2477 2522 τοιαύτην
2498 2449 2879 2521 ἐπιδειξαμένη
2907 2451 3038 2522 περὶ
3071 2451 3170 2520 ἐμὲ
3197 2451 3295 2519 τὴν
3324 2449 3578 2518 γνώμην,

1988 2546 2216 2616 αἰσχύνη
2244 2545 2336 2598 καὶ
2366 2543 2434 2598 τά
2456 2544 2720 2614 τεχθέντα
2751 2544 2807 2609 ἐξ
2840 2543 3008 2612 αὐτῆς
3035 2543 3446 2615 περιδέὸληκεν,
3479 2544 3584 2598 an

1991 2639 2346 2710 μιμησάμενα
2387 2638 2486 2708 τὴν
2533 2635 2789 2708 μητρῴαν
2831 2636 3050 2690 κακίαν.
3091 2657 3111 2688 ‹
3150 2637 3269 2690 ’Ὁτι
3303 2632 3443 2699 εἷπε,
3476 2637 3590 2688 Πο-

1990 2730 2253 2803 ρεύσομαι
2309 2730 2484 2781 ὀπίσω
2541 2727 2650 2781 τῶν
2696 2728 2943 2798 ἐραστῶν
3007 2745 3128 2796 μου,
3177 2727 3288 2780 τῶν
3329 2727 3589 2780 διδόντων

1993 2841 2080 2892 μοι
2129 2825 2254 2886 τοὺς
2299 2822 2494 2894 ἄρτους
2549 2837 2689 2890 μου,
2733 2821 2827 2872 καὶ
2880 2821 2941 2872 τὸ
2990 2819 3130 2891 ὕδωρ
3183 2838 3317 2890 μου,
3372 2819 3464 2872 καὶ
3511 2818 3591 2870 τὰ

1994 2914 2184 2985 ἱμάτιά
2233 2933 2359 2984 μου,
2405 2915 2498 2968 καὶ
2547 2914 2615 2966 τὰ
2666 2913 2846 2967 ὀθόνιά
2916 2930 3050 2983 μου,
3094 2911 3154 2964 τὸ
3214 2911 3390 2964 ἔλαιόν
3439 2928 3590 2980 μου,

303 3015 495 3055 omnes
519 3001 724 3054 creari.
759 2999 880 3054 Jam
906 3014 1178 3055 amatores
1207 3016 1397 3054 eorum
1431 3003 1708 3056 (lagninnas
1735 3003 1876 3056 dicit.

2013 3008 2084 3060 :al
2141 3007 2316 3060 πάντα
2369 3007 2468 3058 ὃσα
2530 3023 2618 3076 μοι
2682 3005 2933 3070 καθήκει.
2983 3023 3002 3054 ι
3056 3003 3412 3056 Ἐκδεδώκασι
3467 3001 3596 3074 γάρ

303 3102 364 3146 ut
399 3097 711 3148 daamonnm
735 3095 974 3148 declaret
1003 3095 1284 3149 libidinem
1313 3095 1573 3164 perdendi
1607 3096 1890 3164 homines;

304 3196 467 3255 atque
517 3187 710 3240 horum
775 3187 1045 3242 furiosum
1101 3203 1229 3257 erga
1293 3190 1574 3243 dzemonas
1621 3189 1887 3252 studium,

303 3293 445 3345 quos
502 3281 730 3330 deorum
785 3279 960 3331 instar
1000 3288 1166 3347 atque
1204 3288 1265 3333 ut
1321 3280 1566 3332 omnium
1618 3279 1886 3333 bonorum

305 3379 561 3429 auctores
602 3370 951 3438 impudenter
983 3371 1257 3424 colebant.

2001 3101 2234 3160 ἅπαντες
2283 3100 2504 3161 ἐαυτοὺς
2555 3101 2620 3169 τῇ
2668 3099 2776 3150 τῶν
2814 3094 3422 3166 δαιμονίωνκθεραπείᾳ,
3453 3102 3593 3164 παρ’

1998 3189 2176 3242 αὐτῶν
2199 3191 2340 3260 ἔχειν
2365 3190 2577 3243 ἅπαντα
2602 3190 2844 3251 εἰπόντες
2873 3188 3045 3240 ὁπόσα
3073 3204 3177 3258 περ
3207 3187 3388 3248 αὐτοῖς
3410 3186 3595 3257 πρόσ-

1996 3296 2143 3332 εστιν
2193 3279 2392 3348 ἀγαθὰ,
2447 3279 2482 3332 ἃ
2533 3278 2845 3350 προσδήλως
2890 3277 3070 3347 ἔχουσι
3113 3279 3242 3345 παρ’
3302 3274 3439 3346 ἐμοῦ
3489 3272 3598 3327 τοῦ

1997 3370 2217 3440 ποιητοῦ
2250 3370 2358 3421 τῶν
2400 3371 2681 3424 ἁπάντων·
2711 3367 2946 3438 ἐραστὰς
2991 3367 3046 3418 δὲ
3094 3367 3260 3436 αὐτῆς
3298 3367 3424 3428 τοὺς
3470 3365 3605 3417 δαί-

311 3478 474 3528 μονας
505 3459 674 3522 εἶπεν,
712 3475 786 3531 Ip.
830 3464 914 3531 15)
965 3463 1039 3525 ὡς
1079 3464 1142 3514 ἂν
1177 3464 1270 3516 καὶ
1315 3468 1412 3533 τὴν
1454 3463 1678 3516 ἐκείνων
1720 3463 2004 3533 ἐκφήνειεν
2071 3463 2322 3532 σπουδὴν,
2357 3464 2422 3533 ἣν
2475 3464 2600 3532 περὶ
2648 3462 2746 3530 τῆς
2787 3459 3058 3521 ἀπωλείας
3115 3459 3299 3528 ἔχουσι
3335 3459 3443 3511 τῶν
3493 3459 3603 3510 ἁν-

307 3551 568 3622 θρώπων,
621 3552 714 3604 καὶ
765 3551 968 3603 τούτων
1011 3553 1107 3622 τὴν
1171 3553 1404 3622 μανικὴν
1453 3553 1582 3624 περὶ
1633 3547 1878 3615 ’ἐκείνους
1925 3551 2183 3622 γνώμηνο
2219 3556 2337 3608 καθ’
2367 3556 2432 3625 ἢν
2486 3555 2562 3617 ὡς
2621 3552 2775 3615 θεούς
2799 3569 2856 3604 τε
2900 3554 2993 3604 καὶ
3030 3553 3246 3605 πάντων
3282 3553 3466 3616 αὐτοῖς
3503 3557 3601 3608 αι-

305 3644 453 3706 τίους
481 3642 589 3694 τῶν
615 3641 835 3710 ἀγαθῶν
870 3642 1152 3712 περιέπειν
1179 3644 1442 3714 ἐτόλμων.

377 3796 546 3853 Vsus.
584 3797 784 3850 6-8.-—
829 3817 846 3847 ‹
885 3795 1116 3866 Propter
1173 3797 1276 3850 hoc
1341 3812 1471 3850 ecce
1525 3809 1626 3864 ego
1685 3794 1889 3862 sepiam

312 3890 456 3942 viam
493 3890 612 3956 ejus
641 3890 811 3949 vallo,
839 3899 891 3941 et
932 3889 1214 3942 obstruam
1248 3888 1426 3940 exitus
1450 3887 1588 3953 ejus,
1627 3886 1698 3937 ita
1726 3893 1782 3936 ut
1809 3900 1894 3936 se.—

313 3981 500 4034 mitatn
556 3995 664 4032 non
710 3979 970 4031 inveniat.
1021 3998 1037 4028 ι
1090 3979 1454 4042 Quamobrem
1483 3977 1894 4031 inevitabililius

315 4070 558 4123 irretiam
593 4083 688 4122 eos
728 4070 906 4122 nullis.
937 4066 1117 4120 Veluti
1161 4069 1204 4123 si
1241 4070 1365 4138 quis
1411 4071 1552 4120 intro
1580 4068 1896 4128 Cunclttstrs,

313 4160 418 4212 viis
467 4157 710 4226 undique
752 4157 1086 4221 obstructis,
1146 4161 1427 4226 multaque
1475 4156 1610 4209 sude
1653 4156 1898 4209 circnm-

2072 3795 2215 3864 Στίχ.
2245 3800 2393 3862 (ς’-η’.
2422 3825 2488 3834 -—
2521 3811 2538 3842 ι
2577 3793 2675 3844 Διὰ
2714 3792 2869 3845 τοῦτο
2913 3793 3022 3845 ἰδοὺ
3073 3795 3183 3861 ἐγὼ
3217 3796 3443 3865 φράσσω
3491 3795 3605 3866 τὴν

1999 3889 2116 3940 ὁδὸν
2177 3887 2344 3954 αὐτῆς
2420 3886 2476 3935 ἐν
2532 3885 2788 3952 σκόλοψι,
2859 3887 2952 3937 καὶ
3023 3887 3427 3959 ἀνοικοδομήσω
3493 3892 3604 3954 τὰς

1999 3978 2150 4039 ὁδοὺς
2192 3977 2380 4045 αὐτῆς,
2433 3975 2526 4026 καὶ
2568 3973 2662 4044 τὴν
2705 3975 2887 4044 τρίϐον
2932 3976 3102 4047 αὐτῆς
3147 3979 3208 4030 οὐ
3256 3979 3330 4048 μὴ
3363 3979 3517 4052 εὕρῃ.
3575 4001 3598 4032 ι

2002 4067 2301 4138 Τοιγαροῦν
2364 4065 2744 4128 ἀδιεξοδεύτοις
2803 4067 2998 4130 αὐτοὺς
3056 4069 3336 4137 περιϐαλῶ
3400 4073 3605 4134 κακοῖς

2000 4159 2190 4211 τούτου
2225 4175 2286 4226 γε
2328 4157 2534 4219 ἕνεκεν,
2562 4158 2625 4209 ἵν’
2665 4157 2851 4230 ῶσπερ
2882 4159 3036 4224 εἴτις
3069 4161 3218 4214 ἔνδον
3248 4161 3608 4232 ἀπειλημμέ-

318 4248 532 4303 vallatis
565 4256 620 4302 et
652 4249 865 4316 asperis
886 4287 900 4309 ,
944 4247 1344 4316 impossibilem
1370 4244 1594 4300 haberet
1652 4247 1858 4300 exitum

2013 4266 2090 4310 νος
2111 4249 2217 4300 τῶν
2254 4265 2314 4300 τε
2356 4247 2490 4299 ὁδῶν
2525 4247 3043 4318 ἀνῳκοδομημένων,
3081 4250 3172 4302 καὶ
3216 4251 3438 4321 σκόλοψι
3467 4253 3611 4306 πολε

315 4341 397 4394 sic
431 4337 699 4392 bellorum
740 4339 980 4408 pondere
1013 4348 1067 4391 et
1093 4339 1414 4408 captivitate
1456 4346 1509 4391 et
1539 4338 1807 4406 angustiis
1835 4354 1876 4390 c:

2013 4341 2113 4401 λοῖς
2144 4338 2539 4408 διειλημμένων
2583 4338 2675 4390 καὶ
2718 4337 2996 4406 χαλεποῖς,
3033 4340 3295 4394 ἀδύνατον
3342 4343 3455 4413 ἔχοι
3497 4345 3611 4413 τὴν

315 4446 382 4485 ca
415 4430 881 4500 consequentibus
926 4432 1135 4483 nullum
1167 4430 1444 4483 invenient
1471 4429 1738 4482 malorum
1771 4429 1875 4482 ea"

2013 4431 2178 4495 ἔξοδον
2201 4450 2212 4459 ·
2245 4430 2386 4483 οὕτω
2414 4433 2479 4500 τῇ
2509 4429 2771 4501 βαρύτητι
2801 4431 2908 4484 τῶν
2937 4431 3187 4502 πολέμων
3217 4437 3283 4504 τῇ
3319 4452 3378 4488 τε
3402 4439 3614 4505 αἰχμα-

317 4523 489 4591 gium.
521 4541 540 4573 ι
580 4521 649 4576 Et
681 4523 985 4577 sectabitur
1006 4531 1280 4574 amatores
1313 4537 1442 4574 suos
1466 4561 1477 4576 .
1517 4537 1692 4588 neque
1717 4528 1876 4572 tamen

2013 4521 2173 4589 ὶωσίᾳ
2205 4522 2294 4572 καὶ
2335 4523 2453 4581 ταῖς
2497 4519 2703 4571 ἐκεῖθεν
2761 4521 3188 4591 κατασχεθέντες
3217 4523 3616 4596 ἀνάγκαιςμη-

318 4612 691 4682 apprehendat
731 4627 860 4677 eos;
913 4617 1118 4681 quarret
1190 4627 1306 4671 eos,
1357 4626 1532 4677 neque
1570 4610 1826 4662 inveniet.

2013 4609 2190 4678 δεμίαν
2272 4609 2572 4678 εὑρίσκοιεν
2609 4609 2837 4675 διέξοδον
2867 4610 2975 4663 τῶν
3011 4613 3216 4664 κακῶν.
3261 4630 3278 4662 ι
3334 4609 3440 4664 Καὶ
3471 4610 3614 4665 διώ-

319 4706 474 4758 Tunc
535 4706 871 4760 invocabunt
941 4705 1296 4766 dannonnm,
1368 4718 1507 4774 quos
1570 4702 1856 4754 coluerunt

2013 4699 2152 4762 Ξεται
2195 4699 2317 4760 τοὺς
2360 4699 2593 4768 ἐραστάς
2655 4701 2857 4770 αὐτῆς,
2921 4704 3015 4754 καὶ
3067 4703 3125 4755 ού
3181 4702 3258 4774 μὴ
3307 4704 3616 4776 παραλάβῃ

319 4799 622 4863 auxilium;
649 4799 781 4867 quin
810 4809 989 4868 tamen
1017 4801 1137 4866 opis
1168 4797 1464 4866 quidquam
1490 4795 1876 4848 nanciscantur

2013 4792 2232 4853 αὐτούς’
2283 4791 2374 4842 καὶ
2418 4789 2641 4860 ζητήσει
2690 4791 2907 4856 αὐτοὺς,
2946 4799 3040 4846 καὶ
3085 4795 3146 4846 ού
3203 4795 3278 4865 μὴ
3327 4795 3467 4868 εὕρῃ
3503 4798 3616 4862 ait:

324 4889 422 4956 ιι
472 4907 488 4938 ι
527 4887 789 4955 llicctque
815 4907 828 4940 ι
861 4887 1125 4940 Revertar
1149 4890 1212 4941 ad
1243 4888 1476 4956 priorem
1503 4887 1678 4938 virum
1699 4901 1875 4938 meum

2013 4882 2147 4945 τούς.
2179 4901 2197 4933 ι
2226 4881 2358 4932 Τότε
2397 4881 2680 4934 καλέσουσι
2727 4884 2824 4943 μὲν
2873 4885 2951 4947 εἰς
2987 4883 3238 4954 βοήθειαν
3271 4885 3366 4951 οὒς
3404 4887 3616 4960 ἐθερά-

319 4980 543 5046 linicum
598 4977 810 5032 beatius
865 4994 1029 5046 quam
1081 4979 1334 5047 praesenti
1393 4986 1639 5046 tempore
1688 4975 1820 5028 vixi.

2013 4989 2168 5026 πευον
2193 4972 2478 5042 δαίμονας.
2521 4972 2814 5042 Περιέσται
2846 4974 2902 5026 δὲ
2942 4975 3123 5039 αὐτοῖς
3160 4976 3352 5048 κέρδος
3385 4980 3618 5034 ἐκεῖθεν

325 5072 574 5121 lli-rorem
611 5082 770 5120 suum
805 5077 918 5122 tum
960 5069 1199 5138 denique
1235 5077 1535 5137 agnoscent
1559 5109 1573 5127 ,
1607 5081 1876 5134 sccnmqu

2013 5063 2176 5115 οὐδέν.
2219 5081 2236 5111 ι
2275 5062 2380 5114 Kal
2419 5065 2552 5131 ἐρεῖ,
2587 5064 2929 5133 Πορεύσομαι
2976 5066 3072 5117 καὶ
3112 5068 3426 5138 ἐπιστρέψω
3469 5071 3621 5140 πρὸς

323 5161 516 5213 melius
548 5167 728 5212 actum
764 5159 900 5221 fore,
922 5160 967 5215 si
999 5161 1169 5214 cultui
1193 5176 1313 5214 meo
1337 5160 1876 5226 adliwsissetit.miati

2013 5155 2095 5206 τὸν
2146 5154 2311 5222 ἄνδρα
2376 5171 2477 5223 μου
2535 5153 2624 5205 τὸν
2676 5154 2973 5226 πρότερον,
3022 5157 3103 5210 ὅτι
3153 5159 3336 5224 καλῶς
3391 5178 3484 5231 μοι
3545 5158 3622 5232 ἦν

323 5253 366 5305 si
412 5252 476 5303 ad
510 5253 818 5305 daemonum
853 5255 1276 5323 superstitiones
1307 5265 1480 5308 semet
1531 5252 1876 5306 demisissent

2013 5248 2124 5300 τότε
2153 5247 2185 5316 ἢ
2213 5246 2324 5298 νῦν.
2361 5265 2378 5297 ι
2415 5245 2548 5298 Τότε
2590 5245 2652 5315 δὴ
2695 5247 2794 5316 τὴν
2828 5248 3036 5319 πλάνην
3077 5251 3483 5319 ἐπιγνώσονται
3513 5256 3623 5322 τὴν

329 5361 347 5388 ι
389 5341 600 5410 Quippe
652 5342 796 5396 haud
851 5355 1076 5398 neverat
1113 5345 1227 5414 ipsa
1277 5361 1337 5400 se
1377 5344 1710 5398 frumentum
1748 5356 1776 5392 a
1820 5357 1869 5392 m

2013 5338 2230 5402 οἰκείαν,
2261 5337 2353 5390 καὶ
2379 5336 2455 5399 ὼς
2487 5339 2704 5407 ἄμεινον
2736 5334 2802 5409 ἦν
2838 5340 3021 5403 αὐτοῖς
3061 5341 3160 5412 τῆς
3206 5344 3348 5414 ἐμῆς
3386 5346 3621 5415 ἀντέχε-

325 5441 614 5504 acceptum
646 5436 861 5501 tulisse,
896 5439 1134 5506 vinaque
1163 5444 1215 5491 et
1244 5438 1365 5490 oleo
1387 5478 1403 5502 ,
1437 5444 1661 5506 argento
1689 5443 1741 5487 et
1769 5448 1876 5485 auri

2013 5429 2128 5482 σθαι
2161 5428 2476 5499 θεραπείας,
2519 5429 2550 5498 ἢ
2599 5431 2725 5500 περί
2771 5430 2867 5500 τὴν
2915 5432 3024 5485 τῶν
3069 5433 3344 5503 δαιμόνων
3391 5437 3622 5504 ἀπάτην

326 5543 355 5578 a
390 5543 474 5578 me
505 5525 673 5579 fuisse
692 5528 976 5594 repletam.
996 5527 1213 5582 Interim
1232 5529 1348 5598 ipsa
1373 5536 1659 5598 argenteas
1682 5539 1875 5576 aureas

2013 5523 2284 5578 είλεῖσθαι.
2321 5541 2338 5572 ‹
2374 5523 2480 5574 Καὶ
2510 5523 2644 5592 αὐτὴ
2676 5523 2773 5576 οὐκ
2811 5523 2950 5591 ἔγνω
2980 5526 3061 5577 ὅτι
3092 5525 3202 5593 ἐγὼ
3229 5527 3439 5580 δέδωκα
3471 5529 3620 5598 αὐτῇ

325 5635 432 5690 que
483 5619 787 5673 oblationes
838 5619 984 5673 Baali
1039 5621 1259 5675 dicavit.
1309 5641 1327 5672 ι
1385 5619 1609 5674 Discent
1665 5617 1876 5686 deniqw

2013 5618 2096 5668 τὸν
2114 5617 2188 5686 (p.
2212 5615 2293 5683 16)
2318 5617 2460 5665 σῖτον
2480 5615 2569 5665 καὶ
2587 5614 2676 5663 τὴν
2693 5610 2832 5666 οἶνον
2856 5617 2947 5666 καὶ
2959 5616 3008 5666 τί
3029 5611 3622 5688 ἔλαιον,κα“ι”ἀργύριον

325 5724 523 5780 magna
547 5724 606 5765 se
631 5709 847 5766 inscitia
878 5713 1236 5780 laboravisse,
1267 5714 1396 5769 dum
1435 5712 1596 5768 idolis
1630 5710 1876 5765 bonorun

2013 5709 2100 5762 ml
2146 5707 2366 5777 χρυσίον
2422 5704 2693 5775 amatam
2734 5707 2892 5776 αὐτῇ.
2945 5706 3090 5778 Αὐτὴ
3148 5706 3204 5756 δὲ
3249 5708 3473 5782 ἀργυρᾶ
3520 5711 3619 5764 καὶ

1019 5789 1038 5819 \
