3814 6224
140 302 213 355 l3?
1130 294 1680 354 COMMENTARIUS
1716 294 1779 351 IN
1821 293 2021 350 OSEAE
2045 293 2203 351 CAP.
2239 292 2311 349 ll.
3228 290 3329 347 {58

136 416 272 485 χρυσᾶ
299 415 504 483 ἐποίησε
534 418 603 486 τῇ
631 415 794 469 Βαάλ.
836 436 853 469 ι
886 417 1235 488 Μαθήσονταί
1264 437 1324 472 τε
1358 420 1433 483 ὡς
1461 418 1642 490 πολλήπ

1829 432 1985 471 orum
2032 432 2252 472 causam
2299 416 2649 487 imputarent,
2709 427 2829 482 qua:
2874 420 3056 467 tamen
3122 426 3153 466 a
3208 428 3329 479 me,

135 523 228 558 τινα
263 508 351 576 τὴν
392 507 609 573 ἄγνοιαν
656 508 894 573 ἐνόσουν,
929 510 1157 573 ἐκείνοις
1190 510 1524 583 λογιζόμενοι
1554 510 1641 562 τῶε

1830 521 1948 561 rum
1995 508 2241 561 omnium
2292 515 2539 568 auctore,
2586 505 2801 560 abunde
2834 504 2969 575 ipsis
3019 503 3336 575 suppedita-

136 594 395 665 προσόντων
422 594 641 663 ἀγαθῶν
669 599 853 661 αὐτοῖς
887 598 985 669 τὴν
1020 600 1224 653 αἰτίαν·
1261 600 1402 671 ἅπερ
1440 595 1531 653 οῦν
1570 600 1642 653 αύι

1827 605 1994 664 untur;
2018 613 2195 668 neque
2226 598 2372 653 enim
2399 595 2586 668 fruges
2615 594 2996 650 tantummodo
3024 596 3093 651 iis
3121 594 3333 660 suﬂ‘eci,

134 689 221 746 τοῖς
262 687 434 754 σαφῶς
491 690 620 759 παρ’
664 690 795 759 ἐμοῦ
847 691 940 744 τοῦ
991 692 1213 763 ποιητοῦ
1260 693 1367 746 τῶν
1413 693 1640 748 ἀπάντω

1827 704 1954 742 τιιπι
2003 689 2166 744 etiam
2208 696 2491 759 argentum
2538 695 2702 758 atque
2739 703 2933 742 aurum
2975 694 3092 741 tum
3133 702 3333 741 exeun-

135 777 331 846 ᾰαρκῶς
372 780 700 849 ἐχορηγεῖτο,
736 782 798 834 ού
846 784 1089 853 καρποὺς
1122 785 1448 853 παρέχοντος
1484 783 1641 851 μόνον

1832 796 1912 834 ius
1946 796 2009 834 ex
2043 779 2297 850 IEgyplo,
2339 791 2450 835 tum
2483 780 2606 835 aliis
2637 787 2825 849 postea
2861 778 3147 849 permultis
3175 792 3338 833 even-

135 869 242 920 ἀλλὰ
268 870 353 921 καὶ
388 872 644 942 ἀργύριον
674 872 767 925 καὶ
800 874 1039 943 χρυσίον,
1079 873 1141 926 ἐκ
1165 892 1223 927 τε
1263 875 1360 945 τῆς
1393 874 1533 927 κατά
1571 874 1641 944 τὴ

1836 886 1934 925 ηις.
1968 870 2036 923 At
2062 886 2190 925 vero
2242 872 2346 942 ipsi
2393 872 2647 927 conﬂatis
2672 888 2737 927 ex
2762 872 2864 926 hac
2900 872 3127 927 materia
3151 871 3342 935 idolis.

134 962 363 1028 Αἴγυπτον
396 964 594 1029 ἐξόδου,
630 964 724 1017 καὶ
773 965 877 1035 μὴν
908 968 1002 1018 καὶ
1038 967 1177 1019 κατά
1210 967 1417 1019 πολλῶν
1447 966 1639 1034 ῦστερο

1830 978 1879 1015 ιη
1939 961 2263 1017 dubitarunt
2318 962 2446 1017 vani
2512 963 2695 1017 cultus
2746 962 3213 1027 observationem,
3264 963 3336 1018 ob

133 1051 354 1121 ἀφορμῶν
403 1055 632 1125 ἐτέρων·
665 1055 755 1123 ἀφ’
783 1050 857 1109 ὧν
884 1058 985 1109 οὐκ
1022 1057 1232 1111 ὤκνουν
1272 1057 1462 1111 εἴδωλα
1505 1074 1639 1110 κατα

1371 1057 1462 1111 υλα
1505 1074 1672 1110 κατα·
1771 1055 1970 1108 metalli
2010 1055 2398 1125 priestantiam,
2428 1055 2647 1125 plurimi
2677 1054 2877 1110 facere.

134 1141 443 1207 σκευάζοντες
488 1147 717 1211 ἑαυτοῖς,
763 1151 963 1221 σεμνήν
999 1166 1122 1203 τινα
1158 1149 1245 1202 διὰ
1283 1148 1379 1219 τὴν
1409 1149 1506 1219 τῆς
1540 1148 1672 1218 ῦλης

132 1231 402 1297 πλεονεξίαν
434 1235 534 1304 τὴν
561 1236 855 1310 θεραπείαν
889 1238 1069 1293 αὐτῶν
1092 1238 1359 1310 ἡγεῖσθαι.

186 1385 315 1455 Στίχ.
364 1387 517 1458 θ’-ιβ⁹.
559 1410 676 1442 -ι
711 1391 811 1444 Διά
866 1391 1023 1445 τοῦτο
1067 1394 1379 1463 ἐπιστρέψω
1442 1393 1536 1446 καὶ
1585 1410 1675 1445 κο-

1850 1389 2010 1444 Vr-zns.
2052 1390 2206 1443 942.
2238 1419 2303 1430 —
2348 1408 2367 1441 ι
2411 1388 2701 1459 Propterea
2746 1397 3015 1455 revertar,
3058 1396 3114 1445 et
3156 1390 3342 1446 tollam

133 1476 326 1548 μιοῦμαι
348 1480 436 1532 τὸν
470 1481 617 1533 σῖτόν
654 1500 755 1553 μου
791 1484 910 1536 καθ’
935 1484 1082 1555 ὤραν
1112 1486 1295 1539 αὑτοῦ.
1330 1504 1347 1536 ι
1378 1483 1639 1555 Τοιγαροῦ

1840 1478 2018 1533 iticum
2060 1495 2236 1533 meum
2279 1480 2334 1533 in
2363 1487 2606 1548 tempore
2636 1494 2757 1533 suo.
2792 1497 2810 1529 ι
2840 1477 3113 1533 Grandem
3136 1481 3346 1536 scilicet

128 1569 299 1640 πολλὴν
333 1572 387 1624 ἐν
426 1573 610 1637 αὐτοῖς
644 1573 945 1646 ἐργάσομαι
980 1575 1079 1647 τὴν
1116 1576 1420 1644 ἀκαρπίαν·
1452 1577 1510 1628 ἐν
1538 1568 1581 1643 ᾧ
1613 1576 1634 1627 δ

1836 1573 1913 1626 sis
1956 1572 2158 1625 creabo
2213 1571 2599 1635 sterilitatem;
2660 1587 2785 1625 nam
2839 1587 2948 1642 quo
2996 1572 3342 1641 potissimum

131 1658 335 1729 μάλιστα
368 1663 544 1734 καιρῷ
586 1663 683 1735 τὴν
736 1665 1058 1736 προσδοκίαν
1110 1666 1287 1720 αὐτῶν
1317 1667 1415 1737 τῆς
1443 1666 1637 1719 ἀπολαιὶ

1844 1677 2028 1731 mpore
2076 1661 2184 1716 frui
2233 1662 2398 1717 bonis
2449 1675 2695 1733 sperant,
2752 1672 2880 1718 tunc
2928 1664 3077 1717 omni
3128 1672 3350 1732 repente

131 1765 245 1814 σεως
265 1750 485 1822 ἔχουσιν,
518 1755 639 1807 τότε
666 1754 729 1827 δὴ
760 1756 966 1820 πάντας
993 1757 1173 1809 αὐτῶν
1197 1757 1389 1828 ἀθρόον
1414 1757 1637 1826 ἀφαιροῦ

1840 1764 1963 1824 epto
1986 1756 2066 1809 eis
2097 1753 2703 1815 fructu,consuetorum
2727 1756 2992 1809 varietate
3021 1756 3346 1810 damnorum

132 1858 269 1909 μενος
294 1846 413 1907 τοὺς
450 1846 715 1915 καρποὺς,
752 1850 817 1918 τῇ
860 1848 1103 1920 ποικιλίᾳ
1140 1848 1247 1901 τῶν
1280 1848 1545 1902 εἰωθότων
1583 1849 1638 1901 λυ

1842 1860 2032 1909 ντυθιη,
2075 1846 2327 1914 rubigine
2375 1845 2582 1917 (puta),
2632 1845 2900 1917 grandine
2936 1853 2990 1900 et
3031 1845 3348 1914 hujusmodi

133 1934 384 2000 μαίνεσθαι
422 1938 540 1999 τοῖς
590 1937 871 2001 τοιούτοις,
920 1939 1166 2011 ἐρυσίϐῃ,
1212 1934 1321 1992 οἷον
1358 1940 1553 2007 εἰπεῖν,
1585 1958 1639 1994 κε

1848 1939 1903 1992 is
1930 1978 1944 2000 ,
1982 1952 2103 2007 quae
2149 1938 2330 1992 subito
2370 1938 2699 2008 ingruentia,
2755 1952 2897 2006 saepe
2941 1936 3190 2007 frugibus
3230 1937 3354 2006 jam.

129 2025 325 2097 χαλάζῃ.
356 2026 449 2079 καὶ
493 2030 607 2090 τοῖς
656 2027 934 2094 τοιούτοις,
977 2031 1146 2084 ὁπόσα
1178 2032 1366 2103 ἀθρόον
1399 2033 1635 2102 συμϐάντ

1845 2044 1904 2082 se
1932 2027 2346 2083 ostendentibus
2370 2043 2684 2099 supremum
2715 2029 2939 2082 exitium
2969 2028 3235 2090 inferunt,
3267 2037 3345 2091 ut,

129 2115 356 2180 πολλάκις
400 2118 512 2171 τῶν
568 2120 909 2190 φαινομένων
958 2122 1187 2193 καρπῶν
1236 2123 1469 2195 παντελῆ
1516 2124 1635 2177 ἀπώ

1842 2134 1946 2175 rem
1972 2120 2243 2174 bonorum
2271 2134 2497 2174 suorum
2530 2130 2809 2175 auctorem
2848 2135 2954 2173 non
2995 2131 3348 2191 agnoverant,

128 2205 254 2259 λειαν
286 2208 599 2278 εἴργασται·
647 2208 789 2263 ὥστε
842 2212 901 2264 ὃν
955 2213 1054 2265 οὐκ
1086 2213 1329 2282 ἔγνωσαν
1377 2216 1547 2267 αῐτιον
1585 2215 1634 2267 αἱ

1849 2258 1852 2264 .
1882 2210 2117 2280 impacta
2146 2210 2335 2265 saltem
2372 2226 2553 2281 pcena,
2579 2221 2631 2265 et
2669 2213 2741 2267 rei
2769 2212 2908 2266 data:
2937 2212 3212 2267 ablatione
3240 2229 3355 2267 ma-

126 2301 221 2362 τοῑς
249 2299 349 2352 τῶν
404 2300 648 2367 ἀγαθῶν,
680 2304 747 2371 τῇ
806 2304 1121 2374 ἐπαγομένη
1173 2304 1432 2375 τιμωρίᾳ,
1479 2306 1571 2357 καὶ
1615 2321 1632 2355 1

1848 2296 1981 2353 feste
2008 2306 2366 2367 cognoscant.
2397 2318 2415 2350 ι
2456 2298 2522 2352 Et
2563 2299 2806 2353 auferam
2853 2301 3181 2356 vestimenta
3210 2316 3352 2362 mea,

125 2388 217 2440 τῶν
263 2388 517 2443 δοθέντων
570 2392 893 2463 ἀφαιρέσει,
942 2393 1141 2461 γνῶναι
1220 2395 1423 2463 σαφῶς.
1486 2415 1504 2446 ι
1575 2397 1631 2448 Kl

1871 2391 2188 2446 linteamina
2213 2405 2355 2455 mea,
2391 2407 2461 2445 ne
2489 2392 2735 2459 operiant
2763 2390 3118 2461 ignominiam
3151 2392 3291 2461 ejus.
3330 2412 3350 2446 ι

126 2480 399 2551 ἀφιλοῦμαι
432 2483 503 2535 τὰ
534 2484 726 2553 ἱμάτιά
763 2502 885 2555 μου,
914 2486 1099 2539 καὶτὰ
1126 2486 1308 2540 όθόνιά
1335 2504 1457 2556 μου,
1486 2487 1561 2556 (p.
1597 2488 1632 2539 ι’

1851 2496 2139 2550 mcunque
2196 2496 2226 2535 a
2293 2496 2379 2533 me
2427 2479 2779 2535 multifariam
2839 2482 3035 2535 collata
3088 2483 3357 2537 ornabant

125 2572 203 2624 τοῦ
231 2573 299 2643 μὴ
335 2574 631 2627 καλύπτειν
658 2575 755 2647 τὴν
789 2576 1172 2647 ἀσχημοσύνην
1215 2578 1412 2647 αὐτῆς.
1450 2597 1468 2629 ι
1503 2578 1631 2631 Πάνπ

1855 2591 1914 2636 s,
1950 2582 2003 2628 et
2033 2575 2293 2628 lautiores
2338 2575 2550 2627 caeteris
2593 2572 2867 2627 faciebant
2906 2575 2999 2644 qui
3030 2574 3143 2628 hrec
3178 2577 3359 2645 possi-

126 2664 274 2718 ὁπόσα
299 2667 575 2739 διαφόρως
601 2668 785 2731 αὐτοῖς
809 2670 938 2740 παρ’
973 2668 1106 2739 ἐμοῦ
1154 2669 1533 2741 χορηγούμενα
1563 2672 1632 2722 ἐκι

1859 2672 1916 2717 nt
1954 2664 2290 2727 hominibus,
2332 2662 2447 2717 haac
2486 2663 2711 2732 inquam
2744 2661 3023 2727 auferens,
3069 2664 3363 2733 despectis-

130 2770 234 2823 σμει
264 2772 321 2807 τε
359 2756 455 2810 καὶ
495 2757 966 2830 εὐπρεπεστέρους
1017 2757 1224 2810 ἐδείκνυ
1257 2756 1367 2809 τῶν
1404 2758 1502 2828 τῆς
1549 2758 1636 2811 ἁπ‹

1856 2771 1959 2809 nos
2031 2756 2274 2811 omnium
2352 2756 2647 2826 prazstabo.
2711 2774 2729 2806 ι
2788 2757 2853 2809 Et
2906 2772 3053 2811 nunc
3108 2760 3362 2813 revelabo

124 2843 337 2909 λαύσεως
365 2846 573 2901 λοιπῶν
607 2847 931 2918 ἀνθρώπων,
968 2848 1139 2901 ταῦτα
1204 2847 1435 2917 ἀφελὼν,
1494 2849 1630 2918 ἀτιμι

1854 2847 2192 2901 Imunditiam
2230 2847 2406 2918 ipsius
2445 2847 2501 2901 in
2542 2859 2840 2917 conspectu
2881 2860 3187 2905 amatorum
3219 2852 3360 2919 ejus,

125 2936 289 3005 τέρους
336 2938 645 3008 ἐργάσομαι
705 2938 942 2991 πάντων.
980 2956 999 2989 ‹
1053 2938 1164 2991 Καὶ
1213 2939 1307 2992 νῦν
1359 2939 1631 3008 ἀποκαλύύ

1871 2954 2032 2993 nemo
2054 2948 2209 2994 eruet
2236 2954 2357 2993 eam
2388 2938 2453 2994 de
2480 2954 2646 2992 manu
2672 2955 2813 2993 mea.
2855 2958 2876 2990 ι
2912 2942 3088 3011 Atque
3125 2942 3199 2996 ita
3231 2942 3364 2996 ultio

130 3028 212 3095 τὴν
236 3028 575 3099 ἀκαθαρσίαν
603 3028 772 3099 αὐτῆς
801 3027 1029 3083 ἐνώπιον
1073 3029 1180 3082 τῶν
1212 3029 1457 3100 ἐραστῶν
1484 3030 1636 3099 αὐτῆς

1859 3045 1910 3085 3a
1942 3030 2370 3086 manifestiorem
2406 3030 2509 3100 12
2538 3032 2755 3086 cunctis
2787 3032 2974 3087 reddet
2997 3035 3215 3103 culpam
3257 3051 3365 3104 qua

126 3088 206 3170 καὶ
244 3088 424 3182 οὐδεὶς.
448 3120 513 3172 ού
575 3118 651 3189 μὴ
692 3088 940 3190 ἐξέληται
974 3119 1143 3191 αὐτὴν
1182 3088 1256 3172 ἐκ.
1290 3119 1469 3190 χειρός
1499 3088 1621 3190 μουί

1891 3122 2277 3186 irretiverunt,
2326 3123 2454 3176 dum
2501 3139 2586 3177 me
2632 3123 2892 3179 derelicto
2940 3124 3005 3178 ad
3054 3125 3363 3179 daemonum

127 3206 267 3259 Ὥστε
294 3208 377 3261 διὰ
400 3207 506 3277 τῆς
541 3207 812 3278 τιμωρίας
831 3208 927 3278 τῆς
958 3208 1099 3278 ἐμῆς
1126 3206 1460 3276 σαφεστέραν
1488 3205 1633 3258 ἆπασ

1864 3215 1996 3267 ltum
2039 3229 2097 3269 se
2126 3214 2479 3269 contulerunt
2512 3233 2526 3270 :
2569 3215 2729 3284 cujus
2759 3231 2958 3281 causa,
3010 3218 3367 3286 gravissimas

125 3298 280 3351 αὐτῶν
328 3299 590 3368 γενέσθαι
662 3298 760 3369 τὴν
810 3298 1156 3367 παρανομίαν
1217 3298 1283 3366 ἣν
1356 3295 1631 3365 εἰργάξοντ

1864 3306 1968 3360 lam
2014 3306 2162 3360 luent
2217 3322 2445 3375 pmnas,
2495 3307 2645 3361 nulla
2688 3306 2997 3362 daemonum
3058 3324 3160 3377 ope
3204 3310 3366 3378 potiri

127 3386 407 3454 ἀφεστῶτες
460 3389 564 3458 μὲν
610 3386 767 3456 ἐμοῦ,
817 3390 884 3457 τῇ
941 3386 1050 3437 τῶν
1091 3384 1361 3454 δαιμόνων
1406 3383 1463 3436 δέ
1518 3399 1633 3452 προς

1865 3398 2065 3462 lentes;
2112 3399 2311 3452 etenim
2346 3398 2537 3453 inflicti
2569 3400 2679 3456 illis
2714 3415 2745 3453 a
2784 3415 2871 3453 me
2919 3400 3174 3469 supplicii
3212 3401 3371 3471 longe

128 3477 381 3547 ανέχοντες
412 3478 705 3549 θεραπείᾳ·
730 3470 804 3530 ὧν
835 3478 920 3529 ἐπ’
944 3475 1098 3546 ὂψεσι
1122 3474 1427 3546 βαρυτάτας
1456 3472 1633 3538 δέξοντ

1862 3489 2020 3543 lidior
2043 3488 2126 3543 vis
2156 3498 2257 3543 est.
2290 3508 2309 3541 ι
2354 3489 2417 3543 Ει
2448 3499 2691 3545 avertam
2727 3501 2953 3545 cunctas
2989 3491 3205 3547 laetitias
3228 3470 3368 3561 ejus.

129 3570 239 3635 παρ’
265 3569 393 3637 ἐμοῦ
427 3569 530 3631 τὰς
577 3568 868 3639 τιμωρίας,
908 3567 1030 3620 οὐδὲ
1064 3568 1193 3636 μιᾶς
1232 3566 1324 3618 ὑπ’
1352 3562 1528 3617 αὐτῶν
1563 3563 1635 3634 βοι

1874 3582 2190 3635 neomenias
2232 3581 2415 3650 ipsius
2450 3596 2514 3636 ac
2546 3582 2807 3647 Sabbata,
2834 3598 3136 3654 omnesque
3169 3585 3373 3639 solem-

131 3655 255 3721 Θείας
299 3657 583 3722 ἀξιοῦσθαι
632 3652 732 3709 οἶοί
788 3674 849 3709 τε
895 3657 1074 3720 ὅντεςο
1127 3657 1250 3708 ἐπεὶ⁵
1292 3654 1387 3708 καὶ
1429 3655 1637 3725 κρείττιε

1867 3680 2012 3727 .ates.
2068 3690 2087 3723 ι
2139 3671 2326 3741 Neque
2371 3673 2734 3728 solemnitatis
2768 3674 2937 3744 igitur
2976 3690 3164 3745 neque
3207 3676 3373 3730 ullius

132 3748 286 3819 πάσης
314 3752 413 3821 τῆς
463 3750 816 3820 ἐπαγομένης
852 3750 1034 3811 αὐτοῖς
1064 3750 1194 3819 παρ’
1245 3746 1379 3818 ἐμοῦ
1425 3746 1638 3817 τιμωρίι

1868 3764 1920 3818 sti
1946 3802 1961 3825 ,
1987 3778 2167 3833 neque
2204 3765 2499 3834 cujuslibet
2530 3765 2714 3835 gaudii
2749 3775 2965 3835 tempus
3000 3766 3263 3838 deinceps
3292 3768 3374 3823 eis

133 3851 160 3905 η
183 3836 412 3910 δύναμις.
450 3859 470 3891 ι
513 3840 626 3893 Καὶ
660 3838 986 3910 ἀποστρέψω
1014 3839 1194 3903 πάσας
1234 3839 1330 3902 τὰς
1359 3838 1639 3908 εύφροσύνε

1865 3857 1896 3908 it
1913 3895 1926 3919 ,
1949 3855 2062 3925 jam
2091 3856 2343 3911 videlicet
2364 3856 2661 3926 captivitati
2682 3857 2920 3922 traditis,
2937 3867 2991 3914 et
3020 3836 3371 3915 dominorum

132 3929 295 3998 αὐτῆς.
330 3932 425 3984 καὶ
456 3932 642 3995 πάσας
670 3932 768 3994 τάς
798 3931 992 4001 ἐορτάς
1021 3931 1211 3998 αὐτῆς,
1250 3932 1342 3984 καὶ
1373 3932 1471 3994 τάς
1495 3948 1638 4001 νουμ·

1871 3946 2050 3999 ιιοιιιία
2083 3946 2230 4001 varie
2268 3948 2495 4017 pressis.
2534 3965 2553 3997 ι
2602 3946 2667 3999 Ει
2700 3946 2977 4002 destruam
3007 3949 3219 4004 vineam
3255 3950 3377 4018 ejus

133 4018 234 4079 νίας
258 4021 445 4092 αὐτῆς,
482 4023 581 4075 καὶ
618 4022 687 4074 τὰ
724 4021 977 4075 Σάσὸατα
1021 4022 1212 4091 αὐτῆς,
1247 4022 1338 4074 καὶ
1387 4021 1564 4084 πάσας
1595 4038 1639 4073 r:

1888 4037 2045 4100 ﬁcus.
2075 4039 2143 4094 de
2165 4039 2364 4108 quibus
2389 4040 2506 4110 ipsa
2531 4039 2745 4095 dixerat
2778 4062 2789 4095 :
2822 4039 2916 4095 Hae
2942 4048 3069 4096 sunt
3095 4043 3378 4098 mercedes

134 4112 461 4183 πανηγύρεις.
517 4131 537 4164 ι
583 4112 717 4165 Οὐδὲ
756 4112 885 4180 γοῦν
919 4112 1275 4183 πανηγύρεως
1314 4112 1408 4164 xa‘t
1440 4112 1633 4182 ἑορτῆς

1870 4144 1948 4193 eae,
1980 4145 2117 4201 quas
2148 4131 2279 4184 mihi
2310 4139 2584 4187 amatores
2617 4131 2722 4186 mei
2752 4130 3036 4187 dederunt.
3077 4151 3097 4183 ι
3132 4132 3376 4188 Cunctos

134 4217 253 4266 τινος
280 4203 621 4275 εὐφροσύνης
652 4204 860 4269 ἕξουσιν
898 4203 979 4256 ἔτι
1015 4204 1223 4275 καιρὸν,
1253 4203 1348 4256 ἅτε
1387 4206 1454 4274 τῇ
1492 4204 1640 4273 αίχμι

1872 4236 1958 4274 me
1988 4220 2201 4274 fructus
2231 4221 2311 4274 eis
2327 4220 2578 4289 eripiam,
2601 4234 2742 4290 quos
2763 4230 3019 4289 acceptos
3038 4220 3378 4277 daamonibus

135 4289 281 4363 λωσία
313 4296 756 4367 παραδιδόμενα,
780 4296 872 4349 καὶ
888 4298 1005 4358 ταίι,
1028 4296 1135 4348 τῶν
1167 4295 1500 4365 κατεχόντων
1526 4295 1641 4349 ἀνά-

1865 4309 2127 4365 ferebant.
2175 4330 2195 4362 ‹
2245 4312 2425 4381 Atque
2460 4325 2523 4365 ea
2574 4289 2774 4379 ponam
2817 4312 2870 4365 in
2918 4312 3313 4367 testimonium.
3353 4332 3371 4364 ι

136 4398 241 4447 καις
275 4387 585 4458 πιεζόμενοι
624 4387 899 4451 ποικίλως.
953 4407 974 4440 ‹
1019 4389 1129 4441 Καὶ
1183 4388 1398 4457 ἀφανιῶ
1454 4386 1642 4458 ἄμπελι

1872 4416 2005 4469 empe
2056 4400 2171 4455 hac
2216 4402 2472 4471 spoliatio
2512 4403 2810 4455 maximum
2855 4404 2960 4457 erit
3004 4406 3378 4459 testimonium

135 4473 300 4543 αὑτῆς,
323 4478 418 4529 καὶ
446 4477 549 4539 τὰς
582 4478 753 4541 συκᾶς
781 4477 972 4549 αὐτῆς,
1006 4478 1165 4539 Ὀσα,
1195 4474 1334 4543 εἶπε,
1373 4476 1641 4548 μισθώμα·

1877 4491 2092 4545 reteritaa
2120 4492 2447 4563 iniquitatis,
2472 4508 2577 4562 qua
2603 4494 2748 4549 bona
2780 4494 2869 4547 illa
2892 4511 2922 4547 a
2944 4494 3287 4551 daemonibus
3321 4512 3383 4552 se

138 4579 227 4631 μου
262 4567 377 4620 ἐστὶ
407 4568 587 4622 ταῦτα
609 4568 646 4623 ἃ
681 4568 889 4625 ἔδωκάν
921 4587 1012 4640 μοι
1058 4572 1107 4623 ol
1154 4570 1379 4641 ἐρασταί
1411 4586 1534 4640 μου.
1566 4588 1584 4620 ι
1619 4569 1637 4639 (

1884 4580 2011 4634 bere
2069 4580 2364 4645 dicebant,
2416 4598 2649 4652 quorum
2710 4591 2891 4637 tamen
2961 4583 3270 4638 dandorum
3327 4592 3384 4640 et

140 4655 214 4721 l8)
240 4657 448 4723 Πάντας
476 4660 544 4730 δὴ
596 4661 721 4726 τοὺς
764 4664 1008 4732 καρποὺς
1046 4661 1224 4717 αὐτῶν
1271 4662 1591 4732 ἀφελοῦμαι,
1625 4655 1646 4715 ὃ

1876 4674 2229 4728 ferendorum
2270 4675 2476 4730 arbiter
2513 4690 2613 4746 ego
2654 4690 2827 4729 eram.
2861 4693 2880 4726 ι
2922 4675 2987 4729 Ει
3020 4676 3295 4730 vorabunt
3318 4690 3382 4732 ea

137 4750 231 4809 rei;
269 4749 517 4821 δαίμοσιν
571 4751 875 4820 ἐλογίζοντο
915 4752 1016 4823 τὴν
1056 4752 1221 4806 δόσιν.
1253 4771 1272 4803 ι
1308 4753 1419 4806 Καὶ
1470 4752 1643 4825 θήσομ

1870 4780 1938 4818 ra:
1974 4766 2112 4835 agri,
2167 4774 2221 4821 et
2271 4768 2509 4821 volatilia
2555 4768 2712 4832 cmli,
2760 4776 2814 4822 et
2872 4769 3088 4837 reptilia
3134 4776 3314 4827 terrm.
3357 4787 3376 4820 ι

139 4836 262 4890 αὐτὰ
303 4842 381 4905 εἰς
433 4840 755 4911 μαρτύριον.
794 4860 811 4892 ι
843 4841 1005 4893 Ὥστε
1052 4841 1153 4913 τὴν
1200 4840 1488 4910 ἀφαίρεσιν
1526 4840 1645 4892 αὺτί

1880 4866 2019 4910 meta
2051 4859 2255 4927 passim
2291 4858 2553 4914 vastanda
2587 4859 2867 4929 objiciam,
2900 4836 2974 4913 ita
3001 4869 3060 4914 ut
3088 4859 3224 4914 nihil
3250 4859 3386 4915 utile

144 4930 388 5008 μεγίστην
434 4929 579 4987 εἶναι
634 4934 938 5004 μαρτυρίαν
995 4934 1095 5003 τῆς
1136 4933 1478 5004 παρανομίας
1526 4933 1650 4986 αύτι]

1880 4948 2223 5017 perfuturum
2254 4951 2321 5004 iis
2345 4950 2437 5004 sit.
2470 4950 2599 5020 Agri
2629 4949 2783 5015 feris,
2813 4950 2935 5005 cmli
2967 4951 3182 5015 avibus,
3224 4959 3386 5007 terra:

140 5020 224 5090 τῆς
245 5024 495 5095 πρόσθεν,
522 5025 643 5079 καθ’
673 5026 740 5096 ἢν
763 5029 873 5089 τοῖς
898 5026 1146 5097 δαίμοσιν
1179 5027 1479 5095 ἐλογίζοντο
1501 5026 1646 5079 ἐκεῖν

1878 5035 2160 5103 rpentibus
2211 5036 2532 5090 varietatem
2587 5035 2849 5091 denotare
2899 5036 3073 5090 voluit
3118 5036 3382 5095 hostium.

138 5110 199 5167 ὢν
235 5116 323 5167 καὶ
350 5118 450 5187 τῆς
482 5118 679 5181 δόσεως
710 5119 803 5171 καὶ
836 5118 936 5189 τῆς
966 5118 1303 5190 ἀφαιρέσεως
1340 5119 1527 5191 κύριος
1560 5121 1644 5190 ήμ¹

1880 5125 1904 5177 ri
1954 5125 2078 5181 illos
2110 5142 2329 5196 pessum
2380 5134 2540 5180 erant
2588 5126 2790 5182 daturi.
2834 5126 2970 5182 Nam
3002 5126 3130 5183 fera:
3167 5128 3386 5198 quidem

140 5208 252 5272 ἐγώ.
290 5227 309 5259 ι
343 5211 453 5263 Καὶ
482 5210 859 5278 καταφάγεται
898 5212 1039 5267 αύτά
1081 5212 1148 5265 τὰ
1181 5212 1343 5285 θηρία
1389 5213 1480 5266 τοῦ
1512 5214 1646 5282 ἀγρο

1883 5218 2019 5270 :vitia
2070 5218 2317 5274 nocendo
2372 5218 2659 5275 imminent
2697 5238 2712 5275 :
2752 5234 2880 5276 aves
2927 5220 2997 5275 iis
3044 5236 3166 5290 quae
3197 5220 3389 5275 volunt

145 5296 226 5347 nl.
252 5301 318 5351 τὰ
344 5303 564 5354 πετεινά
586 5302 679 5356 τοῦ
701 5304 951 5371 ούρανοῦ,
977 5305 1072 5356 καὶ
1093 5303 1160 5357 τὰ
1179 5304 1384 5374 ἐρπετά
1404 5304 1506 5373 τῆς
1533 5304 1651 5375 γῆς.

1954 5324 1985 5364 e
2022 5310 2267 5363 involant
2302 5330 2314 5365 :
2348 5310 2687 5380 serpentium
2739 5310 2975 5382 denique
2997 5312 3390 5383 gravissimum
3444 5370 3455 5394 ι

148 5385 229 5450 Εἰς
248 5388 418 5461 λύμην
442 5395 581 5448 αύτά
625 5394 883 5467 προθήσω
926 5398 1109 5461 πᾶσιν,
1148 5397 1285 5450 ὥστε
1326 5398 1491 5468 μηδὲν
1526 5397 1585 5462 ἐξ,
1610 5424 1654 5452 ω

834 5414 883 5448 ω
926 5398 1109 5461 πᾶσιν,
1148 5397 1285 5450 ὥστε
1326 5398 1491 5468 μηδὲν
1526 5397 1585 5462 ἐξ,
1610 5404 1709 5452 αο-
1814 5408 2202 5456 nocumentum
2235 5410 2340 5459 est.

148 5483 244 5535 τῶν
263 5484 556 5538 ἀπόνασθαι
598 5484 852 5547 τούτους
906 5486 1069 5557 θηρία
1107 5486 1215 5557 γάρ
1248 5486 1452 5557 ἀγροῦ,
1487 5488 1581 5540 καὶ
1628 5489 1848 5543 πετεινά
1892 5489 2155 5561 οὐρανοῦ,
2196 5491 2290 5543 καὶ
2340 5491 2543 5564 ἐρπετά
2576 5492 2709 5561 γῆς,
2746 5492 2807 5546 τὸ
2844 5491 3181 5565 πολύτροπον
3219 5493 3393 5547 εἰπεῖν

151 5568 391 5648 ὲὸουλήθη
428 5579 540 5631 τῶν
591 5576 944 5650 λυμαίνεσθαι
1008 5575 1306 5646 μελλόντων
1363 5577 1544 5640 αὐτοῖς
1588 5578 1891 5649 πολεμίων·
1951 5581 2135 5652 ἐπειδὴ
2206 5580 2267 5634 τὸ
2311 5581 2409 5652 μὲν
2460 5582 2677 5653 θηρίον,
2722 5588 2787 5656 τῇ
2837 5585 3079 5656 ὠμότητι
3136 5584 3394 5656 βλάπτειν

152 5661 371 5737 ῑτοιμον·
402 5671 473 5724 τὰ
504 5672 722 5725 πετεινά
753 5671 829 5737 δέ,
866 5667 945 5738 τῷ
978 5669 1138 5721 πᾶσιν
1168 5667 1495 5737 ἐφίπτασθαι
1525 5662 1604 5728 οἷς
1644 5668 1709 5723 ἂν
1738 5669 1897 5744 ἐθέλῃ
1934 5673 2130 5743 ῥαδίως
2151 5688 2163 5700 ·
2199 5671 2266 5725 τὰ
2300 5673 2503 5746 ἐρπετά
2537 5674 2613 5737 δὲ,
2656 5679 2724 5748 τῇ
2754 5676 3017 5749 βαρύτητι
3055 5677 3155 5749 τῆς
3195 5677 3392 5749 λύμης.

216 5779 349 5853 Στίχ.
367 5790 457 5852 ιγ’,
482 5788 631 5843 ιδ’.-
649 5806 668 5837 ι
684 5787 798 5841 Καὶ
810 5790 1084 5861 ἐκδικήσω
1100 5791 1185 5843 ἐπ’
1208 5789 1376 5861 αὐτὴν
1398 5789 1492 5853 τὰς
1516 5790 1721 5862 ἡμέρας

1900 5792 2064 5849 Vens.
2099 5794 2186 5862 15,
2223 5794 2311 5851 Η.
2340 5824 2409 5837 --
2446 5811 2464 5846 ι
2502 5792 2566 5847 Ει
2609 5795 2845 5852 ulciscar
2890 5812 3052 5867 super
3098 5811 3219 5851 eam
3271 5794 3390 5851 dies

369 5883 642 5944 Ρηιιοι..
686 5885 803 5946 Gn.
852 5885 1069 5947 LXVI.
1840 5959 1861 5965 μ

1840 5959 1861 5965 _
1916 5946 1923 5951 -
3099 5891 3140 5954 5
