3814 6224
434 337 538 394 1⁸39

431 453 658 519 Baalim,
700 453 900 524 quibus
940 467 1134 523 nempe
1177 453 1264 508 bis
1309 453 1469 508 idolis
1513 454 1828 509 immolabat
1884 474 1896 510 :

431 550 655 604 inaures
711 561 842 602 suas
903 547 1238 616 moniliaque
1313 561 1412 600 sua
1487 547 1932 616 circumponebat
1983 567 1997 601 :

429 654 672 708 suosque
725 652 998 692 amatores
1053 638 1393 700 sectabatur,
1451 637 1557 692 mei
1614 638 1812 703 oblita,
1868 637 2001 692 dicit

427 729 713 784 Dominus.
747 747 765 779 ι
793 727 918 782 Haec
942 728 1200 787 nimirum
1228 729 1526 797 patientur,
1554 743 1744 797 pwnas
1775 728 1997 788 luendo,

427 829 713 893 propterea
745 820 888 889 quod
921 819 1081 872 idolis
1112 819 1462 880 adhaeserint,
1497 818 1698 887 quibus
1729 817 1999 871 sacrificia

426 928 641 982 quoque
676 912 1012 970 obtulerunt.
1057 918 1112 963 et
1156 909 1532 964 solemnitates
1560 909 1779 962 illorum
1823 910 1996 963 cultui

424 1004 770 1065 dedicat-unt,
835 1001 1129 1070 plurimum
1187 1001 1661 1069 circumponentes
1719 1014 1994 1067 ornatum,

424 1104 710 1162 coitusque
765 1093 1010 1147 celebres
1059 1092 1127 1146 ad
1180 1093 1487 1146 daemonum
1547 1093 1995 1162 superstitionem

422 1192 814 1239 convocantes.
833 1183 1036 1234 nullam
1054 1196 1182 1235 vero
1201 1181 1305 1236 mei
1328 1182 1643 1235 memoriam
1669 1183 1993 1238 retinentes.

421 1272 562 1326 Dicit
577 1280 756 1324 autem
775 1270 875 1340 13
891 1269 1117 1335 Baalim,
1132 1269 1251 1323 loco
1268 1266 1561 1337 idolorum,
1573 1270 1624 1323 in
1646 1278 1799 1338 parte
1811 1270 1996 1324 omnia

419 1367 742 1436 complexus
780 1382 793 1418 :
827 1371 942 1416 tum
967 1372 1023 1416 et
1057 1371 1330 1416 amatores
1361 1377 1513 1415 more
1541 1363 1702 1418 solito
1731 1363 1862 1416 dicit
1898 1377 1997 1431 pro

420 1457 807 1521 daemonibus;
844 1463 1060 1510 constat
1098 1453 1279 1518 enim,
1315 1453 1368 1507 in
1413 1454 1682 1508 idolorum
1729 1455 1996 1524 obsequio

419 1565 613 1620 reapse
635 1549 913 1602 daemones
947 1545 1127 1600 cultos
1164 1545 1357 1599 fuisse.
1397 1565 1416 1596 ‹
1455 1545 1668 1638 Idcirco
1700 1562 1802 1615 ego
1830 1547 1996 1602 sedn-

419 1657 541 1696 cam
585 1641 755 1701 illam,
797 1646 852 1693 et
892 1638 1066 1691 instar
1101 1637 1302 1690 deserti
1348 1637 1568 1706 ponam.
1610 1656 1629 1690 ι
1677 1637 1992 1708 Captivitati

417 1749 538 1788 eam
564 1731 798 1792 tradam,
839 1730 1040 1798 inquit,
1085 1729 1158 1782 ita
1189 1736 1249 1782 ut
1282 1728 1441 1782 bonis
1473 1729 1731 1784 omnibus
1764 1732 1992 1800 spoliata

419 1833 647 1893 ragetur
670 1823 726 1877 in
761 1821 866 1875 viis
887 1861 902 1884 ,
926 1835 1065 1888 quas
1091 1827 1249 1874 antea
1288 1820 1568 1873 nesciebat
1588 1859 1604 1883 ,
1633 1837 1780 1874 nunc
1811 1830 1990 1874 autem
2029 1805 2066 1860 Β

419 1915 740 1970 calamitose
788 1910 1082 1966 decurrere
1138 1910 1372 1979 cogitur.
1426 1909 1546 1964 Mox
1591 1919 1770 1966 tamen
1821 1927 1993 1982 pinna:

417 2007 642 2063 decreto
658 1994 1077 2059 conversionem
1105 2001 1400 2072 quoque'in
1431 2002 1628 2056 melius
1650 2003 1996 2064 commiscet,

417 2100 512 2169 qui
552 2105 640 2153 est
672 2096 1065 2166 prepbetarum
1102 2109 1242 2155 mos.
1284 2095 1365 2148 sic
1388 2095 1553 2148 etiam
1582 2094 1799 2149 beatum
1833 2094 1993 2147 Davi-

415 2194 540 2246 dem
588 2187 939 2248 imitantium,
966 2187 1058 2255 qui
1105 2201 1246 2255 saepe
1287 2187 1342 2239 in
1370 2185 1609 2242 Psalmis
1655 2188 1994 2242 calamitates

417 2282 622 2354 pariter
657 2279 909 2342 dicebat,
942 2286 996 2331 et
1032 2279 1362 2332 solutionem
1401 2279 1782 2348 pollicebatur.
1815 2279 1992 2334 Veluti

415 2388 541 2428 cum
603 2373 657 2425 in
705 2370 988 2424 tricesimo
1049 2371 1262 2438 psalmo
1320 2371 1443 2424 ait:
1477 2387 1494 2422 ι
1555 2369 1813 2425 Miserere
1865 2371 1991 2435 mei,

414 2463 676 2525 Domine,
705 2461 961 2530 quoniam
994 2461 1251 2516 tribulor.
1291 2460 1518 2516 Turbati
1560 2471 1691 2517 sunt
1723 2463 1777 2516 in
1812 2462 1994 2516 furore

413 2555 558 2610 oculi
605 2553 746 2615 mei,
787 2561 842 2606 et
880 2553 1060 2606 anima
1115 2567 1234 2605 mea
1279 2569 1344 2606 ac
1392 2562 1580 2608 venter
1629 2569 1805 2609 meus.
1853 2553 1990 2620 Quia

412 2643 624 2714 defecit
645 2643 702 2697 in
729 2643 918 2697 dolore
946 2644 1052 2696 vita
1082 2657 1222 2706 mea,
1265 2651 1319 2697 et
1372 2643 1501 2696 anni
1535 2647 1641 2698 mei
1685 2647 1739 2699 in
1773 2647 1991 2716 gemiti-

411 2736 518 2790 bus
571 2733 638 2789 ³⁸.
671 2752 690 2785 ι
720 2731 868 2786 ’Τιιιιι
922 2743 978 2786 et
1023 2733 1221 2787 deinde
1267 2732 1375 2786 alia
1415 2733 1504 2788 his
1561 2735 1783 2788 similia.
1822 2735 1992 2790 Paulo

414 2835 538 2892 post
593 2833 806 2886 tamen,
858 2822 1044 2877 dicere
1097 2837 1364 2892 pergens,
1419 2822 1546 2876 ait:
1600 2841 1617 2873 ι
1660 2823 1992 2880 Benedictus

412 2915 702 2977 Dominus,
744 2914 837 2983 qui
888 2912 1200 2967 mirificavit
1246 2913 1684 2968 misericordiam
1723 2931 1880 2969 suam
1935 2920 1988 2970 in

411 3005 634 3059 civitate
686 3004 917 3057 munita.
957 3023 976 3055 ι
1016 3003 1081 3057 Ει
1138 3020 1262 3057 mox
1315 3005 1442 3059 item
1495 3006 1601 3060 alia
1650 3006 1987 3077 hujusmodi.

409 3095 582 3151 Multa
636 3095 722 3151 his
776 3095 927 3164 paria
976 3095 1033 3148 in
1075 3094 1310 3150 Psalmis
1360 3099 1670 3166 eomperire
1711 3107 1816 3163 est,
1866 3116 1988 3169 quae

410 3187 690 3258 propheta:
724 3185 1038 3239 necessario
1083 3184 1266 3238 studio
1313 3185 1618 3252 faciebant,
1664 3203 1774 3243 non
1807 3191 1983 3245 modi-

409 3292 530 3332 cam
574 3275 924 3330 audientibus
967 3287 1218 3331 creantes
1265 3276 1554 3332 utilitatem
1598 3293 1614 3333 :
1655 3294 1892 3352 namque
1926 3290 1990 3337 ut

407 3368 739 3423 calamitatis
763 3365 1120 3436 praedictione
1140 3367 1480 3435 territarent,
1507 3369 1780 3427 bonorum
1805 3383 1986 3428 autem

405 3460 827 3514 denuntiatione
860 3459 913 3511 in
946 3474 1098 3528 spem
1129 3459 1424 3528 erigerent.

474 3720 647 3777 Vens.
688 3721 774 3775 15.
801 3722 1028 3788 -—Quid
1061 3737 1191 3792 ergo
1231 3724 1339 3776 ait?
1375 3743 1393 3773 ί
1430 3723 1494 3777 Ει
1526 3723 1731 3794 loquar
1777 3723 1843 3779 ad
1894 3741 1990 3779 cor

405 3813 548 3880 ejus.
585 3832 603 3864 ι
653 3811 902 3877 Solabor,
928 3815 1124 3883 inquit,
1164 3815 1309 3867 illam
1341 3831 1462 3884 quae
1500 3815 1988 3871 iuconsolabilibus

407 3901 759 3955 conﬂictatur
792 3903 971 3956 malis.
1020 3921 1038 3954 ι
1080 3905 1145 3955 ιιι
1177 3903 1319 3958 dabo
1347 3906 1396 3959 ei
1436 3907 1821 3974 possessiones
1849 3923 1989 3961 suas

407 3990 632 4046 ibidem.
671 4010 690 4043 ι
751 3991 1056 4046 Restituam
1110 3995 1258 4048 illam
1307 3997 1362 4050 in
1414 3997 1659 4065 priorum
1715 4001 1985 4052 bonorum

409 4097 596 4147 usum,
631 4083 942 4151 captivitate
975 4083 1237 4140 liberans.
1289 4105 1308 4138 ι
1361 4085 1427 4141 Et
1465 4089 1660 4142 vallem
1705 4091 1888 4145 Acbor
1919 4092 1986 4146 ad

407 4173 758 4243 aperiendam
795 4173 1208 4243 intelligentiam
1234 4176 1428 4246 ipsius.
1471 4198 1490 4230 ›
1529 4177 1606 4233 Ita
1637 4188 1696 4232 ut
1723 4196 1986 4250 quaecun-

405 4281 512 4333 que
543 4264 638 4318 illo
677 4266 732 4319 in
782 4267 906 4320 loco
942 4269 1187 4337 perpessi
1240 4271 1479 4335 fuerunt,
1526 4289 1589 4327 ea
1617 4275 1875 4346 deinceps
1917 4277 1985 4330 ad

402 4355 805 4411 restitutionem
850 4359 904 4410 in
956 4359 1234 4414 meliorem
1271 4370 1472 4416 statuat
1509 4374 1563 4418 et
1596 4367 1841 4434 priorum
1874 4372 1986 4421 cla—

403 4447 553 4501 dium
602 4447 1035 4503 sublevationem
1079 4460 1382 4508 vertantur.
1435 4452 1682 4510 Sent-ient
1711 4459 1879 4520 enim,
1924 4468 1985 4512 ιιι

401 4551 501 4605 par
535 4548 638 4599 est,
662 4553 726 4590 ex
758 4538 861 4592 hac
903 4539 957 4592 in
1005 4539 1199 4596 melius
1224 4546 1602 4611 conversione,
1635 4549 1778 4616 quod
1809 4557 1863 4602 et
1894 4550 1983 4602 illa

403 4630 580 4683 tristia
635 4646 743 4684 non
794 4631 1007 4684 incuria
1053 4648 1174 4687 mea
1212 4637 1420 4704 experti
1467 4635 1693 4700 fuerint,
1717 4641 1810 4694 sed
1852 4641 1980 4710 quia

401 4721 645 4774 cadendo
677 4724 921 4791 oportuit
947 4723 1070 4779 illos
1091 4735 1440 4794 peccatorum
1472 4726 1577 4799 14.
1606 4744 1832 4784 suorum
1859 4748 1981 4786 sen-

371 4877 375 4883 1
401 4827 520 4864 sum
552 4814 854 4882 percipere.
878 4813 1015 4868 Nam
1048 4835 1066 4867 ι
1097 4819 1289 4872 vallem
1317 4820 1518 4881 Achor,
1558 4840 1575 4870 ι
1601 4821 1776 4875 locum
1802 4824 1984 4878 dicere

375 4905 637 4998 ﬁvidetur,
662 4906 719 4958 in
758 4922 869 4976 quo
908 4911 1210 4977 prtesertim
1239 4913 1620 4979 gravissimam
1655 4926 1981 4985 acceperant

375 4996 528 5097 §belli
560 4997 809 5052 cladem:
857 5015 923 5054 ex
964 5017 1072 5069 qua
1117 5012 1412 5058 consecuta
1469 5004 1644 5058 fuerat
1689 5008 1979 5075 captivitas

371 5091 523 5170 ﬁcum
552 5091 773 5157 propria
831 5092 1101 5146 malorum
1152 5097 1395 5163 sequela.
1438 5098 1616 5165 Atque
1649 5116 1714 5153 ex
1746 5101 1850 5154 hae
1877 5101 1980 5154 loci

397 5186 578 5248 parte,
610 5187 778 5232 totam
809 5181 1024 5236 videtur
1062 5184 1308 5252 ipsorum
1341 5186 1636 5256 designare
1661 5192 1936 5260 regionem
1966 5209 1979 5244 :

398 5271 456 5322 in
486 5284 594 5338 qua
625 5281 919 5341 postquam
950 5275 1240 5330 innumera
1282 5279 1351 5332 ab
1384 5279 1636 5336 hostibus
1680 5286 1826 5337 mala
1854 5301 1983 5354 per-

398 5360 548 5432 pessi
599 5360 836 5427 fuerant,
886 5365 942 5420 in
990 5368 1360 5436 captivitatem
1419 5373 1652 5445 denique
1683 5378 1753 5432 ab
1781 5378 1976 5433 iisdem

399 5450 616 5505 abducti
645 5454 886 5509 fuerunt.
932 5475 949 5506 ι
983 5455 1048 5510 Et
1084 5458 1466 5517 butniliabitur
1519 5467 1632 5522 illic
1665 5468 1829 5538 juxta
1863 5472 1982 5526 dies

399 5540 641 5597 infantia:
690 5561 822 5611 suae,
857 5547 1092 5616 etjuxta
1139 5551 1254 5608 dies
1308 5559 1650 5616 ascensionis
1696 5563 1870 5633 ipsius
1914 5567 1982 5620 de

395 5641 542 5688 terra
569 5635 808 5708 Egypti.
843 5658 862 5691 ι
891 5639 1158 5706 Quoniam
1185 5649 1452 5718 superbire
1479 5654 1700 5710 nomine
1722 5655 1977 5729 indigitat

469 5800 518 5834 "
541 5800 693 5858 Psal.
720 5818 850 5871 xxx,
883 5803 967 5858 10.

1622 335 1972 393 TIIEODORI
2029 337 2515 395 MOPSUESTENI

1945 464 1997 510 et
2028 467 2072 517 Α
2100 458 2209 511 τῶν
2242 457 2473 528 Βααλὶμ,
2509 459 2566 509 ὲν
2597 449 2684 518 αῖς
2717 454 2944 507 ἐπέθυεν
2986 453 3189 518 αὐτοῖς,
3225 452 3322 506 καὶ
3351 453 3698 524 περιετίθετο

3584 335 3697 393 MO

2102 550 2170 603 τά
2218 549 2414 603 ἐνώτια
2453 549 2645 617 αὐτῆς,
2680 548 2775 600 καὶ
2807 546 2874 598 τά
2914 545 3188 615 καθόρμια
3217 544 3406 615 αὐτῆς,
3440 544 3534 597 καὶ
3567 545 3697 597 ἐπο-

2104 642 2290 711 ρεύετο
2313 641 2487 692 ὀπίσω
2514 639 2620 692 τῶν
2645 636 2887 708 ἐραστῶν
2915 635 3104 704 αὐτῆς,
3132 633 3266 704 ἐμοῦ
3293 634 3351 687 δὲ
3374 634 3697 700 ἐπελάθετο,

2101 731 2249 799 λέγει
2276 731 2500 799 Κύριος.
2555 749 2572 781 ι
2620 728 2804 781 Ταῦτα
2843 727 2901 781 δὲ
2947 725 3220 780 πείσονται
3263 725 3418 789 δίκας
3457 725 3697 790 διδόντες

2101 820 2241 891 ὑπὲρ
2263 813 2337 874 ὧν
2357 823 2471 883 τοῖς
2503 817 2739 880 εἰδώλοις
2760 817 3067 887 προσεῖχον,
3095 809 3176 877 οἷς
3199 813 3262 884 δὴ
3291 813 3392 878 τὰς
3418 813 3612 877 θυσίας
3630 829 3698 867 τι

2101 911 2395 982 προσῆγον,
2428 911 2522 963 καὶ
2564 907 2899 978 πανηγύρεις
2939 907 3030 960 ἐπὶ
3074 908 3142 976 τῇ
3186 904 3390 958 τούτων
3422 905 3698 976 θρησκεία

2101 1003 2384 1064 συνίστων,
2418 1003 2619 1072 κόσμον
2645 1019 2705 1053 τε
2736 999 3137 1072 περιτιθέμενοι
3177 997 3448 1061 πλεῖστον,
3477 998 3558 1066 (p.
3591 997 3694 1067 19)

2099 1096 2191 1150 καὶ
2212 1093 2546 1164 πανηγύρεις
2572 1092 2924 1154 συνιστῶντες
2948 1090 3043 1142 ἐπὶ
3066 1092 3132 1160 τῇ
3163 1089 3273 1142 τῶν
3300 1089 3571 1158 δαιμόνων
3597 1087 3697 1141 θε-

2100 1187 2323 1259 ραπεία,
2355 1186 2487 1257 ἐμοῦ
2514 1186 2569 1238 δὲ
2597 1188 2815 1256 μνήμην
2839 1183 3053 1254 ἔχοντες
3083 1181 3367 1252 οὐδεμίαν·
3400 1181 3549 1250 λέγει
3578 1181 3700 1257 γὰρ

2096 1281 2207 1340 τοῖς
2243 1278 2339 1347 μὲν
2373 1276 2584 1346 Βααλιμ
2611 1275 2754 1328 τοῦτ’
2785 1274 2898 1328 ἔστι
2943 1276 3056 1336 τοῖς
3094 1271 3354 1336 εἰδώλοις,
3392 1273 3454 1324 ὲκ
3487 1272 3699 1342 μέρους

2095 1369 2164 1420 τά
2189 1367 2364 1421 πάντα
2396 1367 2596 1434 λέγων·
2630 1366 2865 1438 ἐραστὰς
2905 1365 2962 1418 δὲ
2991 1365 3232 1436 συνήθως
3260 1361 3517 1430 ὀνομάζει
3559 1364 3702 1426 τοὺς

2095 1454 2352 1525 δαίμονας
2372 1472 2385 1485 ·
2419 1454 2637 1525 εὔδηλον
2669 1454 2775 1526 γὰρ
2812 1455 2892 1508 ὅτι
2927 1456 2985 1507 ἐν
3014 1456 3080 1524 τῇ
3123 1454 3232 1508 τῶν
3257 1453 3490 1507 εἰδώλων
3525 1453 3700 1523 θερα-

2096 1548 2227 1620 πείᾳ
2269 1547 2520 1618 δαίμονες
2563 1543 2700 1618 ἦσαν
2752 1550 2800 1600 ot
2849 1547 3276 1618 θεραπευόμενοι
3319 1549 3449 1618 παρ’
3481 1545 3696 1601 αὐτῶν.

2101 1657 2119 1688 ι
2160 1638 2258 1691 Διά
2294 1637 2452 1691 τοῦτο
2491 1638 2600 1707 ἐγὼ
2641 1639 2826 1691 πλανῶ
2865 1639 3056 1708 αὐτὴν,
3102 1640 3196 1691 καὶ
3231 1638 3378 1704 τάξω
3410 1639 3583 1710 αὐτὴν
3611 1637 3701 1700 ὡς

2096 1730 2318 1802 ἔρημον.
2366 1752 2383 1782 ι
2417 1732 2770 1802 Αἰχμαλωσία
2803 1730 3132 1802 παραδώσω,
3167 1732 3349 1801 φησιν,
3400 1730 3544 1784 ὥστε
3587 1732 3702 1784 αὐ-

2094 1824 2194 1893 τὴν
2237 1825 2452 1877 πάντων
2498 1824 2701 1896 ἔρημον
2751 1820 2914 1878 οὖσαν
2963 1825 3072 1878 τῶν
3117 1823 3338 1892 ἀγαθῶν
3381 1824 3701 1879 πλανᾶσθαι

2095 1913 2234 1966 κατά
2266 1914 2362 1978 τὰς
2389 1914 2560 1977 ὁδοὺς,
2593 1915 2660 1977 ἂς
2708 1915 2972 1986 πρότερον
3001 1917 3102 1969 οὐκ
3153 1914 3346 1979 εἰδυῖα,
3379 1913 3474 1967 νῦν
3501 1913 3699 1967 ἀνύειν

2096 2002 2202 2055 ὑπὸ
2246 2002 2344 2072 τῆς
2389 2005 2674 2073 συμφορᾶς
2716 2002 3086 2073 ἠναγκάζετο·
3127 1998 3248 2056 εἶτα
3285 2003 3698 2073 καταμίγνυσιν

2093 2095 2158 2164 τῇ
2192 2095 2465 2163 ἀποφάσει
2507 2094 2606 2164 τῆς
2639 2097 2906 2165 τιμωρίας
2943 2094 3038 2147 καὶ
3069 2095 3170 2166 τὴν
3209 2093 3304 2146 ἐπὶ
3340 2092 3404 2146 τὸ
3434 2097 3698 2164 κρεῖττον

2097 2184 2422 2257 μεταϐολὴν,
2453 2185 2637 2248 καθὼς
2681 2185 2800 2247 ἔθος
2847 2187 2958 2249 τοίς
2999 2185 3308 2256 προφήταις
3357 2187 3559 2247 ποιεῖν,
3593 2203 3698 2256 μι-

2099 2278 2386 2348 μουμένοις
2415 2280 2504 2331 καὶ
2538 2277 2678 2330 κατά
2706 2277 2966 2334 τούτοτὸν
2987 2279 3254 2348 μακάριον
3285 2275 3486 2332 Δαυῒδς
3534 2277 3599 2342 ὃς
3628 2279 3696 2332 ὲν

2093 2368 2343 2437 Ψαλμοῖς
2373 2367 2507 2438 ὁμοῦ
2541 2385 2600 2419 τε
2634 2366 2890 2430 πολλάκις
2920 2366 3019 2430 τὰς
3057 2368 3345 2438 συμφορὰς
3373 2366 3553 2436 ἔλεγε,
3592 2369 3698 2422 καὶ

2093 2461 2190 2528 τὴν
2231 2457 2383 2511 λύσιν
2432 2459 2772 2528 ὑπισχνεῖτο·
2809 2457 2886 2521 ὡς
2927 2460 3052 2512 ὅταν
3095 2460 3189 2511 ἐπὶ
3228 2458 3324 2510 τοῦ
3353 2456 3696 2529 τριακοστοῦ

2093 2549 2228 2622 λέγῃ
2250 2549 2494 2620 ψαλμοῦ·
2531 2569 2550 2600 ι
2599 2549 2850 2620 Ἐλέησόν
2899 2567 2989 2619 με,
3043 2549 3236 2621 Κύριε,
3266 2550 3350 2604 ὅτι
3390 2549 3691 2621 θλίϐομαι·

2093 2640 2470 2710 ἐταράχθησαν
2504 2643 2560 2693 ἐν
2589 2639 2742 2710 θυμῷ
2787 2642 2836 2693 οἱ
2877 2639 3143 2712 ὀφθαλμοί
3187 2643 3368 2712 μου,ή
3399 2642 3546 2714 ψυχή
3578 2659 3696 2714 μου

2093 2734 2187 2786 καὶ
2215 2735 2248 2802 ή
2281 2734 2494 2804 γαστήρ
2527 2751 2627 2802 μου
2648 2747 2661 2760 ·
2693 2733 2775 2785 ὅτι
2802 2731 3046 2798 ἐξέλιπεν
3077 2736 3135 2787 ἐν
3160 2734 3320 2806 ὀδύνῃ
3343 2736 3378 2804 ή
3411 2735 3525 2806 ζωή
3557 2751 3688 2806 μου,

2092 2822 2186 2875 καὶ
2221 2824 2290 2875 τὰ
2320 2823 2412 2892 ἒτη
2456 2840 2554 2892 μου
2586 2827 2642 2876 ἐν
2673 2826 3013 2894 στεναγμοῖς.
3046 2842 3065 2875 ι
3100 2824 3212 2878 Kal.
3265 2825 3388 2878 καθ’
3441 2825 3574 2896 ἑξῆς
3619 2826 3694 2879 τὰ

2093 2917 2252 2984 ὃμοια
2278 2919 2515 2979 τούτοις·
2554 2911 2674 2969 εἶτα
2718 2916 3023 2986 προϐαίνων
3049 2915 3142 2970 τοῦ
3185 2916 3346 2985 λόγου
3371 2916 3515 2970 κατά
3546 2915 3694 2988 βρα-

2092 3005 2192 3075 χέα
2218 3005 2380 3075 φησίν
2399 3020 2413 3033 ·
2434 3025 2452 3056 ι
2483 3004 2784 3075 Εὐλογητὸς
2812 3005 3035 3076 Κύριος,
3078 3007 3156 3061 ὅτι
3189 3006 3589 3076 ὲθαυμάστωσε
3626 3007 3696 3060 τὸ

2091 3097 2238 3159 ἕλεος
2271 3096 2433 3148 αὐτοῦ
2461 3097 2518 3149 ἐν
2553 3097 2703 3148 πόλει
2729 3099 3007 3168 περιοχῆς·
3043 3117 3061 3150 ι
3097 3099 3189 3151 καὶ
3217 3098 3338 3152 καθ’
3370 3096 3498 3167 ἑξῆς
3521 3097 3585 3152 δὲ
3619 3098 3694 3150 τὰ

2087 3188 2250 3257 ὃμοια
2291 3188 2530 3249 τούτοις·
2577 3186 2746 3240 πολλὰ
2789 3188 2847 3240 δὲ
2891 3188 3114 3242 τοιαῦτα
3159 3189 3253 3242 ἐπὶ
3294 3189 3403 3243 τῶν
3431 3188 3693 3259 Ψαλμῶν

2088 3277 2236 3350 εὖροι
2271 3295 2353 3340 τις
2379 3279 2475 3332 ἄν·
2508 3277 2649 3347 ἅπερ
2682 3273 2775 3331 οὖν
2807 3279 3121 3347 ἀναγκαίως
3159 3279 3443 3350 ἐζήλωσαν
3466 3281 3519 3333 οἰ
3547 3297 3694 3353 προ-

2088 3373 2273 3444 φῆται,
2303 3374 2381 3443 (p.
2413 3372 2506 3442 20)
2536 3373 2732 3444 πολλὴν
2762 3376 2872 3437 τοῖς
2902 3373 3160 3427 ἀκούουσι
3187 3375 3557 3446 παρεχόμενοι
3584 3375 3693 3447 τὴν

2087 3465 2305 3536 χρείαν·
2341 3464 2416 3527 ὡς
2448 3464 2513 3518 ἂν
2541 3464 2628 3519 διὰ
2661 3468 2758 3536 μὲν
2792 3466 2901 3522 τῶν
2941 3469 3039 3539 τῆς
3089 3471 3377 3538 συμφορᾶς
3416 3469 3693 3541 ῥημάτων

2089 3555 2328 3623 ῳοϐοἰεν·
2361 3557 2448 3609 διὰ
2473 3557 2529 3610 δὲ
2553 3557 2654 3627 τῆς
2681 3556 2789 3610 τῶν
2819 3559 3040 3626 ἀγαθῶν
3073 3560 3430 3630 ἐπαγγελίας,
3457 3559 3691 3613 εὐέλπι-

2085 3648 2180 3713 δας
2212 3652 2434 3703 ποιοῖεν.

2157 3741 2306 3811 Στίχ.
2341 3747 2421 3794 ιε’.
2455 3773 2524 3784 -—
2561 3742 2625 3794 Τί
2681 3738 2774 3796 οὖν
2805 3759 2971 3812 (gnat;
3003 3761 3020 3794 ι
3046 3742 3154 3796 Καὶ
3185 3742 3403 3814 λαλήσω
3445 3745 3543 3797 ἐπὶ
3582 3744 3690 3815 τὴν

2086 3832 2314 3902 καρδίαν
2350 3833 2543 3902 αὐτῆς.
2587 3853 2604 3884 ι
2634 3833 3010 3904 Παρακαλέσω
3032 3873 3046 3896 ,
3105 3835 3293 3905 φησιν,
3328 3833 3502 3905 αὐτὴν
3538 3838 3693 3906 μετά

2083 3924 2261 3990 τοῦτο,
2283 3924 2737 3994 ἀπαραμυθήτως
2757 3924 3094 3979 παλαίουσαν
3129 3928 3241 3988 τοῖς
3272 3929 3485 3990 κακοῖς.
3521 3946 3542 3979 ε
3571 3929 3690 3982 Καὶ

2084 4013 2239 4068 δώσω
2271 4016 2406 4086 αὐτῇ
2443 4016 2514 4069 τά
2537 4017 2794 4087 κτήματα
2837 4017 3006 4087 αὐτῆς
3035 4015 3264 4071 ἐκεῖθεν.
3306 4037 3328 4069 ο
3364 4019 3686 4072 Ἀποκατα-

2088 4107 2267 4177 στήσω
2293 4107 2453 4161 πάλιν
2474 4107 2644 4178 αὐτὴν
2666 4109 2759 4160 ἐπὶ
2777 4108 2876 4179 τὴν
2900 4109 3008 4161 τῶν
3037 4109 3320 4179 προτέρων
3347 4111 3684 4178 ἀπόλαυσιν,

2085 4199 2185 4268 τῆς
2201 4199 2571 4268 αἰχμαλωσίας
2591 4200 2894 4264 ὲκσπάσας.
2923 4222 2940 4250 ι
2968 4202 3077 4254 Καὶ
3107 4203 3204 4273 τὴν
3233 4203 3456 4257 κοιλάδα
3473 4205 3683 4280 Ἀχὼρ,

2084 4287 2344 4352 διανοῐξαι
2374 4287 2592 4342 σύνεσιν
2632 4291 2818 4360 αὐτῆς.
2852 4309 2872 4343 ι
2936 4291 3097 4345 Ὥστε
3143 4294 3318 4348 ὁπόσα
3361 4297 3484 4349 κατ’
3532 4299 3688 4351 ἐκεῖ·

2091 4396 2180 4433 νον
2206 4379 2509 4433 πεπόνθασι
2555 4381 2646 4433 τὸν
2679 4381 2866 4445 τόπον,
2908 4383 3231 4437 συντελέσαι
3259 4385 3448 4438 λοιπὸν
3489 4389 3687 4452 αὐτοῖς

2089 4472 2168 4534 εἰς
2202 4471 2482 4540 βελτίωσιν
2505 4473 2599 4524 καὶ
2616 4472 2901 4543 διόρθωσιν
2933 4474 3042 4528 τῶν
3072 4475 3489 4546 προειληφότων
3518 4497 3686 4534 πται-

2089 4563 2340 4631 σμάτων·
2376 4561 2729 4633 αἰσθήσονται
2781 4566 2910 4636 γὰρ,
2938 4567 3015 4628 ὼς
3063 4567 3232 4631 εἰκὸς,
3257 4570 3327 4621 ἐκ
3365 4570 3467 4640 τῆς
3497 4571 3599 4624 ἐπὶ
3621 4571 3686 4625 τὸ

2085 4655 2330 4722 κρεῖττον
2353 4655 2675 4725 μεταϐολῆς,
2712 4657 2792 4710 ὅτι
2817 4657 2911 4710 καὶ
2933 4657 3041 4722 τῶν
3080 4659 3344 4731 λυπηρῶν
3380 4661 3484 4715 ούκ
3524 4665 3683 4717 ὲπει-

2088 4743 2327 4814 ράθησαν
2361 4745 2428 4797 δι’
2470 4745 2731 4815 ἀμέλειαν
2770 4747 2927 4819 ἐμήν,
2971 4749 3086 4800 ἀλλ’
3109 4750 3299 4822 ἐπειδὴ
3333 4753 3685 4818 πταίσαντας

2083 4834 2332 4904 αἴσθησιν
2353 4836 2522 4906 ἐχρῆν
2537 4837 2646 4890 τῶν
2659 4840 3076 4911 ἁμαρτημάτων
3092 4841 3279 4896 λαϐεῖν
3299 4843 3412 4896 τῶν
3429 4845 3678 4899 οἰκείων·

2083 4926 2144 4977 τὸ
2166 4925 2273 4997 γὰρ
2305 4946 2323 4978 ι
2348 4928 2565 4982 κοιλάδα
2599 4929 2797 5002 Ἀχὼρ,
2832 4949 2850 4981 ι
2880 4932 3044 4985 τόπον
3075 4931 3219 4988 ἔοικε
3248 4934 3432 5004 λέγειν
3455 4938 3515 4990 ὲν
3617 4938 3680 5009 δὴ

2088 5018 2322 5088 μάλιστα
2339 5019 2436 5090 τὴν
2457 5020 2768 5093 βαρυτάτην
2787 5023 3035 5089 ἐδέξαντο
3055 5025 3152 5079 τοῦ
3173 5027 3418 5099 πολέμου
3439 5033 3677 5102 τροπήν·

2082 5109 2157 5172 ὡς
2183 5111 2543 5182 ἀκολουθῆσαι
2567 5115 2668 5186 τήν
2693 5131 2749 5167 τε
2779 5117 3163 5186 αἰχμαλωσίαν
3181 5159 3197 5184 ,
3241 5122 3338 5174 xal.
3364 5121 3434 5175 τὰ
3463 5121 3680 5176 ἐκεῖθεν

2083 5203 2230 5254 κακά
2279 5203 2466 5257 λοιπόν
2489 5221 2502 5235 ·
2533 5205 2609 5269 ὡς
2662 5207 2830 5275 εἰκὸς,
2879 5212 2942 5263 ἐκ
2977 5211 3180 5282 μέρους
3217 5214 3362 5266 κατά
3389 5214 3453 5268 τὸ
3486 5215 3680 5279 εἰωθὸς

2084 5293 2263 5346 πᾶσαν
2291 5294 2469 5350 αὐτῶν
2486 5296 2662 5350 καλῶν
2693 5298 2791 5370 τὴν
2820 5301 2895 5370 (p.
2927 5303 3020 5366 21)
3047 5303 3234 5375 χώραν
3251 5322 3265 5335 ·
3306 5300 3417 5380 ἐνῇ
3443 5306 3677 5361 πλεῖστα

2082 5387 2182 5440 ὅσα
2198 5385 2348 5456 παρά
2363 5387 2468 5439 τῶν
2483 5389 2757 5458 πολεμίων
2773 5393 3257 5466 ὑπομεμενηκότες
3277 5400 3448 5463 κακὰ,
3463 5400 3558 5453 ἐπὶ
3579 5400 3677 5470 τὴν

2082 5475 2454 5546 αἰχμαλωσίαν
2471 5478 2794 5550 ἀπήχθησαν
2819 5483 2923 5535 ὑπὸ
2952 5483 3060 5537 τῶν
3083 5485 3419 5556 πολεμίων.‹
3448 5490 3564 5544 Καὶ
3593 5507 3678 5545 τα·

2081 5564 2473 5637 πεινωθήσεται
2491 5569 2608 5620 ἐκεῖ
2630 5571 2770 5624 κατά
2789 5572 2886 5635 τὰς
2902 5574 3115 5644 ἡμέρας
3132 5578 3464 5648 νηπιότητος
3479 5580 3673 5650 αὐτῆς,

2081 5658 2326 5713 καὶκατὰ
2352 5657 2450 5722 τὰς
2481 5659 2694 5730 ἡμέρας
2729 5663 3045 5729 ἀναϐάσεως
3069 5667 3242 5738 αὐτῆς
3277 5672 3342 5722 ἐκ
3376 5671 3483 5740 γῆς
3505 5671 3670 5742 Atr).
