3814 6224
160 336 233 394 Ni
1182 342 1690 399 COMMENTARIU;

1797 342 1832 396 Ν
1872 343 2073 398 θδΕίΕ
2113 344 2261 399 CAP.
2305 342 2367 399 ll.

3270 348 3376 402 HS

154 472 314 508 ma.)
344 452 561 523 Ἐπειδὴ
586 454 695 525 γὰρ
726 456 1100 526 ὑπερηφανίαν
1130 459 1277 527 λέγει
1308 458 1369 512 τὸ
1395 459 1690 530 ἀποστῆναὲ

1804 459 2132 527 apostasiam
2185 458 2598 529 neglectumque
2654 456 2768 521 Dei,
2813 457 3243 515 humiliationem
3290 464 3343 519 vi

150 562 200 599 τε
222 544 306 597 καὶ
322 543 594 613 ἀμελῆσαι
620 544 715 598 τοῦ
737 545 921 610 Θείου,
950 549 1276 601 ταπείνωσιν
1288 549 1432 617 λέγει
1462 550 1559 621 τὴν
1593 551 1707 602 ἐπί-

152 660 323 710 γνωσιν
349 642 444 694 τοῦ
468 643 840 712 προσήκοντος
859 661 873 674 θ
909 646 1001 698 καὶ
1018 647 1079 698 τὸ
1109 646 1183 708 ὼς
1212 645 1479 713 δεσπότην
1512 660 1572 695 τε
1611 643 1705 695 καὶ

150 734 315 804 κριτὴν
326 736 418 786 καὶ
432 736 639 806 Κύριον
650 736 758 789 τῶν
776 738 1024 790 ἁπάντων
1040 736 1318 806 φοϐεῖσθαι
1333 737 1571 799 δικαίως·
1592 754 1705 788 τοιη

149 823 297 877 ούτων
312 819 422 887 οὖν,
440 826 701 894 φησὶν,ἐν
723 827 802 896 τῷ
823 827 997 898 καιρῷ
1018 826 1263 892 τεύξεται
1278 828 1376 897 τῆς
1400 829 1700 897 συμφορᾶς,

150 914 249 965 καθ’
271 915 560 985 ὁμοιότητα
582 916 691 969 τῶν
723 917 866 970 κατὰ
888 917 983 986 τὴν
1006 918 1278 985 Αἴγυπτον
1304 918 1624 985 γεγονότων,
1652 918 1701 970 οἳ

148 1009 200 1075 τῇ
223 1006 320 1058 τῶν
346 1006 584 1059 πλίνθων
604 1008 839 1079 ἐργασίᾳ
855 1011 1284 1080 συντριϐόμενοι,
1304 1011 1619 1077 ἐπέγνωσαν
1640 1029 1699 1063 τε

145 1093 250 1144 ὅθεν
276 1094 513 1164 προσῆκε
532 1097 631 1166 τὴν
660 1097 866 1149 τούτων
907 1098 1158 1168 εὑρέσθαι
1194 1099 1347 1151 λύσιν
1368 1116 1382 1129 ·
1417 1101 1511 1152 καὶ⁵
1536 1101 1698 1168 ἐϐόη-

148 1205 233 1241 σαν
268 1188 503 1253 ἅπαντες
553 1190 689 1260 πρὸς
747 1192 912 1244 Θεόνο
960 1191 1098 1244 ὥστε
1144 1193 1303 1246 αὐτὸν
1342 1195 1700 1247 ἐπινεύσαντα

143 1283 245 1340 ταῖς
286 1281 389 1332 τῶν
435 1280 681 1350 βοώντων
719 1284 967 1353 αἱτήσεσι
997 1284 1138 1353 μετά
1178 1285 1413 1356 μεγάλου
1445 1286 1537 1339 τοῦ
1567 1286 1698 1339 θαύ-

146 1384 294 1435 ματος
332 1373 633 1439 παρασχεῖν
661 1372 845 1434 αὐτοῖς
876 1373 974 1442 τὴν
1002 1375 1207 1429 οἰκείαν
1242 1375 1511 1445 βοήθειαν.
1558 1376 1696 1430 Καθ’

141 1460 412 1531 ὁμοιότητα
434 1462 521 1533 δὴ,
558 1465 742 1533 φησιν,
769 1466 990 1520 ἐκείνων
1019 1467 1171 1520 ἔσται
1202 1470 1295 1521 καὶ
1310 1469 1378 1521 τὰ
1407 1470 1532 1523 νῦν·
1555 1471 1697 1523 οῦτω

142 1551 607 1623 σωφρονιζομένων
628 1572 687 1606 τε
717 1556 820 1609 ὑπὸ
860 1557 958 1628 τῆς
992 1561 1296 1631 συμφορᾶς,
1321 1562 1415 1614 καὶ
1440 1564 1691 1630 ἐπιγινωο

142 1640 357 1694 σχόντων
388 1642 482 1695 τὸν
512 1642 691 1696 αἴτιον
720 1645 829 1698 τῶν
864 1647 1112 1713 ἀγαθῶν·
1154 1650 1248 1702 καὶ
1279 1652 1569 1706 αἰτούντων
1594 1653 1693 1721 μὲν

139 1730 224 1801 τὴν
250 1732 494 1803 βοήθειαν
540 1737 774 1800 ἐκεῖθεν,
815 1740 952 1809 μετὰ
983 1741 1182 1811 πολλῆς
1211 1742 1268 1795 δὲ
1305 1744 1406 1814 τῆς
1445 1745 1695 1809 εὐκολίας

139 1824 491 1892 τυγχανόντων
530 1828 724 1898 αὐτῆς.

200 1914 334 1985 Στίχ.
366 1923 540 1980 ις’-κ’.
578 1949 648 1958 -
688 1940 705 1972 ι
747 1922 858 1974 Καὶ
886 1922 1037 1977 ἔσται
1086 1927 1144 1979 ἐν
1185 1930 1250 1998 τῇ
1283 1929 1465 2001 ἡμέρα
1490 1932 1693 2004 ἐκείνῃ,

140 2004 269 2071 λέγει
299 2006 520 2078 Κύριος,
551 2010 769 2064 καλεσει
798 2030 865 2083 με
894 2014 924 2064 ὁ
954 2016 1094 2089 ἀνήρ
1122 2036 1246 2088 μου,
1273 2023 1366 2073 καὶ
1383 2022 1445 2074 ού
1480 2023 1697 2076 καλέσει

143 2097 294 2165 μεέτι
326 2099 540 2171 Βααλίμ
562 2120 576 2131 ο
618 2104 711 2157 καὶ
738 2105 920 2175 ἐξαρῶ
945 2108 1014 2161 τὰ
1064 2110 1302 2180 ὀνόματα
1341 2113 1450 2166 τῶν
1484 2114 1698 2184 Βααλὶμ

141 2192 196 2241 ὲκ
253 2192 340 2244 τοῦ
388 2195 657 2263 στόματος
713 2197 919 2268 αὐτῆς·
980 2200 1077 2253 καὶ⁹
1123 2202 1184 2255 ού
1249 2203 1323 2273 μὴ
1386 2206 1695 2275 μνησθῶσιν

139 2281 203 2349 (p.
246 2281 331 2343 2‘2)
381 2285 572 2336 οὐκέτι
624 2284 734 2338 τῶν
782 2287 1061 2358 ὀνομάτων
1106 2293 1307 2349 αὐτῶν.
1361 2313 1380 2345 ›
1431 2297 1564 2348 Τότε
1606 2299 1693 2369 δὴ.

140 2377 302 2444 φησὶν,
351 2377 747 2446 ἐπιγνώσονται
805 2382 1081 2453 κηδεμόνα
1120 2387 1340 2450 οἰκεῖον,
1404 2390 1497 2441 καὶ
1556 2391 1694 2443 πάν-

136 2481 229 2518 των
256 2469 593 2536 ἀποστάντες
618 2476 729 2529 τῶν
752 2476 977 2540 λοιπῶν,
1004 2480 1070 2548 τῇ
1087 2478 1348 2550 θεραπείᾳ
1372 2481 1695 2550 προσέξουσι

137 2561 191 2627 τῇ
220 2560 339 2631 ἐμῇ,
382 2564 569 2633 πάσης
603 2566 706 2635 τῆς
742 2567 852 2620 τῶν
883 2566 1116 2621 εἰδώλων
1146 2570 1507 2641 ἀφιστάμενοι
1532 2573 1695 2644 θερα-

138 2650 275 2713 πείας
298 2667 311 2681 ·
341 2652 416 2715 ὼς
466 2655 739 2726 μηδεμίαν
803 2658 1024 2728 μνήμην
1061 2659 1259 2723 αὐτοὺς
1298 2659 1444 2731 ἔχειν
1473 2662 1695 2715 ἐκείνων

138 2742 222 2805 ἔτι,
247 2744 374 2813 μηδέ
393 2763 523 2801 τινα
554 2747 712 2817 λόγον
734 2750 915 2804 αὐτῶν
948 2752 1217 2804 ποιεῖσθαι
1247 2752 1340 2805 τοῦ
1373 2752 1561 2806 λοιποῦ
1592 2773 1604 2785 ·
1635 2755 1696 2807 τὸ

137 2836 202 2901 δὲ,
228 2858 245 2887 ι
278 2841 351 2893 Οὐ
380 2842 603 2894 καλεσει
645 2860 713 2913 με
758 2843 837 2896 ἔτι
866 2844 1097 2914 Βααλὶμ,
1137 2863 1156 2895 ›
1188 2845 1373 2915 ἐπειδὴ
1403 2845 1533 2909 Θεὸς
1570 2843 1637 2916 ἦν
1667 2848 1695 2899 ὁ

138 2930 287 2984 ταῦτα
314 2932 511 3000 λέγων,
546 2933 770 2999 Οὐκέτι,
797 2934 948 3003 φησὶ,
981 2935 1081 3006 τὴν
1111 2936 1410 3006 ὀνομασίαν
1436 2938 1535 3007 τὴν
1556 2939 1695 3007 ἐμὴν

140 3022 427 3093 ἐπιθήσουσι
460 3028 579 3088 τοῖς
611 3025 778 3078 Βααλί
786 3044 825 3096 μ
847 3044 861 3057 ο
893 3026 990 3079 διτε
1022 3027 1123 3096 τῆς
1157 3028 1255 3097 μὲν
1286 3029 1502 3099 ἀπάτης
1521 3047 1694 3098 κεχω-

1810 546 1996 601 cissim
2029 545 2162 601 dicit
2207 545 2368 600 ofﬁcii
2401 547 2607 617 proprii
2637 547 3025 617 cognitionem,
3057 548 3376 622 justumque

1811 636 1925 702 Dei,
1956 647 2015 691 ut
2049 638 2334 708 principis,
2372 637 2686 707 judicisque
2731 654 2795 693 ac
2820 638 3055 706 Domini,
3095 643 3370 701 timorem.

1808 729 1965 785 Hunc
1988 747 2141 802 ergo,
2187 733 2283 797 ait,
2320 733 2644 787 calamitatis
2689 740 2930 803 tempore
2965 733 3201 788 fructum
3238 751 3375 790 nan-

1807 823 2066 887 ciscetur,
2125 832 2286 893 prout
2326 825 2453 878 olim
2512 826 2565 880 in
2616 824 2851 895 .‘thypto
2905 827 3184 890 usuvenit,
3247 842 3373 882 cum

1807 929 1969 983 opere
2016 914 2260 970 latericio
2300 916 2547 970 faciendo
2585 917 2777 978 attriti,
2822 928 3158 987 agnoverunt
3201 920 3374 973 unde-

1806 1021 1931 1059 nam
1981 1008 2242 1061 malorum
2283 1008 2603 1063 solutionem
2649 1017 2829 1076 petere
2869 1009 3162 1078 deberent;
3232 1027 3372 1065 cun-

1804 1100 1986 1166 ctique
2040 1095 2111 1150 ad
2164 1096 2331 1151 Deum
2388 1099 2795 1167 clamaverunt;
2859 1116 2964 1171 quo
3017 1100 3179 1165 facto,
3226 1101 3373 1157 Deus

1805 1202 2052 1241 annuens
2103 1188 2453 1242 clamantium
2518 1189 2792 1258 precibus,
2845 1206 2952 1244 non
3001 1191 3118 1245 sine
3180 1191 3372 1261 grandi

1806 1276 2068 1331 miraculo
2089 1293 2246 1333 suum
2271 1279 2350 1333 eis
2374 1278 2633 1333 auxilium
2656 1282 3034 1350 suppeditavit.
3053 1280 3369 1349 Prtesentia,

1807 1367 2003 1437 inquit,
2035 1370 2151 1438 pari
2180 1384 2243 1423 ac
2279 1369 2367 1422 illa
2404 1379 2586 1424 vetera
2623 1371 2930 1425 conditione
2958 1374 3122 1426 fient:
3164 1372 3251 1428 his
3286 1373 3371 1426 vi-

1804 1459 1999 1515 delicet
2028 1461 2338 1515 calamitate
2378 1463 2701 1527 emendatis,
2732 1471 2785 1517 et
2803 1479 2925 1518 eum
2956 1466 3048 1535 qui
3073 1479 3241 1519 causa
3272 1464 3371 1518 bo-

1804 1565 1997 1603 norum
2041 1559 2126 1606 est
2168 1553 2586 1622 agnoscentibus
2611 1595 2625 1615 ,
2666 1554 3012 1625 indidemque
3064 1570 3220 1626 opem
3273 1570 3369 1624 po-

1804 1643 2104 1708 scentibus,
2129 1659 2407 1714 pronaque
2437 1646 2850 1714 impetrantibus
2880 1645 3155 1700 facilitate.

1870 1921 2036 1976 Vens.
2070 1921 2343 1977 16-20.——
2365 1944 2383 1975 (
2414 1922 2636 1994 Eritque
2657 1924 2743 1979 die
2775 1913 2885 1988 illa,
2918 1924 3050 1979 dicit
3085 1926 3369 1992 Dominus,

1798 2013 2015 2067 vocabit
2056 2029 2142 2067 me
2187 2015 2271 2066 vir
2312 2029 2503 2076 meus,
2553 2023 2605 2068 et
2646 2029 2753 2067 non
2782 2014 3000 2069 vocabit
3046 2030 3133 2069 me
3164 2015 3371 2070 diutius

1799 2103 2025 2157 Baalim.
2078 2104 2443 2175 Auferamque
2490 2105 2706 2161 nomina
2734 2103 2939 2159 Baalim
2981 2122 3050 2162 ex
3089 2122 3184 2162 ore
3226 2107 3370 2177 ejus,

1800 2211 1899 2251 nec
1954 2196 2387 2251 recordabuntur
2455 2196 2687 2252 ulterius
2751 2198 3034 2252 nominum
3095 2213 3305 2253 eorum.
3343 2219 3363 2252 ι

1799 2287 1951 2341 Tunc
2013 2287 2333 2358 proprium,
2391 2287 2599 2358 inquit,
2658 2295 2965 2343 curatorem
3033 2298 3367 2359 agnoscent,

1797 2379 2118 2449 cunctisque
2147 2380 2269 2435 aliis
2299 2379 2537 2443 omissis,
2564 2379 2633 2434 ad
2655 2380 2859 2434 cultum
2886 2396 3064 2435 meum
3086 2382 3366 2449 accedent,

1798 2469 1865 2523 ab
1894 2471 2041 2524 omni
2080 2471 2347 2526 idolorum
2373 2470 2634 2542 obsequio
2683 2472 3031 2540 recedentes;
3070 2476 3126 2529 in
3159 2484 3370 2531 tantum

1798 2568 1858 2614 ut
1901 2562 2106 2616 nullam
2146 2563 2364 2617 illorum
2414 2562 2735 2617 memoriam
2762 2563 3053 2629 retineant,
3085 2566 3169 2620 vel
3203 2567 3368 2621 mini-

1798 2668 1943 2706 mam
1976 2654 2231 2724 posthinc
2256 2669 2443 2709 curam
2469 2662 2679 2724 gerant.
2702 2654 2858 2721 Quod
2890 2671 3021 2712 vero
3049 2659 3145 2722 ait,
3189 2676 3208 2709 ι
3249 2658 3369 2714 Non

1795 2743 2070 2798 vocabunt
2103 2759 2187 2798 me
2207 2743 2440 2813 amplius
2468 2743 2695 2810 Baalim,
2731 2763 2750 2796 ι
2783 2746 3039 2815 quoniam
3075 2746 3217 2803 Deus
3248 2757 3370 2803 erat

1796 2834 1886 2903 qui
1922 2834 2023 2904 15
2071 2835 2146 2888 ita
2195 2836 2455 2905 loquitur,
2514 2835 2669 2890 Haud
2720 2837 2883 2903 ultra,
2932 2838 3131 2909 inquit,
3166 2856 3369 2896 nomen

1796 2942 1977 2981 meum
2021 2927 2225 2981 Baalim
2267 2927 2583 2997 imponent;
2615 2928 3054 3000 quandoquidem
3085 2933 3153 2987 ab
3191 2933 3369 2988 idolo-

1799 3033 1916 3071 rum
1938 3034 2124 3072 errore
2158 3020 2413 3089 regressi,
2442 3019 2509 3074 ad
2552 3035 2637 3075 me
2662 3021 2718 3074 in
2747 3028 3026 3091 posterum
3058 3023 3371 3080 didicerunt

142 3116 354 3183 ρισμὲνοι
391 3117 493 3185 τῆς
545 3117 789 3179 ἐκείνων,
830 3118 969 3189 πρὸς
996 3119 1095 3187 ἐμὲ
1137 3118 1194 3170 δὲ
1227 3120 1362 3189 ὀρᾷν
1393 3122 1690 3189 ἐγνωκότες

1797 3116 2067 3184 respicere
2094 3130 2279 3169 verum
2314 3114 2503 3170 Deum.
2537 3133 2556 3166 ι
2585 3115 2908 3186 Curaboque
2934 3119 3016 3173 eis
3055 3118 3235 3175 fmdus
3277 3121 3369 3175 die

138 3203 215 3254 τοῦ
241 3205 417 3258 λοιποῦ
439 3207 534 3259 τὸν
574 3205 743 3269 ὅντως
786 3207 940 3259 Θεόν.
972 3224 990 3257 ι
1022 3208 1129 3260 Καὶ
1156 3208 1484 3279 διαθήσομαι
1512 3211 1694 3275 αὐτοῖς

139 3298 373 3370 διαθήκην
408 3303 468 3354 ὲν
528 3304 597 3371 τῇ
660 3301 846 3372 ἡμέρᾳ
895 3301 1078 3373 ἐκείνῃ
1133 3303 1269 3372 μετά
1322 3303 1430 3355 τῶν
1489 3303 1693 3375 θηρίων

140 3389 216 3441 τοῦ
261 3392 447 3461 ἀγροῦ,
501 3395 597 3447 καὶ
638 3394 776 3463 μετά
808 3393 917 3446 τῶν
962 3395 1224 3449 πετεινῶν
1276 3396 1370 3448 τοῦ
1416 3398 1648 3467 ούρανοῦ
1673 3437 1688 3460 ,

142 3482 218 3533 καὶ
262 3485 394 3550 μετά
444 3484 555 3537 τῶν
586 3485 831 3554 ἐρπετῶν
864 3485 964 3554 τῆς
1004 3485 1129 3554 γῆς.
1167 3504 1186 3537 ι
1220 3486 1359 3549 Τοὺς
1404 3487 1688 3558 πρότερον,

144 3575 297 3641 φησὶν,
324 3576 509 3637 αὐτοῖς
540 3575 1010 3639 ἐπιὸουλεύοντας,
1039 3575 1137 3627 καὶ
1167 3575 1440 3646 πολεμίως
1470 3577 1692 3647 ἔχοντας

285 3669 499 3732 αὐτοὺς,
533 3668 935 3736 παρασκευάσω
972 3666 1070 3737 τὴν
1098 3668 1235 3737 πρὸς
1256 3669 1453 3732 αὐτοὺς
1474 3670 1689 3724 ἑλέσθαι

144 3754 311 3818 φιλίαν.
335 3777 352 3807 ι
380 3759 493 3810 Καὶ
540 3756 691 3820 τόξον
740 3759 834 3809 καὶ
878 3756 1150 3826 ῥομφαίαν
1186 3758 1281 3811 καὶ
1306 3758 1538 3821 πόλεμον
1567 3778 1690 3813 συν-

141 3844 289 3914 τρίψω
323 3848 428 3900 ἀπὸ
460 3848 566 3916 τῆς
602 3848 725 3917 γῆς·
758 3868 777 3900 ι
815 3849 994 3917 πάσης
1034 3848 1233 3911 αὐτοὺς
1281 3848 1513 3919 πολέμου
1573 3853 1690 3905 πεί-

144 3956 227 4006 ρας
268 3943 414 4005 ἐκτὸς
460 3944 808 4011 καταστήσω.
858 3962 875 3992 ι
917 3943 1025 3995 Καὶ
1064 3942 1306 3995 κατοικῶ
1361 3945 1555 4007 αὐτοὺς
1601 3945 1689 3997 ἐπ’

144 4031 315 4084 ἐλπίδι·
376 4055 393 4085 ο
444 4034 854 4103 παρασκευάσω
908 4032 964 4086 δέ
1007 4033 1071 4086 ἐκ
1099 4033 1207 4085 τῶν
1248 4035 1689 4104 προσγινομένων

144 4124 296 4187 αὐτοῖς
341 4126 581 4193 ἀγαθῶν,
633 4126 728 4177 καὶ
776 4125 905 4194 περὶ
954 4123 1062 4175 τῶν
1095 4125 1233 4194 μετὰ
1263 4125 1433 4179 ταῦτα
1459 4128 1690 4197 χρηστό-

144 4231 252 4285 τερα
282 4218 539 4283 ἐλπίζειν.
583 4236 603 4268 ι
648 4217 755 4270 Καὶ
794 4216 1199 4286 μνηστεύσομαί
1245 4234 1305 4269 σε
1351 4220 1570 4288 ἐμαυτῷ
1608 4221 1688 4283 είς

145 4309 217 4359 τὸν
256 4312 445 4364 αἰῶναο
486 4312 581 4363 καὶ
625 4308 1032 4380 μνηστεύσομαι
1085 4310 1307 4381 ἐμαυτῷ
1362 4312 1419 4363 ἐν
1486 4312 1689 4364 δικαιο-

147 4399 257 4470 σύνῃ
293 4404 382 4455 καὶ
434 4407 494 4455 ἐν
553 4403 783 4471 κρίμασι
826 4404 921 4455 καὶ
966 4404 1024 4455 ἐν
1077 4403 1212 4473 ἐλέῳ
1247 4405 1340 4458 καὶ
1378 4407 1435 4456 ἐν
1483 4408 1687 4475 οἰκτιρ-

1796 3207 1884 3260 illa
1914 3222 2037 3260 cum
2070 3205 2201 3261 feris
2228 3206 2366 3276 agri,
2413 3213 2466 3260 et
2495 3222 2619 3261 cum
2644 3208 2769 3262 caeli
2792 3208 3130 3275 volucribus,
3156 3219 3210 3266 et
3242 3228 3368 3266 cum

1797 3306 1954 3351 terra:
1998 3297 2301 3365 rcptilibus.
2338 3316 2358 3348 ι
2394 3297 2508 3360 llla,
2556 3297 2752 3367 inquit,
2785 3314 2905 3368 qua:
2931 3300 3067 3370 ipsis
3096 3309 3254 3356 antea
3284 3302 3370 3357 in-

1794 3388 2156 3453 sidiabantur,
2195 3396 2249 3442 et
2278 3388 2461 3443 hostili
2499 3390 2683 3443 animo
2733 3398 2909 3454 erant,
2950 3390 3090 3446 dabo
3121 3408 3364 3463 operam,

1794 3487 1853 3532 ut
1880 3479 2084 3535 eisdem
2119 3479 2359 3533 amicitia
2400 3480 2722 3550 jungantur.
2768 3499 2787 3532 ι
2823 3483 3130 3553 Arcumque
3157 3493 3211 3539 et
3253 3487 3365 3555 gla-

1792 3572 1940 3625 dium
1980 3585 2044 3624 ac
2087 3570 2284 3624 bellum
2324 3578 2437 3624 tota
2480 3572 2701 3641 regione
2747 3580 3047 3629 conteram.
3087 3594 3106 3627 ›
3160 3575 3369 3649 Nempe

1793 3660 1914 3716 illos
1943 3662 2091 3715 omni
2144 3660 2269 3715 belli
2313 3662 2559 3715 molestia
2602 3663 2904 3732 expediam.
2956 3683 2976 3716 ι
3011 3664 3077 3718 Et
3120 3666 3369 3724 habitare

1790 3771 1886 3812 eos
1934 3755 2127 3809 faciam
2178 3770 2304 3808 cum
2359 3770 2473 3823 spe.
2513 3774 2532 3807 ι
2590 3754 2740 3811 Dabo
2778 3772 3020 3827 operam,
3054 3766 3112 3812 ut
3140 3775 3206 3815 ex
3249 3760 3365 3828 jam

1792 3851 2095 3919 impetratis
2119 3850 2300 3914 bonis,
2330 3849 2552 3903 meliora
2592 3850 2757 3903 etiam
2792 3865 2850 3904 se
2881 3858 3066 3919 postea
3096 3865 3367 3905 consecu-

1791 3951 1944 3997 turos
1977 3948 2216 4012 sperent.
2256 3960 2274 3993 ι
2310 3940 2375 3994 Ει
2416 3940 2688 4009 sponsabo
2720 3946 2772 3993 te
2804 3940 2936 3994 mihi
2982 3940 3038 3995 in
3080 3942 3367 4011 sempiter-

1790 4052 1918 4088 num
1949 4053 1961 4088 :
1991 4044 2044 4089 et
2076 4035 2350 4103 sponsabo
2379 4032 2511 4086 tnihi
2544 4033 2596 4086 in
2643 4031 2878 4100 justitia.
2931 4032 2986 4086 in
3030 4032 3278 4101 judiciis,
3310 4043 3366 4089 et

1792 4127 1845 4179 in
1873 4126 2265 4189 misericordia,
2292 4134 2344 4179 et
2371 4125 2426 4179 in
2450 4124 2913 4179 miserationibus.
2947 4143 2968 4178 ι
2997 4123 3095 4188 Te,
3119 4127 3363 4197 inquam,

1790 4220 1844 4273 in
1878 4219 2171 4273 amicitiam
2195 4234 2365 4273 meam
2388 4234 2672 4288 reponam,
2699 4219 2907 4288 tibique
2939 4218 3362 4276 familiaritatem

1790 4329 1964 4368 meam
2008 4313 2290 4366 restituam
2319 4328 2334 4375 ;
2363 4327 2518 4382 ωειυο
2552 4312 2677 4382 jure
2709 4327 2895 4382 agens,
2921 4321 2975 4366 et
3002 4328 3097 4368 eos
3125 4315 3219 4383 qui
3264 4314 3363 4369 tibi

1788 4404 2121 4475 captivitatis
2171 4414 2410 4473 tempore
2445 4404 2631 4473 injurii
2692 4404 2912 4457 fuerunt
2962 4404 3215 4472 puniens,
3267 4406 3361 4475 ju-

149 4495 261 4559 μοῖς.
296 4513 314 4545 ι
356 4496 441 4547 Ἐν
484 4498 553 4564 τῇ
601 4495 911 4564 οἰκειότητί·
952 4512 1011 4547 σε
1068 4496 1227 4549 πάλιν
1280 4496 1567 4562 κατατάξω
1613 4501 1679 4567 τῇ

1797 4506 2041 4566 stumque
2100 4495 2164 4551 de
2215 4497 2471 4551 omnibus
2518 4496 2784 4566 judicium
2845 4496 3045 4562 ferens,
3098 4513 3187 4553 res
3238 4506 3361 4553 tuas

145 4582 230 4653 ἐμῇ
252 4602 262 4612 ·
288 4587 501 4657 παρέξω
527 4588 583 4639 δέ
608 4604 711 4648 σοι,
742 4587 898 4657 φησὶ,
935 4587 1010 4656 (p.
1034 4587 1125 4657 25)
1152 4588 1248 4659 τὴν
1285 4588 1554 4641 οἱκείωσιν
1581 4589 1681 4660 τὴν

146 4674 277 4745 ἐμὴν,
295 4679 673 4749 ἑτιμελόμενός
694 4696 751 4730 τε
785 4679 877 4731 τοῦ
908 4679 1143 4742 δικαίου,
1172 4681 1265 4733 καὶ
1295 4680 1538 4745 κολάζων
1559 4681 1686 4745 τοὺς

144 4763 432 4835 ἠδικηκότας
481 4788 541 4822 σε
596 4771 739 4823 κατὰ
795 4770 884 4822 τὸν
931 4772 1029 4841 τῆς
1055 4772 1436 4842 αἰχμαλωσίας
1473 4773 1683 4843 καιρὸν,

146 4858 313 4923 κρίνων
341 4879 396 4913 τε
426 4862 598 4915 ἅπασι
624 4861 759 4931 μετὰ
784 4862 879 4914 τοῦ
898 4862 1104 4915 δικαίου
1127 4881 1139 4892 ·
1171 4864 1265 4916 καὶ
1300 4865 1404 4935 μὴν
1433 4867 1527 4917 καὶ
1549 4864 1684 4934 ἐλέῳ

145 4948 199 5000 τὰ
225 4952 351 5005 κατά
377 4954 431 5006 σὲ
459 4953 699 5009 διοικῶν,
735 4974 753 5005 ‹
791 4956 901 5007 Καὶ
932 4955 1335 5025 μνηστεύσομαί
1370 4973 1428 5008 σε
1461 4956 1685 5027 ἐμαυτῷ

1789 4591 2023 4660 denique
2065 4590 2296 4661 benigne
2342 4604 2553 4659 regens.
2588 4608 2604 4639 ι
2645 4588 2711 4642 Ει
2741 4580 3017 4657 sponsabo
3042 4597 3095 4643 te
3130 4590 3259 4645 mihi
3301 4592 3359 4647 in

1790 4684 1910 4746 fide,
1952 4693 2005 4738 et
2036 4697 2335 4752 cognosces
2355 4682 2660 4735 Dominum.
2693 4701 2711 4733 ι
2740 4681 2866 4746 Vos,
2894 4681 3136 4751 inquam,
3169 4683 3223 4736 in
3259 4700 3359 4739 ne-

1787 4776 2155 4830 cessariorum
2204 4789 2433 4828 numero
2461 4774 2713 4842 posthinc
2742 4773 2971 4839 habebo,
3009 4774 3103 4844 qui
3144 4783 3198 4829 et
3224 4778 3357 4832 mihi

1786 4866 2097 4920 creditlistts
2150 4872 2313 4934 prout
2346 4863 2455 4917 Deo
2485 4879 2581 4933 par
2610 4873 2714 4928 est,
2735 4879 2929 4935 meque
2960 4874 3207 4920 vestrum
3248 4866 3357 4921 Do-

1788 4960 1996 5011 minum
2024 4958 2343 5027 agnovistis.

145 5043 192 5095 ἐν
210 5045 385 5113 πίστει,
426 5048 521 5100 καὶ
557 5046 834 5118 ἐπιγνώσῃ
867 5050 958 5100 τὸν
1000 5047 1222 5119 Κύριον.
1258 5068 1277 5100 ι
1310 5048 1542 5119 Δέξομαι
1582 5049 1681 5119 τὴν
1729 5050 2001 5103 οίκείωσιν
2045 5049 2198 5118 ὑμῶν
2247 5048 2431 5101 λοιπὸν
2477 5049 2914 5103 πεπιστευκότων
2948 5051 3010 5104 τέ
3050 5068 3142 5120 μοι
3176 5049 3357 5113 καθὼς

148 5141 351 5210 προσῆκε
382 5143 518 5213 Θεῷ,
547 5144 640 5195 καὶ
664 5143 941 5212 Δεσπότην
969 5142 1438 5209 ἐπιγινωσκὸντων
1459 5145 1678 5197 οἰκεῖον.

201 5231 329 5302 Στίχ.
369 5234 473 5289 κα’.
507 5264 578 5274 -
610 5252 629 5285 ι
665 5234 776 5285 Καὶ
819 5233 971 5287 ἕσται
1014 5236 1071 5286 ἐν
1126 5236 1193 5305 τῇ
1251 5235 1435 5306 ἡμέρα
1474 5235 1678 5307 ἐκείνῃ,

146 5319 265 5388 λέγει
280 5325 487 5397 Κύριος,
515 5325 886 5395 ἐπακούσομαι
913 5324 991 5395 τῷ
1026 5325 1259 5396 οὐρανῷ,
1288 5327 1381 5379 καὶ
1405 5326 1433 5376 ὁ
1452 5327 1679 5397 οὐρανὸς

150 5411 463 5471 ἐπακούσεται
484 5421 549 5489 τῇ
584 5420 676 5487 γῇ,
717 5417 809 5469 καὶ
852 5418 885 5487 ἡ
917 5417 990 5486 γῆ
1035 5417 1400 5470 ἐπακούσεται
1435 5417 1512 5488 τῷ
1547 5419 1677 5487 σίτῳ

151 5503 225 5553 καὶ
242 5506 308 5575 τῷ
332 5509 451 5580 οἴνῳ
470 5511 565 5562 καὶ
590 5510 668 5577 τῷ
692 5509 860 5579 ἐλαίῳ
891 5526 905 5538 ο
924 5509 1018 5562 καὶ
1041 5502 1179 5561 αὐτὰ
1209 5509 1571 5563 ἐπακούσεται
1595 5509 1673 5579 τῷ

163 5597 341 5675 Ἰσραήλ
360 5622 372 5634 ·
411 5612 501 5659 καὶ
526 5605 713 5676 σπερῶ
742 5607 911 5675 αὐτὴν
936 5604 1158 5675 ἐμαυτῷ
1197 5607 1289 5657 ἐπὶ
1319 5606 1419 5675 τῆς
1440 5607 1561 5675 γῆς,
1584 5605 1677 5658 καὶ

156 5686 319 5759 ὶλεήσω
338 5695 431 5766 τὴν
452 5698 549 5749 οὐκ
570 5696 914 5766 ἠλεημένηνο
950 5697 1045 5749 καὶ
1067 5696 1177 5765 ἐρῶ
1210 5695 1286 5765 τῷ
1314 5697 1374 5748 οὐ
1405 5697 1519 5766 λαῷ
1552 5714 1675 5767 μου,

160 5780 267 5847 Λιάς
289 5804 376 5855 μου
418 5785 463 5842 εἴ
502 5789 565 5841 σύ
588 5805 601 5817 '
625 5790 720 5841 καὶ
750 5788 910 5851 αὐτὸς
936 5788 1071 5859 ἐρεῖ,
1116 5790 1316 5858 Κύριος
1345 5792 1373 5842 ὁ
1405 5789 1536 5853 Θεός
1576 5808 1677 5861 μου

161 5866 198 5923 ιῖ
229 5891 298 5931 συ.
325 5880 490 5935 »Τότε
527 5880 594 5951 δὴ
621 5880 824 5949 πολλὴν
864 5880 1011 5946 ἕξετε
1050 5881 1144 5934 καὶ
1183 5882 1290 5935 τῶν
1322 5882 1548 5952 καρπῶν
1581 5882 1678 5954 τὴν

1856 5233 2022 5288 Vens.
2055 5234 2145 5288 2!.
2181 5264 2249 5271 —-
2276 5252 2295 5285 ι
2320 5233 2544 5304 Eritque
2588 5233 2675 5288 die
2725 5233 2839 5297 illa,
2889 5234 3021 5289 dicit
3066 5233 3355 5301 Dominus,

1783 5327 2072 5383 exaudiam
2126 5327 2350 5392 ctelum,
2377 5335 2432 5382 et
2488 5327 2688 5381 cmlum
2732 5327 2985 5382 exaudiet
3026 5332 3252 5395 terram,
3302 5339 3358 5384 et

1781 5429 1927 5473 terra
1979 5419 2231 5473 exaudiet
2287 5419 2531 5473 triticum
2577 5425 2632 5472 et
2694 5419 2877 5472 vinum
2921 5428 2975 5473 et
3023 5421 3244 5484 oleum,
3299 5429 3358 5477 et

1779 5509 1896 5564 haec
1937 5494 2228 5565 exaudient
2266 5510 2539 5565 lsraelem.
2586 5509 2882 5579 Seramque
2928 5526 3048 5565 eam
3103 5512 3236 5566 mihi
3296 5514 3354 5568 in

1776 5610 1944 5666 terra,
1974 5610 2029 5657 et
2057 5602 2358 5657 miserebor
2393 5601 2512 5670 ejus
2541 5601 2699 5669 cujus
2732 5616 2840 5654 non
2879 5617 3029 5655 erant
3066 5604 3350 5659 misertus.

1776 5692 2070 5764 Dicamque
2103 5695 2302 5763 populo
2335 5710 2445 5747 non
2482 5708 2636 5756 meo,
2686 5692 2925 5762 Populus
2959 5710 3111 5749 meus
3141 5710 3201 5749 es
3233 5703 3293 5749 tu
3332 5713 3347 5748 :

1776 5794 1828 5841 et
1852 5788 1967 5856 ipse
1987 5786 2147 5851 dicet,
2166 5786 2427 5839 Dominus
2443 5785 2585 5839 Dctts
2611 5800 2767 5839 meus
2794 5802 2852 5841 cs
2872 5794 2952 5841 ttt.
2996 5784 3180 5840 »Τυηο
3201 5794 3351 5841 certe

1776 5881 2001 5936 multam
2039 5880 2310 5938 habebitis
2338 5880 2556 5952 frugum
2599 5879 2900 5939 ubertatem
2937 5899 2949 5936 :
2986 5880 3186 5936 ctenim
3217 5892 3347 5950 aer,
