3814 6224
434 285 542 344 “3

1645 283 1996 340 TliEODORl
2031 284 2527 345 MOPSUESTENI

3590 291 3698 346 ιλιι

429 423 522 462 me
560 403 789 467 volente,
833 400 1062 456 imbrem
1109 399 1286 454 telluri
1330 399 1612 468 demittet;
1663 401 1866 472 quippe
1893 416 2001 457 cm.

2115 403 2374 474 ἀφθονίαν
2400 421 2414 436 ·
2447 408 2475 458 ὁ
2505 406 2602 476 μὲν
2622 405 2728 477 γάρ
2751 406 2858 477 ἀὴρ
2877 406 3014 459 κατά
3039 405 3263 478 γνώμην
3300 407 3433 478 ἐμὴν
3465 409 3696 480 παρέξει

430 499 546 551 ium
577 509 674 565 pro
703 506 828 548 aere
853 491 984 546 dicit
1003 530 1018 555 ,
1046 491 1214 545 veluti
1245 505 1368 545 cum
1405 490 1531 546 coeli
1567 491 1822 547 volucres
1844 492 2011 556 dicit,

2117 499 2183 564 τῇ
2208 499 2277 567 γῇ
2301 497 2392 550 τὸν
2407 497 2562 550 ὑετόν
2586 514 2598 526 ·
2618 497 2845 567 οὐρανὸν
2870 497 2979 568 γὰρ
2996 499 3083 551 τὸν
3098 499 3234 570 ἀέρα
3272 501 3429 554 καλεῖ
3454 517 3467 530 ·
3491 502 3566 564 ῶς
3598 505 3695 556 καὶ

434 601 628 656 nempe
670 584 790 638 illas
820 599 940 652 qua:
984 597 1165 637 aerem
1202 581 1434 636 ﬁndunt.
1480 581 1652 638 Terra
1695 591 1876 639 autem
1909 583 2001 639 rite

2115 589 2187 642 τὰ
2226 590 2448 642 πετεινὰ
2479 590 2573 643 τοῦ
2608 588 2839 660 ούρανοῦ
2865 591 2992 642 ὅταν
3021 590 3174 661 λέγῃ,
3213 593 3298 646 ἵνα
3337 593 3463 664 εἰπῃ
3491 595 3558 647 τὰ
3601 593 3694 647 τέ-

433 677 656 748 irrigata
701 675 912 729 fructus
945 689 1075 728 suos
1123 673 1467 730 abundanter
1495 674 1760 740 praebebit
1810 689 1825 727 :
1869 690 2011 744 quo-

432 784 556 822 rum
586 768 734 821 lauto
755 765 923 820 Israel
947 781 1048 819 usu
1077 763 1288 819 fruetur
1312 806 1327 831 ,
1354 764 1407 818 id
1433 773 1518 820 est
1536 777 1692 820 terra:
1715 765 2010 820 bonorum.

431 859 763 929 Faciamque
795 866 854 911 ut
888 857 993 928 16
1029 856 1303 926 propriam
1334 857 1610 927 regionem
1647 857 1828 912 denuo
1858 857 2010 912 inco-

432 951 569 1015 lant,
626 964 733 1019 qua
793 956 952 1004 antea
1005 949 1199 1018 privati
1253 947 1506 1014 fuerant;
1559 959 1724 1017 atque
1786 947 1862 1002 ita
1927 947 2007 1002 ibi

435 1041 696 1109 degentes
724 1040 928 1095 cultum
959 1039 1090 1092 mihi
1126 1039 1477 1094 exhibebunt.
1515 1037 1570 1092 ld
1605 1039 1751 1092 enim
1797 1037 2008 1108 signiﬁ-

434 1143 564 1188 cant
593 1133 682 1186 illa
711 1132 896 1195 verba,
927 1151 944 1182 ι
970 1129 1157 1185 Seram
1189 1146 1307 1186 eam
1335 1129 1467 1183 mihi
1495 1130 1548 1182 in
1582 1139 1722 1184 terra
1749 1147 1764 1184 :
1795 1149 1813 1181 ι
1837 1141 2008 1183 meta-

429 1223 604 1289 phora
662 1237 692 1275 a
729 1220 1157 1278 seminatoribus
1205 1229 1420 1288 sumpta
1462 1219 1646 1274 dicere
1693 1221 1903 1284 volens,
1948 1237 2007 1276 se

432 1315 553 1369 illos
587 1322 697 1367 tota
729 1327 921 1368 rursus
951 1312 1170 1383 regione
1204 1311 1380 1381 patria
1416 1325 1764 1380 sparsurum,
1811 1311 1865 1364 in
1898 1326 2006 1380 qua

433 1419 627 1459 secure
677 1403 1039 1470 habitabant,
1101 1402 1411 1471 debilisque
1476 1417 1605 1471 erga
1663 1418 1749 1457 me
1807 1402 2005 1456 ofﬁciis

431 1497 750 1565 fungentur.
819 1495 950 1562 Quae
997 1495 1216 1565 quidem
1257 1495 1336 1548 ita
1384 1495 1674 1559 evenient,
1733 1495 1860 1563 quia
1917 1509 2006 1548 res

431 1596 649 1654 vestrae,
699 1603 785 1642 me
811 1596 1059 1650 curante,
1099 1586 1325 1641 meliore
1376 1586 1689 1640 conditione
1735 1600 1857 1640 esse
1893 1600 2005 1640 cce-

432 1689 660 1749 perunt;
711 1680 844 1734 adeo
873 1686 933 1732 ut
963 1678 1244 1733 misertum
1286 1678 1358 1732 sit
1390 1678 1536 1734 illius
1574 1694 1695 1749 quae
1725 1687 1879 1733 extra
1902 1679 2006 1732 mi-

2116 695 2319 746 μνοντα
2346 678 2436 732 τὸν
2465 679 2621 749 ἀέραο
2637 681 2670 748 ἡ
2695 679 2750 731 δέ
2767 679 2838 749 γῆ
2861 681 2933 743 ώς
2952 680 3094 744 εἰκὸς
3115 681 3383 752 ἁρδομένη
3404 685 3527 747 τοὺς
3555 702 3691 756 καρ-

2113 770 2251 834 ποὺς
2264 771 2510 840 ἀφθόνως
2535 771 2830 844 παρέξεται
2860 773 2985 836 τοὺς
3019 773 3252 838 οἰκείους
3271 792 3282 804 ·
3314 776 3380 828 ἐκ
3410 775 3466 830 δὲ
3485 777 3692 830 τούτων

2110 861 2343 930 ἄφθονον
2362 863 2390 914 ό
2417 863 2632 934 Ἰσραὴλ
2653 865 2750 935 τὴν
2773 864 3068 919 ἀπόλαυσιν
3082 867 3338 936 κτήσεται
3359 868 3468 920 τῶν
3500 869 3563 922 ἐκ
3591 869 3690 939 τῆς

2109 953 2214 1022 γῆς
2233 951 2470 1020 ἀγαθῶψ
2491 952 2897 1016 παρασκευάσω
2912 971 2968 1005 τε
2988 954 3146 1008 πάλιν
3167 955 3364 1017 αὐτοὺς
3380 955 3478 1024 τὴν
3499 955 3602 1026 γῆν
3618 957 3688 1007 oi-

2115 1045 2233 1095 κεῖν
2254 1042 2350 1113 τὴν
2377 1043 2534 1104 ἰδίαν,
2564 1039 2746 1116 ἧσπερ
2776 1040 2867 1098 οῦν
2893 1043 3246 1117 ἀφῃρέθησαν
3260 1045 3509 1116 πρόσθεν,
3526 1047 3603 1109 ὡς
3623 1045 3692 1100 ἂν

2111 1133 2188 1204 (p.
2225 1134 2316 1203 24)
2352 1134 2537 1188 αὐτόθι
2567 1135 2844 1204 διάγοντες
2870 1136 2969 1206 τῆς
2989 1137 3127 1206 ἐμῆς
3176 1137 3515 1206 ἐπιμελοῖντο
3535 1137 3691 1208 θεραο

2110 1225 2287 1288 πείας’
2307 1226 2464 1279 τοῦτο
2488 1227 2597 1299 γὰρ
2625 1226 2772 1295 λέγει
2795 1226 2878 1292 τὸ,
2898 1246 2915 1277 ι
2938 1226 3132 1298 Σπερῶ
3157 1227 3323 1297 αὐτὴν
3353 1228 3573 1298 ἐμαυτῷ
3595 1229 3691 1280 ἐπὶ

2106 1315 2208 1385 τῆς
2244 1318 2346 1386 γῆς
2367 1333 2379 1346 °
2421 1336 2441 1370 ι
2468 1318 2531 1369 ἐκ
2560 1319 2871 1389 μεταφορᾶς
2903 1319 3010 1370 τῶν
3046 1318 3372 1387 σπειρόντων
3407 1317 3688 1389 βουληθεὶς

2109 1407 2304 1470 εἰπεῖν,
2331 1408 2413 1461 ὅτι
2443 1408 2598 1461 Κατά
2619 1408 2798 1479 πάσης
2819 1407 3016 1472 αὐτοὺς
3041 1407 3244 1461 ἐκτενῶ
3275 1408 3430 1462 πάλιν
3457 1408 3555 1478 τῆς
3584 1410 3690 1479 γῆς

2107 1495 2208 1566 τῆς
2223 1497 2452 1562 οἰκείας,
2481 1497 2618 1568 μετά
2645 1499 2942 1567 ἀσφαλείας
2964 1516 3022 1551 τε
3049 1498 3329 1562 οἰκοῦντας
3345 1500 3570 1570 ἐναύτῇ,
3591 1498 3690 1550 καὶ

2106 1583 2217 1636 τῶν
2255 1585 2379 1654 ἐμοὶ
2429 1587 2811 1656 προσηκόντων
2849 1588 3241 1659 ἀντεχομένους
3263 1589 3480 1642 λοιπόν·
3529 1589 3687 1641 ἔσται

2107 1677 2164 1731 δὲ
2193 1677 2388 1738 ταῦτα,
2435 1678 2621 1750 ἐπειδὴ
2674 1679 2980 1753 μεταϐολὴν
3013 1681 3111 1752 τὴν
3151 1683 3242 1735 ἐπὶ
3264 1682 3324 1734 τὸ
3347 1684 3590 1754 κρεῖττον
3615 1683 3689 1736 τὰ

431 1744 787 1828 seriem-diam
846 1769 1060 1836 fuerat;
1123 1768 1409 1838 factusque
1475 1769 1548 1823 sit
1591 1744 1852 1838 pOpulus,
1911 1768 2001 1838 qui

2111 1769 2232 1822 καθ’
2264 1770 2409 1840 ὑμᾶς
2436 1769 2524 1824 διά
2551 1744 2651 1842 τῆς
2674 1744 3004 1843 κηδεμονίας
3037 1744 3248 1843 δέχεται
3275 1744 3541 1843 τῆςνέμῆς
3567 1789 3581 1801 ⁸
3607 1774 3688 1838 ῶς

426 1871 592 1919 antea
612 1878 721 1917 non
748 1872 867 1917 erat
891 1860 1146 1931 populus.
1196 1865 1371 1930 Atque
1398 1860 1472 1914 ita
1507 1862 1634 1930 jure
1683 1862 1890 1932 optimo
1918 1861 2007 1920 his

431 1957 545 2022 ﬂet,
594 1955 721 2024 quia
767 1960 822 2008 et
868 1953 973 2024 ipsi
1027 1961 1209 2008 vetere
1257 1967 1445 2008 errore
1500 1952 1714 2018 relicto,
1759 1954 2005 2010 debitum

431 2062 593 2103 suum
630 2053 948 2116 agnoscent,
981 2043 1236 2113 claraque
1264 2059 1398 2100 voce
1425 2043 1641 2108 dicent,
1676 2045 1850 2101 solum
1883 2061 2007 2102 esse

426 2140 788 2209 ipsorummet
838 2151 963 2192 vere
1017 2135 1306 2188 Dominum
1363 2149 1426 2190 ac
1488 2135 1682 2203 Deum,
1728 2151 1852 2192 eum
1910 2136 2004 2206 qui

430 2231 673 2286 omnium
707 2237 922 2283 creator
947 2234 1053 2292 est,
1089 2228 1490 2298 specialemqne
1520 2229 1600 2283 eis
1630 2243 1818 2284 curam
1849 2244 2003 2283 suam

426 2322 654 2378 caelitus
684 2320 897 2376 tribuit.

1080 2642 1234 2700 CAP.
1275 2641 1362 2699 111.

503 2762 672 2819 Vsus.
711 2761 762 2815 Ι.
800 2789 870 2800 -
899 2777 919 2810 ι
959 2757 1212 2828 Dixitque
1255 2755 1389 2810 mihi
1444 2755 1706 2810 Dominus
1757 2775 1770 2811 :
1809 2755 2004 2812 Adhuc

429 2854 589 2922 vade,
623 2860 678 2908 et
712 2851 875 2921 dilige
920 2850 1200 2903 mulierem
1235 2846 1551 2918 diligentem
1589 2847 1742 2916 _mala
1776 2853 1830 2902 ει
1858 2848 2007 2901 adul-

431 2955 607 3002 teram
673 2964 686 2999 :
751 2941 894 2996 haud
951 2957 1109 2996 secus
1158 2954 1324 3010 quam
1389 2937 1530 2993 Deus
1591 2937 1732 2993 ﬁlios
1787 2939 2004 2995 lsraelis

433 3040 628 3110 diligit,
673 3037 802 3091 dum
849 3034 950 3104 ipsi
993 3033 1057 3086 ad
1099 3032 1230 3087 deos
1267 3031 1476 3086 alienos
1512 3031 1836 3101 respiciunt,
1882 3031 2003 3086 dili-

436 3139 679 3200 guntque
703 3125 961 3196 cupedias
983 3134 1034 3179 et
1058 3123 1306 3177 vinacea.
1342 3142 1360 3174 ι
1395 3121 1533 3176 Hinc
1569 3139 1787 3192 quoque
1815 3123 2004 3193 exploo

434 3230 614 3277 ratum
661 3219 741 3288 ﬁt,
773 3215 920 3289 quod
972 3216 1247 3270 multolies
1293 3214 1565 3282 diximus,
1600 3229 1709 3269 non
1753 3215 1820 3269 ad
1865 3215 2006 3271 scri-

428 3314 637 3386 ptionis
671 3312 923 3376 formam,
948 3323 1169 3379 unoque
1202 3316 1412 3370 tenore,
1444 3308 1831 3377 prophetarum
1874 3322 2004 3362 ora-

434 3407 556 3461 cula
577 3405 744 3459 fuisse
763 3402 1074 3471 conscripta
1093 3440 1106 3464 ,
1130 3399 1224 3455 sed
1255 3415 1321 3454 ex
1349 3399 1636 3453 intervallo
1651 3398 1883 3460 dictata,
1916 3413 2005 3454 se-

435 3497 672 3553 cundum
691 3502 1036 3564 acceptarum
1058 3501 1163 3547 tem
1172 3506 1302 3561 pora
1319 3489 1712 3546 revelationum
1733 3507 1747 3542 :
1769 3505 2001 3561 quarum

433 3587 698 3641 instinctu
741 3583 808 3638 ad
838 3583 1096 3654 populum
1144 3580 1466 3636 necessario
1497 3581 1662 3636 verba
1702 3580 1998 3644 faciebant,

430 3678 632 3734 divinis
687 3675 1176 3731 illuminationibus
1238 3673 1611 3728 consectanei.
1681 3673 1811 3728 Nam
1874 3687 1999 3726 cum

433 3770 686 3840 superius
712 3775 1024 3823 enarrasset
1057 3766 1292 3819 oblatam
1321 3765 1426 3822 sibi
1469 3766 1684 3820 illarum
1716 3780 1902 3820 rerum
1931 3766 2003 3820 ob

435 3863 618 3934 populi
689 3861 1140 3929 vituperationem
1210 3859 1538 3928 imaginem,
1600 3859 1796 3914 merito
1854 3875 2002 3915 nunc

431 3952 820 4009 revelationem
852 3950 1075 4002 alteram
1106 3948 1315 4017 pariter
1341 3950 1589 4019 exponit,
1622 3964 1784 4018 quam
1813 3957 2003 4020 utpote

437 4056 466 4093 a
486 4039 592 4093 Deo
623 4039 723 4092 sibi
754 4037 1076 4101 immissain,
1097 4037 1286 4106 nequit
1308 4039 1554 4092 reticere.
1584 4037 1789 4093 Etenim
1811 4039 1999 4104 verba,

441 4147 460 4178 ι
495 4128 638 4181 Dixit
668 4126 800 4179 mihi
825 4124 1106 4184 Dominus,
1148 4143 1166 4176 ι
1215 4125 1318 4178 hoc
1357 4126 1682 4195 signiﬁcant,
1739 4129 2000 4184 nimirum

439 4217 530 4270 Dei
579 4217 851 4285 loquentis
889 4230 1076 4270 vocem
1110 4217 1276 4270 veluti
1300 4233 1444 4281 esse,
1488 4216 1686 4271 factam
1721 4219 1867 4274 illam
1895 4221 1999 4276 sibi

440 4309 541 4379 17
594 4308 856 4362 divinitus
913 4307 1313 4364 revelationem.
1365 4307 1640 4364 Mandavit
1686 4328 1815 4383 ergo
1867 4315 1998 4368 mihi

433 4406 718 4458 mulierem
757 4403 960 4458 habere
991 4402 1330 4466 adulteram,
1361 4410 1416 4458 et
1459 4402 1702 4473 cujusvis
1733 4404 1998 4458 malorum

433 4495 650 4564 generis
693 4493 1054 4562 operatricem
1091 4510 1104 4545 :
1141 4499 1202 4545 ut
1240 4493 1354 4547 haec
1386 4493 1551 4548 etiam
1594 4495 1999 4564 repraesentatio

433 4587 680 4658 quaedam
721 4587 792 4640 sit
821 4584 1049 4647 mentis,
1085 4599 1251 4653 quam
1295 4600 1395 4656 ego
1428 4601 1556 4655 erga
1600 4586 1819 4641 lsraelis
1859 4588 2000 4642 ﬁlios

434 4677 670 4731 retinere
697 4675 917 4738 studui,
951 4689 1270 4744 quanquam
1294 4677 1439 4728 omni
1475 4677 1809 4745 improbitati
1845 4675 2002 4731 dedi-

434 4779 539 4832 tos,
560 4783 823 4836 suumque
841 4776 1026 4835 aperte
1041 4767 1368 4821 adulterium
1390 4777 1753 4833 ostentantes;
1775 4769 1868 4838 qui
1889 4769 1999 4823 diis

435 4856 574 4912 [also
602 4857 744 4926 apud
785 4858 1034 4911 ethnicos
1063 4857 1326 4925 reputatis
1354 4856 1620 4924 student;
1671 4873 2001 4927 magnopere

434 4957 742 5017 satagentes
790 4949 1113 5004 constitutas
1151 4949 1263 5002 illic
1303 4948 1595 5020 religiones
1628 4950 1855 5018 exsequi
1893 4968 1906 5004 :
1945 4950 1999 5004 id

431 5041 578 5095 enim
611 5038 917 5109 signiﬁcant
945 5040 1110 5094 verba
1150 5060 1168 5092 ι
1203 5040 1446 5110 cupediae
1480 5055 1606 5094 cum
1652 5041 1933 5108 vinaceis;
1973 5059 1990 5092 ι

432 5133 590 5204 quasi
649 5133 798 5187 dicat
845 5147 1015 5201 panes
1071 5133 1222 5187 varie
1279 5133 1591 5196 laboratos,
1641 5147 1768 5186 cum
1820 5132 1998 5202 passis

431 5223 689 5278 nimirum
734 5221 874 5286 uvis,
923 5221 1173 5276 admistis
1218 5223 1484 5287 bellariis,
1529 5238 1669 5292 quos
1716 5238 1867 5277 more
1897 5238 1999 5277 suo

431 5313 667 5384 quodam
722 5314 883 5368 idolis
925 5313 1222 5370 offerebant
1265 5333 1277 5368 :
1319 5331 1447 5369 nam
1493 5333 1512 5367 ι
1564 5314 1828 5385 cu'pedias
1869 5330 1998 5370 cum

430 5407 672 5462 vinaceis
698 5417 966 5476 appetere,
1002 5425 1020 5457 ι
1047 5405 1251 5461 dictum
1281 5417 1364 5462 est
1387 5423 1485 5476 pro
1513 5408 1790 5476 voluptate
1827 5422 1992 5476 quam

430 5499 766 5555 honorandis
801 5500 963 5554 idolis
1003 5501 1248 5570 capiunt.
1293 5498 1466 5554 Porro
1506 5500 1801 5568 superiora
1845 5501 1996 5554 dicta

431 5592 579 5647 fuere
601 5593 900 5661 praesertim
921 5591 988 5647 ad
1007 5593 1195 5648 decem
1212 5593 1456 5646 tribuum
1476 5591 1995 5661 reprehensionem,

432 5701 656 5758 quarum
679 5687 910 5756 populus
934 5685 1194 5740 derelicto
1229 5685 1360 5748 Deo,
1389 5701 1448 5740 se
1470 5685 1634 5739 idolis
1657 5685 1946 5740 addixerat
1979 5701 1992 5738 :

432 5786 542 5829 tunc
587 5783 768 5831 autem
826 5776 894 5830 ad
946 5776 1429 5848 reprehensionem
1493 5776 1702 5847 pariter
1761 5777 1980 5830 illorum

2109 1861 2376 1916 ἐλεεῖσθαι
2407 1863 2504 1933 μὲν
2535 1863 2634 1934 τὴν
2677 1865 2776 1916 οὐκ
2826 1865 3164 1936 ὴλεημένην·
3195 1865 3320 1918 λαὸν
3344 1866 3398 1918 δὲ
3435 1861 3570 1919 εἶναι
3592 1865 3685 1918 τὸν

2106 1954 2167 2007 οὑ
2221 1953 2485 2026 πρότερον
2535 1955 2661 2008 λαόν
2688 1972 2701 1986 ·
2731 1956 2867 2028 ὅπερ
2895 1953 2987 2010 οὖν
3031 1957 3253 2020 εἰκότως
3296 1957 3475 2020 αὐτοῖς
3515 1973 3686 2028 προσ-

2108 2047 2280 2111 έσται,
2306 2047 2491 2119 ἐπειδὴ
2523 2049 2764 2102 κάκεῖνοι
2791 2049 2888 2120 τῆς
2912 2049 3175 2121 πρότερον
3193 2049 3522 2112 ἀποστάντες
3549 2049 3687 2102 πλά-

2107 2157 2206 2210 νης
2268 2141 2656 2209 ἐπιγνώσονταί
2709 2159 2768 2195 τε
2832 2143 2894 2194 τὸ
2925 2141 3061 2207 δέον,
3099 2143 3192 2195 καὶ
3240 2141 3378 2212 μετά
3419 2141 3685 2212 λαμπρᾶς

2108 2228 2293 2300 ἐροῦσι
2337 2231 2435 2300 τῆς
2485 2231 2687 2301 φωνῆς,
2719 2233 2800 2285 ὅτι
2838 2231 3000 2295 αὐτὸς
3030 2231 3092 2302 δὴ
3129 2233 3288 2302 μόνος
3322 2231 3469 2285 ἐστὶν
3502 2229 3684 2284 αὐτῶν

2108 2319 2276 2381 ὅντως
2305 2319 2507 2392 Κύριός
2535 2337 2595 2373 τε
2625 2321 2718 2374 καὶ
2747 2321 2898 2386 Θεὸς,
2933 2323 2960 2374 ὁ
2990 2323 3098 2374 τῶν
3124 2322 3373 2377 ἁπάντων
3407 2323 3504 2392 μὲν
3533 2339 3684 2391 ποιη-

2109 2410 2206 2480 τὴς
2241 2411 2335 2464 καὶ
2361 2412 2646 2483 δεσπότης,
2678 2413 2811 2466 ἰδίαν
2832 2414 2887 2467 δὲ
2915 2417 3096 2478 αὐτοῖς
3121 2415 3325 2470 ἀνωθεν
3344 2415 3442 2485 τὴν
3473 2415 3682 2467 οἰκείαν

2110 2504 2301 2574 νείμας
2328 2504 2668 2575 κηδεμονίαν.

2767 2640 2919 2696 ΚΕΦ.
2948 2641 3022 2696 Γθ.

2181 2757 2328 2825 Στιχ.
2360 2761 2456 2809 μα’.
2503 2783 2574 2794 —
2607 2773 2624 2806 ι
2663 2755 2775 2808 Ka‘t
2825 2751 2947 2808 εἰπε
3003 2755 3207 2826 Κύριος
3254 2756 3390 2827 πρός
3433 2774 3525 2828 με,
3558 2755 3681 2810 Ἔτι

2111 2846 2404 2919 πορεύθητι
2426 2849 2518 2901 καὶ
2539 2847 2822 2920 ἀγάπησον
2855 2853 3090 2919 γυναῖκα
3132 2849 3434 2917 ἀγαπῶσαν
3467 2848 3684 2920 πονηρά

2112 2940 2206 2993 καὶ
2242 2938 2509 3009 μοιχαλίν’
2534 2938 2716 3003 καθὼς
2746 2941 2940 3012 ἀγαπᾷ
2957 2943 2985 2994 ὁ
3003 2940 3135 3004 Θεὸς
3158 2941 3306 3004 υἱοὺς
3323 2939 3556 3012 Ἰσραὴλ,
3585 2941 3682 2994 καὶ

2111 3033 2267 3086 αὐτοὶ
2286 3031 2682 3086 ἀποῦλέπουσιν
2705 3035 2797 3087 ἐπὶ
2809 3033 2966 3096 θεοὺς
2985 3033 3318 3105 ἀλλοτρίους,
3345 3035 3440 3088 καὶ
3465 3033 3684 3102 φιλοῦσι

2111 3124 2373 3194 πέμματα
2397 3123 2534 3195 μετά
2561 3124 2850 3194 σταφίδων.
2887 3144 2904 3176 ι
2935 3124 3166 3196 Εῠδηλον
3194 3125 3495 3188 δπολλάκις
3530 3125 3682 3194 εἰρή-

2109 3232 2285 3287 καμεν
2341 3215 2656 3280 κάντεῦθεν,
2707 3217 2790 3269 ὅτι
2825 3216 2898 3287 μὴ
2932 3216 2991 3270 ἐν
3031 3216 3352 3287 συγγραφῆς
3378 3216 3503 3268 εἴδει
3537 3215 3681 3268 κατὰ

2111 3309 2239 3377 μίαν
2286 3307 2550 3378 ἁρμονίαν
2611 3309 3021 3379 συγγέγραπται
3074 3307 3144 3361 τὰ
3183 3307 3292 3360 τῶν
3344 3306 3676 3377 προφητῶν·

2105 3399 2446 3470 διηρημένως
2480 3399 2536 3452 δὲ
2566 3400 2641 3470 (p.
2674 3399 2766 3471 25)
2793 3400 3008 3471 εἴρηται
3027 3400 3169 3453 κατά
3191 3399 3283 3453 τὸν
3307 3399 3417 3453 τῶν
3468 3399 3683 3452 ἀποκαο

2105 3491 2316 3560 λύψεων
2343 3484 2417 3544 ὧν
2455 3491 2706 3557 ἐδέξαντο
2725 3493 2916 3563 καιρόν
2938 3510 2952 3524 ο
2978 3492 3062 3561 ἐφ’
3089 3486 3177 3556 αἷς
3202 3491 3294 3545 καὶ
3325 3490 3395 3544 τὰ
3418 3491 3556 3563 πρὸς
3586 3492 3682 3544 τὸν

2105 3581 2232 3636 λαὸν
2295 3582 2604 3650 ἀναγκαίως
2646 3584 2982 3654 προσήγοντο
3035 3582 3225 3651 λέγειν.
3254 3584 3368 3644 ταῖς
3401 3582 3681 3636 ἀποκαλύ-

2104 3674 2260 3744 ψεσιν
2287 3674 2540 3744 ἑπόμενοι
2569 3677 2690 3738 ταῖς
2739 3673 2912 3738 θείαις
2934 3691 2948 3704 ·
2979 3673 3219 3744 εἰρηκὼς
3248 3673 3356 3745 γὰρ
3382 3673 3482 3743 τὴν
3513 3673 3680 3744 λῆψιν

2102 3768 2202 3837 τῆς
2231 3768 2349 3821 κατ’
2363 3770 2546 3820 ἐκεῖνα
2563 3766 2770 3829 εἰκόνος
2795 3766 2881 3818 ἐπ’
2906 3765 3125 3835 ἔλεγχον
3146 3765 3243 3818 τοῦ
3270 3765 3398 3820 λαοῦ
3421 3766 3676 3837 ῥηθέντα,

2103 3859 2324 3922 δικαίως
2351 3859 2544 3930 ἑτέραν
2573 3857 2914 3926 ἀποκάλυψιν
2937 3855 3168 3910 ἐνταῦθα
3189 3856 3455 3924 διηγεῖται
3491 3857 3679 3922 πάλιν,

2102 3951 2170 4022 ἣν
2187 3949 2334 4021 παρὰ
2351 3948 2486 4002 Θεοῦ
2504 3947 2794 4018 δεξάμενος
2813 3944 3085 4001 ἐκτίθεται
3101 3948 3414 4015 ἀναγκαίως
3429 3964 3441 3976 ·
3469 3947 3532 4000 τὸ
3543 3947 3680 4020 γὰρ,

2107 4062 2128 4094 ι
2165 4038 2299 4096 Eis-rs
2325 4040 2528 4114 Κύριος
2553 4040 2689 4111 πρὸς
2718 4040 2806 4111 μδ,
2844 4058 2861 4091 ι
2885 4038 3044 4092 τοῦτο
3063 4039 3232 4110 δηλοῖ,
3265 4039 3402 4092 Θεοῦ
3429 4040 3680 4108 λέγοντος

2102 4131 2242 4190 εἶναι
2313 4137 2495 4207 φωνὴν
2546 4134 2643 4206 τὴν
2708 4132 3080 4202 γεγενημένην
3137 4131 3476 4202 ἀποκάλυψιν
3526 4131 3682 4202 αὐτῷ

2104 4225 2307 4280 θειόθεν
2336 4242 2351 4256 ·
2407 4223 2572 4279 Εἶπεν
2608 4219 2702 4276 οὖν
2754 4240 2864 4293 μοι,
2915 4221 3070 4291 φησὶ,
3109 4221 3236 4290 περί¹
3261 4224 3494 4288 γυναῖκα
3533 4222 3684 4292 ἔχειν

2107 4316 2393 4389 μοιχαλίδα
2439 4317 2534 4369 καὶ
2568 4314 2856 4367 παντοίων·
2880 4312 3104 4384 ἐργάτιν
3127 4311 3316 4365 κακῶν
3337 4327 3352 4344 ⁸
3381 4312 3456 4376 ώς
3491 4313 3556 4366 ἂν
3590 4314 3684 4382 μί-

2034 4454 2076 4509 D
2109 4427 2272 4481 μησις
2303 4409 2386 4480 εἴη
2414 4409 2508 4460 καὶ
2537 4406 2698 4460 τοῦτο
2729 4406 2828 4477 τῆς
2841 4403 3083 4476 γνώμης,
3124 4404 3193 4474 ἢν
3216 4407 3348 4476 περὶ
3371 4405 3499 4468 τοὺς
3528 4406 3684 4470 υἱοὺς

2117 4501 2330 4574 Ἰσραὴλ
2400 4500 2704 4564 ἀποσώζειν
2793 4497 3134 4564 ἐσπούδακα,
3182 4497 3332 4568 πάσῃ
3408 4498 3686 4571 μοχθηρίᾳ

2106 4594 2398 4658 συζῶντας,
2448 4590 2544 4644 καὶ
2591 4590 2736 4660 σαφῆ
2795 4589 2893 4660 τὴν
2949 4589 3158 4643 ἑαυτῶν
3200 4589 3685 4659 ἐπιδεικνυμένους

2107 4683 2347 4755 μοιχείαν
2372 4698 2387 4714 ο
2441 4682 2492 4734 οἳ
2553 4681 2683 4752 περὶ
2752 4681 3039 4752 διαφόρους
3102 4681 3472 4735 ἐσπουδάκασι
3523 4680 3687 4744 θεοὺς

2102 4776 2228 4838 τοὺς
2273 4773 2426 4845 παρά
2479 4775 2591 4836 τοῖς
2643 4771 2820 4825 ἐθνεσι
2859 4771 3209 4843 νομισθέντας
3264 4771 3499 4841 ψευδῶς,
3549 4775 3686 4844 περὶ

2105 4865 2298 4920 πολλοῦ
2325 4863 2636 4935 ποιούμενοι
2672 4864 2734 4917 τὸ
2763 4864 2865 4934 τὴν
2901 4863 3031 4933 παρ’
3062 4863 3245 4926 αὐτοῖς
3278 4861 3687 4933 νενομισμένην

2104 4956 2400 5025 θεραπείαν
2432 4956 2748 5026 προσάγειν·
2785 4954 2942 5008 τοῦτο
2969 4954 3078 5026 γὰρ
3095 4954 3245 5023 λέγει
3273 4954 3334 5007 τὸ
3356 4973 3374 5006 ι
3406 4955 3686 5025 πέμματα

2107 5048 2244 5117 μετά
2291 5046 2598 5114 σταφίδωνο
2643 5063 2662 5097 ι
2701 5045 2788 5099 ἴνα
2843 5045 2972 5117 εἴπῃ
3040 5046 3239 5116 ἄρτους
3275 5045 3370 5109 οὒς
3415 5047 3684 5110 ποικίλως

2103 5137 2600 5200 κατασκευάζοντες
2627 5134 2850 5204 σταφίσι
2874 5153 2932 5189 τε
2979 5136 3072 5188 καὶ¹
3095 5138 3208 5198 τοίς
3231 5136 3555 5206 τραγήμασι
3594 5153 3688 5206 μι-

2101 5228 2344 5297 γνύντες,
2410 5227 2553 5281 κατά
2599 5245 2652 5282 τι
2705 5228 2814 5280 τῶν
2867 5228 2996 5299 περὶ
3057 5225 3227 5280 ταῦτα
3260 5227 3493 5297 ἐχόντων
3534 5227 3683 5292 ἔθος,

2102 5320 2436 5391 προσέφερον
2461 5322 2573 5383 τοῖς
2606 5317 2862 5382 εἰδώλοις·
2895 5319 2956 5371 τὸ
2985 5319 3093 5389 γὰρ
3123 5339 3141 5370 ι
3173 5320 3387 5384 φιλοῦσι
3413 5321 3686 5391 πέμματα

2105 5410 2243 5480 μετὰ
2282 5410 2576 5480 σταφίδων,
2613 5429 2631 5461 ι
2673 5410 2794 5463 ἀντὶ
2833 5408 2950 5471 τοῦ,
2992 5410 3058 5462 δι’
3085 5411 3277 5482 ἡδονῆς
3316 5412 3467 5464 ἐστιν
3492 5412 3685 5475 αὐτοῖς

2099 5502 2272 5556 ταῦτα
2293 5504 2466 5556 ποιεῖν
2489 5503 2582 5556 ἐπὶ
2599 5504 2732 5572 τιμῇ
2759 5500 2869 5555 τῶν
2900 5486 3154 5556 εἰδώλων.
3199 5503 3278 5572 (p.
3304 5502 3398 5572 26)
3431 5503 3594 5556 Ἔστι
3625 5504 3684 5555 δὲ

2101 5592 2250 5662 αὐτῷ
2270 5593 2337 5646 τὰ
2365 5592 2462 5661 μὲν
2489 5593 2728 5663 πρότερα
2763 5591 3026 5664 εἰρημένα
3051 5591 3186 5662 πρὸς
3221 5592 3444 5662 ἔλεγχον
3477 5591 3686 5663 μᾶλλον

2099 5683 2208 5740 τῶν
2234 5684 2365 5737 δέκα
2393 5684 2592 5752 φυλῶν·
2612 5685 2662 5738 οἳ
2688 5684 3136 5747 καταλελοιπότες
3165 5683 3256 5737 τὸν
3289 5685 3423 5737 Θεὸν
3453 5687 3569 5746 τοῖς
3602 5685 3684 5736 εἰ·

2101 5775 2288 5840 δώλοις
2321 5777 2604 5846 προσεῖχον
2623 5791 2636 5806 ο
2672 5775 2830 5828 ταυτὶ
2846 5773 2902 5827 δὲ
2932 5774 3068 5847 πρὸς
3097 5773 3317 5846 ἔλεγχον
3332 5773 3445 5828 τῶν
3474 5774 3544 5844 τῇ
3579 5771 3683 5844 βα-
