3814 6224
160 310 232 368 ἰίὅ
1156 295 1706 358 COMHENTARIUS
1740 294 1806 349 IN
1843 292 2045 351 OSEE
2086 294 2240 350 CAP.
2273 292 2361 348 Ill.

3259 287 3359 345 ΗΘ

152 432 288 504 athla
313 431 681 501 προσηκόντων
707 429 806 498 τῆς
838 425 1101 489 ἰουδαίας
1130 443 1141 455 ·
1175 425 1225 479 οἳ
1252 423 1344 477 τὸν
1376 423 1503 476 ναὺν
1534 421 1665 491 ἕχον

1792 415 2093 485 pertinent,
2124 412 2216 484 qui
2253 412 2308 466 in
2341 409 2542 466 Judaaze
2583 422 2752 479 regno
2779 406 3032 468 vivebant
3068 423 3082 460 :
3120 421 3360 477 namque

148 543 216 588 τες
255 523 371 595 παρ’
428 524 655 585 ἑαυτοῖς,
705 520 799 574 καὶ
833 518 899 589 δὴ
944 517 1034 571 καί
1076 534 1195 571 τινα
1237 514 1470 586 σπουδὴν
1506 513 1595 567 διά
1618 530 1677 566 τε

149 613 461 683 πανηγύρεων
487 613 581 664 καὶ
599 608 799 662 θυσιῶν
822 605 1221 675 ἐνδεικνύμενοι
1238 621 1304 655 πε
1314 605 1366 675 ρὶ
1387 603 1478 657 τὸν
1510 601 1679 663 ὅντως

145 706 263 766 Θεὸν,
292 703 674 774 μοιχευομένης
720 700 876 770 δίκην
911 698 1008 768 τὴν
1043 697 1171 766 περὶ
1198 697 1265 749 τὰ
1296 694 1492 749 εἴδωλα
1520 694 1679 764 θερα-

146 798 268 850 asini:
318 795 579 865 συνῆπτον
648 797 715 866 τῇ
786 793 1011 859 ἐνδείξει
1072 790 1173 862 τῆς
1224 789 1353 861 περὶ
1416 789 1478 843 τὸ
1525 788 1678 841 Θεῖον

145 889 357 959 σπουδῆς.

192 1163 656 1235 Στιχ.β’-ε’.-Εἷτα
680 1165 846 1231 λέγει·
880 1185 896 1217 ι
919 1166 1025 1218 Καὶ
1046 1163 1434 1235 ἐμισθωσάμην
1455 1166 1678 1233 ἐμαυτῷ

1788 515 1842 563 et
1875 507 1953 572 hi,
1985 521 2301 578 quanquam
2334 504 2595 575 templum
2632 500 2780 572 apud
2819 516 2879 556 se
2908 500 3196 563 haberent,
3228 512 3361 552 nee-

1792 616 1901 656 non
1936 601 2175 671 aliquam
2200 597 2608 655 observantiam
2646 594 3055 650 solemnitatum
3084 607 3149 647 ac
3186 592 3360 647 sacri-

1789 691 2038 747 ﬁciorum
2096 706 2208 761 prae.
2268 706 2329 746 se
2378 689 2593 744 ferrent
2648 688 2705 742 in
2739 686 2854 742 veri
2916 684 3013 739 Dei
3068 683 3354 747 honorem,

1788 782 2151 838 nihilominus
2205 782 2384 837 instar
2430 780 2735 843 adulterae,
2780 778 3056 833 idolorum
3112 775 3356 839 cultum,

1789 892 1914 931 cum
1962 875 2446 932 demonstratione
2480 872 2655 929 studii
2709 886 2840 943 erga
2900 869 3078 926 Deum
3140 869 3339 938 copula

1784 965 1936 1022 bant.

1860 1166 2029 1221 Vens.
2069 1166 2186 1220 2-5.
2222 1196 2291 1209 —
2326 1182 2344 1215 ι
2384 1164 2449 1217 Et
2499 1164 2755 1219 mercede
2801 1162 3042 1217 conduxi
3070 1176 3189 1217 eam
3222 1160 3358 1214 milii

137 1259 266 1310 πέντε
282 1260 366 1311 καί
378 1259 507 1312 δέκα
522 1260 661 1329 ἀργυ
672 1260 806 1328 ρίου,
849 1259 939 1313 καὶ
954 1259 1127 1329 γομδρ
1142 1257 1367 1329 κριθῶν,
1401 1258 1493 1311 καὶ
1519 1256 1665 1309 νεόὲλ

1788 1258 2110 1330 quindecim
2156 1257 2454 1326 argenteis,
2500 1265 2554 1310 et
2588 1271 2723 1309 coro
2759 1255 2947 1309 hordei
2999 1268 3065 1307 ac
3096 1267 3357 1307 mensura

136 1347 295 1404 οἰνωοι
341 1354 403 1421 τῇ
444 1351 798 1422 άκριϐολογίᾳ
824 1351 1166 1422 χρησάμενος
1208 1352 1289 1414 εἰς
1319 1350 1550 1421 δήλωσιν
1578 1349 1665 1403 τοῦ

1782 1350 1920 1405 vini.
1965 1368 1983 1400 ι
2027 1348 2235 1402 Minuta
2286 1348 2388 1401 liae
2437 1348 2716 1402 locutione
2758 1348 2932 1399 utitur
2978 1346 3048 1400 ad
3090 1360 3235 1399 verae
3277 1344 3357 1399 rei

142 1440 373 1507 γεγονότος
389 1440 578 1503 ὅντως·
596 1441 886 1509 ἀναγκαῖον
898 1439 954 1491 δὲ
972 1437 1063 1491 καὶ
1078 1436 1172 1491 τοῦ
1195 1456 1213 1490 ι
1234 1436 1626 1508 ἐμισθωσάμην
1648 1455 1665 1487 ι

1780 1450 1947 1509 gesta:
1966 1438 2518 1493 demonstrationem.
2544 1437 2676 1490 item
2710 1451 2850 1506 opus
2885 1436 2986 1489 fuit
3009 1454 3027 1485 ι
3051 1433 3350 1490 mercedis»

134 1532 181 1583 τὸ
198 1532 497 1603 ὑπόδειγμα,
528 1533 649 1585 ἐπεὶ⁵
664 1532 758 1586 καὶ
776 1534 804 1585 ό
827 1531 958 1595 Θεὸς
974 1532 1066 1584 ἐπὶ
1086 1530 1346 1601 μεγάλαις
1362 1530 1593 1601 δωρεαῖς
1608 1546 1665 1583 τε

1779 1531 2053 1600 exemplo,
2095 1530 2225 1600 quia
2268 1528 2412 1584 Deus
2460 1544 2682 1598 quoque
2726 1529 2942 1598 magnis
2979 1527 3139 1581 donis
3191 1534 3357 1596 atque

132 1623 208 1673 καί
231 1621 422 1690 μισθοῖς
442 1622 573 1683 τοὺς
609 1620 891 1689 Ἰουδαίους
919 1618 1095 1689 ἐαυτῷ
1125 1618 1382 1688 συνῆψεν.
1421 1620 1561 1672 «Καὶ
1591 1614 1665 1672 εἷ-

1779 1622 2126 1678 mereedibus
2168 1620 2387 1676 Iudaeos
2424 1620 2533 1676 sibi
2569 1619 2886 1675 addixerat.
2926 1638 2945 1670 ι
2981 1618 3215 1689 Dixique
3253 1618 3303 1673 ei
3335 1636 3352 1674 :

130 1728 213 1764 πον
253 1712 375 1782 πρὸς
414 1712 605 1781 αὐτὴν,
642 1711 880 1783 Ἡμέρας
926 1711 1123 1775 πολλὰς
1160 1711 1358 1784 καθίσῃ
1400 1711 1487 1765 ἐπ’
1524 1711 1668 1781 ἐμοὶ,

1781 1712 1906 1769 Dies
1946 1714 2150 1768 multos
2196 1712 2544 1782 exspectabis
2599 1726 2723 1775 me,
2774 1721 2828 1765 et
2877 1726 2978 1781 ego
3007 1718 3095 1778 te;
3150 1720 3205 1766 et
3240 1726 3354 1768 non

131 1805 207 1857 καί
226 1804 323 1873 ἐγὼ
348 1806 437 1857 ἐπὶ
467 1806 574 1867 σοὶ,
606 1805 700 1857 καὶ
727 1782 791 1856 ού
823 1803 898 1874 μὴ
925 1802 1248 1877 πορνεύσῃς,
1277 1782 1397 1857 ούδὲ
1432 1804 1506 1875 μὴ
1536 1803 1665 1874 γένῃ

1773 1804 2156 1868 fornicaberis,
2197 1820 2374 1875 neque
2418 1807 2538 1859 viro
2570 1804 2706 1860 eris.
2767 1824 2786 1857 ι
2832 1803 3001 1870 Quasi
3041 1805 3181 1859 Deus
3215 1819 3354 1874 quo-

128 1896 273 1967 ἀνδρί.
302 1915 319 1947 ι
373 1897 456 1960 Ὠς
492 1897 561 1950 ἂν
604 1897 699 1949 καὶ
740 1895 834 1949 τοῦ
885 1896 1019 1949 Θεοῦ
1056 1897 1158 1950 οὐκ
1195 1898 1280 1950 ἐπ’
1310 1896 1507 1965 ὀλίγον,
1554 1897 1669 1951 ἀλλ’

127 1990 201 2041 ἐπὶ
225 1989 404 2061 μακρῷ
426 1988 506 2061 τῷ
539 1990 717 2061 χρόνῳ
740 1989 1025 2061 προσέχειν
1054 2006 1114 2043 τε
1146 1990 1294 2060 αὐτῷ
1323 1990 1673 2062 βουληθέντος

126 2085 229 2146 τους
267 2084 575 2147 Ἰουδαίους,
623 2086 717 2139 καὶ
745 2085 848 2155 τὴν
876 2084 1201 2155 κηδεμονίαν
1232 2086 1415 2149 αὐτοῖς
1442 2086 1673 2156 ὑποσχο-

127 2176 261 2243 μένου
293 2175 384 2245 τὴν
410 2175 621 2229 οἰκείαν
641 2191 656 2206 ⁶
697 2175 841 2229 οὕτω
877 2193 936 2230 τε
969 2176 1168 2241 αὐτοὺς
1210 2176 1561 2248 βουληθέντος
1595 2177 1670 2249 μὴ

126 2264 327 2334 πρὸς-τὰ
346 2265 547 2320 εἴδωλα
578 2265 774 2331 νεύειν,
809 2267 901 2319 ἐπὶ
929 2267 987 2320 δὲ
1016 2267 1115 2336 τῆς
1146 2267 1274 2336 περὶ
1298 2267 1460 2320 αὐτὸν
1491 2266 1671 2337 μένειν

122 2356 317 2420 εὐνοίας.
342 2352 470 2410 Εἶτα
490 2358 664 2426 λέγει’
698 2377 715 2408 ι
739 2358 884 2411 Διότι
906 2358 1120 2431 ἡμέρας
1139 2358 1339 2421 πολλὰς
1359 2358 1670 2412 καθίσονται

121 2449 158 2499 οἱ
184 2450 274 2501 υἱοὶ
308 2452 523 2522 Ἰσραὴλ
566 2453 665 2505 οὐκ
692 2451 844 2515 ὄντος
883 2450 1166 2521 βασιλέως,
1208 2452 1328 2505 οὐδὲ
1375 2451 1525 2515 ὄντος
1567 2451 1668 2521 ἄρ-

121 2556 274 2609 χοντος
304 2542 375 2612 (p.
402 2543 521 2610 27),
552 2544 675 2597 οὐδὲ
704 2542 869 2615 οὔσης
902 2543 1115 2608 θυσίας,
1151 2545 1271 2598 οὐδὲ
1300 2545 1452 2610 ὄντος
1481 2545 1671 2600 θυσια-

122 2633 328 2702 στηρίου,
358 2635 478 2688 οὐδὲ
514 2637 809 2706 ἱερατείας,
836 2637 956 2691 οὐδὲ
986 2638 1180 2709 δήλων.
1213 2658 1230 2689 ι
1286 2640 1373 2703 Ὠς
1394 2638 1503 2711 γὰρ
1528 2640 1671 2693 ἐκεί-

119 2742 196 2795 νης
219 2727 311 2780 οὐκ
332 2729 423 2782 ἐπὶ
450 2731 566 2783 τῶν
596 2731 879 2802 συνθηκῶν
909 2732 1172 2803 μεινάσης
1199 2732 1306 2787 τῶν
1339 2734 1571 2798 οἰκείων,
1600 2737 1667 2804 τῇ

118 2816 161 2869 δὲ
188 2825 399 2892 πορνικῇ
430 2821 633 2893 γνώμῃ
660 2825 798 2895 πρὸς
825 2825 1042 2896 ἐτέρους
1070 2826 1357 2895 νευσάσης,
1383 2826 1555 2891 οὕτως
1582 2830 1669 2881 ἐν·-

118 2907 260 2962 τιιύθα
279 2910 445 2979 λέγει,
481 2912 873 2985 ὄτιΠαρόμοια
902 2916 968 2989 δὴ
997 2918 1087 2971 καί
1115 2916 1224 2970 τῶν
1251 2918 1515 2971 Ἰουδαίων
1539 2920 1669 2989 περὶ

118 2996 199 3064 ἐμὲ
221 3002 612 3071 πεποιηκότων,
646 3006 916 3076 τιμωρίαν
944 3008 1130 3071 αὐτοῖς
1159 3008 1421 3078 ἀνάλογον
1455 3010 1664 3078 ἐπάξω,

117 3089 183 3156 ἐφ’
206 3093 358 3164 ἱκανῷ
386 3096 485 3164 μὲν
506 3096 589 3166 τῷ
608 3098 783 3168 χρόνῳ
804 3099 1078 3169 παραδοὺς
1098 3101 1467 3173 αἰχμαλωσίᾳ,
1490 3120 1667 3174 παρα-

119 3183 351 3249 σκευάσας
375 3186 432 3240 δὲ
461 3188 683 3243 πάντων
700 3189 810 3243 τῶν
837 3190 979 3245 κατὰ
1003 3192 1104 3261 τὴν
1129 3192 1312 3264 χώραν
1337 3193 1435 3261 τὴν
1462 3196 1667 3249 οἰκείαν

115 3272 321 3345 ἐρήμους
349 3274 491 3333 εἶναι
542 3281 854 3346 παντελῶς
900 3284 977 3346 ὡς
1026 3282 1286 3353 βασιλέως
1325 3287 1422 3356 μὲν
1465 3288 1664 3340 οἰκείου

114 3364 247 3431 ἐκτὸς
279 3366 411 3424 εἶναι
444 3373 547 3425 καὶ
570 3373 848 3445 ἄρχοντος,
892 3374 990 3428 ἆτε
1023 3376 1112 3444 ὑφ’
1138 3377 1311 3447 ἑτέρῳ
1339 3377 1547 3447 βασιλεῖ
1575 3397 1655 3432 τε-

114 3457 412 3525 ταγμένους,
456 3456 616 3534 ᾧπερ
654 3463 1035 3535 αἰχμαλώτους
1073 3468 1365 3535 γεγονότας
1397 3468 1667 3523 δουλεύειν

114 3546 291 3620 ἀνάγκη
314 3568 327 3580 ·
376 3554 732 3626 ἀφαιρεῖσθαι
775 3556 832 3609 δὲ
861 3558 1039 3611 αὐτῶν
1085 3558 1305 3623 καὶτὰς
1338 3560 1526 3625 θυσίας
1572 3564 1667 3616 καὶ

114 3636 191 3705 τὴν
223 3642 307 3696 τοῦ
347 3644 738 3718 θυσιαστηρίου
770 3650 982 3720 χρείαν,
1015 3651 1109 3703 καὶ
1135 3653 1315 3705 πᾶσαν
1344 3652 1441 3724 τὴν
1467 3656 1666 3726 ἱερατιο

116 3731 196 3802 κήν
220 3732 586 3809 λειτουργίαν·
617 3740 704 3794 διὰ
728 3742 790 3795 τὸ
822 3743 1110 3810 γεγονότας
1136 3728 1668 3818 αἰχμαλώτουςπόῤ-

115 3826 506 3895 ρωκαθεστάναι
522 3831 633 3883 τῶν
647 3833 827 3886 τόπων
852 3835 911 3887 ἐν
935 3831 1019 3899 οἷς
1041 3837 1339 3907 ἱερατεύειν
1368 3838 1664 3908 Θεῷήνενο-

116 3920 341 3987 μισμένον
390 3922 639 3992 ὑπῆρχεν
666 3962 683 3988 ,
724 3925 973 3997 ἀμοιρεῖν
1019 3928 1077 3981 δὲ
1128 3929 1222 3982 καὶ
1270 3931 1370 3999 τῆς
1419 3931 1512 3983 ἐπὶ
1550 3933 1665 3995 τοῖς

112 4007 470 4082 ἀναιρουμένοις
516 4014 607 4068 διὰ
638 4015 745 4070 τῶν
790 4018 1085 4088 προφητῶν
1118 4019 1403 4091 δηλώσεως
1433 4039 1447 4053 ο
1495 4019 1662 4092 οὗπερ

112 4094 188 4150 οὖν
206 4104 456 4175 πρότερον
493 4105 791 4176 ἐτύγχανον
822 4110 1103 4173 ποικίλως.
1145 4131 1165 4163 ι
1194 4113 1303 4165 Καὶ
1331 4114 1468 4183 μετὰ
1490 4113 1665 4167 ταῦτα

112 4187 496 4264 ἐπιστρέφουσιν
532 4199 578 4249 οἱ
603 4200 710 4252 υἰοὶ
755 4199 994 4272 Ἰσραὴλ,
1015 4201 1110 4254 καὶ
1138 4199 1430 4274 ζητήσουσι
1460 4204 1664 4275 Κύριον

112 4278 184 4334 τὸν
219 4282 343 4338 Θεὸν
378 4287 600 4353 αὐτῶν,
649 4290 746 4345 καὶ
787 4291 953 4345 Δαϐὶδ
999 4292 1091 4345 τὸν
1129 4292 1350 4362 βασιλέα
1402 4294 1599 4349 αὐτῶν.
1634 4315 1655 4348 ι

112 4370 407 4443 Τηνικαῦτα,
439 4382 640 4451 φησὶν,
686 4384 996 4455 αἰσθόμενοι
1039 4385 1150 4439 τῶν
1198 4386 1414 4440 οἰκείων
1450 4386 1657 4451 κακῶν,

1773 1915 1880 1970 que
1910 1913 2019 1953 non
2062 1898 2374 1968 paulisper,
2416 1898 2509 1954 sed
2560 1898 2821 1953 diuturno
2851 1905 3098 1968 tempore
3133 1897 3352 1953 Judzeos

1771 1992 1905 2044 velit
1938 1990 2044 2044 sibi
2080 1990 2402 2051 adhaerere,
2447 1988 2653 2058 quibus
2694 1987 2940 2043 vicissim
2972 2002 3161 2043 curam
3195 2004 3351 2043 suam

1771 2085 2046 2157 promittit
2087 2101 2104 2139 :
2144 2085 2222 2139 ita
2261 2082 2536 2138 mandans
2564 2083 2864 2153 quominus
2900 2082 2967 2135 ad
3004 2082 3145 2136 idola
3184 2083 3354 2137 decli-

1770 2185 1922 2245 nent,
1954 2176 2051 2234 sed
2085 2191 2217 2248 erga
2243 2192 2302 2232 se
2338 2175 2777 2231 benevolentiam
2821 2174 3118 2228 retineant.
3156 2174 3351 2231 Postea

1770 2271 1905 2328 dicit
1957 2289 1972 2327 :
2015 2287 2035 2323 ι
2085 2269 2226 2336 Quia
2273 2269 2393 2325 dies
2436 2268 2640 2323 multos
2675 2267 2949 2323 sedebunt
2992 2267 3087 2321 ﬁlii
3133 2266 3349 2321 lsraelis

1770 2367 1889 2422 sine
1920 2379 2069 2436 rege,
2106 2371 2161 2419 et
2191 2362 2315 2418 sine
2351 2362 2631 2433 principe,
2669 2369 2725 2416 et
2761 2361 2882 2417 sine
2916 2361 3022 2431 18
3052 2360 3345 2425 sacriﬁcio,

1770 2468 1825 2515 et
1849 2459 1972 2514 sine
2016 2456 2202 2522 altari,
2234 2470 2301 2511 ae
2344 2456 2466 2511 sine
2517 2454 3081 2511 manifestationibus.
3122 2474 3141 2505 ι
3184 2452 3350 2508 Nam-

1771 2566 1900 2620 que,
1931 2550 2068 2605 utsi
2105 2550 2199 2604 illa
2229 2548 2431 2603 mulier
2461 2550 2519 2601 in
2560 2546 2769 2602 foedere
2804 2561 2905 2601 suo
2945 2563 3055 2601 non
3094 2561 3350 2617 perman-

1772 2645 1970 2704 sisset,
2008 2640 2103 2696 sed
2138 2638 2457 2695 meretricio
2490 2638 2676 2693 animo
2710 2638 2777 2693 ad
2810 2639 2947 2693 alios
2981 2638 3347 2694 declinasset:

1770 2734 1845 2789 ita
1869 2734 1960 2788 hic
1986 2733 2139 2798 dicit,
2177 2732 2235 2787 Si
2268 2732 2422 2801 paria
2451 2730 2625 2786 Judaei
2659 2731 2792 2786 mihi
2827 2730 3059 2788 fecerint
3081 2771 3096 2797 ,
3126 2745 3348 2802 poenam

1768 2825 1841 2880 iis
1892 2823 2114 2894 dignam
2182 2822 2507 2892 imponam,
2572 2822 2740 2893 longo
2805 2820 3029 2891 quidem
3102 2828 3352 2891 tempore

1770 2915 2077 2985 captivitati
2130 2912 2354 2969 tradens
2384 2953 2400 2977 ,
2448 2921 2505 2968 et
2550 2914 2797 2968 omnium
2858 2912 3049 2982 patriae
3106 2912 3349 2983 regionis

1770 3024 1956 3063 rerum
1994 3007 2206 3063 faciens
2239 3016 2463 3079 egentes
2502 3025 2515 3060 :
2560 3021 2687 3076 rege
2729 3007 2943 3061 scilicet
2980 3006 3066 3061 vel
3096 3005 3349 3075 principe

1771 3102 1998 3171 proprio
2050 3101 2303 3170 expulso,
2351 3099 2597 3170 ipsisque
2644 3099 2801 3153 alteri
2848 3100 2961 3168 regi
3015 3099 3346 3168 suppositis,

1768 3195 1859 3249 cui
1886 3194 2137 3264 captivos
2176 3192 2351 3248 factos
2377 3192 2584 3248 servire
2610 3206 2842 3247 necesse
2873 3192 2982 3246 erit
3020 3210 3033 3245 :
3069 3191 3348 3261 simulque

1768 3285 1975 3341 auferri
2016 3284 2416 3341 sacrilieiorum
2476 3284 2673 3349 ritum,
2713 3294 2766 3337 et
2799 3282 2994 3338 altaris
3048 3297 3245 3349 usum,
3294 3291 3349 3335 et

1768 3378 2109 3437 sacerdotale
2138 3393 2301 3433 omne
2327 3377 2721 3439 ministerium.
2755 3378 2885 3446 quia
2917 3374 3119 3446 captivi
3150 3374 3347 3444 procul

1766 3475 1838 3530 iis
1872 3474 2009 3529 locis
2040 3472 2447 3535 consisterent,
2482 3471 2575 3525 ubi
2618 3469 2730 3525 Deo
2761 3484 2918 3524 sacra
2965 3467 3150 3523 facere
3174 3468 3347 3537 legiti-

1768 3577 1921 3617 mum
1964 3570 2117 3625 erat,
2167 3570 2222 3617 et
2248 3561 2545 3617 dubiorum
2593 3576 2817 3631 quoque
2866 3558 3178 3622 solutione,
3220 3574 3347 3627 qua:

1766 3655 2161 3725 prophetarum
2211 3670 2306 3709 ore
2353 3655 2551 3720 ﬁebat,
2596 3660 2877 3717 carerent,
2921 3666 3139 3723 quaque
3183 3659 3345 3706 antea

1765 3745 2121 3801 multifariam
2159 3744 2501 3801 fruebantur.
2546 3763 2566 3797 ι
2604 3745 2668 3799 Et
2696 3745 2961 3816 posthaec
2999 3748 3346 3800 revertentur

1766 3836 1863 3891 ﬁlii
1887 3834 2130 3901 lsraelis,
2153 3844 2208 3891 et
2247 3844 2498 3907 quaerent
2536 3835 2828 3891 Dominum
2871 3834 3040 3889 Deum
3072 3850 3256 3897 suum,
3288 3840 3344 3888 et

1764 3924 2024 3981 Davidem
2073 3941 2251 3997 regem
2304 3941 2488 3982 suum.
2522 3945 2540 3978 ι
2593 3924 2769 3993 Tunc,
2818 3926 3016 3996 inquit,
3072 3926 3341 3980 malorum

1764 4031 1988 4070 suorum
2029 4032 2198 4071 sensu
2241 4017 2408 4078 tacti,
2448 4018 2783 4072 sententiam
2822 4017 3262 4082 commutaliunt,
3286 4022 3342 4071 et

1764 4105 1859 4161 Dei
1890 4107 2178 4162 scientiam
2202 4108 2519 4178 cultumque
2549 4107 2798 4163 studiose
2819 4108 3117 4165 asciscent.
3147 4108 3251 4163 bed
3284 4116 3342 4162 et

1764 4214 1946 4267 regem
1997 4200 2202 4255 habere
2250 4200 2522 4271 optabunt
2572 4216 2639 4255 ex
2688 4200 2912 4256 Davidis
2957 4201 3336 4256 successione.

1762 4290 1890 4346 Haec
1935 4292 2081 4346 enim
2127 4308 2227 4347 ceu
2277 4302 2401 4361 post
2444 4292 2679 4348 reditum
2719 4301 2983 4348 eventura
3021 4293 3176 4357 dicit,
3211 4307 3339 4345 cum

1762 4384 1866 4440 sub
1917 4399 2029 4439 uno
2082 4399 2212 4455 rege
2259 4384 2593 4441 Zorobabele
2624 4385 2955 4439 exstiterunt
3000 4398 3212 4447 omnes,
3270 4396 3339 4436 ex

114 4467 510 4530 μπαὸαλοῦνται
537 4472 636 4544 τὴν
660 4474 915 4545 γνώμην,
946 4476 1048 4547 τὴν
1080 4476 1175 4530 τοῦ
1214 4476 1350 4531 Θεοῦ
1381 4478 1656 4548 μετιόντες

1771 4473 1967 4531 Davide
2013 4476 2242 4546 stirpem
2294 4476 2563 4542 ducente;
2598 4476 2849 4545 deposita
2896 4476 3007 4545 jam
3063 4473 3337 4529 sententia

111 4554 279 4617 γνῶσίν
304 4576 364 4614 τε
394 4562 491 4615 καὶ
537 4562 829 4634 θεραπείαν
860 4566 1097 4638 σπουδῇ’
1142 4568 1236 4621 καὶ
1273 4567 1337 4639 δὴ
1372 4569 1465 4623 καί⁵
1500 4568 1652 4639 βασι-

111 4643 189 4697 Δέα
216 4649 523 4721 στέρξουσιν
543 4653 688 4724 ἐχειν
719 4656 808 4709 τὸν
832 4657 898 4711 ἐκ
924 4657 1026 4727 τῆς
1054 4658 1150 4712 τοῦ
1181 4659 1347 4713 Δαυῖδ
1370 4661 1618 4732 διαδοχῆς
1636 4678 1650 4694 ⁸

111 4734 174 4802 (ρ.
195 4736 276 4806 28)
306 4743 479 4798 ταῦτα
509 4746 619 4817 γὰρ
637 4746 713 4810 ὡς
736 4748 873 4818 μετὰ
895 4750 993 4819 τὴν
1018 4750 1276 4805 ἐπάνοδον
1304 4753 1537 4822 ἐσόμενα
1565 4754 1655 4807 λέ-

111 4840 213 4892 Υει.
252 4833 336 4887 ὅτε
384 4837 476 4907 ὑφ’
507 4838 588 4892 ἐνὶ
636 4838 842 4909 βασιλεῖ
882 4841 962 4912 τῷ
1006 4842 1310 4913 Ζοροϐάϐελ
1359 4844 1654 4914 ἐτύγχανον

107 4916 313 4987 ἅπαντες
340 4929 403 4981 ἐκ
429 4928 525 4983 τοῦ
551 4930 715 4985 Δαυῒδ
744 4932 1119 5005 καταγομένῳ,
1153 4935 1335 4989 οὐκέτι
1364 4936 1658 5007 ζηλοῦντες

107 5008 189 5080 τὴν
215 5015 428 5087 γνώμην
455 5021 695 5092 ἐκείνην,
742 5024 865 5077 καθ’
913 5024 981 5094 ἢν
1021 5025 1325 5079 ἀποστᾶσαι
1371 5028 1471 5097 τῆς
1502 5027 1655 5099 βασι-

108 5099 236 5168 λείας
268 5109 373 5165 τῶν
421 5113 684 5185 διαδόχων
724 5116 820 5170 τοῦ
856 5117 1131 5190 μακαρίου.
1162 5117 1325 5173 Δαυῖδ
1347 5160 1363 5186 ,
1412 5120 1469 5173 αἰ
1521 5121 1659 5176 δέκα

110 5193 250 5283 φυλαὶ
275 5198 526 5268 βασιλέας
567 5206 774 5261 εἴλοντο
801 5211 1039 5281 ἐτέρους.
1102 5230 1121 5264 ι
1145 5213 1255 5265 Καὶ
1299 5213 1664 5283 ἐκστήσονται.

109 5282 189 5377 {ut
208 5292 309 5353 τοῖς
337 5293 560 5363 ἀγαθοῖς
600 5299 765 5352 αὐτοῦ
811 5302 898 5353 ἐπ’
929 5301 1171 5372 ἐσχάτων
1212 5304 1319 5357 τῶν
1353 5282 1593 5377 ἡμερῶν.
1626 5326 1656 5359 »-

1758 4568 1875 4632 illa,
1903 4584 2012 4639 qua
2040 4568 2171 4622 olim
2213 4583 2244 4622 a
2276 4568 2423 4623 beati
2456 4566 2679 4623 Davidis
2709 4568 2876 4638 regiis
2917 4565 3335 4621 successoribus

1760 4660 2078 4716 deﬁcientes
2136 4659 2326 4715 decem
2378 4660 2585 4723 tribus,
2642 4660 2782 4714 alios
2836 4658 2940 4714 sibi
2996 4658 3332 4727 delegerant.

1766 4769 1786 4803 ι
1828 4751 1894 4805 Et
1948 4752 2249 4822 stupebant
2305 4766 2471 4821 super
2525 4749 2685 4805 bonis
2731 4749 2853 4819 ejus
2908 4749 2964 4803 in
3018 4747 3335 4804 novissimis

1759 4845 1973 4901 diebus.
2034 4864 2053 4897 ι
2103 4843 2380 4900 Exstasim
2432 4842 2724 4913 quamdam
2787 4842 3065 4912 patientur
3142 4855 3335 4894 omnes

1760 4948 1973 4989 summa
2006 4949 2191 4989 rerum
2233 4932 2629 4998 admiratione,
2670 4938 2991 5001 reputantes
3029 4930 3215 5001 qualia
3253 4930 3333 4985 illi

1762 5034 2078 5097 quantaque
2116 5027 2259 5082 bona
2299 5040 2329 5078 a
2368 5022 2462 5079 Dei
2502 5023 2841 5094 providentia
2879 5023 3161 5078 consecuti
3198 5023 3330 5078 sint.

1764 5120 1864 5177 His
1903 5120 1970 5174 ad
2010 5120 2316 5174 incolarum
2354 5115 2555 5172 Iudaeae
2604 5115 3086 5186 reprehensionem
3126 5114 3290 5169 dictis
3314 5154 3330 5178 ,

1760 5225 2106 5266 communem
2145 5208 2341 5264 deinde
2374 5208 2439 5263 ad
2471 5222 2665 5263 omnes
2700 5207 3004 5263 orationem
3038 5205 3329 5272 convertit,

1760 5300 1924 5358 modo
1972 5301 2094 5368 ltos,
2136 5300 2298 5355 modo
2345 5299 2491 5364 illos,
2543 5300 2706 5355 modo
2752 5306 2982 5353 cunctos
3028 5296 3193 5351 simul
3233 5295 3329 5349 ob-

112 5372 191 5474 Εἰς
218 5380 462 5474 ἐκστασιν
489 5389 547 5443 δὲ
580 5393 1012 5463 καταστήσονται
1044 5394 1243 5459 πάντες
1275 5400 1339 5468 τῇ
1374 5372 1647 5469 ύπερϐολῇ
1752 5397 2004 5466 jurgans-

109 5468 186 5517 τῡῦ
230 5468 523 5547 θαύματος,
563 5481 1000 5554 ἀναλογιζόμενοι
1035 5486 1246 5539 ὁπόσων
1288 5468 1721 5557 αὑτοῖςάγαθῶν
1756 5486 1845 5541 διὰ
1873 5485 1974 5557 τῆς
2011 5485 2266 5555 προνοίας
2294 5483 2393 5555 τῆς
2420 5483 2590 5547 θείας,
2622 5481 2897 5551 ἐνεγένετο
2926 5482 3107 5551 τυχεῖν
3127 5495 3142 5510 ·
3178 5479 3237 5531 ἐν
3268 5476 3327 5531 δέ

112 5560 291 5630 W4
337 5571 430 5623 καὶ
465 5571 533 5627 τὰ
564 5575 699 5645 πρὸς
737 5575 960 5647 ἔλεγχον
1001 5578 1110 5633 τῶν
1144 5581 1284 5634 κατὰ
1327 5580 1426 5653 τὴν
1467 5581 1727 5636 Ἰουδαίαν
1756 5578 1947 5643 εἰπὼν,
1977 5578 2153 5631 κοινὸν
2192 5575 2376 5629 λοιπὸν
2418 5576 2554 5646 πρὸς
2586 5575 2829 5639 ἅπαντας
2858 5575 3089 5629 ποιεῖται
3118 5571 3209 5627 τὸν
3241 5569 3326 5623 λό⁴

117 5664 210 5716 ττι,
236 5660 354 5713 tot}:
400 5662 501 5731 μὲν
544 5666 785 5735 τούτους,
829 5669 960 5724 ποτὲ
1002 5670 1058 5723 δὲ
1102 5672 1359 5738 ἐκείνους,
1393 5674 1519 5728 ποτὲ
1543 5673 1599 5726 δὲ
1626 5673 1867 5735 ἅπαντας
1899 5669 2136 5740 ἐλέγχων
2166 5671 2342 5740 κοινῇ.
