  <div class='ocr_page' id='page_1' title='image "/cluster/home/n/w/nwhite01/storage/ocr_20150623/66/nnc1.0021886636/111.png"; bbox 0 0 3814 6224; ppageno 0'>
   <div class='ocr_carea' id='block_1_1' title="bbox 424 284 522 342">
    <p class='ocr_par' dir='ltr' id='par_1_1' title="bbox 424 284 522 342">
     <span class='ocr_line' id='line_1_1' title="bbox 424 284 522 342; baseline -0.031 1"><span class='ocrx_word' id='word_1_1' title='bbox 424 284 522 342; x_wconf 72' lang='lat' dir='ltr'><strong>N7</strong></span> 
     </span>
    </p>
   </div>
   <div class='ocr_carea' id='block_1_2' title="bbox 1061 410 1346 470">
    <p class='ocr_par' dir='ltr' id='par_1_2' title="bbox 1061 410 1346 470">
     <span class='ocr_line' id='line_1_2' title="bbox 1061 410 1346 470; baseline 0.011 -4"><span class='ocrx_word' id='word_1_2' title='bbox 1061 410 1215 468; x_wconf 89' lang='lat' dir='ltr'><strong>CAP.</strong></span> <span class='ocrx_word' id='word_1_3' title='bbox 1255 411 1346 470; x_wconf 84' lang='lat' dir='ltr'><strong>IV.</strong></span> 
     </span>
    </p>
   </div>
   <div class='ocr_carea' id='block_1_3' title="bbox 495 531 1996 612">
    <p class='ocr_par' dir='ltr' id='par_1_3' title="bbox 495 531 1996 612">
     <span class='ocr_line' id='line_1_3' title="bbox 495 531 1996 612; baseline 0.009 -22"><span class='ocrx_word' id='word_1_4' title='bbox 495 531 660 592; x_wconf 74' lang='lat' dir='ltr'><strong>Vens.</strong></span> <span class='ocrx_word' id='word_1_5' title='bbox 693 537 806 593; x_wconf 70' lang='grc'><strong>1-5.</strong></span> <span class='ocrx_word' id='word_1_6' title='bbox 840 569 911 580; x_wconf 95' lang='grc'><strong>-</strong></span> <span class='ocrx_word' id='word_1_7' title='bbox 943 541 1048 612; x_wconf 80' lang='lat' dir='ltr'><strong>l9</strong></span> <span class='ocrx_word' id='word_1_8' title='bbox 1080 541 1286 599; x_wconf 91' lang='lat' dir='ltr'><strong>Idcirco</strong></span> <span class='ocrx_word' id='word_1_9' title='bbox 1311 547 1387 600; x_wconf 93' lang='lat' dir='ltr'><strong>ait</strong></span> <span class='ocrx_word' id='word_1_10' title='bbox 1418 562 1432 598; x_wconf 91' lang='lat'><strong>:</strong></span> <span class='ocrx_word' id='word_1_11' title='bbox 1479 565 1496 598; x_wconf 83' lang='grc' dir='ltr'><strong>ι</strong></span> <span class='ocrx_word' id='word_1_12' title='bbox 1543 547 1740 602; x_wconf 76' lang='lat' dir='ltr'><strong>Audite</strong></span> <span class='ocrx_word' id='word_1_13' title='bbox 1771 549 1996 604; x_wconf 82' lang='lat' dir='ltr'><strong>verbum</strong></span> 
     </span>
    </p>
   </div>
   <div class='ocr_carea' id='block_1_4' title="bbox 423 627 1998 706">
    <p class='ocr_par' dir='ltr' id='par_1_4' title="bbox 423 627 1998 706">
     <span class='ocr_line' id='line_1_4' title="bbox 423 627 1998 706; baseline 0.008 -26"><span class='ocrx_word' id='word_1_14' title='bbox 423 627 662 693; x_wconf 86' lang='lat' dir='ltr'><strong>Domini,</strong></span> <span class='ocrx_word' id='word_1_15' title='bbox 697 647 730 682; x_wconf 92' lang='lat' dir='ltr'><strong>o</strong></span> <span class='ocrx_word' id='word_1_16' title='bbox 765 629 978 688; x_wconf 82' lang='lat' dir='ltr'><strong>lsraelis</strong></span> <span class='ocrx_word' id='word_1_17' title='bbox 1013 634 1128 699; x_wconf 81' lang='lat' dir='ltr'><strong>lilii,</strong></span> <span class='ocrx_word' id='word_1_18' title='bbox 1163 638 1287 705; x_wconf 86' lang='lat' dir='ltr'><strong>quia</strong></span> <span class='ocrx_word' id='word_1_19' title='bbox 1313 637 1581 706; x_wconf 89' lang='lat' dir='ltr'><strong>judicium</strong></span> <span class='ocrx_word' id='word_1_20' title='bbox 1613 638 1843 694; x_wconf 88' lang='lat' dir='ltr'><strong>Domino</strong></span> <span class='ocrx_word' id='word_1_21' title='bbox 1875 657 1998 694; x_wconf 87' lang='lat' dir='ltr'><strong>cmn</strong></span> 
     </span>
    </p>
   </div>
   <div class='ocr_carea' id='block_1_5' title="bbox 427 715 1998 796">
    <p class='ocr_par' dir='ltr' id='par_1_5' title="bbox 427 715 1998 796">
     <span class='ocr_line' id='line_1_5' title="bbox 427 715 1998 796; baseline 0.011 -27"><span class='ocrx_word' id='word_1_22' title='bbox 427 715 832 778; x_wconf 90' lang='lat' dir='ltr'><strong>habitatoribus</strong></span> <span class='ocrx_word' id='word_1_23' title='bbox 859 731 1018 779; x_wconf 85' lang='lat' dir='ltr'><strong>terrae</strong></span> <span class='ocrx_word' id='word_1_24' title='bbox 1047 745 1060 779; x_wconf 89' lang='lat'><strong>:</strong></span> <span class='ocrx_word' id='word_1_25' title='bbox 1103 743 1212 781; x_wconf 91' lang='lat' dir='ltr'><strong>non</strong></span> <span class='ocrx_word' id='word_1_26' title='bbox 1246 737 1331 784; x_wconf 87' lang='lat' dir='ltr'><strong>est</strong></span> <span class='ocrx_word' id='word_1_27' title='bbox 1361 730 1504 784; x_wconf 90' lang='lat' dir='ltr'><strong>enim</strong></span> <span class='ocrx_word' id='word_1_28' title='bbox 1539 731 1760 796; x_wconf 87' lang='lat' dir='ltr'><strong>veritas,</strong></span> <span class='ocrx_word' id='word_1_29' title='bbox 1799 739 1854 786; x_wconf 86' lang='lat' dir='ltr'><strong>et</strong></span> <span class='ocrx_word' id='word_1_30' title='bbox 1892 750 1998 787; x_wconf 85' lang='lat' dir='ltr'><strong>nun</strong></span> 
     </span>
    </p>
   </div>
   <div class='ocr_carea' id='block_1_6' title="bbox 424 814 2002 892">
    <p class='ocr_par' dir='ltr' id='par_1_6' title="bbox 424 814 2002 892">
     <span class='ocr_line' id='line_1_6' title="bbox 424 814 2002 892; baseline 0.01 -26"><span class='ocrx_word' id='word_1_31' title='bbox 424 819 511 868; x_wconf 87' lang='lat' dir='ltr'><strong>est</strong></span> <span class='ocrx_word' id='word_1_32' title='bbox 543 814 940 880; x_wconf 86' lang='lat' dir='ltr'><strong>misericordia.</strong></span> <span class='ocrx_word' id='word_1_33' title='bbox 967 836 1145 892; x_wconf 88' lang='lat' dir='ltr'><strong>neque</strong></span> <span class='ocrx_word' id='word_1_34' title='bbox 1173 823 1403 878; x_wconf 87' lang='lat' dir='ltr'><strong>scientia</strong></span> <span class='ocrx_word' id='word_1_35' title='bbox 1433 822 1528 879; x_wconf 92' lang='lat' dir='ltr'><strong>Dei</strong></span> <span class='ocrx_word' id='word_1_36' title='bbox 1559 826 1611 878; x_wconf 90' lang='lat' dir='ltr'><strong>in</strong></span> <span class='ocrx_word' id='word_1_37' title='bbox 1644 833 1810 880; x_wconf 89' lang='lat' dir='ltr'><strong>terra.</strong></span> <span class='ocrx_word' id='word_1_38' title='bbox 1837 828 2002 882; x_wconf 85' lang='lat' dir='ltr'><strong>Male-</strong></span> 
     </span>
    </p>
   </div>
   <div class='ocr_carea' id='block_1_7' title="bbox 427 904 2000 986">
    <p class='ocr_par' dir='ltr' id='par_1_7' title="bbox 427 904 2000 986">
     <span class='ocr_line' id='line_1_7' title="bbox 427 904 2000 986; baseline 0.01 -28"><span class='ocrx_word' id='word_1_39' title='bbox 427 904 654 971; x_wconf 77' lang='lat' dir='ltr'><strong>dictum,</strong></span> <span class='ocrx_word' id='word_1_40' title='bbox 681 917 735 962; x_wconf 86' lang='lat' dir='ltr'><strong>et</strong></span> <span class='ocrx_word' id='word_1_41' title='bbox 764 913 1136 979; x_wconf 85' lang='lat' dir='ltr'><strong>mendacium,</strong></span> <span class='ocrx_word' id='word_1_42' title='bbox 1167 922 1221 969; x_wconf 90' lang='lat' dir='ltr'><strong>et</strong></span> <span class='ocrx_word' id='word_1_43' title='bbox 1267 915 1648 980; x_wconf 87' lang='lat' dir='ltr'><strong>homicidium,</strong></span> <span class='ocrx_word' id='word_1_44' title='bbox 1682 927 1737 973; x_wconf 90' lang='lat' dir='ltr'><strong>et</strong></span> <span class='ocrx_word' id='word_1_45' title='bbox 1770 920 2000 986; x_wconf 77' lang='lat' dir='ltr'><strong>furtum,</strong></span> 
     </span>
    </p>
   </div>
   <div class='ocr_carea' id='block_1_8' title="bbox 427 998 2007 1079">
    <p class='ocr_par' dir='ltr' id='par_1_8' title="bbox 427 998 2007 1079">
     <span class='ocr_line' id='line_1_8' title="bbox 427 998 2007 1079; baseline 0.009 -31"><span class='ocrx_word' id='word_1_46' title='bbox 427 1005 482 1048; x_wconf 87' lang='lat' dir='ltr'><strong>et</strong></span> <span class='ocrx_word' id='word_1_47' title='bbox 514 998 840 1054; x_wconf 91' lang='lat' dir='ltr'><strong>adulterium</strong></span> <span class='ocrx_word' id='word_1_48' title='bbox 869 1001 1273 1058; x_wconf 83' lang='lat' dir='ltr'><strong>inundaveruut</strong></span> <span class='ocrx_word' id='word_1_49' title='bbox 1310 1014 1532 1072; x_wconf 91' lang='lat' dir='ltr'><strong>terram,</strong></span> <span class='ocrx_word' id='word_1_50' title='bbox 1563 1018 1616 1062; x_wconf 91' lang='lat' dir='ltr'><strong>et</strong></span> <span class='ocrx_word' id='word_1_51' title='bbox 1637 1009 1860 1079; x_wconf 82' lang='lat' dir='ltr'><strong>sanguis</strong></span> <span class='ocrx_word' id='word_1_52' title='bbox 1885 1025 2007 1067; x_wconf 79' lang='lat' dir='ltr'><strong>san-</strong></span> 
     </span>
    </p>
   </div>
   <div class='ocr_carea' id='block_1_9' title="bbox 429 1086 2000 1169">
    <p class='ocr_par' dir='ltr' id='par_1_9' title="bbox 429 1086 2000 1169">
     <span class='ocr_line' id='line_1_9' title="bbox 429 1086 2000 1169; baseline 0.01 -32"><span class='ocrx_word' id='word_1_53' title='bbox 429 1086 579 1146; x_wconf 69' lang='grc' dir='ltr'>ειυίηὶ</span> <span class='ocrx_word' id='word_1_54' title='bbox 615 1089 938 1145; x_wconf 89' lang='lat' dir='ltr'><strong>commistus</strong></span> <span class='ocrx_word' id='word_1_55' title='bbox 989 1102 1092 1146; x_wconf 91' lang='lat' dir='ltr'><strong>est.</strong></span> <span class='ocrx_word' id='word_1_56' title='bbox 1130 1113 1149 1144; x_wconf 73' lang='grc' dir='ltr'><strong>ι</strong></span> <span class='ocrx_word' id='word_1_57' title='bbox 1211 1095 1344 1164; x_wconf 81' lang='lat' dir='ltr'><strong>Age,</strong></span> <span class='ocrx_word' id='word_1_58' title='bbox 1388 1095 1502 1164; x_wconf 87' lang='lat' dir='ltr'><strong>jam</strong></span> <span class='ocrx_word' id='word_1_59' title='bbox 1555 1097 1759 1163; x_wconf 89' lang='lat' dir='ltr'><strong>audite,</strong></span> <span class='ocrx_word' id='word_1_60' title='bbox 1805 1099 2000 1169; x_wconf 86' lang='lat' dir='ltr'><strong>inquit,</strong></span> 
     </span>
    </p>
   </div>
   <div class='ocr_carea' id='block_1_10' title="bbox 424 1177 2006 1260">
    <p class='ocr_par' dir='ltr' id='par_1_10' title="bbox 424 1177 2006 1260">
     <span class='ocr_line' id='line_1_10' title="bbox 424 1177 2006 1260; baseline 0.011 -30"><span class='ocrx_word' id='word_1_61' title='bbox 424 1177 634 1246; x_wconf 84' lang='lat' dir='ltr'><strong>judicio</strong></span> <span class='ocrx_word' id='word_1_62' title='bbox 670 1180 949 1236; x_wconf 78' lang='lat' dir='ltr'><strong>vobiscum</strong></span> <span class='ocrx_word' id='word_1_63' title='bbox 974 1183 1368 1254; x_wconf 88' lang='lat' dir='ltr'><strong>disceptantem</strong></span> <span class='ocrx_word' id='word_1_64' title='bbox 1404 1187 1594 1255; x_wconf 89' lang='lat' dir='ltr'><strong>Deum,</strong></span> <span class='ocrx_word' id='word_1_65' title='bbox 1631 1199 1794 1260; x_wconf 88' lang='lat' dir='ltr'><strong>atque</strong></span> <span class='ocrx_word' id='word_1_66' title='bbox 1828 1201 2006 1248; x_wconf 88' lang='lat' dir='ltr'><strong>osten-</strong></span> 
     </span>
    </p>
   </div>
   <div class='ocr_carea' id='block_1_11' title="bbox 429 1265 2004 1353">
    <p class='ocr_par' dir='ltr' id='par_1_11' title="bbox 429 1265 2004 1353">
     <span class='ocr_line' id='line_1_11' title="bbox 429 1265 2004 1353; baseline 0.013 -32"><span class='ocrx_word' id='word_1_67' title='bbox 429 1265 647 1323; x_wconf 88' lang='lat' dir='ltr'><strong>dentem</strong></span> <span class='ocrx_word' id='word_1_68' title='bbox 673 1272 819 1340; x_wconf 86' lang='lat' dir='ltr'><strong>quali</strong></span> <span class='ocrx_word' id='word_1_69' title='bbox 850 1283 1166 1346; x_wconf 87' lang='lat' dir='ltr'><strong>quantaque</strong></span> <span class='ocrx_word' id='word_1_70' title='bbox 1205 1279 1412 1332; x_wconf 83' lang='lat' dir='ltr'><strong>malitia</strong></span> <span class='ocrx_word' id='word_1_71' title='bbox 1455 1281 1853 1350; x_wconf 86' lang='lat' dir='ltr'><strong>providentiam</strong></span> <span class='ocrx_word' id='word_1_72' title='bbox 1884 1285 2004 1353; x_wconf 87' lang='lat' dir='ltr'><strong>ejus</strong></span> 
     </span>
    </p>
   </div>
   <div class='ocr_carea' id='block_1_12' title="bbox 429 1365 2006 1442">
    <p class='ocr_par' dir='ltr' id='par_1_12' title="bbox 429 1365 2006 1442">
     <span class='ocr_line' id='line_1_12' title="bbox 429 1365 2006 1442; baseline 0.011 -26"><span class='ocrx_word' id='word_1_73' title='bbox 429 1365 767 1419; x_wconf 84' lang='lat' dir='ltr'><strong>remunerati</strong></span> <span class='ocrx_word' id='word_1_74' title='bbox 806 1366 948 1423; x_wconf 89' lang='lat' dir='ltr'><strong>silis.</strong></span> <span class='ocrx_word' id='word_1_75' title='bbox 1003 1368 1176 1424; x_wconf 86' lang='lat' dir='ltr'><strong>Nemo</strong></span> <span class='ocrx_word' id='word_1_76' title='bbox 1226 1374 1426 1442; x_wconf 87' lang='lat' dir='ltr'><strong>quippe</strong></span> <span class='ocrx_word' id='word_1_77' title='bbox 1469 1384 1710 1430; x_wconf 82' lang='lat' dir='ltr'><strong>vestrum</strong></span> <span class='ocrx_word' id='word_1_78' title='bbox 1759 1377 2006 1434; x_wconf 88' lang='lat' dir='ltr'><strong>veritatis</strong></span> 
     </span>
    </p>
   </div>
   <div class='ocr_carea' id='block_1_13' title="bbox 430 1456 2006 1537">
    <p class='ocr_par' dir='ltr' id='par_1_13' title="bbox 430 1456 2006 1537">
     <span class='ocr_line' id='line_1_13' title="bbox 430 1456 2006 1537; baseline 0.013 -33"><span class='ocrx_word' id='word_1_79' title='bbox 430 1468 621 1507; x_wconf 90' lang='lat' dir='ltr'><strong>curam</strong></span> <span class='ocrx_word' id='word_1_80' title='bbox 646 1456 802 1526; x_wconf 76' lang='lat' dir='ltr'><strong>gerit,</strong></span> <span class='ocrx_word' id='word_1_81' title='bbox 841 1475 1019 1530; x_wconf 91' lang='lat' dir='ltr'><strong>neque</strong></span> <span class='ocrx_word' id='word_1_82' title='bbox 1058 1462 1225 1515; x_wconf 81' lang='lat' dir='ltr'><strong>ullam</strong></span> <span class='ocrx_word' id='word_1_83' title='bbox 1271 1464 1558 1520; x_wconf 87' lang='lat' dir='ltr'><strong>charitatis</strong></span> <span class='ocrx_word' id='word_1_84' title='bbox 1592 1483 1718 1537; x_wconf 79' lang='lat' dir='ltr'><strong>erga</strong></span> <span class='ocrx_word' id='word_1_85' title='bbox 1757 1469 2006 1524; x_wconf 86' lang='lat' dir='ltr'><strong>homines</strong></span> 
     </span>
    </p>
   </div>
   <div class='ocr_carea' id='block_1_14' title="bbox 431 1544 2008 1629">
    <p class='ocr_par' dir='ltr' id='par_1_14' title="bbox 431 1544 2008 1629">
     <span class='ocr_line' id='line_1_14' title="bbox 431 1544 2008 1629; baseline 0.011 -33"><span class='ocrx_word' id='word_1_86' title='bbox 431 1544 698 1601; x_wconf 88' lang='lat' dir='ltr'><strong>rationem</strong></span> <span class='ocrx_word' id='word_1_87' title='bbox 725 1549 889 1606; x_wconf 86' lang='lat' dir='ltr'><strong>habet</strong></span> <span class='ocrx_word' id='word_1_88' title='bbox 922 1570 934 1605; x_wconf 95' lang='lat'><strong>:</strong></span> <span class='ocrx_word' id='word_1_89' title='bbox 969 1554 1240 1623; x_wconf 88' lang='lat' dir='ltr'><strong>siquidem</strong></span> <span class='ocrx_word' id='word_1_90' title='bbox 1278 1572 1344 1610; x_wconf 91' lang='lat' dir='ltr'><strong>ne</strong></span> <span class='ocrx_word' id='word_1_91' title='bbox 1381 1557 1448 1612; x_wconf 91' lang='lat' dir='ltr'><strong>de</strong></span> <span class='ocrx_word' id='word_1_92' title='bbox 1479 1557 1573 1612; x_wconf 89' lang='lat' dir='ltr'><strong>Dei</strong></span> <span class='ocrx_word' id='word_1_93' title='bbox 1594 1560 1813 1629; x_wconf 90' lang='lat' dir='ltr'><strong>quidem</strong></span> <span class='ocrx_word' id='word_1_94' title='bbox 1837 1561 2008 1616; x_wconf 84' lang='lat' dir='ltr'><strong>scien-</strong></span> 
     </span>
    </p>
   </div>
   <div class='ocr_carea' id='block_1_15' title="bbox 433 1635 2008 1722">
    <p class='ocr_par' dir='ltr' id='par_1_15' title="bbox 433 1635 2008 1722">
     <span class='ocr_line' id='line_1_15' title="bbox 433 1635 2008 1722; baseline 0.013 -35"><span class='ocrx_word' id='word_1_95' title='bbox 433 1635 508 1690; x_wconf 89' lang='lat' dir='ltr'><strong>tia</strong></span> <span class='ocrx_word' id='word_1_96' title='bbox 537 1639 757 1694; x_wconf 90' lang='lat' dir='ltr'><strong>solliciti</strong></span> <span class='ocrx_word' id='word_1_97' title='bbox 787 1644 957 1710; x_wconf 87' lang='lat' dir='ltr'><strong>estis;</strong></span> <span class='ocrx_word' id='word_1_98' title='bbox 994 1645 1090 1700; x_wconf 89' lang='lat' dir='ltr'><strong>sed</strong></span> <span class='ocrx_word' id='word_1_99' title='bbox 1120 1646 1272 1703; x_wconf 77' lang='lat' dir='ltr'><strong>fraus</strong></span> <span class='ocrx_word' id='word_1_100' title='bbox 1306 1657 1360 1703; x_wconf 88' lang='lat' dir='ltr'><strong>et</strong></span> <span class='ocrx_word' id='word_1_101' title='bbox 1392 1653 1751 1706; x_wconf 79' lang='lat' dir='ltr'><strong>exsecrabilia</strong></span> <span class='ocrx_word' id='word_1_102' title='bbox 1785 1668 2008 1722; x_wconf 85' lang='lat' dir='ltr'><strong>prorsus</strong></span> 
     </span>
    </p>
   </div>
   <div class='ocr_carea' id='block_1_16' title="bbox 433 1729 2001 1814">
    <p class='ocr_par' dir='ltr' id='par_1_16' title="bbox 433 1729 2001 1814">
     <span class='ocr_line' id='line_1_16' title="bbox 433 1729 2001 1814; baseline 0.014 -35"><span class='ocrx_word' id='word_1_103' title='bbox 433 1742 621 1796; x_wconf 85' lang='lat' dir='ltr'><strong>opera,</strong></span> <span class='ocrx_word' id='word_1_104' title='bbox 653 1729 1028 1801; x_wconf 89' lang='lat' dir='ltr'><strong>homicidium,</strong></span> <span class='ocrx_word' id='word_1_105' title='bbox 1072 1738 1274 1793; x_wconf 82' lang='lat' dir='ltr'><strong>furtum</strong></span> <span class='ocrx_word' id='word_1_106' title='bbox 1315 1748 1476 1810; x_wconf 87' lang='lat' dir='ltr'><strong>atque</strong></span> <span class='ocrx_word' id='word_1_107' title='bbox 1513 1743 1840 1798; x_wconf 86' lang='lat' dir='ltr'><strong>adulterium</strong></span> <span class='ocrx_word' id='word_1_108' title='bbox 1879 1759 2001 1814; x_wconf 84' lang='lat' dir='ltr'><strong>pas-</strong></span> 
     </span>
    </p>
   </div>
   <div class='ocr_carea' id='block_1_17' title="bbox 435 1817 2008 1901">
    <p class='ocr_par' dir='ltr' id='par_1_17' title="bbox 435 1817 2008 1901">
     <span class='ocr_line' id='line_1_17' title="bbox 435 1817 2008 1901; baseline 0.013 -34"><span class='ocrx_word' id='word_1_109' title='bbox 435 1817 540 1868; x_wconf 89' lang='lat' dir='ltr'><strong>sim</strong></span> <span class='ocrx_word' id='word_1_110' title='bbox 574 1817 629 1872; x_wconf 91' lang='lat' dir='ltr'><strong>in</strong></span> <span class='ocrx_word' id='word_1_111' title='bbox 659 1827 803 1875; x_wconf 89' lang='lat' dir='ltr'><strong>terra</strong></span> <span class='ocrx_word' id='word_1_112' title='bbox 838 1835 1200 1896; x_wconf 85' lang='lat' dir='ltr'><strong>exercentur;</strong></span> <span class='ocrx_word' id='word_1_113' title='bbox 1247 1831 1565 1901; x_wconf 91' lang='lat' dir='ltr'><strong>mutuisque</strong></span> <span class='ocrx_word' id='word_1_114' title='bbox 1607 1834 1849 1889; x_wconf 72' lang='lat' dir='ltr'><strong>caedibus</strong></span> <span class='ocrx_word' id='word_1_115' title='bbox 1883 1842 2008 1887; x_wconf 90' lang='lat' dir='ltr'><strong>tau-</strong></span> 
     </span>
    </p>
   </div>
   <div class='ocr_carea' id='block_1_18' title="bbox 437 1909 2011 1992">
    <p class='ocr_par' dir='ltr' id='par_1_18' title="bbox 437 1909 2011 1992">
     <span class='ocr_line' id='line_1_18' title="bbox 437 1909 2011 1992; baseline 0.013 -33"><span class='ocrx_word' id='word_1_116' title='bbox 437 1917 622 1976; x_wconf 88' lang='lat' dir='ltr'><strong>topere</strong></span> <span class='ocrx_word' id='word_1_117' title='bbox 675 1909 993 1984; x_wconf 81' lang='lat' dir='ltr'><strong>indulgetis,</strong></span> <span class='ocrx_word' id='word_1_118' title='bbox 1038 1925 1098 1970; x_wconf 93' lang='lat' dir='ltr'><strong>ut</strong></span> <span class='ocrx_word' id='word_1_119' title='bbox 1145 1933 1361 1988; x_wconf 87' lang='lat' dir='ltr'><strong>semper</strong></span> <span class='ocrx_word' id='word_1_120' title='bbox 1397 1935 1520 1974; x_wconf 92' lang='lat' dir='ltr'><strong>cum</strong></span> <span class='ocrx_word' id='word_1_121' title='bbox 1577 1923 2011 1992; x_wconf 65' lang='lat' dir='ltr'><strong>praacedentibus</strong></span> 
     </span>
    </p>
   </div>
   <div class='ocr_carea' id='block_1_19' title="bbox 433 2003 2012 2084">
    <p class='ocr_par' dir='ltr' id='par_1_19' title="bbox 433 2003 2012 2084">
     <span class='ocr_line' id='line_1_19' title="bbox 433 2003 2012 2084; baseline 0.009 -32"><span class='ocrx_word' id='word_1_122' title='bbox 433 2015 600 2054; x_wconf 81' lang='lat' dir='ltr'><strong>cruor</strong></span> <span class='ocrx_word' id='word_1_123' title='bbox 634 2003 974 2074; x_wconf 88' lang='lat' dir='ltr'><strong>subsequens</strong></span> <span class='ocrx_word' id='word_1_124' title='bbox 1002 2008 1316 2064; x_wconf 90' lang='lat' dir='ltr'><strong>misceatur.</strong></span> <span class='ocrx_word' id='word_1_125' title='bbox 1355 2029 1372 2062; x_wconf 80' lang='grc' dir='ltr'><strong>ι</strong></span> <span class='ocrx_word' id='word_1_126' title='bbox 1411 2010 1641 2082; x_wconf 86' lang='lat' dir='ltr'><strong>Propter</strong></span> <span class='ocrx_word' id='word_1_127' title='bbox 1677 2014 1780 2068; x_wconf 90' lang='lat' dir='ltr'><strong>hoc</strong></span> <span class='ocrx_word' id='word_1_128' title='bbox 1809 2015 2012 2084; x_wconf 81' lang='lat' dir='ltr'><strong>lugebit</strong></span> 
     </span>
    </p>
   </div>
   <div class='ocr_carea' id='block_1_20' title="bbox 435 2095 2005 2174">
    <p class='ocr_par' dir='ltr' id='par_1_20' title="bbox 435 2095 2005 2174">
     <span class='ocr_line' id='line_1_20' title="bbox 435 2095 2005 2174; baseline 0.009 -30"><span class='ocrx_word' id='word_1_129' title='bbox 435 2102 606 2157; x_wconf 88' lang='lat' dir='ltr'><strong>terra,</strong></span> <span class='ocrx_word' id='word_1_130' title='bbox 625 2101 679 2148; x_wconf 91' lang='lat' dir='ltr'><strong>et</strong></span> <span class='ocrx_word' id='word_1_131' title='bbox 696 2095 973 2152; x_wconf 84' lang='lat' dir='ltr'><strong>minuetur</strong></span> <span class='ocrx_word' id='word_1_132' title='bbox 989 2116 1112 2154; x_wconf 90' lang='lat' dir='ltr'><strong>cum</strong></span> <span class='ocrx_word' id='word_1_133' title='bbox 1139 2105 1398 2158; x_wconf 88' lang='lat' dir='ltr'><strong>omnibus</strong></span> <span class='ocrx_word' id='word_1_134' title='bbox 1419 2105 1511 2174; x_wconf 91' lang='lat' dir='ltr'><strong>qui</strong></span> <span class='ocrx_word' id='word_1_135' title='bbox 1536 2106 1781 2160; x_wconf 88' lang='lat' dir='ltr'><strong>habitant</strong></span> <span class='ocrx_word' id='word_1_136' title='bbox 1810 2122 1952 2162; x_wconf 90' lang='lat' dir='ltr'><strong>eam.</strong></span> <span class='ocrx_word' id='word_1_137' title='bbox 1986 2126 2005 2158; x_wconf 73' lang='grc' dir='ltr'><strong>ι</strong></span> 
     </span>
    </p>
   </div>
   <div class='ocr_carea' id='block_1_21' title="bbox 435 2182 2012 2268">
    <p class='ocr_par' dir='ltr' id='par_1_21' title="bbox 435 2182 2012 2268">
     <span class='ocr_line' id='line_1_21' title="bbox 435 2182 2012 2268; baseline 0.011 -33"><span class='ocrx_word' id='word_1_138' title='bbox 435 2182 496 2237; x_wconf 90' lang='lat' dir='ltr'><strong>In</strong></span> <span class='ocrx_word' id='word_1_139' title='bbox 531 2185 682 2240; x_wconf 91' lang='lat' dir='ltr'><strong>luctu</strong></span> <span class='ocrx_word' id='word_1_140' title='bbox 727 2196 874 2243; x_wconf 89' lang='lat' dir='ltr'><strong>terra</strong></span> <span class='ocrx_word' id='word_1_141' title='bbox 916 2192 1098 2248; x_wconf 91' lang='lat' dir='ltr'><strong>omnis</strong></span> <span class='ocrx_word' id='word_1_142' title='bbox 1132 2195 1462 2262; x_wconf 86' lang='lat' dir='ltr'><strong>versabitur,</strong></span> <span class='ocrx_word' id='word_1_143' title='bbox 1498 2207 1721 2267; x_wconf 89' lang='lat' dir='ltr'><strong>propter</strong></span> <span class='ocrx_word' id='word_1_144' title='bbox 1756 2200 2012 2268; x_wconf 79' lang='lat' dir='ltr'><strong>ingruen-</strong></span> 
     </span>
    </p>
   </div>
   <div class='ocr_carea' id='block_1_22' title="bbox 434 2274 2013 2353">
    <p class='ocr_par' dir='ltr' id='par_1_22' title="bbox 434 2274 2013 2353">
     <span class='ocr_line' id='line_1_22' title="bbox 434 2274 2013 2353; baseline 0.01 -27"><span class='ocrx_word' id='word_1_145' title='bbox 434 2274 572 2329; x_wconf 91' lang='lat' dir='ltr'><strong>tium</strong></span> <span class='ocrx_word' id='word_1_146' title='bbox 606 2279 874 2334; x_wconf 87' lang='lat' dir='ltr'><strong>malorum</strong></span> <span class='ocrx_word' id='word_1_147' title='bbox 923 2284 1392 2353; x_wconf 77' lang='lat' dir='ltr'><strong>magnitudinem:</strong></span> <span class='ocrx_word' id='word_1_148' title='bbox 1443 2288 1569 2342; x_wconf 91' lang='lat' dir='ltr'><strong>dum</strong></span> <span class='ocrx_word' id='word_1_149' title='bbox 1605 2289 1637 2341; x_wconf 91' lang='lat' dir='ltr'><strong>ii</strong></span> <span class='ocrx_word' id='word_1_150' title='bbox 1671 2297 1782 2343; x_wconf 87' lang='lat' dir='ltr'><strong>tam</strong></span> <span class='ocrx_word' id='word_1_151' title='bbox 1817 2291 2013 2344; x_wconf 91' lang='lat' dir='ltr'><strong>imma-</strong></span> 
     </span>
    </p>
   </div>
   <div class='ocr_carea' id='block_1_23' title="bbox 433 2367 2012 2453">
    <p class='ocr_par' dir='ltr' id='par_1_23' title="bbox 433 2367 2012 2453">
     <span class='ocr_line' id='line_1_23' title="bbox 433 2367 2012 2453; baseline 0.01 -32"><span class='ocrx_word' id='word_1_152' title='bbox 433 2367 579 2423; x_wconf 77' lang='lat' dir='ltr'><strong>niter</strong></span> <span class='ocrx_word' id='word_1_153' title='bbox 606 2372 674 2423; x_wconf 91' lang='lat' dir='ltr'><strong>ab</strong></span> <span class='ocrx_word' id='word_1_154' title='bbox 716 2371 969 2430; x_wconf 87' lang='lat' dir='ltr'><strong>hostibus</strong></span> <span class='ocrx_word' id='word_1_155' title='bbox 1016 2376 1386 2442; x_wconf 84' lang='lat' dir='ltr'><strong>trucidantur,</strong></span> <span class='ocrx_word' id='word_1_156' title='bbox 1420 2389 1479 2433; x_wconf 94' lang='lat' dir='ltr'><strong>ut</strong></span> <span class='ocrx_word' id='word_1_157' title='bbox 1514 2383 1730 2436; x_wconf 91' lang='lat' dir='ltr'><strong>nonnisi</strong></span> <span class='ocrx_word' id='word_1_158' title='bbox 1781 2382 2012 2453; x_wconf 76' lang='lat' dir='ltr'><strong>exiguus</strong></span> 
     </span>
    </p>
   </div>
   <div class='ocr_carea' id='block_1_24' title="bbox 435 2460 2008 2539">
    <p class='ocr_par' dir='ltr' id='par_1_24' title="bbox 435 2460 2008 2539">
     <span class='ocr_line' id='line_1_24' title="bbox 435 2460 2008 2539; baseline 0.009 -25"><span class='ocrx_word' id='word_1_159' title='bbox 435 2460 739 2518; x_wconf 85' lang='lat' dir='ltr'><strong>incolarum</strong></span> <span class='ocrx_word' id='word_1_160' title='bbox 769 2481 1032 2524; x_wconf 85' lang='lat' dir='ltr'><strong>numerus</strong></span> <span class='ocrx_word' id='word_1_161' title='bbox 1064 2470 1338 2539; x_wconf 89' lang='lat' dir='ltr'><strong>supersit:</strong></span> <span class='ocrx_word' id='word_1_162' title='bbox 1365 2471 1416 2526; x_wconf 90' lang='lat' dir='ltr'><strong>id</strong></span> <span class='ocrx_word' id='word_1_163' title='bbox 1448 2474 1592 2526; x_wconf 92' lang='lat' dir='ltr'><strong>enim</strong></span> <span class='ocrx_word' id='word_1_164' title='bbox 1623 2475 2008 2536; x_wconf 88' lang='lat' dir='ltr'><strong>valeutverba.</strong></span> 
     </span>
    </p>
   </div>
   <div class='ocr_carea' id='block_1_25' title="bbox 441 2551 2010 2623">
    <p class='ocr_par' dir='ltr' id='par_1_25' title="bbox 441 2551 2010 2623">
     <span class='ocr_line' id='line_1_25' title="bbox 441 2551 2010 2623; baseline 0.011 -20"><span class='ocrx_word' id='word_1_165' title='bbox 441 2570 461 2603; x_wconf 79' lang='grc' dir='ltr'><strong>ι</strong></span> <span class='ocrx_word' id='word_1_166' title='bbox 492 2551 762 2610; x_wconf 78' lang='lat' dir='ltr'><strong>Minuetur</strong></span> <span class='ocrx_word' id='word_1_167' title='bbox 791 2567 932 2613; x_wconf 92' lang='lat' dir='ltr'><strong>terra</strong></span> <span class='ocrx_word' id='word_1_168' title='bbox 967 2575 1090 2614; x_wconf 92' lang='lat' dir='ltr'><strong>cum</strong></span> <span class='ocrx_word' id='word_1_169' title='bbox 1127 2562 1500 2621; x_wconf 90' lang='lat' dir='ltr'><strong>habitantibus</strong></span> <span class='ocrx_word' id='word_1_170' title='bbox 1529 2581 1668 2620; x_wconf 89' lang='lat' dir='ltr'><strong>eam.</strong></span> <span class='ocrx_word' id='word_1_171' title='bbox 1702 2586 1720 2617; x_wconf 72' lang='grc' dir='ltr'><strong>ι</strong></span> <span class='ocrx_word' id='word_1_172' title='bbox 1741 2597 1811 2607; x_wconf 90' lang='lat'><strong><em>—</em></strong></span> <span class='ocrx_word' id='word_1_173' title='bbox 1835 2587 1853 2618; x_wconf 87' lang='grc'><strong><em>‹</em></strong></span> <span class='ocrx_word' id='word_1_174' title='bbox 1875 2568 2010 2623; x_wconf 87' lang='lat' dir='ltr'><strong>Cum</strong></span> 
     </span>
    </p>
   </div>
   <div class='ocr_carea' id='block_1_26' title="bbox 436 2645 2013 2723">
    <p class='ocr_par' dir='ltr' id='par_1_26' title="bbox 436 2645 2013 2723">
     <span class='ocr_line' id='line_1_26' title="bbox 436 2645 2013 2723; baseline 0.011 -25"><span class='ocrx_word' id='word_1_175' title='bbox 436 2645 569 2701; x_wconf 82' lang='lat' dir='ltr'><strong>feris</strong></span> <span class='ocrx_word' id='word_1_176' title='bbox 591 2649 728 2717; x_wconf 84' lang='lat' dir='ltr'><strong>agri,</strong></span> <span class='ocrx_word' id='word_1_177' title='bbox 754 2665 878 2704; x_wconf 91' lang='lat' dir='ltr'><strong>cum</strong></span> <span class='ocrx_word' id='word_1_178' title='bbox 896 2653 1180 2723; x_wconf 88' lang='lat' dir='ltr'><strong>reptilibus</strong></span> <span class='ocrx_word' id='word_1_179' title='bbox 1197 2665 1376 2718; x_wconf 88' lang='lat' dir='ltr'><strong>terrae,</strong></span> <span class='ocrx_word' id='word_1_180' title='bbox 1399 2669 1454 2712; x_wconf 88' lang='lat' dir='ltr'><strong>ct</strong></span> <span class='ocrx_word' id='word_1_181' title='bbox 1472 2674 1595 2713; x_wconf 89' lang='lat' dir='ltr'><strong>cum</strong></span> <span class='ocrx_word' id='word_1_182' title='bbox 1621 2661 1744 2713; x_wconf 81' lang='lat' dir='ltr'><strong>coeli</strong></span> <span class='ocrx_word' id='word_1_183' title='bbox 1775 2661 2013 2714; x_wconf 90' lang='lat' dir='ltr'><strong>volucri-</strong></span> 
     </span>
    </p>
   </div>
   <div class='ocr_carea' id='block_1_27' title="bbox 435 2738 2014 2824">
    <p class='ocr_par' dir='ltr' id='par_1_27' title="bbox 435 2738 2014 2824">
     <span class='ocr_line' id='line_1_27' title="bbox 435 2738 2014 2824; baseline 0.011 -31"><span class='ocrx_word' id='word_1_184' title='bbox 435 2738 575 2794; x_wconf 88' lang='lat' dir='ltr'><strong>bus..</strong></span> <span class='ocrx_word' id='word_1_185' title='bbox 603 2760 622 2791; x_wconf 71' lang='grc' dir='ltr'><strong>ι</strong></span> <span class='ocrx_word' id='word_1_186' title='bbox 659 2740 886 2813; x_wconf 90' lang='lat' dir='ltr'><strong>Tropicc</strong></span> <span class='ocrx_word' id='word_1_187' title='bbox 917 2762 1066 2802; x_wconf 90' lang='lat' dir='ltr'><strong>more</strong></span> <span class='ocrx_word' id='word_1_188' title='bbox 1114 2764 1214 2803; x_wconf 92' lang='lat' dir='ltr'><strong>suo</strong></span> <span class='ocrx_word' id='word_1_189' title='bbox 1258 2751 1412 2815; x_wconf 90' lang='lat' dir='ltr'><strong>dicit,</strong></span> <span class='ocrx_word' id='word_1_190' title='bbox 1453 2752 1571 2806; x_wconf 81' lang='lat' dir='ltr'><strong>fore</strong></span> <span class='ocrx_word' id='word_1_191' title='bbox 1602 2764 1658 2806; x_wconf 92' lang='lat' dir='ltr'><strong>ut</strong></span> <span class='ocrx_word' id='word_1_192' title='bbox 1706 2770 1826 2808; x_wconf 90' lang='lat' dir='ltr'><strong>cum</strong></span> <span class='ocrx_word' id='word_1_193' title='bbox 1860 2755 2014 2824; x_wconf 90' lang='lat' dir='ltr'><strong>plebe</strong></span> 
     </span>
    </p>
   </div>
   <div class='ocr_carea' id='block_1_28' title="bbox 438 2831 2012 2913">
    <p class='ocr_par' dir='ltr' id='par_1_28' title="bbox 438 2831 2012 2913">
     <span class='ocr_line' id='line_1_28' title="bbox 438 2831 2012 2913; baseline 0.01 -31"><span class='ocrx_word' id='word_1_194' title='bbox 438 2831 712 2902; x_wconf 89' lang='lat' dir='ltr'><strong>principes</strong></span> <span class='ocrx_word' id='word_1_195' title='bbox 761 2850 979 2906; x_wconf 87' lang='lat' dir='ltr'><strong>quoque</strong></span> <span class='ocrx_word' id='word_1_196' title='bbox 1037 2839 1284 2910; x_wconf 83' lang='lat' dir='ltr'><strong>ejusdem</strong></span> <span class='ocrx_word' id='word_1_197' title='bbox 1343 2853 1593 2911; x_wconf 86' lang='lat' dir='ltr'><strong>pereant,</strong></span> <span class='ocrx_word' id='word_1_198' title='bbox 1631 2846 1723 2913; x_wconf 91' lang='lat' dir='ltr'><strong>qui</strong></span> <span class='ocrx_word' id='word_1_199' title='bbox 1773 2845 2012 2900; x_wconf 78' lang='lat' dir='ltr'><strong>ferarum</strong></span> 
     </span>
    </p>
   </div>
   <div class='ocr_carea' id='block_1_29' title="bbox 439 2925 2014 3008">
    <p class='ocr_par' dir='ltr' id='par_1_29' title="bbox 439 2925 2014 3008">
     <span class='ocr_line' id='line_1_29' title="bbox 439 2925 2014 3008; baseline 0.013 -34"><span class='ocrx_word' id='word_1_200' title='bbox 439 2925 614 2976; x_wconf 86' lang='lat' dir='ltr'><strong>instar</strong></span> <span class='ocrx_word' id='word_1_201' title='bbox 663 2926 1056 2987; x_wconf 88' lang='lat' dir='ltr'><strong>inﬁrmioribus</strong></span> <span class='ocrx_word' id='word_1_202' title='bbox 1108 2934 1430 2991; x_wconf 89' lang='lat' dir='ltr'><strong>nocebant:</strong></span> <span class='ocrx_word' id='word_1_203' title='bbox 1479 2943 1533 2990; x_wconf 88' lang='lat' dir='ltr'><strong>et</strong></span> <span class='ocrx_word' id='word_1_204' title='bbox 1575 2952 1672 2991; x_wconf 92' lang='lat' dir='ltr'><strong>ceu</strong></span> <span class='ocrx_word' id='word_1_205' title='bbox 1711 2954 1839 2993; x_wconf 81' lang='lat' dir='ltr'><strong>aves</strong></span> <span class='ocrx_word' id='word_1_206' title='bbox 1870 2955 2014 3008; x_wconf 76' lang='lat' dir='ltr'><strong>quae-</strong></span> 
     </span>
    </p>
   </div>
   <div class='ocr_carea' id='block_1_30' title="bbox 441 3013 2012 3097">
    <p class='ocr_par' dir='ltr' id='par_1_30' title="bbox 441 3013 2012 3097">
     <span class='ocr_line' id='line_1_30' title="bbox 441 3013 2012 3097; baseline 0.01 -31"><span class='ocrx_word' id='word_1_207' title='bbox 441 3013 566 3067; x_wconf 90' lang='lat' dir='ltr'><strong>dam</strong></span> <span class='ocrx_word' id='word_1_208' title='bbox 598 3016 922 3086; x_wconf 88' lang='lat' dir='ltr'><strong>diripiendis</strong></span> <span class='ocrx_word' id='word_1_209' title='bbox 958 3024 1293 3093; x_wconf 88' lang='lat' dir='ltr'><strong>pauperibus</strong></span> <span class='ocrx_word' id='word_1_210' title='bbox 1329 3026 1514 3081; x_wconf 90' lang='lat' dir='ltr'><strong>subito</strong></span> <span class='ocrx_word' id='word_1_211' title='bbox 1547 3028 1901 3097; x_wconf 88' lang='lat' dir='ltr'><strong>involabant;</strong></span> <span class='ocrx_word' id='word_1_212' title='bbox 1931 3029 2012 3084; x_wconf 89' lang='lat' dir='ltr'><strong>vel</strong></span> 
     </span>
    </p>
   </div>
   <div class='ocr_carea' id='block_1_31' title="bbox 1616 295 2483 364">
    <p class='ocr_par' dir='ltr' id='par_1_31' title="bbox 1616 295 2483 364">
     <span class='ocr_line' id='line_1_31' title="bbox 1616 295 2483 364; baseline 0.01 -13"><span class='ocrx_word' id='word_1_213' title='bbox 1616 295 1961 356; x_wconf 83' lang='lat' dir='ltr'><strong>TIlEODORl</strong></span> <span class='ocrx_word' id='word_1_214' title='bbox 2003 301 2483 364; x_wconf 79' lang='lat' dir='ltr'><strong>MOPSUESTENI</strong></span> 
     </span>
    </p>
   </div>
   <div class='ocr_carea' id='block_1_32' title="bbox 3571 310 3681 371">
    <p class='ocr_par' dir='ltr' id='par_1_32' title="bbox 3571 310 3681 371">
     <span class='ocr_line' id='line_1_32' title="bbox 3571 310 3681 371; baseline 0.036 -3"><span class='ocrx_word' id='word_1_215' title='bbox 3571 310 3598 368; x_wconf 76' lang='lat' dir='ltr'><strong>l</strong></span> <span class='ocrx_word' id='word_1_216' title='bbox 3607 313 3681 371; x_wconf 62' lang='lat'><strong>.58</strong></span> 
     </span>
    </p>
   </div>
   <div class='ocr_carea' id='block_1_33' title="bbox 2729 427 3004 484">
    <p class='ocr_par' dir='ltr' id='par_1_33' title="bbox 2729 427 3004 484">
     <span class='ocr_line' id='line_1_33' title="bbox 2729 427 3004 484; baseline -0.004 -2"><span class='ocrx_word' id='word_1_217' title='bbox 2729 427 2888 484; x_wconf 79' lang='grc' dir='ltr'><strong>ΚΕΨ.</strong></span> <span class='ocrx_word' id='word_1_218' title='bbox 2930 430 3004 482; x_wconf 86' lang='grc' dir='ltr'><strong>Δ¹.</strong></span> 
     </span>
    </p>
   </div>
   <div class='ocr_carea' id='block_1_34' title="bbox 2174 561 3680 635">
    <p class='ocr_par' dir='ltr' id='par_1_34' title="bbox 2174 561 3680 635">
     <span class='ocr_line' id='line_1_34' title="bbox 2174 561 3680 635; baseline 0.003 -23"><span class='ocrx_word' id='word_1_219' title='bbox 2174 561 2320 631; x_wconf 85' lang='grc' dir='ltr'>Στίχ.</span> <span class='ocrx_word' id='word_1_220' title='bbox 2347 567 2476 616; x_wconf 67' lang='grc' dir='ltr'>αὀεθ.</span> <span class='ocrx_word' id='word_1_221' title='bbox 2501 594 2568 603; x_wconf 91' lang='lat'><strong>——</strong></span> <span class='ocrx_word' id='word_1_222' title='bbox 2592 562 2683 616; x_wconf 88' lang='grc' dir='ltr'>Διό</span> <span class='ocrx_word' id='word_1_223' title='bbox 2707 580 2886 634; x_wconf 77' lang='grc' dir='ltr'>φησιν’</span> <span class='ocrx_word' id='word_1_224' title='bbox 2915 585 2934 616; x_wconf 87' lang='grc' dir='ltr'><strong>ι</strong></span> <span class='ocrx_word' id='word_1_225' title='bbox 2959 564 3250 619; x_wconf 76' lang='grc' dir='ltr'>Ἀκούσατε</span> <span class='ocrx_word' id='word_1_226' title='bbox 3271 563 3426 632; x_wconf 79' lang='grc' dir='ltr'>λόγον</span> <span class='ocrx_word' id='word_1_227' title='bbox 3446 562 3680 635; x_wconf 77' lang='grc' dir='ltr'><strong>Κυρίου,</strong></span> 
     </span>
    </p>
   </div>
   <div class='ocr_carea' id='block_1_35' title="bbox 2102 653 3682 727">
    <p class='ocr_par' dir='ltr' id='par_1_35' title="bbox 2102 653 3682 727">
     <span class='ocr_line' id='line_1_35' title="bbox 2102 653 3682 727; baseline -0.001 -20"><span class='ocrx_word' id='word_1_228' title='bbox 2102 655 2208 707; x_wconf 82' lang='grc' dir='ltr'>υίοί</span> <span class='ocrx_word' id='word_1_229' title='bbox 2252 654 2468 726; x_wconf 83' lang='grc' dir='ltr'>Ἰσραὴλ</span> <span class='ocrx_word' id='word_1_230' title='bbox 2493 695 2508 720; x_wconf 93' lang='grc'><strong>,</strong></span> <span class='ocrx_word' id='word_1_231' title='bbox 2556 658 2636 710; x_wconf 82' lang='grc' dir='ltr'>ὅτι</span> <span class='ocrx_word' id='word_1_232' title='bbox 2665 657 2844 726; x_wconf 90' lang='grc' dir='ltr'>κρίσις</span> <span class='ocrx_word' id='word_1_233' title='bbox 2875 656 2955 727; x_wconf 82' lang='grc' dir='ltr'>τῷ</span> <span class='ocrx_word' id='word_1_234' title='bbox 2996 655 3186 727; x_wconf 80' lang='grc' dir='ltr'>Κυρίῳ</span> <span class='ocrx_word' id='word_1_235' title='bbox 3224 654 3361 726; x_wconf 83' lang='grc' dir='ltr'>πρὸς</span> <span class='ocrx_word' id='word_1_236' title='bbox 3387 653 3512 716; x_wconf 83' lang='grc' dir='ltr'>τοὺς</span> <span class='ocrx_word' id='word_1_237' title='bbox 3540 671 3682 707; x_wconf 77' lang='grc' dir='ltr'>κατ-</span> 
     </span>
    </p>
   </div>
   <div class='ocr_carea' id='block_1_36' title="bbox 2101 742 3684 818">
    <p class='ocr_par' dir='ltr' id='par_1_36' title="bbox 2101 742 3684 818">
     <span class='ocr_line' id='line_1_36' title="bbox 2101 742 3684 818; baseline -0.001 -19"><span class='ocrx_word' id='word_1_238' title='bbox 2101 747 2383 811; x_wconf 72' lang='grc' dir='ltr'>οικοῦντας</span> <span class='ocrx_word' id='word_1_239' title='bbox 2423 748 2522 818; x_wconf 85' lang='grc' dir='ltr'>τὴν</span> <span class='ocrx_word' id='word_1_240' title='bbox 2571 747 2713 817; x_wconf 74' lang='grc' dir='ltr'><strong>γῆνο</strong></span> <span class='ocrx_word' id='word_1_241' title='bbox 2759 748 2891 801; x_wconf 81' lang='grc' dir='ltr'><strong>διότι</strong></span> <span class='ocrx_word' id='word_1_242' title='bbox 2939 749 3039 800; x_wconf 78' lang='grc' dir='ltr'><strong>οὐκ</strong></span> <span class='ocrx_word' id='word_1_243' title='bbox 3073 747 3219 800; x_wconf 75' lang='grc' dir='ltr'>ἐστιν</span> <span class='ocrx_word' id='word_1_244' title='bbox 3263 745 3509 817; x_wconf 87' lang='grc' dir='ltr'>ἀλήθεια,</span> <span class='ocrx_word' id='word_1_245' title='bbox 3557 742 3684 798; x_wconf 74' lang='grc' dir='ltr'>οὐδὲ</span> 
     </span>
    </p>
   </div>
   <div class='ocr_carea' id='block_1_37' title="bbox 2103 835 3685 908">
    <p class='ocr_par' dir='ltr' id='par_1_37' title="bbox 2103 835 3685 908">
     <span class='ocr_line' id='line_1_37' title="bbox 2103 835 3685 908; baseline -0.003 -18"><span class='ocrx_word' id='word_1_246' title='bbox 2103 837 2267 901; x_wconf 84' lang='grc' dir='ltr'>ἕλεος,</span> <span class='ocrx_word' id='word_1_247' title='bbox 2301 839 2422 892; x_wconf 80' lang='grc' dir='ltr'>οὐδὲ</span> <span class='ocrx_word' id='word_1_248' title='bbox 2470 837 2762 906; x_wconf 77' lang='grc' dir='ltr'><strong>ἐπίγνωσις</strong></span> <span class='ocrx_word' id='word_1_249' title='bbox 2794 837 2928 892; x_wconf 84' lang='grc' dir='ltr'>Θεοῦ</span> <span class='ocrx_word' id='word_1_250' title='bbox 2963 840 3060 891; x_wconf 81' lang='grc' dir='ltr'><strong>ἐπὶ</strong></span> <span class='ocrx_word' id='word_1_251' title='bbox 3096 838 3194 908; x_wconf 85' lang='grc' dir='ltr'><strong>τῆς</strong></span> <span class='ocrx_word' id='word_1_252' title='bbox 3226 836 3331 906; x_wconf 83' lang='grc' dir='ltr'><strong>γῆς</strong></span> <span class='ocrx_word' id='word_1_253' title='bbox 3354 853 3368 867; x_wconf 84' lang='lat'><strong><em>°</em></strong></span> <span class='ocrx_word' id='word_1_254' title='bbox 3424 835 3536 907; x_wconf 78' lang='grc' dir='ltr'>ἀρὰ</span> <span class='ocrx_word' id='word_1_255' title='bbox 3583 836 3685 887; x_wconf 74' lang='grc' dir='ltr'>καὶ</span> 
     </span>
    </p>
   </div>
   <div class='ocr_carea' id='block_1_38' title="bbox 2102 923 3689 997">
    <p class='ocr_par' dir='ltr' id='par_1_38' title="bbox 2102 923 3689 997">
     <span class='ocr_line' id='line_1_38' title="bbox 2102 923 3689 997; baseline -0.001 -22"><span class='ocrx_word' id='word_1_256' title='bbox 2102 923 2316 988; x_wconf 74' lang='grc' dir='ltr'>ψεῦδος,</span> <span class='ocrx_word' id='word_1_257' title='bbox 2339 925 2431 978; x_wconf 80' lang='grc' dir='ltr'><strong>καὶ</strong></span> <span class='ocrx_word' id='word_1_258' title='bbox 2457 925 2636 993; x_wconf 82' lang='grc' dir='ltr'><strong>φόνος,</strong></span> <span class='ocrx_word' id='word_1_259' title='bbox 2657 927 2749 979; x_wconf 76' lang='grc' dir='ltr'><strong>καὶ</strong></span> <span class='ocrx_word' id='word_1_260' title='bbox 2775 925 2970 997; x_wconf 79' lang='grc' dir='ltr'>κλοπὴ,</span> <span class='ocrx_word' id='word_1_261' title='bbox 2989 927 3082 979; x_wconf 73' lang='grc' dir='ltr'><strong>καὶ</strong></span> <span class='ocrx_word' id='word_1_262' title='bbox 3108 925 3320 997; x_wconf 79' lang='grc' dir='ltr'>μοιχεία</span> <span class='ocrx_word' id='word_1_263' title='bbox 3347 925 3568 995; x_wconf 82' lang='grc' dir='ltr'><strong>κέχυται</strong></span> <span class='ocrx_word' id='word_1_264' title='bbox 3588 923 3689 977; x_wconf 82' lang='grc' dir='ltr'><strong>ἐπὶ</strong></span> 
     </span>
    </p>
   </div>
   <div class='ocr_carea' id='block_1_39' title="bbox 2104 1013 3692 1088">
    <p class='ocr_par' dir='ltr' id='par_1_39' title="bbox 2104 1013 3692 1088">
     <span class='ocr_line' id='line_1_39' title="bbox 2104 1013 3692 1088; baseline -0.001 -21"><span class='ocrx_word' id='word_1_265' title='bbox 2104 1015 2203 1084; x_wconf 82' lang='grc' dir='ltr'>τῆς</span> <span class='ocrx_word' id='word_1_266' title='bbox 2230 1015 2352 1084; x_wconf 83' lang='grc' dir='ltr'>γῆς,</span> <span class='ocrx_word' id='word_1_267' title='bbox 2392 1015 2487 1068; x_wconf 73' lang='grc' dir='ltr'>καὶ</span> <span class='ocrx_word' id='word_1_268' title='bbox 2515 1017 2722 1087; x_wconf 79' lang='grc' dir='ltr'>αἵματα</span> <span class='ocrx_word' id='word_1_269' title='bbox 2763 1017 2848 1085; x_wconf 87' lang='grc' dir='ltr'>ἐφ’</span> <span class='ocrx_word' id='word_1_270' title='bbox 2882 1019 3078 1086; x_wconf 82' lang='grc' dir='ltr'>αἵμασι</span> <span class='ocrx_word' id='word_1_271' title='bbox 3112 1018 3418 1088; x_wconf 89' lang='grc' dir='ltr'>μίσγουσιν.</span> <span class='ocrx_word' id='word_1_272' title='bbox 3450 1036 3470 1068; x_wconf 74' lang='grc' dir='ltr'><strong>ι</strong></span> <span class='ocrx_word' id='word_1_273' title='bbox 3520 1013 3692 1068; x_wconf 80' lang='grc' dir='ltr'>Ἀλλά</span> 
     </span>
    </p>
   </div>
   <div class='ocr_carea' id='block_1_40' title="bbox 2105 1101 3690 1178">
    <p class='ocr_par' dir='ltr' id='par_1_40' title="bbox 2105 1101 3690 1178">
     <span class='ocr_line' id='line_1_40' title="bbox 2105 1101 3690 1178; baseline -0.003 -19"><span class='ocrx_word' id='word_1_274' title='bbox 2105 1108 2213 1176; x_wconf 79' lang='grc' dir='ltr'><strong>γάρ</strong></span> <span class='ocrx_word' id='word_1_275' title='bbox 2262 1106 2355 1158; x_wconf 75' lang='grc' dir='ltr'>ἐπὶ</span> <span class='ocrx_word' id='word_1_276' title='bbox 2402 1107 2634 1171; x_wconf 78' lang='grc' dir='ltr'><strong>τούτοις,</strong></span> <span class='ocrx_word' id='word_1_277' title='bbox 2679 1109 2880 1178; x_wconf 75' lang='grc' dir='ltr'>φησὶν,</span> <span class='ocrx_word' id='word_1_278' title='bbox 2925 1106 3194 1161; x_wconf 88' lang='grc' dir='ltr'>ἀκούσατε</span> <span class='ocrx_word' id='word_1_279' title='bbox 3225 1107 3541 1177; x_wconf 82' lang='grc' dir='ltr'>κρινομένου</span> <span class='ocrx_word' id='word_1_280' title='bbox 3587 1101 3690 1157; x_wconf 88' lang='grc' dir='ltr'><strong>τοῦ</strong></span> 
     </span>
    </p>
   </div>
   <div class='ocr_carea' id='block_1_41' title="bbox 2105 1193 3693 1268">
    <p class='ocr_par' dir='ltr' id='par_1_41' title="bbox 2105 1193 3693 1268">
     <span class='ocr_line' id='line_1_41' title="bbox 2105 1193 3693 1268; baseline -0.003 -18"><span class='ocrx_word' id='word_1_281' title='bbox 2105 1197 2238 1250; x_wconf 81' lang='grc' dir='ltr'>Θεοῦ</span> <span class='ocrx_word' id='word_1_282' title='bbox 2273 1197 2410 1268; x_wconf 85' lang='grc' dir='ltr'>πρὸς</span> <span class='ocrx_word' id='word_1_283' title='bbox 2441 1198 2584 1267; x_wconf 85' lang='grc' dir='ltr'>ὑμᾶς</span> <span class='ocrx_word' id='word_1_284' title='bbox 2612 1199 2706 1251; x_wconf 74' lang='grc' dir='ltr'><strong>καὶ</strong></span> <span class='ocrx_word' id='word_1_285' title='bbox 2746 1196 3048 1260; x_wconf 84' lang='grc' dir='ltr'><strong>δεικνύντος</strong></span> <span class='ocrx_word' id='word_1_286' title='bbox 3079 1198 3211 1260; x_wconf 82' lang='grc' dir='ltr'>οἵοις</span> <span class='ocrx_word' id='word_1_287' title='bbox 3239 1213 3299 1250; x_wconf 89' lang='grc' dir='ltr'><strong>τε</strong></span> <span class='ocrx_word' id='word_1_288' title='bbox 3345 1195 3439 1249; x_wconf 74' lang='grc' dir='ltr'><strong>καὶ</strong></span> <span class='ocrx_word' id='word_1_289' title='bbox 3477 1193 3693 1266; x_wconf 85' lang='grc' dir='ltr'>ὴλίκοις</span> 
     </span>
    </p>
   </div>
   <div class='ocr_carea' id='block_1_42' title="bbox 2107 1285 3695 1360">
    <p class='ocr_par' dir='ltr' id='par_1_42' title="bbox 2107 1285 3695 1360">
     <span class='ocr_line' id='line_1_42' title="bbox 2107 1285 3695 1360; baseline -0.003 -20"><span class='ocrx_word' id='word_1_290' title='bbox 2107 1288 2274 1342; x_wconf 86' lang='grc' dir='ltr'>αὑτοῦ</span> <span class='ocrx_word' id='word_1_291' title='bbox 2313 1289 2413 1360; x_wconf 84' lang='grc' dir='ltr'>τὴν</span> <span class='ocrx_word' id='word_1_292' title='bbox 2445 1289 2770 1360; x_wconf 80' lang='grc' dir='ltr'>κηδεμονίαν</span> <span class='ocrx_word' id='word_1_293' title='bbox 2801 1288 3106 1358; x_wconf 68' lang='grc' dir='ltr'>ἠμείψασθε</span> <span class='ocrx_word' id='word_1_294' title='bbox 3140 1290 3329 1350; x_wconf 86' lang='grc' dir='ltr'>κακοῖς</span> <span class='ocrx_word' id='word_1_295' title='bbox 3348 1302 3362 1316; x_wconf 75' lang='grc' dir='ltr'><strong><em>ο</em></strong></span> <span class='ocrx_word' id='word_1_296' title='bbox 3409 1285 3695 1356; x_wconf 74' lang='grc' dir='ltr'>φροντίζει</span> 
     </span>
    </p>
   </div>
   <div class='ocr_carea' id='block_1_43' title="bbox 2111 1379 3699 1454">
    <p class='ocr_par' dir='ltr' id='par_1_43' title="bbox 2111 1379 3699 1454">
     <span class='ocr_line' id='line_1_43' title="bbox 2111 1379 3699 1454; baseline -0.003 -19"><span class='ocrx_word' id='word_1_297' title='bbox 2111 1383 2210 1453; x_wconf 82' lang='grc' dir='ltr'><strong>μὲν</strong></span> <span class='ocrx_word' id='word_1_298' title='bbox 2237 1382 2347 1454; x_wconf 87' lang='grc' dir='ltr'>γὰρ</span> <span class='ocrx_word' id='word_1_299' title='bbox 2367 1382 2624 1452; x_wconf 84' lang='grc' dir='ltr'>ἀληθείας</span> <span class='ocrx_word' id='word_1_300' title='bbox 2649 1382 2824 1446; x_wconf 79' lang='grc' dir='ltr'>οὐδεὶς</span> <span class='ocrx_word' id='word_1_301' title='bbox 2850 1385 2906 1436; x_wconf 86' lang='grc' dir='ltr'><strong>ἐν</strong></span> <span class='ocrx_word' id='word_1_302' title='bbox 2934 1383 3085 1453; x_wconf 87' lang='grc' dir='ltr'>ὑμῖν,</span> <span class='ocrx_word' id='word_1_303' title='bbox 3109 1382 3222 1435; x_wconf 84' lang='grc' dir='ltr'>ἀλλ’</span> <span class='ocrx_word' id='word_1_304' title='bbox 3245 1382 3364 1435; x_wconf 78' lang='grc' dir='ltr'>οὐδὲ</span> <span class='ocrx_word' id='word_1_305' title='bbox 3390 1379 3699 1450; x_wconf 80' lang='grc' dir='ltr'>φιλανθρω·</span> 
     </span>
    </p>
   </div>
   <div class='ocr_carea' id='block_1_44' title="bbox 2109 1467 3700 1546">
    <p class='ocr_par' dir='ltr' id='par_1_44' title="bbox 2109 1467 3700 1546">
     <span class='ocr_line' id='line_1_44' title="bbox 2109 1467 3700 1546; baseline -0.001 -19"><span class='ocrx_word' id='word_1_306' title='bbox 2109 1477 2238 1538; x_wconf 84' lang='grc' dir='ltr'>πίας</span> <span class='ocrx_word' id='word_1_307' title='bbox 2265 1477 2393 1546; x_wconf 84' lang='grc' dir='ltr'>ὑμῖν</span> <span class='ocrx_word' id='word_1_308' title='bbox 2420 1475 2605 1544; x_wconf 85' lang='grc' dir='ltr'><strong>λόγος·</strong></span> <span class='ocrx_word' id='word_1_309' title='bbox 2659 1477 2734 1545; x_wconf 90' lang='lat' dir='ltr'><strong>(p.</strong></span> <span class='ocrx_word' id='word_1_310' title='bbox 2769 1476 2861 1538; x_wconf 71' lang='lat'><strong>29)</strong></span> <span class='ocrx_word' id='word_1_311' title='bbox 2902 1476 3024 1528; x_wconf 83' lang='grc' dir='ltr'>ἐπεὶ</span> <span class='ocrx_word' id='word_1_312' title='bbox 3054 1475 3188 1546; x_wconf 81' lang='grc' dir='ltr'>μηδὲ</span> <span class='ocrx_word' id='word_1_313' title='bbox 3218 1474 3316 1542; x_wconf 82' lang='grc' dir='ltr'>τῆς</span> <span class='ocrx_word' id='word_1_314' title='bbox 3373 1472 3521 1534; x_wconf 84' lang='grc' dir='ltr'>θείας</span> <span class='ocrx_word' id='word_1_315' title='bbox 3549 1467 3700 1539; x_wconf 86' lang='grc' dir='ltr'>γνώ-</span> 
     </span>
    </p>
   </div>
   <div class='ocr_carea' id='block_1_45' title="bbox 2112 1561 3700 1639">
    <p class='ocr_par' dir='ltr' id='par_1_45' title="bbox 2112 1561 3700 1639">
     <span class='ocr_line' id='line_1_45' title="bbox 2112 1561 3700 1639; baseline -0.005 -19"><span class='ocrx_word' id='word_1_316' title='bbox 2112 1585 2249 1631; x_wconf 90' lang='grc' dir='ltr'>σεως</span> <span class='ocrx_word' id='word_1_317' title='bbox 2282 1567 2433 1637; x_wconf 76' lang='grc' dir='ltr'>ἔχετε</span> <span class='ocrx_word' id='word_1_318' title='bbox 2464 1566 2717 1638; x_wconf 85' lang='grc' dir='ltr'>φροντίδα</span> <span class='ocrx_word' id='word_1_319' title='bbox 2737 1583 2751 1597; x_wconf 89' lang='grc'><strong>·</strong></span> <span class='ocrx_word' id='word_1_320' title='bbox 2798 1566 2978 1636; x_wconf 82' lang='grc' dir='ltr'>ἀπάτη</span> <span class='ocrx_word' id='word_1_321' title='bbox 3007 1565 3064 1618; x_wconf 85' lang='grc' dir='ltr'><strong>δὲ</strong></span> <span class='ocrx_word' id='word_1_322' title='bbox 3107 1564 3200 1617; x_wconf 75' lang='grc' dir='ltr'><strong>καὶ</strong></span> <span class='ocrx_word' id='word_1_323' title='bbox 3237 1563 3306 1616; x_wconf 86' lang='grc' dir='ltr'><strong>τά</strong></span> <span class='ocrx_word' id='word_1_324' title='bbox 3340 1562 3519 1632; x_wconf 81' lang='grc' dir='ltr'><strong>πάσης</strong></span> <span class='ocrx_word' id='word_1_325' title='bbox 3562 1561 3700 1639; x_wconf 69' lang='grc' dir='ltr'>ἀξια</span> 
     </span>
    </p>
   </div>
   <div class='ocr_carea' id='block_1_46' title="bbox 2111 1648 3694 1728">
    <p class='ocr_par' dir='ltr' id='par_1_46' title="bbox 2111 1648 3694 1728">
     <span class='ocr_line' id='line_1_46' title="bbox 2111 1648 3694 1728; baseline -0.007 -18"><span class='ocrx_word' id='word_1_326' title='bbox 2111 1658 2376 1728; x_wconf 81' lang='grc' dir='ltr'>κατάρας,</span> <span class='ocrx_word' id='word_1_327' title='bbox 2409 1657 2566 1726; x_wconf 82' lang='grc' dir='ltr'>φόνος</span> <span class='ocrx_word' id='word_1_328' title='bbox 2593 1673 2653 1708; x_wconf 92' lang='grc' dir='ltr'><strong>τε</strong></span> <span class='ocrx_word' id='word_1_329' title='bbox 2685 1656 2778 1708; x_wconf 77' lang='grc' dir='ltr'><strong>καὶ</strong></span> <span class='ocrx_word' id='word_1_330' title='bbox 2805 1655 2980 1723; x_wconf 85' lang='grc' dir='ltr'>κλοπὴ</span> <span class='ocrx_word' id='word_1_331' title='bbox 3009 1654 3103 1706; x_wconf 75' lang='grc' dir='ltr'><strong>καὶ</strong></span> <span class='ocrx_word' id='word_1_332' title='bbox 3137 1651 3347 1722; x_wconf 88' lang='grc' dir='ltr'>μοιχεία</span> <span class='ocrx_word' id='word_1_333' title='bbox 3377 1649 3467 1703; x_wconf 75' lang='grc' dir='ltr'>διὰ</span> <span class='ocrx_word' id='word_1_334' title='bbox 3500 1648 3694 1716; x_wconf 88' lang='grc' dir='ltr'>πάσης</span> 
     </span>
    </p>
   </div>
   <div class='ocr_carea' id='block_1_47' title="bbox 2111 1740 3705 1821">
    <p class='ocr_par' dir='ltr' id='par_1_47' title="bbox 2111 1740 3705 1821">
     <span class='ocr_line' id='line_1_47' title="bbox 2111 1740 3705 1821; baseline -0.009 -18"><span class='ocrx_word' id='word_1_335' title='bbox 2111 1749 2277 1821; x_wconf 91' lang='grc' dir='ltr'>χύδην</span> <span class='ocrx_word' id='word_1_336' title='bbox 2302 1748 2628 1802; x_wconf 76' lang='grc' dir='ltr'>ἐπιτελεῖται</span> <span class='ocrx_word' id='word_1_337' title='bbox 2656 1749 2754 1817; x_wconf 77' lang='grc' dir='ltr'>τῆς</span> <span class='ocrx_word' id='word_1_338' title='bbox 2780 1749 2881 1816; x_wconf 83' lang='grc' dir='ltr'><strong>γῆς</strong></span> <span class='ocrx_word' id='word_1_339' title='bbox 2916 1763 2930 1777; x_wconf 72' lang='grc' dir='ltr'><strong>ο</strong></span> <span class='ocrx_word' id='word_1_340' title='bbox 2978 1743 3246 1812; x_wconf 83' lang='grc' dir='ltr'>τοσαύτην</span> <span class='ocrx_word' id='word_1_341' title='bbox 3276 1740 3426 1812; x_wconf 81' lang='grc' dir='ltr'>ὑμῶν</span> <span class='ocrx_word' id='word_1_342' title='bbox 3458 1740 3705 1810; x_wconf 84' lang='grc' dir='ltr'>ἐχόντων</span> 
     </span>
    </p>
   </div>
   <div class='ocr_carea' id='block_1_48' title="bbox 2112 1830 3708 1914">
    <p class='ocr_par' dir='ltr' id='par_1_48' title="bbox 2112 1830 3708 1914">
     <span class='ocr_line' id='line_1_48' title="bbox 2112 1830 3708 1914; baseline -0.008 -18"><span class='ocrx_word' id='word_1_343' title='bbox 2112 1843 2240 1914; x_wconf 81' lang='grc' dir='ltr'>περὶ</span> <span class='ocrx_word' id='word_1_344' title='bbox 2287 1842 2345 1895; x_wconf 85' lang='grc' dir='ltr'><strong>τὸ</strong></span> <span class='ocrx_word' id='word_1_345' title='bbox 2396 1841 2641 1911; x_wconf 82' lang='grc' dir='ltr'>φονεύειν</span> <span class='ocrx_word' id='word_1_346' title='bbox 2685 1839 2945 1909; x_wconf 85' lang='grc' dir='ltr'>ἀλλήλους</span> <span class='ocrx_word' id='word_1_347' title='bbox 2990 1837 3088 1908; x_wconf 79' lang='grc' dir='ltr'><strong>τὴν</strong></span> <span class='ocrx_word' id='word_1_348' title='bbox 3135 1834 3388 1905; x_wconf 82' lang='grc' dir='ltr'>σπουδὴν,</span> <span class='ocrx_word' id='word_1_349' title='bbox 3431 1832 3573 1886; x_wconf 76' lang='grc' dir='ltr'>ὥστε</span> <span class='ocrx_word' id='word_1_350' title='bbox 3604 1830 3708 1884; x_wconf 68' lang='grc' dir='ltr'><strong>ἀεὶ</strong></span> 
     </span>
    </p>
   </div>
   <div class='ocr_carea' id='block_1_49' title="bbox 2109 1925 3698 2007">
    <p class='ocr_par' dir='ltr' id='par_1_49' title="bbox 2109 1925 3698 2007">
     <span class='ocr_line' id='line_1_49' title="bbox 2109 1925 3698 2007; baseline -0.009 -17"><span class='ocrx_word' id='word_1_351' title='bbox 2109 1939 2219 1999; x_wconf 85' lang='grc' dir='ltr'>τοῖς</span> <span class='ocrx_word' id='word_1_352' title='bbox 2251 1934 2601 2007; x_wconf 83' lang='grc' dir='ltr'>προειληφόσι</span> <span class='ocrx_word' id='word_1_353' title='bbox 2629 1933 2739 1986; x_wconf 89' lang='grc' dir='ltr'><strong>τῶν</strong></span> <span class='ocrx_word' id='word_1_354' title='bbox 2771 1931 2891 1985; x_wconf 87' lang='grc' dir='ltr'>καθ’</span> <span class='ocrx_word' id='word_1_355' title='bbox 2925 1929 3050 2000; x_wconf 81' lang='grc' dir='ltr'>ἑξῆς</span> <span class='ocrx_word' id='word_1_356' title='bbox 3080 1928 3332 2000; x_wconf 79' lang='grc' dir='ltr'>μιγνῦναι</span> <span class='ocrx_word' id='word_1_357' title='bbox 3359 1926 3427 1980; x_wconf 83' lang='grc' dir='ltr'><strong>τὰ</strong></span> <span class='ocrx_word' id='word_1_358' title='bbox 3458 1925 3698 1995; x_wconf 78' lang='grc' dir='ltr'>αἵματα.</span> 
     </span>
    </p>
   </div>
   <div class='ocr_carea' id='block_1_50' title="bbox 2117 2014 3703 2092">
    <p class='ocr_par' dir='ltr' id='par_1_50' title="bbox 2117 2014 3703 2092">
     <span class='ocr_line' id='line_1_50' title="bbox 2117 2014 3703 2092; baseline -0.005 -18"><span class='ocrx_word' id='word_1_359' title='bbox 2117 2043 2134 2074; x_wconf 80' lang='grc' dir='ltr'><strong>ι</strong></span> <span class='ocrx_word' id='word_1_360' title='bbox 2161 2023 2258 2076; x_wconf 87' lang='grc' dir='ltr'><strong>Διὰ</strong></span> <span class='ocrx_word' id='word_1_361' title='bbox 2285 2022 2443 2076; x_wconf 90' lang='grc' dir='ltr'>τοῦτο</span> <span class='ocrx_word' id='word_1_362' title='bbox 2470 2021 2728 2092; x_wconf 82' lang='grc' dir='ltr'>πενθήσει</span> <span class='ocrx_word' id='word_1_363' title='bbox 2757 2023 2790 2090; x_wconf 87' lang='grc' dir='ltr'><strong>ή</strong></span> <span class='ocrx_word' id='word_1_364' title='bbox 2816 2020 2889 2090; x_wconf 77' lang='grc' dir='ltr'>γῆ</span> <span class='ocrx_word' id='word_1_365' title='bbox 2911 2060 2926 2083; x_wconf 87' lang='grc'><strong>,</strong></span> <span class='ocrx_word' id='word_1_366' title='bbox 2970 2019 3067 2072; x_wconf 79' lang='grc' dir='ltr'><strong>καὶ</strong></span> <span class='ocrx_word' id='word_1_367' title='bbox 3101 2015 3562 2088; x_wconf 83' lang='grc' dir='ltr'>σμικρυνθήσεται</span> <span class='ocrx_word' id='word_1_368' title='bbox 3591 2014 3703 2066; x_wconf 57' lang='grc' dir='ltr'><strong>σὺν</strong></span> 
     </span>
    </p>
   </div>
   <div class='ocr_carea' id='block_1_51' title="bbox 2113 2108 3705 2180">
    <p class='ocr_par' dir='ltr' id='par_1_51' title="bbox 2113 2108 3705 2180">
     <span class='ocr_line' id='line_1_51' title="bbox 2113 2108 3705 2180; baseline -0.006 -13"><span class='ocrx_word' id='word_1_369' title='bbox 2113 2117 2247 2169; x_wconf 81' lang='grc' dir='ltr'>πᾶσι</span> <span class='ocrx_word' id='word_1_370' title='bbox 2291 2116 2405 2177; x_wconf 90' lang='grc' dir='ltr'>τοῖς</span> <span class='ocrx_word' id='word_1_371' title='bbox 2455 2110 2798 2167; x_wconf 80' lang='grc' dir='ltr'>κατοικοῦσιν</span> <span class='ocrx_word' id='word_1_372' title='bbox 2846 2111 3036 2180; x_wconf 81' lang='grc' dir='ltr'>αὐτὴν.</span> <span class='ocrx_word' id='word_1_373' title='bbox 3084 2129 3103 2162; x_wconf 73' lang='grc' dir='ltr'><strong>ι</strong></span> <span class='ocrx_word' id='word_1_374' title='bbox 3170 2111 3258 2162; x_wconf 89' lang='grc' dir='ltr'><strong>Ἐν</strong></span> <span class='ocrx_word' id='word_1_375' title='bbox 3307 2108 3489 2162; x_wconf 87' lang='grc' dir='ltr'>πένθει</span> <span class='ocrx_word' id='word_1_376' title='bbox 3538 2108 3705 2160; x_wconf 75' lang='grc' dir='ltr'>πᾶσα</span> 
     </span>
    </p>
   </div>
   <div class='ocr_carea' id='block_1_52' title="bbox 2112 2200 3702 2278">
    <p class='ocr_par' dir='ltr' id='par_1_52' title="bbox 2112 2200 3702 2278">
     <span class='ocr_line' id='line_1_52' title="bbox 2112 2200 3702 2278; baseline -0.006 -18"><span class='ocrx_word' id='word_1_377' title='bbox 2112 2207 2185 2278; x_wconf 85' lang='grc' dir='ltr'><strong>γῆ</strong></span> <span class='ocrx_word' id='word_1_378' title='bbox 2208 2208 2496 2277; x_wconf 86' lang='grc' dir='ltr'>γενήσεται</span> <span class='ocrx_word' id='word_1_379' title='bbox 2517 2205 2604 2258; x_wconf 85' lang='grc' dir='ltr'>διὰ</span> <span class='ocrx_word' id='word_1_380' title='bbox 2631 2204 2690 2257; x_wconf 84' lang='grc' dir='ltr'>τὺ</span> <span class='ocrx_word' id='word_1_381' title='bbox 2716 2203 2940 2274; x_wconf 86' lang='grc' dir='ltr'>μέγεθος</span> <span class='ocrx_word' id='word_1_382' title='bbox 2963 2203 3071 2257; x_wconf 90' lang='grc' dir='ltr'><strong>τῶν</strong></span> <span class='ocrx_word' id='word_1_383' title='bbox 3097 2201 3487 2271; x_wconf 73' lang='grc' dir='ltr'>ἐπιγινομένων</span> <span class='ocrx_word' id='word_1_384' title='bbox 3509 2200 3702 2261; x_wconf 80' lang='grc' dir='ltr'>αὐτοῖς</span> 
     </span>
    </p>
   </div>
   <div class='ocr_carea' id='block_1_53' title="bbox 2113 2291 3704 2366">
    <p class='ocr_par' dir='ltr' id='par_1_53' title="bbox 2113 2291 3704 2366">
     <span class='ocr_line' id='line_1_53' title="bbox 2113 2291 3704 2366; baseline -0.006 -15"><span class='ocrx_word' id='word_1_385' title='bbox 2113 2298 2338 2352; x_wconf 86' lang='grc' dir='ltr'>κακῶν·</span> <span class='ocrx_word' id='word_1_386' title='bbox 2403 2296 2544 2350; x_wconf 79' lang='grc' dir='ltr'>οὕτω</span> <span class='ocrx_word' id='word_1_387' title='bbox 2596 2295 2703 2349; x_wconf 90' lang='grc' dir='ltr'><strong>τῶν</strong></span> <span class='ocrx_word' id='word_1_388' title='bbox 2749 2295 3019 2366; x_wconf 88' lang='grc' dir='ltr'>πολεμίων</span> <span class='ocrx_word' id='word_1_389' title='bbox 3069 2294 3436 2365; x_wconf 86' lang='grc' dir='ltr'>ἀναιρούντων</span> <span class='ocrx_word' id='word_1_390' title='bbox 3489 2291 3704 2354; x_wconf 74' lang='grc' dir='ltr'>αὐτοὺς</span> 
     </span>
    </p>
   </div>
   <div class='ocr_carea' id='block_1_54' title="bbox 2113 2382 3700 2458">
    <p class='ocr_par' dir='ltr' id='par_1_54' title="bbox 2113 2382 3700 2458">
     <span class='ocr_line' id='line_1_54' title="bbox 2113 2382 3700 2458; baseline -0.006 -16"><span class='ocrx_word' id='word_1_391' title='bbox 2113 2388 2378 2458; x_wconf 82' lang='grc' dir='ltr'>ἀφειδῶς,</span> <span class='ocrx_word' id='word_1_392' title='bbox 2430 2387 2571 2441; x_wconf 85' lang='grc' dir='ltr'>ὥστε</span> <span class='ocrx_word' id='word_1_393' title='bbox 2622 2388 2702 2450; x_wconf 88' lang='grc' dir='ltr'>εἰς</span> <span class='ocrx_word' id='word_1_394' title='bbox 2753 2386 3044 2439; x_wconf 73' lang='grc' dir='ltr'>ἐλάττωσιν</span> <span class='ocrx_word' id='word_1_395' title='bbox 3099 2384 3416 2455; x_wconf 81' lang='grc' dir='ltr'>περιστῆναι</span> <span class='ocrx_word' id='word_1_396' title='bbox 3464 2383 3573 2435; x_wconf 89' lang='grc' dir='ltr'><strong>τῶν</strong></span> <span class='ocrx_word' id='word_1_397' title='bbox 3617 2382 3700 2434; x_wconf 76' lang='lat' dir='ltr'><strong>ol-</strong></span> 
     </span>
    </p>
   </div>
   <div class='ocr_carea' id='block_1_55' title="bbox 2115 2473 3703 2548">
    <p class='ocr_par' dir='ltr' id='par_1_55' title="bbox 2115 2473 3703 2548">
     <span class='ocr_line' id='line_1_55' title="bbox 2115 2473 3703 2548; baseline -0.007 -14"><span class='ocrx_word' id='word_1_398' title='bbox 2115 2482 2348 2534; x_wconf 86' lang='grc' dir='ltr'>κούντων</span> <span class='ocrx_word' id='word_1_399' title='bbox 2381 2480 2470 2533; x_wconf 85' lang='grc' dir='ltr'><strong>τὸν</strong></span> <span class='ocrx_word' id='word_1_400' title='bbox 2497 2477 2747 2548; x_wconf 87' lang='grc' dir='ltr'>ἀριθμόν·</span> <span class='ocrx_word' id='word_1_401' title='bbox 2773 2476 2928 2530; x_wconf 86' lang='grc' dir='ltr'>τοῦτο</span> <span class='ocrx_word' id='word_1_402' title='bbox 2957 2476 3064 2546; x_wconf 86' lang='grc' dir='ltr'>γὰρ</span> <span class='ocrx_word' id='word_1_403' title='bbox 3091 2475 3236 2542; x_wconf 80' lang='grc' dir='ltr'>λέγει</span> <span class='ocrx_word' id='word_1_404' title='bbox 3265 2474 3346 2538; x_wconf 88' lang='grc' dir='ltr'>τὸ,</span> <span class='ocrx_word' id='word_1_405' title='bbox 3374 2494 3391 2523; x_wconf 81' lang='grc' dir='ltr'><strong>ι</strong></span> <span class='ocrx_word' id='word_1_406' title='bbox 3422 2473 3703 2542; x_wconf 86' lang='grc' dir='ltr'>Σμικρυν-</span> 
     </span>
    </p>
   </div>
   <div class='ocr_carea' id='block_1_56' title="bbox 2115 2565 3704 2645">
    <p class='ocr_par' dir='ltr' id='par_1_56' title="bbox 2115 2565 3704 2645">
     <span class='ocr_line' id='line_1_56' title="bbox 2115 2565 3704 2645; baseline -0.008 -19"><span class='ocrx_word' id='word_1_407' title='bbox 2115 2574 2337 2645; x_wconf 80' lang='grc' dir='ltr'>θήσεται</span> <span class='ocrx_word' id='word_1_408' title='bbox 2395 2575 2428 2643; x_wconf 82' lang='grc' dir='ltr'><strong>ἡ</strong></span> <span class='ocrx_word' id='word_1_409' title='bbox 2482 2571 2553 2640; x_wconf 66' lang='grc' dir='ltr'>γῆ</span> <span class='ocrx_word' id='word_1_410' title='bbox 2606 2571 2702 2622; x_wconf 82' lang='grc' dir='ltr'><strong>σὺν</strong></span> <span class='ocrx_word' id='word_1_411' title='bbox 2755 2571 2867 2632; x_wconf 87' lang='grc' dir='ltr'>τοῖς</span> <span class='ocrx_word' id='word_1_412' title='bbox 2915 2566 3259 2621; x_wconf 81' lang='grc' dir='ltr'>κατοικοῦσιν</span> <span class='ocrx_word' id='word_1_413' title='bbox 3306 2565 3491 2635; x_wconf 83' lang='grc' dir='ltr'>αὑτήν.</span> <span class='ocrx_word' id='word_1_414' title='bbox 3554 2582 3574 2614; x_wconf 70' lang='grc' dir='ltr'><strong>ι</strong></span> <span class='ocrx_word' id='word_1_415' title='bbox 3627 2591 3704 2602; x_wconf 89' lang='lat'><strong>-—</strong></span> 
     </span>
    </p>
   </div>
   <div class='ocr_carea' id='block_1_57' title="bbox 2121 2647 3710 2732">
    <p class='ocr_par' dir='ltr' id='par_1_57' title="bbox 2121 2647 3710 2732">
     <span class='ocr_line' id='line_1_57' title="bbox 2121 2647 3710 2732; baseline -0.007 -16"><span class='ocrx_word' id='word_1_416' title='bbox 2121 2685 2138 2716; x_wconf 84' lang='grc' dir='ltr'><strong>ι</strong></span> <span class='ocrx_word' id='word_1_417' title='bbox 2167 2665 2271 2718; x_wconf 71' lang='grc' dir='ltr'><strong>Σὺν</strong></span> <span class='ocrx_word' id='word_1_418' title='bbox 2295 2665 2406 2725; x_wconf 89' lang='grc' dir='ltr'>τοῖς</span> <span class='ocrx_word' id='word_1_419' title='bbox 2429 2661 2639 2732; x_wconf 88' lang='grc' dir='ltr'>θηρίοις</span> <span class='ocrx_word' id='word_1_420' title='bbox 2665 2647 2760 2713; x_wconf 83' lang='grc' dir='ltr'><strong>τοῦ</strong></span> <span class='ocrx_word' id='word_1_421' title='bbox 2795 2658 2986 2730; x_wconf 81' lang='grc' dir='ltr'>ἀγροῦ,</span> <span class='ocrx_word' id='word_1_422' title='bbox 3017 2657 3112 2712; x_wconf 74' lang='grc' dir='ltr'><strong>καὶ</strong></span> <span class='ocrx_word' id='word_1_423' title='bbox 3157 2659 3267 2719; x_wconf 90' lang='grc' dir='ltr'>τοῖς</span> <span class='ocrx_word' id='word_1_424' title='bbox 3311 2656 3563 2727; x_wconf 76' lang='grc' dir='ltr'>ἑρπετοῖς</span> <span class='ocrx_word' id='word_1_425' title='bbox 3591 2652 3710 2723; x_wconf 77' lang='grc' dir='ltr'><strong>τῆς</strong></span> 
     </span>
    </p>
   </div>
   <div class='ocr_carea' id='block_1_58' title="bbox 2113 2745 3700 2826">
    <p class='ocr_par' dir='ltr' id='par_1_58' title="bbox 2113 2745 3700 2826">
     <span class='ocr_line' id='line_1_58' title="bbox 2113 2745 3700 2826; baseline -0.008 -16"><span class='ocrx_word' id='word_1_426' title='bbox 2113 2760 2237 2826; x_wconf 84' lang='grc' dir='ltr'>γῆς,</span> <span class='ocrx_word' id='word_1_427' title='bbox 2261 2756 2352 2809; x_wconf 76' lang='grc' dir='ltr'><strong>καὶ</strong></span> <span class='ocrx_word' id='word_1_428' title='bbox 2375 2756 2470 2808; x_wconf 79' lang='grc' dir='ltr'><strong>σὺν</strong></span> <span class='ocrx_word' id='word_1_429' title='bbox 2501 2757 2614 2816; x_wconf 84' lang='grc' dir='ltr'>τοῖς</span> <span class='ocrx_word' id='word_1_430' title='bbox 2638 2754 2900 2813; x_wconf 85' lang='grc' dir='ltr'>πετεινοῖς</span> <span class='ocrx_word' id='word_1_431' title='bbox 2933 2749 3024 2804; x_wconf 89' lang='grc' dir='ltr'><strong>τοῦ</strong></span> <span class='ocrx_word' id='word_1_432' title='bbox 3064 2748 3314 2820; x_wconf 82' lang='grc' dir='ltr'>ούρανοῦ.</span> <span class='ocrx_word' id='word_1_433' title='bbox 3351 2767 3371 2800; x_wconf 84' lang='grc'>›</span> <span class='ocrx_word' id='word_1_434' title='bbox 3403 2745 3700 2818; x_wconf 83' lang='grc' dir='ltr'>Τροπικῶς</span> 
     </span>
    </p>
   </div>
   <div class='ocr_carea' id='block_1_59' title="bbox 2114 2840 3706 2918">
    <p class='ocr_par' dir='ltr' id='par_1_59' title="bbox 2114 2840 3706 2918">
     <span class='ocr_line' id='line_1_59' title="bbox 2114 2840 3706 2918; baseline -0.008 -16"><span class='ocrx_word' id='word_1_435' title='bbox 2114 2850 2262 2918; x_wconf 81' lang='grc' dir='ltr'>λέγει</span> <span class='ocrx_word' id='word_1_436' title='bbox 2289 2849 2431 2902; x_wconf 85' lang='grc' dir='ltr'><strong>κατά</strong></span> <span class='ocrx_word' id='word_1_437' title='bbox 2476 2846 2538 2899; x_wconf 84' lang='grc' dir='ltr'>τὸ</span> <span class='ocrx_word' id='word_1_438' title='bbox 2572 2846 2779 2909; x_wconf 83' lang='grc' dir='ltr'>εἰωθὸς,</span> <span class='ocrx_word' id='word_1_439' title='bbox 2832 2846 2914 2897; x_wconf 78' lang='grc' dir='ltr'>ὅτι</span> <span class='ocrx_word' id='word_1_440' title='bbox 2960 2841 3381 2897; x_wconf 86' lang='grc' dir='ltr'>συναπολοῦνται</span> <span class='ocrx_word' id='word_1_441' title='bbox 3413 2840 3506 2894; x_wconf 70' lang='grc' dir='ltr'><strong>καὶ</strong></span> <span class='ocrx_word' id='word_1_442' title='bbox 3540 2841 3590 2892; x_wconf 81' lang='grc' dir='ltr'><strong>οἱ</strong></span> <span class='ocrx_word' id='word_1_443' title='bbox 3643 2840 3706 2891; x_wconf 86' lang='grc' dir='ltr'><strong>ἐν</strong></span> 
     </span>
    </p>
   </div>
   <div class='ocr_carea' id='block_1_60' title="bbox 2116 2933 3707 3006">
    <p class='ocr_par' dir='ltr' id='par_1_60' title="bbox 2116 2933 3707 3006">
     <span class='ocr_line' id='line_1_60' title="bbox 2116 2933 3707 3006; baseline -0.008 -11"><span class='ocrx_word' id='word_1_444' title='bbox 2116 2943 2295 3004; x_wconf 84' lang='grc' dir='ltr'>αὐτοῖς</span> <span class='ocrx_word' id='word_1_445' title='bbox 2327 2939 2541 2993; x_wconf 75' lang='grc' dir='ltr'>δυνατοὶ</span> <span class='ocrx_word' id='word_1_446' title='bbox 2567 2941 2676 3000; x_wconf 89' lang='grc' dir='ltr'>τοῖς</span> <span class='ocrx_word' id='word_1_447' title='bbox 2707 2938 2928 3002; x_wconf 88' lang='grc' dir='ltr'>λοιποῖς,</span> <span class='ocrx_word' id='word_1_448' title='bbox 2954 2937 3003 2988; x_wconf 90' lang='grc' dir='ltr'>οἱ</span> <span class='ocrx_word' id='word_1_449' title='bbox 3030 2935 3232 3006; x_wconf 89' lang='grc' dir='ltr'>θηρίων</span> <span class='ocrx_word' id='word_1_450' title='bbox 3270 2950 3331 2987; x_wconf 90' lang='grc' dir='ltr'><strong>τε</strong></span> <span class='ocrx_word' id='word_1_451' title='bbox 3361 2933 3514 3002; x_wconf 85' lang='grc' dir='ltr'>δίκην</span> <span class='ocrx_word' id='word_1_452' title='bbox 3557 2933 3707 3000; x_wconf 80' lang='grc' dir='ltr'>ἐπη-</span> 
     </span>
    </p>
   </div>
   <div class='ocr_carea' id='block_1_61' title="bbox 2119 3022 3708 3105">
    <p class='ocr_par' dir='ltr' id='par_1_61' title="bbox 2119 3022 3708 3105">
     <span class='ocr_line' id='line_1_61' title="bbox 2119 3022 3708 3105; baseline -0.008 -19"><span class='ocrx_word' id='word_1_453' title='bbox 2119 3033 2399 3105; x_wconf 73' lang='grc' dir='ltr'>ρεάζοντες</span> <span class='ocrx_word' id='word_1_454' title='bbox 2427 3034 2541 3094; x_wconf 86' lang='grc' dir='ltr'>τοῖς</span> <span class='ocrx_word' id='word_1_455' title='bbox 2571 3029 3008 3100; x_wconf 75' lang='grc' dir='ltr'>ἀσθενεστέροιςο</span> <span class='ocrx_word' id='word_1_456' title='bbox 3031 3027 3124 3080; x_wconf 76' lang='grc' dir='ltr'><strong>καὶ</strong></span> <span class='ocrx_word' id='word_1_457' title='bbox 3149 3025 3338 3096; x_wconf 84' lang='grc' dir='ltr'>ὥσπερ</span> <span class='ocrx_word' id='word_1_458' title='bbox 3365 3024 3486 3077; x_wconf 77' lang='grc' dir='ltr'>τινὰ</span> <span class='ocrx_word' id='word_1_459' title='bbox 3519 3022 3708 3092; x_wconf 85' lang='grc' dir='ltr'>πτηνά</span> 
     </span>
    </p>
   </div>
   <div class='ocr_carea' id='block_1_62' title="bbox 441 3103 2016 3200">
    <p class='ocr_par' dir='ltr' id='par_1_62' title="bbox 441 3103 2014 3190">
     <span class='ocr_line' id='line_1_62' title="bbox 441 3103 2014 3190; baseline 0.01 -31"><span class='ocrx_word' id='word_1_460' title='bbox 441 3103 680 3175; x_wconf 87' lang='lat' dir='ltr'><strong>denique</strong></span> <span class='ocrx_word' id='word_1_461' title='bbox 722 3113 1058 3180; x_wconf 87' lang='lat' dir='ltr'><strong>serpentium</strong></span> <span class='ocrx_word' id='word_1_462' title='bbox 1109 3118 1216 3169; x_wconf 86' lang='lat' dir='ltr'><strong>ritu</strong></span> <span class='ocrx_word' id='word_1_463' title='bbox 1265 3117 1546 3186; x_wconf 79' lang='lat' dir='ltr'><strong>proximos</strong></span> <span class='ocrx_word' id='word_1_464' title='bbox 1607 3136 1853 3190; x_wconf 88' lang='lat' dir='ltr'><strong>quosque</strong></span> <span class='ocrx_word' id='word_1_465' title='bbox 1893 3123 2014 3175; x_wconf 88' lang='lat' dir='ltr'><strong>vul-</strong></span> 
     </span>
    </p>
   </div>
   <div class='ocr_carea' id='block_1_63' title="bbox 2136 3103 3705 3200">
    <p class='ocr_par' dir='ltr' id='par_1_63' title="bbox 2136 3115 3705 3196">
     <span class='ocr_line' id='line_1_63' title="bbox 2136 3115 3705 3196; baseline -0.008 -18"><span class='ocrx_word' id='word_1_466' title='bbox 2136 3125 2332 3196; x_wconf 78' lang='grc' dir='ltr'>ἱιθρόον,</span> <span class='ocrx_word' id='word_1_467' title='bbox 2361 3127 2482 3186; x_wconf 87' lang='grc' dir='ltr'>ταῖς</span> <span class='ocrx_word' id='word_1_468' title='bbox 2518 3123 2628 3175; x_wconf 90' lang='grc' dir='ltr'><strong>τῶν</strong></span> <span class='ocrx_word' id='word_1_469' title='bbox 2661 3123 2908 3190; x_wconf 86' lang='grc' dir='ltr'>πενήτων</span> <span class='ocrx_word' id='word_1_470' title='bbox 2940 3121 3218 3190; x_wconf 85' lang='grc' dir='ltr'>ἁρπαγαῖς</span> <span class='ocrx_word' id='word_1_471' title='bbox 3263 3117 3510 3179; x_wconf 74' lang='grc' dir='ltr'>ἐπιόντες</span> <span class='ocrx_word' id='word_1_472' title='bbox 3535 3132 3548 3144; x_wconf 92' lang='grc'><strong>·</strong></span> <span class='ocrx_word' id='word_1_473' title='bbox 3599 3115 3705 3167; x_wconf 77' lang='grc' dir='ltr'>καὶ</span> 
     </span>
    </p>
   </div>
   <div class='ocr_carea' id='block_1_64' title="bbox 443 3201 2014 3282">
    <p class='ocr_par' dir='ltr' id='par_1_64' title="bbox 443 3201 2014 3282">
     <span class='ocr_line' id='line_1_64' title="bbox 443 3201 2014 3282; baseline 0.008 -29"><span class='ocrx_word' id='word_1_474' title='bbox 443 3214 636 3254; x_wconf 88' lang='lat' dir='ltr'><strong>uerare</strong></span> <span class='ocrx_word' id='word_1_475' title='bbox 665 3201 979 3258; x_wconf 83' lang='lat' dir='ltr'><strong>studebant.</strong></span> <span class='ocrx_word' id='word_1_476' title='bbox 1007 3225 1025 3256; x_wconf 80' lang='grc' dir='ltr'><strong>ι</strong></span> <span class='ocrx_word' id='word_1_477' title='bbox 1057 3205 1222 3263; x_wconf 86' lang='lat' dir='ltr'><strong>Maris</strong></span> <span class='ocrx_word' id='word_1_478' title='bbox 1247 3225 1465 3280; x_wconf 84' lang='lat' dir='ltr'><strong>quoque</strong></span> <span class='ocrx_word' id='word_1_479' title='bbox 1491 3213 1670 3282; x_wconf 88' lang='lat' dir='ltr'><strong>pisces</strong></span> <span class='ocrx_word' id='word_1_480' title='bbox 1692 3213 1966 3269; x_wconf 76' lang='lat' dir='ltr'><strong>deficient.</strong></span> <span class='ocrx_word' id='word_1_481' title='bbox 1995 3235 2014 3266; x_wconf 76' lang='grc' dir='ltr'><strong>ι</strong></span> 
     </span>
    </p>
   </div>
   <div class='ocr_carea' id='block_1_65' title="bbox 443 3292 2024 3374">
    <p class='ocr_par' dir='ltr' id='par_1_65' title="bbox 443 3292 2024 3374">
     <span class='ocr_line' id='line_1_65' title="bbox 443 3292 2024 3374; baseline 0.009 -27"><span class='ocrx_word' id='word_1_482' title='bbox 443 3292 658 3356; x_wconf 85' lang='lat' dir='ltr'><strong>Cuncti,</strong></span> <span class='ocrx_word' id='word_1_483' title='bbox 693 3302 767 3374; x_wconf 12' lang='lat' dir='ltr'><strong>tut</strong></span> <span class='ocrx_word' id='word_1_484' title='bbox 818 3311 929 3351; x_wconf 89' lang='lat' dir='ltr'><strong>uno</strong></span> <span class='ocrx_word' id='word_1_485' title='bbox 981 3301 1148 3355; x_wconf 85' lang='lat' dir='ltr'><strong>verbo</strong></span> <span class='ocrx_word' id='word_1_486' title='bbox 1185 3301 1387 3367; x_wconf 87' lang='lat' dir='ltr'><strong>dicam,</strong></span> <span class='ocrx_word' id='word_1_487' title='bbox 1425 3306 1539 3374; x_wconf 90' lang='lat' dir='ltr'><strong>qui,</strong></span> <span class='ocrx_word' id='word_1_488' title='bbox 1582 3311 1842 3374; x_wconf 88' lang='lat' dir='ltr'><strong>tanquam</strong></span> <span class='ocrx_word' id='word_1_489' title='bbox 1871 3321 2024 3362; x_wconf 90' lang='lat' dir='ltr'><strong>mare</strong></span> 
     </span>
    </p>
   </div>
   <div class='ocr_carea' id='block_1_66' title="bbox 444 3371 2020 3468">
    <p class='ocr_par' dir='ltr' id='par_1_66' title="bbox 444 3371 2020 3468">
     <span class='ocr_line' id='line_1_66' title="bbox 444 3371 2020 3468; baseline 0.011 -32"><span class='ocrx_word' id='word_1_490' title='bbox 444 3381 646 3452; x_wconf 87' lang='lat' dir='ltr'><strong>pisces,</strong></span> <span class='ocrx_word' id='word_1_491' title='bbox 687 3371 767 3440; x_wconf 73' lang='lat' dir='ltr'><strong>sic</strong></span> <span class='ocrx_word' id='word_1_492' title='bbox 803 3396 1004 3443; x_wconf 90' lang='lat' dir='ltr'><strong>terram</strong></span> <span class='ocrx_word' id='word_1_493' title='bbox 1038 3393 1344 3463; x_wconf 88' lang='lat' dir='ltr'><strong>replebant,</strong></span> <span class='ocrx_word' id='word_1_494' title='bbox 1385 3371 1632 3452; x_wconf 84' lang='lat' dir='ltr'><strong>funditus</strong></span> <span class='ocrx_word' id='word_1_495' title='bbox 1655 3371 2020 3468; x_wconf 82' lang='lat' dir='ltr'><strong>disperibunt.</strong></span> 
     </span>
    </p>
   </div>
   <div class='ocr_carea' id='block_1_67' title="bbox 445 3471 2026 3560">
    <p class='ocr_par' dir='ltr' id='par_1_67' title="bbox 445 3471 2026 3560">
     <span class='ocr_line' id='line_1_67' title="bbox 445 3471 2026 3560; baseline 0.011 -35"><span class='ocrx_word' id='word_1_496' title='bbox 445 3471 543 3529; x_wconf 82' lang='lat' dir='ltr'><strong>liis</strong></span> <span class='ocrx_word' id='word_1_497' title='bbox 569 3475 718 3530; x_wconf 89' lang='lat' dir='ltr'><strong>addit</strong></span> <span class='ocrx_word' id='word_1_498' title='bbox 759 3496 770 3531; x_wconf 93' lang='lat'><strong>:</strong></span> <span class='ocrx_word' id='word_1_499' title='bbox 823 3496 842 3528; x_wconf 83' lang='grc' dir='ltr'><strong>ι</strong></span> <span class='ocrx_word' id='word_1_500' title='bbox 894 3479 965 3534; x_wconf 88' lang='lat' dir='ltr'><strong>Ut</strong></span> <span class='ocrx_word' id='word_1_501' title='bbox 1012 3498 1174 3538; x_wconf 87' lang='lat' dir='ltr'><strong>nemo</strong></span> <span class='ocrx_word' id='word_1_502' title='bbox 1215 3486 1298 3540; x_wconf 83' lang='lat' dir='ltr'><strong>vel</strong></span> <span class='ocrx_word' id='word_1_503' title='bbox 1335 3485 1630 3554; x_wconf 90' lang='lat' dir='ltr'><strong>judicetur,</strong></span> <span class='ocrx_word' id='word_1_504' title='bbox 1657 3489 1739 3543; x_wconf 91' lang='lat' dir='ltr'><strong>vel</strong></span> <span class='ocrx_word' id='word_1_505' title='bbox 1767 3499 2026 3560; x_wconf 79' lang='lat' dir='ltr'><strong>arguatur</strong></span> 
     </span>
    </p>
   </div>
   <div class='ocr_carea' id='block_1_68' title="bbox 445 3564 2025 3645">
    <p class='ocr_par' dir='ltr' id='par_1_68' title="bbox 445 3564 2025 3645">
     <span class='ocr_line' id='line_1_68' title="bbox 445 3564 2025 3645; baseline 0.01 -27"><span class='ocrx_word' id='word_1_506' title='bbox 445 3564 756 3636; x_wconf 89' lang='lat' dir='ltr'><strong>quisquam.</strong></span> <span class='ocrx_word' id='word_1_507' title='bbox 772 3570 1104 3639; x_wconf 64' lang='lat' dir='ltr'><strong>)20Tanta,</strong></span> <span class='ocrx_word' id='word_1_508' title='bbox 1124 3575 1318 3645; x_wconf 88' lang='lat' dir='ltr'><strong>inquit,</strong></span> <span class='ocrx_word' id='word_1_509' title='bbox 1337 3579 1580 3632; x_wconf 89' lang='lat' dir='ltr'><strong>omnium</strong></span> <span class='ocrx_word' id='word_1_510' title='bbox 1599 3595 1779 3634; x_wconf 91' lang='lat' dir='ltr'><strong>rerum</strong></span> <span class='ocrx_word' id='word_1_511' title='bbox 1799 3583 2025 3637; x_wconf 84' lang='lat' dir='ltr'><strong>vastitas</strong></span> 
     </span>
    </p>
   </div>
   <div class='ocr_carea' id='block_1_69' title="bbox 445 3657 2027 3743">
    <p class='ocr_par' dir='ltr' id='par_1_69' title="bbox 445 3657 2027 3743">
     <span class='ocr_line' id='line_1_69' title="bbox 445 3657 2027 3743; baseline 0.011 -32"><span class='ocrx_word' id='word_1_512' title='bbox 445 3657 573 3722; x_wconf 86' lang='lat' dir='ltr'><strong>erit,</strong></span> <span class='ocrx_word' id='word_1_513' title='bbox 592 3666 650 3714; x_wconf 90' lang='lat' dir='ltr'><strong>ut</strong></span> <span class='ocrx_word' id='word_1_514' title='bbox 667 3676 844 3731; x_wconf 89' lang='lat' dir='ltr'><strong>neque</strong></span> <span class='ocrx_word' id='word_1_515' title='bbox 875 3663 1313 3736; x_wconf 81' lang='lat' dir='ltr'><strong>deincepsjudex</strong></span> <span class='ocrx_word' id='word_1_516' title='bbox 1342 3672 1604 3739; x_wconf 88' lang='lat' dir='ltr'><strong>supersit,</strong></span> <span class='ocrx_word' id='word_1_517' title='bbox 1639 3687 1739 3727; x_wconf 89' lang='lat' dir='ltr'><strong>nec</strong></span> <span class='ocrx_word' id='word_1_518' title='bbox 1767 3674 1860 3743; x_wconf 90' lang='lat' dir='ltr'><strong>qui</strong></span> <span class='ocrx_word' id='word_1_519' title='bbox 1891 3675 2027 3728; x_wconf 92' lang='lat' dir='ltr'><strong>alio-</strong></span> 
     </span>
    </p>
   </div>
   <div class='ocr_carea' id='block_1_70' title="bbox 447 3754 2024 3834">
    <p class='ocr_par' dir='ltr' id='par_1_70' title="bbox 447 3754 2024 3834">
     <span class='ocr_line' id='line_1_70' title="bbox 447 3754 2024 3834; baseline 0.013 -33"><span class='ocrx_word' id='word_1_520' title='bbox 447 3765 568 3803; x_wconf 87' lang='lat' dir='ltr'><strong>rum</strong></span> <span class='ocrx_word' id='word_1_521' title='bbox 593 3754 825 3809; x_wconf 88' lang='lat' dir='ltr'><strong>crimina</strong></span> <span class='ocrx_word' id='word_1_522' title='bbox 851 3759 1128 3828; x_wconf 79' lang='lat' dir='ltr'><strong>corrigat:</strong></span> <span class='ocrx_word' id='word_1_523' title='bbox 1158 3764 1372 3817; x_wconf 90' lang='lat' dir='ltr'><strong>cunctis</strong></span> <span class='ocrx_word' id='word_1_524' title='bbox 1390 3781 1496 3818; x_wconf 90' lang='lat' dir='ltr'><strong>una</strong></span> <span class='ocrx_word' id='word_1_525' title='bbox 1518 3767 1852 3834; x_wconf 84' lang='lat' dir='ltr'><strong>captivitatis</strong></span> <span class='ocrx_word' id='word_1_526' title='bbox 1875 3770 2024 3822; x_wconf 78' lang='lat' dir='ltr'><strong>cala-</strong></span> 
     </span>
    </p>
   </div>
   <div class='ocr_carea' id='block_1_71' title="bbox 450 3841 2017 3926">
    <p class='ocr_par' dir='ltr' id='par_1_71' title="bbox 450 3841 2017 3926">
     <span class='ocr_line' id='line_1_71' title="bbox 450 3841 2017 3926; baseline 0.012 -35"><span class='ocrx_word' id='word_1_527' title='bbox 450 3841 636 3896; x_wconf 88' lang='lat' dir='ltr'><strong>mitate</strong></span> <span class='ocrx_word' id='word_1_528' title='bbox 651 3860 803 3914; x_wconf 64' lang='lat' dir='ltr'><strong>mque</strong></span> <span class='ocrx_word' id='word_1_529' title='bbox 825 3847 1057 3904; x_wconf 87' lang='lat' dir='ltr'><strong>obrutis.</strong></span> <span class='ocrx_word' id='word_1_530' title='bbox 1083 3869 1100 3900; x_wconf 82' lang='grc' dir='ltr'><strong>ι</strong></span> <span class='ocrx_word' id='word_1_531' title='bbox 1121 3849 1362 3920; x_wconf 84' lang='lat' dir='ltr'><strong>Populus</strong></span> <span class='ocrx_word' id='word_1_532' title='bbox 1380 3863 1560 3909; x_wconf 90' lang='lat' dir='ltr'><strong>autem</strong></span> <span class='ocrx_word' id='word_1_533' title='bbox 1583 3871 1737 3910; x_wconf 91' lang='lat' dir='ltr'><strong>meus</strong></span> <span class='ocrx_word' id='word_1_534' title='bbox 1759 3865 2017 3926; x_wconf 85' lang='lat' dir='ltr'><strong>tanquam</strong></span> 
     </span>
    </p>
   </div>
   <div class='ocr_carea' id='block_1_72' title="bbox 450 3933 2028 4014">
    <p class='ocr_par' dir='ltr' id='par_1_72' title="bbox 450 3933 2028 4014">
     <span class='ocr_line' id='line_1_72' title="bbox 450 3933 2028 4014; baseline 0.012 -30"><span class='ocrx_word' id='word_1_535' title='bbox 450 3933 728 4007; x_wconf 80' lang='lat' dir='ltr'><strong>sacerdos,</strong></span> <span class='ocrx_word' id='word_1_536' title='bbox 781 3937 870 3990; x_wconf 89' lang='lat' dir='ltr'><strong>cui</strong></span> <span class='ocrx_word' id='word_1_537' title='bbox 913 3941 1312 3995; x_wconf 89' lang='lat' dir='ltr'><strong>contradicitur</strong></span> <span class='ocrx_word' id='word_1_538' title='bbox 1345 3961 1356 3996; x_wconf 92' lang='lat'><strong>:</strong></span> <span class='ocrx_word' id='word_1_539' title='bbox 1399 3963 1416 3994; x_wconf 83' lang='grc'>›</span> <span class='ocrx_word' id='word_1_540' title='bbox 1451 3943 1717 4014; x_wconf 77' lang='lat' dir='ltr'><strong>dignitate</strong></span> <span class='ocrx_word' id='word_1_541' title='bbox 1754 3948 1901 4002; x_wconf 89' lang='lat' dir='ltr'><strong>omni</strong></span> <span class='ocrx_word' id='word_1_542' title='bbox 1931 3950 2028 4002; x_wconf 87' lang='lat' dir='ltr'><strong>de-</strong></span> 
     </span>
    </p>
   </div>
   <div class='ocr_carea' id='block_1_73' title="bbox 451 4023 2020 4112">
    <p class='ocr_par' dir='ltr' id='par_1_73' title="bbox 451 4023 2020 4112">
     <span class='ocr_line' id='line_1_73' title="bbox 451 4023 2020 4112; baseline 0.013 -37"><span class='ocrx_word' id='word_1_543' title='bbox 451 4023 668 4089; x_wconf 91' lang='lat' dir='ltr'><strong>ciduus,</strong></span> <span class='ocrx_word' id='word_1_544' title='bbox 711 4029 973 4100; x_wconf 88' lang='lat' dir='ltr'><strong>nulloque</strong></span> <span class='ocrx_word' id='word_1_545' title='bbox 1005 4034 1119 4100; x_wconf 86' lang='lat' dir='ltr'><strong>jam</strong></span> <span class='ocrx_word' id='word_1_546' title='bbox 1177 4035 1400 4089; x_wconf 86' lang='lat' dir='ltr'><strong>habitus</strong></span> <span class='ocrx_word' id='word_1_547' title='bbox 1446 4049 1700 4107; x_wconf 89' lang='lat' dir='ltr'><strong>respectu</strong></span> <span class='ocrx_word' id='word_1_548' title='bbox 1763 4041 1962 4112; x_wconf 82' lang='lat' dir='ltr'><strong>dignus</strong></span> <span class='ocrx_word' id='word_1_549' title='bbox 2009 4060 2020 4094; x_wconf 91' lang='lat'><strong>:</strong></span> 
     </span>
    </p>
   </div>
   <div class='ocr_carea' id='block_1_74' title="bbox 450 4115 2027 4198">
    <p class='ocr_par' dir='ltr' id='par_1_74' title="bbox 450 4115 2027 4198">
     <span class='ocr_line' id='line_1_74' title="bbox 450 4115 2027 4198; baseline 0.016 -33"><span class='ocrx_word' id='word_1_550' title='bbox 450 4115 622 4169; x_wconf 86' lang='lat' dir='ltr'><strong>veluti</strong></span> <span class='ocrx_word' id='word_1_551' title='bbox 656 4117 703 4171; x_wconf 90' lang='lat' dir='ltr'><strong>si</strong></span> <span class='ocrx_word' id='word_1_552' title='bbox 742 4121 865 4188; x_wconf 92' lang='lat' dir='ltr'><strong>quis</strong></span> <span class='ocrx_word' id='word_1_553' title='bbox 895 4123 1154 4180; x_wconf 86' lang='lat' dir='ltr'><strong>sacerdos</strong></span> <span class='ocrx_word' id='word_1_554' title='bbox 1178 4125 1230 4180; x_wconf 91' lang='lat' dir='ltr'><strong>in</strong></span> <span class='ocrx_word' id='word_1_555' title='bbox 1258 4133 1685 4186; x_wconf 85' lang='lat' dir='ltr'><strong>controversiam</strong></span> <span class='ocrx_word' id='word_1_556' title='bbox 1717 4135 1941 4198; x_wconf 87' lang='lat' dir='ltr'><strong>incidat,</strong></span> <span class='ocrx_word' id='word_1_557' title='bbox 1974 4148 2027 4190; x_wconf 90' lang='lat' dir='ltr'><strong>et</strong></span> 
     </span>
    </p>
   </div>
   <div class='ocr_carea' id='block_1_75' title="bbox 451 4205 2027 4284">
    <p class='ocr_par' dir='ltr' id='par_1_75' title="bbox 451 4205 2027 4284">
     <span class='ocr_line' id='line_1_75' title="bbox 451 4205 2027 4284; baseline 0.013 -25"><span class='ocrx_word' id='word_1_558' title='bbox 451 4205 777 4276; x_wconf 89' lang='lat' dir='ltr'><strong>deponatur,</strong></span> <span class='ocrx_word' id='word_1_559' title='bbox 814 4222 976 4282; x_wconf 87' lang='lat' dir='ltr'><strong>atque</strong></span> <span class='ocrx_word' id='word_1_560' title='bbox 1029 4216 1171 4284; x_wconf 89' lang='lat' dir='ltr'><strong>apud</strong></span> <span class='ocrx_word' id='word_1_561' title='bbox 1211 4233 1403 4274; x_wconf 87' lang='lat' dir='ltr'><strong>onmes</strong></span> <span class='ocrx_word' id='word_1_562' title='bbox 1453 4221 1862 4279; x_wconf 90' lang='lat' dir='ltr'><strong>dehonestetur.</strong></span> <span class='ocrx_word' id='word_1_563' title='bbox 1905 4248 1923 4277; x_wconf 90' lang='grc'><strong><em>‹</em></strong></span> <span class='ocrx_word' id='word_1_564' title='bbox 1961 4227 2027 4280; x_wconf 87' lang='lat' dir='ltr'><strong>Et</strong></span> 
     </span>
    </p>
   </div>
   <div class='ocr_carea' id='block_1_76' title="bbox 451 4297 2028 4368">
    <p class='ocr_par' dir='ltr' id='par_1_76' title="bbox 451 4297 2028 4368">
     <span class='ocr_line' id='line_1_76' title="bbox 451 4297 2028 4368; baseline 0.011 -18"><span class='ocrx_word' id='word_1_565' title='bbox 451 4297 702 4353; x_wconf 86' lang='lat' dir='ltr'><strong>inﬁrmus</strong></span> <span class='ocrx_word' id='word_1_566' title='bbox 749 4303 852 4355; x_wconf 90' lang='lat' dir='ltr'><strong>erit</strong></span> <span class='ocrx_word' id='word_1_567' title='bbox 901 4304 1158 4360; x_wconf 88' lang='lat' dir='ltr'><strong>interdiu.</strong></span> <span class='ocrx_word' id='word_1_568' title='bbox 1199 4326 1215 4357; x_wconf 73' lang='grc' dir='ltr'><strong>ι</strong></span> <span class='ocrx_word' id='word_1_569' title='bbox 1263 4307 1580 4366; x_wconf 91' lang='lat' dir='ltr'><strong>Diutissime</strong></span> <span class='ocrx_word' id='word_1_570' title='bbox 1625 4313 1681 4367; x_wconf 90' lang='lat' dir='ltr'><strong>in</strong></span> <span class='ocrx_word' id='word_1_571' title='bbox 1715 4313 2028 4368; x_wconf 86' lang='lat' dir='ltr'><strong>inﬁrmitate</strong></span> 
     </span>
    </p>
   </div>
   <div class='ocr_carea' id='block_1_77' title="bbox 450 4391 2028 4462">
    <p class='ocr_par' dir='ltr' id='par_1_77' title="bbox 450 4391 2028 4462">
     <span class='ocr_line' id='line_1_77' title="bbox 450 4391 2028 4462; baseline 0.011 -18"><span class='ocrx_word' id='word_1_572' title='bbox 450 4391 765 4446; x_wconf 83' lang='lat' dir='ltr'><strong>versabitur</strong></span> <span class='ocrx_word' id='word_1_573' title='bbox 809 4393 1240 4452; x_wconf 86' lang='lat' dir='ltr'><strong>incumbentium</strong></span> <span class='ocrx_word' id='word_1_574' title='bbox 1289 4403 1574 4457; x_wconf 88' lang='lat' dir='ltr'><strong>malorum.</strong></span> <span class='ocrx_word' id='word_1_575' title='bbox 1613 4423 1631 4454; x_wconf 86' lang='grc' dir='ltr'><strong>ι</strong></span> <span class='ocrx_word' id='word_1_576' title='bbox 1675 4404 1740 4458; x_wconf 88' lang='grc' dir='ltr'>Ει</span> <span class='ocrx_word' id='word_1_577' title='bbox 1780 4408 2028 4462; x_wconf 89' lang='lat' dir='ltr'><strong>inﬁrmus</strong></span> 
     </span>
    </p>
   </div>
   <div class='ocr_carea' id='block_1_78' title="bbox 2127 3206 3713 3287">
    <p class='ocr_par' dir='ltr' id='par_1_78' title="bbox 2127 3206 3713 3287">
     <span class='ocr_line' id='line_1_78' title="bbox 2127 3206 3713 3287; baseline -0.008 -17"><span class='ocrx_word' id='word_1_578' title='bbox 2127 3218 2223 3286; x_wconf 79' lang='grc' dir='ltr'><strong>οὐχ</strong></span> <span class='ocrx_word' id='word_1_579' title='bbox 2255 3211 2416 3287; x_wconf 84' lang='grc' dir='ltr'>ἦττον</span> <span class='ocrx_word' id='word_1_580' title='bbox 2456 3213 2699 3285; x_wconf 77' lang='grc' dir='ltr'>ἑρπετῶν</span> <span class='ocrx_word' id='word_1_581' title='bbox 2729 3211 2985 3282; x_wconf 85' lang='grc' dir='ltr'>βλάπτειν</span> <span class='ocrx_word' id='word_1_582' title='bbox 3017 3209 3412 3270; x_wconf 82' lang='grc' dir='ltr'>ἐσπουδακότες</span> <span class='ocrx_word' id='word_1_583' title='bbox 3443 3206 3572 3270; x_wconf 81' lang='grc' dir='ltr'>τοὺς</span> <span class='ocrx_word' id='word_1_584' title='bbox 3602 3207 3713 3259; x_wconf 79' lang='grc' dir='ltr'>πέ-</span> 
     </span>
    </p>
   </div>
   <div class='ocr_carea' id='block_1_79' title="bbox 2125 3299 3704 3377">
    <p class='ocr_par' dir='ltr' id='par_1_79' title="bbox 2125 3299 3704 3377">
     <span class='ocr_line' id='line_1_79' title="bbox 2125 3299 3704 3377; baseline -0.008 -16"><span class='ocrx_word' id='word_1_585' title='bbox 2125 3309 2237 3372; x_wconf 88' lang='grc' dir='ltr'>λας.</span> <span class='ocrx_word' id='word_1_586' title='bbox 2270 3312 2346 3377; x_wconf 88' lang='lat' dir='ltr'><strong>(p.</strong></span> <span class='ocrx_word' id='word_1_587' title='bbox 2371 3305 2461 3377; x_wconf 82' lang='lat'><strong>50)</strong></span> <span class='ocrx_word' id='word_1_588' title='bbox 2497 3325 2514 3355; x_wconf 85' lang='grc' dir='ltr'><strong>ι</strong></span> <span class='ocrx_word' id='word_1_589' title='bbox 2541 3304 2651 3358; x_wconf 77' lang='grc' dir='ltr'>Καὶ</span> <span class='ocrx_word' id='word_1_590' title='bbox 2679 3302 2859 3374; x_wconf 83' lang='grc' dir='ltr'>ἰχθύες</span> <span class='ocrx_word' id='word_1_591' title='bbox 2881 3302 2981 3372; x_wconf 84' lang='grc' dir='ltr'><strong>τῆς</strong></span> <span class='ocrx_word' id='word_1_592' title='bbox 3007 3301 3281 3371; x_wconf 81' lang='grc' dir='ltr'>Θαλάσσης</span> <span class='ocrx_word' id='word_1_593' title='bbox 3304 3299 3704 3369; x_wconf 76' lang='grc' dir='ltr'>ἐκλείψουσιν.»</span> 
     </span>
    </p>
   </div>
   <div class='ocr_carea' id='block_1_80' title="bbox 2126 3392 3710 3467">
    <p class='ocr_par' dir='ltr' id='par_1_80' title="bbox 2126 3392 3710 3467">
     <span class='ocr_line' id='line_1_80' title="bbox 2126 3392 3710 3467; baseline -0.007 -13"><span class='ocrx_word' id='word_1_594' title='bbox 2126 3402 2428 3462; x_wconf 81' lang='grc' dir='ltr'>Ἅπαντες,</span> <span class='ocrx_word' id='word_1_595' title='bbox 2481 3397 2758 3467; x_wconf 81' lang='grc' dir='ltr'>συντόμως</span> <span class='ocrx_word' id='word_1_596' title='bbox 2797 3398 2990 3461; x_wconf 78' lang='grc' dir='ltr'>εἰπεῖν,</span> <span class='ocrx_word' id='word_1_597' title='bbox 3023 3397 3072 3448; x_wconf 83' lang='lat' dir='ltr'><strong>ol</strong></span> <span class='ocrx_word' id='word_1_598' title='bbox 3108 3394 3229 3449; x_wconf 84' lang='grc' dir='ltr'>καθ’</span> <span class='ocrx_word' id='word_1_599' title='bbox 3259 3394 3550 3464; x_wconf 86' lang='grc' dir='ltr'>ὁμοιότητα</span> <span class='ocrx_word' id='word_1_600' title='bbox 3589 3392 3710 3445; x_wconf 89' lang='grc' dir='ltr'><strong>τῶν</strong></span> 
     </span>
    </p>
   </div>
   <div class='ocr_carea' id='block_1_81' title="bbox 2124 3485 3713 3562">
    <p class='ocr_par' dir='ltr' id='par_1_81' title="bbox 2124 3485 3713 3562">
     <span class='ocr_line' id='line_1_81' title="bbox 2124 3485 3713 3562; baseline -0.006 -16"><span class='ocrx_word' id='word_1_601' title='bbox 2124 3494 2221 3562; x_wconf 83' lang='grc' dir='ltr'>τῆς</span> <span class='ocrx_word' id='word_1_602' title='bbox 2251 3492 2518 3559; x_wconf 77' lang='grc' dir='ltr'>θαλάττης</span> <span class='ocrx_word' id='word_1_603' title='bbox 2554 3490 2750 3559; x_wconf 83' lang='grc' dir='ltr'>ἰχθύων</span> <span class='ocrx_word' id='word_1_604' title='bbox 2789 3488 3122 3558; x_wconf 87' lang='grc' dir='ltr'>πληροῦντες</span> <span class='ocrx_word' id='word_1_605' title='bbox 3149 3487 3248 3556; x_wconf 78' lang='grc' dir='ltr'><strong>τὴν</strong></span> <span class='ocrx_word' id='word_1_606' title='bbox 3283 3487 3384 3555; x_wconf 79' lang='grc' dir='ltr'>γῆν</span> <span class='ocrx_word' id='word_1_607' title='bbox 3402 3485 3575 3556; x_wconf 79' lang='grc' dir='ltr'>ἄρδην</span> <span class='ocrx_word' id='word_1_608' title='bbox 3599 3487 3713 3539; x_wconf 80' lang='grc' dir='ltr'>ἀπο</span> 
     </span>
    </p>
   </div>
   <div class='ocr_carea' id='block_1_82' title="bbox 2125 3577 3712 3648">
    <p class='ocr_par' dir='ltr' id='par_1_82' title="bbox 2125 3577 3712 3648">
     <span class='ocr_line' id='line_1_82' title="bbox 2125 3577 3712 3648; baseline -0.004 -12"><span class='ocrx_word' id='word_1_609' title='bbox 2125 3583 2390 3636; x_wconf 81' lang='grc' dir='ltr'>ολοῦνται.</span> <span class='ocrx_word' id='word_1_610' title='bbox 2423 3582 2644 3642; x_wconf 78' lang='grc' dir='ltr'>Τούτοις</span> <span class='ocrx_word' id='word_1_611' title='bbox 2669 3581 2880 3647; x_wconf 77' lang='grc' dir='ltr'>ἐπάγει’</span> <span class='ocrx_word' id='word_1_612' title='bbox 2920 3581 3138 3641; x_wconf 80' lang='grc' dir='ltr'>«Ὅπως</span> <span class='ocrx_word' id='word_1_613' title='bbox 3176 3577 3363 3648; x_wconf 78' lang='grc' dir='ltr'>μηδεὶς</span> <span class='ocrx_word' id='word_1_614' title='bbox 3393 3577 3530 3646; x_wconf 81' lang='grc' dir='ltr'>μήτε</span> <span class='ocrx_word' id='word_1_615' title='bbox 3555 3577 3712 3629; x_wconf 81' lang='grc' dir='ltr'>δικά-</span> 
     </span>
    </p>
   </div>
   <div class='ocr_carea' id='block_1_83' title="bbox 2126 3666 3711 3743">
    <p class='ocr_par' dir='ltr' id='par_1_83' title="bbox 2126 3666 3711 3743">
     <span class='ocr_line' id='line_1_83' title="bbox 2126 3666 3711 3743; baseline -0.006 -16"><span class='ocrx_word' id='word_1_616' title='bbox 2126 3673 2306 3743; x_wconf 81' lang='grc' dir='ltr'>ζηται,</span> <span class='ocrx_word' id='word_1_617' title='bbox 2340 3674 2474 3743; x_wconf 87' lang='grc' dir='ltr'>μήτε</span> <span class='ocrx_word' id='word_1_618' title='bbox 2505 3672 2792 3741; x_wconf 77' lang='grc' dir='ltr'>ἐλέγχηται</span> <span class='ocrx_word' id='word_1_619' title='bbox 2823 3669 3028 3741; x_wconf 86' lang='grc' dir='ltr'>μηδείς.</span> <span class='ocrx_word' id='word_1_620' title='bbox 3062 3689 3080 3720; x_wconf 77' lang='grc' dir='ltr'><strong>ι</strong></span> <span class='ocrx_word' id='word_1_621' title='bbox 3127 3666 3372 3737; x_wconf 86' lang='grc' dir='ltr'>Τοσαύτη</span> <span class='ocrx_word' id='word_1_622' title='bbox 3405 3667 3482 3729; x_wconf 79' lang='grc' dir='ltr'><strong>δὲ,</strong></span> <span class='ocrx_word' id='word_1_623' title='bbox 3519 3670 3711 3738; x_wconf 80' lang='grc' dir='ltr'>φησὶν,</span> 
     </span>
    </p>
   </div>
   <div class='ocr_carea' id='block_1_84' title="bbox 2126 3752 3714 3831">
    <p class='ocr_par' dir='ltr' id='par_1_84' title="bbox 2126 3752 3714 3831">
     <span class='ocr_line' id='line_1_84' title="bbox 2126 3752 3714 3831; baseline -0.004 -16"><span class='ocrx_word' id='word_1_624' title='bbox 2126 3762 2344 3815; x_wconf 73' lang='grc' dir='ltr'>ἅπαντα</span> <span class='ocrx_word' id='word_1_625' title='bbox 2376 3760 2579 3831; x_wconf 81' lang='grc' dir='ltr'>ἐρημία</span> <span class='ocrx_word' id='word_1_626' title='bbox 2612 3759 2852 3824; x_wconf 78' lang='grc' dir='ltr'>καθέξει,</span> <span class='ocrx_word' id='word_1_627' title='bbox 2902 3758 2977 3821; x_wconf 83' lang='grc' dir='ltr'>ὡς</span> <span class='ocrx_word' id='word_1_628' title='bbox 3016 3759 3152 3828; x_wconf 89' lang='grc' dir='ltr'>μήτε</span> <span class='ocrx_word' id='word_1_629' title='bbox 3185 3758 3276 3810; x_wconf 83' lang='grc' dir='ltr'><strong>τὸν</strong></span> <span class='ocrx_word' id='word_1_630' title='bbox 3303 3756 3595 3821; x_wconf 73' lang='grc' dir='ltr'>δικάζοντα</span> <span class='ocrx_word' id='word_1_631' title='bbox 3632 3752 3714 3809; x_wconf 85' lang='grc' dir='ltr'><strong>εἷ-</strong></span> 
     </span>
    </p>
   </div>
   <div class='ocr_carea' id='block_1_85' title="bbox 2126 3847 3715 3922">
    <p class='ocr_par' dir='ltr' id='par_1_85' title="bbox 2126 3847 3715 3922">
     <span class='ocr_line' id='line_1_85' title="bbox 2126 3847 3715 3922; baseline -0.003 -19"><span class='ocrx_word' id='word_1_632' title='bbox 2126 3870 2214 3905; x_wconf 86' lang='grc' dir='ltr'><strong>ναι</strong></span> <span class='ocrx_word' id='word_1_633' title='bbox 2247 3852 2450 3918; x_wconf 80' lang='grc' dir='ltr'>λοιπὸν,</span> <span class='ocrx_word' id='word_1_634' title='bbox 2491 3852 2626 3922; x_wconf 84' lang='grc' dir='ltr'>μήτε</span> <span class='ocrx_word' id='word_1_635' title='bbox 2666 3850 2757 3903; x_wconf 78' lang='grc' dir='ltr'><strong>τὸν</strong></span> <span class='ocrx_word' id='word_1_636' title='bbox 2785 3850 2854 3904; x_wconf 82' lang='grc' dir='ltr'>τὰ</span> <span class='ocrx_word' id='word_1_637' title='bbox 2888 3850 3090 3919; x_wconf 85' lang='grc' dir='ltr'>ἐτέρων</span> <span class='ocrx_word' id='word_1_638' title='bbox 3126 3847 3503 3918; x_wconf 82' lang='grc' dir='ltr'>διορθούμενον</span> <span class='ocrx_word' id='word_1_639' title='bbox 3551 3848 3715 3900; x_wconf 84' lang='grc' dir='ltr'>πταί-</span> 
     </span>
    </p>
   </div>
   <div class='ocr_carea' id='block_1_86' title="bbox 2129 3941 3715 4016">
    <p class='ocr_par' dir='ltr' id='par_1_86' title="bbox 2129 3941 3715 4016">
     <span class='ocr_line' id='line_1_86' title="bbox 2129 3941 3715 4016; baseline -0.005 -16"><span class='ocrx_word' id='word_1_640' title='bbox 2129 3962 2336 4016; x_wconf 84' lang='grc' dir='ltr'>σματα·</span> <span class='ocrx_word' id='word_1_641' title='bbox 2373 3947 2474 4016; x_wconf 83' lang='grc' dir='ltr'>μιᾷ</span> <span class='ocrx_word' id='word_1_642' title='bbox 2496 3947 2561 4015; x_wconf 83' lang='grc' dir='ltr'>τῇ</span> <span class='ocrx_word' id='word_1_643' title='bbox 2592 3945 2688 4013; x_wconf 85' lang='grc' dir='ltr'>τῆς</span> <span class='ocrx_word' id='word_1_644' title='bbox 2716 3942 3091 4013; x_wconf 70' lang='grc' dir='ltr'>αἰχμαλωσίας</span> <span class='ocrx_word' id='word_1_645' title='bbox 3126 3942 3379 4011; x_wconf 81' lang='grc' dir='ltr'>συμφορᾷ</span> <span class='ocrx_word' id='word_1_646' title='bbox 3412 3941 3715 4010; x_wconf 86' lang='grc' dir='ltr'>κατεχομέ-</span> 
     </span>
    </p>
   </div>
   <div class='ocr_carea' id='block_1_87' title="bbox 2127 4033 3715 4106">
    <p class='ocr_par' dir='ltr' id='par_1_87' title="bbox 2127 4033 3715 4106">
     <span class='ocr_line' id='line_1_87' title="bbox 2127 4033 3715 4106; baseline -0.004 -15"><span class='ocrx_word' id='word_1_647' title='bbox 2127 4057 2230 4092; x_wconf 91' lang='grc' dir='ltr'><strong>νων</strong></span> <span class='ocrx_word' id='word_1_648' title='bbox 2248 4038 2497 4091; x_wconf 84' lang='grc' dir='ltr'>ἁπάντων</span> <span class='ocrx_word' id='word_1_649' title='bbox 2512 4037 2729 4106; x_wconf 87' lang='grc' dir='ltr'>ὁμοίως.</span> <span class='ocrx_word' id='word_1_650' title='bbox 2758 4055 2774 4084; x_wconf 86' lang='grc' dir='ltr'><strong>ι</strong></span> <span class='ocrx_word' id='word_1_651' title='bbox 2800 4037 2855 4087; x_wconf 90' lang='lat'>&#39;0</span> <span class='ocrx_word' id='word_1_652' title='bbox 2872 4034 2928 4087; x_wconf 83' lang='grc' dir='ltr'><strong>δὲ</strong></span> <span class='ocrx_word' id='word_1_653' title='bbox 2943 4034 3070 4095; x_wconf 90' lang='grc' dir='ltr'>λαός</span> <span class='ocrx_word' id='word_1_654' title='bbox 3086 4051 3184 4104; x_wconf 91' lang='grc' dir='ltr'><strong>μου</strong></span> <span class='ocrx_word' id='word_1_655' title='bbox 3207 4035 3282 4096; x_wconf 87' lang='grc' dir='ltr'>ὼς</span> <span class='ocrx_word' id='word_1_656' title='bbox 3298 4035 3394 4085; x_wconf 90' lang='grc' dir='ltr'><strong>ἀντ</strong></span> <span class='ocrx_word' id='word_1_657' title='bbox 3403 4033 3715 4102; x_wconf 87' lang='grc' dir='ltr'>ιλεγόμενος</span> 
     </span>
    </p>
   </div>
   <div class='ocr_carea' id='block_1_88' title="bbox 2132 4123 3715 4199">
    <p class='ocr_par' dir='ltr' id='par_1_88' title="bbox 2132 4123 3715 4199">
     <span class='ocr_line' id='line_1_88' title="bbox 2132 4123 3715 4199; baseline -0.005 -17"><span class='ocrx_word' id='word_1_658' title='bbox 2132 4129 2324 4199; x_wconf 83' lang='grc' dir='ltr'>ἱερεύς·</span> <span class='ocrx_word' id='word_1_659' title='bbox 2341 4148 2358 4179; x_wconf 77' lang='grc' dir='ltr'><strong>ι</strong></span> <span class='ocrx_word' id='word_1_660' title='bbox 2381 4129 2559 4198; x_wconf 86' lang='grc' dir='ltr'>πάσης</span> <span class='ocrx_word' id='word_1_661' title='bbox 2572 4125 2861 4181; x_wconf 84' lang='grc' dir='ltr'>ἀποπεσὼν</span> <span class='ocrx_word' id='word_1_662' title='bbox 2875 4126 2971 4195; x_wconf 85' lang='grc' dir='ltr'><strong>τῆς</strong></span> <span class='ocrx_word' id='word_1_663' title='bbox 2990 4124 3222 4194; x_wconf 84' lang='grc' dir='ltr'>πρόσθεν</span> <span class='ocrx_word' id='word_1_664' title='bbox 3235 4125 3410 4188; x_wconf 80' lang='grc' dir='ltr'>ἀξίας,</span> <span class='ocrx_word' id='word_1_665' title='bbox 3430 4123 3715 4176; x_wconf 71' lang='grc' dir='ltr'>καὶούδενὶ</span> 
     </span>
    </p>
   </div>
   <div class='ocr_carea' id='block_1_89' title="bbox 2128 4214 3716 4290">
    <p class='ocr_par' dir='ltr' id='par_1_89' title="bbox 2128 4214 3716 4290">
     <span class='ocr_line' id='line_1_89' title="bbox 2128 4214 3716 4290; baseline -0.005 -16"><span class='ocrx_word' id='word_1_666' title='bbox 2128 4221 2270 4290; x_wconf 81' lang='grc' dir='ltr'>λόγῳ</span> <span class='ocrx_word' id='word_1_667' title='bbox 2284 4219 2602 4288; x_wconf 79' lang='grc' dir='ltr'>φαινόμενος</span> <span class='ocrx_word' id='word_1_668' title='bbox 2615 4218 2781 4282; x_wconf 79' lang='grc' dir='ltr'>ἄξιος·</span> <span class='ocrx_word' id='word_1_669' title='bbox 2797 4216 2984 4287; x_wconf 78' lang='grc' dir='ltr'>ὥσπερ</span> <span class='ocrx_word' id='word_1_670' title='bbox 2998 4216 3064 4270; x_wconf 81' lang='grc' dir='ltr'><strong>ἂν</strong></span> <span class='ocrx_word' id='word_1_671' title='bbox 3084 4216 3230 4278; x_wconf 79' lang='grc' dir='ltr'>εἴτις</span> <span class='ocrx_word' id='word_1_672' title='bbox 3249 4216 3292 4267; x_wconf 75' lang='lat' dir='ltr'><strong>is</strong></span> <span class='ocrx_word' id='word_1_673' title='bbox 3301 4215 3424 4285; x_wconf 77' lang='grc' dir='ltr'>ρεὺς</span> <span class='ocrx_word' id='word_1_674' title='bbox 3440 4217 3519 4276; x_wconf 84' lang='grc' dir='ltr'>εἰς</span> <span class='ocrx_word' id='word_1_675' title='bbox 3534 4214 3716 4286; x_wconf 68' lang='grc' dir='ltr'>ἀντίρ</span> 
     </span>
    </p>
   </div>
   <div class='ocr_carea' id='block_1_90' title="bbox 2133 4310 3711 4387">
    <p class='ocr_par' dir='ltr' id='par_1_90' title="bbox 2133 4310 3711 4387">
     <span class='ocr_line' id='line_1_90' title="bbox 2133 4310 3711 4387; baseline -0.002 -19"><span class='ocrx_word' id='word_1_676' title='bbox 2133 4319 2287 4387; x_wconf 78' lang='grc' dir='ltr'>ῥησιν</span> <span class='ocrx_word' id='word_1_677' title='bbox 2303 4333 2369 4368; x_wconf 88' lang='grc' dir='ltr'><strong>πε</strong></span> <span class='ocrx_word' id='word_1_678' title='bbox 2377 4313 2504 4373; x_wconf 86' lang='grc' dir='ltr'>σὼν,</span> <span class='ocrx_word' id='word_1_679' title='bbox 2528 4313 2773 4367; x_wconf 86' lang='grc' dir='ltr'>ἀθετοῖτό</span> <span class='ocrx_word' id='word_1_680' title='bbox 2786 4330 2844 4365; x_wconf 88' lang='grc' dir='ltr'><strong>τε</strong></span> <span class='ocrx_word' id='word_1_681' title='bbox 2864 4313 2956 4365; x_wconf 77' lang='grc' dir='ltr'><strong>καὶ</strong></span> <span class='ocrx_word' id='word_1_682' title='bbox 2976 4311 3296 4382; x_wconf 79' lang='grc' dir='ltr'>ἀτιμάζοιτο</span> <span class='ocrx_word' id='word_1_683' title='bbox 3307 4310 3455 4381; x_wconf 86' lang='grc' dir='ltr'><strong>παρά</strong></span> <span class='ocrx_word' id='word_1_684' title='bbox 3469 4311 3711 4365; x_wconf 80' lang='grc' dir='ltr'>πάντων.</span> 
     </span>
    </p>
   </div>
   <div class='ocr_carea' id='block_1_91' title="bbox 2137 4402 3716 4476">
    <p class='ocr_par' dir='ltr' id='par_1_91' title="bbox 2137 4402 3716 4476">
     <span class='ocr_line' id='line_1_91' title="bbox 2137 4402 3716 4476; baseline -0.003 -17"><span class='ocrx_word' id='word_1_685' title='bbox 2137 4428 2153 4458; x_wconf 84' lang='grc' dir='ltr'><strong>ε</strong></span> <span class='ocrx_word' id='word_1_686' title='bbox 2181 4407 2285 4459; x_wconf 68' lang='grc' dir='ltr'>Καὶ</span> <span class='ocrx_word' id='word_1_687' title='bbox 2310 4407 2592 4476; x_wconf 83' lang='grc' dir='ltr'>ἀσθενήσει</span> <span class='ocrx_word' id='word_1_688' title='bbox 2619 4404 2848 4474; x_wconf 77' lang='grc' dir='ltr'>ἡμέρας.</span> <span class='ocrx_word' id='word_1_689' title='bbox 2883 4422 2903 4455; x_wconf 72' lang='grc' dir='ltr'><strong>ι</strong></span> <span class='ocrx_word' id='word_1_690' title='bbox 2949 4404 3071 4456; x_wconf 85' lang='grc' dir='ltr'>Ἐπὶ</span> <span class='ocrx_word' id='word_1_691' title='bbox 3103 4403 3352 4456; x_wconf 85' lang='grc' dir='ltr'>πλεῖστον</span> <span class='ocrx_word' id='word_1_692' title='bbox 3377 4407 3432 4456; x_wconf 86' lang='grc' dir='ltr'><strong>ἐν</strong></span> <span class='ocrx_word' id='word_1_693' title='bbox 3459 4402 3716 4472; x_wconf 68' lang='grc' dir='ltr'>ἀσθενείᾳ</span> 
     </span>
    </p>
   </div>
   <div class='ocr_carea' id='block_1_92' title="bbox 451 4483 2016 4567">
    <p class='ocr_par' dir='ltr' id='par_1_92' title="bbox 451 4483 2016 4565">
     <span class='ocr_line' id='line_1_92' title="bbox 451 4483 2016 4565; baseline 0.009 -26"><span class='ocrx_word' id='word_1_694' title='bbox 451 4483 556 4539; x_wconf 77' lang='lat' dir='ltr'><strong>erit</strong></span> <span class='ocrx_word' id='word_1_695' title='bbox 596 4484 856 4554; x_wconf 86' lang='lat' dir='ltr'><strong>propheta</strong></span> <span class='ocrx_word' id='word_1_696' title='bbox 896 4494 1073 4541; x_wconf 85' lang='lat' dir='ltr'><strong>tecum</strong></span> <span class='ocrx_word' id='word_1_697' title='bbox 1119 4499 1305 4545; x_wconf 90' lang='lat' dir='ltr'><strong>noctu.</strong></span> <span class='ocrx_word' id='word_1_698' title='bbox 1345 4513 1364 4544; x_wconf 73' lang='grc' dir='ltr'><strong>ι</strong></span> <span class='ocrx_word' id='word_1_699' title='bbox 1416 4493 1481 4547; x_wconf 89' lang='lat' dir='ltr'><strong>Et</strong></span> <span class='ocrx_word' id='word_1_700' title='bbox 1531 4497 1625 4565; x_wconf 89' lang='lat' dir='ltr'><strong>qui</strong></span> <span class='ocrx_word' id='word_1_701' title='bbox 1674 4497 1828 4553; x_wconf 84' lang='lat' dir='ltr'><strong>falsis</strong></span> <span class='ocrx_word' id='word_1_702' title='bbox 1867 4507 2016 4554; x_wconf 82' lang='lat' dir='ltr'><strong>antea</strong></span> 
     </span>
    </p>
   </div>
   <div class='ocr_carea' id='block_1_93' title="bbox 2136 4483 3715 4567">
    <p class='ocr_par' dir='ltr' id='par_1_93' title="bbox 2136 4496 3715 4567">
     <span class='ocr_line' id='line_1_93' title="bbox 2136 4496 3715 4567; baseline -0.004 -13"><span class='ocrx_word' id='word_1_703' title='bbox 2136 4501 2237 4554; x_wconf 87' lang='grc' dir='ltr'><strong>ὑπὸ</strong></span> <span class='ocrx_word' id='word_1_704' title='bbox 2265 4502 2372 4552; x_wconf 85' lang='grc' dir='ltr'><strong>τῶν</strong></span> <span class='ocrx_word' id='word_1_705' title='bbox 2397 4497 2758 4567; x_wconf 77' lang='grc' dir='ltr'>ἐπικειμένων</span> <span class='ocrx_word' id='word_1_706' title='bbox 2790 4498 3078 4565; x_wconf 83' lang='grc' dir='ltr'>γενήσεται</span> <span class='ocrx_word' id='word_1_707' title='bbox 3105 4497 3310 4550; x_wconf 84' lang='grc' dir='ltr'>κακῶν.</span> <span class='ocrx_word' id='word_1_708' title='bbox 3356 4516 3374 4549; x_wconf 88' lang='grc' dir='ltr'><strong>ι</strong></span> <span class='ocrx_word' id='word_1_709' title='bbox 3412 4496 3522 4548; x_wconf 78' lang='grc' dir='ltr'>Καὶ</span> <span class='ocrx_word' id='word_1_710' title='bbox 3552 4496 3715 4549; x_wconf 84' lang='grc' dir='ltr'>ἀσθε-</span> 
     </span>
    </p>
   </div>
   <div class='ocr_carea' id='block_1_94' title="bbox 453 4576 2029 4659">
    <p class='ocr_par' dir='ltr' id='par_1_94' title="bbox 453 4576 2029 4659">
     <span class='ocr_line' id='line_1_94' title="bbox 453 4576 2029 4659; baseline 0.013 -32"><span class='ocrx_word' id='word_1_711' title='bbox 453 4576 900 4646; x_wconf 83' lang='lat' dir='ltr'><strong>praedictionibus</strong></span> <span class='ocrx_word' id='word_1_712' title='bbox 955 4580 1024 4634; x_wconf 89' lang='lat' dir='ltr'><strong>ad</strong></span> <span class='ocrx_word' id='word_1_713' title='bbox 1087 4597 1184 4637; x_wconf 87' lang='lat' dir='ltr'><strong>vos</strong></span> <span class='ocrx_word' id='word_1_714' title='bbox 1239 4584 1592 4655; x_wconf 89' lang='lat' dir='ltr'><strong>decipiendos</strong></span> <span class='ocrx_word' id='word_1_715' title='bbox 1647 4590 2029 4659; x_wconf 91' lang='lat' dir='ltr'><strong>abutebantur,</strong></span> 
     </span>
    </p>
   </div>
   <div class='ocr_carea' id='block_1_95' title="bbox 455 4667 2031 4745">
    <p class='ocr_par' dir='ltr' id='par_1_95' title="bbox 455 4667 2031 4745">
     <span class='ocr_line' id='line_1_95' title="bbox 455 4667 2031 4745; baseline 0.016 -28"><span class='ocrx_word' id='word_1_716' title='bbox 455 4667 697 4738; x_wconf 85' lang='lat' dir='ltr'><strong>plerique</strong></span> <span class='ocrx_word' id='word_1_717' title='bbox 743 4685 933 4726; x_wconf 90' lang='lat' dir='ltr'><strong>omnes</strong></span> <span class='ocrx_word' id='word_1_718' title='bbox 981 4674 1435 4745; x_wconf 89' lang='lat' dir='ltr'><strong>inlirmabuntur;</strong></span> <span class='ocrx_word' id='word_1_719' title='bbox 1493 4681 1561 4735; x_wconf 90' lang='lat' dir='ltr'><strong>ab</strong></span> <span class='ocrx_word' id='word_1_720' title='bbox 1618 4683 1886 4740; x_wconf 89' lang='lat' dir='ltr'><strong>obruente</strong></span> <span class='ocrx_word' id='word_1_721' title='bbox 1937 4702 2031 4743; x_wconf 90' lang='lat' dir='ltr'><strong>eos</strong></span> 
     </span>
    </p>
   </div>
   <div class='ocr_carea' id='block_1_96' title="bbox 455 4760 2030 4850">
    <p class='ocr_par' dir='ltr' id='par_1_96' title="bbox 455 4760 2030 4850">
     <span class='ocr_line' id='line_1_96' title="bbox 455 4760 2030 4850; baseline 0.015 -39"><span class='ocrx_word' id='word_1_722' title='bbox 455 4760 785 4827; x_wconf 89' lang='lat' dir='ltr'><strong>calamitate,</strong></span> <span class='ocrx_word' id='word_1_723' title='bbox 844 4767 1133 4822; x_wconf 90' lang='lat' dir='ltr'><strong>nocturnis</strong></span> <span class='ocrx_word' id='word_1_724' title='bbox 1208 4771 1374 4825; x_wconf 85' lang='lat' dir='ltr'><strong>veluti</strong></span> <span class='ocrx_word' id='word_1_725' title='bbox 1450 4774 1691 4829; x_wconf 86' lang='lat' dir='ltr'><strong>tenebris</strong></span> <span class='ocrx_word' id='word_1_726' title='bbox 1755 4781 2030 4850; x_wconf 88' lang='lat' dir='ltr'><strong>occupati,</strong></span> 
     </span>
    </p>
   </div>
   <div class='ocr_carea' id='block_1_97' title="bbox 457 4849 2032 4926">
    <p class='ocr_par' dir='ltr' id='par_1_97' title="bbox 457 4849 2032 4926">
     <span class='ocr_line' id='line_1_97' title="bbox 457 4849 2032 4926; baseline 0.015 -23"><span class='ocrx_word' id='word_1_727' title='bbox 457 4849 666 4906; x_wconf 82' lang='lat' dir='ltr'><strong>fraudis</strong></span> <span class='ocrx_word' id='word_1_728' title='bbox 690 4869 803 4908; x_wconf 69' lang='lat' dir='ltr'><strong>suae</strong></span> <span class='ocrx_word' id='word_1_729' title='bbox 843 4855 1034 4913; x_wconf 89' lang='lat' dir='ltr'><strong>inutile</strong></span> <span class='ocrx_word' id='word_1_730' title='bbox 1069 4860 1182 4926; x_wconf 89' lang='lat' dir='ltr'><strong>jam</strong></span> <span class='ocrx_word' id='word_1_731' title='bbox 1213 4864 1468 4918; x_wconf 84' lang='lat' dir='ltr'><strong>molimen</strong></span> <span class='ocrx_word' id='word_1_732' title='bbox 1491 4875 1799 4923; x_wconf 85' lang='lat' dir='ltr'><strong>cernentes.</strong></span> <span class='ocrx_word' id='word_1_733' title='bbox 1829 4888 1848 4920; x_wconf 82' lang='grc' dir='ltr'><strong>ι</strong></span> <span class='ocrx_word' id='word_1_734' title='bbox 1880 4849 2032 4926; x_wconf 75' lang='grc' dir='ltr'>Νοοῑί</span> 
     </span>
    </p>
   </div>
   <div class='ocr_carea' id='block_1_98' title="bbox 457 4943 2032 5016">
    <p class='ocr_par' dir='ltr' id='par_1_98' title="bbox 457 4943 2032 5016">
     <span class='ocr_line' id='line_1_98' title="bbox 457 4943 2032 5016; baseline 0.014 -22"><span class='ocrx_word' id='word_1_735' title='bbox 457 4943 755 4998; x_wconf 90' lang='lat' dir='ltr'><strong>assimilavi</strong></span> <span class='ocrx_word' id='word_1_736' title='bbox 809 4955 1035 5004; x_wconf 87' lang='lat' dir='ltr'><strong>matrem</strong></span> <span class='ocrx_word' id='word_1_737' title='bbox 1090 4960 1260 5006; x_wconf 90' lang='lat' dir='ltr'><strong>tuam.</strong></span> <span class='ocrx_word' id='word_1_738' title='bbox 1316 4973 1334 5004; x_wconf 69' lang='grc' dir='ltr'><strong>ι</strong></span> <span class='ocrx_word' id='word_1_739' title='bbox 1378 4956 1526 5010; x_wconf 67' lang='lat' dir='ltr'><strong>Adeo</strong></span> <span class='ocrx_word' id='word_1_740' title='bbox 1565 4961 1679 5012; x_wconf 74' lang='lat' dir='ltr'><strong>haec</strong></span> <span class='ocrx_word' id='word_1_741' title='bbox 1711 4962 1764 5012; x_wconf 89' lang='lat' dir='ltr'><strong>in</strong></span> <span class='ocrx_word' id='word_1_742' title='bbox 1814 4961 2032 5016; x_wconf 84' lang='lat' dir='ltr'><strong>inscitia</strong></span> 
     </span>
    </p>
   </div>
   <div class='ocr_carea' id='block_1_99' title="bbox 459 5041 1392 5110">
    <p class='ocr_par' dir='ltr' id='par_1_99' title="bbox 459 5041 1392 5110">
     <span class='ocr_line' id='line_1_99' title="bbox 459 5041 1392 5110; baseline 0.011 -23"><span class='ocrx_word' id='word_1_743' title='bbox 459 5041 622 5105; x_wconf 88' lang='lat' dir='ltr'><strong>atque</strong></span> <span class='ocrx_word' id='word_1_744' title='bbox 652 5051 838 5092; x_wconf 90' lang='lat' dir='ltr'><strong>errore</strong></span> <span class='ocrx_word' id='word_1_745' title='bbox 867 5054 1081 5110; x_wconf 89' lang='lat' dir='ltr'><strong>semper</strong></span> <span class='ocrx_word' id='word_1_746' title='bbox 1114 5048 1392 5099; x_wconf 85' lang='lat' dir='ltr'><strong>versatur!</strong></span> 
     </span>
    </p>
   </div>
   <div class='ocr_carea' id='block_1_100' title="bbox 530 5337 2030 5419">
    <p class='ocr_par' dir='ltr' id='par_1_100' title="bbox 530 5337 2030 5419">
     <span class='ocr_line' id='line_1_100' title="bbox 530 5337 2030 5419; baseline 0.009 -30"><span class='ocrx_word' id='word_1_747' title='bbox 530 5337 699 5394; x_wconf 73' lang='lat' dir='ltr'><strong>Vens.</strong></span> <span class='ocrx_word' id='word_1_748' title='bbox 727 5340 842 5396; x_wconf 80' lang='lat'><strong>6-8.</strong></span> <span class='ocrx_word' id='word_1_749' title='bbox 867 5374 936 5384; x_wconf 92' lang='lat'><strong>-—-</strong></span> <span class='ocrx_word' id='word_1_750' title='bbox 976 5362 995 5393; x_wconf 83' lang='grc' dir='ltr'><strong>ι</strong></span> <span class='ocrx_word' id='word_1_751' title='bbox 1027 5343 1193 5402; x_wconf 78' lang='lat' dir='ltr'><strong>Visus</strong></span> <span class='ocrx_word' id='word_1_752' title='bbox 1218 5356 1302 5405; x_wconf 89' lang='lat' dir='ltr'><strong>est</strong></span> <span class='ocrx_word' id='word_1_753' title='bbox 1325 5351 1560 5418; x_wconf 78' lang='lat' dir='ltr'><strong>populus</strong></span> <span class='ocrx_word' id='word_1_754' title='bbox 1594 5365 1745 5404; x_wconf 89' lang='lat' dir='ltr'><strong>meus</strong></span> <span class='ocrx_word' id='word_1_755' title='bbox 1774 5360 2030 5419; x_wconf 85' lang='lat' dir='ltr'><strong>tanquam</strong></span> 
     </span>
    </p>
   </div>
   <div class='ocr_carea' id='block_1_101' title="bbox 457 5431 2031 5508">
    <p class='ocr_par' dir='ltr' id='par_1_101' title="bbox 457 5431 2031 5508">
     <span class='ocr_line' id='line_1_101' title="bbox 457 5431 2031 5508; baseline 0.006 -25"><span class='ocrx_word' id='word_1_756' title='bbox 457 5445 569 5484; x_wconf 84' lang='lat' dir='ltr'><strong>non</strong></span> <span class='ocrx_word' id='word_1_757' title='bbox 607 5431 813 5487; x_wconf 88' lang='lat' dir='ltr'><strong>habens</strong></span> <span class='ocrx_word' id='word_1_758' title='bbox 844 5433 1150 5490; x_wconf 88' lang='lat' dir='ltr'><strong>scientiam.</strong></span> <span class='ocrx_word' id='word_1_759' title='bbox 1188 5457 1206 5490; x_wconf 74' lang='grc' dir='ltr'><strong>ι</strong></span> <span class='ocrx_word' id='word_1_760' title='bbox 1235 5436 1346 5494; x_wconf 81' lang='lat' dir='ltr'><strong>Vos</strong></span> <span class='ocrx_word' id='word_1_761' title='bbox 1385 5455 1602 5508; x_wconf 90' lang='lat' dir='ltr'><strong>quoque</strong></span> <span class='ocrx_word' id='word_1_762' title='bbox 1634 5440 1878 5508; x_wconf 85' lang='lat' dir='ltr'><strong>ejusdem</strong></span> <span class='ocrx_word' id='word_1_763' title='bbox 1908 5441 2031 5494; x_wconf 85' lang='lat' dir='ltr'><strong>imi-</strong></span> 
     </span>
    </p>
   </div>
   <div class='ocr_carea' id='block_1_102' title="bbox 456 5524 2032 5592">
    <p class='ocr_par' dir='ltr' id='par_1_102' title="bbox 456 5524 2032 5592">
     <span class='ocr_line' id='line_1_102' title="bbox 456 5524 2032 5592; baseline 0.005 -16"><span class='ocrx_word' id='word_1_764' title='bbox 456 5531 664 5578; x_wconf 87' lang='lat' dir='ltr'><strong>tatores</strong></span> <span class='ocrx_word' id='word_1_765' title='bbox 710 5524 861 5592; x_wconf 82' lang='lat' dir='ltr'><strong>facti,</strong></span> <span class='ocrx_word' id='word_1_766' title='bbox 915 5529 1118 5581; x_wconf 90' lang='lat' dir='ltr'><strong>nullam</strong></span> <span class='ocrx_word' id='word_1_767' title='bbox 1168 5530 1411 5585; x_wconf 74' lang='lat' dir='ltr'><strong>scientia:</strong></span> <span class='ocrx_word' id='word_1_768' title='bbox 1456 5548 1588 5585; x_wconf 84' lang='lat' dir='ltr'><strong>meae</strong></span> <span class='ocrx_word' id='word_1_769' title='bbox 1628 5533 1890 5586; x_wconf 88' lang='lat' dir='ltr'><strong>rationem</strong></span> <span class='ocrx_word' id='word_1_770' title='bbox 1931 5532 2032 5584; x_wconf 88' lang='lat' dir='ltr'><strong>ha-</strong></span> 
     </span>
    </p>
   </div>
   <div class='ocr_carea' id='block_1_103' title="bbox 459 5614 2030 5695">
    <p class='ocr_par' dir='ltr' id='par_1_103' title="bbox 459 5614 2030 5695">
     <span class='ocr_line' id='line_1_103' title="bbox 459 5614 2030 5695; baseline 0.006 -26"><span class='ocrx_word' id='word_1_771' title='bbox 459 5614 684 5671; x_wconf 86' lang='lat' dir='ltr'><strong>buistis.</strong></span> <span class='ocrx_word' id='word_1_772' title='bbox 716 5635 734 5669; x_wconf 83' lang='grc' dir='ltr'><strong>ι</strong></span> <span class='ocrx_word' id='word_1_773' title='bbox 778 5619 917 5684; x_wconf 88' lang='lat' dir='ltr'><strong>Quia</strong></span> <span class='ocrx_word' id='word_1_774' title='bbox 953 5633 1008 5676; x_wconf 89' lang='lat' dir='ltr'><strong>et</strong></span> <span class='ocrx_word' id='word_1_775' title='bbox 1041 5629 1096 5675; x_wconf 93' lang='lat' dir='ltr'><strong>tu</strong></span> <span class='ocrx_word' id='word_1_776' title='bbox 1126 5625 1376 5692; x_wconf 89' lang='lat' dir='ltr'><strong>repulisti</strong></span> <span class='ocrx_word' id='word_1_777' title='bbox 1419 5627 1728 5686; x_wconf 89' lang='lat' dir='ltr'><strong>scientiam,</strong></span> <span class='ocrx_word' id='word_1_778' title='bbox 1767 5625 2030 5695; x_wconf 85' lang='lat' dir='ltr'><strong>repellam</strong></span> 
     </span>
    </p>
   </div>
   <div class='ocr_carea' id='block_1_104' title="bbox 457 5713 2033 5787">
    <p class='ocr_par' dir='ltr' id='par_1_104' title="bbox 457 5713 2033 5787">
     <span class='ocr_line' id='line_1_104' title="bbox 457 5713 2033 5787; baseline 0.008 -28"><span class='ocrx_word' id='word_1_779' title='bbox 457 5713 515 5760; x_wconf 80' lang='lat' dir='ltr'><strong>te</strong></span> <span class='ocrx_word' id='word_1_780' title='bbox 549 5721 649 5774; x_wconf 74' lang='lat' dir='ltr'><strong>ego</strong></span> <span class='ocrx_word' id='word_1_781' title='bbox 689 5725 928 5780; x_wconf 89' lang='lat' dir='ltr'><strong>quoque,</strong></span> <span class='ocrx_word' id='word_1_782' title='bbox 967 5716 1260 5782; x_wconf 88' lang='lat' dir='ltr'><strong>quominus</strong></span> <span class='ocrx_word' id='word_1_783' title='bbox 1302 5719 1614 5772; x_wconf 90' lang='lat' dir='ltr'><strong>sacerdotio</strong></span> <span class='ocrx_word' id='word_1_784' title='bbox 1657 5718 1786 5770; x_wconf 89' lang='lat' dir='ltr'><strong>mihi</strong></span> <span class='ocrx_word' id='word_1_785' title='bbox 1837 5718 2033 5787; x_wconf 69' lang='lat' dir='ltr'><strong>[litiga-</strong></span> 
     </span>
    </p>
   </div>
   <div class='ocr_carea' id='block_1_105' title="bbox 457 5798 2032 5880">
    <p class='ocr_par' dir='ltr' id='par_1_105' title="bbox 457 5798 2032 5880">
     <span class='ocr_line' id='line_1_105' title="bbox 457 5798 2032 5880; baseline 0.009 -25"><span class='ocrx_word' id='word_1_786' title='bbox 457 5798 561 5855; x_wconf 75' lang='lat' dir='ltr'><strong>ris.</strong></span> <span class='ocrx_word' id='word_1_787' title='bbox 600 5819 618 5851; x_wconf 74' lang='grc' dir='ltr'><strong>ι</strong></span> <span class='ocrx_word' id='word_1_788' title='bbox 650 5800 824 5859; x_wconf 86' lang='lat' dir='ltr'><strong>Sicuti</strong></span> <span class='ocrx_word' id='word_1_789' title='bbox 847 5819 945 5860; x_wconf 88' lang='lat' dir='ltr'><strong>vos</strong></span> <span class='ocrx_word' id='word_1_790' title='bbox 974 5807 1261 5864; x_wconf 82' lang='lat' dir='ltr'><strong>scientiam</strong></span> <span class='ocrx_word' id='word_1_791' title='bbox 1284 5823 1458 5864; x_wconf 90' lang='lat' dir='ltr'><strong>meam</strong></span> <span class='ocrx_word' id='word_1_792' title='bbox 1499 5816 1679 5865; x_wconf 88' lang='lat' dir='ltr'><strong>mente</strong></span> <span class='ocrx_word' id='word_1_793' title='bbox 1713 5819 1890 5867; x_wconf 85' lang='lat' dir='ltr'><strong>vestra</strong></span> <span class='ocrx_word' id='word_1_794' title='bbox 1920 5812 2032 5880; x_wconf 85' lang='lat' dir='ltr'><strong>eje-</strong></span> 
     </span>
    </p>
   </div>
   <div class='ocr_carea' id='block_1_106' title="bbox 2129 4589 3714 4663">
    <p class='ocr_par' dir='ltr' id='par_1_106' title="bbox 2129 4589 3714 4663">
     <span class='ocr_line' id='line_1_106' title="bbox 2129 4589 3714 4663; baseline -0.003 -17"><span class='ocrx_word' id='word_1_795' title='bbox 2129 4595 2282 4663; x_wconf 86' lang='grc' dir='ltr'>νήσει</span> <span class='ocrx_word' id='word_1_796' title='bbox 2305 4592 2589 4662; x_wconf 81' lang='grc' dir='ltr'>προφήτης</span> <span class='ocrx_word' id='word_1_797' title='bbox 2621 4589 2758 4660; x_wconf 87' lang='grc' dir='ltr'><strong>μετά</strong></span> <span class='ocrx_word' id='word_1_798' title='bbox 2788 4589 2881 4642; x_wconf 91' lang='grc' dir='ltr'><strong>σοῦ</strong></span> <span class='ocrx_word' id='word_1_799' title='bbox 2909 4590 3121 4651; x_wconf 90' lang='grc' dir='ltr'>νυκτός.</span> <span class='ocrx_word' id='word_1_800' title='bbox 3147 4608 3163 4638; x_wconf 75' lang='grc' dir='ltr'><strong>ι</strong></span> <span class='ocrx_word' id='word_1_801' title='bbox 3183 4590 3290 4643; x_wconf 72' lang='grc' dir='ltr'><strong>Καὶ</strong></span> <span class='ocrx_word' id='word_1_802' title='bbox 3319 4590 3368 4642; x_wconf 79' lang='grc' dir='ltr'>οἱ</span> <span class='ocrx_word' id='word_1_803' title='bbox 3394 4591 3517 4650; x_wconf 83' lang='grc' dir='ltr'>ταῖς</span> <span class='ocrx_word' id='word_1_804' title='bbox 3543 4591 3714 4660; x_wconf 73' lang='grc' dir='ltr'>προρ-</span> 
     </span>
    </p>
   </div>
   <div class='ocr_carea' id='block_1_107' title="bbox 2136 4682 3716 4758">
    <p class='ocr_par' dir='ltr' id='par_1_107' title="bbox 2136 4682 3716 4758">
     <span class='ocr_line' id='line_1_107' title="bbox 2136 4682 3716 4758; baseline -0.004 -20"><span class='ocrx_word' id='word_1_805' title='bbox 2136 4688 2325 4758; x_wconf 78' lang='grc' dir='ltr'>ρήσεσι</span> <span class='ocrx_word' id='word_1_806' title='bbox 2353 4686 2409 4737; x_wconf 82' lang='grc' dir='ltr'><strong>δὲ</strong></span> <span class='ocrx_word' id='word_1_807' title='bbox 2437 4687 2545 4748; x_wconf 87' lang='grc' dir='ltr'>τοῖς</span> <span class='ocrx_word' id='word_1_808' title='bbox 2578 4683 2796 4752; x_wconf 73' lang='grc' dir='ltr'>ψευδέσι</span> <span class='ocrx_word' id='word_1_809' title='bbox 2840 4683 2976 4754; x_wconf 86' lang='grc' dir='ltr'>πρὸς</span> <span class='ocrx_word' id='word_1_810' title='bbox 3018 4683 3232 4752; x_wconf 87' lang='grc' dir='ltr'>ἀπάτην</span> <span class='ocrx_word' id='word_1_811' title='bbox 3261 4682 3414 4752; x_wconf 86' lang='grc' dir='ltr'>ὑμῶν</span> <span class='ocrx_word' id='word_1_812' title='bbox 3446 4682 3716 4754; x_wconf 84' lang='grc' dir='ltr'>πρότερον</span> 
     </span>
    </p>
   </div>
   <div class='ocr_carea' id='block_1_108' title="bbox 2132 4775 3712 4850">
    <p class='ocr_par' dir='ltr' id='par_1_108' title="bbox 2132 4775 3712 4850">
     <span class='ocr_line' id='line_1_108' title="bbox 2132 4775 3712 4850; baseline -0.004 -17"><span class='ocrx_word' id='word_1_813' title='bbox 2132 4779 2501 4850; x_wconf 85' lang='grc' dir='ltr'>κεχρημένοι,</span> <span class='ocrx_word' id='word_1_814' title='bbox 2553 4778 2611 4829; x_wconf 92' lang='grc' dir='ltr'><strong>ἐν</strong></span> <span class='ocrx_word' id='word_1_815' title='bbox 2642 4775 2897 4848; x_wconf 69' lang='grc' dir='ltr'>ἀσθενείᾳ</span> <span class='ocrx_word' id='word_1_816' title='bbox 2949 4777 3187 4829; x_wconf 82' lang='grc' dir='ltr'>πλεῖστοι</span> <span class='ocrx_word' id='word_1_817' title='bbox 3225 4776 3319 4829; x_wconf 77' lang='grc' dir='ltr'><strong>καὶ</strong></span> <span class='ocrx_word' id='word_1_818' title='bbox 3365 4775 3519 4829; x_wconf 71' lang='grc' dir='ltr'>αὐτοὶ</span> <span class='ocrx_word' id='word_1_819' title='bbox 3552 4777 3712 4845; x_wconf 81' lang='grc' dir='ltr'>γενή-</span> 
     </span>
    </p>
   </div>
   <div class='ocr_carea' id='block_1_109' title="bbox 2133 4867 3714 4940">
    <p class='ocr_par' dir='ltr' id='par_1_109' title="bbox 2133 4867 3714 4940">
     <span class='ocr_line' id='line_1_109' title="bbox 2133 4867 3714 4940; baseline -0.003 -15"><span class='ocrx_word' id='word_1_820' title='bbox 2133 4889 2314 4925; x_wconf 89' lang='grc' dir='ltr'>σονται</span> <span class='ocrx_word' id='word_1_821' title='bbox 2331 4889 2342 4900; x_wconf 91' lang='grc'><strong>·</strong></span> <span class='ocrx_word' id='word_1_822' title='bbox 2377 4870 2482 4922; x_wconf 80' lang='grc' dir='ltr'><strong>ὑπὸ</strong></span> <span class='ocrx_word' id='word_1_823' title='bbox 2501 4870 2599 4939; x_wconf 84' lang='grc' dir='ltr'>τῆς</span> <span class='ocrx_word' id='word_1_824' title='bbox 2620 4870 2959 4940; x_wconf 82' lang='grc' dir='ltr'>κατεχούσης</span> <span class='ocrx_word' id='word_1_825' title='bbox 2979 4870 3174 4931; x_wconf 78' lang='grc' dir='ltr'>αὐτοὺς</span> <span class='ocrx_word' id='word_1_826' title='bbox 3196 4886 3258 4922; x_wconf 91' lang='grc' dir='ltr'><strong>συ</strong></span> <span class='ocrx_word' id='word_1_827' title='bbox 3267 4870 3501 4939; x_wconf 80' lang='grc' dir='ltr'>μφοράς,</span> <span class='ocrx_word' id='word_1_828' title='bbox 3524 4867 3714 4936; x_wconf 79' lang='grc' dir='ltr'>ὥσπερ</span> 
     </span>
    </p>
   </div>
   <div class='ocr_carea' id='block_1_110' title="bbox 2135 4961 3713 5034">
    <p class='ocr_par' dir='ltr' id='par_1_110' title="bbox 2135 4961 3713 5034">
     <span class='ocr_line' id='line_1_110' title="bbox 2135 4961 3713 5034; baseline -0.002 -17"><span class='ocrx_word' id='word_1_829' title='bbox 2135 4962 2432 5034; x_wconf 82' lang='grc' dir='ltr'>νυκτερινῷ</span> <span class='ocrx_word' id='word_1_830' title='bbox 2460 4979 2564 5015; x_wconf 91' lang='grc' dir='ltr'>τινι</span> <span class='ocrx_word' id='word_1_831' title='bbox 2595 4962 3042 5032; x_wconf 77' lang='grc' dir='ltr'>περιϐαλλόμενοι</span> <span class='ocrx_word' id='word_1_832' title='bbox 3072 4962 3268 5032; x_wconf 84' lang='grc' dir='ltr'>σκότῳ,</span> <span class='ocrx_word' id='word_1_833' title='bbox 3306 4961 3400 5013; x_wconf 76' lang='grc' dir='ltr'>καὶ</span> <span class='ocrx_word' id='word_1_834' title='bbox 3443 4961 3546 5030; x_wconf 77' lang='grc' dir='ltr'><strong>τῆς</strong></span> <span class='ocrx_word' id='word_1_835' title='bbox 3573 4961 3713 5014; x_wconf 60' lang='grc' dir='ltr'>ἀπάρ</span> 
     </span>
    </p>
   </div>
   <div class='ocr_carea' id='block_1_111' title="bbox 2134 5053 3710 5127">
    <p class='ocr_par' dir='ltr' id='par_1_111' title="bbox 2134 5053 3710 5127">
     <span class='ocr_line' id='line_1_111' title="bbox 2134 5053 3710 5127; baseline -0.003 -17"><span class='ocrx_word' id='word_1_836' title='bbox 2134 5073 2234 5127; x_wconf 88' lang='grc' dir='ltr'><strong>της</strong></span> <span class='ocrx_word' id='word_1_837' title='bbox 2282 5055 2554 5125; x_wconf 81' lang='grc' dir='ltr'>ἄχρηστον</span> <span class='ocrx_word' id='word_1_838' title='bbox 2618 5054 2829 5117; x_wconf 78' lang='grc' dir='ltr'>ἑαυτοῖς</span> <span class='ocrx_word' id='word_1_839' title='bbox 2891 5053 2988 5123; x_wconf 86' lang='grc' dir='ltr'><strong>τὴν</strong></span> <span class='ocrx_word' id='word_1_840' title='bbox 3053 5054 3395 5125; x_wconf 84' lang='grc' dir='ltr'>ἐπιτήδευσιν</span> <span class='ocrx_word' id='word_1_841' title='bbox 3454 5053 3710 5123; x_wconf 84' lang='grc' dir='ltr'>ὁρῶντες.</span> 
     </span>
    </p>
   </div>
   <div class='ocr_carea' id='block_1_112' title="bbox 2142 5143 3713 5217">
    <p class='ocr_par' dir='ltr' id='par_1_112' title="bbox 2142 5143 3713 5217">
     <span class='ocr_line' id='line_1_112' title="bbox 2142 5143 3713 5217; baseline -0.004 -17"><span class='ocrx_word' id='word_1_842' title='bbox 2142 5170 2161 5200; x_wconf 76' lang='grc' dir='ltr'><strong>ι</strong></span> <span class='ocrx_word' id='word_1_843' title='bbox 2185 5149 2358 5202; x_wconf 78' lang='grc' dir='ltr'>Νυκτὶ</span> <span class='ocrx_word' id='word_1_844' title='bbox 2383 5146 2641 5217; x_wconf 83' lang='grc' dir='ltr'>ὡμοίωσα</span> <span class='ocrx_word' id='word_1_845' title='bbox 2669 5145 2768 5215; x_wconf 77' lang='grc' dir='ltr'>τὴν</span> <span class='ocrx_word' id='word_1_846' title='bbox 2797 5145 3005 5216; x_wconf 87' lang='grc' dir='ltr'>μητέρα</span> <span class='ocrx_word' id='word_1_847' title='bbox 3036 5163 3182 5201; x_wconf 80' lang='grc' dir='ltr'>σου.»</span> <span class='ocrx_word' id='word_1_848' title='bbox 3216 5143 3402 5207; x_wconf 85' lang='grc' dir='ltr'>υῦτως</span> <span class='ocrx_word' id='word_1_849' title='bbox 3431 5145 3488 5197; x_wconf 83' lang='grc' dir='ltr'><strong>ἐν</strong></span> <span class='ocrx_word' id='word_1_850' title='bbox 3523 5145 3713 5213; x_wconf 68' lang='grc' dir='ltr'>ἀγνοίᾳ</span> 
     </span>
    </p>
   </div>
   <div class='ocr_carea' id='block_1_113' title="bbox 2134 5238 2956 5310">
    <p class='ocr_par' dir='ltr' id='par_1_113' title="bbox 2134 5238 2956 5310">
     <span class='ocr_line' id='line_1_113' title="bbox 2134 5238 2956 5310; baseline -0.006 -14"><span class='ocrx_word' id='word_1_851' title='bbox 2134 5243 2230 5296; x_wconf 75' lang='grc' dir='ltr'><strong>καὶ</strong></span> <span class='ocrx_word' id='word_1_852' title='bbox 2258 5240 2437 5310; x_wconf 84' lang='grc' dir='ltr'>πλάνῃ</span> <span class='ocrx_word' id='word_1_853' title='bbox 2466 5238 2823 5292; x_wconf 88' lang='grc' dir='ltr'>καθεστῶσαν</span> <span class='ocrx_word' id='word_1_854' title='bbox 2849 5238 2956 5291; x_wconf 83' lang='grc' dir='ltr'>ἀεί.</span> 
     </span>
    </p>
   </div>
   <div class='ocr_carea' id='block_1_114' title="bbox 2205 5349 3710 5424">
    <p class='ocr_par' dir='ltr' id='par_1_114' title="bbox 2205 5349 3710 5424">
     <span class='ocr_line' id='line_1_114' title="bbox 2205 5349 3710 5424; baseline -0.003 -19"><span class='ocrx_word' id='word_1_855' title='bbox 2205 5353 2351 5422; x_wconf 89' lang='grc' dir='ltr'>Στίχ.</span> <span class='ocrx_word' id='word_1_856' title='bbox 2381 5359 2531 5424; x_wconf 69' lang='grc' dir='ltr'><strong>(ς’-η’.</strong></span> <span class='ocrx_word' id='word_1_857' title='bbox 2559 5383 2630 5391; x_wconf 88' lang='grc'><strong>-</strong></span> <span class='ocrx_word' id='word_1_858' title='bbox 2661 5371 2680 5402; x_wconf 82' lang='grc' dir='ltr'><strong>ι</strong></span> <span class='ocrx_word' id='word_1_859' title='bbox 2704 5349 2971 5421; x_wconf 85' lang='grc' dir='ltr'>Ὡμοιώθη</span> <span class='ocrx_word' id='word_1_860' title='bbox 3001 5352 3030 5404; x_wconf 89' lang='grc' dir='ltr'><strong>ό</strong></span> <span class='ocrx_word' id='word_1_861' title='bbox 3058 5351 3188 5414; x_wconf 92' lang='grc' dir='ltr'>λαός</span> <span class='ocrx_word' id='word_1_862' title='bbox 3221 5368 3318 5420; x_wconf 87' lang='grc' dir='ltr'><strong>μου</strong></span> <span class='ocrx_word' id='word_1_863' title='bbox 3348 5351 3422 5413; x_wconf 87' lang='grc' dir='ltr'>ὡς</span> <span class='ocrx_word' id='word_1_864' title='bbox 3450 5350 3555 5404; x_wconf 75' lang='grc' dir='ltr'>οὐκ</span> <span class='ocrx_word' id='word_1_865' title='bbox 3574 5349 3710 5421; x_wconf 80' lang='grc' dir='ltr'>ἔχων</span> 
     </span>
    </p>
   </div>
   <div class='ocr_carea' id='block_1_115' title="bbox 2133 5440 3708 5513">
    <p class='ocr_par' dir='ltr' id='par_1_115' title="bbox 2133 5440 3708 5513">
     <span class='ocr_line' id='line_1_115' title="bbox 2133 5440 3708 5513; baseline -0.004 -15"><span class='ocrx_word' id='word_1_866' title='bbox 2133 5444 2447 5512; x_wconf 87' lang='grc' dir='ltr'>ἐπίγνωσιν.</span> <span class='ocrx_word' id='word_1_867' title='bbox 2475 5463 2492 5492; x_wconf 78' lang='grc' dir='ltr'><strong>ι</strong></span> <span class='ocrx_word' id='word_1_868' title='bbox 2546 5441 2920 5513; x_wconf 83' lang='grc' dir='ltr'>Ἐμιμήσασθε</span> <span class='ocrx_word' id='word_1_869' title='bbox 2949 5441 3012 5512; x_wconf 85' lang='grc' dir='ltr'>δὴ</span> <span class='ocrx_word' id='word_1_870' title='bbox 3047 5441 3249 5512; x_wconf 87' lang='grc' dir='ltr'>ταύτην</span> <span class='ocrx_word' id='word_1_871' title='bbox 3284 5441 3376 5495; x_wconf 76' lang='grc' dir='ltr'><strong>καὶ</strong></span> <span class='ocrx_word' id='word_1_872' title='bbox 3411 5442 3593 5512; x_wconf 86' lang='grc' dir='ltr'>ὑμεῖς,</span> <span class='ocrx_word' id='word_1_873' title='bbox 3625 5440 3708 5494; x_wconf 80' lang='grc' dir='ltr'>ού-</span> 
     </span>
    </p>
   </div>
   <div class='ocr_carea' id='block_1_116' title="bbox 2132 5533 3708 5607">
    <p class='ocr_par' dir='ltr' id='par_1_116' title="bbox 2132 5533 3708 5607">
     <span class='ocr_line' id='line_1_116' title="bbox 2132 5533 3708 5607; baseline -0.004 -19"><span class='ocrx_word' id='word_1_874' title='bbox 2132 5537 2258 5589; x_wconf 86' lang='grc' dir='ltr'><strong>δένα</strong></span> <span class='ocrx_word' id='word_1_875' title='bbox 2290 5536 2388 5607; x_wconf 86' lang='grc' dir='ltr'>τῆς</span> <span class='ocrx_word' id='word_1_876' title='bbox 2421 5535 2766 5602; x_wconf 82' lang='grc' dir='ltr'>ἐπιγνώσεως</span> <span class='ocrx_word' id='word_1_877' title='bbox 2795 5535 2891 5604; x_wconf 77' lang='grc' dir='ltr'>τῆς</span> <span class='ocrx_word' id='word_1_878' title='bbox 2918 5534 3059 5604; x_wconf 81' lang='grc' dir='ltr'>ἐμῆς</span> <span class='ocrx_word' id='word_1_879' title='bbox 3089 5534 3302 5604; x_wconf 77' lang='grc' dir='ltr'>ἔχοντες</span> <span class='ocrx_word' id='word_1_880' title='bbox 3334 5533 3513 5598; x_wconf 87' lang='grc' dir='ltr'>λόγον.</span> <span class='ocrx_word' id='word_1_881' title='bbox 3556 5533 3708 5584; x_wconf 84' lang='grc' dir='ltr'>‹“Οτι</span> 
     </span>
    </p>
   </div>
   <div class='ocr_carea' id='block_1_117' title="bbox 2133 5624 3706 5700">
    <p class='ocr_par' dir='ltr' id='par_1_117' title="bbox 2133 5624 3706 5700">
     <span class='ocr_line' id='line_1_117' title="bbox 2133 5624 3706 5700; baseline -0.005 -15"><span class='ocrx_word' id='word_1_882' title='bbox 2133 5633 2227 5685; x_wconf 71' lang='grc' dir='ltr'><strong>καὶ</strong></span> <span class='ocrx_word' id='word_1_883' title='bbox 2251 5632 2313 5684; x_wconf 81' lang='grc' dir='ltr'><strong>σὺ</strong></span> <span class='ocrx_word' id='word_1_884' title='bbox 2345 5632 2638 5700; x_wconf 80' lang='grc' dir='ltr'>ἐπίγνωσιν</span> <span class='ocrx_word' id='word_1_885' title='bbox 2663 5629 2887 5691; x_wconf 82' lang='grc' dir='ltr'>ἀπώσω,</span> <span class='ocrx_word' id='word_1_886' title='bbox 2916 5627 3208 5698; x_wconf 84' lang='grc' dir='ltr'>ἀπώσομαί</span> <span class='ocrx_word' id='word_1_887' title='bbox 3245 5630 3318 5698; x_wconf 87' lang='lat' dir='ltr'><strong>(p.</strong></span> <span class='ocrx_word' id='word_1_888' title='bbox 3349 5628 3437 5696; x_wconf 75' lang='grc'><strong>51)</strong></span> <span class='ocrx_word' id='word_1_889' title='bbox 3471 5643 3532 5678; x_wconf 88' lang='grc' dir='ltr'><strong>σε</strong></span> <span class='ocrx_word' id='word_1_890' title='bbox 3557 5624 3706 5692; x_wconf 84' lang='grc' dir='ltr'>κάγὼ</span> 
     </span>
    </p>
   </div>
   <div class='ocr_carea' id='block_1_118' title="bbox 2133 5716 3709 5794">
    <p class='ocr_par' dir='ltr' id='par_1_118' title="bbox 2133 5716 3709 5794">
     <span class='ocr_line' id='line_1_118' title="bbox 2133 5716 3709 5794; baseline -0.006 -19"><span class='ocrx_word' id='word_1_891' title='bbox 2133 5721 2226 5775; x_wconf 87' lang='grc' dir='ltr'><strong>τοῦ</strong></span> <span class='ocrx_word' id='word_1_892' title='bbox 2267 5721 2342 5792; x_wconf 86' lang='grc' dir='ltr'>μὴ</span> <span class='ocrx_word' id='word_1_893' title='bbox 2376 5721 2671 5794; x_wconf 79' lang='grc' dir='ltr'>ἱερατεύειν</span> <span class='ocrx_word' id='word_1_894' title='bbox 2704 5739 2813 5790; x_wconf 88' lang='grc' dir='ltr'>μοι·</span> <span class='ocrx_word' id='word_1_895' title='bbox 2844 5739 2860 5770; x_wconf 79' lang='grc' dir='ltr'><strong>ι</strong></span> <span class='ocrx_word' id='word_1_896' title='bbox 2915 5718 3104 5790; x_wconf 85' lang='grc' dir='ltr'>ὥσπερ</span> <span class='ocrx_word' id='word_1_897' title='bbox 3137 5719 3194 5772; x_wconf 84' lang='grc' dir='ltr'><strong>δὲ</strong></span> <span class='ocrx_word' id='word_1_898' title='bbox 3223 5719 3378 5789; x_wconf 82' lang='grc' dir='ltr'>ὑμεῖς</span> <span class='ocrx_word' id='word_1_899' title='bbox 3405 5716 3709 5786; x_wconf 78' lang='grc' dir='ltr'>ἀποῦεὸλή-</span> 
     </span>
    </p>
   </div>
   <div class='ocr_carea' id='block_1_119' title="bbox 2139 5808 3709 5884">
    <p class='ocr_par' dir='ltr' id='par_1_119' title="bbox 2139 5808 3709 5884">
     <span class='ocr_line' id='line_1_119' title="bbox 2139 5808 3709 5884; baseline -0.003 -18"><span class='ocrx_word' id='word_1_900' title='bbox 2139 5829 2272 5866; x_wconf 84' lang='grc' dir='ltr'>κατε</span> <span class='ocrx_word' id='word_1_901' title='bbox 2314 5813 2412 5881; x_wconf 80' lang='grc' dir='ltr'><strong>τὴν</strong></span> <span class='ocrx_word' id='word_1_902' title='bbox 2451 5812 2651 5884; x_wconf 81' lang='grc' dir='ltr'>γνῶσιν</span> <span class='ocrx_word' id='word_1_903' title='bbox 2688 5811 2894 5867; x_wconf 75' lang='grc' dir='ltr'>ἑαυτῶν</span> <span class='ocrx_word' id='word_1_904' title='bbox 2940 5811 3038 5884; x_wconf 76' lang='grc' dir='ltr'><strong>τὴν</strong></span> <span class='ocrx_word' id='word_1_905' title='bbox 3069 5811 3226 5884; x_wconf 78' lang='grc' dir='ltr'>ἐμὴν,</span> <span class='ocrx_word' id='word_1_906' title='bbox 3257 5810 3397 5865; x_wconf 79' lang='grc' dir='ltr'>οὕτω</span> <span class='ocrx_word' id='word_1_907' title='bbox 3427 5808 3588 5880; x_wconf 78' lang='grc' dir='ltr'><strong>κάγὼ</strong></span> <span class='ocrx_word' id='word_1_908' title='bbox 3617 5809 3709 5876; x_wconf 82' lang='grc' dir='ltr'><strong>τῆς</strong></span> 
     </span>
    </p>
   </div>
  </div>
