3814 6224
163 272 237 325 litt
1152 268 1698 330 COMMENTARIUS

1840 264 2042 324 OSEIE
2083 264 2237 323 CAP.
2275 267 2367 323 ιν.

3250 251 3349 311 ιπη

158 386 262 459 περὶ
302 386 394 458 ἐμὲ
425 385 717 456 θεραπείας
753 386 895 459 ὑμᾶς
925 387 1157 457 ἐκϐαλῶ,
1206 389 1421 461 μακρὰν
1462 388 1551 442 διὰ
1580 387 1678 457 τῆς

1805 385 1957 447 :istis,
2006 386 2086 440 sic
2132 400 2232 455 ego
2260 395 2610 453 quoqtte‘vos
2645 376 2862 431 a'cultu
2906 386 3027 429 meo
3058 354 3351 443 expellam,

156 479 486 549 αἰχμαλωσίας
519 481 748 550 ποιήσας
777 479 887 531 τῶν
916 480 1113 542 τόπων,
1162 483 1220 533 ἐν
1268 477 1351 544 οἷς
1390 478 1686 549 ἱερατεύειν

158 572 272 640 ὑμᾶς
294 570 556 640 προσῆκον
578 567 649 641 ἦν
675 569 815 640 ἐμοί.
848 569 1019 623 Τοῦτο
1044 570 1191 637 λέγει
1219 571 1339 641 τδ,ι
1374 571 1687 643 ’Δπώσομαί

157 679 205 715 σε
226 661 305 714 τοῦ
339 660 408 731 μὴ
439 660 733 731 ἱερατεύειν
767 678 878 732 μοι.
906 682 923 713 ι
956 663 1174 733 Ἐπειδὴ
1192 661 1302 733 γὰρ
1318 662 1494 717 κοινὸν
1519 664 1689 716 ἀπάν-

154 768 242 805 των
264 751 441 821 κέρδος
467 754 499 821 ἡ
525 754 785 821 ἱερατεία,
816 754 996 818 καθὼς
1023 756 1052 807 ὁ
1080 756 1346 825 μακάριος
1374 755 1522 824 λέγει
1550 756 1690 809 Παύ-

156 836 243 901 λος,
272 836 349 890 διὰ
372 838 526 891 τοῦτο
555 840 755 908 ὀφείλει
783 841 972 914 ὥσπερ
996 843 1136 915 ὑπὲρ
1159 844 1373 909 ἑαυτοῦ,
1400 844 1574 909 οὕτως
1598 848 1690 899 καὶ

155 929 242 980 τῶν
281 928 366 981 τοῦ
423 928 553 982 λαοῦ
602 932 932 1002 προσφέρειν
990 934 1351 1005 ἀγνοημάτων
1388 955 1402 969 ·
1467 937 1691 1001 εἰκότως

157 1019 366 1082 ἅπαντας
393 1019 790 1075 ἀποὸάλλεσθαι
819 1023 918 1093 τῆς
952 1025 1251 1095 ἱερωσύνης
1276 1026 1444 1095 λέγει,
1475 1045 1688 1080 πεπαυ-

156 1110 297 1179 μένης
334 1111 580 1182 ἐκείνης·
630 1114 816 1185 ἐπειδὴ
855 1114 1045 1188 ὥσπερ
1085 1121 1342 1189 γινομένη
1372 1120 1550 1173 κοινὸν
1577 1116 1690 1190 εἶχε

152 1200 201 1253 τὺ
225 1201 415 1272 κέρδος,
445 1203 587 1256 οὓτω
611 1206 706 1257 καὶ
746 1208 1027 1278 παυομένη
1060 1209 1245 1280 κοινὴν
1292 1211 1546 1265 ἀποτελεί
1592 1214 1690 1283 τὴν

153 1291 347 1360 ζημίαν.
391 1295 538 1348 «Kal
565 1296 831 1351 ἐπελάθου
859 1299 1024 1369 νόμου
1053 1299 1187 1353 Θεοῦ
1213 1318 1328 1355 σου·
1366 1303 1691 1374 ἐπιλήσομαι

152 1379 327 1434 τέκνων
356 1400 447 1435 σου
477 1385 653 1454 κάγώ.
699 1407 717 1439 ι
784 1390 1329 1462 Παραλογισαμένους
1375 1393 1445 1446 τὰ
1487 1395 1694 1466 νόμιμα

152 1470 209 1521 τὰ
231 1472 346 1540 ἐμά,
372 1474 429 1527 ἐν
456 1475 631 1529 οὐδενὶ
660 1480 951 1551 ποιήσομαι
986 1481 1147 1552 λόγῳ.
1184 1502 1203 1533 ‹
1222 1484 1379 1538 Κατὰ
1404 1484 1465 1538 τὺ
1491 1486 1693 1557 πλῆθος

152 1560 325 1625 αὐτῶν,
354 1562 523 1628 οὔτως
550 1567 797 1638 ἦμαρτόν
829 1586 937 1639 μοι.
971 1590 990 1624 ι
1044 1572 1154 1624 Καὶ
1187 1574 1294 1644 γὰρ
1326 1575 1510 1628 πολλοί
1550 1594 1695 1641 τινες

152 1652 230 1702 καὶ
252 1654 599 1726 ἀναρίθμητοι
643 1657 731 1710 διὰ
776 1658 876 1729 τῆς
919 1661 1245 1731 κηδεμονίας
1274 1666 1560 1732 γεγονότες
1595 1668 1695 1736 τῆς

150 1742 300 1813 ἐμῆς,
342 1744 455 1798 δέον
495 1748 878 1816 ἐπιγινώσκειν
922 1753 1013 1805 τὸν
1056 1755 1260 1825 ταύτης
1304 1758 1487 1821 αὐτοῖς
1527 1760 1694 1813 αἴτιον
1727 1736 1766 1790 Β

151 1835 380 1923 γεγονότα
404 1837 505 1907 τῆς
538 1839 747 1911 δωρεᾶς
768 1859 781 1872 ·
831 1846 878 1897 οἱ
916 1844 971 1897 δὲ
997 1846 1258 1915 ἀνάλογον
1288 1849 1367 1920 τῷ
1395 1851 1589 1923 πλήθει
1619 1853 1696 1923 τῷ

150 1922 309 1993 οἰκείῳ
333 1924 428 1994 τὴν
456 1928 538 1990 είς
568 1930 667 1998 ἐμὲ
698 1932 1040 2002 παρανομίαν
1073 1934 1416 2000 ἐπεδείξαντο
1434 1977 1449 2000 ,
1492 1922 1697 2010 πολλήν

149 2029 252 2065 τινα
268 2017 355 2066 καὶ
376 2016 684 2090 ἀμέτρητον
709 2020 877 2092 αὐτὴν
898 2024 1279 2095 ἐργασάμενοι.
1310 2028 1374 2080 Τί
1395 2024 1519 2094 οὖν;
1557 2031 1696 2100 (Τὴν

150 2101 281 2168 δόξαν
308 2105 481 2159 αὐτῶν
508 2111 590 2171 είς
619 2110 842 2180 ἀτιμίαν
869 2111 1158 2183 θήσομαι.»
1202 2117 1334 2170 Ἀπὸ
1360 2118 1468 2171 τῶν
1501 2121 1695 2190 προτέ-

150 2212 243 2264 ρων
269 2196 483 2264 ἀγαθῶν
510 2201 592 2262 είς
620 2202 877 2271 χειρόνων
907 2207 1099 2275 πεῖραν
1124 2207 1319 2271 αὐτοὺς
1348 2212 1693 2281 καταστήσω.

152 2303 167 2333 ι
200 2287 490 2360 Ἀμαρτίας
520 2291 650 2344 λαοῦ
680 2310 780 2361 μου
813 2295 1095 2363 φάγονται.
1122 2317 1143 2351 ι
1191 2304 1269 2369 (p.
1302 2300 1392 2371 32)
1427 2301 1543 2355 Ἵνα
1570 2302 1698 2374 εἴπῃ

144 2377 233 2441 ὅτι,
275 2380 510 2436 Τοιαῦτα
536 2383 592 2436 δὲ
630 2386 659 2437 6
689 2385 817 2448 λαὸς
845 2389 873 2439 6
909 2387 1039 2459 ἐμὸς
1078 2392 1417 2463 ἡμαρτηκὼς
1463 2395 1542 2457 είς
1575 2394 1696 2465 ἐμὲ,

147 2468 383 2539 ἀνάλογον
416 2466 493 2526 ὧν
526 2475 793 2546 πεποίηκε
816 2477 1043 2548 λήψεται
1063 2482 1157 2535 τὸν
1184 2484 1415 2554 καρπόν·
1443 2484 1699 2538 τοιούτων

146 2560 435 2628 ἀπολαύσας
468 2566 717 2638 καρπῶν,
737 2564 826 2623 οἷά
851 2588 955 2642 περ
972 2571 1210 2644 ἔσπειρεο
1234 2575 1295 2628 τὸ
1319 2576 1427 2646 γὰρ
1447 2595 1466 2628 ι
1502 2575 1702 2648 Ἀμαρ-

146 2652 248 2716 πίας
283 2654 420 2722 λαοῦ,
453 2675 558 2727 μου
597 2659 878 2727 φάγονται,
912 2682 929 2713 ι
966 2665 1087 2718 ἀντὶ
1113 2665 1230 2729 τοῦ,
1265 2667 1533 2722 Τοιούτων
1562 2670 1701 2722 ἀπο-

148 2740 412 2801 λαύσουσιν
440 2752 492 2802 οἱ
527 2751 622 2804 τοῦ
649 2752 778 2806 λαοῦ
806 2772 909 2825 μου
941 2752 1029 2811 οἷά
1055 2775 1162 2830 περ
1192 2759 1457 2831 ἥμαρτον.

209 2915 345 2989 Στίχ.
385 2920 557 2975 θ’-ια⁹.
596 2954 668 2965 -
699 2944 719 2979 ‹
753 2928 862 2981 Καὶ
909 2930 965 2980 ἐν
1012 2931 1131 2993 ταῖς
1180 2931 1474 3002 ἁμαρτίαις
1522 2935 1702 2988 αὐτῶν

1788 476 1980 547 procul
2030 491 2128 529 vos
2164 483 2384 544 propter
2428 472 2794 542 captivitatem
2830 468 2897 522 ab
2948 467 3014 522 iis
3053 465 3189 519 locis
3224 463 3352 517 sab-

1789 581 2034 626 tnovens,
2072 566 2123 617 in
2156 564 2358 633 quibus
2393 577 2503 615 rem
2554 560 2687 614 tnihi
2733 572 2945 612 sacram
2989 571 3017 608 a
3047 554 3202 608 vobis
3238 550 3353 605 ﬁeri

1789 658 2146 712 constitutum
2178 656 2370 710 fuerat.
2407 653 2519 707 Hoc
2547 650 2853 721 signiﬁcant
2881 647 3067 712 verba,
3104 664 3121 697 ι
3161 643 3355 712 Repel-

1788 750 1894 802 lam
1933 758 1984 802 te
2022 749 2315 817 quominus
2349 742 2656 799 sacerdotio
2699 740 2944 809 fungaris
2975 736 3128 791 mihi.
3164 754 3182 786 ι
3219 732 3357 786 Nam

1790 841 1916 910 quia
1940 853 2231 893 commune
2262 838 2473 891 lucrum
2502 842 2586 888 est
2621 830 3006 890 sacerdotium,
3034 833 3194 897 prout
3227 825 3357 877 beas

1791 940 1879 986 tus
1912 930 2118 985 Paulus
2159 931 2257 992 ait,
2295 944 2356 983 ac
2407 939 2694 997 prOpterea
2735 923 2893 977 debet
2937 919 3193 974 sacerdos
3242 926 3357 968 tum

1793 1040 1890 1095 pro
1915 1038 1993 1087 se,
2014 1032 2125 1076 tum
2160 1022 2328 1076 etiam
2356 1035 2456 1090 pro
2486 1019 2669 1088 pepuli
2702 1014 3027 1086 ignorantiis
3063 1010 3259 1065 otl'erre
3281 1010 3353 1062 "z

1792 1118 1988 1171 merito
2054 1122 2285 1169 cunctos
2334 1115 2402 1168 de
2459 1110 2767 1167 sacerdotio
2819 1106 3017 1177 expelli
3080 1103 3232 1164 dicit,
3286 1101 3361 1155 si-

1791 1212 2011 1280 quando
2077 1212 2179 1264 hoc
2236 1208 2488 1263 desinit:
2537 1220 2662 1259 nam
2716 1202 2876 1258 sicuti
2937 1200 3064 1253 dum
3122 1197 3358 1259 exsistit,

1793 1316 2135 1355 communem
2172 1298 2371 1369 praebet
2414 1295 2731 1356 utilitatem,
2774 1292 2854 1347 sic
2899 1290 3175 1349 desinens,
3209 1302 3362 1339 com-

1793 1407 1954 1446 mune
1977 1393 2361 1446 detrimentum
2408 1387 2569 1458 parit.
2611 1404 2629 1436 ι
2678 1383 2745 1437 Ει
2786 1382 2948 1436 oblita
2990 1396 3049 1435 es
3099 1378 3232 1448 legis
3266 1376 3360 1428 Dei

1792 1484 1912 1549 tui;
1947 1482 2245 1537 obliviscar
2289 1480 2525 1534 ﬁliorum
2568 1485 2785 1531 tuorum
2827 1483 2880 1527 et
2928 1486 3050 1540 ego.
3090 1488 3108 1521 ι
3138 1469 3244 1522 Eos
3269 1466 3363 1536 qui

1795 1576 2033 1645 legitima
2095 1589 2216 1628 mea
2286 1569 2773 1641 transgredientur,
2841 1564 2994 1619 nihili
3059 1562 3361 1617 testimabo.

1802 1687 1820 1718 ι
1862 1666 2171 1721 Secundum
2205 1662 2612 1718 multitudinem
2657 1660 2759 1729 21
2811 1672 3022 1721 eorum,
3056 1657 3135 1709 sic
3176 1669 3366 1723 pecca-

1798 1767 1991 1811 verunt
2017 1756 2171 1810 mihi.
2217 1773 2234 1806 ι
2274 1754 2409 1808 Cum
2441 1751 2618 1817 multi,
2661 1752 2770 1803 imo
2816 1746 3262 1809 innumerabiles,
3294 1744 3365 1796 ob

1796 1847 2196 1919 providentiam
2253 1860 2428 1900 meam
2467 1843 2595 1897 facti
2630 1849 2833 1902 essent,
2871 1854 3082 1910 aequum
3119 1836 3367 1907 profecto

1798 1946 1937 2002 erat,
1971 1947 2029 1991 ιιι
2059 1938 2222 2006 hujus
2256 1936 2501 1991 muneris
2544 1942 2821 1988 auctorem
2862 1935 3282 2001 cognoscerent;
3312 1934 3367 1979 at

1796 2031 1875 2084 illi
1901 2036 2114 2093 contra,
2145 2044 2327 2099 parem
2353 2041 2582 2081 numero
2607 2040 2705 2080 suo
2729 2023 3070 2093 iniquitatem
3097 2021 3370 2075 adversus

1796 2141 1884 2180 me
1930 2132 2406 2194 exprompserunt,
2458 2121 2682 2175 multam
2732 2119 2941 2174 scilicet
2984 2125 3037 2171 et
3100 2114 3365 2169 infinitam

1796 2225 2099 2289 patrantes.
2141 2215 2281 2281 Quid
2324 2214 2498 2284 ergo?
2532 2233 2550 2264 ι
2590 2212 2827 2266 Gloriam
2874 2224 3061 2264 eorum
3113 2207 3166 2262 in
3212 2208 3366 2276 ignoo

1798 2306 2021 2361 miniam
2052 2304 2416 2359 eommutabo.
2465 2322 2483 2354 ι
2527 2303 2565 2355 A
2599 2301 2874 2371 prioribus
2903 2300 3063 2355 bonis
3101 2299 3365 2368 (Μήδειος,

1798 2399 1984 2469 pejora
2034 2396 2233 2451 faciam
2275 2396 2532 2465 experiri.
2572 2414 2588 2444 ι
2624 2394 2850 2448 Peccata
2893 2392 3075 2462 p0puli
3130 2391 3234 2444 mei
3268 2405 3366 2444 co-

1798 2490 2034 2543 medent.
2057 2508 2075 2540 »
2098 2486 2265 2554 Quasi
2281 2486 2449 2549 dicat,
2468 2485 2615 2537 Talia
2638 2484 2869 2554 pepulus
2886 2497 3038 2536 meus
3058 2496 3180 2535 cum
3205 2479 3259 2533 in
3284 2494 3369 2533 me

1801 2581 2121 2650 peccaverit,
2134 2592 2429 2648 congruum
2449 2575 2609 2631 factis
2621 2576 2735 2631 suis
2753 2573 2987 2628 fructum
3002 2571 3281 2643 percipiet;
3297 2578 3374 2624 ta-

1802 2672 1879 2727 les
1894 2687 2086 2741 nempe
2108 2671 2321 2725 fructus
2336 2669 2577 2739 capiens,
2597 2667 2757 2737 quale
2779 2681 2959 2721 semen
2979 2665 3128 2736 jecit,
3144 2663 3274 2716 Nam
3295 2664 3374 2717 lo-

1801 2764 1969 2827 cutio,
1989 2784 2007 2816 ι
2025 2763 2253 2818 Peccata
2272 2762 2455 2832 populi
2474 2762 2576 2815 mei
2602 2759 2904 2825 comedent,
2919 2777 2936 2808 ι
2960 2757 3181 2827 perinde
3195 2765 3275 2811 est
3292 2763 3375 2807 at-

1803 2870 1928 2923 que,
1947 2854 2170 2909 Talibus
2184 2852 2463 2923 perfuetur
2480 2851 2708 2920 populus
2724 2865 2897 2912 meus,
2911 2848 3087 2917 qualia
3104 2846 3370 2917 peccavit.

1881 2947 2044 3001 VERS.
2086 2946 2237 2999 9-H.
2276 2973 2346 2984 -—
2375 2961 2394 2993 ι
2432 2940 2497 2994 Et
2529 2925 3005 3008 indniquitatihus
3049 2953 3237 2992 corum
3283 2950 3382 2989 ac-

149 3003 383 3123 λήψονται
412 3012 566 3123 alus:
585 3015 763 3123 φυχάς
789 3018 984 3073 αὐτῶν.
1027 3039 1046 3071 ι
1090 3022 1258 3093 ’Υπὲρ
1282 3024 1389 3095 γὰρ
1419 3018 1495 3078 ὧν
1520 3028 1701 3098 ἡμάρ-

1807 3039 2012 3108 cipient
2053 3034 2145 3088 alii
2180 3033 2396 3086 animas
2426 3030 2689 3098 ipsorum.
2728 3047 2744 3079 ι
2782 3026 3026 3095 Namque
3049 3026 3118 3079 ob
3160 3038 3221 3078 ea
3254 3036 3381 3091 qua:

150 3112 288 3151 τανον
312 3101 391 3165 είς
435 3105 561 3173 ἐμὲ,
593 3106 662 3159 δι’
694 3108 895 3181 ἐτέρων
929 3110 1156 3164 δώσουσι
1181 3113 1335 3184 δίκην
1359 3115 1466 3167 τῶν
1492 3117 1702 3171 ἐπιέναι

153 3189 431 3253 μελλόντων
471 3198 660 3260 αὐτοῖς
711 3200 1003 3271 πολεμίων.
1041 3222 1060 3254 ‹
1113 3205 1223 3257 Καὶ
1259 3204 1407 3258 ἔσται
1454 3207 1634 3271 καθὼς
1678 3211 1709 3261 6

150 3277 278 3345 λαὸς,
307 3283 479 3349 οὕτως
530 3291 624 3341 καὶ
659 3291 688 3343 6
723 3290 917 3362 ἱερεύς.
962 3313 980 3344 ι
1036 3296 1124 3348 Ἐν
1172 3295 1408 3369 τοσαύτῃ
1451 3299 1709 3367 συγχύσει

150 3387 198 3421 τε
219 3375 304 3426 καὶ
338 3380 600 3448 συμφορᾷ
630 3380 718 3433 διὰ
748 3382 845 3451 τῆς
868 3384 1242 3454 αίχμαλωσίας
1268 3388 1605 3457 γενήσονται,
1633 3391 1709 3454 ὡς

154 3462 270 3559 μηδὲ
317 3467 446 3535 μίαν
479 3465 624 3523 εἶναι
677 3473 1048 3543 ίερατεύοντός
1092 3494 1152 3530 τε
1193 3480 1288 3532 καὶ
1331 3480 1427 3534 τοῦ
1467 3482 1570 3534 ὑπὸ
1617 3482 1709 3552 τὴν

155 3556 433 3655 ἱερωσύνην
474 3559 739 3630 διαφοράν
759 3579 772 3592 ·
806 3563 899 3617 ἅτε
942 3567 1171 3639 μηδενὸς¹
1202 3571 1301 3639 μὲν
1335 3571 1443 3624 τῶν
1474 3572 1532 3624 ὲν
1566 3573 1711 3643 te?“

152 3647 406 3749 rita-Gai;
466 3655 853 3723 προσηκόντων
887 3661 1169 3729 γινομένου
1213 3664 1355 3725 τότε,
1392 3667 1610 3718 πάντων
1653 3664 1709 3717 δὲ

151 3742 205 3803 τῇ
232 3742 324 3805 τῆς
359 3742 742 3811 αἰχμαλωσίας
771 3751 1023 3819 συμφορᾷ
1061 3753 1456 3822 περικειμένων
1487 3755 1713 3825 ὁμοίως.

158 3841 173 3871 ‹
214 3826 314 3878 Καὶ
340 3829 617 3900 ἐκδικήσω
643 3836 727 3886 ἐπ’
754 3836 947 3900 αὐτοὺς
978 3838 1077 3903 τὰς
1113 3840 1261 3905 ὁδοὺς
1293 3843 1492 3909 αὐτῶν,
1520 3838 1713 3898 καὶ’τὰ

152 3914 409 3975 caecam
458 3923 641 3978 αὐτῶν
686 3914 1049 3983 ἀνταποδώσω
1084 3934 1285 3999 αὐτοῖς.
1324 3955 1342 3987 ι
1391 3936 1711 4009 Τιμωρήσω

157 4019 243 4070 μαι
262 4008 365 4079 γὰρ
399 4012 600 4075 αὐτοὺς
624 4015 859 4084 ἀνάλογα
888 4013 969 4082 οἷς
994 4038 1053 4074 τε
1081 4022 1424 4079 ἐϐουλεύοντο
1449 4008 1714 4083 ἐπιτελεῖν

155 4100 243 4199 καί
275 4105 605 4199 προῄρηντο.
652 4127 670 4159 ι
702 4109 812 4162 Καὶ
850 4112 1112 4180 φάγονται
1150 4118 1243 4171 καὶ
1287 4121 1348 4173 οὐ
1389 4121 1464 4191 μὴ
1505 4124 1716 4195 ἐμπλη-

158 4186 353 4288 σθωσιν.
392 4212 410 4242 ι
454 4195 765 4249 Ἀπαυστον
788 4199 967 4264 ἕξουσι
1008 4203 1116 4257 τῶν
1148 4207 1332 4261 κακῶν
1497 4186 1709 4282 πεῖραν,

156 4278 229 4330 ἀεὶ
252 4283 360 4345 τοῖς
402 4284 643 4355 πρώτοις
686 4291 1124 4362 προστιθεμένων
1171 4278 1501 4369 ἐτέρωνοήέκ
1554 4278 1718 4370 μεταέ

1810 3131 1865 3185 in
1902 3144 1986 3183 me
2027 3130 2348 3195 peccarunt,
2391 3123 2653 3175 ultionem
2700 3120 2771 3173 ab
2800 3120 2922 3173 aliis
2970 3119 3251 3188 patientur
3277 3115 3376 3170 ho-

1809 3221 2009 3282 stibus,
2035 3218 2128 3288 qui
2165 3220 2518 3283 consurgent.
2550 3232 2567 3263 ι
2606 3210 2671 3264 Et
2700 3211 2805 3265 erit
2837 3209 2979 3264 sicut
3011 3208 3263 3278 populus,
3296 3205 3376 3259 sic

1809 3310 2086 3368 sacerdos.
2120 3328 2139 3360 ι
2171 3308 2225 3361 In
2252 3304 2634 3359 confusionem
2658 3310 2865 3355 tantam
2899 3299 3377 3366 calamitatemque

1809 3401 2099 3458 devenient
2129 3407 2352 3468 propter
2382 3394 2779 3464 captivitatem,
2811 3400 2870 3445 ut
2899 3390 3046 3443 nulla
3079 3389 3150 3443 sit
3189 3403 3381 3443 sacer-

1812 3494 1958 3548 dotis
2002 3492 2071 3545 ab
2107 3505 2174 3545 eo
2205 3490 2299 3557 qui
2346 3488 2451 3541 sub
2498 3485 2809 3542 sacerdotio
2851 3490 2935 3537 est
2972 3480 3374 3550 discrepantia;

1811 3589 2083 3653 quatenus
2147 3578 2284 3631 nihil
2333 3584 2465 3629 tunc
2519 3574 2595 3628 ad'
2634 3572 2969 3628 sacerdotale
3012 3568 3397 3623 ministerium-

1812 3672 2096 3743 pertinens
2128 3669 2236 3729 lict,
2271 3666 2488 3721 cunctis
2520 3664 2799 3722 servitutis
2838 3660 3137 3716 infortunio
3170 3658 3396 3713 inimico

1812 3771 1998 3817 renter
2041 3760 2333 3829 correptis.
2371 3777 2393 3808 ιη
2423 3757 2488 3811 Ει
2522 3756 2761 3811 ulciscar
2795 3768 2958 3823 super
2994 3766 3090 3806 eos
3133 3752 3248 3806 vias
3281 3764 3395 3805 eo»

1813 3870 1958 3917 rum,
2004 3861 2057 3907 et
2104 3852 2461 3921 cogitationes
2507 3863 2697 3902 eorum
2750 3847 2973 3900 reddam
3021 3844 3175 3914 ipsis.
3209 3861 3228 3895 ι
3270 3842 3379 3897 Pun

1814 3950 1961 4002 niam
1994 3960 2090 4000 eos
2125 3958 2368 4013 congrua
2423 3943 2529 4005 his,
2581 3956 2702 4011 quite
2746 3939 3056 4009 cogitarunt
3093 3937 3268 3990 facere
3315 3949 3380 3988 ac

1814 4040 2124 4099 voluerunt,
2157 4034 2419 4089 vindicta.
2459 4051 2477 4083 ι
2511 4032 2575 4085 Ει
2610 4031 2915 4090 comedent,
2963 4038 3019 4084 et
3064 4044 3172 4082 non
3205 4026 3382 4095 reple-

1816 4132 2040 4184 buntur.
2080 4148 2099 4179 ι
2131 4128 2513 4181 lndesinentcr
2547 4125 2689 4177 mala
2721 4122 3092 4191 experientur,
3123 4119 3245 4173 aliis
3274 4119 3381 4171 alia

1817 4221 2238 4291 excipientibus.
2276 4218 2461 4272 Utitur
2492 4223 2672 4269 autem
2709 4214 3026 4281 metaphora
3056 4226 3243 4265 eorum
3285 4210 3379 4278 qui

1819 4313 2159 4367 comestione
2186 4324 2293 4362 non
2323 4307 2528 4371 satiati,
2564 4320 2761 4359 rursus
2801 4303 3127 4359 comedunt:
3158 4310 3215 4352 ut
3237 4301 3383 4354 dicat

156 4379 309 4443 φορεῖς
337 4379 471 4431 αὐτὸ
512 4379 681 4432 εἰπὼν
728 4382 834 4434 τῶν
875 4384 1041 4437 ἐπειδ’
1091 4385 1157 4439 ἂν
1205 4392 1468 4457 φαγόντες
1502 4393 1575 4463 μὴ
1623 4412 1704 4446 κο·

1822 4401 1943 4457 fore
1993 4408 2052 4454 ut
2101 4399 2155 4453 hi
2202 4400 2365 4452 etiam
2414 4397 2556 4450 mala
2608 4393 2995 4461 experiantur;
3046 4400 3099 4445 et
3142 4390 3407 4460 peractis.

158 4465 424 4534 ρεσθῶσιν,
464 4469 749 4524 ἐσθιόντων
799 4473 985 4527 πάλιν·
1013 4476 1098 4529 ἵνα
1131 4479 1261 4551 εἴπῃ
1307 4482 1388 4533 ὅτι
1431 4486 1526 4536 καὶ
1571 4479 1716 4537 οὗτοι

159 4556 209 4607 ἐν
236 4560 395 4631 πείρᾳ
422 4564 741 4633 γενήσονται
769 4566 878 4618 τῶν
915 4568 1098 4621 κακῶν
1120 4587 1132 4599 ·
1168 4575 1262 4624 καὶ
1288 4572 1393 4624 τῶν
1437 4576 1714 4646 προτέρων

157 4653 460 4749 γεγονότων,
493 4656 598 4749 Δ(ι).
633 4656 722 4725 33)
769 4658 930 4710 πάλιν
959 4660 1111 4713 ἔσται
1154 4661 1378 4732 δεύτερα
1403 4680 1415 4692 ·
1448 4668 1615 4737 πέρας
1657 4669 1715 4723 δὲ

156 4744 252 4792 τῶν
280 4744 615 4815 γιγνομένων
651 4749 750 4801 ούκ
769 4748 918 4802 ἔσται
942 4768 955 4781 ’
982 4751 1041 4804 τὸ
1068 4753 1176 4823 γὰρ
1199 4773 1218 4805 ‹
1251 4757 1512 4823 φάγονται
1549 4778 1566 4809 ι
1594 4762 1717 4814 κάν-

158 4831 315 4886 ταῦθα
328 4831 481 4889 εἶπεν
496 4837 570 4901 ὠς
584 4838 642 4891 ὲν
662 4842 772 4903 τοῖς
787 4841 1078 4911 ἀνωτέροις
1098 4863 1116 4895 ‹
1139 4844 1436 4917 Ἀμαρτίας
1460 4848 1587 4901 λαοῦ
1614 4868 1715 4920 μου

160 4923 426 4990 φάγονται,
469 4947 490 4979 ι
529 4929 649 4982 ἀντὶ
694 4930 810 4993 τοῦ,
860 4934 1305 5006 Πειραθήσονται.
1352 4959 1370 4989 ι
1434 4941 1719 5011 Ἐπὸρνευ-

162 5031 249 5065 σαν
276 5018 365 5069 καὶ
385 5020 445 5071 ού
479 5020 555 5089 μὴ
577 5022 1026 5077 κατευθυνθῶσιν.
1062 5045 1080 5076 ι
1115 5026 1330 5098 Ἐπειδὴ
1351 5030 1455 5101 γὰρ
1476 5033 1717 5104 ἀπέστη-

163 5113 252 5159 σαν
296 5127 393 5178 μου
419 5113 720 5179 παντελῶς,
747 5115 898 5168 οὐδὲν
929 5119 1111 5181 αὐτοῖς
1148 5120 1227 5182 εἰς
1257 5121 1374 5173 δέον
1403 5122 1716 5192 ἐκϐήσεται.

170 5216 184 5244 ι
212 5200 345 5254 Διότι
386 5202 478 5254 τὸν
523 5204 724 5277 Κύριον
771 5208 1146 5275 ἐγκατέλιπον,
1192 5211 1283 5265 τοῦ
1324 5213 1549 5282 φυλάξαι
1589 5234 1720 5287 πορ-

166 5289 330 5342 νείαν·
370 5294 464 5346 καὶ
506 5291 643 5348 οἶνον
670 5298 764 5350 καὶ
810 5299 1059 5370 μέθυσμα
1105 5302 1319 5369 ἐδέξατο
1355 5305 1548 5375 καρδία
1592 5307 1733 5361 λαοῦ.

172 5397 279 5446 μου.
312 5402 332 5433 ι
376 5386 772 5459 Ἀμελήσαντες
802 5391 910 5461 γὰρ
951 5392 1043 5446 τοῦ
1071 5394 1226 5447 Θείου
1256 5396 1552 5462 παντελῶς,
1593 5399 1722 5452 πολ-

1821 4492 2121 4564 prioribus,
2174 4490 2289 4544 fore
2335 4496 2394 4540 ut
2443 4486 2748 4557 posteriora
2801 4480 3384 4553 superveniantznul-

1821 4586 2042 4653 lumque
2071 4582 2233 4634 tinem
2268 4577 2583 4646 impositum
2612 4576 2699 4628 iri.
2730 4573 2863 4627 Nam
2895 4572 3116 4626 verbum
3152 4590 3169 4621 ι
3202 4585 3405 4624 οοιιιεηΔ

1823 4672 1954 4728 dent
1986 4691 2005 4724 ι
2041 4670 2132 4723 hic
2162 4669 2290 4722 item
2322 4682 2388 4720 eo
2418 4680 2581 4719 sensu
2606 4664 2740 4717 dicit
2768 4678 2877 4732 quo
2902 4663 2958 4715 in
2983 4660 3407 4730 superioribus,

1819 4782 1839 4815 ι
1879 4774 2101 4832 peccata
2152 4757 2338 4828 populi
2390 4755 2495 4811 mei
2531 4753 2841 4818 comedent,
2876 4773 2901 4806 »ν
2946 4752 2999 4807 id
3045 4760 3148 4813 est,
3203 4751 3384 4820 Expe-

1817 4858 2046 4911 rientur.
2098 4873 2115 4904 ι
2149 4851 2432 4905 Fornieati
2476 4858 2625 4910 sunt,
2662 4857 2711 4902 ct
2750 4862 2858 4900 non
2891 4854 3040 4900 recte
3082 4844 3318 4899 eiscrit.
3358 4862 3378 4894 ι

1819 4946 1951 4998 Nam
1987 4942 2115 5012 quia
2157 4957 2185 4993 a
2222 4956 2307 4994 me
2330 4939 2554 4992 omnino
2586 4942 2965 4997 recesserunt,
2985 4933 3122 4988 nihil
3153 4934 3221 4987 iis
3248 4931 3387 4987 bene

1820 5036 2056 5093 eveniet.
2117 5051 2133 5083 ι
2176 5031 2443 5097 Quoniam
2491 5030 2781 5084 Dominum
2808 5029 2918 5096 22
2951 5028 3384 5095 dereliquetunt,

1822 5140 1882 5185 ut
1928 5126 2251 5184 foruicando
2288 5125 2634 5178 inhaererent.
2682 5120 3151 5183 Fornicationetn,
3194 5118 3384 5171 vinum

1818 5228 1873 5275 et
1923 5219 2246 5272 ebrietatem
2294 5230 2389 5268 cor
2431 5214 2637 5283 populi.
2676 5213 2779 5266 mei
2839 5212 3071 5279 excepit.
3111 5230 3149 5261 ι-
3177 5207 3388 5276 Quippe

1822 5310 1932 5364 Deo
1959 5323 2185 5378 prorsus
2218 5309 2491 5376 neglecto,
2523 5306 2746 5358 multam
2785 5302 2933 5356 circa
2966 5301 3237 5355 idolorum
3266 5297 3389 5351 dili-

1823 5404 2061 5473 gentiam
2092 5406 2550 5469 exprompserunt
2582 5415 2595 5449 :
2633 5396 2769 5449 adeo
2793 5405 2853 5448 ut
2881 5394 3039 5448 malis
3068 5392 3284 5455 ebriati,
3321 5406 3389 5445 ne

171 5473 256 5580 31v
278 5474 587 5545 ἐπιμέλειαν
631 5482 731 5548 τῆς
759 5500 823 5534 πε
835 5485 885 5551 pi.
908 5484 975 5536 τὰ
1003 5486 1192 5539 εἴδωλα
1237 5489 1516 5543 ἐποιοῦντο
1561 5507 1704 5544 σπου¹

1825 5506 2046 5546 sensum
2073 5489 2289 5559 quidem
2324 5488 2631 5557 iniquitatis
2661 5502 2779 5540 sute
2805 5485 3059 5539 habeant.

170 5559 285 5633 ﬁt"
326 5585 463 5625 ωπε
519 5574 813 5642 μεθύοντας
868 5582 1061 5643 uino-3.;
1101 5583 1212 5646 τοῖς
1260 5586 1477 5651 κακοῖς,
1541 5584 1674 5655 μηδὲ
1719 5584 1983 5655 αἴσθησιν.
2014 5583 2112 5654 τῆς
2135 5581 2476 5653 παρανομίας
2503 5579 2687 5634 λοιπὸν
2716 5578 2982 5650 ἔχειντῆς
3019 5576 3171 5643 ἰδίας.

240 5728 277 5759 ⁸⁸
310 5733 469 5787 Hebr.
506 5753 600 5791 vn.
632 5740 715 5791 19..
