3814 6224
353 350 374 406 Ω

438 248 537 306 151

1643 261 1733 318 ΤΗ
1742 263 1993 321 EODORI
2043 265 2525 330 MOPSUESTENI

3581 281 3692 338 15?.

504 361 674 420 Vna.
706 364 896 422 ‘12-“.
930 395 1002 407 -—-
1035 386 1053 420 ι
1085 370 1145 424 In
1175 372 1440 442 auspiciis
1477 373 1911 448 interrogabant,
1953 397 1982 435 e

2183 386 2328 457 Στίχ.
2381 387 2561 458 tamen
2595 419 2667 430 —
2698 409 2717 443 ι
2744 378 2855 446 ”Εν
2907 392 3197 463 συμϐόλοις
3243 391 3561 464 ἐπηρώτων,
3588 396 3689 449 καὶ

433 454 490 510 in
546 455 720 528 virgis
769 459 886 514 suis
946 462 1349 517 annuntiabant
1403 465 1475 521 ei.
1510 484 1528 516 ι
1585 466 1752 532 More,
1809 470 2003 541 inquit,

431 546 780 604 ethnicorum
824 552 1078 621 agebant,
1120 554 1214 624 qui
1258 555 1536 614 daemones
1569 560 2003 633 interrOgabant,

431 641 548 696 sive
574 642 770 698 horum
811 647 1150 715 sacerdotes,
1183 666 1249 705 ex
1280 653 1541 722 auspiciis
1573 654 1789 713 discere
1815 659 2003 714 volen-

428 737 514 787 tes
543 749 665 803 quae
693 734 828 804 ipsis
856 751 997 807 opus
1028 751 1182 795 erant
1217 761 1229 795 :
1259 757 1491 813 quorum
1522 755 1641 800 erat
1663 753 2005 806 consuetudo

429 831 490 877 ut
526 825 696 895 virgis
718 827 1050 897 quibusdam
1077 841 1314 899 utentes,
1340 832 1716 894 fraudulenter
1743 841 1810 892 ad
1836 841 2005 896 inter-

428 921 619 982 rogata
653 918 1066 986 responderent.
1100 939 1119 972 ι
1152 919 1394 993 Spiritus
1427 924 1812 986 fornicationis
1837 931 2002 987 dece-

432 1002 511 1073 pit
534 1019 652 1071 eos,
681 1017 735 1061 et
764 1007 1020 1065 fornicati
1051 1024 1180 1068 sunt
1220 1029 1251 1068 a
1283 1015 1395 1072 Deo
1429 1032 1546 1073 suo.
1576 1039 1594 1072 ι
1629 1020 2000 1077 Fornicariam

429 1092 695 1151 habentes
718 1106 979 1164 mentem,
1014 1103 1084 1158 ad
1111 1120 1356 1162 errorem
1385 1123 1416 1163 a
1437 1107 1549 1164 Deo
1575 1127 1804 1182 prorsus
1823 1117 2000 1170 aversi

426 1187 858 1248 declinaverunt.
896 1213 915 1246 ι
951 1196 1129 1267 Super
1154 1203 1390 1257 vertices
1415 1205 1681 1260 montium
1715 1207 1998 1262 sacrifica.-

421 1277 574 1344 bant,
610 1288 665 1335 et
697 1297 865 1352 super
890 1284 1062 1341 colles
1090 1289 1463 1347 accendebant
1496 1293 1796 1366 thymiama
1828 1315 1842 1354 :
1868 1299 2000 1353 sub-

413 1375 513 1438 tus
559 1385 826 1440 quercum
863 1384 918 1430 et
953 1378 1216 1447 populum
1248 1388 1304 1435 et
1347 1383 1664 1442 umbrosam
1717 1387 1994 1454 arborem,

420 1458 551 1528 quia
584 1460 788 1517 bonum
828 1475 946 1520 erat
977 1468 1380 1524 umbraculum.
1418 1490 1440 1524 ›
1473 1471 1679 1532 Deinde
1725 1477 1794 1532 ad
1839 1492 1997 1532 mon-

416 1557 506 1607 tes
537 1553 814 1625 collesque
843 1559 1160 1624 currebant,
1196 1561 1384 1632 ibique
1412 1563 1753 1622 daemonibus
1783 1568 1996 1623 sacrifi-

418 1641 506 1695 cia
557 1643 864 1712 faciebant,
927 1664 1266 1722 magnasque
1316 1661 1372 1708 et
1424 1656 1715 1713 umbrosas
1770 1659 1993 1716 arbores

2111 477 2170 530 ὲν
2222 479 2433 549 ῥάϐδοις
2480 479 2643 534 αὑτοῦ
2677 481 3015 552 ἀπήγγελλον
3067 484 3235 555 αὐτῷ.
3274 503 3294 536 ι
3343 486 3411 537 "A
3436 485 3579 540 κατὰ
3622 485 3689 539 τὸ

2122 567 2431 640 Ἑλληνικὸν
2449 571 2570 635 έθος
2602 574 2841 640 ἐποίουν,
2873 573 3040 639 λέγει,
3063 577 3212 629 ὄτιοί
3250 577 3348 646 μὲν
3385 577 3688 649 ἐπηρώτων

2107 663 2234 724 τοὺς
2258 662 2536 732 δαίμονας.
2578 664 2688 718 εἴτε
2719 666 2846 728 τοὺς
2885 665 3088 720 τούτων
3129 668 3330 739 ἱερέας,
3364 668 3452 722 διὰ
3482 667 3690 738 συμϐό-

2107 754 2214 810 λων
2247 757 2536 828 μανθάνειν
2564 758 2894 831 βουλόμενοι,
2920 759 2972 813 τί
2994 760 3103 813 τῶν
3131 762 3314 824 αὐτοῖς
3351 761 3684 830 ἀναγκαίων

2105 848 2157 901 οἳ
2206 848 2347 902 κατὰ
2393 849 2453 902 τὸ
2501 850 2692 914 εἰωθὸς
2751 851 2933 914 αὐτοῖς
2975 852 3189 922 ῥάϐδοις
3239 853 3350 904 τισὶ
3400 853 3687 924 κεχρημέ-

2106 953 2185 992 νοι
2254 937 2391 1008 μετὰ
2435 938 2652 1011 ἀπάτης
2691 941 2803 993 τῶν
2868 941 3187 1012 ἐρωτήσεων
3244 943 3344 1012 τὴν
3391 943 3689 1014 ἀπόκρισιν

2104 1030 2408 1084 ἐποιοῦντο.
2442 1049 2462 1082 ι
2496 1031 2774 1103 Πνεύματι
2821 1033 3077 1103 πορνείας
3138 1033 3537 1106 ἐπλανήθησαν,
3586 1039 3688 1090 καὶ

2104 1119 2499 1193 ἐξεπόρνευσαν
2517 1124 2626 1176 ἀπὸ
2647 1121 2740 1176 τοῦ
2768 1122 2904 1176 Θεοῦ
2924 1123 3124 1178 αὐτῶν.
3163 1143 3181 1176 ›
3214 1126 3450 1197 Πορνικῇ
3477 1128 3690 1200 χρησά-

2106 1231 2256 1285 μενοι
2307 1214 2522 1289 γνώμῃ,
2579 1217 2716 1288 πρὸς
2760 1216 2969 1288 πλάνην
3017 1213 3154 1271 εἶδον
3209 1219 3541 1284 ἀποστάντες
3583 1221 3688 1275 τοῦ

2101 1306 2238 1360 Θεοῦ
2269 1307 2565 1372 παντελῶς.
2607 1329 2627 1362 ι
2671 1311 2794 1364 Ἐπὶ
2815 1312 2914 1376 τὰς
2945 1311 3190 1381 κορυφὰς
3223 1311 3331 1366 τῶν
3361 1313 3530 1383 ὀρέων
3556 1313 3687 1367 ὲθυ-

2103 1397 2306 1462 σίαζον,
2339 1397 2415 1469 (p.
2457 1400 2549 1472 34)
2585 1401 2678 1454 καὶ
2715 1401 2807 1453 ἐπὶ
2834 1401 2959 1464 τοὺς
3001 1401 3222 1471 βουνοὺς
3248 1403 3400 1458 ἔθυον
3421 1403 3691 1456 ὑποκάτω

2098 1489 2258 1561 δρυὸς
2282 1492 2376 1544 καὶ
2401 1491 2600 1562 λεύκης
2623 1493 2716 1546 καὶ
2735 1492 2952 1564 δένδρου
2983 1493 3384 1559 συσκιάζοντος,
3405 1496 3485 1548 ὅτι
3514 1495 3694 1550 καλὸν

2100 1581 2298 1652 σκέπη.
2323 1603 2343 1635 ι
2366 1578 2500 1637 Εἶτα
2521 1584 2611 1637 ἐπὶ
2639 1585 2710 1638 τὰ
2737 1585 2837 1656 δρη
2865 1601 2926 1638 τε
2952 1586 3190 1648 καὶτοὺς
3220 1586 3440 1657 βουνοὺς
3466 1587 3697 1657 ἀνέτρε-

2099 1693 2212 1744 χον,
2256 1676 2440 1730 αύτόθι
2479 1677 2669 1740 θυσίας
2714 1678 3085 1743 ἐπιτελοῦντες
3137 1682 3250 1743 τοῖς
3296 1681 3552 1750 δαίμοσιο
3586 1681 3692 1732 καὶ

417 1733 752 1804 deligebam,
787 1737 876 1792 ubi
909 1753 1044 1795 suas
1070 1743 1459 1810 perversitates
1491 1757 1850 1818 peragerent;
1891 1765 1986 1804 ma.

2117 1733 2331 1837 ίένδρων
2359 1769 2426 1823 τὰ
2473 1733 2683 1841 μεγάλα
2712 1788 2772 1824 τε
2813 1773 2908 1825 καὶ
2935 1733 3131 1826 σύσκια
3177 1733 3541 1845 ἐκλεγόμενοι,
3577 1775 3690 1828 αύ-

417 1838 586 1893 gnum
611 1826 742 1896 quid
775 1834 829 1883 et
861 1837 1113 1886 sanctum
1141 1839 1404 1902 putantes
1431 1851 1555 1892 esse
1587 1839 1847 1894 arborum
1883 1855 2000 1894 am-

416 1916 745 1984 plitudinem
777 1934 842 1976 ac
883 1921 1234 1990 densitatem,
1280 1934 1336 1981 et
1380 1942 1496 1984 sua:
1537 1929 1805 2001 impietati
1847 1947 1998 1988 com-

415 2007 642 2063 modum
695 2011 1098 2070 existimantes.
1161 2033 1181 2068 ι
1212 2016 1342 2074 ideo
1402 2019 1823 2077 fornicabuntur
1874 2024 1998 2078 tiliae

361 2137 366 2149 .
414 2105 630 2163 vestra-2,
676 2109 730 2155 et
770 2116 989 2172 sponsae
1031 2112 1224 2162 vestra:
1261 2108 1525 2165 adultera:
1555 2119 1737 2166 erunt.
1783 2112 1850 2167 Et
1885 2129 1996 2169 non

411 2193 649 2251 visitabo
671 2212 838 2265 super
864 2200 1004 2255 filias
1034 2209 1252 2258 vestras
1292 2219 1418 2259 cum
1454 2204 1662 2262 fuerint
1687 2205 1992 2275 fornicata,

410 2294 468 2342 et
495 2301 662 2358 super
688 2304 924 2360 sponsas
953 2303 1168 2350 vestras
1192 2310 1318 2350 cum
1354 2295 1787 2354 adulteraverint
1819 2318 1832 2355 :
1859 2316 1993 2370 quo~

409 2377 560 2432 niam
585 2387 642 2434 et
680 2379 787 2451 ipsi
819 2396 944 2436 cum
984 2384 1372 2440 meretricibus
1402 2389 1894 2456 conversabantur,
1939 2399 1994 2447 et

407 2483 536 2525 cum
588 2471 820 2528 initiatis
863 2474 1244 2532 immolabant.
1292 2477 1360 2531 Et
1405 2481 1643 2549 p0pulus
1677 2481 1993 2552 intelligens

409 2563 728 2618 adhaerebat
760 2565 1058 2620 meretrici.
1097 2583 1116 2618 ι
1150 2565 1360 2637 Dignas
1388 2570 1607 2627 delictis
1639 2573 1843 2627 vestris
1873 2587 1993 2643 pte-

406 2670 511 2710 nas
533 2655 760 2722 dabitis,
787 2671 914 2712 cum
939 2659 1096 2714 vobis
1123 2661 1278 2729 potiti
1307 2662 1516 2726 hostes,
1547 2664 1767 2719 filiabus
1792 2666 1991 2721 vestris

406 2759 475 2800 ac
501 2747 764 2803 uxoribus
794 2756 988 2819 stupra
1031 2749 1295 2817 inferent,
1325 2767 1560 2822 quorum
1591 2769 1692 2824 ego
1717 2755 1990 2811 factorum

407 2839 617 2893 nullam
678 2855 862 2911 geram
917 2841 1384 2912 sollicitudinem;
1435 2846 1567 2916 quia
1631 2849 1828 2904 merito
1872 2848 1990 2904 haec

405 2932 712 3002 patiemini,
748 2934 841 3003 qui
875 2933 983 3004 23
1017 2934 1320 2991 fornicario
1369 2954 1558 2994 errore
1596 2955 1696 2996 vos
1744 2941 1988 2996 irrctivi-

407 3021 531 3086 stis,
582 3021 938 3092 conjurantes
983 3026 1178 3094 simul,
1206 3035 1266 3081 ut
1308 3043 1395 3084 me
1427 3028 1692 3084 derelicto
1734 3031 1802 3084 ad
1841 3031 1986 3086 idola
2016 3102 2056 3122 ﬂ
2089 3021 2185 3103 καί),
2217 3021 2438 3122 νδμφάς
2458 3067 2472 3084 .

406 3113 716 3180 accedatis;
752 3115 808 3169 in
829 3123 1062 3184 tantum,
1099 3125 1160 3172 ut
1186 3120 1339 3174 multi
1370 3136 1438 3176 ex
1465 3122 1622 3178 vobis
1650 3125 1986 3182 constitutas
2014 3102 2056 3160 ϐ

404 3220 624 3277 quoque
653 3207 797 3279 apud
841 3211 1095 3267 ethnicos
1135 3212 1474 3269 initiationes
1511 3217 1885 3286 susceperint,
1931 3227 1988 3274 et

405 3299 677 3355 sacriﬁcia
717 3300 805 3358 his
843 3311 1107 3358 consueta
1142 3310 1406 3375 tanquam
1447 3321 1546 3375 pro
1576 3307 1770 3376 grandi
1802 3309 1986 3379 aliquo

401 3389 547 3445 bono
572 3401 858 3461 peragant.
890 3395 1076 3464 Atque
1103 3403 1164 3448 ut
1198 3396 1513 3450 summatim
1549 3397 1823 3466 dicamus,
1861 3401 1987 3454 uni-

401 3495 600 3538 versus
678 3485 937 3554 populus,
976 3487 1069 3556 qui
1128 3487 1368 3542 maxime
1418 3489 1665 3542 omnium
1725 3491 1987 3547 cordatus

401 3589 528 3629 esse
563 3575 848 3642 debuerat,
885 3586 940 3633 et
989 3577 1161 3635 Deum
1201 3594 1301 3635 ceu
1352 3581 1632 3651 proprium
1679 3592 1984 3639 creatorem

400 3677 721 3734 agnoscere,
767 3665 990 3721 illorum
1031 3668 1349 3723 societatem
1399 3668 1662 3738 praetulit,
1709 3669 1803 3739 qu’i
1839 3669 1986 3726 hanc

399 3753 707 3825 improbam
743 3757 1306 3830 intemperantemque
1341 3758 1765 3816 fornicationem
1801 3769 1986 3832 patra-

397 3846 554 3911 hant,
597 3863 628 3902 a
675 3847 789 3904 Deo
839 3852 1042 3918 aversi,
1079 3859 1136 3907 et
1184 3851 1533 3909 daemonibus
1575 3854 1788 3909 cultum
1829 3853 1986 3910 exhi-

398 3937 616 3994 Dentes.

470 4223 640 4283 Vens.
675 4227 856 4284 l5-l9.
881 4260 949 4270 —
978 4249 998 4282 ι
1035 4229 1118 4286 'l‘u
1154 4246 1304 4298 vero,
1329 4233 1515 4300 Israel,
1538 4251 1608 4290 ne
1631 4236 1870 4307 ignores,
1902 4244 1978 4303 et,

395 4314 537 4372 Juda
570 4333 642 4372 ne
676 4320 917 4390 pergatis
955 4321 1008 4375 in
1041 4320 1287 4393 Galgala,
1323 4340 1500 4394 neque
1533 4326 1590 4380 in
1631 4327 1854 4382 domum
1895 4328 1978 4382 0n

2098 1864 2214 1918 τόθι
2241 1864 2339 1935 τὴν
2379 1866 2595 1937 ἀπάτην
2626 1867 2898 1938 ἐπλήρουν
2928 1868 3027 1939 τὴν
3072 1869 3296 1934 οἰκείαν,
3332 1869 3473 1938 μέγα
3499 1885 3553 1921 τι
3584 1867 3694 1921 καὶ

2099 1955 2293 2025 σεμνὸν
2315 1955 2622 2026 νομίζοντες
2644 1952 2783 2010 εῖναι
2807 1958 2868 2011 τὸ
2904 1959 3133 2029 μέγεθος
3163 1961 3262 2030 τῆς
3297 1959 3406 2013 ἀπὺ
3431 1959 3538 2012 τῶν
3565 1958 3689 2012 δέν-

2095 2046 2236 2117 δρων
2276 2048 2464 2109 σκιᾶς·
2491 2047 2629 2101 ὥστε
2664 2049 2760 2102 καὶ
2790 2050 2925 2120 πρὸς
2957 2049 3054 2121 τὴν
3084 2051 3336 2104 ἀσέϐειαν
3360 2050 3691 2122 ἐπιτηδείως

2094 2138 2240 2210 ἔχειν
2287 2139 2426 2194 αὐτὰ
2478 2142 2738 2211 νομίζειν.
2777 2161 2796 2194 ι
2844 2143 2944 2197 Διὰ
2991 2144 3150 2197 τοῦτο
3194 2143 3582 2216 πορνεύσουσιν
3623 2142 3688 2196 αἱ

2095 2231 2392 2304 θυγατέρες
2424 2233 2596 2304 ὑμῶν,
2629 2236 2723 2287 καὶ
2761 2236 2817 2288 αί
2855 2235 3062 2308 νύμφαι
3094 2236 3247 2308 ὑμῶν
3294 2237 3644 2308 μοιχεύσουσι
3665 2253 3686 2270 ο

2091 2325 2185 2378 καὶ
2225 2325 2284 2377 οὐ
2322 2325 2395 2394 μὴ
2439 2325 2819 2397 ἐπισκέψωμαι
2872 2328 2962 2381 ἐπὶ
3002 2327 3103 2391 τὰς
3141 2329 3356 2400 νύμφας
3409 2329 3564 2399 ὑμῶν
3600 2330 3685 2380 ὅτ’

2091 2409 2160 2464 ἂν
2207 2411 2565 2483 πορνεύσωσι,
2619 2413 2714 2466 καί¹
2753 2415 2847 2468 ἐπὶ
2905 2415 3004 2479 τὰς
3034 2416 3253 2487 νύμφας
3301 2417 3455 2489 ὑμῶν
3502 2419 3585 2473 ὅτ’
3613 2417 3690 2473 ἄν

2094 2500 2452 2570 μοιχεύσωσιν
2474 2518 2489 2534 ο
2527 2503 2610 2555 ὅτι
2648 2503 2745 2556 καὶ
2776 2504 2928 2558 αύτοί¹
2963 2505 3102 2576 μετὰ
3139 2507 3249 2560 τῶν
3293 2507 3504 2579 πορνῶν
3552 2525 3688 2561 συν-

2089 2593 2366 2664 εφέροντο,
2400 2596 2494 2648 καὶ
2525 2594 2662 2665 μετὰ
2704 2596 2814 2650 τῶν
2842 2599 3240 2669 τετελεσμένων
3284 2600 3438 2655 ἔθυον
3458 2618 3472 2632 σ
3518 2603 3618 2655 καὶ
3654 2605 3690 2657 ὁ

2087 2683 2214 2748 λαὸς
2234 2687 2263 2738 ὁ
2294 2685 2368 2755 ('5)
2399 2686 2596 2741 συνιὼν
2620 2689 2975 2744 συνεπλέκετο
2999 2691 3138 2761 μετὰ
3181 2691 3406 2762 πόρνης.
3454 2711 3474 2742 ι
3523 2692 3690 2746 Ἀναο

2087 2775 2278 2846 λόγους
2315 2777 2378 2850 δὴ
2416 2781 2530 2842 τοῖς
2573 2779 3006 2852 πλημμελήμασι
3052 2783 3164 2844 τοῖς
3213 2782 3432 2845 οἰκείοις
3472 2780 3685 2835 δώσετε

2085 2865 2186 2929 τὰς
2221 2867 2376 2931 δίκας
2395 2884 2410 2898 ·
2441 2869 2610 2923 ὲπειδ’
2649 2870 2716 2923 ἂν
2751 2871 3121 2943 κατασχόντες
3145 2871 3300 2944 ὑμῶν
3324 2874 3374 2924 οἰ
3401 2871 3684 2943 πολέμιοι,

2087 2959 2166 3022 είς
2191 2957 2290 3023 τὰς
2333 2961 2716 3032 προσηκούσας
2749 2963 2877 3032 ὑμῖν
2917 2961 3221 3034 θυγατέρας
3249 2980 3309 3016 τε
3343 2962 3686 3034 ἐξυϐρίζωσι

2506 3046 2582 3107 ὧν
2614 3053 2912 3123 γινομένων
2936 3055 3125 3108 ούδένα
3147 3057 3444 3127 ποιήσομαι
3477 3054 3642 3124 λόγον
3665 3071 3683 3084 ’

2090 3141 2318 3213 ἐπείπερ
2357 3141 2579 3206 δικαίως
2617 3144 2933 3213 ὑπομενεῖτε
2982 3143 3175 3207 ταῦτα,
3209 3145 3585 3216 συμφυρέντες
3616 3161 3686 3198 τε

2087 3234 2153 3302 τῇ
2185 3235 2414 3304 πορνικῇ
2442 3233 2639 3307 πλάνῃ,
2670 3235 2765 3288 καὶ
2810 3236 3095 3289 κοινωνίαν
3128 3238 3487 3308 ποιησάμενοι
3537 3238 3688 3308 πρὸς

2087 3320 2350 3392 ἀλλήλους
2393 3323 2487 3375 ἐπὶ
2521 3325 2598 3394 τῷ
2632 3325 2952 3379 καταλιπεῖν
2993 3327 3092 3396 μὲν
3131 3326 3253 3396 ἐμὲ,
3295 3327 3592 3398 προσέχειν
3623 3328 3688 3382 δὲ

2085 3415 2200 3475 τοῖς
2243 3412 2518 3477 εἰδώλοις·
2571 3414 2646 3484 (ρ.
2691 3415 2781 3485 55)
2825 3416 2967 3470 ὥστε
3007 3417 3278 3472 τελεῖσθαι
3312 3418 3412 3489 μὲν
3447 3419 3690 3483 πολλοὺς

2086 3504 2145 3569 ἐξ
2175 3505 2329 3575 ὑμῶν
2359 3505 2458 3576 τὴν
2492 3508 2644 3578 παρὰ
2677 3509 2792 3572 τοῖς
2819 3508 3045 3580 Ἕλλησι
3097 3512 3494 3582 νενομισμένην
3532 3512 3685 3582 μύη-

2088 3612 2201 3649 σιν·
2243 3597 2430 3660 θυσίας
2469 3599 2516 3651 δ’
2545 3600 2632 3652 ἐπ’
2659 3599 2887 3663 ἐκείνοις
2922 3601 2999 3664 ὡς
3023 3602 3163 3672 ὑπὲρ
3206 3604 3478 3672 μεγίστων
3511 3605 3688 3658 τινῶν

2087 3689 2352 3742 ἐπιτελεῖν
2377 3688 2597 3758 ἀγαθῶν
2616 3707 2632 3722 ’
2661 3690 2808 3754 ἅπας
2830 3709 2911 3757 τε,
2950 3694 3228 3764 συντόμως
3258 3697 3455 3760 εἰπεῖν,
3491 3696 3523 3747 ὁ
3550 3697 3687 3761 λαὸς

2084 3782 2114 3833 ὁ
2143 3780 2375 3853 μάλιστα
2414 3781 2630 3836 πάντων
2661 3782 2900 3836 συνιέναι
2925 3783 2987 3836 τὸ
3013 3783 3132 3837 δέον
3164 3783 3394 3853 ὀφείλων
3413 3786 3510 3839 καὶ
3544 3785 3691 3839 Θεὸν

2085 3847 2464 3938 ἐπιγινώσκειν
2490 3870 2582 3924 τὸν
2613 3872 2804 3924 ἑαυτοῦ
2832 3873 3078 3944 ποιητὴν,
3105 3874 3207 3944 τὴν
3240 3875 3380 3944 μετὰ
3415 3875 3688 3929 τοιούτων

2084 3961 2258 4014 εοιετο
2297 3963 2578 4016 κοινωνίαν
2609 3964 2658 4016 οἳ
2703 3963 2804 4034 τὴν
2843 3965 3125 4036 μοχθηρὰν
3169 3965 3375 4036 ταύτην
3415 3966 3511 4018 καὶ
3549 3967 3682 4019 ἀκὸο

2084 4052 2278 4107 λαστον
2299 4052 2576 4119 ὲξετέλουν
2598 4055 2873 4126 πορνείαν,
2890 4055 3027 4108 Θεοῦ
3056 4056 3153 4126 μὲν
3169 4041 3540 4120 άποστάντες,
3570 4059 3687 4112 δαί-

2087 4161 2213 4215 μοσι
2239 4143 2297 4197 δὲ
2325 4145 2751 4215 προσανέχοντες
2783 4145 3100 4217 θεραπείαν.

2153 4234 2300 4304 Στίχ.
2340 4233 2519 4286 ιε’-ιϐ’.
2547 4263 2618 4274 --
2651 4253 2671 4287 ι
2720 4235 2791 4287 Σὺ
2815 4235 2895 4300 δὲ,
2929 4234 3164 4306 Ἰσραὴλ,
3200 4235 3273 4306 μὴ
3314 4237 3521 4305 ἀγνόει,
3583 4238 3690 4292 καὶ

2095 4325 2264 4377 Ἰούδα
2298 4325 2372 4394 μὴ
2403 4324 2787 4395 είσπορεύεσθε
2818 4327 2897 4388 εἰς
2919 4326 3193 4393 Γάλγαλα,
3219 4327 3311 4379 καὶ
3346 4328 3422 4397 μὴ
3451 4328 3687 4381 ἀναϐαί-

395 4410 727 4474 ascendatis,
759 4419 814 4464 et
852 4427 920 4466 ne
943 4412 1148 4480 juretis
1177 4416 1448 4470 viventem
1488 4415 1796 4473 Dominum.
1833 4439 1854 4473 ›
1899 4418 1979 4474 Ne

2117 4432 2200 4469 ετε
2237 4418 2316 4479 εἱς
2349 4417 2442 4469 τὸν
2483 4412 2630 4470 οἷκον
2669 4417 2782 4480 Ὢν,
2819 4418 2915 4470 καὶ
2951 4417 3027 4486 μὴ
3065 4401 3294 4488 ὀμνύετε
3339 4417 3521 4481 ζῶντα
3561 4419 3682 4473 Κύ-

394 4499 501 4566 sic,
551 4501 800 4570 inquam,
871 4518 1064 4560 omnes
1115 4506 1358 4575 pessimo
1419 4507 1680 4566 laboretis
1746 4511 1979 4568 inscitia:

2123 4525 2219 4563 ιον.
2257 4528 2278 4561 ι
2317 4509 2476 4564 Ἀλλὰ
2515 4509 2626 4580 γὰρ
2662 4510 2736 4580 μὴ
2770 4508 2914 4563 οὓτω
2945 4511 3147 4573 πάντες
3189 4511 3435 4581 χαλεπὴν
3466 4515 3683 4566 νοσεῖτε

392 4593 606 4660 morbo,
639 4601 699 4647 ut
727 4593 784 4649 in
828 4593 1050 4666 Galgala
1094 4597 1162 4651 ad
1195 4598 1534 4655 adorandum
1562 4602 1800 4660 veniatis
1844 4620 1979 4661 con-

393 4682 646 4738 stitutum
686 4685 801 4740 illic
841 4687 1084 4754 idolum;
1123 4696 1179 4742 et
1225 4690 1501 4747 simuletis
1537 4693 1811 4751 honorare
1851 4702 1978 4750 tan-

393 4791 562 4846 quam
593 4785 856 4832 aeternum
882 4779 1032 4834 illum
1067 4781 1162 4851 qui
1191 4797 1354 4837 verus
1390 4783 1533 4840 Deus
1564 4800 1674 4841 non
1704 4795 1809 4842 est.
1836 4788 1975 4843 Cum

394 4866 543 4922 scire
570 4878 840 4938 oporteat,
887 4871 1231 4941 impossibile
1269 4890 1392 4931 esse
1430 4875 1548 4932 haec
1581 4877 1746 4932 simul
1790 4879 1975 4935 consi-

393 4964 583 5013 sterc:
614 4959 786 5014 multa
838 4963 982 5017 enim
1031 4975 1115 5020 est
1155 4964 1465 5023 differentia
1513 4970 1706 5024 :eterni
1761 4969 1857 5026 Dei
1900 4971 1971 5026 ab

391 5047 564 5113 idolo,
601 5051 744 5120 quod
791 5052 908 5108 heri
948 5070 1146 5112 manus
1185 5059 1468 5114 hominum
1511 5060 1971 5118 fabricaverunt:

392 5142 785 5216 confltentique
827 5154 1092 5203 aeternum
1135 5152 1302 5206 Deum
1349 5169 1578 5223 prorsus
1633 5169 1757 5210 esse
1797 5155 1970 5210 absti-

391 5233 630 5287 nendum
660 5235 729 5290 ab
755 5235 824 5292 iis
868 5237 962 5307 qui
993 5238 1120 5294 ﬁcte
1151 5239 1290 5296 hanc
1321 5252 1519 5312 gerunt
1546 5243 1826 5299 obtrusam
1873 5258 1972 5314 ap-

391 5325 734 5395 pellationem
765 5347 778 5384 :
810 5330 1120 5400 cujusmodi
1167 5340 1251 5388 est
1293 5334 1377 5388 0n
1408 5334 1637 5400 idolum,
1678 5335 1839 5406 cujus
1889 5337 1970 5392 fa-

392 5429 522 5470 num
556 5417 740 5485 aditis,
768 5420 914 5476 haud
948 5422 1366 5479 convenientem
1403 5425 1454 5480 ei
1479 5426 1685 5480 cultum
1719 5426 1971 5483 deferen-

391 5516 494 5562 tes.
519 5525 538 5558 ι
563 5507 831 5573 Quoniam
853 5513 997 5568 sicut
1020 5529 1188 5569 vacca
1231 5515 1370 5570 asilo
1392 5531 1677 5586 percussa,
1710 5519 1970 5574 insanivit

387 5597 576 5654 Israel.
604 5620 624 5654 ι
664 5601 855 5659 Vaccae
885 5607 1060 5663 instar
1087 5609 1357 5665 naturalis
1387 5610 1668 5679 cupidinis
1708 5619 1858 5665 motu
1900 5611 1970 5665 ad

460 5713 544 5794 ςό)
572 5712 708 5794 C_od.
746 5717 877 5794 σοῦι
891 5717 1123 5794 fortasse
1152 5737 1253 5794 pro
1285 5721 1408 5794 μοῦ.
1437 5721 1703 5793 Vulgatus
1727 5722 1844 5776 Lat.
1878 5724 1958 5778 le-

386 5786 552 5854 gebat
578 5786 662 5856 οὐ,
693 5804 819 5844 non.
841 5787 952 5847 Sed
985 5786 1327 5850 Theodorum
1359 5786 1610 5851 nostrum
1645 5795 1840 5866 legisse
1866 5809 1950 5864 ap-

2077 4600 2179 4670 τὴν
2199 4600 2440 4669 ἄγνοιαν,
2469 4597 2611 4654 ὥστε
2635 4599 2842 4653 ἀνιέναι
2873 4601 2970 4672 μὲν
2997 4601 3078 4664 εἰς
3106 4600 3356 4669 Γάλγαλα
3388 4601 3482 4654 ἐπὶ
3510 4602 3684 4674 θερα-

2079 4692 2211 4763 πείᾳ
2237 4691 2332 4745 τοῦ
2361 4691 2548 4746 αὐτόθι
2578 4692 2866 4763 ἱδρυμένου
2894 4689 3135 4754 εἰδώλου,
3164 4691 3588 4758 προσποιεῖσθαι
3621 4691 3682 4744 δὲ

2076 4785 2244 4854 τιμᾷν
2275 4783 2366 4836 τὸν
2397 4783 2565 4837 ἀΐδιον
2597 4784 2689 4837 καὶ
2720 4783 2888 4845 ὅντως
2929 4782 3058 4837 ὄντα
3085 4783 3220 4837 Θεόν
3239 4799 3253 4814 ο
3288 4783 3406 4836 δέον
3443 4781 3677 4840 εἰδέναι.

2079 4877 2156 4942 ὡς
2189 4876 2425 4930 συνιέναι
2451 4876 2624 4930 ταῦτα
2652 4875 2922 4948 ἀλλήλοις,
2955 4875 3066 4930 τῶν
3086 4875 3389 4931 ἀδυνάτων·
3421 4875 3598 4946 πολλὴ
3621 4877 3679 4929 δὲ

2077 4967 2311 5039 διαφορὰ
2349 4966 2524 5022 ἀϊδίου
2556 4983 2614 5020 τε
2647 4966 2782 5020 Θεοῦ
2804 4967 2900 5020 καὶ
2931 4966 3150 5021 εἰδώλου
3173 4968 3270 5021 τοῦ
3298 4967 3426 5037 χθὲς
3455 4967 3550 5020 ὑπ’
3579 4969 3680 5020 ἁν-

2079 5057 2368 5130 θρωπείων
2411 5056 2946 5120 κατασκευασθέντος
2979 5056 3211 5129 χειρῶνο
3248 5058 3344 5109 καὶ
3387 5056 3465 5120 ὡς
3499 5055 3587 5125 τῷ
3615 5072 3682 5124 γε

2077 5150 2170 5203 τὸν
2193 5149 2361 5203 ἀΐδιον
2389 5147 2737 5219 ὁμολογοῦντι
2767 5149 2899 5203 Θεὸν
2924 5148 3224 5219 ἀφεστῆναι
3262 5149 3547 5220 προσῆκον
3589 5150 3676 5219 εἴη

2077 5241 2297 5296 πάντων
2317 5239 2716 5313 πεπλασμένως
2735 5239 2834 5312 τὴν
2853 5240 3146 5313 ὀνομασίαν
3167 5240 3521 5311 ἐπαγομένην
3545 5243 3680 5294 ταύ-

2075 5327 2353 5406 τηνοοῐάν
2398 5333 2508 5405 πέρ
2555 5334 2671 5387 ἐστι
2711 5332 2774 5386 τὸ
2808 5331 2904 5386 Ὧν
2950 5333 3201 5387 εἴδωλον·
3231 5327 3402 5404 οὗπερ
3453 5333 3537 5395 είς
3583 5333 3679 5386 τὸν

2074 5423 2225 5482 οἷκον
2247 5427 2434 5491 είσιτε,
2464 5427 2561 5498 τὴν
2589 5427 2686 5497 οὐχ
2711 5426 2975 5496 άρμοδίαν
3005 5423 3155 5495 αὐτῷ
3178 5424 3555 5495 προσάγοντες
3587 5423 3680 5478 θε-

2076 5518 2325 5591 ραπείαν.
2364 5537 2384 5570 ι
2418 5519 2538 5573 Ὀτι
2565 5518 2642 5582 ὡς
2661 5518 2894 5589 δάμαλις
2916 5516 3308 5588 παροιστρῶσα
3338 5515 3677 5586 παροίστρη·

2077 5626 2169 5663 σεν
2210 5608 2446 5681 Ἰσραήλ.
2486 5627 2506 5661 ι
2542 5609 2708 5679 Δίκην
2738 5607 2847 5679 γὰρ
2884 5607 3168 5679 δαμάλεως
3198 5607 3415 5676 κινήσει
3438 5604 3541 5665 τῆς
3569 5619 3676 5672 φυ-

2067 5730 2221 5850 ῧὸεέι
2254 5724 2304 5792 ὁ,
2340 5729 2501 5796 prout
2528 5720 2693 5778 habet
2715 5720 2880 5778 etiam
2920 5718 3091 5777 codex
3118 5717 3506 5774 nobilissimus
3538 5709 3669 5773 Vat.
