3814 6224
163 269 246 326 133
1187 268 1739 328 COMMENTARIUS
1775 270 1844 327 IN
1882 272 2081 331 οδω
2104 276 2259 333 CAP.
2300 276 2365 332 γ.

3278 277 3381 335 154

160 386 295 457 σικῆς
341 384 635 456 ἐπιθυμίας
686 385 820 457 πρὸς
857 386 1081 450 ἀταξίαν
1136 387 1424 458 νευσάσης,
1468 387 1543 456 (p.
1589 386 1703 454 '56)

1813 386 2260 445 incontinentiam
2305 390 2602 452 tendentis.
2645 406 2675 443 a
2705 390 2929 446 servitio
2968 405 3090 447 meo
3120 390 3385 450 discessi—

158 480 401 548 ἁπέστητε
434 476 537 546 μὲν
570 476 671 546 τῆς
714 477 953 542 δουλείας
992 478 1093 549 τῆς
1126 480 1282 550 ἐμῆς,
1332 480 1611 548 ἀκολάστῳ
1648 478 1704 531 δὲ

157 570 325 643 γνώμῃ
359 571 501 640 πρὸς
544 569 643 639 τὴν
666 570 774 625 τῶν
814 571 1046 626 εἰδώλων
1089 573 1341 627 ἐνεύσατε
1386 571 1700 643 θεραπείαν.

162 681 178 712 ο
213 660 315 713 Νῦν
352 662 579 732 νεμήσει
612 662 807 725 αὐτοὺς
854 663 1057 733 Κύριος
1101 664 1177 727 ὡς
1220 664 1390 735 ἀμνὸν
1432 666 1489 717 ἐν
1541 664 1705 734 εὐρυ-

155 750 311 823 χώρῳ.
360 770 379 803 ι
428 753 811 824 Διασκορπίσω
847 756 1025 809 τοίνυν
1070 756 1266 819 αὐτοὺς
1315 757 1440 828 τῇδε
1483 757 1706 810 κάκεῖσε

158 842 411 912 περιάγων
449 844 516 913 τῇ
543 843 654 897 τῶν
687 844 956 914 πολεμίων
988 846 1180 917 ἐφόδῳ,
1209 846 1282 910 ώς
1330 847 1495 918 μηδὲν
1531 845 1704 917 ἀμνοῦ

156 929 467 985 διαλλάττειν
526 933 586 985 ἐν
625 933 851 1004 μεγίστῃ
899 933 1051 1006 χώρᾳ
1096 935 1465 1006 διατρέχοντός
1513 953 1574 989 τε
1612 936 1708 989 καί⁷

159 1023 489 1091 πλανωμένου
521 1025 615 1077 καὶ
651 1025 750 1095 τὴν
795 1026 996 1079 οἰκείαν
1026 1027 1406 1099 ἐπιζητοῦντος
1452 1028 1661 1099 μητέρα
1688 1042 1703 1057 ⁶

156 1111 207 1163 τὺ
228 1112 327 1182 γὰρ
353 1114 671 1184 σκορπίσειν
700 1115 866 1183 λέγει,
894 1117 1002 1170 ἀπὸ
1030 1118 1136 1171 τῶν
1163 1115 1520 1188 διανεμόντων
1546 1119 1621 1187 (4)
1652 1136 1706 1172 τι

155 1204 365 1271 ἀφειδῶς
411 1206 503 1258 καὶ
564 1207 1072 1277 διασκορπιζόντων.
1121 1228 1140 1261 ι
1189 1211 1428 1280 Μέτοχος
1475 1210 1706 1263 εἰδώλων

165 1296 400 1365 Ἐφραίμ.
444 1317 463 1348 ι
498 1298 609 1368 Τὴν
651 1298 787 1369 πρὸς
817 1300 887 1352 τὰ
925 1299 1117 1354 εἴδωλα
1151 1302 1355 1355 εἴλοντο
1383 1303 1666 1356 κοινωνίαν
1688 1319 1703 1333 ⁸

164 1383 384 1455 Ἐφραίμ
410 1387 522 1458 γὰρ
559 1388 825 1459 πολλαχοῦ
854 1407 914 1442 τε
943 1390 1169 1462 ἑτέρωθι
1201 1392 1478 1446 κάνταῦθα
1508 1395 1573 1446 ὲκ
1609 1393 1706 1463 μέ-

155 1493 266 1545 ρους
294 1477 384 1531 τὺν
428 1479 643 1550 Ἰσραὴλ
669 1480 940 1550 ὀνομάζει,
976 1483 1040 1535 ἐκ
1066 1485 1165 1553 τῆς
1209 1483 1580 1556 δυνατωτέρας
1608 1502 1707 1551 φυ-

151 1568 235 1638 λῆς
260 1572 313 1623 ἐν
349 1573 470 1633 ταῖς
496 1572 631 1625 δέκα
653 1572 751 1643 τὴν
779 1574 1062 1643 ὀνομοσίαν
1088 1574 1251 1638 τιθείς
1269 1594 1283 1607 ·
1317 1575 1392 1639 ὡς
1411 1576 1491 1641 τὸ,
1534 1595 1552 1628 ι
1586 1577 1706 1630 Υίολ⁵

163 1659 379 1753 ’δῗραῒμ
439 1663 765 1726 ἐντείνοντες
825 1665 919 1717 καὶ
978 1663 1259 1734 βάλλοντες
1314 1666 1508 1733 τόξοις.
1565 1686 1584 1718 ι
1635 1696 1706 1706 —-
1735 1697 1778 1753 Β

157 1768 173 1799 ι
197 1750 424 1822 Ἐθηκαν
441 1754 655 1816 ἑαυτοῖς
676 1753 966 1807 σκάνδαλα.
992 1772 1012 1806 ι
1033 1755 1199 1818 Αὐτὸς
1219 1757 1511 1827 ἐπενόησεν
1533 1758 1707 1828 ἐαυτῷ

150 1841 236 1904 τὰς
258 1844 345 1896 ἐπὶ
381 1845 441 1896 τὸ
468 1848 648 1916 χεῖρον
696 1846 967 1915 ἐκτροπάς
988 1863 1002 1877 ·
1038 1846 1154 1911 πῶς
1200 1849 1293 1900 καί¹
1321 1848 1441 1901 τίνα
1467 1850 1665 1918 τρόπον
1689 1867 1704 1917 ;

157 1953 173 1985 ι
211 1935 447 2007 ᾘρέτισε
477 1938 837 2003 Χαναναίους,
875 1958 894 1989 ι
922 1939 1019 2009 τὴν
1051 1939 1273 1995 ἐκείνων
1304 1938 1552 2011 ζηλώσας
1583 1942 1709 1995 ἀσέ-

153 2024 303 2077 δειαν.
340 2046 356 2076 ι
389 2026 753 2097 Πορνεύοντες
778 2028 1189 2099 ὲξεπόρνευσαν.
1221 2049 1239 2081 ι
1280 2029 1556 2084 Ἐντεῦθεν
1582 2050 1709 2085 παν-

149 2116 297 2180 τελῶς
327 2118 551 2171 ἔνευσαν
586 2121 722 2191 πρὸς
754 2120 816 2173 τὸ
843 2123 1044 2192 χεῖρον.
1076 2139 1095 2173 ι
1140 2122 1462 2192 Ἠγάπησαν
1488 2125 1708 2194 ἀτιμίαν

150 2207 206 2259 ἐκ
226 2210 574 2279 φρυάγματος
618 2211 805 2281 αὐτῆς.
846 2231 863 2263 ι
899 2212 1072 2283 Πολλῇ
1114 2215 1180 2284 τῇ
1221 2213 1446 2285 ἀπονοίᾳ
1484 2217 1560 2284 (p.
1616 2216 1706 2283 ‘57)

149 2299 480 2369 χρησάμενοι,
510 2304 607 2355 καὶ
634 2306 700 2373 τῇ
729 2303 997 2374 ὑπεροψίᾳ
1039 2306 1107 2375 τῇ
1136 2305 1256 2358 κατ’
1291 2304 1446 2375 ἐμοῦ,
1472 2307 1570 2375 τὴν
1597 2306 1708 2358 τῶν

148 2389 357 2444 εἰδώλων
378 2392 587 2447 εἴλοντο
626 2393 1000 2466 θεραπείαν,ῆ
1033 2396 1211 2465 πάσης
1258 2397 1437 2459 αὐτοῖς
1484 2398 1709 2467 ἀτιμίας

149 2479 380 2548 πρόξενος
425 2483 601 2537 ἔσται.
640 2503 659 2535 ι
701 2486 984 2557 Συστροφὴ
1035 2487 1341 2556 πνεύματος
1383 2489 1579 2552 αὐτοὺς
1616 2506 1710 2542 συ-

152 2575 242 2639 ριεί
266 2576 319 2625 ἐν
347 2576 470 2639 ταῖς
510 2576 767 2647 πτέρυξιν
803 2577 991 2646 αὐτῆς.
1024 2596 1041 2628 ι
1088 2578 1175 2641 Ὡς
1203 2578 1310 2649 γὰρ
1333 2580 1626 2649 ίπτάμενον
1648 2582 1710 2635 τὸ

148 2661 311 2729 ὄρνεον
342 2668 464 2729 ταῖς
506 2666 731 2736 πτέρυξι
759 2670 879 2731 ταῖς
919 2668 1146 2731 οἰκείαις
1173 2668 1234 2721 τὸ
1261 2670 1443 2739 ἀέριον
1488 2672 1709 2727 ἐλαῦνον

149 2755 360 2825 πνεῦμα,
384 2760 680 2829 μετάρσιον
710 2759 920 2829 αἴρεται
942 2762 1004 2830 τῇ
1028 2761 1243 2831 πτήσει,
1274 2760 1447 2825 οὕτως
1478 2763 1584 2815 ὑπὸ
1609 2764 1710 2833 τῆς

148 2845 295 2917 ὀργῆς
336 2841 482 2903 οὗτοι
547 2850 840 2921 ληφθέντες
886 2851 983 2920 τῆς
1015 2853 1174 2922 ἐμῆς,
1204 2852 1401 2905 ὡσανεὶ
1448 2855 1709 2926 μετέωροι

151 2937 425 3005 γεγονότες,
450 2940 591 3010 μετὰ
617 2941 819 3010 πολλῆς
846 2941 1366 3014 ἀπαχθήσονταιτῆς
1393 2944 1603 3015 ὕϐρεως
1626 2948 1705 3009 εἰς

1812 482 1937 545 stis,
1976 482 2293 553 lascivaque
2327 490 2508 537 mente
2533 482 2602 537 ad
2633 482 2905 537 idolorum
2937 484 3141 537 cultum
3165 482 3383 537 deﬂexi-

1812 572 1936 626 stis.
1968 590 1987 623 ι
2021 572 2175 626 Nunc
2215 580 2404 641 pascet
2448 587 2545 627 eos
2589 571 2857 626 Dominus
2884 572 3042 641 quasi
3085 586 3284 642 agnum
3327 572 3380 624 in

1809 663 2118 718 latitudine.
2149 684 2169 716 ›
2219 662 2522 733 Dispertiar
2575 664 2761 732 itaque
2805 663 2949 727 illos,
3002 664 3104 716 hac
3154 671 3209 717 et
3258 662 3382 716 illac

1805 755 2189 825 circumagens
2242 756 2295 809 in
2339 755 2577 809 hostium
2618 755 2956 815 incursione,
3004 755 3140 809 adeo
3206 762 3267 807 ut
3312 755 3382 809 ab

1809 861 1949 916 agno
1984 862 2094 901 non
2134 848 2389 903 differant
2423 848 2515 918 qui
2547 850 2600 903 in
2635 853 2874 919 spatiosa
2911 849 3131 918 regione
3158 848 3384 901 oberrat

1808 948 2038 993 matrem
2074 955 2228 994 suam
2256 940 2565 1008 requirens.
2600 939 2735 993 Nam
2782 948 2995 1010 pascet.
3037 955 3134 1007 pro
3169 941 3383 1008 disper-

1807 1029 1997 1090 tietur,
2042 1029 2148 1090 ait,
2211 1036 2370 1098 capta
2430 1030 2746 1098 metaphora
2797 1031 2865 1084 ab
2911 1030 2980 1084 iis
3022 1029 3116 1100 qui
3164 1028 3384 1096 profuse

1807 1117 2209 1186 dispertiuntur
2230 1118 2433 1186 aliquid
2475 1128 2639 1189 atque
2669 1117 3012 1188 dispergunt.
3049 1136 3066 1168 ι
3102 1116 3385 1185 Particeps

1808 1206 1917 1277 24
1945 1207 2211 1262 idolorum
2244 1207 2528 1277 Ephraim.
2568 1228 2586 1259 ι
2624 1208 2849 1263 Scilicet
2875 1226 2997 1262 cum
3040 1209 3200 1263 idolis
3229 1224 3385 1262 com-

1809 1299 2126 1353 municavit.
2160 1299 2223 1352 Et
2248 1316 2389 1370 sa‘pe
2427 1300 2556 1353 alibi
2582 1311 2636 1355 et
2658 1317 2804 1355 nunc
2828 1303 2993 1355 etiam
3028 1301 3383 1369 prraimum

1812 1405 1911 1460 pro
1946 1390 2148 1445 Israele
2174 1390 2327 1454 dicit,
2362 1407 2428 1445 ex
2465 1392 2772 1460 potentiore
2799 1392 2942 1445 inter
2976 1391 3164 1446 decem
3199 1393 3379 1447 tribus

1811 1497 2011 1536 nomen
2046 1497 2355 1546 assumens,
2388 1482 2533 1538 sicut
2564 1482 2735 1537 illud:
2774 1502 2793 1533 ι
2836 1482 2959 1537 Filii
2989 1482 3267 1553 prraimi
3307 1484 3387 1537 in-

1810 1573 2093 1628 tendentes
2124 1589 2185 1627 ac
2210 1574 2518 1643 jaculantes
2544 1573 2783 1628 arcubus
2811 1574 2876 1628 ¹¹.
2907 1592 2927 1623 ι
2955 1602 3027 1612 -
3057 1591 3076 1624 ι
3115 1572 3385 1627 Scandala

1810 1665 1912 1721 sibi
1951 1674 2270 1735 posuerunt.
2304 1685 2322 1717 ι
2359 1666 2481 1735 Ipse
2530 1666 2633 1720 sibi
2669 1665 3083 1720 conversionem
3123 1664 3190 1718 ad
3234 1664 3387 1719 dcte-

1808 1753 1951 1808 riora
1979 1756 2325 1825 excogitavit.
2356 1754 2741 1821 Quamobrem,
2770 1754 2855 1808 vel
2878 1754 3187 1825 quomodo?
3217 1773 3234 1804 ι
3259 1752 3391 1807 Pro-

1806 1846 2020 1900 vocavit
2059 1846 2419 1911 Chananaeos,
2452 1866 2469 1898 ι
2518 1848 2737 1901 illorum
2784 1846 3119 1915 impietatem
3161 1844 3387 1899 annula-

1805 1942 1916 1990 tus.
1974 1954 1993 1987 ι
2020 1934 2381 1991 Fornicantes
2426 1936 2678 1991 fornicati
2714 1943 2867 1992 sunt.
2898 1954 2917 1987 ι
2961 1934 3099 1988 Exin
3123 1934 3190 1997 jin
3227 1934 3386 2001 pejus

1805 2028 2032 2081 omnino
2078 2035 2331 2082 ruerunt.
2377 2045 2395 2079 ι
2432 2028 2754 2082 Dilexerunt
2796 2026 3152 2096 ignominiam
3196 2024 3267 2077 ob
3299 2024 3384 2077 fa-

1807 2129 1949 2174 stum
1978 2119 2117 2187 ejus.
2156 2138 2176 2171 ι
2214 2117 2383 2171 Multa
2411 2125 2628 2173 utentes
2664 2118 2877 2172 insania
2906 2127 2961 2171 et
2997 2116 3266 2170 adversus
3298 2129 3385 2169 me

1808 2209 2086 2279 superbia,
2132 2208 2404 2263 idolorum
2444 2208 2762 2278 religionem
2797 2195 3033 2276 amplexi
3073 2212 3222 2271 sunt,
3267 2221 3390 2275 quae

1805 2300 2172 2354 omnimodam
2234 2300 2369 2369 ipsis
2420 2299 2773 2369 ignominiam
2817 2305 3087 2368 asperget.
3148 2315 3167 2348 ι
3202 2296 3390 2350 Turbo

1806 2392 2035 2460 spiritus
2079 2389 2238 2459 quasi
2286 2390 2485 2445 sibilus
2537 2389 2760 2443 extollet
2807 2402 2903 2442 eos
2948 2388 3003 2441 in
3044 2388 3147 2441 alis
3191 2387 3327 2441 suis.
3363 2406 3385 2438 ι

1810 2482 1965 2537 Sicut
1994 2483 2233 2543 volucer,
2268 2496 2491 2536 aereum
2522 2480 2777 2550 spiritum
2803 2480 2907 2535 alis
2929 2479 3048 2533 suis
3078 2478 3390 2548 impellens,

1807 2575 1862 2629 in
1888 2575 2120 2629 sublime
2147 2573 2381 2628 volando
2404 2573 2575 2627 fertur
2608 2590 2622 2626 :
2674 2573 2755 2626 sic
2787 2573 2878 2627 isti
2909 2573 2977 2625 ab
3011 2571 3091 2624 ira
3121 2586 3240 2625 mea
3270 2586 3393 2625 cor-

1809 2666 1972 2736 repti,
2002 2674 2058 2720 et
2095 2666 2253 2734 quasi
2282 2680 2377 2735 per
2412 2680 2593 2720 aerem
2634 2664 2863 2734 raptati,
2910 2663 3081 2716 multa
3120 2677 3243 2716 cum
3276 2662 3393 2714 vio-

1807 2761 1972 2817 lentia
2004 2760 2061 2815 in
2091 2760 2467 2830 captivitatem
2505 2757 2866 2827 abripientur.
2904 2774 2920 2805 ι
2953 2753 3019 2807 Ει
3046 2754 3249 2823 probro
3279 2752 3394 2805 alli-

1808 2855 2023 2909 cientur
2068 2870 2135 2908 ex
2183 2852 2449 2906 altaribus
2488 2850 2628 2905 suis.
2665 2868 2684 2901 ι
2717 2849 2875 2903 Tunc
2924 2847 3145 2901 demum
3192 2844 3393 2899 intelli-

1810 2955 1959 3018 gent,
2004 2946 2171 3001 stulto
2233 2959 2293 2999 se
2342 2958 2407 2997 ac
2456 2943 2622 2997 noxio
2674 2942 2824 2995 circa
2883 2939 3151 2995 idolorum
3200 2936 3393 2991 altaria

150 3028 520 3096 αἰχμαλωσίαν.
565 3050 583 3083 ι
619 3034 731 3086 Καὶ
774 3033 1327 3104 καταισχυνθήσονται
1376 3037 1441 3090 ὲκ
1477 3038 1585 3091 τῶν
1612 3038 1706 3090 θυ-

1813 3038 1995 3094 studio
2018 3036 2331 3093 defunctos.

153 3123 456 3193 σιαστηρίων
502 3123 706 3178 αὐτῶν.
745 3143 765 3175 ι
810 3125 969 3181 Ὥστε
1029 3131 1226 3195 αὐτοὺς
1274 3131 1394 3186 τότε
1452 3132 1703 3204 αἴσθησιν
1738 3132 1923 3188 λαϐεῖν
1952 3134 2035 3187 δτι
2087 3131 2346 3204 ματαίανζ
2372 3129 2469 3184 καὶ
2502 3126 2771 3198 ἐπιϐλαὸῆ
2820 3126 2919 3198 τὴν
2956 3124 3082 3196 περὶ
3112 3123 3181 3178 τὰ
3210 3122 3393 3175 θυσια-

153 3219 324 3286 στήρια
350 3218 456 3271 τῶν
484 3218 719 3272 εἰδώλων
743 3218 885 3291 εἶχον
924 3224 1177 3294 σπουδήν.

781 3312 938 3366 ΚΕΦ.
980 3316 1056 3370 E'.

211 3403 343 3473 Στίχ.
390 3410 534 3457 α’-ε⁸.
571 3433 643 3444 -
672 3422 693 3456 ι
741 3404 1033 3459 Ἀκούσατε
1079 3407 1340 3473 ταῦτα,οί
1385 3412 1570 3481 ἰερεῖς,
1622 3411 1715 3466 καὶ

154 3494 443 3562 προσέχετε,
469 3488 619 3557 οἶκος
657 3494 893 3564 Ἰσραὴλ,
917 3496 1011 3549 καὶ
1034 3493 1179 3558 οἶκος
1204 3496 1299 3549 τοῦ
1325 3497 1605 3567 βασιλέως,
1631 3500 1718 3551 ὲνο

154 3584 405 3646 ωτίζεσθε.
434 3606 453 3637 ι
475 3585 648 3655 Δῆλον
669 3587 750 3638 ὅτι
779 3587 938 3640 πάλιν
972 3588 1204 3642 ἐνταῦθα
1231 3589 1289 3654 ἐξ
1319 3592 1715 3661 ἀποκαλύψεως

156 3673 323 3745 ἐτέρας
350 3677 529 3747 ἀρχὴν
548 3676 649 3746 τῆς
677 3678 960 3749 παρούσης
981 3680 1265 3745 διαλέξεως
1295 3685 1547 3747 ποιεῖται,
1578 3683 1711 3755 πρός

156 3782 203 3816 τε
227 3768 341 3829 τοὺς
385 3767 570 3838 ἱερέας
602 3768 698 3820 καὶ
729 3768 821 3821 τὸν
873 3769 1106 3840 Ἰσραὴλ,
1140 3771 1235 3823 καὶ
1274 3773 1399 3835 τοὺς
1427 3773 1523 3843 τῆς
1559 3773 1709 3843 βασι-

158 3858 287 3929 λικῆς
310 3860 486 3923 οἰκίας
517 3860 760 3923 ἅπαντας
792 3858 987 3928 λέγων.
1018 3881 1036 3913 ι
1071 3862 1215 3916 Διότι
1252 3864 1387 3935 πρὸς
1412 3865 1561 3936 ὑμᾶς
1594 3869 1711 3920 ἐστι

158 3950 206 4002 τὸ
225 3954 404 4021 κρῖμα.
444 3972 468 4006 ι
514 3952 687 4022 Ὑμᾶς
715 3951 825 4022 γὰρ
844 3952 1075 4022 ἐλήλυθα
1095 3955 1199 4007 ὑπὸ
1222 3954 1321 4025 τὴν
1346 3956 1526 4026 κρίσιν
1551 3973 1710 4027 ποιη-

160 4040 356 4110 σόμενος
381 4042 482 4114 τὴν
525 4042 686 4113 ἐμὴν,
721 4044 815 4095 καὶ
862 4043 1017 4108 δίκας
1055 4046 1195 4117 ὑπὲρ
1224 4039 1300 4100 ὧν
1342 4047 1710 4118 τετολμήκατε

161 4134 429 4204 ληψόμενος
480 4136 614 4206 παρ’
661 4134 833 4204 ὑμῶν.
869 4154 888 4186 ι
931 4136 1052 4191 Ὀτι
1094 4138 1259 4207 παγίς
1303 4139 1595 4211 ἐγενήθητε
1643 4143 1708 4213 τῇ

162 4228 353 4298 σκοπιᾷ,
373 4228 467 4280 καὶ
484 4227 561 4290 ὡς
585 4227 799 4280 δίκτυον
823 4230 1177 4298 ἐκτεταμένον
1196 4231 1287 4282 ἐπὶ
1309 4230 1373 4284 τὸ
1396 4230 1710 4301 Ἰταϐύριον,

2469 3304 2627 3361 CAP.
2667 3302 2735 3358 Υ.

1878 3410 2050 3465 Vens.
2083 3403 2199 3458 1-5.
2222 3432 2293 3443 --
2322 3420 2340 3453 ι
2377 3399 2577 3453 Audite
2593 3397 2721 3461 hoc,
2753 3393 3088 3457 sacerdotes,
3126 3399 3182 3444 et
3212 3396 3393 3444 atten-

1812 3500 1945 3565 dite,
1994 3497 2192 3551 domus
2234 3492 2422 3555 Israel,
2460 3498 2513 3545 et
2557 3490 2755 3543 domus
2799 3483 2967 3553 regis,
3003 3481 3332 3537 auscultate.
3368 3496 3388 3527 ι

1814 3590 2162 3644 Manifestum
2201 3592 2306 3647 est,
2342 3582 2469 3637 hinc
2499 3593 2719 3649 quoque
2748 3590 2961 3637 rursus,
2993 3589 3057 3627 et
3104 3572 3208 3625 alia
3240 3584 3395 3624 reve—

1816 3683 2019 3737 Iatione
2050 3679 2263 3734 initium
2305 3671 2589 3742 sequentis
2622 3666 2880 3723 dictionis
2912 3665 3107 3726 facere,
3140 3662 3396 3716 sacerdo-

1816 3782 1897 3828 tes
1943 3770 2129 3833 simul,
2170 3779 2237 3823 ret
2274 3764 2552 3825 lsraelem,
2600 3766 2657 3816 et
2693 3758 2854 3829 regia:
2899 3754 3122 3809 familiae
3162 3762 3392 3806 cunctos

1813 3865 2123 3934 alloquens.
2170 3878 2189 3910 ι
2218 3857 2357 3923 Quia
2404 3854 2559 3908 vobis
2624 3848 2895 3920 judicium
2948 3853 3054 3901 est.
3089 3862 3108 3896 ι
3160 3843 3242 3896 Ad
3295 3856 3393 3896 vos

1810 3958 1955 4012 enim
1979 3952 2103 4009 veni
2143 3958 2204 4005 ut
2231 3946 2502 4019 judicium
2553 3957 2735 3997 meum
2764 3953 3072 4000 exerceam,
3110 3943 3165 3991 et
3201 3949 3394 4004 pmnas

1811 4048 1880 4103 de
1906 4045 2136 4100 ausibus
2180 4040 2385 4097 vestris
2425 4038 2537 4093 lata
2587 4032 2862 4090 sententia
2914 4044 3150 4085 sumam.
3198 4045 3216 4077 ι
3253 4025 3392 4092 Quia

1817 4142 2046 4209 laqueus
2093 4133 2226 4189 facti
2267 4131 2403 4187 estis
2457 4129 2510 4184 in
2557 4125 2803 4197 specula,
2855 4131 2911 4179 et
2961 4120 3119 4191 quasi
3170 4124 3288 4175 rete
3336 4117 3391 4170 in

1818 4229 2052 4300 Itabyrio
2098 4236 2411 4289 extensum,
2457 4219 2601 4292 quod
2650 4225 2941 4274 venatores
3000 4212 3195 4284 praedae
3225 4224 3393 4265 causa

162 4313 249 4368 δοί
267 4314 593 4388 ἀγρεύοντες
615 4318 712 4388 τὴν
745 4319 917 4390 θήραν
947 4320 1281 4390 κατέπηξαν.
1315 4343 1334 4373 ι
1372 4323 1449 4392 (p.
1478 4324 1568 4393 58)
1592 4327 1709 4377 Δια-

1823 4325 2077 4379 ﬁxerunt.
2112 4338 2132 4372 ι
2183 4316 2402 4381 Varias,
2449 4313 2649 4383 inquit,
2696 4307 2980 4381 prophetis
3035 4304 3209 4359 moliti
3257 4304 3393 4358 estis

162 4406 352 4475 φόρους,
378 4409 565 4479 φησὶν,
606 4408 908 4473 ὑπόουλάς
940 4411 1078 4465 κατά
1114 4410 1223 4463 τῶν
1261 4416 1551 4483 προφητῶν
1591 4417 1706 4469 ἐτε-

164 4498 400 4567 κτήνασθε
427 4500 540 4553 τῶν
566 4498 736 4569 ἐμῶν,
762 4499 914 4570 δίκην
941 4499 1051 4552 τῶν
1074 4501 1144 4553 τὰ
1170 4501 1359 4554 δίκτυα
1397 4503 1708 4557 ἀπλούντων

164 4587 241 4640 ἐπὶ
263 4588 429 4660 θήραν
458 4590 569 4644 τῶν
598 4591 1002 4660 ἀγρευομένων,
1034 4591 1308 4663 διαφόροις
1332 4592 1525 4657 αὐτοὺς
1557 4612 1713 4665 περι-

165 4678 354 4736 ϐάλλειν
374 4682 764 4744 ἐσπουδακότες
788 4685 979 4746 κακοῖς
996 4698 1010 4712 ⁸
1042 4685 1271 4738 σκοπιὰν
1295 4684 1423 4756 γὰρ,
1451 4685 1557 4739 τῶν
1580 4703 1713 4757 προ-

166 4775 325 4843 φητῶν
351 4775 441 4831 τόν
476 4776 733 4844 σύλλογον
759 4777 936 4845 λέγει·
965 4777 1041 4841 ὡς
1065 4778 1219 4849 παρά
1245 4778 1323 4849 τῷ
1362 4778 1607 4851 Ἐζεκιὴλ
1630 4782 1711 4847 τὸ,

173 4877 190 4911 ι
218 4866 403 4921 Σκοπὸν
444 4869 656 4923 δέδωκά
702 4886 762 4922 σε
794 4868 873 4940 τῷ
915 4869 1054 4940 οἴκῳ
1090 4871 1323 4941 Ἰσραήλ.
1358 4891 1377 4923 ι
1410 4903 1481 4912 -
1508 4892 1528 4926 ι
1575 4875 1715 4943 Ἐγὼ

166 4948 214 5003 δὲ
242 4957 518 5029 παιδευτὴς
553 4957 708 5028 ὑμῶν
728 4961 864 5028 εἰμι.
905 4976 929 5011 ›
969 4958 1107 5012 Ἀλλ’
1138 4960 1324 5031 ἐπειδὴ
1342 4962 1717 5034 δυσχεραίνον-

169 5058 245 5105 τες
270 5046 345 5113 ἐφ’
367 5044 447 5111 οἷς
478 5050 711 5119 ἐμήνυον
727 5049 856 5118 ὑμῖν
885 5051 1082 5103 ἐκεῖνοι
1122 5049 1192 5103 τὰ
1211 5050 1462 5120 ἐσόμενα,
1490 5053 1715 5107 τοιαῦτα

172 5133 272 5185 κατ’
296 5137 468 5192 αὐτῶν
496 5138 865 5208 ἐμηχανᾶσθε,
900 5140 1063 5202 αὐτὸς
1089 5138 1273 5205 ἐπάξω
1300 5140 1398 5211 τὴν
1428 5144 1716 5214 τιμωρίαν,

174 5226 411 5280 παιδεύων
454 5230 597 5299 ὑμᾶς
637 5231 721 5298 ἐφ’
746 5225 825 5294 οἷς
854 5232 1230 5303 ἡμαρτήκατε,
1265 5232 1332 5302 ἢν
1365 5234 1458 5286 καὶ
1497 5236 1720 5299 ἄκοντες

176 5312 463 5381 ὑτωδέξεσθε
490 5322 726 5383 παντως.
762 5340 781 5373 ι
833 5321 974 5390 Ἐγὼ
1003 5321 1173 5391 ἔγνων
1203 5322 1294 5377 τὸν
1340 5323 1598 5397 Ἐφραίμ,
1626 5330 1721 5382 καὶ

190 5406 374 5482 Ἰσραὴλ
403 5416 500 5468 οὐκ
531 5414 758 5467 ἄπεστιν
779 5414 874 5468 ἀπ’
904 5414 1061 5485 ἐμοῦ.
1101 5433 1119 5465 ι
1150 5414 1260 5468 Καὶ
1280 5414 1387 5487 γὰρ
1419 5415 1718 5489 ἐπίσταμαι

179 5497 235 5551 τὰ
256 5504 493 5574 γινόμενα
524 5506 653 5575 παρ’
702 5503 880 5558 αὐτῶν
914 5505 1176 5577 ἀκριϐῶς,
1221 5506 1319 5561 ἆτε
1362 5509 1592 5563 πάντοτε
1618 5512 1718 5564 αὑ-

242 5637 277 5668 ⁸¹
299 5636 430 5695 Psal.
466 5658 668 5706 Lxxvn,
699 5640 753 5697 9.
829 5640 876 5674 "
902 5641 1100 5698 Ezech.
1133 5658 1214 5707 ιιι,
1250 5643 1335 5697 I7.

1812 4414 2063 4477 insidias,
2081 4419 2135 4468 et
2162 4417 2484 4466 venatorum
2523 4418 2673 4459 more
2703 4403 2795 4473 qui
2825 4407 2939 4455 rete
2964 4396 3032 4452 ad
3073 4396 3390 4465 capiendam

1814 4506 1921 4576 25
1965 4504 2207 4575 praedam
2272 4498 2595 4560 extendunt,
2648 4493 2886 4550 diversis
2936 4492 3061 4545 illos
3110 4488 3398 4558 implicare

1817 4598 1977 4654 malis
2010 4596 2325 4654 studuistis.
2359 4592 2493 4647 Nam
2524 4589 2801 4661 speculam
2836 4584 3073 4654 appellat
3102 4581 3393 4651 propheta.

1817 4708 1940 4746 rum
1973 4700 2177 4746 emtum
2206 4708 2221 4756 ;
2249 4686 2419 4743 veluti
2461 4684 2607 4755 apud
2646 4680 2987 4737 Ezechielem
3024 4695 3037 4730 :
3079 4696 3097 4729 ι
3134 4674 3394 4746 Specula-

1815 4790 1992 4837 torem
2023 4782 2147 4837 dedi
2168 4787 2222 4835 te
2243 4777 2428 4832 domui
2449 4775 2673 4832 lsraelis
2693 4775 2759 4827 ¹³.
2795 4791 2814 4823 ι
2836 4800 2905 4811 -
2926 4788 2944 4821 ι
2976 4767 3087 4839 Ego
3110 4782 3241 4821 vero
3267 4782 3392 4820 cru-

1815 4871 1962 4925 ditur
1995 4878 2176 4925 vester
2206 4882 2350 4923 sum.
2386 4884 2406 4917 ι
2443 4864 2547 4918 Sed
2578 4863 2708 4933 quia
2738 4876 2856 4925 vos,
2894 4858 3122 4913 moleste
3151 4854 3393 4911 ferentes

1829 4978 1951 5032 quae
1998 4961 2078 5016 illi
2110 4961 2266 5015 vobis
2308 4964 2567 5014 eventura
2602 4956 2902 5017 canebant,
2956 4951 3083 5004 talia
3128 4949 3393 5003 adversus

1817 5068 1914 5108 eos
1949 5049 2246 5106 machinati
2287 5048 2441 5113 estis,
2472 5045 2725 5116 equidem
2763 5041 3002 5113 peccatis
3046 5038 3245 5094 vestris
3276 5051 3393 5107 pa:-

1815 5159 1944 5199 nam
1989 5143 2292 5213 imponam,
2349 5154 2515 5210 quam
2568 5136 2725 5192 inviti
2773 5135 2899 5188 licet
2934 5133 3053 5187 sine
3092 5129 3258 5183 dubio
3297 5143 3395 5199 pa-

1815 5236 2050 5291 tiemini.
2101 5255 2119 5286 ι
2160 5233 2272 5304 Ego
2315 5232 2443 5287 novi
2496 5229 2870 5301 Ephraimum,
2920 5234 2972 5280 et
3011 5223 3179 5279 Israel
3222 5237 3252 5275 a
3306 5236 3393 5275 me

1816 5344 1928 5384 non
1961 5329 2138 5383 abest.
2170 5346 2189 5379 ι
2228 5326 2403 5396 Opera
2431 5324 2575 5379 enim
2602 5323 2814 5376 illorum
2846 5318 3010 5388 probe
3039 5316 3175 5377 scio,
3203 5321 3392 5383 utpote

1815 5421 1911 5490 qui
1946 5434 2227 5488 nunquam
2262 5418 2370 5471 illis
2400 5432 2508 5471 non
2549 5414 2766 5469 adsum.
2803 5429 2821 5461 ι
2856 5410 2995 5476 Quia
3041 5422 3187 5462 nunc
3219 5405 3391 5459 forni-

1824 5524 1984 5569 catus
2032 5520 2116 5568 est
2162 5510 2512 5582 Ephraimus,
2558 5505 2965 5563 contaminatus
3006 5510 3090 5557 est
3141 5498 3328 5555 Israel.
3365 5516 3385 5549 ι

241 5774 306 5845 (αἱ)
338 5778 513 5840 Graece
542 5782 690 5854 νέμω
725 5780 958 5838 refertur
989 5782 1057 5839 ad
1082 5783 1337 5853 διανέμω.
1374 5781 1478 5840 Sed
1511 5782 1701 5841 Latine

1813 5802 1839 5842 ιι
1880 5787 1953 5843 ita
1979 5802 2037 5845 se
2070 5786 2292 5846 haberet
2323 5794 2496 5856 pascet
2523 5782 2588 5840 ad
2618 5781 2967 5853 dispertiat".
