3814 6224
427 262 532 322 153

1657 279 2004 340 THEODORI
2031 285 2512 343 MOPSUESTENI

427 375 555 432 Vidi
603 377 726 436 illos
763 396 993 452 prorsus
1043 401 1075 440 a
1116 403 1207 444 me
1260 392 1576 455 recessisse.
1628 405 1684 452 et
1722 397 1973 453 idolorun

2093 404 2203 465 τοῖς
2262 404 2469 474 παρών.
2529 423 2549 456 ι
2610 406 2752 459 Διότι
2806 406 2901 460 νῦν
2948 407 3337 479 ἐξεπόρνευσεν
3397 409 3672 480 Ἐφραῒμ,

427 470 698 540 religione
735 491 796 530 se
822 478 1106 547 polluisse.
1140 499 1160 534 ι
1191 481 1308 538 Non
1337 485 1606 542 dederunt
1637 491 1996 560 cogitationes

423 572 557 615 suas
602 571 663 616 ut
699 575 1042 623 revertantur
1071 571 1137 625 ad
1169 588 1275 640 me,
1317 578 1445 646 quia
1489 579 1715 647 spiritus
1759 582 1996 636 fornica»

422 652 600 709 tionis
631 656 768 725 ipsis
797 659 961 725 inest,
993 669 1048 717 et
1077 663 1365 720 Dominum
1402 684 1510 722 non
1542 681 1938 741 cognoverunt.
1970 692 1989 725 ι

424 741 613 815 Neque
654 750 1106 820 reslpiscentibus
1133 772 1286 812 mens
1320 757 1422 812 fuit
1445 761 1512 815 ad
1547 777 1633 817 me
1660 764 1990 830 revertendi,

421 838 558 906 quia
615 839 672 894 in
705 841 902 898 vitium
930 853 1067 901 toto
1121 848 1339 904 homine
1383 852 1749 920 incurrerunt,
1783 855 1991 910 nullum

423 928 532 984 mei
575 941 884 1002 respectum
930 936 1130 994 habere
1170 942 1438 996 volentes.
1477 961 1496 993 ‹
1526 941 1592 996 Ει
1623 944 1996 1001 humiliabitur

423 1024 745 1091 arrogantia.
775 1024 994 1084 lsraelis
1025 1029 1080 1083 in
1121 1030 1311 1088 faciem
1339 1034 1476 1102 ejus.
1518 1054 1536 1086 ι
1569 1036 1731 1106 Αιηυί
1759 1039 1993 1093 vesaniae

417 1110 589 1183 hujus
635 1123 804 1186 atque
857 1123 1217 1191 arrogantiae,
1260 1139 1365 1194 qua
1403 1125 1662 1182 adversus
1705 1143 1791 1183 me
1838 1129 1993 1185 insa-

417 1204 642 1260 nierunt
675 1210 948 1277 apostasia
989 1227 1089 1266 sua
1143 1228 1172 1266 a
1223 1230 1326 1278 me,
1371 1225 1423 1268 et
1452 1230 1676 1271 accessu
1708 1218 1778 1272 ad
1820 1219 1987 1285 idola,

417 1293 616 1364 dignas
655 1297 804 1352 luent
833 1314 1050 1369 poenas,
1081 1317 1204 1357 cum
1238 1318 1395 1358 suam
1421 1305 1830 1376 depressionem
1864 1324 1990 1379 spe-

413 1386 667 1451 ctabunt,
718 1388 774 1442 in
806 1405 970 1459 quam
1022 1407 1110 1448 me
1160 1395 1460 1451 ulciscente
1501 1397 1812 1454 devenient.
1851 1419 1870 1452 ι
1919 1400 1987 1455 Et

411 1477 585 1533 lsrael
616 1486 780 1550 atque
807 1480 1135 1547 Ephraimus
1180 1485 1600 1543 iulirmabuntur
1636 1489 1689 1544 in
1731 1490 1990 1562 iniquita-

414 1569 564 1624 tibus
605 1571 740 1626 suis.
776 1569 954 1653 Judas.
979 1575 1181 1644 pariter
1219 1592 1342 1631 cum
1374 1579 1508 1648 ipsis
1543 1581 1928 1640 inﬁrmabitur.
1960 1604 1980 1639 ι

411 1658 613 1714 Cuncti
643 1653 1006 1720 communiter
1025 1677 1336 1735 peccantes,
1376 1673 1738 1728 communiter
1767 1690 1984 1744 quoque

2099 489 2326 562 ἐμιάνθη
2365 492 2595 565 Ἰσραήλ.
2646 513 2664 546 ι
2698 491 2828 548 υἷδα
2877 497 3054 550 τοίνυν
3087 498 3283 562 αὐτοὺς
3324 499 3504 553 τέλεον
3538 502 3658 554 ἀπο

2099 582 2328 646 στάντας
2349 585 2505 654 ἐμοῦ,
2534 587 2628 640 καὶ
2657 590 2714 641 ἐν
2743 591 2812 659 τῇ·
2832 589 2939 641 τῶν
2962 589 3199 642 εἰδώλων
3219 591 3540 662 μιανθέντας
3579 591 3666 646 λαο

2097 672 2274 744 τρείᾳ.
2299 691 2317 724 ι
2343 676 2455 728 Ούκ
2478 676 2685 731 ἔδωκαν
2709 679 2776 733 τὰ
2805 680 3080 734 διαϐούλια
3103 682 3280 735 αὐτῶν
3303 682 3396 735 τοῦ
3414 683 3669 755 ἐπιστρέο

2093 760 2191 830 ψαι
2229 761 2367 830 πρὸς
2394 764 2484 818 τὸν
2499 765 2628 820 Θεὸν
2659 767 2859 832 αὐτῶν,
2883 769 2964 822 ὃτι
2990 769 3206 840 πνεῦμα
3241 771 3497 842 πορνείας
3521 773 3672 825 ἐστὶν

2093 853 2151 904 ἐν
2183 854 2395 918 αὐτοῖς·
2423 857 2514 910 τὸν
2536 857 2592 910 δέ
2620 858 2822 929 Κύριον
2845 860 2944 914 οὐκ
2963 861 3298 930 ἐπέγνωσαν.
3338 881 3357 914 ›
3400 863 3536 917 Ούδέ
3558 864 3671 936 γὰρ

2096 944 2553 1017 μεταϐαλλόμενοι
2583 947 2809 1019 γνώμην
2846 951 3004 1022 ἔσχον
3040 953 3136 1006 τοῦ
3162 953 3352 1008 νεῦσαι
3377 954 3516 1025 πρὸς
3543 956 3666 1026 ἐμέ,

2091 1035 2275 1107 ἐπειδὴ
2315 1038 2591 1103 παντελῶς
2630 1041 2766 1111 πρὸς
2797 1042 2858 1095 τὸ
2911 1046 3092 1115 χεῖρον
3129 1043 3442 1110 ἐξώκειλαν,
3475 1047 3669 1101 οὐδένα

2091 1126 2246 1195 λόγον
2273 1128 2544 1192 ἐθέλοντες
2577 1131 2710 1201 ἐμοῦ
2744 1134 3032 1190 ποιεῖσθαι.
3067 1155 3087 1186 ι
3132 1136 3244 1190 Καὶ
3263 1137 3669 1208 ταπεινωθήσε-

2089 1222 2229 1290 ταιή
2261 1219 2415 1290 ὕϐρις
2438 1220 2532 1274 τοῦ
2565 1224 2780 1294 Ἰσραήλ
2803 1227 2884 1288 εἰς
2909 1227 3194 1298 πρόσωπον
3219 1228 3404 1282 αὐτοῦ.
3436 1248 3454 1280 ι
3501 1229 3670 1283 Ἀλλὰ

2087 1307 2194 1377 γὰρ
2209 1308 2410 1382 ταύτης
2429 1312 2483 1364 δὲ
2504 1312 2601 1383 τῆς
2627 1315 2910 1385 παροινίας
2930 1318 3022 1370 καὶ
3045 1318 3143 1388 τῆς
3172 1317 3382 1390 ὕϐρεως
3402 1321 3469 1390 ἣν
3491 1321 3670 1392 ἐπαρ-

2085 1400 2261 1454 οίνουν
2301 1403 2633 1469 ἀποστάντες
2687 1407 2820 1476 ἐμοῦ
2844 1448 2859 1472 ,
2921 1411 3012 1462 καὶ
3067 1413 3496 1482 προσανέχοντες
3547 1415 3670 1476 τοῖς

2085 1492 2340 1558 εἰδώλοις,
2377 1495 2532 1562 ἀξίαν
2569 1497 2793 1553 δώσουσι
2829 1500 3006 1572 δίκην,
3034 1502 3197 1568 αὐτοὶ,
3223 1503 3411 1557 θεαταὶ
3451 1505 3551 1575 τῆς
3576 1505 3671 1557 olc-

2084 1584 2237 1648 κείας
2262 1586 2530 1657 γινόμενοι
2575 1590 2972 1656 ταπεινώσεως,
3008 1596 3088 1656 είς
3120 1596 3185 1665 ἢν
3213 1595 3300 1648 διὰ
3342 1597 3442 1667 τῆς
3486 1615 3670 1667 τιμω-

2088 1676 2209 1746 ρίας
2253 1681 2678 1751 καταστήσονται
2716 1682 2818 1753 τῆς
2872 1684 3029 1756 ἐμῆς.
3068 1704 3086 1736 ι
3129 1687 3238 1740 Καὶ
3295 1688 3510 1758 Ἰσραὴλ
3562 1687 3669 1741 καὶ

410 1767 632 1819 pmnam
665 1755 966 1824 perferent,
995 1769 1282 1830 propterea
1321 1763 1467 1832 quod
1509 1766 1772 1822 adversus
1803 1769 1973 1823 scien-

2096 1768 2334 1840 Ἐφραὶμ
2361 1771 2744 1844 ἀσθενήσουσιν
2767 1776 2824 1827 ἐν
2839 1780 2956 1840 ταῖς
2972 1755 3210 1841 ἀδικίαις
3226 1755 3424 1832 αὐτῶν·
3445 1755 3520 1849 (p.
3537 1781 3614 1835 39
3646 1783 3666 1849 )

409 1845 546 1897 tiam
598 1859 776 1900 meam
817 1846 1004 1917 injurii
1041 1848 1279 1906 fuerunt.
1315 1852 1406 1907 Sic
1439 1853 1600 1907 etiam
1664 1855 1857 1910 beatus
1903 1855 1980 1909 ait

408 1932 661 1992 Paulus:
699 1956 717 1989 ι
747 1938 969 2009 Eorum,
1003 1943 1096 2012 qui
1145 1947 1428 2000 veritatem
1477 1947 1530 2001 in
1574 1947 1846 2018 iniustitia
1884 1949 1980 2004 de-

408 2030 682 2097 tinent";
720 2051 738 2083 ι
781 2049 972 2103 nempe
1019 2051 1232 2102 eorum,
1262 2038 1354 2107 qui
1398 2039 1611 2094 veritati
1654 2040 1861 2096 faciunt
1896 2041 1980 2096 in.

402 2114 608 2186 juriam
641 2137 739 2176 sua
774 2123 838 2176 ad
872 2125 1062 2179 vitium
1098 2129 1464 2198 perversione.

476 2385 640 2444 Vens.
665 2393 882 2456 6-9.-‹
894 2403 1029 2458 Cum
1045 2401 1236 2458 ovibus
1249 2401 1359 2458 suis
1373 2419 1436 2460 ac
1449 2407 1628 2468 vitulis
1657 2414 1879 2473 ρει-εοηι
1907 2405 1973 2460 ad

403 2479 754 2546 quatrendum
775 2481 1154 2553 Dominum,et
1175 2504 1282 2544 non
1301 2491 1577 2546 invenient
1596 2509 1718 2548 eum
1740 2512 1753 2562 ;
1773 2496 1970 2550 etenim

403 2569 475 2625 ab
503 2570 638 2640 ipsis
665 2572 991 2641 declinavit,
1023 2589 1308 2651 postquam
1351 2582 1639 2639 Dominum
1670 2587 1974 2659 derelique-

401 2669 553 2716 runt.
577 2681 596 2714 ι
617 2662 842 2721 Etiamsi
870 2667 1076 2725 hostias
1097 2672 1442 2740 adduxerim,
1459 2675 1545 2730 his
1571 2686 1823 2746 putantes
1849 2697 1975 2750 pro-

400 2753 594 2823 pitium
613 2757 716 2813 sibi
736 2758 947 2817 Numen
974 2765 1222 2829 reddere,
1244 2767 1378 2822 nihil
1407 2769 1532 2824 inde
1545 2772 1655 2842 26
1669 2775 1972 2842 proﬁcient,

401 2843 515 2901 Deo
539 2864 764 2918 prorsus
792 2863 1116 2922 aversante;
1152 2859 1586 2930 quandoquidem
1617 2880 1683 2918 eo
1713 2864 1972 2932 dimisso,

397 2937 561 2994 idolis
594 2947 740 2998 totos
765 2958 824 2998 se
844 2943 1189 3003 dediderunt.
1225 2969 1244 3001 ‹
1275 2950 1410 3016 Quia
1444 2953 1585 3009 ﬁlios
1617 2956 1825 3012 alienos
1862 2959 1967 3014 sibi

2081 1860 2174 1912 καὶ
2216 1860 2500 1933 ἀσθενήσει
2550 1865 2642 1918 καὶ
2686 1866 2882 1930 Ἰούδας
2924 1870 3042 1938 μετ’
3070 1871 3267 1923 αὐτῶν.
3313 1891 3332 1922 ›
3380 1871 3668 1935 ’Ἅπαντες

2079 1955 2230 2024 κοινῇ
2263 1954 2724 2026 πλημμελοῦντες,
2764 1963 2913 2031 κοινῇ
2949 1962 3040 2014 καὶ
3077 1961 3175 2033 τὴν
3206 1963 3480 2032 τιμωρίαν
3519 1965 3665 2017 ὑπο-

2082 2044 2349 2112 μενοῦσιν,
2393 2048 2533 2119 ὑπὲρ
2573 2043 2647 2103 ὧν
2689 2050 2786 2122 τὴν
2823 2052 3022 2121 γνῶσιν
3072 2054 3291 2124 ἠδίκουν
3344 2055 3442 2126 τὴν
3490 2056 3661 2126 ἐμήν.

2079 2134 2234 2188 υῦτω
2278 2138 2371 2190 καὶ
2402 2141 2430 2192 ὁ
2467 2140 2736 2212 μακάριος
2775 2142 2922 2212 λέγει
2963 2144 3170 2208 Παῦλος
3211 2145 3292 2210 τὺ,
3339 2165 3358 2197 ι
3397 2146 3519 2198 Τῶν
3553 2146 3665 2215 τὴν

2083 2223 2340 2293 ἀλήθειαν
2363 2228 2420 2281 ἐν
2446 2229 2628 2300 ἀδικίᾳ
2659 2232 3012 2302 κατεχόντων·
3052 2251 3071 2284 ι
3106 2233 3194 2287 ἵνα
3225 2235 3374 2307 εἴπῃ,
3404 2234 3526 2287 Τῶν
3553 2233 3671 2304 τὴν

2079 2313 2336 2386 ἀλήθειαν
2370 2321 2436 2390 τῇ
2464 2319 2600 2389 πρὸς
2625 2323 2686 2374 τὸ
2714 2325 2893 2394 χεῖρον
2929 2323 3258 2379 ἀδικούντων
3286 2327 3550 2398 ἐκτροπῇ.

2150 2409 2296 2480 Στίχ.
2354 2412 2503 2475 ςὀθν.
2561 2445 2631 2454 -
2680 2435 2699 2466 ι
2759 2417 2912 2470 Μετά
2962 2418 3251 2490 προϐάτων
3291 2421 3386 2473 καὶ
3433 2420 3672 2490 μόσχων

2078 2499 2430 2569 πορεύσονται
2486 2503 2580 2556 τοῦ
2638 2504 2933 2576 ἐκζητῆσαι
2990 2507 3082 2561 τὸν
3141 2507 3381 2578 Κύριον.
3433 2507 3530 2560 καὶ
3589 2508 3672 2560 ού

2081 2590 2154 2660 μὴ
2188 2590 2422 2662 εὕρωσιν
2458 2595 2654 2649 αὐτόν·
2691 2598 2976 2654 ἐκκέκλικε
3022 2600 3132 2672 γὰρ
3175 2602 3271 2655 ἀπ’
3316 2601 3519 2665 αὐτῶν,
3567 2602 3676 2654 ὅτττ

2071 2679 2163 2732 τὸν
2225 2681 2429 2754 Κύριον
2473 2686 2847 2754 ἐγκατέλιπον.
2904 2708 2924 2742 ι
2971 2691 3097 2744 Κᾶν
3141 2691 3332 2756 θυσίας
3374 2693 3434 2745 δέ
3479 2709 3667 2765 προσδ

2071 2767 2268 2837 άγωσι,
2291 2771 2500 2836 τούτοις
2532 2774 2870 2841 ἐξιλεοῦσθαι
2899 2779 3213 2850 νομίζοντες
3244 2781 3307 2835 τὸ
3344 2782 3525 2847 Θεῖον,
3553 2783 3660 2837 οὐ-

2069 2860 2157 2913 δὲν
2204 2861 2452 2916 ἐντεῦθεν
2497 2864 2677 2929 ἕξουσι
2711 2867 2894 2933 πλέον,
2939 2870 3389 2942 ἐκτετραμμένον
3427 2875 3674 2938 πάντως

2067 2951 2265 3015 αὐτοὺς
2294 2953 2388 3006 τοῦ
2417 2953 2551 3008 Θεοῦ
2577 2972 2591 2986 ⁸
2620 2958 2760 3030 ὑπὲρ
2783 2952 2858 3014 ὧν
2881 2961 3113 3030 ἀφέντες
3133 2964 3319 3028 αὐτὸν,
3360 2964 3666 3029 παντελῶς

399 3042 726 3096 genuerunt.
753 3053 772 3086 ι
810 3032 947 3089 Nam
967 3045 1022 3091 et
1049 3054 1171 3093 cum
1206 3042 1460 3110 gentibus
1494 3053 1688 3111 praeter
1717 3049 1966 3116 pra:scri-

2093 3041 2178 3102 :o't’;
2193 3039 2427 3106 εἰδώλοις
2455 3027 2759 3115 προσεῖχον.
2783 3065 2801 3098 ι
2832 3027 2951 3104 ’Ότι
2966 3051 3130 3105 τέκνα
3149 3053 3405 3125 ἀλλότρια
3421 3027 3660 3126 ἐγέννηζ

400 3127 554 3188 ptum
583 3123 831 3195 conjugia
853 3127 1164 3193 miscentes,
1196 3146 1262 3186 ex
1307 3134 1735 3206 alienigenarum
1775 3141 1968 3209 copula

401 3210 604 3267 liberos
639 3229 1017 3287 susceperunt.
1057 3220 1197 3292 Ergo
1233 3223 1362 3278 hinc
1399 3226 1563 3281 etiam
1599 3229 1967 3286 omnimodam

398 3301 617 3356 illorum
675 3321 798 3360 cum
849 3308 1170 3378 alienigenis
1216 3315 1651 3373 commistionem
1705 3322 1966 3388 ostendit,

398 3396 525 3464 quia
561 3412 624 3451 ex
671 3398 756 3453 his
787 3399 949 3454 etiam
982 3402 1136 3457 liberi
1183 3405 1319 3473 ipsis
1348 3407 1459 3460 nati
1499 3409 1632 3463 sint.
1669 3408 1783 3464 Hoc
1819 3413 1965 3466 enim

396 3485 507 3538 illis
558 3487 887 3556 improperat
940 3492 1100 3544 etiam
1150 3493 1344 3548 beatus
1383 3494 1552 3550 David
1587 3499 1817 3554 dicens:
1857 3522 1875 3552 ι
1903 3502 1968 3555 Ει

396 3575 665 3630 connuisti
687 3585 814 3630 sunt
838 3578 980 3632 inter
997 3587 1184 3648 gentes
1200 3581 1261 3634 ⁸⁸.
1277 3582 1562 3637 t—«Nunc
1580 3583 1855 3640 devorabit
1873 3602 1967 3641 eos

396 3669 615 3738 rubigo,
665 3688 877 3726 necnon
908 3673 1253 3730 hareditates
1295 3676 1561 3745 ipsorum.
1591 3700 1608 3730 ι
1644 3678 1785 3734 Dicit
1814 3681 1969 3734 nimi-

395 3775 516 3814 rum
543 3778 601 3816 se
629 3771 885 3833 tanquam
917 3767 1153 3836 rubigini
1181 3770 1509 3823 traditurum
1535 3786 1630 3826 eos
1658 3772 1825 3827 cxitio
1843 3790 1965 3828 cum

395 3855 724 3923 patrimonio
744 3857 1017 3912 universo.
1050 3857 1329 3931 «Clangite
1347 3863 1578 3916 buccina
1597 3879 1759 3934 super
1777 3867 1964 3931 colles,

395 3953 586 3999 sonate
636 3961 798 4015 super
853 3950 1088 4016 excelsa,
1149 3952 1437 4020 praedicate
1475 3954 1531 4007 in
1583 3954 1745 4009 domo
1801 3956 1904 4010 On.
1941 3975 1960 4007 ι

396 4036 649 4102 Cunctis,
683 4038 880 4108 inquit,
912 4041 1068 4105 locis,
1101 4042 1193 4095 ubi
1229 4043 1562 4112 impietatem
1610 4055 1846 4102 vestram
1871 4063 1967 4117 pa-

393 4129 606 4192 trastis,
653 4132 872 4184 omissis
902 4134 1182 4188 consuetis
1222 4133 1443 4201 ritibus,
1500 4136 1732 4191 clamate
1758 4140 1962 4206 potius,

392 4234 504 4288 quo
527 4220 681 4276 vobis
711 4229 970 4276 eventura
1001 4225 1137 4277 mala
1157 4226 1791 4295 portendatis.Quamam
1819 4231 1966 4284 haec?

2071 3148 2167 3183 σαν
2191 3133 2420 3197 ἐαυτοῖς.
2460 3153 2479 3186 ι
2512 3136 2620 3190 Καὶ
2636 3136 2743 3208 γὰρ
2771 3140 2864 3192 καὶ
2893 3143 3006 3205 τοῖς
3037 3142 3214 3197 ἔθνεσι
3253 3147 3406 3218 παρά
3429 3148 3492 3200 τὸ
3522 3148 3660 3202 δια.-

2067 3221 2394 3291 τεταγμένον
2437 3225 2800 3295 ἐπιμιγέντες,
2827 3227 2886 3294 ἐξ
2913 3230 3224 3300 ἀλλοφύλων
3269 3236 3670 3292 ἐτεκνώσαντον

2068 3310 2346 3380 ἐπιμιξίας
2370 3330 2384 3344 ·
2431 3314 2588 3368 τοῦτο
2627 3317 2736 3387 γὰρ
2766 3319 2949 3384 αὐτοῖς
2988 3322 3084 3374 καὶ
3111 3324 3139 3375 ὁ
3181 3325 3451 3396 μακάριος
3481 3327 3658 3383 Δαυῒδ

2068 3402 2288 3470 ἐγκαλεῖ
2331 3404 2504 3473 λέγων
2527 3422 2540 3436 ·
2576 3427 2595 3459 ‹
2629 3409 2740 3462 Καὶ
2768 3412 3110 3482 ἐπεμίγησαν
3147 3417 3205 3468 ἐν
3236 3419 3348 3480 τοῖς
3378 3417 3583 3473 ἔθνεσι.
3630 3440 3652 3472 ι

2068 3495 2362 3550 Κάνταῦθα
2393 3499 2568 3552 τοίνυν
2591 3501 2690 3569 τὴν
2725 3504 2960 3575 παντελῆ
2997 3506 3133 3576 πρὸς
3165 3510 3295 3570 τοὺς
3322 3509 3670 3580 ἀλλοτρίους-

2069 3585 2346 3654 ἐπιμιξίαν
2366 3587 2533 3659 δηλοῖ,
2568 3592 2629 3643 τὸ
2660 3592 2824 3646 τέκνα
2849 3595 3032 3660 αὐτοῖς
3062 3597 3120 3663 ἐξ
3152 3597 3332 3652 αὐτῶν
3362 3601 3654 3667 γενέσθαι.

2074 3694 2092 3727 ι
2125 3675 2234 3729 Νῦν
2260 3680 2630 3748 καταφάγεται
2667 3683 2921 3756 αὐτοὺςή
2955 3687 3180 3758 ἐρυσίϐη
3223 3689 3318 3741 καὶ
3357 3692 3487 3754 τοὺς
3513 3693 3674 3764 κλήος

2073 3784 2196 3837 ρους
2235 3769 2433 3825 αὐτῶν.
2460 3791 2478 3821 ι
2507 3772 2622 3824 Ἵνα
2655 3773 2782 3846 εἴπῃ
2815 3775 2895 3828 ὅτι
2929 3777 3096 3849 Δίκην
3137 3795 3196 3831 τε
3243 3781 3507 3851 ἐρυσίϐης
3549 3783 3658 3835 αὐ-

2067 3858 2192 3923 τούς
2220 3877 2279 3913 τε
2318 3863 2411 3914 καὶ
2436 3862 2504 3916 τὰ
2537 3865 2805 3934 προσόντα
2854 3869 3038 3932 αὐτοῖς
3078 3871 3295 3925 ἅπαντα
3332 3875 3658 3944 παραδώσω

2069 3951 2264 4022 φθορᾷ.
2317 3971 2336 4003 ‹
2393 3953 2696 4007 Σαλπίσατε
2743 3956 3007 4026 σάλπιγγι
3064 3961 3157 4012 ἐπὶ
3206 3963 3334 4026 τοὺς
3383 3963 3652 4033 βουνούς·

2067 4043 2308 4112 ὴχήσστε
2366 4045 2458 4097 ἐπὶ
2503 4045 2609 4098 τῶν
2661 4046 2904 4116 ὑψηλῶν,
2954 4049 3227 4120 κηρύξατε
3279 4054 3337 4106 ἐν
3385 4054 3464 4124 τῷ
3507 4056 3656 4129 οῑκῳ

2071 4136 2187 4188 Ἤν.
2227 4154 2245 4187 ι
2296 4136 2382 4188 Ἐν
2427 4136 2598 4190 ἅπασι
2629 4138 2708 4202 δέ,
2753 4139 2906 4210 φησὶ,
2937 4143 3051 4203 τοῖς
3091 4141 3276 4205 τόποις
3316 4145 3374 4196 ἐν
3421 4139 3504 4208 οἷς
3543 4147 3656 4219 τὴν

2065 4227 2317 4279 ἀσέϐειαν
2370 4228 2688 4298 εἰργάζεσθε
2747 4230 2844 4301 τὴν
2887 4232 3113 4298 οἰκείαν,
3152 4233 3226 4304 (p.
3260 4234 3353 4305 40)
3403 4238 3650 4305 ἀφέντες

399 4331 416 4359 ι
436 4309 729 4382 Obstupuit
755 4313 1063 4382 Benjamin,
1096 4314 1355 4386 Ephraim
1384 4317 1440 4372 in
1467 4318 1802 4376 desolatione
1839 4321 1961 4383 fuit,

2093 4317 2164 4381 ’ἀς
2209 4318 2462 4389 συνήθεις
2503 4321 2758 4385 σπουδὰς,
2821 4322 3052 4394 βοήσατε
3098 4325 3330 4394 μᾶλλον,
3389 4329 3459 4382 τὰ
3513 4333 3654 4402 περὶ

391 4403 446 4458 in
480 4403 671 4460 diebus
700 4407 1084 4476 correptionis.
1112 4428 1130 4460 ι
1171 4408 1471 4479 Benjamini
1496 4414 1736 4478 nomine,
1766 4413 1965 4469 Jud:e:e

2093 4411 2212 4480 υμᾶς
2250 4410 2385 4482 ὑπὲρ
2429 4410 2632 4464 τούτων
2669 4413 2902 4483 ἐσόμενα
2952 4415 3250 4486 μηνύοντες
3287 4421 3453 4473 κακά.
3506 4422 3654 4476 Ποῖα

390 4510 618 4566 regnum
645 4498 807 4564 dicit;
838 4497 1134 4568 Ephraimo
1162 4511 1368 4566 autem,
1405 4501 1596 4557 decem
1629 4504 1852 4559 denotat
1876 4508 1969 4584 tri-

392 4586 516 4642 bus.
552 4586 738 4658 Neque
765 4605 895 4644 vero
925 4591 1002 4644 ait
1032 4591 1182 4644 illum
1208 4593 1577 4662 obstupuisse,
1607 4595 1752 4650 hunc
1785 4605 1964 4652 autem

391 4679 726 4747 desolatum;
763 4681 857 4736 sed
887 4683 957 4736 de
1009 4690 1240 4752 utroque
1280 4685 1647 4740 communiter
1673 4694 1966 4758 utrumque

390 4771 543 4833 dicit,
582 4788 777 4842 nempe
829 4774 974 4844 quod
1020 4776 1410 4845 Obstupescent
1461 4787 1515 4831 et
1543 4778 1956 4837 desolabuntur.

395 4879 416 4913 ι
435 4860 494 4914 1η
525 4862 716 4918 diebus
735 4866 1116 4934 correptionis,
1141 4887 1157 4918 ι
1177 4866 1230 4920 id
1255 4877 1340 4921 est
1367 4868 1423 4921 in
1445 4868 1682 4923 hostium
1702 4871 1953 4937 incursu,

389 4968 531 5022 quos
585 4954 702 5023 ipse
756 4955 1008 5021 adducet,
1058 4968 1119 5011 ut
1171 4960 1357 5028 populi
1410 4959 1495 5014 sui
1542 4963 1957 5030 perversitatem

389 5045 568 5112 palam
623 5046 873 5116 castiget.
914 5046 1315 5117 Obstupescent
1362 5068 1513 5122 ergo,
1552 5055 1646 5118 ait,
1695 5057 1958 5110 mirantes

392 5135 628 5189 subitam
663 5151 843 5189 rerum
883 5152 1108 5192 suarum
1154 5143 1561 5213 catastrophcn,
1613 5145 1666 5197 in
1697 5160 1804 5214 qua
1836 5145 1961 5200 fun-

392 5227 540 5282 ditus
579 5228 961 5290 destruentur,
1012 5245 1098 5285 me
1143 5231 1331 5288 hostes
1389 5235 1470 5289 eis
1505 5236 1850 5296 immittente.
1908 5246 1964 5292 et

392 5322 671 5384 peractam
712 5317 780 5370 ab
817 5318 952 5387 ipsis
995 5320 1488 5390 transgressionem
1521 5324 1803 5392 puniente.
1841 5323 1962 5378 Jam

393 5420 509 5458 rem
533 5422 876 5463 communem
907 5410 1119 5466 diteresi
1147 5412 1278 5476 dici,
1310 5413 1514 5484 passim
1547 5416 1851 5484 comperire
1880 5424 1966 5470 est

393 5494 559 5548 etiam
587 5496 728 5566 apud
761 5498 976 5553 beatum
998 5500 1255 5557 Davidem
1280 5541 1296 5566 ,
1332 5502 1479 5556 velut
1502 5517 1625 5556 cum
1664 5503 1771 5557 ait:
1819 5523 1838 5554 ι
1864 5505 1961 5559 Dte

397 5585 650 5652 clamavi,
683 5596 737 5643 et
767 5598 926 5646 nocte
953 5606 1138 5647 coram
1181 5594 1317 5661 te";
1341 5613 1360 5645 ι
1394 5609 1504 5649 non
1533 5593 1606 5647 ait
1636 5609 1694 5649 sc
1722 5594 1959 5648 interdiu

471 5743 512 5774 “
541 5743 697 5800 Rom.
732 5761 768 5814 ι,
804 5746 881 5804 l8.

967 5751 1005 5781 ¹⁸
1027 5748 1169 5806 Psal.
1203 5765 1288 5821 σν,
1325 5751 1392 5806 ὢ
1492 5752 1534 5784 ¹⁶
1566 5749 1708 5806 l’sal.
1737 5749 2052 5826 ιιιῖνιιβ.

2062 4500 2265 4567 ταῦτα;
2323 4519 2342 4552 ι
2408 4499 2628 4572 Ἐξέστη
2700 4503 2978 4575 Βενιαμὶν,
3058 4507 3296 4580 Ἐφραῒμ
3356 4513 3435 4575 είς
3497 4517 3656 4582 ἀφα-

2061 4590 2250 4657 νισμὸν
2289 4589 2506 4658 ἐγένετο
2529 4591 2588 4643 ἐν
2623 4591 2859 4662 ἡμέραις
2891 4593 3136 4665 ἐλέγχου.
3171 4615 3190 4647 ι
3239 4599 3371 4652 Ἀπὸ
3402 4600 3504 4670 μὲν
3531 4602 3662 4675 γὰρ

2058 4679 2152 4733 τοῦ
2187 4679 2442 4749 Βενιαμὶν
2488 4679 2582 4751 τὴν
2611 4681 2711 4751 τῆς
2749 4682 3007 4748 Ἰουδαίας
3050 4685 3195 4754 λέγει
3226 4687 3508 4756 βασιλείαν
3533 4709 3547 4721 ο
3576 4694 3654 4746 ἐκ

2063 4773 2120 4823 δέ
2145 4771 2238 4824 τοῦ
2282 4771 2518 4841 Ἐφραῖμ
2540 4772 2639 4836 τὰς
2673 4773 2802 4827 δέκα
2831 4775 3024 4845 μηνύει
3052 4777 3260 4845 φυλάςο
3293 4781 3354 4833 οὐ
3385 4782 3548 4835 τοῦτο
3585 4785 3654 4839 δὲ

2065 4862 2230 4930 λέγει,
2263 4864 2342 4915 ὅτι
2366 4863 2392 4912 ὁ
2419 4863 2514 4931 μὲν
2540 4863 2753 4934 ἐξέστη,
2780 4865 2808 4916 ὁ
2831 4865 2887 4917 δὲ
2913 4867 2993 4926 είς
3039 4868 3342 4939 ἀφανισμὸν
3382 4872 3610 4939 ἐγένετο
3631 4893 3658 4908 ο

2064 4954 2177 5007 ἀλλ’
2214 4955 2300 5006 ἵνα
2332 4957 2481 5022 κοινῇ
2516 4955 2601 5005 ἐπ’
2653 4955 2977 5026 ἀμφοτέρων
3020 4958 3148 5028 είπῃ
3188 4959 3251 5012 τὸ
3298 4965 3656 5034 συναμφότε-

2067 5063 2179 5118 ρον,
2215 5049 2296 5100 ὃτι
2345 5048 2694 5116 ἐκστήσονται
2745 5049 2841 5099 καὶ
2895 5048 2972 5113 εἰς
3026 5050 3337 5120 ἀφανισμὸν
3382 5054 3649 5110 ἔσονται.

2060 5137 2154 5190 καὶ
2193 5156 2210 5188 ι
2248 5139 2303 5188 ἐν
2330 5137 2564 5207 ἡμέραις
2589 5138 2681 5191 τοῦ
2709 5138 2930 5209 ἐλέγχου
2970 5159 2988 5192 ι
3019 5141 3167 5210 λέγει
3196 5144 3254 5196 δὲ
3279 5145 3338 5198 ἐν
3360 5148 3428 5217 τῇ
3464 5148 3652 5220 ἐφόδῳ

2059 5230 2167 5283 τῶν
2213 5229 2506 5298 πολεμίων,
2555 5230 2623 5299 ἣν
2678 5231 2889 5297 ἐπάξει,
2914 5231 3013 5297 τὰς
3055 5237 3405 5306 παρανομίας
3459 5239 3651 5292 αὐτῶν

2060 5320 2296 5389 ἐλέγχων
2345 5321 2649 5390 προδήλως.
2715 5323 3103 5394 Ἐκστήσονται
3140 5323 3255 5393 οὖν,
3306 5330 3497 5398 φησὶν,
3550 5332 3652 5385 ἐκ-

2063 5411 2416 5480 πληττόμενοι
2451 5411 2552 5480 τῆς
2585 5413 2712 5483 περὶ¹
2738 5414 2936 5477 αὐτοὺς
2977 5417 3278 5485 μεταϐολῆς
3305 5420 3369 5472 τὸ
3417 5421 3648 5491 ἀθρόον,

2066 5503 2156 5570 ὑφ’
2189 5496 2255 5573 ἧς
2280 5503 2737 5574 ἀφανισθήσονται
2766 5506 3044 5570 παντελῶς
3065 5524 3080 5539 ο
3105 5499 3240 5578 ἐμοῦ
3274 5510 3406 5574 τούς
3433 5529 3496 5564 τε
3540 5529 3650 5568 πο-

2065 5593 2284 5664 λεμίους
2332 5594 2512 5658 αὐτοῖς
2558 5595 2874 5664 ἐπάγοντος,
2921 5598 3016 5651 καὶ
3059 5596 3158 5670 τήν
3207 5600 3650 5674 ἐπιτελουμένην
