3814 6224
197 248 276 304 l5?
1213 256 1760 317 COMMENTARIUS
1792 260 1859 316 IN
1897 261 2100 319 OSEJE
2139 261 2286 319 CAP.
2322 258 2386 314 ν.

3292 257 3398 319 158

193 366 298 435 παρ’
320 365 498 429 αὐτοῖς
526 365 837 436 ἐλέγχοντος
871 371 1239 441 παρανομίαν⁶
1272 374 1331 426 τὺ
1356 374 1412 427 δὲ
1442 375 1503 426 τὸ
1543 376 1721 428 κοινὸν

1828 380 2083 444 clamare,
2115 390 2168 434 et
2199 386 2360 432 noctu
2388 392 2574 433 coram
2610 376 2719 433 Deo
2747 376 2927 448 loqui;
2963 375 3055 433 sed
3087 376 3163 430 ait
3189 376 3394 446 potius,

190 456 308 509 κατά
330 457 584 525 διαίρεσιν
610 458 806 525 λέγειν,
830 459 979 530 ε’ύροι
1006 462 1071 515 ἄν
1096 479 1181 525 τις
1213 466 1433 533 συνεχὲς
1458 467 1551 517 καὶ
1580 468 1729 537 παρὰ

188 546 252 617 τῷ
276 547 523 618 μακαρίῳ
554 548 717 601 Δαυῖδ
738 564 752 577 ·
786 548 860 611 ὡς
889 552 1016 603 ὅταν
1043 551 1176 624 λέγῃ
1199 570 1213 584 ο
1254 574 1271 605 ι
1326 554 1564 625 Ἡμέρας
1603 557 1728 609 ἐκέ-

189 639 472 707 κραξα,κα“ι
500 640 557 691 ἐν
583 640 737 692 νυκτὶ
767 642 1005 694 ἐναντίον
1032 659 1124 695 σου
1149 659 1162 673 °
1192 662 1210 695 ι
1233 645 1331 696 οὐκ
1349 647 1405 697 ἐν
1433 645 1614 715 ἡμέρα
1633 646 1729 714 μὲν

190 728 297 799 βοᾷν
330 729 518 797 λέγων,
574 732 632 783 ἐι
678 732 833 784 νυκτὶ
874 732 930 785 δὲ
982 734 1221 787 ἐναντίον
1261 736 1595 803 φθέγγεσθαι
1633 737 1728 789 τοῦ

186 819 334 871 Θεοῦ·
367 821 482 873 ἀλλ’
517 822 601 874 ἵνα
629 822 783 893 εἴπῃ,
810 824 892 876 ὅτι
948 825 1186 895 Ἡμέρας
1230 826 1325 879 καὶ
1371 827 1563 889 νυκτὸς
1604 828 1728 880 ἐκέ-

186 908 339 976 κραξα
364 912 604 964 ἐναντίον
632 930 725 965 σου
750 931 763 944 ·
798 914 940 966 κατά
989 914 1248 986 διαίρεσιν
1296 916 1473 969 τοίνυν
1518 912 1639 970 εἶπε
1666 918 1727 971 τὸ

186 999 373 1051 κοινόν·
402 1000 544 1053 οὕτω
575 1003 850 1056 κάνταῦθα
871 1004 1019 1070 λέγει
1042 1005 1156 1066 τὸ,ι
1196 1004 1415 1075 Ἐξέστη
1448 1007 1722 1076 Βενιαμὶν,

196 1088 415 1159 Ἐφραῖμ
438 1094 517 1155 είς
543 1094 849 1164 ἀφανισμὸν
879 1096 1114 1163 ἐγένετο*
1157 1116 1174 1148 ι
1205 1099 1291 1151 ἵνα
1323 1099 1451 1170 εἴπῃ
1474 1102 1555 1153 δτι
1584 1103 1725 1154 κατά

180 1180 338 1234 κοινοῦ
362 1182 656 1254 ἐξέστησαν
697 1203 756 1238 τε
813 1187 907 1239 καὶ
945 1189 1023 1251 είς
1063 1190 1371 1260 ἀφανισμὸν
1413 1192 1719 1259 γεγόνασιν.

182 1288 198 1321 ι
240 1271 322 1323 Ἐν
358 1275 477 1337 ταῖς
520 1274 710 1342 φυλαῖς
761 1277 975 1347 Ἰσραὴλ
1019 1278 1197 1345 ἔδειξα
1245 1282 1431 1335 πιστά.
1469 1300 1489 1333 ι
1526 1283 1600 1352 (ρ.
1629 1282 1720 1348 41)

1832 468 2073 523 Interdiu
2109 478 2382 536 noctuque
2400 468 2630 522 clamavi
2656 482 2837 521 coram
2862 475 2935 521 te.
2973 465 3112 535 Ergo
3144 481 3237 535 per
3262 465 3399 537 ligu-

1831 572 1946 611 ram
1974 559 2266 613 diaereseos
2297 573 2407 612 rem
2432 572 2780 611 communem
2801 556 2959 610 dixit.
2993 555 3083 609 Sic
3107 555 3270 610 etiam
3295 555 3401 609 hoc

1830 648 1951 702 loco
1976 650 2079 703 ait:
2128 668 2146 699 ι
2171 648 2462 718 Obstupuit
2504 648 2813 716 Benjamin,
2865 646 3119 716 Ephraim
3158 646 3211 699 in
3242 644 3402 701 deso-

1831 739 2032 795 latione
2084 740 2212 807 iuit;
2259 760 2276 791 ι
2318 748 2377 793 ut
2409 740 2685 793 communi
2721 738 2826 807 27
2854 738 3116 792 ambobus
3162 737 3399 791 dictione

1829 831 1996 895 dicat,
2015 832 2424 901 Obstupuerunt
2456 838 2510 885 et
2537 829 2765 885 desolati
2804 839 2949 885 sunt.
3007 847 3025 879 ι
3056 828 3112 882 1η
3143 828 3397 883 tribubus

1830 921 2049 977 lsraelis
2082 924 2294 977 ostendi
2326 924 2525 978 iidelia.
2548 942 2567 975 ›
2609 921 2733 976 "me
2766 922 3025 975 nimirum
3059 921 3165 975 illis
3201 919 3397 987 impin-

1831 1028 1983 1082 gens.
2040 1013 2307 1067 minarum
2354 1028 2598 1068 mearum
2649 1014 2929 1067 veritatem
2981 1011 3399 1079 ﬁrmitatemque

1829 1104 2216 1173 comprobabo,
2254 1104 2453 1173 quibus
2492 1119 2523 1157 a
2556 1104 2943 1172 prophetarum
2975 1101 3257 1155 intentatis
3302 1097 3396 1157 isti

1827 1208 1938 1247 non
2003 1194 2399 1249 crediderunt:
2474 1194 2712 1249 sentient
2783 1202 2961 1247 autem
3023 1190 3397 1261 experimento

1824 1285 2000 1341 edocti
2055 1286 2235 1341 ﬁdelia
2283 1286 2468 1340 omnia
2513 1301 2578 1340 ac
2622 1285 2838 1341 veracia
2885 1284 3057 1339 fuisse
3091 1298 3211 1353 quae
3246 1281 3394 1336 dicta

176 1362 341 1417 Ταῦτα
369 1365 426 1418 δὲ
451 1367 672 1435 ἐπάγων
720 1369 919 1433 αὐτοῖς,
968 1371 1172 1438 ἐλέγξω
1194 1372 1302 1427 τῶν
1343 1373 1583 1426 ἀπειλῶν
1611 1374 1720 1426 τῶν
1820 1374 2056 1429 fuerant.

174 1455 307 1524 ἐμῶν
332 1456 392 1509 τὸ
414 1456 614 1527 ἀληθὲς
642 1462 734 1513 καὶ
762 1462 996 1529 βέϐαιον,
1040 1460 1129 1529 αἷς
1165 1466 1254 1519 διὰ
1290 1467 1400 1521 τῶν
1451 1469 1742 1539 προφητῶν
1769 1471 2081 1540 γινομέναις
2131 1472 2425 1542 ἠπίστουνο
2458 1470 2804 1541 αἰσθήσονται
2865 1470 2922 1523 δὲ
2951 1469 3016 1522 ἐκ
3057 1468 3159 1537 τῆς
3200 1466 3401 1537 πείρας

172 1549 243 1601 δτι
272 1547 448 1602 πάντα
476 1545 543 1620 ἦν
574 1551 737 1604 πιστά
762 1570 819 1605 τε
845 1555 938 1607 καὶ
964 1555 1165 1627 ἀψευδῆ
1192 1557 1260 1610 τά
1287 1557 1571 1629 λεγόμενα.

232 1643 371 1711 Στίχ.
411 1642 570 1713 ι’-ιβ’.
599 1674 672 1687 --
706 1666 724 1697 ι
772 1647 1045 1715 Ἐγένοντο
1070 1650 1121 1702 οἱ
1150 1606 1614 1721 άρχοντεςιῖιούδα
1640 1652 1715 1715 ὡς

1890 1650 2057 1705 Vens.
2086 1606 2268 1706 104.2.
2286 1679 2356 1690 -—
2387 1669 2405 1701 ι
2426 1647 2574 1703 Facti
2603 1655 2730 1703 sunt
2757 1648 3035 1718 principes
3059 1646 3213 1702 Judze
3235 1645 3397 1717 quasi

173 1736 536 1804 μετατιθέντες
580 1739 721 1809 ὅρια.
761 1758 779 1790 ι
814 1740 1023 1811 Ὥσπερ
1054 1740 1162 1813 γὰρ
1202 1745 1251 1795 οἱ
1278 1742 1348 1796 τά
1393 1746 1596 1814 σημεῖα
1625 1744 1724 1813 τῆς

168 1827 265 1881 τῶν
288 1829 478 1901 χωρῶν
508 1831 824 1902 διαιρέσεως
853 1834 1210 1905 ἀφαιροῦντες
1237 1836 1585 1906 λυμαίνονται
1611 1839 1725 1900 τοῖς

168 1920 258 1985 τῆς
283 1921 601 1987 δεσποτείας
630 1924 879 1989 δικαίοις,
910 1927 1081 1991 οὕτως
1110 1929 1286 1998 ὑμεῖς,
1324 1929 1480 1999 φησὶ,
1524 1930 1724 1998 πολλῆς

167 2012 319 2083 οὔσης
342 2012 661 2085 διαιρέσεως
700 2017 901 2087 μεταξὺ
938 2018 1071 2089 ἐμοῦ
1109 2036 1169 2071 τε
1202 2020 1427 2073 καὶτῶν
1469 2020 1720 2084 εἰδώλων,

166 2102 236 2172 τῷ
263 2105 563 2174 προσήκειν
604 2107 700 2175 μὲν
725 2109 849 2177 ἐμοὶ
872 2108 972 2178 τὴν
1017 2109 1153 2163 Θεοῦ
1183 2112 1348 2180 τιμήν
1379 2128 1438 2163 τε
1473 2113 1568 2165 καὶ
1608 2112 1723 2164 ὀνο-

170 2197 373 2261 μασίαν,
409 2196 717 2260 ἐκείνοις-δὲ
741 2200 850 2250 οὐδ’
874 2198 1029 2263 ὅλως,
1050 2200 1268 2272 ἀρραγῆ
1296 2201 1478 2255 δίκαια
1509 2202 1722 2266 πολλοῖς

162 2301 216 2340 τε
253 2285 345 2341 καὶ
372 2288 641 2351 ποικίλοις
668 2288 969 2361 διῃρημένα
1003 2292 1243 2362 τρόποις,
1273 2293 1336 2345 τό
1379 2310 1443 2361 γε
1477 2294 1561 2363 ἐφ’
1591 2294 1719 2363 ὑμῖν

163 2376 447 2442 διελύσατε,
468 2378 572 2449 τὴν
591 2380 711 2449 ἐμοὶ
733 2379 1042 2451 προσοῦσαν
1062 2382 1356 2452 ὀνομασίαν
1370 2401 1427 2436 τε
1442 2386 1537 2438 καὶ
1559 2384 1723 2457 τιμὴν

161 2470 518 2540 περιάψαντες
545 2471 792 2533 ἐκείνοις.
825 2491 843 2523 ι
898 2472 1013 2525 Ἐπ’
1038 2475 1235 2537 αὐτοὺς
1264 2476 1439 2545 ἐκχεῶ
1466 2476 1541 2540 ὡς
1572 2476 1717 2546 ὕδωρ

159 2559 214 2611 τὸ
237 2561 466 2631 ὄρμημά
499 2578 623 2630 μου.
664 2581 683 2613 ι
716 2562 927 2632 Φοϐερᾷ
964 2564 1016 2629 γ’
1053 2559 1146 2616 οὖν
1188 2582 1293 2616 τινι
1338 2566 1611 2634 χρήσομαι
1654 2567 1721 2635 τῇ

160 2653 270 2704 κατ’
308 2651 492 2705 αὐτῶν
530 2654 675 2723 ὁρμῇ
703 2652 1112 2723 τετολμηκότων
1149 2653 1393 2718 τοιαῦτα,
1422 2654 1575 2724 δίκην
1607 2653 1725 2707 ὓδα-

159 2759 241 2804 τος
292 2743 599 2805 ἐπικλύσας
653 2745 849 2807 αὐτοὺς
900 2743 979 2814 τῷ
1022 2744 1216 2815 πλήθει
1263 2745 1371 2798 τῶν
1427 2746 1720 2815 πολεμίων.

163 2850 182 2884 ι
234 2834 748 2888 Κατεδυνάστευσεν
803 2834 1045 2905 Ἐφραῒμ
1090 2835 1182 2888 τὸν
1228 2835 1496 2888 ἀντίδικον
1534 2835 1721 2899 αὑτοῦ,

157 2924 499 2994 κατεπάτησε
528 2923 590 2977 τὸ
618 2927 811 2997 κρῖμα.
846 2944 865 2976 ι
913 2925 1115 2978 Οὐδένα
1143 2925 1297 2993 λόγον
1329 2922 1472 2996 εἶχον
1514 2926 1606 2979 τοῦ
1646 2927 1721 2979 διο

1823 1740 2089 1793 tez'minos
2132 1737 2584 1793 transferentes.»
2635 1737 3103 1803 Quemadmodum
3148 1738 3249 1799 illi,
3298 1737 3394 1806 qui

1822 1830 2153 1886 divisionum
2190 1831 2241 1883 in
2279 1829 2489 1898 campis
2516 1829 2668 1899 signa
2696 1828 2973 1890 auferunt,
3024 1828 3249 1881 dominii
3280 1827 3396 1897 juri

1822 1930 2021 1976 nocent
2054 1940 2066 1974 :
2102 1921 2181 1976 sic
2220 1936 2337 1986 vos,
2369 1920 2566 1989 inquit,
2603 1902 2725 1976 cum
2774 1926 2924 1973 tanta
2953 1926 3099 1973 esset
3137 1918 3277 1972 inter
3308 1933 3395 1973 me

1822 2021 1987 2083 atque
2045 2013 2190 2067 idola
2244 2012 2614 2083 intercapedo,
2669 2019 2941 2081 quatenus
2986 2010 3116 2063 mihi
3167 2008 3396 2064 debetur

1822 2103 1999 2157 honor
2046 2111 2101 2157 et
2144 2118 2343 2158 nomen
2376 2104 2641 2166 divinum,
2702 2103 2810 2158 illis
2838 2117 2967 2157 vero
3011 2116 3395 2171 nequaquam;

1823 2194 1978 2248 ﬁrma
2033 2195 2182 2262 jura,
2222 2196 2519 2265 multisque
2568 2209 2631 2248 ac
2684 2195 2852 2249 variis
2884 2192 3142 2248 distincta
3193 2192 3395 2259 modis,

1821 2302 1920 2341 vos
1939 2286 2157 2357 quidem
2180 2302 2279 2356 pro
2295 2287 2437 2341 virili
2457 2293 2613 2357 parte
2630 2284 2979 2347 dissolvistis,
3000 2298 3195 2338 nomen
3216 2300 3392 2339 meum

1824 2376 2197 2447 honoremque
2241 2376 2402 2432 idolis
2433 2377 2796 2431 attribuenda.
2845 2379 3059 2449 «Super
3096 2393 3190 2434 eos
3219 2376 3396 2431 ell'un~

1823 2466 1948 2521 dam
2008 2468 2165 2536 quasi
2228 2482 2423 2538 aquam
2491 2469 2750 2538 impetum
2827 2486 3071 2526 meum.»
3137 2470 3395 2525 Terribili

1824 2558 2059 2628 quodam
2111 2558 2312 2628 impetu
2342 2559 2487 2613 ferar
2535 2559 2588 2612 in
2617 2574 2733 2621 eos,
2776 2558 2868 2626 qui
2916 2561 3039 2613 talia
3085 2570 3214 2614 sunt
3248 2560 3393 2624 ausi,

1824 2664 1977 2719 aqua:
2032 2649 2206 2704 instar
2254 2664 2350 2704 eos
2401 2648 2676 2703 inundans
2728 2650 3077 2706 multitudine
3129 2651 3391 2707 hostium.

1829 2742 2154 2811 «Oppressit
2204 2740 2532 2810 Ephraimus
2582 2741 2955 2796 adversarium
3012 2759 3192 2806 suum,
3261 2758 3395 2798 con-

1824 2831 2059 2885 culcavit
2105 2831 2397 2901 judicium.
2423 2851 2440 2882 ι
2488 2829 2700 2884 Nullam
2746 2831 2970 2899 justitite
3000 2834 3265 2886 rationem
3300 2834 3394 2886 ha-

1824 2922 2096 2977 buerunt:
2149 2923 2529 2994 unusquisque
2570 2938 2669 2991 pro
2713 2923 2920 2977 viribus
2969 2924 3073 2977 vim
3129 2924 3392 2992 injustam

156 3015 334 3067 καίου·
364 2988 600 3080 ἕκαστος
629 2988 686 3069 δέ
713 2988 897 3080 καθὼς
942 3016 1122 3087 ἴσχυεν
1162 2988 1336 3086 ¹ὴδίκει
1376 2988 1468 3070 ιτὸν
1512 3017 1717 3087 ἕτερον,

1828 3014 1978 3069 alteri
2009 3015 2214 3077 intulit,
2245 3015 2336 3085 jus
2360 3015 2840 3070 conculcantes'ac
2873 3031 2971 3086 pro
3001 3015 3169 3069 nihilo
3195 3016 3391 3070 haben-

156 3109 529 3178 πεπατηκότες
552 3108 613 3161 τὸ
637 3107 861 3173 δίκαιον,
891 3110 984 3162 καὶ
1017 3109 1220 3179 μηδένα
1248 3111 1439 3163 τούτου
1463 3109 1721 3179 ποιούμε-

155 3216 231 3250 νοι
260 3200 450 3267 λόγον·
493 3200 572 3263 ὡς
627 3200 722 3254 καὶ
762 3204 791 3254 ὀ
834 3201 1036 3271 Κύριος
1081 3203 1140 3255 ἐν
1189 3204 1301 3265 τοῖς
1336 3201 1717 3269 Εὑαγγελίοις·

162 3311 179 3339 ι
212 3290 548 3343 Κατελίπετε
586 3290 686 3360 τὴν
739 3292 958 3361 ἀγάπην
1005 3293 1099 3345 καὶ
1131 3292 1229 3362 τὴν
1275 3293 1455 3362 κρίσιν
1488 3294 1583 3345 καὶ
1630 3292 1722 3345 τὸν

156 3380 291 3432 ἔλεον
318 3381 418 3449 (5).
456 3399 477 3431 ο
519 3380 597 3449 (p.
623 3379 713 3447 42)
740 3380 853 3431 Ἵνα
876 3381 1028 3453 εἴπῃ,
1064 3382 1145 3434 ὃτι
1171 3382 1341 3449 Λόγον
1365 3382 1553 3434 οὐδένα
1573 3380 1722 3451 ἐχετε

154 3469 244 3535 τῆς
273 3470 499 3537 ἀγάπης
531 3468 745 3521 καὶ-τοῦ
776 3470 985 3522 δικαίου
1026 3472 1117 3523 καὶ
1143 3472 1243 3539 τῆς
1282 3472 1684 3543 φιλανθρωπίας
1704 3490 1719 3505 ·

156 3562 243 3613 καὶ
268 3562 543 3615 ἀντίδικον
570 3562 648 3623 δὲ,
689 3562 778 3615 τὸν
809 3564 1161 3634 ἀδικούμενον
1180 3567 1208 3617 ὁ
1236 3566 1437 3635 Κύριος
1476 3565 1721 3634 φαίνεται

156 3653 324 3706 καλῶν
342 3671 357 3685 ·
376 3655 456 3715 ὡς
493 3652 612 3720 τδ,ι
636 3653 773 3707 Ἱσθι
800 3655 999 3708 εὐνοῶν
1026 3656 1101 3726 τῷ
1128 3657 1379 3725 ἀντιδίκῳ
1398 3675 1490 3710 σου
1506 3657 1669 3728 ταχύ·
1698 3676 1717 3709 ι

153 3747 254 3809 τοίς
274 3745 526 3800 ἀδικοῦσι
546 3747 822 3817 παραινῶν
848 3746 998 3818 πάσῃ
1025 3747 1249 3818 δυνάμει
1279 3749 1405 3811 τοὺς
1434 3748 1725 3818 ἀδικουμέ-

153 3852 268 3897 νους
299 3834 394 3888 ὑπ’
427 3833 611 3887 αὐτῶν
654 3833 994 3903 θεραπεύειν.
1042 3856 1060 3886 ι
1102 3837 1224 3887 Ὅτι
1257 3836 1458 3906 ἤρξατο
1500 3836 1726 3906 πορεύε-

155 3925 273 3978 σθαι
299 3925 483 3978 ὀπίσω
526 3924 635 3977 τῶν
681 3927 943 3995 ματαίων.
984 3945 1002 3977 ι
1038 3926 1299 3980 Ταῦταδέ
1345 3926 1726 3997 διεπράττοντο

154 4015 295 4079 ἐξότε
318 4016 456 4087 περὶ
492 4014 591 4087 τὴν
628 4016 735 4069 τῶν
757 4016 987 4070 εἰδώλων
1022 4018 1374 4088 προσανέχειν
1400 4017 1603 4069 εἴλοντο
1637 4016 1725 4068 οε-

159 4107 402 4175 ραπείαν,
449 4107 548 4161 ἅτε
580 4108 783 4177 μηδένα
812 4109 920 4162 τῶν
975 4110 1153 4179 νόμων
1182 4109 1289 4162 τῶν
1332 4110 1480 4179 ἐμῶν
1511 4110 1605 4161 καὶ
1632 4107 1724 4161 τοῦ

1820 3114 1923 3161 tes.
1978 3105 2132 3159 Sicut
2172 3104 2431 3159 Dominus
2474 3106 2529 3159 in
2560 3105 2863 3175 Evangeliis
2898 3122 2910 3156 :
2965 3126 2984 3159 ι
3010 3106 3390 3176 Dereliquistis

1821 3198 2143 3251 charitatem
2169 3204 2223 3250 et
2244 3197 2506 3266 judicium
2528 3212 2592 3251 ac
2610 3197 3039 3251 misericordiam
3061 3200 3123 3265 l";
3149 3218 3167 3249 ι
3204 3214 3302 3268 pro
3328 3214 3394 3253 eo

1823 3305 1887 3343 ac
1927 3288 2073 3343 dicat
2114 3308 2127 3343 :
2163 3288 2310 3342 Nihil
2361 3287 2514 3358 pensi
2573 3288 2784 3342 habetis
2820 3288 3176 3353 charitatem,
3232 3289 3393 3357 justi-

1825 3382 1974 3446 tiam,
2014 3397 2077 3435 ac
2105 3381 2514 3451 benignitatem.
2550 3378 2684 3433 Nam
2709 3391 2761 3433 et
2788 3380 3158 3435 adversarium
3182 3380 3394 3435 videtur

1824 3476 2005 3530 dicere
2030 3474 2292 3528 Dominus
2324 3489 2421 3543 pro
2446 3488 2511 3527 eo
2534 3474 2622 3543 qui
2652 3474 2813 3527 lresus
2837 3472 2937 3525 fuit
2964 3491 2976 3538 ;
3011 3474 3188 3527 velut:
3223 3492 3241 3524 ι
3266 3472 3394 3527 Esto

1824 3568 2121 3621 benevolus
2158 3566 2470 3620 adversario
2502 3574 2593 3617 tuo
2622 3564 2994 3630 celeriter”;i
3036 3574 3216 3617 monet
3245 3565 3395 3618 scili-

1826 3666 1911 3714 cet
1945 3657 2243 3711 olIensores
2294 3666 2352 3709 ut
2400 3656 2624 3708 omnino
2672 3664 2938 3707 cernentur
2990 3654 3087 3709 abs
3137 3671 3197 3709 se
3236 3656 3394 3710 laesos

1825 3748 2063 3817 placare.
2107 3765 2125 3797 ι
2150 3747 2285 3811 Quia
2313 3746 2479 3815 erepit
2513 3745 2667 3799 abire
2706 3754 2828 3813 post
2852 3760 3011 3797 vana.
3036 3763 3053 3794 ι
3090 3745 3167 3797 lta
3196 3745 3396 3814 quippe

1826 3852 1886 3891 se
1912 3837 2192 3905 gerebant,
2233 3851 2301 3888 ex
2340 3850 2450 3903 quo
2498 3834 2766 3887 idolorum
2803 3835 3176 3903 superstitioni
3210 3850 3269 3890 se
3298 3834 3395 3888 ad-

1827 3929 2104 3991 dixerunt,
2137 3928 2341 3981 omissa
2374 3928 2549 3995 legum
2594 3942 2835 3982 mearum
2864 3928 3230 4005 observantia,
3274 3943 3392 3982 om-

1827 4024 1994 4091 nique
2024 4022 2220 4076 oilicio.
2258 4039 2277 4071 ι
2308 4020 2370 4073 Et
2398 4035 2499 4088 ego
2526 4020 2677 4089 quasi
2710 4021 3059 4075 conturbatio
3077 4020 3391 4089 Ephraimo,

1826 4126 1880 4169 et
1909 4116 2019 4185 28
2042 4115 2197 4185 quasi
2229 4113 2483 4168 stimulus
2508 4110 2680 4170 Judaa.
2702 4132 2721 4165 ›
2757 4112 2812 4166 In
2830 4112 3024 4183 grandi
3047 4128 3141 4168 eos
3159 4113 3394 4167 hostium

154 4201 519 4269 προσήκοντος
547 4198 626 4251 ἔτι
649 4198 959 4269 ποιούμενοι
988 4200 1165 4268 λόγον.
1209 4220 1227 4251 ι
1264 4201 1372 4252 Καὶ
1396 4199 1506 4268 ἐγὼ
1531 4201 1605 4262 ὡς
1631 4217 1723 4252 τα-

1829 4221 1997 4261 causa
2055 4205 2461 4275 perturbatione
2516 4205 2867 4266 constituam,
2930 4204 3058 4257 belli
3117 4204 3397 4259 doloribus

158 4293 286 4363 ραχὴ
311 4293 392 4362 τῷ
430 4293 693 4363 Ἐφραῖμ,
725 4294 819 4345 καὶ
847 4294 922 4355 ῶς
950 4288 1173 4363 κέντρον
1204 4293 1282 4363 τῷ
1309 4296 1441 4363 οἴκῳ
1480 4293 1667 4345 Ἰούδα.
1700 4310 1719 4342 ›

1829 4297 1985 4367 quasi
2019 4294 2169 4365 gravi
2210 4292 2432 4347 stimulo
2483 4292 2605 4346 illos
2633 4307 3027 4361 compungens.
3056 4291 3229 4346 Porro
3261 4293 3397 4349 satis

167 4380 250 4433 Ἐν
289 4382 467 4449 πολλῇ
511 4384 723 4452 ταραχῇ
753 4381 840 4434 διὰ
866 4383 971 4435 τῶν
1008 4382 1279 4450 πολεμίων
1312 4383 1511 4443 αὐτοὺς
1554 4397 1723 4433 κατα-

1828 4396 2061 4453 constat,
2120 4384 2266 4454 quod
2318 4383 2462 4437 haud
2508 4384 2737 4436 alterum
2784 4382 2851 4437 de
2899 4382 3193 4452 Ephraimo
3227 4383 3395 4447 dicat,

157 4468 357 4539 στήσω,
385 4469 579 4541 ῶσπερ
604 4472 711 4523 τινὶ
734 4470 890 4541 βαρεῖ
919 4471 1128 4543 κέντρῳ
1149 4475 1264 4536 ταῖς
1286 4470 1492 4525 ἐκεῖθεν
1511 4469 1723 4533 ὀδύναις

1828 4484 2049 4537 alterum
2081 4476 2147 4531 de
2175 4475 2332 4539 Juda,
2370 4472 2463 4529 sed
2490 4488 2831 4527 communem
2857 4473 3129 4526 ambobus
3158 4472 3397 4526 minatur

156 4558 405 4631 πλήττων
448 4562 679 4627 αὐτούς’
727 4562 951 4634 εὓδηλον
989 4565 1096 4635 γὰρ
1143 4567 1224 4618 ὅτι
1270 4565 1389 4633 ούχῖ⁹
1415 4564 1476 4617 τὸ
1510 4565 1607 4634 μὲν
1646 4561 1723 4632 τῷ

1828 4570 2295 4647 conturbationem
2324 4581 2388 4620 ac
2412 4566 2713 4629 stimulum,
2770 4572 2827 4617 ut
2868 4562 2981 4632 jam
3013 4564 3068 4617 in
3107 4562 3397 4633 superiori-

170 4652 421 4723 ‘Ezppaip,
476 4655 539 4707 τὸ
583 4656 637 4709 δὲ
688 4656 766 4726 τῷ
818 4656 987 4727 Ἰούδᾳ
1030 4657 1210 4725 λέγει·
1262 4656 1403 4710 κατά
1448 4654 1625 4709 κοινοῦ
1669 4655 1723 4708 δὲ

1828 4663 1930 4718 bus
1967 4656 2484 4716 demonstravimus.

158 4743 487 4815 ἀμφοτέροις
518 4748 620 4815 τήν
647 4764 707 4798 τε
738 4748 979 4818 ταραχὴν
1009 4749 1246 4800 ἐποίσειν
1281 4748 1374 4800 καὶ
1413 4746 1474 4799 τὸ
1505 4746 1731 4815 κέντρον

159 4838 307 4906 φησὶ,
352 4838 535 4901 καθὼς
566 4840 660 4891 καὶ
699 4840 757 4892 ἐν
788 4842 900 4902 τοῖς
924 4840 1219 4911 ἀνωτέροις
1253 4839 1554 4908 ἐδείξαμεν.

222 4929 372 4999 Στίχ.
422 4937 604 4999 ιγ’-ιε’.
638 4962 708 4973 -
744 4950 763 4983 ι
804 4934 914 4984 Καὶ
959 4932 1099 4986 εἶδεν
1149 4932 1391 5002 Ἐφραίμ
1435 4932 1532 5003 τὴν
1573 4934 1726 4987 νόσον

160 5016 340 5082 αὑτοῦ,
367 5022 460 5072 καὶ
501 5020 703 5084 Ἰούδας
730 5022 827 5092 τὴν
861 5022 1051 5094 ὀδύνην
1090 5023 1255 5075 αὑτοῦ
1278 5041 1289 5052 ·
1328 5023 1423 5077 καὶ
1454 5025 1725 5096 ἐπορεύθη

175 5106 405 5178 Ἐφραῒμ
451 5112 587 5181 πρὸς
641 5112 978 5182 ’Λσσυρίους,
1012 5114 1105 5165 καὶ
1140 5112 1427 5165 ἀπέστειλε
1468 5113 1726 5183 πρέσϐεις

162 5199 292 5267 πρὸς
322 5197 545 5269 βασιλέα
596 5201 835 5270 Ἰαρείμ·
885 5203 976 5254 καὶ
1020 5203 1178 5265 αὐτὸς
1211 5203 1313 5255 οὐκ
1353 5202 1590 5272 ἠδυνήθη
1632 5202 1725 5272 ῥύ-

167 5289 357 5344 σασθαι
401 5294 567 5362 ὑμᾶς.
618 5312 636 5343 ι
684 5295 815 5346 Τότε
867 5294 930 5364 δὴ
960 5293 1067 5347 τῶν
1112 5294 1328 5348 οἰκείων
1379 5293 1724 5365 αἰσθήσονται

225 5447 265 5476 ³⁷
299 5447 431 5504 Luc.
458 5466 535 5513 XI,
563 5450 655 5505 δὴ.
719 5452 762 5482 ³⁸
789 5450 977 5506 Matth.
1011 5470 1064 5519 v,
1088 5453 1177 5508 9.5.

171 5662 183 5671 ν
234 5595 309 5663 (5)
348 5599 732 5671 Animadverte
762 5603 1076 5669 praaclaram
1118 5600 1403 5658 lectidnem
1430 5605 1596 5667 ἔλεον,
1636 5618 1725 5657 cu-

165 5669 505 5736 jusvcstigia
551 5671 676 5721 alibi
730 5687 835 5723 non
882 5673 1246 5735 inveniebam,
1273 5690 1341 5728 ne
1370 5677 1423 5727 in
1462 5673 1725 5726 Vaticano

178 5734 389 5804 quidem
421 5734 699 5809 ῥηιδίη)ὺίιί
736 5741 893 5807 1209,
928 5759 1024 5796 nec
1057 5744 1109 5796 in
1134 5734 1382 5814 Vulgata.
1404 5744 1724 5798 Prwclaram

1908 4933 2065 4988 Vens.
2108 4932 2292 4987 13—15.
2324 4961 2391 4970 —
2428 4950 2446 4982 ι
2476 4930 2540 4984 Et
2565 4931 2698 4985 vidit
2724 4930 3049 5001 Ephraimus
3081 4931 3396 5000 languorem

1828 5042 2009 5088 suum,
2042 5035 2093 5079 et
2125 5024 2293 5078 ludas
2322 5024 2565 5078 dolorem
2599 5039 2779 5078 suum.
2811 5022 2874 5075 Et
2906 5023 3039 5077 abiit
3072 5022 3397 5091 Ephraimus

1827 5116 1890 5168 ad
1924 5115 2200 5185 Assyrios,
2247 5116 2502 5184 misitque
2556 5116 2760 5183 legatos
2787 5112 2853 5165 ad
2884 5128 3061 5182 regem
3112 5111 3307 5176 Jarim,
3349 5121 3396 5166 et

1832 5206 1949 5274 ipse
1978 5223 2084 5260 non
2128 5207 2298 5275 potuit
2327 5222 2521 5261 sanare
2566 5222 2677 5261 vos.
2707 5225 2725 5257 ι
2767 5203 2921 5258 Tunc
2950 5204 3228 5257 enimvero
3260 5203 3397 5255 mala

1832 5313 1929 5351 sua
1955 5299 2313 5367 persentient:
2347 5298 2461 5353 haec
2483 5299 2626 5352 enim
2651 5296 2883 5366 appellat
2904 5296 3217 5365 languorem
3239 5301 3396 5363 atque

1832 5603 1963 5666 dixi,
2001 5603 2110 5656 imo
2150 5604 2439 5672 pretiosam
2474 5598 2757 5676 lectionem
2783 5636 2824 5676 ,_
2852 5595 2975 5674 quia
3035 5594 3394 5649 misericordia

1832 5668 2211 5797 argumentum
2243 5673 2559 5740 fructusque
2596 5680 2677 5724 est
2715 5668 2977 5727 caritatis,
3000 5681 3121 5737 qua:
3160 5675 3230 5721 ibi
3260 5680 3391 5736 pra:-

1834 5759 1893 5797 ce
1936 5753 1997 5797 ιι.

1834 5759 1997 5798 οειιιι.
