  <div class='ocr_page' id='page_1' title='image "/cluster/home/n/w/nwhite01/storage/ocr_20150623/66/nnc1.0021886636/117.png"; bbox 0 0 3814 6224; ppageno 0'>
   <div class='ocr_carea' id='block_1_1' title="bbox 405 251 510 302">
    <p class='ocr_par' dir='ltr' id='par_1_1' title="bbox 405 251 510 302">
     <span class='ocr_line' id='line_1_1' title="bbox 405 251 510 302; baseline 0 0"><span class='ocrx_word' id='word_1_1' title='bbox 405 251 510 302; x_wconf 68' lang='grc' dir='ltr'>ια)</span> 
     </span>
    </p>
   </div>
   <div class='ocr_carea' id='block_1_2' title="bbox 1642 251 2506 315">
    <p class='ocr_par' dir='ltr' id='par_1_2' title="bbox 1642 251 2506 315">
     <span class='ocr_line' id='line_1_2' title="bbox 1642 251 2506 315; baseline 0.003 -7"><span class='ocrx_word' id='word_1_2' title='bbox 1642 251 1992 311; x_wconf 66' lang='lat' dir='ltr'><strong>THEODOIH</strong></span> <span class='ocrx_word' id='word_1_3' title='bbox 2025 255 2254 314; x_wconf 79' lang='lat' dir='ltr'><strong>MOPSU</strong></span> <span class='ocrx_word' id='word_1_4' title='bbox 2264 257 2390 315; x_wconf 84' lang='lat' dir='ltr'><strong>EST</strong></span> <span class='ocrx_word' id='word_1_5' title='bbox 2399 257 2506 312; x_wconf 80' lang='lat' dir='ltr'><strong>EN!</strong></span> 
     </span>
    </p>
   </div>
   <div class='ocr_carea' id='block_1_3' title="bbox 3545 264 3649 320">
    <p class='ocr_par' dir='ltr' id='par_1_3' title="bbox 3545 264 3649 320">
     <span class='ocr_line' id='line_1_3' title="bbox 3545 264 3649 320; baseline 0.019 -4"><span class='ocrx_word' id='word_1_6' title='bbox 3545 264 3649 320; x_wconf 73' lang='lat'><strong>[60</strong></span> 
     </span>
    </p>
   </div>
   <div class='ocr_carea' id='block_1_4' title="bbox 402 359 1978 443">
    <p class='ocr_par' dir='ltr' id='par_1_4' title="bbox 402 359 1976 433">
     <span class='ocr_line' id='line_1_4' title="bbox 402 359 1976 433; baseline 0.003 -17"><span class='ocrx_word' id='word_1_7' title='bbox 402 362 684 416; x_wconf 82' lang='lat' dir='ltr'><strong>dolorem:</strong></span> <span class='ocrx_word' id='word_1_8' title='bbox 719 375 845 414; x_wconf 86' lang='lat' dir='ltr'><strong>cum</strong></span> <span class='ocrx_word' id='word_1_9' title='bbox 878 359 1129 416; x_wconf 83' lang='lat' dir='ltr'><strong>videlicet</strong></span> <span class='ocrx_word' id='word_1_10' title='bbox 1163 361 1413 433; x_wconf 83' lang='lat' dir='ltr'><strong>captivus</strong></span> <span class='ocrx_word' id='word_1_11' title='bbox 1439 361 1740 420; x_wconf 73' lang='lat' dir='ltr'><strong>abducetur</strong></span> <span class='ocrx_word' id='word_1_12' title='bbox 1772 364 1840 419; x_wconf 86' lang='lat' dir='ltr'><strong>ad</strong></span> <span class='ocrx_word' id='word_1_13' title='bbox 1868 367 1976 421; x_wconf 80' lang='lat' dir='ltr'><strong>As-</strong></span> 
     </span>
    </p>
   </div>
   <div class='ocr_carea' id='block_1_5' title="bbox 2085 359 3647 443">
    <p class='ocr_par' dir='ltr' id='par_1_5' title="bbox 2085 365 3647 443">
     <span class='ocr_line' id='line_1_5' title="bbox 2085 365 3647 443; baseline 0.005 -25"><span class='ocrx_word' id='word_1_14' title='bbox 2085 367 2295 421; x_wconf 80' lang='grc' dir='ltr'>κακῶν·</span> <span class='ocrx_word' id='word_1_15' title='bbox 2349 367 2506 420; x_wconf 80' lang='grc' dir='ltr'>τοῦτο</span> <span class='ocrx_word' id='word_1_16' title='bbox 2547 365 2657 439; x_wconf 80' lang='grc' dir='ltr'><strong>γὰρ</strong></span> <span class='ocrx_word' id='word_1_17' title='bbox 2705 366 2852 437; x_wconf 82' lang='grc' dir='ltr'><strong>λέγει</strong></span> <span class='ocrx_word' id='word_1_18' title='bbox 2885 366 3039 422; x_wconf 85' lang='grc' dir='ltr'>νόσον</span> <span class='ocrx_word' id='word_1_19' title='bbox 3072 369 3162 423; x_wconf 73' lang='grc' dir='ltr'><strong>καὶ</strong></span> <span class='ocrx_word' id='word_1_20' title='bbox 3200 369 3416 443; x_wconf 75' lang='grc' dir='ltr'><strong>ὀδύνην⁶</strong></span> <span class='ocrx_word' id='word_1_21' title='bbox 3464 373 3540 426; x_wconf 77' lang='grc' dir='ltr'><strong>ὅτ’</strong></span> <span class='ocrx_word' id='word_1_22' title='bbox 3579 378 3647 432; x_wconf 71' lang='grc' dir='ltr'>ἂν</span> 
     </span>
    </p>
   </div>
   <div class='ocr_carea' id='block_1_6' title="bbox 405 450 1984 525">
    <p class='ocr_par' dir='ltr' id='par_1_6' title="bbox 405 450 1984 525">
     <span class='ocr_line' id='line_1_6' title="bbox 405 450 1984 525; baseline 0.003 -19"><span class='ocrx_word' id='word_1_23' title='bbox 405 452 585 522; x_wconf 75' lang='lat' dir='ltr'><strong>syrios</strong></span> <span class='ocrx_word' id='word_1_24' title='bbox 618 450 976 520; x_wconf 74' lang='lat' dir='ltr'><strong>Ephraimus:</strong></span> <span class='ocrx_word' id='word_1_25' title='bbox 1013 454 1103 522; x_wconf 89' lang='lat' dir='ltr'><strong>qui</strong></span> <span class='ocrx_word' id='word_1_26' title='bbox 1137 453 1203 508; x_wconf 84' lang='lat' dir='ltr'><strong>ad</strong></span> <span class='ocrx_word' id='word_1_27' title='bbox 1246 451 1624 525; x_wconf 63' lang='lat' dir='ltr'><strong>Egyptiorum</strong></span> <span class='ocrx_word' id='word_1_28' title='bbox 1650 456 1868 525; x_wconf 81' lang='lat' dir='ltr'><strong>quidem</strong></span> <span class='ocrx_word' id='word_1_29' title='bbox 1904 471 1984 510; x_wconf 89' lang='lat' dir='ltr'><strong>re-</strong></span> 
     </span>
    </p>
   </div>
   <div class='ocr_carea' id='block_1_7' title="bbox 406 544 1978 619">
    <p class='ocr_par' dir='ltr' id='par_1_7' title="bbox 406 544 1978 619">
     <span class='ocr_line' id='line_1_7' title="bbox 406 544 1978 619; baseline 0.006 -23"><span class='ocrx_word' id='word_1_30' title='bbox 406 559 525 612; x_wconf 80' lang='lat' dir='ltr'><strong>gem</strong></span> <span class='ocrx_word' id='word_1_31' title='bbox 556 544 760 613; x_wconf 88' lang='lat' dir='ltr'><strong>legatos</strong></span> <span class='ocrx_word' id='word_1_32' title='bbox 795 544 1040 607; x_wconf 83' lang='lat' dir='ltr'><strong>miserat,</strong></span> <span class='ocrx_word' id='word_1_33' title='bbox 1085 546 1176 600; x_wconf 80' lang='lat' dir='ltr'><strong>sed</strong></span> <span class='ocrx_word' id='word_1_34' title='bbox 1211 547 1415 599; x_wconf 82' lang='lat' dir='ltr'><strong>nullam</strong></span> <span class='ocrx_word' id='word_1_35' title='bbox 1467 545 1591 601; x_wconf 89' lang='lat' dir='ltr'><strong>inde</strong></span> <span class='ocrx_word' id='word_1_36' title='bbox 1617 563 1774 617; x_wconf 88' lang='lat' dir='ltr'><strong>opem</strong></span> <span class='ocrx_word' id='word_1_37' title='bbox 1812 550 1978 619; x_wconf 85' lang='lat' dir='ltr'><strong>impe-</strong></span> 
     </span>
    </p>
   </div>
   <div class='ocr_carea' id='block_1_8' title="bbox 409 635 1982 709">
    <p class='ocr_par' dir='ltr' id='par_1_8' title="bbox 409 635 1982 709">
     <span class='ocr_line' id='line_1_8' title="bbox 409 635 1982 709; baseline 0.005 -22"><span class='ocrx_word' id='word_1_38' title='bbox 409 642 672 690; x_wconf 84' lang='lat' dir='ltr'><strong>traverat.</strong></span> <span class='ocrx_word' id='word_1_39' title='bbox 711 654 728 684; x_wconf 82' lang='grc' dir='ltr'><strong>ι</strong></span> <span class='ocrx_word' id='word_1_40' title='bbox 758 635 823 688; x_wconf 86' lang='lat' dir='ltr'><strong>Et</strong></span> <span class='ocrx_word' id='word_1_41' title='bbox 869 650 978 689; x_wconf 91' lang='lat' dir='ltr'><strong>non</strong></span> <span class='ocrx_word' id='word_1_42' title='bbox 1023 636 1238 691; x_wconf 81' lang='lat' dir='ltr'><strong>desinet</strong></span> <span class='ocrx_word' id='word_1_43' title='bbox 1280 645 1458 691; x_wconf 88' lang='lat' dir='ltr'><strong>vester</strong></span> <span class='ocrx_word' id='word_1_44' title='bbox 1486 638 1677 706; x_wconf 90' lang='lat' dir='ltr'><strong>dolor;</strong></span> <span class='ocrx_word' id='word_1_45' title='bbox 1725 642 1982 709; x_wconf 88' lang='lat' dir='ltr'><strong>quoniam</strong></span> 
     </span>
    </p>
   </div>
   <div class='ocr_carea' id='block_1_9' title="bbox 407 728 1982 801">
    <p class='ocr_par' dir='ltr' id='par_1_9' title="bbox 407 728 1982 801">
     <span class='ocr_line' id='line_1_9' title="bbox 407 728 1982 801; baseline 0.004 -19"><span class='ocrx_word' id='word_1_46' title='bbox 407 744 509 797; x_wconf 85' lang='lat' dir='ltr'><strong>ego</strong></span> <span class='ocrx_word' id='word_1_47' title='bbox 543 728 698 798; x_wconf 89' lang='lat' dir='ltr'><strong>quasi</strong></span> <span class='ocrx_word' id='word_1_48' title='bbox 730 729 988 798; x_wconf 87' lang='lat' dir='ltr'><strong>panthera</strong></span> <span class='ocrx_word' id='word_1_49' title='bbox 1032 728 1345 798; x_wconf 82' lang='lat' dir='ltr'><strong>Ephraimo,</strong></span> <span class='ocrx_word' id='word_1_50' title='bbox 1382 739 1435 786; x_wconf 88' lang='lat' dir='ltr'><strong>et</strong></span> <span class='ocrx_word' id='word_1_51' title='bbox 1467 732 1628 801; x_wconf 88' lang='lat' dir='ltr'><strong>quasi</strong></span> <span class='ocrx_word' id='word_1_52' title='bbox 1683 733 1766 787; x_wconf 89' lang='lat' dir='ltr'><strong>leo</strong></span> <span class='ocrx_word' id='word_1_53' title='bbox 1796 733 1982 788; x_wconf 89' lang='lat' dir='ltr'><strong>domui</strong></span> 
     </span>
    </p>
   </div>
   <div class='ocr_carea' id='block_1_10' title="bbox 407 820 1986 894">
    <p class='ocr_par' dir='ltr' id='par_1_10' title="bbox 407 820 1986 894">
     <span class='ocr_line' id='line_1_10' title="bbox 407 820 1986 894; baseline 0.003 -20"><span class='ocrx_word' id='word_1_54' title='bbox 407 820 588 875; x_wconf 61' lang='lat' dir='ltr'><strong>ludas:</strong></span> <span class='ocrx_word' id='word_1_55' title='bbox 621 835 721 889; x_wconf 92' lang='lat' dir='ltr'><strong>ego</strong></span> <span class='ocrx_word' id='word_1_56' title='bbox 746 820 952 889; x_wconf 86' lang='lat' dir='ltr'><strong>rapiam</strong></span> <span class='ocrx_word' id='word_1_57' title='bbox 977 829 1032 874; x_wconf 89' lang='lat' dir='ltr'><strong>et</strong></span> <span class='ocrx_word' id='word_1_58' title='bbox 1052 822 1245 875; x_wconf 88' lang='lat' dir='ltr'><strong>vadam</strong></span> <span class='ocrx_word' id='word_1_59' title='bbox 1273 827 1327 876; x_wconf 90' lang='lat' dir='ltr'><strong>et</strong></span> <span class='ocrx_word' id='word_1_60' title='bbox 1356 821 1561 886; x_wconf 88' lang='lat' dir='ltr'><strong>tollam,</strong></span> <span class='ocrx_word' id='word_1_61' title='bbox 1583 839 1680 878; x_wconf 91' lang='lat' dir='ltr'><strong>nec</strong></span> <span class='ocrx_word' id='word_1_62' title='bbox 1707 824 1798 894; x_wconf 89' lang='lat' dir='ltr'><strong>qui</strong></span> <span class='ocrx_word' id='word_1_63' title='bbox 1829 834 1986 878; x_wconf 88' lang='lat' dir='ltr'><strong>eruat</strong></span> 
     </span>
    </p>
   </div>
   <div class='ocr_carea' id='block_1_11' title="bbox 409 909 1984 982">
    <p class='ocr_par' dir='ltr' id='par_1_11' title="bbox 409 909 1984 982">
     <span class='ocr_line' id='line_1_11' title="bbox 409 909 1984 982; baseline 0.003 -16"><span class='ocrx_word' id='word_1_64' title='bbox 409 911 534 966; x_wconf 89' lang='lat' dir='ltr'><strong>erit.</strong></span> <span class='ocrx_word' id='word_1_65' title='bbox 563 931 580 962; x_wconf 70' lang='grc' dir='ltr'><strong>ι</strong></span> <span class='ocrx_word' id='word_1_66' title='bbox 643 909 700 965; x_wconf 94' lang='lat' dir='ltr'><strong>In</strong></span> <span class='ocrx_word' id='word_1_67' title='bbox 743 912 1022 967; x_wconf 80' lang='lat' dir='ltr'><strong>continuis</strong></span> <span class='ocrx_word' id='word_1_68' title='bbox 1072 913 1490 982; x_wconf 82' lang='lat' dir='ltr'><strong>perseverabitis</strong></span> <span class='ocrx_word' id='word_1_69' title='bbox 1537 914 1730 981; x_wconf 89' lang='lat' dir='ltr'><strong>malis;</strong></span> <span class='ocrx_word' id='word_1_70' title='bbox 1782 917 1984 972; x_wconf 89' lang='lat' dir='ltr'><strong>ctenim</strong></span> 
     </span>
    </p>
   </div>
   <div class='ocr_carea' id='block_1_12' title="bbox 409 1002 1983 1071">
    <p class='ocr_par' dir='ltr' id='par_1_12' title="bbox 409 1002 1983 1071">
     <span class='ocr_line' id='line_1_12' title="bbox 409 1002 1983 1071; baseline 0.004 -16"><span class='ocrx_word' id='word_1_71' title='bbox 409 1008 668 1070; x_wconf 88' lang='lat' dir='ltr'><strong>tanquam</strong></span> <span class='ocrx_word' id='word_1_72' title='bbox 699 1002 960 1071; x_wconf 76' lang='lat' dir='ltr'><strong>panthera</strong></span> <span class='ocrx_word' id='word_1_73' title='bbox 991 1002 1188 1070; x_wconf 88' lang='lat' dir='ltr'><strong>leoque</strong></span> <span class='ocrx_word' id='word_1_74' title='bbox 1217 1002 1370 1059; x_wconf 80' lang='lat' dir='ltr'><strong>vobis</strong></span> <span class='ocrx_word' id='word_1_75' title='bbox 1397 1020 1512 1067; x_wconf 87' lang='lat' dir='ltr'><strong>ero,</strong></span> <span class='ocrx_word' id='word_1_76' title='bbox 1547 1006 1716 1059; x_wconf 87' lang='lat' dir='ltr'><strong>ntulta</strong></span> <span class='ocrx_word' id='word_1_77' title='bbox 1744 1022 1840 1061; x_wconf 92' lang='lat' dir='ltr'><strong>vos</strong></span> <span class='ocrx_word' id='word_1_78' title='bbox 1859 1022 1983 1062; x_wconf 90' lang='lat' dir='ltr'><strong>cum</strong></span> 
     </span>
    </p>
   </div>
   <div class='ocr_carea' id='block_1_13' title="bbox 408 1093 1988 1165">
    <p class='ocr_par' dir='ltr' id='par_1_13' title="bbox 408 1093 1988 1165">
     <span class='ocr_line' id='line_1_13' title="bbox 408 1093 1988 1165; baseline 0.005 -19"><span class='ocrx_word' id='word_1_79' title='bbox 408 1093 686 1147; x_wconf 87' lang='lat' dir='ltr'><strong>celeritate</strong></span> <span class='ocrx_word' id='word_1_80' title='bbox 716 1093 930 1162; x_wconf 84' lang='lat' dir='ltr'><strong>rapiens</strong></span> <span class='ocrx_word' id='word_1_81' title='bbox 957 1102 1011 1148; x_wconf 90' lang='lat' dir='ltr'><strong>et</strong></span> <span class='ocrx_word' id='word_1_82' title='bbox 1031 1095 1310 1150; x_wconf 89' lang='lat' dir='ltr'><strong>abducens</strong></span> <span class='ocrx_word' id='word_1_83' title='bbox 1340 1112 1435 1165; x_wconf 92' lang='lat' dir='ltr'><strong>per</strong></span> <span class='ocrx_word' id='word_1_84' title='bbox 1457 1097 1695 1152; x_wconf 86' lang='lat' dir='ltr'><strong>hostium</strong></span> <span class='ocrx_word' id='word_1_85' title='bbox 1727 1099 1988 1155; x_wconf 90' lang='lat' dir='ltr'><strong>incursio-</strong></span> 
     </span>
    </p>
   </div>
   <div class='ocr_carea' id='block_1_14' title="bbox 409 1185 1986 1262">
    <p class='ocr_par' dir='ltr' id='par_1_14' title="bbox 409 1185 1986 1262">
     <span class='ocr_line' id='line_1_14' title="bbox 409 1185 1986 1262; baseline 0.007 -27"><span class='ocrx_word' id='word_1_86' title='bbox 409 1198 562 1247; x_wconf 88' lang='lat' dir='ltr'><strong>nem;</strong></span> <span class='ocrx_word' id='word_1_87' title='bbox 612 1185 745 1252; x_wconf 92' lang='lat' dir='ltr'><strong>quin</strong></span> <span class='ocrx_word' id='word_1_88' title='bbox 773 1199 868 1238; x_wconf 90' lang='lat' dir='ltr'><strong>vos</strong></span> <span class='ocrx_word' id='word_1_89' title='bbox 898 1185 1097 1254; x_wconf 83' lang='lat' dir='ltr'><strong>aliquis</strong></span> <span class='ocrx_word' id='word_1_90' title='bbox 1127 1185 1582 1244; x_wconf 81' lang='lat' dir='ltr'><strong>incumbentibus</strong></span> <span class='ocrx_word' id='word_1_91' title='bbox 1621 1191 1780 1246; x_wconf 89' lang='lat' dir='ltr'><strong>malis</strong></span> <span class='ocrx_word' id='word_1_92' title='bbox 1811 1193 1986 1262; x_wconf 83' lang='lat' dir='ltr'><strong>possit</strong></span> 
     </span>
    </p>
   </div>
   <div class='ocr_carea' id='block_1_15' title="bbox 410 1273 1985 1343">
    <p class='ocr_par' dir='ltr' id='par_1_15' title="bbox 410 1273 1985 1343">
     <span class='ocr_line' id='line_1_15' title="bbox 410 1273 1985 1343; baseline 0.007 -17"><span class='ocrx_word' id='word_1_93' title='bbox 410 1274 748 1329; x_wconf 84' lang='lat' dir='ltr'><strong>subtrahere.</strong></span> <span class='ocrx_word' id='word_1_94' title='bbox 777 1292 796 1326; x_wconf 83' lang='grc' dir='ltr'><strong>ι</strong></span> <span class='ocrx_word' id='word_1_95' title='bbox 826 1273 916 1328; x_wconf 91' lang='lat' dir='ltr'><strong>Ibo</strong></span> <span class='ocrx_word' id='word_1_96' title='bbox 937 1285 993 1330; x_wconf 89' lang='lat' dir='ltr'><strong>et</strong></span> <span class='ocrx_word' id='word_1_97' title='bbox 1019 1285 1264 1330; x_wconf 88' lang='lat' dir='ltr'><strong>revertar</strong></span> <span class='ocrx_word' id='word_1_98' title='bbox 1289 1275 1354 1330; x_wconf 87' lang='lat' dir='ltr'><strong>ad</strong></span> <span class='ocrx_word' id='word_1_99' title='bbox 1385 1277 1562 1332; x_wconf 89' lang='lat' dir='ltr'><strong>locum</strong></span> <span class='ocrx_word' id='word_1_100' title='bbox 1593 1294 1795 1343; x_wconf 88' lang='lat' dir='ltr'><strong>meum,</strong></span> <span class='ocrx_word' id='word_1_101' title='bbox 1814 1282 1985 1337; x_wconf 87' lang='lat' dir='ltr'><strong>donec</strong></span> 
     </span>
    </p>
   </div>
   <div class='ocr_carea' id='block_1_16' title="bbox 408 1363 1985 1438">
    <p class='ocr_par' dir='ltr' id='par_1_16' title="bbox 408 1363 1985 1438">
     <span class='ocr_line' id='line_1_16' title="bbox 408 1363 1985 1438; baseline 0.007 -21"><span class='ocrx_word' id='word_1_102' title='bbox 408 1363 744 1433; x_wconf 73' lang='lat' dir='ltr'><strong>dispereunt.</strong></span> <span class='ocrx_word' id='word_1_103' title='bbox 775 1383 795 1417; x_wconf 69' lang='grc' dir='ltr'><strong>ι</strong></span> <span class='ocrx_word' id='word_1_104' title='bbox 836 1365 1274 1422; x_wconf 88' lang='lat' dir='ltr'><strong>Consentaneum</strong></span> <span class='ocrx_word' id='word_1_105' title='bbox 1319 1369 1610 1438; x_wconf 69' lang='lat' dir='ltr'><strong>propositae</strong></span> <span class='ocrx_word' id='word_1_106' title='bbox 1641 1371 1985 1428; x_wconf 86' lang='lat' dir='ltr'><strong>similitudini</strong></span> 
     </span>
    </p>
   </div>
   <div class='ocr_carea' id='block_1_17' title="bbox 408 1455 1976 1535">
    <p class='ocr_par' dir='ltr' id='par_1_17' title="bbox 408 1455 1976 1535">
     <span class='ocr_line' id='line_1_17' title="bbox 408 1455 1976 1535; baseline 0.007 -27"><span class='ocrx_word' id='word_1_107' title='bbox 408 1455 514 1510; x_wconf 87' lang='lat' dir='ltr'><strong>hoc</strong></span> <span class='ocrx_word' id='word_1_108' title='bbox 541 1471 759 1526; x_wconf 91' lang='lat' dir='ltr'><strong>quoque</strong></span> <span class='ocrx_word' id='word_1_109' title='bbox 796 1458 960 1512; x_wconf 91' lang='lat' dir='ltr'><strong>dicit:</strong></span> <span class='ocrx_word' id='word_1_110' title='bbox 1013 1460 1455 1529; x_wconf 88' lang='lat' dir='ltr'><strong>quandoquidem</strong></span> <span class='ocrx_word' id='word_1_111' title='bbox 1501 1460 1740 1516; x_wconf 80' lang='lat' dir='ltr'><strong>ferarum</strong></span> <span class='ocrx_word' id='word_1_112' title='bbox 1791 1465 1976 1535; x_wconf 86' lang='lat' dir='ltr'><strong>hujus-</strong></span> 
     </span>
    </p>
   </div>
   <div class='ocr_carea' id='block_1_18' title="bbox 409 1546 1988 1622">
    <p class='ocr_par' dir='ltr' id='par_1_18' title="bbox 409 1546 1988 1622">
     <span class='ocr_line' id='line_1_18' title="bbox 409 1546 1988 1622; baseline 0.006 -23"><span class='ocrx_word' id='word_1_113' title='bbox 409 1546 552 1600; x_wconf 87' lang='lat' dir='ltr'><strong>tuodi</strong></span> <span class='ocrx_word' id='word_1_114' title='bbox 600 1548 687 1600; x_wconf 92' lang='lat' dir='ltr'><strong>hic</strong></span> <span class='ocrx_word' id='word_1_115' title='bbox 735 1563 852 1602; x_wconf 91' lang='lat' dir='ltr'><strong>mos</strong></span> <span class='ocrx_word' id='word_1_116' title='bbox 896 1556 1003 1612; x_wconf 90' lang='lat' dir='ltr'><strong>est,</strong></span> <span class='ocrx_word' id='word_1_117' title='bbox 1050 1560 1108 1603; x_wconf 92' lang='lat' dir='ltr'><strong>ut</strong></span> <span class='ocrx_word' id='word_1_118' title='bbox 1150 1563 1274 1603; x_wconf 90' lang='lat' dir='ltr'><strong>cum</strong></span> <span class='ocrx_word' id='word_1_119' title='bbox 1309 1551 1599 1606; x_wconf 83' lang='lat' dir='ltr'><strong>velocitate</strong></span> <span class='ocrx_word' id='word_1_120' title='bbox 1644 1554 1880 1622; x_wconf 87' lang='lat' dir='ltr'><strong>rapiant,</strong></span> <span class='ocrx_word' id='word_1_121' title='bbox 1933 1562 1988 1610; x_wconf 90' lang='lat' dir='ltr'><strong>et</strong></span> 
     </span>
    </p>
   </div>
   <div class='ocr_carea' id='block_1_19' title="bbox 411 1642 1983 1714">
    <p class='ocr_par' dir='ltr' id='par_1_19' title="bbox 411 1642 1983 1714">
     <span class='ocr_line' id='line_1_19' title="bbox 411 1642 1983 1714; baseline 0.005 -21"><span class='ocrx_word' id='word_1_122' title='bbox 411 1642 554 1711; x_wconf 91' lang='lat' dir='ltr'><strong>quod</strong></span> <span class='ocrx_word' id='word_1_123' title='bbox 590 1642 893 1696; x_wconf 88' lang='lat' dir='ltr'><strong>occurrerit</strong></span> <span class='ocrx_word' id='word_1_124' title='bbox 920 1643 1204 1710; x_wconf 81' lang='lat' dir='ltr'><strong>auferant;</strong></span> <span class='ocrx_word' id='word_1_125' title='bbox 1236 1659 1360 1697; x_wconf 80' lang='lat' dir='ltr'><strong>mox</strong></span> <span class='ocrx_word' id='word_1_126' title='bbox 1390 1644 1456 1698; x_wconf 86' lang='lat' dir='ltr'><strong>ad</strong></span> <span class='ocrx_word' id='word_1_127' title='bbox 1485 1645 1800 1714; x_wconf 87' lang='lat' dir='ltr'><strong>speluncam</strong></span> <span class='ocrx_word' id='word_1_128' title='bbox 1831 1662 1983 1703; x_wconf 90' lang='lat' dir='ltr'><strong>suam</strong></span> 
     </span>
    </p>
   </div>
   <div class='ocr_carea' id='block_1_20' title="bbox 410 1734 1984 1806">
    <p class='ocr_par' dir='ltr' id='par_1_20' title="bbox 410 1734 1984 1806">
     <span class='ocr_line' id='line_1_20' title="bbox 410 1734 1984 1806; baseline 0.003 -19"><span class='ocrx_word' id='word_1_129' title='bbox 410 1734 626 1798; x_wconf 87' lang='lat' dir='ltr'><strong>abeant,</strong></span> <span class='ocrx_word' id='word_1_130' title='bbox 665 1734 848 1804; x_wconf 85' lang='lat' dir='ltr'><strong>ibique</strong></span> <span class='ocrx_word' id='word_1_131' title='bbox 874 1734 1134 1791; x_wconf 74' lang='lat' dir='ltr'><strong>devorent</strong></span> <span class='ocrx_word' id='word_1_132' title='bbox 1158 1735 1396 1804; x_wconf 65' lang='lat' dir='ltr'><strong>praedam</strong></span> <span class='ocrx_word' id='word_1_133' title='bbox 1433 1745 1596 1806; x_wconf 89' lang='lat' dir='ltr'><strong>atque</strong></span> <span class='ocrx_word' id='word_1_134' title='bbox 1637 1746 1984 1792; x_wconf 87' lang='lat' dir='ltr'><strong>consumant.</strong></span> 
     </span>
    </p>
   </div>
   <div class='ocr_carea' id='block_1_21' title="bbox 409 1825 1985 1898">
    <p class='ocr_par' dir='ltr' id='par_1_21' title="bbox 409 1825 1985 1898">
     <span class='ocr_line' id='line_1_21' title="bbox 409 1825 1985 1898; baseline 0.001 -17"><span class='ocrx_word' id='word_1_135' title='bbox 409 1825 552 1896; x_wconf 84' lang='lat' dir='ltr'><strong>Ergo</strong></span> <span class='ocrx_word' id='word_1_136' title='bbox 601 1825 668 1880; x_wconf 87' lang='lat' dir='ltr'><strong>ad</strong></span> <span class='ocrx_word' id='word_1_137' title='bbox 715 1825 1037 1896; x_wconf 88' lang='lat' dir='ltr'><strong>pantheram</strong></span> <span class='ocrx_word' id='word_1_138' title='bbox 1067 1834 1122 1892; x_wconf 77' lang='lat' dir='ltr'><strong>et</strong></span> <span class='ocrx_word' id='word_1_139' title='bbox 1165 1827 1375 1882; x_wconf 91' lang='lat' dir='ltr'><strong>leonem</strong></span> <span class='ocrx_word' id='word_1_140' title='bbox 1413 1828 1526 1883; x_wconf 67' lang='lat' dir='ltr'><strong>haec</strong></span> <span class='ocrx_word' id='word_1_141' title='bbox 1556 1843 1774 1898; x_wconf 91' lang='lat' dir='ltr'><strong>quoque</strong></span> <span class='ocrx_word' id='word_1_142' title='bbox 1816 1831 1985 1883; x_wconf 87' lang='lat' dir='ltr'><strong>verba</strong></span> 
     </span>
    </p>
   </div>
   <div class='ocr_carea' id='block_1_22' title="bbox 411 1917 1983 1989">
    <p class='ocr_par' dir='ltr' id='par_1_22' title="bbox 411 1917 1983 1989">
     <span class='ocr_line' id='line_1_22' title="bbox 411 1917 1983 1989; baseline 0.001 -18"><span class='ocrx_word' id='word_1_143' title='bbox 411 1918 629 1983; x_wconf 86' lang='lat' dir='ltr'><strong>retulit,</strong></span> <span class='ocrx_word' id='word_1_144' title='bbox 680 1933 776 1987; x_wconf 92' lang='lat' dir='ltr'><strong>pro</strong></span> <span class='ocrx_word' id='word_1_145' title='bbox 805 1933 870 1973; x_wconf 92' lang='lat' dir='ltr'><strong>eo</strong></span> <span class='ocrx_word' id='word_1_146' title='bbox 903 1927 961 1971; x_wconf 92' lang='lat' dir='ltr'><strong>ut</strong></span> <span class='ocrx_word' id='word_1_147' title='bbox 987 1918 1224 1972; x_wconf 87' lang='lat' dir='ltr'><strong>diceret:</strong></span> <span class='ocrx_word' id='word_1_148' title='bbox 1277 1917 1570 1989; x_wconf 88' lang='lat' dir='ltr'><strong>Postquam</strong></span> <span class='ocrx_word' id='word_1_149' title='bbox 1605 1935 1704 1975; x_wconf 94' lang='lat' dir='ltr'><strong>vos</strong></span> <span class='ocrx_word' id='word_1_150' title='bbox 1744 1920 1983 1974; x_wconf 87' lang='lat' dir='ltr'><strong>bostiuut</strong></span> 
     </span>
    </p>
   </div>
   <div class='ocr_carea' id='block_1_23' title="bbox 418 2008 1983 2089">
    <p class='ocr_par' dir='ltr' id='par_1_23' title="bbox 418 2008 1983 2089">
     <span class='ocr_line' id='line_1_23' title="bbox 418 2008 1983 2089; baseline 0.001 -25"><span class='ocrx_word' id='word_1_151' title='bbox 418 2024 583 2064; x_wconf 86' lang='lat' dir='ltr'><strong>manu</strong></span> <span class='ocrx_word' id='word_1_152' title='bbox 624 2008 896 2079; x_wconf 65' lang='lat' dir='ltr'><strong>praadatus</strong></span> <span class='ocrx_word' id='word_1_153' title='bbox 925 2008 1102 2074; x_wconf 79' lang='lat' dir='ltr'><strong>fuero,</strong></span> <span class='ocrx_word' id='word_1_154' title='bbox 1151 2017 1205 2064; x_wconf 93' lang='lat' dir='ltr'><strong>et</strong></span> <span class='ocrx_word' id='word_1_155' title='bbox 1237 2011 1478 2089; x_wconf 83' lang='lat' dir='ltr'><strong>captivos</strong></span> <span class='ocrx_word' id='word_1_156' title='bbox 1520 2010 1719 2076; x_wconf 83' lang='lat' dir='ltr'><strong>fecero,</strong></span> <span class='ocrx_word' id='word_1_157' title='bbox 1773 2025 1983 2066; x_wconf 90' lang='lat' dir='ltr'><strong>mecum</strong></span> 
     </span>
    </p>
   </div>
   <div class='ocr_carea' id='block_1_24' title="bbox 409 2100 1979 2174">
    <p class='ocr_par' dir='ltr' id='par_1_24' title="bbox 409 2100 1979 2174">
     <span class='ocr_line' id='line_1_24' title="bbox 409 2100 1979 2174; baseline 0.003 -21"><span class='ocrx_word' id='word_1_158' title='bbox 409 2100 529 2171; x_wconf 90' lang='lat' dir='ltr'><strong>ipse</strong></span> <span class='ocrx_word' id='word_1_159' title='bbox 579 2101 857 2165; x_wconf 82' lang='lat' dir='ltr'><strong>habitabo,</strong></span> <span class='ocrx_word' id='word_1_160' title='bbox 913 2116 1090 2171; x_wconf 89' lang='lat' dir='ltr'><strong>neque</strong></span> <span class='ocrx_word' id='word_1_161' title='bbox 1134 2101 1200 2155; x_wconf 86' lang='lat' dir='ltr'><strong>ad</strong></span> <span class='ocrx_word' id='word_1_162' title='bbox 1252 2108 1455 2172; x_wconf 78' lang='lat' dir='ltr'><strong>gestam</strong></span> <span class='ocrx_word' id='word_1_163' title='bbox 1502 2118 1616 2157; x_wconf 90' lang='lat' dir='ltr'><strong>rem</strong></span> <span class='ocrx_word' id='word_1_164' title='bbox 1663 2103 1979 2174; x_wconf 86' lang='lat' dir='ltr'><strong>respiciam,</strong></span> 
     </span>
    </p>
   </div>
   <div class='ocr_carea' id='block_1_25' title="bbox 409 2193 1981 2267">
    <p class='ocr_par' dir='ltr' id='par_1_25' title="bbox 409 2193 1981 2267">
     <span class='ocr_line' id='line_1_25' title="bbox 409 2193 1981 2267; baseline 0.003 -21"><span class='ocrx_word' id='word_1_165' title='bbox 409 2193 670 2262; x_wconf 82' lang='lat' dir='ltr'><strong>nulloque</strong></span> <span class='ocrx_word' id='word_1_166' title='bbox 697 2193 862 2247; x_wconf 90' lang='lat' dir='ltr'><strong>modo</strong></span> <span class='ocrx_word' id='word_1_167' title='bbox 887 2194 1042 2249; x_wconf 81' lang='lat' dir='ltr'><strong>vobis</strong></span> <span class='ocrx_word' id='word_1_168' title='bbox 1062 2193 1390 2264; x_wconf 87' lang='lat' dir='ltr'><strong>epitulabor,</strong></span> <span class='ocrx_word' id='word_1_169' title='bbox 1425 2194 1600 2250; x_wconf 90' lang='lat' dir='ltr'><strong>donec</strong></span> <span class='ocrx_word' id='word_1_170' title='bbox 1640 2196 1710 2250; x_wconf 91' lang='lat' dir='ltr'><strong>ab</strong></span> <span class='ocrx_word' id='word_1_171' title='bbox 1754 2211 1981 2267; x_wconf 65' lang='lat' dir='ltr'><strong>Oppreso</strong></span> 
     </span>
    </p>
   </div>
   <div class='ocr_carea' id='block_1_26' title="bbox 411 2281 1984 2353">
    <p class='ocr_par' dir='ltr' id='par_1_26' title="bbox 411 2281 1984 2353">
     <span class='ocr_line' id='line_1_26' title="bbox 411 2281 1984 2353; baseline 0.003 -17"><span class='ocrx_word' id='word_1_172' title='bbox 411 2281 630 2338; x_wconf 88' lang='lat' dir='ltr'><strong>soribus</strong></span> <span class='ocrx_word' id='word_1_173' title='bbox 648 2282 846 2338; x_wconf 90' lang='lat' dir='ltr'><strong>vestris</strong></span> <span class='ocrx_word' id='word_1_174' title='bbox 867 2297 1180 2352; x_wconf 90' lang='lat' dir='ltr'><strong>supremum</strong></span> <span class='ocrx_word' id='word_1_175' title='bbox 1204 2283 1426 2338; x_wconf 78' lang='lat' dir='ltr'><strong>exitium</strong></span> <span class='ocrx_word' id='word_1_176' title='bbox 1449 2285 1749 2353; x_wconf 87' lang='lat' dir='ltr'><strong>patiamini.</strong></span> <span class='ocrx_word' id='word_1_177' title='bbox 1789 2305 1807 2338; x_wconf 83' lang='grc' dir='ltr'><strong>ι</strong></span> <span class='ocrx_word' id='word_1_178' title='bbox 1833 2285 1984 2340; x_wconf 90' lang='lat' dir='ltr'><strong>Tunc</strong></span> 
     </span>
    </p>
   </div>
   <div class='ocr_carea' id='block_1_27' title="bbox 409 2371 1978 2446">
    <p class='ocr_par' dir='ltr' id='par_1_27' title="bbox 409 2371 1978 2446">
     <span class='ocr_line' id='line_1_27' title="bbox 409 2371 1978 2446; baseline 0.001 -20"><span class='ocrx_word' id='word_1_179' title='bbox 409 2371 625 2426; x_wconf 86' lang='lat' dir='ltr'><strong>demum</strong></span> <span class='ocrx_word' id='word_1_180' title='bbox 653 2381 1056 2438; x_wconf 83' lang='lat' dir='ltr'><strong>convertentur,</strong></span> <span class='ocrx_word' id='word_1_181' title='bbox 1094 2381 1148 2427; x_wconf 87' lang='lat' dir='ltr'><strong>et</strong></span> <span class='ocrx_word' id='word_1_182' title='bbox 1180 2372 1374 2428; x_wconf 83' lang='lat' dir='ltr'><strong>faciem</strong></span> <span class='ocrx_word' id='word_1_183' title='bbox 1422 2389 1598 2429; x_wconf 87' lang='lat' dir='ltr'><strong>meam</strong></span> <span class='ocrx_word' id='word_1_184' title='bbox 1629 2376 1932 2446; x_wconf 87' lang='lat' dir='ltr'><strong>requirent.</strong></span> <span class='ocrx_word' id='word_1_185' title='bbox 1959 2395 1978 2428; x_wconf 72' lang='grc' dir='ltr'><strong>ι</strong></span> 
     </span>
    </p>
   </div>
   <div class='ocr_carea' id='block_1_28' title="bbox 410 2463 1987 2539">
    <p class='ocr_par' dir='ltr' id='par_1_28' title="bbox 410 2463 1987 2539">
     <span class='ocr_line' id='line_1_28' title="bbox 410 2463 1987 2539; baseline 0.004 -21"><span class='ocrx_word' id='word_1_186' title='bbox 410 2463 565 2520; x_wconf 87' lang='lat' dir='ltr'><strong>Tunc</strong></span> <span class='ocrx_word' id='word_1_187' title='bbox 588 2481 719 2522; x_wconf 84' lang='lat' dir='ltr'><strong>sane</strong></span> <span class='ocrx_word' id='word_1_188' title='bbox 744 2474 800 2522; x_wconf 93' lang='lat' dir='ltr'><strong>et</strong></span> <span class='ocrx_word' id='word_1_189' title='bbox 821 2466 899 2520; x_wconf 91' lang='lat' dir='ltr'><strong>illi</strong></span> <span class='ocrx_word' id='word_1_190' title='bbox 922 2466 1308 2536; x_wconf 87' lang='lat' dir='ltr'><strong>resipiscentes</strong></span> <span class='ocrx_word' id='word_1_191' title='bbox 1332 2481 1489 2536; x_wconf 89' lang='lat' dir='ltr'><strong>opem</strong></span> <span class='ocrx_word' id='word_1_192' title='bbox 1537 2482 1711 2523; x_wconf 91' lang='lat' dir='ltr'><strong>meam</strong></span> <span class='ocrx_word' id='word_1_193' title='bbox 1735 2468 1987 2539; x_wconf 90' lang='lat' dir='ltr'><strong>implora-</strong></span> 
     </span>
    </p>
   </div>
   <div class='ocr_carea' id='block_1_29' title="bbox 411 2552 569 2607">
    <p class='ocr_par' dir='ltr' id='par_1_29' title="bbox 411 2552 569 2607">
     <span class='ocr_line' id='line_1_29' title="bbox 411 2552 569 2607; baseline 0.006 -1"><span class='ocrx_word' id='word_1_194' title='bbox 411 2552 569 2607; x_wconf 75' lang='lat' dir='ltr'><strong>bunL</strong></span> 
     </span>
    </p>
   </div>
   <div class='ocr_carea' id='block_1_30' title="bbox 2086 455 3651 531">
    <p class='ocr_par' dir='ltr' id='par_1_30' title="bbox 2086 455 3651 531">
     <span class='ocr_line' id='line_1_30' title="bbox 2086 455 3651 531; baseline 0.003 -21"><span class='ocrx_word' id='word_1_195' title='bbox 2086 455 2368 526; x_wconf 83' lang='grc' dir='ltr'>ἀπάγηται</span> <span class='ocrx_word' id='word_1_196' title='bbox 2429 457 2525 526; x_wconf 82' lang='grc' dir='ltr'>μὲν</span> <span class='ocrx_word' id='word_1_197' title='bbox 2584 456 2926 526; x_wconf 83' lang='grc' dir='ltr'>αίχμάλωτος</span> <span class='ocrx_word' id='word_1_198' title='bbox 2977 459 3059 520; x_wconf 87' lang='grc' dir='ltr'><strong>είς</strong></span> <span class='ocrx_word' id='word_1_199' title='bbox 3105 460 3230 521; x_wconf 81' lang='grc' dir='ltr'>τοὺς</span> <span class='ocrx_word' id='word_1_200' title='bbox 3294 459 3651 531; x_wconf 82' lang='grc' dir='ltr'>Ἀσσυρίουςδ</span> 
     </span>
    </p>
   </div>
   <div class='ocr_carea' id='block_1_31' title="bbox 2098 544 3654 617">
    <p class='ocr_par' dir='ltr' id='par_1_31' title="bbox 2098 544 3654 617">
     <span class='ocr_line' id='line_1_31' title="bbox 2098 544 3654 617; baseline 0.005 -21"><span class='ocrx_word' id='word_1_201' title='bbox 2098 544 2359 614; x_wconf 85' lang='grc' dir='ltr'>Ἐφραῒμ,</span> <span class='ocrx_word' id='word_1_202' title='bbox 2406 545 2751 598; x_wconf 80' lang='grc' dir='ltr'><strong>ἀποστέλλων</strong></span> <span class='ocrx_word' id='word_1_203' title='bbox 2779 546 2836 599; x_wconf 83' lang='grc' dir='ltr'>δὲ</span> <span class='ocrx_word' id='word_1_204' title='bbox 2873 548 3129 617; x_wconf 75' lang='grc' dir='ltr'>πρέσϐεις</span> <span class='ocrx_word' id='word_1_205' title='bbox 3157 549 3249 601; x_wconf 74' lang='grc' dir='ltr'>ἐπὶ</span> <span class='ocrx_word' id='word_1_206' title='bbox 3292 549 3383 604; x_wconf 81' lang='grc' dir='ltr'><strong>τὸν</strong></span> <span class='ocrx_word' id='word_1_207' title='bbox 3411 551 3521 603; x_wconf 89' lang='grc' dir='ltr'><strong>τῶν</strong></span> <span class='ocrx_word' id='word_1_208' title='bbox 3559 553 3654 604; x_wconf 80' lang='grc' dir='ltr'><strong>Δί-</strong></span> 
     </span>
    </p>
   </div>
   <div class='ocr_carea' id='block_1_32' title="bbox 2084 637 3653 712">
    <p class='ocr_par' dir='ltr' id='par_1_32' title="bbox 2084 637 3653 712">
     <span class='ocr_line' id='line_1_32' title="bbox 2084 637 3653 712; baseline 0.002 -20"><span class='ocrx_word' id='word_1_209' title='bbox 2084 639 2330 707; x_wconf 88' lang='grc' dir='ltr'>γυπτίων</span> <span class='ocrx_word' id='word_1_210' title='bbox 2369 637 2610 708; x_wconf 77' lang='grc' dir='ltr'><strong>βασιλέα,</strong></span> <span class='ocrx_word' id='word_1_211' title='bbox 2648 637 2722 708; x_wconf 89' lang='lat' dir='ltr'><strong>(p.</strong></span> <span class='ocrx_word' id='word_1_212' title='bbox 2749 639 2841 706; x_wconf 74' lang='lat'><strong>45)</strong></span> <span class='ocrx_word' id='word_1_213' title='bbox 2887 637 3022 708; x_wconf 84' lang='grc' dir='ltr'>μηδὲ</span> <span class='ocrx_word' id='word_1_214' title='bbox 3070 638 3196 708; x_wconf 89' lang='grc' dir='ltr'>μίαν</span> <span class='ocrx_word' id='word_1_215' title='bbox 3242 640 3447 694; x_wconf 81' lang='grc' dir='ltr'>ἐκεῖθεν</span> <span class='ocrx_word' id='word_1_216' title='bbox 3493 643 3653 712; x_wconf 89' lang='grc' dir='ltr'>κομί-</span> 
     </span>
    </p>
   </div>
   <div class='ocr_carea' id='block_1_33' title="bbox 2086 731 3651 806">
    <p class='ocr_par' dir='ltr' id='par_1_33' title="bbox 2086 731 3651 806">
     <span class='ocr_line' id='line_1_33' title="bbox 2086 731 3651 806; baseline 0.003 -22"><span class='ocrx_word' id='word_1_217' title='bbox 2086 732 2245 802; x_wconf 81' lang='grc' dir='ltr'>ζηται</span> <span class='ocrx_word' id='word_1_218' title='bbox 2295 731 2568 804; x_wconf 85' lang='grc' dir='ltr'>βοήθειαν.</span> <span class='ocrx_word' id='word_1_219' title='bbox 2610 748 2628 781; x_wconf 84' lang='grc' dir='ltr'><strong>ι</strong></span> <span class='ocrx_word' id='word_1_220' title='bbox 2685 731 2796 784; x_wconf 78' lang='grc' dir='ltr'><strong>Καὶ</strong></span> <span class='ocrx_word' id='word_1_221' title='bbox 2846 731 2903 782; x_wconf 82' lang='grc' dir='ltr'>οὐ</span> <span class='ocrx_word' id='word_1_222' title='bbox 2958 731 3030 801; x_wconf 86' lang='grc' dir='ltr'>μὴ</span> <span class='ocrx_word' id='word_1_223' title='bbox 3073 731 3341 804; x_wconf 76' lang='grc' dir='ltr'>διαπαύσῃ</span> <span class='ocrx_word' id='word_1_224' title='bbox 3392 733 3449 800; x_wconf 81' lang='grc' dir='ltr'>ἐξ</span> <span class='ocrx_word' id='word_1_225' title='bbox 3495 735 3651 806; x_wconf 79' lang='grc' dir='ltr'>ὑμῶν</span> 
     </span>
    </p>
   </div>
   <div class='ocr_carea' id='block_1_34' title="bbox 2085 820 3658 894">
    <p class='ocr_par' dir='ltr' id='par_1_34' title="bbox 2085 820 3658 894">
     <span class='ocr_line' id='line_1_34' title="bbox 2085 820 3658 894; baseline 0.003 -20"><span class='ocrx_word' id='word_1_226' title='bbox 2085 821 2245 892; x_wconf 83' lang='grc' dir='ltr'>ὀδύνη</span> <span class='ocrx_word' id='word_1_227' title='bbox 2267 839 2280 852; x_wconf 88' lang='grc'><strong>·</strong></span> <span class='ocrx_word' id='word_1_228' title='bbox 2307 822 2440 875; x_wconf 80' lang='grc' dir='ltr'>διότι</span> <span class='ocrx_word' id='word_1_229' title='bbox 2467 820 2575 890; x_wconf 85' lang='grc' dir='ltr'>ἐγώ</span> <span class='ocrx_word' id='word_1_230' title='bbox 2610 822 2724 892; x_wconf 88' lang='grc' dir='ltr'>εἰμι</span> <span class='ocrx_word' id='word_1_231' title='bbox 2755 820 2830 883; x_wconf 84' lang='grc' dir='ltr'>ὡς</span> <span class='ocrx_word' id='word_1_232' title='bbox 2860 820 3072 891; x_wconf 89' lang='grc' dir='ltr'>πάνθηρ</span> <span class='ocrx_word' id='word_1_233' title='bbox 3116 821 3193 890; x_wconf 85' lang='grc' dir='ltr'>τῷ</span> <span class='ocrx_word' id='word_1_234' title='bbox 3247 822 3515 894; x_wconf 75' lang='grc' dir='ltr'>Ἐφραῖμ,</span> <span class='ocrx_word' id='word_1_235' title='bbox 3557 826 3658 878; x_wconf 82' lang='grc' dir='ltr'>καὶ</span> 
     </span>
    </p>
   </div>
   <div class='ocr_carea' id='block_1_35' title="bbox 2086 909 3658 983">
    <p class='ocr_par' dir='ltr' id='par_1_35' title="bbox 2086 909 3658 983">
     <span class='ocr_line' id='line_1_35' title="bbox 2086 909 3658 983; baseline 0.001 -18"><span class='ocrx_word' id='word_1_236' title='bbox 2086 912 2162 976; x_wconf 82' lang='grc' dir='ltr'><strong>ὡς</strong></span> <span class='ocrx_word' id='word_1_237' title='bbox 2191 911 2326 965; x_wconf 82' lang='grc' dir='ltr'>λέων</span> <span class='ocrx_word' id='word_1_238' title='bbox 2357 914 2414 965; x_wconf 82' lang='grc' dir='ltr'><strong>ἐν</strong></span> <span class='ocrx_word' id='word_1_239' title='bbox 2457 910 2533 981; x_wconf 86' lang='grc' dir='ltr'><strong>τῷ</strong></span> <span class='ocrx_word' id='word_1_240' title='bbox 2581 910 2716 980; x_wconf 76' lang='grc' dir='ltr'>οἴκῳ</span> <span class='ocrx_word' id='word_1_241' title='bbox 2759 909 2926 962; x_wconf 80' lang='grc' dir='ltr'>Ἰούδα</span> <span class='ocrx_word' id='word_1_242' title='bbox 2945 926 2958 941; x_wconf 76' lang='grc' dir='ltr'><strong>ο</strong></span> <span class='ocrx_word' id='word_1_243' title='bbox 2993 909 3086 962; x_wconf 75' lang='grc' dir='ltr'>καὶ</span> <span class='ocrx_word' id='word_1_244' title='bbox 3114 909 3224 978; x_wconf 85' lang='grc' dir='ltr'>ἐγὼ</span> <span class='ocrx_word' id='word_1_245' title='bbox 3266 912 3527 983; x_wconf 86' lang='grc' dir='ltr'>ἀρπῶμαι</span> <span class='ocrx_word' id='word_1_246' title='bbox 3558 914 3658 966; x_wconf 72' lang='grc' dir='ltr'>καὶ</span> 
     </span>
    </p>
   </div>
   <div class='ocr_carea' id='block_1_36' title="bbox 2087 999 3658 1074">
    <p class='ocr_par' dir='ltr' id='par_1_36' title="bbox 2087 999 3658 1074">
     <span class='ocr_line' id='line_1_36' title="bbox 2087 999 3658 1074; baseline 0.001 -19"><span class='ocrx_word' id='word_1_247' title='bbox 2087 1001 2425 1074; x_wconf 84' lang='grc' dir='ltr'>πορεύσομαι</span> <span class='ocrx_word' id='word_1_248' title='bbox 2465 1001 2559 1054; x_wconf 76' lang='grc' dir='ltr'>καὶ</span> <span class='ocrx_word' id='word_1_249' title='bbox 2587 1000 2844 1070; x_wconf 80' lang='grc' dir='ltr'>λήψομαι,</span> <span class='ocrx_word' id='word_1_250' title='bbox 2878 999 2971 1053; x_wconf 74' lang='grc' dir='ltr'>καὶ</span> <span class='ocrx_word' id='word_1_251' title='bbox 3015 1000 3115 1054; x_wconf 83' lang='grc' dir='ltr'><strong>ούκ</strong></span> <span class='ocrx_word' id='word_1_252' title='bbox 3144 1000 3294 1054; x_wconf 76' lang='grc' dir='ltr'>ἔσται</span> <span class='ocrx_word' id='word_1_253' title='bbox 3336 1003 3365 1053; x_wconf 88' lang='grc' dir='ltr'><strong>ό</strong></span> <span class='ocrx_word' id='word_1_254' title='bbox 3407 1002 3658 1073; x_wconf 81' lang='grc' dir='ltr'>ἐξαιρού-</span> 
     </span>
    </p>
   </div>
   <div class='ocr_carea' id='block_1_37' title="bbox 2090 1091 3659 1164">
    <p class='ocr_par' dir='ltr' id='par_1_37' title="bbox 2090 1091 3659 1164">
     <span class='ocr_line' id='line_1_37' title="bbox 2090 1091 3659 1164; baseline 0.001 -18"><span class='ocrx_word' id='word_1_255' title='bbox 2090 1111 2270 1164; x_wconf 84' lang='grc' dir='ltr'>μενος.</span> <span class='ocrx_word' id='word_1_256' title='bbox 2313 1111 2332 1146; x_wconf 71' lang='grc' dir='ltr'><strong>ι</strong></span> <span class='ocrx_word' id='word_1_257' title='bbox 2383 1091 2472 1146; x_wconf 86' lang='grc' dir='ltr'>Ἐν</span> <span class='ocrx_word' id='word_1_258' title='bbox 2514 1093 2810 1156; x_wconf 82' lang='grc' dir='ltr'>ἀπαύστοις</span> <span class='ocrx_word' id='word_1_259' title='bbox 2851 1093 3060 1162; x_wconf 82' lang='grc' dir='ltr'>μενεῖτε</span> <span class='ocrx_word' id='word_1_260' title='bbox 3099 1095 3308 1157; x_wconf 78' lang='grc' dir='ltr'><strong>κακοῖς,</strong></span> <span class='ocrx_word' id='word_1_261' title='bbox 3343 1095 3527 1163; x_wconf 85' lang='grc' dir='ltr'>ἐπειδὴ</span> <span class='ocrx_word' id='word_1_262' title='bbox 3578 1097 3659 1159; x_wconf 82' lang='grc' dir='ltr'>ὡς</span> 
     </span>
    </p>
   </div>
   <div class='ocr_carea' id='block_1_38' title="bbox 2085 1183 3661 1260">
    <p class='ocr_par' dir='ltr' id='par_1_38' title="bbox 2085 1183 3661 1260">
     <span class='ocr_line' id='line_1_38' title="bbox 2085 1183 3661 1260; baseline 0 -21"><span class='ocrx_word' id='word_1_263' title='bbox 2085 1185 2153 1240; x_wconf 83' lang='grc' dir='ltr'>ἂν</span> <span class='ocrx_word' id='word_1_264' title='bbox 2247 1185 2462 1256; x_wconf 82' lang='grc' dir='ltr'>πάνθηρ</span> <span class='ocrx_word' id='word_1_265' title='bbox 2495 1202 2554 1238; x_wconf 90' lang='grc' dir='ltr'><strong>τε</strong></span> <span class='ocrx_word' id='word_1_266' title='bbox 2584 1185 2676 1238; x_wconf 80' lang='grc' dir='ltr'>καὶ</span> <span class='ocrx_word' id='word_1_267' title='bbox 2704 1184 2839 1238; x_wconf 91' lang='grc' dir='ltr'>λέων</span> <span class='ocrx_word' id='word_1_268' title='bbox 2868 1185 2994 1254; x_wconf 74' lang='grc' dir='ltr'>ὑμῖν</span> <span class='ocrx_word' id='word_1_269' title='bbox 3031 1185 3243 1253; x_wconf 77' lang='grc' dir='ltr'>ἔσομαι,</span> <span class='ocrx_word' id='word_1_270' title='bbox 3283 1185 3419 1256; x_wconf 86' lang='grc' dir='ltr'><strong>μετά</strong></span> <span class='ocrx_word' id='word_1_271' title='bbox 3452 1187 3661 1256; x_wconf 77' lang='grc' dir='ltr'>πολλῆς</span> 
     </span>
    </p>
   </div>
   <div class='ocr_carea' id='block_1_39' title="bbox 2087 1276 3662 1348">
    <p class='ocr_par' dir='ltr' id='par_1_39' title="bbox 2087 1276 3662 1348">
     <span class='ocr_line' id='line_1_39' title="bbox 2087 1276 3662 1348; baseline 0.001 -18"><span class='ocrx_word' id='word_1_272' title='bbox 2087 1277 2231 1347; x_wconf 81' lang='grc' dir='ltr'>ὑμᾶς</span> <span class='ocrx_word' id='word_1_273' title='bbox 2261 1276 2363 1347; x_wconf 81' lang='grc' dir='ltr'>τῆς</span> <span class='ocrx_word' id='word_1_274' title='bbox 2391 1276 2647 1346; x_wconf 84' lang='grc' dir='ltr'>ὀξύτητος</span> <span class='ocrx_word' id='word_1_275' title='bbox 2671 1276 2930 1346; x_wconf 79' lang='grc' dir='ltr'>ἁρπάζων</span> <span class='ocrx_word' id='word_1_276' title='bbox 2949 1293 3008 1328; x_wconf 91' lang='grc' dir='ltr'><strong>τε</strong></span> <span class='ocrx_word' id='word_1_277' title='bbox 3045 1279 3138 1330; x_wconf 69' lang='grc' dir='ltr'>καὶ</span> <span class='ocrx_word' id='word_1_278' title='bbox 3171 1278 3394 1346; x_wconf 82' lang='grc' dir='ltr'><strong>ἀπάγων</strong></span> <span class='ocrx_word' id='word_1_279' title='bbox 3436 1279 3524 1332; x_wconf 83' lang='grc' dir='ltr'><strong>διὰ</strong></span> <span class='ocrx_word' id='word_1_280' title='bbox 3550 1280 3662 1348; x_wconf 75' lang='grc' dir='ltr'>τῆς</span> 
     </span>
    </p>
   </div>
   <div class='ocr_carea' id='block_1_40' title="bbox 2085 1367 3660 1440">
    <p class='ocr_par' dir='ltr' id='par_1_40' title="bbox 2085 1367 3660 1440">
     <span class='ocr_line' id='line_1_40' title="bbox 2085 1367 3660 1440; baseline 0.002 -18"><span class='ocrx_word' id='word_1_281' title='bbox 2085 1369 2193 1422; x_wconf 81' lang='grc' dir='ltr'>τῶν</span> <span class='ocrx_word' id='word_1_282' title='bbox 2234 1369 2508 1439; x_wconf 90' lang='grc' dir='ltr'>πολεμίων</span> <span class='ocrx_word' id='word_1_283' title='bbox 2551 1367 2767 1437; x_wconf 73' lang='grc' dir='ltr'><strong>ἐφόδου⁸</strong></span> <span class='ocrx_word' id='word_1_284' title='bbox 2829 1368 3039 1431; x_wconf 77' lang='grc' dir='ltr'>οὐδενὸς</span> <span class='ocrx_word' id='word_1_285' title='bbox 3096 1369 3453 1422; x_wconf 80' lang='grc' dir='ltr'>ἀπαλλάττειν</span> <span class='ocrx_word' id='word_1_286' title='bbox 3505 1371 3660 1440; x_wconf 79' lang='grc' dir='ltr'>ὑμᾶς</span> 
     </span>
    </p>
   </div>
   <div class='ocr_carea' id='block_1_41' title="bbox 2085 1459 3669 1532">
    <p class='ocr_par' dir='ltr' id='par_1_41' title="bbox 2085 1459 3669 1532">
     <span class='ocr_line' id='line_1_41' title="bbox 2085 1459 3669 1532; baseline 0.001 -18"><span class='ocrx_word' id='word_1_287' title='bbox 2085 1460 2194 1514; x_wconf 86' lang='grc' dir='ltr'><strong>τῶν</strong></span> <span class='ocrx_word' id='word_1_288' title='bbox 2221 1460 2582 1530; x_wconf 79' lang='grc' dir='ltr'>ἐπικειμένων</span> <span class='ocrx_word' id='word_1_289' title='bbox 2612 1459 2794 1512; x_wconf 87' lang='grc' dir='ltr'>κακῶν</span> <span class='ocrx_word' id='word_1_290' title='bbox 2824 1459 2936 1512; x_wconf 85' lang='grc' dir='ltr'>οἵου</span> <span class='ocrx_word' id='word_1_291' title='bbox 2969 1476 3028 1512; x_wconf 87' lang='grc' dir='ltr'><strong>τε</strong></span> <span class='ocrx_word' id='word_1_292' title='bbox 3055 1459 3223 1522; x_wconf 76' lang='grc' dir='ltr'>ὄντος.</span> <span class='ocrx_word' id='word_1_293' title='bbox 3255 1477 3274 1511; x_wconf 80' lang='grc' dir='ltr'><strong>ι</strong></span> <span class='ocrx_word' id='word_1_294' title='bbox 3314 1461 3669 1532; x_wconf 71' lang='grc' dir='ltr'>Πορεύσομαι</span> 
     </span>
    </p>
   </div>
   <div class='ocr_carea' id='block_1_42' title="bbox 2085 1547 3660 1623">
    <p class='ocr_par' dir='ltr' id='par_1_42' title="bbox 2085 1547 3660 1623">
     <span class='ocr_line' id='line_1_42' title="bbox 2085 1547 3660 1623; baseline -0.002 -17"><span class='ocrx_word' id='word_1_295' title='bbox 2085 1553 2180 1606; x_wconf 76' lang='grc' dir='ltr'>καὶ</span> <span class='ocrx_word' id='word_1_296' title='bbox 2213 1551 2524 1623; x_wconf 76' lang='grc' dir='ltr'>ἐπιστρέψω</span> <span class='ocrx_word' id='word_1_297' title='bbox 2576 1552 2654 1614; x_wconf 84' lang='grc' dir='ltr'><strong>εἰς</strong></span> <span class='ocrx_word' id='word_1_298' title='bbox 2703 1551 2792 1603; x_wconf 84' lang='grc' dir='ltr'>τὸν</span> <span class='ocrx_word' id='word_1_299' title='bbox 2830 1551 2992 1604; x_wconf 87' lang='grc' dir='ltr'>τόπον</span> <span class='ocrx_word' id='word_1_300' title='bbox 3037 1568 3163 1620; x_wconf 88' lang='grc' dir='ltr'>μου,</span> <span class='ocrx_word' id='word_1_301' title='bbox 3212 1551 3318 1614; x_wconf 82' lang='grc' dir='ltr'><strong>ἐως</strong></span> <span class='ocrx_word' id='word_1_302' title='bbox 3348 1547 3408 1605; x_wconf 73' lang='grc' dir='ltr'>οὗ</span> <span class='ocrx_word' id='word_1_303' title='bbox 3456 1553 3660 1621; x_wconf 76' lang='grc' dir='ltr'>ἀφανι-</span> 
     </span>
    </p>
   </div>
   <div class='ocr_carea' id='block_1_43' title="bbox 2087 1638 3662 1714">
    <p class='ocr_par' dir='ltr' id='par_1_43' title="bbox 2087 1638 3662 1714">
     <span class='ocr_line' id='line_1_43' title="bbox 2087 1638 3662 1714; baseline 0.001 -21"><span class='ocrx_word' id='word_1_304' title='bbox 2087 1639 2275 1693; x_wconf 84' lang='grc' dir='ltr'>σθῶσι.</span> <span class='ocrx_word' id='word_1_305' title='bbox 2315 1659 2335 1692; x_wconf 75' lang='grc' dir='ltr'><strong>ι</strong></span> <span class='ocrx_word' id='word_1_306' title='bbox 2384 1638 2714 1702; x_wconf 86' lang='grc' dir='ltr'>Ἀκολούθως</span> <span class='ocrx_word' id='word_1_307' title='bbox 2759 1642 2826 1709; x_wconf 82' lang='grc' dir='ltr'>τῇ</span> <span class='ocrx_word' id='word_1_308' title='bbox 2877 1639 3046 1692; x_wconf 88' lang='grc' dir='ltr'>είκόνι</span> <span class='ocrx_word' id='word_1_309' title='bbox 3089 1643 3156 1711; x_wconf 85' lang='grc' dir='ltr'>τῇ</span> <span class='ocrx_word' id='word_1_310' title='bbox 3193 1641 3526 1714; x_wconf 84' lang='grc' dir='ltr'>προκειμένῃ</span> <span class='ocrx_word' id='word_1_311' title='bbox 3558 1641 3662 1695; x_wconf 77' lang='grc' dir='ltr'>καὶ</span> 
     </span>
    </p>
   </div>
   <div class='ocr_carea' id='block_1_44' title="bbox 2085 1729 3650 1803">
    <p class='ocr_par' dir='ltr' id='par_1_44' title="bbox 2085 1729 3650 1803">
     <span class='ocr_line' id='line_1_44' title="bbox 2085 1729 3650 1803; baseline 0.001 -18"><span class='ocrx_word' id='word_1_312' title='bbox 2085 1731 2242 1786; x_wconf 85' lang='grc' dir='ltr'>τοῦτο</span> <span class='ocrx_word' id='word_1_313' title='bbox 2272 1731 2582 1802; x_wconf 74' lang='grc' dir='ltr'>ἐπήγαγενο</span> <span class='ocrx_word' id='word_1_314' title='bbox 2616 1729 2802 1801; x_wconf 83' lang='grc' dir='ltr'>ἐπειδὴ</span> <span class='ocrx_word' id='word_1_315' title='bbox 2839 1729 2948 1783; x_wconf 85' lang='grc' dir='ltr'>τῶν</span> <span class='ocrx_word' id='word_1_316' title='bbox 2990 1729 3242 1784; x_wconf 81' lang='grc' dir='ltr'>τοιούτων</span> <span class='ocrx_word' id='word_1_317' title='bbox 3282 1730 3483 1803; x_wconf 84' lang='grc' dir='ltr'>θηρίων</span> <span class='ocrx_word' id='word_1_318' title='bbox 3513 1733 3650 1787; x_wconf 75' lang='grc' dir='ltr'>ἴδιόν</span> 
     </span>
    </p>
   </div>
   <div class='ocr_carea' id='block_1_45' title="bbox 2083 1821 3655 1896">
    <p class='ocr_par' dir='ltr' id='par_1_45' title="bbox 2083 1821 3655 1896">
     <span class='ocr_line' id='line_1_45' title="bbox 2083 1821 3655 1896; baseline 0.001 -20"><span class='ocrx_word' id='word_1_319' title='bbox 2083 1824 2197 1876; x_wconf 90' lang='grc' dir='ltr'>ἐστι</span> <span class='ocrx_word' id='word_1_320' title='bbox 2233 1821 2370 1892; x_wconf 86' lang='grc' dir='ltr'><strong>μετά</strong></span> <span class='ocrx_word' id='word_1_321' title='bbox 2409 1821 2666 1893; x_wconf 78' lang='grc' dir='ltr'>ὀξύτητος</span> <span class='ocrx_word' id='word_1_322' title='bbox 2704 1821 2801 1892; x_wconf 83' lang='grc' dir='ltr'>μὲν</span> <span class='ocrx_word' id='word_1_323' title='bbox 2833 1822 3095 1893; x_wconf 77' lang='grc' dir='ltr'>ἁρπάζειν</span> <span class='ocrx_word' id='word_1_324' title='bbox 3145 1840 3203 1877; x_wconf 86' lang='grc' dir='ltr'><strong>τε</strong></span> <span class='ocrx_word' id='word_1_325' title='bbox 3249 1825 3343 1877; x_wconf 76' lang='grc' dir='ltr'><strong>καὶ</strong></span> <span class='ocrx_word' id='word_1_326' title='bbox 3381 1825 3655 1896; x_wconf 73' lang='grc' dir='ltr'>ἀφαιρεῖν</span> 
     </span>
    </p>
   </div>
   <div class='ocr_carea' id='block_1_46' title="bbox 2082 1912 3660 1987">
    <p class='ocr_par' dir='ltr' id='par_1_46' title="bbox 2082 1912 3660 1987">
     <span class='ocr_line' id='line_1_46' title="bbox 2082 1912 3660 1987; baseline 0.002 -20"><span class='ocrx_word' id='word_1_327' title='bbox 2082 1913 2142 1967; x_wconf 88' lang='grc' dir='ltr'><strong>τὺ</strong></span> <span class='ocrx_word' id='word_1_328' title='bbox 2189 1912 2547 1985; x_wconf 89' lang='grc' dir='ltr'>προσπίπτον,</span> <span class='ocrx_word' id='word_1_329' title='bbox 2581 1913 2801 1966; x_wconf 85' lang='grc' dir='ltr'>ἀπιέναι</span> <span class='ocrx_word' id='word_1_330' title='bbox 2828 1912 2884 1965; x_wconf 87' lang='grc' dir='ltr'>δὲ</span> <span class='ocrx_word' id='word_1_331' title='bbox 2915 1912 3007 1964; x_wconf 71' lang='grc' dir='ltr'>ἐπὶ</span> <span class='ocrx_word' id='word_1_332' title='bbox 3037 1913 3133 1984; x_wconf 83' lang='grc' dir='ltr'>τὴν</span> <span class='ocrx_word' id='word_1_333' title='bbox 3168 1914 3404 1986; x_wconf 83' lang='grc' dir='ltr'>μάνδραν</span> <span class='ocrx_word' id='word_1_334' title='bbox 3444 1917 3546 1987; x_wconf 82' lang='grc' dir='ltr'>τὴν</span> <span class='ocrx_word' id='word_1_335' title='bbox 3570 1919 3660 1970; x_wconf 75' lang='lat' dir='ltr'><strong>oi-</strong></span> 
     </span>
    </p>
   </div>
   <div class='ocr_carea' id='block_1_47' title="bbox 2083 2001 3650 2070">
    <p class='ocr_par' dir='ltr' id='par_1_47' title="bbox 2083 2001 3650 2070">
     <span class='ocr_line' id='line_1_47' title="bbox 2083 2001 3650 2070; baseline 0.001 -10"><span class='ocrx_word' id='word_1_336' title='bbox 2083 2007 2258 2070; x_wconf 89' lang='grc' dir='ltr'>κείαν,</span> <span class='ocrx_word' id='word_1_337' title='bbox 2290 2001 2407 2058; x_wconf 76' lang='grc' dir='ltr'>εἶτα</span> <span class='ocrx_word' id='word_1_338' title='bbox 2437 2005 2621 2058; x_wconf 78' lang='grc' dir='ltr'>αὐτόθι</span> <span class='ocrx_word' id='word_1_339' title='bbox 2651 2005 2954 2058; x_wconf 85' lang='grc' dir='ltr'>κατεσθίειν</span> <span class='ocrx_word' id='word_1_340' title='bbox 2991 2022 3052 2058; x_wconf 89' lang='grc' dir='ltr'><strong>τε</strong></span> <span class='ocrx_word' id='word_1_341' title='bbox 3095 2007 3190 2059; x_wconf 74' lang='grc' dir='ltr'>καὶ</span> <span class='ocrx_word' id='word_1_342' title='bbox 3226 2007 3650 2062; x_wconf 80' lang='grc' dir='ltr'>καταναλίσκειν</span> 
     </span>
    </p>
   </div>
   <div class='ocr_carea' id='block_1_48' title="bbox 2081 2090 3656 2167">
    <p class='ocr_par' dir='ltr' id='par_1_48' title="bbox 2081 2090 3656 2167">
     <span class='ocr_line' id='line_1_48' title="bbox 2081 2090 3656 2167; baseline 0.003 -19"><span class='ocrx_word' id='word_1_343' title='bbox 2081 2095 2144 2148; x_wconf 81' lang='grc' dir='ltr'>τὸ</span> <span class='ocrx_word' id='word_1_344' title='bbox 2169 2095 2369 2167; x_wconf 85' lang='grc' dir='ltr'>ληφθέν</span> <span class='ocrx_word' id='word_1_345' title='bbox 2387 2112 2400 2125; x_wconf 78' lang='grc' dir='ltr'><strong>ο</strong></span> <span class='ocrx_word' id='word_1_346' title='bbox 2425 2094 2561 2160; x_wconf 75' lang='grc' dir='ltr'>πρὸς</span> <span class='ocrx_word' id='word_1_347' title='bbox 2601 2090 2693 2148; x_wconf 78' lang='grc' dir='ltr'><strong>οὖν</strong></span> <span class='ocrx_word' id='word_1_348' title='bbox 2718 2096 2777 2148; x_wconf 72' lang='grc' dir='ltr'>τὸ</span> <span class='ocrx_word' id='word_1_349' title='bbox 2807 2097 2882 2159; x_wconf 84' lang='grc' dir='ltr'>ὼς</span> <span class='ocrx_word' id='word_1_350' title='bbox 2922 2095 3132 2167; x_wconf 84' lang='grc' dir='ltr'>πάνθηρ</span> <span class='ocrx_word' id='word_1_351' title='bbox 3191 2097 3284 2150; x_wconf 74' lang='grc' dir='ltr'>καὶ</span> <span class='ocrx_word' id='word_1_352' title='bbox 3331 2096 3465 2150; x_wconf 89' lang='grc' dir='ltr'>λέων</span> <span class='ocrx_word' id='word_1_353' title='bbox 3483 2138 3499 2164; x_wconf 91' lang='grc'><strong>,</strong></span> <span class='ocrx_word' id='word_1_354' title='bbox 3541 2100 3656 2153; x_wconf 86' lang='grc' dir='ltr'>ἀπ-</span> 
     </span>
    </p>
   </div>
   <div class='ocr_carea' id='block_1_49' title="bbox 2079 2185 3652 2259">
    <p class='ocr_par' dir='ltr' id='par_1_49' title="bbox 2079 2185 3652 2259">
     <span class='ocr_line' id='line_1_49' title="bbox 2079 2185 3652 2259; baseline 0.002 -19"><span class='ocrx_word' id='word_1_355' title='bbox 2079 2185 2248 2240; x_wconf 84' lang='grc' dir='ltr'>έδωκε</span> <span class='ocrx_word' id='word_1_356' title='bbox 2297 2186 2390 2239; x_wconf 78' lang='grc' dir='ltr'>καὶ</span> <span class='ocrx_word' id='word_1_357' title='bbox 2415 2185 2571 2239; x_wconf 80' lang='grc' dir='ltr'>τοῦτο</span> <span class='ocrx_word' id='word_1_358' title='bbox 2593 2203 2607 2216; x_wconf 86' lang='grc'><strong>·</strong></span> <span class='ocrx_word' id='word_1_359' title='bbox 2642 2187 2762 2238; x_wconf 81' lang='grc' dir='ltr'>ἀντὶ</span> <span class='ocrx_word' id='word_1_360' title='bbox 2792 2186 2906 2252; x_wconf 82' lang='grc' dir='ltr'>τοῦ,</span> <span class='ocrx_word' id='word_1_361' title='bbox 2949 2187 3227 2258; x_wconf 80' lang='grc' dir='ltr'>Ἀρπάσας</span> <span class='ocrx_word' id='word_1_362' title='bbox 3257 2189 3397 2259; x_wconf 80' lang='grc' dir='ltr'>ὑμᾶς</span> <span class='ocrx_word' id='word_1_363' title='bbox 3415 2189 3502 2243; x_wconf 70' lang='grc' dir='ltr'><strong>διὰ</strong></span> <span class='ocrx_word' id='word_1_364' title='bbox 3533 2190 3652 2243; x_wconf 82' lang='grc' dir='ltr'>τῶν</span> 
     </span>
    </p>
   </div>
   <div class='ocr_carea' id='block_1_50' title="bbox 2081 2277 3650 2352">
    <p class='ocr_par' dir='ltr' id='par_1_50' title="bbox 2081 2277 3650 2352">
     <span class='ocr_line' id='line_1_50' title="bbox 2081 2277 3650 2352; baseline 0.003 -20"><span class='ocrx_word' id='word_1_365' title='bbox 2081 2279 2373 2350; x_wconf 85' lang='grc' dir='ltr'>πολεμίων,</span> <span class='ocrx_word' id='word_1_366' title='bbox 2402 2279 2496 2333; x_wconf 69' lang='grc' dir='ltr'><strong>καὶ</strong></span> <span class='ocrx_word' id='word_1_367' title='bbox 2523 2277 2898 2348; x_wconf 82' lang='grc' dir='ltr'>αἰχμαλώτους</span> <span class='ocrx_word' id='word_1_368' title='bbox 2929 2281 3292 2350; x_wconf 84' lang='grc' dir='ltr'>καταστήσας,</span> <span class='ocrx_word' id='word_1_369' title='bbox 3326 2283 3444 2335; x_wconf 87' lang='grc' dir='ltr'>κατ’</span> <span class='ocrx_word' id='word_1_370' title='bbox 3473 2285 3650 2352; x_wconf 82' lang='grc' dir='ltr'>ἐμαυ-</span> 
     </span>
    </p>
   </div>
   <div class='ocr_carea' id='block_1_51' title="bbox 2080 2374 3661 2447">
    <p class='ocr_par' dir='ltr' id='par_1_51' title="bbox 2080 2374 3661 2447">
     <span class='ocr_line' id='line_1_51' title="bbox 2080 2374 3661 2447; baseline 0.001 -18"><span class='ocrx_word' id='word_1_371' title='bbox 2080 2376 2171 2429; x_wconf 81' lang='grc' dir='ltr'>τὸν</span> <span class='ocrx_word' id='word_1_372' title='bbox 2198 2375 2412 2446; x_wconf 70' lang='grc' dir='ltr'>ἔσομαι,</span> <span class='ocrx_word' id='word_1_373' title='bbox 2453 2375 2552 2428; x_wconf 78' lang='grc' dir='ltr'>οὐκ</span> <span class='ocrx_word' id='word_1_374' title='bbox 2598 2374 3052 2446; x_wconf 70' lang='grc' dir='ltr'>ἐπιστρεφόμενος</span> <span class='ocrx_word' id='word_1_375' title='bbox 3101 2376 3236 2447; x_wconf 78' lang='grc' dir='ltr'>πρὸς</span> <span class='ocrx_word' id='word_1_376' title='bbox 3265 2375 3330 2430; x_wconf 76' lang='grc' dir='ltr'><strong>τὰ</strong></span> <span class='ocrx_word' id='word_1_377' title='bbox 3359 2379 3661 2445; x_wconf 71' lang='grc' dir='ltr'>γινόμενα,</span> 
     </span>
    </p>
   </div>
   <div class='ocr_carea' id='block_1_52' title="bbox 2083 2465 3658 2538">
    <p class='ocr_par' dir='ltr' id='par_1_52' title="bbox 2083 2465 3658 2538">
     <span class='ocr_line' id='line_1_52' title="bbox 2083 2465 3658 2538; baseline 0 -17"><span class='ocrx_word' id='word_1_378' title='bbox 2083 2467 2206 2522; x_wconf 80' lang='grc' dir='ltr'>οὐδέ</span> <span class='ocrx_word' id='word_1_379' title='bbox 2239 2483 2360 2520; x_wconf 88' lang='grc' dir='ltr'>τινα</span> <span class='ocrx_word' id='word_1_380' title='bbox 2407 2466 2587 2536; x_wconf 88' lang='grc' dir='ltr'>νέμων</span> <span class='ocrx_word' id='word_1_381' title='bbox 2638 2466 2764 2536; x_wconf 84' lang='grc' dir='ltr'>ὑμῖν</span> <span class='ocrx_word' id='word_1_382' title='bbox 2807 2465 3071 2536; x_wconf 85' lang='grc' dir='ltr'>βοήθειαν,</span> <span class='ocrx_word' id='word_1_383' title='bbox 3113 2467 3239 2538; x_wconf 79' lang='grc' dir='ltr'>ἄχρι</span> <span class='ocrx_word' id='word_1_384' title='bbox 3287 2466 3353 2520; x_wconf 80' lang='grc' dir='ltr'>ἂν</span> <span class='ocrx_word' id='word_1_385' title='bbox 3395 2469 3499 2521; x_wconf 78' lang='grc' dir='ltr'>ὑπὸ</span> <span class='ocrx_word' id='word_1_386' title='bbox 3541 2469 3658 2521; x_wconf 82' lang='grc' dir='ltr'>τῶν</span> 
     </span>
    </p>
   </div>
   <div class='ocr_carea' id='block_1_53' title="bbox 2084 2555 3662 2629">
    <p class='ocr_par' dir='ltr' id='par_1_53' title="bbox 2084 2555 3662 2629">
     <span class='ocr_line' id='line_1_53' title="bbox 2084 2555 3662 2629; baseline -0.001 -16"><span class='ocrx_word' id='word_1_387' title='bbox 2084 2559 2421 2629; x_wconf 84' lang='grc' dir='ltr'>κατεχόντων</span> <span class='ocrx_word' id='word_1_388' title='bbox 2442 2555 2677 2624; x_wconf 81' lang='grc' dir='ltr'>παντελῆ</span> <span class='ocrx_word' id='word_1_389' title='bbox 2703 2557 2800 2627; x_wconf 82' lang='grc' dir='ltr'>τὴν</span> <span class='ocrx_word' id='word_1_390' title='bbox 2826 2556 3095 2609; x_wconf 86' lang='grc' dir='ltr'>ἀπώλειαν</span> <span class='ocrx_word' id='word_1_391' title='bbox 3118 2557 3462 2628; x_wconf 80' lang='grc' dir='ltr'>ὑπομείνητε.</span> <span class='ocrx_word' id='word_1_392' title='bbox 3494 2577 3513 2609; x_wconf 76' lang='grc' dir='ltr'><strong>ι</strong></span> <span class='ocrx_word' id='word_1_393' title='bbox 3543 2560 3662 2613; x_wconf 74' lang='grc' dir='ltr'><strong>Καὶ</strong></span> 
     </span>
    </p>
   </div>
   <div class='ocr_carea' id='block_1_54' title="bbox 409 2645 3660 2722">
    <p class='ocr_par' dir='ltr' id='par_1_54' title="bbox 409 2645 3660 2722">
     <span class='ocr_line' id='line_1_54' title="bbox 409 2645 3660 2722; baseline 0.003 -25"><span class='ocrx_word' id='word_1_394' title='bbox 409 2645 793 2716; x_wconf 59' lang='grc' dir='ltr'>ἐπιστρέφουσι</span> <span class='ocrx_word' id='word_1_395' title='bbox 840 2648 935 2702; x_wconf 80' lang='grc' dir='ltr'>καὶ</span> <span class='ocrx_word' id='word_1_396' title='bbox 980 2647 1272 2719; x_wconf 79' lang='grc' dir='ltr'>ζητήσουσι</span> <span class='ocrx_word' id='word_1_397' title='bbox 1319 2648 1379 2704; x_wconf 83' lang='grc' dir='ltr'>τὸ</span> <span class='ocrx_word' id='word_1_398' title='bbox 1428 2648 1717 2720; x_wconf 80' lang='grc' dir='ltr'>πρόσωπόν</span> <span class='ocrx_word' id='word_1_399' title='bbox 1765 2668 1884 2722; x_wconf 88' lang='grc' dir='ltr'>μου.</span> <span class='ocrx_word' id='word_1_400' title='bbox 1950 2670 1970 2704; x_wconf 74' lang='grc' dir='ltr'><strong>ι</strong></span> <span class='ocrx_word' id='word_1_401' title='bbox 2031 2652 2164 2705; x_wconf 80' lang='grc' dir='ltr'>Τότε</span> <span class='ocrx_word' id='word_1_402' title='bbox 2227 2649 2337 2721; x_wconf 82' lang='grc' dir='ltr'>γὰρ</span> <span class='ocrx_word' id='word_1_403' title='bbox 2391 2650 2456 2720; x_wconf 84' lang='grc' dir='ltr'>δὴ</span> <span class='ocrx_word' id='word_1_404' title='bbox 2501 2649 2745 2702; x_wconf 87' lang='grc' dir='ltr'>κάκεῖνοι</span> <span class='ocrx_word' id='word_1_405' title='bbox 2797 2647 3222 2720; x_wconf 80' lang='grc' dir='ltr'>μεταϐαλόμενοι</span> <span class='ocrx_word' id='word_1_406' title='bbox 3262 2651 3360 2720; x_wconf 83' lang='grc' dir='ltr'>τῆς</span> <span class='ocrx_word' id='word_1_407' title='bbox 3404 2650 3660 2722; x_wconf 78' lang='grc' dir='ltr'><strong>βοηθείας</strong></span> 
     </span>
    </p>
   </div>
   <div class='ocr_carea' id='block_1_55' title="bbox 405 2738 1016 2813">
    <p class='ocr_par' dir='ltr' id='par_1_55' title="bbox 405 2738 1016 2813">
     <span class='ocr_line' id='line_1_55' title="bbox 405 2738 1016 2813; baseline 0.003 -19"><span class='ocrx_word' id='word_1_408' title='bbox 405 2738 686 2810; x_wconf 81' lang='grc' dir='ltr'>δεήσονται</span> <span class='ocrx_word' id='word_1_409' title='bbox 725 2741 823 2810; x_wconf 81' lang='grc' dir='ltr'>τῆς</span> <span class='ocrx_word' id='word_1_410' title='bbox 857 2741 1016 2813; x_wconf 85' lang='grc' dir='ltr'>ἐμῆς.</span> 
     </span>
    </p>
   </div>
   <div class='ocr_carea' id='block_1_56' title="bbox 1061 2828 1332 2883">
    <p class='ocr_par' dir='ltr' id='par_1_56' title="bbox 1061 2828 1332 2883">
     <span class='ocr_line' id='line_1_56' title="bbox 1061 2828 1332 2883; baseline -0.004 0"><span class='ocrx_word' id='word_1_411' title='bbox 1061 2830 1211 2883; x_wconf 87' lang='lat' dir='ltr'><strong>CAP.</strong></span> <span class='ocrx_word' id='word_1_412' title='bbox 1244 2828 1332 2883; x_wconf 82' lang='lat' dir='ltr'><strong>Vl.</strong></span> 
     </span>
    </p>
   </div>
   <div class='ocr_carea' id='block_1_57' title="bbox 478 2919 1980 2993">
    <p class='ocr_par' dir='ltr' id='par_1_57' title="bbox 478 2919 1980 2993">
     <span class='ocr_line' id='line_1_57' title="bbox 478 2919 1980 2993; baseline 0.002 -20"><span class='ocrx_word' id='word_1_413' title='bbox 478 2921 586 2990; x_wconf 72' lang='lat'><strong>29</strong></span> <span class='ocrx_word' id='word_1_414' title='bbox 619 2919 785 2976; x_wconf 70' lang='lat' dir='ltr'><strong>Vens.</strong></span> <span class='ocrx_word' id='word_1_415' title='bbox 806 2921 911 2974; x_wconf 77' lang='lat'><strong>1-3.</strong></span> <span class='ocrx_word' id='word_1_416' title='bbox 941 2950 1009 2960; x_wconf 91' lang='lat'><strong>-—</strong></span> <span class='ocrx_word' id='word_1_417' title='bbox 1043 2941 1060 2972; x_wconf 78' lang='grc' dir='ltr'><strong>ι</strong></span> <span class='ocrx_word' id='word_1_418' title='bbox 1085 2922 1143 2975; x_wconf 92' lang='lat' dir='ltr'><strong>In</strong></span> <span class='ocrx_word' id='word_1_419' title='bbox 1166 2921 1518 2978; x_wconf 89' lang='lat' dir='ltr'><strong>tribulatione</strong></span> <span class='ocrx_word' id='word_1_420' title='bbox 1545 2937 1643 2978; x_wconf 89' lang='lat' dir='ltr'><strong>sua</strong></span> <span class='ocrx_word' id='word_1_421' title='bbox 1669 2938 1826 2977; x_wconf 80' lang='lat' dir='ltr'><strong>mane</strong></span> <span class='ocrx_word' id='word_1_422' title='bbox 1852 2923 1980 2993; x_wconf 84' lang='lat' dir='ltr'><strong>vigi-</strong></span> 
     </span>
    </p>
   </div>
   <div class='ocr_carea' id='block_1_58' title="bbox 409 2996 1975 3065">
    <p class='ocr_par' dir='ltr' id='par_1_58' title="bbox 409 2996 1975 3065">
     <span class='ocr_line' id='line_1_58' title="bbox 409 2996 1975 3065; baseline 0.001 -2"><span class='ocrx_word' id='word_1_423' title='bbox 409 2996 600 3063; x_wconf 82' lang='lat' dir='ltr'><strong>labunt</strong></span> <span class='ocrx_word' id='word_1_424' title='bbox 630 3009 695 3062; x_wconf 85' lang='lat' dir='ltr'><strong>ad</strong></span> <span class='ocrx_word' id='word_1_425' title='bbox 731 3025 817 3063; x_wconf 90' lang='lat' dir='ltr'><strong>me</strong></span> <span class='ocrx_word' id='word_1_426' title='bbox 853 3009 1098 3063; x_wconf 86' lang='lat' dir='ltr'><strong>dicentes</strong></span> <span class='ocrx_word' id='word_1_427' title='bbox 1134 3025 1148 3061; x_wconf 91' lang='lat'><strong>:</strong></span> <span class='ocrx_word' id='word_1_428' title='bbox 1197 3007 1554 3063; x_wconf 79' lang='lat' dir='ltr'><strong>Revertantur</strong></span> <span class='ocrx_word' id='word_1_429' title='bbox 1585 3009 1652 3063; x_wconf 88' lang='lat' dir='ltr'><strong>ad</strong></span> <span class='ocrx_word' id='word_1_430' title='bbox 1690 3010 1975 3065; x_wconf 89' lang='lat' dir='ltr'><strong>Dominum</strong></span> 
     </span>
    </p>
   </div>
   <div class='ocr_carea' id='block_1_59' title="bbox 411 3097 1970 3169">
    <p class='ocr_par' dir='ltr' id='par_1_59' title="bbox 411 3097 1970 3169">
     <span class='ocr_line' id='line_1_59' title="bbox 411 3097 1970 3169; baseline 0.004 -19"><span class='ocrx_word' id='word_1_431' title='bbox 411 3097 580 3153; x_wconf 91' lang='lat' dir='ltr'><strong>Deum</strong></span> <span class='ocrx_word' id='word_1_432' title='bbox 607 3106 892 3165; x_wconf 88' lang='lat' dir='ltr'><strong>nostrum;</strong></span> <span class='ocrx_word' id='word_1_433' title='bbox 922 3099 1050 3168; x_wconf 89' lang='lat' dir='ltr'><strong>quia</strong></span> <span class='ocrx_word' id='word_1_434' title='bbox 1079 3099 1195 3169; x_wconf 92' lang='lat' dir='ltr'><strong>ipse</strong></span> <span class='ocrx_word' id='word_1_435' title='bbox 1214 3099 1506 3169; x_wconf 87' lang='lat' dir='ltr'><strong>percussit,</strong></span> <span class='ocrx_word' id='word_1_436' title='bbox 1527 3108 1582 3155; x_wconf 91' lang='lat' dir='ltr'><strong>et</strong></span> <span class='ocrx_word' id='word_1_437' title='bbox 1602 3102 1817 3156; x_wconf 89' lang='lat' dir='ltr'><strong>sanabit</strong></span> <span class='ocrx_word' id='word_1_438' title='bbox 1845 3115 1970 3167; x_wconf 85' lang='lat' dir='ltr'><strong>nos;</strong></span> 
     </span>
    </p>
   </div>
   <div class='ocr_carea' id='block_1_60' title="bbox 408 3189 1980 3262">
    <p class='ocr_par' dir='ltr' id='par_1_60' title="bbox 408 3189 1980 3262">
     <span class='ocr_line' id='line_1_60' title="bbox 408 3189 1980 3262; baseline 0.002 -18"><span class='ocrx_word' id='word_1_439' title='bbox 408 3190 740 3253; x_wconf 83' lang='lat' dir='ltr'><strong>vulneravit,</strong></span> <span class='ocrx_word' id='word_1_440' title='bbox 777 3197 832 3244; x_wconf 92' lang='lat' dir='ltr'><strong>et</strong></span> <span class='ocrx_word' id='word_1_441' title='bbox 861 3189 1167 3244; x_wconf 89' lang='lat' dir='ltr'><strong>medebitur</strong></span> <span class='ocrx_word' id='word_1_442' title='bbox 1203 3191 1400 3246; x_wconf 88' lang='lat' dir='ltr'><strong>nobis:</strong></span> <span class='ocrx_word' id='word_1_443' title='bbox 1435 3205 1600 3246; x_wconf 88' lang='lat' dir='ltr'><strong>sanos</strong></span> <span class='ocrx_word' id='word_1_444' title='bbox 1630 3207 1733 3247; x_wconf 90' lang='lat' dir='ltr'><strong>nos</strong></span> <span class='ocrx_word' id='word_1_445' title='bbox 1762 3201 1980 3262; x_wconf 71' lang='lat' dir='ltr'><strong>praesta-</strong></span> 
     </span>
    </p>
   </div>
   <div class='ocr_carea' id='block_1_61' title="bbox 408 3279 1980 3354">
    <p class='ocr_par' dir='ltr' id='par_1_61' title="bbox 408 3279 1980 3354">
     <span class='ocr_line' id='line_1_61' title="bbox 408 3279 1980 3354; baseline 0.003 -18"><span class='ocrx_word' id='word_1_446' title='bbox 408 3281 488 3336; x_wconf 86' lang='lat' dir='ltr'><strong>bit</strong></span> <span class='ocrx_word' id='word_1_447' title='bbox 515 3289 635 3350; x_wconf 89' lang='lat' dir='ltr'><strong>post</strong></span> <span class='ocrx_word' id='word_1_448' title='bbox 655 3280 901 3345; x_wconf 91' lang='lat' dir='ltr'><strong>biduum,</strong></span> <span class='ocrx_word' id='word_1_449' title='bbox 937 3283 1093 3337; x_wconf 88' lang='lat' dir='ltr'><strong>tertia</strong></span> <span class='ocrx_word' id='word_1_450' title='bbox 1119 3279 1207 3337; x_wconf 90' lang='lat' dir='ltr'><strong>die</strong></span> <span class='ocrx_word' id='word_1_451' title='bbox 1225 3298 1596 3353; x_wconf 84' lang='lat' dir='ltr'><strong>resurgemus,</strong></span> <span class='ocrx_word' id='word_1_452' title='bbox 1621 3285 1980 3354; x_wconf 88' lang='lat' dir='ltr'><strong>vivemusque</strong></span> 
     </span>
    </p>
   </div>
   <div class='ocr_carea' id='block_1_62' title="bbox 409 3372 1978 3446">
    <p class='ocr_par' dir='ltr' id='par_1_62' title="bbox 409 3372 1978 3446">
     <span class='ocr_line' id='line_1_62' title="bbox 409 3372 1978 3446; baseline 0.004 -20"><span class='ocrx_word' id='word_1_453' title='bbox 409 3387 593 3427; x_wconf 88' lang='lat' dir='ltr'><strong>coram</strong></span> <span class='ocrx_word' id='word_1_454' title='bbox 625 3373 738 3438; x_wconf 93' lang='lat' dir='ltr'><strong>illo,</strong></span> <span class='ocrx_word' id='word_1_455' title='bbox 779 3382 833 3428; x_wconf 89' lang='lat' dir='ltr'><strong>et</strong></span> <span class='ocrx_word' id='word_1_456' title='bbox 854 3373 1111 3430; x_wconf 90' lang='lat' dir='ltr'><strong>sciemus.</strong></span> <span class='ocrx_word' id='word_1_457' title='bbox 1135 3393 1156 3425; x_wconf 72' lang='grc' dir='ltr'><strong>ι</strong></span> <span class='ocrx_word' id='word_1_458' title='bbox 1190 3372 1417 3444; x_wconf 86' lang='lat' dir='ltr'><strong>Propter</strong></span> <span class='ocrx_word' id='word_1_459' title='bbox 1445 3375 1822 3432; x_wconf 87' lang='lat' dir='ltr'><strong>incumbentes</strong></span> <span class='ocrx_word' id='word_1_460' title='bbox 1845 3378 1978 3446; x_wconf 79' lang='lat' dir='ltr'><strong>ipsis</strong></span> 
     </span>
    </p>
   </div>
   <div class='ocr_carea' id='block_1_63' title="bbox 407 3464 1976 3536">
    <p class='ocr_par' dir='ltr' id='par_1_63' title="bbox 407 3464 1976 3536">
     <span class='ocr_line' id='line_1_63' title="bbox 407 3464 1976 3536; baseline 0.003 -20"><span class='ocrx_word' id='word_1_461' title='bbox 407 3464 788 3519; x_wconf 87' lang='lat' dir='ltr'><strong>tribulationes</strong></span> <span class='ocrx_word' id='word_1_462' title='bbox 822 3465 988 3518; x_wconf 91' lang='lat' dir='ltr'><strong>multa</strong></span> <span class='ocrx_word' id='word_1_463' title='bbox 1029 3479 1156 3518; x_wconf 91' lang='lat' dir='ltr'><strong>cum</strong></span> <span class='ocrx_word' id='word_1_464' title='bbox 1189 3466 1470 3520; x_wconf 90' lang='lat' dir='ltr'><strong>celeritate</strong></span> <span class='ocrx_word' id='word_1_465' title='bbox 1505 3467 1569 3520; x_wconf 87' lang='lat' dir='ltr'><strong>ad</strong></span> <span class='ocrx_word' id='word_1_466' title='bbox 1606 3482 1690 3521; x_wconf 89' lang='lat' dir='ltr'><strong>me</strong></span> <span class='ocrx_word' id='word_1_467' title='bbox 1720 3476 1976 3536; x_wconf 89' lang='lat' dir='ltr'><strong>current;</strong></span> 
     </span>
    </p>
   </div>
   <div class='ocr_carea' id='block_1_64' title="bbox 411 3553 1977 3627">
    <p class='ocr_par' dir='ltr' id='par_1_64' title="bbox 411 3553 1977 3627">
     <span class='ocr_line' id='line_1_64' title="bbox 411 3553 1977 3627; baseline 0.003 -19"><span class='ocrx_word' id='word_1_468' title='bbox 411 3569 736 3625; x_wconf 78' lang='lat' dir='ltr'><strong>magnopere</strong></span> <span class='ocrx_word' id='word_1_469' title='bbox 755 3553 1112 3619; x_wconf 77' lang='lat' dir='ltr'><strong>conﬁdentes,</strong></span> <span class='ocrx_word' id='word_1_470' title='bbox 1143 3554 1258 3610; x_wconf 81' lang='lat' dir='ltr'><strong>fore</strong></span> <span class='ocrx_word' id='word_1_471' title='bbox 1285 3565 1341 3611; x_wconf 92' lang='lat' dir='ltr'><strong>ut</strong></span> <span class='ocrx_word' id='word_1_472' title='bbox 1363 3558 1454 3627; x_wconf 89' lang='lat' dir='ltr'><strong>qui</strong></span> <span class='ocrx_word' id='word_1_473' title='bbox 1479 3573 1573 3612; x_wconf 89' lang='lat' dir='ltr'><strong>eos</strong></span> <span class='ocrx_word' id='word_1_474' title='bbox 1590 3560 1977 3627; x_wconf 83' lang='lat' dir='ltr'><strong>percusserim,</strong></span> 
     </span>
    </p>
   </div>
   <div class='ocr_carea' id='block_1_65' title="bbox 408 3647 1979 3718">
    <p class='ocr_par' dir='ltr' id='par_1_65' title="bbox 408 3647 1979 3718">
     <span class='ocr_line' id='line_1_65' title="bbox 408 3647 1979 3718; baseline 0.004 -20"><span class='ocrx_word' id='word_1_475' title='bbox 408 3647 613 3716; x_wconf 87' lang='lat' dir='ltr'><strong>pariter</strong></span> <span class='ocrx_word' id='word_1_476' title='bbox 649 3649 872 3701; x_wconf 88' lang='lat' dir='ltr'><strong>omnino</strong></span> <span class='ocrx_word' id='word_1_477' title='bbox 922 3663 1143 3712; x_wconf 90' lang='lat' dir='ltr'><strong>sanem,</strong></span> <span class='ocrx_word' id='word_1_478' title='bbox 1187 3655 1242 3702; x_wconf 89' lang='lat' dir='ltr'><strong>et</strong></span> <span class='ocrx_word' id='word_1_479' title='bbox 1285 3649 1521 3718; x_wconf 88' lang='lat' dir='ltr'><strong>acceptis</strong></span> <span class='ocrx_word' id='word_1_480' title='bbox 1563 3650 1979 3705; x_wconf 84' lang='lat' dir='ltr'><strong>convenientem</strong></span> 
     </span>
    </p>
   </div>
   <div class='ocr_carea' id='block_1_66' title="bbox 408 3737 1980 3803">
    <p class='ocr_par' dir='ltr' id='par_1_66' title="bbox 408 3737 1980 3803">
     <span class='ocr_line' id='line_1_66' title="bbox 408 3737 1980 3803; baseline 0.003 -13"><span class='ocrx_word' id='word_1_481' title='bbox 408 3738 730 3792; x_wconf 89' lang='lat' dir='ltr'><strong>vulneribus</strong></span> <span class='ocrx_word' id='word_1_482' title='bbox 774 3738 1096 3793; x_wconf 88' lang='lat' dir='ltr'><strong>medicinam</strong></span> <span class='ocrx_word' id='word_1_483' title='bbox 1153 3737 1372 3803; x_wconf 79' lang='lat' dir='ltr'><strong>faciam,</strong></span> <span class='ocrx_word' id='word_1_484' title='bbox 1427 3740 1537 3794; x_wconf 93' lang='lat' dir='ltr'><strong>cito</strong></span> <span class='ocrx_word' id='word_1_485' title='bbox 1590 3740 1880 3796; x_wconf 88' lang='lat' dir='ltr'><strong>admodum</strong></span> <span class='ocrx_word' id='word_1_486' title='bbox 1925 3748 1980 3796; x_wconf 90' lang='lat' dir='ltr'><strong>et</strong></span> 
     </span>
    </p>
   </div>
   <div class='ocr_carea' id='block_1_67' title="bbox 407 3829 1980 3899">
    <p class='ocr_par' dir='ltr' id='par_1_67' title="bbox 407 3829 1980 3899">
     <span class='ocr_line' id='line_1_67' title="bbox 407 3829 1980 3899; baseline 0.002 -16"><span class='ocrx_word' id='word_1_487' title='bbox 407 3829 656 3897; x_wconf 75' lang='lat' dir='ltr'><strong>expedite</strong></span> <span class='ocrx_word' id='word_1_488' title='bbox 711 3843 798 3884; x_wconf 91' lang='lat' dir='ltr'><strong>res</strong></span> <span class='ocrx_word' id='word_1_489' title='bbox 845 3844 1033 3884; x_wconf 91' lang='lat' dir='ltr'><strong>eorum</strong></span> <span class='ocrx_word' id='word_1_490' title='bbox 1086 3831 1442 3899; x_wconf 88' lang='lat' dir='ltr'><strong>prosperitati</strong></span> <span class='ocrx_word' id='word_1_491' title='bbox 1497 3831 1810 3887; x_wconf 88' lang='lat' dir='ltr'><strong>restituens.</strong></span> <span class='ocrx_word' id='word_1_492' title='bbox 1863 3829 1980 3886; x_wconf 78' lang='lat' dir='ltr'><strong>Hoc</strong></span> 
     </span>
    </p>
   </div>
   <div class='ocr_carea' id='block_1_68' title="bbox 409 3919 1977 3994">
    <p class='ocr_par' dir='ltr' id='par_1_68' title="bbox 409 3919 1977 3994">
     <span class='ocr_line' id='line_1_68' title="bbox 409 3919 1977 3994; baseline 0.003 -22"><span class='ocrx_word' id='word_1_493' title='bbox 409 3919 554 3972; x_wconf 89' lang='lat' dir='ltr'><strong>enim</strong></span> <span class='ocrx_word' id='word_1_494' title='bbox 590 3919 852 3974; x_wconf 91' lang='lat' dir='ltr'><strong>denotant</strong></span> <span class='ocrx_word' id='word_1_495' title='bbox 888 3921 1090 3975; x_wconf 84' lang='lat' dir='ltr'><strong>verba:</strong></span> <span class='ocrx_word' id='word_1_496' title='bbox 1124 3941 1142 3974; x_wconf 81' lang='grc' dir='ltr'><strong>ι</strong></span> <span class='ocrx_word' id='word_1_497' title='bbox 1177 3919 1404 3977; x_wconf 88' lang='lat' dir='ltr'><strong>Sanabit.</strong></span> <span class='ocrx_word' id='word_1_498' title='bbox 1433 3938 1534 3979; x_wconf 92' lang='lat' dir='ltr'><strong>nos</strong></span> <span class='ocrx_word' id='word_1_499' title='bbox 1570 3932 1695 3994; x_wconf 91' lang='lat' dir='ltr'><strong>post</strong></span> <span class='ocrx_word' id='word_1_500' title='bbox 1731 3925 1977 3990; x_wconf 87' lang='lat' dir='ltr'><strong>biduum,</strong></span> 
     </span>
    </p>
   </div>
   <div class='ocr_carea' id='block_1_69' title="bbox 409 4008 1979 4084">
    <p class='ocr_par' dir='ltr' id='par_1_69' title="bbox 409 4008 1979 4084">
     <span class='ocr_line' id='line_1_69' title="bbox 409 4008 1979 4084; baseline 0.005 -23"><span class='ocrx_word' id='word_1_501' title='bbox 409 4015 464 4061; x_wconf 90' lang='lat' dir='ltr'><strong>et</strong></span> <span class='ocrx_word' id='word_1_502' title='bbox 501 4008 660 4061; x_wconf 89' lang='lat' dir='ltr'><strong>tertia</strong></span> <span class='ocrx_word' id='word_1_503' title='bbox 694 4008 783 4064; x_wconf 89' lang='lat' dir='ltr'><strong>die</strong></span> <span class='ocrx_word' id='word_1_504' title='bbox 805 4025 1170 4081; x_wconf 83' lang='lat' dir='ltr'><strong>resurgemus.</strong></span> <span class='ocrx_word' id='word_1_505' title='bbox 1207 4031 1226 4063; x_wconf 70' lang='grc' dir='ltr'><strong>ι</strong></span> <span class='ocrx_word' id='word_1_506' title='bbox 1263 4011 1396 4065; x_wconf 84' lang='lat' dir='ltr'><strong>Tam</strong></span> <span class='ocrx_word' id='word_1_507' title='bbox 1425 4013 1596 4080; x_wconf 86' lang='lat' dir='ltr'><strong>brevi,</strong></span> <span class='ocrx_word' id='word_1_508' title='bbox 1636 4015 1833 4084; x_wconf 90' lang='lat' dir='ltr'><strong>inquit,</strong></span> <span class='ocrx_word' id='word_1_509' title='bbox 1879 4027 1979 4070; x_wconf 88' lang='lat' dir='ltr'><strong>nos</strong></span> 
     </span>
    </p>
   </div>
   <div class='ocr_carea' id='block_1_70' title="bbox 410 4098 1978 4162">
    <p class='ocr_par' dir='ltr' id='par_1_70' title="bbox 410 4098 1978 4162">
     <span class='ocr_line' id='line_1_70' title="bbox 410 4098 1978 4162; baseline 0.005 -10"><span class='ocrx_word' id='word_1_510' title='bbox 410 4098 646 4162; x_wconf 88' lang='lat' dir='ltr'><strong>sanabit,</strong></span> <span class='ocrx_word' id='word_1_511' title='bbox 695 4111 755 4154; x_wconf 91' lang='lat' dir='ltr'><strong>ut</strong></span> <span class='ocrx_word' id='word_1_512' title='bbox 800 4101 867 4155; x_wconf 89' lang='lat' dir='ltr'><strong>ad</strong></span> <span class='ocrx_word' id='word_1_513' title='bbox 900 4118 1176 4157; x_wconf 88' lang='lat' dir='ltr'><strong>summum</strong></span> <span class='ocrx_word' id='word_1_514' title='bbox 1209 4103 1373 4159; x_wconf 90' lang='lat' dir='ltr'><strong>biduo</strong></span> <span class='ocrx_word' id='word_1_515' title='bbox 1413 4106 1492 4160; x_wconf 88' lang='lat' dir='ltr'><strong>vel</strong></span> <span class='ocrx_word' id='word_1_516' title='bbox 1533 4107 1714 4160; x_wconf 90' lang='lat' dir='ltr'><strong>triduo</strong></span> <span class='ocrx_word' id='word_1_517' title='bbox 1745 4108 1798 4160; x_wconf 91' lang='lat' dir='ltr'><strong>in</strong></span> <span class='ocrx_word' id='word_1_518' title='bbox 1831 4107 1978 4160; x_wconf 84' lang='lat' dir='ltr'><strong>anti-</strong></span> 
     </span>
    </p>
   </div>
   <div class='ocr_carea' id='block_1_71' title="bbox 408 4195 1980 4262">
    <p class='ocr_par' dir='ltr' id='par_1_71' title="bbox 408 4195 1980 4262">
     <span class='ocr_line' id='line_1_71' title="bbox 408 4195 1980 4262; baseline 0.006 -20"><span class='ocrx_word' id='word_1_519' title='bbox 408 4205 572 4260; x_wconf 85' lang='lat' dir='ltr'><strong>quam</strong></span> <span class='ocrx_word' id='word_1_520' title='bbox 604 4205 700 4246; x_wconf 91' lang='lat' dir='ltr'><strong>nos</strong></span> <span class='ocrx_word' id='word_1_521' title='bbox 727 4202 953 4262; x_wconf 89' lang='lat' dir='ltr'><strong>reponat</strong></span> <span class='ocrx_word' id='word_1_522' title='bbox 969 4195 1349 4251; x_wconf 88' lang='lat' dir='ltr'><strong>valetudinem.</strong></span> <span class='ocrx_word' id='word_1_523' title='bbox 1374 4196 1544 4252; x_wconf 91' lang='lat' dir='ltr'><strong>Dictio</strong></span> <span class='ocrx_word' id='word_1_524' title='bbox 1565 4213 1694 4255; x_wconf 90' lang='lat' dir='ltr'><strong>vero</strong></span> <span class='ocrx_word' id='word_1_525' title='bbox 1725 4217 1742 4250; x_wconf 80' lang='grc' dir='ltr'><strong>ι</strong></span> <span class='ocrx_word' id='word_1_526' title='bbox 1763 4197 1830 4252; x_wconf 91' lang='lat' dir='ltr'><strong>Et</strong></span> <span class='ocrx_word' id='word_1_527' title='bbox 1847 4199 1980 4254; x_wconf 87' lang='lat' dir='ltr'><strong>scie-</strong></span> 
     </span>
    </p>
   </div>
   <div class='ocr_carea' id='block_1_72' title="bbox 409 4283 1979 4354">
    <p class='ocr_par' dir='ltr' id='par_1_72' title="bbox 409 4283 1979 4354">
     <span class='ocr_line' id='line_1_72' title="bbox 409 4283 1979 4354; baseline 0.006 -19"><span class='ocrx_word' id='word_1_528' title='bbox 409 4295 533 4336; x_wconf 88' lang='lat' dir='ltr'><strong>mus</strong></span> <span class='ocrx_word' id='word_1_529' title='bbox 555 4302 572 4334; x_wconf 71' lang='grc' dir='ltr'><strong>ι</strong></span> <span class='ocrx_word' id='word_1_530' title='bbox 607 4283 828 4352; x_wconf 90' lang='lat' dir='ltr'><strong>ponitur</strong></span> <span class='ocrx_word' id='word_1_531' title='bbox 857 4300 976 4354; x_wconf 89' lang='lat' dir='ltr'><strong>pro,</strong></span> <span class='ocrx_word' id='word_1_532' title='bbox 1005 4285 1224 4342; x_wconf 77' lang='lat' dir='ltr'><strong>Meliore</strong></span> <span class='ocrx_word' id='word_1_533' title='bbox 1255 4290 1566 4344; x_wconf 88' lang='lat' dir='ltr'><strong>conditione</strong></span> <span class='ocrx_word' id='word_1_534' title='bbox 1593 4291 1819 4345; x_wconf 90' lang='lat' dir='ltr'><strong>erimus.</strong></span> <span class='ocrx_word' id='word_1_535' title='bbox 1853 4289 1979 4346; x_wconf 80' lang='lat' dir='ltr'><strong>Vel-</strong></span> 
     </span>
    </p>
   </div>
   <div class='ocr_carea' id='block_1_73' title="bbox 2721 2827 3023 2893">
    <p class='ocr_par' dir='ltr' id='par_1_73' title="bbox 2721 2827 3023 2893">
     <span class='ocr_line' id='line_1_73' title="bbox 2721 2827 3023 2893; baseline 0.003 -13"><span class='ocrx_word' id='word_1_536' title='bbox 2721 2827 2876 2880; x_wconf 79' lang='grc' dir='ltr'>ΚΕΦ.</span> <span class='ocrx_word' id='word_1_537' title='bbox 2933 2828 3023 2893; x_wconf 71' lang='grc' dir='ltr'>ς’.</span> 
     </span>
    </p>
   </div>
   <div class='ocr_carea' id='block_1_74' title="bbox 2155 2916 3658 2991">
    <p class='ocr_par' dir='ltr' id='par_1_74' title="bbox 2155 2916 3658 2991">
     <span class='ocr_line' id='line_1_74' title="bbox 2155 2916 3658 2991; baseline -0.002 -17"><span class='ocrx_word' id='word_1_538' title='bbox 2155 2919 2302 2991; x_wconf 82' lang='grc' dir='ltr'>Στίχ.</span> <span class='ocrx_word' id='word_1_539' title='bbox 2347 2921 2497 2988; x_wconf 53' lang='grc' dir='ltr'>αὀγκ</span> <span class='ocrx_word' id='word_1_540' title='bbox 2553 2935 2572 2969; x_wconf 81' lang='grc' dir='ltr'><strong>ι</strong></span> <span class='ocrx_word' id='word_1_541' title='bbox 2637 2917 2725 2970; x_wconf 85' lang='grc' dir='ltr'>Ἐν</span> <span class='ocrx_word' id='word_1_542' title='bbox 2776 2916 2951 2985; x_wconf 76' lang='grc' dir='ltr'>θλίψει</span> <span class='ocrx_word' id='word_1_543' title='bbox 3004 2917 3183 2970; x_wconf 77' lang='grc' dir='ltr'>αὐτῶν</span> <span class='ocrx_word' id='word_1_544' title='bbox 3238 2917 3658 2988; x_wconf 79' lang='grc' dir='ltr'>προσορθριοῦσι</span> 
     </span>
    </p>
   </div>
   <div class='ocr_carea' id='block_1_75' title="bbox 2084 3007 3663 3082">
    <p class='ocr_par' dir='ltr' id='par_1_75' title="bbox 2084 3007 3663 3082">
     <span class='ocr_line' id='line_1_75' title="bbox 2084 3007 3663 3082; baseline -0.001 -18"><span class='ocrx_word' id='word_1_545' title='bbox 2084 3013 2219 3082; x_wconf 82' lang='grc' dir='ltr'>πρός</span> <span class='ocrx_word' id='word_1_546' title='bbox 2268 3028 2334 3080; x_wconf 87' lang='grc' dir='ltr'><strong>με</strong></span> <span class='ocrx_word' id='word_1_547' title='bbox 2366 3010 2645 3079; x_wconf 86' lang='grc' dir='ltr'>λέγοντες·</span> <span class='ocrx_word' id='word_1_548' title='bbox 2687 3007 3049 3078; x_wconf 85' lang='grc' dir='ltr'>Πορευθῶμεν</span> <span class='ocrx_word' id='word_1_549' title='bbox 3097 3009 3190 3061; x_wconf 72' lang='grc' dir='ltr'>καὶ</span> <span class='ocrx_word' id='word_1_550' title='bbox 3232 3009 3663 3080; x_wconf 72' lang='grc' dir='ltr'>ἐπιστρέψωμεν-</span> 
     </span>
    </p>
   </div>
   <div class='ocr_carea' id='block_1_76' title="bbox 2080 3100 3656 3176">
    <p class='ocr_par' dir='ltr' id='par_1_76' title="bbox 2080 3100 3656 3176">
     <span class='ocr_line' id='line_1_76' title="bbox 2080 3100 3656 3176; baseline -0.002 -18"><span class='ocrx_word' id='word_1_551' title='bbox 2080 3106 2215 3176; x_wconf 81' lang='grc' dir='ltr'>πρδς</span> <span class='ocrx_word' id='word_1_552' title='bbox 2231 3104 2324 3156; x_wconf 66' lang='grc' dir='ltr'>τὴν</span> <span class='ocrx_word' id='word_1_553' title='bbox 2356 3102 2561 3172; x_wconf 81' lang='grc' dir='ltr'>Κύριον</span> <span class='ocrx_word' id='word_1_554' title='bbox 2584 3100 2675 3153; x_wconf 84' lang='grc' dir='ltr'>τὸν</span> <span class='ocrx_word' id='word_1_555' title='bbox 2703 3101 2832 3153; x_wconf 78' lang='grc' dir='ltr'>Θεὸν</span> <span class='ocrx_word' id='word_1_556' title='bbox 2873 3100 3050 3170; x_wconf 79' lang='grc' dir='ltr'>ἡμῶν,</span> <span class='ocrx_word' id='word_1_557' title='bbox 3083 3100 3164 3153; x_wconf 84' lang='grc' dir='ltr'>ὃτι</span> <span class='ocrx_word' id='word_1_558' title='bbox 3192 3101 3352 3164; x_wconf 76' lang='grc' dir='ltr'>αὐτὸς</span> <span class='ocrx_word' id='word_1_559' title='bbox 3383 3102 3656 3155; x_wconf 81' lang='grc' dir='ltr'>πέπαικεν</span> 
     </span>
    </p>
   </div>
   <div class='ocr_carea' id='block_1_77' title="bbox 2081 3188 3660 3261">
    <p class='ocr_par' dir='ltr' id='par_1_77' title="bbox 2081 3188 3660 3261">
     <span class='ocr_line' id='line_1_77' title="bbox 2081 3188 3660 3261; baseline -0.002 -14"><span class='ocrx_word' id='word_1_560' title='bbox 2081 3195 2174 3248; x_wconf 79' lang='grc' dir='ltr'><strong>καὶ</strong></span> <span class='ocrx_word' id='word_1_561' title='bbox 2212 3193 2423 3246; x_wconf 85' lang='grc' dir='ltr'>ἰάσεται</span> <span class='ocrx_word' id='word_1_562' title='bbox 2449 3191 2616 3261; x_wconf 77' lang='grc' dir='ltr'>ἡμᾶς,</span> <span class='ocrx_word' id='word_1_563' title='bbox 2657 3188 2886 3253; x_wconf 78' lang='grc' dir='ltr'>πατάξει</span> <span class='ocrx_word' id='word_1_564' title='bbox 2924 3189 3017 3242; x_wconf 80' lang='grc' dir='ltr'><strong>καὶ</strong></span> <span class='ocrx_word' id='word_1_565' title='bbox 3070 3189 3399 3259; x_wconf 75' lang='grc' dir='ltr'>μοτὼσεταιο</span> <span class='ocrx_word' id='word_1_566' title='bbox 3438 3192 3517 3260; x_wconf 87' lang='lat' dir='ltr'><strong>(p.</strong></span> <span class='ocrx_word' id='word_1_567' title='bbox 3555 3191 3660 3261; x_wconf 70' lang='grc'><strong>44)</strong></span> 
     </span>
    </p>
   </div>
   <div class='ocr_carea' id='block_1_78' title="bbox 2081 3282 3666 3356">
    <p class='ocr_par' dir='ltr' id='par_1_78' title="bbox 2081 3282 3666 3356">
     <span class='ocr_line' id='line_1_78' title="bbox 2081 3282 3666 3356; baseline -0.003 -16"><span class='ocrx_word' id='word_1_568' title='bbox 2081 3285 2293 3354; x_wconf 82' lang='grc' dir='ltr'>ύγιάσει</span> <span class='ocrx_word' id='word_1_569' title='bbox 2320 3285 2468 3356; x_wconf 78' lang='grc' dir='ltr'>ἡμᾶς</span> <span class='ocrx_word' id='word_1_570' title='bbox 2498 3283 2633 3354; x_wconf 91' lang='grc' dir='ltr'><strong>μετά</strong></span> <span class='ocrx_word' id='word_1_571' title='bbox 2650 3282 2743 3336; x_wconf 89' lang='grc' dir='ltr'><strong>δύο</strong></span> <span class='ocrx_word' id='word_1_572' title='bbox 2763 3283 2997 3352; x_wconf 83' lang='grc' dir='ltr'>ἡμέρας,</span> <span class='ocrx_word' id='word_1_573' title='bbox 3024 3283 3080 3335; x_wconf 87' lang='grc' dir='ltr'><strong>ἐν</strong></span> <span class='ocrx_word' id='word_1_574' title='bbox 3106 3285 3169 3353; x_wconf 81' lang='grc' dir='ltr'><strong>τῇ</strong></span> <span class='ocrx_word' id='word_1_575' title='bbox 3199 3283 3381 3354; x_wconf 84' lang='grc' dir='ltr'>ἡμέρᾳ</span> <span class='ocrx_word' id='word_1_576' title='bbox 3400 3285 3463 3354; x_wconf 81' lang='grc' dir='ltr'>τῇ</span> <span class='ocrx_word' id='word_1_577' title='bbox 3489 3284 3666 3356; x_wconf 63' lang='grc' dir='ltr'>τρίτῃ</span> 
     </span>
    </p>
   </div>
   <div class='ocr_carea' id='block_1_79' title="bbox 2080 3373 3659 3448">
    <p class='ocr_par' dir='ltr' id='par_1_79' title="bbox 2080 3373 3659 3448">
     <span class='ocr_line' id='line_1_79' title="bbox 2080 3373 3659 3448; baseline -0.002 -16"><span class='ocrx_word' id='word_1_578' title='bbox 2080 3375 2522 3448; x_wconf 86' lang='grc' dir='ltr'>ἀναστησόμεθα,</span> <span class='ocrx_word' id='word_1_579' title='bbox 2565 3376 2660 3428; x_wconf 82' lang='grc' dir='ltr'>καὶ</span> <span class='ocrx_word' id='word_1_580' title='bbox 2702 3373 2980 3446; x_wconf 84' lang='grc' dir='ltr'>ζησόμεθα</span> <span class='ocrx_word' id='word_1_581' title='bbox 3036 3376 3276 3429; x_wconf 83' lang='grc' dir='ltr'>ἐναντίον</span> <span class='ocrx_word' id='word_1_582' title='bbox 3324 3375 3519 3440; x_wconf 79' lang='grc' dir='ltr'>αὐτοῦ,</span> <span class='ocrx_word' id='word_1_583' title='bbox 3555 3379 3659 3429; x_wconf 78' lang='grc' dir='ltr'>καὶ</span> 
     </span>
    </p>
   </div>
   <div class='ocr_carea' id='block_1_80' title="bbox 2080 3465 3658 3539">
    <p class='ocr_par' dir='ltr' id='par_1_80' title="bbox 2080 3465 3658 3539">
     <span class='ocr_line' id='line_1_80' title="bbox 2080 3465 3658 3539; baseline -0.003 -17"><span class='ocrx_word' id='word_1_584' title='bbox 2080 3465 2417 3539; x_wconf 82' lang='grc' dir='ltr'>γνωσόμεθα.</span> <span class='ocrx_word' id='word_1_585' title='bbox 2449 3487 2467 3518; x_wconf 78' lang='grc' dir='ltr'><strong>ι</strong></span> <span class='ocrx_word' id='word_1_586' title='bbox 2501 3466 2638 3520; x_wconf 85' lang='grc' dir='ltr'><strong>Ὑπὸ</strong></span> <span class='ocrx_word' id='word_1_587' title='bbox 2657 3465 2764 3536; x_wconf 84' lang='grc' dir='ltr'><strong>γὰρ</strong></span> <span class='ocrx_word' id='word_1_588' title='bbox 2793 3465 2901 3518; x_wconf 87' lang='grc' dir='ltr'><strong>τῶν</strong></span> <span class='ocrx_word' id='word_1_589' title='bbox 2933 3465 3293 3534; x_wconf 82' lang='grc' dir='ltr'>ἐπικειμένων</span> <span class='ocrx_word' id='word_1_590' title='bbox 3328 3467 3509 3528; x_wconf 77' lang='grc' dir='ltr'>αὐτοῖς</span> <span class='ocrx_word' id='word_1_591' title='bbox 3537 3466 3658 3519; x_wconf 78' lang='grc' dir='ltr'>θλί-</span> 
     </span>
    </p>
   </div>
   <div class='ocr_carea' id='block_1_81' title="bbox 2079 3545 3654 3633">
    <p class='ocr_par' dir='ltr' id='par_1_81' title="bbox 2079 3545 3654 3633">
     <span class='ocr_line' id='line_1_81' title="bbox 2079 3545 3654 3633; baseline -0.002 -19"><span class='ocrx_word' id='word_1_592' title='bbox 2079 3562 2224 3633; x_wconf 75' lang='grc' dir='ltr'>ψεων</span> <span class='ocrx_word' id='word_1_593' title='bbox 2251 3562 2387 3633; x_wconf 88' lang='grc' dir='ltr'><strong>μετά</strong></span> <span class='ocrx_word' id='word_1_594' title='bbox 2417 3545 2616 3632; x_wconf 77' lang='grc' dir='ltr'>πολλῆς</span> <span class='ocrx_word' id='word_1_595' title='bbox 2647 3561 2976 3631; x_wconf 81' lang='grc' dir='ltr'>ὁρμήσουσιν</span> <span class='ocrx_word' id='word_1_596' title='bbox 3002 3561 3089 3614; x_wconf 84' lang='grc' dir='ltr'>ἐπ’</span> <span class='ocrx_word' id='word_1_597' title='bbox 3116 3561 3216 3630; x_wconf 83' lang='grc' dir='ltr'>ἐμὲ</span> <span class='ocrx_word' id='word_1_598' title='bbox 3239 3559 3339 3628; x_wconf 84' lang='grc' dir='ltr'><strong>τῆς</strong></span> <span class='ocrx_word' id='word_1_599' title='bbox 3360 3557 3620 3630; x_wconf 72' lang='grc' dir='ltr'>ὀξύτητος</span> <span class='ocrx_word' id='word_1_600' title='bbox 3637 3578 3654 3590; x_wconf 92' lang='grc'><strong>·</strong></span> 
     </span>
    </p>
   </div>
   <div class='ocr_carea' id='block_1_82' title="bbox 2082 3649 3656 3723">
    <p class='ocr_par' dir='ltr' id='par_1_82' title="bbox 2082 3649 3656 3723">
     <span class='ocr_line' id='line_1_82' title="bbox 2082 3649 3656 3723; baseline -0.002 -18"><span class='ocrx_word' id='word_1_601' title='bbox 2082 3651 2286 3723; x_wconf 85' lang='grc' dir='ltr'>σφόδρα</span> <span class='ocrx_word' id='word_1_602' title='bbox 2318 3669 2382 3720; x_wconf 91' lang='grc' dir='ltr'><strong>γε</strong></span> <span class='ocrx_word' id='word_1_603' title='bbox 2415 3650 2745 3723; x_wconf 77' lang='grc' dir='ltr'>θαρροῦντες</span> <span class='ocrx_word' id='word_1_604' title='bbox 2791 3651 2873 3703; x_wconf 85' lang='grc' dir='ltr'>ὅτι</span> <span class='ocrx_word' id='word_1_605' title='bbox 2921 3649 3166 3716; x_wconf 78' lang='grc' dir='ltr'>πατάξας</span> <span class='ocrx_word' id='word_1_606' title='bbox 3198 3650 3392 3712; x_wconf 80' lang='grc' dir='ltr'>αὐτοὺς</span> <span class='ocrx_word' id='word_1_607' title='bbox 3425 3649 3520 3702; x_wconf 81' lang='grc' dir='ltr'>καὶ</span> <span class='ocrx_word' id='word_1_608' title='bbox 3565 3651 3656 3702; x_wconf 80' lang='grc' dir='ltr'><strong>ἰά-</strong></span> 
     </span>
    </p>
   </div>
   <div class='ocr_carea' id='block_1_83' title="bbox 2083 3737 3657 3814">
    <p class='ocr_par' dir='ltr' id='par_1_83' title="bbox 2083 3737 3657 3814">
     <span class='ocr_line' id='line_1_83' title="bbox 2083 3737 3657 3814; baseline -0.004 -18"><span class='ocrx_word' id='word_1_609' title='bbox 2083 3760 2248 3814; x_wconf 86' lang='grc' dir='ltr'>σομαι</span> <span class='ocrx_word' id='word_1_610' title='bbox 2279 3744 2517 3805; x_wconf 86' lang='grc' dir='ltr'>πάντως,</span> <span class='ocrx_word' id='word_1_611' title='bbox 2555 3740 2851 3810; x_wconf 87' lang='grc' dir='ltr'>θεραπείαν</span> <span class='ocrx_word' id='word_1_612' title='bbox 2894 3756 2953 3792; x_wconf 83' lang='grc' dir='ltr'><strong>τε</strong></span> <span class='ocrx_word' id='word_1_613' title='bbox 2989 3740 3175 3804; x_wconf 79' lang='grc' dir='ltr'>ἐπάξω</span> <span class='ocrx_word' id='word_1_614' title='bbox 3215 3740 3325 3800; x_wconf 88' lang='grc' dir='ltr'>τοῖς</span> <span class='ocrx_word' id='word_1_615' title='bbox 3373 3737 3657 3807; x_wconf 77' lang='grc' dir='ltr'>συμϐεϐη-</span> 
     </span>
    </p>
   </div>
   <div class='ocr_carea' id='block_1_84' title="bbox 2079 3827 3659 3901">
    <p class='ocr_par' dir='ltr' id='par_1_84' title="bbox 2079 3827 3659 3901">
     <span class='ocr_line' id='line_1_84' title="bbox 2079 3827 3659 3901; baseline -0.004 -15"><span class='ocrx_word' id='word_1_616' title='bbox 2079 3835 2233 3887; x_wconf 89' lang='grc' dir='ltr'>κόσιν</span> <span class='ocrx_word' id='word_1_617' title='bbox 2263 3835 2444 3896; x_wconf 82' lang='grc' dir='ltr'>αὐτοῖς</span> <span class='ocrx_word' id='word_1_618' title='bbox 2475 3830 2806 3901; x_wconf 84' lang='grc' dir='ltr'>κατάλληλον</span> <span class='ocrx_word' id='word_1_619' title='bbox 2831 3829 3128 3901; x_wconf 84' lang='grc' dir='ltr'>τραύμασι,</span> <span class='ocrx_word' id='word_1_620' title='bbox 3163 3829 3300 3900; x_wconf 84' lang='grc' dir='ltr'><strong>μετά</strong></span> <span class='ocrx_word' id='word_1_621' title='bbox 3331 3827 3531 3898; x_wconf 81' lang='grc' dir='ltr'>πολλῆς</span> <span class='ocrx_word' id='word_1_622' title='bbox 3553 3829 3659 3897; x_wconf 80' lang='grc' dir='ltr'>τῆς</span> 
     </span>
    </p>
   </div>
   <div class='ocr_carea' id='block_1_85' title="bbox 2078 3919 3656 3995">
    <p class='ocr_par' dir='ltr' id='par_1_85' title="bbox 2078 3919 3656 3995">
     <span class='ocr_line' id='line_1_85' title="bbox 2078 3919 3656 3995; baseline -0.006 -16"><span class='ocrx_word' id='word_1_623' title='bbox 2078 3924 2335 3995; x_wconf 82' lang='grc' dir='ltr'>ὀξύτητος</span> <span class='ocrx_word' id='word_1_624' title='bbox 2358 3924 2568 3994; x_wconf 79' lang='grc' dir='ltr'>καὶτῆς</span> <span class='ocrx_word' id='word_1_625' title='bbox 2587 3923 2888 3994; x_wconf 79' lang='grc' dir='ltr'>εὐμαρείας</span> <span class='ocrx_word' id='word_1_626' title='bbox 2913 3923 2993 3985; x_wconf 88' lang='grc' dir='ltr'><strong>είς</strong></span> <span class='ocrx_word' id='word_1_627' title='bbox 3019 3920 3303 3991; x_wconf 88' lang='grc' dir='ltr'>διόρθωσιν</span> <span class='ocrx_word' id='word_1_628' title='bbox 3333 3919 3481 3988; x_wconf 75' lang='grc' dir='ltr'>ἄγων</span> <span class='ocrx_word' id='word_1_629' title='bbox 3511 3936 3656 3972; x_wconf 84' lang='grc' dir='ltr'>παν-</span> 
     </span>
    </p>
   </div>
   <div class='ocr_carea' id='block_1_86' title="bbox 2077 4012 3660 4087">
    <p class='ocr_par' dir='ltr' id='par_1_86' title="bbox 2077 4012 3660 4087">
     <span class='ocr_line' id='line_1_86' title="bbox 2077 4012 3660 4087; baseline -0.003 -17"><span class='ocrx_word' id='word_1_630' title='bbox 2077 4016 2208 4087; x_wconf 86' lang='grc' dir='ltr'>τελῆ</span> <span class='ocrx_word' id='word_1_631' title='bbox 2236 4015 2305 4070; x_wconf 82' lang='grc' dir='ltr'><strong>τὰ</strong></span> <span class='ocrx_word' id='word_1_632' title='bbox 2333 4017 2452 4070; x_wconf 83' lang='grc' dir='ltr'>κατ’</span> <span class='ocrx_word' id='word_1_633' title='bbox 2481 4014 2676 4078; x_wconf 87' lang='grc' dir='ltr'>αὺτούς</span> <span class='ocrx_word' id='word_1_634' title='bbox 2697 4031 2712 4047; x_wconf 81' lang='grc' dir='ltr'><strong>ο</strong></span> <span class='ocrx_word' id='word_1_635' title='bbox 2741 4013 2900 4067; x_wconf 78' lang='grc' dir='ltr'>τοῦτο</span> <span class='ocrx_word' id='word_1_636' title='bbox 2936 4012 3043 4084; x_wconf 88' lang='grc' dir='ltr'><strong>γάρ</strong></span> <span class='ocrx_word' id='word_1_637' title='bbox 3067 4013 3215 4080; x_wconf 86' lang='grc' dir='ltr'>λέγει</span> <span class='ocrx_word' id='word_1_638' title='bbox 3232 4013 3315 4077; x_wconf 85' lang='grc' dir='ltr'>τὸ,</span> <span class='ocrx_word' id='word_1_639' title='bbox 3344 4031 3364 4064; x_wconf 77' lang='grc' dir='ltr'><strong>ι</strong></span> <span class='ocrx_word' id='word_1_640' title='bbox 3404 4012 3660 4080; x_wconf 66' lang='grc' dir='ltr'>’Υγιάσειι</span> 
     </span>
    </p>
   </div>
   <div class='ocr_carea' id='block_1_87' title="bbox 2077 4104 3656 4179">
    <p class='ocr_par' dir='ltr' id='par_1_87' title="bbox 2077 4104 3656 4179">
     <span class='ocr_line' id='line_1_87' title="bbox 2077 4104 3656 4179; baseline -0.003 0"><span class='ocrx_word' id='word_1_641' title='bbox 2077 4109 2228 4179; x_wconf 71' lang='grc' dir='ltr'><strong>ἡμᾶς</strong></span> <span class='ocrx_word' id='word_1_642' title='bbox 2297 4106 2436 4178; x_wconf 78' lang='grc' dir='ltr'><strong>μετά</strong></span> <span class='ocrx_word' id='word_1_643' title='bbox 2489 4107 2580 4160; x_wconf 76' lang='grc' dir='ltr'><strong>δύο</strong></span> <span class='ocrx_word' id='word_1_644' title='bbox 2630 4106 2878 4177; x_wconf 77' lang='grc' dir='ltr'>ἡμέρας.</span> <span class='ocrx_word' id='word_1_645' title='bbox 2931 4107 2989 4156; x_wconf 73' lang='grc' dir='ltr'><strong>έν</strong></span> <span class='ocrx_word' id='word_1_646' title='bbox 3041 4106 3106 4176; x_wconf 76' lang='grc' dir='ltr'>τῇ</span> <span class='ocrx_word' id='word_1_647' title='bbox 3153 4106 3338 4176; x_wconf 66' lang='grc' dir='ltr'>ἡμέρᾳ</span> <span class='ocrx_word' id='word_1_648' title='bbox 3385 4107 3450 4175; x_wconf 76' lang='grc' dir='ltr'>τῇ</span> <span class='ocrx_word' id='word_1_649' title='bbox 3490 4104 3656 4176; x_wconf 72' lang='grc' dir='ltr'>τρίτη</span> 
     </span>
    </p>
   </div>
   <div class='ocr_carea' id='block_1_88' title="bbox 2079 4195 3654 4268">
    <p class='ocr_par' dir='ltr' id='par_1_88' title="bbox 2079 4195 3654 4268">
     <span class='ocr_line' id='line_1_88' title="bbox 2079 4195 3654 4268; baseline -0.003 -16"><span class='ocrx_word' id='word_1_650' title='bbox 2079 4196 2529 4268; x_wconf 74' lang='grc' dir='ltr'>ἀναστησόμεθαο</span> <span class='ocrx_word' id='word_1_651' title='bbox 2573 4217 2591 4248; x_wconf 71' lang='grc' dir='ltr'><strong>ι</strong></span> <span class='ocrx_word' id='word_1_652' title='bbox 2630 4196 2804 4260; x_wconf 81' lang='grc' dir='ltr'>οὕτως</span> <span class='ocrx_word' id='word_1_653' title='bbox 2839 4195 2947 4267; x_wconf 84' lang='grc' dir='ltr'>γὰρ</span> <span class='ocrx_word' id='word_1_654' title='bbox 2977 4197 3143 4266; x_wconf 79' lang='grc' dir='ltr'>ἡμᾶς,</span> <span class='ocrx_word' id='word_1_655' title='bbox 3170 4199 3320 4266; x_wconf 79' lang='grc' dir='ltr'>φησὶ,</span> <span class='ocrx_word' id='word_1_656' title='bbox 3372 4198 3654 4268; x_wconf 79' lang='grc' dir='ltr'>συντόμως</span> 
     </span>
    </p>
   </div>
   <div class='ocr_carea' id='block_1_89' title="bbox 2085 4287 3648 4360">
    <p class='ocr_par' dir='ltr' id='par_1_89' title="bbox 2085 4287 3648 4360">
     <span class='ocr_line' id='line_1_89' title="bbox 2085 4287 3648 4360; baseline 0.001 -18"><span class='ocrx_word' id='word_1_657' title='bbox 2085 4291 2312 4350; x_wconf 86' lang='grc' dir='ltr'>ίάσεται.</span> <span class='ocrx_word' id='word_1_658' title='bbox 2372 4289 2512 4342; x_wconf 82' lang='grc' dir='ltr'>ὥστε</span> <span class='ocrx_word' id='word_1_659' title='bbox 2552 4291 2611 4342; x_wconf 85' lang='grc' dir='ltr'><strong>ἐν</strong></span> <span class='ocrx_word' id='word_1_660' title='bbox 2654 4287 2747 4341; x_wconf 84' lang='grc' dir='ltr'><strong>δύο</strong></span> <span class='ocrx_word' id='word_1_661' title='bbox 2795 4289 2890 4342; x_wconf 80' lang='grc' dir='ltr'>καὶ</span> <span class='ocrx_word' id='word_1_662' title='bbox 2936 4288 3114 4359; x_wconf 78' lang='grc' dir='ltr'>τρισὶν</span> <span class='ocrx_word' id='word_1_663' title='bbox 3154 4287 3388 4358; x_wconf 79' lang='grc' dir='ltr'>ἡμέραις</span> <span class='ocrx_word' id='word_1_664' title='bbox 3429 4288 3492 4341; x_wconf 87' lang='grc' dir='ltr'><strong>τὺ</strong></span> <span class='ocrx_word' id='word_1_665' title='bbox 3543 4290 3648 4360; x_wconf 87' lang='grc' dir='ltr'>μή-</span> 
     </span>
    </p>
   </div>
   <div class='ocr_carea' id='block_1_90' title="bbox 408 4375 1978 4449">
    <p class='ocr_par' dir='ltr' id='par_1_90' title="bbox 408 4375 1971 4449">
     <span class='ocr_line' id='line_1_90' title="bbox 408 4375 1971 4449; baseline 0.006 -21"><span class='ocrx_word' id='word_1_666' title='bbox 408 4375 490 4429; x_wconf 84' lang='grc' dir='ltr'>υιί</span> <span class='ocrx_word' id='word_1_667' title='bbox 519 4376 646 4432; x_wconf 92' lang='lat' dir='ltr'><strong>illud</strong></span> <span class='ocrx_word' id='word_1_668' title='bbox 673 4393 686 4428; x_wconf 91' lang='lat'><strong>:</strong></span> <span class='ocrx_word' id='word_1_669' title='bbox 718 4397 738 4430; x_wconf 81' lang='grc' dir='ltr'><strong>ι</strong></span> <span class='ocrx_word' id='word_1_670' title='bbox 769 4376 937 4435; x_wconf 87' lang='lat' dir='ltr'><strong>Notas</strong></span> <span class='ocrx_word' id='word_1_671' title='bbox 958 4379 1088 4434; x_wconf 89' lang='lat' dir='ltr'><strong>mihi</strong></span> <span class='ocrx_word' id='word_1_672' title='bbox 1115 4380 1293 4436; x_wconf 81' lang='lat' dir='ltr'><strong>fecisti</strong></span> <span class='ocrx_word' id='word_1_673' title='bbox 1322 4382 1439 4438; x_wconf 85' lang='lat' dir='ltr'><strong>vias</strong></span> <span class='ocrx_word' id='word_1_674' title='bbox 1465 4385 1698 4447; x_wconf 52' lang='grc' dir='ltr'>νηπίη»</span> <span class='ocrx_word' id='word_1_675' title='bbox 1735 4384 1786 4438; x_wconf 92' lang='lat' dir='ltr'><strong>id</strong></span> <span class='ocrx_word' id='word_1_676' title='bbox 1803 4384 1971 4449; x_wconf 87' lang='lat' dir='ltr'><strong>est,ln</strong></span> 
     </span>
    </p>
   </div>
   <div class='ocr_carea' id='block_1_91' title="bbox 2085 4375 3648 4449">
    <p class='ocr_par' dir='ltr' id='par_1_91' title="bbox 2085 4377 3648 4449">
     <span class='ocr_line' id='line_1_91' title="bbox 2085 4377 3648 4449; baseline -0.003 -17"><span class='ocrx_word' id='word_1_677' title='bbox 2085 4396 2281 4444; x_wconf 75' lang='grc' dir='ltr'>κιστον,</span> <span class='ocrx_word' id='word_1_678' title='bbox 2333 4381 2412 4442; x_wconf 84' lang='grc' dir='ltr'><strong>είς</strong></span> <span class='ocrx_word' id='word_1_679' title='bbox 2456 4377 2553 4448; x_wconf 80' lang='grc' dir='ltr'>τὴν</span> <span class='ocrx_word' id='word_1_680' title='bbox 2575 4377 2807 4431; x_wconf 75' lang='grc' dir='ltr'>παλαιὰν</span> <span class='ocrx_word' id='word_1_681' title='bbox 2841 4380 2987 4449; x_wconf 78' lang='grc' dir='ltr'>ἡμᾶς</span> <span class='ocrx_word' id='word_1_682' title='bbox 3007 4377 3460 4448; x_wconf 81' lang='grc' dir='ltr'>ἀποκαταστῆναι</span> <span class='ocrx_word' id='word_1_683' title='bbox 3484 4377 3648 4431; x_wconf 85' lang='grc' dir='ltr'>πάλιν</span> 
     </span>
    </p>
   </div>
   <div class='ocr_carea' id='block_1_92' title="bbox 408 4466 1978 4546">
    <p class='ocr_par' dir='ltr' id='par_1_92' title="bbox 408 4468 1978 4546">
     <span class='ocr_line' id='line_1_92' title="bbox 408 4468 1978 4546; baseline 0.007 -25"><span class='ocrx_word' id='word_1_684' title='bbox 408 4468 518 4522; x_wconf 88' lang='lat' dir='ltr'><strong>vita</strong></span> <span class='ocrx_word' id='word_1_685' title='bbox 543 4485 629 4524; x_wconf 89' lang='lat' dir='ltr'><strong>me</strong></span> <span class='ocrx_word' id='word_1_686' title='bbox 649 4472 999 4528; x_wconf 88' lang='lat' dir='ltr'><strong>constituisti.</strong></span> <span class='ocrx_word' id='word_1_687' title='bbox 1028 4493 1046 4524; x_wconf 85' lang='grc'><strong>‹</strong></span> <span class='ocrx_word' id='word_1_688' title='bbox 1069 4474 1485 4546; x_wconf 78' lang='lat' dir='ltr'><strong>Persequamur,</strong></span> <span class='ocrx_word' id='word_1_689' title='bbox 1506 4485 1565 4530; x_wconf 91' lang='lat' dir='ltr'><strong>ut</strong></span> <span class='ocrx_word' id='word_1_690' title='bbox 1585 4490 1978 4546; x_wconf 86' lang='lat' dir='ltr'><strong>cognoscamus</strong></span> 
     </span>
    </p>
   </div>
   <div class='ocr_carea' id='block_1_93' title="bbox 2085 4466 3646 4546">
    <p class='ocr_par' dir='ltr' id='par_1_93' title="bbox 2085 4466 3646 4541">
     <span class='ocr_line' id='line_1_93' title="bbox 2085 4466 3646 4541; baseline -0.002 -18"><span class='ocrx_word' id='word_1_691' title='bbox 2085 4468 2380 4541; x_wconf 83' lang='grc' dir='ltr'>εὐπραγίαν</span> <span class='ocrx_word' id='word_1_692' title='bbox 2399 4485 2413 4499; x_wconf 75' lang='grc' dir='ltr'><strong>ο</strong></span> <span class='ocrx_word' id='word_1_693' title='bbox 2439 4467 2498 4521; x_wconf 79' lang='grc' dir='ltr'>τὸ</span> <span class='ocrx_word' id='word_1_694' title='bbox 2526 4467 2603 4534; x_wconf 88' lang='grc' dir='ltr'><strong>δέ,</strong></span> <span class='ocrx_word' id='word_1_695' title='bbox 2637 4485 2658 4519; x_wconf 78' lang='grc' dir='ltr'><strong>ι</strong></span> <span class='ocrx_word' id='word_1_696' title='bbox 2691 4468 2801 4520; x_wconf 59' lang='grc' dir='ltr'><strong>Καὶ¹</strong></span> <span class='ocrx_word' id='word_1_697' title='bbox 2823 4467 3157 4538; x_wconf 79' lang='grc' dir='ltr'>γνωσόμεθα,</span> <span class='ocrx_word' id='word_1_698' title='bbox 3187 4487 3206 4518; x_wconf 70' lang='grc' dir='ltr'><strong>ι</strong></span> <span class='ocrx_word' id='word_1_699' title='bbox 3235 4467 3355 4520; x_wconf 79' lang='grc' dir='ltr'>ἀντὶ</span> <span class='ocrx_word' id='word_1_700' title='bbox 3376 4466 3468 4520; x_wconf 77' lang='grc' dir='ltr'>τοῦ</span> <span class='ocrx_word' id='word_1_701' title='bbox 3488 4507 3504 4530; x_wconf 95' lang='grc'><strong>,</strong></span> <span class='ocrx_word' id='word_1_702' title='bbox 3557 4467 3646 4520; x_wconf 80' lang='grc' dir='ltr'>Ἐν</span> 
     </span>
    </p>
   </div>
   <div class='ocr_carea' id='block_1_94' title="bbox 409 4557 1976 4638">
    <p class='ocr_par' dir='ltr' id='par_1_94' title="bbox 409 4557 1976 4638">
     <span class='ocr_line' id='line_1_94' title="bbox 409 4557 1976 4638; baseline 0.006 -27"><span class='ocrx_word' id='word_1_703' title='bbox 409 4557 718 4616; x_wconf 87' lang='lat' dir='ltr'><strong>Dominum.</strong></span> <span class='ocrx_word' id='word_1_704' title='bbox 741 4580 760 4614; x_wconf 70' lang='grc' dir='ltr'><strong>ι</strong></span> <span class='ocrx_word' id='word_1_705' title='bbox 802 4562 1058 4620; x_wconf 90' lang='lat' dir='ltr'><strong>Studiose</strong></span> <span class='ocrx_word' id='word_1_706' title='bbox 1087 4566 1374 4621; x_wconf 90' lang='lat' dir='ltr'><strong>scientiam</strong></span> <span class='ocrx_word' id='word_1_707' title='bbox 1407 4567 1531 4636; x_wconf 89' lang='lat' dir='ltr'><strong>ejus</strong></span> <span class='ocrx_word' id='word_1_708' title='bbox 1564 4568 1976 4638; x_wconf 62' lang='lat' dir='ltr'><strong>conquy‘amus.</strong></span> 
     </span>
    </p>
   </div>
   <div class='ocr_carea' id='block_1_95' title="bbox 414 4650 1972 4724">
    <p class='ocr_par' dir='ltr' id='par_1_95' title="bbox 414 4650 1972 4724">
     <span class='ocr_line' id='line_1_95' title="bbox 414 4650 1972 4724; baseline 0.004 -21"><span class='ocrx_word' id='word_1_709' title='bbox 414 4650 622 4718; x_wconf 69' lang='lat' dir='ltr'><strong>«Quasi</strong></span> <span class='ocrx_word' id='word_1_710' title='bbox 690 4663 939 4724; x_wconf 88' lang='lat' dir='ltr'><strong>paratum</strong></span> <span class='ocrx_word' id='word_1_711' title='bbox 1006 4657 1303 4712; x_wconf 92' lang='lat' dir='ltr'><strong>diluculum</strong></span> <span class='ocrx_word' id='word_1_712' title='bbox 1370 4659 1711 4715; x_wconf 87' lang='lat' dir='ltr'><strong>inveniemus</strong></span> <span class='ocrx_word' id='word_1_713' title='bbox 1780 4673 1972 4714; x_wconf 63' lang='lat' dir='ltr'><strong>eum.»</strong></span> 
     </span>
    </p>
   </div>
   <div class='ocr_carea' id='block_1_96' title="bbox 408 4743 1977 4821">
    <p class='ocr_par' dir='ltr' id='par_1_96' title="bbox 408 4743 1977 4821">
     <span class='ocr_line' id='line_1_96' title="bbox 408 4743 1977 4821; baseline 0.004 -25"><span class='ocrx_word' id='word_1_714' title='bbox 408 4743 753 4813; x_wconf 81' lang='lat' dir='ltr'><strong>Adjutorium</strong></span> <span class='ocrx_word' id='word_1_715' title='bbox 821 4747 946 4817; x_wconf 91' lang='lat' dir='ltr'><strong>ejus</strong></span> <span class='ocrx_word' id='word_1_716' title='bbox 1002 4750 1386 4805; x_wconf 88' lang='lat' dir='ltr'><strong>nanciscemur</strong></span> <span class='ocrx_word' id='word_1_717' title='bbox 1444 4752 1604 4821; x_wconf 89' lang='lat' dir='ltr'><strong>quasi</strong></span> <span class='ocrx_word' id='word_1_718' title='bbox 1655 4749 1977 4815; x_wconf 85' lang='lat' dir='ltr'><strong>diluculum,</strong></span> 
     </span>
    </p>
   </div>
   <div class='ocr_carea' id='block_1_97' title="bbox 411 4835 1979 4903">
    <p class='ocr_par' dir='ltr' id='par_1_97' title="bbox 411 4835 1979 4903">
     <span class='ocr_line' id='line_1_97' title="bbox 411 4835 1979 4903; baseline 0.006 -17"><span class='ocrx_word' id='word_1_719' title='bbox 411 4835 570 4903; x_wconf 87' lang='lat' dir='ltr'><strong>qttasi</strong></span> <span class='ocrx_word' id='word_1_720' title='bbox 597 4837 851 4890; x_wconf 91' lang='lat' dir='ltr'><strong>nimirum</strong></span> <span class='ocrx_word' id='word_1_721' title='bbox 878 4854 910 4894; x_wconf 90' lang='lat' dir='ltr'><strong>e</strong></span> <span class='ocrx_word' id='word_1_722' title='bbox 934 4841 1174 4898; x_wconf 89' lang='lat' dir='ltr'><strong>tenebris</strong></span> <span class='ocrx_word' id='word_1_723' title='bbox 1196 4857 1284 4896; x_wconf 90' lang='lat' dir='ltr'><strong>res</strong></span> <span class='ocrx_word' id='word_1_724' title='bbox 1309 4850 1506 4897; x_wconf 66' lang='lat' dir='ltr'><strong>nostra:</strong></span> <span class='ocrx_word' id='word_1_725' title='bbox 1528 4843 1580 4895; x_wconf 93' lang='lat' dir='ltr'><strong>in</strong></span> <span class='ocrx_word' id='word_1_726' title='bbox 1600 4841 1773 4897; x_wconf 92' lang='lat' dir='ltr'><strong>lucem</strong></span> <span class='ocrx_word' id='word_1_727' title='bbox 1799 4849 1979 4896; x_wconf 80' lang='lat' dir='ltr'><strong>trans-</strong></span> 
     </span>
    </p>
   </div>
   <div class='ocr_carea' id='block_1_98' title="bbox 410 4921 1977 5000">
    <p class='ocr_par' dir='ltr' id='par_1_98' title="bbox 410 4921 1977 5000">
     <span class='ocr_line' id='line_1_98' title="bbox 410 4921 1977 5000; baseline 0.006 -25"><span class='ocrx_word' id='word_1_728' title='bbox 410 4921 676 4978; x_wconf 84' lang='lat' dir='ltr'><strong>ferantur.</strong></span> <span class='ocrx_word' id='word_1_729' title='bbox 731 4924 1075 4998; x_wconf 71' lang='lat' dir='ltr'><strong>«Venietque</strong></span> <span class='ocrx_word' id='word_1_730' title='bbox 1122 4931 1186 4984; x_wconf 83' lang='lat' dir='ltr'><strong>ad</strong></span> <span class='ocrx_word' id='word_1_731' title='bbox 1233 4945 1334 4986; x_wconf 89' lang='lat' dir='ltr'><strong>nos</strong></span> <span class='ocrx_word' id='word_1_732' title='bbox 1382 4932 1539 5000; x_wconf 89' lang='lat' dir='ltr'><strong>quasi</strong></span> <span class='ocrx_word' id='word_1_733' title='bbox 1584 4931 1756 4986; x_wconf 89' lang='lat' dir='ltr'><strong>imber</strong></span> <span class='ocrx_word' id='word_1_734' title='bbox 1796 4931 1977 4986; x_wconf 88' lang='lat' dir='ltr'><strong>telluri</strong></span> 
     </span>
    </p>
   </div>
   <div class='ocr_carea' id='block_1_99' title="bbox 408 5019 1978 5094">
    <p class='ocr_par' dir='ltr' id='par_1_99' title="bbox 408 5019 1978 5094">
     <span class='ocr_line' id='line_1_99' title="bbox 408 5019 1978 5094; baseline 0.007 -26"><span class='ocrx_word' id='word_1_735' title='bbox 408 5019 710 5073; x_wconf 86' lang='lat' dir='ltr'><strong>matutinus</strong></span> <span class='ocrx_word' id='word_1_736' title='bbox 738 5027 832 5072; x_wconf 91' lang='lat' dir='ltr'><strong>aut</strong></span> <span class='ocrx_word' id='word_1_737' title='bbox 862 5023 1154 5077; x_wconf 89' lang='lat' dir='ltr'><strong>serotinus.</strong></span> <span class='ocrx_word' id='word_1_738' title='bbox 1181 5041 1200 5074; x_wconf 75' lang='grc' dir='ltr'><strong>ι</strong></span> <span class='ocrx_word' id='word_1_739' title='bbox 1259 5021 1491 5079; x_wconf 86' lang='lat' dir='ltr'><strong>Uberem</strong></span> <span class='ocrx_word' id='word_1_740' title='bbox 1533 5024 1789 5094; x_wconf 69' lang='lat' dir='ltr'><strong>praebebit</strong></span> <span class='ocrx_word' id='word_1_741' title='bbox 1814 5025 1978 5079; x_wconf 91' lang='lat' dir='ltr'><strong>bono-</strong></span> 
     </span>
    </p>
   </div>
   <div class='ocr_carea' id='block_1_100' title="bbox 410 5107 1973 5182">
    <p class='ocr_par' dir='ltr' id='par_1_100' title="bbox 410 5107 1973 5182">
     <span class='ocr_line' id='line_1_100' title="bbox 410 5107 1973 5182; baseline 0.008 -25"><span class='ocrx_word' id='word_1_742' title='bbox 410 5121 530 5158; x_wconf 88' lang='lat' dir='ltr'><strong>rum</strong></span> <span class='ocrx_word' id='word_1_743' title='bbox 553 5107 919 5178; x_wconf 87' lang='lat' dir='ltr'><strong>largitionem,</strong></span> <span class='ocrx_word' id='word_1_744' title='bbox 948 5111 1114 5166; x_wconf 87' lang='lat' dir='ltr'><strong>veluti</strong></span> <span class='ocrx_word' id='word_1_745' title='bbox 1138 5111 1205 5167; x_wconf 93' lang='lat' dir='ltr'><strong>de</strong></span> <span class='ocrx_word' id='word_1_746' title='bbox 1225 5122 1368 5168; x_wconf 85' lang='lat' dir='ltr'><strong>terra</strong></span> <span class='ocrx_word' id='word_1_747' title='bbox 1393 5112 1606 5169; x_wconf 83' lang='lat' dir='ltr'><strong>fructus</strong></span> <span class='ocrx_word' id='word_1_748' title='bbox 1630 5113 1973 5182; x_wconf 85' lang='lat' dir='ltr'><strong>proveniunt.</strong></span> 
     </span>
    </p>
   </div>
   <div class='ocr_carea' id='block_1_101' title="bbox 408 5196 1874 5270">
    <p class='ocr_par' dir='ltr' id='par_1_101' title="bbox 408 5196 1874 5270">
     <span class='ocr_line' id='line_1_101' title="bbox 408 5196 1874 5270; baseline 0.007 -21"><span class='ocrx_word' id='word_1_749' title='bbox 408 5211 531 5266; x_wconf 68' lang='lat' dir='ltr'><strong>quae</strong></span> <span class='ocrx_word' id='word_1_750' title='bbox 564 5196 712 5253; x_wconf 90' lang='lat' dir='ltr'><strong>omni</strong></span> <span class='ocrx_word' id='word_1_751' title='bbox 747 5209 988 5270; x_wconf 90' lang='lat' dir='ltr'><strong>tempore</strong></span> <span class='ocrx_word' id='word_1_752' title='bbox 1022 5201 1275 5256; x_wconf 91' lang='lat' dir='ltr'><strong>idoneum</strong></span> <span class='ocrx_word' id='word_1_753' title='bbox 1302 5204 1530 5259; x_wconf 88' lang='lat' dir='ltr'><strong>imbrem</strong></span> <span class='ocrx_word' id='word_1_754' title='bbox 1559 5205 1874 5260; x_wconf 85' lang='lat' dir='ltr'><strong>obtinuerit.</strong></span> 
     </span>
    </p>
   </div>
   <div class='ocr_carea' id='block_1_102' title="bbox 2074 4557 3647 4630">
    <p class='ocr_par' dir='ltr' id='par_1_102' title="bbox 2074 4557 3647 4630">
     <span class='ocr_line' id='line_1_102' title="bbox 2074 4557 3647 4630; baseline -0.002 -15"><span class='ocrx_word' id='word_1_755' title='bbox 2074 4560 2368 4615; x_wconf 84' lang='grc' dir='ltr'>ἀπολαύσει</span> <span class='ocrx_word' id='word_1_756' title='bbox 2386 4560 2493 4613; x_wconf 83' lang='grc' dir='ltr'><strong>τῶν</strong></span> <span class='ocrx_word' id='word_1_757' title='bbox 2516 4558 2839 4630; x_wconf 88' lang='grc' dir='ltr'>κρειττόνων</span> <span class='ocrx_word' id='word_1_758' title='bbox 2869 4559 3137 4630; x_wconf 78' lang='grc' dir='ltr'>ἐσόμεθαο</span> <span class='ocrx_word' id='word_1_759' title='bbox 3169 4558 3244 4622; x_wconf 85' lang='grc' dir='ltr'>ὼς</span> <span class='ocrx_word' id='word_1_760' title='bbox 3283 4559 3363 4623; x_wconf 81' lang='grc' dir='ltr'>τὸ,</span> <span class='ocrx_word' id='word_1_761' title='bbox 3389 4577 3409 4610; x_wconf 82' lang='grc' dir='ltr'><strong>ι</strong></span> <span class='ocrx_word' id='word_1_762' title='bbox 3448 4557 3647 4628; x_wconf 85' lang='grc' dir='ltr'><strong>Ἐγνὼ-</strong></span> 
     </span>
    </p>
   </div>
   <div class='ocr_carea' id='block_1_103' title="bbox 2079 4649 3646 4724">
    <p class='ocr_par' dir='ltr' id='par_1_103' title="bbox 2079 4649 3646 4724">
     <span class='ocr_line' id='line_1_103' title="bbox 2079 4649 3646 4724; baseline -0.003 -18"><span class='ocrx_word' id='word_1_763' title='bbox 2079 4655 2233 4724; x_wconf 88' lang='grc' dir='ltr'>ρισάς</span> <span class='ocrx_word' id='word_1_764' title='bbox 2283 4669 2372 4723; x_wconf 89' lang='grc' dir='ltr'><strong>μοι</strong></span> <span class='ocrx_word' id='word_1_765' title='bbox 2426 4651 2579 4715; x_wconf 84' lang='grc' dir='ltr'>ὀδοὺς</span> <span class='ocrx_word' id='word_1_766' title='bbox 2616 4651 2781 4720; x_wconf 78' lang='grc' dir='ltr'>ζωῆς,</span> <span class='ocrx_word' id='word_1_767' title='bbox 2822 4669 2841 4703; x_wconf 72' lang='grc' dir='ltr'><strong>ι</strong></span> <span class='ocrx_word' id='word_1_768' title='bbox 2867 4651 2986 4704; x_wconf 80' lang='grc' dir='ltr'>ἀντὶ</span> <span class='ocrx_word' id='word_1_769' title='bbox 3029 4649 3144 4712; x_wconf 85' lang='grc' dir='ltr'>τοῦ,</span> <span class='ocrx_word' id='word_1_770' title='bbox 3192 4650 3279 4705; x_wconf 87' lang='grc' dir='ltr'>Ἑν</span> <span class='ocrx_word' id='word_1_771' title='bbox 3333 4649 3411 4720; x_wconf 82' lang='grc' dir='ltr'>τῷ</span> <span class='ocrx_word' id='word_1_772' title='bbox 3443 4649 3542 4721; x_wconf 79' lang='grc' dir='ltr'>ζῇν</span> <span class='ocrx_word' id='word_1_773' title='bbox 3576 4666 3646 4720; x_wconf 84' lang='grc' dir='ltr'><strong>με</strong></span> 
     </span>
    </p>
   </div>
   <div class='ocr_carea' id='block_1_104' title="bbox 2076 4740 3638 4815">
    <p class='ocr_par' dir='ltr' id='par_1_104' title="bbox 2076 4740 3638 4815">
     <span class='ocr_line' id='line_1_104' title="bbox 2076 4740 3638 4815; baseline -0.004 -16"><span class='ocrx_word' id='word_1_774' title='bbox 2076 4745 2435 4815; x_wconf 85' lang='grc' dir='ltr'>κατέστησας.</span> <span class='ocrx_word' id='word_1_775' title='bbox 2489 4757 2510 4795; x_wconf 78' lang='grc' dir='ltr'><strong>ι</strong></span> <span class='ocrx_word' id='word_1_776' title='bbox 2563 4742 2831 4813; x_wconf 80' lang='grc' dir='ltr'>Διώξομεν</span> <span class='ocrx_word' id='word_1_777' title='bbox 2860 4742 2953 4796; x_wconf 80' lang='grc' dir='ltr'>τοῦ</span> <span class='ocrx_word' id='word_1_778' title='bbox 2991 4741 3192 4811; x_wconf 85' lang='grc' dir='ltr'>γνῶναι</span> <span class='ocrx_word' id='word_1_779' title='bbox 3224 4742 3313 4795; x_wconf 81' lang='grc' dir='ltr'><strong>τὸν</strong></span> <span class='ocrx_word' id='word_1_780' title='bbox 3355 4740 3580 4812; x_wconf 81' lang='grc' dir='ltr'>Κύριον.</span> <span class='ocrx_word' id='word_1_781' title='bbox 3615 4760 3638 4792; x_wconf 73' lang='grc' dir='ltr'><strong>ι</strong></span> 
     </span>
    </p>
   </div>
   <div class='ocr_carea' id='block_1_105' title="bbox 2082 4833 3646 4906">
    <p class='ocr_par' dir='ltr' id='par_1_105' title="bbox 2082 4833 3646 4906">
     <span class='ocr_line' id='line_1_105' title="bbox 2082 4833 3646 4906; baseline -0.003 -13"><span class='ocrx_word' id='word_1_782' title='bbox 2082 4837 2237 4894; x_wconf 85' lang='grc' dir='ltr'>Μετά</span> <span class='ocrx_word' id='word_1_783' title='bbox 2289 4835 2522 4906; x_wconf 83' lang='grc' dir='ltr'>σπουδῆς</span> <span class='ocrx_word' id='word_1_784' title='bbox 2565 4833 2728 4889; x_wconf 79' lang='grc' dir='ltr'>αὐτοῦ</span> <span class='ocrx_word' id='word_1_785' title='bbox 2770 4835 2870 4905; x_wconf 79' lang='grc' dir='ltr'>τῆς</span> <span class='ocrx_word' id='word_1_786' title='bbox 2899 4834 3149 4904; x_wconf 87' lang='grc' dir='ltr'>γνώσεως</span> <span class='ocrx_word' id='word_1_787' title='bbox 3178 4833 3646 4905; x_wconf 87' lang='grc' dir='ltr'>ἐπιμελησόμεθα.</span> 
     </span>
    </p>
   </div>
   <div class='ocr_carea' id='block_1_106' title="bbox 2087 4925 3650 5000">
    <p class='ocr_par' dir='ltr' id='par_1_106' title="bbox 2087 4925 3650 5000">
     <span class='ocr_line' id='line_1_106' title="bbox 2087 4925 3650 5000; baseline -0.003 -19"><span class='ocrx_word' id='word_1_788' title='bbox 2087 4949 2108 4981; x_wconf 79' lang='grc' dir='ltr'><strong>ι</strong></span> <span class='ocrx_word' id='word_1_789' title='bbox 2179 4931 2268 4992; x_wconf 82' lang='grc' dir='ltr'>Ὠς</span> <span class='ocrx_word' id='word_1_790' title='bbox 2309 4927 2502 5000; x_wconf 72' lang='grc' dir='ltr'>ὄρθρον</span> <span class='ocrx_word' id='word_1_791' title='bbox 2557 4927 2770 4998; x_wconf 81' lang='grc' dir='ltr'>ἐτοιμον</span> <span class='ocrx_word' id='word_1_792' title='bbox 2832 4927 3133 4998; x_wconf 79' lang='grc' dir='ltr'>εὑρήσομεν</span> <span class='ocrx_word' id='word_1_793' title='bbox 3174 4925 3355 4979; x_wconf 83' lang='grc' dir='ltr'>αὐτόν.</span> <span class='ocrx_word' id='word_1_794' title='bbox 3404 4944 3422 4976; x_wconf 73' lang='grc' dir='ltr'><strong>ι</strong></span> <span class='ocrx_word' id='word_1_795' title='bbox 3453 4925 3650 4989; x_wconf 79' lang='grc' dir='ltr'>Τευξό-</span> 
     </span>
    </p>
   </div>
   <div class='ocr_carea' id='block_1_107' title="bbox 2086 5014 3649 5091">
    <p class='ocr_par' dir='ltr' id='par_1_107' title="bbox 2086 5014 3649 5091">
     <span class='ocr_line' id='line_1_107' title="bbox 2086 5014 3649 5091; baseline -0.003 -19"><span class='ocrx_word' id='word_1_796' title='bbox 2086 5019 2225 5091; x_wconf 92' lang='grc' dir='ltr'>μεθα</span> <span class='ocrx_word' id='word_1_797' title='bbox 2247 5019 2359 5090; x_wconf 85' lang='grc' dir='ltr'>γὰρ</span> <span class='ocrx_word' id='word_1_798' title='bbox 2403 5015 2567 5072; x_wconf 79' lang='grc' dir='ltr'>αὐτοῦ</span> <span class='ocrx_word' id='word_1_799' title='bbox 2603 5016 2714 5090; x_wconf 63' lang='grc' dir='ltr'>τῆς</span> <span class='ocrx_word' id='word_1_800' title='bbox 2738 5016 2986 5088; x_wconf 80' lang='grc' dir='ltr'>βοηθείας</span> <span class='ocrx_word' id='word_1_801' title='bbox 3027 5017 3183 5088; x_wconf 87' lang='grc' dir='ltr'>δίκην</span> <span class='ocrx_word' id='word_1_802' title='bbox 3213 5015 3432 5090; x_wconf 75' lang='grc' dir='ltr'>ὄρθρου,</span> <span class='ocrx_word' id='word_1_803' title='bbox 3475 5015 3551 5080; x_wconf 82' lang='grc' dir='ltr'>ὥς</span> <span class='ocrx_word' id='word_1_804' title='bbox 3577 5014 3649 5068; x_wconf 79' lang='grc' dir='ltr'>ἂν</span> 
     </span>
    </p>
   </div>
   <div class='ocr_carea' id='block_1_108' title="bbox 2079 5105 3647 5179">
    <p class='ocr_par' dir='ltr' id='par_1_108' title="bbox 2079 5105 3647 5179">
     <span class='ocr_line' id='line_1_108' title="bbox 2079 5105 3647 5179; baseline -0.004 -15"><span class='ocrx_word' id='word_1_805' title='bbox 2079 5113 2146 5163; x_wconf 86' lang='grc' dir='ltr'><strong>ἐκ</strong></span> <span class='ocrx_word' id='word_1_806' title='bbox 2179 5110 2402 5173; x_wconf 89' lang='grc' dir='ltr'>σκότους</span> <span class='ocrx_word' id='word_1_807' title='bbox 2427 5111 2506 5172; x_wconf 86' lang='grc' dir='ltr'><strong>είς</strong></span> <span class='ocrx_word' id='word_1_808' title='bbox 2540 5109 2656 5178; x_wconf 86' lang='grc' dir='ltr'><strong>φῶς</strong></span> <span class='ocrx_word' id='word_1_809' title='bbox 2684 5107 3052 5179; x_wconf 77' lang='grc' dir='ltr'>μεταϐαλόντα</span> <span class='ocrx_word' id='word_1_810' title='bbox 3081 5106 3150 5159; x_wconf 87' lang='grc' dir='ltr'>τὰ</span> <span class='ocrx_word' id='word_1_811' title='bbox 3178 5106 3439 5178; x_wconf 82' lang='grc' dir='ltr'>ἡμέτερα.</span> <span class='ocrx_word' id='word_1_812' title='bbox 3475 5124 3494 5156; x_wconf 82' lang='grc' dir='ltr'><strong>ι</strong></span> <span class='ocrx_word' id='word_1_813' title='bbox 3535 5105 3647 5158; x_wconf 76' lang='grc' dir='ltr'><strong>Καὶ</strong></span> 
     </span>
    </p>
   </div>
   <div class='ocr_carea' id='block_1_109' title="bbox 2075 5196 3647 5273">
    <p class='ocr_par' dir='ltr' id='par_1_109' title="bbox 2075 5196 3647 5273">
     <span class='ocr_line' id='line_1_109' title="bbox 2075 5196 3647 5273; baseline -0.005 -18"><span class='ocrx_word' id='word_1_814' title='bbox 2075 5202 2194 5273; x_wconf 78' lang='grc' dir='ltr'>ἥξει</span> <span class='ocrx_word' id='word_1_815' title='bbox 2241 5203 2373 5273; x_wconf 79' lang='grc' dir='ltr'>ἡμῖν</span> <span class='ocrx_word' id='word_1_816' title='bbox 2427 5201 2503 5265; x_wconf 83' lang='grc' dir='ltr'>ὡς</span> <span class='ocrx_word' id='word_1_817' title='bbox 2550 5199 2701 5262; x_wconf 85' lang='grc' dir='ltr'>ὑετὸς</span> <span class='ocrx_word' id='word_1_818' title='bbox 2742 5198 2988 5269; x_wconf 83' lang='grc' dir='ltr'>πρώῖμος</span> <span class='ocrx_word' id='word_1_819' title='bbox 3038 5200 3104 5268; x_wconf 81' lang='grc' dir='ltr'>τῇ</span> <span class='ocrx_word' id='word_1_820' title='bbox 3153 5199 3244 5268; x_wconf 81' lang='grc' dir='ltr'><strong>γῇ.</strong></span> <span class='ocrx_word' id='word_1_821' title='bbox 3301 5215 3320 5248; x_wconf 72' lang='grc' dir='ltr'><strong>ι</strong></span> <span class='ocrx_word' id='word_1_822' title='bbox 3379 5196 3647 5264; x_wconf 83' lang='grc' dir='ltr'>Ἀφθονον</span> 
     </span>
    </p>
   </div>
   <div class='ocr_carea' id='block_1_110' title="bbox 408 5286 3650 5368">
    <p class='ocr_par' dir='ltr' id='par_1_110' title="bbox 408 5286 3650 5368">
     <span class='ocr_line' id='line_1_110' title="bbox 408 5286 3650 5368; baseline 0.001 -28"><span class='ocrx_word' id='word_1_823' title='bbox 408 5288 762 5360; x_wconf 83' lang='grc' dir='ltr'>παρέξειτῶν</span> <span class='ocrx_word' id='word_1_824' title='bbox 783 5291 1003 5360; x_wconf 85' lang='grc' dir='ltr'>ἀγαθῶν</span> <span class='ocrx_word' id='word_1_825' title='bbox 1028 5293 1125 5366; x_wconf 84' lang='grc' dir='ltr'>τὴν</span> <span class='ocrx_word' id='word_1_826' title='bbox 1161 5295 1440 5367; x_wconf 86' lang='grc' dir='ltr'>χορηγίαν,</span> <span class='ocrx_word' id='word_1_827' title='bbox 1475 5297 1632 5368; x_wconf 86' lang='grc' dir='ltr'>δίκην</span> <span class='ocrx_word' id='word_1_828' title='bbox 1671 5296 1779 5351; x_wconf 87' lang='grc' dir='ltr'><strong>τῶν</strong></span> <span class='ocrx_word' id='word_1_829' title='bbox 1817 5298 1882 5350; x_wconf 86' lang='grc' dir='ltr'><strong>ἐκ</strong></span> <span class='ocrx_word' id='word_1_830' title='bbox 1919 5295 2024 5366; x_wconf 82' lang='grc' dir='ltr'>γῆς</span> <span class='ocrx_word' id='word_1_831' title='bbox 2069 5293 2464 5365; x_wconf 79' lang='grc' dir='ltr'>ἀναδιδομένων</span> <span class='ocrx_word' id='word_1_832' title='bbox 2506 5290 2768 5363; x_wconf 81' lang='grc' dir='ltr'>καρπῶν“,</span> <span class='ocrx_word' id='word_1_833' title='bbox 2815 5292 2890 5342; x_wconf 75' lang='grc' dir='ltr'><strong>ὅτ’</strong></span> <span class='ocrx_word' id='word_1_834' title='bbox 2941 5289 3007 5344; x_wconf 87' lang='grc' dir='ltr'>ἂν</span> <span class='ocrx_word' id='word_1_835' title='bbox 3055 5288 3192 5342; x_wconf 84' lang='grc' dir='ltr'><strong>κατά</strong></span> <span class='ocrx_word' id='word_1_836' title='bbox 3239 5288 3415 5342; x_wconf 84' lang='grc' dir='ltr'>πάντα</span> <span class='ocrx_word' id='word_1_837' title='bbox 3457 5286 3650 5358; x_wconf 77' lang='grc' dir='ltr'>καιρὸν</span> 
     </span>
    </p>
   </div>
   <div class='ocr_carea' id='block_1_111' title="bbox 407 5380 1321 5457">
    <p class='ocr_par' dir='ltr' id='par_1_111' title="bbox 407 5380 1321 5457">
     <span class='ocr_line' id='line_1_111' title="bbox 407 5380 1321 5457; baseline 0.005 -22"><span class='ocrx_word' id='word_1_838' title='bbox 407 5380 711 5450; x_wconf 69' lang='grc' dir='ltr'>ιπιτηδείου</span> <span class='ocrx_word' id='word_1_839' title='bbox 744 5384 984 5457; x_wconf 81' lang='grc' dir='ltr'>τυγχάνῃ</span> <span class='ocrx_word' id='word_1_840' title='bbox 1014 5385 1109 5439; x_wconf 81' lang='grc' dir='ltr'>τοῦ</span> <span class='ocrx_word' id='word_1_841' title='bbox 1147 5387 1321 5441; x_wconf 80' lang='grc' dir='ltr'>ὑετοῦ.</span> 
     </span>
    </p>
   </div>
   <div class='ocr_carea' id='block_1_112' title="bbox 484 5467 1979 5547">
    <p class='ocr_par' dir='ltr' id='par_1_112' title="bbox 484 5467 1979 5547">
     <span class='ocr_line' id='line_1_112' title="bbox 484 5467 1979 5547; baseline 0.003 -24"><span class='ocrx_word' id='word_1_842' title='bbox 484 5467 652 5527; x_wconf 72' lang='lat' dir='ltr'><strong>Vsus.</strong></span> <span class='ocrx_word' id='word_1_843' title='bbox 700 5473 820 5528; x_wconf 73' lang='lat'><strong>4-7.</strong></span> <span class='ocrx_word' id='word_1_844' title='bbox 851 5505 922 5514; x_wconf 90' lang='lat'><strong>—-</strong></span> <span class='ocrx_word' id='word_1_845' title='bbox 953 5474 1136 5540; x_wconf 68' lang='lat' dir='ltr'><strong>«Quid</strong></span> <span class='ocrx_word' id='word_1_846' title='bbox 1193 5475 1387 5534; x_wconf 79' lang='lat' dir='ltr'><strong>faciam</strong></span> <span class='ocrx_word' id='word_1_847' title='bbox 1459 5477 1580 5545; x_wconf 91' lang='lat' dir='ltr'><strong>tibi,</strong></span> <span class='ocrx_word' id='word_1_848' title='bbox 1648 5471 1979 5547; x_wconf 77' lang='lat' dir='ltr'><strong>Ephraime?</strong></span> 
     </span>
    </p>
   </div>
   <div class='ocr_carea' id='block_1_113' title="bbox 410 5557 1977 5640">
    <p class='ocr_par' dir='ltr' id='par_1_113' title="bbox 410 5557 1977 5640">
     <span class='ocr_line' id='line_1_113' title="bbox 410 5557 1977 5640; baseline 0.003 -22"><span class='ocrx_word' id='word_1_849' title='bbox 410 5561 544 5633; x_wconf 88' lang='lat' dir='ltr'><strong>quid</strong></span> <span class='ocrx_word' id='word_1_850' title='bbox 581 5562 776 5620; x_wconf 81' lang='lat' dir='ltr'><strong>faciam</strong></span> <span class='ocrx_word' id='word_1_851' title='bbox 810 5565 928 5632; x_wconf 90' lang='lat' dir='ltr'><strong>tibi,</strong></span> <span class='ocrx_word' id='word_1_852' title='bbox 965 5567 1145 5624; x_wconf 83' lang='lat' dir='ltr'><strong>Juda?</strong></span> <span class='ocrx_word' id='word_1_853' title='bbox 1192 5557 1560 5627; x_wconf 84' lang='lat' dir='ltr'><strong>Misericordia</strong></span> <span class='ocrx_word' id='word_1_854' title='bbox 1595 5579 1772 5627; x_wconf 90' lang='lat' dir='ltr'><strong>vestra</strong></span> <span class='ocrx_word' id='word_1_855' title='bbox 1813 5568 1977 5640; x_wconf 88' lang='lat' dir='ltr'><strong>quasi</strong></span> 
     </span>
    </p>
   </div>
   <div class='ocr_carea' id='block_1_114' title="bbox 490 5721 958 5791">
    <p class='ocr_par' dir='ltr' id='par_1_114' title="bbox 490 5721 958 5791">
     <span class='ocr_line' id='line_1_114' title="bbox 490 5721 958 5791; baseline -0.002 -11"><span class='ocrx_word' id='word_1_856' title='bbox 490 5722 534 5757; x_wconf 84' lang='lat'><strong>&quot;</strong></span> <span class='ocrx_word' id='word_1_857' title='bbox 575 5721 719 5780; x_wconf 85' lang='lat' dir='ltr'><strong>Psal.</strong></span> <span class='ocrx_word' id='word_1_858' title='bbox 753 5739 842 5791; x_wconf 81' lang='lat' dir='ltr'><strong>xv,</strong></span> <span class='ocrx_word' id='word_1_859' title='bbox 871 5725 958 5780; x_wconf 81' lang='grc' dir='ltr'>Η.</span> 
     </span>
    </p>
   </div>
   <div class='ocr_carea' id='block_1_115' title="bbox 2155 5454 3647 5537">
    <p class='ocr_par' dir='ltr' id='par_1_115' title="bbox 2155 5454 3647 5537">
     <span class='ocr_line' id='line_1_115' title="bbox 2155 5454 3647 5537; baseline -0.009 -16"><span class='ocrx_word' id='word_1_860' title='bbox 2155 5468 2304 5537; x_wconf 91' lang='grc' dir='ltr'>Στιχ.</span> <span class='ocrx_word' id='word_1_861' title='bbox 2332 5461 2473 5527; x_wconf 79' lang='grc' dir='ltr'>δ’-ζ’.</span> <span class='ocrx_word' id='word_1_862' title='bbox 2491 5491 2561 5501; x_wconf 90' lang='grc'><strong><em>-</em></strong></span> <span class='ocrx_word' id='word_1_863' title='bbox 2585 5463 2661 5532; x_wconf 89' lang='lat' dir='ltr'><strong>(p.</strong></span> <span class='ocrx_word' id='word_1_864' title='bbox 2691 5459 2781 5528; x_wconf 74' lang='grc'><strong>45)</strong></span> <span class='ocrx_word' id='word_1_865' title='bbox 2802 5478 2820 5511; x_wconf 86' lang='grc' dir='ltr'><strong>ι</strong></span> <span class='ocrx_word' id='word_1_866' title='bbox 2846 5460 2911 5512; x_wconf 90' lang='grc' dir='ltr'>Τί</span> <span class='ocrx_word' id='word_1_867' title='bbox 2943 5477 3023 5513; x_wconf 88' lang='grc' dir='ltr'><strong>σοι</strong></span> <span class='ocrx_word' id='word_1_868' title='bbox 3048 5459 3278 5529; x_wconf 88' lang='grc' dir='ltr'>ποιήσω,</span> <span class='ocrx_word' id='word_1_869' title='bbox 3295 5456 3565 5527; x_wconf 74' lang='grc' dir='ltr'>Ἐφραῖμς</span> <span class='ocrx_word' id='word_1_870' title='bbox 3593 5454 3647 5509; x_wconf 87' lang='grc' dir='ltr'><strong>τί</strong></span> 
     </span>
    </p>
   </div>
   <div class='ocr_carea' id='block_1_116' title="bbox 2087 5548 3646 5630">
    <p class='ocr_par' dir='ltr' id='par_1_116' title="bbox 2087 5548 3646 5630">
     <span class='ocr_line' id='line_1_116' title="bbox 2087 5548 3646 5630; baseline -0.01 -14"><span class='ocrx_word' id='word_1_871' title='bbox 2087 5579 2168 5618; x_wconf 92' lang='grc' dir='ltr'><strong>σοι</strong></span> <span class='ocrx_word' id='word_1_872' title='bbox 2216 5558 2452 5630; x_wconf 76' lang='grc' dir='ltr'>ποιήσω,</span> <span class='ocrx_word' id='word_1_873' title='bbox 2491 5553 2690 5620; x_wconf 71' lang='grc' dir='ltr'>Ἰούδας</span> <span class='ocrx_word' id='word_1_874' title='bbox 2737 5553 2798 5607; x_wconf 85' lang='grc' dir='ltr'>τὸ</span> <span class='ocrx_word' id='word_1_875' title='bbox 2840 5551 2896 5606; x_wconf 86' lang='grc' dir='ltr'><strong>δέ</strong></span> <span class='ocrx_word' id='word_1_876' title='bbox 2948 5551 3095 5614; x_wconf 83' lang='grc' dir='ltr'>ἔλεος</span> <span class='ocrx_word' id='word_1_877' title='bbox 3140 5548 3291 5622; x_wconf 84' lang='grc' dir='ltr'>ὑμῶν</span> <span class='ocrx_word' id='word_1_878' title='bbox 3328 5548 3401 5614; x_wconf 85' lang='grc' dir='ltr'><strong>ὡς</strong></span> <span class='ocrx_word' id='word_1_879' title='bbox 3447 5549 3646 5621; x_wconf 74' lang='grc' dir='ltr'>νεφέλη</span> 
     </span>
    </p>
   </div>
  </div>
