3814 6224
161 291 236 343 161
1124 283 1673 341 COMMENTARIUS
1705 281 1773 337 ΙΝ
1812 279 2017 338 OSEIE
2055 278 2210 336 CAP.
2242 278 2333 335 Vl.

3283 277 3385 330 162

158 400 376 473 mea,
408 399 506 455 καὶ
540 400 615 464 ὡς
638 400 827 471 δρόσος
852 400 1074 473 ἀρθρινὴ
1102 402 1460 473 πορευομένη·
1491 419 1511 451 ι
1546 400 1710 471 Ἀρχὴ

1828 400 1992 455 nubes
2035 399 2323 461 matutina,
2351 401 2406 451 et
2438 393 2595 465 quasi
2633 406 2725 448 ros
2756 408 2912 447 mane
2938 391 3332 463 pertransiens.
3359 410 3379 444 ι

155 511 225 557 τις
266 493 422 563 ἑτέρα
462 494 554 546 καὶ
594 491 734 564 αὕτη
767 493 1081 558 διαλέξεως,
1120 494 1188 564 ἢν
1227 494 1364 564 πρὸς
1398 492 1486 545 τὸν
1515 491 1642 545 λαὸν
1685 494 1715 545 ὁ

154 585 422 657 ιροφήτης
461 587 780 655 ἐποιήσατο,
828 585 887 650 ἐξ
921 582 987 657 ἧς
1035 586 1252 650 ἐδέξατο
1295 584 1711 654 ἀποκαλύψεως,

155 681 238 749 τὴν
263 678 517 749 ἀφορμὴν
545 678 639 731 τοῦ
669 678 823 746 λόγου
854 677 1055 733 λαϐὼν.
1088 679 1151 730 Τί
1181 678 1236 730 δὲ
1267 678 1543 749 προσῆκεν
1562 677 1711 746 ὑμῖν,

154 771 291 838 φησὶ,
320 772 454 840 παρ’
480 770 613 840 ἐμοῦ
654 770 932 838 γενέσθαι,
968 769 1110 823 οὕτω
1148 772 1487 841 παρανομεῖν
1519 772 1715 823 ἐσπου-

151 862 385 925 δακόσιν;
444 860 585 929 Ἐγὼ
638 862 735 930 μὲν
790 863 896 930 γὰρ
941 861 1108 915 ἐλεεῖν
1155 862 1299 931 ὑμᾶς
1339 860 1504 914 θέλω·
1546 860 1617 913 τὰ
1657 860 1714 913 δὲ

152 952 486 1022 πραττόμενα
512 954 644 1022 παρ’
676 952 828 1023 ὑμᾶιν
861 954 961 1005 οὐκ
1002 954 1069 1024 ἐᾷ
1096 952 1343 1021 γίνεσθαι
1385 951 1565 1017 τοῦτο,
1616 952 1716 1022 τὴν

149 1044 403 1114 τιμωρίαν
442 1044 754 1110 ἀναγκαίως
784 1044 1011 1097 ’ἐλκοντα
1035 1044 1121 1113 ἐφ’
1149 1046 1324 1115 ὑμᾶς’
1361 1044 1462 1099 κᾶν
1490 1046 1537 1097 εί
1559 1044 1616 1097 δέ
1639 1043 1713 1113 (6)

150 1130 304 1182 ἐλεεῖν
354 1132 499 1201 ὑμᾶς
527 1132 913 1204 ἐϐουλευόμην,
951 1135 1160 1204 ἀνάγκη
1190 1135 1392 1203 ταύτην
1428 1134 1592 1205 ἀτελῆ
1627 1135 1719 1204 μέ-

150 1240 247 1274 νειν
294 1224 380 1293 ἐφ’
436 1225 566 1292 ὑμῖν
606 1224 705 1293 τὴν
754 1225 1014 1296 γνώμην,
1070 1227 1163 1295 ἀφ’
1202 1220 1277 1278 ὧν
1319 1224 1716 1297 διαπράττεσθε

150 1316 312 1420 ἀφανῆ
350 1316 682 1420 γιγνομένην
720 1317 973 1380 πάντως·
1004 1317 1080 1381 ὡς
1121 1318 1187 1372 ἂν
1222 1319 1270 1370 εί
1316 1317 1515 1387 νεφέλη
1558 1334 1642 1380 τις
1680 1316 1710 1386 ἢ

149 1405 322 1476 δρόσος
350 1405 521 1459 ἕωθεν
539 1406 684 1477 ,πρὸς
717 1407 895 1475 ὀλίγον
930 1408 1189 1477 φανέντα,
1230 1409 1574 1480 παραχρῆμα
1602 1406 1719 1459 δια-

148 1496 341 1566 λυθείη.
376 1516 395 1547 ‹
431 1498 530 1549 Διά
559 1496 717 1550 τοῦτο
740 1498 1044 1571 ἀπεθέρισα
1072 1501 1197 1564 τοὺς
1232 1500 1519 1571 προφήτας
1540 1496 1716 1568 ὑμῶν,

146 1589 433 1642 ἀπέκτεινα
478 1591 675 1652 αὐτοὺς
710 1591 769 1645 ἐν
809 1593 1012 1662 ῥήματι
1052 1590 1326 1661 στόματός,
1354 1606 1478 1661 μου.
1514 1608 1532 1641 ι
1580 1587 1720 1641 Καί-

146 1698 219 1733 τοι
254 1698 336 1748 γε,
386 1684 574 1751 φησιν,
622 1680 732 1750 ἐγὼ
765 1683 860 1736 καὶ
903 1684 1016 1745 τοῖς
1065 1682 1373 1753 προφήταις
1404 1683 1517 1745 τοῖς
1545 1682 1715 1750 ἐμοῖς,

144 1773 233 1837 οὓς
276 1774 417 1844 ὑπὲρ
456 1775 557 1844 τῆς
584 1774 855 1844 ὑμετέρας
883 1774 1211 1828 ἀπέστελλον
1238 1774 1447 1846 χρείας,
1483 1773 1715 1827 θανάτου

148 1866 391 1935 πρόξενος
424 1866 753 1935 ἐγιγνόμηνο
784 1865 971 1936 ἐπειδὴ
1013 1865 1124 1933 ἐγὼ
1166 1866 1263 1935 μὲν
1284 1865 1483 1929 αὐτοὺς
1516 1865 1718 1935 ὑπομι-

150 1960 400 2029 μνήσκειν
434 1960 581 2028 ὑμᾶς
622 1959 750 2029 περὶ
794 1958 903 2011 τῶν
926 1959 1155 2013 δεόντων
1196 1958 1446 2012 ἐκέλευον
1470 1974 1484 1990 ·
1518 1959 1718 2011 ἐκεῖνοι

144 2050 198 2104 δὲ
235 2052 546 2121 πειθόμενοι
595 2052 695 2122 μὲν
722 2047 863 2123 ἦσαν
906 2051 1042 2121 πρὸς
1076 2052 1220 2122 ὑμᾶς
1244 2069 1258 2083 ·
1300 2051 1453 2106 αὐτοί⁸
1490 2050 1548 2105 δὲ
1590 2050 1715 2104 οὔτε

146 2139 244 2193 τῶν
268 2140 581 2211 λεγομένων
624 2140 746 2193 οὔτε
774 2141 868 2194 τοῦ
925 2142 1233 2211 πέμποντος
1260 2141 1393 2213 ἐμοῦ
1426 2142 1548 2195 τινά
1576 2141 1718 2213 ἕχον-

147 2248 230 2293 τες
248 2232 396 2297 αἰδῶ,
440 2232 710 2296 ποικίλοις
739 2233 935 2297 αὐτοὺς
960 2232 1315 2305 περιεϐάλετέ
1343 2234 1596 2298 θανάτοις
1618 2252 1632 2265 ο
1660 2232 1722 2288 τὸ

143 2317 247 2387 οὖν,
266 2342 284 2374 ι
317 2323 697 2394 ’Δπεθέρισαμ
716 2325 811 2377 καὶ
843 2343 862 2375 ι
896 2323 1219 2378 Ἀπέκτεινα
1240 2326 1438 2389 αὐτοὺς
1454 2326 1532 2396 (p.
1552 2325 1642 2395 46)
1661 2327 1719 2379 ἐν

146 2416 343 2485 ῥήματι
374 2416 646 2488 στόματός
695 2433 818 2486 μου,
856 2434 875 2467 ι
918 2417 1038 2469 ἀντὶ
1065 2415 1181 2480 τοῦ,
1214 2417 1395 2480 Αίτιος
1435 2419 1616 2481 αὐτοῖς
1651 2418 1717 2471 δι’

144 2502 211 2563 ὧν
254 2511 555 2564 ἐπέταττω
599 2513 773 2563 ποιεῖν
797 2510 1057 2580 ἐγινόμην
1087 2510 1280 2563 τούτου
1300 2527 1314 2541 ο
1344 2512 1406 2564 οὐ
1433 2511 1541 2582 γὰρ
1565 2510 1724 2565 τοῦτο

145 2601 301 2671 λέγει,
319 2602 404 2655 ὅτι
426 2602 593 2664 αὐτὸς
606 2601 694 2655 διά
716 2602 813 2672 τῆς
832 2600 1037 2664 οἰκείας
1061 2604 1244 2672 φωνῆς
1264 2602 1488 2655 τοιαῦτα
1505 2602 1724 2655 διετίθει

145 2695 259 2757 τοὺς
287 2696 600 2765 προφήτας,
647 2692 760 2746 ἀλλ’
792 2694 880 2745 ἵνα
924 2694 1051 2764 εἴπῃ
1084 2695 1188 2759 ὃτι,
1218 2694 1295 2745 Δι’
1318 2687 1392 2746 ὧν
1430 2694 1724 2748 ἐπέταττον

144 2786 313 2850 αὐτοῖς
362 2786 505 2856 πρὸς
555 2787 701 2854 ὑμᾶς
749 2785 1171 2857 παραγίνεσθαι,
1211 2784 1407 2857 μικροῦ
1452 2802 1516 2854 γε
1565 2784 1725 2839 τοῦτο

145 2876 295 2940 αὐτὸς
336 2876 714 2948 εἰργαζόμην
763 2873 874 2931 οἷόν
912 2878 1029 2930 ἐστι
1073 2878 1165 2930 καὶ
1216 2877 1369 2951 παρά
1422 2877 1502 2948 τῷ
1547 2894 1729 2947 μακα-

149 2968 237 3036 ρίῳ
267 2968 435 3021 Δαυῖδ
469 2969 565 3035 τὸ,
621 2988 640 3021 σ
682 2969 991 3033 Ἐξέκλινας
1037 2970 1137 3034 τὰς
1169 2970 1389 3041 τρίϐους
1434 2969 1591 3040 ἡμῶν
1620 2969 1728 3023 ἀπὸ

1818 486 1932 542 Hoc
1952 502 2171 557 quoque
2197 487 2429 539 alterum
2468 484 2819 538 allocutionis
2846 484 3059 536 initium
3090 491 3195 544 est,
3221 496 3384 551 quam

1818 577 1882 631 ad
1918 579 2176 647 pupulum
2209 574 2336 630 fecit
2367 574 2652 644 prepheta,
2690 588 2754 626 ex
2802 582 3023 641 accepta
3057 570 3387 625 revelatione

1816 667 2163 721 occasionem
2189 662 2403 718 dicendi
2438 677 2679 718 sumens.
2717 660 2858 727 Quid
2885 660 3148 729 Oportuit,
3187 656 3385 727 inquit,

1796 766 1847 812 'a
1890 775 1975 812 me
2013 758 2168 812 vobis
2206 758 2344 822 ﬁeri,
2393 756 2485 827 qui
2521 763 2630 808 tam
2672 753 2917 808 studiose
2945 752 3052 822 30
3080 747 3389 820 peccastis?

1818 850 2079 922 Equidem
2104 851 2269 905 vestri
2296 850 2540 905 misereri
2568 849 2782 912 vellem,
2822 846 2913 901 sed
2943 846 3183 899 facinora
3208 851 3388 897 vestra

1817 959 1925 998 non
1966 944 2188 1008 'sinunt,
2230 959 2351 1014 quae
2380 943 2748 999 necessariam
2793 956 3008 1011 poenam
3040 938 3193 993 vobis
3230 945 3394 990 attra-

1820 1037 1983 1091 hunt:
2019 1037 2233 1091 etiamsi
2267 1036 2412 1091 enim
2452 1034 2877 1091 misericorditer
2913 1033 3195 1088 vobiscum
3229 1045 3390 1101 agerc

1817 1130 2072 1199 cogitem,
2142 1143 2331 1183 carere
2388 1128 2529 1181 hanc
2578 1127 2773 1181 eﬂ‘ectu
2820 1126 3150 1179 voluntatem
3212 1135 3392 1176 meam

1817 1229 2053 1290 oportet,
2087 1222 2212 1289 quia
2245 1219 2386 1274 facta
2417 1227 2595 1273 vestra
2626 1217 2989 1272 frustraneam
3021 1228 3247 1284 prorsus
3274 1212 3391 1265 elli-

1818 1315 1991 1367 ciunt.
2026 1311 2207 1367 Veluti
2240 1313 2284 1367 si
2309 1327 2428 1382 quae
2456 1311 2655 1366 nebula
2686 1316 2780 1363 aut
2817 1323 2910 1363 ros
2940 1321 3097 1361 mane
3126 1305 3272 1359 brevi
3305 1318 3395 1374 ap-

1821 1413 2029 1475 pareat,
2072 1405 2255 1459 statim
2289 1403 2623 1458 dissolvitur.
2663 1419 2682 1453 ‹
2708 1400 2999 1471 Propterea
3031 1397 3240 1453 succidi
3272 1410 3394 1466 pro-

1822 1497 2011 1566 phetas
2061 1506 2297 1558 vestros,
2366 1502 2420 1549 et
2464 1493 2640 1548 occidi
2692 1508 2786 1548 eos
2833 1492 2998 1546 verbo
3054 1490 3168 1544 oris
3218 1487 3387 1543 mei.»

1820 1586 2075 1643 Profecto
2116 1603 2239 1658 ego,
2292 1587 2491 1657 inquit,
2533 1586 2696 1640 etiam
2744 1584 3025 1656 prophetis
3058 1582 3218 1643 meis,
3252 1593 3393 1649 quos

1822 1682 2077 1737 utilitatis
2105 1688 2304 1735 vestras
2334 1694 2500 1733 causa
2532 1677 2839 1741 mittebam,
2877 1676 3026 1732 necis
3056 1674 3397 1728 ministrator

1826 1773 1935 1828 fui:
1985 1772 2254 1844 siquidem
2296 1786 2397 1842 ego
2446 1770 2569 1824 illos
2625 1770 2920 1823 admonere
2966 1781 3066 1821 vos
3104 1769 3171 1820 de
3220 1764 3396 1819 olIicio

1821 1878 2006 1923 vestro
2037 1865 2398 1929 mandabam;
2446 1872 2500 1917 et
2545 1862 2624 1917 illi
2656 1861 2873 1931 quidem
2901 1876 3001 1915 vos
3038 1857 3400 1914 adhortaban-

1821 1970 1942 2024 tur;
2000 1959 2093 2014 sed
2139 1973 2235 2012 vos
2283 1964 2498 2020 contra,
2549 1956 2756 2010 nullam
2800 1955 2913 2009 sive
2951 1951 3248 2007 dicentium
3283 1950 3398 2005 sive

1824 2050 1931 2104 mei
1989 2049 2260 2103 mittentis
2313 2046 2675 2102 reverentiam
2728 2045 3013 2108 habentes,
3074 2043 3245 2098 variis
3303 2056 3399 2097 eos

1824 2140 2094 2195 mortibus
2125 2140 2402 2195 aliecistis.
2432 2137 2620 2208 Itaque
2642 2137 2905 2192 vocabula
2942 2156 2960 2187 ε
2990 2134 3241 2198 Succidi,
3268 2153 3287 2185 ι
3321 2142 3398 2198 et,

1830 2252 1849 2285 ι
1869 2232 2056 2286 Occidi
2081 2247 2174 2287 eos
2203 2232 2370 2285 verbo
2402 2230 2515 2284 oris
2545 2229 2679 2290 mei.
2704 2248 2723 2281 ›
2766 2235 3047 2298 ponuntur
3079 2242 3198 2297 pro,
3221 2225 3400 2279 Causa

1825 2343 1924 2399 ego
1958 2328 2042 2383 his
2072 2326 2150 2381 fui
2184 2326 2264 2380 rei
2300 2321 2612 2394 hujusmodi
2643 2330 2865 2393 propter
2913 2320 3230 2391 impositum
3264 2318 3400 2389 ipsis

1826 2421 2165 2475 mandatum.
2197 2418 2316 2473 Non
2348 2431 2479 2488 ergo
2504 2417 2600 2478 ait,
2642 2430 2701 2470 se
2723 2428 2853 2469 voce
2881 2417 3100 2482 propria
3125 2413 3205 2467 sic
3237 2412 3403 2466 inter-

1828 2510 2027 2566 fecisse
2059 2508 2378 2578 prophetas,
2428 2506 2522 2561 sed
2559 2504 2709 2576 quia,
2757 2503 2986 2573 Propter
3011 2502 3401 2557 demandatum

1828 2602 1895 2658 iis
1921 2600 2065 2672 apud
2092 2615 2190 2654 vos
2220 2598 2485 2662 ofﬁcium,
2517 2598 2635 2667 ipse
2662 2595 3052 2666 propemodum
3084 2609 3248 2649 neces
3279 2594 3401 2649 illas

1827 2704 2122 2752 exsecutus
2147 2708 2290 2749 sum.
2325 2690 2485 2746 Velut
2512 2691 2674 2746 etiam
2706 2688 2845 2760 apud
2870 2689 3087 2744 beatum
3111 2686 3398 2742 Davidem:

1836 2810 1853 2842 ‹
1877 2786 2170 2844 Declinasti
2199 2785 2424 2842 semitas
2450 2792 2667 2840 nostras
2693 2798 2723 2836 a
2747 2784 2831 2837 via
2858 2788 2949 2835 tua
2966 2781 3043 2833 "z
3068 2800 3086 2832 ι
3122 2794 3231 2834 non
3255 2778 3403 2849 quod

1829 2884 1947 2953 ipse
1967 2881 2191 2936 semitas
2220 2878 2573 2932 declinaverit
2600 2918 2614 2943 ,
2638 2874 2735 2930 sed
2768 2873 2896 2942 quia
2920 2870 3167 2942 permisit
3200 2871 3255 2923 in
3290 2878 3405 2923 tan-

1829 2982 1944 3027 tum
1985 2972 2109 3027 illos
2139 2970 2394 3025 devenire
2422 2967 2711 3030 malorum,
2761 2964 2885 3019 ideo
2925 2963 3029 3019 sibi
3068 2962 3146 3018 rei
3176 2976 3402 3017 causam

143 3061 232 3129 τῆς
258 3060 379 3113 ὁδοῦ
427 3077 561 3112 amr
611 3080 629 3112 ι
670 3062 769 3133 οὐχ
813 3062 897 3114 ὅτι
943 3061 1103 3124 αὐτὸς
1145 3060 1435 3126 ἐξέκλινεν,
1473 3060 1609 3114 ἀλλά
1648 3059 1719 3131 τῷ

1830 3061 2236 3135 quodammodo
2284 3060 2550 3115 attribuit.
2593 3057 2697 3109 «Et
2737 3055 3003 3125 judicium
3032 3069 3211 3109 meum
3244 3051 3403 3122 quasi

146 3156 493 3225 συγχωρῆσαι
547 3154 684 3224 πρὸς
729 3154 999 3207 τοσούτων
1051 3157 1246 3226 πεῖραν
1298 3154 1496 3218 αὐτοὺς
1546 3153 1722 3208 ἐλθεῖν

148 3243 340 3307 κακῶν,
392 3244 550 3315 αὐτῷ
594 3244 1082 3315 προσλογιζόμενος
1124 3245 1219 3299 τοῦ
1258 3247 1579 3316 γιγνομένου
1624 3247 1722 3319 τὴν

146 3336 333 3388 αἰτίαν.
374 3355 394 3388 ι
440 3336 555 3389 Καὶ
581 3337 643 3389 τὸ
688 3336 862 3407 κρῖμά
898 3355 996 3407 μου
1023 3337 1099 3400 ὡς
1138 3336 1254 3406 φῶς
1292 3336 1650 3402 ἐξελεύσεται.
1696 3357 1716 3390 ο

158 3425 284 3479 Ἀλλ’
332 3428 394 3480 οὐ
442 3427 555 3498 γὰρ
602 3427 956 3499 ἀνεκδίκητον
1001 3428 1205 3499 ταύτην
1240 3430 1395 3500 ὑμῶν
1435 3431 1581 3484 ἐάσω
1623 3430 1722 3501 τὴν

147 3520 489 3590 παρανομίαν
509 3535 525 3549 ο
559 3518 799 3590 λήψομαι
827 3520 885 3573 δὲ
916 3520 1073 3584 δίκας
1105 3523 1235 3590 παρ’
1267 3521 1422 3591 ὑμῶν
1443 3538 1456 3551 ο
1492 3522 1631 3575 ὥστε
1663 3522 1724 3588 ἐξ

143 3603 211 3663 ὧν
252 3612 556 3682 ὑπομένειν
606 3610 824 3681 μέλλετε
877 3612 1085 3676 κακῶν,
1156 3613 1332 3681 φωτὸς
1380 3614 1722 3687 ἐνδηλότερον

148 3704 307 3757 ᾶπασι
350 3703 630 3771 γενέσθαι,
678 3705 759 3757 ὅτι
784 3707 849 3774 τῇ
884 3708 963 3768 είς
1002 3707 1130 3769 τοὺς
1169 3709 1452 3776 προφήτας
1498 3724 1723 3778 γεγενη-

150 3797 279 3869 μένη
323 3799 459 3868 παρ’
495 3797 651 3865 ὑμῶν
699 3797 1012 3873 παρανομία
1044 3798 1264 3868 κρίνων,
1291 3799 1403 3861 τοῖς
1448 3798 1722 3862 τοσούτοις

148 3889 280 3958 ὑμᾶς
309 3889 689 3960 περιδέόληκα
723 3892 943 3952 κακοῖς·
973 3891 1067 3943 καὶ
1097 3889 1311 3953 δεικνὺς
1342 3890 1423 3942 ὅτι
1461 3891 1559 3942 οὐκ
1600 3891 1724 3944 ἀλό-

149 3996 250 4047 γως
280 3982 414 4035 αὐτὸ
442 3982 858 4050 διαπράττεται,
884 3998 902 4031 ι
937 3982 1080 4034 Διότι
1106 3980 1252 4035 ἔλεον
1285 3980 1421 4034 θέλω
1444 3981 1477 4052 ἢ
1513 3981 1720 4045 θυσίαν,

148 4075 234 4127 καὶ
260 4077 561 4144 ἐπίγνωσιν
586 4073 721 4127 Θεοῦ
750 4074 782 4144 ἢ
815 4073 1193 4145 δλοκαύτωμα.
1239 4093 1256 4126 ι
1310 4074 1450 4143 Ἐγὼ
1481 4074 1578 4144 μὲν
1612 4076 1722 4146 γὰρ

149 4166 217 4228 ὡς
240 4169 329 4220 καὶ
358 4167 568 4220 θυσιῶν
605 4167 697 4219 καὶ
738 4166 1207 4235 ὁλοκαυτωμάτων
1245 4166 1522 4237 προτιθεὶς
1559 4166 1620 4219 τὺ
1643 4168 1725 4220 εὑο

149 4258 288 4323 τελὲς
311 4261 444 4330 ὑμῖν
471 4259 717 4329 ποιῆσαι,
746 4259 838 4311 καὶ
866 4258 1001 4331 πρὸς
1024 4259 1320 4328 ἐπίγνωσιν
1354 4260 1584 4329 ἀγαγεῖν
1625 4260 1721 4331 τὴν

148 4351 298 4421 ἐμὴν,
345 4352 599 4422 ἔπεμπον
640 4352 765 4415 τοὺς
810 4352 1125 4421 προφήτας·
1178 4348 1364 4421 ἐπειδὴ
1403 4349 1459 4402 δὲ
1497 4349 1721 4405 τοιαῦτα

1832 3158 1922 3211 lux
1958 3154 2334 3226 egredietur.»
2385 3151 2546 3221 Atqui
2593 3164 2701 3203 non
2754 3150 3029 3217 impunem
3085 3146 3405 3216 praevarica-

1831 3250 2034 3305 tionem
2068 3248 2209 3302 hanc
2254 3253 2489 3301 vestram
2527 3258 2650 3299 esse
2680 3242 2893 3307 sinam;
2950 3255 3076 3293 nam
3124 3253 3315 3309 pmnas
3371 3251 3405 3291 a

1829 3340 1986 3395 vobis
2018 3351 2341 3409 reposcam;
2384 3337 2457 3389 ita
2489 3341 2549 3389 ut
2582 3348 2646 3388 ex
2672 3333 2737 3387 iis
2773 3346 2893 3401 quae
2914 3329 3188 3400 patiemini
3219 3327 3401 3391 malis,

1828 3433 1952 3489 luce
1974 3432 2175 3486 clarius
2209 3429 2426 3485 cunctis
2457 3428 2569 3492 ﬁat,
2603 3440 2690 3480 me
2721 3432 2963 3479 vestrum
2993 3421 3257 3477 adversus
3285 3434 3405 3489 pro-

1830 3527 2023 3596 phetas
2080 3524 2289 3578 crimen
2340 3522 2715 3580 ulciscentem,
2768 3516 2933 3570 tantis
2981 3529 3079 3569 vos
3104 3514 3265 3569 malis
3303 3513 3406 3566 im-

1830 3615 2107 3685 plicuisse.
2152 3610 2457 3679 Creteroqui
2491 3617 2549 3662 ut
2571 3605 2825 3662 ostendat
2854 3620 2914 3660 se
2941 3619 3047 3659 non
3078 3604 3284 3672 absque
3315 3616 3403 3654 ra-

1830 3707 1978 3762 tione
2012 3705 2066 3759 id
2108 3719 2288 3774 agere,
2328 3720 2347 3752 ι
2390 3699 2529 3767 Quia
2564 3696 3017 3759 misericordiam,
3049 3694 3246 3765 inquit,
3282 3694 3405 3747 volo

1830 3807 1885 3855 et
1924 3812 2032 3852 non
2058 3793 2410 3856 sacriﬁcium,
2438 3800 2492 3846 et
2520 3789 2809 3845 scientiam
2839 3787 2934 3842 Dei
2967 3788 3091 3857 plus
3118 3800 3282 3855 quam
3315 3786 3406 3839 hoc

1831 3892 2096 3946 locausta.
2124 3906 2142 3939 ι
2180 3886 2391 3940 Etenim
2421 3898 2523 3952 ego
2554 3898 2653 3937 ceu
2693 3882 2741 3936 si
2771 3880 2961 3935 vellem
3005 3878 3404 3933 sacriliciorum

1829 3995 2047 4053 quoque
2088 3986 2142 4033 et
2185 3978 2629 4031 holocaustorum
2660 3971 2922 4025 vilitatem
2950 3969 3052 4039 31
3094 3969 3248 4023 vobis
3284 3983 3405 4024 sua-

1830 4075 1978 4137 dere,
2012 4079 2174 4141 atque
2199 4068 2263 4123 ad
2292 4067 2395 4121 mei
2427 4065 2760 4136 agnitionem
2795 4062 3087 4127 adducere,
3114 4060 3402 4131 prophetas

1830 4162 2133 4215 mittebam.
2176 4156 2332 4211 Nunc
2380 4157 2509 4225 quia
2552 4154 2633 4208 sic
2670 4153 2793 4207 illos
2837 4160 3159 4217 tractantes,
3203 4151 3403 4206 malam

1831 4251 1963 4305 mihi
2008 4248 2420 4304 retributionem
2469 4244 2767 4311 obtulistis,
2803 4244 3006 4313 justam
3051 4248 3402 4310 peccatorum

1829 4343 2126 4399 vindictam
2177 4339 2479 4411 perferetis.
2536 4336 2670 4390 Nam
2720 4332 3111 4389 misericordiae
3160 4330 3401 4385 oﬂicium

149 4417 333 4507 citrei);
366 4417 702 4507 διατιθέντες
751 4417 944 4506 κακοῖς
983 4417 1278 4513 ημείϐεσθε
1314 4417 1382 4495 τά
1414 4442 1544 4511 παρ’
1588 4440 1719 4511 ἐμοῦ

1831 4448 2049 4506 quoque
2071 4443 2176 4495 est,
2231 4438 2452 4498 propter
2480 4440 2576 4480 eos
2601 4423 2692 4493 qui
2728 4422 2867 4477 male
2895 4428 3024 4475 sunt
3063 4417 3233 4488 passi,
3270 4431 3404 4486 sup-

148 4537 434 4605 γινόμενα,
490 4535 693 4588 δώσετε
752 4534 863 4588 τῶν
919 4533 1406 4604 παρανομημάτων
1448 4533 1603 4604 δίκην
1653 4533 1729 4586 δι-

151 4627 328 4680 καίαν·
364 4630 443 4698 (p.
469 4628 561 4695 47)
587 4627 738 4680 ἐλέου
762 4626 871 4697 γάρ
891 4625 952 4678 τὸ
978 4625 1075 4678 καὶ
1108 4624 1247 4696 ὑπὲρ
1266 4623 1375 4676 τῶν
1406 4624 1722 4694 πασχόντων

151 4718 325 4782 κακῶς
352 4717 599 4787 τιμωρίᾳ
623 4734 688 4769 πε
700 4715 969 4786 ριόἀλλειν
989 4716 1113 4777 τοὺς
1136 4713 1476 4777 ἀδικοῦντας.
1510 4732 1527 4765 ε
1560 4714 1724 4768 Αὐτοὶ

150 4806 199 4860 δέ
235 4811 370 4863 εἰσιν
422 4810 501 4872 ὡς
545 4809 830 4879 ἄνθρωπος
880 4808 1235 4878 παραϐαίνων
1282 4806 1571 4877 διαθήκην,
1608 4809 1725 4860 ἐκεῖ

152 4902 555 4973 κατεφρόνησάν
603 4919 725 4971 μου.
767 4920 785 4952 ι
832 4898 1186 4970 Μεμενήκατε
1229 4898 1336 4968 γὰρ
1379 4898 1471 4951 ἐπὶ
1500 4898 1595 4969 τῆς
1626 4898 1721 4968 βά-

152 5009 281 5058 σεως
318 4996 399 5065 (ἴ)
431 4996 532 5065 τῆς
571 4994 795 5058 οἰκείας,
840 4992 952 5046 τῶν
992 4992 1092 5063 μὲν
1126 4991 1330 5046 ἄνωθεν
1378 4991 1507 5062 ὑμῖν
1540 5008 1723 5045 συντε-

1826 4526 2048 4596 plicium
2088 4521 2374 4592 injuriosis
2401 4518 2716 4573 decernere.
2756 4531 2774 4564 ι
2800 4513 2904 4582 Ipsi
2935 4519 3113 4566 autem
3139 4517 3399 4577 tanquam

1826 4620 1992 4674 homo
2036 4623 2253 4687 pactum
2303 4608 2733 4680 transgrediens,
2785 4604 2897 4659 illic
2938 4618 3025 4657 me
3057 4609 3400 4671 contempse-

1826 4718 1974 4766 runt.
2002 4727 2021 4759 ι
2060 4705 2171 4760 Vos
2206 4711 2386 4758 autem
2429 4702 2482 4755 in
2532 4696 2973 4768 transgressione
3001 4704 3181 4748 vestra
3213 4708 3396 4762 perse-

1827 4799 2082 4862 verastis,
2133 4796 2379 4866 neglecto
2409 4791 2555 4863 quod
2605 4803 2817 4845 mecum
2850 4785 3133 4857 pepigistis
3173 4784 3400 4853 antiquo

1827 4894 2052 4953 fmdere,
2082 4903 2276 4958 meque
2298 4898 2524 4955 prorsus
2544 4881 2821 4951 despecto,
2857 4878 2994 4933 adeo
3029 4885 3088 4929 ut
3111 4876 3402 4946 prophetas

1826 4999 2043 5058 quoque
2072 4982 2124 5037 id
2154 4981 2306 5036 vobis
2336 4982 2828 5034 commemorantes
2862 4971 3270 5027 interfeceritis.

154 5085 343 5140 θέντων
402 5089 539 5159 πρὸς
580 5088 681 5157 ἐμὲ
718 5086 874 5156 λόγον
914 5084 1107 5141 οὐδένα
1147 5083 1493 5155 ποιούμενοι,
1550 5079 2101 5154 καταπεφρονηκότες
2163 5076 2217 5129 δέ
2272 5090 2372 5145 μου
2422 5066 2731 5132 παντελῶς·
2783 5065 2923 5120 ὥστε
2963 5065 3057 5119 καὶ
3105 5066 3230 5129 τοὺς
3270 5065 3401 5118 ὑπο-

155 5181 545 5250 μιμνήσκοντας
594 5180 738 5250 ὑμᾶς
783 5179 914 5249 περὶ
971 5177 1161 5232 τούτου
1238 5176 1347 5232 τῶν
1413 5176 1707 5247 προφητῶν
1743 5174 1972 5231 ἀνελεῖν.

217 5302 358 5372 Στίχ.
396 5308 568 5371 η’-ια¹.
607 5332 677 5343 -
711 5319 729 5351 ι
764 5299 1018 5366 Γάλγαλα
1046 5297 1200 5361 πόλις
1232 5296 1575 5369 ἐργαζομένη
1616 5296 1721 5367 μά-

158 5408 289 5447 ταια.
335 5412 355 5446 ι
411 5395 570 5447 Atria.
604 5394 662 5447 δὲ
704 5393 910 5446 τούτων
948 5393 1076 5462 ὑμῖν
1110 5392 1145 5461 ἠ
1178 5388 1427 5458 Γάλγαλα
1452 5430 1466 5454 ,
1508 5390 1637 5460 παρ’

252 5531 297 5562 ²⁶
323 5530 467 5586 Psal.
489 5548 649 5593 nm.
679 5531 767 5587 10.

223 5672 294 5742 (6)
350 5671 485 5727 Cod.
525 5672 683 5738 οὐδέ,
729 5669 874 5743 quod
919 5668 1098 5743 visum
1156 5673 1242 5723 est
1302 5664 1709 5743 corrigendum,

162 5736 472 5812 quamquam
514 5736 836 5813 plerumque
869 5740 1040 5813 codex
1083 5747 1167 5793 est
1209 5736 1708 5801 emendatissimus,

164 5814 409 5885 ﬁrmaque
434 5821 487 5869 et
509 5814 714 5886 optima
743 5812 907 5869 manu
933 5812 1189 5882 scriptus.

1897 5292 2065 5346 Vsus.
2119 5287 2275 5343 8-H.
2315 5315 2387 5324 —
2438 5302 2455 5334 ι
2481 5280 2703 5353 Galgala
2743 5278 2937 5333 civitas
2975 5289 3096 5345 quae
3142 5282 3400 5343 operatur

1826 5400 2029 5441 vana.»
2086 5380 2262 5435 Causa
2312 5379 2507 5430 horum
2560 5373 2719 5429 vobis
2760 5369 3004 5440 Galgala,
3054 5366 3196 5436 apud
3235 5378 3398 5435 quam

1892 5661 1971 5731 (7)
1998 5663 2077 5714 Ita
2102 5659 2226 5716 cod.
2252 5660 2483 5733 βάσεως,
2506 5672 2600 5713 seu
2622 5652 2909 5721 mendose,
2932 5656 2995 5706 ut
3014 5648 3275 5714 arbitror,
3296 5657 3403 5717 pro

1820 5733 2202 5806 παραϐάσεως.
