3814 6224
415 322 518 377 ίῦῗ)

1576 326 1928 384 TIIEODORI
1969 327 2457 384 MOPSUESTENI

3558 326 3656 382 164

408 435 632 492 noxium
685 449 996 506 vanumque
1046 436 1314 492 idolorum
1363 439 1608 494 studium
1639 443 1980 513 expromitis.

2087 445 2186 516 τὴν
2220 442 2485 513 ἐπιϐλαϐἦ
2519 442 2612 494 καὶ
2660 440 2885 510 μάταιον
2916 439 3045 512 περί
3089 439 3158 493 τὰ
3190 438 3385 494 εἴδωλα
3419 441 3656 514 σπουδὴν

408 529 498 581 Sic
525 528 669 581 enim
699 539 752 582 et
796 529 849 582 in
889 529 1269 598 superioribus
1300 531 1459 595 dixit,
1511 553 1529 584 ‹
1555 532 1632 589 Ne
1661 536 1901 591 abieritis
1930 537 1984 590 in

407 614 630 685 Galgala
680 616 992 684 civitatem;
1050 635 1224 689 neque
1279 635 1415 674 vana
1469 624 1842 693 opercmini,»
1887 627 1982 687 ait,

410 716 469 760 ut
497 724 616 777 qua:
648 707 702 761 in
730 724 792 762 ea
820 717 1126 778 patrantur,
1161 711 1451 780 signiﬁcet.
1493 731 1511 763 ‹
1534 713 1665 779 Quae
1695 717 1987 772 conturbat

407 813 668 868 aquam.»
712 797 790 854 Illi
845 801 937 870 qui
992 801 1391 871 limpitudinem
1445 813 1496 858 et
1543 806 1835 875 puritatem
1883 810 1987 877 pia:

409 889 709 958 religionis,
741 891 793 944 in
828 891 931 944 mei
977 893 1255 961 agnitione
1284 906 1659 964 apparentem,
1714 898 1984 954 idolorum

409 979 733 1035 admistione
752 981 1056 1050 inquinant.
1089 1002 1108 1034 ι
1133 982 1193 1039 Et
1210 982 1469 1040 fortitudo
1487 999 1598 1050 tua,
1615 989 1714 1044 viri
1740 992 1978 1061 piratae.»

407 1070 540 1136 Quae
580 1072 688 1125 vim
730 1088 882 1126 suam
919 1073 1174 1128 videlicet
1219 1075 1273 1130 in
1317 1079 1620 1132 errantium
1674 1081 1873 1136 damno
1900 1083 1986 1138 de-

406 1170 710 1225 monstrat;
749 1162 1210 1232 quemadmodum
1237 1183 1357 1223 mos
1391 1178 1476 1223 est
1503 1171 1718 1240 piratis,
1751 1174 1983 1229 aliorum

407 1252 622 1308 damnis
688 1253 1021 1321 incumbere,
1073 1273 1314 1330 suasque
1357 1261 1501 1316 vires
1558 1263 1614 1317 in
1664 1273 1985 1322 caeterorum

407 1344 651 1414 pernicie
703 1345 1013 1402 ostendere.
1081 1347 1377 1404 «Celarunt
1437 1352 1753 1410 sacerdOIes
1814 1356 1981 1421 viam,

407 1432 686 1486 occisione
727 1432 929 1489 Sicima
960 1446 1327 1506 peremerunt,
1363 1440 1490 1509 quia
1522 1441 1864 1511 iniquitatem
1900 1462 1986 1515 pa-

411 1530 696 1577 traverant
721 1525 788 1579 ²¹.
821 1542 840 1576 ι
880 1525 1142 1596 Exemplo
1167 1529 1284 1582 vult
1313 1530 1528 1585 illorum
1569 1534 1864 1603 nequitiam
1898 1552 1986 1590 ex-

408 1614 680 1683 planare:
724 1617 881 1682 Quia,
935 1628 1120 1688 patres
1167 1624 1358 1688 vestri,
1412 1625 1586 1695 inquit
1618 1627 1771 1695 (dicit
1803 1638 1986 1683 autem

411 1704 598 1760 Jacobi
634 1708 773 1764 ﬁlios
800 1709 983 1764 Levim
1016 1727 1079 1765 ac
1110 1713 1468 1781 Simeonem),
1497 1725 1783 1787 postquam
1811 1719 1985 1776 fornio

2086 534 2456 590 ἐπιδείκνυσθε
2479 549 2490 560 ·
2512 531 2653 586 οὕτω
2670 531 2777 600 γὰρ
2799 532 2893 586 καὶ
2911 531 3166 601 ἀνωτέρω
3183 530 3352 600 λέγει,
3373 551 3390 584 ι
3419 532 3513 604 Μὴ
3545 535 3657 586 εἰσι

2085 624 2381 698 πορεύεσθε
2423 627 2501 687 εἰς
2539 622 2790 691 Γάλγαλα
2830 622 2930 691 τὴν
2965 623 3118 676 πόλιν
3140 638 3154 652 ·
3195 623 3289 676 καὶ
3319 622 3657 694 ἐργάζεσθε,

2084 719 2254 787 λέγει,
2307 717 2540 789 μάταια,
2593 735 2610 769 ι
2644 715 2711 770 τὰ
2737 717 2795 768 ἐν
2827 715 2960 785 αὐτῇ
3001 715 3295 785 γιγνόμενα
3360 715 3661 788 σημαίνων.

2091 830 2109 862 ι
2144 809 2501 880 Ταράσσουσα
2529 807 2688 878 ὕδωρ.
2732 827 2750 858 ι
2787 809 2847 860 υἱ
2873 809 2932 860 τὸ
2957 807 3147 870 διειδὲς
3173 807 3266 860 καὶ
3286 806 3526 878 καθαρὸν
3558 806 3660 876 τῆς

2084 901 2365 964 εὐσεϐείας
2402 903 2459 955 ἐν
2499 903 2566 971 τῇ
2615 899 2811 969 γνώσει
2857 899 3262 967 διαφαινόμενον
3308 901 3374 970 τῇ
3408 901 3515 969 ἐμῇ
3540 939 3556 964 ,
3590 900 3658 968 τῇ

2084 991 2192 1046 τῶν
2221 991 2450 1044 εἰδώλων
2483 989 2853 1054 ἐπιθολοῦντες
2887 989 3157 1061 ἐπιμιξίᾳ.
3206 1007 3226 1040 ‹
3277 991 3387 1042 Καὶ
3434 991 3468 1059 ἡ
3505 987 3659 1058 ἰσχύς

2087 1099 2180 1136 σου
2219 1081 2296 1145 ώς
2338 1080 2528 1152 ἀνδρὸς
2559 1079 2840 1152 πειρατοῦ.
2895 1099 2914 1132 ι
2964 1081 3032 1132 "ll
3073 1083 3256 1134 πᾶσαν
3283 1081 3380 1151 τὴν
3429 1080 3662 1150 δύναμιν

2084 1171 2182 1241 τὴν
2227 1171 2430 1225 οἰκείαν
2485 1172 2542 1224 ἐν
2593 1173 2666 1241 τῇ
2697 1170 2805 1222 τῶν
2861 1171 3238 1240 ἀπατωμένων
3287 1169 3663 1223 ἐπιδείκνυται

2087 1263 2284 1336 βλάϐῃ’
2321 1263 2380 1317 ὃν
2425 1262 2488 1333 δὴ
2531 1263 2728 1333 τρόπον
2766 1262 3002 1324 καὶτοῖς
3045 1263 3334 1333 πειραταῖς
3372 1261 3492 1325 ἔθος
3539 1260 3664 1314 ἐστί⁸

2085 1371 2154 1406 πε
2163 1353 2213 1426 ρ).
2228 1353 2325 1424 τὴν
2352 1351 2551 1422 ἐτέρων
2577 1350 2961 1404 ἐσπουδακέναι
2983 1350 3202 1422 βλάϐην,
3227 1353 3320 1404 καὶ
3337 1349 3437 1420 τὴν
3450 1351 3663 1404 οἰκείαν

2085 1447 2312 1516 δύναμιν
2367 1444 2454 1497 διὰ
2505 1443 2606 1512 τῆς
2658 1442 2862 1512 ἐτέρων
2909 1441 3308 1494 διαδείκνυσθιιι
3359 1440 3661 1504 ἀπωλείας.

2092 1556 2111 1589 ι
2152 1535 2432 1608 Ἐκρυψαν
2463 1537 2627 1606 ἱερεῖς
2653 1534 2768 1587 όδόν
2788 1549 2801 1563 ο
2829 1533 3123 1601 ἐφόνευσαν
3154 1532 3356 1602 Σίκιμα
3379 1549 3394 1564 ο
3423 1533 3506 1585 ὃτι
3536 1533 3665 1586 ἀνο-

2089 1627 2216 1699 μίαν
2247 1627 2530 1696 ἐποίησαν.
2568 1643 2584 1680 ι
2631 1625 2726 1678 Ἐκ
2756 1623 3108 1695 παραθέσεως
3136 1623 3383 1693 βούλεται
3408 1623 3509 1692 τὴν
3533 1620 3665 1676 τού-

2087 1735 2190 1772 των
2215 1717 2472 1782 ἐπιδεῖξαι
2497 1717 2713 1771 κακίαψ
2735 1717 2857 1770 Ὅτι
2887 1718 2934 1769 οἰ
2969 1716 3066 1787 μὲν
3099 1715 3353 1787 πατέρες,
3385 1715 3573 1786 φησὶν,
3610 1715 3666 1770 οἱ

410 1799 617 1853 cariam
657 1800 912 1870 injuriam
942 1805 1118 1858 sorori
1151 1820 1264 1860 suae
1294 1807 1496 1860 illatam
1523 1808 1794 1874 viderunt,
1831 1818 1981 1866 tanta

2087 1809 2337 1880 ὑμέτεροι
2377 1807 2556 1876 (λέγει
2597 1807 2653 1861 δὲ
2685 1808 2812 1870 τοὺς
2851 1806 2999 1862 υἱοὺς
3056 1805 3274 1870 Ἰακὼϐ,
3299 1806 3430 1859 Astii
3466 1823 3525 1858 τε
3563 1807 3667 1858 καὶ

408 1891 484 1944 rei
530 1891 902 1962 indignatione
931 1905 1276 1962 exarserunt,
1309 1907 1367 1952 ut
1397 1900 1616 1969 oblique
1651 1902 1870 1972 quidem
1918 1919 1982 1959 ac

409 1986 633 2041 subdole
673 1987 949 2042 Sicimitas
990 1989 1102 2043 sint
1132 1990 1374 2056 allocuti,
1409 1989 1703 2047 amicitiam
1729 1995 1983 2050 simulan-

409 2085 524 2132 tes:
559 2077 610 2131 id
638 2077 782 2131 enim
809 2078 1040 2132 innuunt
1075 2081 1274 2136 verba:
1315 2099 1332 2132 ι
1355 2080 1508 2137 Viam
1539 2085 1807 2151 celarunt,
1832 2106 1851 2139 ι
1887 2089 1983 2143 sed

408 2167 604 2222 idoneo
623 2177 842 2238 captato
865 2177 1126 2240 tempore,
1148 2182 1378 2230 cunctos
1399 2190 1507 2229 uno
1537 2175 1739 2246 impetu
1764 2187 1985 2249 propter

403 2257 536 2318 Illud
562 2259 821 2331 ﬂagitium
853 2261 1266 2320 interemerunt.
1316 2286 1334 2318 ι
1358 2267 1414 2322 In
1439 2251 1604 2323 domo
1627 2269 1847 2326 lsraelis
1875 2273 1980 2327 vidi

407 2351 721 2417 horribilia;
761 2351 868 2422 32
913 2353 986 2407 ibi
1043 2354 1459 2412 fornicationem
1515 2358 1812 2430 Epliraimi.
1847 2383 1866 2415 ι
1917 2363 1985 2418 Et

404 2455 496 2494 res
523 2441 741 2509 quidem
767 2443 986 2496 illorum
1019 2443 1091 2497 ita
1123 2459 1182 2499 se
1219 2445 1428 2502 habuit.
1458 2447 1616 2504 Nunc
1643 2466 1768 2505 vero
1790 2453 1844 2506 in
1867 2453 1984 2508 uni-

405 2543 566 2584 verso
591 2527 790 2584 lsraele
819 2531 977 2600 plena
1005 2530 1254 2588 horroris
1283 2535 1468 2604 aspexi
1495 2553 1510 2602 ;
1560 2537 1980 2595 fornicationem

406 2620 788 2685 universalem,
822 2637 930 2675 non
953 2625 1226 2692 corporis,
1251 2625 1348 2681 sed
1383 2635 1657 2697 corrupta:
1684 2631 1879 2686 anima:
1901 2641 1984 2686 at-

406 2725 511 2780 que
534 2725 562 2762 a
591 2709 698 2764 Deo
728 2711 1060 2781 apostaticze.
1102 2732 1120 2765 ι
1141 2714 1558 2773 Contaminatus
1587 2727 1670 2773 est
1707 2721 1898 2785 Israel,
1928 2729 1983 2777 et

407 2799 576 2854 Judas
603 2801 786 2855 omisit
814 2816 1045 2856 messem
1086 2818 1260 2860 suam.
1285 2824 1304 2856 ι
1341 2804 1540 2860 Cuncti
1563 2807 1630 2862 ad
1661 2812 1984 2879 praavarica-

405 2893 610 2948 tionem
653 2892 992 2960 spectabant,
1031 2893 1299 2949 idolorum
1331 2898 1484 2952 cultu
1519 2900 1752 2970 polluti;
1796 2905 1982 2959 cuncti

410 2983 684 3038 inﬁrmum
713 2998 776 3038 ac
810 2983 1152 3055 proﬂigatum
1186 2988 1379 3044 salutis
1411 3006 1524 3046 sua:
1556 2995 1832 3061 negotium
1860 3011 1983 3052 esse

409 3074 796 3130 ostendebant.
826 3073 961 3130 Nam
1002 3077 1168 3132 veluti
1211 3081 1254 3134 si
1291 3080 1415 3149 quis
1455 3082 1694 3151 agricola
1745 3087 1982 3154 peractis

413 3168 888 3232 seminationibus,
932 3176 986 3223 et
1020 3169 1130 3238 jam
1163 3169 1410 3240 frugibus
1445 3189 1675 3230 messem
1702 3177 1982 3245 postulan-

415 3256 583 3321 tibus,
611 3274 736 3312 mox
763 3258 993 3329 ignaviae
1016 3275 1076 3314 se
1097 3260 1337 3326 dederet,
1361 3264 1804 3331 agricolationem
1827 3283 1983 3322 suam

407 3350 821 3420 pessumdaret,
872 3351 1205 3421 praeteritum
1240 3367 1456 3409 onmem
1501 3356 1740 3412 laborem
1788 3359 1985 3415 inertia

409 3454 508 3494 sua
543 3438 747 3493 futilem
775 3440 1060 3496 redderet:
1099 3442 1180 3496 sic
1200 3457 1319 3507 vos,
1362 3445 1562 3515 inquit,
1593 3457 1675 3502 tot
1706 3453 1985 3522 tantisque

409 3530 566 3584 bonis
587 3529 764 3600 potiti,
804 3531 1014 3600 egressi
1046 3529 1283 3603 )Egypto
1301 3571 1317 3598 ,
1345 3549 1570 3592 emenso
1596 3538 1835 3604 deserto,
1866 3543 1986 3613 lege

409 3630 648 3692 accepta,
675 3623 1001 3692 promissam
1027 3632 1226 3679 terram
1251 3626 1455 3698 adepti,
1473 3636 1528 3683 et
1552 3630 1605 3684 in
1627 3634 1987 3694 conveniente

409 3715 656 3784 religioni
680 3716 799 3770 loco
821 3717 1143 3785 constituti;
1175 3735 1298 3775 cum
1321 3720 1432 3789 jam
1458 3720 1667 3779 fructus
1699 3729 1986 3794 oportebat

409 3810 478 3863 ad
513 3809 680 3864 Deum
710 3811 872 3877 ferre,
901 3817 1036 3865 tunc
1071 3814 1253 3866 omnia
1288 3813 1460 3869 vestri
1501 3816 1675 3884 gratia
1711 3825 1855 3882 acta,
1887 3834 1986 3887 per

409 3900 670 3954 malitiam
702 3909 941 3956 vestram
976 3917 1136 3956 cassa
1177 3902 1470 3958 effecistis:
1505 3905 1709 3962 omissa
1737 3909 1986 3964 videlicet

322 3975 332 3983 ’
410 3998 535 4059 post
586 4000 664 4044 tot
713 3992 952 4061 taliaque
1003 3992 1267 4047 beneﬁcia
1328 3994 1603 4051 fructuum
1658 3999 1983 4066 ralditione,

412 4083 662 4151 factaque
691 4081 756 4135 ad
781 4083 969 4136 vitium
1005 4085 1302 4139 universali
1332 4093 1497 4155 atque
1517 4089 1832 4143 omniinoda
1861 4106 1985 4160 per-

410 4173 681 4226 versione.
721 4171 881 4226 Paria
921 4172 1008 4228 his
1058 4175 1199 4244 apud
1252 4175 1485 4230 Isaiam:
1533 4177 1892 4247 «Exspectavi
1927 4190 1986 4235 ut

410 4264 614 4319 faceret
637 4279 817 4331 uvam,
844 4265 971 4320 fecit
995 4274 1174 4322 autem
1196 4266 1782 4338 spinas".i—-¢lncipe
1802 4269 1985 4341 fruges

410 4355 684 4425 colligere,
735 4370 857 4408 eum
903 4371 1003 4425 ego
1045 4365 1370 4412 convertero
1401 4358 1768 4427 captivitatem
1800 4363 1984 4431 populi

2086 1897 2355 1968 Σιμεὼν),
2385 1897 2471 1949 ἵνα
2521 1897 2599 1968 (8)
2655 1897 2916 1968 πορνικὴν
2967 1897 3228 1967 ἐπήρειαν
3286 1896 3664 1965 ὑπομείνασαν

2087 1989 2266 2043 ἴδωσιν
2292 1988 2470 2042 αὐτῶν
2500 1989 2598 2059 τὴν
2641 1988 2895 2058 ἀδελφὴν,
2936 1987 2954 2057 (
2981 2003 3036 2056 p.
3065 1988 3169 2059 48)
3195 1987 3462 2057 τοσαύτην
3503 1986 3665 2056 ἔσχον

2084 2079 2182 2150 τὴν
2222 2079 2590 2150 ἀγανάκτησιν
2636 2079 2727 2131 ἐπὶ
2764 2078 2842 2149 τῷ
2873 2079 3151 2146 γεγονότι,
3200 2077 3342 2132 ὥστε
3382 2078 3665 2148 λαθραίως

2088 2172 2185 2241 μὲν
2211 2171 2303 2224 καὶ
2335 2171 2470 2241 μετά
2494 2170 2643 2223 δόλου
2659 2170 2998 2240 διαλεχθῆναι
3025 2171 3137 2231 τοῖς
3159 2168 3467 2239 Σικιμίταις
3492 2181 3667 2236 προσ-

2084 2261 2393 2332 ποιούμενοι
2435 2260 2614 2331 φιλίαν
2634 2277 2648 2290 ⁸
2693 2261 2850 2314 τοῦτο
2882 2260 2988 2332 γὰρ
3025 2260 3170 2328 λέγει
3202 2259 3281 2323 τὸ,
3313 2275 3332 2309 ι
3370 2255 3662 2328 Ἐκρυψαν

2084 2355 2222 2409 ὁδόν
2249 2373 2268 2406 ι
2294 2353 2484 2426 καιροῦ
2500 2355 2556 2407 δὲ
2571 2353 2875 2424 λαϐόμενοι,
2893 2354 3097 2414 πάντας
3123 2351 3242 2403 κατ’
3263 2349 3426 2404 αὑτὸν
3446 2349 3664 2402 ἀνεῖλον

2085 2444 2226 2514 ὑπὲρ
2243 2443 2332 2496 τοῦ
2357 2443 2657 2512 γεγονότος.
2695 2461 2712 2494 ‹
2753 2443 2841 2495 Ἐν
2874 2443 2952 2512 τῷ
2983 2441 3116 2512 οἴκῳ
3144 2439 3235 2492 τοῦ
3269 2439 3482 2511 Ἰσραὴλ
3519 2436 3664 2493 εἶδον

2084 2535 2352 2607 φρικώδη,
2380 2537 2496 2588 ἐκεῖ
2528 2534 2782 2606 πορνείαν
2815 2532 2910 2586 τοῦ
2956 2534 3215 2604 Ἐφραῖμ.
3257 2552 3278 2587 ι
3315 2533 3427 2584 Καὶ
3455 2531 3527 2584 τά
3557 2531 3665 2600 μὲν

2085 2629 2326 2695 ἐκείνων,
2353 2627 2507 2699 φησὶ,
2534 2627 2784 2680 τοιαῦτα’
2812 2625 2906 2678 νῦν
2928 2625 2984 2678 δέ
3017 2627 3075 2678 ἐν
3101 2625 3301 2679 ἅπαντι
3326 2621 3406 2694 τῷ
3438 2622 3666 2693 Ἰσραὴλ

2086 2721 2286 2792 φρίκης
2307 2718 2442 2774 εἶδον
2463 2719 2658 2790 σμεστά,
2680 2718 2937 2788 πορνείαν
2961 2718 3217 2772 ἀπάντων
3239 2716 3339 2769 οὐκ
3363 2718 3421 2768 ἐν
3443 2713 3666 2784 σώματι

2085 2813 2376 2877 συστᾶσαν,
2425 2811 2540 2864 ἀλλ’
2579 2813 2636 2864 ἐν
2665 2811 2929 2881 διαφθορᾷ
2976 2810 3156 2880 ψυχῆς
3199 2808 3294 2862 καὶ
3354 2808 3664 2861 ἀποστάσει

2083 2902 2243 2956 Θεοῦ.
2281 2923 2300 2954 ‹
2349 2901 2609 2973 Ἐμιάνθη
2659 2900 2894 2974 Ἰσραὴλ,
2929 2903 3022 2954 καὶ
3066 2899 3263 2964 Ἰούδας
3292 2898 3475 2969 ἀφῆκε
3504 2896 3663 2968 θερι-

2085 2995 2220 3065 σμὸν
2249 2994 2432 3049 αὑτοῦ.
2473 3011 2493 3046 ι
2522 2993 2727 3054 Πάντες
2748 2991 2882 3061 πρὸς
2906 2991 3033 3061 μίαν
3057 2986 3194 3043 εἶδον
3211 2988 3560 3060 παρανομίαν
3589 2991 3663 3058 τῇ

2008 3118 2050 3176 C
2082 3089 2190 3142 τῶν
2219 3087 2448 3141 εἰδώλων
2476 3085 2790 3157 μιανθέντες
2816 3084 3082 3156 θρησκείᾳ
3101 3101 3115 3116 ·
3139 3083 3232 3136 καὶ
3258 3083 3459 3147 πάντες
3488 3080 3662 3150 ἀτελή

2084 3180 2178 3234 καὶ
2210 3178 2610 3251 διεφθαρμένην
2642 3177 2738 3247 τὴν
2775 3175 2981 3229 ἐαυτῶν
3020 3173 3306 3240 ἀπέδειξαν
3345 3173 3626 3243 σωτηρίαν
3653 3189 3668 3202 ο

2083 3273 2159 3334 ὡς
2183 3271 2291 3342 γάρ
2316 3270 2474 3332 εἴτις
2497 3269 2738 3338 γεωργὸς
2767 3267 3159 3322 τελειωθέντων
3184 3265 3538 3337 σπερμάτων,
3565 3266 3666 3318 καὶ

2083 3356 2176 3410 τοῦ
2206 3357 2418 3428 καρποῦ
2445 3355 2536 3408 τὸν
2572 3353 2831 3424 θερισμὸν
2853 3353 3230 3415 ἀπαιτοῦντος,
3257 3352 3359 3422 ἤδη
3387 3350 3526 3421 πρὸς
3561 3353 3668 3420 ρᾳ-

2085 3449 2285 3518 θυμίαν
2322 3446 2464 3511 ἰδὼν,
2491 3445 2806 3500 ἀπολέσειεν
2841 3445 2940 3515 μὲν
2970 3444 3038 3498 τά
3065 3444 3468 3515 γεωργηθένντα,
3502 3443 3667 3496 κενὸν

2083 3536 2141 3588 δὲ
2169 3538 2341 3590 πάντα
2365 3537 2454 3590 τὸν
2483 3533 2846 3606 προειληφότα
2869 3533 3029 3586 πόνον
3055 3534 3144 3586 διὰ
3167 3533 3268 3603 τῆς
3288 3533 3495 3596 οἰκείας
3523 3533 3668 3586 ἀπο-

2085 3629 2302 3698 φήνειεν
2329 3627 2596 3697 ῥᾳθυμίας
2621 3643 2633 3655 ·
2666 3626 2836 3688 οὕτως
2865 3626 3041 3695 ὑμεῖς,
3065 3626 3232 3695 φησὶ,
3261 3623 3532 3676 τοσούτων
3562 3625 3667 3676 καὶ

2084 3719 2416 3785 τηλικούτων
2483 3718 2915 3780 ἀπολελαυκότες
2972 3710 3218 3785 ἀγαθῶν,
3275 3715 3671 3785 ἐξεληλυθότες

2083 3813 2356 3880 Αἰγύπτου
2379 3852 2394 3870 ,
2428 3811 2710 3873 διαϐάντες
2751 3810 2851 3880 τὴν
2880 3809 3104 3879 ἔρημον,
3139 3809 3302 3878 νόμον
3347 3807 3666 3876 δεξάμενοι,

2084 3905 2181 3973 τὴν
2235 3904 2340 3972 γῆν
2393 3901 2751 3971 ἀπειληφότες
2803 3900 2900 3970 τὴν
2948 3899 3390 3971 ἐπηγγελμένην,
3441 3899 3535 3951 τὸν
3590 3902 3664 3970 τῇ

2086 3993 2350 4063 θρησκείᾳ
2376 3991 2652 4062 πρέποντα
2674 3991 3004 4061 κτησάμενοι
3031 3989 3193 4040 τόπον
3217 4005 3232 4019 ο
3253 3989 3342 4040 ὅτε
3368 3989 3496 4050 τοὺς
3521 4004 3670 4059 καρ-

2085 4085 2218 4148 ποὺς
2264 4084 2428 4155 ἐχρῆν
2476 4083 2660 4135 λοιπὸν
2699 4082 2774 4152 (p.
2813 4081 2904 4153 49)
2934 4079 3014 4150 τῷ
3066 4079 3187 4151 Θεῷ
3241 4079 3664 4151 προσκομίζειν,

2085 4174 2203 4227 τότε
2236 4175 2413 4226 πάντα
2444 4173 2514 4226 τὰ
2542 4172 2680 4238 ὑπὲρ
2715 4172 2865 4242 ὑμῶν
2897 4171 3157 4241 γεγονότα
3185 4170 3417 4242 περιττά
3440 4171 3532 4224 διά
3559 4172 3670 4241 τῆς

2086 4266 2292 4318 ἑαυτῶν
2341 4263 2656 4327 ἀπεδείξατε
2704 4262 2934 4324 κακίας’
2973 4263 3200 4329 ἀφέντες
3235 4261 3333 4331 μὲν
3363 4261 3427 4314 τὸ
3469 4262 3669 4315 ἀποδι-

2085 4356 2228 4408 δόναι
2247 4354 2323 4424 τῷ
2347 4354 2462 4423 Θεῷ
2481 4355 2604 4416 τοὺς
2629 4353 2768 4422 ὑπὲρ
2790 4353 2895 4405 τῶν
2916 4353 3182 4404 τοσούτων
3208 4352 3299 4404 καὶ
3323 4351 3668 4421 τηλικούτων

409 4452 535 4512 mei,
557 4457 612 4504 et
631 4449 885 4504 lsraelem
910 4464 1195 4504 sanavero.
1219 4469 1236 4502 ι
1276 4449 1640 4516 Quamobrem
1664 4453 1817 4507 vobis
1840 4469 1981 4508 novo

2085 4447 2406 4518 εὐεργεσιῶν
2428 4447 2688 4516 καρποὺς,
2721 4445 2847 4516 περὶ
2867 4444 2921 4496 δὲ
2944 4445 3039 4514 τὴν
3065 4443 3160 4496 τοῦ
3191 4444 3434 4514 χείρονος
3467 4446 3668 4516 ἐκτρο-

411 4542 564 4597 initio
593 4556 732 4611 opus
753 4549 858 4606 est,
877 4543 1023 4612 quod
1051 4557 1155 4612 ego
1183 4558 1278 4612 per
1302 4557 1569 4597 summam
1592 4544 1982 4615 benignitatem

411 4633 565 4687 vobis
597 4634 912 4696 concedam,
964 4634 1095 4687 dum
1124 4644 1318 4703 praeter
1343 4649 1492 4704 spem
1527 4650 1742 4689 omnem
1791 4636 1984 4691 huma-

413 4740 537 4778 nam
568 4725 634 4778 de
663 4726 976 4795 captivitate
1005 4740 1102 4780 vos
1147 4724 1424 4779 reducam.
1462 4723 1596 4778 Nam
1637 4735 1784 4782 certe
1810 4728 1854 4781 si
1882 4745 1979 4781 vo-

2081 4540 2190 4607 πὴν
2219 4537 2607 4606 ἀσχοληθέντες
2639 4536 2748 4588 ὅλοι
2794 4535 2860 4588 δι’
2896 4536 3068 4588 ὅλων·
3105 4534 3291 4604 ὅμοιόν
3325 4537 3442 4588 ἐστι
3478 4535 3668 4605 τούτῳ

2083 4631 2174 4683 καὶ
2211 4629 2269 4680 τὸ
2322 4627 2470 4698 παρὰ
2539 4628 2610 4698 τῷ
2655 4628 2884 4698 Ἠσαίᾳ·
2926 4647 2943 4678 ι
3015 4628 3246 4697 Ἐμεινα
3301 4627 3392 4681 ἵνα
3455 4630 3670 4700 ποιήσῃ

2081 4722 2371 4788 σταφυλὴν,
2404 4720 2622 4790 ἐποίησε
2646 4719 2701 4772 δὲ
2729 4718 2986 4781 ἀκάνθας.
3015 4738 3032 4767 ι
3069 4749 3138 4758 —
3172 4738 3191 4769 ‹
3224 4719 3427 4788 Ἀρχου
3451 4721 3668 4790 τρυγᾷν

414 4815 621 4870 lucritis
656 4816 723 4870 ad
761 4817 1040 4871 meliorem
1077 4817 1239 4870 vitam
1286 4816 1588 4874 intendere.
1640 4833 1781 4871 novo
1825 4819 1980 4873 vobis

2085 4811 2288 4879 σεαυτῷ
2329 4812 2385 4860 ἐν
2427 4809 2502 4878 τῷ
2538 4809 2884 4879 ἐπιστρέφειν
2913 4826 2978 4878 με
3009 4809 3110 4880 τὴν
3139 4809 3519 4879 αἰχμαλωσίαν
3563 4813 3668 4865 τοῦ

412 4909 570 4961 initio
589 4923 724 4975 opus
749 4915 833 4962 est
857 4925 872 4974 ;
907 4917 964 4960 ut
987 4908 1030 4960 si
1054 4908 1287 4977 denique
1315 4917 1661 4978 acceptorum
1692 4925 1976 4964 munerum

413 4999 785 5067 magnitudine
818 4997 1114 5066 pudefacti,
1161 4999 1214 5051 in
1247 5000 1466 5055 virtutis
1507 4999 1689 5055 studio
1717 5001 1975 5070 deinceps

414 5089 726 5151 verscmini,
774 5090 825 5141 id
854 5089 1008 5143 vobis
1055 5090 1305 5145 factitare
1356 5091 1536 5145 liceat.
1587 5091 1720 5144 Nam
1753 5093 1978 5146 verbum

418 5182 640 5249 «Incipe
661 5199 678 5230 ι
717 5179 851 5233 dicit
884 5195 1004 5249 pro.
1035 5178 1280 5248 Incipere
1310 5181 1540 5248 poteris,
1576 5197 1699 5234 cum
1743 5181 1980 5235 volueris

413 5273 478 5324 ad
510 5272 748 5326 ofﬁcium
779 5281 1044 5339 spectare.
1079 5275 1231 5325 Nunc
1261 5287 1387 5325 vero
1413 5273 1584 5341 quid?

2082 4903 2210 4956 λαοῦ
2246 4920 2375 4972 μου,
2395 4905 2452 4954 ἐν
2479 4901 2558 4972 τῷ
2590 4901 2769 4955 ἰᾶσθαί
2795 4919 2862 4971 με
2891 4902 2982 4955 τὸν
3023 4902 3259 4972 Ἰσραήλ.
3301 4920 3320 4952 ι
3352 4903 3519 4955 Ὥστε
3553 4904 3667 4957 δεῖν

2086 4997 2212 5064 ὑμῖν
2240 4994 2399 5048 πάλιν
2429 4994 2621 5066 ἐτέρας
2649 4995 2840 5063 ἀρχῆς,
2873 4994 2941 5064 ἢν
2963 4994 3030 5046 δι’
3067 4993 3516 5064 ὑπερϐάλλουσαν
3547 4997 3670 5065 φιλ·

2085 5086 2396 5157 ανθρωπίαν
2431 5085 2541 5155 ἐγὼ
2574 5085 2816 5156 παρέξω,
2853 5087 2917 5138 ἐκ
2947 5087 3048 5156 τῆς
3078 5087 3456 5157 αἰχμαλωσίας
3519 5087 3666 5157 ὑμᾶς

2087 5180 2239 5250 παρά
2271 5180 2449 5231 πᾶσαν
2481 5177 2827 5248 ἀνθρωπίνην
2875 5178 3165 5244 ἐπανάγων
3193 5177 3384 5230 ἐλπίδα
3411 5194 3423 5208 ’
3450 5178 3578 5229 τότε
3605 5176 3666 5246 δὴ

2085 5271 2272 5324 λοιπὸν
2312 5269 2449 5341 πρὸς
2481 5269 2540 5321 τὸ
2579 5271 2826 5339 κρεῖττον
2856 5269 2987 5338 ὀρᾷν
3029 5268 3293 5334 ἐθέλοιτε,
3327 5268 3508 5339 ἀρχῆς
3538 5269 3669 5338 ὑμῖν

415 5367 604 5436 ἐτέρας
635 5365 848 5435 δεήσει’
883 5365 969 5418 ἵνα
1006 5363 1106 5418 κᾶν
1129 5364 1261 5433 γοῦν
1293 5365 1400 5418 τῶν
1442 5366 1561 5418 τότε
1595 5366 1811 5436 δωρεῶν
1860 5366 2238 5438 αἰσχυνθέντες
2287 5365 2348 5418 τὸ
2405 5363 2652 5434 μέγεθος,
2687 5363 2814 5434 περὶ
2867 5363 2966 5434 τὴν
3016 5363 3110 5416 τοῦ
3169 5363 3482 5434 κρείττονος
3538 5363 3667 5415 ἐαυ-

411 5462 538 5523 τοὺς
576 5459 886 5529 ἐπιμέλειαν
925 5459 1160 5530 τρέψητε
1215 5458 1307 5512 τοῦ
1342 5459 1561 5524 λοιποῦ,
1609 5460 1727 5515 τότε
1764 5461 1861 5530 μὲν
1893 5461 1958 5530 δὴ
1981 5461 2158 5522 τοῦτο,
2189 5461 2372 5530 φησὶν,
2425 5460 2594 5511 ποιεῖν
2625 5459 2750 5528 ύμῖν
2782 5459 3021 5522 ἐξέσταιο
3055 5455 3116 5508 τὸ
3161 5454 3268 5524 γὰρ
3302 5471 3322 5505 ι
3376 5455 3612 5526 Ἀρχου,
3645 5471 3664 5504 ι

414 5549 559 5616 λέγει
589 5549 708 5602 ἀντὶ
743 5548 859 5614 τοῦ,
892 5547 1192 5618 Ἀρξασθαι
1232 5549 1436 5621 δυνήσῃ
1457 5590 1471 5614 ,
1506 5549 1784 5620 βουληθεὶς
1816 5550 1950 5621 πρὸς
1975 5553 2035 5604 τὸ
2065 5551 2179 5604 δέον
2214 5551 2353 5604 ἰδεῖν.
2397 5549 2511 5601 Νῦν
2545 5549 2600 5601 δὲ
2635 5549 2684 5601 τί
2703 5566 2718 5613 ;

483 5677 528 5707 "
566 5673 701 5734 Gen.
734 5691 918 5741 xxxrv,
949 5675 1020 5729 27
1049 5692 1169 5747 sqq.
1281 5677 1326 5709 ³⁸
1365 5675 1468 5733 lsa.
1506 5694 1560 5740 v,
1594 5677 1648 5730 4.

489 5786 568 5856 (8)
604 5784 827 5840 Videtur
861 5785 913 5840 di
933 5802 1052 5843 esse
1099 5787 1172 5858 μή
1204 5825 1216 5849 ,
1248 5787 1329 5841 vel
1362 5788 1710 5844 scribendum
1746 5800 1874 5841 cssc'
1898 5785 1983 5837 61'.’

2085 5781 2226 5836 εἶδον.
