3814 6224
162 316 245 375 165

750 430 907 484 ΚΕΦ.
939 431 1013 486 Z'.

213 565 350 633 Στιχ.
392 563 532 618 α’-δ’.
565 594 634 608 --
670 583 689 617 ι
742 566 855 619 Καὶ
886 569 1395 642 ἀποκαλυφθήσεται
1445 572 1479 641 ή
1514 570 1696 624 ἀδικία

165 654 385 725 Ἕφραῖμ
406 696 421 718 ,
460 655 552 709 καὶ
586 657 620 725 ἡ
657 657 824 710 κακία
867 659 1215 731 Σαμαρείας,
1260 662 1343 715 ὅτι
1376 663 1697 733 εἰργάσαντο

154 748 318 817 ᾁευδῆ.
352 767 371 798 ι
387 746 880 819 Πρόδηλοςάπασιν
907 752 940 822 η
964 752 1275 824 παρανομία
1291 754 1355 823 ἦν
1377 753 1694 823 είργάζεσθε

153 840 400 905 ἅπαντες,
435 842 528 893 καὶ
558 842 639 894 ὅτι
685 842 1018 906 ἀποστάντες
1055 861 1154 914 μου
1177 885 1193 910 ,
1228 844 1365 915 πρὸς
1408 844 1468 897 τὸ
1503 844 1695 914 ψεῦδος

153 936 357 1005 ἑωρᾶτε,
385 937 462 1005 (p.
494 935 583 1003 50)
620 933 708 987 διὰ
748 934 847 1004 τῆς
877 935 1149 1006 τιμωρίας
1174 936 1241 1007 ἢν
1268 937 1587 1006 ὑπομενεῖτε
1624 937 1696 989 δι-

152 1025 299 1087 καεως
336 1026 473 1096 ὑπὲρ
502 1019 577 1078 ὧν
614 1026 969 1096 παρενομεῖτε
1000 1025 1256 1078 τοιαῦτα·
1286 1026 1426 1092 πῶς,
1462 1026 1556 1080 καὶ
1576 1026 1695 1079 τίνα

150 1118 227 1167 civ
246 1117 439 1186 τρῦπον
463 1133 478 1181 ;
502 1135 520 1167 ι
553 1117 664 1170 Καὶ
699 1115 934 1185 κλέπτης
961 1116 1096 1187 πρὸς
1123 1117 1284 1170 αὑτὸν
1312 1116 1693 1184 εἰσελεύσεται,

149 1206 453 1259 ἐκδιδύσκων
480 1205 684 1277 λῃστὴς
714 1206 771 1256 ὲν
790 1208 855 1276 τῇ
883 1205 985 1275 ὁδῷ
1012 1206 1201 1269 αὑτοῦ,
1230 1207 1376 1269 ὅπως
1400 1207 1695 1277 συνᾴδωσιν

147 1298 341 1366 ᾄδοντες
374 1298 432 1347 ἐν
468 1299 535 1365 τῇ
592 1294 788 1364 καρδία
828 1295 1028 1347 αὐτῶν.
1080 1313 1100 1347 ι
1158 1295 1245 1358 Ὠς
1274 1295 1382 1365 γὰρ
1421 1295 1487 1348 ἀν
1524 1296 1576 1348 εἷ
1611 1313 1696 1359 τις

147 1387 369 1457 κλέπτης
391 1386 425 1456 ἢ
457 1384 657 1457 λῃστὴς
703 1386 761 1437 ἐν
791 1385 895 1456 ὀδῷ
940 1402 1072 1438 ποτε
1103 1386 1409 1457 περιτυχὼν
1427 1385 1699 1439 ὲκδύσειεν

143 1481 253 1541 τοὺς
284 1478 701 1549 προστυχόντας,
727 1478 820 1530 καὶ
852 1480 929 1541 είς
953 1478 1129 1531 οἰκίαν
1145 1478 1397 1531 εἰσελθὼν
1416 1478 1485 1531 τά
1510 1479 1695 1531 ἐνόντα

144 1568 312 1623 λάϐοι·
363 1568 527 1633 οὕτω,
575 1570 757 1638 φησὶν,
805 1568 1123 1632 ἐπελθόντες
1178 1571 1306 1641 ὑμῖν
1354 1571 1401 1622 οἱ
1451 1571 1695 1641 πολέμιοι

143 1661 339 1713 ἅπαντα
366 1661 438 1714 τά
468 1677 527 1712 τε
556 1660 675 1713 κατ’
722 1661 897 1713 οἰκίαν
930 1660 999 1714 τά
1021 1678 1081 1714 τε
1112 1661 1215 1727 ἔξω
1252 1661 1523 1731 προσόντα
1567 1664 1695 1732 ὑμῖν

143 1750 403 1820 αἱροῦσιν,
445 1752 515 1803 τά
558 1750 657 1820 μὲν
693 1750 1083 1821 ἀφαιροῦντες,
1124 1754 1192 1805 τά
1238 1753 1293 1805 δὲ
1345 1754 1694 1821 ἀφανίζοντες

144 1841 437 1903 παντελῶς·
487 1841 627 1894 ὥστε
670 1842 913 1905 ἃπαντας
965 1844 1109 1913 ὑμᾶς
1141 1845 1245 1897 ὑπὸ
1272 1848 1371 1916 τῆς
1413 1851 1693 1919 συμφορᾶς

141 1931 558 2000 κατεχομένους,
590 1931 807 2001 ᾄσματα
856 1931 1055 2002 θρήνου
1098 1936 1269 2003 μεστά
1312 1935 1449 1989 κατὰ
1501 1936 1694 1989 ταυτὸν

140 2020 289 2090 ᾅδειν,
323 2022 693 2090 ὀδυνωμένους
716 2039 773 2073 τε
802 2023 943 2075 κατὰ
970 2024 1195 2094 καρδίαν
1221 2025 1313 2077 ἐπὶ
1341 2029 1452 2089 τοῖς
1474 2027 1694 2096 γινομέ-

141 2130 270 2175 νοις,
304 2115 397 2165 καὶ
440 2113 865 2184 ὀλοφυρομένους
918 2114 985 2166 δι’
1022 2115 1389 2186 ὀλοφυρτικῶν
1434 2118 1694 2187 ῥημάτων

140 2208 221 2256 ἐπὶ
252 2205 328 2275 τῷ
378 2206 598 2274 μεγέθει
648 2206 754 2257 τῶν
793 2206 1085 2276 συμφορῶν
1130 2209 1239 2260 τῶν
1283 2209 1693 2279 συμϐαινουσῶν

138 2295 273 2363 ὑμῖν.
311 2314 329 2345 ι
365 2295 485 2347 Νῦν
516 2293 821 2349 έκύκλωσεν
854 2296 1051 2359 αὐτοὺς
1075 2297 1142 2349 τὰ
1169 2297 1449 2351 διαϐούλια
1494 2300 1691 2363 αὐτῶν,

136 2385 382 2437 ἀπέναντι
420 2384 513 2437 τοῦ
547 2385 838 2456 προσώπου
890 2402 987 2455 μου
1022 2388 1288 2454 ἐγένοντο.
1338 2408 1356 2437 ι
1416 2388 1693 2443 Ἀπάντων

135 2474 193 2544 δὴ
223 2474 328 2525 τῶν
360 2476 501 2544 μετά
528 2475 727 2546 πολλῆς
751 2476 930 2530 αὐτῶν
955 2477 1445 2547 ὲπιτετελεσμένων
1464 2480 1562 2549 τῆς
1593 2497 1692 2532 κα-

136 2567 245 2629 κίας
297 2568 525 2637 μνήμην
576 2568 777 2631 λαϐὼν,
833 2568 1109 2641 περιϐαλῶ
1170 2570 1448 2640 μεγίστοις
1498 2572 1693 2635 αὐτοὺς

135 2657 305 2718 κακὼ
321 2672 334 2685 ⁸
363 2656 631 2724 ἀνάλογον
656 2650 734 2719 οἷς
759 2656 1131 2727 βουλευόμενοι
1153 2659 1295 2727 μετά
1318 2659 1523 2729 πολλῆς
1549 2662 1695 2715 ἀναι-

133 2744 264 2805 δείας
297 2747 385 2799 ἐπ’
415 2746 573 2814 ὂψεσι
614 2746 993 2816 διεπράττοντο
1024 2751 1143 2811 ταῖς
1174 2750 1353 2817 ἐμαῖς.
1385 2766 1404 2799 ι
1452 2749 1539 2801 Ἐν
1572 2752 1695 2813 ταῖς

134 2836 339 2899 κακίαις
354 2835 640 2906 ηὖφραναν
657 2836 913 2905 βασιλεῖς,
938 2839 1032 2890 καὶ
1054 2838 1111 2890 ὲν
1128 2841 1237 2901 τοῖς
1253 2839 1500 2908 ψεύδεσιν
1518 2841 1695 2894 αὐτῶν

134 2925 409 2997 ἄρχοντας.
450 2947 470 2977 ›
498 2936 573 2996 (p.
603 2928 692 2993 51)
720 2929 880 2981 Ὥστε
916 2930 1113 3001 πολλὴν
1150 2934 1262 2994 τοῖς
1289 2933 1549 2996 ἐναντίοις
1585 2936 1693 2985 εἴτε

134 3017 437 3085 βασιλεῦσιν
456 3019 564 3069 εἴτε
592 3020 847 3087 ἄρχουσιν
864 3018 1053 3089 ἡδονὴν
1082 3018 1418 3087 ἐγγενέσθαι,
1448 3019 1496 3071 οἳ
1524 3038 1693 3073 κατα-

1143 316 1692 377 COMMENTARIUS
1729 317 2033 379 lN_'OSE.1E
2070 317 2223 373 CAP.
2253 319 2365 375 νη.

1722 443 1770 497 Α

1725 1793 1767 1847 Β

3167 326 3173 331 ’
3254 317 3356 374 166

2386 430 2609 487 CAPUT
2651 429 2758 485 VII.

1860 560 2353 634 33V£ns.i—4.—¢
2366 564 2430 621 Et
2444 566 2767 621 revelabitur
2784 562 3041 634 iniquitas
3058 563 3357 633 Epliraimi,

1792 665 1846 709 et
1885 655 2142 710 Samariae
2164 657 2388 721 malitia.
2411 658 2537 727 quia
2561 657 2764 726 operati
2788 665 2917 710 sunt
2942 656 3301 710 mendacium.
3333 674 3354 707 ι

1793 745 1967 811 Quam
2005 747 2306 816 Operamini
2344 762 2533 801 omnes
2570 748 2904 816 nequitiam,
2936 746 3063 800 dum
3093 761 3122 799 a
3152 762 3236 801 me
3274 747 3360 801 di-

1792 838 1966 908 gressi
2000 838 2068 892 ad
2100 838 2445 893 mendacium
2476 840 2733 908 spectatis
2756 880 2768 903 ,
2807 853 2869 891 ea
2902 835 3187 893 manifesta
3221 854 3359 892 cun-

1792 931 1896 984 ctis
1945 930 2035 984 (iet
2086 946 2115 984 a
2175 946 2369 1000 poena,
2404 946 2567 1001 quam
2618 931 2816 985 merito
2870 931 2940 985 ob
2990 930 3104 985 haec
3158 929 3361 1001 ﬂagitia

1792 1021 1972 1075 luetis.
2002 1022 2172 1086 Quam
2211 1024 2280 1076 ob
2318 1037 2466 1086 rem,
2507 1020 2601 1076 aut
2640 1023 2947 1091 quomodo?
2974 1042 2991 1074 ι
3021 1022 3088 1076 Ει
3138 1022 3225 1076 fur
3273 1024 3359 1077 in-

1795 1110 2067 1179 gredietur
2107 1111 2173 1163 ad
2208 1127 2352 1177 eum,
2386 1112 2524 1165 latro
2556 1114 2794 1182 spolians
2828 1114 2883 1166 in
2922 1114 3027 1178 via,
3075 1123 3135 1167 ut
3172 1114 3361 1168 conci-

1793 1209 1926 1254 nant
1978 1209 2234 1257 canentes
2284 1204 2336 1256 in
2390 1202 2555 1257 corde
2601 1216 2720 1257 suo.
2755 1222 2773 1253 ι
2800 1202 2934 1256 Nam
2962 1204 3128 1258 veluti
3159 1205 3204 1258 si
3234 1206 3361 1274 quis

1793 1282 1883 1339 fur
1920 1293 2011 1338 aut
2051 1286 2188 1339 latro
2227 1288 2282 1342 in
2319 1288 2405 1341 via
2444 1289 2735 1358 aliquando
2781 1305 3076 1346 occurrens
3121 1292 3360 1347 viatores

1794 1378 2009 1446 spoliet,
2047 1388 2101 1432 et
2134 1379 2277 1435 aedes
2317 1381 2618 1449 ingressus,
2660 1397 2770 1436 rem
2811 1382 3162 1437 domesticam
3209 1382 3361 1437 aufe-

1794 1476 1877 1521 rat
1905 1486 1921 1523 :
1957 1471 2036 1525 sic
2056 1509 2072 1534 ,
2103 1471 2311 1541 inquit,
2344 1474 2790 1543 supervenientes
2816 1475 2969 1528 vobis
2998 1474 3212 1539 hostes,
3242 1490 3360 1529 om-

1794 1560 1885 1613 nia
1933 1577 2053 1631 qua:
2103 1564 2216 1618 sive
2250 1563 2395 1618 domi
2435 1565 2549 1619 sive
2582 1574 2736 1619 extra
2772 1566 3059 1636 possidetis
3109 1568 3355 1637 capient,

1795 1651 1992 1719 partim
2023 1666 2361 1722 asportantes
2383 1696 2398 1721 ,
2433 1658 2627 1726 partim
2663 1657 2907 1713 funditus
2930 1666 3357 1727 consumentes;

1796 1742 1869 1797 ita
1922 1751 1979 1796 ut
2027 1760 2121 1800 vos
2175 1761 2364 1802 onmes
2416 1749 2723 1804 calamitate
2786 1751 2997 1819 pressi,
3061 1752 3356 1807 cantilenas

1794 1832 2030 1888 lamento
2072 1836 2258 1904 plenas
2305 1838 2465 1892 simul
2513 1840 2849 1906 concinatis,
2898 1857 3020 1895 cum
3068 1844 3356 1912 gemitibus

1795 1926 1976 1981 cordis
2009 1927 2079 1980 ob
2111 1927 2423 1996 hujusmodi
2452 1939 2703 1984 eventum
2723 1972 2736 1995 ,
2765 1942 2819 1985 et
2846 1948 2970 1986 cum
3001 1933 3150 1987 vocis
3178 1936 3354 1988 ulula-

1794 2016 1975 2078 tibus,
2018 2026 2240 2085 pr0pter
2278 2017 2703 2074 infortuntorum
2741 2022 3060 2090 gravitatem
3100 2041 3220 2093 quae
3258 2041 3355 2081 vos

1793 2107 2221 2175 corripuerunu
2235 2108 2389 2162 Nunc
2404 2106 2872 2165 circumdederunt
2885 2124 2980 2167 eos
3002 2114 3355 2184 cogitationes

1794 2209 1945 2260 suae;
1978 2208 2161 2248 coram
2198 2196 2335 2249 facie
2372 2211 2489 2249 tnea
2524 2198 2680 2252 facta:
2714 2209 2861 2253 sunt.
2891 2218 2909 2251 ι
2939 2199 3055 2253 Jam
3088 2218 3215 2256 vero
3240 2220 3359 2257 orn-

1793 2286 1942 2339 nium
1983 2286 2051 2340 ab
2099 2286 2233 2356 ipsis
2272 2294 2609 2355 patratorum
2648 2290 2907 2344 malitiam
2946 2291 3000 2345 in
3041 2295 3356 2347 memoriam

1794 2388 2056 2428 revocans
2076 2417 2089 2438 ,
2116 2376 2373 2444 gravibus
2395 2393 2491 2432 eos
2512 2378 2670 2433 malis
2698 2379 2937 2433 irretiani
2963 2397 2981 2447 ;
3015 2381 3205 2434 merito
3232 2383 3358 2451 qui-

1792 2463 1913 2518 dem
1948 2477 2165 2535 propter
2196 2468 2419 2521 multam
2451 2484 2557 2539 qua
2594 2485 2701 2539 pra:
2737 2472 2911 2527 oculis
2947 2474 3080 2527 meis
3119 2474 3191 2526 ita
3230 2489 3359 2543 ege-

1796 2564 1921 2608 runt
1961 2556 2371 2626 impudentiam.
2406 2579 2425 2611 ‹
2455 2560 2833 2630 lniquitatibus
2885 2563 2999 2618 suis
3050 2563 3359 2619 lmtilicave-

1794 2656 1921 2699 runt
1973 2662 2166 2717 reges,
2221 2650 2516 2706 mendaciis
2565 2653 2678 2707 suis
2735 2654 3022 2723 principes.
3064 2673 3083 2705 ι
3121 2654 3360 2726 Contigit

1793 2738 1955 2801 enim,
1982 2746 2040 2791 ut
2069 2739 2195 2793 hinc
2225 2742 2447 2794 multam
2480 2750 2592 2795 tum
2624 2758 2778 2813 reges
2812 2756 2924 2799 tum
2961 2745 3235 2815 principes
3262 2760 3358 2800 ca-

1794 2838 1981 2898 perent
2005 2831 2365 2901 voluptatem;
2388 2835 2480 2902 qui
2517 2834 2719 2889 idcirco
2746 2851 2840 2890 eos
2872 2838 3228 2907 superabunt,
3265 2853 3360 2891 ca-

1794 2924 2076 2993 ptivosque
2128 2927 2427 2991 abducent,
2482 2938 2702 2999 pr0pter
2752 2938 2973 2998 peccata
3026 2930 3358 2987 adamussim

1794 3030 1915 3083 quae
1942 3016 2377 3083 commiserunt;
2414 3026 2467 3072 et
2513 3022 2639 3086 quia
2684 3020 2911 3073 scientia
2967 3021 3069 3075 mei
3122 3022 3359 3085 omissa,

131 3109 453 3178 κρατήσουσί
468 3124 528 3159 τε
552 3109 728 3159 αὐτῶν
750 3110 843 3159 καὶ
858 3106 1231 3178 αἰχμαλώτους
1246 3108 1526 3179 λήψονται,
1554 3111 1693 3179 ὑπὲρ

1796 3104 1991 3159 [nisum
2035 3115 2088 3159 et
2124 3107 2524 3162 fraudulentum
2560 3110 2863 3165 daemonum
2912 3113 3114 3166 cultum
3152 3114 3362 3169 ascive-

131 3194 196 3251 ὢν
221 3216 276 3251 τε
302 3199 695 3269 διεπράττοντο
711 3198 897 3251 κακῶν
918 3215 933 3227 ·
953 3200 1045 3251 καὶ
1067 3200 1148 3251 ὅτι
1169 3199 1233 3269 δὴ
1257 3200 1354 3269 τὴν
1382 3200 1520 3270 ἐμὴν
1542 3201 1697 3268 ἀφέν-

130 3308 210 3353 τες
227 3292 451 3358 γνῶσιν,
463 3291 562 3360 τὴν
575 3291 741 3361 ψευδῆ
763 3292 853 3343 καὶ
869 3291 1149 3361 ἀπατηλὴν
1164 3291 1273 3343 τῶν
1285 3291 1550 3361 δαιμόνων
1568 3311 1695 3362 μετ-

128 3382 283 3451 ῄεσαν
318 3382 643 3453 θρησκείαν.
673 3402 691 3432 ι
732 3382 939 3445 Πάντες
980 3380 1319 3452 μοιχεύοντες
1346 3382 1421 3444 ὡς
1449 3381 1694 3445 κλίϐανος

131 3476 415 3545 καιόμενος
446 3477 527 3536 είς
561 3474 743 3541 πέψιν.
790 3494 808 3525 ›
845 3473 1157 3543 Συμφώνως
1195 3473 1302 3543 γάρ
1329 3473 1563 3535 ἅπαντες
1595 3474 1695 3542 τῆς

129 3567 367 3633 γνώσεως
394 3565 732 3625 ἀποστάντες
770 3565 867 3632 τῆς
893 3564 1030 3634 ἐμῆς
1049 3566 1299 3634 μοιχικὴν
1326 3581 1447 3618 τινα
1471 3564 1694 3634 γνώμην

129 3656 467 3719 ἀνεδέξαντο,
519 3655 653 3725 πρὸς
698 3656 795 3723 τὴν
845 3654 953 3706 τῶν
996 3654 1263 3725 δαιμόνων
1310 3654 1695 3718 ἀποκλίναντες

130 3749 419 3820 θεραπείαν
440 3767 454 3780 ·
487 3750 579 3801 καὶ
600 3748 754 3817 δίκην
784 3746 1034 3799 κλιϐάνου
1070 3746 1205 3814 πρὸς
1230 3746 1392 3814 πέψιν
1421 3748 1693 3800 ἐκκεκαυ-

132 3841 316 3909 μένου,
348 3840 495 3911 μετά
532 3837 743 3909 θερμῆς
782 3854 924 3900 τινος
959 3836 1057 3905 τῆς
1094 3836 1400 3907 προθυμίας
1433 3837 1569 3907 πρὸς
1594 3839 1693 3908 τὴν

128 3933 419 3986 ἀκολασίαν
453 3931 710 4001 ῥέποντες
743 3929 978 4000 ἐκείνην.
1038 3947 1055 3978 ι
1114 3927 1465 3981 Κατακαύσει
1497 3930 1693 3994 αὐτοὺς

128 4024 224 4075 ἀπὸ
265 4026 365 4094 τῆς
419 4024 635 4091 φλογὸς.
692 4042 710 4074 ι
768 4021 926 4074 Ἀλλά
960 4020 1068 4091 γὰρ
1095 4022 1353 4089 ἐξαυτῆς
1396 4021 1451 4074 δὲ
1494 4022 1694 4092 ταύτης

130 4112 668 4181 κιταναὶωθήσονται
711 4112 810 4179 τῆς
852 4111 1095 4182 γνώμης.
1148 4131 1164 4161 ι
1239 4111 1371 4164 Ἀπὸ
1411 4114 1693 4182 φυράσεως

132 4205 338 4271 στέατος
385 4204 495 4265 ἓως
535 4202 628 4254 τοῦ
676 4202 990 4273 ξυμωθῆναι
1038 4202 1167 4255 αὐτὸ
1212 4201 1353 4265 ὅλον,
1390 4203 1444 4255 αἶ
1492 4203 1693 4273 ἡμέραι

129 4295 226 4346 τῶν
256 4293 529 4364 βασιλέων
561 4292 735 4361 ὑμῶν.
792 4312 811 4343 ι
862 4294 948 4355 Ὠς
988 4292 1093 4363 γὰρ
1128 4295 1174 4345 εί
1218 4294 1377 4355 στέας
1406 4292 1607 4361 ληφθέν
1636 4310 1693 4345 τε

128 4384 212 4436 καὶ
257 4383 534 4453 ἐμϐληθὲν
572 4382 784 4452 ἀλεύρῳ
822 4380 985 4449 ζυμοῖ
1024 4398 1083 4432 τε
1128 4382 1219 4434 καὶ
1272 4381 1586 4434 ὲναποτελεῖ
1634 4378 1713 4433 τὸΔ

1797 3206 1943 3249 runt.
1977 3216 1993 3246 ι
2023 3198 2224 3253 Omnes
2250 3198 2615 3255 adulterantes
2635 3241 2649 3265 ,
2675 3203 2830 3271 quasi
2859 3202 3104 3257 clibanus
3135 3218 3361 3257 succen-

1796 3304 1891 3343 sus
1928 3288 1992 3342 ad
2028 3292 2388 3359 coquendum.
2421 3310 2438 3343 ι
2467 3290 2820 3346 Concorditer
2853 3308 3042 3347 omnes
3074 3308 3103 3345 a
3134 3294 3361 3348 scientia

1794 3382 1898 3434 mei
1932 3382 2245 3435 recedentes
2266 3422 2279 3445 ,
2306 3383 2661 3437 adulterinam
2693 3384 2856 3437 veluti
2885 3386 3207 3438 sententiam
3240 3401 3361 3440 sus-

1794 3480 2056 3540 ceperunt
2096 3473 2162 3523 ad
2209 3473 2511 3526 daunonuin
2548 3476 2749 3527 cultum
2789 3475 3140 3541 declinandi;
3191 3476 3360 3530 cliba-

1795 3563 1959 3630 nique
1994 3562 2167 3615 instar
2204 3562 2269 3615 ad
2308 3565 2650 3633 coquendum
2690 3564 2798 3636 34
2835 3566 3112 3629 succensi,
3156 3566 3361 3622 fervido

1795 3656 2027 3723 quodam
2073 3656 2238 3708 animi
2278 3656 2479 3725 impetu
2519 3657 2583 3709 ad
2627 3656 2757 3709 illud
2798 3655 3058 3726 ﬂagitium
3110 3658 3363 3713 decurre-

1796 3753 1941 3799 runt.
1968 3763 1988 3794 ‹
2023 3743 2224 3798 Exurct
2256 3760 2351 3798 eos
2386 3746 2440 3798 in
2474 3744 2709 3797 ﬂamina.
2749 3762 2766 3795 ι
2799 3744 2903 3798 Sed
2933 3745 3075 3798 enim
3113 3745 3212 3799 hoc
3245 3730 3363 3814 ipso

1795 3834 2025 3889 consilio
2058 3850 2159 3889 suo
2190 3844 2601 3889 consumentur.
2632 3854 2649 3886 ι
2681 3834 2968 3890 Fernieuto
3001 3835 3201 3889 arvinae
3222 3876 3235 3899 ,
3264 3836 3363 3889 do-

1794 3946 1895 3983 nec
1929 3929 2283 3983 fermentetur
2332 3937 2541 3991 totum,
2590 3928 2707 3982 dies
2747 3942 2934 3996 regum
2980 3934 3355 3980 vestrorum.)

1798 4019 1973 4075 Veluti
2006 4021 2048 4075 si
2085 4019 2209 4088 quis
2244 4026 2512 4086 sumptam
2550 4017 2789 4069 arvinam
2833 4017 2885 4067 in
2920 4013 3146 4068 farinam
3184 4015 3360 4083 conji-

1797 4111 1905 4163 ciat
1929 4148 1943 4170 .
1982 4118 2091 4161 tota
2128 4109 2240 4161 haec
2275 4106 2652 4167 fernientatur,
2690 4112 2743 4157 et
2788 4104 3092 4157 universam
3129 4117 3361 4157 massam

1796 4200 2002 4269 perlicit
2046 4200 2163 4253 :ita
2210 4214 2273 4252 ex
2317 4212 2426 4267 quo
2472 4196 2809 4266 illegitimum
2860 4196 2962 4249 hoc
3000 4195 3363 4250 constituistis

1794 4307 2055 4360 regnum,
2114 4298 2273 4359 capto
2329 4289 2480 4341 initio
2535 4288 2630 4341 abs
2678 4285 3037 4348 Jcroboaino,
3091 4286 3143 4338 in
3200 4302 3361 4340 tinam

1793 4381 2147 4448 eamdemque
2177 4379 2498 4433 sententiam
2529 4376 2711 4429 cuncti
2745 4376 2947 4445 pariter
2973 4377 3357 4445 conspirastis.

129 4475 359 4543 σύμπαν,
407 4473 580 4535 οὕτως
627 4472 770 4538 ἐξότε
803 4489 907 4542 περ
948 4472 1045 4541 τὴν
1096 4472 1407 4542 παράνομον
1454 4472 1655 4540 ταύτην
1709 4470 2112 4541 κατεστήσασθε
2156 4469 2466 4539 βασιλείαν,
2529 4467 2636 4519 ἀπὸ
2685 4465 2779 4517 τοῦ
2839 4463 3118 4536 Ἰεροϐοάμ
3168 4464 3361 4520 λαϐόνο

125 4584 205 4628 τες
232 4568 329 4637 τὴν
357 4566 560 4638 ἀρχὴν,
590 4564 723 4633 πρὸς
749 4562 843 4633 τὴν
881 4564 1050 4633 αὐτὴν
1094 4563 1315 4631 γνώμην
1341 4562 1439 4631 τῆς
1467 4563 1661 4624 κακίας
1691 4564 1926 4624 ἅπαντες
1952 4560 2204 4613 ὲνεύσατε
2229 4558 2447 4629 ὁμοίως.

189 4704 331 4773 Στίχ.
367 4703 509 4755 εὀθ’.
540 4730 612 4741 —
641 4718 658 4750 ι
703 4697 972 4768 Ἤρξαντο
1004 4698 1259 4765 ἄρχοντες
1287 4695 1587 4767 θυμοῦσθαι
1633 4695 1691 4761 ἐξ

1868 4694 2035 4749 Vens.
2090 4694 2210 4748 5-9.
2254 4723 2324 4734 —-
2371 4711 2388 4743 ι
2419 4691 2714 4761 (Ξωροτιιηι
2770 4691 3043 4761 principes
3098 4690 3279 4747 furere
3331 4709 3361 4747 a

123 4796 280 4847 οἴνου.
327 4815 345 4846 ι
380 4796 450 4846 Οἵ
478 4810 539 4845 τε
563 4790 673 4862 γὰρ
706 4792 964 4862 ἄρχοντες
998 4788 1177 4841 αὐτῶν
1229 4787 1419 4858 μέθαις
1441 4790 1533 4841 καὶ
1559 4790 1698 4839 οἰνο-

127 4888 375 4953 ςλυγὶαις
420 4886 734 4954 προσεῖχον,
779 4881 1004 4950 ἀκράτῳ
1048 4880 1189 4931 κατά
1248 4879 1463 4931 πάντων
1517 4879 1589 4942 ὡς
1630 4882 1694 4931 ἐκ

124 4978 371 5045 τοιαύτης
418 4975 707 5043 παροινίας
740 4971 816 5041 τῷ
860 4972 1016 5040 θυμῷ
1048 4970 1394 5040 κεχρημένοι.
1432 4971 1527 5041 (p.
1576 4972 1690 5043 52)

135 5087 150 5115 ι
192 5067 493 5130 Ἐξέτειναν
526 5064 624 5133 τὴν
653 5065 808 5132 χεῖρα
838 5061 1015 5113 αὐτῶν
1046 5062 1184 5129 μετά
1221 5059 1440 5129 λοιμῶν.
1498 5080 1513 5111 ι
1550 5063 1691 5131 Πρὸς

131 5154 436 5220 πλεονεξίαν
468 5153 678 5223 ἐώρων,
705 5151 983 5204 κοινωνίαν
1012 5150 1252 5219 ἑλόμενοι
1287 5150 1420 5221 πρὸς
1451 5150 1694 5213 ἅπαντας

131 5247 246 5307 τοὺς
275 5243 703 5313 διεφθαρμένους
732 5242 821 5293 τὸν
845 5241 1063 5310 τρόπον.
1096 5260 1113 5291 ι
1146 5242 1290 5293 Διότι
1313 5241 1693 5311 άνεκαύθησαν

130 5334 199 5395 ὼς
223 5336 474 5395 κλίϐανος
510 5335 566 5387 αἱ
609 5332 821 5403 καρδίαι
852 5332 1049 5395 αὐτῶν,
1080 5334 1137 5384 ἐν
1187 5332 1265 5403 τῷ
1292 5334 1694 5403 καταρράσσειν

134 5425 321 5489 αὐτοὺς
382 5426 509 5493 ὃλην
554 5424 655 5493 τὴν
704 5424 895 5475 νύκτα.
940 5441 959 5473 ι
1008 5422 1344 5488 Ἐξεκαίς-ντο
1392 5426 1501 5492 γάρ
1538 5423 1692 5492 δίκην

135 5512 380 5566 κλιϐάνου
412 5513 510 5583 τὴν
541 5512 778 5566 διάνοιαν
802 5513 867 5563 ἐκ
898 5510 998 5580 τῆς
1028 5510 1198 5580 μέθης
1227 5507 1294 5580 ἦς
1321 5512 1388 5564 δι’
1420 5513 1543 5579 ὅλης
1571 5513 1694 5563 ὲπε-

134 5606 345 5675 τήδευον
364 5606 464 5673 τῆς
487 5604 697 5665 νυκτός.
737 5622 755 5654 ι
792 5604 999 5655 ’Ὕπνου
1042 5602 1282 5672 Ἐφραίμ
1306 5603 1637 5673 ἐνεπλήσθη.
1670 5623 1688 5655 ι

145 5696 224 5757 Ὠς
251 5699 314 5749 ἐκ
347 5697 515 5766 μέθης
545 5696 721 5748 τοίνυν
753 5694 1006 5763 τοιαύτης
1032 5693 1186 5764 δίκην
1216 5694 1320 5746 τῶν
1348 5694 1499 5761 ὕπνῳ
1538 5694 1695 5763 βαρεῖ

138 5789 545 5857 κατεχομένων,
598 5787 786 5841 οὐδένα
837 5786 930 5839 τοῦ
997 5787 1361 5856 προσήκοντος
1415 5783 1694 5838 ἐποιοῦντο

1797 4784 1942 4837 νῖηο.
1978 4803 1996 4835 ι
2028 4782 2309 4854 Principes
2357 4798 2547 4837 eorum
2600 4782 2836 4852 crapulze
2884 4791 2938 4837 et
2983 4783 3231 4837 ebrietati
3282 4785 3364 4839 in-

1795 4879 2121 4948 dulgebant,
2159 4879 2234 4932 ira
2268 4879 2554 4935 immodica
2590 4878 2849 4934 adversus
2880 4893 3066 4933 omnes
3106 4886 3361 4947 tanquam

1793 4971 2057 5040 crapulati
2089 4979 2317 5024 utentes.
2350 4989 2367 5021 ι
2399 4969 2768 5024 Extenderunt
2797 4985 3014 5023 manum
3050 4984 3205 5023 suam
3238 4984 3364 5023 cum

1792 5062 2189 5130 pestilentibus.
2220 5082 2236 5111 ›
2266 5062 2455 5114 Avara:
2503 5060 2786 5130 cupiditati
2836 5068 3070 5114 mentem
3119 5059 3364 5114 intende-

1801 5164 1928 5207 runt
1952 5193 1966 5217 ,
2003 5154 2134 5207 inita
2165 5168 2287 5206 cum
2324 5152 2571 5221 pessimis
2600 5151 2855 5206 omnibus
2884 5152 3165 5205 societate.
3193 5169 3212 5201 ι
3243 5151 3363 5205 Ideo

1800 5253 2121 5299 exarserunt
2178 5252 2237 5297 ut
2285 5244 2529 5297 clibanus
2584 5243 2746 5297 corda
2800 5257 3024 5305 eorum,
3076 5241 3203 5294 dum
3252 5248 3363 5296 tota

1800 5344 1957 5389 nocte
1994 5336 2288 5405 agitantur.
2322 5352 2340 5385 ι
2370 5332 2602 5387 Mentem
2640 5348 2791 5387 more
2823 5332 3022 5386 clibani
3061 5330 3364 5385 inﬂamma-

1799 5433 1907 5477 tam
1953 5426 2213 5494 gerebant
2258 5438 2289 5477 a
2336 5424 2557 5491 crapula
2581 5464 2595 5489 ,
2626 5423 2713 5477 cui
2745 5430 2855 5477 tota
2887 5429 3045 5475 nocte
3077 5429 3362 5477 vacarunt.

1802 5532 1820 5564 ι
1853 5514 2057 5569 Somno
2092 5517 2328 5582 repletus
2360 5524 2447 5570 est
2484 5514 2836 5585 Ephraimus.
2867 5534 2885 5566 ι
2916 5515 3060 5583 Ergo
3102 5521 3363 5583 tanquam

1795 5622 1860 5659 ex
1890 5609 2111 5676 crapula
2150 5608 2459 5675 huiusmodi
2495 5622 2686 5662 somno
2732 5606 2881 5677 gravi
2924 5606 3193 5675 correpti,
3241 5604 3367 5660 nul-

1796 5697 1902 5751 lius
1947 5698 2160 5755 honesti
2208 5699 2367 5753 ollicii
2399 5715 2585 5754 curam
2619 5699 2896 5770 gerebant.
2925 5715 2944 5749 ι
2974 5697 3129 5751 Mane
3162 5698 3364 5750 factum

1797 5798 1912 5856 est,
1946 5800 1998 5847 ct
2029 5805 2295 5850 succensa
2324 5798 2405 5851 est
2435 5793 2591 5863 quasi
2620 5794 2766 5862 ignis
2794 5792 2927 5848 lux:
2960 5789 3205 5845 caleﬁicti
3238 5801 3365 5846 sunt
