3814 6224
415 301 516 356 167

1574 306 1928 364 THEODORI
1976 310 2204 370 MOPSU
2213 311 2458 369 ESTENI

3551 320 3654 377 168

411 422 601 463 omnes
654 409 813 478 quasi
870 409 1122 468 clibanus
1175 413 1563 472 ardens.iDie
1615 420 1980 485 succedente.

2091 423 2265 493 λόγον.
2306 445 2324 478 ι
2384 424 2538 497 Πρωῖ
2586 427 2850 498 ἐγενήθη,
2901 427 2993 480 καί
3039 427 3310 499 ἀνεκαύθη
3357 428 3434 494 ὡς
3484 433 3654 502 πυρὸς

413 514 606 555 rursus
656 501 710 554 in
752 501 938 558 eodem
989 518 1154 574 opere
1194 515 1390 571 erant,
1420 509 1578 578 quasi
1622 511 1745 583 igne
1779 511 1990 567 inﬂam-

409 592 540 644 matl
564 630 579 655 ,
615 598 668 645 et
698 593 855 662 quasi
885 593 1134 651 clibanus
1163 596 1443 665 calefacti,
1478 609 1643 670 atque
1690 602 1758 656 ad
1806 604 1988 674 turpia

414 684 556 737 facta
595 685 824 740 inritati.
853 705 873 738 ι
904 686 967 741 Et
999 688 1142 758 ignis
1172 689 1451 745 devoravit
1477 692 1696 761 judices
1728 710 1940 750 eorum.
1969 715 1986 748 ι

413 776 658 831 Meritam
697 793 828 847 ergo
859 794 1073 848 pmnam
1107 781 1381 836 sustinent
1406 821 1422 845 ,
1455 783 1585 838 dum
1635 784 1745 854 igni
1793 787 1991 851 veluti,

411 869 728 938 quicunque
759 869 900 938 apud
937 885 1034 924 eos
1068 874 1365 941 regnabant
1386 915 1401 939 ,
1433 873 1616 929 hostili
1653 885 1778 930 sunt
1807 879 1992 932 traditi

412 961 566 1014 caedi.
597 979 614 1010 ι
638 959 830 1015 Cuncti
881 976 1037 1030 reges
1081 976 1270 1016 eorum
1315 965 1652 1022 ceciderunt.
1683 985 1702 1018 ι
1732 967 1908 1022 Exitio
1941 975 1995 1023 et

412 1053 544 1104 cauti
574 1065 762 1105 omnes
793 1051 1096 1106 tradentur.
1126 1050 1278 1108 Cur?
1304 1071 1322 1104 ι
1347 1053 1519 1110 Nemo
1545 1065 1666 1110 erat
1695 1057 1839 1112 inter
1862 1073 1958 1113 eos
1977 1099 1990 1118 .

413 1143 503 1210 qui
551 1142 829 1195 invocaret
878 1157 986 1200 me.
1017 1163 1036 1195 ι
1064 1143 1203 1210 Quia
1253 1161 1361 1198 una
1412 1156 1591 1203 mente
1637 1157 1827 1214 erant,
1872 1149 1995 1204 nul-

415 1233 632 1300 Iumque
676 1246 902 1300 prorsus
951 1233 1150 1290 habere
1201 1235 1307 1290 mei
1357 1247 1664 1306 respectum
1717 1239 1990 1294 volebant.

419 1339 437 1371 ι
467 1319 792 1391 Ephraimus
837 1322 1160 1377 commistus
1206 1330 1290 1378 est
1342 1325 1580 1393 populis.
1613 1344 1632 1376 ι
1663 1323 1779 1379 Hoc
1825 1326 1990 1380 etiam

415 1412 602 1466 beatus
647 1412 980 1480 impruperat
1023 1411 1225 1476 David,
1260 1414 1488 1468 dicens:
1520 1432 1538 1466 ι
1565 1414 1851 1470 Commisti
1885 1415 1990 1486 35

413 1509 541 1556 sunt
571 1504 710 1556 inter
736 1511 923 1572 gentes
946 1503 1015 1556 ³³.
1050 1522 1068 1555 ι
1094 1505 1449 1559 Interdictum
1473 1507 1673 1576 quippe
1700 1522 1794 1577 per
1819 1507 1991 1578 legem

415 1597 496 1652 eis
539 1596 766 1651 omnino
796 1606 947 1661 erat,
979 1598 1273 1667 quominus
1307 1599 1630 1670 alienigenis
1666 1601 1993 1656 commisce-

415 1697 642 1754 rcntur;
670 1688 896 1758 ideoque
923 1688 974 1741 id
999 1689 1194 1744 merito
1226 1690 1313 1746 hic
1342 1693 1504 1745 etiam
1539 1692 1646 1747 illis
1675 1693 1987 1761 exprobrat.

423 1797 442 1830 ι
471 1777 795 1848 Ephraimus
844 1779 1022 1834 factus
1071 1787 1154 1834 est
1202 1781 1605 1838 subcinericius
1655 1785 1846 1853 panis,
1896 1789 1986 1855 qui
2023 1761 2062 1813 Β

416 1883 525 1922 non
561 1878 890 1923 reversatnr.
922 1888 940 1920 ι
964 1869 1114 1924 Adeo
1150 1869 1506 1927 inconversus
1541 1873 1594 1926 in
1638 1874 1826 1928 eadem
1867 1891 1994 1945 per-

423 1961 627 2014 mansit
664 1962 899 2028 malitia,
938 1962 1080 2016 sicut
1113 1962 1202 2016 ille
1247 1978 1467 2018 manere
1514 1966 1652 2020 solet
1696 1965 1994 2022 immobilis

418 2051 474 2104 in
509 2066 837 2122 quocunque
885 2053 1109 2123 ponitur
1155 2054 1295 2110 loco.
1347 2072 1367 2106 ι
1415 2055 1783 2112 Comederunt
1831 2059 1992 2116 alieni

416 2141 587 2194 robur
629 2142 769 2210 ejus.
799 2162 819 2194 ι
851 2142 1096 2200 Sustinet
1143 2160 1272 2214 ergo
1319 2144 1559 2200 debitam
1611 2148 1990 2217 pnnitioncm:

419 2233 650 2288 sceleste
677 2233 821 2288 enim
856 2235 1175 2304 alienigenis
1206 2236 1556 2301 commistus,
1590 2237 1659 2292 ab
1701 2238 1834 2307 ipsis
1869 2237 1993 2293 fun-

414 2325 564 2380 ditus
606 2327 1074 2380 exterminabitur.
1107 2344 1126 2376 ι
1159 2326 1280 2396 lpse
1321 2334 1503 2381 autem
1544 2328 1819 2396 nescivit;
1865 2331 1989 2384 cani

413 2414 766 2470 cmoruerunt
796 2416 880 2481 ei,
925 2425 979 2470 et
1007 2415 1124 2487 ipse
1171 2416 1462 2486 ignoravit.
1495 2435 1514 2468 ι
1544 2417 1684 2483 Quia
1730 2418 1785 2472 in
1831 2412 1992 2473 cilicii

419 2506 504 2560 sui
534 2506 836 2575 ignorantia
871 2507 1276 2576 perseveravit,
1307 2523 1374 2561 ne
1421 2523 1450 2560 a
1501 2487 1838 2579 longatvitate
1866 2512 1992 2580 quie-

2095 517 2327 586 φέγγοςο
2371 519 2571 580 πάντες
2595 517 3004 590 ἐθερμάνθησαν
3043 519 3120 583 ὡς
3152 505 3406 583 κλίϐανος
3439 522 3653 592 καιόμεο

2093 627 2199 672 νος.
2249 627 2269 660 ι
2337 609 2582 680 Ἦμέρας
2634 611 2692 664 δὲ
2740 610 3255 682 ἐπιλαμϐανούσης,
3311 611 3420 665 τῶν
3477 613 3656 667 αὐτῶν

2092 700 2323 769 ἥπτοντο
2373 699 2564 766 πάλιν,
2610 701 2970 770 ἀναπτόμενοι
3009 718 3069 754 τε
3107 701 3261 774 δίκην
3310 703 3511 774 πυρὸς,
3561 705 3658 757 καὶ

2093 791 2282 862 ὥσπερ
2307 809 2390 856 τις
2418 791 2667 856 κλίϐανος
2689 793 3192 866 διαθερμαινόμενοί
3222 812 3302 858 τε,
3337 796 3430 848 καὶ
3455 796 3657 863 διεγει-

2095 881 2312 952 ρόμενοι
2344 884 2479 955 πρὸς
2509 883 2606 955 τὴν
2635 883 2743 938 τῶν
2776 885 2993 938 ἀτόπων
3021 886 3304 957 ἐργασίαν.
3337 904 3357 938 ι
3397 885 3503 939 Καὶ
3541 885 3659 956 πῦρ

2094 973 2370 1042 κατέφαγε
2416 976 2542 1038 τοὺς
2572 975 2766 1047 κριτάς
2797 975 2992 1029 αὐτῶν.
3039 994 3057 1027 ι
3105 976 3450 1046 Κατὰλληλον
3475 977 3658 1029 τοίνυν

2094 1064 2423 1135 ὑπομένουσι
2452 1067 2550 1137 τὴν
2593 1067 2882 1138 τιμωρίαν,
2909 1068 3063 1138 δίκην
3097 1068 3267 1140 πυρὸς
3299 1070 3514 1121 πάντων
3546 1069 3660 1121 τῶν

2093 1153 2283 1224 ἄρχειν
2334 1157 2392 1209 ὲν
2432 1157 2614 1221 αὐτοῖς
2662 1158 3076 1230 ὑπειλημμένων
3117 1163 3181 1230 τῇ
3230 1159 3336 1212 τῶν
3382 1161 3660 1230 πολεμίων

2094 1246 2534 1318 παραδιδομένων
2575 1253 2778 1320 σφαγῇ.
2825 1269 2845 1300 ι
2884 1250 3092 1314 Πάντες
3126 1253 3174 1304 οἱ
3207 1249 3442 1319 βασιλεῖς
3473 1249 3659 1304 αὐτῶν

2093 1338 2304 1392 έπεσον.
2377 1357 2396 1390 ι
2471 1340 2740 1411 Ἀπωλείᾳ
2801 1343 2896 1394 καὶ
2949 1344 3128 1413 σφαγῇ
3191 1342 3660 1413 παραδοθήσονται

2093 1431 2311 1492 πάντες.
2341 1431 2496 1494 Τίνος
2523 1431 2736 1496 ἐνεκεν;
2783 1451 2801 1482 ι
2839 1433 2953 1486 Οὐκ
2991 1428 3058 1504 ἦν
3097 1435 3154 1486 ἐν
3192 1435 3372 1497 αὐτοῖς
3405 1436 3432 1486 ὁ
3469 1435 3665 1487 ἐπικας

2091 1521 2348 1591 λούμενος
2367 1523 2501 1594 πρός
2530 1540 2616 1593 με.
2649 1542 2666 1574 ι
2713 1523 2929 1596 Ἐπειδὴ
2950 1526 3042 1577 καὶ
3076 1524 3364 1594 σύμφωνον
3393 1521 3534 1594 εἶχον
3555 1524 3660 1595 τὴν

2091 1611 2332 1685 γνώμην,
2368 1614 2558 1667 οὐδένα
2591 1613 2748 1683 λόγον
2791 1614 2924 1686 ἐμοῦ
2958 1618 3226 1670 ποιεῖσθαι
3257 1616 3510 1682 καθάπαξ
3543 1618 3662 1671 ἐθέ-

2092 1703 2293 1767 λοντες.
2351 1722 2370 1755 ι
2431 1704 2669 1775 Ἐφραῒμ
2713 1706 2770 1757 ἐν
2811 1707 2924 1769 τοίς
2971 1706 3119 1770 λαοῖς
3163 1707 3323 1770 αὐτὸς
3363 1724 3554 1761 συνανε
3565 1707 3661 1777 μί-

2089 1810 2270 1861 γνυτο.
2310 1811 2329 1844 ι
2356 1792 2524 1846 Τοῦτο
2548 1795 2641 1848 καὶ
2661 1796 2688 1848 ὁ
2724 1795 2988 1866 μακάριος
3013 1797 3210 1858 αὐτοὺς
3237 1798 3470 1850 αἰτιᾶται
3492 1796 3662 1850 Δαυῒδ

2088 1883 2291 1950 λέγων·
2327 1883 2401 1952 (p.
2436 1884 2525 1948 55)
2562 1902 2581 1934 ι
2623 1885 2731 1938 Kal
2773 1886 3112 1956 ἐπεμίγησαν
3151 1889 3209 1939 ὲν
3245 1889 3357 1948 τοῖς
3390 1887 3590 1940 ἔθνεσι.
3630 1903 3653 1939 δ

2089 1974 2198 2026 Καὶ
2222 1975 2327 2045 γὰρ
2357 1971 2424 2046 ἦν
2457 1975 2802 2046 ἀπειρημένη
2835 1975 3112 2039 παντελῶς
3141 1977 3324 2040 αὐτοῖς
3347 1978 3412 2029 ἐκ
3440 1977 3534 2030 τοῦ
3564 1978 3658 2030 νό-

2089 2080 2190 2132 μου
2235 2065 2268 2134 ή
2299 2064 2434 2134 πρὸς
2465 2065 2590 2128 τοὺς
2623 2063 2933 2134 ἀλλοτρίους
2968 2065 3217 2136 ἐπιμιξία
3244 2083 3258 2097 ·
3299 2067 3522 2131 εἰκότως
3559 2064 3662 2122 οῦν

2088 2156 2269 2218 αὐτοῖς
2293 2155 2539 2220 ὀνειδίζει
2579 2156 2852 2211 κάνταῦθα
2881 2157 3056 2210 τοῦτο.
3097 2175 3118 2208 ι
3167 2158 3403 2230 Ἐφραῒμ
3441 2159 3663 2226 ἐγένετο

2091 2248 2393 2318 ἐγκρυφίας
2423 2249 2484 2300 οὐ
2523 2249 3048 2320 μεταστρεφόμενος.
3086 2267 3105 2300 ι
3141 2248 3326 2313 Οὕτως
3346 2251 3662 2322 ἀμετάϐλη-

2090 2355 2181 2402 τος
2227 2339 2316 2391 τὸν
2350 2339 2549 2408 τρόπον
2579 2339 2672 2392 ἐπὶ
2714 2339 2813 2409 τῆς
2849 2339 3018 2410 αὐτῆς
3053 2341 3370 2410 μεμενηκὼς
3422 2340 3622 2404 κακίας
3643 2381 3659 2402 ,

2090 2429 2278 2499 ῶσπερ
2311 2430 2485 2482 ἐκεῖνο
2512 2429 2692 2498 μένειν
2718 2428 2905 2482 εἴωθεν
2941 2430 3336 2500 ἀμετακίνητον
3373 2432 3456 2498 ἐφ’
3483 2424 3662 2500 οὗπερ

2092 2518 2351 2572 τέτακται
2390 2519 2576 2572 τόπου.
2627 2538 2647 2570 ι
2704 2519 3024 2589 Κατέφαγον
3060 2521 3324 2592 ἀλλότριοι
3360 2520 3457 2592 τὴν
3499 2523 3662 2592 ἰσχὺν

419 2596 541 2651 dem
594 2597 661 2650 ad
708 2597 904 2651 bonam
949 2597 1159 2669 frugem
1208 2597 1454 2652 converti
1502 2613 1730 2668 passus,
1781 2601 1987 2656 idcirco

2093 2609 2280 2663 αὑτοῦ.
2316 2628 2334 2660 ι
2377 2609 2668 2679 ’Υπομένει
2714 2609 2894 2662 τοίνυν
2931 2611 3190 2679 ἀνάλογον
3229 2613 3327 2681 τὴν
3351 2611 3660 2682 τιμωρίανο

419 2688 532 2741 llaec
562 2689 908 2757 perpetietur.

2096 2695 2426 2765 παρανόμως
2451 2695 2559 2767 γὰρ
2579 2698 2689 2759 τοῖς
2713 2696 3009 2768 ἀλλοτρίοις
3034 2700 3328 2769 ἐπιμιγεὶς,
3357 2700 3447 2752 ὑπ’
3476 2700 3664 2753 αὐτῶν

413 2783 638 2834 ἐκείνων
701 2781 1125 2852 ἀφανισθήσεται
1186 2782 1480 2845 παντελῶς.
1535 2801 1553 2834 ι
1611 2783 1781 2846 Αὐτὸς
1821 2784 1877 2837 δὲ
1929 2785 2026 2839 οὐκ
2078 2787 2249 2854 ἔγνω·
2293 2787 2388 2840 καὶ
2437 2788 2597 2842 πολιά
2647 2788 2938 2859 ἐξήνθησεν
2987 2789 3171 2859 αὐτῷ,
3215 2792 3306 2844 κα)⁵
3343 2789 3503 2854 αὐτὸς
3557 2791 3665 2844 οὐκ

413 2871 571 2939 έγνω.
609 2890 626 2921 ι
674 2871 890 2942 Ἐπειδὴ
923 2872 1028 2943 γὰρ
1072 2872 1466 2943 διαμεμένηκεν
1517 2875 1609 2927 ἐπὶ
1660 2875 1756 2946 τῆς
1800 2876 1908 2930 τῶν
1949 2879 2333 2950 προσηκόντων
2379 2880 2631 2950 ἀγνοίας,
2666 2881 2785 2934 οὐδὲ
2845 2878 2922 2952 τῷ
2969 2883 3167 2954 μακρῷ
3199 2884 3374 2956 χρόνω
3416 2868 3550 2956 πρὸς
3601 2885 3667 2938 τὸ

412 2968 529 3021 δέον
557 2968 808 3039 ἐλόμενος
848 2969 995 3032 ἰδεῖν,
1024 2967 1112 3022 διὰ
1135 2968 1290 3021 τοῦτο
1318 2970 1562 3023 πείσεται
1584 2970 1828 3026 τοιαῦτα.

491 3059 661 3115 Vens.
697 3061 882 3116 10-12.
913 3090 983 3098 -
1015 3080 1034 3112 ι
1064 3058 1128 3114 Et
1161 3061 1535 3115 bumiliabitur
1573 3064 1884 3132 arrogantia
1917 3062 1989 3120 ls-

2162 3066 2312 3136 Στίχ.
2345 3065 2495 3136 ι’-ιβ¹.
2525 3097 2595 3106 --
2626 3085 2646 3118 ι
2683 3064 2794 3120 Καὶ
2820 3065 3286 3137 ταπεινωθήσεται
3317 3067 3350 3137 ἡ
3381 3065 3537 3138 ὕϐρις
3563 3067 3663 3121 τοῦ

413 3152 578 3205 raelis
613 3151 667 3204 in
714 3150 852 3205 facie
894 3151 1048 3220 ejus,
1084 3165 1182 3204 nec
1210 3151 1410 3205 reversi
1443 3159 1572 3206 sunt
1603 3152 1670 3205 ad
1701 3151 1989 3208 Dominum

2103 3157 2318 3229 Ἰσραὴλ
2361 3158 2442 3219 εἰς
2477 3156 2768 3228 πρόσωπον
2803 3155 2970 3209 αὑτοῦ
2991 3197 3004 3220 ,
3039 3156 3132 3208 καὶ
3177 3155 3276 3209 οὐκ
3321 3156 3665 3226 ἐπέστρεψαν

415 3240 584 3295 Deum
617 3257 774 3294 suum
801 3280 814 3301 ,
846 3250 900 3295 et
942 3257 1049 3295 non
1084 3242 1422 3310 quasierunt
1463 3257 1586 3296 eum
1634 3243 1689 3296 in
1737 3244 1989 3298 omnibus

2091 3250 2226 3321 πρὸς
2261 3250 2464 3320 Κύριον
2497 3248 2587 3301 τὸν
2622 3247 2754 3301 Θεὸν
2797 3247 2976 3302 αὐτῶν
2997 3287 3012 3311 ,
3059 3248 3154 3302 καὶ
3187 3249 3287 3301 οὐκ
3329 3247 3664 3319 ἐξεζήτησαν

415 3333 524 3389 his.
555 3353 574 3385 ι
603 3332 870 3398 Quoniam
904 3333 1084 3403 itaque
1114 3348 1238 3402 erga
1273 3331 1437 3388 Deum
1468 3334 1850 3401 contumeliosi.
1879 3335 1989 3391 lue-

2091 3341 2254 3394 αὐτὸν
2283 3343 2341 3394 ὲν
2372 3343 2507 3393 πᾶσι
2535 3339 2763 3402 τούτοις.
2806 3359 2824 3391 ι
2864 3339 3037 3410 ’Υπὲρ
3063 3332 3138 3392 ὧν
3161 3339 3338 3391 τοίνυν
3368 3338 3664 3410 ἐξύϐρισαν

415 3433 582 3492 runt,
623 3427 749 3479 dum
792 3426 870 3480 sic
907 3424 1248 3493 impudenter
1291 3440 1355 3478 ac
1404 3425 1753 3495 pertinaciter
1793 3427 1993 3481 daemo-

414 3531 547 3569 num
582 3514 952 3583 superstitioni
997 3513 1378 3577 adlueserunt,
1427 3515 1754 3585 illorumque
1798 3531 1992 3586 seque-

417 3607 525 3661 lam
579 3621 708 3658 vero
756 3605 865 3659 Deo
912 3605 1311 3670 antetulerunt,
1357 3605 1618 3660 videbunt
1660 3607 1991 3661 humiliatio-

415 3713 540 3752 nem
570 3713 746 3763 suam,
768 3712 928 3766 quam
963 3698 1155 3752 merito
1189 3697 1482 3759 sustinent,
1515 3705 1800 3767 postquam
1833 3713 1901 3752 ne
1935 3698 1991 3752 in

415 3791 764 3860 catastrophe
794 3789 1010 3859 quidem
1050 3789 1116 3844 ad
1158 3788 1326 3844 Deum
1369 3789 1631 3843 inclinare
1671 3791 1981 3844 voluerunt.

423 3900 443 3933 ι
475 3880 707 3949 Eratque
731 3881 1051 3950 Ephraimus
1079 3879 1233 3949 quasi
1261 3879 1512 3934 columba
1545 3879 1810 3949 insipiens
1830 3921 1844 3940 .
1878 3896 1988 3935 non

417 3971 622 4026 habens
652 3987 787 4026 cor:
821 3970 1110 4040 Aﬁgyptum
1142 3970 1501 4036 invocabant,
1536 3977 1590 4024 et
1624 3969 1692 4023 ad
1727 3969 1986 4041 Assyrios

417 4062 687 4117 abierunt.
721 4080 740 4112 ι
778 4060 968 4125 Qualis
1007 4067 1092 4114 est
1126 4060 1417 4126 columba,
1458 4074 1579 4130 quae
1617 4074 1686 4114 ne
1721 4060 1787 4114 de
1827 4060 1990 4130 pullis

418 4151 640 4221 quidem
702 4153 816 4206 suis
871 4150 1104 4203 sollicita
1156 4157 1286 4217 est;
1348 4151 1547 4220 quibus
1599 4149 1704 4204 sibi
1753 4151 1987 4216 ablatis.

419 4240 612 4295 iisdem
673 4240 806 4295 locis
867 4239 1382 4314 nidiﬁcarerursus
1446 4242 1616 4308 solet,
1678 4241 1988 4298 futurorum

421 4331 744 4402 improvida,
765 4332 893 4402 quia
925 4346 1080 4402 aeque
1117 4333 1253 4398 eripi
1284 4341 1574 4402 poterunt:
1609 4334 1688 4388 sic
1721 4344 1774 4388 et
1808 4335 1897 4391 isti
1929 4351 1988 4392 se

2090 3436 2172 3497 εἰς
2190 3433 2250 3486 τὸ
2273 3433 2448 3493 Θεῖον,
2474 3430 2646 3494 οὕτως
2669 3430 2901 3494 ἀναιδῶς
2925 3431 3020 3484 καὶ
3039 3429 3387 3500 ἀμεταθέτως
3408 3431 3537 3502 περὶ
3560 3431 3665 3502 τὴν

2089 3522 2197 3576 τῶν
2232 3521 2500 3591 δαιμόνων
2535 3521 2828 3591 ἐσχηκότες
2881 3519 3174 3591 θεραπείαν
3198 3559 3212 3581 ,
3258 3520 3350 3573 καὶ
3392 3519 3490 3589 τὴν
3531 3520 3666 3591 περὶ

2089 3613 2332 3676 ἐκείνους
2365 3610 2601 3682 σπουδὴν
2650 3611 3083 3682 προτιμήσαντες
3109 3612 3207 3681 τῆς
3239 3611 3366 3681 περὶ
3402 3611 3462 3663 τὸ
3489 3610 3666 3676 ὅντως

2089 3703 2264 3767 Θεῖον,
2291 3703 2511 3772 ὄψονται
2545 3702 2644 3773 τὴν
2674 3701 3001 3754 ταπείνωσιν
3033 3701 3131 3772 τὴν
3169 3703 3395 3763 οἰκείαν,
3428 3700 3494 3771 ἢν
3527 3701 3666 3754 ὑπο-

2093 3781 2313 3865 μένουσι
2344 3793 2588 3857 δικαίως,
2637 3793 2713 3862 (p.
2750 3793 2839 3861 54)
2870 3794 2991 3846 οὐδὲ
3031 3795 3096 3846 ὲκ
3136 3793 3435 3864 μεταϐολῆς
3465 3794 3664 3846 νεῦσαι

2089 3882 2226 3952 πρὸς
2271 3882 2361 3933 τὸν
2399 3879 2530 3932 Θεὸν
2563 3877 2929 3950 βουληθέντες.
2970 3898 2989 3930 ι
3041 3877 3147 3932 Καὶ
3184 3874 3251 3949 ἦν
3311 3876 3551 3948 Ἐφραῒμ
3585 3879 3667 3942 ὡς

2089 3968 2387 4042 περιστερά
2444 3969 2604 4031 ἄνους
2656 3967 2757 4021 οὐκ
2813 3968 3009 4038 ἔχουσα
3069 3967 3327 4039 καρδίαν·
3378 3967 3663 4035 Αἴγυπτον

2089 4060 2486 4125 ἐπεκαλοῦντο,
2533 4059 2625 4114 καὶ
2669 4061 2749 4122 εἰς
2805 4060 3119 4130 Ἀσσυρίους
3175 4059 3574 4131 ἐπορεύθησαν.
3636 4079 3656 4110 ι

2090 4153 2300 4222 Οίαπέρ
2331 4152 2481 4204 ἐστιν
2515 4152 2547 4220 ὴ
2580 4151 2879 4221 περιστερά
2912 4150 3044 4220 μηδέ
3089 4149 3196 4201 τῶν
3226 4148 3438 4201 οἰκείων
3465 4165 3665 4218 γεννη-

2092 4244 2278 4315 μάτων
2312 4243 2609 4314 ποιουμένη
2644 4242 2800 4309 λόγον
2820 4257 2835 4273 ο
2883 4235 2957 4294 ὧν
2991 4240 3388 4311 ἀφαιρουμένη,
3417 4241 3512 4292 ἐπὶ
3549 4242 3665 4294 τῶν

2089 4336 2268 4391 αὐτῶν
2317 4337 2495 4389 τόπων
2533 4333 2830 4388 νεοττεύειν
2884 4331 3071 4385 είωθεν
3119 4333 3314 4397 πάλιν,
3353 4331 3471 4385 οὐδὲ
3529 4333 3663 4401 μίαν

419 4423 758 4488 habuerunt,
807 4423 1024 4479 nullum
1077 4438 1297 4478 sensum
1345 4425 1496 4478 exitii
1543 4425 1626 4480 sui
1673 4428 1986 4495 capientes,

2091 4427 2287 4497 ἔχουσα
2311 4424 2655 4496 προμήθειαν
2676 4425 2774 4492 τῆς
2796 4422 3134 4492 ἀφαιρέσεως
3157 4419 3262 4472 τῶν
3281 4417 3659 4494 γεννωμένων·

417 4516 512 4571 sed
565 4523 945 4586 exspectantes
996 4509 1363 4584 IEgyptorum
1413 4516 1656 4579 auxilia,
1703 4532 1824 4587 qua:
1877 4532 1984 4571 non

417 4607 822 4673 impetrarunt;
866 4605 997 4660 dum
1045 4606 1248 4661 interea
1296 4607 1493 4677 grandi
1539 4623 1662 4662 cum
1717 4617 1988 4679 potestate

416 4697 622 4768 Assyrii
647 4713 743 4752 eos
773 4697 1116 4752 abducebant
1142 4699 1392 4767 captivos
1422 4700 1474 4752 in
1502 4701 1777 4769 regionem
1805 4716 1981 4756 suam.

422 4787 537 4842 «Et
562 4805 683 4842 cum
733 4787 960 4858 profecti
1011 4787 1251 4852 fuerint,
1305 4789 1612 4859 expandam
1665 4807 1831 4861 super
1889 4807 1986 4847 eos

416 4887 530 4933 rete
574 4893 750 4931 meum
783 4896 795 4931 :
846 4878 1003 4947 quasi
1039 4880 1288 4933 volucres
1319 4879 1447 4931 caeli
1499 4879 1783 4933 detraham
1813 4895 1932 4935 eos.
1966 4898 1987 4931 ι

415 4966 626 5036 Fugere
653 4969 720 5020 ab
748 4969 967 5022 illorum
989 5007 1004 5032 ,
1039 4969 1258 5039 inquam
1285 5009 1300 5032 ,
1333 4970 1596 5025 servitute
1627 4986 1854 5040 prorsus
1883 4985 1994 5026 non

414 5059 524 5129 36
551 5058 766 5122 licebit;
797 5060 923 5127 quia
952 5073 1052 5129 ego
1071 5098 1086 5122 ,
1115 5060 1217 5114 reti
1246 5061 1409 5114 veluti
1434 5101 1450 5124 ,
1481 5059 1700 5114 decreto
1727 5076 1847 5115 meo
1869 5061 1993 5116 illos

415 5149 842 5218 comprehensos
864 5189 880 5213 .
914 5149 968 5203 in
1003 5151 1373 5220 captivitatem
1407 5150 1566 5220 quasi
1603 5149 1828 5204 totidem
1864 5165 1993 5205 aves

418 5241 706 5294 abducam.
740 5259 758 5291 ι
791 5239 1082 5311 Castigabo
1139 5256 1234 5295 eos
1281 5241 1402 5309 ipso
1453 5255 1568 5296 sure
1621 5239 1990 5295 tribulationis

419 5330 629 5386 auditu.
661 5350 679 5382 ι
709 5330 884 5384 Tanta
915 5331 1024 5387 illis
1051 5329 1281 5385 inferam
1313 5333 1454 5386 mala
1478 5371 1493 5396 ,
1522 5341 1582 5386 ut
1613 5333 1694 5386 vel
1723 5333 1838 5402 ipsa
1873 5347 1992 5402 per-

419 5425 649 5480 molesta
676 5434 1069 5480 eventurorum
1102 5425 1370 5480 malorum
1405 5425 1615 5481 auditio
1643 5424 1878 5480 sulliciat
1921 5420 1988 5477 ad

419 5519 842 5590 corruptionem.

483 5785 533 5819 ³³
574 5783 718 5841 Psal.
753 5799 840 5850 cv,
876 5783 962 5839 δί.

2091 4520 2234 4573 οὕτω
2258 4518 2320 4588 δὴ
2351 4517 2446 4570 καὶ
2473 4511 2616 4570 οὗτοι
2640 4513 2946 4583 γεγόνασιν,
2979 4511 3230 4581 αἴσθησιν
3257 4511 3356 4580 τῆς
3381 4510 3664 4574 ἀπωλείας

2090 4613 2150 4665 ού
2194 4610 2560 4680 λαμϐάνοντες
2599 4606 2697 4676 τῆς
2745 4603 2981 4668 οἰκείας,
3015 4601 3132 4656 ἀλλ’
3166 4600 3526 4671 ἀναμένοντες
3558 4602 3663 4671 μὲν

2091 4703 2189 4775 τὴν
2217 4704 2283 4755 ἐκ
2299 4701 2408 4754 τῶν
2424 4699 2734 4766 Αἰγυπτίων
2766 4695 3038 4766 βοήθειαν,
3061 4695 3419 4762 τυγχάνοντες
3444 4691 3504 4744 δὲ
3531 4693 3662 4746 οὐθ-

2093 4795 2237 4858 ενός·
2267 4793 2366 4848 at;
2393 4791 2532 4862 μετὰ
2562 4788 2804 4862 μεγάλης
2827 4787 2927 4854 τῆς
2961 4786 3276 4848 δυναστείας
3315 4783 3425 4837 τῶν
3467 4784 3666 4837 Ἀσσυε-

2091 4886 2223 4957 ρίων
2251 4881 2632 4955 αἰχμαλώτους
2659 4878 2858 4942 αὐτοὺς
2888 4878 3213 4945 ἀπαγόντων
3240 4877 3333 4930 ἐπὶ
3357 4875 3427 4929 τά
3458 4879 3660 4930 οἰκεῖα.

2095 4997 2113 5028 ι
2172 4975 2367 5038 Καθὼς
2413 4974 2481 5028 ἂν
2527 4969 2886 5043 πορεύωνται,
2933 4968 3180 5022 ἐπιϐαλῶ
3229 4969 3316 5020 ἐπ’
3350 4967 3545 5030 αὐτοὺς
3602 4966 3665 5019 τὸ

2089 5067 2302 5120 δίκτυόν
2347 5083 2448 5137 μου
2471 5079 2486 5094 ο
2526 5061 2711 5124 καθὼς
2744 5059 2816 5113 τὰ
2845 5058 3066 5112 πετεινά
3114 5056 3206 5112 τοῦ
3261 5055 3492 5127 οὐρανοῦ
3548 5055 3666 5122 ἄξω

2090 5158 2307 5222 αὐτούς.
2343 5176 2362 5208 ι
2397 5157 2684 5222 Διαφυγεῖν
2709 5149 3189 5220 αὐτοὺς,φησὶ,τὴν
3213 5147 3437 5200 ἐκείνων
3458 5150 3662 5218 αἰχμα-

2090 5248 2306 5308 λωσίαν,
2332 5245 2440 5298 τῶν
2473 5244 2776 5297 ἀδυνάτων·
2807 5239 2991 5309 ἐπειδὴ
3019 5236 3207 5309 ὥσπερ
3229 5235 3338 5289 τινὶ
3367 5236 3570 5307 δικτύῳ
3593 5239 3660 5308 τῇ

2088 5338 2361 5408 ἀποφάσει
2386 5333 2696 5407 περιϐαλὼν
2723 5330 2920 5392 αὐτοὺς
2937 5370 2952 5392 ,
2979 5328 3134 5398 δίκην
3164 5326 3426 5381 πετεινῶν
3452 5327 3534 5390 εἰς
3563 5325 3664 5397 τὴν

2089 5428 2462 5500 αἰχμαλωσίαν
2500 5423 2712 5490 ἀπάξω.
2748 5441 2767 5473 ι
2802 5418 3083 5474 Παιδεύσω
3108 5418 3302 5480 αὐτοὺς
3333 5417 3393 5468 ἐν
3423 5419 3494 5488 τῇ
3523 5416 3660 5487 ἀκοῇ

2085 5522 2186 5590 τῆς
2213 5518 2443 5588 θλίψεως
2465 5515 2664 5570 αὐτῶν.
2691 5533 2710 5566 ι
2741 5509 2978 5564 Τοιαῦτα
2999 5509 3056 5561 δὲ
3079 5507 3262 5569 αὐτοῖς
3281 5505 3470 5570 ἐπάξω
3494 5507 3661 5571 κακὰ,

2096 5611 2235 5665 ὥστε
2266 5611 2360 5663 καί⁵
2390 5609 2490 5678 τὴν
2522 5606 2688 5676 ἀκοὴν
2720 5603 2829 5656 τῶν
2864 5597 3304 5669 ἐπελευσομὲνων
3341 5597 3528 5660 αὐτοῖς
3559 5613 3654 5651 κα-

2094 5705 2206 5760 κῶν
2235 5703 2543 5777 βαρυτάτην
2568 5696 2752 5766 οὗσαν,
2784 5697 2973 5768 ἀρκεῖν
2996 5696 3074 5756 εἰς
3107 5688 3357 5743 παιδείαν
3382 5689 3594 5752 αὐτοῖς.
