3814 6224
162 274 240 331 ιιι
1094 256 1637 323 COMMENTARIUS
1663 264 1731 319 IN
1769 265 1970 322 OSEAE
2001 266 2151 321 CAP.
2194 266 2324 323 VIII.

3264 272 3365 325 I70

210 387 337 455 Στίχ.
386 389 587 450 ιγ’-ις’.
638 411 706 424 -—
758 382 868 434 Καὶ
897 380 948 433 τί
986 380 1045 433 τὸ
1096 381 1302 433 τούτων
1334 379 1508 431 αἴτιον
1538 379 1698 431 πάλιν

1874 380 2039 435 Vnns.
2082 378 2273 435 13-16.
2310 413 2377 421 —
2410 378 2589 451 Atque
2627 381 2821 435 horum
2860 397 3082 436 causam
3125 399 3247 438 mox
3285 386 3368 439 di—

156 478 325 546 λίγων·
357 493 378 526 ι
412 474 546 527 Οὐαὶ
570 474 756 535 αὐτοῖς
787 473 869 525 ὃτι
893 470 1249 542 ἀπεπήδησαν
1273 471 1367 523 ἀπ’
1397 468 1533 538 ἐμοῦ
1552 485 1566 499 ·
1590 468 1697 521 δεί-

158 568 270 623 λαιοί
291 567 424 618 εἰσιν
451 564 527 633 (p.
569 562 660 627 55)
696 563 778 614 ὅτι
807 560 1087 631 ἠσέϐησαν
1127 560 1207 622 είς
1252 559 1388 628 ἐμέ·
1422 557 1563 628 ὑπὲρ
1588 558 1697 627 γὰρ

155 658 234 728 τῆς
260 658 335 718 είς
378 654 481 724 ἐμὲ
526 650 872 722 παρανομίας
923 650 1204 703 πείσονται
1252 646 1451 701 ταῦτα·
1493 648 1605 716 ἐγὼ
1640 648 1698 701 δὲ

153 746 518 817 ἐλντρωσάμην
570 744 798 806 αὐτοὺς,
830 742 925 795 καὶ
964 740 1120 795 αὐτοὶ
1156 739 1532 809 κατελάλησαν
1577 741 1697 793 κατ’

152 839 265 909 ἐμοῦ
290 837 478 907 ψευδῆ.
535 855 554 887 ι
591 835 705 888 Καὶ
738 834 849 904 γὰρ
885 833 1093 888 ἄνωθεν
1121 830 1234 901 ἐγὼ
1264 834 1364 902 μὲν
1397 832 1599 894 αὐτοὺς
1637 826 1696 885 εὖ

151 931 372 992 ἐποίουν,
419 929 572 982 αὐτοὶ
612 926 671 979 δὲ
713 925 813 996 τὴν
856 923 1250 994 ἀγνωμοσύνην
1297 924 1427 993 περὶ
1469 921 1570 993 ἐμὲ
1603 923 1700 974 ἐπ-

146 1022 426 1075 εδείκνυντο
445 1020 542 1089 τὴν
569 1017 797 1071 οίκείαν·
819 1014 1105 1085 ἀπήλλαξα
1132 1014 1230 1084 μὲν
1250 1015 1359 1085 γὰρ
1382 1014 1575 1078 αὐτοὺς
1600 1014 1699 1084 τῆς

150 1114 239 1167 ὑπὸ
259 1112 586 1179 Αίγυπτίους
608 1108 870 1172 δουλείας,
895 1109 1093 1160 ἐκεῖνοι
1121 1106 1179 1159 δέ
1202 1107 1311 1159 πᾶν
1330 1106 1358 1159 ὅ
1378 1118 1432 1158 τι
1462 1105 1702 1175 βλάσφη-

149 1223 233 1275 μον
259 1204 585 1273 ἐφθέγγοντο
604 1201 686 1264 εἰς
714 1199 846 1270 ἐμέο
878 1198 1009 1251 ποτέ
1042 1198 1140 1268 μὶν
1167 1197 1366 1268 μόσχον
1398 1195 1702 1268 ἐργαζόμε-

146 1314 213 1349 νοι
242 1296 332 1349 καὶ
359 1295 609 1361 λέγοντες
632 1308 646 1322 ·
685 1308 704 1342 ι
758 1281 920 1342 Οὗτοι
960 1290 1009 1341 οε
1057 1286 1169 1340 Θεοί
1210 1304 1327 1348 σου,
1374 1286 1611 1357 Ἰσραὴλ,
1652 1286 1701 1338 οἳ

143 1386 394 1457 ἐξὴγαγόν
426 1402 485 1437 σε
516 1386 583 1437 ἐκ
612 1383 706 1454 τῆς
740 1381 1017 1449 Αἰγύπτου
1040 1397 1054 1411 ο
1101 1396 1118 1431 ι
1158 1381 1289 1432 ποτὲ
1320 1378 1376 1431 δέ
1411 1378 1531 1431 ἐπεὶ
1562 1377 1702 1430 ἐπά-

143 1480 253 1544 ταξε
295 1478 526 1548 πέτραν,
574 1476 669 1529 καὶ
719 1474 997 1545 ἐρρύησαν
1042 1471 1229 1534 ὕδατα,
1274 1471 1369 1523 καὶ
1413 1469 1703 1540 χείμαρροι

140 1568 606 1637 κατεκλύσθησαν,
655 1584 674 1616 ι
735 1564 828 1634 Μὴ
872 1563 1036 1634 ἄρτον
1078 1561 1365 1632 δονήσεται
1407 1559 1627 1624 δοῦναι,
1668 1559 1701 1631 ἦ

136 1663 411 1731 ἑτοιμάσαι
460 1657 741 1731 τράπεζαν
789 1655 868 1725 τῷ
924 1654 1041 1725 λαῷ
1088 1652 1288 1719 αὐτοῦ;
1340 1682 1411 1692 -
1439 1652 1552 1706 Καὶ
1602 1652 1701 1704 ούκ

1799 486 1931 524 cens
1951 510 1966 533 ,
1997 489 2015 521 ι
2048 468 2140 525 Vae
2167 471 2248 526 eis
2269 512 2284 535 ,
2319 472 2530 542 inquit,
2554 472 2813 541 quoniam
2837 472 3151 528 resilierunt
3181 490 3211 528 a
3242 479 3364 530 me!

1797 558 2047 614 Infelices
2090 570 2254 626 sunt,
2284 562 2412 631 quia
2458 563 2623 632 impie
2670 569 2899 632 egerunt
2935 564 2988 617 in
3022 579 3147 620 me:
3185 567 3370 636 utique

1799 659 2021 720 propter
2077 667 2206 707 suas
2263 666 2390 723 erga
2445 669 2533 708 me
2583 652 2852 718 oifcnsas,
2906 654 3019 708 lucc
3071 656 3366 726 patientur.

1799 742 2065 812 Equidem
2102 759 2197 798 eos
2236 745 2572 799 redemeram
2596 786 2611 811 ,
2648 755 2703 800 at
2738 745 2843 815 ipsi
2879 747 3043 801 locuti
3076 756 3203 802 sunt
3234 763 3371 804 con-

1798 842 1885 888 tra
1918 850 2003 889 m-e
2038 836 2342 890 mendacia.
2377 855 2394 887 ι
2430 835 2567 890 Olim
2599 852 2698 906 ego
2726 839 2809 892 eis
2842 839 2979 894 bene
3016 838 3281 900 feceram,
3314 849 3372 895 at.

1798 923 1905 993 ipsi
1943 925 2141 993 ingrati
2180 924 2445 980 adversus
2479 940 2563 980 me
2602 926 2952 982 exstiterunt.
2998 927 3239 983 Subduxi
3275 945 3373 986 eos

1802 1015 2024 1071 servitio
2062 1014 2441 1086 Egyptiorum
2471 1059 2486 1082 ,
2527 1024 2582 1070 at
2621 1017 2725 1087 ipsi
2764 1020 2971 1073 nullum
3024 1021 3373 1091 blasphemia:

1802 1122 1974 1176 genus
2012 1108 2277 1165 adversus
2315 1123 2399 1163 me
2447 1124 2554 1163 non
2594 1108 2885 1176 dixerunt,
2923 1126 3070 1166 nunc
3109 1112 3373 1169 fabricato

1799 1200 1974 1255 vitulo
2039 1200 2431 1271 dicentesque:
2464 1219 2482 1251 ι
2518 1198 2582 1253 [Ii
2645 1202 2721 1255 dii
2789 1204 2901 1265 tui,
2960 1200 3148 1268 Israel,
3188 1206 3280 1274 qui
3318 1215 3374 1261 te

1800 1290 2042 1362 Egypto
2075 1291 2383 1346 eduxerunt
2419 1291 2507 1345 ἰι
2553 1310 2575 1343 ι
2610 1308 2755 1346 nunc
2790 1301 3078 1364 postquam
3121 1292 3373 1367 (Moyses)

1801 1390 2012 1452 petram
2050 1388 2446 1451 percusserat,
2485 1389 2538 1437 et
2573 1398 2730 1449 aqua:
2765 1384 3087 1439 ctﬂuxerant
3115 1426 3130 1450 ,
3170 1397 3223 1441 et
3262 1395 3377 1440 tor-

1803 1471 2038 1525 rentium
2079 1470 2255 1524 instar
2293 1473 2728 1541 inundaverant,
2764 1474 2943 1529 adhuc
2996 1484 3175 1531 tamen
3225 1476 3376 1533 dice-

1804 1559 1974 1614 bant:
2006 1577 2024 1611 ι
2054 1558 2194 1613 Num
2237 1559 2497 1616 Dominus
2538 1563 2669 1618 dare
2710 1578 2902 1633 panem
2943 1565 3179 1633 poterit,
3222 1582 3375 1621 men-

1804 1658 2034 1721 samque
2064 1660 2333 1721 apparare
2367 1653 2568 1723 populo
2600 1669 2701 1709 suo
2727 1655 2774 1687 "
2799 1656 2821 1707 ?
2846 1686 2915 1695 —
2943 1653 3129 1726 Neque
3168 1656 3236 1712 ad
3288 1672 3378 1713 me

136 1754 353 1823 ἐϐόησαν
376 1752 515 1823 πρός
551 1767 617 1821 με
647 1751 703 1803 αί
730 1746 953 1819 καρδίαι
978 1746 1177 1800 αὐτῶν.
1203 1764 1222 1799 ι
1258 1745 1465 1800 Νεῦσαι
1484 1745 1540 1798 δὲ
1568 1746 1703 1816 πρός

1812 1739 2183 1794 clamaverunt
2232 1741 2398 1795 corda
2446 1756 2654 1797 eorum.
2690 1744 2809 1797 »ΑιΙ
2841 1760 2929 1799 me
2978 1760 3107 1801 vero
3161 1747 3378 1802 sincera

140 1863 200 1915 με
247 1844 531 1913 εἰλικρινεῖ
578 1842 645 1911 τῇ
692 1838 937 1909 διανοίᾳ,
972 1838 1067 1891 καὶ
1098 1838 1386 1906 ἀναμεῖναι
1433 1835 1534 1906 τὴν
1568 1835 1702 1904 παρ’

134 1936 259 2007 ἐμοῦ
289 1934 525 2005 δωρεὰν,
554 1934 635 1994 είς
665 1929 791 1983 νοῦν
817 1929 919 1982 οὒκ
948 1928 1221 1982 ἐϐάλοντο.
1259 1945 1278 1980 ι
1321 1927 1480 1980 Ἀλλά
1504 1926 1705 1980 ὠλόλυ-

132 2029 219 2092 ζον
250 2029 304 2080 ἐν
335 2028 459 2088 ταῖς
497 2022 706 2085 κοίταις
739 2020 952 2074 αὐτῶν·
994 2020 1088 2072 ἐπὶ
1128 2020 1260 2089 σίτῳ
1296 2019 1390 2072 καὶ
1415 2020 1541 2088 οἴνῳ
1575 2035 1706 2072 κατ-

132 2114 434 2183 ετέμνοντο.
464 2130 484 2163 ι
516 2109 837 2164 Τούναντίον
867 2109 965 2179 μὲν
984 2104 1076 2161 οὖν
1107 2110 1202 2161 καὶ
1233 2110 1315 2173 εἰς
1345 2109 1445 2179 τὴν
1472 2108 1576 2178 γῆν
1606 2107 1706 2177 τῆς

136 2202 462 2272 ἐπαγγελίας
500 2198 941 2270 είσεληλυθότες,
978 2199 1073 2252 καὶ
1115 2200 1217 2269 τῆς
1259 2201 1392 2269 παρ’
1440 2198 1577 2268 ἐμοῦ
1623 2198 1707 2250 δοσ-

132 2295 304 2365 6είσης
335 2296 529 2356 αὐτοῖς
564 2291 926 2354 ἀναπαύσεως
956 2291 1319 2361 τετυχηκότες
1351 2289 1562 2360 (κοίτην
1598 2289 1708 2360 γὰρ

133 2386 301 2438 αὐτῶν
342 2385 511 2438 τοῦτο
544 2383 748 2451 καλεῖ),
783 2382 985 2453 μηδένα
1018 2382 1173 2450 λόγον
1209 2381 1343 2452 ἐμοῦ
1371 2380 1704 2451 ποιούμενοι,

134 2478 252 2547 api.
278 2479 379 2547 τὴν
404 2476 516 2531 τῶν
540 2475 811 2546 δαιμόνων
841 2474 1165 2544 ἠσχολοῦντο
1191 2473 1510 2544 θεραπείαν,
1533 2471 1711 2525 ὀλολύ-

133 2570 305 2633 ζοντές
335 2587 397 2623 τε
440 2570 537 2622 καί
566 2568 1030 2637 κατατεμνόμενοι
1060 2565 1203 2618 κατά
1232 2565 1292 2618 τὸ
1322 2566 1453 2635 παρ’
1482 2564 1711 2626 ἐκείνοις

132 2662 437 2730 εἰθισμένον
458 2676 471 2690 ·
503 2660 648 2729 άπερ
678 2653 771 2711 οὗν
804 2657 1073 2727 ἐπλήρουν
1094 2696 1108 2721 ,
1154 2652 1339 2718 αὐτοῖς
1372 2655 1711 2724 λογιζόμενοι

132 2750 231 2801 τῶν
262 2748 575 2818 δεδομένων
604 2747 789 2809 αὐτοῖς
822 2744 1040 2814 ἀγαθῶν
1073 2746 1204 2815 παρ’
1238 2742 1373 2814 ἐμοῦ
1411 2744 1510 2813 τὴν
1541 2756 1708 2814 Χορη’

128 2840 266 2907 τίαν.
322 2858 343 2892 ι
399 2837 835 2909 Ἐπαιδεύθησαν
864 2839 922 2889 ἐν
956 2836 1099 2906 ἐμοί.
1140 2855 1158 2887 ι
1198 2836 1274 2905 (p.
1310 2834 1401 2903 56)
1441 2834 1613 2905 ’Υπὲρ
1644 2834 1710 2902 δὴ

131 2933 325 2985 τούτων
362 2924 447 2985 ὧν
480 2933 560 2993 είς
601 2929 702 3000 ἐμὲ
747 2928 1098 2999 παρηνόμουν
1139 2926 1379 2991 δέξονται
1411 2929 1541 2996 παρ’
1574 2925 1710 2995 ἐμοῦ

130 3026 220 3092 τὴν
250 3025 646 3094 προσήκουσαν
678 3020 925 3073 παιδείαν
955 3019 1221 3088 αὐτάρκη.
1255 3017 1506 3070 Διδάσκει
1534 3016 1591 3068 δέ
1616 3016 1711 3067 αὑ-

127 3118 245 3179 τοὺς
283 3116 365 3178 ὡς
399 3113 756 3184 παρηνόμουν
786 3110 1008 3163 τοιαῦτα
1039 3108 1340 3172 ποιοῦντες.
1392 3126 1412 3158 ι
1468 3106 1577 3160 Καὶ
1601 3103 1711 3173 ἐγὼ

131 3208 438 3277 κατίσχυσα
472 3206 601 3267 τοὺς
650 3202 939 3274 βραχίονας
968 3199 1147 3254 αὐτῶν
1168 3240 1182 3265 ,
1214 3198 1309 3252 καὶ
1342 3200 1421 3261 είς
1458 3196 1559 3266 ἐμὲ
1591 3196 1709 3249 ἐλο-

127 3298 349 3351 γίσαντο
387 3295 630 3365 πονηρά.
671 3316 691 3344 ι
724 3291 834 3345 Καὶ
865 3292 947 3344 ὅτι
972 3290 1002 3342 ὀ
1050 3291 1146 3360 μὲν
1173 3289 1273 3359 τὴν
1307 3288 1460 3358 ίσχὺν
1494 3286 1711 3340 ἅπασαν

126 3392 307 3453 αὐτοῖς
355 3387 621 3458 παρέχων
658 3383 799 3438 κατά
838 3384 945 3436 τῶν
978 3380 1251 3452 πολεμίων
1294 3378 1443 3449 ἢμην
1479 3376 1591 3445 ἐγώ
1614 3393 1629 3409 ’
1660 3378 1709 3429 ιιί

122 3482 177 3535 ἃ
209 3484 321 3535 πᾶν
356 3483 389 3535 ὅ
430 3497 487 3532 τι
528 3478 728 3532 ἄτοπον
770 3474 867 3529 καὶ
900 3473 1155 3536 ἀσεϐείας
1205 3472 1399 3542 μεστὸν
1442 3468 1709 3540 μετῄεσαν

124 3572 465 3631 ἀσεϐοῦντες
496 3570 577 3631 είς
608 3566 728 3637 ἐμέ.
785 3583 806 3618 ι
856 3564 1309 3632 Ἐπεστράφησαν
1341 3560 1421 3621 είς
1464 3556 1641 3610 οὐθέν.
1686 3572 1704 3605 ι

127 3659 626 3730 Ιίεταϐαλομὲνονς
661 3657 770 3727 γάρ
801 3655 997 3716 αὐτοὺς
1026 3652 1113 3706 διὰ
1146 3650 1245 3720 τῆς
1277 3649 1445 3721 ὀργῆς
1478 3647 1569 3701 καὶ
1613 3647 1713 3717 τῆς

127 3742 403 3823 τιμωρίας
440 3750 541 3818 τῆς
573 3748 715 3819 ἐμῆς
750 3747 929 3812 ἔδειξα
950 3745 1113 3807 ὂντας
1154 3743 1215 3795 τὸ
1251 3741 1439 3813 μηθέν.
1485 3758 1505 3791 ‹
1556 3738 1713 3806 Ἐγέ-

126 3856 274 3898 νοντο
304 3846 392 3906 είς
423 3840 582 3906 τόξον
610 3839 672 3892 ού
703 3837 1020 3907 τεταμένον.
1057 3853 1077 3885 ι
1112 3834 1275 3885 Ὥστε
1319 3830 1483 3901 μηδὲν
1516 3828 1714 3890 αὐτοὺς

120 3938 481 3990 διαλλάττειν
504 3931 658 3998 τόξου
678 3931 779 3983 οὐκ
829 3926 1195 3997 ἐντεταμένην
1234 3924 1448 3993 ἔχοντος
1470 3922 1568 3992 τὴν
1594 3936 1716 3974 νευ-

129 4029 255 4099 ρὰν,
286 4029 440 4096 ὅπερ
481 4021 756 4089 ἀνωφελές
782 4022 899 4073 ἐστι
929 4017 1007 4088 τῷ
1040 4013 1386 4085 πολεμοῦντι,
1431 4012 1624 4083 μέχρις
1651 4010 1718 4063 ἂν

124 4117 219 4169 ἐπὶ
244 4115 455 4168 τούτου
479 4110 576 4164 τοῦ
608 4110 884 4180 σχήματος
1004 4104 1177 4167 οὕτως
1205 4103 1419 4156 ἔσονται
1446 4101 1718 4170 ἄπρακτοι

126 4210 269 4263 κατά
298 4208 419 4260 τῶν
455 4201 727 4273 πολεμίων
755 4200 849 4254 καὶ
877 4198 1142 4260 ἀσθενεῖς’
1163 4194 1321 4249 τοῦτο
1343 4189 1437 4247 οῦν
1459 4193 1607 4259 λέγει
1633 4191 1716 4252 τὸ,

128 4293 621 4364 «Ἑπαιδεόθηααν
663 4293 719 4343 ἐν
753 4289 897 4359 ἐμοὶ,
921 4305 940 4339 ι
963 4289 1051 4341 ἵνα
1086 4287 1235 4355 εἴπῃ,
1267 4286 1349 4338 ὅτι
1382 4283 1495 4351 Οὐχ
1526 4279 1719 4351 ὁμολο-

1806 1838 1989 1885 tuente
2016 1830 2319 1895 declinare,
2348 1840 2402 1887 et
2424 1834 2740 1888 donativum
2762 1844 3110 1906 exspectare,
3143 1854 3251 1893 non
3283 1854 3376 1893 co-

1807 1924 2069 1991 gitarunt.
2106 1941 2125 1973 ι
2155 1922 2261 1979 Sed
2292 1925 2574 1979 ululabant
2612 1928 2666 1980 in
2707 1928 2983 1984 cubilibus
3016 1930 3133 1985 suis
3162 1949 3175 1985 :
3213 1946 3379 2000 super

1806 2012 1991 2065 tritico
2016 2023 2065 2067 et
2092 2013 2218 2069 vino
2250 2016 2594 2070 secabantur.
2624 2036 2643 2068 ι
2669 2018 2870 2073 Contra
2898 2036 3029 2075 vero
3048 2062 3063 2088 ,
3092 2037 3160 2076 ne
3190 2031 3376 2091 postea

1806 2104 2025 2173 quidem
2074 2120 2239 2175 quam
2289 2106 2343 2161 in
2389 2108 2715 2177 promissam
2763 2120 2961 2165 terram
3006 2112 3377 2176 devenerant,

1807 2191 1933 2245 data
1974 2202 2005 2245 a
2049 2207 2135 2248 me
2177 2194 2315 2263 ipsis
2360 2196 2553 2265 requie
2594 2197 2793 2266 potiti,
2829 2197 2974 2252 hanc
3009 2200 3156 2255 enim
3197 2200 3381 2255 cubile

1807 2297 1996 2337 eorum
2036 2290 2347 2350 nuncupat,
2386 2285 2519 2339 nihil
2552 2285 2620 2340 de
2653 2302 2738 2342 me
2767 2287 3025 2352 solliciti,
3070 2288 3377 2344 dmmonum

1809 2375 2186 2446 superstitioni
2216 2377 2519 2444 vacabant,
2558 2378 2832 2436 ululantes
2863 2390 3147 2452 semetque
3178 2397 3378 2446 secan-

1807 2474 1926 2534 tes,
1974 2484 2074 2538 pro
2123 2484 2275 2526 more
2318 2471 2431 2526 illic
2460 2483 2768 2528 consueto:
2804 2489 2924 2543 qua:
2954 2474 3083 2529 dum
3121 2484 3378 2545 agerent,

1810 2569 2035 2629 accepta
2066 2559 2315 2615 ferebant
2344 2561 2684 2620 dmmonibus
2712 2563 2854 2619 bona
2885 2566 2974 2620 illa
2999 2581 3118 2635 quae
3146 2582 3245 2637 ego
3273 2566 3383 2620 lar-

1810 2650 1956 2719 gitus
1985 2649 2219 2705 fueram.
2250 2672 2272 2704 ι
2299 2651 2512 2707 Eruditi
2544 2654 2766 2709 fuerunt
2798 2670 2829 2708 a
2860 2672 2964 2710 me.
2991 2655 3110 2711 iOb
3144 2656 3258 2709 haec
3286 2671 3384 2710 auo

1810 2749 1918 2795 tem
1947 2757 2068 2810 qua:
2093 2751 2283 2798 contra
2325 2759 2411 2798 me
2451 2756 2845 2813 peccaverunt,
2891 2762 3190 2816 congruam
3223 2740 3381 2802 'sulIi-

1811 2830 2155 2901 cientemque
2178 2848 2265 2887 me
2290 2842 2514 2889 auctore
2536 2836 2948 2905 castigationem
2978 2839 3382 2893 nanciscentur.

1810 2920 1986 2975 Porro
2015 2923 2094 2977 eis
2122 2923 2499 2989 demonstrat,
2535 2926 2680 2994 quod
2711 2927 2786 2980 ita
2816 2942 2875 2983 se
2904 2937 3158 2998 gerentes
3186 2945 3385 2998 pecca-

1812 3013 2009 3067 verint.
2038 3032 2058 3066 ι
2090 3016 2204 3085 Ego
2235 3016 2622 3071 roboraveram
2655 3018 2880 3073 brachia
2908 3035 3097 3075 eorum
3118 3061 3133 3084 ,
3180 3029 3236 3074 at
3280 3020 3385 3091 ipsi

1816 3102 1872 3156 in
1898 3119 1986 3158 me
2008 3107 2387 3174 cogitaverunt
2416 3108 2697 3161 malitiam.
2729 3128 2746 3159 ι
2772 3107 2883 3180 Ego
2908 3108 3186 3164 enimvero
3216 3111 3388 3165 robur

1814 3207 1977 3247 onme
2008 3192 2075 3247 iis
2128 3194 2392 3250 adversus
2420 3194 2608 3251 hostes
2640 3197 2965 3263 indideram,
3003 3207 3057 3252 at
3095 3200 3195 3269 ipsi
3233 3208 3389 3271 turpe

1815 3284 2093 3352 quodlibet
2121 3286 2229 3356 37
2259 3296 2312 3342 et
2338 3287 2615 3357 impietate
2646 3298 2864 3345 scatens
2889 3306 3013 3344 cum
3037 3289 3243 3346 offensa
3271 3308 3387 3347 mea

1816 3385 2188 3444 patraverunt.
2220 3396 2241 3428 ι
2271 3378 2535 3434 Conversi
2570 3386 2697 3433 sunt
2731 3381 2786 3433 in
2820 3380 3070 3436 nihilum.
3100 3402 3118 3433 ι
3150 3382 3390 3437 Conver-

1817 3483 1907 3523 sns
1938 3470 2059 3523 illos
2080 3508 2093 3530 ,
2127 3470 2198 3523 ob
2227 3471 2362 3523 iram
2395 3486 2569 3525 meam
2602 3485 2925 3543 pcnnamque
2969 3489 2999 3527 a
3046 3490 3131 3529 me
3162 3474 3389 3545 impOsi-

1819 3568 1927 3613 tam
1952 3600 1967 3623 ,
2014 3560 2147 3613 nihil
2190 3576 2310 3615 esse
2345 3563 2583 3616 ostendi.
2614 3582 2631 3613 ι
2658 3562 2810 3617 Facti
2851 3572 2981 3619 sunt
3020 3566 3178 3634 quasi
3223 3582 3390 3623 arcus

1819 3650 2045 3705 minime
2094 3650 2356 3707 intentus.
2389 3671 2407 3703 ι
2436 3654 2514 3706 Ita
2564 3660 2624 3707 ut
2669 3654 2806 3708 nihil
2852 3654 3107 3709 differant
3147 3656 3216 3710 ab
3258 3672 3389 3711 arcu

1819 3740 2086 3794 intentum
2136 3756 2361 3796 nervum
2402 3757 2510 3795 non
2545 3742 2816 3811 habente;
2868 3746 2960 3814 qui
3017 3761 3147 3800 sane
3183 3747 3391 3803 inutilis

1821 3828 2070 3884 bellatori
2096 3837 2180 3885 est
2202 3871 2215 3895 ,
2244 3832 2486 3896 quandiu
2511 3832 2614 3887 hac
2636 3834 2943 3890 conditione
2972 3847 3075 3891 est.
3110 3837 3201 3891 Sic
3230 3846 3394 3893 erunt

1819 3918 2024 3974 inertes
2054 3920 2319 3976 adversus
2349 3922 2535 3979 hostes
2562 3931 2725 3993 atque
2751 3924 3025 3981 imbecilli.
3064 3925 3179 3982 Iloc
3208 3928 3394 3999 itaque

1821 4012 2131 4080 significant
2156 4013 2319 4067 verba
2342 4053 2357 4077 ,
2388 4032 2407 4065 ι
2431 4013 2643 4070 Eruditi
2675 4026 2803 4071 sunt
2828 4030 2859 4071 a
2889 4033 3013 4085 mc;
3042 4037 3061 4069 ι
3082 4035 3273 4090 nempe
3296 4036 3393 4078 eos

1821 4115 1931 4153 non
1958 4102 2280 4158 confitentes
2311 4105 2575 4158 bonorum
2611 4120 2640 4158 a
2671 4122 2756 4161 me
2783 4116 3060 4177 acceptam
3092 4111 3396 4178 possessio-

1822 4206 1980 4254 nem,
2025 4193 2135 4247 imo
2180 4194 2234 4247 in
2278 4193 2433 4263 pejus
2483 4212 2813 4261 conversos,
2860 4198 3106 4253 debitum
3156 4200 3391 4255 cilicium

1823 4282 1985 4336 docui
2015 4325 2029 4349 ,
2062 4285 2407 4354 perspicuam
2441 4287 2747 4356 iniquitatis
2778 4303 2891 4342 suae
2924 4289 3130 4345 faciens
3166 4292 3273 4346 illis
3302 4292 3395 4346 de-

126 4392 368 4462 γοῦντας
402 4380 484 4441 ὧν
517 4383 709 4437 ἔλαϐον
736 4383 867 4452 παρ’
900 4378 1034 4449 ἐμοῦ
1067 4377 1164 4448 τὴν
1188 4376 1488 4469 ἀπόλαυσιν
1530 4375 1597 4443 τῇ
1628 4370 1704 4469 ἐλιιί

1827 4374 2297 4429 monstrationem.
2335 4393 2353 4426 ι
2382 4374 2592 4430 Cadent
2647 4377 2920 4445 principes
2967 4392 3157 4432 eorum
3212 4379 3395 4447 gladio

122 4485 185 4536 τὸ
210 4486 409 4554 χεῖρον
437 4475 733 4549 μεταϐολῇ,
754 4472 816 4525 τὸ
845 4472 963 4525 δέον
992 4470 1190 4531 αὐτοὺς
1222 4466 1537 4528 ἐπαίδευσα,
1571 4462 1704 4554 σαφὶ

1825 4471 2049 4531 propter
2078 4464 2402 4533 imperitiam
2434 4466 2632 4535 linguae
2661 4481 2791 4521 suae.
2822 4484 2841 4517 ι
2871 4465 2933 4519 Hi
2980 4481 3109 4536 ergo
3146 4467 3394 4522 infirma-

123 4552 626 4645 tis-tramam;
657 4564 837 4620 αὐτῶν
860 4561 1232 4634 παρεχόμενος
1256 4554 1439 4619 αὐτοῖς
1467 4554 1566 4625 τὴν
1589 4552 1704 4645 ἀπό

1822 4554 2068 4609 buntur:
2119 4557 2304 4613 hostes
2348 4568 2527 4613 autem
2559 4566 2668 4612 tam
2700 4558 2894 4613 validis
2936 4570 3096 4614 erunt
3147 4561 3392 4628 viribus,

120 4644 315 4729 δειξιν.
362 4679 387 4713 ι
441 4656 740 4712 Πεσοῦνται
770 4654 818 4706 οἱ
856 4654 1114 4722 ἄρχοντες
1154 4647 1333 4701 αὐτῶν
1362 4648 1420 4698 ἐν
1454 4644 1722 4715 ῥομφαίᾳ,

1824 4646 2080 4700 utetiam
2126 4647 2338 4701 illorum
2382 4648 2657 4719 principes
2697 4665 2822 4704 cum
2876 4649 3101 4720 reliquis
3146 4652 3257 4705 sint
3310 4652 3396 4707 in-

120 4757 187 4809 δι’
232 4750 608 4810 ἀπαιδευσίαν
666 4745 920 4815 γλώσσης
968 4740 1165 4795 αὐτῶν.
1221 4758 1239 4790 ι
1280 4732 1438 4791 Οὗτοι
1489 4735 1587 4804 μὲν
1630 4729 1704 4786 οῦκ

1823 4735 2144 4802 terfecturi;
2201 4751 2485 4810 prapterea
2540 4741 2685 4809 quod
2742 4741 2939 4796 inscite
2994 4742 3259 4799 adversus
3308 4760 3396 4799 me

118 4848 573 4917 ἀσθενήοουσιν·
602 4840 654 4892 οἱ
680 4836 928 4905 πολέμιοι
964 4833 1022 4886 δέ
1058 4829 1325 4898 τοσαύτην
1368 4826 1549 4892 ἕξουσι
1602 4824 1721 4877 κατ’

1822 4827 1985 4879 verba
2018 4826 2351 4882 clIutiebant.

120 4940 312 4994 αὐτῶν
343 4936 455 5006 τὴν
492 4932 667 5001 ἰσχὺν,
700 4928 797 4997 (p.
830 4926 923 4995 57)
952 4922 1094 4976 ὥστε
1139 4922 1234 4973 καὶ
1264 4920 1390 4980 τοὺς
1426 4918 1690 4987 ἄρχοντας
1726 4917 1902 4970 αὐτῶν
1938 4919 2035 4970 σὺν
2079 4922 2192 4982 τοῖς
2232 4921 2437 4981 λοιποῖς
2476 4921 2702 4983 ἀνελεῖν,
2758 4923 2895 4993 ὑπὲρ
2937 4917 3010 4976 ὧν
3059 4925 3397 4989 ἀπαιδεύτως

118 5032 479 5102 ἐφθέγγοντο
509 5022 631 5077 κατ’
663 5017 819 5090 ἐμοῦ.

794 5122 953 5175 ΚΕΦ.
998 5120 1079 5173 Η’.

192 5224 361 5293 Στίχ.
397 5218 549 5286 α’-γ’.
594 5244 663 5255 --
708 5232 728 5265 ι
765 5204 934 5275 Οὗτος
957 5212 987 5263 ὁ
1014 5208 1316 5279 φαυλισμὸς
1355 5205 1536 5260 αὐτῶν
1565 5206 1623 5257 ἐν
1652 5206 1722 5274 γῇ

2446 5109 2597 5166 CAP.
2640 5112 2775 5167 VIII.

1895 5200 2061 5256 Vens.
2099 5200 2211 5254 1-5.
2246 5230 2314 5240 -
2366 5218 2385 5253 ι
2426 5200 2549 5256 Ilaec
2590 5214 2674 5257 est
2723 5202 3081 5259 subsannatio
3118 5219 3306 5273 eorum
3342 5207 3398 5260 in

120 5290 424 5384 Αἰγύπτου
459 5309 555 5363 ἐπὶ
601 5305 848 5377 φάρυγγι
897 5301 1104 5356 αὐτῶνο
1139 5301 1215 5365 ὡς
1259 5298 1333 5367 γῆ
1380 5297 1601 5360 ἄϐατος,
1650 5293 1704 5346 (In

1825 5300 1969 5347 terra
2001 5290 2220 5363 [Egypti
2254 5292 2309 5345 in
2343 5299 2564 5360 gutture
2591 5308 2801 5359 eorum,
2840 5304 2897 5349 ut
2937 5303 3084 5351 terra
3130 5296 3297 5359 invia,
3340 5304 3401 5350 ut

124 5402 404 5472 σάλπιγξ,
432 5400 509 5464 ὡς
530 5399 686 5461 ἀετὸς
712 5397 799 5451 ἐπ’
818 5391 967 5449 οἷκον
988 5393 1218 5465 Κυρίου.
1251 5410 1269 5442 ι
1302 5388 1487 5442 Ταῦτα
1511 5386 1577 5457 δὴ
1606 5385 1728 5438 πεί-

123 5513 321 5551 σονται
358 5490 743 5566 μιμησάμενοι
790 5486 901 5540 τῶν
952 5486 1205 5557 πατέρων
1242 5481 1422 5536 αὐτῶν
1454 5480 1553 5552 τὴν
1591 5475 1729 5548 γνώ-

128 5606 237 5659 μην
258 5627 279 5652 ,
309 5585 368 5640 οἳ
409 5581 559 5637 κατά
580 5581 680 5651 τὴν
708 5578 983 5648 Αἴγυπτον
1008 5572 1355 5644 ἐξεφαύλιζον
1382 5571 1480 5636 τὰς
1512 5572 1592 5635 είς
1621 5570 1721 5624 αὑ-

196 5737 459 5796 “Exod.
504 5751 679 5800 nm,
708 5735 761 5788 4.
840 5731 885 5763 ³⁸
914 5730 1058 5786 Psal.
1098 5743 1305 5792 uxvu,
1339 5726 1403 5780 I9

436 5829 711 5890 Pyr-nor.
746 5827 863 5887 Gn.
897 5825 1117 5885 LXVI.

1826 5385 1977 5445 tuba,
2014 5393 2072 5437 ut
2105 5386 2285 5454 aquila
2322 5399 2487 5455 super
2522 5383 2742 5439 domum
2774 5386 3010 5442 Domini.
3055 5407 3074 5440 ι
3108 5386 3234 5442 Haac
3266 5402 3401 5442 sane

1831 5474 2128 5545 patientur,
2171 5477 2299 5531 dum
2333 5488 2620 5545 parentum
2662 5492 2887 5532 suorum
2937 5479 3221 5533 imitantur
3268 5493 3397 5534 seno

1833 5569 2081 5636 tentiam,
2116 5567 2210 5639 qui
2268 5567 2323 5622 in
2348 5566 2585 5644 Egypto
2633 5571 2868 5626 teruncii
2913 5569 3257 5625 aestimabant
3304 5584 3403 5625 ac-

3130 5804 3171 5864 6
