3824 6224
407 311 504 367 171

402 435 560 498 cepta
601 442 630 478 a
689 423 796 478 Deo
837 421 1100 478 beneficia
1149 434 1163 474 :

403 527 587 582 erunt,
639 515 939 571 dcsertioni
990 511 1319 568 omnimodae
1369 511 1576 575 traditi,
1613 511 1809 580 inqua
1855 525 1988 564 eon-

405 611 700 664 stitucntur
760 607 890 662 dum
948 607 1078 659 tuba
1138 605 1333 658 bellica
1381 603 1626 658 clamose
1674 616 1838 670 super
1891 615 1988 655 eos

401 701 629 770 clangit,
661 710 714 754 et
755 698 1128 752 imminentem
1161 695 1402 752 hostium
1427 694 1710 750 incursum
1750 691 1988 758 nuntiat,

401 793 493 862 qui
524 790 742 861 quidem
778 806 943 860 quam
995 787 1265 844 citissime
1309 786 1563 850 aderunt,
1600 799 1750 839 more
1794 783 1988 852 aquila:

405 885 598 953 praedas
629 897 743 938 sua:
787 881 968 937 subito
1003 878 1321 934 iuvolautis.
1368 876 1460 932 Sic
1496 877 1685 946 utique
1713 881 1768 929 et
1803 874 1990 928 hostes

404 975 712 1038 advenient,
744 973 837 1044 qui
874 973 1130 1043 populum
1180 971 1484 1034 destruent,
1531 977 1586 1022 et
1622 966 1718 1021 Dei
1765 965 1986 1020 domum

407 1065 840 1120 inllammabnnt.
885 1063 999 1118 lloc
1043 1071 1226 1118 autem
1268 1061 1499 1126 addidit,
1551 1060 1623 1116 ob
1665 1059 1760 1114 ira:
1797 1066 1985 1113 osten-

405 1157 640 1211 dendam
695 1155 1152 1226 magnitudinem,
1205 1153 1349 1224 quod
1403 1167 1598 1222 nempe
1647 1166 1716 1206 ne
1759 1148 1990 1220 {impria}

405 1247 621 1317 quidem
655 1245 839 1300 domui
872 1252 1080 1316 parcet,
1114 1243 1208 1298 sed
1240 1241 1456 1297 excidio
1501 1256 1619 1296 eam
1667 1246 1863 1310 praeter
1903 1253 1989 1292 re-

406 1341 557 1410 liqua
602 1339 857 1393 hostibus
909 1336 1106 1391 tradet.
1158 1335 1271 1406 38
1303 1334 1505 1389 Deinde
1529 1347 1629 1387 cur
1664 1332 1781 1385 haec
1825 1345 1990 1385 even-

407 1441 527 1484 tura
561 1429 673 1484 sint
705 1429 995 1482 declarans
1029 1444 1042 1482 :
1082 1444 1101 1478 ι
1137 1426 1278 1490 Quia
1326 1423 1660 1493 transgressi
1711 1429 1860 1484 sunt,
1912 1421 1992 1473 in-

404 1523 544 1592 quit,
582 1519 760 1575 fmdus
796 1533 999 1582 meum,
1037 1523 1092 1571 et
1121 1527 1313 1570 contra
1347 1515 1517 1585 legem
1555 1527 1728 1566 meam
1758 1511 1991 1566 sceleste

403 1615 655 1680 egerunt.
687 1627 706 1660 ι
739 1606 950 1660 Etenim
993 1605 1291 1660 absurdum
1327 1603 1654 1667 existimavi,
1698 1609 1986 1673 postquam

406 1702 462 1754 hi
511 1709 728 1769 pactum
777 1712 955 1752 meum
988 1697 1347 1758 violaverant,
1394 1703 1449 1748 et
1499 1693 1650 1747 omni
1706 1693 1986 1761 impietate

406 1793 672 1848 adversus
702 1792 873 1861 legem
911 1803 1088 1844 meam
1133 1786 1472 1858 pra-:varicati
1508 1783 1744 1847 fuerant,
1782 1782 1986 1852 templo

408 1901 655 1957 parcere,
689 1882 835 1954 quod
876 1881 964 1936 isti
993 1896 1184 1952 gressu
1227 1893 1329 1932 suo
1373 1877 1790 1948 inquinaverant
1825 1886 1987 1944 atque

407 1979 736 2048 polluerant.
774 1994 794 2027 ι
833 1976 913 2030 Ad
947 1989 1032 2027 me
1052 1972 1366 2027 clamabunt
1395 1988 1408 2024 :
1433 1968 1599 2030 Deus,
1628 1967 1988 2036 cognovimus

408 2079 479 2124 te.
515 2089 533 2120 ι
573 2065 731 2120 Tunc
759 2065 926 2118 rebus
957 2061 1113 2132 ipsis,
1143 2067 1197 2114 ct
1239 2057 1492 2127 imposita
1524 2072 1553 2109 a
1589 2071 1674 2109 me
1711 2055 1794 2109 his
1825 2068 1984 2123 pmna

407 2154 671 2215 convicti,
701 2151 996 2222 potentiam
1033 2163 1207 2202 meam
1243 2147 1561 2199 fatebuntur
1586 2145 1764 2198 inviti.
1797 2164 1814 2195 ι
1845 2143 1984 2210 Quia

409 2245 573 2301 Israel
627 2249 914 2297 aversatus
978 2247 1062 2293 est
1135 2238 1298 2300 bona,
1357 2237 1637 2290 inimicum
1711 2234 1986 2304 persecuti

409 2340 557 2386 sunt.
603 2352 621 2383 ι
663 2330 854 2385 Merito
901 2329 1015 2383 hrcc
1072 2327 1367 2397 patientur,
1417 2326 1510 2395 qui
1547 2325 1781 2378 conlatis
1825 2339 1856 2377 a
1901 2339 1987 2377 me

409 2424 689 2479 beneflciis
727 2422 925 2492 ingrati
980 2419 1222 2475 fuerunt.
1259 2419 1421 2488 Atqui
1470 2433 1536 2472 eo
1583 2425 1846 2486 tempore,
1875 2429 1986 2484 quo

408 2534 506 2586 ego
561 2516 668 2570 illis
717 2529 874 2585 opem
919 2511 1043 2579 tuli,
1077 2511 1236 2566 facile
1281 2507 1572 2564 admodum
1625 2508 1812 2562 hostes
1853 2521 1986 2561 suos

408 2615 759 2679 superarunt.

475 2887 646 2942 Vsus.
681 2884 801 2940 4-6.
834 2912 905 2927 -ι-
938 2901 957 2936 ι
1014 2881 1380 2952 Sihimetipsis
1431 2887 1820 2950 regnaverunt,
1874 2894 1983 2933 non

1589 302 1944 360 'I'IIEODORI
1991 301 2472 359 MUPSUESTENI

1218 436 1343 474 nam
1399 421 1533 476 locis
1588 420 1750 474 inviis
1781 419 1988 475 similes

2093 419 2212 480 τοὺς
2250 415 2623 486 γεγενημένας
2676 414 2826 485 παρά
2876 414 2972 467 τοῦ
3024 413 3160 468 Θεοῦ
3205 416 3451 487 δωρεάς·
3481 418 3668 491 ἀϐάτῳ

3569 297 3671 352 172

2089 509 2199 578 γὰρ
2230 508 2441 560 ἔσονται
2483 506 2881 574 παραπλήσιοι,
2911 509 2978 576 τῇ
3026 507 3232 578 ἐρημίᾳ
3275 509 3671 578 παραδοθέντες

2091 599 2379 658 παντελεῖ,
2431 599 2512 659 εἰς
2565 597 2632 666 ἢν
2695 598 3165 666 καταστήσονται,
3220 598 3318 668 τῆς
3371 598 3670 668 πολεμικῆς

2092 689 2395 756 σάλπιγγος
2426 688 2512 740 ἐπ’
2544 687 2741 750 αὐτοὺς
2777 687 3016 758 ήχούσης
3069 688 3209 756 μέγα
3230 729 3243 751 ,
3289 690 3385 741 καὶ
3420 690 3517 758 τὴν
3559 690 3670 742 τῶν

2091 781 2366 850 πολεμίων
2411 780 2598 848 ἔφοδον
2644 779 2942 849 μέλλουσαν
2987 779 3393 850 γνωριζούσης,
3445 781 3477 851 ἢ
3530 781 3672 850 μετά

2089 873 2289 943 πολλῆς
2340 871 2524 934 αὐτοῖς
2593 869 2953 923 ἐπελεύσεται
3019 870 3117 940 τῆς
3173 869 3451 941 ὀξύτητος,
3509 873 3668 941 δίκην

2089 964 2246 1018 ἀετοῦ
2293 963 2489 1034 ἀθρόον
2537 962 2897 1032 ἐφισταμένου
2949 960 3060 1025 τοῖς
3108 962 3481 1033 θηρωμένοις·
3524 963 3669 1017 οὕτω

2088 1057 2198 1127 γάρ
2234 1057 2298 1126 δὴ
2343 1055 2438 1109 καὶ
2481 1057 2529 1107 οἰ
2588 1053 2835 1124 πολέμιοι
2886 1053 3288 1118 ἐπελεύσονται,
3339 1054 3560 1117 τούτους
3605 1072 3666 1107 τε

2088 1145 2463 1217 ἀφανίζοντες,
2492 1145 2585 1198 καί
2611 1143 2704 1197 τὸν
2737 1139 2883 1197 οἶκον
2925 1144 3330 1214 πυρπολοῦντες
3358 1145 3448 1197 τὸν
3487 1146 3630 1197 θεῖον
3649 1163 3664 1176 ·

2087 1237 2245 1290 τοῦτο
2289 1236 2345 1289 δὲ
2383 1234 2793 1305 προστέθεικεν.
2819 1235 2899 1297 εἰς
2949 1233 3223 1298 ἀπόδειξιν
3259 1234 3352 1286 τοῦ
3400 1235 3667 1304 μεγέθους

2089 1327 2188 1396 τῆς
2229 1327 2418 1397 ὀργῆς,
2465 1327 2546 1379 ὅτι
2581 1325 2716 1396 μηδέ
2740 1325 2836 1379 τοῦ
2860 1325 3012 1378 οἴκου
3047 1326 3289 1393 φείδεται
3321 1326 3414 1378 τοῦ
3437 1326 3663 1387 οἰκείου,

2089 1417 2328 1480 ἐκδιδοὺς
2363 1416 2526 1469 αὑτὸν
2559 1418 2638 1478 εἰς
2669 1415 2974 1486 ἀφανισμὸν
3004 1416 3142 1485 μετὰ
3177 1416 3287 1469 τῶν
3319 1417 3518 1469 λοιπῶν
3551 1421 3666 1481 τοῖς

2091 1508 2389 1577 πολεμίοις·
2415 1503 2533 1561 εἶτα
2556 1507 2650 1560 καὶ
2673 1507 2788 1561 ἀνθ’
2814 1509 2936 1560 ὅτου
2961 1507 3132 1562 ταῦτα
3155 1509 3442 1579 γενήσεται
3463 1509 3668 1578 δηλῶν·

2095 1619 2114 1649 ι
2181 1600 2319 1652 Ἀνθ’
2351 1593 2425 1655 ὧν
2459 1600 2780 1672 παρέϐησαν
2805 1601 2904 1669 τὴν
2937 1600 3200 1671 διαθήκην
3237 1617 3360 1671 μου,
3403 1601 3496 1655 καὶ
3524 1602 3665 1654 κατὰ

2086 1691 2182 1744 τοῦ
2227 1692 2390 1761 νόμου
2430 1691 2732 1763 ἠσέϐησαν.
2781 1712 2800 1743 ι
2851 1691 3003 1744 Ἑπιί
3051 1693 3144 1744 καὶ
3189 1691 3386 1746 ἄτοπον
3413 1691 3667 1763 ἡγούμην

2090 1781 2293 1834 τούτων
2344 1780 2708 1851 παραϐάντων
2759 1783 2858 1852 τὴν
2906 1781 3168 1852 διαθήκην
3217 1783 3314 1854 τὴν
3360 1784 3525 1854 ἐμὴν,
3568 1785 3667 1837 καὶ

2084 1873 2362 1937 παντελῶς
2397 1875 2478 1938 εἰς
2518 1874 2610 1926 τὸν
2640 1874 2802 1944 νόμον
2843 1874 3190 1944 ἠσεϐηκότων
3238 1875 3330 1928 τὸν
3371 1876 3524 1945 ἐμὸν,
3566 1875 3665 1928 τοῦ

2082 1966 2230 2019 οἴκου
2257 1964 2532 2034 φείδεσθαι
2555 1965 2614 2017 ὃν
2654 1964 2929 2034 ἐρῤύπουν
2954 1983 3013 2018 τε
3053 1967 3146 2019 καὶ
3172 1965 3429 2036 ἐμόλυνον
3455 1969 3519 2036 τῇ
3545 1969 3669 2020 ἐπι-

2083 2056 2240 2109 ϐάσει
2270 2058 2335 2127 τῇ
2363 2057 2557 2126 οἰκείᾳ.
2605 2075 2624 2106 ι
2668 2057 2812 2128 Πρὸς
2841 2059 2939 2128 ἐμὲ
2983 2060 3374 2129 κεκράξονταιο
3417 2061 3474 2113 Ὀ
3507 2061 3662 2124 Θεὸς,

2083 2148 2406 2218 ἐγνώκαμέν
2442 2165 2522 2201 σε.
2565 2167 2584 2200 ι
2629 2149 2706 2218 (p.
2741 2149 2832 2215 58)
2878 2150 3012 2203 Τότε
3048 2152 3152 2203 ὑπὸ
3180 2152 3287 2204 τῶν
3324 2153 3670 2222 πραγμάτων

2085 2239 2177 2292 καὶ
2204 2239 2304 2308 τῆς
2337 2238 2684 2309 ἐπαγομένης
2717 2239 2902 2303 αὐτοῖς
2946 2242 3253 2312 τιμωρίας,
3303 2242 3526 2307 ἄκοντες
3562 2245 3669 2312 τὴν

2081 2330 2309 2400 δύναμιν
2339 2330 2734 2400 ὁμολογήσουσι
2759 2331 2855 2401 τὴν
2893 2333 3052 2402 ἐμήν.
3093 2351 3113 2384 ε
3147 2334 3268 2386 Ὀτι
3307 2335 3521 2405 Ἰσραὴλ
3554 2337 3668 2388 ἀπ-

2083 2422 2384 2493 εστρέψατο
2403 2423 2600 2490 ἀγαθὰ,
2624 2423 2814 2494 ἐχθρὸν
2837 2425 3188 2490 κατεδίωξαν.
3203 2445 3220 2477 ι
3239 2427 3523 2480 Πείσονται
3539 2426 3670 2497 μέν-

2083 2530 2165 2567 τοι
2201 2512 2427 2566 τοιαῦτα
2479 2513 2706 2577 δικαίως
2750 2517 2798 2568 οἱ
2838 2516 2968 2587 περὶ
3003 2517 3103 2586 τὴν
3132 2516 3278 2570 δόσιν
3309 2517 3413 2570 τῶν
3443 2517 3669 2587 ἀγαθῶν

2091 2603 2199 2657 τῶν
2233 2604 2362 2674 παρ’
2386 2605 2520 2674 ἐμοῦ
2547 2605 2832 2672 γεγονότες
2852 2605 3189 2678 ἀγνώμονες·
3217 2608 3390 2662 καίτοι
3419 2626 3481 2678 γε
3503 2610 3668 2662 ὁπότε

2092 2696 2354 2766 παρεῖχον
2378 2695 2562 2757 αὐτοῖς
2589 2695 2686 2766 τὴν
2708 2697 2847 2766 ἐμὴν
2881 2698 3132 2768 βοήθειαν
3177 2701 3315 2770 μετά
3347 2701 3545 2772 πολλῆς
3566 2702 3671 2770 τῆς

2095 2785 2394 2856 εὐμαρείας
2420 2784 2744 2856 κρατοῦντες
2764 2786 2872 2841 τῶν
2897 2787 3105 2859 ἐχθρῶν
3120 2790 3227 2842 τῶν
3252 2791 3486 2845 οἰκείων.

2165 2875 2313 2946 Στίχ.
2348 2876 2498 2940 δ’-ς’.
2527 2907 2597 2915 -
2637 2895 2654 2927 ε
2702 2877 2946 2942 Ἐαυτοῖς
2982 2879 3358 2942 ἐϐασίλευσαν,
3393 2882 3488 2934 καὶ
3511 2882 3572 2934 οὐ
3599 2881 3671 2934 δι’

409 2995 504 3049 per
537 2993 622 3031 me
664 2977 1091 3045 imperaverunt,
1135 2983 1190 3027 et
1231 2973 1365 3026 mihi
1411 2971 1635 3024 minimc
1664 2969 1982 3024 noliﬁcave-

2094 2967 2227 3038 ἐμοῦ
2252 2965 2444 3039 ἦρξαν,
2488 2969 2584 3021 καὶ
2619 2969 2718 3022 οὐκ
2757 2969 3057 3038 ἐγνιῦρισάν
3102 2987 3212 3038 μοι.
3260 2989 3278 3020 ι
3314 2971 3468 3023 υῦτω
3503 2970 3560 3022 δέ
3599 2989 3668 3040 με

403 3081 554 3128 runt.
596 3088 613 3118 ι
659 3067 965 3136 Tantopere
1006 3065 1373 3126 insanierunt,
1407 3071 1465 3115 ut
1500 3062 1687 3115 datum
1725 3077 1754 3114 a
1784 3077 1870 3116 me
1899 3077 1986 3116 rc-

407 3176 529 3230 gcm
559 3165 1000 3218 exauctorantes,
1041 3157 1142 3225 ipsi
1192 3154 1470 3224 proprium
1513 3153 1615 3207 sibi
1653 3167 1834 3221 regem
1863 3167 1989 3205 con-

405 3252 704 3313 stituerint,
735 3249 867 3302 nihil
891 3247 1002 3318 jam
1033 3248 1100 3301 dc
1125 3248 1249 3316 jure
1288 3261 1411 3300 meo
1459 3245 1676 3298 solliciti
1714 3263 1726 3298 :
1761 3241 1814 3296 id
1840 3242 1986 3297 enim

414 3344 632 3398 denotat
667 3340 834 3396 dictio
868 3359 881 3394 :
912 3360 929 3390 ι
953 3337 1306 3408 Nequaquam
1333 3338 1773 3391 notilicaverunt.
1799 3364 1866 3373 —
1894 3332 1990 3385 Ar-

400 3443 629 3507 gentum
657 3449 840 3499 suum,
870 3439 924 3486 et
952 3446 1145 3484 aurum
1180 3445 1339 3485 suum
1381 3429 1630 3484 fecerunt
1670 3426 1776 3481 sibi
1817 3424 1988 3490 idola,

409 3536 466 3580 ut
497 3527 829 3596 dispereunt.
874 3542 893 3575 ›
925 3521 991 3575 Et
1026 3522 1337 3577 institutum
1370 3536 1399 3572 a
1431 3535 1516 3574 me
1551 3533 1796 3588 regnum,
1833 3530 1884 3572 et
1913 3516 1990 3569 le-

409 3617 654 3688 gitimam
707 3613 1023 3682 religionem
1079 3611 1455 3674 aboleverunt,
1501 3617 1562 3663 ut
1611 3621 1838 3679 regnum
1885 3607 1988 3661 sibi
2029 3602 2054 3624 ⁸

409 3707 691 3778 proprium
741 3705 1165 3760 constituerent.
1229 3703 1372 3757 Dicit
1440 3717 1569 3756 vero
1621 3700 1753 3756 illud
1802 3697 1988 3754 decem

411 3799 676 3864 tribuum,
711 3797 872 3868 cujus
901 3797 1119 3850 initium
1152 3794 1536 3858 Jerohoamus,
1568 3794 1663 3864 qui
1705 3800 1762 3848 et
1795 3792 2019 3860 juveni--

411 3908 508 3946 cas
545 3892 754 3962 primus
789 3891 926 3962 ipsis
973 3890 1263 3944 fabricavit
1314 3909 1328 3944 :
1375 3890 1570 3956 hazque
1619 3893 1987 3943 consentanea

412 3983 566 4052 regni
600 3981 723 4034 novi
755 3979 1080 4033 absurditati
1117 3978 1259 4032 idola
1291 3978 1460 4030 multa
1492 3991 1556 4030 ac
1586 3976 1732 4029 varia
1757 3991 1823 4030 ex
1854 3990 1990 4030 auro

410 4079 746 4139 argentoque
775 4068 878 4122 sibi
907 4067 1298 4130 ellormaruut;
1349 4079 1380 4117 a
1426 4065 1629 4133 quibus
1666 4064 1812 4117 aliud
1851 4064 1989 4118 nihil

408 4174 575 4230 quam
623 4158 1006 4213 exterminium
1058 4171 1217 4212 suum
1270 4163 1694 4224 consequentur.
1742 4154 1808 4207 Et
1855 4170 1990 4224 quo-

407 4253 562 4308 niam
612 4251 720 4305 illis
773 4249 926 4320 regni
977 4249 1105 4303 novi
1164 4248 1566 4302 institutionem
1619 4246 1987 4314 exprobravit,

2090 3057 2367 3119 παντελῶς
2396 3056 2850 3126 παρελογίσαντο,
2888 3058 2962 3122 ὡς
3000 3059 3094 3112 καὶ
3121 3059 3212 3110 τὸν
3248 3061 3376 3129 παρ’
3414 3059 3548 3129 ἐμοῦ
3581 3059 3670 3111 ὀο-

2091 3149 2250 3203 θέντα
2301 3149 2523 3218 βασιλέα
2585 3149 3111 3220 παραγραψάμενοι,
3177 3149 3331 3202 αὐτοὶ
3391 3149 3675 3218 βασιλείαν

2090 3243 2491 3313 κατεστήσαντο
2517 3242 2673 3305 ἰδίαν,
2697 3242 2885 3294 οὐδένα
2909 3241 3018 3294 τῶν
3039 3242 3165 3311 περὶ
3188 3241 3286 3311 ἐμὲ
3311 3241 3673 3310 ποιησάμενοι

2087 3334 2262 3402 λόγον·
2300 3333 2456 3385 τοῦτο
2483 3333 2590 3403 γὰρ
2622 3333 2771 3400 λέγει
2801 3331 2880 3394 τὸ,
2905 3350 2923 3382 ι
2957 3333 3070 3386 Οὐκ
3100 3333 3484 3402 ἐγνωρίσαντο.
3507 3359 3574 3373 -ι-
3597 3334 3675 3385 Ἰὸ

2091 3424 2355 3494 ἀργύριον
2382 3422 2562 3474 αὐτῶν
2590 3423 2683 3474 καὶ
2712 3422 2771 3474 τὸ
2797 3421 3017 3492 χρυσίον
3051 3423 3229 3474 αὐτῶν
3256 3423 3514 3494 ἐποίησαν
3542 3425 3675 3477 ἐαυ-

2090 3515 2200 3574 τοίς
2236 3513 2464 3575 εἴδωλα,
2502 3512 2650 3573 ὅπως
2688 3509 3162 3580 ἐξολοθρευθῶσιν.
3213 3531 3231 3562 ι
3285 3512 3395 3566 Καὶ
3433 3511 3531 3581 τὴν
3569 3513 3678 3582 μὲν

2092 3605 2221 3674 παρ’
2259 3602 2392 3670 ἐμοῦ
2438 3602 2738 3672 βασιλείαν,
2773 3604 2873 3673 τήν
2911 3619 2972 3654 τε
3019 3604 3147 3674 περί
3180 3602 3272 3655 τὸν
3316 3603 3479 3673 νόμον
3525 3621 3674 3674 παρ-

2092 3693 2400 3765 εγράψαντο
2429 3693 2744 3764 θεραπείαν,
2776 3693 3052 3763 βασιλείαν
3077 3694 3134 3748 δέ
3167 3694 3301 3747 ἰδίαν
3332 3697 3677 3765 καταστησά-

2094 3802 2246 3855 μενοι
2287 3784 2466 3855 (λέγει
2494 3785 2553 3837 δέ
2593 3785 2693 3855 τὴν
2723 3785 2815 3836 ἐπὶ
2839 3784 2949 3837 τῶν
2989 3784 3120 3838 δέκα
3149 3785 3334 3854 φυλῶν
3359 3789 3673 3855 γεγονυῖαν,

2091 3877 2404 3948 ἀρξαμένην
2438 3876 2548 3931 ἀπὸ
2574 3877 2668 3929 τοῦ
2723 3876 3025 3948 ’1ερο6οἀμ,
3059 3879 3118 3942 ὃς
3153 3881 3247 3932 καὶ
3286 3879 3384 3942 τάς
3409 3879 3677 3950 δαμάλεις

2092 3969 2306 4039 πρῶτος
2333 3969 2516 4030 αὐτοῖς
2549 3967 2994 4037 κατεσκεύασεν),
3018 3970 3285 4023 ἀκόλουθα
3317 3973 3382 4042 τῇ
3415 3972 3543 4042 περὶ
3572 3972 3677 4043 τὴν

2091 4059 2320 4130 ἐκλογὴν
2336 4059 2436 4129 τῆς
2459 4057 2735 4129 βασιλείας
2757 4060 2960 4130 ἀτοπίᾳ.
2979 4060 3453 4131 διαπραττόμενοι,
3478 4065 3554 4131 (p.
3579 4064 3673 4128 59)

2091 4150 2286 4203 εἴδωλα
2317 4149 2485 4203 πολλά
2509 4167 2568 4202 τε
2599 4150 2694 4203 καὶ
2723 4150 2941 4203 ποικίλα
2973 4151 3040 4204 τὰ
3083 4152 3180 4222 μὲν
3213 4154 3278 4205 ἐκ
3307 4151 3508 4223 χρυσοῦ
3539 4172 3677 4208 κατα
3703 4183 3705 4185 -

2092 4241 2415 4306 εσκεύασαν,
2444 4240 2514 4292 τὰ
2560 4240 2617 4293 δέ
2647 4241 2705 4307 ἐξ
2743 4241 3006 4312 ἀργύρου·
3057 4243 3149 4312 ἀφ’
3191 4237 3265 4296 ὧν
3303 4245 3456 4297 οὐδὲν
3485 4245 3678 4316 ἕτερον

414 4341 557 4395 unde
589 4340 942 4410 juvencarum
977 4337 1190 4392 facinus
1214 4344 1395 4390 ortum
1421 4344 1562 4400 erat,
1589 4343 1988 4403 consequenter

2094 4330 2207 4384 ἀλλ’
2249 4330 2284 4400 ἢ
2315 4331 2405 4383 τὸν
2444 4332 2752 4401 ἀφανισμὸν
2794 4332 3113 4404 κερδανοῦσι
3160 4335 3252 4388 τὸν
3289 4337 3487 4388 οἰκεῖον
3511 4353 3525 4366 ο
3579 4340 3703 4390 καὶσ

415 4433 606 4488 addit:
639 4450 657 4480 ι
705 4430 897 4499 Ahjiee
938 4429 1190 4493 vitulum,
1220 4425 1499 4494 Samaria;
1546 4426 1858 4481 concitatus
1907 4433 1992 4480 est

406 4525 568 4581 lfuror
595 4539 750 4577 meus
800 4522 1066 4575 adversus
1110 4537 1228 4575 eos.
1269 4538 1288 4570 ι
1329 4516 1545 4573 Recede
1573 4526 1604 4572 a
1631 4517 1990 4586 juvcncarum

416 4615 581 4683 impio
620 4613 806 4677 cultu;
839 4626 1018 4681 neque
1059 4611 1203 4664 enim
1239 4608 1594 4662 mediocriter
1635 4613 1851 4677 patrato
1883 4620 1995 4660 sce-

415 4705 514 4760 leri
545 4703 654 4774 39
679 4703 906 4758 irascor.
939 4720 958 4753 ‹
999 4702 1297 4770 Quousque
1329 4699 1544 4755 tandem
1565 4697 1849 4753 emundari
1881 4711 1992 4751 non

415 4803 670 4867 poterunt
698 4792 1232 4848 inlsraele?ldolu|n
1265 4793 1370 4845 hoe
1395 4789 1591 4844 artifex
1624 4789 1774 4854 fecit,
1806 4797 1860 4844 et
1883 4804 1992 4843 non

414 4897 497 4942 est
532 4887 691 4939 Deus.
719 4904 736 4934 ι
770 4884 1006 4948 Siccine,
1031 4899 1098 4937 ne
1122 4883 1382 4949 temporis
1408 4881 1626 4951 quidem
1653 4881 1991 4936 diuturnitas

415 4986 470 5029 te
510 4973 697 5028 docuit
747 4973 980 5026 oflicium
1030 4972 1226 5024 tuum?
1287 4987 1460 5039 neque
1498 4981 1657 5025 tanta:
1699 4972 1992 5040 impietatis

417 5060 686 5115 maculam
733 5059 958 5112 eluisti?
1005 5057 1100 5112 sed
1139 5058 1281 5112 idola
1326 5073 1588 5112 manuum
1633 5061 1990 5113 humanarutn

414 5164 554 5218 opus
611 5146 923 5211 admiraris,
967 5160 1087 5214 quae
1139 5162 1272 5201 sane
1315 5149 1662 5216 quandonam
1713 5149 1787 5203 dii
1844 5150 1992 5204 credi

419 5246 690 5310 poterunt,
724 5251 848 5289 cum
885 5235 1048 5290 talem
1086 5236 1323 5289 habeant
1353 5238 1692 5292 exsistentiae
1725 5255 1839 5294 suae
1861 5255 1992 5293 cau-

419 5328 575 5384 sam?
619 5345 637 5377 ‹
687 5325 980 5394 Propterea
1028 5323 1192 5377 fallax
1223 5333 1307 5378 est
1353 5325 1561 5381 vitulus
1612 5334 1763 5392 tuus,
1809 5343 1842 5381 ο
1893 5326 1994 5381 Sa-

418 5413 609 5468 maria.
652 5432 670 5464 »
709 5411 961 5466 Nondum
1008 5411 1192 5480 itaque
1234 5414 1462 5481 potuisti
1513 5429 1865 5485 cognoscere,
1900 5417 1993 5485 ju-

416 5517 708 5557 vencarum
755 5501 1016 5554 fabricam
1059 5499 1156 5554 tibi
1202 5515 1426 5557 causam
1471 5503 1758 5558 aberrandi
1808 5520 1837 5559 a
1885 5505 1995 5562 Deo

416 5592 719 5658 exstitisse,
764 5605 929 5663 quam
982 5592 1054 5646 ob
1085 5606 1199 5648 rem
1248 5592 1398 5662 justo
1426 5608 1519 5650 cas
1565 5595 1692 5649 odio
1735 5598 1992 5667 prosequi

411 5683 620 5740 debeas
634 5684 660 5738 ?

2097 4421 2282 4491 ἐπειδὴ
2317 4421 2416 4492 τὴν
2455 4423 2556 4492 τῆς
2599 4422 2874 4491 βασιλείας
2907 4425 3090 4488 αὐτοῖς
3131 4425 3372 4479 ὠνείδισε
3417 4444 3677 4498 καινουρ-

2096 4509 2242 4578 γίαν,
2277 4513 2398 4564 ὅθεν
2418 4511 2481 4580 δὴ
2519 4512 2664 4565 κατὰ
2683 4512 2794 4565 τῶν
2822 4513 3107 4584 δαμάλεων
3135 4515 3404 4587 ἐτολμήθη
3435 4517 3674 4589 πρῶτον,

2096 4599 2400 4663 ἀκολούθως
2444 4600 2661 4668 ἐπάγει·
2721 4619 2739 4652 ι
2799 4602 3129 4674 ’Λπόῤῥιψον
3177 4604 3268 4657 τὸν
3315 4606 3514 4676 μόσχον
3556 4625 3674 4671 σου,

2097 4689 2411 4760 Σαμάρεια·
2466 4689 2792 4762 παρωξύνθη
2839 4695 2867 4744 ὁ
2910 4692 3079 4764 θυμός
3120 4712 3221 4764 μου
3259 4697 3343 4746 ἐπ’
3385 4697 3601 4760 αὐτούς.
3654 4720 3674 4749 ι

2110 4782 2400 4852 ’Δπόστηθι
2427 4783 2490 4853 δὴ
2519 4784 2617 4854 τῆς
2650 4784 2778 4855 περὶ
2809 4785 2909 4847 τάς
2936 4785 3196 4856 δαμάλεις
3237 4788 3489 4852 ἀσεϐείας
3507 4803 3522 4816 ⁸
3555 4791 3678 4843 οὐδὲ

2097 4874 2203 4946 γὰρ
2236 4874 2310 4938 ὡς
2339 4875 2526 4944 ἔτυχεν
2563 4875 2843 4946 ὢργισμαι
2879 4878 2972 4931 ἐπὶ
3012 4881 3076 4949 τῇ
3107 4879 3214 4931 τῶν
3241 4881 3544 4948 γεγονότων
3573 4899 3679 4935 πα-

2099 4963 2350 5034 ρανομίᾳ.
2387 4983 2405 5013 ι
2446 4965 2590 5026 Ἕως
2616 4965 2760 5028 τίνος
2792 4966 2852 5018 οὺ
2892 4967 2968 5036 μὴ
2996 4967 3256 5021 δύνωνται
3281 4970 3678 5042 καθαρισθῆναι

2096 5056 2153 5109 ἐν
2195 5055 2272 5124 τῷ
2327 5057 2575 5128 Ἰσραήλ;
2625 5058 2734 5110 Καὶ
2787 5059 2924 5111 αὐτὸ
2967 5060 3172 5113 τέκτων
3206 5063 3449 5132 ἐποίησε,
3487 5065 3580 5116 καὶ
3613 5067 3677 5116 οὐ

2094 5147 2226 5209 Θεός
2275 5149 2440 5201 ἐστιν.
2495 5167 2512 5198 ι
2561 5146 2700 5199 Ἀλλ’
2750 5150 2868 5202 οὐδὲ
2913 5152 2943 5202 ὁ
2989 5151 3197 5221 μακρὸς
3237 5154 3425 5223 χρόνος
3459 5153 3679 5218 ἐξεπαί-

2096 5237 2254 5290 δευσέ
2289 5255 2346 5289 σε
2393 5239 2457 5290 τὸ
2501 5239 2653 5306 δέον;
2698 5239 2820 5292 ούδέ
2860 5242 3063 5295 ἀπέθου
3099 5245 3196 5313 τῆς
3230 5245 3500 5314 τοσαύτης
3545 5249 3676 5299 ἀσε-

2097 5330 2248 5392 ϐείας
2269 5329 2360 5382 τὸν
2399 5329 2606 5399 ρύπονς
2643 5331 2878 5402 κέχηνας
2904 5333 2962 5385 δέ
2992 5335 3120 5404 περί
3153 5334 3346 5387 εἴδωλα
3376 5335 3434 5398 ἐξ
3463 5335 3676 5406 ἀνθρω-

2097 5423 2267 5475 πίνων
2287 5422 2547 5492 γινόμενα
2570 5423 2791 5494 χειρῶν,
2817 5424 2854 5477 ἃ
2879 5423 3007 5476 πότε
3030 5425 3096 5478 ἂν
3122 5428 3348 5491 εἰκότως
3369 5431 3676 5498 νομισθεῑεν

2098 5512 2249 5575 θεοὶ,
2296 5512 2552 5582 τοιαύτην
2590 5513 2783 5582 ἔχοντα
2831 5518 2931 5585 τῆς
2979 5517 3264 5587 ὑπάρξεως
3318 5519 3417 5590 τὴν
3461 5521 3674 5579 αἰτίανζ

2103 5619 2121 5651 ι
2164 5602 2307 5654 Διότι
2341 5602 2560 5655 πλανῶν
2589 5598 2657 5673 ἦν
2691 5605 2720 5655 ὁ
2760 5605 2958 5674 μόσχος
2997 5623 3112 5671 σου,
3147 5608 3465 5678 Σαμάρεια.
3503 5627 3522 5660 ι
3569 5612 3678 5662 Καὶ
3715 5671 3718 5674 ι

2100 5695 2160 5747 ού
2184 5694 2473 5764 δεδύνησαι
2508 5695 2736 5749 συνιδεῖν
2759 5697 2840 5750 ὅτι
2868 5699 2901 5767 ἡ
2927 5697 3035 5751 τῶν
3057 5699 3340 5770 δαμάλεων
3367 5703 3680 5771 κατασκευὴ

416 5773 626 5846 πλάνης
673 5791 755 5828 σοι
785 5775 884 5846 τῆς
922 5775 1030 5863 ἀπὸ
1065 5776 1200 5830 Θεοῦ
1250 5776 1473 5846 γέγονεν
1511 5777 1682 5847 αἰτία,
1718 5779 1859 5836 ὥστε
1900 5782 1995 5838 καὶ
2024 5782 2112 5836 διὰ
2149 5784 2306 5839 τοῦτο
2334 5787 2529 5860 χρῆναι
2560 5791 2736 5858 μισεῖν
2763 5789 2902 5844 αὐτά
2929 5790 3185 5861 δικαίως;
