3824 6224
195 299 284 356 I73
1147 294 1696 352 COMMENTARIUS
1729 311 1733 322 '

2081 295 2231 349 CAP.
2277 295 2412 349 VIII.

3294 301 3397 354 IN

253 417 388 487 Στίχ.
426 417 551 482 ιζ’-ι’.
587 446 654 456 -
694 437 712 468 ι
753 419 873 469 Ὅτι
901 416 1250 488 ἀνεμόφθορά
1276 419 1429 488 ἐστι,
1466 419 1613 485 καὶὴ
1645 435 1733 469 κα-

1913 414 2075 468 V’ens.
2111 416 2260 468 7-IO.
2287 447 2354 453 -—
2378 433 2397 465 ι
2438 414 2576 481 Quia
2601 418 2842 486 corrupit
2881 416 3139 488 (semina)
3181 429 3399 484 ventus,

190 507 442 577 ταστροφὴ
485 507 661 560 αὐτῶν
709 507 982 572 ἐκδέξεται
1031 509 1190 561 αὐτά·
1223 507 1443 578 δράγμα
1483 509 1583 559 οὐκ
1620 508 1738 575 ἔχον

193 598 329 666 ἰσχὺν
374 599 463 651 τοῦ
490 600 713 668 ποιῆσαι
740 601 984 671 ἄλευρον·
1017 601 1109 653 ἐὰν
1135 601 1192 654 δὲ
1216 604 1307 654 καὶ
1339 603 1559 672 ποιήσῃ,
1590 601 1741 653 ὰλλὸο

191 704 315 756 τριοι
346 689 743 757 καταφάγονται
790 691 940 743 αύτό.
995 709 1014 741 ι
1063 691 1376 750 Διαλλάτςτει
1427 692 1534 762 γάιρ
1587 691 1738 744 οὐδὲν

191 778 288 829 τῶν
325 780 670 849 γεννημάτων
716 779 956 844 ἐκείνων,
993 785 1070 849 (ρ.
1102 781 1191 850 60)
1233 781 1270 834 ἃ.
1302 781 1409 833 ὑπὸ
1460 780 1737 843 καύσωνος

193 869 375 940 ἀνέμου
396 871 726 941 ξηρανθέντα
747 889 802 924 τε
822 872 913 924 καὶ
935 872 1316 942 διαφθαρέντα,
1340 874 1583 943 ἄχρηστα
1607 891 1738 925 παν-

191 956 345 1019 τελῶς
387 957 500 1009 ἐστι
537 956 672 1022 πρὸς
719 957 1008 1027 διατροφὴν
1039 958 1361 1029 ἀνθρώποις·
1420 959 1593 1028 φθορὰ
1641 961 1736 1028 μὲν

190 1047 289 1118 γὰρ
311 1047 444 1101 αύτά
471 1047 772 1118 διαδέχεται
805 1048 898 1101 καί
925 1047 1185 1100 ἀπώλεια·
1228 1048 1343 1100 ἔστι
1382 1049 1436 1100 δὲ
1465 1049 1736 1117 ἀνωφελὲς

190 1134 493 1207 ἀνθρώποις.
518 1136 743 1208 ἄλευρον
762 1139 840 1200 είς
859 1137 1149 1208 διατροφὴν
1174 1139 1472 1207 ἐπιτήδειον
1501 1140 1560 1190 οὐ
1583 1140 1737 1192 δυνά-

187 1243 337 1297 μενον
361 1230 550 1282 ποιεῖν·
589 1229 640 1280 εἰ
689 1228 736 1280 δ’
774 1228 881 1298 ἄρα
925 1246 976 1280 τι
1020 1229 1112 1279 καὶ
1149 1229 1388 1296 γένοιτο,
1423 1230 1498 1291 ὡς
1538 1230 1736 1298 φαῦλον

185 1315 260 1378 είς
289 1314 483 1386 βρῶσιν
530 1316 878 1387 προστίθεται
931 1315 1158 1382 ἀλόγων·
1205 1317 1294 1368 τὸν
1332 1318 1491 1368 αὑτὸν
1534 1317 1642 1389 γὰρ
1674 1318 1736 1389 δὴ

185 1404 370 1475 τρόπον
389 1405 481 1459 καὶ
510 1407 544 1477 ἡ
571 1408 696 1476 περὶ
718 1405 787 1460 τὰ
801 1406 992 1459 εἴδωλα
1019 1406 1281 1474 θεραπεία
1311 1408 1611 1478 ὲπιϐλαϐὴς
1639 1410 1736 1479 μέν

182 1493 300 1552 ἐστι,
317 1497 406 1550 καὶ
437 1496 624 1568 ὄνησιν
654 1497 967 1569 παρέχουσα
995 1498 1114 1550 οὐδὲ
1143 1498 1288 1567 μίαν·
1317 1498 1456 1550 ὥστε
1485 1501 1537 1551 εί
1562 1519 1612 1552 τι
1646 1502 1737 1553 καὶ⁸

187 1584 447 1656 περίεστιν
477 1587 605 1658 ὑμῖν
652 1587 935 1657 ἑτέρωθεν,
987 1588 1096 1640 τῶν
1138 1588 1408 1658 πολεμίων
1456 1589 1606 1642 ἔσται
1645 1592 1737 1644 καὶ

181 1674 328 1728 τοῦτο
359 1675 549 1745 κέρδος
574 1676 664 1733 διὰ
696 1677 793 1748 τὴν
818 1677 1040 1729 ἐνοῦσαν
1067 1677 1194 1746 ύμῖν
1223 1678 1495 1731 ἀσέϐειαν.
1532 1697 1551 1728 ‹
1589 1681 1736 1732 Κατ·
1772 1709 1809 1761 Β

188 1764 342 1836 επόθη
375 1767 607 1838 Ἰσραήλ·
632 1767 728 1821 νῦν
751 1769 964 1836 ἐγένετο
1001 1770 1060 1821 ὲν
1084 1772 1195 1832 τοῖς
1223 1769 1426 1822 ἔθνεσιν
1451 1769 1524 1832 ὡς
1549 1769 1738 1833 σκεῦος

180 1855 457 1927 ἄχρηστον·
483 1857 563 1910 ὅτι
587 1859 739 1911 αὐτοὶ
764 1858 1035 1929 ἀνέϐησαν
1067 1861 1147 1922 εἰς
1181 1859 1511 1930 ’Λσσυρίους.
1543 1879 1562 1910 ι
1597 1863 1738 1914 ﬂav-

181 1945 303 2016 τελῆ
331 1944 436 2018 γὰρ
473 1948 778 2018 ἀφανισμὸν
813 1949 952 2020 ὑπὲρ
991 1949 1198 2003 τούτων
1242 1951 1557 2020 ὑπομενεῖτε
1580 1993 1594 2015 ,
1645 1951 1738 2024 λη-

179 2033 392 2102 φθέντες
435 2035 543 2090 ὑπὸ
586 2037 900 2108 Ἀσσυρίων·
931 2037 1121 2109 ὥσπερ
1150 2057 1202 2092 τι
1237 2039 1429 2103 σκεῦος
1460 2041 1738 2105 παντελῶς

181 2122 436 2194 ἄχρηστον
467 2124 528 2177 ὲν
553 2126 664 2189 τοῖς
695 2124 990 2195 ἀλλοτρίοις
1014 2124 1220 2188 ἔσεσθε,
1247 2125 1460 2189 οὐδενὸς
1487 2125 1738 2198 ἀξιούμε-

182 2228 254 2264 νοι
277 2210 452 2281 λόγου.
487 2231 508 2266 ι
546 2213 794 2268 ’Δνέθαλε
819 2214 938 2267 καθ’
963 2212 1152 2267 ἑαυτὸν
1182 2215 1322 2286 ἐμοί.
1363 2233 1382 2266 ι
1430 2215 1738 2270 Ἐπέδωκαν

179 2301 252 2366 εἰς
274 2303 472 2375 πλῆθος
497 2304 586 2358 διά
605 2305 704 2374 τῆς
725 2305 862 2376 ἐμῆς
883 2305 1225 2376 κηδεμονίας,
1251 2305 1343 2357 καὶ
1363 2305 1552 2358 οὐδένα
1567 2308 1737 2358 ποιεῖ-

179 2391 295 2446 σθαί
328 2411 428 2464 μου
467 2394 626 2464 λόγον
668 2395 964 2459 ἐθέλοντες,
1014 2394 1284 2448 τοσούτων
1336 2395 1554 2463 ἀγαθῶν
1585 2395 1735 2456 ὄντος

175 2484 348 2548 αὐτοῖς
381 2486 578 2550 αἰτίου,
613 2484 868 2555 αὐθαδείᾳ
897 2485 1075 2539 πάντα
1100 2485 1480 2555 διεπράττοντο
1510 2485 1648 2537 κατὰ
1676 2484 1736 2537 τὸ

173 2573 348 2629 δοκοῦν
395 2577 612 2642 ἑαυτοῖς
633 2591 652 2610 ⁶
706 2566 864 2631 τοῦτο
907 2569 1015 2649 γάρ
1052 2578 1165 2628 ὲστι
1212 2577 1294 2640 τὸ,
1342 2577 1470 2630 καθ’
1497 2577 1732 2629 ἑαυτόν.

173 2681 198 2715 1
240 2663 480 2736 Ἐφρατμ
507 2665 656 2736 δῶρα
683 2666 988 2736 ἠγάπησεν.
1030 2685 1047 2717 ι
1098 2667 1208 2719 Καὶ
1237 2665 1359 2719 οὐδὲ
1381 2669 1496 2729 τοῖς
1526 2665 1733 2736 παροῦ-

172 2767 253 2807 σιν
278 2755 609 2825 ἀρκούμενοι
636 2756 772 2827 πρὸς
803 2754 1113 2820 πλεονεξίαν
1143 2755 1347 2826 ἐώρων.
1396 2776 1414 2808 ι
1453 2757 1553 2808 Διά
1581 2755 1737 2808 τοῦτο

171 2844 602 2916 παραδοθήσεται
636 2847 699 2900 ὲν
724 2849 834 2909 τοῖς
867 2845 1095 2900 ἔθνεσιν.
1136 2865 1154 2898 ι
1208 2846 1444 2911 Εἰκότως
1482 2849 1590 2917 ἄρα
1632 2847 1736 2900 ὑπὸ

169 2936 276 2998 τοῖς
299 2935 516 3009 ἐχθροῖς
537 2937 818 3005 γεγονότες
845 2936 1192 3007 αἰσθήσονται
1217 2931 1291 2990 ὧν
1315 2956 1375 2990 τε
1398 2939 1628 3008 ἠσέϐουν
1656 2941 1733 3004 εἰς

1838 508 2070 576 excipiet
2120 523 2180 560 ea
2247 508 2545 563 subversio.
2597 509 2822 564 Culmus
2869 511 3062 566 farinae
3107 511 3403 570 eiliciendas

1832 601 1946 663 vim
1993 613 2097 650 non
2149 597 2351 650 habens
2392 615 2404 650 :
2439 613 2601 665 quam
2639 598 2683 653 si
2721 599 2862 654 forte
2897 599 3106 666 fecerit,
3133 601 3402 658 vorabunt

1838 703 1958 742 eam
1988 687 2166 741 alieni.
2216 706 2234 738 ι
2277 685 2427 740 llaud
2465 687 2647 742 diIl'ert
2686 688 3035 761 (idololatria)
3069 707 3099 746 a
3147 693 3398 762 germini-

1839 774 1940 830 bus
1969 774 2093 839 illis,
2128 791 2247 843 quze
2279 784 2517 829 a-stuoso
2552 786 2710 832 vento
2731 781 3003 834 exsiccata
3036 789 3090 836 et
3117 793 3398 852 corrupta,

1838 865 2147 918 nutriendis
2181 864 2495 919 hominibus
2515 881 2742 935 prorsus
2770 877 2900 923 sunt
2937 871 3118 940 inepta
3147 891 3160 926 :
3196 875 3398 927 etenim

1839 952 2120 1020 Corruptio
2154 958 2206 1003 et
2247 953 2469 1004 exilium
2503 963 2686 1008 manet
2721 954 2873 1009 haec:
2911 967 3040 1012 sunt
3072 959 3274 1030 quippe
3321 961 3399 1015 in-

1838 1041 2012 1103 utilia,
2047 1041 2172 1109 quia
2208 1040 2437 1094 farinam
2489 1042 2683 1096 alendo
2725 1054 2904 1115 aptam
2948 1063 3013 1100 ex
3063 1064 3123 1104 se
3150 1065 3400 1119 promere

1839 1142 2148 1198 nequeunt;
2191 1146 2315 1182 nam
2357 1131 2404 1186 si
2439 1131 2579 1186 forte
2614 1133 2741 1188 hinc
2789 1136 2993 1207 aliquid
3027 1138 3308 1209 eﬂiciatur,
3343 1142 3400 1198 id

1833 1219 2093 1288 jumentis
2131 1220 2314 1288 pabuli
2346 1235 2510 1275 causa
2551 1224 2858 1292 projicitur.
2891 1225 3012 1281 Pari
3048 1245 3283 1301 namque
3310 1248 3401 1286 ra-

1839 1311 2004 1374 tione,
2038 1311 2309 1366 idolorum
2341 1313 2577 1368 servitus
2612 1316 2772 1368 noxia
2801 1325 2905 1380 est,
2933 1325 2988 1372 et
3019 1320 3224 1374 nullam
3250 1332 3402 1378 certe

1841 1398 2126 1453 utilitatem
2172 1400 2499 1468 suppeditat.
2536 1401 2688 1466 Quod
2737 1405 2782 1457 si
2823 1404 2954 1474 quid
3003 1407 3220 1463 aliunde
3249 1410 3402 1464 vobis

1839 1488 2098 1556 supersit,
2133 1487 2182 1540 id
2220 1503 2437 1557 quoque
2487 1490 2638 1544 luero
2689 1492 2938 1548 hostibus
2973 1496 3149 1559 cedet,
3180 1505 3403 1568 propter

1841 1577 2133 1632 hzerentem
2161 1580 2316 1634 vobis
2349 1580 2700 1650 impietatem.
2735 1602 2752 1632 ι
2783 1583 3078 1642 Devoratus
3095 1596 3178 1643 est
3201 1589 3399 1657 Israel;

1839 1683 1987 1722 nunc
2036 1668 2213 1724 factus
2251 1679 2336 1724 est
2385 1671 2436 1724 in
2477 1673 2791 1727 nationibus
2841 1677 2996 1744 quasi
3041 1693 3137 1733 vas
3181 1679 3399 1748 inutile;

1840 1759 1970 1826 quia
2023 1758 2126 1828 ipsi
2189 1761 2555 1814 ascenderunt
2589 1763 2654 1816 ad
2688 1765 2960 1835 Assyrios.
3011 1787 3030 1818 ο
3075 1766 3401 1838 Supremum

1839 1849 2038 1918 quippe
2083 1851 2468 1905 exterminium
2517 1852 2655 1908 hanc
2703 1854 2772 1908 ob
2820 1873 3040 1912 causam
3098 1859 3401 1928 patiemini,

1837 1923 2111 2008 mancipia
2140 1941 2384 2010 Assyriis
2429 1939 2558 1995 facti
2592 1959 2605 1996 :
2645 1945 2789 2002 vasis
2825 1946 3000 2002 instar
3030 1948 3097 2002 ad
3118 1950 3301 2004 onmia
3322 1951 3404 2005 in-

1839 2033 1990 2087 utilis
2017 2032 2160 2088 inter
2178 2034 2510 2104 alienigenas
2530 2037 2901 2105 versabimini,
2925 2047 2978 2094 et
2995 2039 3149 2096 ﬂocci
3177 2040 3400 2098 ﬁemiui.

1843 2141 1862 2173 ι
1901 2122 2238 2178 Germinavit
2276 2126 2421 2194 apud
2471 2127 2714 2197 seipsum
2747 2129 2901 2184 mihi.
2948 2149 2968 2183 ι
3003 2134 3136 2186 Cum
3181 2134 3234 2189 in
3272 2137 3406 2190 nudo

1839 2213 2124 2269 titudinem
2164 2215 2504 2283 providentia
2538 2232 2655 2271 mea
2684 2220 3074 2281 excrevissent,
3115 2238 3288 2292 neque
3317 2225 3403 2278 id-

1837 2306 1988 2359 circo
2017 2320 2102 2360 me
2141 2307 2294 2375 pensi
2345 2307 2547 2362 habere
2574 2309 2796 2372 vellent,
2821 2310 2914 2380 qui
2961 2321 3234 2368 tantorum
3267 2314 3403 2384 ipsis

1838 2395 2104 2448 bonorum
2146 2410 2310 2450 causa
2365 2397 2572 2462 exstiti,
2617 2408 2812 2452 cuncta
2859 2401 3117 2456 audacter
3171 2406 3405 2473 agebant

1837 2486 1990 2539 Iibito
2015 2501 2114 2540 suo
2145 2505 2157 2540 :
2195 2486 2247 2541 id
2274 2489 2420 2542 enim
2449 2488 2669 2544 denotat
2689 2490 2878 2555 dictio,
2916 2511 2933 2543 ι
2959 2495 3101 2562 apud
3138 2496 3398 2565 seipsum.

1835 2604 1907 2613 —
1935 2573 2260 2643 Ephraimus
2289 2592 2516 2631 munera
2536 2579 2746 2634 dilexit.
2772 2599 2793 2634 ι
2826 2581 2903 2635 Ne
2939 2583 3022 2638 his
3037 2584 3254 2652 quidem
3282 2602 3402 2656 qua:

1837 2667 1940 2722 sibi
1997 2668 2222 2723 aderant
2286 2673 2554 2735 contenti,
2599 2672 2724 2741 plus
2791 2673 2995 2729 habere
3052 2679 3398 2747 satagebant.

1840 2774 1860 2808 ι
1888 2759 2099 2813 Idcirco
2132 2759 2376 2816 tradetur
2401 2763 2736 2820 nationibus.
2775 2783 2795 2817 ι
2815 2764 2927 2838 ω
2957 2765 3126 2838 Digne
3155 2769 3403 2839 profecto

1837 2851 1939 2905 sub
1959 2851 2091 2921 jugo
2123 2853 2359 2907 hostium
2392 2856 2553 2924 positi
2581 2867 2880 2925 agnoscent
2923 2874 3046 2930 quae
3087 2861 3141 2914 in
3181 2878 3268 2918 me
3299 2864 3405 2918 im-

1837 2941 1923 3010 pie
1945 2943 2174 3010 egerint,
2205 2953 2260 3000 et
2289 2959 2410 3013 quae
2455 2946 2640 3014 imque
2676 2951 3029 3016 patraverint.
3069 2970 3089 3002 ι
3128 2951 3284 3009 Nunc
3312 2971 3406 3011 ex-

170 3025 286 3095 ἐμὲ.
323 3021 400 3082 ὧν
442 3045 509 3082 τε
540 3028 779 3098 ἠδίκουν.
821 3033 912 3097 (p.
947 3027 1035 3097 6|)
1082 3047 1100 3079 ι
1134 3027 1251 3080 Νῦν
1292 3029 1597 3099 εἰσδέξομαι
1634 3029 1733 3081 αὐ-

1837 3032 2034 3100 cipiam
2077 3048 2193 3087 eos.
2240 3054 2258 3084 ι
2306 3034 2646 3108 Εκεροοιοὺο
2694 3040 2906 3095 scilicet
2949 3057 3044 3115 eos
3084 3044 3137 3098 in
3185 3047 3405 3118 regione

167 3115 306 3181 τούς.
337 3135 358 3170 ι
404 3119 690 3190 Ἀναμενῶ
715 3118 824 3190 γὰρ
869 3119 1062 3180 αὐτοὺς
1093 3121 1152 3171 ὲν
1179 3122 1244 3190 τῇ
1285 3119 1392 3171 τῶν
1438 3120 1736 3190 Ἀσσυρίων

167 3205 332 3279 χώρᾳ.-
359 3210 440 3273 είς
461 3211 680 3280 εκείνην
699 3210 788 3263 διὰ
806 3211 902 3281 τῆς
929 3210 1303 3280 αἰχμαλωσίας
1322 3211 1494 3264 ἕλκων
1518 3212 1733 3276 αὐτοὺς,

166 3295 300 3351 ὥστε
334 3300 444 3352 τῶν
473 3301 840 3372 ἀσεϐημάτων
871 3303 980 3357 τῶν
1011 3303 1225 3356 οἰκείων
1258 3302 1508 3373 αἴσθησιν
1552 3303 1735 3356 λαϐεῖν

167 3389 302 3443 τότε·
332 3392 450 3455 πῶς
476 3392 574 3444 καὶ
596 3393 715 3446 τίνα
735 3393 827 3445 τὸν
846 3395 1046 3464 τρόπον
1073 3412 1087 3460 ;
1121 3414 1141 3446 ‹
1173 3395 1286 3447 Καὶ
1314 3395 1611 3447 κοπὰσουσι
1643 3413 1732 3465 μι-

166 3481 292 3552 κρὸν
327 3483 422 3536 τοῦ
459 3485 639 3554 χρίειν
674 3484 898 3554 βασιλέα
927 3488 1019 3539 καὶ
1049 3487 1330 3557 ἄρχοντας.
1373 3503 1392 3537 ι
1431 3485 1733 3539 Παύσονται

165 3574 270 3643 γὰρ
295 3573 390 3627 τοῦ
433 3575 540 3638 τὰς
567 3576 918 3647 παρανόμους
962 3577 1164 3639 ταύτας
1199 3575 1473 3645 βασιλείας
1503 3590 1562 3626 τε
1597 3574 1732 3628 καθ-

164 3665 504 3721 ιστάναικαὶ
531 3667 723 3739 ἀρχὰς,
750 3671 818 3740 τῇ
845 3669 1188 3740 αἰχμαλωσίᾳ
1229 3669 1602 3739 παιδευόμενοι
1642 3687 1702 3722 τε
1722 3709 1738 3734 ,

164 3760 330 3822 κείας.

233 3917 379 3986 Στίχ.
423 3917 521 3972 ια’·
535 3919 617 3973 ιδ’.
638 3948 707 3962 -
739 3940 758 3971 ε
795 3922 917 3974 Ὅτι
943 3921 1240 3992 ἐπλήθυνεν
1281 3922 1519 3993 Ἐφραῒμ
1545 3922 1725 3976 ουσια-

170 4009 361 4078 στήρια
383 4049 400 4077 ,
443 4011 530 4073 είς
565 4012 838 4083 ἁμαρτίας
865 4013 1110 4081 ἐγένοντο
1139 4012 1306 4083 αὐτῷ.
1341 4031 1360 4062 ι
1392 4015 1500 4066 Καὶ
1523 4012 1630 4084 γὰρ
1657 4014 1732 4064 εί-

166 4096 332 4162 κότως
355 4100 719 4169 ὑπομένουσιν
749 4103 940 4170 ταῦτα,
967 4105 1104 4176 ὑπὲρ
1133 4099 1208 4159 ὧν
1244 4105 1341 4176 τὴν
1377 4104 1549 4174 ἀσεϐῆ
1577 4105 1729 4173 βασι-

164 4185 306 4240 λείαν
354 4192 761 4260 κατεστήσαντο
802 4193 1038 4265 ἐκείνην·
1085 4194 1270 4265 ἐπειδὴ
1319 4196 1521 4265 ταύτην
1572 4189 1730 4265 εὗρον

163 4275 276 4330 ὁδὸν
312 4279 407 4333 τοῦ
451 4282 704 4353 πολυειδῆ
735 4285 843 4336 τῶν
871 4285 1103 4338 εἰδώλων
1141 4285 1393 4356 εὑρέσθαι
1429 4289 1527 4355 τὴν
1571 4285 1730 4357 θερα-

1834 3123 2208 3192 Assyriorum,
2231 3125 2282 3177 in
2307 3141 2467 3194 quam
2493 3130 2736 3196 captivos
2759 3137 3154 3199 pertrahendos
3177 3142 3402 3209 curabo,

1836 3223 1892 3266 ut
1923 3225 2034 3268 tum
2064 3214 2280 3268 demum
2307 3217 2644 3286 impietatum
2667 3236 2890 3276 suarum
2919 3241 3139 3281 sensum
3164 3233 3400 3301 capiant.

1841 3304 1945 3358 Sed
1985 3305 2358 3373 quamobrem,
2414 3318 2468 3362 et
2518 3311 2832 3378 quomodo?
2892 3335 2911 3366 ι
2969 3315 3032 3370 Ει
3087 3321 3401 3390 aliquandiu

1833 3396 2129 3449 cessabunt
2162 3397 2230 3451 ab
2268 3399 2519 3467 ungendo
2545 3416 2724 3470 regem
2760 3418 2824 3457 ac
2859 3407 3153 3478 principes.
3198 3432 3217 3464 ι
3247 3413 3403 3472 ι)οεὶ-

1840 3496 1970 3540 nent
2018 3487 2130 3540 hate
2173 3488 2338 3557 impia
2377 3504 2541 3558 regna
2578 3493 3022 3568 principatusque
3047 3506 3399 3571 constituere,

1839 3577 2154 3646 captivitate
2184 3579 2407 3642 eruditi,
2425 3590 2480 3634 et
2508 3583 2762 3651 nequitia)
2785 3603 2896 3642 suae
2921 3605 3086 3647 sensu
3118 3605 3400 3666 concepto.

1797 3670 1896 3723 xui.
1936 3670 2034 3741 τῆς
2081 3673 2424 3743 παρανομίας
2467 3675 2718 3748 αἴσθησιν
2767 3678 3134 3750 λαμϐάνοντες
3175 3687 3276 3758 τῆς
3325 3691 3404 3742 οἱ-

1911 3921 2075 3977 Vens.
2109 3924 2290 3979 Il-H.
2325 3956 2391 3964 —
2427 3947 2444 3978 ι
2487 3928 2627 3994 Quia
2667 3931 3044 4002 multiplicavit
3077 3934 3403 4006 Ephraimus

1837 4013 2046 4080 altaria,
2091 4015 2232 4069 facta
2281 4027 2411 4071 sunt
2451 4021 2497 4074 ei
2551 4022 2605 4076 in
2656 4036 2959 4093 peceatum.
3000 4049 3019 4080 ο
3047 4029 3236 4088 Merito
3286 4035 3404 4092 hac

1837 4107 2138 4173 patiuntur,
2169 4117 2456 4179 postquam
2501 4113 2727 4184 impium
2759 4118 2893 4175 illud
2933 4137 3160 4192 regnum
3195 4130 3404 4185 consti-

1834 4204 2075 4261 tuerunt,
2094 4207 2256 4268 atque
2289 4200 2427 4256 hanc
2452 4203 2593 4257 viam
2615 4209 2990 4279 excogitarunt
3011 4216 3396 4276 multiformem

1835 4285 1937 4342 sibi
1994 4287 2373 4345 adinveniendi
2445 4293 2707 4350 idolorum
2769 4301 3078 4371 culturam;
3133 4322 3233 4362 nec
3292 4326 3400 4366 non

166 4369 340 4430 πείαν.
387 4372 566 4424 πολλά
594 4390 652 4425 τε
684 4375 892 4440 ἑαυτοῖς
919 4379 1127 4446 ἐγεῖραι
1174 4376 1268 4430 καὶ
1295 4376 1512 4429 ποικίλα
1545 4375 1732 4429 θυσια-

1837 4380 2003 4432 multa
2029 4381 2331 4437 aediﬁcandi
2362 4385 2463 4439 sibi
2497 4387 2822 4460 diversaque
2858 4369 3072 4461 altaria,
3104 4399 3247 4467 apud
3279 4419 3402 4471 qua:

164 4458 375 4530 στήρια,
413 4463 474 4514 ὲν
498 4457 583 4526 οἷς
624 4463 688 4534 δὴ
725 4466 958 4535 μάλιστα
994 4466 1478 4538 πλημμελήσαντες
1509 4467 1730 4530 δικαίως

161 4545 385 4602 δώσουσι
429 4550 608 4614 δίκας.
655 4573 672 4604 ι
720 4555 1068 4625 Καταγράψω
1101 4555 1250 4626 αὐτῷ
1283 4556 1504 4627 πλῆθος.
1541 4557 1631 4609 καὶ
1661 4556 1730 4609 τὰ

159 4636 363 4709 νόμιμα
397 4641 590 4694 αὐτοῦ.
630 4661 649 4694 ι
683 4643 853 4697 Τοῦτο
880 4645 987 4716 γὰρ
1013 4646 1078 4716 δὴ
1107 4646 1214 4699 τῶν
1242 4647 1640 4716 θυσιαστηρίων
1669 4647 1730 4699 τὸ

160 4729 356 4800 πλῆθος
389 4733 484 4786 καὶ
517 4731 628 4786 τῶν
656 4735 835 4803 νόμων
868 4737 974 4789 τῶν
1004 4736 1204 4790 καινῶν
1231 4729 1306 4790 ὧν
1338 4737 1564 4809 εὕραντο
1603 4738 1729 4808 περὶ

155 4819 253 4889 τὴν
300 4821 410 4874 τῶν
457 4821 690 4876 εἰδώλων
732 4824 1046 4895 θρησκείαν,
1089 4825 1276 4898 ὥσπερ
1303 4825 1578 4897 ἕγγραφόν
1607 4845 1729 4880 τινα

159 4913 492 4982 κατηγορίαν
525 4914 870 4984 ἀποθήσομαι
893 4916 1013 4969 κατ’
1034 4917 1211 4969 αὐτῶν
1239 4918 1472 4980 δικαίαν,
1504 4919 1594 4971 ἐπὶ
1619 4919 1728 4980 τοῖς

161 5002 429 5066 τοσούτοις
445 5006 876 5076 παρανομήμασι
890 5008 988 5078 τὴν
1011 5008 1280 5075 ἀπόφασιν
1305 5009 1422 5061 κατ’
1450 5009 1627 5061 αὐτῶν
1643 5009 1730 5075 ἐξ·

159 5093 323 5159 ἁγων.
353 5113 371 5146 ι
401 5095 500 5158 Εἰς
521 5095 776 5162 ἀλλότρια
795 5096 1042 5168 ἐλογίσθη
1067 5099 1420 5169 θυσιαστήρια
1439 5099 1507 5152 τὰ
1517 5100 1730 5170 ἠγαπη-

161 5182 312 5250 μένα.
352 5185 534 5238 ’,Καὶ
577 5185 684 5257 γάρ
714 5187 778 5257 δὴ
806 5188 898 5240 καὶ
933 5188 1000 5242 τὰ
1041 5187 1396 5260 θυσιαστήρια
1445 5189 1482 5244 ἃ
1529 5191 1728 5260 πολλὴν

156 5272 252 5341 τὴν
281 5274 510 5345 ἀγάπην
559 5278 931 5332 ἐπεδείκνυντο
957 5280 1051 5332 καὶ
1101 5281 1202 5352 τὴν
1241 5277 1494 5352 σπουδὴν,
1524 5282 1602 5352 (p.
1634 5283 1726 5352 62)

156 5360 259 5413 ὑπὸ
285 5363 384 5433 τὴν
431 5363 548 5417 τῶν
591 5366 864 5437 πολεμίων
894 5370 1184 5437 γενήσεται
1211 5369 1476 5433 ἐξουσίαν.
1530 5392 1549 5422 ι
1586 5372 1728 5424 Διότι

155 5451 248 5505 ιάν
278 5453 489 5508 θύσωσι
509 5455 696 5512 θυσίαν
721 5460 814 5512 καὶ
831 5459 1044 5528 φάγωσι
1067 5461 1224 5530 κρέα,
1247 5461 1448 5532 Κύριος
1474 5463 1535 5514 ού
1558 5479 1727 5534 προσ-

152 5540 361 5607 δέξεται
407 5545 570 5599 αὐτά.
623 5565 643 5598 ι
705 5548 768 5601 Εἰ
810 5549 917 5620 γὰρ
950 5549 1015 5621 δὴ
1055 5551 1152 5605 καὶ
1194 5552 1463 5622 πειρῷντο
1519 5553 1729 5618 θυσίαις

152 5631 531 5696 ἐξιλάσκεσθαι
559 5637 622 5689 τὸ
651 5638 824 5704 Θεῖον,
861 5641 1256 5711 ἀπογευόμενοι
1280 5642 1390 5693 τῶν
1410 5644 1468 5695 ὲν
1493 5645 1612 5705 ταῖς
1637 5643 1728 5696 θυ·

156 5720 293 5785 σίαις
309 5724 512 5785 κρεῶν,
531 5727 670 5782 κατά
690 5729 752 5782 τὸ
767 5729 975 5799 εἰωθὸς,
999 5733 1121 5785 οὐδὲ
1140 5734 1343 5786 τούτων
1361 5732 1509 5788 ἔσται
1532 5753 1614 5799 τις
1629 5735 1718 5789 λό-

1833 4470 2176 4538 potissimum
2219 4473 2600 4542 delinquentes
2631 4480 2812 4546 justas
2840 4497 3030 4548 poenas
3068 4470 3400 4554 persolvent.

1836 4578 1856 4610 ‹
1904 4558 2147 4615 Scribam
2197 4562 2248 4616 ei
2314 4565 2742 4632 multitudinem,
2794 4578 2849 4624 et
2893 4573 3131 4641 legitima
3182 4577 3322 4646 ejus.
3376 4601 3395 4634 ι

1832 4648 1982 4704 lianc
2019 4650 2163 4704 enim
2189 4652 2442 4706 altarium
2478 4657 2878 4713 multitudinem
2916 4662 3205 4734 legumque
3242 4684 3405 4725 nova-

1830 4756 1970 4804 rum,
2018 4757 2158 4810 quas
2214 4744 2540 4800 invenerunt
2589 4749 2733 4804 circa
2782 4751 3054 4808 idolorum
3103 4759 3400 4822 culturam,

1825 4830 1986 4898 justas
2040 4834 2304 4891 adversus
2354 4852 2449 4892 eos
2508 4841 2878 4898 accusationis
2934 4845 3134 4908 instar.
3189 4852 3400 4921 scripto

1828 4923 2300 4990 comprehensam,
2334 4926 2543 4981 habebo
2571 4948 2584 4982 :
2623 4930 2822 4999 quibus
2848 4934 3024 4989 verbis
3063 4941 3394 4994 sententiam

1829 5011 1897 5062 ob
1917 5023 2064 5065 tanta
2097 5015 2326 5069 erimina
2361 5018 2429 5072 de
2461 5020 2567 5074 illis
2601 5019 2724 5076 fert.
2752 5041 2772 5073 ε
2805 5022 2961 5079 Velut
2984 5028 3156 5081 aliena
3186 5045 3403 5100 compu—

1829 5109 1942 5154 lata
1969 5113 2096 5156 sunt
2138 5107 2330 5161 altaria
2365 5109 2582 5165 dilecta.
2630 5131 2649 5162 ι
2684 5111 2928 5184 Namque
2951 5127 3006 5170 et
3037 5120 3252 5184 altaria,
3280 5138 3401 5191 quae

1829 5195 2000 5248 multo
2030 5195 2192 5265 digna
2236 5214 2421 5256 amore
2456 5203 2749 5275 studioque
2791 5207 3130 5272 videbantur,
3165 5213 3268 5267 sub
3302 5213 3400 5268 ho-

1830 5287 1993 5339 stium
2027 5288 2244 5342 venient
2287 5299 2628 5358 potestatem.
2662 5313 2682 5347 ι
2721 5295 2858 5362 Quia
2906 5300 2951 5354 si
2996 5300 3399 5359 immolaverint

1831 5375 2084 5441 hostiam,
2118 5389 2171 5431 et
2193 5380 2534 5436 comederint
2564 5399 2779 5449 carnes,
2814 5386 3077 5443 Dominus
3097 5405 3207 5445 non
3229 5394 3399 5448 susci-
3445 5403 3449 5407 '

1830 5467 1939 5534 pict
1967 5483 2080 5522 eas.
2115 5487 2133 5518 ι
2171 5468 2306 5523 Nam
2343 5474 2446 5527 etsi
2496 5473 2638 5531 forte
2675 5476 2869 5532 hostiis
2896 5490 3162 5535 conentur
3181 5484 3399 5552 placare

1832 5557 2018 5624 Deum,
2057 5561 2285 5627 gustatis
2314 5564 2709 5620 sacriﬁciorum
2759 5568 2865 5622 ritu
2914 5569 3075 5625 solito
3113 5575 3394 5639 carnibus,

1835 5650 1964 5702 nulli
1999 5650 2102 5705 hoc
2145 5651 2253 5706 Deo
2288 5668 2433 5708 cura:
2481 5657 2605 5720 erit,
2647 5673 2821 5728 neque
2852 5659 3016 5714 ullam
3047 5672 3397 5731 peccatorum
3465 5677 3468 5679 ’

1829 5738 2225 5807 gratiﬁcabitur
2269 5742 2669 5801 remissionem.
2727 5765 2746 5798 ‹
2810 5745 2966 5803 Nunc
3019 5750 3398 5808 rccordabitur
