3824 6224
429 300 532 354 ιτε
1552 293 1901 351 rueooom
1961 293 2445 353 uorsuesrsm
3571 319 3674 372 ne

421 413 736 484 iniquitates
765 426 975 476 eorum,
1027 419 1081 465 et
1127 411 1422 466 ulciscetur
1463 416 1685 480 peccata
1717 424 1927 464 eorum.

2160 428 2188 473 ς
2206 411 2284 481 τῷ
2303 412 2442 484 Θεῷ,
2472 415 2592 468 οὺδέ
2613 434 2734 470 τινα
2764 419 2905 490 ὑπὲρ
2927 419 3131 475 τούτων
3149 423 3334 488 αὐτοῖς
3360 426 3469 482 τῶν
3494 445 3670 502 παρα-

427 506 634 561 Memor
666 519 856 558 eorum
886 518 1010 574 qua:
1043 503 1208 572 impie
1235 510 1485 573 egenant,
1520 517 1628 556 non
1656 502 1937 571 propitiab<

2161 505 2426 574 μημάτων
2451 512 2723 580 χαριεῖται
2747 509 2920 564 λύσιν.
2963 532 2983 565 ι
3016 513 3131 568 Νῦν
3164 518 3531 591 μνησθήσεται
3562 525 3671 579 τῶν

421 595 554 661 illis,
583 596 679 652 sed
707 595 906 666 dignas
937 597 1176 665 peccatis
1203 595 1444 665 ipsorum
1476 608 1666 664 poenas
1695 597 1931 664 imponar

2153 595 2318 650 ῖικιῶν
2344 597 2541 662 αὐτῶν,
2572 601 2667 653 καὶ
2697 601 2973 673 ἐκδικήσει
2993 604 3090 668 τὰς
3115 607 3387 679 ἁμαρτίας
3411 613 3611 670 αὐτῶν.
3645 635 3663 667 r

428 704 447 738 ι
484 686 589 757 Ipsi
615 686 681 740 ad
697 687 993 758 Egyptum
1013 701 1073 741 se
1091 693 1501 750 converterunt,
1524 684 1628 755 41
1649 692 1702 739 et
1723 683 1866 752 apud
1887 687 1938 736 A:

2161 683 2454 753 εμνημένος
2481 688 2588 757 γὰρ
2618 681 2694 742 ὧν
2738 691 2991 759 ἠσέϐουν,
3042 695 3200 760 ἵλεως
3232 698 3331 767 μὲν
3363 701 3544 766 αὐτοῖς
3571 705 3671 758 οὐκ

421 777 600 848 syrios
619 777 820 847 polluta
841 776 1154 832 comedunt.
1185 792 1204 828 ι
1234 774 1381 830 Inter
1397 775 1494 830 has
1509 789 1782 829 aerumnas
1811 783 1931 843 pete

2160 789 2306 841 ομαι,
2356 775 2655 845 ἀναλόγους
2695 779 2754 832 δὲ
2796 782 2906 834 τῶν
2955 791 3440 860 παρανομημάτων
3485 795 3670 862 αὐτοῖς

423 867 644 936 quidem
674 868 742 920 ab
761 865 994 938 Egypto
1015 865 1301 928 auxilium,
1331 871 1386 918 at
1402 865 1610 920 nullum
1629 864 1756 919 inde
1781 864 1933 919 emoln

2161 862 2278 928 εάξω
2303 865 2403 929 τὰς
2426 869 2714 940 τιμωρίας.
2761 890 2780 924 ι
2815 874 2978 928 Αὐτοὶ
3007 877 3354 952 ἀπέστρεψαν
3381 886 3460 948 εἰς
3496 887 3671 955 Αἰγυ-

422 965 668 1012 mentum
715 957 966 1027 capient;
1003 955 1099 1011 sed
1140 956 1340 1025 captivi
1373 955 1429 1009 in
1476 955 1754 1026 Assyriam
1790 954 1932 1008 abac1

2160 971 2244 1020 ων,
2271 958 2366 1009 καὶ
2393 959 2473 1021 εἰς
2512 959 2830 1032 Ἀσσυρίους
2859 964 3146 1038 ἀκάθαρτα
3178 971 3466 1040 φάγονται.
3504 995 3523 1027 r
3581 954 3670 1032 Ἔν

422 1047 702 1103 srrvitutis
731 1048 1086 1117 experientur
1117 1047 1280 1100 mala.
1313 1063 1333 1096 ι
1364 1045 1430 1098 Et
1468 1046 1671 1100 oblitus
1703 1052 1788 1099 est
1827 1045 1932 1098 lsra

2180 1047 2390 1113 τούτοις
2432 1054 2548 1115 τοῖς
2573 1052 2766 1118 δεινοῖς
2810 1058 3093 1129 αἰτήσουσι
3142 1062 3240 1132 μὲν
3287 1062 3349 1129 ὲξ
3389 1068 3668 1136 Αἰγύπτου

419 1136 645 1193 factoris
676 1139 784 1202 sui,
821 1146 874 1192 et
901 1137 1191 1191 aediﬁcavit
1221 1136 1469 1191 delubra.
1513 1135 1581 1189 Et
1606 1133 1776 1190 ludas
1805 1136 1929 1191 mull

2159 1136 2365 1206 ήθειαν,
2416 1139 2682 1208 ὠφέλειαν
2727 1144 2786 1196 δὲ
2829 1145 3078 1201 ἐντεῦθεν
3127 1133 3509 1221 καρπώσονται
3543 1157 3669 1210 οὐδὲ

417 1230 638 1298 plicavit
680 1229 844 1284 urbes
875 1229 1113 1282 munitas
1149 1247 1164 1282 ε
1198 1237 1254 1283 et
1297 1227 1510 1280 mittam
1556 1227 1733 1296 ignem
1776 1227 1829 1280 in
1855 1225 1927 1280 εἰη

2157 1245 2242 1293 αν,
2294 1229 2628 1300 αἰχμάλωτοι
2681 1250 2743 1286 τε
2790 1237 3128 1307 ἀπαγόμενοι
3171 1241 3252 1304 εἰς
3311 1243 3665 1316 Ἀσσυρίους,

415 1326 558 1374 tates
604 1320 748 1389 ejus.
795 1329 848 1374 et
901 1318 1187 1373 devorabit
1245 1317 1602 1372 fundamenta
1660 1317 1898 1372 illarum.

2159 1318 2185 1370 ,l.
2209 1319 2306 1387 τῆς
2332 1321 2408 1383 ὡς
2433 1323 2488 1374 ἐν
2519 1323 2864 1397 αἰχμαλωσίᾳ
2886 1324 3217 1400 πειρώμενοι
3247 1334 3466 1398 κακίας.
3507 1355 3527 1388 ι
3557 1337 3669 1390 Kal.

411 1410 662 1465 Creatori
691 1425 794 1468 suo
831 1411 1041 1465 nullum
1072 1408 1286 1464 deferre
1317 1408 1640 1478 obsequium
1675 1408 1921 1463 voluerur

2159 1407 2380 1461 ελάθετο
2423 1411 2637 1483 Ἰσραὴλ
2672 1412 2768 1467 τοῦ
2821 1417 3144 1487 ποιήσαντος
3184 1423 3367 1486 αὐτὸν,
3403 1424 3498 1478 καὶ
3524 1425 3669 1487 ᾠκο-

415 1501 514 1556 sed
548 1502 772 1557 delubra
827 1502 1236 1557 aediﬁcaverunt
1267 1501 1338 1554 ob
1384 1500 1654 1554 idolorum
1691 1501 1925 1554 cultura:

2159 1514 2288 1567 μησε
2317 1499 2538 1571 τεμένη·
2571 1480 2668 1556 καὶ
2717 1480 3213 1578 Ἰούδπὶπλήθυνε
3260 1480 3447 1576 πόλεις
3489 1480 3669 1568 τετει⁶

416 1593 538 1648 Mox
566 1595 730 1649 urbes
752 1596 980 1665 insuper
1008 1594 1282 1650 moenibus
1311 1591 1655 1646 communire
1680 1589 1926 1644 tentabant

2148 1584 2370 1655 σμένας·
2399 1589 2492 1640 καὶ
2522 1590 2862 1655 ἐξαποστελῶ
2894 1592 3005 1665 πῦρ
3029 1597 3108 1658 εἰς
3129 1597 3228 1660 τὰς
3264 1599 3446 1664 πόλεις
3470 1601 3658 1669 αὑτοῦ,

412 1683 571 1753 quasi
599 1683 819 1753 aliquod
864 1682 1025 1738 malis
1078 1680 1376 1737 remedium
1428 1681 1503 1734 ita
1545 1679 1842 1735 inventuri.
1875 1679 1922 1733 Si

2154 1674 2182 1727 ιὶ
2213 1677 2587 1746 καταφάγεται
2613 1681 2681 1734 τὰ
2714 1680 2936 1751 θεμέλια
2970 1684 3168 1741 αὐτῶν.
3201 1705 3218 1738 r
3251 1689 3358 1742 Τοῦ
3416 1691 3515 1762 μὲν
3555 1693 3664 1764 γὰρ

413 1789 588 1845 neque
612 1774 726 1828 haec
755 1774 836 1828 eis
861 1773 1161 1844 proderunt
1207 1770 1374 1825 hilum
1401 1788 1416 1825 :
1445 1779 1648 1825 tantam
1677 1771 1822 1825 enim
1854 1777 1923 1822 tat

2154 1745 2451 1836 acomxétoé
2475 1769 2670 1834 αὐτοὺς
2717 1745 2875 1840 λόγον
2906 1773 3051 1844 ἔχειν
3084 1776 3184 1831 οὐκ
3232 1745 3534 1845 ἐϐούλοντο,

410 1881 518 1935 que
539 1865 862 1929 terribilem,
890 1865 1128 1919 hostium
1155 1877 1340 1924 manu,
1364 1862 1470 1917 illis
1487 1876 1703 1931 poenam
1723 1859 1920 1930 inﬂigal

2152 1858 2226 1929 ἕνη
2257 1859 2315 1912 δὲ
2362 1861 2456 1914 ἐπὶ
2482 1865 2548 1932 τῇ
2593 1862 2704 1915 τῶν
2747 1865 2979 1920 εἰδώλων
3010 1867 3321 1940 ᾠκοδόμουν
3373 1871 3662 1945 θεραπεία·

412 1971 536 2026 qua:
573 1957 714 2028 ignis
753 1956 928 2010 instar
952 1965 1182 2010 cunctos
1210 1968 1560 2017 consumens,
1593 1967 1624 2007 a
1659 1952 1922 2007 fundame;

2156 1967 2208 2002 ια
2239 1951 2333 2004 ἐπὶ
2359 1952 2567 2016 τούτοις
2613 1954 2714 2018 τὰς
2746 1955 2931 2020 πόλεις
2957 1960 3193 2030 τείχεσιν
3221 1961 3470 2033 ὀχειροῦν
3510 1944 3666 2017 ἐπει-

408 2044 480 2099 tis
509 2043 898 2115 propemodum
935 2043 1098 2097 urbes
1131 2042 1374 2111 ipsorum
1405 2047 1635 2095 cunctas
1667 2038 1890 2094 delebit.

2152 2040 2296 2105 ivro,
2342 2043 2418 2106 ὼς
2449 2044 2515 2097 ἂν
2546 2045 2721 2116 τούτῳ
2766 2047 2886 2101 τινὰ
2927 2048 3080 2104 λύσιν
3117 2051 3438 2124 εὑρήσοντες
3465 2054 3539 2125 (p.
3568 2055 3662 2121 65)

404 2139 516 2193 τῶν
543 2139 750 2194 κακῶν·
777 2138 959 2211 ὀνήσει
982 2137 1036 2192 δὲ
1061 2136 1258 2199 αὐτοὺς
1271 2134 1391 2188 οὐδὲ
1411 2133 1583 2187 ταῦτα
1605 2132 1778 2186 οὐδέν·
1803 2131 1990 2204 ἐπειδὴ
2011 2134 2266 2204 τοιαύτην
2279 2137 2372 2190 καὶ
2392 2137 2535 2192 οὕτω
2561 2139 2797 2212 φοϐερὰν
2817 2142 2999 2204 αὐτοῖς
3017 2141 3113 2212 τὴν
3141 2141 3228 2195 διὰ
3255 2143 3362 2196 τῶν
3388 2144 3664 2215 πολεμίων

404 2230 592 2296 ἐπάξω
614 2230 906 2301 τιμωρίαν,
949 2227 1089 2283 ὥστε
1123 2230 1292 2302 πυρὸς
1324 2229 1481 2300 δίκην
1534 2229 1785 2292 ἅπαντας
1829 2229 2248 2303 ἐπινεμομένην,
2301 2235 2459 2304 μόνον
2500 2238 2599 2291 οὐκ
2653 2237 2718 2290 ἐκ
2758 2236 2972 2310 βάθρων
3018 2237 3234 2302 ἁπάσας
3283 2239 3461 2294 αὐτῶν
3511 2240 3662 2310 ἀφαο

405 2319 547 2376 νίσαι
579 2319 678 2384 τὰς
711 2319 914 2384 πόλεις.

1051 2503 1206 2559 CAP.
1238 2501 1330 2557 IX.

2728 2506 2885 2562 ΚΕΦ.
2931 2505 3009 2561 Θ’.

469 2661 639 2715 Vens.
667 2659 788 2714 1-4.
827 2688 900 2702 --
941 2675 960 2710 ι
989 2656 1108 2712 Noli
1141 2657 1334 2722 laetari,
1361 2655 1548 2724 lsrael,
1576 2657 1685 2712 noli
1706 2658 1979 2715 exsultare

2147 2651 2292 2721 Στίχ.
2318 2649 2462 2704 αὀδ’.
2500 2679 2573 2692 --
2609 2668 2628 2702 t
2665 2650 2757 2720 Μὴ
2795 2653 2974 2721 χαῖρε,
3012 2650 3263 2722 Ἰσραὴλ,
3295 2650 3389 2705 καὶ
3437 2651 3512 2723 μὴ
3559 2653 3657 2707 εὖ·

403 2753 546 2811 sicnt
583 2751 792 2821 populi,
816 2749 949 2819 quia
965 2747 1272 2803 tunicatus
1287 2763 1347 2804 es
1369 2763 1399 2802 a
1433 2747 1668 2802 Domino
1687 2747 1798 2803 Deo
1822 2759 1913 2802 tuo

2144 2739 2301 2792 αἰνου
2324 2737 2507 2802 καθὼς
2542 2739 2594 2791 οἰ
2637 2739 2776 2806 λαοὶ,
2822 2740 2906 2792 ὅτι
2934 2739 3271 2811 ἐπόρνευσας
3308 2740 3416 2794 ἀπὸ
3443 2744 3654 2812 Κυρίου

401 2843 758 2912 Nequaquam
793 2841 954 2896 decet
990 2855 1111 2904 vos,
1133 2855 1288 2910 aeque
1318 2855 1384 2895 ac
1412 2841 1653 2910 reliquos
1705 2840 1911 2895 horninc

2145 2828 2328 2882 ὗΘεοῦ
2358 2846 2474 2883 σου.
2505 2848 2524 2882 ι
2560 2830 2634 2884 οὐ
2660 2830 2840 2885 τοίνυν
2873 2831 3268 2902 παραπλησίως
3299 2835 3413 2896 τοῖς
3445 2833 3655 2899 λοιποῖς

401 2931 580 2987 laetari
629 2946 692 2986 ac
738 2931 934 2999 gestire
965 2946 980 2984 :
1011 2931 1211 2984 etenim
1255 2930 1334 2984 illi
1391 2930 1594 2985 nullam
1639 2943 1903 2998 acceperu

2139 2919 2382 2992 θρώποις
2409 2921 2678 2991 ἁρμόττον
2711 2922 2840 2992 ὑμῖν
2870 2922 3253 2992 εὐφραίνεσθαι
3284 2923 3381 2977 καὶ
3415 2925 3649 2996 χαίρειν·

399 3021 703 3075 doctrinam
745 3033 864 3090 qua:
898 3018 964 3073 ad
1005 3034 1189 3074 veram
1235 3019 1387 3090 ipsos
1415 3020 1732 3090 religionem
1766 3021 1907 3076 duce

2140 3010 2259 3082 ιειδὴ
2290 3013 2340 3063 οἰ
2373 3011 2474 3081 μὲν
2508 3011 2633 3064 οὐδὲ
2665 3011 2796 3082 μίαν
2832 3011 3082 3076 ἐδέξαντο
3109 3013 3464 3068 διδασκαλίαν
3508 3016 3650 3086 πρὸς

401 3119 587 3179 posset
615 3128 628 3165 :
656 3125 755 3164 vos
797 3115 978 3162 autem
1014 3116 1138 3178 post
1167 3107 1516 3178 disciplinam
1547 3108 1799 3172 multam,
1846 3107 1911 3164 De

2139 3102 2349 3156 σέ6ειαν
2381 3104 2578 3166 αὐτοὺς
2599 3103 2754 3172 ἄγειν
2773 3104 2891 3157 οἵαν
2913 3121 2971 3156 τε
3005 3099 3191 3157 οὖσαν·
3229 3105 3388 3174 ὑμεῖς
3417 3105 3474 3158 δὲ
3504 3108 3644 3176 μετὰ

401 3216 508 3268 quc
536 3200 808 3263 notitiam,
848 3207 1030 3254 mente
1061 3200 1192 3253 laeva
1226 3213 1256 3252 a
1299 3198 1532 3256 scientia
1570 3199 1725 3254 vobis
1767 3199 1906 3252 tradi

2144 3193 2273 3262 λλὴν
2294 3193 2574 3246 παίδευσίν
2594 3210 2652 3246 τε
2685 3194 2779 3246 καὶ
2813 3194 3104 3262 ἐπίγνωσιν
3131 3193 3223 3247 τοῦ
3254 3194 3413 3260 Θεοῦ,
3442 3195 3651 3268 μοχθη-

401 3289 736 3351 recedentes,
785 3287 854 3341 ad
900 3287 1169 3341 idolorum
1212 3287 1420 3342 cultum
1471 3285 1792 3346 deﬂexistis.
1829 3289 1911 3342 «Β

2135 3298 2166 3351 ᾳ.
2199 3280 2426 3352 γνώμης
2455 3281 2554 3350 τῆς
2597 3281 3026 3352 προσγεγονυίας
3069 3282 3201 3351 ὑμῖν
3227 3281 3482 3350 γνώσεως
3505 3285 3645 3337 ἀπο-

405 3380 582 3435 texisti
615 3394 837 3434 munera
866 3395 1036 3449 super
1077 3393 1294 3433 omnem
1343 3393 1529 3434 aream
1571 3377 1764 3434 tritici.
1791 3397 1810 3431 ι
1851 3377 1915 3433 Ut

2133 3373 2319 3437 Iavrsg,
2358 3373 2452 3426 ἐπὶ
2480 3373 2578 3443 τὴν
2604 3372 2713 3426 τῶν
2737 3371 2972 3426 εἰδώλων
3007 3373 3280 3444 ὲτράπητε
3328 3373 3643 3444 θεραπείαν.

401 3484 510 3538 que
552 3469 719 3524 etiam
761 3468 1034 3538 primitias
1081 3467 1301 3538 frugum
1339 3469 1586 3522 omnium
1630 3465 1911 3524 danuombu

2138 3463 2444 3534 Ἠγάπησας
2461 3463 2670 3532 δόματα
2698 3462 2791 3515 ἐπὶ
2805 3464 2987 3516 πᾶσαν
3005 3463 3183 3517 ἆλωνα
3206 3463 3374 3516 σίτου.
3403 3481 3424 3515 ι
3449 3461 3564 3515 Καὶ
3581 3463 3648 3535 δὴ

401 3560 674 3621 obtulisti,
697 3558 900 3628 quibus
935 3559 1188 3613 datorum
1214 3559 1313 3614 tibi
1336 3558 1608 3615 bonorum
1621 3573 1848 3614 causam
1867 3560 1911 3614 in

2133 3557 2161 3608 ιί
2199 3557 2453 3626 ἀπαρχὰς
2497 3555 2558 3622 ἐξ
2598 3554 2850 3608 ἁπάντων
2899 3555 3177 3626 προσῆγες
3217 3557 3328 3618 τοῖς
3369 3554 3643 3626 δαίμοσιν,

401 3651 653 3717 putabas.
691 3665 710 3699 ι
739 3646 809 3702 Et
847 3661 976 3702 area
1018 3662 1082 3700 ac
1137 3646 1381 3702 torcular
1435 3661 1553 3701 non
1605 3647 1755 3701 novit
1789 3662 1905 3703 eos.

2135 3649 2245 3710 τοῖς
2271 3645 2615 3716 λογιζόμενος
2657 3645 2766 3698 τῶν
2802 3644 3066 3697 δοθέντων
3093 3645 3194 3716 τὴν
3227 3645 3427 3697 αἰτίαν.
3478 3664 3497 3697 ι
3529 3646 3644 3699 Καὶ

401 3736 648 3792 Merilam
681 3737 929 3794 referetis
982 3753 1220 3807 pmnam,
1267 3738 1542 3794 fructuum
1582 3741 1911 3810 privationem

2133 3755 2209 3794 ων
2254 3737 2352 3792 καὶ
2381 3737 2538 3808 ληνὸς
2565 3738 2666 3790 οὐκ
2695 3737 2836 3806 ἔγνω
2879 3737 3095 3800 αὐτούς.
3132 3755 3150 3788 r
3196 3736 3407 3789 Δώσετε
3457 3737 3643 3794 τοίνυν

404 3848 423 3880 ι
453 3827 570 3882 Non
607 3827 992 3883 habitaverunt
1020 3829 1075 3883 in
1105 3836 1252 3884 terra
1285 3827 1521 3884 Domini.
1553 3849 1572 3882 ι
1609 3830 1685 3885 Ne
1725 3831 1779 3885 in
1819 3839 1914 3886 terl

2130 3845 2217 3900 ιην
2244 3827 2421 3892 ἀξίαν,
2449 3827 2558 3880 τῶν
2599 3827 2826 3899 καρπῶν
2855 3827 2954 3898 τὴν
2976 3826 3282 3898 ἀφαίρεσιν.
3338 3848 3357 3878 ι
3395 3829 3468 3880 Οὐ
3501 3847 3640 3883 κατ-

397 3920 620 3991 quidem
651 3920 807 3975 vobis
836 3935 1104 3976 concessa
1141 3922 1454 3979 manebitis.
1485 3922 1732 3992 Namque
1767 3926 1907 3979 «hab

2127 3935 2283 3990 ιησαν
2309 3921 2368 3972 ἐν
2390 3920 2457 3989 τῇ
2479 3921 2549 3990 γῇ
2573 3917 2668 3971 τοῦ
2679 3919 2906 3990 Κυρίου.
2943 3937 2963 3969 r
2997 3919 3130 3972 Οὐδὲ
3159 3919 3265 3989 γὰρ
3294 3919 3387 3971 ἐπὶ
3405 3919 3506 3989 τῆς
3530 3922 3637 3991 γῆς

399 4016 650 4066 avertant
675 4028 696 4062 ι
717 4009 851 4064 dicit
882 4024 982 4080 pro
1002 4029 1021 4062 ι
1049 4011 1391 4077 habitabunt,
1419 4033 1438 4065 r
1463 4024 1728 4068 consueta
1753 4023 1909 4085 tempi

2121 4013 2159 4081 γς
2177 4010 2424 4079 δοθείσης
2444 4011 2574 4080 ὑμῖν
2593 4011 2823 4079 μενεῖτε·
2848 4009 2910 4062 τὸ
2933 4009 3062 4080 γὰρ,
3094 4027 3113 4062 ι
3141 4009 3203 4062 οὐ
3228 4008 3577 4079 κατῴκησαν,
3611 4031 3631 4062 r

397 4099 782 4170 rumenallage
807 4107 989 4163 utens,
1022 4103 1166 4157 sicut
1189 4104 1330 4174 apud
1358 4104 1574 4158 beatum
1605 4104 1713 4176 42
1744 4121 1907 4177 quoq:

2129 4101 2181 4153 τὶ
2211 4098 2328 4165 τοῦ,
2353 4100 2416 4153 οὐ
2447 4101 2832 4169 κατοικήσουσι
2855 4138 2871 4165 ,
2903 4103 2972 4171 τῇ
3002 4099 3269 4170 ἐναλλαγῇ
3309 4100 3400 4154 τοῦ
3433 4101 3636 4171 χρόνου

400 4189 654 4245 Daridem
688 4190 743 4244 id
767 4204 910 4258 saepe
953 4193 1248 4247 usuvenire
1297 4209 1397 4248 nos
1438 4193 1902 4250 demonstravimu

2125 4192 2305 4264 ινήθως
2337 4192 2713 4263 χρησάμενος,
2760 4191 2902 4246 καθὰ
2943 4193 3038 4244 καὶ
3071 4191 3222 4263 παρὰ
3249 4192 3326 4261 τῷ
3374 4193 3635 4263 μακαρίῳ

401 4301 425 4334 ε
447 4281 727 4336 Habitavit
755 4279 1080 4350 Ephra‘imus
1104 4283 1158 4337 in
1189 4282 1439 4356 Egypto,
1456 4294 1511 4338 et
1536 4285 1680 4354 apud
1704 4286 1911 4357 Assyrit

2124 4283 2221 4336 ιυῒδ
2245 4284 2304 4335 ὲν
2330 4283 2544 4346 πολλοῖς
2570 4284 2700 4353 ἡμῖν
2724 4282 2991 4336 δέδεικται
3018 4281 3195 4337 τοῦτο.
3230 4303 3250 4334 ι
3287 4282 3634 4352 Κατῴκησεν

397 4372 602 4442 polluta
625 4371 938 4427 comedunt.
962 4391 983 4425 ι
1019 4370 1314 4444 Postquam
1361 4375 1580 4430 exsules
1615 4375 1672 4430 in
1723 4375 1907 4448 .‘Egyp:

2118 4371 2307 4444 ἰφραῒμ
2331 4371 2631 4439 Αἴγυπτον,
2663 4371 2756 4424 καὶ¹
2782 4372 2840 4424 ὲν
2874 4372 3178 4442 Ἀσσυρίοις
3203 4372 3486 4442 ἀκάθαρτα
3519 4373 3628 4441 φά-

399 4461 635 4525 fueritis,
685 4463 834 4520 illinc
857 4477 1048 4518 omnes
1074 4463 1140 4518 ad
1189 4464 1538 4536 Assyriacam
1593 4467 1909 4536 captivitate

2118 4479 2264 4516 mat.
2303 4481 2326 4512 ι
2371 4465 2445 4532 (p.
2489 4461 2580 4532 64)
2611 4461 2850 4530 Φυγάδες
2883 4461 2940 4514 δὲ
2971 4461 3068 4514 ἐπὶ
3096 4461 3194 4532 τὴν
3217 4459 3492 4529 Αἴγυπτον
3517 4478 3628 4530 γε-

393 4546 823 4602 ιτιιιιεεθτοιιιίιιὶ.
879 4565 900 4600 ι
950 4546 1073 4604 Non
1119 4551 1421 4606 libaverunt
1469 4552 1699 4609 Domino
1746 4555 1903 4610 vinun

2119 4549 2270 4611 ινότες
2291 4587 2307 4612 ,
2340 4547 2550 4601 ἐκεῖθεν
2580 4547 2802 4610 ἄκοντες
2833 4549 2902 4616 τῇ
2932 4546 3042 4599 τῶν
3101 4547 3397 4618 Ἀσσυρίων
3421 4549 3629 4617 αἰχμα-

394 4651 494 4692 nec
519 4637 568 4691 ei
595 4637 936 4706 placuerunt.
962 4657 981 4691 ι
1018 4639 1086 4694 Et
1117 4641 1464 4697 ferendarum
1503 4645 1696 4714 utique
1714 4646 1781 4700 ad
1813 4646 1902 4700 ido

2117 4636 2223 4707 »σία
2240 4635 2676 4708 παραδοθήσεσθε
2697 4635 2918 4698 πάντες.
2938 4651 2962 4688 σ
2986 4636 3102 4689 οὐκ
3123 4635 3382 4690 ἔσπεισαν
3403 4637 3484 4707 τῷ
3509 4639 3627 4691 Κυ-

392 4725 730 4780 oblationum
773 4727 1016 4782 studium
1072 4737 1286 4786 tantum
1316 4747 1381 4787 ac
1428 4734 1806 4790 liberalitatem
1845 4752 1902 4807 pr

2117 4747 2156 4798 ῳ
2195 4724 2356 4793 οἶνον,
2401 4729 2497 4780 καὶ
2532 4728 2630 4798 οὐχ
2665 4727 2866 4797 ἦδυναν
2908 4725 3077 4796 αὐτῷ.
3124 4745 3144 4778 r
3184 4728 3294 4780 Kal.
3340 4728 3470 4798 περὶ
3523 4729 3627 4799 μὲν

391 4830 452 4870 se
480 4817 759 4884 gerebant,
793 4826 852 4871 ut
869 4835 934 4873 ex
963 4823 1112 4875 exinni
1135 4837 1260 4877 area
1286 4825 1562 4892 primitias
1591 4827 1698 4881 illis
1721 4826 1901 4882 daren:

2119 4837 2152 4880 lg
2182 4819 2290 4872 τῶν
2324 4818 2557 4872 εἰδώλων
2589 4817 2904 4890 προσφορὰς
2931 4818 3200 4888 τοσαύτην
3243 4819 3629 4874 ἐπεδείκνυντο

391 4915 766 4961 verumtamen
804 4908 1067 4964 bonorum
1097 4913 1344 4967 omnium
1375 4915 1554 4970 datori
1583 4917 1712 4984 Deo,
1742 4933 1813 4974 ne
1840 4920 1901 4974 vi:

2113 4927 2150 4980 ri
2191 4909 2424 4980 σπουδὴν
2451 4909 2545 4963 καὶ
2583 4909 2680 4979 τὴν
2729 4908 3057 4978 φιλοτιμίαν,
3092 4909 3235 4962 ὥστε
3283 4909 3396 4963 ἀπὸ
3436 4910 3623 4980 πάσης

390 4993 610 5063 quidem
657 4996 914 5052 libamina
973 4999 1167 5056 oﬂ‘erre
1198 5019 1438 5074 unquam
1486 5007 1798 5074 voluerunt,
1853 5026 1900 5064 n1

2110 5019 2256 5065 ιωνος
2286 5002 2466 5065 αὐτοῖς
2494 5001 2749 5073 ἀπαρχὰς
2773 5001 2992 5056 διδόναι·
3019 5001 3100 5072 τῷ
3131 5002 3189 5055 δὲ
3219 5001 3338 5070 Θεῷ
3372 5002 3458 5072 τῷ
3479 5004 3620 5056 πάν-

391 5084 693 5154 quidquam
720 5101 879 5155 agere
918 5089 1064 5158 quod
1093 5089 1200 5146 Deo
1232 5093 1538 5162 jucundum
1579 5111 1708 5152 esse
1745 5102 1901 5168 potui:

2113 5109 2158 5145 w
2191 5093 2374 5154 αὐτοῖς
2419 5091 2580 5162 αἰτίῳ
2605 5090 2712 5144 τῶν
2755 5090 2994 5159 ἀγαθῶν,
3035 5091 3159 5144 οὐδὲ
3206 5090 3435 5155 σπονδὰς
3470 5092 3623 5145 οίνου

391 5179 494 5234 set.
532 5187 631 5242 pro
661 5173 850 5229 dantis
875 5186 1024 5232 certe
1054 5182 1358 5248 proposito.
1387 5182 1523 5238 Nam
1549 5187 1697 5241 sicut
1724 5189 1801 5242 ait
1824 5189 1901 5243 be:

2110 5182 2345 5251 οοσάγειν
2368 5180 2574 5233 εἴλοντο
2602 5179 2842 5244 πώποτε,
2872 5180 2994 5233 οὐδέ
3035 5197 3088 5233 τι
3126 5183 3350 5249 ποιῆσαι
3376 5180 3489 5234 τῶν
3515 5183 3620 5236 ὅσα

391 5271 480 5316 tus
500 5260 668 5318 David
695 5281 711 5316 :
753 5283 772 5314 ε
797 5262 1105 5322 Jucundum
1135 5271 1212 5325 sit.
1236 5271 1286 5326 ei
1304 5272 1582 5343 eloquium
1615 5292 1793 5332 meum
1815 5279 1861 5310 ²⁶
1887 5297 1901 5344 ;

2107 5276 2196 5323 ἱειν
2225 5268 2489 5339 ἠδύναντο
2516 5267 2609 5320 τὸν
2635 5267 2770 5322 Θεὸν
2791 5267 2880 5321 διὰ
2903 5266 3002 5339 τὴν
3021 5267 3132 5320 τῶν
3157 5267 3452 5322 ποιούντων
3476 5271 3617 5340 πρό-

391 5350 444 5404 id
468 5362 558 5407 est
578 5352 738 5410 dulce
771 5361 831 5410 et.
854 5358 1189 5427 acceptabile
1225 5361 1502 5430 videatur;
1551 5364 1628 5419 ita
1669 5367 1773 5422 hoc
1803 5368 1901 5422 loc:

2111 5375 2214 5413 σιν·
2238 5358 2313 5423 ὡς
2348 5359 2457 5429 γὰρ
2485 5359 2514 5410 ὁ
2541 5359 2810 5429 μακάριος
2848 5358 2996 5428 λέγει
3033 5359 3194 5412 Attum
3215 5398 3230 5421 ,
3267 5377 3288 5411 ι
3335 5359 3616 5431 Ἦδυνθείη

393 5441 548 5498 οΝοη
573 5445 896 5515 placuerunt
924 5449 975 5503 ei
998 5469 1048 5513 ,ι
1087 5451 1292 5506 dicitur
1319 5469 1437 5523 pro,
1469 5454 1618 5511 Nihil
1648 5461 1696 5512 ei
1733 5468 1903 5529 gratul

2105 5450 2198 5520 ὸτῷ
2227 5452 2266 5519 ἡ
2300 5449 2522 5519 διαλογὴ
2560 5466 2686 5520 μου,
2719 5468 2739 5500 ι
2775 5450 2902 5503 ἀντὶ
2944 5450 3060 5515 τοῦ,
3104 5450 3284 5503 Ἡδεία
3321 5449 3470 5520 αὐτῷ
3516 5451 3615 5505 καὶ

386 5529 570 5588 facere
598 5548 838 5603 unquam
879 5536 1188 5594 voluerunt.
1240 5539 1444 5599 Deinde
1481 5553 1542 5600 ut
1587 5545 1896 5606 demonstre

2099 5541 2322 5613 ροσηνὴς
2353 5540 2567 5609 φανείη·
2603 5538 2774 5604 οὕτως
2810 5539 3052 5596 ἐνταῦθα
3071 5540 3238 5610 λέγει·
3276 5559 3298 5593 ο
3336 5541 3449 5611 οὐχ
3477 5541 3609 5613 ἡδυ-

462 5717 508 5750 ³⁶
528 5715 674 5775 Psal.
707 5733 820 5789 cur,
842 5722 929 5779 34.
