3824 6224
169 321 257 376 m

1137 325 1690 390 COMMENTARIUS
1728 335 1795 391 IN
1832 335 2034 393 OSE/E
2084 338 2238 396 CAP.
2280 341 2370 397 IX.

3308 350 3410 404 178

164 452 249 489 ναν
273 434 433 506 αὐτῷ,
467 454 488 489 ι
519 438 643 492 ἀντὶ
669 438 786 505 τοῦ,
817 441 984 496 Οὐδὲν
1014 443 1123 497 τῶν
1150 446 1300 518 αὐτῷ
1321 452 1728 522 κεχαρισμένων

1838 470 1897 509 se
1932 455 2148 509 illorum
2183 462 2422 512 mentem
2456 456 2892 529 increpare,non
2921 466 3103 517 autem
3134 458 3303 518 Deum
3329 476 3404 518 re-

164 524 353 579 εἴλοντο
376 527 593 583 πώποτε
617 530 865 601 ποιῆσαι.
903 534 1040 587 Εἶτα
1080 536 1295 603 δεικνὺς
1332 541 1414 593 ὅτι
1454 542 1729 607 ὀνειδίζων

163 617 329 681 αὐτοῖς
359 619 454 689 τὴν
479 620 709 692 γνώμην
738 623 909 691 λέγει,
938 627 1001 679 οὺ
1038 629 1148 699 μὴν
1176 629 1275 683 τοῦ
1319 633 1480 685 Θείου
1514 634 1728 699 τούτοις

164 710 503 779 τερπομένου-

230 816 249 852 ι
280 802 345 853 Al
369 802 547 857 θυσίαι
576 804 760 860 αὐτῶν
786 808 862 873 ὡς
900 810 1067 881 ἄρτος
1093 814 1326 881 πένθους
1354 818 1556 884 αὐτοῖς’
1589 821 1727 874 πάν-

163 908 246 955 τες
277 894 327 946 ot
370 895 637 961 ἐσθίοντες
674 897 837 954 αὐτὸν
867 904 1278 975 μιανθήσονται.
1312 928 1330 960 ν
1375 910 1644 965 Τοσοῦτον
1671 912 1729 967 δὲ

164 985 423 1056 ἀφέστηκε
466 989 564 1042 τοῦ
597 990 807 1046 δεῖσθαι
836 992 1059 1061 θυσιῶν,
1093 997 1127 1069 ἢ
1178 1001 1406 1067 ταύταις
1449 1003 1728 1075 ὁρίζεσθαι

163 1076 254 1146 τὴν
276 1077 475 1131 οἰκείαν
501 1081 687 1152 τιμὴν,
724 1082 865 1138 ὥστε
886 1086 989 1141 κᾶν
1016 1089 1065 1142 εί
1088 1092 1487 1163 προσαγάγοιεν
1517 1097 1725 1162 θυσίας,

165 1168 223 1220 οὐ
246 1166 449 1232 δέξεται
491 1172 696 1236 ταύτας
733 1176 863 1240 Θεὸς
883 1194 895 1206 ·
948 1178 1064 1233 ἀλλ’
1094 1180 1284 1255 ὥσπερ
1327 1182 1393 1238 ἂν
1415 1186 1469 1240 εἴ
1504 1203 1588 1252 τις
1615 1191 1730 1253 τοῖς

166 1259 406 1349 πενθοῦσι
442 1265 781 1334 προσαγάγοι
808 1273 1037 1341 τροφὴν,
1060 1273 1305 1348 χαλεπὴν
1335 1275 1593 1349 ἡγοῦνται
1620 1274 1729 1333 τῶν

162 1348 452 1404 δοκούντων
478 1353 685 1408 ἅπασιν
726 1358 896 1427 ἡδέων
932 1362 1033 1434 τὴν
1077 1363 1221 1434 ὕψιν,
1258 1369 1323 1440 τῇ
1357 1367 1453 1422 τοῦ
1501 1370 1731 1437 πένθους

163 1441 342 1512 μνήμῃ
374 1445 711 1515 νυττόμενοι,
745 1448 820 1518 (p.
855 1449 947 1523 65)
992 1454 1084 1507 καὶ
1120 1456 1241 1508 οὐδὲ
1272 1459 1591 1529 προσίεσθαι
1630 1463 1729 1532 τὴν

160 1534 516 1605 προκειμένην
526 1536 841 1608 ἀνεχόμενοι
853 1542 1077 1615 τροφήν·
1098 1547 1190 1599 καὶ
1205 1546 1312 1612 πᾶς
1329 1548 1387 1603 δὲ
1401 1552 1549 1615 ὅστις
1561 1546 1654 1607 οὗν
1671 1556 1731 1607 ἐν

160 1620 332 1717 πένθει
355 1625 792 1717 μεταλαμϐάνειν
820 1632 1260 1707 ἀναγκαζόμενος
1288 1645 1512 1713 τροφῆς,
1542 1644 1730 1717 ὥσπερ

1832 548 1936 604 bus
1961 548 2277 619 huiusmodi
2307 548 2589 613 delectari,
2619 551 2691 606 ait
2722 565 2734 600 ι

1906 838 1927 872 ι
1981 817 2267 877 Sacrificia
2318 834 2512 878 eorum
2579 826 2739 895 quasi
2808 823 2969 896 panis
3026 824 3210 880 luctus
3274 826 3412 895 ipsis

1829 918 2027 978 erunt;
2055 922 2247 967 omnes
2260 912 2359 982 qui
2374 910 2664 968 comedent
2681 928 2805 969 eum
2820 913 3369 970 contaminabuntur.
3385 933 3405 967 ι

1830 998 2069 1054 Tantum
2115 1002 2292 1065 abest,
2317 1006 2377 1056 ut
2412 1000 2553 1058 Dens
2578 1002 2872 1057 sacrificiis
2902 1002 3159 1075 indigeat,
3194 1006 3280 1062 vel
3321 1006 3407 1061 his

1829 1090 2182 1144 contineatur
2217 1091 2393 1146 honor
2415 1092 2556 1163 ejus,
2579 1102 2637 1148 ut
2662 1093 2879 1149 etiamsi
2907 1097 3100 1165 aliquis
3124 1097 3175 1151 ei
3197 1096 3409 1155 hostias

1831 1181 2042 1249 offerat,
2073 1198 2182 1238 non
2213 1184 2284 1239 sit
2307 1183 2404 1240 has
2429 1195 2751 1255 recepturus
2784 1185 2947 1243 Deus.
2978 1186 3087 1244 Sed
3134 1189 3403 1259 quemad-

1837 1275 2060 1329 modum
2118 1275 2165 1330 si
2214 1276 2339 1347 quis
2392 1276 2702 1348 iungentibus
2763 1279 3020 1334 alimenta
3077 1280 3290 1345 afferat,
3351 1280 3404 1336 bi

1831 1364 2192 1421 nihilominus
2239 1368 2455 1423 tristem
2488 1369 2806 1425 existimant
2840 1369 3037 1424 horum
3097 1381 3403 1442 aspectum,

1830 1456 1923 1526 qui
1946 1455 2200 1513 omnibus
2223 1457 2501 1527 iucundus
2533 1469 2636 1524 est,
2665 1460 2791 1530 quia
2825 1461 3003 1517 luctus
3033 1463 3118 1517 sui
3146 1464 3406 1518 memoria

1828 1558 2292 1619 compunguntur,
2325 1567 2501 1621 neque
2536 1553 2802 1623 attingere
2843 1553 3061 1610 oblatos
3103 1554 3259 1612 cibos
3310 1573 3409 1611 vo-

1831 1638 1979 1705 lunt;
2020 1653 2321 1712 rursusque
2350 1642 2809 1713 quemadmodum
2858 1645 3111 1716 quisquis
3147 1648 3201 1701 in
3253 1650 3405 1704 luctu

158 1712 271 1765 τινὰ
300 1716 560 1810 Αμιασμὸν
608 1718 640 1789 ἢ
693 1720 872 1793 λύμην
912 1724 1214 1797 ἡγούμενος
1257 1726 1357 1801 τὴν
1386 1712 1614 1806 τροφὴν,
1664 1712 1724 1790 ού

1833 1746 2082 1793 versans,
2128 1732 2177 1787 si
2228 1731 2411 1788 cibum
2478 1750 2674 1805 capere
2719 1734 2860 1792 forte
2911 1738 3185 1810 adigatur,
3244 1738 3409 1796 habet

158 1806 429 1901 προσίεται
453 1808 676 1881 ταύτην·
704 1813 849 1867 οὕτω
878 1817 978 1881 τὰς
1011 1801 1433 1895 προσαγομένας
1453 1801 1602 1898 αύτῷ
1625 1827 1721 1882 θυ-

1833 1822 1971 1878 hunc
2007 1822 2207 1892 piaculi
2235 1839 2299 1879 ac
2329 1825 2641 1883 detrimenti
2681 1826 2822 1893 loco,
2870 1844 3051 1901 neque
3096 1830 3177 1885 ori
3208 1832 3406 1887 admo—

157 1897 289 1962 σίας,
324 1900 373 1951 εί
407 1900 473 1971 δή
505 1918 558 1955 τι
587 1905 800 1959 τοιοῦτο
847 1911 1022 1965 ποιεῖν
1058 1913 1319 1979 ἐθέλοιεν,
1353 1914 1453 1989 ὁρᾷ
1498 1922 1527 1973 ὁ
1555 1897 1720 1985 Θεός’

156 1991 317 2083 ἡδέως
356 1994 456 2063 μὲν
484 1996 655 2060 αύτάς
695 2000 845 2073 παρὰ
879 2003 987 2055 τῶν
1020 2005 1381 2079 εὐγνωμόνως
1417 2014 1725 2083 προσαγόν-

296 2080 606 2152 δεχόμενος,
652 2088 896 2161 χαλεπὴν
941 2094 1000 2147 δὲ
1058 2100 1160 2167 τῆς
1202 2080 1576 2174 προσκομιδῆς
1610 2080 1725 2161 ’τῶν

157 2172 360 2269 φαύλων
387 2177 495 2269 καὶ
522 2179 622 2248 τὴν
653 2181 776 2248 ww
821 2180 959 2239 εἶναι
991 2172 1255 2257 νομίζων,
1286 2195 1353 2264 τῇ
1388 2172 1577 2268 μνήμῃ
1625 2194 1727 2269 τῆς

160 2264 423 2331 ἀσεϐείας,
543 2272 834 2340 συζῶντες,
868 2276 926 2329 ἐν
980 2281 1232 2353 εἰρωνείᾳ
1278 2263 1397 2338 τινι
1428 2290 1727 2359 προσάγειν

153 2354 353 2411 bneﬁci.
384 2361 484 2431 τὴν
512 2362 724 2420 θυσίαν,
760 2386 777 2418 ι
815 2370 960 2422 Διό-τι
984 2373 1033 2424 οί
1058 2372 1211 2443 ἄρτοι
1241 2375 1443 2444 αὐτῶν,
1476 2383 1601 2442 ταῖς
1630 2381 1730 2451 ψυ-

155 2450 269 2515 χαῖς
291 2451 492 2518 αὐτῶν,
514 2455 614 2508 οὐκ
639 2458 1035 2516 εἰσελεύσονται
1056 2466 1136 2528 είς
1160 2466 1253 2519 τὸν
1273 2463 1420 2522 οἷκον
1449 2450 1674 2541 Κυρίου.
1703 2494 1721 2525 ι

152 2540 301 2593 Πᾶσα
332 2544 517 2599 τοίνυν
546 2552 885 2624 προσκομιδὴ
912 2554 979 2623 ἢν
1006 2554 1072 2609 ἂν
1098 2558 1381 2624 ποιῶνται,
1416 2563 1497 2627 είς
1530 2540 1729 2631 αὐτοὺς

153 2632 652 2729 ἀποστραφήσεται,
696 2641 857 2714 δεκτὴ
899 2644 1019 2716 Θεῷ
1062 2651 1185 2702 κατ’
1230 2650 1420 2707 οὐδένα
1466 2657 1725 2729 γινομένη

150 2722 341 2811 τρόπον
359 2740 374 2754 ⁸
401 2725 560 2780 τοῦτο
587 2729 696 2802 γὰρ
731 2730 877 2802 λέγει
906 2735 989 2801 τὸ,
1027 2752 1045 2788 ι
1087 2738 1199 2792 Οὐκ
1229 2722 1623 2799 εἰσελεύσονται
1649 2722 1728 2811 εἰς

152 2811 235 2863 τὸν
255 2809 402 2868 οἷκον
439 2819 667 2899 Κύρίου,
698 2842 716 2873 ι
750 2824 871 2878 ἀντὶ
891 2827 1009 2891 τοῦ,
1054 2828 1166 2883 υύκ
1194 2830 1345 2885 ἔσται
1383 2833 1545 2888 δεκτά
1586 2837 1726 2908 Θεῷ,

149 2903 261 2999 οὐδὲ
305 2908 553 2999 παρόντα
602 2913 740 2968 αύτά
770 2915 849 2985 τῷ
887 2918 1077 2991 Κυρίῳ
1116 2920 1408 2991 λογιεῖται,
1446 2903 1728 2999 πόρρωθεν

150 2995 606 3090 ἀποπεμπόμενος
626 3002 702 3067 ὼς
729 3004 788 3072 ἐξ
815 3007 1045 3074 ἀσεϐοῦς
1070 3014 1456 3085 προσαγόμενα
1479 2995 1725 3090 γνωμης.

270 3089 377 3162 γὰρ
451 3093 581 3157 Θεὸς
607 3096 741 3167 πρὸς
756 3099 847 3151 τὸν
870 3101 1009 3155 Κάῖν
1032 3104 1217 3168 κακῶς
1246 3084 1726 3182 προσκεκομικότα
1754 3155 1795 3182 ,.

150 3176 307 3275 its-yet:
346 3201 367 3234 ι
399 3180 552 3275 Πρὸς
595 3188 654 3239 σὲ
696 3192 728 3261 ἡ
761 3191 1078 3265 ἀποστροφὴ
1104 3176 1415 3264 αὐτοῦ,νκαὶ
1452 3176 1727 3275 σὺάρξεις

148 3268 326 3336 αὑτοῦ,
361 3291 381 3323 ι
438 3272 557 3327 ἀντὶ
591 3276 718 3343 τού,
752 3282 843 3334 Σοὶ
886 3284 1267 3357 ἀπέστραπται
1307 3290 1375 3344 τὰ
1422 3268 1726 3363 προσκομι-

150 3358 381 3453 σθέντα,
409 3366 507 3418 καὶ
535 3367 697 3433 αὐτὸς
742 3373 923 3427 αὐτῶν
950 3374 1041 3429 ἐσο
1078 3379 1289 3450 κύριος’
1324 3380 1434 3449 ἐγὼ
1465 3358 1727 3453 ’δέδεγμαι

151 3449 395 3518 καθάπαξ
420 3454 595 3508 οὐδέν·
618 3457 791 3524 οὕτως
818 3461 1052 3516 ἐνταῦθα
1080 3463 1248 3534 λέγει·
1284 3485 1303 3518 ι
1345 3469 1409 3521 Οί
1445 3449 1610 3540 ἄρτοι-
1631 3449 1730 3522 αύ-

151 3540 253 3595 τῶν
276 3549 397 3608 ταῖς
425 3547 629 3617 ψυχαῖς
655 3551 856 3618 αὐτῶν,
892 3572 911 3605 ι
951 3555 1072 3608 ἀντὶ
1104 3557 1222 3623 τοῦ,
1250 3559 1331 3613 Τὰ
1359 3561 1728 3631 προσκομιζό-

154 3656 281 3709 μενα
312 3643 451 3708 παρ’
479 3640 683 3707 αὐτῶν,
710 3642 897 3707 αὐτοῖς
925 3644 1101 3714 ἔσται,
1128 3649 1228 3702 οὐκ
1251 3649 1380 3703 ὄντα
1403 3650 1522 3721 Θεῷ
1546 3652 1727 3706 δεκτάο

150 3730 342 3802 ἄρτους
370 3733 428 3787 δὲ
462 3732 716 3803 ὠνόμασε
744 3734 847 3797 τὰς
886 3737 1226 3807 προσφορὰς,
1260 3741 1325 3793 ἐκ
1365 3739 1564 3812 μέρους
1586 3742 1733 3796 ἀπά-

155 3840 245 3888 σας
266 3825 442 3894 λέγων
468 3823 571 3889 τὰς
598 3829 934 3898 προσφορὰς,
965 3830 1041 3899 (p.
1079 3831 1167 3903 66)
1195 3818 1387 3907 ἐπειδῆ
1416 3837 1511 3889 καὶ
1536 3837 1734 3908 ἄρτους

154 3916 480 3988 προσφέρειν
503 3917 783 3972 εἰώθεσαν·
805 3918 881 3982 ὡς
903 3920 995 3973 καὶ
1018 3921 1276 3995 ἀνωτέρω
1301 3942 1485 3997 φησιν·
1520 3946 1540 3980 ι
1575 3911 1735 3999 Ἦγὰ-

155 4017 326 4071 πησαν
352 4003 623 4074 πέμματα
654 4006 791 4075 μετά
820 4008 1110 4077 σταφίδων.
1140 4029 1160 4062 ι

221 4091 365 4163 Στίχ.
414 4092 557 4158 ε’-ζκ
583 4124 655 4135 -
689 4110 709 4147 ο
746 4096 811 4149 Τί
860 4100 1116 4170 ποιήσετε
1160 4102 1219 4155 ἐν
1248 4102 1434 4176 ἡμέρᾳ
1480 4109 1694 4179 πανηγύ

158 4201 307 4252 ρεως,
354 4188 453 4241 καὶ
484 4188 543 4240 ἐν
588 4189 769 4261 ἡμέρᾳ
795 4192 990 4263 ἑορτῆς
1017 4194 1112 4248 τοῦ
1147 4197 1391 4270 Κυρίου;
1430 4219 1450 4252 ι
1486 4200 1728 4259 Τοιοῦτοι

155 4276 208 4329 δὲ
247 4280 375 4351 περὶ
407 4280 545 4333 θεὸν
592 4284 905 4350 γεγονότες,
960 4286 1082 4341 τίνα
1129 4289 1416 4363 ἀποφυγὴν
1466 4295 1730 4367 εὑρήσετε

155 4369 259 4423 τῶν
300 4372 491 4427 κακῶν
537 4374 679 4428 κατά
710 4375 810 4446 τὴν
843 4377 1059 4449 ἡμέραν
1091 4381 1339 4454 ἐκείνην,
1377 4384 1436 4439 ἐν
1485 4380 1629 4460 ᾗπερ
1663 4389 1731 4444 ἂν

1826 1926 1954 1969 vere
1999 1915 2251 1985 patitur:
2303 1917 2376 1999 ita
2431 1916 2574 1975 Deus
2633 1920 2814 1975 oblata
2866 1923 2970 1977 sibi
3029 1924 3300 1979 sacriﬁcia
3338 1925 3408 1997 (si

1825 2008 1951 2078 quis
1981 2010 2055 2063 ita
2090 2024 2253 2079 agere
2292 2010 2553 2083 voluerit)
2598 2022 2812 2084 spectat
2863 2028 2998 2072 sane
3057 2017 3295 2073 libenter
3351 2020 3413 2072 et

1826 2099 2021 2169 recipit
2051 2115 2171 2170 qua:
2202 2115 2232 2154 a
2263 2101 2541 2158 benevolis
2564 2105 2800 2174 dantur;
2833 2102 2931 2162 sed
2966 2108 3254 2164 molestum
3299 2108 3407 2163 sibi

1822 2190 2033 2260 judicat
2066 2192 2383 2257 oblationis,
2437 2208 2558 2266 qua:
2601 2210 2631 2249 a
2675 2198 2835 2252 malis
2877 2196 3033 2263 fiunt,
3086 2204 3405 2269 aspectum;

1828 2290 1992 2354 atque
2025 2285 2097 2338 ob
2144 2283 2464 2355 impietatis,
2513 2288 2567 2341 in
2599 2302 2707 2358 qua
2742 2289 2819 2344 illi
2844 2301 3160 2354 versantur,
3200 2308 3406 2346 memo-

1828 2375 1989 2438 riam,
2028 2375 2235 2433 ironice
2276 2377 2354 2433 illi
2398 2378 2805 2449 quodammodo
2848 2381 3105 2437 videntur
3163 2384 3402 2439 hostiam

1827 2464 2044 2522 offerre.
2065 2482 2085 2519 ‹
2106 2467 2243 2534 Quia
2263 2484 2433 2540 panes
2453 2484 2665 2536 eorum,
2690 2472 2978 2528 animabus
2996 2473 3240 2543 ipsorum
3261 2492 3277 2529 :
3296 2490 3418 2531 non.

1831 2558 2115 2613 intrabunt
2152 2562 2206 2613 in
2245 2562 2469 2615 domitat
2508 2560 2749 2617 Domini.
2787 2583 2805 2615 ι
2840 2560 2947 2636 43
2976 2564 3243 2630 Quaelibet
3274 2582 3408 2637 ergo

1830 2652 2037 2706 oblatio
2068 2666 2233 2721 quam
2263 2653 2514 2720 fecerint,
2562 2652 2628 2709 ad
2682 2655 2834 2725 ipsos
2886 2660 3235 2722 revertetur;
3275 2672 3405 2711 nam

1830 2742 1944 2797 Deo
1982 2752 2133 2798 certe
2182 2744 2499 2800 nullatenus
2545 2746 2903 2816 aceeptabilis
2953 2748 3058 2802 erit
3092 2768 3104 2802 :
3140 2749 3221 2802 sic
3258 2748 3405 2802 enim

1832 2836 2011 2890 valent
2045 2834 2229 2901 verba,
2264 2854 2283 2887 ι
2308 2835 2423 2890 Non
2460 2837 2745 2893 intrabunt
2778 2838 2831 2893 iu
2862 2836 3085 2894 domum
3100 2836 3316 2894 Domini
3341 2856 3357 2907 ;
3382 2858 3414 2889 ιι

1830 2928 1883 2982 id
1915 2936 2018 2989 est,
2053 2927 2159 2982 Deo
2199 2940 2419 2998 accepta
2454 2944 2563 2983 non
2597 2938 2780 2993 erunt,
2812 2946 2990 3001 neque
3024 2928 3128 2983 sibi
3167 2945 3405 2999 praesen-

1831 3020 1904 3072 tia
1948 3019 2247 3089 reputabit,
2288 3018 2385 3074 sed
2433 3019 2597 3090 longe
2658 3018 2905 3090 repellet,
2952 3034 3052 3074 ceu
3093 3034 3219 3073 cum
3261 3017 3409 3073 malo

1832 3108 2031 3163 mentis
2066 3107 2257 3162 habitu
2288 3110 2497 3164 oblata.
2538 3107 2674 3164 Nam
2700 3110 3033 3168 sicutCaino
3074 3110 3220 3167 Deus
3241 3127 3408 3183 prave

1828 3197 2075 3253 offerenti
2098 3199 2238 3253 dixit
2271 3218 2285 3253 :
2322 3220 2341 3251 ι
2369 3199 2449 3254 Ad
2484 3210 2538 3256 te
2567 3202 2860 3256 conversio
2888 3202 3031 3271 ejus.
3058 3210 3110 3257 et
3130 3210 3188 3256 tu
3224 3202 3407 3257 domi-

1829 3289 2054 3343 naberis
2089 3289 2322 3355 illius",
2355 3308 2373 3340 ι
2400 3289 2455 3344 id
2487 3296 2594 3355 est,
2625 3290 2706 3344 Ad
2736 3295 2789 3345 te
2817 3296 3171 3345 revertuntur
3197 3290 3417 3356 oblata,

1829 3388 1887 3432 tu
1933 3378 2128 3434 horum
2174 3388 2295 3435 esto
2332 3377 2622 3447 dominus;
2673 3394 2772 3451 ego
2822 3380 2968 3435 enim
3009 3381 3146 3434 nihil
3178 3392 3409 3451 prorsus

1830 3469 2028 3524 admisi
2059 3488 2071 3524 :
2100 3470 2173 3524 ita
2222 3470 2325 3524 hoc
2372 3472 2537 3526 etiam
2594 3470 2716 3525 loco
2757 3471 2835 3526 ait
2872 3489 2885 3525 :
2925 3490 2943 3523 ι
2969 3470 3146 3526 Panes
3191 3482 3421 3537 eorum,‘

1830 3562 2119 3617 animabus
2153 3562 2436 3632 ipsorum;
2476 3580 2495 3614 ι
2534 3560 2591 3617 id
2620 3571 2728 3626 est,
2781 3561 2914 3628 Qua:
2938 3561 3043 3633 ipsi
3097 3562 3407 3627 attulerint,

1831 3660 2000 3708 Sunto
2033 3652 2167 3719 illis,
2194 3654 2324 3724 quia
2353 3652 2467 3709 Deo
2494 3667 2605 3709 non
2633 3661 2766 3709 sunt
2795 3648 3424 3724 acceptabilia.Pannm.

1830 3756 2014 3802 autem
2071 3748 2299 3803 nomine
2348 3747 2691 3817 nuncupavit
2734 3744 3066 3810 oblationes,
3129 3763 3196 3802 ex
3255 3753 3412 3817 parte

1830 3848 2061 3895 cunctas
2106 3838 2388 3908 appellans
2418 3837 2765 3903 oblationes;
2803 3850 2931 3892 nam
2972 3845 3027 3892 ct
3068 3851 3266 3907 reapse
3308 3851 3409 3907 pa-

1831 3946 1932 3987 nes
1968 3930 2150 3987 offerri
2170 3937 2666 3997 consuetumerat;
2705 3929 2849 3985 sicut
2870 3934 2926 3983 et
2947 3929 3001 3983 in
3026 3926 3422 3999 superioribus-

1835 4021 1974 4077 dixit
2007 4040 2021 4077 :
2057 4042 2075 4074 ι
2099 4020 2411 4078 Offerebam
2452 4022 2735 4093 placentas
2782 4034 2908 4077 cum
2942 4021 3207 4076 vinaceis.
3239 4040 3259 4073 ι
3356 4050 3361 4058 -

1900 4110 2067 4169 Vens.
2093 4112 2466 4178 5—7.»:Quid
2498 4112 2717 4169 facietis
2743 4112 2798 4167 in
2827 4110 2919 4169 die
2946 4112 3202 4174 solemni,
3236 4111 3291 4166 in
3322 4110 3413 4168 die

1830 4198 2149 4255 festivitatis
2182 4198 2489 4254 Domini?»
2536 4198 2700 4255 Tales
2744 4216 2870 4255 cum
2911 4210 3043 4272 erga
3084 4198 3255 4256 Deum
3302 4200 3415 4255 fue-

1829 4290 1973 4355 ritis,
2023 4292 2300 4361 quodnam
2337 4290 2600 4363 effugium
2652 4292 2946 4347 invenietis
2996 4292 3270 4347 malorum
3322 4284 3423 4345 die

1828 4382 1942 4447 illa,
1979 4398 2087 4453 qua
2113 4383 2410 4437 solemnem
2438 4383 2607 4439 veluti
2635 4392 2963 4438 conventum
3002 4398 3065 4438 ac
3087 4384 3287 4439 festmn
3315 4397 3411 4437 ce-

158 4463 189 4531 ή
234 4464 543 4535 πανήγυρίς
570 4483 630 4539 τε
680 4468 774 4521 καὶ
802 4470 962 4541 ἐορτή
1003 4488 1089 4534 τις
1134 4473 1460 4529 ἐπιτελεῖται
1492 4474 1570 4550 τῷ
1612 4478 1728 4551 Θεῷ

1833 4478 2069 4532 lebrabit
2091 4477 2350 4533 Dominus
2379 4477 2452 4534 ob
2474 4488 2718 4533 vestrum
2742 4485 3024 4547 peractum
3052 4474 3423 4546 supplicium,

157 4556 243 4608 ἐπὶ
266 4559 331 4627 τῇ
358 4558 642 4628 ἀναιρέσει
674 4560 741 4632 τῇ
767 4562 1040 4635 ὑμετέρᾳ,
1072 4562 1148 4627 ὡς
1191 4564 1257 4619 ἂν
1314 4564 1526 4639 ἐχθρῶν
1568 4570 1734 4625 αὑτοῦ

157 4647 248 4700 καὶ
310 4650 590 4719 πολεμίων
648 4656 1184 4725 κατασφαττομένων
1242 4656 1498 4727 δικαίως;
1558 4681 1576 4712 ‹
1636 4662 1735 4718 Διά

156 4736 311 4793 τοῦτο
354 4741 466 4793 ἰδοὺ
511 4742 872 4813 πορεύσονται
909 4745 974 4799 ἐκ
1003 4746 1383 4820 ταλαιπωρίας
1414 4749 1693 4819 Αἰγύπτου
1716 4796 1732 4819 ,

158 4833 250 4885 καὶ
286 4834 566 4901 ἐκδέξεται
619 4837 821 4899 αὐτοὺς
872 4836 1127 4909 Μέμφις,
1183 4842 1281 4894 καὶ
1331 4843 1490 4913 θάψει
1536 4845 1733 4908 αὐτοὺς

155 4924 427 4995 Βίαχμάς’
458 4927 518 4979 τὸ
564 4926 830 4998 ἀργύριον
867 4929 1047 4985 αὐτῶν
1079 4930 1300 5003 ὄλεθρος
1331 4934 1731 5008 κληρονομήσει

155 5014 284 5068 αὐτὸ
303 5056 318 5080 ,
354 5015 588 5073 ἄκανθαι
616 5019 674 5072 ἐν
699 5021 816 5081 τοῖς
852 5016 1203 5093 σκηνώμασιν
1230 5024 1431 5080 αὐτῶν.
1473 5045 1493 5079 ι
1543 5027 1732 5099 Ὑμεῖς

161 5109 257 5177 μὲν
281 5109 389 5180 γὰρ
424 5110 561 5179 μετά
585 5111 785 5183 πολλὴν
811 5113 1184 5186 ταλαιπωρίαν
1209 5117 1277 5186 ἦν
1304 5117 1625 5189 ὑπομενεῖτε
1652 5122 1733 5185 είς

157 5197 253 5268 τὴν
275 5200 547 5268 Αἴγυπτον
582 5202 659 5265 ὡς
683 5202 778 5255 ἐπί
802 5220 927 5258 τινα
970 5204 1405 5277 καταφεύγοντες
1457 5212 1732 5282 σωτηρίαν

160 5290 609 5364 ἐκσπασθήσεσθε
652 5294 757 5349 ὑπὸ
785 5297 892 5350 τῶν
950 5298 1253 5370 Ἀσσυρίων
1305 5301 1386 5365 είς
1444 5303 1544 5372 τὴν
1598 5304 1734 5375 παρ’

160 5381 388 5448 ἐκείνοις
436 5384 772 5457 ἀπαγόμενοι
817 5389 1235 5459 αἰχμαλωσίαν·
1289 5390 1629 5447 διελεύσεσθε
1678 5394 1735 5447 δὲ

160 5473 256 5536 τὰς
285 5476 387 5546 τῆς
425 5476 701 5545 Αἰγύπτου
741 5479 959 5544 πόλεις,
999 5481 1257 5535 ποικίλων
1299 5483 1445 5554 ὑμᾶς
1493 5483 1733 5556 διαδεχο-

165 5563 339 5631 μένων
386 5567 678 5621 κινδύνωνο
730 5570 889 5623 τοῦτο
939 5570 1049 5642 γὰρ
1099 5571 1270 5641 λέγει,
1307 5592 1327 5626 ι
1364 5573 1590 5645 Μέμφις
1637 5577 1734 5630 καὶ

161 5652 425 5722 Μαχμάς,
465 5674 484 5706 ι
527 5657 615 5711 ἶνα
644 5656 795 5730 εἴπῃ,
830 5660 911 5714 ὅτι
944 5661 1292 5717 Διελεύσεσθε
1332 5664 1430 5734 τῆς
1458 5663 1732 5733 Δίγύπτου

267 5835 311 5868 ⁸⁷
340 5833 475 5889 Gen.
516 5852 596 5905 tv,
632 5837 686 5892 τ.

1834 4570 1928 4641 qui
1960 4578 2216 4639 tanquam
2242 4569 2362 4639 ejus
2396 4568 2697 4625 adversarii
2734 4577 2789 4623 et
2811 4568 3001 4623 hostes
3030 4568 3159 4637 jure
3185 4566 3411 4623 merito-

1833 4679 1939 4732 que
1982 4662 2248 4732 perempti
2306 4661 2529 4717 fuistis?
2567 4678 2587 4713 ι
2612 4660 2958 4731 Quapropter
3005 4676 3137 4715 ecce
3177 4661 3415 4715 abibunt

1835 4750 1905 4808 de
1949 4752 2169 4808 miseria
2214 4749 2461 4822 Egypti,
2500 4758 2556 4806 et
2584 4750 2825 4820 excipiet
2877 4765 2973 4804 eos
3014 4748 3308 4820 Memphis,
3352 4761 3407 4806 et

1831 4846 2055 4915 sepeliet
2079 4859 2176 4900 eos
2204 4840 2503 4898 Machmas.
2556 4842 2853 4911 Argentum
2886 4855 3076 4896 eorum
3106 4840 3412 4911 possidebit

1830 4936 2109 5004 interitus,
2155 4935 2324 5007 spinae
2355 4935 2411 4991 in
2459 4934 2827 4991 tabernaculis
2860 4934 3124 5003 ipsorum.
3158 4952 3177 4983 ι
3216 4931 3410 4987 Enim-

1831 5043 1964 5085 vero
1990 5043 2089 5083 vos
2117 5035 2240 5097 post
2265 5027 2540 5083 miseriam
2580 5040 2744 5098 quam
2770 5024 3085 5097 pertulistis
3121 5024 3177 5079 in
3213 5033 3407 5079 vestro

1830 5119 1899 5175 ad
1938 5114 2257 5188 Egyptum,
2303 5118 2462 5187 quasi
2505 5116 2575 5171 ad
2627 5116 2823 5173 salutis
2876 5116 3085 5182 locum,
3131 5114 3408 5186 perfugio,

1831 5207 2225 5265 abstrahemini
2250 5205 2404 5263 illinc
2431 5208 2499 5263 ab
2520 5207 2765 5279 Assyriis
2791 5206 2860 5262 ad
2882 5206 3230 5263 serviendam
3263 5205 3419 5277 apud

1832 5302 1985 5372 ipsos
2031 5298 2375 5358 servitutem.
2448 5297 2865 5354 Pertransibitis
2936 5298 3158 5369 Egypti
3217 5299 3410 5362 urbes.

1832 5395 1986 5450 varia
2019 5400 2397 5465 permutantes
2413 5392 2693 5462 pericula:
2722 5392 2971 5446 nominat
2989 5399 3170 5446 autem
3196 5409 3215 5442 ι
3238 5390 3408 5446 Mem-

1832 5485 1957 5557 pbis
1997 5492 2053 5541 et
2087 5483 2397 5547 Machmas,
2440 5501 2460 5535 ι
2496 5491 2557 5536 ιιι
2591 5482 2741 5537 dicat
2786 5480 3121 5537 transituros
3172 5494 3272 5537 eos
3312 5497 3411 5550 per

1830 5573 2051 5648 Egypti
2101 5575 2289 5639 urbes,
2334 5573 2571 5629 afflictos
2623 5582 2678 5629 et
2719 5570 2967 5643 perditos
3003 5570 3073 5626 ab
3136 5571 3404 5643 Assyriis.

1832 5670 2099 5729 Peribunt
2130 5678 2310 5726 autem
2339 5667 2504 5725 simul
2530 5677 2712 5725 vestra
2745 5666 2971 5733 omnia;
3012 5670 3275 5737 tantaque
3314 5679 3408 5721 ve-
