3814 6224
438 292 539 352 ηε)

1625 301 1970 360 TIIEODORI
1998 297 2480 364 MOPSUESTENI

3573 299 3676 356 £80

433 417 579 465 stras
609 409 773 470 urbes
819 420 984 486 atque
1027 412 1278 485 regiones
1317 413 1606 484 occupabit
1632 416 1890 479 solitudo,
1945 427 1990 472 ul

2113 421 2210 483 τὰς
2243 420 2456 486 πόλεις,
2513 415 2918 488 συντριϐόμενοί
2961 431 3021 468 τε
3048 413 3144 467 καὶ
3168 411 3524 483 ἀπολλύμενα
3569 413 3678 468 ὑπὸ

431 501 542 558 illic
575 505 790 561 nemine
828 505 1104 562 habitante
1129 506 1300 575 spinae
1328 517 1698 561 succrescant.
1725 506 1836 580 44
1863 528 1883 560 ε
1910 506 2010 564 Ve-

430 593 590 648 niunt
658 595 774 651 dies
866 597 1122 662 ultionis,
1199 595 1427 651 veniunt
1510 594 1627 652 dies
1700 599 2008 654 retributio-

432 683 540 738 nis.
579 701 599 736 »
647 682 774 740 Haec
824 695 1006 742 autem
1077 697 1207 742 tunc
1267 685 1532 756 perieres,
1603 688 2003 758 propinquante

425 773 539 840 jam
577 783 844 845 tempore,
873 791 983 848 quo
1009 787 1159 832 tuam
1189 783 1404 846 oportet
1429 776 1758 847 impietatem
1791 779 2001 845 ulcisci,

429 873 484 916 et
509 863 697 933 iniqua
732 880 899 935 Opera
934 878 1023 921 tua
1054 867 1414 922 remunerari.
1458 885 1476 917 ι
1515 869 1580 922 Et
1607 867 1816 924 sedebit
1837 869 2004 926 Israel

429 959 690 1023 tauquam
726 958 991 1028 propheta
1027 956 1333 1022 insaniens,
1385 965 1647 1028 tanquam
1686 959 1852 1014 homo
1890 961 2006 1030 spi-

431 1039 541 1093 ritu
598 1042 851 1110 agitatus.
891 1065 910 1096 ι
953 1044 1012 1099 in
1050 1053 1261 1098 tantum
1310 1045 1578 1101 malorum
1613 1045 1892 1112 devenics,
1942 1057 2004 1102 ut

428 1130 568 1184 nihil
591 1131 815 1190 ditTeras
843 1149 874 1187 a
903 1133 1043 1190 falsa
1091 1136 1357 1206 propheta
1395 1136 1449 1190 in
1480 1151 1699 1207 gravem
1736 1139 1998 1193 exstasim

427 1221 557 1275 mali
589 1223 814 1291 spiritus
835 1227 1149 1296 Operatione
1174 1226 1444 1296 conjecto,
1472 1241 1537 1282 ac
1565 1243 1632 1283 ne
1658 1228 1748 1282 illa
1777 1229 1998 1300 quidem

427 1313 698 1370 sentiente
719 1331 840 1385 quae
858 1327 986 1373 ante
1016 1317 1182 1388 pedes
1211 1326 1360 1373 sunt.
1387 1317 1539 1374 Adeo
1562 1319 1808 1389 deiectus
1823 1333 2000 1378 mente

425 1405 560 1470 eris,
595 1417 820 1476 propter
854 1409 1120 1464 malorum
1176 1410 1535 1479 gravitatem!
1576 1410 1728 1466 Cur?
1763 1430 1782 1463 ι
1813 1411 1998 1468 Multi-

425 1495 615 1551 tudine
657 1498 1008 1566 iniquitatum
1055 1509 1272 1554 tuarum
1324 1501 1681 1569 multiplicata
1726 1502 1826 1558 fuit
1860 1505 2000 1558 insa-

424 1585 587 1641 nia.»
623 1586 761 1652 Quia
813 1603 1007 1658 nempe
1057 1589 1225 1643 multa
1277 1603 1401 1642 cum
1446 1591 1736 1660 iniquitate
1785 1594 1994 1657 vixisti,

425 1684 585 1746 teque
616 1679 841 1734 omnino
873 1679 1139 1734 idolorum
1165 1679 1391 1734 insania:
1416 1681 1688 1737 addixisti.

2109 510 2216 563 τῶν
2259 508 2557 578 Ἀσσυρίων
2578 523 2590 537 ·
2641 507 2926 562 ἀπολεῖται
2954 505 3010 559 δὲ
3042 505 3136 558 καὶ
3159 505 3230 556 τά
3256 503 3524 573 προσόντα
3547 504 3674 573 ὑμῖν

2111 601 2327 655 ἅπαντα
2347 617 2360 632 °
2386 601 2484 662 τάς
2514 616 2574 651 τε
2608 598 2791 661 πόλεις
2811 595 2964 668 ὑμῶν
2991 597 3086 648 καὶ
3106 593 3203 656 τάς
3227 593 3410 663 χώρας
3439 592 3676 661 τοσαύτη

2107 689 2475 760 καταλήψεται
2507 688 2732 760 ἐρημία,
2769 688 2854 757 (p.
2889 686 2989 756 67)
3024 685 3162 738 ὥστε
3203 683 3448 746 ἀκάνθας
3487 682 3675 736 αὐτόθι

2109 777 2342 845 φύεσθαι
2389 777 2617 849 μηδενὸς
2662 777 2958 837 οἰκοῦντος.
3002 794 3020 826 ι
3063 774 3324 826 Ἥκουσιν
3369 773 3426 826 αἰ
3471 773 3675 842 ἡμέραι

2106 868 2205 938 τῆς
2236 867 2568 938 ἐκδικήσεως
2611 885 2738 929 σου,
2790 867 3016 936 ἥκουσιν
3062 866 3116 917 αἰ
3158 864 3361 934 ἡμέραι
3410 862 3510 931 τῆς
3541 864 3675 916 ἀντ-

2105 956 2413 1019 αποδόσεώς
2445 974 2561 1010 σου.
2605 977 2627 1008 ι
2671 957 2992 1026 ’Υπομενεῖς
3036 954 3092 1007 δὲ
3142 953 3314 1007 ταῦτα
3353 953 3475 1006 τότε
3520 952 3678 1021 ἐγγί-

2105 1046 2290 1112 ζοντος
2322 1047 2414 1100 τοῦ
2445 1047 2638 1118 καιροῦ
2681 1047 2804 1101 καθ’
2829 1047 2890 1099 ὃν
2918 1045 3272 1116 ἐκδικηθῆναί
3306 1062 3400 1097 σου
3431 1044 3538 1114 χρὴ
3571 1043 3678 1112 τὴν

2103 1135 2392 1204 ἀσέϐειαν,
2442 1138 2538 1191 καὶ
2583 1137 2912 1208 ἀποδοθῆναί
2962 1153 3046 1189 σοι
3099 1136 3377 1205 πρέποντα
3423 1129 3496 1188 ῶν
3549 1132 3676 1186 δια-

2102 1230 2473 1300 πραττόμενος
2536 1228 2776 1298 ήσέϐεις.
2846 1247 2865 1279 ι
2930 1227 3041 1280 Καὶ
3104 1225 3385 1279 καθίσεται
3457 1224 3677 1296 Ἰσραὴλ

2101 1319 2291 1391 ὥσπερ
2330 1322 2358 1373 ὁ
2395 1322 2676 1393 προφήτης
2731 1321 2759 1372 ὁ
2806 1316 3262 1390 παρεξεστηκὼς,
3305 1317 3588 1388 ἄνθρωπος
3644 1322 3679 1373 ὁ

2101 1411 2568 1480 πνευματοφόρος.
2617 1429 2638 1460 ι
2711 1409 2797 1462 Ἐν
2851 1406 3127 1469 τοσούτοις
3184 1406 3249 1478 δὴ
3302 1409 3510 1480 γενήσῃ
3557 1410 3678 1470 τοῖς

2100 1503 2310 1565 κακοῖς,
2344 1500 2484 1554 ὥστε
2533 1500 2696 1570 μηδὲν
2726 1498 3040 1553 ἀπεοικέναι
3069 1497 3548 1568 ψευδοπροφήτου,
3585 1500 3672 1561 εἰς

2099 1589 2356 1644 ἔκστασιν
2404 1591 2606 1661 πολλὴν
2655 1592 2720 1644 ἐκ
2767 1590 2866 1660 τῆς
2917 1588 3013 1642 τοῦ
3065 1589 3305 1659 πονηροῦ
3357 1589 3676 1660 πνεύματος

2099 1684 2376 1752 ἐνεργείας
2443 1682 2811 1746 καταστάντος
2831 1721 2847 1746 ,
2901 1683 2998 1735 καὶ
3051 1682 3174 1735 οὐδὲ
3225 1680 3333 1734 τῶν
3384 1681 3678 1751 παρόντων

423 1765 676 1834 αἴσθησιν
731 1765 968 1837 ἔχοντοςο
1007 1768 1180 1834 οὕτως
1232 1770 1338 1837 ἐξω
1385 1771 1494 1826 τῶν
1526 1775 1721 1828 σαυτοῦ
1756 1771 1968 1846 φρενῶν
2010 1778 2074 1830 ἐκ
2125 1775 2218 1828 τοῦ
2251 1775 2513 1846 μεγέθους
2563 1777 2769 1847 γενήσῃ
2814 1774 2923 1829 τῶν
2975 1774 3160 1829 κακῶν
3181 1792 3195 1805 ·
3251 1773 3392 1838 τίνος
3449 1773 3672 1841 ἕνεκεν,

429 1878 449 1910 ι
503 1859 637 1913 Ἀπὸ
682 1861 777 1918 τοῦ
829 1862 1066 1933 πλήθους
1110 1864 1217 1918 τῶν
1262 1865 1485 1920 ἀδικιῶν
1541 1884 1634 1920 σου
1686 1868 1996 1939 ἐπληθύνθη
2051 1868 2235 1940 μανία.
2276 1889 2296 1922 ι
2347 1869 2566 1940 Ἐπειδὴ
2613 1869 2779 1940 πολλῇ
2833 1869 2933 1940 μὲν
2972 1868 3156 1939 ἀδικίᾳ
3187 1867 3443 1940 συνέζης,
3496 1868 3672 1940 πολλῇ

420 1951 479 2009 δὲ
514 1955 580 2026 τῇ
607 1954 734 2024 περὶ
765 1953 831 2008 τά
857 1954 1050 2010 είδωλα
1083 1959 1251 2032 μανίᾳ
1276 1961 1470 2014 σαυτὸν
1497 1962 1814 2028 ἐκδεδὼκεις
1839 1963 2134 2028 παντελῶς

495 2039 662 2096 Vens.
693 2041 850 2097 8-10.
882 2074 954 2084 —
983 2063 1003 2098 ι
1033 2046 1243 2118 Scopus
1291 2047 1620 2119 Ephraimus
1665 2067 1789 2106 cum
1831 2052 1943 2108 Deo
1972 2072 1986 2107 :

2160 2052 2308 2123 Στίχ.
2369 2057 2502 2124 ηὀι’.
2546 2083 2615 2094 -
2666 2069 2686 2105 ι
2725 2051 2934 2115 Σκοπὸς
2994 2050 3233 2124 Ἔφραῖμ
3301 2048 3440 2122 μετά
3483 2049 3670 2106 Θεοῦ·

421 2133 687 2201 propheta
725 2133 955 2203 laqueus
993 2144 1273 2195 tortuosus
1290 2155 1455 2210 super
1470 2156 1662 2198 omnes
1683 2143 1798 2199 vias
1814 2143 1952 2213 ejus.
1968 2165 1988 2197 ι

421 2219 711 2290 Oporteret
743 2238 875 2282 sane
917 2236 968 2282 te
994 2242 1117 2285 esse
1153 2231 1363 2287 caeteris
1401 2234 1681 2304 exemplar
1729 2244 1782 2289 et
1832 2236 1991 2305 quasi

421 2327 654 2384 scepum
689 2315 930 2381 honesti,
968 2317 1186 2391 Deoque
1222 2322 1450 2390 juvante
1477 2323 1677 2379 docere
1707 2326 1848 2382 alios
1878 2326 1992 2380 vir-

422 2413 615 2470 tutem,
648 2421 809 2475 quam
847 2417 902 2462 tu
938 2409 1054 2478 ipse
1094 2426 1125 2464 a
1164 2412 1275 2467 Deo
1304 2414 1614 2481 didiceras;
1664 2415 1761 2472 sed
1801 2427 1992 2473 contra

419 2491 600 2548 factus
629 2508 691 2548 es
728 2495 794 2548 ad
834 2495 1027 2550 vilium
1067 2497 1185 2565 via;
1217 2499 1292 2554 ita
1315 2509 1374 2555 ut
1397 2503 1534 2558 nihil
1567 2518 1597 2556 a
1629 2504 1770 2558 tristi
1797 2505 1991 2576 laqueo

419 2581 640 2639 diﬂ'eras
662 2585 1078 2643 incurrentibus
1106 2591 1433 2658 periculoso.
1469 2592 1561 2647 Sic
1591 2595 1846 2650 omnibus
1883 2597 1988 2650 im-

417 2675 640 2748 pietatis
677 2678 863 2746 regula
893 2678 1132 2734 exsistis.
1159 2698 1178 2731 ι
1207 2679 1479 2736 Insaniam
1508 2684 1564 2738 in
1595 2684 1759 2740 domo
1794 2685 1884 2741 Dei
1903 2687 1988 2740 sui

418 2766 627 2822 deﬁxit.
651 2785 670 2818 ι
704 2766 1020 2823 ldololatria
1067 2770 1376 2826 universam
1421 2780 1626 2828 terram
1665 2777 1990 2845 promissio-

417 2859 507 2912 nis
529 2858 767 2928 implesti
797 2878 810 2913 :
844 2875 968 2913 nam
1004 2859 1100 2916 Dei
1135 2862 1357 2917 domum
1381 2871 1584 2920 terram
1607 2868 1989 2936 promissionis

417 2949 680 3019 appellat,
731 2959 969 3020 utpotca
1007 2949 1118 3006 Deo
1151 2952 1474 3009 habitatam.
1513 2975 1532 3007 ι
1569 2955 1826 3026 Corrupti
1859 2965 1988 3012 sunt

417 3040 563 3095 sicut
584 3040 638 3096 in
665 3040 858 3098 diebus
885 3042 1059 3098 collis.
1093 3063 1112 3097 ι
1150 3042 1344 3101 Cuncti
1390 3061 1420 3100 a
1445 3047 1650 3104 virtute
1692 3049 1760 3103 ad
1794 3049 1983 3103 vitium

416 3132 666 3186 conversi
695 3132 851 3197 estis,
903 3135 1102 3189 mentis
1131 3137 1540 3206 corruptionem
1592 3140 1804 3208 experti
1840 3141 1985 3194 haud

415 3223 744 3281 dissimilem
772 3225 882 3282 illis
911 3227 1008 3296 qui
1039 3227 1094 3282 in
1133 3226 1349 3285 deserto
1393 3231 1690 3300 irreligiosi
1737 3232 1982 3297 fuerunt,

416 3316 620 3386 quique
653 3316 827 3370 vitulo
865 3317 1100 3372 conﬂato
1129 3319 1386 3374 dicebant
1423 3339 1434 3374 :
1470 3320 1581 3374 «1Ιί
1625 3331 1754 3376 sunt
1781 3323 1854 3376 dii
1881 3324 1982 3387 tui,

2096 2147 2378 2217 προφήτης
2434 2143 2606 2212 παγὶς
2652 2141 2842 2196 σκολιὰ
2885 2143 2978 2196 ἐπὶ
3027 2144 3208 2205 πάσας
3234 2141 3336 2205 τὰς
3364 2141 3520 2205 ὁδοὺς
3559 2141 3671 2196 αὖ·

2091 2233 2208 2288 τοῦ.
2248 2253 2268 2285 ι
2315 2233 2509 2304 Ἐχρῆν
2546 2232 2646 2303 μὲν
2678 2233 2786 2303 γάρ
2836 2248 2896 2284 σε
2928 2232 3129 2285 σκοπὸν
3177 2227 3316 2286 εἶναι
3364 2231 3458 2285 τοῦ
3492 2232 3674 2285 καλοῦ

2093 2323 2332 2396 ἑτέροις,
2377 2324 2472 2376 καὶ
2517 2323 2655 2393 μετὰ
2698 2320 2833 2375 Θεοῦ
2877 2321 3152 2375 διδάσκειν
3196 2321 3325 2385 τοὺς
3354 2322 3574 2385 λοιποὺς
3602 2323 3672 2376 τὸ

2089 2414 2228 2479 δέον,
2263 2414 2359 2467 ἀτε
2402 2416 2530 2486 παρ’
2569 2413 2734 2467 αὐτοῦ
2786 2413 3145 2484 μεμαθηκότα
3188 2412 3376 2466 τοῦτο’
3429 2414 3669 2482 γέγονας

2089 2505 2147 2558 δέ
2179 2505 2240 2559 τὸ
2267 2505 2506 2560 ἐναντίον
2535 2505 2651 2568 ὁδὸς
2678 2505 2879 2560 ἅπασιν
2905 2503 3000 2557 τοῦ
3031 2505 3290 2576 χείρονος·
3317 2502 3458 2556 ὥστε
3493 2503 3672 2574 μηδὲν

2090 2593 2404 2647 ἀπεοικέναι
2438 2592 2684 2662 χαλεπῆς
2709 2592 2930 2660 παγίδος
2956 2593 3185 2662 κινδύνῳ
3229 2589 3666 2663 περιϐαλλούσης

2087 2685 2212 2749 τοὺς
2265 2685 2653 2756 ὲμπίπτοντας’
2707 2683 2879 2748 οῦτως
2924 2684 3096 2738 ἀπασι
3128 2684 3291 2754 νόμος
3337 2683 3516 2752 ἐγίνου
3557 2683 3664 2754 τῆς

2089 2777 2361 2840 ἀσεϐείας.
2392 2777 2484 2845 (p.
2517 2776 2606 2845 68)
2649 2796 2666 2827 ι
2695 2776 2908 2830 Μανίαν
2925 2777 2982 2828 ἐν
3011 2775 3143 2845 οἴκῳ
3167 2775 3302 2828 Θεοῦ
3333 2773 3498 2827 αὐτοῦ
3525 2790 3666 2849 κατέ

2088 2866 2306 2938 έπηξεν.
2352 2886 2369 2918 ι
2405 2866 2862 2937 Εἰδωλολατρείας
2911 2867 3018 2937 γὰρ
3060 2867 3241 2919 πᾶσαν
3277 2865 3375 2936 τὴν
3415 2865 3519 2934 γῆν
3558 2864 3664 2934 τῆς

2088 2958 2421 3027 ἐπαγγελίας
2451 2958 2777 3030 ἐπλήρωσας
2797 2974 2810 2989 ο
2837 2953 2984 3010 οἷκον
3010 2957 3118 3028 γὰρ
3147 2954 3280 3008 Θεοῦ
3305 2955 3403 3022 τὴν
3428 2954 3531 3023 γῆν
3556 2953 3664 3023 τῆς

2086 3049 2422 3120 ἐπαγγελίας
2441 3049 2617 3112 καλεῖ,
2643 3048 2718 3111 ὼς
2738 3047 3063 3117 οἰκουμένην
3089 3045 3192 3098 ὑπὸ
3220 3044 3377 3098 Θεοῦ.
3409 3062 3426 3095 ι
3468 3043 3665 3112 Ἐφθά-

2089 3158 2263 3213 ρησαν
2312 3141 2452 3194 κατὰ
2485 3142 2585 3203 τὰς
2631 3140 2846 3210 ἡμέρας
2891 3135 3102 3208 βουνοῦ.
3145 3155 3163 3187 ι
3209 3135 3320 3188 Καὶ
3358 3134 3660 3207 μετέστητε

2088 3234 2289 3296 πάντες
2327 3234 2392 3284 ἐκ
2433 3230 2528 3283 τοῦ
2556 3231 2863 3301 κρείττονος
2903 3229 2996 3282 ἐπὶ
3035 3229 3098 3281 τὸ
3128 3231 3328 3300 χεῖρον,
3357 3225 3666 3295 διαφθορὰν

2087 3321 2308 3376 ἐννοιῶν
2334 3320 2834 3390 ὑπομεμενηκότες,
2859 3318 3010 3372 οὐδὲν
3036 3319 3353 3372 ἀπεοικυῖαν
3383 3316 3492 3369 τῶν
3520 3315 3658 3369 ποτέ

416 3405 662 3468 olsrael,
709 3408 802 3477 qui
859 3416 912 3464 te
967 3409 1274 3465 eduxerunt
1321 3411 1390 3466 de
1431 3421 1575 3467 terra
1615 3411 1926 3484 Egypti".
1959 3435 1978 3467 ο

2092 3413 2230 3466 κατά
2264 3412 2364 3482 τὴν
2394 3411 2600 3481 ἔρημον
2634 3410 3048 3480 ἀσεϐησάντων,
3079 3409 3128 3461 οἳ
3165 3408 3363 3480 μόσχον
3391 3407 3662 3475 ποιήσαν-

413 3497 551 3556 Nam
605 3499 770 3554 «dies
807 3500 1006 3556 collis»
1043 3511 1262 3572 tempus
1317 3503 1450 3558 illud
1505 3505 1763 3576 appellat.
1816 3506 1985 3576 igitur

417 3590 560 3644 haud
611 3592 796 3647 secius
838 3593 947 3648 illis
985 3595 1226 3664 corrupti
1256 3596 1412 3658 estis,
1436 3595 1492 3651 id
1516 3606 1619 3664 est,
1648 3611 1832 3666 parem
1872 3596 1984 3652 illis

415 3683 669 3743 morbum
729 3684 1111 3740 contraxistis.
1169 3687 1616 3747 «Recordabitur
1663 3688 1984 3757 iniquitates

415 3787 628 3838 eorum,
681 3775 981 3836 ulciscetur
1029 3787 1255 3846 peccata
1287 3795 1502 3838 eorum.
1530 3798 1548 3831 ι
1569 3779 1982 3849 Consequenter

414 3865 622 3934 itaque,
659 3857 925 3920 revocata
949 3867 1300 3936 iniquitatum
1342 3879 1649 3925 vestrarum
1695 3868 1982 3933 memoria,

413 3961 595 4010 sumet
636 3955 704 4009 de
735 3957 891 4011 vobis
925 3972 1135 4028 ρωπος,
1182 3960 1419 4026 peccatis
1451 3962 1647 4014 vestris
1686 3974 1977 4030 congruas.

419 4063 441 4096 ι
465 4043 631 4112 Quasi
663 4062 822 4099 uvam
859 4048 914 4100 iu
951 4046 1166 4103 deserto
1201 4049 1382 4102 inveni
1409 4051 1689 4112 lsraelem,
1732 4057 1786 4104 et
1817 4048 1979 4118 quasi

415 4135 576 4190 licum
609 4135 664 4189 in
689 4137 796 4208 45
840 4137 1072 4192 ﬁculnea
1113 4153 1408 4208 praecocem
1433 4151 1615 4210 patres
1651 4148 1866 4195 vestros
1898 4139 1980 4193 vi—

412 4225 490 4284 di.
515 4245 533 4277 ›
552 4225 811 4296 Equidem
831 4235 1042 4284 tantum
1064 4228 1376 4298 exprompsi
1401 4245 1529 4300 erga
1556 4237 1740 4300 patres
1766 4237 1980 4284 vestros

413 4313 694 4380 allectum,
747 4325 1009 4388 quantum
1067 4317 1301 4387 quisque
1326 4321 1628 4387 experitur,
1660 4318 1704 4372 si
1739 4317 1878 4372 forte
1923 4318 1981 4372 in

410 4406 630 4462 deserto
671 4424 829 4461 uvam
891 4407 1070 4463 videat
1116 4417 1312 4480 praeter
1350 4423 1567 4467 omnem
1611 4423 1760 4478 spem
1804 4408 1980 4463 oculis

412 4498 675 4561 oblatam,
711 4500 794 4553 vel
831 4499 988 4554 licum
1020 4501 1073 4556 in
1105 4500 1300 4554 arbore
1330 4509 1455 4554 ante
1481 4509 1804 4556 consuetum
1842 4509 1980 4556 tem-

410 4605 514 4658 pus
539 4598 865 4645 exstantem.
899 4609 917 4641 ι
945 4591 1053 4658 lpsi
1102 4599 1283 4645 autem
1323 4589 1662 4646 intraverunt
1716 4593 1784 4646 ad
1824 4592 1980 4648 Beel-

2086 3520 2176 3567 τες
2199 3503 2382 3570 ἔλεγον
2400 3518 2413 3531 ·
2447 3523 2464 3554 ι
2494 3497 2647 3554 Οὗτοι
2675 3501 2724 3554 οἰ
2779 3496 2888 3551 θεοί
2939 3515 3032 3553 σου
3055 3542 3068 3566 ,
3115 3499 3348 3569 Ἰσραὴλ,
3376 3498 3425 3550 οἰ
3454 3498 3662 3568 ἐξήγα-

2086 3595 2181 3663 γόν
2211 3611 2270 3648 σε
2292 3595 2356 3647 ἐκ
2378 3593 2481 3662 γῆς
2510 3591 2814 3659 Αἰγύπτου·
2843 3609 2862 3642 ο
2897 3609 2914 3638 ι
2943 3588 3156 3660 ἡμέρας
3171 3586 3278 3658 γὰρ
3291 3583 3386 3640 τοῦ
3407 3587 3602 3657 βουνοῦ
3631 3606 3656 3640 ι

2083 3686 2175 3738 τὸν
2226 3685 2413 3756 καιρὸν
2448 3685 2653 3736 ἐκεῖνον
2694 3679 2866 3732 καλεῖ.
2922 3676 3252 3740 Ἀκολούθως
3285 3672 3376 3731 οῦν
3419 3677 3662 3741 ἐκείνοις,

2082 3774 2430 3846 διεφθάρητε,
2466 3774 2586 3825 ἀντί¹
2629 3769 2744 3834 τοῦ,
2775 3769 2886 3840 Τὴν
2933 3768 3098 3839 αὐτὴν
3131 3769 3356 3832 ἐκείνοις
3392 3767 3661 3833 ἐδέξασθε

2081 3867 2255 3920 νόσον.
2293 3884 2311 3917 ι
2347 3862 2732 3934 Μνησθήσεται
2752 3861 2858 3914 τῶν
2883 3861 3103 3914 ἀδικιῶν
3133 3861 3332 3922 αὐτῶν,
3367 3861 3658 3931 ἐκδικήσει

2079 3956 2353 4027 ἁμαρτίας
2386 3953 2586 4007 αὐτῶν.
2636 3971 2653 4004 ι
2709 3951 3042 4018 Ἀκολούθως
3068 3951 3246 4004 τοίνυν
3287 3950 3508 4020 μνήμην
3539 3950 3663 4003 τῶν

2080 4045 2341 4101 ἀσεϐειῶν
2372 4044 2524 4115 ὑμῶν
2577 4044 2974 4114 ποιησάμενος,
3031 4041 3260 4114 λήψεται
3305 4041 3460 4104 δίκας
3515 4044 3656 4112 παρ’

2081 4139 2234 4208 ὑμῶν
2277 4135 2571 4204 ἀναλόγους
2613 4131 2694 4198 οἷς
2741 4135 3100 4207 ἡμαρτήκατε
3148 4135 3229 4196 είς
3269 4132 3447 4185 αὐτόν.
3489 4149 3509 4182 ι
3559 4131 3658 4196 Ὦς

2064 4226 2355 4298 ,σταφυλὴν
2402 4229 2460 4279 ἐν
2499 4226 2691 4299 ἐρήμῳ
2730 4219 2886 4294 εὖρον
2924 4224 3013 4277 τὸν
3057 4221 3294 4292 Ἰσραὴλ,
3326 4221 3422 4275 καὶ
3443 4220 3520 4284 ὡς
3547 4221 3655 4274 σῦς-

2080 4337 2174 4378 κον
2193 4319 2266 4391 (9)
2286 4320 2343 4374 ἐν
2362 4319 2498 4387 συκῇ
2517 4315 2766 4387 πρώῖμον
2792 4311 2929 4368 εἶδον
2958 4315 3198 4385 πατέρας
3226 4313 3423 4368 αὐτῶν.
3447 4331 3466 4364 ι
3501 4311 3654 4381 Ἐγὼ

2083 4413 2180 4482 μὲν
2224 4405 2316 4464 οῦν
2362 4408 2630 4477 τοσαύτην
2679 4403 3040 4474 ἐπεδειξάμην
3075 4404 3202 4474 περὶ
3234 4404 3361 4467 τοὺς
3399 4402 3654 4472 πατέρας

2080 4501 2258 4556 αὐτῶν
2278 4500 2538 4563 διάθεσιν,
2582 4499 2699 4570 μεθ’
2727 4499 2857 4568 ὅσης
2894 4496 2958 4550 ἂν
2990 4495 3023 4567 ἢ
3059 4497 3115 4548 ἐν
3146 4496 3336 4566 ἐρήμῳ
3368 4492 3655 4564 σταφυλὴν

2079 4595 2177 4652 ῐδοι
2209 4610 2294 4656 τις
2329 4590 2478 4662 παρά
2497 4592 2682 4643 πᾶσαν
2715 4588 2890 4659 εὑρὼν
2916 4585 3125 4650 ἐλπίδα,
3155 4586 3188 4655 ἢ
3222 4584 3382 4637 σῦκον
3416 4584 3508 4635 ἐπὶ
3546 4583 3652 4636 τοῦ

410 4680 638 4750 phegor,
667 4688 722 4734 et
751 4681 1045 4734 abalienati
1084 4691 1213 4736 sunt
1240 4681 1294 4736 in
1325 4681 1730 4749 confusionem,
1763 4690 1816 4738 et
1847 4681 1973 4738 facti

2092 4684 2293 4755 Ξένδρου
2327 4683 2433 4753 πρὸ
2457 4679 2552 4734 τοῦ
2591 4680 2838 4742 εἰωθότος
2880 4678 3046 4748 φανὲν
3076 4674 3289 4746 καιροῦ.
3344 4695 3362 4726 ι
3394 4673 3556 4730 Αὐτοὶ
3592 4675 3655 4729 δὲ

412 4778 541 4825 sunt
588 4770 1005 4825 abominabiles.
1049 4790 1068 4822 ι
1100 4769 1202 4837 Qui
1233 4772 1301 4829 ad
1366 4772 1702 4828 adorandum
1765 4773 1972 4828 idolum

2092 4777 2325 4848 ιίσῆλθον
2350 4777 2486 4849 πρὸς
2515 4773 2854 4845 Βεελφεγὼρ,
2887 4775 2981 4832 καὶ
3015 4768 3529 4841 ἀπηλλοτριώθησαν
3561 4770 3655 4832 εἰς

411 4859 849 4920 declinaverunt,
894 4875 923 4912 a
959 4876 1047 4915 mc
1076 4871 1250 4918 semet
1289 4863 1693 4928 abalienarunt,
1737 4865 1892 4919 nulla
1917 4881 1978 4920 re

2092 4871 2362 4941 ιίσχύνην,
2413 4869 2507 4922 καὶ
2554 4867 2797 4936 ἐγένοντο
2845 4864 2918 4928 ὡς
2967 4866 3016 4917 οἰ
3061 4861 3459 4932 ἐϐδελυγμένοι.
3499 4878 3518 4910 ι
3582 4862 3652 4916 Οἱ

411 4949 518 5000 alia
544 4963 705 5017 quam
736 4947 1058 5005 confusione
1095 4952 1289 5022 dignos
1327 4969 1385 5008 se
1423 4956 1793 5021 ostendentes,
1839 4972 1976 5026 quo-

2092 4959 2210 5031 πρὸς
2239 4959 2334 5028 τὴν
2355 4958 2449 5011 τοῦ
2470 4957 2690 5010 εἰδώλου
2729 4953 3095 5025 προσκύνησιν
3127 4949 3448 5022 νεύσαντες(
3465 4965 3516 5019 p.
3548 4947 3648 5019 69)

409 5034 557 5086 niam
589 5049 617 5086 a
645 5033 753 5088 Deo
777 5043 1052 5090 tantorum
1079 5038 1189 5093 illis
1213 5040 1482 5097 honorum
1514 5053 1740 5100 auctore
1756 5044 1824 5100 ad
1849 5043 1972 5099 ido-

2092 5051 2170 5123 τὴν
2210 5050 2558 5120 ἀλλοτρίωσιν
2591 5049 2792 5102 εἴλοντο
2823 5047 2918 5117 τὴν
2947 5047 3040 5099 ἀπ’
3071 5043 3226 5114 ἐμοῦ,
3258 5042 3415 5096 οὐθὲν
3457 5042 3652 5112 ἕτερον

409 5125 522 5178 lum
579 5125 1012 5194 transfugerunt,
1054 5144 1084 5182 a
1123 5147 1233 5199 quo
1276 5135 1411 5188 nihil
1456 5136 1582 5190 boni
1622 5147 1968 5207 acceperant.

2092 5144 2112 5214 ἢ
2159 5143 2419 5213 αἰσχύνης
2464 5142 2690 5203 ἑαυτοὺς
2737 5140 2916 5209 πάσης
2956 5136 3261 5198 δεικνύντες
3295 5135 3514 5200 ἀξίους,
3562 5135 3650 5188 ὅτι

409 5215 590 5280 Quare
620 5225 673 5269 et
702 5217 1090 5274 abominabiles
1120 5221 1267 5286 facti,
1319 5226 1421 5280 sub
1461 5227 1698 5284 hostium
1741 5245 1967 5286 suorum

2092 5235 2185 5288 ὶπὸ
2227 5234 2360 5287 Θεοῦ
2389 5234 2481 5286 τοῦ
2515 5231 2784 5285 τοσούτων
2812 5231 2996 5292 αὐτοῖς
3027 5227 3247 5296 ἀγαθῶν
3277 5225 3449 5278 αἰτίου
3480 5241 3648 5291 γεγο-

403 5309 594 5376 jugum
636 5307 789 5361 missi
839 5318 986 5362 sunt.
1034 5312 1322 5382 Postquam
1370 5317 1483 5372 ha-c
1525 5319 1592 5373 de
1642 5321 1749 5374 illis
1809 5321 1966 5388 dixit,

2092 5325 2244 5386 νότος,
2277 5325 2368 5376 ἐπὶ
2401 5323 2615 5376 εἴδωλον
2651 5323 3019 5391 μετέστησαν,
3051 5313 3110 5372 οῦ
3153 5317 3316 5388 μηδὲν
3348 5315 3652 5384 εἰλήφεσαν

409 5395 558 5448 add"
591 5415 602 5449 ε
2076 5415 2298 5483 ἀγαθόν·
2340 5415 2460 5467 ὅθεν
2505 5413 2560 5465 δὲ
2591 5412 2682 5465 καὶ
2723 5410 3000 5480 βδελυκτοὶ
3033 5409 3352 5477 γεγόνασιν,
3383 5403 3496 5463 ὑπὸ,
3532 5405 3650 5469 τοῖς

407 5489 619 5560 ἐχθροῖς
648 5495 992 5557 πεπτωκότες
1032 5501 1140 5562 τοῖς
1170 5501 1406 5564 οἰκείοις.
1446 5503 1626 5554 Ταῦτα
1668 5521 1792 5556 πεοι
1824 5507 2045 5564 ἐκείνων
2073 5510 2261 5575 εἰπὼν,
2299 5510 2523 5576 ἐπάγει·

481 5624 528 5656 ’⁸
566 5623 736 5679 Exod.
772 5644 944 5689 xuii.
973 5632 1023 5685 4.

480 5733 556 5806 (9)
591 5735 723 5792 Cod.
763 5738 981 5794 σκοπόν.
