3824 6224
183 295 272 351 {Ri

1207 289 1752 348 COMMENTARIUS
1791 291 1855 346 IN
1897 291 2096 348 OSEJS
2138 291 2288 347 CAP.
2330 291 2413 345 IX.

3339 292 3446 348 18".!

242 409 390 478 Στίχ.
412 372 585 462 ια’-ιδ’.
606 438 675 448 —-
697 427 714 459 I
757 376 998 479 ’Βιρραῖμ
1018 405 1095 469 ib;
1131 405 1314 476 δρνεον
1337 398 1690 475 ἐξεπέτάσοη.
1719 425 1733 455 ι

1920 402 2084 458 Vens.
2139 405 2323 457 ll-l-l.
2365 430 2432 442 -ι-
2473 423 2489 453 ι
2530 401 2858 474 Epliraimus
2905 402 3062 474 quasi
3111 403 3227 458 avis
3258 405 3439 457 avola-

175 503 499 572 Biu).6y.sv0;
519 503 693 554 ἐκεῖνο
714 502 910 570 στῆσαι
952 498 1035 564 τὸ,
1062 516 1081 549 ι
1123 497 1471 568 Ἐφθάρησαν
1495 496 1747 559 καταστὰς

173 595 385 664 ἡμέρας
417 594 510 647 τοῦ
547 593 758 663 βουνοῦ.
797 612 814 643 ι
853 590 1186 654 Ἀκολούθως
1210 591 1319 660 γὰρ
1341 590 1619 662 δὴ.φησ“ιν,
1651 589 1747 641 καὶ

171 681 313 738 οὗτοι
341 689 450 748 τοῖς
476 684 716 754 πατράσι
741 685 852 744 τοῖς
878 681 1087 735 ἑαυτῶν
1126 680 1264 750 μετά
1291 679 1561 749 τοσαύτην
1587 679 1748 749 κηδεο

111 805 126 812 -
173 777 360 844 μονίαν
383 771 448 847 ἧς
479 775 666 845 ἔτυχον
691 775 820 843 παρ’
844 773 1002 843 ἐμοῦ,
1027 772 1214 842 ὀρνέου
1241 771 1396 840 δίκην
1424 771 1745 840 ἀπέπτησαν

168 867 266 934 τῆς
314 865 557 935 γνώμης.
593 884 610 915 ‹
651 866 716 916 Δί
744 863 892 929 δόξαι
919 862 1102 915 αὐτῶν
1137 863 1201 914 ἐκ
1227 861 1466 914 τοκετῶν
1499 861 1594 914 καὶ
1622 859 1758 934 ώδίογ

169 974 272 1007 νων
330 957 424 1008 καὶ
473 953 806 1024 συλλήψεων.
867 972 884 1002 ι
924 949 1057 1005 Εἶτα
1112 951 1338 1004 τοιαῦτα
1389 948 1742 1012 ἀσεϐοῦντες,

171 1048 537 1117 μακαριστοὺς
577 1047 804 1111 ἐαυτοὺς
832 1045 1142 1118 νομίζουσιν
1183 1041 1320 1098 εἶναι
1350 1045 1446 1097 ἐπὶ
1476 1047 1544 1114 τῇ
1575 1044 1742 1097 πολυ-

166 1137 370 1208 πληθίᾳ
391 1155 405 1168 ·
430 1137 585 1191 τοῦτο
608 1138 714 1210 γὰρ
741 1138 888 1206 λέγει
909 1138 990 1202 rb,
1020 1157 1038 1189 ι
1063 1139 1126 1189 ἐκ
1154 1137 1391 1190 τοκετῶν
1417 1137 1512 1188 καὶ
1538 1135 1744 1189 ὠδίνων

166 1229 256 1282 καὶ
275 1228 588 1298 συλλήψεων
605 1246 617 1258 ·
659 1248 678 1279 ι
705 1228 891 1298 ἐπειδὴ
919 1229 982 1279 ἐκ
1005 1226 1316 1296 συλλήψεως
1333 1225 1427 1278 καὶ
1443 1224 1630 1287 ὠδῖνος
1651 1226 1744 1276 καὶ

161 1318 386 1372 τοκετοῦ
410 1320 623 1391 πρόεισι
643 1320 704 1372 rb
725 1321 1060 1390 τικτόμενον.
1098 1339 1116 1369 ι
1146 1319 1288 1371 Διότι
1309 1317 1402 1370 καὶ
1424 1316 1520 1370 ἐὰν
1555 1315 1746 1387 ἐκθρέ-

159 1412 302 1478 ψωσι
317 1411 388 1463 τὰ
405 1412 570 1464 τέκνα
587 1411 793 1473 αὐτῶν,
812 1409 1282 1480 ἁτεκνωθήσονται
1295 1409 1352 1474 ἐξ
1369 1408 1467 1461 ἀνθ
1476 1407 1694 1479 ρώπων.
1720 1428 1738 1457 ο

160 1503 232 1554 Οὐ
284 1501 728 1573 συλλογιζόμενοι
769 1502 850 1554 ὅτι
891 1501 994 1554 κᾶν
1023 1503 1102 1565 είς
1137 1501 1314 1572 ἄκραν
1353 1501 1632 1570 ἀφίκοιντο
1674 1500 1744 1553 τὰ

157 1595 452 1664 τικτόμενα
498 1594 797 1656 τελείωσιν,
848 1593 999 1647 οὐδὲν
1045 1593 1228 1655 αὐτοῖς
1254 1594 1319 1644 ἐκ
1355 1593 1547 1645 τούτου
1583 1591 1744 1660 γενή-

159 1703 309 1739 σεται
339 1686 502 1740 πλέον
521 1703 536 1717 ·
573 1685 1031 1758 περιαχθήσονται
1065 1683 1175 1755 γὰρ
1205 1687 1324 1747 ταῖς
1372 1683 1468 1736 τοῦ
1502 1682 1740 1751 πολέμου

1854 496 1943 548 vit.
1983 512 2003 545 ι
2033 494 2158 548 \‘ult
2189 495 2446 548 nimirum
2471 493 2758 548 ostendere
2777 495 2945 550 illud:
2979 515 2997 547 ι
3028 495 3281 564 Cei'rupti
3306 506 3436 550 sunt

1851 585 1993 637 sicut
2028 586 2080 638 in
2115 585 2306 640 diebus
2349 583 2526 638 collis.
2571 602 2591 636 ι
2619 583 2710 638 Isti
2752 585 2899 639 enim
2949 601 3102 654 aeque
3149 600 3212 639 ac
3255 595 3436 652 patres

1849 692 2038 730 eorum
2073 686 2194 745 post
2227 684 2438 730 tantam
2464 690 2638 729 meam
2669 677 3091 746 providentiam,
3118 678 3234 729 avis
3261 678 3437 729 instar

1850 782 1878 820 a
1908 770 2180 821 sententia
2213 767 2431 836 prepria
2472 766 2783 820 avolarunt.
2821 786 2840 819 ι
2882 767 3081 822 Gloria:
3126 768 3373 836 ipsorum
3405 782 3435 818 a

1849 859 2138 928 partubus,
2199 859 2269 911 ab
2321 857 2517 919 uteris,
2564 865 2618 912 et
2667 871 2698 910 a
2743 841 3177 928 conceptibus.)
3235 856 3437 912 Deinde

1847 966 1971 1004 cum
2027 959 2180 1003 tanta
2235 950 2606 1019 peccaverint,
2653 950 2842 1005 beatos
2893 967 2952 1006 se
2997 952 3320 1006 existimant
3367 951 3436 1004 ob

1848 1041 2030 1111 populi
2064 1041 2470 1095 multitudinem
2498 1059 2512 1095 :
2549 1039 2602 1095 id
2627 1043 2773 1097 enim
2799 1043 3094 1098 denotatur
3119 1058 3218 1113 per
3241 1043 3433 1106 verba;

1853 1153 1870 1182 ε
1895 1129 2182 1200 partubus,
2207 1132 2399 1198 uteris,
2425 1135 2816 1204 conccptibus;
2847 1152 2866 1183 δ
2889 1133 3334 1204 quandoquidem
3368 1146 3434 1184 cx

1846 1231 2134 1291 conceptu,
2177 1222 2314 1275 uteri
2354 1225 2682 1290 gestatione,
2730 1230 3000 1291 partuque
3041 1237 3132 1276 res
3167 1230 3294 1275 nata
3338 1238 3433 1275 cx—

1847 1314 2008 1367 sistit.
2053 1331 2070 1362 ι
2112 1313 2423 1381 Propterea,
2456 1313 2830 1381 quamlumvis
2862 1313 3003 1365 ﬁlios
3039 1315 3433 1373 suoscnntrie-
3488 1337 3494 1348 -

1846 1404 1978 1467 rint,
2034 1405 2240 1472 absque
2288 1403 2481 1458 libet-is
2529 1403 2662 1456 ﬁent
2712 1403 2857 1458 inter
2910 1403 3182 1458 homines.
3246 1423 3262 1454 ι
3314 1403 3429 1458 Non

1845 1493 2231 1559 considerant,
2282 1496 2428 1564 quod
2490 1494 2707 1550 etiamsi
2769 1494 2837 1546 ad
2889 1493 3186 1563 perfectum
3229 1504 3430 1549 statum

1847 1587 1955 1639 nati
1993 1587 2086 1639 ﬁlii
2122 1587 2492 1656 pervenerint,
2545 1585 2682 1639 nihil
2728 1585 2856 1641 inde
2897 1587 3297 1640 Iucrabuntur:
3351 1597 3431 1641 ct-

1843 1675 1989 1728 enim
2022 1675 2148 1728 belli
2186 1675 2427 1728 czedibus
2461 1675 2528 1729 ad
2553 1675 2846 1731 orbitatem
2880 1677 3216 1747 redigentur.
3261 1696 3278 1728 ι
3321 1676 3427 1731 Sed

157 1777 396 1844 σφαγαῖς
425 1776 506 1838 είς
529 1775 804 1830 ἀτεκνίαν.
844 1791 862 1824 ι
901 1773 1044 1826 Διότι
1077 1775 1169 1826 καὶ
1195 1773 1319 1827 οὒαὶ
1355 1773 1539 1836 αὐτοῖς
1560 1811 1574 1834 ,
1605 1772 1733 1825 διότι

1846 1775 1900 1820 et
1929 1783 2009 1821 vae
2041 1768 2144 1833 eis,
2175 1769 2434 1836 quoniam
2467 1782 2562 1822 eos
2593 1768 2888 1838 dereliqui!
2925 1788 2942 1820 ι
2984 1768 3067 1824 Me
3096 1771 3218 1824 illos
3249 1779 3431 1840 patro-

153 1868 342 1938 ἀφῆκα
370 1866 587 1930 αὐτούς.
630 1885 648 1918 ι
705 1866 873 1936 Ἐμοῦ
902 1868 1010 1937 γὰρ
1053 1869 1152 1938 τῆς
1181 1865 1503 1934 κηδεμονίας
1543 1864 1757 1927 αὐτοὺς¹

155 1959 488 2028 χωρίσαντος
537 1959 634 2028 τῆς
683 1958 859 2028 ἐμῆς,
915 1958 1135 2028 ὄλεθρος
1185 1958 1382 2019 αὐτοὺς
1438 1957 1588 2026 μένει
1643 1956 1740 2008 καὶ

152 2047 419 2102 ἀπώλεια.
475 2068 494 2100 ι
535 2047 681 2118 Σάρξ
722 2065 825 2118 μου,
874 2047 935 2112 ἐξ
980 2046 1180 2100 αὐτῶν.
1221 2067 1239 2098 ι
1276 2052 1367 2118 (p.
1408 2046 1512 2116 70)
1547 2047 1739 2100 Καίτοι

152 2151 214 2209 γε
237 2141 476 2212 τοσαύτη
515 2141 604 2211 μοί
630 2158 716 2204 τις
743 2136 812 2212 ἦν
845 2141 878 2209 ἡ
909 2140 1092 2209 σχέσις
1125 2140 1254 2210 περὶ
1281 2139 1480 2202 αὐτοὺς
1510 2139 1572 2190 rb
1605 2139 1739 2209 πρός

147 2241 343 2304 τερον,
382 2232 522 2286 ὥστε
556 2232 798 2302 νομίζειν
846 2231 905 2298 ἐξ
939 2231 1117 2285 αὐτῶν
1146 2226 1286 2284 εἷναί
1322 2248 1389 2301 με
1412 2249 1426 2262 ·
1480 2229 1755 2300 τοιαύτην.

146 2343 205 2378 τε
235 2327 368 2397 περὶ⁵
417 2327 616 2391 αὐτοὺς
653 2327 800 2397 ἔχειν
833 2329 930 2397 τὴν
967 2327 1216 2397 γνώμην,
1261 2328 1379 2380 οἵαν
1417 2327 1564 2389 εἰκὸς
1589 2325 1735 2395 ἔχειν

144 2415 273 2478 τοὺς
325 2415 396 2469 ἐκ
443 2433 608 2470 τινων
661 2417 1030 2488 ὑπειληφότας
1081 2413 1238 2472 εἶναι.
1299 2437 1318 2470 ‹
1382 2416 1621 2489 Ἐερραῒμ
1674 2417 1734 2471 ὃν

145 2506 350 2575 τρόπον
377 2504 517 2562 εἶδον
542 2510 622 2572 είς
647 2510 817 2580 Θήραν
847 2510 1094 2580 παρέστη
1116 2510 1186 2562 τὰ
1217 2509 1384 2562 τέκνα
1414 2509 1578 2562 αὑτοῦ
1602 2526 1617 2541 ο
1640 2511 1735 2562 καὶ

158 2597 402 2668 Ἐφραῒμ
456 2597 552 2652 τοῦ
607 2600 894 2668 ἐξαγαγεῖν
927 2602 1006 2664 είς
1043 2601 1408 2671 ἀποκέντησιν
1452 2600 1522 2652 τὰ
1567 2601 1734 2654 τέκνα

144 2682 332 2736 αὑτοῦ.
370 2702 390 2734 ι
443 2684 602 2737 ’Δλλά
647 2686 903 2756 τοιαύτην
959 2685 1171 2755 ἔχοντός
1223 2703 1324 2755 μου
1359 2686 1488 2754 περὶ
1535 2686 1733 2748 αὐτοὺς

145 2771 417 2845 πρὼερον
461 2773 562 2844 τὴν
601 2775 817 2845 σχέσιν,
865 2776 1054 2846 ἐπειδὴ
1085 2776 1220 2846 πρὸς
1253 2777 1315 2828 τὸ
1352 2778 1534 2847 χεῖρον
1567 2777 1729 2845 ἐτρά-

144 2878 326 2932 πησαν
397 2863 710 2928 παντελῶς,
768 2865 1030 2919 τάναντία
1100 2867 1284 2928 αὐτοῖς
1323 2866 1432 2918 τῶν
1492 2866 1729 2936 πρόσθεν

146 2952 527 3024 συμϐήσεται,
564 2955 658 3008 καὶ
700 2955 890 3026 ὥσπερ
943 2956 1085 3027 θήρα
1137 2960 1256 3020 ταῖς
1294 2956 1401 3009 τῶν
1452 2957 1728 3026 πολεμίων

143 3046 295 3116 χερσὶ
331 3045 802 3117 παραδοθήσονται
825 3065 840 3079 ο
871 3049 961 3118 ὑφ’
989 3042 1063 3102 ὦν
1093 3049 1443 3119 κεντούμενοί
1475 3067 1535 3102 τε
1570 3050 1726 3102 ἀναι-

143 3134 474 3204 ρεθήσονται
502 3137 597 3189 καὶ
622 3138 1047 3209 τιτρωσκόμενοι
1078 3140 1295 3203 πάντες.
1333 3160 1350 3190 ι
1397 3140 1495 3203 Δὸς
1527 3141 1730 3203 αὐτοῖς,

143 3227 314 3298 Κύριε
334 3245 349 3258 ·
371 3229 421 3281 τί
441 3228 633 3293 δώσεις
655 3231 872 3296 αὑτοῖςς
903 3232 992 3296 δὸς
1016 3234 1201 3295 αὐτοῖς
1223 3234 1436 3302 μήτραν
1466 3232 1730 3286 ἀτεκνοῦ-

144 3335 237 3374 σαν
261 3321 364 3374 καὶ
392 3325 636 3390 μαστοὺς
679 3322 898 3394 ξηρούς.
943 3343 961 3375 ›
999 3325 1224 3379 Δικαίαν
1291 3325 1348 3378 δὲ
1396 3326 1488 3378 καὶ
1519 3326 1726 3397 ἁρμότ-

139 3427 340 3464 τουσαν
363 3413 569 3483 ταύτην
602 3415 936 3486 ὑπομένουσι
968 3417 1240 3487 τιμωρίαν
1260 3456 1275 3480 ,
1305 3417 1366 3469 τὸ
1399 3416 1630 3488 ἀτεκνίᾳ.
1664 3433 1726 3468 τε

1839 1860 1986 1914 einio
2045 1875 2168 1915 meo
2221 1860 2513 1930 spoliante,
2563 1861 2792 1916 exitium
2840 1861 2990 1930 ipsos
3033 1871 3216 1916 manet
3266 1870 3431 1930 atque

1839 1954 2096 2024 perditio.
2137 1974 2155 2005 ι
2194 1955 2337 2010 Caro
2387 1970 2504 2010 mea
2533 1970 2602 2010 ex
2653 1955 2753 2010 eis.
2795 1973 2814 2007 ι
2861 1955 3115 2008 Attamen
3158 1970 3259 2024 ego
3299 1955 3427 2007 olim

1837 2055 1991 2102 tanto
2023 2063 2120 2102 eos
2150 2047 2346 2103 aﬁectu
2380 2048 2698 2118 diligebam,
2723 2056 2784 2102 ut
2812 2064 2899 2103 me
2920 2048 3077 2118 quasi
3103 2049 3429 2120 consangui-

1837 2155 1999 2195 neum
2027 2141 2272 2211 ipsorum
2304 2143 2678 2197 existimarem
2710 2162 2723 2196 :
2755 2143 2960 2212 talique
2981 2157 3110 2212 erga
3129 2159 3226 2205 eos
3243 2147 3430 2196 animo

1844 2249 2048 2300 essem,
2075 2236 2266 2304 quales
2297 2250 2392 2290 eos
2422 2251 2544 2291 esse
2570 2245 2786 2305 Oportet
2815 2235 2908 2305 qui
2940 2237 3009 2289 ab
3047 2236 3232 2304 aliquo
3269 2243 3427 2289 natu-

1837 2340 1954 2378 ram
2004 2342 2159 2380 suam
2181 2333 2528 2396 acceperunt.
2554 2345 2572 2377 ι
2600 2325 2946 2391 Ephraimus,
2966 2325 3424 2395 quemadmodum

1843 2414 1974 2475 vidi.
2000 2414 2188 2486 55in
2213 2415 2450 2484 prmdam
2483 2414 2680 2468 obtulit
2714 2415 2857 2470 ﬁlios
2891 2430 3043 2470 suos.
3076 2414 3424 2484 Ephraimus,

1837 2507 2086 2575 inquam,
2123 2507 2312 2562 eduxit
2342 2506 2408 2560 ad
2439 2507 2876 2562 interfectionem
2899 2507 3039 2562 ﬁlios
3063 2523 3216 2563 suos.
3240 2526 3260 2558 ι
3280 2505 3428 2559 Nihi-

1838 2597 2097 2660 lominus,
2153 2598 2373 2654 etiamsi
2407 2607 2514 2651 tam
2556 2600 2696 2654 bene
2725 2614 2852 2668 erga
2883 2615 2978 2654 eos
3009 2598 3238 2654 allectus
3263 2605 3421 2651 antea

1836 2688 2067 2764 fuerim;
2095 2690 2221 2759 quia
2247 2706 2376 2746 mox
2414 2690 2480 2743 ad
2515 2690 2814 2759 nequitiam
2848 2691 3219 2744 omnimodam
3255 2689 3422 2744 decli—

1836 2789 2128 2846 naverunt,
2160 2780 2436 2835 contraria
2458 2780 2738 2849 prioribus
2757 2783 3110 2852 experientur
3128 2823 3142 2846 ,
3171 2797 3234 2836 ac
3261 2782 3425 2836 veluti

1834 2871 2016 2942 praeda
2057 2871 2295 2926 hostium
2331 2871 2586 2927 manibus
2609 2872 2915 2935 tradentur,
2951 2889 2981 2927 a
3008 2872 3210 2943 quibus
3233 2889 3426 2930 omnes

1831 2961 2148 3017 vulneribus
2183 2960 2426 3018 confossi
2481 2963 2796 3017 interibunt.
2837 2983 2855 3015 ι
2903 2963 2977 3016 Da
3028 2964 3129 3029 eis,
3166 2963 3413 3019 Domine.

1835 3052 1974 3120 Quid
2009 3054 2091 3109 eis
2123 3054 2310 3108 dabis?
2328 3053 2402 3107 Da
2429 3055 2509 3108 eis
2540 3056 2754 3110 vulvam
2788 3056 2906 3110 sine
2934 3056 3147 3118 liberis,
3168 3063 3222 3109 et
3246 3056 3415 3111 ubera

1836 3145 2062 3199 arentia.
2097 3165 2114 3196 ι
2139 3145 2349 3200 Justam
2381 3145 2905 3216 convenientemque
2928 3138 3204 3217 perferent
3230 3147 3426 3217 hujus-

1833 3235 1979 3289 modi
2012 3249 2249 3305 pmnam,
2271 3251 2464 3306 nempe
2485 3244 2545 3290 ut
2575 3237 2863 3292 sterilitate
2890 3239 3207 3305 multentur,
3233 3255 3334 3293 nec
3359 3239 3430 3292 li-

1829 3327 1989 3381 beros
2022 3328 2264 3382 enutrirc
2301 3335 2534 3397 queant;
2585 3327 2782 3394 donec,
2817 3329 2955 3385 tales
2990 3345 3114 3385 cum
3167 3331 3299 3395 sint,
3332 3345 3427 3402 ge-

1829 3420 2001 3474 nerali
2041 3420 2267 3474 interitu
2304 3429 2547 3489 pereant.

138 3505 340 3606 αὐτοὺς
366 3508 782 3581 περιϐληθῆναι,
810 3517 904 3570 καὶ
952 3513 1022 3567 τὰ
1046 3512 1339 3583 τικτόμενα
1391 3514 1675 3606 ἐκτρέφειν
1724 3513 1799 3583 μὴ
1831 3513 2122 3569 δύνασθαι·
2163 3515 2239 3578 ὡς
2278 3516 2344 3569 ἂν
2371 3516 2648 3580 τοιούτους
2679 3515 2840 3577 ὄντας
2867 3515 3139 3587 παντελὴς
3181 3513 3425 3570 ἀπώλεια

138 3593 312 3652 λάϐοι.
771 3647 774 3650 .

177 3737 180 3742 .
206 3689 362 3760 Στίχ.
394 3690 576 3754 ιε’-ιζ’.
607 3721 674 3730 -
704 3689 820 3746 Εἶθ’
850 3694 926 3757 ὡς
952 3694 1018 3749 ἂν
1046 3695 1114 3748 τὰ
1149 3697 1300 3764 παρά
1331 3695 1425 3746 τοῦ
1459 3693 1596 3747 Θεοῦ
1627 3693 1728 3746 αὑ·-

139 3784 247 3854 τείς
280 3783 710 3855 ἐπαχθησὸμενα
735 3785 960 3850 δικαίως
985 3787 1173 3850 είπὼν,
1205 3788 1404 3856 ἐπάγει
1438 3787 1622 3841 λοιπὸν
1657 3788 1728 3842 τὰ

142 3872 284 3942 £55];-
324 3890 344 3923 ι
392 3876 571 3927 Πᾶσαι
613 3877 669 3927 αἱ
717 3878 908 3930 κακίαι
949 3879 1127 3932 αὐτῶν
1173 3881 1230 3932 ἐν
1275 3879 1602 3948 Γαλγάλοις’
1646 3880 1727 3932 ὅτι

144 3962 258 4014 ἐκεῖ
296 3963 496 4027 αὐτοὺς
531 3965 771 4036 ἐμίσησα
802 3967 890 4019 διὰ
934 3967 1031 4030 τὰς
1062 3967 1262 4030 κακίας
1294 3967 1406 4021 τῶν
1439 3966 1728 4036 ἐπιτηδευ-

148 4056 351 4122 μάτων.
402 4074 420 4106 ι
485 4056 684 4109 Αὐτόοι
742 4059 850 4111 πᾶν
907 4053 1048 4122 εἶδος
1103 4056 1360 4122 ἀσεϐείας
1420 4057 1726 4130 μετῄεσαν,

144 4143 281 4214 ὑπὲρ
331 4138 407 4198 ὧν
447 4145 505 4200 δὲ
558 4147 653 4199 καὶ
699 4148 925 4218 ἐμίσουν
976 4148 1204 4202 τοιαῦτα
1264 4150 1606 4222 πράττοντας
1645 4150 1727 4202 δι-

145 4233 334 4295 καίως.
372 4254 390 4286 ι
441 4235 535 4288 Ἐκ
577 4236 672 4289 τοῦ
721 4237 870 4291 οἴκου
905 4257 1005 4308 μου
1056 4239 1272 4293 ἐκϐαλῶ
1301 4240 1518 4303 αὐτούς.
1561 4258 1579 4291 ι
1615 4240 1730 4309 Τῆς

144 4324 264 4394 γῆς,
304 4327 459 4396 φησι,
510 4328 607 4397 τῆς
648 4329 981 4397 ἐπαγγελίας
1024 4330 1223 4393 αὐτοὺς
1285 4329 1537 4384 ἐκϐαλῶ·
1581 4326 1731 4384 οἷκον

146 4417 338 4470 ἑαυτοῦ
370 4417 551 4472 καλῶν
594 4420 700 4489 γῆν
741 4422 922 4492 πᾶσαν
945 4461 960 4485 ,
1001 4421 1078 4485 ὡς
1107 4423 1166 4474 ἐν
1200 4422 1337 4493 αὐτῇ
1371 4421 1579 4490 διάγειν
1614 4421 1734 4474 ἐλό-

1903 3689 2072 3744 νιῖιιε.
2115 3691 2278 3744 15-17
2333 3720 2404 3730 -
2439 3689 2568 3745 Dein
2602 3698 2890 3759 postquam
2927 3688 3078 3757 juste
3118 3706 3148 3743 a
3192 3689 3299 3745 Deo
3337 3693 3424 3745 in-

1830 3781 2064 3848 ﬁigenda
2135 3783 2270 3852 ipsis
2345 3783 2488 3854 mala
2547 3782 2760 3843 edixit,
2829 3780 3115 3848 snlijungit
3189 3782 3423 3852 reliqua.

1837 3893 1855 3925 ‹
1895 3871 2100 3929 Omnes
2135 3875 2393 3944 nequitiae
2427 3889 2618 3929 eorum
2645 3874 2700 3926 in
2731 3871 2995 3941 Galgalis,
3031 3871 3158 3940 quia
3195 3873 3266 3926 ibi
3295 3889 3399 3927 cxo

1832 3982 1925 4021 sos
1960 3967 2124 4020 habui
2173 3982 2269 4021 eos
2323 3974 2546 4038 propter
2587 3965 2852 4019 malitiam
2889 3964 3364 4022 adiuventionutn.
3399 3985 3419 4018 ι

1821 4046 1914 4112 lbi
1943 4073 2107 4112 omne
2139 4073 2313 4128 genus
2346 4055 2647 4126 impietatis
2674 4055 2865 4112 sectati
2894 4064 3046 4118 sunt,
3073 4055 3307 4126 ideoque
3328 4071 3424 4111 eos

1832 4152 1908 4204 ita
1965 4164 2026 4205 se
2062 4157 2322 4230 gerentes.
2361 4149 2558 4203 merito
2605 4146 2719 4202 odi.
2768 4164 2787 4197 ι
2839 4143 2917 4200 De
2955 4145 3118 4200 domo
3161 4161 3280 4199 mea
3323 4146 3422 4214 rji-

1831 4241 1972 4294 ciam
2025 4255 2142 4293 eos.
2212 4238 2366 4312 {De
2416 4247 2588 4302 terra,
2626 4236 2842 4306 inquit,
2895 4236 3278 4305 promissionis
3329 4252 3424 4292 eos

1845 4333 2148 4402 expellam;
2185 4331 2409 4385 domum
2461 4345 2619 4384 suam
2666 4329 2948 4399 appellans
2984 4330 3295 4383 universam
3338 4346 3422 4384 re-

1835 4424 2074 4493 gionem,
2106 4423 2233 4492 quia
2266 4421 2338 4475 ibi
2374 4419 2622 4474 habitare
2657 4419 2992 4474 decreverat.
3030 4438 3048 4469 ι
3087 4417 3240 4471 lland
3278 4419 3419 4472 ultra

148 4523 327 4573 μενος.
367 4513 443 4576 (p.
488 4508 588 4579 7|)
647 4529 666 4561 ι
701 4510 900 4563 Οὐκέτι
939 4510 1013 4581 μὴ
1065 4511 1288 4582 προσθῶ
1323 4511 1417 4564 τοῦ
1447 4512 1733 4582 ἀγαπῆσαι

1841 4514 2032 4570 addam
2067 4521 2127 4568 ut
2159 4514 2381 4585 diligam
2407 4528 2543 4568 eos:
2577 4512 2760 4566 cuncti
2794 4511 3073 4581 principes
3102 4511 3420 4566 limb‘edien-

144 4599 380 4664 αὐτούς’
431 4602 629 4664 πάντες
664 4604 714 4655 oi
760 4601 1019 4674 ἄρχοντες
1069 4603 1250 4656 αὐτῶν
1291 4603 1662 4667 ἀπειθοῦντες.
1705 4622 1726 4655 ι

143 4690 301 4746 Μένω
325 4692 384 4745 δέ
414 4691 628 4762 βέϐαιον
658 4693 796 4764 ἔχων
831 4696 961 4766 περὶ
988 4696 1182 4759 αὐτοὺς
1223 4695 1284 4748 rb
1311 4697 1467 4766 μῖσος
1487 4737 1501 4759 ,
1540 4695 1730 4768 ἐπειδὴ

146 4785 346 4848 πάντες
396 4786 496 4856 μὲν
546 4787 863 4841 νενεύκασιν
892 4789 973 4852 είς
1020 4788 1337 4842 ἀπείθειαν·
1390 4788 1649 4858 ἡγοῦνται
1673 4788 1732 4842 δὲ

149 4878 387 4943 μάλιστα
414 4876 522 4930 τῶν
551 4877 738 4930 κακῶν
782 4880 832 4931 oi
878 4879 1068 4950 ἄρχειν
1100 4880 1160 4933 ἐν
1201 4880 1382 4943 αὐτοῖς
1422 4879 1728 4944 δοκοῦντες.

153 4985 170 5014 ι
218 4965 507 5019 Ἑπόνεσεν
555 4969 832 5040 Ἐφραῖμ,
866 4969 966 5033 τὰς
1009 4970 1164 5041 ῥίζας
1208 4970 1374 5022 αὐτοῦ
1419 4971 1728 5042 ἐξηράνθηο

146 5058 356 5126 καρπὸν
391 5059 572 5113 οὐκέτι
618 5061 679 5114 ού
730 5061 806 5132 μὴ
831 5061 1052 5133 ἐνέγκῃ.
1092 5081 1110 5112 ι
1157 5063 1252 5115 Ἐκ
1283 5064 1595 5134 μεταφορᾶς
1621 5064 1731 5117 τῶν

145 5147 378 5220 δένδρων
408 5147 560 5204 εἶπεν
588 5153 670 5206 ὅτι
695 5154 867 5224 ἄρδην
896 5153 1244 5215 ἀπολοῦνται,
1279 5155 1402 5208 καθ’
1434 5157 1728 5226 ὁμοιότητα

149 5241 370 5296 ἐκείνων
412 5242 447 5296 ἃ
477 5244 575 5312 τῆς
615 5245 773 5316 ῥίζης
811 5245 1205 5318 διαφθαρείσης
1235 5246 1553 5318 ξηραίνεται
1592 5265 1728 5300 παν-

148 5331 335 5395 τελῶς,
365 5335 574 5404 καρπὸν
593 5337 778 5388 οὐκέτι
801 5337 988 5407 φέρειν
1018 5333 1109 5390 οἷά
1127 5355 1187 5392 τε
1217 5337 1365 5391 ὄντα.
1399 5358 1417 5389 ι
1458 5338 1603 5392 Διότι
1629 5339 1726 5392 ἐὰν

151 5423 245 5476 καὶ
296 5425 673 5493 τεκνώσωσιν,
721 5429 1006 5481 ἀποκτενῶ
1066 5430 1136 5482 τὰ
1190 5429 1591 5501 ἐπιθυμήματα
1628 5431 1728 5501 τῆς

150 5515 352 5579 κοιλίας
375 5517 575 5572 αὐτῶν.
607 5538 623 5569 ι
672 5521 911 5589 Ἀφανιῶ
937 5523 1046 5593 γὰρ
1086 5514 1159 5591 δη
1180 5523 1274 5575 καὶ
1298 5523 1425 5585 τοὺς
1456 5522 1514 5588 ἐξ
1550 5523 1730 5576 αὐτῶν

151 5607 412 5673 ἅπαντας,
438 5612 622 5681 φησίν.
653 5634 671 5664 ι
717 5613 1022 5666 Ἀπώσεται
1043 5614 1242 5676 αὐτοὺς
1269 5614 1298 5665 ὁ
1325 5613 1456 5676 Θεὸς
1475 5654 1490 5678 ,
1519 5615 1601 5668 ὅτι
1631 5615 1731 5668 οὐκ

156 5699 475 5768 εἰσήκουσαν
527 5703 714 5766 αὑτοῦ,
772 5706 868 5757 καὶ
923 5703 1139 5759 ἔσονται
1191 5704 1460 5776 πλανῆται
1511 5709 1570 5759 ἐν
1617 5710 1730 5772 τοῖς

159 5787 376 5849 ῐθνεσιν.
415 5812 435 5845 ι
478 5793 813 5869 Ἀλλοτρίους
831 5797 939 5870 γὰρ
961 5797 1168 5862 πάντας
1189 5797 1386 5861 αὐτοὺς
1408 5799 1505 5869 τῆς
1526 5799 1728 5862 οἰκείας

1831 4617 1936 4664 tes.
1973 4626 1992 4657 ι
2032 4606 2175 4660 Iram
2211 4605 2477 4660 adversus
2520 4619 2616 4659 eos
2653 4604 2922 4667 retinebo,
2957 4604 3084 4672 quia
3113 4603 3298 4655 cuncti
3353 4605 3418 4657 ad

1832 4697 2257 4763 inobedientiain
2287 4695 2632 4750 deflexerunt
2658 4713 2671 4748 :
2705 4694 2877 4749 duces
2903 4709 3032 4748 vero
3063 4694 3128 4746 ad
3156 4694 3418 4747 malitiam

1829 4801 1982 4857 sunt,
2041 4790 2132 4858 qui
2190 4788 2561 4858 principatum
2618 4787 2761 4840 inter
2790 4801 2889 4842 eos
2924 4793 3110 4842 tenere
3142 4785 3415 4839 videntur.

1833 4902 1853 4934 ι
1889 4882 2071 4936 Doluit
2091 4879 2442 4949 Ephraimus,
2467 4877 2684 4932 radices
2723 4875 2845 4944 ejus
2878 4876 3174 4930 exsiccata:
3208 4883 3358 4929 sunt.
3395 4894 3414 4927 ι

1838 4973 2067 5044 Sumpta
2115 4972 2182 5025 ab
2230 4970 2520 5025 arboribus
2564 4970 2924 5039 metaphora,
2978 4967 3115 5022 dicit
3167 4966 3418 5023 funditus

1834 5064 1960 5119 illos
1992 5063 2289 5133 perituros,
2322 5060 2785 5130 quemadmodum
2815 5059 2918 5113 illa:
2938 5068 3196 5129 corrupta
3235 5058 3418 5113 radice

1835 5169 2066 5225 prorsus
2113 5159 2466 5216 exarescunt,
2499 5166 2676 5221 neque
2715 5150 2951 5228 ulterius
2988 5147 3226 5203 fructum
3273 5146 3416 5202 ferre

1829 5246 2031 5300 valent.
2060 5263 2078 5296 ι
2110 5242 2266 5310 Quod
2285 5250 2339 5297 et
2365 5244 2412 5297 si
2442 5241 2749 5312 genuerint,
2778 5239 3102 5295 interﬁeiam
3132 5238 3412 5293 desidera~

1835 5342 1966 5396 bilia
1994 5341 2135 5396 uteri
2165 5355 2376 5396 eorum.
2415 5359 2434 5391 ι
2485 5340 2752 5403 Cunctos,
2796 5339 2994 5408 inquit,
3029 5353 3097 5392 ex
3137 5337 3220 5393 eis
3251 5345 3414 5394 natos

1834 5433 2083 5504 perdam.
2117 5451 2140 5484 ι
2171 5431 2408 5502 Abjiciet
2451 5447 2549 5487 eos
2588 5431 2753 5495 Deus,
2797 5431 2925 5499 quia
2976 5445 3086 5483 non
3123 5428 3416 5483 audierunt

1829 5541 1978 5590 eum,
2013 5534 2067 5580 et
2093 5531 2256 5580 erunt
2291 5524 2414 5594 vagi
2442 5524 2498 5578 in
2530 5523 2867 5578 nationibus.
2909 5541 2927 5573 ι
2976 5521 3199 5575 Alienos
3248 5519 3416 5574 faciet

1829 5634 2022 5675 omnes
2065 5633 2096 5672 a
2132 5633 2266 5672 cura
2297 5631 2420 5681 sua,
2474 5617 2567 5688 qui
2625 5617 2922 5671 uolucrum
2979 5615 3029 5668 ei
3079 5613 3412 5673 auscultarc,

1828 5719 1884 5762 et
1935 5709 2002 5763 ad
2065 5708 2440 5779 paenitentiam
2494 5709 2787 5778 respicere.
2854 5706 3218 5773 Quamobrem
3273 5705 3413 5758 bello

1839 5801 2184 5870 capti,_ap_ud
2230 5809 2523 5859 extraneos
2557 5799 2759 5871 captivi
2807 5805 2989 5864 erunt,
3038 5805 3091 5852 ct
3134 5797 3238 5852 hac
3287 5795 3412 5850 illac
