3824 6224
410 238 516 302 133

1581 246 1932 307 THEODOR!
1962 251 2194 311 MOPSU
2203 253 2445 313 ESTENI

3539 255 3647 318 εει

409 357 707 430 circumagi
752 365 807 415 et
846 373 1032 416 errare
1084 369 1305 432 propter
1338 366 1636 416 extremam
1680 372 1970 433 egestatem

2079 368 2373 440 ἐργάσεται
2420 368 2776 441 κηδεμονίας,
2820 367 2882 423 ού
2919 358 3277 441 βουληθέντας
3312 367 3543 424 ἀκοῦσαί
3581 386 3647 422 τε

404 456 685 516 cogentur.

2081 459 2243 512 αὑτοῦ
2304 460 2396 512 καὶ
2452 458 2587 531 πρὸς
2639 460 2999 531 μεταμέλειαν
3063 460 3190 513 ἰδεῖν
3209 476 3225 491 ο
3285 459 3425 530 ὑπὲρ
3465 453 3542 513 ῶν
3580 457 3650 529 δὴ

405 535 722 608 ληφθέντες,
755 538 1085 609 αἰχμάλωτοι
1114 540 1263 610 παρὰ
1294 543 1405 604 τοῖς
1439 541 1736 613 ἀλλοτρίοις
1764 543 2010 614 ἔσονται,
2053 549 2177 620 τῇδε
2226 552 2448 607 κάκεῖσε
2491 550 2776 621 περιάγειν
2813 568 2873 604 τε
2918 551 3013 609 καὶ
3047 551 3350 606 πλανᾶσθαι
3397 551 3500 605 ὑπὸ
3544 550 3647 621 τῆς

401 632 544 702 ἄγαν
576 632 784 697 ἐνδείας
813 633 1235 704 ἠναγκασμένοι.

1067 763 1223 819 CAP.
1261 763 1329 818 Χ.

479 872 642 929 Vens.
692 876 808 929 1-2.
839 903 907 913 --
936 874 1043 945 47
1081 892 1100 925 ι
1136 873 1275 929 Vitis
1319 874 1577 932 frondosa
1618 876 1803 934 Israel.
1848 899 1867 931 ι
1899 878 1982 935 Ob

404 965 589 1036 populi
634 964 717 1021 sui
757 966 1159 1021 multitudinem
1200 967 1345 1023 haud
1371 975 1455 1023 est
1492 969 1775 1026 dissimilis
1815 971 1982 1028 Israel

402 1057 499 1109 viti
526 1056 840 1127 palmitibus
870 1056 1119 1126 plurimis
1150 1057 1510 1129 maximisque
1531 1063 1789 1116 comanti.
1809 1080 1827 1114 ι
1849 1061 1982 1117 Fru-

404 1159 526 1203 ctus
552 1148 672 1223 ejus
696 1148 1002 1203 abundans.
1042 1166 1062 1200 ›
1087 1146 1373 1205 Multitudo
1397 1165 1585 1205 eorum
1612 1152 1854 1222 quotidie
1880 1169 1976 1206 au-

403 1251 579 1308 getur,
604 1239 788 1295 multis
808 1239 931 1294 inde
946 1242 1304 1299 nascentibus
1328 1243 1401 1300 ob
1417 1244 1618 1297 lautam
1638 1243 1969 1299 felicitatem.

408 1349 437 1381 «ι
463 1327 627 1385 Juxta
653 1330 952 1385 ubertatem
984 1329 1258 1386 fructuum
1286 1348 1513 1388 suorum
1540 1333 1973 1403 multiplicarunt

402 1422 617 1475 altaria.
655 1439 673 1474 ι
704 1420 771 1475 Hi
794 1428 974 1477 tamen
1000 1423 1409 1477 exuberantiam
1439 1425 1646 1494 p0puli,
1680 1439 1843 1495 quam
1879 1423 1973 1480 Dei

404 1511 787 1565 benedictione
816 1519 973 1565 erant
1011 1511 1216 1581 adepti,
1256 1514 1589 1568 remunerati
1623 1521 1751 1568 sunt
1777 1514 1970 1584 grandi

402 1603 699 1673 impietatis
732 1604 1067 1659 incremento
1104 1622 1118 1659 :
1170 1619 1356 1675 parem
1395 1606 1541 1661 enim
1580 1622 1809 1662 numero
1849 1623 1970 1675 suo,

403 1695 459 1748 in
503 1695 770 1749 idolorum
824 1694 1087 1750 honorem
1133 1695 1389 1750 altarium
1422 1698 1635 1769 capiam
1681 1705 1969 1754 exstruxe-

2739 767 2896 823 ΚΕΦ.
2938 770 2993 821 ἰν.

2146 879 2295 951 Στίχ.
2328 881 2545 950 α’-β¹.-
2562 899 2580 931 ι
2613 881 2675 933 Ἀ
2688 879 2890 950 μπελος
2911 879 3329 950 εύκληματοῦσα
3357 882 3593 954 Ἰσραήλ.
3621 900 3647 935 ›

2079 971 2406 1043 Διήλλαττεν
2463 970 2616 1025 οὐδὲν
2676 971 2705 1022 ὁ
2773 972 2989 1044 Ἰσραὴλ
3034 972 3112 1040 τῷ
3162 972 3358 1042 πλήθει
3405 973 3653 1044 κλήμασι

2081 1063 2352 1126 πλείστοις
2394 1079 2455 1116 τε
2484 1062 2580 1115 καί
2620 1062 2898 1132 μεγίστοις
2924 1063 3182 1134 κομὼσης
3209 1063 3476 1134 ἀμπέλου.
3514 1083 3533 1115 ι
3585 1065 3652 1119 '0

2082 1154 2297 1227 καρπὸς
2329 1153 2569 1222 εὐθηνῶν
2597 1154 2786 1223 αὐτῆς.
2828 1173 2848 1207 ι
2880 1154 2989 1208 Καὶ
3021 1154 3333 1208 ἐπεδίδοσαν
3364 1155 3487 1208 καθ’
3518 1156 3650 1209 ἐκά-

2080 1263 2211 1316 στην
2238 1245 2450 1317 ἡμέραν
2483 1247 2562 1308 εἰς
2602 1245 2823 1316 πλῆθος,
2855 1246 2932 1317 (p.
2982 1246 3070 1315 79.)
3104 1246 3311 1301 πολλῶν
3337 1246 3506 1301 ὄντων
3536 1248 3657 1301 τῶν

2077 1334 2138 1399 ἐξ
2168 1335 2348 1388 αὐτῶν
2385 1335 2719 1405 τικτομένων
2760 1336 2849 1389 διά
2883 1338 2981 1407 τὴν
3015 1336 3320 1407 προσοῦσαν
3351 1339 3531 1402 αὐτοῖς
3557 1339 3651 1391 εὑ·-

2076 1426 2338 1497 πραγίαν.
2368 1444 2387 1477 ‹
2416 1426 2573 1480 Κατά
2594 1427 2656 1479 τὸ
2685 1426 2885 1497 πλῆθος
2904 1428 3011 1482 τῶν
3026 1428 3252 1499 καρπῶν
3268 1428 3451 1492 αὑτοῦ,
3478 1430 3638 1500 ἐπλή-

2076 1515 2231 1569 θυνεν
2263 1516 2641 1587 θυσιαστήρια.
2676 1535 2694 1568 ι
2723 1518 2785 1569 Οἱ
2804 1517 2859 1570 δὲ
2885 1517 2983 1588 τὴν
3000 1518 3392 1588 πολυπληθίαν,
3422 1520 3480 1571 ἐν
3500 1513 3653 1591 ᾗπερ

2075 1603 2161 1658 διὰ
2205 1605 2303 1675 τῆς
2349 1604 2598 1673 εὐλογίας
2629 1604 2955 1658 καθίσταντο
3002 1604 3099 1657 τοῦ
3148 1604 3304 1672 Θεοῦ,
3355 1605 3661 1676 ἠμείϐοντο.

2074 1695 2330 1757 ἀσεϐείας
2362 1695 2607 1749 ἐπιτάσει
2634 1694 2802 1766 πολλῇ
2820 1713 2836 1728 ο
2865 1695 3123 1763 ἀνάλογον
3151 1696 3259 1767 γὰρ
3284 1696 3378 1749 τοῦ
3409 1697 3657 1768 ἀριθμοῦ

402 1792 552 1838 runt.
584 1802 601 1834 ι
644 1784 789 1850 Quot
817 1793 973 1839 erant
998 1792 1159 1841 terra:
1185 1802 1297 1842 suae
1324 1787 1490 1852 bona,
1524 1786 1745 1843 totidem
1781 1790 1970 1844 statuit

2076 1784 2165 1838 τοῦ
2215 1784 2440 1849 οἰκείου,
2476 1786 2569 1839 ἐπὶ
2612 1787 2745 1856 τιμῇ
2788 1785 2898 1839 τῶν
2930 1786 3161 1839 εἰδώλων
3195 1787 3427 1842 ἀνίστων
3462 1788 3650 1842 θυσιασ-

402 1876 715 1934 simulacra.
753 1894 773 1927 ι
819 1874 1003 1931 Multis
1039 1883 1197 1932 terrae
1237 1878 1397 1933 bonis
1439 1877 1704 1944 fruentes,
1739 1896 1839 1950 pro
1885 1880 1971 1936 his

403 1966 694 2021 simulacra
721 1964 1054 2021 honorandis
1078 1964 1240 2021 idolis
1266 1976 1579 2023 erexerunt.
1614 1986 1635 2020 ι
1669 1969 1848 2024 Corda
1872 1984 1971 2025 sua

403 2055 726 2110 diviserunt.
772 2074 791 2106 ι
824 2053 1108 2125 Tantaque
1159 2057 1375 2111 illorum
1410 2074 1536 2129 erga
1580 2058 1724 2114 idola
1765 2060 1975 2115 exstitit

403 2144 708 2201 devotionis
740 2144 976 2207 insania,
1003 2153 1063 2199 nt
1085 2160 1238 2201 triens
1264 2147 1506 2216 ipsorum
1531 2148 1679 2203 circa
1704 2149 1973 2205 idolorum

404 2238 647 2293 studium
680 2236 833 2290 varia
862 2235 1051 2301 fuerit,
1083 2238 1208 2293 aliis
1235 2239 1373 2304 haec,
1417 2240 1540 2295 aliis
1573 2240 1663 2294 illa
1693 2241 1837 2296 idola
1880 2255 1976 2295 co-

404 2326 669 2381 lcntibus.
704 2343 723 2376 t
764 2324 920 2381 Nunc
947 2326 1273 2382 interibunt.
1308 2347 1327 2381 ι
1364 2328 1576 2383 Iustam
1608 2330 1883 2400 perferent
1904 2331 1975 2385 ob

404 2417 519 2471 haec
553 2416 907 2486 punitionem.
946 2436 965 2467 ε
1010 2416 1130 2486 Ipse
1179 2416 1433 2472 suﬂ‘odiet
1479 2419 1670 2472 altaria
1700 2433 1910 2474 eorum.
1949 2437 1968 2469 ι

402 2508 619 2562 Etenim
647 2510 925 2577 neglectus
967 2508 1035 2562 ab
1073 2508 1153 2563 eis
1202 2507 1345 2565 Deus
1374 2511 1557 2564 omnia
1595 2510 1710 2565 hazc
1749 2510 1976 2565 subver-

404 2600 564 2655 tenda
584 2599 813 2663 curabit,
843 2613 964 2668 quae
987 2599 1148 2668 impie
1165 2599 1233 2652 ad
1264 2600 1532 2655 idolorum
1560 2602 1765 2657 cultum
1788 2617 1975 2656 erexe—

403 2700 545 2744 rant.
590 2707 608 2740 ι
652 2688 788 2742 Male
838 2689 1051 2743 eveniet
1096 2689 1272 2745 titulis
1323 2706 1536 2746 eorum.
1571 2711 1591 2744 ›
1636 2691 1700 2746 lli
1756 2707 1972 2765 quoque

404 2790 664 2837 eorruent
693 2780 749 2834 in
780 2780 1231 2838 destructionem.

2074 1875 2289 1945 στήρια.
2326 1893 2345 1926 ι
2378 1874 2536 1928 Κατά
2561 1875 2636 1929 τὰ
2657 1873 2836 1942 ἀγαθὰ
2864 1874 2965 1944 τῆς
2992 1875 3095 1945 γῆς
3115 1876 3299 1943 αὐτοῦ,
3330 1878 3648 1950 ᾠκοδόμησε

2073 1964 2293 2036 στήλας.
2334 1984 2353 2017 ι
2395 1964 2507 2019 Καὶ
2548 1964 2757 2017 πολλῶν
2791 1963 3158 2028 ἀπολαύοντες
3186 1965 3294 2025 τῶν
3327 1967 3391 2020 ἐκ
3421 1966 3521 2037 τῆς
3542 1968 3657 2039 γῆς

2072 2054 2312 2125 ἀγαθῶν,
2353 2056 2553 2126 στήλας
2580 2055 2696 2108 ἀντ’
2736 2053 2961 2108 ἐκείνων
2998 2054 3093 2107 ἐπὶ
3126 2054 3394 2127 θεραπείᾳ
3426 2056 3537 2109 τῶν
3565 2059 3653 2111 εε-

2073 2148 2254 2202 δώλων
2284 2148 2537 2202 ἀνίστων.
2574 2165 2593 2199 t
2655 2146 2955 2219 Ἐμέρισαν
2989 2147 3213 2219 καρδίας
3241 2148 3441 2207 αὐτῶν.
3483 2166 3504 2200 ι
3534 2149 3652 2202 Καὶ

2072 2239 2307 2310 τοσαύτη
2331 2256 2413 2301 τις
2444 2234 2512 2310 ἦν
2538 2238 2717 2293 αὐτῶν
2740 2240 2774 2311 ἡ
2799 2239 2928 2310 περὶ
2951 2239 3021 2293 τὰ
3053 2238 3245 2293 εἴδωλα
3278 2239 3465 2310 μανία,
3504 2239 3648 2293 ὥστε

2074 2328 2397 2400 διαιρεῖσθαι
2426 2331 2525 2401 τὴν
2551 2330 2790 2385 διάνοιαν
2815 2330 3000 2394 αὐτοῖς
3032 2331 3089 2383 ἐν
3114 2331 3179 2401 τῇ
3203 2330 3331 2401 περί
3353 2329 3424 2383 τὰ
3451 2329 3649 2383 εἴδωλα

2076 2420 2305 2491 σπουδῇ,
2334 2419 2441 2474 τῶν
2476 2420 2573 2492 μὲν
2612 2419 2808 2485 ταῦτα,
2846 2420 2954 2473 τῶν
2997 2419 3054 2473 δέ
3100 2421 3283 2473 ἐκεῖνα
3324 2418 3661 2489 θεραπεύεται

2074 2509 2502 2565 ἐσπουδακότων.
2527 2528 2551 2561 ι
2580 2510 2696 2563 Νῦν
2721 2508 3200 2579 ἀφανισθήσονται.
3227 2527 3247 2560 ι
3286 2506 3649 2577 ’Υπομενοῦσι

2073 2600 2129 2653 δὲ
2156 2600 2368 2655 δικαίαν
2394 2602 2533 2671 ὑπὲρ
2577 2601 2780 2656 τούτων
2809 2601 2905 2672 τὴν
2942 2600 3238 2654 ἀπώλειαν.
3286 2618 3305 2652 ι
3343 2599 3515 2662 Αὐτὸς
3541 2616 3648 2651 κα-

2075 2692 2341 2761 τασκάψει
2373 2691 2443 2746 τὰ
2472 2692 2833 2764 θυσιαστήρια
2866 2691 3065 2746 αὐτῶν.
3105 2709 3125 2743 ι
3159 2691 3219 2744 Ὀ
3258 2689 3366 2760 γὰρ
3409 2688 3646 2760 ἀμελούσ-

2082 2800 2242 2853 μενος
2263 2786 2391 2856 παρ’
2414 2784 2593 2839 αὐτῶν
2625 2784 2779 2848 Θεὸς,
2811 2783 2974 2847 αὐτὸς
3002 2781 3315 2853 ἀνατροπὴν
3350 2779 3654 2852 ἐργάσεται

404 2878 620 2934 πάντων
657 2883 890 2947 τούτων,
928 2883 965 2938 ἂ
994 2884 1131 2954 μετὰ
1174 2878 1426 2942 ἀσεϐείας
1462 2878 1555 2930 ἐπὶ
1586 2880 1652 2948 τῇ
1697 2875 1802 2929 τῶν
1840 2872 2071 2928 εἰδώλων
2120 2875 2349 2929 ἀνίστων
2400 2876 2688 2947 θεραπείᾳ.
2738 2894 2758 2928 ι
2789 2875 3305 2946 Ταλαιπωρήσουσιν
3347 2875 3404 2927 αἰ
3451 2872 3647 2943 στῆλαι

403 2973 602 3029 αὐτῶν.
647 2995 665 3027 ι
708 2977 1089 3049 Ἀσθενήσουσι
1121 2977 1178 3031 δέ
1207 2977 1457 3030 κάκεῖναι
1490 2972 1917 3043 καθαιρεθεῖσαι.

474 3087 640 3143 Vens.
677 3090 794 3147 3-5.
817 3122 889 3133 —
916 3110 934 3143 ‹
980 3091 1271 3162 Propterea
1310 3105 1455 3144 nunc
1479 3089 1663 3143 dicent
1689 3107 1701 3142 :
1741 3087 1861 3143 Non
1885 3098 1967 3143 est

2139 3085 2287 3157 Στίχ.
2328 3088 2465 3151 γ’-ε’.
2495 3111 2564 3121 -
2600 3099 2620 3131 ο
2645 3079 2788 3132 Διότι
2820 3078 2915 3131 νῦν
2945 3075 3178 3148 ἐροῦσιν⁸
3206 3076 3319 3130 Οὐκ
3344 3075 3459 3129 ἐστι
3491 3074 3647 3146 βασι-

402 3195 496 3234 rex
531 3182 711 3247 nobis,
751 3183 876 3253 quia
920 3199 1029 3239 non
1077 3179 1359 3237 timuimu's
1402 3181 1592 3236 Deum.
1638 3179 1753 3235 Rex
1789 3188 1970 3235 autem

403 3272 534 3342 quid
567 3274 731 3329 faciet
765 3276 962 3332 nobis?
990 3274 1244 3344 Loquens
1274 3273 1440 3327 verba
1463 3271 1622 3340 quasi
1652 3280 1969 3341 pratextus,

405 3361 585 3419 fmdus
635 3364 907 3435 disponet.
971 3384 991 3418 ›
1046 3364 1202 3418 Nunc
1252 3364 1396 3418 enim
1450 3360 1971 3416 inconsiderantiam

406 3468 561 3507 suam
593 3463 911 3524 agnoscent,
946 3470 1053 3525 qua
1084 3470 1262 3525 regem
1299 3453 1402 3511 sibi
1426 3453 1744 3523 delegerunt
1778 3458 1974 3521 praeter

404 3540 497 3597 Dei
535 3543 869 3599 voluntatem
909 3566 922 3600 :
957 3554 1011 3601 et
1059 3545 1204 3616 quod
1249 3544 1456 3599 omisso
1491 3543 1688 3597 timore
1730 3541 1845 3606 Dei,
1878 3555 1973 3594 va-

402 3647 533 3686 num
580 3633 849 3703 quoddam
884 3644 939 3692 et
972 3636 1311 3708 illegitimum
1358 3649 1585 3705 regnum
1630 3633 1731 3689 sibi
1763 3631 1974 3688 consti-

401 3731 661 3788 tuerunt,
702 3726 969 3787 adversus
999 3727 1221 3784 Davidis
1262 3728 1667 3784 successionem
1698 3727 1855 3796 juxta
1878 3725 1973 3783 Dei

401 3819 734 3885 promissum
782 3828 1098 3887 regnantem
1142 3838 1157 3875 :
1207 3818 1438 3889 ideoque
1481 3825 1535 3874 et
1586 3818 1689 3873 hoc
1728 3818 1971 3888 ipsorum

402 3924 627 3979 regnum
658 3910 894 3965 deletum
931 3920 1038 3975 est,
1073 3926 1373 3981 omnesque
1403 3910 1703 3980 captivitati
1745 3907 1926 3963 traditi
1954 3924 1969 3974 ;

403 4002 722 4071 nullumque
780 4000 893 4073 48
946 4003 1081 4072 ipsis
1137 4018 1167 4056 a
1200 4017 1326 4073 rege
1382 4018 1483 4057 suo
1546 4003 1971 4056 emolumentum

2070 3179 2196 3241 λεὺς
2221 3179 2374 3247 ἡμῖν,
2406 3175 2486 3228 ὅτι
2517 3174 2618 3226 οὐκ
2644 3170 2992 3241 ἐφοϐήθημεν
3024 3170 3116 3223 τὸν
3142 3169 3273 3222 Θεόν
3292 3185 3306 3199 ο
3337 3170 3365 3221 ὁ
3396 3168 3452 3221 δὲ
3493 3168 3651 3239 βασι-

2072 3271 2197 3333 λεὺς
2219 3269 2273 3321 τί
2294 3267 2508 3336 ποιήσει
2544 3266 2677 3334 ἡμῖν
2702 3280 2715 3326 ;
2750 3262 2928 3316 λαλῶν
2955 3263 3173 3333 ῥήματα
3195 3261 3494 3332 προφάσεις
3531 3261 3648 3313 δια-

2071 3362 2293 3431 θήσεται
2314 3357 2598 3426 διαθήκην.
2623 3372 2642 3404 ι
2677 3353 2790 3406 Νῦν
2804 3352 2913 3422 γὰρ
2931 3350 3280 3421 αἰσθήσονται
3304 3350 3407 3423 τῆς
3436 3349 3649 3403 ἐαυτῶν

2070 3451 2343 3512 ἀϐουλίας,
2397 3446 2513 3518 μεθ’
2546 3441 2614 3516 ἧς
2646 3445 2851 3496 εἴλοντο
2900 3442 3126 3512 βασιλέα
3159 3441 3309 3512 παρὰ
3357 3441 3419 3493 τὸ
3449 3440 3659 3494 δοκοῦν

2070 3542 2147 3613 τῷ
2179 3540 2325 3609 Θεῷ·
2366 3540 2439 3607 (p.
2474 3538 2563 3606 73)
2595 3536 2687 3589 καὶ
2722 3535 2804 3587 ὅτι
2842 3534 2980 3604 ὑπὲρ
3005 3527 3079 3587 ὧν
3103 3533 3163 3586 οὐ
3195 3531 3519 3603 φοϐηθέντες
3552 3530 3651 3584 τὸν

2071 3633 2223 3695 Θεὸν,
2254 3629 2530 3700 βασιλείαν
2553 3624 2829 3690 ἀνέδειξαν
2851 3625 3013 3696 κενήν
3039 3642 3161 3677 τινα
3185 3624 3279 3677 καὶ
3306 3623 3657 3693 παράνομον,

2072 3721 2402 3781 ἀπεναντίας
2428 3721 2494 3789 τῇ
2546 3716 2640 3771 τοῦ
2682 3715 2844 3769 Δαυῖδ
2885 3715 3105 3785 διαδοχῇ
3149 3716 3268 3767 κατ’
3313 3713 3653 3781 ἐπαγγελίαν

2074 3812 2428 3887 βασιλευούσῃ
2464 3810 2633 3872 θείαν,
2666 3806 2947 3879 ἀφῄρηται
2985 3808 3083 3878 μὲν
3109 3808 3287 3861 αὐτῶν
3313 3808 3346 3877 η
3371 3806 3649 3876 βασιλεία,

2072 3902 2420 3973 αἰχμαλωσίᾳ
2460 3901 2516 3954 δέ
2542 3899 2933 3971 παραδέδονται
2965 3899 3198 3961 πάντες*
3231 3897 3419 3968 κέρδος
3444 3897 3501 3949 δέ
3540 3898 3646 3951 αὒ-

2072 3998 2184 4058 τοῖς
2226 3997 2291 4048 ἐκ
2317 3994 2410 4047 τοῦ
2434 3992 2695 4064 βασιλέως
2721 3990 3086 4061 προσγέγονεν
3115 3989 3263 4043 οὐδέν
3286 4006 3305 4018 "
3331 3989 3649 4043 τούναντίον

402 4091 632 4145 exstitit.
686 4089 1053 4148 Nihilominus
1092 4091 1183 4146 hic
1223 4092 1363 4161 (rex)
1404 4091 1767 4146 fraudulentis
1793 4091 1970 4147 verbis

2076 4088 2174 4158 μὲν
2213 4086 2306 4141 οὖν
2364 4085 2661 4157 ἀπατηλοῖς
2705 4083 3052 4153 χρησάμενος
3101 4082 3330 4155 ῥήμασι,
3379 4081 3662 4151 διαθήκη*

404 4188 585 4242 utens,
622 4178 933 4249 improbum
978 4179 1155 4237 fmdu's
1182 4181 1453 4250 quoddam
1491 4197 1615 4235 cum
1659 4181 1766 4238 illis
1802 4182 1970 4236 inive-

2076 4179 2354 4251 μοχθηράν
2384 4194 2504 4230 τινα
2538 4178 2652 4246 μετ’
2682 4174 2861 4228 αὐτῶν
2882 4175 3203 4241 ἐποιήσατο’
3229 4172 3368 4225 ὥστε
3401 4172 3648 4241 ἀποστῆ-

402 4278 510 4333 rat,
544 4285 739 4339 nempe
764 4285 793 4323 a
826 4271 937 4326 Deo
968 4271 1284 4337 recedendi,
1309 4280 1366 4326 et
1397 4272 1691 4327 fabricatas
1728 4287 1758 4325 a
1795 4288 1853 4327 se
1877 4272 1970 4340 ju-

2076 4284 2157 4320 ναι
2197 4266 2295 4337 μὲν
2326 4266 2419 4317 τοῦ
2446 4263 2605 4330 Θεοῦ,
2635 4264 2958 4333 προσκυνεῖν
2982 4261 3039 4315 δὲ
3067 4264 3188 4324 ταῖς
3216 4262 3307 4314 ὑπ’
3333 4261 3499 4314 αὐτοῦ
3542 4278 3647 4315 κοι-

400 4375 601 4416 vencas
630 4361 911 4417 adorandi.
960 4380 985 4414 ι
1022 4362 1245 4418 Orietur
1281 4362 1424 4418 sicut
1453 4378 1677 4431 gramen
1704 4363 1967 4432 judicium

2076 4357 2561 4420 τασκευασθείσαις
2580 4355 2894 4425 δαμάλεσιν.
2920 4371 2938 4404 ι
2976 4353 3250 4405 Ἀνατελεί
3269 4353 3343 4415 ὡς
3366 4353 3659 4424 ἄγρωστις»

401 4454 458 4506 ἱη
503 4453 712 4508 inculto
756 4468 907 4523 agro.
942 4470 960 4505 ι
994 4452 1273 4509 Judicabit
1307 4453 1449 4508 Deus
1496 4452 1711 4508 facinus
1752 4453 1969 4508 illorum

2076 4452 2248 4520 κρῖμα
2290 4450 2382 4501 ἐπὶ
2427 4447 2622 4517 χέρσον
2653 4444 2847 4515 ἀγροῦ.
2897 4462 2919 4495 ι
2949 4445 3143 4514 Κρινεῖ
3189 4444 3297 4516 γὰρ
3325 4445 3354 4496 ὀ
3381 4443 3513 4507 Θεὸς

401 4539 673 4609 iniquum,
704 4555 919 4611 poenam
948 4548 1155 4595 tantam
1185 4542 1255 4596 ob
1284 4542 1339 4597 id
1367 4543 1447 4597 eis
1466 4543 1777 4612 imponens,
1808 4551 1867 4596 ut
1887 4539 1970 4596 ef-

2076 4539 2384 4611 παράνομον
2407 4536 2585 4591 αὐτῶν
2613 4536 2835 4606 τόλμαν,
2858 4536 3118 4605 τοιαύτην
3144 4534 3436 4604 ἐπαγαγὼν
3456 4536 3648 4599 αὐτοῖς

400 4628 657 4688 ﬂorescat
676 4632 1100 4701 quodammodo.
1128 4634 1622 4707 gravissimumque
1650 4643 1704 4688 et
1732 4633 1970 4688 terribile

2076 4630 2193 4685 ἀντὶ
2221 4628 2412 4683 τούτου
2457 4628 2555 4698 τὴν
2597 4627 2891 4697 τιμωρίαν,
2921 4627 2999 4689 ὡς
3025 4626 3255 4697 ἀνθῆσαι
3286 4643 3367 4691 τε,
3414 4628 3510 4679 καὶ
3553 4643 3648 4695 με-

401 4723 649 4778 visurum
681 4724 751 4779 sit
790 4723 883 4779 Dei
910 4733 1102 4780 contra
1136 4725 1237 4780 hos
1271 4724 1541 4794 judicium
1574 4743 1597 4779 ε»
1640 4724 1783 4777 haud
1818 4724 1970 4779 aliter

2076 4721 2264 4791 τίστην
2302 4720 2425 4773 τινὰ
2459 4721 2552 4774 καὶ
2582 4719 2821 4789 φοϐερὰν
2859 4718 3093 4788 φανῆναι
3130 4717 3228 4787 τὴν
3281 4718 3399 4770 κατ’
3458 4717 3661 4770 αὐτῶν

402 4823 565 4877 quam
598 4819 822 4880 repente
849 4821 1036 4867 natum
1070 4813 1127 4867 in
1161 4812 1381 4868 deserto
1412 4814 1532 4868 solo
1564 4828 1808 4883 gramen,
1835 4813 1970 4867 mul-

2076 4812 2580 4883 γενομένηνκρίσιν
2618 4811 2711 4863 τοῦ
2750 4808 2917 4863 Θεοῦ·
2970 4809 3067 4878 οὐχ
3110 4804 3272 4878 ἦττον
3305 4809 3337 4876 ἤ
3366 4808 3646 4878 ἄγρωστις

404 4907 519 4954 tum
569 4903 755 4956 statim
799 4902 1193 4960 incrementum
1241 4905 1404 4974 capit.
1453 4924 1471 4955 ι
1531 4905 1687 4973 Apud
1739 4905 1970 4959 vitulum

2076 4902 2262 4974 ἀθρόον
2292 4905 2488 4970 φυεῖσα
2532 4899 2730 4969 πολλὴν
2758 4901 2815 4952 ἐν
2847 4898 3027 4968 χέρσῳ
3060 4898 3346 4967 ποιήσαιτο
3390 4897 3488 4967 τὴν
3520 4898 3644 4950 ἐπί-

402 4990 597 5049 domus
619 4988 702 5044 On
730 4992 1115 5057 morabuntur,
1154 4994 1246 5064 qui
1283 4996 1533 5049 habitant
1584 4995 1904 5050 Samariam.
1946 5014 1965 5047 ι

2076 4993 2209 5046 δοσιν
2232 4993 2343 5064 τὴν
2361 4992 2592 5046 οἰκείαν.
2628 5011 2646 5041 ι
2684 4990 2776 5059 Τῷ
2804 4991 2991 5060 μόσχῳ
3018 4988 3115 5041 τοῦ
3141 4987 3290 5041 οἴκου
3325 4989 3421 5041 Ὢν
3444 5005 3645 5058 παροι-

400 5081 736 5137 Assidebnnt
778 5083 965 5152 utique
997 5100 1187 5143 omnes
1235 5088 1399 5142 cultis
1445 5102 1474 5140 a
1502 5102 1559 5142 se
1587 5087 1858 5157 juvencis,
1887 5086 1970 5141 in-

2076 5085 2328 5154 ιιήσουσιν
2356 5085 2407 5136 οἰ
2439 5080 2821 5144 κατοικοῦντες
2860 5081 3205 5151 Σαμάρειαν-
3248 5097 3266 5127 ι
3298 5078 3643 5150 Προσεδρεύ⁵

401 5172 723 5240 gruentibus
766 5174 948 5239 malis,
979 5176 1100 5244 opis
1147 5176 1381 5247 alicujus
1423 5179 1573 5233 illinc
1616 5176 1969 5247 impetrandae

2076 5193 2221 5230 τουσι
2278 5175 2377 5243 μὲν
2414 5175 2524 5244 γὰρ
2564 5174 2803 5235 ἅπαντες
2852 5173 2974 5233 ταῖς
3032 5170 3498 5241 θεραπευομέναις
3544 5171 3642 5222 ὑπ’

400 5277 519 5329 spe.
554 5279 575 5313 ι
620 5261 759 5328 Quia
796 5264 935 5319 luxit
979 5281 1144 5336 super
1188 5282 1310 5321 eum
1340 5269 1571 5337 populus
1624 5267 1764 5336 ejus.
1801 5285 1819 5318 ι
1852 5267 1958 5322 Sed

2076 5267 2242 5320 αὐτῶν
2274 5265 2539 5335 δαμάλεσι
2579 5264 2687 5317 τῶν
2739 5262 2926 5315 κακῶν
2972 5260 3401 5331 ἐπεληλυθότων,
3464 5259 3643 5312 ἐλπίδι

400 5353 606 5406 nullam
631 5353 756 5409 inde
799 5354 999 5412 referet
1022 5358 1311 5412 utilitatem
1344 5377 1356 5411 :
1392 5359 1500 5412 imo
1530 5359 1712 5427 potius
1740 5365 1794 5411 et
1818 5358 1966 5427 ipsas

2076 5359 2165 5413 τοῦ
2191 5361 2336 5421 τινὸς
2362 5361 2547 5427 τυχεῖν
2575 5357 2824 5426 βοηθείας
2855 5354 3082 5407 ἐκεῖθεν.
3125 5371 3144 5402 σ
3193 5354 3313 5404 "Ott
3341 5350 3653 5420 ἐπένθησεν-

402 5444 663 5514 lugebunt
710 5446 1012 5516 juvencas,
1079 5448 1207 5502 dum
1269 5450 1482 5502 illarum
1539 5450 1964 5505 destructionem

2076 5450 2099 5501 ὁ
2125 5450 2250 5512 λαὸς
2277 5448 2441 5501 αὑτοῦ
2461 5447 2549 5498 ἐπ’
2579 5446 2761 5517 αὐτόν.
2794 5464 2812 5495 ι
2837 5445 3061 5514 Ὅνησιν
3080 5443 3135 5494 δὲ
3156 5441 3399 5495 ἐντεῦθεν
3422 5441 3642 5506 δέξεται

401 5545 686 5604 spectant,
734 5540 1028 5596 terribilem
1069 5542 1375 5607 enimvero,
1432 5542 1668 5597 hostium
1712 5541 1965 5596 manibus

403 5637 787 5697 pcrpetratam.
836 5650 854 5681 ‹
901 5631 967 5685 Ει
1012 5634 1463 5703 quemadmodum
1517 5633 1666 5686 illum
1719 5633 1966 5687 irritave-

403 5727 540 5788 rant,
571 5722 884 5792 gaudebunt
917 5741 1078 5796 super
1112 5727 1279 5797 gloria
1305 5726 1442 5795 ejus.
1479 5744 1495 5777 i
1528 5723 1747 5778 Multam
1784 5725 1967 5779 hostes

2070 5543 2322 5612 οὐδεμίαν
2342 5559 2355 5572 ·
2389 5542 2698 5596 τούναντίον
2734 5541 2833 5609 μὲν
2859 5534 2951 5592 οὖν
2981 5538 3073 5591 καὶ
3109 5536 3277 5600 αὑτὰς
3309 5536 3639 5605 πενθήσουσι

2071 5633 2168 5695 τὰς
2193 5632 2470 5702 δαμάλεις,
2496 5631 2571 5700 (p.
2600 5631 2689 5697 74)
2720 5629 2820 5699 τὴν
2855 5628 3169 5697 καθαίρεσιν
3191 5626 3370 5679 αὐτῶν
3401 5624 3638 5695 ὁρῶντες

2074 5724 2307 5794 φοϐεράν
2334 5741 2454 5777 τινα
2494 5725 2612 5785 ταῖς
2641 5720 2747 5773 τῶν
2797 5718 3065 5787 πολεμίων
3100 5718 3387 5789 γινομένην
3420 5716 3629 5787 χερσίν.
