3824 6224
152 275 243 333 I85

1186 267 1738 329 COMMENTARIUS
1773 267 1839 325 IN
1879 267 2081 324 OSEE
2110 266 2259 327 CAP.
2288 265 2362 322 Χ.

3280 260 3386 319 186

151 415 166 445 ι
218 392 345 447 Καὶ·
376 388 555 453 καθὼς
598 387 1019 461 παρεπίκραναν
1071 387 1260 449 αὑτὸν,
1317 385 1706 457 ἐπιχαροῦνται

1811 385 1971 440 idolis
2006 384 2208 439 facient
2242 382 2598 454 ignominiam
2620 420 2634 448 ,
2676 381 2955 450 multaque
2978 378 3144 435 veluti
3179 379 3386 435 redun-

144 484 228 537 ἐπὶ
263 482 361 554 τὴν
404 481 561 545 δόξαν
591 478 784 536 αὑτοῦ.
825 499 844 533 ι
883 479 1058 549 Πολλῇ
1100 479 1199 549 μὲν
1237 478 1345 550 γάρ
1375 481 1424 531 οἱ
1456 479 1707 551 πολέμιοι

144 576 426 645 χρήσονται
453 573 593 627 κατά
623 571 732 625 τῶν
772 570 1003 627 εἰδώλων
1032 572 1097 642 τῇ
1128 571 1322 641 ἀτιμίᾳ
1344 587 1357 601 ·
1411 569 1616 640 πολλῆς
1649 570 1708 623 δέ

144 682 277 728 τινος
308 664 709 735 πλησθὴσονται
751 662 850 733 τῆς
892 663 1084 732 ἡδονῆς
1114 662 1347 731 ὁρῶντες
1380 661 1560 719 αὐτῶν
1604 663 1712 731 ἀφ-

144 756 417 827 ῃρημένην
456 755 552 825 τὴν
599 754 779 819 δόξαν,
824 754 890 825 ἣν
926 753 986 806 τὸ
1025 753 1288 824 πρότερον
1321 749 1465 822 εἶχον
1502 752 1713 822 ψευδῶς

143 848 291 919 παρά
320 851 431 913 τοῖς
459 846 852 900 ἐσπουδακόσιν
884 845 1022 898 αὑτά
1053 844 1405 919 θεραπεύειν·
1440 844 1516 907 ὡς
1542 845 1570 898 ὁ
1601 861 1708 915 μα.-

143 934 326 1005 κάριος
370 934 516 1001 λέγει
566 935 762 991 Δαυῖδ·
832 952 849 985 ι
907 934 998 1004 Μὴ
1065 933 1460 1005 ἐπιχαρείησάν
1514 951 1605 1007 μοι
1660 934 1711 987 οἰ

145 1023 320 1095 ἐχθροί
348 1042 447 1094 μου
474 1040 489 1053 θ
524 1044 541 1076 ι
576 1026 696 1077 ἀντὶ
732 1023 847 1089 τοῦ,
895 1024 988 1096 Μὴ
1041 1025 1280 1094 ἡσθεῖεν,
1330 1023 1402 1079 τὰ
1445 1024 1713 1079 δοκοῦντα

142 1118 319 1179 αὐτοῖς
357 1116 591 1169 ἐκϐάντα
623 1116 947 1186 θεασάμενοι
976 1117 1056 1178 εἰς
1094 1115 1224 1184 ἐμέο
1265 1114 1439 1179 οὕτως
1481 1113 1712 1169 ἐνταῦθα

141 1206 281 1274 λέγει
307 1207 392 1272 τὸ,
421 1225 439 1257 ι
470 1206 888 1278 Ἐπιχαροῦνται
916 1207 1009 1258 ἐπὶ
1031 1206 1127 1276 τὴν
1153 1206 1310 1268 δόξαν
1330 1205 1520 1269 αὑτοῦ,
1544 1224 1563 1258 ›
1592 1205 1713 1258 ἀντὶ

140 1298 251 1359 τοῦ,
282 1297 644 1367 Ἡσθήσονται
670 1297 907 1368 ὁρῶντες
929 1296 1067 1349 αὐτὰ
1088 1296 1187 1367 τῆς
1203 1296 1359 1366 δόξης
1379 1296 1708 1371 ἀφῃρημένα

1805 475 2014 533 dabunt
2060 475 2357 543 voluptate,
2392 473 2523 529 dum
2552 482 2800 543 ereptam
2841 473 2928 528 his
2976 471 3207 541 gloriam
3250 485 3386 526 eon-

1806 567 2060 641 spicicnt,
2096 582 2260 637 quam
2290 576 2470 631 antea,
2505 565 2750 620 fallacem
2786 566 2935 627 licet,
2979 563 3254 620 habebant
3287 564 3386 617 abs

1808 674 2033 719 suorum
2066 660 2411 715 adorantium
2434 658 2636 715 studio.
2671 658 2826 713 Sicut
2850 658 3040 712 beatus
3064 656 3138 710 ait
3170 653 3337 708 David
3368 670 3383 707 :

1815 771 1834 803 ι
1860 750 1938 806 Ne
1967 750 2403 820 supergaudeant
2418 749 2550 804 mihi
2572 750 2781 803 inimici
2796 748 2901 803 mei
2919 749 2986 814 ’νς
3014 767 3032 798 ι
3051 762 3113 801 ac
3133 746 3177 802 si
3195 745 3342 800 dicat
3367 760 3383 796 :

1806 839 1886 895 Ne
1914 841 2309 910 jucundentur.
2352 841 2480 894 dum
2526 856 2657 895 suos
2682 840 2944 895 adversus
2973 854 3059 893 me
3092 852 3393 894 successus

1808 933 2011 987 vident.
2030 931 2110 985 Ita
2130 931 2235 986 hoc
2251 930 2392 995 loco,
2423 953 2440 982 ι
2462 931 2789 986 Gaudebant
2817 947 2980 999 super
2996 931 3166 1001 gloria
3189 930 3331 997 ejus,
3361 948 3381 981 ι

1807 1025 2029 1095 ponitur
2063 1039 2183 1093 pro,
2216 1022 2676 1079 Jucundabuntur
2699 1024 2949 1079 videntes
2990 1023 3135 1075 idola
3167 1020 3388 1091 proprio

1811 1117 2021 1171 honore
2043 1117 2299 1185 spoliata.
2341 1133 2360 1166 ι
2397 1115 2537 1181 Quia
2572 1116 2943 1185 migraverunt
2969 1114 3037 1167 ab
3061 1128 3146 1168 eo.
3186 1131 3205 1164 ι
3237 1111 3387 1166 Cun-

1817 1215 1963 1261 ctam
1998 1207 2141 1260 enim
2172 1221 2329 1259 suam
2360 1207 2598 1260 ablatam
2621 1208 2845 1276 gloriam
2868 1206 3070 1270 vident,
3088 1218 3249 1274 quam
3282 1202 3387 1255 im-

1816 1298 2009 1352 merito
2034 1308 2189 1356 antea
2223 1299 2497 1356 tenebant.

140 1391 233 1463 τῆς
273 1391 495 1456 οἰκείας.
548 1412 567 1446 ι
612 1392 735 1445 Ὀτι
776 1391 1193 1462 μετῳκίσθησαν
1240 1393 1333 1445 ἀπ’
1389 1391 1579 1446 αὑτοῦ.
1630 1411 1649 1443 ι
1688 1386 1877 1447 Πᾶσαν
1928 1393 2040 1465 γὰρ
2086 1392 2266 1449 αὐτῶν
2321 1394 2684 1467 ἀφῃρημένην
2735 1393 2935 1463 ὁρῶσιν
2987 1392 3083 1462 τὴν
3123 1390 3281 1455 δόξαν
3320 1388 3391 1457 ἠν

142 1484 373 1555 πρόσθεν
401 1480 549 1556 εἶχον
573 1485 633 1538 οὑ
663 1484 908 1549 δικαίως.

207 1622 355 1692 Στίχ.
398 1622 557 1693 (ς’-η’.
587 1653 659 1663 -
703 1642 722 1676 ι
755 1624 866 1680 Καὶ
899 1624 1065 1678 αὐτὸν
1112 1626 1192 1687 εἰς
1242 1625 1562 1697 Ἀσσυρίους
1610 1625 1704 1695 δή·

1880 1619 2050 1675 νειιε.
2093 1620 2205 1675 6-8.
2249 1652 2319 1661 —
2353 1639 2371 1672 ι
2418 1620 2597 1688 Atque
2626 1618 2801 1689 ipsum
2836 1619 3121 1688 alligantes
3147 1618 3389 1672 tulerunt

144 1731 351 1777 σαντες,
382 1715 705 1785 ἀπήνεγκαν
746 1714 899 1779 ξένια
937 1715 1016 1786 τῷ
1051 1716 1264 1785 βασιλεῖ
1305 1717 1530 1787 ’Ῑαρείμ.
1574 1735 1593 1768 ›
1643 1718 1706 1769 Οἱ

140 1806 244 1874 γὰρ
270 1805 335 1876 δὴ
361 1806 626 1876 πρότερον
653 1807 792 1861 αὐτά
823 1806 1151 1878 θεραπεύειν
1176 1807 1477 1872 δοκοῦντες,
1503 1810 1710 1861 ἐπικει-

144 1895 332 1963 μένους
378 1898 503 1960 τοὺς
556 1898 877 1968 Ἀσσυρίους
928 1898 1196 1970 ὁρῶντες,
1245 1898 1341 1952 ἆτε
1391 1901 1455 1952 ἐκ
1501 1898 1707 1970 χρυσοῦ

141 1987 654 2056 κατεσκευασμένας
683 1988 781 2049 τὰς
807 1988 1067 2059 δαμάλεις
1115 1990 1504 2060 συντρίψαντές
1530 2008 1591 2043 τε
1616 1991 1708 2044 καὶ

142 2078 517 2148 συνδήσαντες,
550 2080 627 2143 ὡς
675 2079 741 2133 ἀν
773 2081 824 2133 εἰ
873 2081 1074 2151 χρυσὸν
1124 2083 1303 2136 κοινὸν
1354 2082 1709 2153 ἀποκομίζειν

145 2167 424 2235 μέλλοντες
452 2170 769 2223 ἀποίσουσιν
802 2169 992 2243 ὥσπερ
1021 2189 1071 2224 τι
1103 2172 1271 2237 ξένιον
1298 2173 1374 2243 τῷ
1402 2173 1609 2243 βασιλεῖ
1632 2172 1709 2247 τῷ

140 2258 471 2324 Αἰγυπτίων,
520 2258 771 2329 βοήθειαν
817 2260 1070 2333 εὑρέσθαι
1115 2262 1239 2316 τινά
1301 2264 1709 2336 προσδοκῶντες

138 2347 340 2401 ἐκεῖθεν
361 2367 374 2381 ·
408 2349 567 2403 τοῦτο
598 2349 710 2420 γὰρ
735 2352 921 2415 αὐτοῖς
949 2353 1216 2423 πολλαχοῦ
1250 2354 1499 2423 φαίνεται
1522 2355 1712 2408 ὀνειδί-

138 2438 242 2501 ζων
268 2444 295 2494 ὁ
326 2445 637 2515 προφήτης,
666 2444 747 2495 ὅτι
781 2445 882 2515 τὴν
920 2444 1071 2516 παρά
1100 2446 1210 2499 τῶν
1234 2448 1551 2515 Αἰγυπτίων
1584 2446 1709 2520 βοη-

139 2529 287 2585 θειαν
322 2534 590 2603 ἀνέμενον
646 2536 905 2606 ματαίως.
951 2537 1025 2606 (p.
1065 2536 1153 2607 75)
1188 2537 1253 2589 Τί
1295 2538 1352 2590 δὲ
1381 2540 1707 2610 γενήσεται;

143 2641 163 2676 ο
208 2626 296 2677 Ἐν
316 2626 514 2696 δόματι
548 2626 786 2698 Ἐφραῒμ
812 2627 1020 2694 δέξεται
1044 2630 1323 2702 αἰσχύνην.
1357 2651 1373 2682 ι
1406 2632 1575 2702 ’Υπὲρ
1600 2632 1709 2704 γὰρ

137 2715 231 2784 τῆς
258 2715 462 2780 δόσεως
491 2720 705 2789 καὶτῆς
741 2720 834 2772 τοῦ
861 2719 1033 2783 ξενίου
1071 2723 1465 2794 προσκομιδῆς,
1495 2725 1711 2795 αἰσχυν-

137 2806 356 2874 θήσεται
389 2808 420 2860 ὁ
463 2807 720 2879 Ἐφραῖμ,
750 2810 826 2873 ὡς
859 2811 1009 2865 οὐδὲν
1030 2812 1338 2882 ὠφελήσας,
1372 2814 1505 2866 ἀλλά
1534 2816 1708 2884 μάτην

1790 1728 2042 1766 munera
2080 1713 2191 1781 regi
2228 1710 2417 1769 Jarim.
2460 1731 2479 1763 ι
2518 1710 2621 1777 Qui
2655 1725 2811 1763 antea
2847 1711 3027 1763 colere
3056 1709 3199 1762 idola
3237 1708 3392 1764 vide-

1810 1807 2031 1869 bantur,
2061 1821 2205 1859 nunc.
2237 1804 2594 1874 irruptionem
2625 1803 2977 1872 Assyriorum
3006 1800 3275 1865 videntes,
3308 1799 3392 1855 fa-

1809 1899 2047 1952 bricatas
2074 1912 2209 1951 auro
2228 1897 2496 1966 juvencas
2524 1905 2807 1950 conterent
2834 1892 2945 1965 49
2971 1901 3135 1961 atque
3162 1893 3388 1963 colliga-

1810 1991 1964 2053 bunt,
1996 1998 2055 2043 ut
2087 1997 2344 2057 tanquam
2378 1987 2665 2059 profanum
2694 2002 2886 2039 aurum
2914 1984 3162 2040 deferant
3191 1997 3393 2039 munus

1808 2082 1922 2151 regi
1964 2080 2367 2151 Egyptiorum,
2403 2078 2605 2148 aliquid
2653 2078 2778 2131 inde
2832 2076 2950 2146 opis
2996 2083 3299 2146 sperantes.
3330 2073 3395 2129 Id

1808 2173 1952 2226 enim
1982 2172 2198 2226 videtur
2244 2171 2326 2225 eis
2360 2185 2504 2241 saepe
2542 2160 2876 2238 exprObrare
2925 2168 3209 2237 prepbeta,
3241 2164 3389 2235 quod

1811 2265 1881 2318 ab
1932 2262 2203 2334 Egyptiis
2238 2262 2505 2315 auxilium
2554 2262 2758 2314 frustra
2800 2265 3200 2328 exspectarent.
3246 2256 3389 2323 Quid

1810 2365 1991 2409 autem
2043 2355 2169 2408 fiet?
2218 2370 2235 2404 ι
2278 2351 2335 2406 In
2385 2352 2549 2406 domo
2586 2350 2913 2421 Ephraimus
2947 2350 3122 2418 capiet
3158 2349 3390 2417 ignomi-

1809 2448 1976 2501 niam.
2011 2465 2026 2497 ι
2056 2446 2287 2515 Propter
2302 2444 2629 2498 oblationem
2658 2454 2966 2508 munusque
2999 2438 3128 2493 illud
3153 2436 3391 2492 Confun-

1810 2540 1970 2593 detur
1998 2538 2346 2607 Ephraimus,
2377 2535 2529 2589 nullo
2557 2532 2925 2587 emolumento
2955 2532 3177 2601 potitus,
3203 2528 3298 2584 sed
3324 2542 3392 2583 eo

1810 2630 1988 2684 ollicio
2039 2636 2247 2682 temere
2279 2626 2523 2680 functus.
2569 2644 2586 2674 ι
2629 2623 2684 2677 In
2721 2621 2952 2679 consilio
2996 2635 3097 2675 suo
3128 2636 3391 2675 verecun-

1810 2722 2032 2778 dabitur
2053 2719 2239 2774 Israel.
2272 2738 2290 2769 ›
2320 2718 2739 2787 Exspectatione
2765 2731 2863 2770 sua
2891 2714 3082 2766 merito
3100 2710 3392 2766 frustrabi-

1810 2823 1918 2869 tur.
1960 2834 1978 2863 ι
2016 2812 2226 2881 Abjecit
2267 2811 2515 2863 Samaria
2549 2823 2729 2880 regem
2765 2823 2924 2863 suum
2968 2806 3112 2865 sicut
3143 2819 3395 2859 sarmen-

135 2897 198 2965 τῇ
225 2896 435 2965 σπουδῇ
460 2897 805 2968 χρησάμενος
835 2898 1031 2969 ταύτῃ.
1072 2918 1091 2951 ι
1136 2900 1223 2953 Ἐν
1250 2904 1315 2971 τῇ
1347 2898 1507 2972 βουλῇ
1543 2903 1710 2955 αὐτοῦ

1813 2914 1926 2958 tum
1960 2921 2126 2975 super
2164 2904 2355 2958 faciem
2391 2916 2565 2971 aqum.
2611 2920 2633 2955 ι
2684 2896 3103 2953 Machinationis
3141 2895 3288 2949 illius
3326 2907 3393 2947 ac

136 2985 563 3055 αἰσχυνθήσεται
607 2986 843 3057 Ἰσραήλ.
884 3006 904 3038 ι
947 2988 1326 3054 Ἀποτεύξεται
1358 2992 1457 3061 τῆς
1482 2992 1708 3063 προσδο-

136 3076 253 3139 κίας
290 3077 368 3141 ὡς
400 3077 550 3140 είκδς
578 3079 676 3149 τῆς
715 3079 940 3142 οἰκείας.
992 3098 1011 3132 ι
1082 3081 1377 3153 Ἀπέρριψε
1426 3084 1706 3155 Σαμάρεια

139 3165 361 3234 βασιλέα
391 3166 595 3236 ἑαυτῆς
620 3168 696 3230 ὼς
723 3168 996 3237 φρύγανον
1013 3169 1107 3223 ἐπὶ
1136 3170 1426 3240 προσώπου
1449 3171 1656 3236 ὕδατος.
1684 3192 1704 3225 ι

137 3258 243 3328 Τῆς
279 3258 381 3328 μὲν
412 3258 523 3328 γὰρ
552 3259 801 3329 μηχανῆς
832 3260 1047 3331 ἐκείνης
1074 3261 1287 3331 καὶτῆς
1317 3265 1711 3335 ἐπιχειρήσεως

136 3350 457 3404 ἀποίσονται
482 3349 674 3421 κέρδος
690 3352 845 3405 οὐδέν
866 3368 879 3382 °
910 3352 1350 3423 κρατηθησονται
1376 3355 1710 3425 αἰχμάλωτοι

137 3441 351 3505 πάντες,
389 3440 688 3511 ληφθέντος
713 3441 892 3495 αὐτῶν
913 3442 1123 3495 καὶτοῦ
1154 3444 1437 3512 βασιλέως,
1469 3445 1528 3509 ὃς
1555 3446 1711 3517 δίκην

138 3533 431 3603 φρυγάνων
470 3534 527 3585 ἐν
568 3531 717 3586 ῦδατι
759 3534 1076 3605 φερομένων
1116 3536 1222 3588 ὑπὸ
1261 3536 1370 3589 τῶν
1412 3538 1711 3609 Ἀσσυρίων

137 3621 379 3692 ληφθεὶς,
407 3625 489 3686 εἰς
518 3623 617 3693 τὴν
641 3623 929 3695 ἀλλοτρίαν
949 3625 1324 3696 ἀπαχθήσεται
1348 3626 1553 3699 χώραν,
1576 3627 1709 3695 ἀγό-

142 3731 294 3783 μενος
332 3710 485 3787 ⁴ᾗπερ
525 3714 592 3768 ἂν
617 3718 728 3779 τοῖς
757 3715 981 3769 λαϐοῦσι
1010 3716 1160 3787 δοκῇ.
1195 3738 1211 3769 ι
1248 3718 1356 3771 Καὶ
1384 3718 1711 3790 ὲξαρθήσονο

138 3824 223 3858 ται
246 3806 426 3877 βωμοὶ
452 3806 567 3869 Ὧν,
595 3807 967 3878 ἁμαρτήματα
996 3806 1088 3860 τοῦ
1124 3809 1360 3880 Ἰσραήλ.
1397 3829 1415 3861 ι
1440 3810 1712 3864 Παύσεται

139 3901 328 3973 ήπερὶ
356 3900 430 3954 τά
473 3899 665 3959 εἴδωλα
699 3899 985 3969 θεραπεία,
1033 3899 1101 3951 δι’
1142 3895 1217 3952 ὦν
1273 3901 1587 3970 ἡμάρτανεν
1633 3904 1713 3965 εἰς

139 3990 265 4045 Θεὸν
290 3994 320 4045 ὁ
366 3992 605 4064 Ἰσραήλ.
635 4009 655 4042 ι
682 3990 950 4042 ’Ἀκανθαι
967 3989 1061 4041 καὶ
1084 3990 1322 4061 τρίϐολοι
1347 3992 1712 4063 ἀναϐήσονται

140 4083 227 4136 ἐπὶ
253 4087 321 4145 τὰ
348 4085 717 4154 θυσιαστήρια
742 4082 943 4136 αὐτῶν.
979 4100 997 4130 ι
1048 4081 1137 4135 Ἐν
1164 4082 1402 4153 τοσαύτῃ
1423 4085 1713 4153 γενήσεται

140 4173 363 4246 ἐρημίᾳ,
406 4175 480 4237 ὡς
514 4174 738 4245 μηδενὸς
765 4171 1158 4235 ἐπιϐαίνοντος,
1200 4173 1438 4237 ἀκάνθας
1471 4174 1564 4227 καὶ
1600 4192 1715 4245 τρι-

1809 2998 2072 3053 facinoris
2102 2997 2311 3050 nullum
2362 2992 2600 3048 referent
2642 2992 2890 3057 lucrum;
2933 2989 3265 3043 tenebuntur
3296 3000 3393 3039 ca-

1812 3089 1943 3160 ptivi
1974 3104 2185 3148 omnes,
2217 3102 2343 3158 rege
2373 3101 2590 3155 quoque
2624 3083 2864 3154 ipsorum
2906 3088 3098 3151 capto:
3145 3080 3236 3149 qui
3268 3086 3390 3133 tan-

1809 3195 1972 3249 quam
2002 3185 2277 3235 sarmenta
2309 3177 2364 3231 in
2410 3177 2566 3248 aquis
2611 3176 2831 3245 agitata,
2872 3174 2941 3227 ab
2970 3172 3211 3243 Assyriis
3238 3184 3390 3226 com-

1810 3269 2113 3339 prehensus
2144 3267 2195 3320 in
2220 3266 2454 3321 alienam
2489 3262 2861 3334 asportabitur
2892 3270 3115 3321 terram,
3144 3258 3247 3312 hac
3268 3258 3395 3314 illac

1813 3360 2224 3415 circumductus
2252 3366 2417 3428 prout
2454 3355 2753 3411 victoribus
2787 3353 3000 3406 libitum
3042 3348 3226 3404 fuerit.
3267 3368 3286 3399 ι
3326 3345 3392 3401 Et

1810 3451 2193 3521 disperdentur
2239 3464 2347 3503 ara:
2388 3446 2493 3511 On,
2541 3454 2825 3516 peccatum
2853 3441 3041 3497 Israel.
3079 3461 3096 3494 ι
3138 3438 3393 3494 Ccssabit

1812 3542 2079 3596 idolorum
2128 3542 2362 3604 cultura,
2413 3553 2648 3610 quorum
2699 3551 2871 3591 causa
2925 3531 3170 3605 peccavit
3222 3529 3390 3585 Israel

1811 3642 2000 3689 contra
2044 3633 2236 3690 Deum.
2266 3653 2284 3686 ι
2334 3633 2515 3704 Spinae
2549 3646 2613 3685 ac
2662 3628 2848 3684 tribuli
2890 3627 3184 3683 ascendent
3226 3637 3391 3692 super

1812 3722 2006 3776 altaria
2031 3738 2243 3777 eorum.
2286 3741 2304 3774 ι
2350 3720 2408 3775 1η
2440 3729 2590 3775 tanta
2616 3725 2777 3775 erunt
2812 3719 2928 3772 haec
2978 3712 3293 3778 solitudine,
3332 3721 3392 3764 ut.

1812 3814 2028 3868 nemine
2056 3812 2167 3883 jam
2215 3812 2532 3873 accedente,
2583 3810 2754 3880 spinae
2802 3823 2865 3861 ac
2902 3805 3091 3860 tribuli
3144 3805 3200 3858 in
3251 3803 3396 3855 alta-

1812 3905 1956 3957 rium
1995 3903 2131 3959 locis
2162 3903 2331 3956 futuri
2363 3902 2493 3957 sint.
2527 3919 2545 3953 ι
2580 3902 2645 3954 Ει
2674 3898 2859 3953 dicent
2887 3894 3167 3951 montibus
3198 3911 3211 3946 :
3239 3890 3387 3961 0pc—

1813 3996 1915 4051 rite
1939 4010 2074 4061 nos;
2118 4003 2173 4050 et
2218 3996 2450 4051 collibus
2495 4012 2508 4048 :
2558 3992 2749 4048 Cadite
2794 4005 2959 4059 super
2997 4002 3119 4042 nos.
3164 4004 3183 4036 ι
3220 3984 3391 4056 Opta-

1813 4088 1953 4143 bunt
1995 4087 2099 4142 sub
2130 4086 2216 4141 his
2264 4086 2461 4156 sepulti
2511 4081 2981 4154 compendiariam
3022 4078 3233 4150 perpeti
3277 4074 3404 4130 exi~

1814 4180 1973 4240 tium,
2002 4179 2186 4248 potius
2223 4192 2384 4247 quam
2412 4174 2777 4246 particulatim
2810 4171 3013 4243 puniri.

140 4269 319 4333 ϐόλους
340 4273 403 4323 ἐν
426 4272 539 4333 τοῖς
562 4268 667 4322 τῶν
698 4265 1096 4337 θυσιαπηρίων
1123 4262 1261 4319 εἶναι
1284 4267 1489 4329 τόποις.
1530 4285 1550 4318 ι
1584 4268 1694 4321 Καὶ
1739 4269 1921 4341 ἐροῦσι
1974 4272 2085 4333 τοῖς
2117 4270 2288 4342 ὄρεσι,
2324 4268 2614 4337 Καλύψατε
2666 4270 2845 4340 ἡμᾶς,
2882 4269 2975 4322 καὶ
3002 4269 3115 4332 τοῖς
3160 4263 3404 4336 βουνοῖς,⁵

140 4362 333 4416 Bima
378 4363 458 4425 είς
486 4363 653 4432 ἡμᾶς.
702 4380 721 4412 ι
770 4362 1230 4434 Ἐπιθυμήσουσιν
1283 4364 1388 4417 ὑπὸ
1419 4364 1630 4433 τούτοις
1679 4368 1963 4436 γεγονότες
2000 4367 2262 4437 σύντομον
2295 4367 2584 4439 ὑπομεῖναι
2632 4367 2731 4438 τὴν
2784 4364 3088 4431 ἀπώλειαν,
3134 4359 3325 4434 (p.76)
3353 4357 3403 4431 ἧι

136 4455 239 4507 τῶν
267 4454 415 4509 κατά
446 4455 612 4524 μέρος
634 4455 922 4526 ἀνέχεσθαι
951 4457 1255 4527 τιμωριῶν.

205 4568 354 4637 Στίχ.
389 4567 632 4621 θ’-ια’.--
654 4586 672 4618 ι
697 4568 814 4636 Ἀφ’
831 4562 890 4622 οῦ
908 4570 957 4620 οἱ
976 4566 1414 4638 βουνοίἥμαρτον
1429 4568 1667 4640 Ἰσραήλ.
1682 4587 1701 4621 ι

1879 4565 2050 4625 Vnus.
2090 4566 2235 4621 9-H.
2275 4593 2349 4606 —-
2389 4580 2413 4617 ι
2447 4562 2525 4617 Ex
2575 4576 2686 4634 quo
2732 4561 2899 4616 colles
2952 4564 3105 4621 sunt,
3143 4558 3399 4628 peccavit

150 4658 430 4711 Ἐντεῦθεν
478 4657 663 4721 αὐτοῖς
702 4658 798 4712 καὶ
832 4660 865 4731 ἡ
898 4660 1026 4731 περὶ
1066 4658 1129 4711 τὸ
1158 4659 1492 4730 ἁμαρτάνειν
1522 4660 1712 4729 γέγονε

138 4747 361 4817 σπουδὴ,
391 4749 455 4799 ἐκ
484 4746 577 4799 τοῦ
618 4748 711 4799 τὸν
733 4748 865 4801 Θεὸν
894 4749 1131 4818 ἀφέντας
1168 4750 1296 4819 περί
1328 4750 1456 4813 τοὺς
1495 4750 1715 4820 βουνοὺς

138 4839 227 4890 καὶ
251 4839 348 4910 τὴν
379 4838 490 4891 τῶν
522 4838 755 4891 εἰδώλων
778 4839 922 4911 ἔχειν
954 4840 1270 4911 θεραπείαν.
1314 4862 1332 4893 ‹
1379 4843 1528 4895 Ἐκεῖ
1558 4842 1715 4913 ἔστη-

140 4947 256 4985 σαν.
298 4951 317 4983 ι
368 4931 528 4984 Ἀλλά
570 4934 677 5003 γὰρ
713 4932 945 4985 παύεται
988 4932 1167 4986 αὐτῶν
1195 4935 1228 5003 ἡ
1278 4934 1592 5005 παρανομία
1628 4934 1716 4988 διὰ

136 5017 231 5089 τῆς
280 5020 575 5089 τιμωρίας.
629 5040 646 5070 ι
698 5021 771 5072 Οὐ
821 5020 896 5091 μὴ
954 5022 1235 5093 καταλάϐῃ
1276 5024 1473 5088 αὐτοὺς
1529 5026 1587 5077 ἐν
1634 5024 1713 5095 τῷ

140 5108 331 5181 βουνῷ.
372 5130 391 5162 ι
436 5111 653 5178 Ἀφελεί
672 5112 783 5183 γάρ
808 5114 1007 5176 αὐτοὺς
1029 5115 1062 5184 ἡ
1088 5114 1437 5183 αἰχμαλωσία
1461 5113 1558 5184 τῆς
1583 5117 1711 5185 περί

1810 4658 1999 4714 Israel.
2037 4676 2055 4710 ›
2089 4657 2230 4713 Hinc
2277 4657 2356 4712 eis
2409 4654 2617 4709 exstitit
2646 4650 2908 4721 peccandi
2942 4650 3218 4712 voluntas.
3258 4649 3401 4720 quia

1812 4765 2008 4821 nempe
2040 4748 2150 4805 Deo
2177 4748 2387 4810 relicto,
2408 4746 2463 4799 in
2493 4744 2727 4799 collibus
2747 4742 3192 4812 superstitionem
3217 4741 3401 4796 idolo-

1813 4859 1935 4898 rum
1966 4841 2317 4899 exercebant.
2361 4856 2380 4889 ι
2420 4836 2497 4891 lbi
2530 4841 2821 4891 steterunt.
2861 4851 2879 4884 ι
2914 4832 3019 4888 Sed
3048 4847 3177 4888 ecce
3206 4833 3400 4890 scelus

1814 4949 2002 4989 eorum
2039 4932 2242 4987 desinit
2272 4937 2493 5000 propter
2528 4926 2889 4996 punitionem.
2927 4943 2944 4975 ι
2984 4922 3101 4978 Νοιι
3136 4937 3391 4992 compre-

1813 5024 2015 5081 hendet
2052 5039 2148 5082 eos
2186 5023 2239 5077 in
2265 5022 2424 5077 colle.
2456 5039 2475 5071 ι
2512 5019 2735 5074 Scilicet
2767 5033 2862 5071 eos
2903 5016 3193 5086 captivitas
3218 5030 3248 5069 a
3278 5014 3393 5071 fre-

1809 5114 2143 5187 quentandis
2181 5112 2414 5167 collibus
2461 5107 2773 5180 prohibebit
2810 5125 2824 5160 :
2859 5114 3022 5176 atque
3063 5105 3118 5160 in
3162 5103 3396 5159 collium

137 5202 262 5266 τοὺς
307 5202 529 5272 βουνοῖκ
583 5203 856 5274 σπουδῆςο
893 5204 969 5267 ὡς
1022 5206 1219 5275 μηκέτι
1267 5206 1365 5275 μὲν
1412 5207 1469 5258 ὲν
1502 5209 1568 5278 τῇ
1602 5207 1710 5258 τῶν

1810 5203 2171 5275 religionibus
2250 5201 2362 5270 jam
2436 5215 2544 5254 non
2618 5197 2988 5261 invenientur,
3048 5193 3396 5265 captivitatis

142 5288 343 5358 βουνῶν
391 5296 743 5366 εὑρίσκεσθαι
791 5296 1079 5368 θεραπείᾳ,
1125 5297 1456 5369 ἠσχολῆσοαι
1490 5299 1545 5351 δὲ
1580 5300 1709 5370 περὶ

1810 5297 2065 5353 azrumnis
2110 5294 2386 5362 occupati.
2439 5310 2457 5344 ι
2496 5290 2705 5347 Bellum
2746 5290 2853 5360 50
2903 5289 3030 5344 filiis
3080 5286 3395 5357 iniquitatis

138 5383 205 5435 τά
249 5385 313 5437 ἐκ
355 5387 451 5456 τῆς
490 5388 864 5458 αἰχμαλωσίας
892 5389 1059 5443 κακά.
1093 5408 1112 5441 ι
1149 5390 1390 5460 Πόλεμος
1420 5391 1514 5443 ἐπὶ
1538 5390 1705 5444 τέκνα

1811 5387 2144 5459 supervenit.
2201 5405 2219 5437 ι
2280 5381 2407 5438 Ilaec
2457 5383 2566 5436 illis
2615 5382 2871 5436 evenient
2932 5380 3003 5433 ob
3060 5377 3388 5447 iniustitiam

140 5473 351 5540 ἀδικίας
378 5473 562 5547 ἦλθεν.
600 5498 619 5529 ι
658 5479 844 5533 Ταῦτα
872 5479 983 5549 γὰρ
1005 5480 1158 5533 ἔσται
1191 5481 1331 5551 ὑπὲρ
1358 5474 1434 5533 ὧν
1465 5480 1702 5549 ἠδίκουν,

1812 5489 1974 5549 atque
2026 5478 2382 5547 impietatem,
2434 5474 2632 5529 bellum
2706 5470 3067 5527 inferentibus
3126 5468 3385 5537 Assyriis.

142 5564 233 5617 καὶ
270 5566 501 5634 ἠσέϐουν
537 5569 923 5639 ἐπενεχθέντος
961 5570 1145 5635 αὐτοῖς
1187 5571 1281 5624 τοῦ
1313 5570 1549 5640 πολέμου
1597 5569 1705 5623 τῶν

1818 5591 1836 5623 ι
1873 5570 2036 5626 Juxta
2062 5568 2395 5626 desiderium
2422 5581 2637 5630 eorum,
2669 5564 2962 5634 corripiam
2991 5577 3105 5617 eos.
3149 5580 3167 5612 ι
3197 5558 3388 5615 Addu-

212 5742 255 5774 ²⁹
278 5741 418 5799 Psal.
444 5763 655 5815 xum,
682 5750 771 5801 l7.
