3824 6224
358 221 364 226 ’
407 205 506 257 187

1601 212 1947 270 ΤΙΙΕΟυΟιίΙ
1985 217 2462 275 ΜΟΡδΠΕΞΤΕΝΙ

3564 223 3676 278 ISS

406 336 526 374 eam
560 319 644 376 eis
686 321 869 391 itaque
898 323 1064 389 mala,
1093 340 1214 394 qua:
1243 328 1594 398 corripiendo
1631 331 1922 394 sufficiant,
1955 350 1984 386 a

2100 338 2420 410 ’Λσσυρίων.
2459 357 2477 388 ι
2521 337 2800 391 [Ιαιδεύσω
2828 339 3027 405 αὐτοὺς
3055 340 3195 396 κατά
3235 338 3332 410 τὴν
3365 341 3673 409 ἐπιθυμίαν

406 412 608 478 quibus
662 413 862 467 eruditi
919 417 1140 485 propria
1195 429 1415 487 peccata
1476 430 1795 491 agnoscent.
1842 443 1861 475 ι
1918 423 1982 477 Ει

409 493 890 574 ι-οιιελτεεοὺυηιυι·
920 522 1086 576 super
1115 524 1210 564 eos
1239 512 1446 580 poyuli.
1469 530 1591 566 eum
1616 515 1985 586 corripientur

411 602 634 660 propter
665 593 802 649 duas
835 595 1158 666 iniquitates
1193 615 1343 654 suas.
1372 621 1388 652 ι
1427 602 1703 658 Grandem
1739 606 1983 661 hostium

412 685 818 739 multitudinem
864 688 1129 744 adversus
1176 707 1267 745 eos
1319 708 1646 764 congeram:
1690 698 1982 767 corripiam

407 789 505 830 eos
533 780 660 843 quia
698 785 752 851 et
781 794 868 833 me
910 781 1288 849 neglexerunt,
1325 790 1380 836 et
1411 784 1573 837 idolis
1613 785 1982 840 adhaeserunt.

415 884 435 914 ε
479 866 804 936 Epliraimus
832 871 998 924 vitula
1038 872 1196 926 docta
1227 873 1456 943 diligere
1486 877 1918 932 contentionem.
1961 896 1980 929 ι

410 953 588 1010 lnstar
618 959 798 1013 vitula:
823 962 1142 1025 resilientis,
1180 971 1234 1016 et
1268 980 1529 1033 superare
1561 967 1861 1023 domitores
1895 986 1988 1024 vo-

411 1047 594 1110 lentis,
647 1051 728 1103 sic
750 1051 854 1105 iste
891 1069 921 1104 a
973 1053 1081 1106 Deo
1116 1056 1366 1118 recessit,
1408 1072 1506 1110 nec
1552 1058 1656 1126 ipsi
1702 1061 1987 1116 servitutis

410 1137 563 1188 socio
603 1139 821 1195 cedens.
865 1160 883 1191 ‹
922 1140 1033 1210 Ego
1072 1150 1252 1196 autem
1297 1151 1507 1198 veniam
1550 1162 1714 1216 super
1748 1150 1988 1217 pulchri-

413 1231 655 1285 tudinem
687 1235 812 1287 colli
848 1236 987 1305 ejus.
1031 1256 1050 1288 ι
1095 1236 1322 1292 Omnem
1371 1239 1418 1292 ei
1462 1239 1858 1296 formositatem
1891 1241 1988 1296 de-

411 1321 669 1388 traham,
737 1339 843 1393 qua
927 1327 1295 1394 superbiebat.
1367 1347 1387 1380 ι
1436 1329 1742 1385 Ascendam
1823 1349 1990 1402 super

414 1411 788 1478 ΕμΙιι-υἰηιυιιι.
821 1433 842 1468 ι
895 1414 1178 1486 Tanquam
1226 1420 1407 1474 vitula:
1457 1425 1813 1478 contentiosa:
1855 1427 1987 1479 insi-

412 1512 554 1557 stam
575 1505 782 1559 viribus
805 1508 961 1562 meis.
995 1527 1011 1559 ι
1043 1507 1536 1566 ReticeboJudam.
1557 1531 1576 1564 ι
1602 1513 1796 1568 Judam
1823 1517 1988 1570 omit-

410 1603 545 1660 tam,
601 1597 654 1650 id
700 1609 784 1654 est
825 1603 1233 1658 calamitatibus
1288 1606 1530 1658 exerceri
1585 1607 1787 1670 sinam,
1839 1609 1987 1662 nullo

2089 445 2210 498 μου.
2248 449 2266 480 ι
2311 429 2525 495 Ἐπάξω
2559 428 2741 482 τοίνυν
2770 430 2954 494 αὐτοῖς
2983 433 3129 484 κακά
3165 431 3435 484 παιδεύειν
3462 432 3671 494 αὐτοὺς

2085 521 2395 591 ἀρκούντως
2417 519 2691 588 δυνάμενα
2711 534 2724 548 ·
2757 519 2823 572 δι’
2857 513 2932 574 ὧν
2967 521 3345 582 παιδευθέντες
3373 519 3669 590 αἰσθήσον-

2085 628 2174 664 ται
2220 611 2320 680 τῆς
2374 609 2584 664 ἑαυτῶν
2629 610 2844 674 κακίας.
2889 629 2908 662 ι
2948 613 3059 664 Καὶ
3107 611 3527 680 συναχθήσονται
3573 609 3669 662 ἐπ’

2085 701 2284 764 αὐτοὺς
2313 701 2433 754 λαοὶ
2465 701 2524 754 ἐν
2550 699 2627 770 τῷ
2662 701 3012 755 παιδεύεσθαι
3041 702 3237 764 αὐτοὺς
3263 704 3320 754 ἐν
3345 704 3466 763 ταῖς
3507 701 3671 752 δυσὶν

2087 789 2323 851 ἀδικίαις
2363 787 2564 842 αὐτῶν.
2618 807 2637 839 ι
2686 788 2829 842 Πολὺ
2859 789 2967 862 γάρ
2999 791 3271 861 πολεμίων
3317 788 3519 858 πλῆθος
3573 788 3668 840 ἐπ’

2087 881 2283 942 αὐτοὺς
2317 879 2574 951 ἀθροίσω,
2629 881 2868 934 παιδεύω
2919 882 3120 944 αὐτοῦς
3149 883 3288 952 ὑπὲρ
3333 875 3408 933 ὧν
3434 879 3571 950 ἐμοῦ
3603 897 3669 932 τε

2086 969 2342 1039 ἠμέλουν,
2371 972 2466 1024 καὶ
2494 973 2606 1034 τοῖς
2627 971 2864 1036 εἰδώλοις
2895 976 3200 1044 προσεῖχον.
3233 992 3251 1023 ι
3303 972 3539 1040 Ἐφραίμ
3574 969 3669 1024 δά-

2091 1061 2250 1130 μαλις
2283 1061 2635 1132 δεδιδαγμένη
2665 1065 2885 1134 ἀγαπᾷν
2906 1066 3104 1128 νεῖκος.
3139 1085 3158 1117 ι
3188 1065 3352 1134 Δίκην
3375 1063 3668 1133 δαμάλεως

2087 1153 2505 1224 ἀποσκιρτώσης
2534 1155 2623 1207 καὶ
2653 1158 3018 1225 κατακρατεῖν
3049 1156 3155 1210 τῶν
3178 1155 3526 1225 δαμαζόντων
3552 1153 3668 1206 ἐθε-

2088 1243 2304 1312 λούσης,
2331 1243 2504 1307 οὕτως
2533 1246 2902 1316 ἀφιστάμενος
2933 1246 3028 1299 τοῦ
3061 1247 3195 1299 ⁶ὂεοῦ
3241 1247 3335 1298 καὶ
3365 1245 3465 1298 οὑκ
3497 1245 3666 1298 εἴκων

2087 1333 2164 1404 τῷ
2214 1333 2432 1404 συζύγῳ
2478 1336 2577 1405 τῆς
2623 1337 2886 1398 δουλείας.
2933 1355 2951 1387 ι
3015 1335 3156 1406 Ἐγὼ
3184 1337 3242 1388 δὲ
3291 1333 3667 1403 ἐπελεύσομαι

2090 1425 2181 1476 ἐπὶ
2210 1425 2270 1477 τὸ
2309 1423 2504 1486 κάλλος
2538 1423 2633 1476 τοῦ
2663 1425 2936 1494 τραχήλου
2983 1427 3171 1496 αὐτῆς.
3214 1445 3232 1476 ι
3279 1426 3466 1478 Πᾶσαν
3491 1425 3666 1494 αὐτῆς

2089 1513 2274 1584 ἀφελῶ
2304 1515 2403 1583 τὴν
2429 1514 2782 1586 εὐπρέπειαν,
2817 1517 2904 1583 ἐφ’
3003 1516 3154 1585 μέγαΔ
3189 1517 3424 1586 ἐφρόνει.
3465 1517 3541 1585 (p.
3570 1515 3666 1584 77)

2097 1624 2115 1656 ι
2139 1604 2397 1657 Ἐπιϐιϐὦ
2416 1603 2493 1674 τῷ
2515 1603 2774 1675 Ἐφραῖμ.
2798 1624 2817 1656 ι
2851 1606 2909 1658 Ὠ
2919 1608 3061 1659 σανεὶ
3082 1607 3362 1676 δαμάλεως
3380 1606 3668 1677 ἐριστικῆς

413 1689 616 1743 auxilio
651 1692 1018 1760 suppeditato.
1078 1693 1231 1748 Sicut
1267 1705 1354 1750 est
1393 1695 1535 1766 apud
1569 1696 1787 1751 beatum
1827 1697 1986 1753 Davi-

2087 1695 2422 1766 ἐπιϐήσομαι
2451 1695 2592 1749 κατά
2621 1694 2720 1766 τὴν
2745 1696 2972 1766 δύναμιν
2996 1697 3094 1768 τὴν
3117 1699 3278 1768 ἐμήν.
3313 1716 3332 1748 ι
3369 1698 3668 1768 Παρασιω-

411 1781 564 1835 dem:
617 1800 637 1835 ι
663 1782 741 1837 Ne
769 1795 952 1841 taceas
979 1803 1008 1840 a
1045 1789 1216 1852 me",
1249 1807 1268 1840 ι
1303 1788 1357 1842 id
1379 1795 1484 1854 est,
1523 1805 1592 1844 ne
1621 1805 1707 1844 me
1739 1793 1984 1856 omittas,

409 1873 540 1926 dum
584 1876 796 1944 aSperis
847 1892 1037 1932 versor
1088 1881 1141 1933 in
1189 1881 1371 1936 rebus.
1426 1898 1445 1932 ‹
1508 1879 1881 1937 Roborabitur
1936 1886 1987 1940 ei

410 1963 602 2019 Jacob.
635 1985 655 2018 ι
708 1965 1005 2023 Ostendam
1057 1971 1200 2026 vires
1250 1987 1400 2027 meas
1449 1972 1708 2028 universo
1751 1974 1982 2029 lsraeli:

412 2071 593 2127 neque
645 2060 788 2113 enim
841 2062 1141 2116 obscurum
1194 2074 1300 2126 est,
1341 2060 1514 2118 Jacob
1551 2072 1717 2134 atque
1767 2063 1987 2120 lsraelis

410 2152 726 2208 nominibus
759 2163 927 2208 totam
959 2153 1276 2209 Judzeorum
1305 2166 1520 2226 gentem
1555 2158 1888 2227 nuncupari,
1915 2175 1982 2213 ex

409 2245 496 2299 sui
549 2246 918 2314 progenitoris
967 2247 1172 2316 duplici
1223 2249 1588 2316 appellatione
1623 2248 1695 2301 ita
1734 2251 1984 2304 nomina-

411 2345 550 2389 ι.ιιυ;
585 2339 678 2406 qui
705 2347 866 2391 antea
901 2337 1085 2392 dictus
1110 2337 1301 2402 Jacob,
1335 2347 1458 2408 post
1492 2340 1760 2394 visionem
1820 2341 1986 2395 Israel

410 2435 491 2477 est
523 2425 854 2494 appellatus.
893 2426 1051 2479 Sicut
1079 2428 1240 2479 etiam
1270 2427 1414 2495 apud
1441 2428 1658 2480 beatum
1686 2427 1943 2482 Davidem
1969 2447 1982 2482 :

414 2534 434 2563 ι
471 2514 642 2584 Elegit
679 2514 934 2569 Davidem
957 2531 1174 2570 servum
1199 2533 1381 2580 suum,
1415 2519 1742 2588 sustulitque
1767 2534 1892 2572 eum
1921 2521 1988 2574 de

410 2606 670 2674 gregibus
717 2608 939 2672 ovium;
997 2613 1054 2658 et
1110 2617 1230 2676 post
1280 2610 1532 2662 l'cetantes
1575 2609 1790 2677 accepit
1821 2625 1987 2676 eum;

420 2710 647 2762 pascere
670 2694 842 2749 Jaeob
865 2711 1083 2750 servum
1117 2711 1301 2760 suum,
1333 2706 1386 2750 et
1410 2697 1666 2752 lsraelem
1701 2698 1988 2752 lueredita-

410 2791 519 2836 tem
537 2796 692 2836 suam
718 2781 819 2852 ³⁰⁶;
844 2801 863 2834 ›
897 2786 1165 2838 ambabus
1203 2787 1666 2857 appellationibus
1697 2785 1984 2843 Judaicam

414 2888 627 2943 g~ntem
658 2879 777 2931 sine
805 2878 972 2933 dubio
1011 2879 1227 2934 dicens.

2083 1787 2326 1856 πήσομαι
2365 1786 2458 1840 τὸν
2518 1787 2737 1841 Ἰούδαν.
2788 1805 2806 1838 ι
2861 1788 3306 1858 Παραπέμψομαι
3349 1788 3547 1842 Ἰούδαν
3603 1791 3666 1840 ἐν

2083 1878 2272 1938 κακοῖς
2289 1873 2697 1946 ἐξεταζόμενον,
2716 1874 2837 1929 ούδέ
2864 1875 2992 1946 μίαν
3009 1875 3159 1942 αὺτῷ
3185 1875 3363 1945 νέμων
3387 1874 3662 1944 βοήθειαν·

2081 1963 2191 2017 οἷόν
2229 1967 2346 2017 ἐστι
2372 1964 2523 2034 παρά
2546 1963 2624 2033 τῷ
2651 1963 2904 2034 μακαρίῳ
2929 1960 3091 2016 Δαυῖδ
3114 1961 3196 2024 τὸ,
3226 1981 3243 2012 ι
3269 1962 3360 2031 Μὴ
3379 1977 3664 2028 παρασιω-

2081 2056 2262 2126 πήσῃς
2286 2056 2382 2108 ἀπ’
2410 2053 2566 2125 ἐμοῦ,
2592 2073 2612 2106 ι
2651 2054 2773 2108 ἀντὶ
2805 2053 2923 2118 τοῦ,
2949 2053 3039 2123 Μὴ
3069 2052 3413 2122 παραπέμψει
3435 2051 3503 2103 τά
3534 2051 3662 2102 κατ’

2079 2146 2201 2216 ἐμὲ,
2233 2147 2291 2199 ἐν
2313 2145 2572 2215 χαλεποῖς
2595 2143 2980 2212 ἐξεταζόμενον
3007 2142 3342 2212 πράγμασιν.
3370 2161 3388 2192 ι
3413 2141 3660 2208 Ἐνισχύ-

2083 2255 2164 2292 σει
2187 2237 2337 2307 αὐτῷ
2377 2235 2594 2290 Ἰακώϐ.
2626 2253 2644 2287 ›
2688 2235 3060 2304 Ἐπιδείξομαι
3087 2233 3184 2304 τὴν
3214 2234 3367 2302 ἰσχὺν
3390 2232 3488 2302 τὴν
3517 2231 3661 2301 ἐμὴν

2081 2333 2244 2385 παντὶ
2269 2330 2348 2400 τῷ
2380 2329 2596 2400 Ἰσραήλ
2619 2346 2631 2358 ο
2655 2329 2715 2381 ού
2745 2327 2854 2399 γάρ
2875 2327 3069 2396 ἀδηλον
3093 2327 3176 2380 ὅτι
3204 2327 3300 2379 καὶ
3340 2323 3534 2378 Ἰακὼϐ
3565 2325 3663 2377 καὶ

2096 2422 2312 2493 Ἰσραὴλ
2345 2422 2406 2474 τὸ
2437 2422 2586 2482 ἔθνος
2637 2421 2781 2473 ἆπαν
2828 2421 3077 2472 καλεῖται
3107 2418 3217 2470 τῶν
3274 2416 3565 2478 Ἰουδαίων,
3595 2416 3660 2467 ἐκ

2083 2513 2178 2565 τοῦ
2232 2511 2574 2582 προπάτορος
2631 2510 2811 2562 αὐτῶν
2869 2510 3206 2578 ἀμφοτέραις
3267 2505 3661 2574 ὀνομαζόμενον

2087 2607 2206 2667 ταῖς
2242 2603 2634 2674 προσηγορίαις
2658 2619 2672 2632 ·
2706 2601 2764 2664 ὃς
2802 2601 3091 2669 λεγόμενος
3127 2599 3387 2669 πρότεροι
3441 2595 3659 2658 Ἰακὼϐ,

2092 2695 2230 2766 μετὰ
2251 2696 2349 2764 τὴν
2371 2694 2638 2746 ὀπτασίαν
2701 2690 2918 2761 Ἰσραὴλ
2946 2690 3222 2760 ἐπεκλήθη
3245 2707 3258 2720 ·
3291 2689 3365 2750 ὼς
3395 2690 3487 2740 καὶ
3509 2687 3662 2756 παρὰ.

2086 2786 2164 2857 τῷ
2211 2786 2464 2856 μακαρίῳ
2511 2784 2693 2836 Δαυῖδ’
2731 2804 2747 2834 ι
2790 2784 3102 2849 Ἐξελέξατο
3144 2782 3307 2835 Δαυῒδ
3339 2782 3428 2834 τὸν
3475 2782 3664 2834 δοῦλον

2088 2880 2277 2943 αὑτοῦ,
2317 2879 2411 2931 καὶ
2457 2877 2718 2930 ἀνέλαϐεν
2770 2876 2933 2928 αὑτὸν
2980 2878 3046 2928 ἐκ
3096 2875 3204 2927 τῶν
3253 2874 3520 2943 ποιμνίων
3554 2872 3663 2924 τῶν

411 2969 716 3039 προϐάτων,
759 2972 1038 3038 ἐξόπισθεν
1097 2972 1205 3027 τῶν
1252 2973 1623 3043 λοχευομὲνων
1684 2976 2050 3046 προσελάϐετο
2099 2974 2294 3038 αὑτὸν,
2351 2973 2657 3042 ποιμαίνειν
2723 2971 2917 3024 Ἰακὼϐ
2968 2971 3057 3023 τὸν
3111 2970 3293 3023 δοῦλον
3345 2969 3532 3032 αὑτοῦ,
3570 2968 3663 3022 καὶ

421 3057 636 3130 Ἰσραὴλ
662 3060 760 3132 τὴν
789 3061 1148 3135 κληρονομίαν
1183 3068 1345 3121 αὐτοῦ
1366 3087 1378 3100 ο
1419 3089 1437 3120 ι
1474 3071 1808 3144 ἀμφοτέραις
1839 3075 1958 3135 ταῖς
1981 3070 2378 3142 προσηγορίαις
2396 3069 2457 3120 τὸ
2497 3067 2787 3120 Ἰουδαϊκὸν
2819 3066 2969 3129 ἔθνος
3001 3065 3240 3135 εἰρηκότι
3277 3064 3482 3132 σαφῶς.

483 3149 644 3202 Vens.
692 3151 875 3207 12-15.
913 3174 1004 3206 -ι
1059 3157 1337 3214 Sentinate
1385 3161 1543 3216 vobis
1583 3162 1651 3217 ad
1690 3163 1986 3232 justitiam,

2165 3161 2313 3230 Στίχ.
2360 3159 2541 3229 ιβ’-ιε’.
2573 3186 2646 3198 -
2674 3177 2693 3210 ι
2726 3158 2994 3228 Σπείρατε
3035 3159 3246 3218 ἑαυτοῖς
3281 3159 3362 3218 είς
3383 3155 3655 3208 δικαιοσύ-

410 3247 597 3296 metite
625 3243 690 3294 ad
735 3244 970 3300 fructum
1008 3249 1150 3303 vita}.
1210 3269 1227 3300 ι
1267 3249 1456 3306 Facite
1493 3269 1626 3322 ergo
1657 3255 1988 3310 omnimodae

404 3329 636 3400 justitiaa
686 3349 886 3403 opera;
940 3353 1004 3391 ex
1061 3340 1145 3394 his
1197 3342 1341 3394 enim
1387 3344 1694 3401 seminibus
1746 3345 1986 3400 fructum

411 3423 536 3476 vita:
573 3432 776 3480 metere
813 3428 959 3483 licet.
1015 3448 1035 3482 ε
1084 3431 1383 3489 Accendite
1417 3433 1518 3504 51
1555 3436 1708 3490 vobis
1747 3438 1990 3493 scientia

411 3514 620 3568 lumen.
662 3535 680 3567 ι
718 3516 853 3572 Dum
897 3531 1116 3592 tempus
1145 3523 1382 3589 habetis,
1415 3527 1668 3583 veritatis
1699 3529 1986 3585 scientiam

410 3610 714 3677 acquirite:
754 3619 880 3665 ante
929 3614 1233 3682 punitionis
1283 3625 1518 3688 tempus,
1570 3630 1840 3688 quantum
1871 3622 1988 3677 fieri

409 3701 633 3769 poterit,
685 3703 1009 3771 pmnitentia
1065 3706 1319 3764 redimite
1358 3710 1631 3762 malorum
1682 3714 1991 3780 perpessio-

411 3808 558 3846 nem.
614 3811 634 3844 ι
667 3795 904 3860 Quaerite
959 3797 1288 3863 Dominum,
1333 3799 1508 3854 donec
1561 3802 1718 3856 vobis
1771 3803 1990 3855 veniant

412 3883 596 3954 fruges
625 3885 874 3953 justitiae.
922 3907 940 3939 ι
980 3887 1139 3942 Omni
1175 3904 1308 3943 cura
1339 3889 1392 3943 id
1423 3891 1649 3961 satagite
1697 3892 1844 3961 quod
1881 3891 1991 3947 Deo

411 3976 614 4044 placet,
646 3988 704 4031 ut
733 3980 894 4035 vobis
930 3980 1205 4050 justitiam
1240 3982 1442 4036 lucrari
1472 3984 1775 4055 contingat.
1826 4002 1844 4034 ι
1879 3984 1991 4038 Cur

411 4065 814 4123 dissimulastis
863 4069 1220 4138 impietatem,
1257 4077 1312 4125 et
1359 4071 1596 4126 fructum
1643 4073 1764 4141 ejus
1801 4073 1990 4128 vinde-

413 4157 651 4224 miastis,
699 4159 947 4214 fallacem
996 4159 1232 4215 fructum
1282 4163 1640 4217 comedistis?
1676 4183 1694 4215 ι
1751 4164 1991 4220 Desinite

411 4243 598 4308 facere
651 4251 836 4322 qualia
885 4251 1016 4306 olim
1063 4253 1278 4323 egistis,
1315 4253 1725 4311 dissimulantes
1761 4259 1993 4312 reticen-

413 4354 605 4414 tesque
633 4344 687 4398 in
729 4351 879 4397 tanta
911 4357 1034 4412 quae
1073 4343 1235 4398 ﬁebat
1286 4344 1584 4414 impietate,
1630 4361 1753 4400 cum
1798 4358 1988 4404 contra

415 4436 465 4489 ei
500 4433 852 4489 irascendum
904 4433 1120 4498 fuisset,
1170 4450 1237 4488 ex
1285 4450 1392 4501 qua
1426 4434 1662 4490 fructum
1711 4454 1898 4494 errore
1928 4456 1991 4494 ae

2088 3269 2206 3320 νην,
2243 3253 2336 3304 καὶ
2358 3251 2609 3321 θερίσατε
2641 3251 2722 3314 είς
2755 3249 2966 3320 καρπὸν
2991 3248 3156 3318 ζωῆς.
3193 3268 3212 3300 ι
3247 3249 3523 3319 Πράττετε
3549 3249 3660 3302 τοί-

2087 3359 2183 3395 νυν
2211 3343 2247 3395 ἆ
2279 3343 2458 3412 πάσης
2478 3340 2826 3411 δικαιοσύνης
2851 3340 2997 3392 ἐστὶν
3021 3340 3155 3410 ἔργα
3174 3355 3187 3368 ·
3219 3342 3294 3408 (p.
3332 3340 3418 3405 78)
3459 3342 3524 3392 ἐκ
3552 3340 3662 3410 γὰρ

2088 3432 2195 3484 τῶν
2223 3430 2477 3484 τοιούτων
2511 3429 2842 3499 σπερμάτων
2887 3428 3062 3483 ἐνεστι
3107 3429 3250 3498 ζωῆς
3285 3428 3496 3498 θερίσαι
3529 3446 3662 3498 καρ-

2089 3522 2210 3575 πόν.
2247 3541 2266 3572 ι
2306 3520 2577 3574 Φωτίσατε
2613 3521 2826 3582 ἑαυτοῖς
2856 3519 2971 3588 φῶς
3001 3520 3275 3588 γνώσεως.
3315 3539 3336 3571 ι
3370 3521 3514 3582 Ἕως
3546 3520 3664 3572 ἐστι

2090 3613 2300 3683 καιρὸς,
2334 3612 2430 3682 τῆς
2457 3612 2714 3680 ἀληθείας
2747 3610 3034 3681 μετέλθετε
3058 3612 3155 3679 τὴν
3183 3611 3405 3679 γνῶσιν,
3433 3612 3536 3682 πρὸ
3565 3611 3662 3664 τοῦ

2089 3704 2280 3775 καιροῦ
2319 3705 2416 3772 τῆς
2442 3702 2735 3773 τιμωρίας,
2775 3704 2835 3755 ἐν
2869 3703 2978 3772 ὅσῳ
3005 3702 3226 3754 δυνατὸν
3261 3702 3661 3772 μεταμεληθένο

2089 3813 2209 3860 τας,
2247 3797 2504 3865 κερδᾶναι
2537 3794 2647 3846 τῶν
2681 3793 2868 3846 κακῶν
2907 3794 3006 3864 τὴν
3047 3796 3261 3863 πεῖραν.
3315 3811 3333 3844 ι
3397 3793 3661 3862 Ἐκζητή-

2092 3906 2218 3942 σατε
2246 3889 2336 3941 τὸν
2380 3887 2583 3958 Κύριον
2624 3885 2730 3949 ἓως
2760 3885 2854 3938 τοῦ
2889 3884 3061 3938 ἐλθεῖν
3087 3887 3212 3954 ὑμῖν
3241 3885 3558 3954 γεννήματα
3583 3884 3660 3936 δι-

2090 3977 2401 4048 καιοσύνης.
2441 3997 2460 4030 ι
2491 3976 2748 4048 Φροντίδα
2773 3978 2954 4029 πᾶσαν
2981 3974 3279 4045 ποιήσασθε
3303 3973 3411 4027 τῶν
3438 3973 3516 4043 τῷ
3541 3975 3662 4044 Θεῷ

2089 4070 2409 4134 δοκούντων,
2457 4069 2533 4132 ὡς
2576 4069 2642 4121 ἂν
2686 4067 3042 4141 προσγένοιτο
3089 4067 3218 4134 ὑμῖν
3260 4065 3660 4136 καρπώσασθαι

2089 4161 2187 4232 τὴν
2213 4159 2580 4229 δικαιοσύνην.
2608 4178 2626 4210 ι
2665 4159 2784 4212 ’Ὶνα
2813 4157 2865 4211 τί
2895 4158 3353 4228 παρεσιωπήσατε
3381 4157 3657 4220 ἀσέϐειαν,

2090 4254 2184 4306 καὶ
2217 4253 2305 4306 τὸν
2338 4250 2549 4322 καρπὸν
2587 4251 2756 4320 αὐτῆς
2785 4249 3146 4320 ἐτρυγήσατε,
3181 4249 3412 4317 ἐφάγετε
3448 4250 3661 4318 καρπὸν

2089 4344 2291 4414 ψευδῆ;
2331 4362 2349 4394 ι
2387 4341 2676 4394 Παύσασθε
2705 4340 2886 4412 δήτοῦ
2921 4338 3147 4393 τοιαῦτα
3174 4342 3346 4393 ποιεῖν
3364 4357 3378 4371 ·
3413 4342 3572 4394 ὁποῖα
3595 4342 3664 4412 δὴ

2090 4436 2152 4488 τὸ
2191 4435 2456 4506 πρότερον
2486 4436 2740 4494 ἐποιεῖτε.
2775 4433 3271 4504 παραπεμπόμενοί
3314 4450 3375 4485 τε
3403 4434 3497 4486 καὶ
3531 4435 3660 4502 ήσυ-

412 4538 744 4581 nocumento
789 4527 1008 4596 plenum
1051 4527 1361 4596 carpsistis.
1412 4547 1428 4579 ι
1466 4528 1604 4594 Quia
1648 4531 1884 4597 sperasti
1929 4533 1985 4586 in

2089 4525 2345 4597 χάζοντες
2372 4526 2464 4578 ἐπὶ
2491 4524 2714 4593 ἀσεϐείᾳ
2758 4523 3056 4596 γιγνομένῃ
3083 4523 3340 4594 τοσαύτη,
3365 4524 3482 4576 δέον
3521 4525 3659 4591 ἀγα-

413 4619 672 4673 curribus
707 4619 841 4682 tuis,
871 4619 924 4671 in
958 4620 1302 4672 exercituum
1337 4628 1553 4673 tuorum
1588 4621 1938 4678 multitudine
1966 4641 1981 4691 ;

413 4725 542 4764 ecce
576 4711 785 4765 orietur
831 4709 1065 4778 perditio
1098 4711 1300 4779 pepqu
1329 4719 1444 4770 tuo.
1479 4719 1534 4766 et
1574 4728 1764 4767 omnes
1797 4715 1982 4768 muni-

413 4801 592 4855 tiones
623 4808 730 4853 tuze
772 4799 1142 4853 destruentur.
1192 4818 1210 4849 ι
1246 4797 1325 4852 Τυ
1357 4801 1578 4870 quidem
1625 4802 1982 4858 existimabas

521 4957 567 4989 ³⁸
601 4956 746 5011 Psal.
780 4972 947 5025 xxvii,
981 4959 1034 5013 1.
1109 4957 1176 4990 ³⁰⁶
1206 4962 1348 5018 Psal.
1376 4976 1574 5027 Lxxvn,
1612 4961 1700 5018 76.

485 5110 598 5183 (l0)
634 5109 1143 5183 Aniinadvertamus
1191 5107 1526 5183 praeclaram
1553 5106 1842 5183 lectionem
1881 5107 1982 5178 ἀρ-

418 5175 860 5254 μέσιζειιντίὺιιδ,
894 5192 1058 5254 quam
1086 5175 1273 5246 reapse
1305 5175 1534 5254 requirit
1567 5177 1824 5254 versiculi
1858 5175 2010 5254 conn

415 5245 598 5308 textus
645 5258 696 5303 et
748 5264 866 5303 mos
916 5245 1154 5301 biblicus
1182 5245 1521 5314 geminandi
1569 5246 1896 5300 sententiain
1931 5249 1984 5302 in

413 5318 800 5377 hemistichiis.
861 5317 1230 5372 Confirniatur
1261 5315 1375 5369 haec
1424 5315 1584 5370 lectio
1637 5316 1878 5369 curribus
1918 5321 1987 5369 ali

415 5391 654 5446 Arabico
701 5390 1002 5456 interprete
1034 5383 1463 5456 inPolyglottis,
1501 5399 1712 5456 necnon
1756 5385 1826 5456 ab
1881 5385 1986 5440 lta-

416 5463 523 5516 lica
555 5472 758 5521 vetere,
783 5453 906 5513 etii.
931 5455 1024 5510 Gr.
1049 5455 1200 5509 Alex.
1224 5453 1276 5509 et
1294 5453 1533 5523 Barbera
1567 5455 1708 5523 apud
1762 5454 1986 5510 Sabate-

422 5532 589 5586 rium.
624 5532 878 5583 Attamen
919 5527 1034 5596 ipse
1064 5525 1233 5579 codex
1255 5524 1469 5596 celeber
1493 5521 1617 5596 Yal.
1659 5525 1814 5587 19.09,
1859 5541 1982 5596 cum

419 5601 542 5668 ejus
566 5597 808 5653 Romana
828 5593 1088 5660 editione,
1109 5594 1452 5668 eteommuni
1485 5593 1675 5648 Graeco
1700 5601 1867 5668 textu,
1897 5595 1987 5647 ha-

425 5665 555 5726 bent
587 5669 968 5740 ἁμαρτήμασι,
988 5666 1236 5733 peccatis.
1266 5665 1489 5718 Veteres
1507 5671 1686 5718 autem
1709 5666 1989 5718 versiones

2089 4620 2307 4672 νακτεῖν
2333 4618 2419 4669 ἐπ’
2448 4617 2607 4686 αὐτῇ,
2630 4611 2696 4687 ἦς
2724 4616 2814 4668 τὸν
2843 4615 3054 4686 καρπὸν
3085 4615 3415 4684 ἐκομίσασθε
3445 4615 3657 4683 ἀπάτης

2089 4710 2182 4762 καὶ
2205 4707 2406 4778 βλάϐης
2425 4707 2640 4778 μεστόν.
2665 4725 2682 4756 ι
2709 4707 2831 4758 Ὅτι
2859 4707 3093 4776 ήλπισας
3116 4708 3172 4758 ἐν
3191 4708 3303 4768 τοῖς
3325 4705 3656 4776 ἆρμασίῌθ)

2091 4817 2204 4866 σου,
2251 4801 2308 4853 ἐν
2350 4798 2540 4871 πλήθει
2573 4797 2855 4868 δυνάμεων
2909 4814 3039 4850 σουο
3091 4798 3187 4851 καὶ
3235 4797 3653 4868 ἐξαναστήσεται

2084 5117 2247 5177 atque
2287 5110 2405 5181 ipse
2443 5109 2748 5166 liebraicus
2789 5118 2994 5174 textus,
3036 5111 3159 5182 plus
3182 5111 3364 5182 minus
3398 5113 3463 5164 ad
3510 5113 3652 5169 Gne-

2085 5196 2204 5234 eam
2239 5195 2585 5235 communem
2619 5182 2907 5234 lectionem
2947 5181 3235 5236 accedunt.
3268 5181 3374 5236 Sed
3413 5191 3468 5236 et
3496 5185 3652 5238 aliam

2085 5251 2403 5304 varietatem
2445 5267 2552 5304 non
2593 5250 2964 5305 reticebimus.
2999 5252 3165 5305 Retro
3214 5253 3358 5304 enim
3401 5267 3455 5320 p.
3488 5254 3576 5316 44,
3601 5272 3651 5309 ν.

2085 5321 2258 5373 ult.in
2294 5329 2444 5374 textu
2468 5321 2689 5391 _liiblieo
2720 5329 2860 5391 erat,
2887 5321 3105 5384 σκοπόν,
3170 5330 3329 5388 prout
3384 5323 3542 5391 vulgo
3601 5326 3652 5378 in

2083 5391 2415 5444 editionibus
2453 5389 2694 5455 Graecis;
2737 5403 2792 5443 at
2824 5390 3238 5460 Mopsuestenus
3275 5391 3328 5443 in
3379 5389 3654 5446 commen-

2085 5461 2224 5512 tario
2271 5460 2685 5514 demonstrabat
2726 5474 2785 5514 se
2815 5459 3016 5530 legisse
3062 5459 3225 5513 σῦκον
3261 5461 3439 5528 ﬁcum.
3494 5478 3653 5529 quam

2092 5531 2432 5599 verissimam
2463 5529 2826 5599 Mopsuesteni
2854 5529 3137 5583 lectionem
3171 5531 3496 5584 confirmant
3525 5532 3652 5584 Itala

2096 5597 2229 5679 Lat.‘
2253 5607 2374 5679 vet._
2391 5597 2571 5679 ﬁcum,
2608 5599 2822 5679 vulgata
2850 5599 2967 5679 Lat.
2999 5600 3172 5666 prima
3202 5614 3356 5679 pomo
3397 5599 3656 5666 ﬁculneis,

2100 5677 2152 5722 et
2187 5669 2267 5724 sic
2288 5669 2593 5724 Orientales
2617 5668 2889 5723 variarum
2909 5668 3215 5740 linguarum
3246 5676 3446 5724 textus.
