3824 6224
154 320 241 375 189
1157 317 1704 375 COMMENTARIUS
1736 318 1803 373 IN
1840 319 2044 376 OSEIE
2084 323 2234 379 CAP.
2274 321 2364 377 XI.

3270 319 3376 370 190

151 435 379 490 ἀπώλεια
407 437 463 490 ὲν
498 436 577 506 τῷ
597 434 712 506 λαῷ
746 453 861 499 σου,
897 437 992 490 καὶ
1015 434 1192 489 πάντα
1222 437 1291 489 τὰ
1321 437 1697 506 τετειχισμένα

1834 439 2045 495 inlicere
2092 440 2189 494 tibi
2240 442 2386 495 vires
2436 445 2558 492 tuas
2618 436 2683 489 ad
2742 434 2937 489 hostile
2985 432 3219 496 bellum;
3277 430 3371 485 sed

153 543 237 579 σου
281 525 726 596 ἀφανισθήσεται.
768 546 788 579 ι
840 527 913 580 Σὺ
948 527 1046 596 μὲν
1074 527 1183 597 γὰρ
1218 526 1323 597 ᾤου
1358 528 1456 597 τὴν
1484 528 1713 597 δύναμιν

152 619 331 685 ἀρκεῖν
380 633 461 669 σοι
490 617 591 685 τὴν
637 617 845 670 οἰκείαν
874 619 954 680 εἰς
983 618 1076 671 τὸν
1121 618 1260 671 κατὰ
1304 620 1411 670 τῶν
1461 619 1715 671 ἐναντίων

155 708 378 776 πόλεμον
402 724 416 739 ⁸
457 709 595 778 πρὸς
630 708 943 761 τούναντίον
974 708 1031 760 δὲ
1064 708 1241 762 πάντα
1268 709 1585 777 ἐκϐέϐηκεν,
1614 711 1717 761 ἀπ-

154 795 338 857 ωλείας
370 794 702 864 κατεχούσης
731 794 909 847 πάντα
938 794 1030 847 τὸν
1054 795 1201 861 λαὸν,
1219 797 1299 859 ὡς
1316 797 1409 848 καὶ
1430 797 1527 858 τὰς
1548 814 1717 849 τετει-

158 885 409 953 χισμένας
459 885 849 954 καθαιρεθῆναι
897 886 1101 949 πόλεις.
1139 906 1157 937 1
1212 888 1402 951 Καθὼς
1445 890 1716 960 ἠφανίσθη

156 976 182 1027 ὁ
204 976 381 1044 ἄρχων
410 976 663 1044 Σαλμανά
686 978 745 1028 ἐν
769 976 845 1046 τῷ
867 976 999 1047 οἴκῳ
1027 977 1119 1029 τοῦ
1155 978 1383 1048 ’Δρϐεὴλ
1406 982 1463 1030 ἐν
1484 980 1719 1049 ἡμέραις

160 1065 386 1133 πολέμου
406 1082 418 1095 ·
460 1072 534 1135 (p.
580 1067 666 1134 79)
706 1068 916 1138 μητέρα
945 1068 1037 1119 ἐπὶ
1066 1068 1276 1131 τέκνοις
1303 1069 1568 1137 ἡδάφισαν
1590 1087 1601 1099 ·
1629 1069 1719 1122 οἰί⁸

157 1172 257 1216 τως
289 1157 495 1224 ποιήσω
528 1156 675 1226 ὑμῖν,
711 1152 854 1217 οἶκος
886 1155 1121 1227 Ἰσραὴλ,
1150 1158 1258 1209 ἀπὸ
1291 1158 1585 1229 προσώπου
1620 1159 1720 1224 τῆς

158 1246 349 1309 κακίας
372 1246 543 1316 ὑμῶν.
582 1266 598 1296 ι
640 1247 850 1299 ὐποῖον
879 1247 985 1317 γάρ
1009 1247 1072 1317 δὴ
1098 1249 1220 1300 τότε
1252 1250 1550 1319 ὑπέμειναν
1578 1252 1719 1317 ἀφα-

158 1333 343 1402 νισμὸν
383 1335 600 1396 ἐκεῖνοι,
651 1333 951 1404 βαρυτάτου
986 1335 1083 1405 μὲν
1124 1338 1321 1400 αὐτοὺς
1378 1340 1494 1408 (sic)
1528 1340 1719 1407 ἀφανι-

162 1422 294 1491 σμοῦ
338 1425 624 1491 γεγονότος
654 1426 749 1477 καὶ
794 1424 889 1477 τοῦ
929 1426 1189 1496 πολέμου,
1230 1428 1626 1498 ἀναιρεθέντων
1666 1430 1721 1482 δὲ

163 1516 253 1565 σὺν
278 1519 390 1577 τοῖς
421 1516 631 1578 τέκνοις
667 1517 773 1568 τῶν
818 1519 1214 1589 γεννησάντων·
1248 1518 1484 1572 τοιοῦτον
1515 1522 1721 1590 ὑπομε-

160 1607 294 1656 νεῖτε
340 1608 433 1658 καὶ
482 1606 575 1658 νῦν
615 1607 771 1676 ὑμεῖς
800 1609 848 1660 οί
880 1609 974 1661 τοῦ
1036 1610 1272 1680 Ἰσραὴλ,
1323 1610 1584 1677 ἀνάλογον
1626 1613 1724 1681 τῆς

162 1697 351 1760 κακίας
385 1699 538 1766 ὑμῶν
574 1697 854 1768 δεχόμενοι
879 1701 1151 1770 τιμωρίαν
1173 1718 1185 1730 ·
1219 1701 1362 1754 ἔοικε
1386 1701 1442 1753 δέ
1464 1719 1516 1754 τι
1545 1702 1722 1769 λέγειν

1815 533 1995 586 onmia
2028 540 2217 585 contra
2243 538 2561 592 evenerunt,
2596 529 2722 596 quia
2767 527 3025 596 populum
3057 524 3373 577 universum

1815 624 2083 692 corripuit
2149 623 2449 692 pernicies;
2500 622 2552 675 in
2601 631 2812 673 tantum
2858 628 2914 672 ut
2959 624 3168 670 cuncta:
3212 617 3373 669 etiam

1816 716 2041 768 munitae
2069 716 2316 768 civitates
2356 716 2466 768 sint
2499 714 2707 765 deletre.
2763 729 2781 760 1
2823 710 2976 763 Sicut
3004 715 3249 761 vastatus
3280 704 3377 757 fuit

1818 796 2075 859 Salmana
2119 807 2171 857 iu
2223 805 2385 857 domo
2434 804 2651 857 Arbelis
2697 802 2820 855 belli
2882 807 3146 867 tempore,
3210 804 3381 849 matre

1786 908 1789 911 ’
1818 912 1981 965 super
2008 896 2147 950 filios
2177 898 2368 949 allisa:
2396 894 2475 949 sic
2505 895 2697 946 faciam
2724 892 2898 949 vobis,
2927 890 3121 943 domus
3142 886 3379 944 lsraelis.

1819 1003 1849 1041 a
1888 996 2185 1055 conspectu
2218 987 2437 1040 malitiae
2468 993 2679 1039 vestrm.
2726 1003 2743 1035 ι
2780 982 2951 1048 Quale
2982 990 3110 1033 tunc
3146 977 3356 1048 pertule

1820 1089 1944 1133 runt
1976 1078 2052 1130 illi
2113 1078 2407 1139 excidium,
2470 1076 2621 1145 gravi
2690 1074 2827 1126 facta
2884 1073 3039 1125 ruina
3088 1084 3153 1122 ac
3204 1069 3378 1126 bello,

1820 1168 2120 1223 interfectis
2143 1185 2248 1222 una
2280 1183 2405 1221 cum
2441 1166 2629 1219 liberis
2664 1164 3037 1233 genitoribus,
3081 1162 3189 1214 tale
3237 1173 3380 1211 nunc

1819 1276 2036 1329 quoque
2062 1275 2208 1312 nunc
2227 1257 2606 1327 experiemini,
2635 1271 2666 1309 ο
2698 1256 2789 1307 ﬁlii
2820 1254 3055 1315 lsraelis,
3082 1264 3379 1319 congruum

1821 1350 2042 1403 malitiae
2076 1358 2270 1403 vestra:
2306 1350 2514 1401 luentes
2559 1346 2909 1414 supplicium.
2942 1340 3170 1395 Videtur
3201 1346 3380 1388 autem

1820 1437 2003 1492 dicere
2055 1438 2321 1506 insignem
2373 1437 2612 1505 aliquam
2649 1434 2910 1488 sxvitiaui
2950 1446 3046 1499 per
3084 1427 3211 1480 illud
3248 1437 3385 1480 tem-

1824 1545 1923 1597 pus
1946 1530 2013 1582 ab
2044 1530 2149 1582 illis
2180 1539 2377 1589 actam,
2410 1528 2477 1580 de
2509 1541 2613 1595 qua
2641 1525 2772 1593 ipsis
2801 1523 3037 1590 cognita,
3072 1527 3130 1572 ut
3156 1517 3381 1570 creden-

1822 1620 1948 1671 dum
1990 1628 2093 1680 est,
2137 1620 2261 1672 facit
2290 1618 2617 1671 mentionem
2644 1632 2659 1667 :
2690 1629 2879 1681 nempe
2914 1612 3124 1673 dicens,
3156 1607 3382 1673 Qualem

1825 1717 1954 1760 tune
1985 1710 2339 1778 perpetrastis
2371 1720 2637 1762 summam
2683 1704 3002 1773 nequitiam,
3039 1706 3199 1753 talem
3245 1713 3391 1751 nunc

162 1788 293 1855 μετά
324 1788 523 1851 πολλῆς
545 1788 825 1858 ὠμότητος
846 1790 976 1860 παρ’
1008 1791 1187 1843 αὐτῶν
1216 1792 1440 1858 γεγονὸς
1473 1791 1613 1843 κατά
1631 1792 1722 1845 τὸν

1830 1799 2083 1851 ultionem
2119 1799 2312 1851 merito
2347 1795 2651 1865 patiemini.

161 1878 341 1947 καιρὸν
374 1878 612 1931 ἐκεῖνον’
640 1873 701 1930 οῦ
728 1878 1004 1949 γνωρίμου
1031 1880 1388 1949 τυγχάνοντος
1417 1882 1601 1943 αὐτοῖς
1633 1881 1708 1943 ὼς
1747 1884 1894 1947 είκδς
1938 1888 2231 1957 ἐποιήσατο
2287 1889 2536 1957 μνήμην·
2566 1885 2649 1937 ὅτι
2677 1875 2778 1937 Οἷα
2800 1881 2863 1952 δὴ
2907 1881 3241 1950 πεποιήκατε
3270 1878 3391 1929 τότε

158 1966 221 2019 δι’
250 1967 689 2037 ὑπερϐάλλουσαν
724 1967 943 2030 κακίαν,
970 1967 1195 2023 τοιαῦτα
1229 1969 1483 2022 πείσεσθε
1510 1971 1606 2024 νῦν
1640 1971 1797 2042 ὑμεῖς
1822 1976 2068 2039 δικαίως.

776 2058 933 2111 ΚΕΦ.
987 2058 1091 2110 ιΑο.

224 2148 370 2217 Στίχ.
399 2149 542 2202 α’-δ’.
559 2178 629 2188 —-—
653 2167 669 2199 ι
686 2149 917 2219 ὐρθρου
951 2148 1355 2221 ἀπερρίφησαν.
1381 2168 1398 2200 ι
1420 2149 1577 2203 Μετά
1599 2150 1725 2203 πολ-

161 2239 252 2309 λῆς
274 2240 560 2293 πεσοῦνται
592 2242 685 2310 τῆς
707 2242 1025 2311 ταχύτητος.
1054 2260 1073 2293 ‹
1106 2242 1191 2304 Ὠς
1214 2241 1407 2313 ὄρθρος
1426 2242 1535 2312 (Η)
1553 2244 1724 2315 ἀπερ-

162 2330 285 2398 ρίφη
319 2329 574 2398 βασιλεὺς
620 2330 854 2401 Ἰσραὴλ.
888 2350 905 2381 ι
943 2331 1107 2401 Δίκην
1134 2332 1331 2402 ὄρθρου
1380 2333 1516 2402 πρὸς
1550 2333 1725 2401 ὀλίγον

161 2419 429 2485 φανέντος,
461 2413 581 2471 εἶτα
602 2421 961 2489 παυσομένου,
993 2423 1021 2473 ὁ
1058 2420 1310 2490 βασιλεὺς
1333 2422 1513 2476 αὐτῶν
1542 2425 1726 2476 πεσεῖ-

157 2523 261 2559 ται.
293 2506 368 2576 (p.
393 2508 485 2576 80)
520 2526 538 2557 1
570 2509 712 2561 Διότι
743 2510 935 2578 νήπιος
963 2510 1194 2581 Ἰσραὴλ,
1215 2512 1307 2563 καὶ
1335 2510 1442 2580 ἐγὼ
1468 2512 1724 2581 ἠγάπησα

159 2599 346 2652 αὐτόν*
377 2599 475 2651 καὶ
523 2598 583 2663 ὲξ
630 2599 907 2667 Αἰγύπτου
947 2602 1281 2670 μετεκάλεσα
1315 2604 1528 2664 αὐτοὺς.
1555 2601 1727 2666 οὓτως

159 2687 352 2759 ᾤχοντο
378 2690 490 2743 ἀπὸ
518 2690 807 2761 προσώπου
843 2709 944 2761 μου
966 2710 979 2724 ·
1016 2694 1169 2746 αὐτοὶ
1201 2696 1311 2756 τοῖς
1341 2694 1549 2764 Βααλὶμ
1575 2693 1726 2746 ἔθυον

161 2782 246 2833 καὶ
266 2784 375 2843 τοῖς
397 2782 655 2849 γλυπτοῖς
679 2782 968 2852 ἐθυμίων.»
989 2784 1199 2854 Νήπιον
1227 2785 1382 2837 καλεῖ
1408 2785 1497 2836 τὸν
1514 2784 1727 2854 Ἰσραὴλ

161 2873 261 2924 ἀπὸ
283 2874 377 2925 τοῦ
410 2874 550 2926 κατά
567 2877 662 2945 τὴν
691 2876 965 2942 Αἴγυπτον
989 2893 1077 2928 και
1086 2876 1201 2946 ροῦ,
1226 2877 1458 2946 ὁπηνίκα
1481 2877 1728 2928 συνεστά-

160 2980 240 3016 ναι
278 2982 336 3017 τε
389 2966 487 3017 καὶ
529 2967 627 3033 τῆς
666 2967 983 3034 ἐπιμελείας
1048 2965 1249 3036 ἤρξατο
1289 2967 1576 3036 τυγχάνειν
1631 2966 1727 3036 τῆς

162 3054 321 3118 θείας.
363 3055 509 3123 Ἐγὼ
532 3056 630 3123 μὲν
658 3056 784 3126 γὰρ,
828 3058 1012 3124 φησιν,
1045 3056 1172 3109 εὐθὺ
1205 3057 1297 3109 καὶ
1336 3055 1475 3109 κατά
1506 3054 1727 3125 πρώτας

162 3154 279 3215 αρτι
302 3144 660 3199 συνίστασθαι
688 3147 1010 3216 ἀρξαμένων
1030 3146 1230 3216 πολλὴν
1254 3146 1597 3216 ἐποιησάμην
1629 3144 1727 3214 τὴν

162 3237 438 3305 πρόνοιαν,
473 3235 611 3288 ὥστε
639 3237 834 3297 αὐτοὺς
861 3237 954 3289 καὶ
987 3239 1257 3290 ὲκσπᾶσαι
1285 3241 1383 3308 τῆς
1412 3237 1687 3305 Αἰγύπτου
1708 3254 1723 3270 ο

2463 2062 2615 2117 CAP.
2656 2061 2750 2116 XI.

1896 2155 2062 2209 Vens.
2108 2153 2395 2224 HL—52
2449 2174 2466 2205 1
2506 2153 2663 2207 Mane
2714 2152 2909 2220 abjeeti
2961 2159 3108 2203 sunt.
3154 2167 3173 2199 ι
3229 2145 3395 2200 Valde

1824 2250 2081 2303 velociter
2129 2248 2343 2301 cadent.
2400 2266 2416 2297 1
2452 2246 2560 2300 Ceu
2614 2247 2940 2298 matutinum
2983 2251 3198 2310 tempus
3246 2238 3395 2306 abje-

1825 2349 1946 2394 ctus
1976 2340 2075 2393 fuit
2102 2357 2189 2392 rex
2220 2340 2456 2394 lsraelis.
2492 2357 2509 2388 ›
2546 2336 2705 2391 Velut
2732 2350 2893 2388 mane
2920 2333 3067 2386 brevi
3100 2345 3390 2400 apparens.

1825 2437 1880 2483 et
1909 2446 2031 2483 mox
2054 2429 2332 2489 desinens,
2364 2429 2437 2480 ita
2476 2442 2569 2481 rex
2600 2439 2787 2479 eorum
2823 2425 2999 2476 cadet.
3037 2440 3055 2471 1
3093 2422 3228 2485 Quia
3262 2434 3394 2487 puer

1826 2520 2011 2578 lsracl.
2067 2529 2120 2575 et
2163 2537 2260 2590 ego
2305 2520 2467 2573 dilexi
2518 2533 2663 2573 eum.
2714 2514 2785 2568 Et
2816 2531 2881 2569 ex
2930 2514 3162 2583 Aigypto
3206 2512 3392 2562 vocavi

1829 2628 1946 2677 eos,
1976 2613 2055 2666 sic
2080 2613 2331 2664 abierunt
2368 2627 2396 2663 a
2425 2609 2564 2663 facie
2592 2624 2746 2662 mea:
2778 2607 2878 2677 ipsi
2910 2605 3115 2658 Baalim
3148 2603 3397 2655 immola-

1826 2706 1978 2768 bant,
2012 2714 2067 2758 et
2098 2703 2443 2772 sculptilibus
2482 2702 2791 2756 adolebant.
2830 2719 2849 2752 ι
2891 2699 3121 2750 Puerum
3159 2694 3396 2762 appellat

1830 2795 2103 2851 lsraelem.
2146 2810 2174 2846 a
2224 2804 2463 2861 tempore
2491 2805 2600 2860 quo
2642 2790 2742 2843 fuit
2784 2789 2839 2841 in
2875 2789 3129 2855 Aﬂgypto,
3162 2799 3285 2837 cum
3341 2784 3394 2835 in

1828 2886 2083 2954 populum
2108 2896 2423 2937 exereseere
2446 2881 2627 2948 coepit,
2658 2886 2712 2933 et
2732 2893 2862 2933 cura
2892 2878 3073 2931 divina
3108 2874 3235 2927 frui.
3262 2871 3394 2941 Ego,

1830 2976 2028 3044 inquit,
2055 2976 2239 3028 statim
2264 2983 2317 3027 et
2339 2985 2469 3027 tunc
2495 2972 2732 3041 primum
2762 2969 3078 3039 incipientis
3097 2966 3400 3020 consistere

1830 3068 2052 3119 inultam
2094 3066 2237 3134 gessi
2274 3064 2693 3133 providentiam,
2748 3061 2823 3113 ita
2868 3069 2923 3113 ut
2961 3059 3122 3113 etiam
3166 3054 3399 3125 [Egypto

1828 3158 2190 3211 extraxerim:
2224 3156 2297 3209 illi
2330 3164 2507 3209 autem
2539 3153 2801 3222 aequalem
2842 3152 3014 3204 amori
3056 3164 3176 3203 meo
3204 3162 3267 3200 ae
3300 3160 3397 3213 pa—

1832 3247 2065 3300 trocinio
2095 3262 2249 3300 suain
2284 3252 2745 3314 exprompsernnt
2790 3242 3112 3311 nequitiam,
3144 3238 3325 3292 statim
3368 3250 3398 3287 a

162 3328 209 3379 oi.
235 3327 289 3381 δὲ
319 3327 588 3393 ἀνάλογον
614 3328 677 3395 τῇ
710 3328 837 3395 περὶ
879 3327 1077 3389 αὐτοὺς
1111 3328 1298 3399 ἀγάπῃ
1330 3345 1388 3378 τε
1418 3328 1511 3378 καὶ
1542 3329 1725 3396 ἐπιμε-

1833 3353 1918 3391 me
1948 3336 2298 3397 discedendo,
2328 3344 2382 3390 et
2406 3336 2473 3388 ad
2508 3335 2695 3388 vitium
2729 3332 3073 3390 declinando,
3115 3339 3400 3395 totumque

163 3421 276 3491 λεία
302 3422 401 3492 τὴν
438 3420 647 3474 ἑαυτῶν
679 3420 1019 3483 ἐπεδείξαντο
1043 3420 1437 3486 κακίαν,εύθὺς
1469 3420 1733 3472 ἀποστάν-

164 3529 248 3575 τες
297 3513 456 3582 ὲμοῦ,
508 3512 603 3565 καὶ
630 3510 927 3580 τραπέντες
962 3512 1055 3563 ἐπὶ
1089 3511 1150 3562 τὸ
1185 3513 1385 3581 χεῖρον,
1420 3512 1512 3563 καὶ
1542 3510 1604 3580 δὴ
1639 3513 1731 3564 καὶ

165 3605 269 3665 τοῖς
300 3603 545 3665 εἰδώλοις
575 3602 791 3655 ἃπασαν
823 3601 921 3671 τὴν
951 3602 1074 3671 ἐμοὶ¹
1101 3603 1484 3672 προσήκουσαν
1516 3603 1728 3672 νείμανο

166 3708 251 3754 τες
285 3692 547 3759 σπουδήν.
599 3710 616 3741 1
657 3691 765 3743 Καὶ
793 3688 904 3757 ἐγὼ
932 3692 1253 3744 συνεπόδισα
1288 3691 1375 3744 τὸν
1416 3692 1670 3762 Ἐφραίμ.
1706 3712 1725 3745 ι

166 3785 353 3838 Καίτοι
373 3800 437 3853 γε
464 3782 895 3852 διεσπαρμένους
924 3781 1028 3834 ὑπὸ
1047 3782 1155 3834 τῶν
1178 3782 1359 3835 κακῶν
1382 3782 1521 3835 κατά
1536 3784 1630 3853 τὴν
1646 3785 1732 3836 Αί-

167 3891 385 3942 γυπτον,
416 3872 531 3941 ἐγὼ
566 3873 653 3926 διὰ
683 3873 780 3942 τῆς
814 3871 1127 3941 ἐπιμελείας
1156 3873 1254 3941 τῆς
1280 3872 1419 3941 ἐμῆς
1442 3874 1520 3935 εἰς
1541 3874 1731 3925 ταύτὸν

168 3968 484 4034 συνήγαγον.
499 3984 515 4015 1
527 3964 636 4017 Καὶ
649 3963 906 4017 ἀνέλαϐον
918 3964 1078 4016 αὐτὸν
1093 3964 1185 4015 ἐπὶ
1196 3962 1285 4015 τὸν
1299 3962 1328 4031 β
1335 3962 1556 4032 ραχίονά
1572 3980 1691 4031 μου.
1706 3987 1724 4014 ο

171 4057 273 4109 Καὶ
286 4057 383 4125 τῆς
399 4055 717 4124 ἐπιμελείας
732 4054 892 4107 αὐτὸν
908 4052 1050 4107 κατά
1063 4052 1161 4124 τὴν
1176 4052 1399 4121 δύναμιν
1414 4052 1619 4121 ἠξίωσα
1634 4054 1732 4121 τὴν

171 4145 323 4215 ἐμήν.
364 4164 382 4195 1
424 4145 533 4197 Καὶ
563 4144 661 4195 οὐκ
709 4143 952 4209 ἔγνωσαν
978 4143 1061 4195 ὅτι
1089 4141 1245 4209 ἴαμαι
1281 4140 1496 4203 αύτούς.
1534 4160 1553 4191 ›
1591 4141 1732 4193 Οἰδὲ

170 4236 459 4302 ἐπιγνῶναι
494 4252 559 4305 με
589 4235 680 4287 τὸν
704 4233 970 4287 τοσούτων
998 4232 1194 4295 αὐτοὺς
1218 4232 1600 4296 ἀπαλλάξαντα
1630 4251 1729 4286 καο

169 4327 295 4391 κῶν,
344 4329 444 4381 ούκ
500 4326 885 4397 ἐϐουλήθησαν.
934 4345 952 4376 1
1005 4326 1093 4378 Ἐν
1129 4325 1394 4396 διαφθορᾷ
1434 4326 1731 4396 ἀνθρώπων

170 4418 387 4472 εἶλκυσα
427 4419 643 4481 αὐτοὺς,
678 4419 733 4469 ὲν
776 4418 993 4487 δεσμοῖς
1030 4416 1360 4485 ἀγαπήσεώς
1400 4434 1521 4485 μου.
1558 4436 1575 4467 ι
1609 4418 1731 4469 Οὐδ’

169 4510 248 4562 ὅτι
274 4510 415 4562 κατά
438 4509 529 4561 τὸν
557 4509 718 4577 νόμον
748 4507 1048 4576 ἀνθρώπων
1085 4507 1488 4577 διαφθείρεσθαι
1522 4508 1733 4577 μέλλον-

171 4618 264 4665 τας
290 4602 571 4664 ὲξέσπασα
610 4599 814 4661 πάντας
848 4599 1062 4663 αὐτοὺς,
1087 4599 1409 4670 ἀπορρητως
1442 4602 1509 4670 τῇ
1543 4601 1731 4674 ἀγάπῃ

1835 3443 2017 3491 suum,
2053 3426 2197 3495 quod
2224 3426 2355 3479 mihi
2379 3426 2671 3489 debebant,
2707 3422 2947 3477 studium
2994 3420 3154 3473 idolis
3194 3419 3403 3485 impen-

1836 3519 2027 3587 pendo.
2062 3538 2079 3568 1
2124 3518 2185 3571 Et
2215 3533 2315 3588 ego
2354 3516 2604 3587 colligavi
2645 3514 3022 3585 Ephraimum.
3055 3530 3071 3560 ι
3113 3508 3401 3578 Dispersus

1834 3611 1937 3664 sub
1956 3610 2212 3663 :erutnnis
2242 3624 2337 3678 per
2368 3606 2683 3677 Aigyptum,
2718 3620 2818 3673 ego
2844 3620 2976 3659 cura
3002 3617 3119 3656 mea
3147 3601 3199 3654 in
3233 3615 3399 3653 unum

1832 3700 2179 3768 congregavi.
2211 3716 2227 3748 1
2260 3697 2600 3765 Suscepique
2620 3710 2741 3748 eum
2765 3698 2820 3747 in
2848 3690 3133 3746 brachium
3161 3703 3398 3742 meum.)

1831 3790 2082 3859 Congrua
2115 3803 2244 3842 mea:
2268 3787 2521 3857 potentia:
2544 3785 2708 3838 tutela
2731 3784 2982 3852 dignatus
2999 3795 3138 3836 sum.
3167 3796 3186 3828 1
3210 3777 3272 3830 Et
3294 3793 3400 3830 non

1832 3889 2200 3949 cognoverunt
2220 3877 2365 3947 quod
2384 3892 2632 3931 sanarent
2656 3891 2771 3930 eos.
2799 3894 2818 3925 ι
2840 3878 2907 3927 At
2927 3874 3026 3941 ipsi
3048 3886 3152 3933 me,
3177 3869 3267 3939 qui
3291 3878 3403 3921 tan-

1833 3972 1903 4025 tis
1926 3986 2019 4025 eos
2042 3970 2265 4024 liberavi
2291 3969 2468 4030 malis,
2490 3982 2787 4036 agnoscere
2807 3966 3122 4019 noluerunt.
3143 3981 3162 4012 1
3193 3960 3250 4013 ln
3280 3974 3402 4012 eor-

1831 4064 2041 4132 ruptela
2065 4062 2345 4116 hominum
2372 4060 2513 4114 traxi
2534 4074 2628 4114 eos
2648 4059 2881 4111 vinculis
2898 4055 3182 4111 eharitatis
3204 4067 3352 4105 mete.
3377 4069 3397 4102 ι

1831 4154 1965 4208 Cum
2011 4154 2126 4223 lege
2163 4154 2440 4207 hominum
2490 4150 2715 4221 perituri
2760 4149 3013 4208 fuissent,
3047 4145 3219 4215 eripui
3254 4145 3401 4212 ipsos

1832 4260 2041 4304 omnes,
2072 4258 2273 4297 arcano
2295 4243 2456 4296 modo
2497 4244 2667 4295 amori
2691 4256 2807 4294 meo
2830 4240 3110 4307 copulans.
3138 4255 3155 4286 1
3190 4237 3405 4301 Eroqne

1830 4334 1977 4387 velut
2025 4334 2315 4401 exalapans
2347 4331 2619 4384 hominem
2673 4330 2725 4381 in
2774 4327 2990 4380 maxilla
3034 4326 3174 4392 ejus.
3215 4342 3232 4374 ›
3268 4322 3405 4374 Tam

1832 4439 2023 4494 graves
2047 4424 2154 4477 illis
2185 4424 2454 4491 imponam
2480 4422 2663 4490 plagas
2696 4428 2750 4471 et
2778 4416 3164 4486 castigationes
3183 4422 3406 4483 prepter

1832 4513 1969 4565 hanc
1991 4513 2451 4581 insaniam,quam
2478 4512 2762 4563 molestum
2776 4516 2860 4561 est
2883 4508 3119 4575 recipere
3136 4505 3187 4557 in
3210 4503 3400 4555 faciem

1834 4602 2067 4655 inflictas
2102 4601 2525 4655 verberationes.
2562 4618 2578 4649 1
2619 4598 2920 4665 Respiciam
2959 4595 3025 4649 ad
3059 4609 3206 4653 cum,
3240 4592 3403 4660 eique

174 4691 468 4759 συσφίγξας
490 4691 555 4758 τῇ
587 4689 718 4757 ἐμῇ.
745 4706 763 4737 1
800 4687 911 4740 Καὶ
945 4686 1134 4756 ἔσομαι
1165 4688 1237 4750 ώς
1266 4688 1509 4758 ῥαπίζων
1530 4690 1725 4760 ἀνθρω-

1843 4693 2048 4745 valebo.
2110 4713 2126 4742 ι
2164 4692 2359 4745 Totum
2402 4706 2487 4743 me
2526 4697 2838 4743 convertam
2876 4686 2943 4739 ad
2984 4684 3400 4754 castigationem

172 4799 267 4833 πον
321 4782 415 4834 ἐπὶ
458 4780 555 4850 τὴν
579 4778 801 4844 σιαγόνα
831 4776 1016 4830 αὐτοῦ.
1058 4796 1077 4828 ι
1105 4777 1261 4831 Οὕτω
1298 4778 1520 4847 βαρείας
1548 4780 1730 4844 αὐτοῖς

1835 4782 1977 4848 ejus,
2016 4790 2072 4835 ut
2121 4782 2200 4835 sic
2232 4789 2378 4834 certe
2425 4779 2793 4832 fortitudinem
2856 4791 3027 4830 meam
3084 4780 3401 4843 cognoscat.

172 4872 367 4923 ὲποίσω
409 4869 509 4931 τὰς
549 4867 760 4938 πληγάς
793 4868 885 4919 καὶ
924 4867 1024 4931 τάς
1062 4867 1331 4937 τιμωρίας
1362 4869 1482 4921 ἀντὶ
1514 4872 1611 4939 τῆς
1638 4869 1946 4940 ἀφροσύνης
1985 4870 2203 4942 ταύτης,
2250 4871 2434 4941 ὥσπερ
2467 4867 2558 4923 οὖν
2600 4868 2736 4938 βαρὺ
2777 4866 2919 4919 κατά
2941 4863 3228 4934 προσώπου
3255 4861 3404 4930 δέχεη

173 4961 289 5015 σθαι
328 4962 633 5032 φερομένας
679 4959 915 5031 πληγάς.
951 4976 970 5010 1
1023 4961 1416 5031 Ἐπιϐλέψομαι
1456 4963 1594 5031 πρὸς
1628 4963 1810 5027 αὑτὸν,
1847 4966 1939 5017 καὶ
1981 4966 2276 5036 δυνήσομαι
2316 4966 2480 5034 αὐτῷ.
2517 4985 2534 5015 ι
2579 4966 2654 5035 (p.
2682 4962 2769 5032 8|)
2810 4960 3003 5031 Τρέψω
3033 4959 3140 5029 γὰρ
3170 4954 3402 5027 ἐμαυτὸν

172 5053 285 5105 ὅλον
316 5055 396 5115 είς
424 5052 697 5121 τιμωρίαν
742 5048 929 5113 αὐτοῦ,
962 5048 1047 5101 ἵνα
1078 5049 1252 5120 τούτῳ
1278 5051 1330 5118 γ’
1351 5046 1466 5117 οὖν,
1487 5052 1639 5121 γνοίη
1663 5052 1760 5122 τὴν
1789 5057 1939 5127 ἰσχὺν
1972 5058 2069 5127 τὴν
2098 5058 2257 5126 ἐμήν,

239 5145 384 5214 Στίχ.
423 5143 554 5207 ε’-ζν,
603 5174 674 5184 --
701 5162 719 5193 1
756 5141 1091 5211 Κατῴκησεν
1140 5141 1378 5213 Ἐφραῖμ
1420 5144 1729 5211 Αἴγυπτονο

174 5236 264 5287 καὶ
301 5236 529 5305 Ἀσσοὺρ
553 5235 713 5296 αὐτὸς
744 5233 997 5303 βασιλεὺς
1034 5233 1219 5285 αὑτοῦ.
1264 5252 1281 5285 ι
1313 5234 1474 5286 Αὐτοὶ
1500 5236 1596 5304 μὲν
1626 5236 1735 5306 γὰρ

175 5323 402 5388 φυγάδες
463 5324 553 5375 ἐπὶ
590 5323 686 5389 τὴν
741 5322 1012 5387 Αἴγυπτον
1041 5321 1451 5386 ἀπελεύσονται,
1498 5322 1735 5391 οἰόμενοι

175 5413 278 5463 τῶν
328 5415 623 5482 Ἀσσυρίων
681 5413 981 5483 κερδαίνειν
1013 5411 1109 5481 τὴν
1140 5411 1325 5480 ἔφοδον
1347 5429 1363 5445 ο
1397 5414 1646 5482 ὀνήσουσι
1678 5413 1734 5465 δὲ

175 5505 355 5556 οὐδέν’
394 5506 578 5576 ἐπειδὴ
604 5506 742 5558 κατά
776 5504 837 5556 τὸ
871 5505 993 5573 ἐμοὶ
1031 5504 1221 5555 δοκοῦν
1259 5506 1736 5574 κατακρατήσουσι

1904 5148 2006 5218 53
2067 5147 2232 5203 Vsus.
2292 5147 2413 5201 5-7.
2457 5177 2525 5185 ——
2570 5164 2590 5196 1
2632 5144 2906 5199 Habitavit
2964 5140 3291 5209 Ephraimus
3347 5137 3402 5190 in

1833 5238 2089 5307 Egypto,
2119 5236 2377 5306 Assyrius
2407 5237 2523 5305 ipse
2558 5251 2651 5288 rex
2684 5234 2804 5303 ejus
2831 5232 2952 5286 fuit.
2989 5250 3007 5281 ι
3042 5230 3146 5300 Ipsi
3181 5228 3400 5298 quidem

1833 5328 2048 5396 profugi
2089 5326 2155 5379 ad
2193 5325 2486 5395 IEgyptum
2532 5325 2707 5387 ibunt,
2747 5329 3001 5392 putantes
3045 5335 3103 5373 se
3148 5317 3403 5386 Assyrio-

1834 5429 1952 5465 rum
1987 5413 2354 5467 inrursionem
2385 5412 2578 5475 vitare,
2617 5410 2708 5466 sed
2734 5410 2903 5464 hilum
2939 5425 3046 5461 non
3080 5406 3363 5475 proﬁcient
3385 5412 3411 5457 :‘

1834 5506 2031 5559 etenim
2073 5521 2157 5560 me
2189 5505 2421 5571 volente,
2454 5505 2681 5558 omnino
2711 5503 2820 5557 illis
2857 5500 3136 5570 potientur
3162 5495 3398 5565 Assyrii.

244 5664 351 5730 (ll)
382 5664 541 5720 Deest
572 5667 623 5720 in
659 5666 843 5721 Bibliis
900 5667 975 5729 ὡς
1011 5666 1224 5738 ὄρθρος.
1276 5668 1529 5722 Attamen
1592 5676 1644 5723 et
1699 5670 2065 5739 interpunctio
2094 5670 2320 5733 codicis,
2365 5680 2417 5724 et
2465 5666 2889 5723 commentarius
2930 5665 2993 5719 ad
3046 5662 3215 5718 Biblia
3259 5657 3401 5714 refe-

182 5741 319 5787 runt.
