3828 6216
482 252 575 307 l9!

1582 275 1931 337 TllEODURI
1972 284 2450 346 MOPSUESTEN'

3628 312 3727 366 192

475 365 591 417 Cur
650 380 779 423 vero
834 372 1112 439 patientur
1177 379 1328 438 hanc?
1388 405 1406 436 ι
1439 385 1708 452 Quoniam
1758 395 2014 451 noluerun

475 458 721 489 ρηηιςονίῖ
787 479 804 489 .
863 463 998 489 n..:.‘
1047 468 1207 489 η-κηο-
1316 476 1327 487 .
1503 480 1531 489 ..
1566 482 1578 489 .

2155 399 2372 466 πάντως
2399 404 2579 459 αὐτῶν
2633 408 2849 464 ἐκείνοι.
2884 412 3068 468 Ταῦτα
3100 414 3158 469 δὲ
3209 417 3484 473 πείσονται
3513 420 3601 474 διὰ
3629 423 3683 475 τί
3706 438 3735 489 ;‘

475 458 743 511 converti.
786 479 805 512 ι
863 463 1001 529 Quia
1046 468 1277 527 ﬁrmiter
1316 476 1369 530 in
1408 480 1614 535 malitia
1662 500 1760 539 sua
1798 502 2052 556 persevc-

476 554 693 611 rarunt,
735 550 939 606 nullam
980 572 1090 625 pra:
1124 577 1182 616 se
1218 563 1358 620 ferre
1400 570 1753 628 nmtalioncm
1782 579 2047 637 volentes.

480 650 498 681 ι
538 632 601 686 Ει
641 635 959 701 debilitatus
1001 660 1084 705 est
1132 654 1313 722 gladio
1347 660 1400 713 in
1454 663 1770 722 civitatibus
1809 672 1949 734 suis,
1995 683 2051 729 et

473 812 725 873 hostibus
770 822 905 878 nihil
942 829 1219 896 valebunt,
1277 812 1454 909 neque
1487 812 1890 905 ullatinusalutis
1919 868 2046 921 par-

473 910 583 955 tem
628 909 944 972 civitatibus
976 921 1092 976 suis
1141 926 1618 1003 conferentzquia
1664 952 1816 993 arma
1860 945 2045 1000 omnia

471 995 763 1067 omnisque
808 1018 1105 1075 apparatus
1152 1014 1403 1084 bellicus,
1456 1022 1731 1082 invalidus
1780 1045 2043 1100 superva-

472 1098 719 1156 cuusque
752 1093 1043 1160 videbitur.
1078 1119 1163 1158 me
1206 1110 1492 1166 resistente
1533 1115 1604 1168 ob
1631 1132 1820 1174 eorum
1853 1127 2045 1194 nequi-

472 1172 624 1239 tiam,
678 1192 960 1254 pmnzeque
1002 1204 1168 1247 causa
1219 1198 1524 1259 adducente
1581 1207 1713 1276 ipsis
1757 1172 2038 1285 Assyrios.

475 1283 493 1313 ι
527 1263 591 1319 Ει
625 1273 906 1331 comedent
945 1278 1011 1336 de
1053 1285 1478 1354 cogitationibus
1531 1299 1667 1353 suis.
1710 1320 1727 1351 ι
1764 1263 2040 1361 Conasilio-

2159 510 2178 541 ι
2222 493 2342 546 "Ott
2369 494 2468 547 οὑκ
2500 496 2771 569 ἠθέλησαν
2798 502 3147 574 ἐπιστρέψαι.
3179 525 3197 559 ι
3219 508 3436 581 Ἐπειδὴ
3457 512 3726 567 άνένδοτοι

2153 584 2529 653 μεμενήκασιν
2583 588 2643 640 ἑν
2683 593 2754 661 τῇ
2802 593 3012 648 ἑαυτῶν
3053 597 3243 669 κακίᾳ,
3274 602 3580 673 μεταϐολὴν
3605 605 3724 657 οὑδὲ

2152 679 2282 745 μίαν
2310 679 2677 746 ἐπιδείξασθαι
2717 683 3088 754 βουληθέντες.
3132 706 3153 739 ι
3189 691 3299 743 Καὶ
3328 692 3632 763 ἠσθένησεν
3665 697 3724 747 ὲν

2150 768 2394 839 ῥομφαίᾳ
2442 771 2500 824 ὲν
2544 776 2661 835 ταῖς
2685 774 2904 827 πόλεσιν
2932 777 3122 843 αὑτοῦ,
3167 781 3261 834 καὶ¹
3300 786 3640 840 κατέπαυσεν
3667 789 3726 840 ὲν

2147 859 2266 919 ταῖς
2294 859 2483 929 χερσὶν
2512 863 2699 917 αὑτοῦ.
2742 883 2762 918 ι
2801 867 3102 938 Τοιγαροῦν
3126 872 3279 925 οὐδὲν
3310 875 3589 944 ίσχύσουσι
3618 896 3726 948 μα-

2146 948 2366 1017 χόμενοι
2394 952 2528 1021 πρὸς
2583 956 2707 1019 τοὺς
2752 958 3068 1027 πολεμίους,
3110 962 3228 1015 οὐδέ
3259 981 3379 1020 τινα
3426 970 3724 1039 παρέξουσι

2143 1041 2264 1101 ταῖς
2280 1040 2489 1095 ἑαυτῶν
2518 1044 2705 1098 πόλεσι
2718 1050 2992 1118 σωτηρίαν
3012 1067 3025 1080 ·
3050 1053 3238 1122 ἐπειδὴ
3259 1057 3433 1109 πάντα
3466 1060 3535 1113 τὰ
3556 1062 3720 1127 ὅπλα,

2144 1129 2238 1181 καὶ
2284 1133 2432 1186 πᾶσα
2483 1140 2802 1209 παρασκευὴ
2844 1140 3114 1213 πολεμικὴ
3140 1145 3328 1211 ἄτονος
3359 1151 3451 1202 καὶ
3481 1156 3720 1225 περιττὴ

2144 1222 2415 1286 φανεῖται,
2474 1224 2932 1295 ἀντιπράττοντος
2985 1230 3085 1299 μὲν
3111 1234 3298 1299 αὑτοῖς
3340 1238 3472 1308 ἐμοῦ
3502 1222 3591 1294 διᾶ

2142 1308 2321 1363 αὑτῶν
2350 1312 2568 1378 κακίαν,
2592 1316 2890 1384 ἐπάγοντος
2916 1320 2974 1375 δὲ
2999 1323 3183 1387 αὐτοῖς
3209 1326 3301 1379 ἐπὶ
3331 1331 3571 1403 τιμωρίᾳ
3590 1336 3721 1397 τοὺς

2154 1398 2493 1471 Ἀσσυρίους.
2542 1423 2561 1455 ι
2591 1407 2701 1459 Καὶ
2739 1408 3004 1477 φάγονται
3034 1415 3100 1466 ὲκ
3138 1416 3246 1471 τῶν
3270 1417 3588 1475 διαϐουλίων
3613 1426 3719 1477 αὑ-

2137 1490 2265 1543 τῶν.
2303 1512 2322 1543 ι
2361 1494 2481 1547 Τῶν
2528 1498 2746 1553 οἰκείων
2797 1500 3181 1574 βουλευμάτων
3230 1510 3721 1578 άπολαύσουσι,τι-

2139 1582 2351 1653 μωρίαν
2381 1585 2742 1656 ὑπομένοντες
2776 1592 2952 1659 ἀξίαν.
2987 1613 3007 1647 ι
3050 1599 3157 1650 Καὶ
3186 1601 3214 1652 ὁ
3237 1600 3361 1665 λαὸς
3397 1605 3560 1658 αὑτοῦ
3594 1610 3720 1661 ἑπι-

2137 1676 2476 1745 κεκραμένος
2515 1680 2580 1733 ἐκ
2632 1682 2730 1752 τῆς
2772 1687 3056 1750 κατοικίας
3081 1690 3266 1745 αὑτοῦ.
3308 1712 3327 1745 ι
3357 1696 3432 1747 Οὑ
3470 1697 3580 1769 γὰρ
3613 1715 3721 1767 με·

463 1732 656 1777 omnes
696 1732 957 1798 tanquam
977 1737 1243 1802 pendulos
1273 1745 1587 1818 nullamque
1626 1753 1801 1809 basim
1830 1756 2014 1813 haben!

463 1812 568 1856 tes.
603 1812 785 1856 sultitn
818 1821 1120 1856 nni-rint“...
1159 1829 1404 1856 Α--....ε-.-
1430 1837 1477 1856 ε--
1529 1854 1538 1856 -
1622 1842 1659 1856 ,ο
1704 1844 1734 1856 .-
1783 1853 1792 1856 Α
1956 1850 1967 1856 .
1993 1850 2004 1856 -

2135 1732 2435 1821 νοῦσινιὲπὶ
2457 1732 2559 1840 τῆς
2581 1732 2848 1843 οἰκησεως
2885 1777 2987 1846 τῆς
3029 1732 3187 1844 ίδίας,
3222 1784 3343 1837 οὐδὲ
3380 1732 3729 1856 ἀσςίαὶέςμτὸ

462 1812 568 1870 tes,
603 1812 785 1866 subito
818 1821 1123 1891 corripiens
1147 1829 1406 1902 Assyrius
1430 1837 1483 1890 in
1500 1812 1886 1911 captivitatem
1919 1850 2037 1904 abi-

557 1938 567 1950 .
604 1919 624 1952 ι
657 1902 721 1957 Ει
746 1905 889 1966 Deus
921 1928 1087 1984 super
1114 1923 1349 1988 pretiosa
1374 1928 1495 1997 ejus
1528 1932 1817 2003 irascetur,
1839 1948 1894 1993 et
1922 1957 2033 1996 non

458 1990 722 2047 exaltabit
759 2014 915 2097 cum.
953 2024 971 2055 ι
1023 2006 1300 2082 Quidquid
1356 1990 1500 2088 apud
1555 2040 1680 2079 eum
1732 1990 2031 2097 pretiosum

455 2087 562 2144 est,
606 2092 668 2180 et
718 2088 912 2147 affectu
962 2096 1184 2168 dignum
1228 2087 1465 2176 videtur,
1514 2113 1618 2171 hoc
1661 2087 1805 2176 De-us
1847 2121 2033 2180 furore

456 2182 557 2223 suo
587 2171 852 2247 destruet,
874 2184 1051 2243 donec
1075 2190 1141 2245 ad
1173 2203 1471 2255 extremam
1496 2204 1774 2263 miseriam
1800 2220 2032 2269 cunctos

453 2260 686 2330 redigat.

450 2348 618 2456 δοκεῖ,
675 2358 831 2415 τοῦτο
864 2366 892 2417 ὁ
929 2367 1062 2436 Θεὸς
1110 2374 1331 2444 ἀφανιεί
1376 2381 1453 2454 τῷ
1504 2384 1664 2460 θυμῷ

450 2455 586 2506 γειν.

439 3027 662 3088 Auxilio
708 3050 860 3096 certe
894 3050 947 3099 te
985 3048 1211 3119 dignum
1255 3072 1363 3113 non
1401 3062 1619 3137 judico;
1651 3084 1840 3129 contra
1889 3094 2016 3135 vero

1051 3117 1070 3119 _
1401 3117 1420 3130 ,
1508 3117 1840 3137 ,_-,--......
1896 3117 2013 3135 ,ων

438 3117 664 3220 dignum
727 3129 822 3184 tibi
867 3134 1180 3206 impositum
1228 3147 1295 3203 iri
1347 3157 1675 3223 supplicium
1718 3180 2013 3237 cognosco,

437 3210 486 3265 si
514 3221 901 3290 catastrophen
952 3227 1100 3285 illam
1148 3238 1393 3311 patieris,
1437 3262 1558 3316 qua:
1603 3210 1872 3326 Sodouﬁe,
1907 3212 2015 3316 (ἱοῙ

438 3305 668 3326 ...Α--Ι--
810 3323 820 3326 -
900 3318 910 3326 ¹
951 3320 964 3326 “

437 3305 711 3421 πίθοι-τίω,
770 3323 827 3367 et
883 3318 1108 3379 Adama:
1173 3336 1230 3382 et
1290 3305 1547 3393 Seboimo
1600 3340 1707 3414 54
1761 3305 2011 3421 contigit.

1600 3394 1707 3414 ψ,
1767 3394 1908 3404 --....

441 3410 461 3441 ι
500 3394 835 3458 (Ionversum
869 3418 954 3463 est
985 3428 1082 3467 cor
1107 3432 1311 3489 meum,
1341 3428 1549 3493 pariter
1572 3439 1897 3494 conturbata
1914 3394 2013 3499 1ἰὶει

435 3487 719 3587 pmpitudo
758 3511 877 3551 mea
911 3515 924 3551 :
958 3518 1068 3560 non
1098 3523 1251 3579 agam
1297 3520 1596 3577 secundum
1635 3526 1769 3584 iram
1804 3531 2011 3592 furoris

433 3576 562 3641 mei,
627 3597 737 3638 non
798 3589 973 3647 sinam
1020 3597 1187 3656 deleri
1247 3603 1625 3676 Ephraimum.
1655 3638 1674 3671 ι
1718 3620 1822 3678 Sed
1862 3628 2007 3682 enim

430 3681 747 3742 quanquam
800 3697 897 3738 vos
945 3690 1191 3759 apprime
1239 3698 1437 3767 dignos
1484 3721 1645 3775 pmna
1695 3711 2008 3784 bujusmodi

1545 3942 1765 3951 --ψη-η
1808 3942 2002 3965 ..μη-η.

428 3942 498 3996 ad
546 3952 925 4015 paenitentiam
975 3967 1184 4032 trahor,
1231 3982 1353 4028 uta
1406 3977 1591 4037 furore
1623 3985 1880 4059 deinceps
1914 3993 2007 4047 dc-

1568 4034 1587 4037 -
1628 4034 1880 4059 "ﬂ---"
1915 4034 2002 4047 ..ν

427 4034 628 4138 sinam,
680 4056 857 4115 neque
893 4066 986 4107 vos
1032 4056 1209 4113 sinam
1248 4078 1507 4134 supremo
1540 4074 1709 4128 exitio
1758 4078 2002 4138 interire.

433 4140 454 4173 ι
481 4122 753 4192 Quoniam
800 4135 945 4195 Deus
990 4159 1092 4215 ego
1125 4164 1268 4214 sum,
1299 4162 1354 4209 et
1386 4172 1496 4213 non
1528 4160 1693 4217 homo
1719 4165 1773 4220 in
1825 4172 2004 4227 medio

428 4221 527 4274 tui.
558 4236 576 4268 ο
631 4221 773 4281 Deus
823 4231 1025 4303 quippe
1064 4253 1185 4294 sum
1236 4247 1479 4302 omnium
1530 4263 1765 4323 creator,
1817 4268 1871 4315 et
1916 4278 2002 4319 re-

424 4328 547 4368 rum
585 4318 829 4374 omnium
865 4331 1127 4395 tanquam
1157 4348 1399 4392 mearum
1428 4347 1575 4397 tutor
1603 4360 1617 4396 ι
1649 4363 1826 4418 neque
1860 4354 1997 4407 ulla-

423 4412 584 4461 tenus
623 4411 790 4465 vestri
834 4412 1032 4472 similis
1069 4428 1124 4475 et
1153 4421 1373 4481 illorqu
1422 4433 1516 4499 qui
1558 4434 1702 4490 inter
1737 4411 1844 4496 vos
1883 4460 2002 4498 ver-

419 4504 632 4553 santur.
675 4519 694 4553 ι
733 4500 993 4572 Sanctus,
1044 4521 1098 4566 et
1143 4530 1254 4570 non
1316 4520 1591 4591 ingrediar
1633 4529 1934 4592 civitatem.
1974 4554 1993 4589 ι

419 4587 533 4661 Ego
563 4594 777 4654 alienus
829 4617 949 4657 sum
988 4606 1243 4666 humanis
1288 4618 1504 4674 cunctis
1540 4622 1705 4679 rebus
1740 4641 1803 4680 ac
1837 4646 2000 4699 supe-

417 4681 572 4737 rior:
622 4702 730 4742 non
773 4690 911 4763 dego
936 4694 989 4749 in
1040 4699 1271 4758 urbibus
1318 4705 1559 4764 humano
1603 4728 1775 4780 more,
1819 4735 1998 4789 neque

414 4771 529 4828 illic
561 4776 856 4837 incolatum
884 4786 1172 4845 vobiscum
1201 4802 1389 4853 tenere
1422 4801 1591 4857 soleo.
1622 4804 1987 4870 Quamobrem

414 4879 593 4933 neque
615 4869 955 4928 voluntatum
985 4890 1293 4939 vestrarum
1323 4903 1445 4942 sum
1479 4894 1775 4966 particeps,
1813 4914 1990 4970 neque

415 4955 638 5010 malitia:
684 4959 737 5012 in
785 4978 895 5030 qua
933 4965 1117 5023 vivere
1165 4978 1437 5045 satagitis.
1476 4955 1613 5035 Nam
1657 4955 1849 5040 contra
1889 4955 1988 5059 po-

412 5044 545 5110 tius,
590 5049 805 5105 etiamsi
849 5055 1087 5113 debitum
1135 5044 1371 5123 subituri
1416 5074 1588 5131 eratis
1633 5081 1985 5149 supplicium,

409 5151 509 5204 per
537 5154 807 5195 summam
847 5152 1029 5201 tamen
1082 5153 1517 5217 misericordiam
1560 5164 1632 5221 do
1669 5182 1889 5238 operam
1929 5179 1989 5225 ut

408 5224 467 5280 id
497 5243 841 5301 nequaquam
869 5238 1174 5306 patiamini.

408 5317 519 5389 γὰρ
544 5324 638 5376 καὶ
672 5324 888 5381 δικαίαν
935 5330 1155 5403 ὑπέχειν
1206 5336 1493 5407 μέλλοντες
1537 5345 1830 5415 τιμωρίαν,

409 5411 616 5481 ἁγομαι
647 5415 872 5487 ταύτης.

482 5521 649 5578 Vens.
684 5524 868 5580 10-12.
900 5556 966 5567 —-—
1001 5549 1020 5581 ι
1052 5530 1181 5589 Post
1216 5535 1505 5592 Dominum
1536 5542 1915 5599 ambulabunt.
1956 5566 1975 5598 ι

407 5609 694 5670 Ρνωᾱὶοιω
738 5619 902 5673 veluti
930 5619 1023 5677 Dei
1062 5624 1324 5683 locutioni
1367 5622 1470 5684 hoc
1500 5633 1741 5690 subtexit
1768 5637 2019 5707 addita-3

408 5711 651 5761 mentum
693 5711 979 5781 propheta,
1025 5715 1097 5770 ita
1146 5716 1317 5775 ferme
1363 5721 1572 5791 dicens,
1621 5735 1872 5794 oportere
1924 5730 1977 5782 in

2132 1859 2550 1929 κατοικητήριον
2565 1860 2748 1944 ἕξουσι
2759 1864 2820 1917 τὸ
2839 1866 3032 1921 αὐτόθι
3052 1886 3067 1900 ο
3091 1872 3279 1943 ἐπειδὴ
3292 1875 3498 1940 πάντας
3514 1878 3719 1944 αὐτοὺς

2130 1945 2319 2017 ὥσπερ
2335 1936 2647 2021 ὲκκρεμεῐς
2662 1954 2842 2021 ὄντας,
2880 1960 2970 2011 καὶ
2992 1961 3112 2014 οὐδὲ
3132 1936 3508 2036 μίανεχοντας
3530 1936 3724 2040 βάσιν,

2131 2035 2325 2105 ἀθρόον
2375 2044 2728 2111 συναρπάσας
2771 2049 2799 2100 ὁ
2867 2049 3154 2122 Ἀσσύριος
3188 2058 3269 2118 είς
3319 2035 3723 2128 αἰχμαλωσίαν

2130 2125 2348 2190 ἀπάξει.
2399 2131 2477 2200 (p.
2514 2132 2604 2203 8‘2)
2648 2151 2667 2185 ι
2702 2135 2813 2188 Καὶ
2848 2139 2878 2190 ὁ
2904 2138 3037 2204 Θεὸς
3068 2142 3160 2195 ἐπὶ
3210 2144 3281 2199 τά
3328 2125 3490 2217 τίμια
3538 2151 3712 2204 αὑτοῦ

2135 2216 2536 2291 θυμωοησεται,
2567 2226 2662 2278 καὶ
2685 2227 2746 2278 οὑ
2770 2230 2845 2298 μὴ
2873 2230 3061 2304 ὑψώσῃ
3092 2235 3307 2289 αὑτόν.)
3328 2216 3443 2291 Πᾶν
3462 2240 3573 2311 γὰρ
3606 2241 3634 2294 ὃ
3654 2244 3715 2296 τί

2136 2326 2270 2363 ποτε
2308 2314 2438 2383 παρ’
2463 2316 2611 2387 αὑτῷ
2655 2318 2836 2389 τίμιόν
2880 2340 2940 2376 τε
2972 2326 3067 2378 καὶ
3112 2328 3346 2399 σπουδῆς
3381 2330 3529 2396 ἄξιον
3564 2329 3709 2388 εἶναι

1705 2391 1782 2464 τῷ
1806 2396 1992 2469 οἰκείῳ
2019 2416 2031 2429 ·
2093 2398 2235 2455 ὥστε
2285 2404 2422 2475 πρὸς
2470 2407 2569 2477 τὴν
2621 2410 2857 2483 ἐσχάτην
2919 2416 3248 2473 ταπείνωσιν
3287 2391 3530 2487 άπαντας
3569 2427 3709 2495 ἀγα-

2191 2625 2340 2696 Στίχ.
2378 2629 2449 2698 η’,
2471 2627 2531 2681 θ’.
2558 2659 2627 2669 -
2650 2649 2668 2682 ι
2697 2632 2763 2684 Τί
2786 2652 2843 2688 σε
2860 2636 3050 2703 διαθῶ,
3090 2634 3352 2711 Ἐφραῖμς
3380 2639 3705 2709 ὑπερασπιῶ

2122 2732 2239 2779 σου,
2264 2714 2508 2795 Ἰσραήλ;
2536 2740 2553 2772 ι
2584 2719 2747 2775 Ἀλλὰ
2765 2722 2873 2793 γὰρ
2902 2723 2955 2775 τί
2986 2740 3055 2794 με
3088 2730 3363 2798 προσῆκεν
3388 2731 3478 2783 ἐπὶ
3508 2734 3701 2786 τοσού-

1978 2808 2021 2860 i-
2118 2824 2232 2871 τοις
2268 2807 2361 2861 καὶ
2398 2809 2739 2881 τηλικούτοις
2770 2816 2959 2878 κακοῖς
2995 2816 3395 2888 διαπράξασθαι
3440 2823 3569 2893 περὶ
3613 2824 3698 2890 σὲ;

1999 2898 2017 2950 ?
2118 2898 2384 2969 βοηθῆσαί
2431 2916 2514 2952 σοι
2560 2900 2636 2964 ὼς
2680 2905 2740 2956 ἐν
2766 2906 3046 2972 μεγίστοις
3078 2908 3449 2983 ἐξεταζομένῳ
3479 2918 3706 2989 κακοῐς;

444 2934 602 3042 Dicul
652 2944 876 3004 Adamn:
928 2956 1025 3010 tibi
1082 2934 1310 3034 faciam,
1356 2979 1412 3024 et
1472 2974 1616 3031 sicut
1648 2934 2009 3042 ,Selboimo.vi
2042 2975 2084 3034 ο

2122 3007 2141 3039 ‹
2175 2990 2240 3041 Τί
2271 3008 2329 3043 σε
2367 2990 2553 3056 διαθῶ,
2589 2992 2955 3065 Ἐφραΐμ;ὡς
2989 2998 3207 3069 Ἀδαμα
3242 3001 3476 3072 θήσομαί
3510 3021 3568 3056 σε
3602 3008 3700 3058 καὶ

2115 3077 2191 3142 ὡς
2219 3079 2469 3151 Σεὸοείμ.
2510 3101 2528 3133 ι
2573 3081 2712 3136 Ἀλλ’
2769 3087 2983 3141 ἐκείνου
3034 3106 3097 3156 γε
3156 3092 3255 3143 οὑκ
3292 3092 3421 3147 ὄντα
3454 3111 3515 3147 σε
3542 3094 3704 3161 ἄξιον

2114 3171 2296 3239 τυχεῖν
2329 3170 2568 3242 εὑρίσκω
2588 3189 2601 3202 ·
2646 3173 2956 3231 τούναντίον
2995 3180 3094 3249 μὲν
3131 3177 3223 3237 οὗν
3255 3186 3318 3237 ἐκ
3342 3185 3447 3239 τῶν
3478 3204 3698 3261 πεπρα-

2113 3259 2332 3327 γμένων
2377 3261 2592 3317 δικαίαν
2642 3267 3099 3341 ὲπαχθησομένην
3134 3290 3217 3327 σοι
3246 3277 3511 3348 τιμωρίαν
3538 3259 3694 3350 εὑρί-

2114 3366 2280 3414 σκων,
2316 3352 2365 3405 εί
2424 3353 2523 3424 τὴν
2567 3360 2949 3430 καταστροφὴν
3004 3363 3354 3434 ὑπομείνειας
3386 3368 3564 3439 ἥνπερ
3597 3372 3697 3424 Σό-

2111 3440 2250 3512 δομά
2269 3460 2326 3494 τε
2353 3445 2446 3497 καὶ
2458 3445 2671 3516 Γόμορα
2700 3449 2795 3500 καὶ
2817 3450 3037 3522 Ἀδαμα.
3059 3455 3153 3507 καὶ
3176 3454 3407 3526 Σεὸοεὶμ
3429 3459 3554 3526 γενέ
3565 3460 3699 3513 σθαι

2108 3532 2229 3585 τότε
2259 3535 2478 3607 συνέϐη.
2517 3556 2536 3589 ι
2574 3538 2940 3613 Μετεστράερη
2981 3546 3014 3614 ἡ
3047 3546 3245 3617 καρδία
3280 3564 3405 3617 μου,
3429 3549 3489 3601 ὲν
3513 3550 3697 3622 τούτῳ

2111 3626 2482 3698 συνεταράχθη
2514 3631 2545 3699 ἡ
2572 3632 2905 3701 μεταμέλειά
2940 3652 3042 3706 μου
3064 3650 3076 3664 ’
3108 3639 3169 3690 οὑ
3205 3638 3279 3709 μὴ
3311 3641 3523 3709 ποιήσω
3546 3645 3695 3696 κατὰ.

2106 3716 2205 3784 τὴν
2232 3717 2401 3788 ὀργὴν
2448 3721 2543 3774 τοῦ
2596 3724 2768 3792 θυμοῦ
2802 3743 2934 3794 μου·
2992 3727 3053 3779 οὑ
3095 3728 3170 3799 μὴ
3206 3731 3562 3797 ἐγκαταλίπω
3592 3734 3690 3787 τοῦ

1988 3830 2005 3880 ;
2106 3804 2488 3879 ἐξαλειφθῆναι
2526 3813 2616 3866 τὸν
2658 3815 2915 3887 Ἐφραΐμ.
2950 3835 2968 3867 ι
3016 3819 3177 3873 Ἀλλὰ
3221 3821 3330 3892 γὰρ
3359 3823 3451 3876 καὶ
3477 3825 3694 3896 σφόδρα.

1990 3944 2002 3965 ,
2105 3897 2308 3969 ταύτης
2337 3902 2480 3972 ὑμᾶς
2522 3904 2681 3968 ὄντας
2735 3906 2919 3973 ἀξίους
2953 3909 3221 3981 εὑρίσκων
3260 3914 3358 3983 τῆς
3392 3918 3690 3987 τιμωρίας,

2108 3991 2517 4063 μεταϐέϐλημαι
2581 3995 2680 4065 τὴν
2724 3996 2964 4051 διάνοιαν
2994 4000 3080 4070 ἐφ’
3108 4002 3259 4072 ὑμῖν,
3304 4006 3398 4057 καὶ
3419 4022 3686 4060 συντετα-

2109 4082 2378 4152 ραγμένος
2410 4103 2524 4148 πως
2546 4089 2611 4157 τῇ
2638 4087 2758 4155 ὄψει
2787 4090 2885 4159 τῆς
2917 4091 3186 4164 ὑμετέρας
3208 4100 3514 4168 συμφορᾶς,
3546 4099 3689 4169 πρὸς

2107 4173 2469 4242 μεταμέλειαν
2510 4176 2763 4248 ἕλκομαι,
2810 4182 2951 4237 ὥστε
3004 4202 3072 4255 με
3113 4188 3420 4261 ἀποστῆναι
3458 4194 3558 4262 μὲν
3588 4198 3685 4251 τοῦ

2104 4259 2405 4331 θυμοῦσθαι
2424 4264 2630 4333 λοιπὸν,
2656 4269 2732 4338 (p.
2749 4271 2837 4341 83)
2859 4273 2933 4344 μὴ
2965 4275 3252 4345 ἀνέχεσθαι
3281 4259 3335 4332 δὲ
3359 4259 3687 4339 καταλιπεῖν

2103 4350 2247 4419 ὑμᾶς
2290 4352 2581 4427 ἀφανισμῷ
2624 4361 2877 4415 παντελεῖ
2928 4367 3412 4440 παραδιδομένους.
3463 4395 3482 4426 ι
3533 4379 3683 4431 Διότι

2098 4442 2230 4507 Θεὸς
2256 4445 2366 4513 ἐγώ
2404 4448 2542 4516 είμι,
2572 4451 2667 4503 καὶ
2692 4453 2791 4505 οὑκ
2821 4453 3110 4525 ἄνθρωπος
3131 4460 3189 4512 ὲν
3208 4463 3313 4515 σοί.
3349 4482 3368 4515 ι
3402 4464 3539 4529 Θεὸς
3568 4469 3683 4539 γάρ

2097 4534 2262 4604 εἰμιὸ
2302 4539 2478 4591 πάντα
2506 4558 2567 4593 τε
2596 4543 2933 4613 πεποιηκὼς,
2970 4549 3063 4601 καὶ
3105 4551 3324 4607 πάντων
3353 4554 3428 4618 ὡς
3457 4559 3681 4613 οἰκείων

2095 4626 2393 4696 κηδόμενος
2418 4630 2617 4700 ἔργων,
2662 4635 2784 4688 κατ’
2812 4638 2966 4691 οὐδὲν
2996 4640 3258 4713 ὑπάρχων
3294 4650 3681 4719 παραπλήσιος

2091 4719 2204 4780 τοῖς
2230 4720 2351 4773 καθ’
2378 4722 2521 4791 ὑμᾶς
2544 4742 2604 4777 τε
2638 4728 2731 4781 καὶ
2755 4729 2814 4782 ὲν
2832 4730 2961 4801 ὑμῖν
2981 4735 3390 4805 στρεφομένοις.
3418 4758 3436 4790 ι
3461 4743 3677 4810 ”Αγιος,

2094 4807 2188 4859 καὶ
2217 4810 2315 4863 οὑκ
2356 4812 2734 4887 εἰσελεύσομαι
2773 4822 2853 4884 είς
2898 4822 3075 4876 πόλιν.
3114 4844 3132 4875 ι
3178 4828 3320 4894 Ἐγὼ
3359 4830 3470 4903 γὰρ
3500 4807 3681 4906 ἀπήλέ

2093 4897 2302 4970 λαγμαί
2330 4920 2389 4955 τε
2421 4907 2513 4959 καὶ
2548 4908 2885 4982 ὑπέρκειμαι
2918 4913 3135 4968 πάντων
3171 4919 3280 4972 τῶν
3312 4897 3679 4993 ἀνθρωπίνων

2092 4994 2436 5063 πραγμάτων
2466 5014 2480 5027 ·
2513 5000 2615 5053 οὑκ
2652 5003 2710 5054 ὲν
2751 5004 2940 5059 πόλεσι
2972 5006 3173 5075 διάγων
3198 5012 3343 5065 κατὰ
3368 5014 3538 5082 νόμον
3577 5018 3677 5071 άν-

2094 5078 2345 5151 θρώπων,
2372 5086 2490 5139 οὐδὲ
2530 5089 2629 5155 τὰς
2655 5093 2844 5148 αὐτόθι
2879 5096 3162 5168 διατριϐὰς
3192 5102 3312 5171 μεθ’
3349 5078 3505 5175 ὑμίῦν
3543 5109 3678 5163 είθι-

2096 5172 2295 5239 σμένος
2331 5179 2635 5234 ποιεῖσθαν
2697 5184 2819 5236 ὅθεν
2865 5187 2988 5240 οὑδὲ
3030 5191 3272 5244 κοινωνῶ
3308 5172 3410 5263 τῆς
3441 5197 3677 5270 γνώμης

2094 5261 2222 5331 ὑμῖν
2256 5266 2347 5318 καὶ
2380 5271 2445 5340 τῇ
2473 5274 2641 5346 κακίᾳ
2745 5276 2912 5349 συζῆν
2942 5261 3677 5345 ἐσπουδάκατεθτοὺναντίον

1875 5348 2238 5407 ἀπαλλάττειν
2291 5356 2358 5410 δι’
2414 5360 2717 5435 ὑπερϐολὴν
2771 5367 2955 5432 ἐλέους
2994 5373 3121 5437 τοὺς
3169 5375 3483 5446 πάσχοντας
3538 5398 3677 5453 προ⁴

2160 5552 2305 5621 Στίχ.
2343 5557 2490 5626 ι’-ιβ¹.
2525 5588 2594 5598 -
2624 5578 2643 5612 ι
2701 5563 2909 5621 Ὀπίσω
2951 5569 3160 5641 Κυρίου
3210 5576 3593 5645 πορεύσονται.
3646 5605 3665 5638 ι

2102 5640 2189 5705 Ὠς
2216 5644 2308 5697 ἐπὶ
2330 5648 2393 5717 τῇ
2429 5655 2761 5725 προκειμένῃ
2808 5658 2904 5710 τοῦ
2944 5640 3078 5714 Θεοῦ
3113 5640 3402 5738 φωνῇ-τὴν
3443 5671 3669 5745 ἐπαγωι

2088 5733 2190 5803 γὴν
2220 5733 2247 5784 ὀ
2273 5740 2554 5812 προφήτης
2581 5746 2872 5819 πεποίηται
2896 5750 3121 5825 ταύτην,
3146 5733 3429 5813 τοιοῦτό-τι
3466 5733 3664 5833 λέγων,
