3824 6224
133 262 229 317 435

1154 255 1700 315 COMMENTARIUS
1732 257 1797 313 IN
1840 256 2041 314 OSEA'I
2081 260 2233 316 CAP.
2271 261 2386 317 XII.

3282 269 3381 322 12M

124 372 487 429 ὃτιἘπεσθαι
501 370 566 443 δὴ
587 371 769 426 λοιπὸν
787 373 1054 445 προσήκει
1075 375 1153 446 τῷ
1168 374 1416 445 τοιούτῳ,
1431 374 1526 428 καὶ
1541 375 1709 429 πάντα

1818 386 2094 443 posterum
2146 376 2311 431 Deum
2354 379 2575 443 sectari,
2619 386 2782 449 atque
2831 378 3054 434 omnino
3102 394 3262 450 agere
3301 397 3382 436 se-

127 463 393 532 πράττειν
439 463 576 515 κατὰ
626 462 689 514 τὺ
722 461 913 515 δοκοῦν
946 466 1025 533 τῷ
1060 464 1181 534 Θεῷ
1226 463 1398 527 οὕτως
1426 464 1618 534 ήμέρῳ
1650 479 1707 515 τε

123 555 236 607 ὄντι
267 556 369 609 καὶ
401 553 771 626 φιλανθρώπῳ
794 556 924 626 περὶ
951 556 1116 627 ὑμᾶς.
1151 576 1168 607 ι
1216 557 1305 620 Ὠς
1320 557 1455 610 λέων
1487 555 1707 628 ἐρεύξε-

123 662 232 703 ται,
296 646 400 697 καὶ
453 648 805 715 ἐκστήσονται
865 645 1032 699 τέκνα
1071 647 1299 701 ὑδάτων.
1334 666 1352 697 ι
1399 648 1463 700 Εἰ
1499 646 1605 716 γὰρ
1643 646 1712 717 δὴ

125 736 407 798 τοιούτους
442 736 815 807 παράσχωμεν
852 738 1102 804 ἑαυτοὺς,
1135 738 1290 808 δίκην
1324 738 1534 800 λέοντός
1564 754 1707 801 τινος

126 825 363 899 φοϐεροῦ
404 830 516 891 τοῖς
574 831 843 898 κτήνεσιν,
898 830 1095 893 ἐξοίσει
1147 830 1246 900 τήν
1282 830 1488 882 οἰκείαν
1524 830 1707 899 φωνὴν

126 915 218 968 ἐπὶ
260 915 476 979 πάντας
535 917 800 981 ἐκείνους,
859 918 951 981 οὓς
974 920 1130 990 δίκην
1159 920 1367 974 ὑδάτων
1408 921 1536 990 ὑμῖν
1566 921 1708 973 κατὰ

124 1005 185 1058 τὸ
212 1006 425 1077 πλῆθος
445 1008 503 1060 τὸ
523 1011 719 1062 οἰκεῖον
737 1009 1157 1080 ἐπεληλυθότας,
1189 1013 1267 1075 είς
1288 1012 1547 1065 ἔκστασιν
1574 1013 1708 1066 ’πάν⁴

124 1116 222 1160 τας
274 1102 618 1169 καταστήσει
668 1102 747 1171 τῷ
775 1102 925 1172 φόϐῳ
958 1102 1037 1173 τῷ
1067 1104 1274 1173 οίκείῳ.
1311 1104 1386 1172 (p.
1419 1103 1509 1172 84)
1549 1122 1566 1154 ι
1599 1105 1711 1155 Καὶ

125 1188 348 1257 ἥξουσιν
372 1191 451 1253 ὡς
471 1191 658 1257 δρνεον
692 1191 751 1255 ἐξ
778 1191 1078 1259 Αἰγύπτου,
1105 1194 1201 1245 καὶ
1225 1194 1299 1255 ὡς
1324 1194 1619 1265 περιστερά
1644 1196 1711 1245 ἐκ

125 1282 228 1349 γῆς
269 1284 577 1354 ’Δσσυρίων
599 1300 613 1313 ·
646 1284 741 1337 καὶ
770 1287 1212 1355 ἀποκαταστήσω
1246 1287 1442 1349 αὐτοὺς
1464 1288 1543 1347 είς
1581 1287 1707 1348 τοὺς

124 1377 307 1438 οἴκους
338 1377 542 1442 αὐτῶν,
563 1378 941 1448 λέγειΚύριος.
968 1400 983 1431 ι
1008 1382 1348 1451 Πανταχόθεν
1380 1381 1489 1450 γάρ
1514 1382 1707 1443 αὐτοὺς

126 1467 446 1533 ἐπανάξειν,
477 1468 578 1538 τῆς
609 1470 945 1541 κατεχούσης
968 1472 1282 1537 ἀπαλλάξας
1311 1473 1705 1543 αἰχμαλωσίας,

128 1556 220 1607 καὶ
246 1557 379 1620 τούς
424 1576 484 1611 τε
531 1560 682 1629 παρά
723 1561 1031 1631 ’Δσσυρίοις
1058 1564 1460 1634 αἰχμαλώτους,
1494 1565 1617 1627 τούς
1647 1581 1709 1617 τε

128 1648 184 1697 ἐν
219 1647 486 1719 Αἰγύπτῳ
512 1667 574 1703 τε
600 1651 858 1719 φυγάδας,
889 1651 1044 1720 δίκην
1092 1653 1295 1723 ὀρνέων
1327 1655 1707 1723 ἀποκαταστή-

1810 466 2048 521 cundum
2092 468 2184 523 Dei
2215 468 2613 539 beneplacitum
2650 479 2757 524 tam
2799 486 2930 541 erga
2972 486 3071 527 vos
3098 471 3385 526 clementis

1810 566 1972 627 atque
2012 558 2252 629 benigni.
2287 579 2307 613 ι
2337 561 2507 626 Quasi
2546 563 2633 619 leo
2671 563 2873 632 rugiet,
2906 571 2960 617 et
3007 561 3383 616 formidabunt

1809 649 1906 704 filii
1934 665 2219 720 aquarum.
2255 671 2273 705 ι
2310 653 2365 707 Si
2392 654 2528 709 tales
2558 664 2773 710 nosmet
2800 655 3234 719 exhibuerimus,
3265 656 3384 724 ipse

1810 759 1962 799 more
1992 746 2169 801 leonis
2210 745 2405 800 bestiis
2428 746 2714 809 terribilis,
2742 761 2931 801 vocem
2974 761 3129 800 suam
3165 746 3379 800 emittet

1809 845 2001 890 contra
2040 838 2165 893 illos
2193 854 2404 902 omnes,
2433 839 2529 909 qui
2561 840 2667 893 ritu
2718 853 2983 907 aquarum
3028 836 3381 891 multitudine

1810 942 1910 982 sua
1946 927 2229 999 ingruunt,
2262 945 2467 999 eosque
2509 931 2771 985 attonitos
2811 944 3003 984 omnes
3031 938 3241 984 terrore
3276 942 3386 983 suo

1809 1018 1993 1074 faciet.
2029 1037 2048 1071 ι
2083 1020 2151 1073 Et
2182 1022 2401 1076 venient
2427 1023 2588 1091 quasi
2619 1024 2736 1076 avis
2765 1037 2829 1076 ex
2859 1020 3118 1092 Egypto,
3142 1029 3197 1075 et
3218 1021 3377 1090 quasi

1810 1111 2062 1166 columba
2103 1113 2173 1166 de
2201 1121 2347 1167 terra
2373 1114 2722 1184 Assyriorum
2757 1132 2774 1168 :
2804 1124 2857 1169 et
2882 1115 3164 1168 collocabo
3189 1128 3287 1167 eos
3320 1112 3378 1166 in

1808 1202 2061 1258 domibus
2094 1205 2232 1268 suis,
2279 1204 2412 1259 dicit
2456 1203 2741 1259 Dominus.
2776 1224 2795 1255 ι
2829 1204 3080 1273 Undique
3127 1205 3274 1258 enim
3317 1218 3380 1258 se

1808 1307 1906 1347 eos
1961 1294 2331 1357 redacturum,
2375 1310 2407 1348 a
2452 1294 2785 1365 captivitatis
2839 1309 3094 1363 pressura
3151 1295 3373 1356 liberos,

1808 1392 1925 1437 tum
1963 1386 2057 1454 qui
2094 1386 2236 1455 apud
2269 1386 2525 1456 Assyrios
2554 1394 2713 1441 erant
2738 1387 2967 1455 captivi,
2995 1395 3112 1440 tum
3143 1386 3249 1456 55
3280 1387 3378 1456 qui

1809 1478 1865 1528 iu
1906 1476 2202 1547 Algyptum
2243 1477 2595 1548 profugerant
2642 1495 2655 1531 :
2699 1478 2879 1531 avium
2930 1480 3104 1532 instar
3148 1488 3378 1531 cunctos

1809 1564 1878 1617 ad
1922 1566 2107 1635 priora
2151 1574 2532 1621 revocaturum
2571 1568 2837 1636 promittit
2886 1567 3050 1621 Deus.
3082 1585 3100 1618 ι
3129 1567 3378 1623 Circum-

1809 1652 1959 1708 dedit
1987 1671 2073 1711 me
2112 1656 2396 1710 mendacio
2426 1655 2773 1726 Epliraimus,
2798 1666 2852 1712 et
2886 1658 3159 1727 impietate
3181 1657 3378 1713 domus

130 1753 242 1787 σειν
277 1739 498 1801 πάντας
525 1742 605 1802 είς
623 1740 691 1793 τὰ
710 1741 883 1793 οἰκεῖα
912 1743 940 1793 ὁ
959 1740 1088 1804 Θεὸς
1118 1742 1477 1811 ὑπισχνεῖται.
1510 1764 1526 1794 ι
1550 1742 1708 1795 Ἐκύ-

1811 1743 2026 1798 Israelis
2056 1758 2121 1797 ac
2146 1743 2319 1799 Juda.
2355 1716 2513 1799 Nune
2543 1746 2694 1799 novit
2724 1761 2820 1801 eos
2850 1716 3013 1811 Deus,
3059 1754 3116 1802 et
3144 1748 3379 1817 populus

130 1827 304 1881 κλωσέ
333 1846 404 1898 με
459 1832 521 1882 ἐν
565 1831 750 1900 ψεύδει
802 1832 1067 1905 Ἐφραῖμ,
1098 1836 1195 1888 xui
1231 1837 1289 1887 ὲν
1317 1834 1539 1905 ἀσεϐείᾳ
1565 1830 1715 1898 οἶκος

143 1920 358 1991 Ἰσραὴλ
386 1923 483 1975 καὶ
498 1923 669 1977 Ἰούδα
687 1941 701 1955 ⁸
736 1924 832 1977 νῦν
847 1925 989 1994 ἔγνω
1017 1926 1210 1988 αὐτοὺς
1229 1928 1256 1980 ὁ
1278 1926 1409 1989 Θεὸς
1430 1944 1441 1957 ·
1472 1928 1564 1980 καὶ
1586 1926 1713 1990 λαὸς

132 2010 282 2077 ᾶγιος
316 2011 653 2083 κληθήσεται
702 2014 864 2068 Θεοῦ.
894 2035 912 2066 ι
953 2017 1223 2088 Πρότερον
1269 2017 1370 2086 μὲν
1393 2016 1502 2087 γὰρ
1525 2016 1710 2086 ἐπειδὴ

132 2100 265 2170 πρὸς
285 2101 347 2153 τὺ
375 2102 573 2173 ψεῦδος
624 2107 717 2158 καὶ
754 2106 853 2176 τὴν
888 2108 996 2159 τῶν
1044 2108 1276 2160 εἰδώλων
1320 2108 1713 2170 ἀποκλίναντες

134 2194 433 2263 θεραπείαν
451 2197 508 2248 ἐν
533 2182 759 2268 ἀσεϐείᾳ.
774 2198 958 2269 διῆγον
984 2200 1244 2262 ἅπαντες,
1267 2201 1456 2253 οὐδένα
1472 2201 1563 2252 τὸν
1582 2216 1648 2251 πε
1658 2199 1712 2270 pi

130 2285 226 2352 ἐμὲ
253 2287 577 2357 ποιούμενοι
609 2289 787 2357 λόγον,
817 2290 1131 2358 ἀναγκαίως
1157 2292 1354 2355 αὐτοὺς
1374 2296 1484 2355 τοῖς
1522 2295 1712 2353 κακοῖς

134 2378 511 2449 περιϐέϐληκα
544 2379 775 2444 ἐκείνοις
796 2397 809 2409 ·
845 2382 1318 2451 μεταμελομένους
1347 2383 1402 2436 δὲ
1444 2384 1536 2436 καὶ
1575 2384 1712 2454 πρὸς

129 2466 188 2518 τὸ
221 2471 477 2539 κρεῖττον
529 2470 762 2534 ίδόντας,
812 2472 1167 2543 οἱκειώσομαι
1215 2473 1461 2537 ἅπαντας
1519 2472 1713 2542 (τοῦτο

132 2559 237 2630 γὰρ
256 2559 409 2629 λέγει
445 2560 528 2623 τὸ,
566 2562 780 2629 «Ἔγνω
809 2562 1004 2626 αὐτούς
1040 2567 1093 2633 ι)
1118 2581 1132 2595 ·
1160 2565 1253 2617 καὶ
1288 2566 1345 2630 ἐξ
1376 2565 1555 2618 αὐτῶν
1586 2565 1711 2635 ἐμοὶ

133 2650 470 2719 φανήσονται
497 2650 611 2703 τῶν
642 2652 982 2722 πραγμάτων
1009 2653 1182 2717 ὄντες.
1210 2654 1305 2707 άτε
1321 2655 1590 2708 τοσούτων
1618 2656 1712 2708 καὶ

134 2736 469 2807 τηλικούτων
518 2738 743 2805 ἀγαθῶν
805 2739 895 2793 διά
927 2740 1028 2811 τῆς
1066 2742 1209 2811 ἐμῆς
1234 2742 1545 2813 ἀξιούμενοι
1585 2744 1711 2814 βοη-

134 2828 283 2892 θείας
304 2847 320 2863 ·
355 2831 430 2883 τὰ
460 2832 557 2899 μὲν
583 2831 651 2902 δὴ
690 2833 821 2903 παρ’
855 2832 992 2903 ἐμοῦ
1028 2834 1254 2888 τοιαῦτα
1286 2834 1547 2906 παρέχειν
1573 2835 1711 2889 ἐτοι-

139 2937 229 2989 μος
256 2919 389 2989 ἐγώ.
427 2922 494 2973 Τί
520 2922 613 2985 δέ;

768 3014 926 3069 ΚΕΦ.
972 3012 1072 3068 IB'.

200 3102 347 3171 Στίχ.
376 3103 529 3156 α’-δ’.
555 3123 572 3154 ι
592 3103 653 3156 Ὅ
684 3103 740 3157 δὲ
775 3104 1014 3176 Ἐσραῖμ
1035 3105 1269 3176 πονηρὸν
1296 3106 1528 3177 πνεῦμα.
1568 3109 1711 3161 ι”ῐνα

136 3194 287 3262 ιτπ-ῃ,
320 3194 648 3264 προαίρεσις
705 3196 953 3265 μοχθηρά
978 3212 990 3225 ”
1033 3197 1250 3266 πνεῦμα
1292 3198 1399 3269 γὰρ
1440 3200 1709 3270 πολλαχοῦ

138 3281 286 3334 καλεῖ
318 3283 427 3354 τὴν
479 3284 796 3354 προαίρεσιν
822 3300 834 3313 ·
865 3285 940 3347 ὡς
989 3285 1069 3351 τὸ,
1102 3305 1120 3336 ι
1156 3285 1431 3357 ΙῘνεύνματι
1459 3288 1712 3357 πορνείας

138 3370 408 3443 ἐπλανήθη
418 3389 521 3425 σαν
533 3388 549 3403 ο
574 3392 592 3423 ι
612 3373 726 3436 καὶ,
752 3382 773 3423 ι
797 3373 1019 3443 Πνεῦμα
1036 3374 1188 3434 εύθὲς
1203 3375 1511 3442 ὲγκαίνισον
1526 3377 1584 3430 ὲν
1599 3379 1711 3440 τοῖς

142 3461 391 3529 mam;
446 3477 589 3533 μου·
624 3484 643 3515 ι
680 3465 791 3517 και
846 3466 1026 3519 Χαλὲό
1050 3469 1079 3519 δ
1104 3465 1199 3519 τοῦ
1244 3466 1457 3536 Ἰεφονὶ,
1490 3469 1566 3538 (p.
1618 3453 1709 3537 85)

141 3555 229 3605 καὶ
255 3554 466 3625 Ἰησοῦς
500 3556 528 3607 ὁ
558 3554 651 3609 τοῦ
692 3557 869 3627 Ναυῆ,
900 3558 983 3610 δτι
1019 3576 1037 3608 ι
1073 3557 1339 3629 Ἐγενήθη
1366 3558 1581 3629 πνεῦμα
1603 3560 1713 3612 ἓτε-

143 3659 230 3713 ρον
258 3646 319 3697 ὲν
345 3644 835 3715 αὐτῷ.-Ἐδίωξε
864 3646 1120 3700 καύσωνα
1146 3647 1274 3719 ὃλην
1313 3650 1413 3717 τὴν
1442 3650 1704 3719 ἡμέραν.»

141 3736 409 3806 Διηνεκῶς
438 3736 550 3806 γὰρ
584 3737 825 3789 ἐπετέλει
875 3737 1119 3800 τοιαῦτα,
1168 3738 1203 3791 ἃ
1254 3738 1532 3799 καύσωνος
1555 3739 1710 3809 δίκην

143 3822 535 3894 λυμαινομένου
591 3827 704 3889 τοῖς
748 3829 1001 3897 καρποῖς,
1048 3828 1271 3896 ἐπάγειν
1303 3828 1484 3890 αὐτοῖς
1514 3823 1583 3898 ἦν
1613 3829 1711 3880 αύ-

143 3914 311 3984 τάρκη
332 3916 433 3985 τὴν
471 3914 698 3987 φθοράν.
736 3934 757 3969 r
792 3918 944 3971 Κενά
974 3919 1068 3971 καὶ
1104 3918 1307 3989 μάταια
1327 3918 1652 3990 ἐπλήθυναν.
1685 3938 1703 3970 ι

147 4007 247 4059 Καὶ
270 4007 475 4077 πλῆθος
501 4008 734 4062 εἰδώλων
759 4013 1164 4081 κατεστήσαντο
1195 4011 1487 4079 ἀνωφελῶν
1518 4029 1712 4064 παντες-

146 4094 247 4158 λῶς
300 4099 394 4150 xui
450 4097 657 4169 βλάϐης
711 4101 974 4169 μεγίστης
994 4101 1200 4153 αίτίων.
1242 4119 1261 4151 ι
1295 4102 1402 4154 Καὶ
1447 4101 1710 4174 διαθήκην

150 4186 277 4255 μετὰ
302 4189 607 4258 Ἀσσυρίων
631 4190 854 4255 διέθετο,
881 4192 975 4244 καὶ
1000 4191 1175 4244 ἔλαιον
1196 4191 1306 4261 (12)
1337 4194 1416 4255 είς
1435 4194 1707 4261 Αἴγυπτον

1811 1844 2036 1890 sanctus
2081 1836 2371 1889 vocabitur
2422 1836 2535 1895 Dei.
2570 1857 2589 1889 ι
2622 1839 2788 1893 Antea
2835 1839 3077 1909 quidem,
3116 1839 3374 1908 quoniam

1809 1925 1877 1979 ad
1939 1924 2234 1980 falsitatem
2293 1937 2457 1997 atque
2508 1928 2780 1983 idolorum
2831 1930 3159 1999 obsequium
3212 1931 3378 1999 impie

1807 2028 1998 2070 omnes
2038 2014 2472 2084 declinaverant,
2521 2018 2730 2071 nullum
2781 2019 2885 2074 mei
2931 2027 3238 2088 respectum
3275 2019 3379 2073 ha~

1808 2108 2018 2170 bentes,
2053 2109 2366 2163 necessario
2392 2123 2488 2164 eos
2510 2109 2669 2164 malis
2703 2110 2811 2165 illis
2846 2111 3049 2165 irretivi
3069 2129 3082 2164 :
3104 2110 3197 2165 sed
3230 2124 3378 2164 nunc

1808 2202 2215 2271 resipiscentes,
2271 2209 2326 2255 et
2368 2201 2611 2256 melioris
2649 2200 2824 2271 frugis
2872 2202 3171 2273 studiosos,
3218 2199 3378 2254 fami-

1808 2293 1973 2348 liares
2015 2293 2147 2346 mibi
2189 2307 2381 2346 omnes
2426 2291 2646 2345 faciam.
2698 2292 2753 2346 id
2806 2292 2951 2346 enim
2990 2293 3131 2345 valet
3174 2291 3381 2347 locutio

1810 2384 1928 2446 illa,
1974 2402 1993 2435 ι
2024 2382 2162 2437 Novi
2191 2398 2308 2438 eos.
2341 2402 2360 2434 ι
2391 2383 2457 2437 Ει
2479 2383 2699 2453 quidem
2728 2383 2783 2437 in
2814 2398 3042 2438 numero
3074 2398 3197 2438 esse
3226 2397 3379 2437 meo-

1809 2491 1953 2538 rum,
1992 2477 2134 2531 facta
2179 2477 2297 2547 ipsa
2351 2477 2651 2541 docebunt,
2689 2477 2953 2547 quoniam
2993 2484 3075 2531 tot
3116 2482 3379 2545 tantaque

1809 2568 1950 2622 bona
1986 2584 2070 2623 me
2115 2570 2409 2637 adjuvante
2447 2577 2831 2639 assequentur.
2864 2568 3025 2623 Certe
3069 2568 3135 2621 ad
3184 2566 3378 2635 hujus-

1808 2659 1954 2712 modi
1992 2659 2126 2728 ipsis
2159 2660 2460 2715 exhibenda
2501 2660 2766 2715 beneficia
2795 2665 3020 2729 paratus
3053 2672 3199 2714 sum.
3234 2656 3379 2723 Quid

1807 2747 2011 2813 porro?

2432 3010 2584 3067 CAP.
2626 3010 2739 3065 XII.

1882 3098 2045 3155 Vens.
2085 3101 2105 3153 l
2149 3102 2201 3155 Ai.
2232 3131 2302 3142 ——
2331 3121 2349 3153 ι
2382 3101 2710 3172 Epliraimus
2758 3111 2939 3158 autem
2998 3104 3173 3159 malus
3220 3105 3377 3174 spirie

1812 3202 1919 3247 tus.
1956 3210 1974 3243 ι
2014 3192 2151 3246 Mala
2186 3192 2442 3247 nimirum
2470 3195 2762 3249 voluntas:
2794 3210 2918 3249 nam
2951 3196 3202 3265 spiritum
3232 3212 3375 3266 saepe

1809 3285 2045 3362 appellat.
2072 3286 2437 3349 voluntatem;
2470 3286 2634 3339 veluti
2668 3304 2680 3340 :
2719 3304 2738 3337 ι
2776 3284 3013 3356 Spiritus
3052 3285 3372 3341 fornicatio-

1810 3374 1897 3429 nis
1921 3373 2137 3445 decepit
2156 3388 2250 3428 eos
2270 3372 2345 3440 ³¹;
2372 3395 2388 3427 ι
2412 3384 2486 3441 et,
2518 3396 2535 3426 ε
2562 3374 2824 3445 Spiritum
2844 3386 3056 3431 rectum
3085 3376 3280 3430 innova
3317 3378 3370 3431 in

1809 3462 2113 3518 visceribus
2160 3464 2296 3517 meis
2320 3464 2399 3529 ";
2434 3483 2451 3515 ι
2504 3465 2567 3518 Ει
2600 3464 2804 3519 Chaleb
2841 3463 3074 3535 Jephoni
3118 3466 3283 3534 ﬁlius,
3320 3474 3375 3522 et

1808 3550 1969 3609 J'csus
1994 3552 2147 3618 Navi,
2167 3551 2425 3620 quoniam
2464 3574 2483 3606 ι
2520 3555 2746 3623 spiritus
2769 3554 2909 3611 alius
2932 3554 3031 3610 fuit
3061 3557 3115 3610 in
3147 3558 3240 3611 illo
3259 3559 3322 3611 ⁸³.
3348 3575 3369 3610 ι

1810 3673 1879 3683 —
1902 3661 1919 3694 ‹
1949 3641 2276 3697 Persecutus
2318 3651 2401 3695 cst
2432 3650 2622 3696 aestum
2646 3652 2757 3696 tota
2782 3644 2890 3699 die.
2927 3644 3201 3715 rSemper
3229 3647 3374 3701 enim

1811 3734 1938 3787 talia
1981 3733 2192 3803 agebat,
2230 3747 2350 3802 quae
2382 3748 2533 3786 more
2585 3743 2751 3789 aestus
2797 3734 3047 3805 frugibus
3086 3740 3256 3803 lioxii,
3288 3737 3377 3791 af-

1811 3822 1952 3878 ferre
1998 3823 2130 3893 ipsis
2178 3823 2473 3892 perniciem
2526 3830 2797 3892 poterant.
2854 3842 2872 3874 ι
2908 3823 3093 3878 lnania
3134 3834 3189 3880 et
3233 3840 3375 3880 vana

1809 3915 2323 3984 multiplicaverunt.
2364 3931 2383 3965 ι
2453 3912 2703 3983 Magnum
2757 3929 3040 3969 numerum
3102 3915 3373 3970 idolorum

1809 4007 2234 4068 constituerunt,
2290 4004 2561 4058 inutilium
2605 4020 2848 4073 prorsus,
2886 4006 2995 4059 imo
3029 4006 3247 4059 maximi
3284 4006 3379 4061 de-

1810 4096 2051 4151 trimenti
2112 4110 2334 4150 causam
2401 4096 2780 4164 praebentium.
2844 4114 2862 4146 ι
2898 4094 2963 4148 Et
3014 4094 3192 4150 fwdus
3251 4111 3377 4151 cum

1810 4187 2052 4257 Assyriis
2088 4186 2282 4247 inibat,
2314 4194 2367 4239 et
2392 4185 2569 4239 oleum
2603 4185 2657 4238 in
2692 4184 2927 4256 Egypto
2951 4188 3313 4241 mercabatur.
3351 4206 3373 4240 ι

146 4276 510 4349 ἐνεπορεύετο.
554 4297 572 4329 ι
601 4275 733 4333 Εἶτα
754 4283 944 4345 κακοῖς
973 4280 1112 4353 ὑπὲρ
1142 4281 1346 4334 τούτων
1363 4300 1708 4354 περιπεπτωο

1812 4276 2023 4331 Deinde
2078 4276 2131 4329 in
2168 4276 2283 4329 haec
2313 4274 2456 4328 mala
2500 4274 2804 4344 coniectus,
2830 4275 2994 4329 modo
3015 4276 3083 4330 ab
3110 4276 3376 4347 Assyriis,

148 4365 270 4430 κὼς,
304 4368 437 4421 ποτὲ
467 4368 567 4437 μὲν
594 4369 660 4421 δι’
704 4370 1024 4440 Ἀσσυρίων,
1056 4371 1189 4423 ποτὲ
1225 4371 1280 4423 δὲ
1306 4371 1373 4423 δι’
1397 4372 1709 4440 Αἰγυπτίων

151 4457 366 4524 ήλπιζεν
409 4458 617 4526 ἀγαθοῦ
656 4477 800 4523 τινος
829 4460 1113 4527 τεύξεσθαι
1136 4477 1153 4492 '
1196 4463 1290 4515 καὶ
1319 4462 1457 4532 πρὸς
1503 4464 1709 4517 ἐκεῖνον

154 4547 246 4616 μὲν
292 4549 474 4618 φιλίας
529 4550 802 4621 συνθήκας
841 4551 1093 4605 ἐϐούλετο
1141 4552 1430 4616 ποιεῖσθαι,
1455 4554 1605 4622 παρὰ
1652 4554 1707 4607 δὲ

150 4639 329 4693 τούτου
379 4642 694 4711 συμμαχίαν
742 4644 898 4713 ⁴ᾔτει·
952 4642 1211 4712 ὠφελεῖτο
1263 4644 1317 4695 δὲ
1356 4644 1413 4710 ὲξ
1451 4644 1706 4699 ἁπάντων

150 4731 341 4783 τούτων
373 4733 544 4786 οὐδέν.
596 4753 613 4783 ι
652 4735 759 4786 καὶ
795 4734 976 4804 κρίσις
1012 4733 1090 4803 τῷ
1120 4735 1305 4804 Κυρίῳ
1329 4735 1466 4806 πρὸς
1507 4737 1706 4790 Ἰούδαν

152 4820 240 4872 τοῦ
268 4823 548 4893 ἐκδικῆσαι
584 4824 673 4877 τὸν
713 4824 928 4878 Ἰακώϐ.
967 4844 984 4875 ι
1025 4824 1084 4877 Ὁ
1106 4826 1213 4895 γὰρ
1241 4825 1374 4888 Θεὸς
1398 4827 1558 4890 αὐτὸς
1584 4829 1708 4897 ἧκει

151 4908 232 4962 διὰ
262 4911 368 4965 τῶν
401 4914 742 4983 πραγμάτων
765 4914 1157 4984 κριθησόμενος
1184 4916 1319 4986 πρὸς
1355 4917 1572 4981 αὐτοὺς,
1616 4920 1709 4972 καὶ

152 5002 373 5056 ἐκδικῶν
423 5005 493 5057 τὰ
565 5004 643 5075 μὴ
695 5004 924 5067 δεόντως
968 5007 1151 5069 αὺτοῖς
1184 5009 1546 5078 πεπραγμένα
1572 5026 1584 5039 '
1616 5011 1707 5065 τὸν

164 5093 352 5146 Ἰακὼϐ
387 5096 492 5167 γάρ
516 5095 796 5150 κάνταῦθα
829 5096 977 5164 λέγει
1001 5096 1060 5149 τὸ
1091 5098 1242 5161 ἔθνος
1270 5100 1380 5153 τῶν
1422 5102 1710 5173 Ἰουδαίων,

153 5183 279 5255 ὅπερ
308 5183 400 5240 οὖν
426 5190 521 5240 καὶ
565 5187 756 5240 Ἰακὼϐ
790 5188 885 5240 κα)⁸
918 5188 1133 5259 Ἰσραὴλ
1168 5190 1411 5245 ἐκαλεῖτο
1441 5194 1581 5247 κατὰ
1613 5199 1712 5268 τὴν

154 5274 241 5326 τοῦ
270 5279 608 5348 προπάτορος
637 5279 825 5332 αὐτῶν
866 5279 1181 5349 ὀνομασίαν,
1221 5282 1297 5344 ὡς
1331 5285 1389 5335 ὲν
1424 5289 1537 5347 τοῖς
1569 5288 1711 5340 ἀνω-

156 5365 321 5438 τέροις
368 5370 647 5439 ἐδείξαμεν
675 5386 689 5401 '
745 5369 869 5424 ὅθεν
912 5370 1106 5439 ἐπάγει
1132 5386 1145 5400 ⁶
1183 5391 1202 5422 ι
1243 5372 1402 5427 Κατὰ
1429 5375 1525 5437 τὰς
1556 5376 1711 5442 ὁδοὺς

1811 4367 1976 4423 modo
2007 4367 2074 4420 ab
2104 4364 2376 4436 Egyptiis
2397 4365 2650 4434 sperabat
2688 4366 2814 4419 boni
2847 4366 3049 4434 aliquid
3070 4368 3331 4437 consequi
3358 4385 3373 4423 :

1810 4464 1863 4510 et
1896 4468 2020 4509 cum
2057 4455 2163 4509 illis
2204 4452 2423 4523 quidem
2469 4451 2723 4506 amicitiae
2762 4452 2938 4508 fcedus
2974 4454 3203 4524 jungere
3228 4456 3379 4511 vole-

1811 4548 1926 4608 bat,
1977 4546 2048 4600 ab
2093 4547 2180 4601 his
2220 4553 2400 4599 autem
2451 4544 2576 4601 belli
2633 4545 2943 4600 societatem
2996 4546 3247 4614 petebat.-
3280 4546 3377 4603 sed

1807 4641 1944 4693 nihil
1976 4640 2044 4693 ab
2081 4639 2166 4693 his
2197 4639 2452 4692 omnibus
2475 4646 2559 4693 est
2587 4645 2936 4692 consecutus.
2971 4657 2990 4689 ι
3025 4638 3376 4708 Etjudieium

1815 4732 2028 4787 Domini
2061 4747 2184 4786 cum
2212 4729 2373 4793 Juda,
2409 4736 2466 4783 ut
2494 4730 2793 4785 ulciscatur
2821 4728 2931 4800 56‘
2955 4728 3146 4785 Jacob.
3182 4750 3201 4784 ι
3231 4732 3377 4788 Deus

1815 4824 1934 4893 ipse
1962 4822 2135 4887 venit,
2171 4821 2331 4875 factis
2366 4821 2551 4889 utique
2583 4818 2847 4888 judicium
2880 4821 2947 4875 de
2978 4821 3086 4874 illis
3122 4831 3377 4891 peractu-

1814 4932 1933 4979 rus,
1982 4925 2036 4970 et
2074 4930 2193 4984 qua:
2223 4922 2419 4983 praeter
2448 4912 2681 4966 cilicium
2728 4922 2955 4981 egerunt
2979 4913 3378 4970 vindicaturus.

1812 5006 1948 5061 Nam
1990 5005 2162 5059 Jacob
2205 5006 2307 5058 hoc
2335 5018 2552 5073 quoque
2598 5005 2718 5057 loco
2756 5003 2888 5057 dicit
2936 5005 3247 5059 universam
3283 5004 3382 5059 Ju-

1813 5097 2053 5151 daeorum
2083 5104 2320 5165 gentem,
2348 5110 2467 5164 qua:
2500 5102 2555 5147 et
2579 5093 2749 5148 Jaeob
2775 5102 2830 5149 et
2866 5094 3031 5149 lsrael
3066 5096 3381 5165 appellaba-

1812 5199 1923 5254 tur,
1954 5189 2022 5242 de
2056 5189 2139 5241 sui
2183 5186 2547 5256 progenitoris
2596 5187 2838 5248 nomine,
2882 5195 2939 5239 ut
2969 5188 3081 5256 jam
3126 5189 3178 5241 in
3214 5203 3371 5256 supe-

1808 5280 2050 5335 rioribus
2075 5279 2332 5333 diximus.
2355 5276 2509 5331 Unde
2539 5277 2688 5331 addit
2717 5296 2731 5332 :
2760 5297 2777 5328 ι
2808 5276 2964 5335 Juxta
2997 5279 3113 5333 vias
3150 5278 3294 5346 ejus.
3326 5284 3381 5331 et

1804 5371 1962 5442 juxta
2002 5369 2414 5425 adinventiones
2456 5369 2576 5438 ejus
2631 5367 2821 5423 reddet
2867 5368 2937 5422 ei.
2974 5386 2992 5420 ι
3048 5368 3153 5423 l’ro
3207 5382 3276 5423 eo
3315 5382 3381 5423 ac

220 5525 403 5584 "Ose.
440 5549 513 5595 Iv,
537 5532 621 5588 12.
700 5537 743 5568 ³’
781 5535 922 5594 Psal.
948 5540 1115 5604 ι,12.
1192 5539 1236 5571 ³³
1266 5538 1427 5594 Νιιιιι.
1474 5557 1585 5608 χεν,
1617 5542 1687 5597 26

1811 5556 1927 5606 tvu,
1964 5540 2050 5594 18.

223 5679 329 5754 (Ιῖ)
359 5683 489 5742 Cod.
517 5687 681 5743 ἔλεον.
