3828 6216
431 269 528 326 19Ξί

1619 256 1965 314 τιιΕουοιιι
2007 253 2483 311 MOPSUESTENI

3580 255 3689 312 196

429 385 575 438 dicat
601 399 616 435 :
644 397 705 437 se
743 395 1040 450 congruam
1071 380 1312 450 peccatis
1340 395 1530 435 eorum
1571 395 1788 449 pmnam
1825 380 2003 446 impo-

2130 373 2293 437 ιύτοῦ,
2311 375 2404 428 καὶ
2433 372 2573 426 κατὰ
2600 373 2668 425 τὰ
2686 372 3093 444 ἐπιτηδεύματα
3120 374 3284 428 αὑτοῦ
3307 376 3690 431 ἀνταποδώσει

431 475 687 528 siturum.
731 471 938 526 Deinde
981 479 1034 527 et
1078 471 1442 542 progenitoris
1491 471 1760 539 exemplo,
1810 470 2002 523 horum

432 565 717 631 redarguit
771 564 1197 633 improbitatem.
1263 582 1282 615 r
1316 563 1371 617 In
1419 571 1575 618 utero
1635 562 2006 631 supplantavit

434 654 657 708 fratrem
688 670 872 708 suum.
914 673 932 704 ι
973 654 1232 709 Profecto
1271 655 1364 709 ille
1391 665 1520 709 ante
1550 655 1715 708 etiam
1749 654 2005 707 nativita-

438 754 546 799 tem
589 745 866 814 portendit
897 760 962 799 eo
989 745 1241 812 corporis
1269 755 1414 798 motu
1451 743 1714 806 fraudem,
1741 759 1846 813 qua
1878 743 2032 808 aﬂ‘e-.

438 843 688 887 ctaturus
733 843 851 886 erat
894 833 1238 903 primogeniti
1283 833 1428 900 jura.
1466 851 1484 884 ι
1520 831 1583 886 Et
1639 833 1692 885 in
1728 832 2008 887 laboribus

439 923 555 976 suis
586 921 758 974 valuit
793 936 920 990 erga
965 919 1154 974 Demn.
1193 938 1210 971 ι
1245 919 1443 974 Multos
1478 935 1771 990 perpessus
1793 919 2008 974 labores

442 1029 505 1067 ac
539 1014 780 1077 fraudes,
814 1028 924 1066 non
953 1014 1213 1068 sustinuit
1237 1027 1266 1066 a
1307 1013 1400 1068 Dei
1442 1014 1819 1069 benevolentia
1857 1031 2010 1071 rece-

437 1107 589 1159 dere.
627 1124 645 1157 r
680 1104 746 1157 Et
791 1106 1001 1159 viribus
1043 1105 1216 1158 valuit
1248 1120 1373 1158 cum
1423 1106 1615 1176 angelo
1653 1106 1916 1176 (luctari),
1956 1115 2011 1162 et

441 1203 630 1262 potens
685 1192 806 1248 fuit.
851 1213 868 1244 ι
904 1193 1112 1248 Fratris
1157 1194 1388 1249 insidias
1437 1197 1749 1265 suspicans,
1799 1198 2010 1253 visione

443 1283 619 1352 angeli
651 1281 911 1351 dignatus
946 1283 1066 1348 fuit,
1098 1298 1222 1336 cum
1253 1299 1364 1352 quo
1389 1285 1583 1338 luctari
1608 1287 1781 1347 visus,
1815 1296 2010 1357 potens

447 1371 725 1439 apparuit.
757 1374 833 1423 Ac
855 1387 943 1426 res
983 1371 1129 1426 illius
1163 1371 1236 1425 ita
1267 1387 1326 1426 se
1353 1373 1684 1428 habuerunt.
1713 1372 1852 1440 Quid
1885 1392 2010 1432 vero

440 1463 562 1532 ejus
608 1463 852 1532 posteri?
883 1481 902 1513 ‹
941 1461 1254 1526 Fleverunt,
1298 1470 1352 1517 et
1382 1479 1468 1518 me
1496 1464 1771 1533 deprecati
1800 1475 1945 1520 sunt.
1987 1487 2004 1518 ι

445 1553 502 1608 1η
543 1556 688 1608 luctu
743 1570 936 1608 omnes
991 1564 1299 1619 versantur,
1352 1555 1713 1625 precibusque
1765 1557 2012 1611 nituntur

444 1661 718 1699 mrumnas
773 1655 1040 1709 avertere,
1093 1646 1296 1715 quibus
1339 1647 1409 1700 ob
1462 1661 1615 1700 suam
1680 1648 2009 1716 impietatem

2108 465 2274 535 αὐτῷ,
2314 484 2332 515 ι
2364 465 2480 518 ’Ἱνα
2511 465 2641 537 εἴπῃ
2680 467 2762 519 ὅτι
2787 466 3049 533 ἀνάλογον
3070 460 3144 519 ὧν
3171 468 3456 520 πταίουσιν
3494 471 3692 532 αὐτοῖς

2107 557 2299 623 ἐπάξει
2326 558 2593 629 τιμωρίαν
2618 575 2634 591 ο
2670 553 2790 610 εἶτα
2811 559 2906 611 καὶ
2937 558 3078 612 κατά
3099 559 3398 631 παράθεσιν
3425 558 3520 611 τοῦ
3550 575 3691 627 προ-

2109 649 2342 718 πάτορος
2367 647 2462 719 τὴν
2492 648 2696 702 τούτων
2726 649 2938 719 ἐλέγχει
2999 649 3215 705 κακίαν.
3241 669 3259 701 r
3305 650 3394 704 Ἐν
3417 651 3482 720 τῇ
3503 647 3690 716 κοιλίᾳ

2110 741 2390 810 ἐπτὲρνισε
2430 740 2520 795 τὸν
2547 740 2773 808 ἀδελφὸν
2821 741 3005 794 αὐτοῦ.
3049 759 3070 794 ι
3097 744 3171 812 (p.
3201 740 3292 810 86)
3356 741 3416 794 '0
3445 740 3545 811 μὲν
3572 740 3688 809 γὰρ

2108 829 2202 882 καὶ
2235 829 2339 900 πρὸ
2364 830 2463 900 τῆς
2490 830 2796 899 γεννήσεως
2833 830 3162 884 ἐνεδείκνυτο
3192 831 3270 900 τῷ
3307 831 3550 902 σχήματι
3582 831 3688 900 τὴν

2108 919 2342 988 ἀπάτην,
2377 919 2496 989 μεθ’
2515 914 2582 990 ἧς
2610 919 2842 990 ἧμελλεν
2857 921 3369 992 ἀντιπιηθὴσεσθαι
3395 922 3506 976 τῶν
3531 939 3692 993 πρω-

2105 1010 2384 1064 τοτοκίων.
2405 1028 2426 1057 ι
2456 1011 2565 1062 Kal
2593 1013 2648 1063 ἐν
2667 1011 2855 1074 κόποις
2883 1012 3045 1066 αὑτοῦ
3082 1011 3268 1083 ἴσχυσε
3309 1011 3443 1080 πρὸς
3471 1012 3628 1064 Θεόν.
3662 1030 3686 1062 ο

2109 1102 2220 1154 Καὶ
2261 1101 2484 1164 πολλοὺς
2522 1100 2960 1173 ὑπομεμενηκὼς
2999 1102 3190 1165 πόνους
3219 1119 3278 1155 τε
3318 1103 3412 1154 καὶ
3453 1102 3688 1166 πλάνας,

2110 1194 2208 1263 τῆς
2239 1193 2373 1262 πρὸς
2405 1193 2536 1246 Θεὸν
2559 1193 2658 1245 οῦκ
2688 1193 2945 1263 ἠνέσχετο
2972 1194 3180 1258 εὐνοίας
3204 1196 3481 1265 ἐκστῆναι.
3519 1215 3535 1242 ι
3574 1195 3691 1248 Καὶ

2110 1282 2356 1352 ἐνίσχυσε
2389 1283 2525 1354 μετά
2586 1284 2842 1352 ἀγγέλου,
2888 1285 2981 1337 καὶ
3019 1283 3274 1355 ἠδυνήθη.
3313 1303 3330 1336 ι
3364 1285 3474 1339 Kal
3498 1285 3563 1353 δὴ
3592 1285 3692 1336 καὶ

2111 1373 2203 1426 τοῦ
2243 1374 2471 1442 ἀδελφοῦ
2515 1375 2614 1446 τὴν
2665 1376 2957 1446 ἐπιϐουλὴν
3015 1375 3382 1447 ὑφορώμενος,
3421 1377 3692 1438 ὀπτασίας

2111 1463 2312 1534 ἠξιώθη
2346 1465 2600 1532 ἀγγέλου,
2633 1467 2768 1535 πρὸς
2795 1466 2853 1518 ὃν
2881 1465 3130 1519 παλαίειν
3157 1465 3328 1518 δοκῶν
3351 1465 3506 1536 Gygen
3529 1467 3694 1520 δυνα-

2111 1555 2201 1618 τός
2229 1556 2399 1609 ’ἀλλά
2451 1558 2518 1608 τὰ
2569 1557 2665 1624 μὲν
2701 1556 2907 1609 ἐκείνου
2963 1557 3188 1610 τοιαῦτα
3217 1573 3230 1587 ·
3273 1557 3342 1610 τὰ
3390 1557 3447 1610 δὲ
3482 1557 3692 1610 τούτων

2113 1647 2222 1700 τῶν
2260 1648 2540 1716 ἀπογόνων
2588 1648 2696 1700 τῶν
2732 1648 2939 1700 ἐκείνου
2973 1649 3164 1713 emta;
3195 1665 3214 1699 r
3255 1648 3567 1702 Ἐκλαυσαν
3597 1649 3695 1700 καὶ

449 1744 797 1805 premuntur.
829 1736 1088 1800 Quanam
1119 1743 1205 1790 est
1238 1737 1390 1791 lucc?
1419 1755 1436 1787 ι
1469 1735 1528 1790 ln
1555 1737 1721 1792 domo
1747 1739 1830 1793 ()n
1873 1740 2016 1794 iuve-

2130 1738 2413 1809 ἐδεήθησάν
2462 1755 2582 1808 μου.
2631 1758 2649 1789 ι
2701 1739 2788 1791 Ἑν
2827 1741 3085 1808 δάκρυσιν
3136 1740 3376 1802 ἅπαντές
3427 1741 3532 1791 εἰσι
3594 1741 3696 1791 καὶ

449 1833 648 1879 nerunt
673 1840 773 1878 me.
807 1844 826 1876 ι
855 1824 1123 1878 ldolorum
1148 1827 1316 1879 cultui
1340 1829 1626 1894 vacabant,
1653 1831 1874 1886 nomine
1896 1846 2016 1885 meo

2130 1827 2380 1898 Ξεήσεσιν,
2399 1825 2718 1896 ἀπαλλαγὴν
2739 1826 3015 1890 αἰτοῦντες
3039 1826 3145 1880 τῶν
3177 1828 3360 1880 κακῶν
3378 1829 3434 1880 ἐν
3452 1823 3530 1891 οἷς
3547 1829 3694 1898 ὑπὲρ

452 1915 696 1969 colentes
725 1915 814 1968 illa
853 1930 975 1985 qua:
1007 1916 1136 1970 huic.
1163 1917 1514 1985 appellationi
1539 1919 1631 1986 jus
1672 1919 1881 1973 nullum
1917 1920 2018 1973 ba-

2130 1918 2214 1987 τῆς
2236 1915 2492 1979 ἀσεϐείας
2511 1914 2858 1982 ἐξετάζονται
2883 1917 2982 1988 τῆς
3006 1917 3210 1981 οἰκείας
3227 1934 3240 1946 °
3272 1920 3427 1980 ποίας
3442 1919 3650 1987 ταύτης
3677 1936 3694 1982 ;

452 2006 670 2059 bebant.
717 2005 852 2068 Illic,
903 2006 1146 2075 inquam,
1188 2008 1343 2076 quasi
1384 2016 1704 2077 pnesentcm
1754 2025 1840 2063 me
1871 2011 2021 2066 cole-

452 2097 602 2160 bant,
651 2095 744 2164 qui
791 2096 1035 2148 abcram.
1075 2094 1218 2166 Ergo
1245 2095 1436 2159 dictio,
1471 2115 1490 2148 ι
1525 2097 1580 2151 ln
1611 2097 1773 2153 domo
1799 2099 1882 2154 On
1935 2117 2021 2156 me

449 2189 794 2247 invenerunt,
837 2204 856 2237 ι
889 2185 1109 2254 ponitur
1135 2187 1448 2256 pronuasi
1480 2187 1551 2242 ibi
1589 2204 1672 2243 me
1697 2198 2016 2258 praasentem

450 2277 810 2336 invenissent,
864 2289 1026 2344 quem
1077 2275 1184 2330 coli
1235 2276 1306 2329 ab
1355 2275 1491 2344 ipsis
1539 2283 1800 2346 tanquam
1850 2277 2015 2332 Deum

449 2368 760 2436 oportebat,
798 2365 1014 2420 interim
1051 2365 1199 2421 idolo
1239 2365 1567 2420 exhibebant
1598 2367 2016 2437 appellationem

451 2459 615 2512 simul
643 2464 698 2511 et
727 2457 988 2511 honorem
1020 2455 1137 2512 Dei.
1175 2474 1194 2509 ι
1233 2457 1300 2512 Et
1331 2457 1405 2511 ibi
1434 2456 1573 2512 facta
1603 2467 1732 2513 sunt
1759 2461 1922 2514 verba
1949 2461 2016 2514 ad

450 2562 565 2600 eos.
605 2564 624 2596 ι
663 2545 996 2600 Sententiam
1033 2545 1147 2599 illic
1186 2552 1408 2615 propter
1441 2546 1605 2616 impie
1639 2545 1779 2599 facta
1813 2546 2018 2616 justam

453 2635 762 2690 audierunt.
1689 2650 1698 2659 ·

529 2960 693 3014 Vsus.
745 2958 861 3012 5-8.
906 2987 971 2997 -
1008 2976 1026 3006 ι
1064 2955 1128 3010 Et
1168 2953 1433 3010 Dominus
1480 2954 1625 3010 Deus
1673 2956 2020 3026 omnipotens

455 3053 565 3107 erit
611 3050 926 3105 memoriale
957 3049 1101 3118 ejus.
1135 3067 1155 3100 ι
1191 3047 1298 3103 Sed
1348 3048 1492 3102 enim
1539 3048 1592 3101 in
1628 3048 1761 3102 talia
1794 3048 2018 3112 incidet,

464 3143 610 3198 unde
635 3159 819 3196 verum
841 3141 1008 3195 Deum
1034 3155 1363 3210 cognoscere
1382 3138 1575 3201 discet,
1601 3140 1828 3208 ejusque
1853 3140 2025 3192 maxi-

459 3250 603 3290 mam
629 3235 774 3288 omni
799 3243 1038 3302 tempore
1066 3231 1382 3284 memoriam
1413 3230 1687 3293 retinebit,
1713 3230 1818 3301 57
1847 3231 1940 3299 qui
1973 3237 2028 3284 et

463 3330 614 3399 ipsos
665 3327 895 3389 creavit,
949 3335 1002 3379 ct
1049 3322 1330 3378 beneﬁciis
1381 3323 1656 3376 continuis
1706 3331 2028 3395 prosecutus

463 3429 570 3482 est,
609 3429 664 3473 et
695 3433 841 3472 nunc
871 3417 1032 3470 etiam
1061 3413 1386 3469 criminibus
1427 3411 1678 3480 impiatos
1710 3414 2030 3483 castigando

463 3512 660 3564 nititur
690 3509 756 3562 ad
792 3507 1069 3561 meliorem
1103 3504 1310 3574 frugem
1344 3513 1684 3558 convertere.
1722 3521 1740 3554 ι
1774 3505 1838 3557 Et
1870 3515 1926 3558 tu
1961 3505 2031 3558 ad

463 3601 634 3656 Deum
685 3605 1026 3660 convertere,
1070 3594 1503 3649 misericordiam
1550 3603 1605 3648 et
1625 3594 1891 3664 judicium
1935 3611 2032 3649 cu-

463 3693 630 3755 stodi,
661 3701 716 3745 et
745 3689 1123 3761 appropinqua
1151 3685 1260 3741 Deo
1291 3694 1386 3739 tuo
1415 3700 1650 3755 semper.
1679 3705 1697 3737 ι
1723 3685 2028 3739 Genuinam

467 3781 654 3850 itaque
703 3778 931 3834 ostende
981 3777 1048 3831 ad
1088 3775 1254 3831 Deum
1299 3771 1749 3843 conversionem;
1792 3777 2032 3831 cbaritas

465 3889 594 3943 erga
646 3872 915 3934 homines,
949 3877 1005 3924 et
1048 3869 1260 3938 justitia
1289 3868 1386 3922 tibi
1425 3883 1571 3921 curre
1604 3867 1757 3923 sint:
1801 3867 1869 3921 da
1904 3884 2034 3938 ope-

465 3979 584 4020 ram
620 3971 679 4016 ut
705 3978 919 4032 semper
943 3976 1069 4014 cum
1117 3959 1228 4014 Deo
1276 3960 1394 4014 sis:
1427 3959 1586 4028 cujus
1617 3960 1665 4014 si
1695 3961 1901 4014 cultum
1943 3976 2034 4014 re-

466 4055 717 4116 tinueris,
752 4054 946 4108 merito
976 4051 1212 4105 fructum
1256 4049 1382 4104 inde
1410 4051 1630 4120 capies;
1665 4050 1735 4103 ita
1768 4059 1950 4106 tamen
1978 4059 2036 4106 ut

469 4147 540 4202 ab
583 4146 855 4200 idolorum
905 4143 1172 4210 obsequio
1228 4155 1454 4210 prorsus
1502 4141 1800 4196 abstineas.
1849 4161 1866 4193 r
1895 4143 2037 4199 Cha-

470 4251 632 4298 naan,
666 4234 720 4288 in
770 4248 932 4286 manu
967 4231 1091 4301 ejus
1126 4238 1328 4285 statera
1362 4229 1701 4298 iniquitatis;
1729 4232 2038 4300 opprimere

470 4337 840 4400 praepotenter
872 4326 1087 4381 dilexit.
1118 4345 1136 4376 ι
1166 4324 1456 4392 Postquam
1487 4337 1582 4378 eos
1619 4323 1892 4392 praedictis
1917 4341 2039 4381 ver-

2124 2021 2144 2057 r
2188 2006 2275 2058 Ἑν
2309 2004 2388 2074 τῷ
2437 2006 2572 2076 οἴκῳ
2605 2006 2700 2058 Ὃν
2753 2000 2912 2077 εὗρόν
2943 2023 3031 2077 με.
3075 2026 3094 2058 ι
3124 2008 3259 2076 Περὶ
3281 2007 3391 2078 γὰρ
3437 2008 3535 2078 τὴν
3579 2009 3696 2062 τῶν

2120 2091 2354 2147 εἰδώλων
2410 2093 2735 2164 ἠσχολοῦντο
2794 2094 3128 2165 θεραπείαν,
3173 2097 3238 2159 ,ἐν
3283 2097 3547 2169 ὀνομασίᾳ
3589 2099 3697 2167 μὲν

2121 2182 2387 2254 τιμῶντες
2413 2185 2534 2257 ,ἐμῇ
2585 2184 2712 2248 τοὺς
2744 2185 2896 2237 οὐδὲν
2944 2186 3080 2256 αὐτῇ
3124 2188 3419 2256 προσήκειν
3456 2187 3601 2250 οἴους
3631 2205 3697 2241 τε

2121 2274 2279 2338 ὄντας
2303 2291 2316 2306 ·
2355 2274 2430 2338 ὡς
2458 2274 2646 2328 αὐτόθι
2696 2275 2754 2329 δέ
2791 2276 3037 2346 παρόντα
3083 2277 3351 2346 τιμῶντες
3383 2279 3481 2347 ἐμὲ
3505 2279 3598 2332 τὸν
3629 2282 3694 2332 οὐ

2122 2365 2364 2436 παρόντα
2388 2380 2402 2394 ’
2428 2365 2487 2418 τὸ
2519 2362 2633 2429 οὖν,
2675 2384 2693 2417 ι
2740 2367 2828 2418 Ἐν
2854 2367 2930 2436 τῷ
2948 2367 3079 2437 οἴκῳ
3109 2368 3202 2420 Ὢν
3220 2363 3376 2438 εὗρόν
3399 2387 3485 2439 με,
3527 2388 3545 2421 ι
3571 2371 3696 2422 ἀντὶ

2121 2453 2239 2518 τοῦ,
2273 2455 2359 2516 '0;
2393 2456 2510 2507 ἐκεί
2544 2471 2612 2526 με
2649 2455 2893 2525 παρόντα
2929 2455 3274 2526 εὑρίσκοντες
3299 2471 3312 2486 ·
3342 2456 3399 2508 ὃν
3428 2458 3696 2526 τιμᾶσθαι

2124 2545 2254 2614 παρ’
2286 2544 2464 2596 αὐξῶν
2495 2545 2570 2607 ὡς
2603 2545 2734 2599 Θεὸν
2761 2545 2949 2616 ἐχρῆν,
2991 2543 3134 2597 οὕτω
3169 2544 3248 2616 τῷ
3284 2545 3483 2616 εἰδώλῳ
3523 2565 3696 2618 προσ-

2125 2633 2260 2704 ῆγον
2306 2633 2408 2702 τήν
2462 2651 2522 2686 τε
2571 2633 2864 2702 ὀνομασίαν
2921 2635 3014 2686 καὶ
3060 2633 3158 2704 τὴν
3213 2635 3376 2704 τιμὴν
3411 2635 3503 2687 τοῦ
3533 2636 3694 2690 Θεοῦ.

2130 2743 2150 2775 ι
2185 2723 2294 2777 Kal
2358 2726 2475 2779 ἐκεῖ
2503 2724 2737 2795 ἐλαλήθη
2789 2725 2924 2794 πρὸς
2955 2724 3167 2787 αὐτούς.
3213 2744 3230 2776 ι
3263 2725 3458 2778 Αύτόθι
3503 2725 3560 2778 δὲ
3596 2729 3698 2797 τὴν

2125 2815 2397 2884 ἀπόφασιν
2427 2815 2567 2887 ὑπὲρ
2601 2809 2674 2870 ὧν
2704 2816 2934 2885 ἠσέϐουν
2967 2815 3215 2879 ἐδέξαντο
3244 2816 3475 2870 δικαίαν.

2196 2949 2344 3020 Στίχ.
2363 2957 2615 3019 ε’-η’.-‹
2635 2951 2694 3004 '0
2725 2951 2783 3003 δὲ
2812 2950 3015 3020 Κύριος
3041 2953 3071 3004 ὁ
3092 2951 3223 3014 Θεὸς
3255 2952 3284 3003 ὁ
3306 2953 3700 3023 παντοκράτωρ

2127 3040 2277 3094 ἔσται
2309 3043 2650 3112 μνημόσυνον
2694 3031 2877 3096 αὐτοῦ.
2919 3061 2937 3094 ›
2966 3045 3041 3111 (p.
3068 3043 3158 3105 87)
3200 3042 3356 3096 Ἀλλὰ
3393 3043 3500 3114 γὰρ
3544 3061 3700 3116 περι-

2127 3134 2371 3185 πεσεῖται
2428 3133 2685 3196 τοιούτοις
2741 3133 2832 3200 ἀφ⁹
2877 3128 2951 3186 ὧν
2995 3132 3361 3200 ἐπιγνώσεται
3410 3135 3501 3186 τὸν
3531 3136 3698 3200 ὸντως

2125 3224 2278 3286 Θεὸν,
2313 3226 2574 3297 μεγίστην
2602 3242 2661 3277 τε
2689 3223 2854 3277 αὑτοῦ
2884 3224 3176 3287 διαπαντὸς
3194 3226 3304 3289 tau
3325 3225 3421 3296 τὴν
3455 3229 3696 3299 μνήμην,

2126 3317 2185 3380 ὃς
2242 3317 2508 3387 πεποίηκὲ
2545 3335 2603 3370 τε
2650 3317 2864 3382 αὐτοὺς,
2921 3317 3015 3371 καὶ
3073 3319 3407 3388 εὐηργέτηκε
3444 3319 3697 3382 πάντοτε,

2128 3407 2222 3459 καλ⁸
2249 3407 2313 3476 δὴ
2346 3407 2441 3459 καὶ
2461 3406 2554 3458 νῦν
2577 3406 2952 3476 ἀσεϐήσαντας
2984 3407 3275 3469 παιδεύσας
3302 3409 3395 3460 ἐπὶ
3426 3410 3485 3462 τὸ
3515 3413 3698 3479 κρεῖτ-

2128 3513 2219 3550 τον
2257 3497 2549 3566 μεταϐαλεῖ
2575 3497 2714 3550 κατὰ
2741 3499 2840 3568 τὴν
2883 3498 3111 3568 δύναμιν
3142 3500 3241 3570 τὴν
3276 3500 3500 3554 οἰκείαν.
3538 3519 3556 3550 r
3589 3503 3702 3554 Kal

2133 3587 2196 3638 σὺ
2234 3589 2290 3638 ἐν
2321 3585 2439 3655 Θεῷ
2475 3603 2568 3639 σου
2601 3587 2926 3657 ἐπίστρεψον
2953 3604 2966 3618 ·
2999 3589 3149 3643 ἔλεον
3181 3589 3275 3644 καὶ
3299 3594 3469 3660 κρῖμα
3495 3592 3702 3659 φυλάσο

2133 3693 2229 3729 σου
2257 3695 2271 3708 ·
2297 3678 2392 3730 κα)⁵
2413 3678 2597 3746 ἐγγιζε
2632 3679 2763 3748 πρὸς
2796 3681 2885 3732 τὸν
2902 3680 3034 3733 Θεόν
3063 3698 3156 3733 σου
3184 3681 3490 3744 διαπαντός.
3522 3703 3541 3733 ι
3565 3683 3704 3754 Γνη-

2135 3768 2256 3820 σίαν
2289 3769 2467 3822 τοίνυν
2493 3769 2752 3837 ἐπίδειξαι
2811 3769 2911 3839 τὴν
2945 3771 3038 3824 ἐπὶ
3068 3771 3200 3824 Θεὸν
3251 3773 3578 3844 μεταϐολὴν,
3605 3776 3705 3828 καὶ

2135 3857 2393 3926 ἐπιμελοῦ
2425 3856 2838 3928 φιλανθρωπίας
2890 3859 2984 3912 καὶ
3010 3859 3103 3924 τοῦ
3129 3860 3339 3913 δικαίου
3357 3877 3373 3891 ο
3435 3861 3704 3926 σπούδαζε

2136 3946 2193 3998 δὲ
2222 3948 2308 4000 ἀεὶ
2327 3947 2405 4018 τῷ
2432 3948 2549 4019 Θεῴ
2575 3952 2808 4002 συνεῖναι
2828 3950 2921 4002 καὶ
2945 3952 3042 4020 τῆς
3071 3954 3171 4022 μὲν
3204 3955 3332 4024 περὶ
3353 3954 3541 4008 τοῦτον
3578 3957 3705 4009 ἀντ·

2136 4039 2392 4109 εχόμενος
2436 4039 2750 4110 θεραπείας,
2786 4041 2922 4112 ὅπερ
2951 4043 3254 4111 ὀφείλεσθαι
3273 4043 3474 4115 ταύτην
3503 4047 3708 4116 συμϐέ-

2137 4129 2273 4199 ϐηκε
2295 4128 2515 4192 δικαίως
2542 4145 2555 4158 ³
2590 4131 2689 4199 τῆς
2735 4129 2792 4181 δὲ
2823 4131 2951 4200 περὶ
2975 4131 3045 4183 τὰ
3069 4131 3266 4184 εἴδωλα
3305 4134 3549 4203 σπουδῆς
3595 4137 3706 4188 ἀπ-

2137 4219 2398 4289 εχόμενος
2433 4219 2734 4282 παντελῶς.
2773 4237 2792 4270 ι
2832 4220 3074 4280 Χαναὰν,
3108 4224 3165 4274 ἐν
3190 4223 3331 4293 χειρὶ
3354 4224 3516 4278 αὑτοῦ
3545 4225 3707 4294 ζυγὸς

2139 4309 2354 4372 ἀδικίας
2386 4325 2400 4339 ⁶
2434 4309 2921 4364 καταδυναστεύειν
2953 4311 3229 4381 ἠγάπησε.
3269 4333 3288 4364 ι
3335 4315 3428 4378 Εἰς
3458 4317 3708 4387 ἐπιστρέ-

469 4421 554 4474 bis
593 4416 660 4470 ad
690 4416 1108 4470 conversionem
1153 4416 1498 4479 invitaverat,
1541 4429 1732 4468 rursus
1763 4414 1850 4469 hic
1883 4417 2025 4470 mali'

2142 4420 2300 4471 φειαν
2353 4404 2547 4465 αὐτοὺς
2596 4403 2662 4455 δι’
2700 4403 2924 4455 ἐκείνων
2973 4404 3424 4474 ἐκκαλεσάμενος,
3460 4407 3708 4471 ὀνειδίζει

471 4510 601 4561 tiam
644 4507 963 4576 exprobrat.
999 4505 1178 4558 Nihilo
1223 4506 1499 4568 meliores,
1531 4504 1731 4573 inquit,
1783 4508 2040 4577 apparui-

469 4601 570 4654 stis
602 4598 953 4660 Cbananaeis,
1002 4597 1204 4666 quibus
1258 4598 1398 4652 Deus
1431 4598 1668 4667 regione
1685 4598 1754 4650 ob
1796 4599 2042 4667 ipsorum

473 4691 806 4757 impietatem
850 4690 1266 4759 nequitiamque
1294 4689 1509 4757 ejectis,
1553 4705 1650 4744 vos
1699 4689 1829 4743 illuc
1866 4691 2042 4744 intro-

472 4782 648 4837 duxit.
690 4781 1059 4834 Nihilominus
1105 4788 1200 4834 ves
1241 4779 1308 4833 ad
1341 4778 1672 4848 iniustitiam
1705 4778 2041 4840 incumbitis,

476 4876 756 4943 multoque
801 4872 982 4927 studio
1027 4871 1359 4926 infirmiores
1391 4871 1722 4941 opprimilis,
1766 4886 1905 4942 quos
1949 4886 2044 4926 ve-

473 4978 603 5025 strae
634 4968 885 5039 potentia:
911 4966 1120 5021 viribus
1161 4967 1303 5022 male
1333 4969 1630 5024 mulctatis.

547 5153 708 5207 Vsus.
729 5153 780 5213 8,
798 5152 950 5205 9.--‹
978 5150 1043 5204 Et
1057 5149 1190 5204 dixit
1206 5150 1530 5218 Ephraimus
1548 5149 1948 5205 :Verumtamen
1966 5149 2044 5206 dic

477 5261 573 5300 ves
593 5245 819 5298 enectus
842 5258 984 5307 sum,
1013 5241 1194 5295 inveni
1222 5241 1460 5294 solamen
1485 5242 1639 5294 mihi.
1665 5260 1684 5291 ›
1712 5241 1870 5311 Atqui
1899 5243 2044 5312 inju-

481 5344 562 5389 ste
596 5339 849 5400 congesta
887 5330 1134 5401 pecunia,
1169 5330 1363 5400 gaudet
1401 5331 1602 5385 divitiis
1645 5331 1777 5394 suis,
1811 5347 2038 5402 quarum

478 5425 687 5479 dulcem
718 5438 873 5476 usum
901 5420 1190 5475 existimat.
1221 5439 1240 5473 ‹
1266 5420 1459 5474 Nullus
1480 5421 1630 5475 labor
1649 5421 1768 5490 ejus
1797 5423 2040 5478 invenie-

480 5526 566 5569 tur
604 5514 726 5583 ipsi,
773 5523 992 5582 propter
1035 5513 1346 5582 iniquitates
1387 5527 1520 5580 quas
1550 5514 1808 5581 peccaﬁt.
1835 5533 1852 5564 ι
1884 5516 2048 5584 Atqui

477 5614 727 5673 reputare
761 5604 1041 5665 debuerat,
1078 5602 1261 5656 omnia
1297 5603 1413 5655 hate
1435 5618 1556 5670 quae
1584 5604 1794 5672 injustis
1823 5620 2044 5659 coacer-

477 5697 618 5750 vavit
652 5693 954 5762 laboribus,
985 5693 1224 5765 peritura
1257 5693 1481 5750 omnino
1515 5693 1652 5759 fore,
1689 5704 1907 5767 propter
1945 5695 2049 5751 ini-

2141 4495 2300 4550 πάλιν
2331 4494 2513 4558 αὐτοῖς
2536 4495 2635 4565 τὴν
2665 4495 2862 4548 κακίαν
2887 4495 3141 4549 ἐνταῦθα.
3172 4497 3552 4568 Ἀπεδείχθητε
3576 4501 3706 4571 γὰρ,

2139 4589 2323 4659 φησιν,
2385 4587 2536 4639 οὐδὲν
2593 4587 2973 4656 ἐλαττούμενοι
3026 4589 3134 4639 τῶν
3191 4589 3551 4653 Χαναναίων,
3615 4590 3710 4654 οῦς

2140 4679 2384 4732 ἐκϐαλὼν
2411 4680 2508 4748 τῆς
2536 4677 2714 4749 χώρας
2746 4679 2937 4743 ὁΘεὸς,
2961 4679 3048 4732 διὰ
3071 4680 3170 4748 τὴν
3207 4680 3499 4750 περιοῦσαν
3528 4683 3709 4746 αὐτοῖς

2142 4770 2396 4824 ἀσέϐειάν
2428 4788 2486 4822 τε
2517 4773 2610 4824 καὶ
2661 4772 2881 4836 κακίαν,
2913 4772 3057 4839 ὑμᾶς
3092 4773 3488 4842 ἀντεισήγαγεν
3520 4791 3533 4804 ·
3568 4773 3711 4827 οὕτω

2143 4861 2280 4931 πρὸς
2310 4859 2521 4913 ἀδικίαν
2547 4879 2606 4913 τε
2631 4861 2936 4930 βλέποντες,
2967 4863 3060 4914 καὶ
3085 4862 3222 4932 μετά
3250 4863 3452 4934 πολλῆς
3479 4866 3577 4933 τῆς
3601 4865 3713 4916 ἐπι-

2149 4950 2365 5020 μελείας
2421 4952 2546 5014 τοὺς
2605 4953 3024 5024 ἀσθενεστέρους
3082 4955 3222 5007 κατὰ
3258 4953 3356 5022 τὴν
3410 4954 3712 5026 προσοῦσαν

2148 5041 2176 5093 ύ
2187 5045 2276 5112 μῑν
2315 5043 2656 5105 ἐκθλίϐοντες
2683 5043 3018 5096 δυναστείαν.

2217 5152 2362 5222 Στίχ.
2394 5153 2537 5226 ἠ’-θ’,
2565 5185 2632 5194 --
2665 5171 2682 5204 r
2713 5154 2822 5206 Kal
2852 5149 3003 5206 εἶπεν
3035 5153 3289 5225 Ἐφραίμ·
3323 5153 3470 5224 Πλὴν
3490 5155 3714 5207 tertiod-

2149 5259 2312 5312 τηκα.
2353 5243 2561 5314 εὕρηκα
2601 5245 2882 5315 ἀναψυχὴν
2909 5245 3152 5315 ἐμαυτῷ.
3190 5265 3209 5298 ι
3249 5243 3380 5298 Εἶτα
3415 5245 3474 5310 ἐξ
3506 5247 3714 5310 ἀδικίας

2153 5335 2422 5403 συλλέγων
2451 5337 2727 5406 χρήματα,
2759 5337 2943 5405 ἥδεται
2976 5337 3070 5389 ἐπὶ
3093 5336 3171 5406 τῷ
3195 5336 3462 5399 πλουτεῖν,
3498 5338 3569 5405 (p.
3604 5337 3673 5392 88
3700 5345 3714 5405 >

2152 5425 2245 5479 καὶ
2272 5426 2337 5496 δὴ
2375 5426 2466 5478 καὶ
2502 5427 2602 5495 τὴν
2639 5427 2697 5493 ἐξ
2724 5427 2902 5480 αὐτῶν
2935 5427 3232 5480 ἀπόλαυσιν
3273 5427 3454 5498 ἡδεῖαν
3485 5429 3712 5496 ἡγεῖται.

2157 5535 2176 5566 ι
2207 5518 2411 5580 Πάντες
2444 5519 2490 5570 οἱ
2531 5518 2680 5572 πόνοι
2731 5518 2894 5570 αὑτοῦ
2919 5519 3015 5587 οὐχ
3063 5517 3443 5588 εὑρεθήσονται
3482 5516 3629 5586 αὐτῷ
3657 5518 3715 5569 δι’

2152 5610 2364 5673 ἀδικίας
2386 5610 2451 5673 ἃς
2478 5611 2744 5681 ἥμαρτεν.
2783 5626 2803 5662 ι
2839 5610 2966 5663 Δέον
2993 5609 3413 5676 ἀναλογίσασθαι
3444 5609 3524 5661 ὅτι
3554 5611 3719 5664 πάντα

2151 5701 2217 5774 δὴ
2245 5701 2421 5757 ταῦτα
2455 5701 2490 5755 ἂ
2518 5702 2656 5773 μετά
2695 5701 3028 5775 παρανόμων
3069 5702 3338 5771 συνήγαγε
3379 5698 3576 5767 πόνων,
3622 5701 3718 5753 ἀπ-
