3828 6216
147 292 231 344 197

1143 289 1695 346 COMMENTARIUS
1731 289 1796 344 IN
1837 289 2042 344 OSEIE
2069 291 2222 347 CAP.
2273 291 2386 345 XII.

3304 294 3408 350 {98

140 405 334 458 ολείται
382 403 558 457 πάντα
615 403 754 473 ὑπὲρ
798 402 897 472 τῆς
941 403 1152 466 ἀδικίας
1191 407 1308 477 μεθ’
1335 402 1402 477 ἦς
1433 407 1570 460 αὐτά
1603 423 1726 458 συν-

1843 407 2097 474 quitatem
2129 423 2237 476 qua
2279 422 2342 459 ea
2376 404 2670 474 collegerat
2701 422 2713 457 :
2745 417 2938 473 nempe
2967 417 3090 458 cum
3129 401 3271 458 Deus
3297 407 3410 458 cri-

140 498 339 566 ήγαγεν
367 514 381 526 υ
424 494 592 548 ἐπειδ’
623 495 689 548 ἂν
710 495 842 556 θεὸς
889 493 997 548 τῶν
1029 498 1530 567 παρανομημάτων,
1559 499 1616 549 ἐν
1643 492 1723 558 οἷς

139 588 514 658 ἐξεταζόμενοι
546 585 831 646 διετέλουν,
879 585 1032 648 δίκας
1065 587 1263 651 αὐτοὺς
1304 588 1724 659 εἰσπράττεσθαι

143 679 415 749 βούληται.
453 699 470 729 ι
513 677 654 745 Ἐγὼ
687 678 744 730 δὲ
780 677 984 748 Κύριος
1009 680 1036 730 ὁ
1070 679 1201 743 Θεός
1237 697 1328 732 σου
1359 680 1635 752 άνήγαγόν
1666 698 1723 732 σε

142 771 204 821 ἐκ
228 770 327 839 τῆς
356 768 654 836 Αἰγύπτου.
691 787 708 818 i
746 769 895 821 Ἔδει
916 769 974 820 δέ
998 785 1056 820 σε
1086 769 1266 838 πάσης
1291 769 1592 840 ἀπέχεσθαι
1621 771 1729 822 ἀδι-

141 861 260 921 κίας
297 861 402 930 τῆς
439 859 578 912 κατά
608 859 716 912 τῶν
745 861 1016 930 πενήτων,
1066 860 1518 930 ἀναλογιζόμενον
1561 861 1642 914 ὅτι
1667 877 1726 913 σε

143 953 197 1004 ἐν
221 951 440 1022 δουλεία
466 951 782 1025 καθεστῶτα
804 952 1000 1023 πικρᾷ..
1025 951 1276 1017 ἐξέϐαλον
1299 952 1399 1022 τῆς
1428 951 1725 1020 Αἰγύπτου.

149 1061 165 1092 ι
197 1044 318 1094 Ἔτι
351 1041 615 1095 κατοικιῶ
646 1059 704 1092 σε
737 1043 796 1094 ἐν
825 1045 1051 1111 σκηναῖς
1085 1041 1265 1106 καθὼς
1299 1044 1358 1094 ὲν
1391 1043 1574 1113 ἡμέρᾳ
1611 1043 1730 1112 ἐορ-

144 1133 260 1202 τῆς.
296 1151 313 1181 ι
355 1133 467 1184 Καὶ
506 1132 569 1200 δὴ
608 1133 702 1183 καὶ
740 1131 952 1201 οἴκησίν
999 1149 1080 1184 σοι
1124 1133 1418 1202 παρέσχον,
1466 1133 1550 1185 ἵνα
1600 1133 1730 1205 εἴπῃ

144 1225 238 1293 τῆς
262 1225 369 1294 γῆς
399 1224 496 1292 τῆς
526 1222 855 1291 ἐπαγγελίας
878 1223 974 1294 τὴν
998 1224 1316 1286 ἀπόλαυσιν,
1345 1225 1620 1295 ἑορτάζειν
1647 1242 1730 1279 σοι

146 1314 447 1385 παρασχὼν
477 1317 535 1367 ἐν
580 1317 645 1385 τῇ
676 1314 783 1366 τῶν
823 1315 1264 1386 προσγεγονότων
1301 1315 1636 1369 ἀπολαύσει·
1671 1317 1733 1368 τὸ

146 1407 253 1476 γὰρ
298 1426 317 1457 ι
356 1407 639 1464 κατοικιῶ.
679 1426 696 1457 ι
745 1408 866 1459 ἀντὶ
922 1407 1048 1470 τοῦ,
1102 1407 1406 1477 κατῴκισα,
1453 1408 1620 1474 λέγει,
1665 1410 1729 1478 τῇ

148 1499 419 1567 ἐναλλαγῇ
440 1497 532 1550 τοῦ
555 1499 745 1568 κώνου
766 1498 1007 1569 συνήθως
1027 1499 1365 1569 χρησάμενος
1388 1515 1400 1530 ·
1432 1499 1658 1568 σύνηθες
1674 1499 1734 1553 δὲ

146 1589 302 1642 τοῦτο
339 1591 439 1642 καὶ
467 1589 559 1640 ἐπὶ
574 1589 682 1640 τῶν
705 1590 950 1660 Ψαλμῶν
986 1589 1267 1662 ἐδείξαμεν
1290 1590 1605 1664 αὐτάρκως·
1622 1585 1735 1646 οἶόν

147 1685 263 1735 ἐστι
279 1683 361 1744 τὸ,
387 1701 406 1729 α
429 1682 572 1751 Ἐγὼ
589 1684 645 1736 δὲ
672 1684 806 1754 πρὸς
821 1683 911 1736 τὸν
928 1683 1058 1736 Θεὸν
1073 1683 1360 1753 ἐκέκραξα,
1381 1685 1474 1738 καί
1489 1686 1516 1736 ὁ
1533 1685 1734 1756 Κύριος

147 1775 437 1845 εἰσήκουσέ
489 1791 624 1845 μου’
666 1795 684 1826 ι
723 1770 802 1838 οἷς
833 1776 1026 1843 ἐπάγει
1052 1793 1065 1806 °
1107 1795 1125 1827 ι
1173 1777 1442 1846 Ἐσπέρας
1467 1780 1558 1830 καὶ
1590 1777 1735 1848 πρωῒ

147 1867 239 1917 καὶ
278 1865 628 1938 μεσημϐρίας
657 1866 1004 1937 διηγήσομαι,
1042 1866 1135 1920 καὶ
1155 1866 1468 1935 ἀπαγγελῶ,
1500 1868 1594 1920 καὶ
1624 1870 1736 1922 εἰσο

145 1956 442 2010 ἀκούσεται
487 1958 585 2027 τῆς
638 1959 822 2027 φωνῆς
871 1975 1001 2028 μου·
1047 1979 1064 2010 ι
1095 1960 1268 2012 καίτοι
1322 1977 1384 2028 γε
1430 1960 1491 2014 τὸ
1541 1979 1560 2011 t
1624 1962 1737 2014 εἰσ-

145 2047 349 2118 ήκουσε
391 2067 409 2098 ι
443 2048 524 2114 τῷ
560 2068 578 2098 ι
613 2048 989 2102 εἱσακούσεται
1021 2070 1038 2100 ι
1075 2052 1172 2103 ούκ
1207 2050 1496 2104 ἀκόλουθον
1517 2069 1528 2081 ·
1556 2053 1602 2104 εἰ
1627 2051 1738 2124 γὰρ

145 2139 362 2206 γέγονε,
393 2137 446 2190 τί
475 2138 539 2208 δὴ
569 2138 817 2206 γενέσθαι
856 2140 1030 2203 αἱτεῖ;
1074 2139 1234 2191 ’Λλλά
1267 2141 1358 2192 καὶ
1384 2141 1444 2192 τὸ
1472 2141 1736 2211 πρότερον

144 2232 224 2294 τὸ,
268 2232 348 2302 (p.
377 2231 470 2299 89)
515 2251 531 2281 ι
577 2231 672 2283 καὶ
717 2231 744 2280 ὁ
785 2231 986 2302 Κύριος
1032 2232 1319 2302 είσήκουσέ
1367 2249 1491 2301 μου,
1530 2251 1549 2282 ι
1587 2230 1735 2299 λέγει

144 2324 262 2376 ἀντὶ
293 2323 416 2380 τοῦ.
452 2322 831 2375 είσακούσεται
851 2339 865 2352 ·
890 2324 982 2375 καὶ
1010 2323 1145 2385 ὅλως
1182 2324 1272 2375 καὶ
1297 2323 1428 2375 πολὺ
1455 2322 1549 2374 καὶ
1575 2313 1737 2392 κεχυ-

145 2415 308 2483 μένον
318 2416 388 2466 ἐν
407 2418 520 2476 τοῖς
541 2413 788 2483 Ψαλμοῖς
810 2416 873 2467 ἐκ
895 2414 984 2467 τοῦ
1011 2414 1298 2483 ἰδιώματος
1316 2415 1626 2486 εὑρίσκεται
1642 2412 1733 2465 τοῦ

151 2505 491 2576 ⁹Ε6ραῖκοῧ’
539 2505 660 2558 ὅθεν
714 2505 778 2574 δὴ
825 2505 919 2557 καὶ
971 2506 1120 2576 παρά
1153 2509 1264 2568 τοῖς
1299 2506 1626 2575 προφήταις,
1659 2502 1736 2567 ὡς

139 2598 314 2659 εἰκὸς,
351 2597 418 2648 τὸ
447 2597 578 2648 αὐτὸ
609 2596 672 2666 δὴ
713 2596 870 2648 τοῦτο
899 2596 1045 2666 εὖροι
1079 2613 1162 2658 τις
1202 2597 1294 2650 ἄν·
1324 2596 1398 2658 ὡς
1422 2598 1548 2649 ὅταν
1577 2595 1733 2666 λέγῃ·

145 2706 165 2738 ι
209 2689 300 2750 Ὠς
340 2687 617 2758 πρόϐατον
646 2687 737 2740 ἐπὶ
766 2687 977 2758 σφαγὴν
1007 2688 1171 2760 ἤχθη,
1217 2708 1235 2740 ι
1271 2689 1390 2741 ἀντὶ
1417 2687 1510 2740 τοῦ
1539 2689 1736 2753 εἰπεῖν,

137 2777 471 2846 ἀχθήσεται.

211 2869 369 2937 Στίχ.
413 2874 570 2920 ι’-ια’.
605 2899 672 2908 -—
707 2884 724 2917 ι
765 2867 872 2919 Καὶ
901 2867 1138 2936 ἐλάλησα
1184 2866 1318 2937 πρὸς
1349 2868 1474 2929 τοὺς
1522 2867 1736 2939 προφή-

139 2971 235 3017 τας
256 2973 272 2988 σ
317 2956 425 3007 καὶ
454 2954 564 3022 ἐγὼ
606 2955 823 3024 ὁράσεις
856 2953 1155 3024 ἐπλήθυνα,
1185 2956 1279 3008 καὶ
1308 2955 1368 3008 ὲν
1412 2956 1568 3026 χερσί
1603 2972 1738 3026 προ-

1829 498 2059 561 minum,
2093 513 2326 566 quorum
2376 497 2454 550 illi
2502 502 2633 551 sunt
2675 496 2934 558 convicti,
2961 509 3151 564 poenas
3195 512 3414 552 sumere

1827 589 1992 641 volet.
2035 608 2052 638 ι
2099 587 2162 640 Ει
2210 587 2320 658 Ego
2368 586 2635 642 Dominus
2691 587 2834 642 Deus
2858 597 2984 641 tuus
3038 587 3201 642 eduxi
3246 597 3300 642 te
3344 603 3410 642 ex

1826 679 2083 750 Egypto.
2124 699 2142 731 ι
2180 677 2325 734 Sane
2369 679 2655 748 oportebat
2697 679 2977 733 abstinere
3013 687 3066 734 te
3114 680 3185 733 ab
3227 679 3414 749 oppri-

1829 770 2042 825 mendis
2102 769 2304 838 injuste
2354 771 2712 840 pauperibus,
2761 779 3108 839 reputantem
3154 771 3302 840 quod
3357 770 3414 823 in

1833 876 2020 916 amara
2056 861 2324 916 servitute
2376 876 2503 914 cum
2555 861 2804 929 degeres,
2859 859 3096 933 Egypto
3135 870 3186 916 te
3233 862 3410 931 abegi.

1835 973 1854 1006 ι
1905 953 2102 1007 Adhuc
2140 952 2389 1007 habitare
2417 959 2469 1006 te
2513 951 2711 1006 faciam
2757 952 2812 1006 in
2852 953 3242 1018 tabernaculis,
3269 954 3415 1008 sicut

1832 1045 1886 1098 in
1919 1045 2007 1098 die
2041 1045 2431 1099 solemnitatis.
2474 1063 2492 1095 ι
2529 1043 2668 1109 Quin
2705 1045 2867 1098 etiam
2912 1044 3281 1099 habitaculum
3311 1045 3414 1099 tibi

1831 1137 2026 1198 obtuli,
2082 1137 2134 1190 id
2179 1146 2282 1199 est,
2325 1138 2607 1204 promissae
2651 1144 2810 1190 terra:
2860 1135 3170 1205 jucundum
3225 1152 3412 1196 usum.

1835 1229 2075 1283 festalem
2111 1229 2208 1283 tibi
2235 1228 2476 1282 lzetitiam
2504 1228 2614 1298 58
2641 1228 2891 1297 prarbens
2916 1228 2968 1282 in
2995 1227 3264 1282 bonorum
3290 1235 3417 1282 tuo-

1833 1337 1953 1375 rum
1991 1319 2303 1374 usulructu.
2336 1319 2581 1388 Namque
2607 1338 2627 1370 ι
2651 1319 2901 1374 habitare
2931 1319 3148 1384 faciam,
3177 1337 3199 1372 ι
3232 1320 3416 1388 posuit

1834 1426 1954 1480 pro,
1981 1411 2231 1464 habitare
2261 1408 2385 1472 feci,
2423 1409 2585 1463 solita
2606 1418 2913 1476 temporum
2943 1409 3189 1477 enallage
3212 1416 3412 1465 utens:

1833 1517 1994 1570 quem
2039 1517 2244 1555 morem
2281 1516 2403 1555 esse
2442 1517 2660 1568 quoque
2710 1501 3076 1558 l‘salmorum.
3128 1501 3262 1554 satis
3299 1501 3415 1569 jam

1835 1593 2356 1647 demonstravimus.
2385 1589 2561 1645 Veluti
2592 1600 2675 1645 est
2709 1591 2843 1644 illud
2877 1610 2890 1644 :
2929 1610 2948 1641 ι
2988 1590 3098 1660 Ego
3133 1600 3313 1646 autem
3346 1591 3415 1646 ad

1841 1683 2008 1736 Deum
2036 1682 2293 1744 clamavi,
2335 1689 2389 1738 et
2417 1680 2688 1736 Dominus
2720 1681 3000 1735 exaudivit
3026 1696 3113 1735 me
3138 1681 3238 1734 ³⁵.)
3277 1679 3414 1747 Qui-

1838 1773 1940 1827 bus
1972 1770 2161 1826 addit:
2191 1789 2211 1822 ς
2244 1769 2480 1840 Vespere
2497 1777 2553 1824 et
2575 1783 2734 1823 mane
2755 1783 2819 1822 ac
2851 1769 3079 1824 meridie
3105 1769 3341 1823 narrabo
3361 1775 3416 1823 et

1835 1861 2196 1922 annuntiabo,
2222 1871 2276 1914 et
2297 1874 2488 1914 vocem
2512 1874 2690 1913 meam
2708 1858 3017 1912 exaudiet.»
3042 1858 3209 1928 Atqui
3237 1859 3414 1927 prius,

1841 1969 1861 2004 ι
1879 1950 2177 2022 exaudivit,
2193 1979 2208 2003 ι
2247 1951 2625 2020 subscquenti.
2648 1965 2669 2000 ι
2697 1948 2977 2010 exaudiet,
3010 1967 3028 2000 ι
3051 1957 3260 2006 nonest
3277 1963 3414 2002 con-

1836 2050 2181 2098 sentaneum.
2202 2040 2338 2095 Nam
2355 2043 2402 2097 si
2418 2042 2620 2095 factum
2643 2049 2750 2103 est,
2767 2055 2867 2094 cur
2884 2039 2999 2094 ﬁeri
3019 2039 3291 2110 postulat?
3307 2039 3416 2094 Sed

1835 2132 1980 2185 enim
2013 2131 2166 2200 prius
2185 2129 2342 2192 illud,
2368 2147 2388 2181 ι
2414 2137 2468 2182 et
2491 2127 2756 2182 Dominus
2795 2126 3200 2190 exaudivitme,
3229 2147 3248 2177 ο
3279 2126 3417 2180 dicit

1836 2223 2022 2293 potius
2082 2235 2215 2288 pro,
2267 2222 2522 2276 exaudiet
2574 2233 2680 2275 me.
2747 2221 2803 2274 ln
2845 2234 3081 2282 summa,
3113 2234 3257 2286 smpe
3288 2234 3416 2288 pas-

1837 2319 2050 2386 simque
2069 2314 2159 2367 hic
2190 2313 2489 2367 llebraicus
2518 2311 2826 2366 idiotismus
2855 2311 3120 2365 occurrit.
3151 2312 3332 2376 Quare
3360 2317 3416 2364 et

1836 2408 1978 2478 apud
2015 2406 2332 2477 prophetas,
2359 2413 2419 2459 ut
2447 2418 2546 2474 par
2567 2413 2670 2466 est,
2703 2419 2814 2456 rem
2848 2403 3096 2456 eamdem
3121 2403 3416 2455 observare

1836 2497 2058 2550 cuilibet
2097 2494 2319 2560 licebit;
2376 2492 2544 2547 veluti
2578 2511 2592 2546 :
2634 2510 2656 2545 ι
2699 2491 2763 2546 [ι
2817 2493 2937 2546 ovis
2977 2491 3044 2544 ad
3080 2491 3416 2546 occisionem

1836 2588 2037 2643 ductus
2061 2594 2146 2641 est
2176 2585 2242 2648 ⁸⁸,
2285 2605 2305 2634 ι
2345 2599 2467 2654 pro,
2501 2585 2748 2637 ducetur.

1911 2875 2078 2928 Vens.
2114 2873 2307 2927 lO-ll.
2333 2902 2402 2912 —
2438 2893 2455 2923 ε
2498 2871 2562 2924 Ει
2597 2873 2815 2926 locutus
2845 2887 2965 2926 sum
2998 2870 3063 2923 ad
3103 2868 3418 2937 prophetas,

1839 2975 1893 3021 et
1915 2983 2015 3036 ego
2041 2966 2281 3020 visiones
2317 2964 2698 3032 multiplicavi,
2728 2973 2781 3016 et
2816 2963 2868 3015 in
2908 2962 3159 3014 manibus
3188 2959 3423 3028 prophe—

139 3050 331 3121 (θητῶν
390 3048 702 3118 ώμοιώθην.
744 3068 760 3099 ι
811 3048 952 3116 Ἐγὼ
999 3047 1062 3118 δὴ
1115 3049 1234 3100 τότε
1296 3048 1390 3101 καὶ
1450 3051 1730 3120 προφήτας

1843 3067 2017 3112 tarum
2070 3056 2408 3111 assimilatus
2451 3070 2593 3108 sum.
2633 3073 2651 3104 ι
2709 3053 2818 3123 l’go
2866 3059 2919 3105 et
2962 3051 3253 3120 prophetas
3289 3060 3420 3103 tunc

139 3140 422 3203 ἀνέδειξα,
453 3140 547 3190 καὶ
579 3139 852 3191 ὀπτασιῶν
886 3139 1092 3206 ἠξίωσα
1123 3141 1248 3201 τοὺς
1281 3139 1400 3191 τότε
1446 3139 1732 3202 πλείστων,

141 3229 510 3301 πολυτρόπως
560 3245 618 3281 τε
680 3229 1092 3298 ἐπιφαινόμενος
1133 3231 1245 3290 τοῖς
1301 3229 1421 3282 τότε
1471 3230 1732 3294 δικαίοις,

141 3321 375 3374 "missi:
411 3337 468 3371 τε
516 3319 658 3386 λέγω
699 3320 790 3372 καὶ
834 3319 1005 3389 Ἰησοῦ
1052 3319 1131 3389 τῷ
1161 3319 1316 3389 Ναυῆ
1348 3321 1441 3374 καὶ
1472 3325 1583 3384 τοῖς
1615 3323 1733 3374 κατ’

142 3413 424 3472 ἐκείνους·
457 3411 671 3464 ᾶπαντα
699 3410 752 3462 δέ
772 3410 945 3463 ταῦτα
972 3410 1230 3482 πράττειν
1264 3411 1584 3482 αἱρούμενος
1611 3429 1737 3483 προ·

143 3501 358 3570 θύμως,
405 3495 481 3552 ὧν
521 3501 684 3570 ἐχρῆν
739 3500 1112 3571 μεμνημένους
1174 3501 1458 3571 ἀρκεῖσθαι
1502 3506 1613 3566 τοῖς
1654 3503 1737 3555 δο-

143 3589 305 3647 θεῖσι.
366 3588 446 3658 μὴ
485 3589 623 3657 μετά
668 3588 881 3650 ἀδικίας
926 3589 1359 3659 ἀφαιρουμένους
1403 3591 1471 3643 τὰ
1514 3591 1735 3661 ἐτέρων.

150 3695 168 3727 ι
206 3678 272 3730 Εἰ
309 3678 393 3747 μὴ
431 3675 644 3729 Γαλαὰδ
686 3677 852 3738 ἐστιν,
894 3676 1001 3746 ἀρα
1027 3677 1240 3744 ψευδεῖς
1282 3675 1420 3748 ἦσαν
1453 3681 1507 3730 ἐν
1537 3680 1742 3748 Γαλγά-

145 3771 277 3824 λοις.
324 3790 342 3819 ι
387 3769 580 3820 Ταῦτα
634 3768 697 3838 δή
747 3787 941 3838 φησιν·
985 3771 1046 3822 Εἰ
1099 3772 1194 3840 μὲν
1237 3774 1302 3824 ἐκ
1351 3772 1560 3826 Γαλαὰδ
1614 3774 1742 3842 ὑμῖν

149 3862 364 3930 ὑπῆρξε
402 3862 502 3912 καὶ
545 3860 834 3927 Γαλγάλων
885 3862 1001 3932 (ἵνα
1035 3862 1184 3932 εἴπῃ,
1220 3865 1285 3915 ἐκ
1311 3861 1420 3915 τῶν
1450 3863 1743 3932 εἰδώλων),

147 3947 296 4019 εἶχεν
328 3951 400 4004 ἄν
417 3967 540 4001 τινα
562 3951 854 4018 ἀπολογίαν
881 3952 1006 4020 ὑμῖν
1024 3952 1089 4005 τά
1104 3952 1195 4004 νῦν
1214 3956 1561 4025 πραττόμενα
1579 3973 1592 3986 ⁸
1622 3955 1747 4010 εἰδὲ

153 4044 292 4112 μήτε
329 4043 401 4093 ἐκ
426 4042 643 4094 Γαλαὰδ
671 4043 820 4111 ὑμῖν,
847 4045 981 4112 μήτε
1011 4044 1074 4096 ἐκ
1105 4044 1415 4112 Γαλγάλων,
1445 4047 1742 4112 τουτέστιν,

151 4135 198 4184 εἰ
233 4133 310 4203 μὴ
348 4135 417 4185 ἐκ
436 4133 548 4184 τῶν
577 4133 812 4185 εἰδώλων
843 4135 968 4203 ύμῖν
1006 4137 1358 4205 προσγέγονε,
1391 4137 1506 4200 πῶς
1529 4139 1588 4189 ού
1615 4138 1746 4208 πρό-

151 4225 308 4294 δηλον
337 4226 424 4277 ὅτι
453 4224 535 4292 τῷ
553 4224 734 4292 ψεύδει
765 4229 1198 4296 προστετήκατε;
1231 4226 1346 4280 Νῦν
1370 4227 1467 4298 τὴν
1491 4228 1749 4298 ἀλήθειαν

151 4319 414 4384 ἀφέντες,
451 4317 787 4379 ἀποστάντες
819 4318 920 4387 μὲν
971 4317 1064 4370 τοῦ
1100 4319 1410 4389 εὐεργέτου,
1461 4320 1750 4384 νεύσαντες

1839 3148 2064 3219 protuli,
2092 3155 2144 3200 et
2168 3146 2475 3199 visionibus
2529 3143 2781 3210 plurimis
2838 3142 2984 3194 illius
3024 3143 3288 3208 temporis
3325 3139 3423 3192 lio-

1841 3240 2015 3293 mines
2044 3238 2302 3306 dignalus
2332 3251 2474 3296 sum,
2525 3244 2576 3287 et
2612 3232 2967 3286 multifariam
2996 3232 3161 3298 justis
3193 3230 3301 3284 illis
3331 3243 3424 3298 xp-

1841 3329 2022 3398 parui,
2049 3326 2218 3397 Moysi
2251 3326 2495 3394 inquam,
2526 3333 2577 3378 et
2608 3321 2736 3378 Jesu
2779 3323 2892 3375 filio
2922 3319 3078 3380 Navi,
3103 3327 3156 3373 et
3178 3327 3424 3372 contem-

1843 3421 2122 3490 poraneis.
2154 3419 2287 3483 Quae
2319 3432 2444 3471 cum
2472 3417 2657 3468 omnia
2693 3415 2919 3467 libenter
2953 3413 3226 3470 fecissem.
3259 3425 3426 3478 opor-

1845 3509 1996 3563 tebat
2026 3524 2159 3564 sane
2190 3508 2384 3560 horum
2426 3521 2721 3568 memores,
2757 3504 2900 3557 datis
2938 3519 3060 3557 esse
3109 3509 3421 3566 contentos,

1843 3614 2020 3667 neque
2068 3613 2166 3666 per
2201 3596 2526 3663 injustitiam
2561 3595 2737 3648 aliena
2779 3608 2992 3661 rapere.
3048 3611 3066 3643 ι
3120 3590 3175 3644 Si
3216 3589 3420 3644 Galaad

1845 3671 1950 3744 non
1982 3699 2087 3754 est,
2120 3687 2308 3758 utique
2364 3687 2485 3740 falsi
2533 3685 2748 3739 fuerant
2811 3685 2866 3738 in
2919 3683 3182 3751 Galgalis.
3244 3701 3262 3732 ι
3305 3679 3422 3736 Hoc

1843 3779 1977 3833 dicit
2013 3797 2025 3832 :
2065 3776 2347 3846 Siquidem
2391 3791 2454 3830 ex
2497 3774 2702 3828 Galaad
2751 3780 2806 3826 et
2859 3771 3099 3842 Galgalis
3142 3769 3298 3823 vobis
3327 3786 3423 3850 sng-

1845 3876 2111 3942 peresset,
2142 3868 2193 3922 id
2214 3876 2317 3932 est,
2352 3882 2416 3921 ex
2446 3865 2628 3931 idolis,
2655 3864 2919 3918 haberent
2971 3861 3204 3915 fortasse
3246 3859 3426 3914 defen-

1845 3964 2056 4018 sionem
2107 3961 2343 4029 aliquam
2377 3967 2558 4012 vestra
2595 3971 2788 4028 opera;
2843 3955 2928 4008 sin
2975 3969 3105 4007 vero
3138 3967 3311 4022 neque
3353 3966 3423 4007 ex

1846 4052 2050 4109 Galaad
2085 4067 2261 4121 neque
2286 4066 2351 4105 ex
2387 4049 2645 4118 Galgalis,
2690 4048 2740 4102 id
2784 4055 2890 4122 est,
2919 4045 2968 4101 si
3004 4043 3140 4098 nihil
3167 4043 3235 4096 ab
3261 4041 3426 4096 idolis

1847 4146 2002 4199 vobis
2028 4143 2284 4204 accessit,
2321 4140 2513 4210 quidni
2563 4142 2635 4199 sit
2675 4139 3017 4206 exploratum
3046 4150 3145 4189 vos
3169 4133 3245 4188 rei
3273 4133 3424 4188 falsa:

1849 4233 2187 4288 adhaesisse?
2226 4231 2384 4285 Nunc
2427 4230 2709 4284 veritatem
2746 4227 3091 4288 deseruistis,
3141 4239 3172 4278 α
3202 4222 3426 4278 benefa-

1850 4333 2002 4380 ctore
2040 4332 2227 4379 vestro
2255 4322 2582 4384 recessistis,
2634 4328 2796 4388 atque
2832 4317 2898 4370 ad
2930 4316 3065 4370 nihil
3105 4313 3425 4383 profuturos

152 4408 208 4459 δὲ
242 4408 389 4478 πρὸς
416 4408 548 4469 τοὺς
581 4407 931 4477 ώφεληκότας
973 4408 1154 4462 οὐδέν’
1188 4405 1307 4463 εἶτα
1359 4411 1566 4473 τούτοις
1611 4412 1730 4481 μετέ

1856 4413 2032 4486 (deos)
2058 4412 2392 4472 accessistis,
2419 4411 2619 4480 quibus
2639 4406 2903 4462 sacrificia
2935 4420 3059 4457 ctua
3088 4402 3425 4471 principibus

151 4499 259 4549 τῶν
298 4498 438 4566 παρ’
475 4499 606 4566 ὑμῖν
660 4499 935 4567 ἀρχόντων
977 4501 1074 4563 τάς
1120 4499 1308 4564 θυσίας
1360 4501 1748 4565 ἐπιτελοῦντεςο

155 4589 231 4655 (p.
267 4588 342 4640 90
373 4589 392 4656 )
444 4587 556 4638 ἀπὸ
591 4586 698 4656 γάρ
739 4605 754 4636 ι
791 4586 1001 4640 Γαλαὰδ
1039 4608 1055 4639 ι
1101 4591 1195 4642 καὶ
1229 4609 1248 4640 ι
1300 4589 1590 4658 Γαλγάλων
1632 4610 1650 4640 i
1684 4590 1753 4644 τὰ

154 4679 357 4732 εἴδωλα
402 4679 576 4744 λέγει.
621 4679 707 4740 Ὡς
745 4679 840 4731 καὶ
887 4680 1144 4750 ἀνωτέρω
1184 4683 1340 4751 φησι,
1383 4700 1399 4732 t
1437 4681 1528 4751 Μὴ
1573 4683 1756 4734 εἰσπο-

158 4768 390 4838 ρεύεσθε
433 4769 514 4830 εἰς
547 4767 815 4835 Γάλγαλα,
857 4789 874 4819 ι
900 4771 986 4822 ἵνα
1014 4772 1162 4841 εἴπῃ,
1189 4772 1280 4841 Μὴ
1311 4771 1439 4841 περὶ
1466 4771 1534 4824 τά
1561 4769 1756 4825 εἴδωλα

147 4858 337 4928 ἔχετε,
373 4859 486 4912 ἀπὸ
520 4857 614 4909 τοῦ
643 4858 804 4910 τύπου
840 4860 905 4912 τά
937 4862 996 4911 ἐν
1023 4860 1203 4921 αὐτοῖς
1236 4860 1642 4930 θεραπευόμενα
1667 4861 1757 4914 λέ-

156 4965 300 5016 γων’
346 4947 526 5010 οὕτως
562 4949 652 5000 καὶ
674 4949 907 5002 ἐνταῦθα
944 4949 1154 5001 Γαλαὰδ
1188 4950 1457 5020 μέμνηται
1493 4951 1586 5004 καὶ
1624 4952 1759 5004 Γαλ-

158 5040 370 5108 γάλων,
405 5041 464 5091 ἐν
499 5035 580 5102 οἷς
613 5040 781 5110 πολλή
821 5058 903 5103 τις
934 5042 967 5111 ἡ
999 5041 1125 5110 περὶ
1169 5042 1236 5094 τά
1269 5042 1460 5094 εἴδωλα
1492 5043 1758 5113 θεραπεία

160 5129 380 5196 ἐγίνετο
401 5143 415 5156 ⁸
441 5128 550 5180 ἀπὺ
576 5123 669 5180 οὖν
699 5127 806 5179 τῶν
835 5129 1012 5181 τόπων
1037 5128 1133 5198 τὴν
1162 5129 1267 5180 τῶν
1291 5129 1522 5183 εἰδώλων
1561 5132 1758 5200 σημαί-

162 5236 242 5272 νει
264 5219 576 5288 θεραπείαν
593 5235 607 5248 ·
633 5219 790 5272 τοῦτο
816 5218 1009 5286 λέγων,
1033 5220 1114 5272 ὅτι
1135 5220 1415 5273 Τοσούτων
1435 5222 1563 5291 ὑμῖν
1591 5224 1760 5291 ὑπαρ-

166 5309 380 5374 ξάντων
438 5311 568 5378 παρ’
602 5309 758 5379 ἐμοῦ,
817 5310 880 5362 ἐκ
915 5309 972 5362 δὲ
1026 5310 1134 5362 τῶν
1188 5311 1454 5381 δαιμόνων
1507 5314 1594 5365 καί
1648 5313 1757 5366 τῶν

165 5404 410 5457 εἰδώλων
440 5403 678 5468 οὐδενὸς.
730 5404 788 5469 ἐξ
842 5403 1056 5472 ἀπάτης
1099 5403 1208 5472 ἀρα
1243 5406 1338 5456 καὶ
1375 5405 1472 5475 τῆς
1523 5406 1650 5475 περὶ
1697 5405 1759 5456 τὸ

163 5494 367 5564 ψεῦδος
419 5495 614 5566 ῥοπῆς,
654 5495 789 5564 ἐμοῦ
827 5495 924 5564 μὲν
973 5495 1336 5566 ἀφεστήκατε,
1392 5498 1518 5568 περὶ
1560 5498 1615 5550 δὲ
1659 5500 1759 5561 τὰς

170 5588 404 5642 ἐκείνωδ
443 5587 595 5657 ἔχετε
626 5587 835 5650 θυσίας.
877 5605 895 5638 ι
936 5587 1044 5640 Καὶ
1078 5587 1147 5642 τά
1175 5587 1530 5659 θυσιαστήρια
1579 5588 1759 5643 αὐτῶν

243 5747 294 5781 ³³
338 5747 487 5803 Psal.
530 5762 639 5815 LIV,
673 5746 758 5802 l7.
791 5737 795 5739 ’
837 5747 880 5781 ³³
915 5729 1023 5802 lsa.
1058 5761 1177 5816 LIII,
1207 5725 1279 5800 7..

1847 4507 2047 4563 vestris
2069 4504 2297 4559 offertis.
2320 4502 2454 4556 Nam
2475 4520 2494 4552 ‹
2526 4498 2728 4554 Galaad
2757 4515 2778 4550 ι
2798 4505 2851 4549 et
2873 4515 2890 4545 ι
2916 4494 3259 4564 Galgalorum
3284 4510 3302 4542 ι
3328 4506 3426 4545 no-

1848 4597 2090 4652 minibus
2119 4595 2260 4650 idola
2283 4594 2436 4648 dicit.
2458 4591 2612 4645 Sicut
2633 4599 2687 4642 et
2709 4594 2858 4640 retro
2871 4581 2978 4634 ait:
3006 4598 3023 4628 ι
3045 4579 3124 4634 Ne
3142 4578 3352 4633 abeatis
3370 4579 3426 4632 in

1851 4685 2095 4754 Galgala,
2124 4703 2142 4736 )
2179 4681 2234 4736 id
2258 4689 2361 4744 est,
2379 4679 2459 4733 Nc
2488 4673 2715 4732 adidola
2740 4669 3035 4729 accedatis,
3065 4682 3094 4718 a
3134 4667 3272 4726 loco,
3308 4666 3427 4718 eul-

1851 4783 1940 4829 tos
1970 4775 2081 4828 illic
2115 4771 2250 4825 deos
2289 4769 2478 4822 dicens
2510 4783 2525 4818 :
2557 4764 2646 4816 hic
2695 4762 2900 4832 pariter
2931 4757 3132 4812 Galaad
3168 4755 3276 4825 59
3307 4771 3425 4808 tue-

1853 4869 2029 4917 morat
2059 4866 2112 4914 et
2143 4856 2388 4926 Galgala,
2425 4853 2478 4906 in
2523 4851 2722 4920 quibus
2781 4847 3052 4900 idolorum
3103 4843 3284 4896 cultus
3316 4839 3426 4893 fre-

1853 4949 2252 5023 quentabatur;
2305 4961 2334 4998 a
2392 4943 2550 5003 locis,
2605 4942 2849 5008 inquam,
2898 4935 3169 4989 idolorum
3219 4933 3426 4985 cultum

1854 5044 2099 5098 denotat.
2133 5038 2356 5091 Summa
2389 5044 2566 5088 autem
2599 5032 2869 5087 sermonis
2900 5037 2985 5084 est
3023 5047 3035 5082 :
3071 5025 3225 5092 Quod
3257 5025 3428 5079 tantis

1854 5149 1884 5188 a
1912 5148 1999 5188 me
2030 5129 2272 5200 acceptis
2300 5126 2603 5188 beneficiis,
2656 5123 2820 5176 nullis
2862 5136 2992 5174 vero
3022 5134 3050 5172 a
3089 5117 3428 5172 damonibus

1857 5233 2021 5294 atque
2059 5222 2242 5284 idolis,
2289 5219 2538 5288 sequitur
2565 5225 2624 5269 ut
2661 5213 2848 5268 fraude
2880 5211 3043 5266 illecti
3074 5218 3128 5263 et
3167 5206 3426 5262 falsitatis

1858 5316 2078 5378 aﬂ'ectu,
2115 5329 2142 5366 a
2175 5327 2258 5365 me
2293 5309 2652 5368 recesseritis,
2682 5313 2736 5361 et
2763 5306 2978 5358 illorum
3013 5299 3284 5355 sacrificia
3315 5297 3426 5349 fre-

1859 5407 2155 5474 quentetis.
2199 5421 2215 5452 ι
2259 5399 2323 5454 ει
2358 5399 2551 5453 altaria
2597 5413 2785 5452 eorum
2838 5393 2994 5464 quasi
3037 5387 3344 5444 testudines
3375 5387 3432 5440 in

1863 5497 1982 5552 solo
2012 5493 2328 5563 campestri.
2370 5511 2387 5544 ι
2425 5490 2647 5542 Nullum
2694 5485 2923 5554 capietis
2958 5479 3126 5535 vestri
3167 5492 3296 5546 erga
3341 5475 3435 5527 illa

1863 5588 2028 5644 studii
2060 5586 2511 5648 emolumentum,
2568 5579 2693 5650 quia
2746 5579 2859 5631 haec
2901 5572 3081 5629 omnia
3134 5583 3296 5623 manu
3335 5565 3438 5621 ho-
