3828 6216
403 292 503 348 199

1600 283 1951 343 TIIEODORI
1993 285 2473 343 MOPSUESTEN!

3544 283 3652 344 200

399 405 565 458 stium
599 401 842 458 destruet
868 401 1032 457 Deus.
1071 401 1205 456 Nam
1251 405 1376 472 quia
1433 402 1650 460 testudo
1683 402 1787 455 sub
1817 401 1973 470 aquis

2093 401 2150 464 bc;
2171 401 2398 471 χελῶναι
2426 401 2519 454 ἐπὶ
2547 402 2737 472 χέρσον
2767 401 2956 472 ἀγροῦ.
2997 421 3015 453 ι
3056 400 3250 454 Ἔσται
3279 400 3386 470 γὰρ
3411 401 3539 470 ὑμῖν
3564 400 3639 452 ού-

401 493 652 548 hubitare
681 495 864 556 soli-ta,
894 495 947 548 in
985 493 1134 548 sicco
1164 495 1502 564 deprehensa
1541 508 1766 564 prorsus
1795 497 1968 562 perit:

402 585 506 638 hoc
539 585 790 655 exemplo
835 585 1006 638 voluit
1052 584 1307 640 altarium
1355 585 1626 640 excidium
1662 584 1972 653 designare.

2078 493 2164 544 ὁὲν
2195 492 2385 561 ὄφελος
2423 494 2520 563 τῆς
2561 494 2688 564 περὶ
2737 493 2938 555 ἐκεῖνα,
2980 495 3132 563 φησὶ,
3167 491 3421 562 σπουδῆς,
3469 491 3653 562 ἐπειδὴ

2082 585 2296 639 ἅπαντα
2320 585 2492 638 ταῦτα
2524 585 2800 647 παντελῶς
2838 586 3088 652 ἀφανίςει
3115 585 3202 638 διὰ
3242 583 3350 637 τῶν
3384 582 3655 649 πολεμίων

398 681 427 730 ό
453 679 617 741 Θεόςο
650 678 836 750 ἐπειδὴ
873 678 981 748 γάρ
1013 680 1046 748 ή
1085 675 1290 749 χελώνη
1321 680 1380 733 ἐν
1405 679 1555 732 ὕδατι
1581 677 1738 731 εἴωθε
1765 678 2094 743 διαιτᾶσθαι,
2141 679 2200 731 ἐν
2247 680 2425 752 χέρσῳ
2465 681 2522 734 δὲ
2557 680 2820 752 ληφθεῖσα
2870 677 3240 747 διαφθείρεται
3279 674 3516 736 πάντως,
3545 671 3656 724 τῶν

403 769 803 841 θυσιαστηρίων
827 770 1091 841 ἐϐουλήθη
1119 772 1196 842 τῷ
1222 772 1579 844 ὑποδείγματι
1611 773 1707 844 τὴν
1735 773 2032 846 διαφθορὰν
2061 774 2351 842 ὑποδεῖξαι.

474 860 640 915 Vens.
684 860 870 914 12-“.
912 886 984 904 -
1033 859 1137 915 Sed
1188 874 1318 916 ecce
1374 862 1554 917 denuo
1595 877 1660 918 ex
1710 864 1981 933 majorum

405 953 820 1021 civmparatione
844 951 1230 1008 demonstrans
1265 965 1491 1025 nepotes
1523 969 1772 1026 peccare,
1811 973 1827 1006 ι
1871 954 1978 1010 Fu-

408 1045 508 1113 git,
561 1044 759 1113 inquit,
797 1043 972 1098 Iacob
1016 1046 1070 1098 in
1111 1061 1363 1117 campum
1422 1047 1614 1117 Syriae,
1655 1059 1710 1103 et
1759 1049 1983 1102 servivit

407 1133 581 1188 Israel
636 1134 710 1187 ob
755 1148 1003 1197 uxorem,
1044 1143 1098 1189 et
1143 1136 1197 1190 iu
1241 1153 1410 1192 uxore
1456 1137 1556 1191 fuit
1601 1139 1919 1193 observans.
1959 1157 1978 1190 ι

407 1225 596 1280 Maluit
623 1225 711 1279 ille
749 1237 969 1296 propter
1019 1228 1274 1284 virtutem
1323 1238 1378 1283 et
1423 1230 1770 1301 primogeniti
1805 1231 1972 1285 bene-

406 1317 723 1382 dictionem,
756 1317 922 1372 domo
965 1319 1225 1390 profugus
1281 1335 1376 1391 per
1423 1321 1636 1391 Syriam
1680 1323 1886 1392 vagari,
1921 1329 1976 1376 et

409 1409 550 1478 apud
575 1407 855 1462 Labantur:
893 1412 1211 1465 servitutem
1255 1409 1498 1481 perferre
1527 1425 1542 1465 ε
1581 1422 1634 1468 et
1669 1429 1790 1467 cum
1823 1413 1975 1482 gravi

405 1513 650 1554 aerumna
695 1500 762 1553 ad
819 1502 1038 1570 nuptias
1087 1503 1375 1572 pervenire
1415 1504 1622 1566 uxoris,
1659 1519 1726 1558 ne
1759 1505 1977 1560 Chana-

408 1605 580 1646 naeam
617 1591 842 1646 duceret
883 1601 1078 1662 praeter
1121 1593 1292 1662 patris
1335 1594 1420 1648 sui
1451 1593 1784 1650 voluntatem
1825 1615 1837 1650 :
1870 1604 1983 1650 tan-

2147 863 2295 934 Στίχ.
2325 864 2507 935 ιβ’-ιδ’.
2539 897 2608 906 —
2633 861 2741 918 Kal
2771 863 2931 916 πάλιν
2955 865 3021 934 τῇ
3039 863 3147 915 τῶν
3173 861 3451 932 προγόνων
3476 862 3656 926 παρα-

2079 955 2224 1008 θέσει
2273 955 2487 1019 δεικνὺς
2534 957 2730 1018 αὐτοὺς
2791 953 3142 1017 ἀσεϐοῦντας,
3204 971 3222 1004 ι
3283 949 3657 1021 Ἀνεχώρησεν

2091 1045 2284 1100 Ἰακὼϐ
2319 1049 2398 1110 εἰς
2434 1047 2612 1101 πεδίον
2636 1047 2857 1118 Συρίας,
2889 1047 2980 1099 καὶ
3012 1045 3318 1099 ἐδούλευσεν
3365 1040 3578 1112 Ἰσραὴλ
3597 1040 3656 1091 ἐν

2078 1138 2317 1206 γυναικὶ,
2349 1139 2443 1191 καὶ
2469 1140 2524 1190 ἐν
2553 1137 2768 1206 γυναικὶ
2793 1137 3114 1206 ἐφυλάξατο.
3151 1155 3170 1187 ι
3208 1133 3393 1188 Εἵλετο
3421 1132 3517 1202 μὲν
3546 1129 3658 1200 γὰρ

2080 1219 2286 1288 ἐκεῖνος
2313 1225 2380 1278 δι’
2396 1225 2594 1297 ἀρετὴν
2626 1229 2718 1279 καὶ
2736 1225 2832 1296 τὴν
2853 1227 2958 1278 τῶν
2987 1225 3370 1297 πρωτοτοκίων
3385 1220 3655 1289 εὐλογίαν,

2081 1315 2190 1368 τῶν
2225 1317 2440 1369 οἰκείων
2487 1317 2665 1384 φυγὰς
2688 1315 2924 1384 γεγονὼς
2965 1317 3092 1388 περὶ
3131 1314 3229 1386 τὴν
3257 1313 3456 1382 Συρίαν
3497 1311 3661 1363 εἱλεῖ-

2081 1409 2229 1470 σθαι,
2271 1410 2366 1464 καὶ
2405 1409 2692 1481 ὑπομεῖναι
2736 1411 2833 1480 μὲν
2881 1409 2978 1481 τὴν
3008 1409 3161 1480 παρά
3194 1406 3272 1477 τῷ
3305 1405 3489 1459 Λαϐἀν
3533 1404 3659 1457 δου-

2081 1499 2258 1554 λείαν·
2285 1501 2360 1572 (p.
2391 1503 2451 1556 91
2485 1502 2502 1571 )
2533 1502 2668 1572 μετά
2689 1501 3061 1570 ταλαιπωρίας
3084 1500 3142 1553 δὲ
3167 1498 3364 1567 πολλῆς
3395 1497 3489 1550 xal.
3522 1495 3662 1565 πρὸς

2086 1592 2262 1661 γάμον
2288 1589 2459 1645 ἐλθεῖν
2489 1591 2762 1659 γυναικὸς,
2803 1591 2887 1645 ἵνα
2931 1591 3006 1661 μὴ
3038 1590 3350 1644 Χαναναίαν
3384 1589 3664 1657 ἀγάγηται

408 1690 630 1753 tamque
655 1697 956 1737 aarumnam
995 1685 1313 1751 exantlavit,
1345 1695 1404 1738 ut
1429 1684 1677 1740 instituta
1710 1687 1979 1756 majorum

2093 1682 2243 1752 παρὰ
2267 1682 2328 1734 τὸ
2359 1683 2525 1754 πατρὶ
2569 1682 2758 1735 δοκοῦν
2781 1699 2796 1716 ο
2833 1681 2926 1736 καὶ
2957 1680 3224 1751 τοσαύτην
3254 1677 3542 1749 ὑπέμεινεν
3569 1693 3667 1730 τα-

411 1782 673 1838 servaret,
704 1783 758 1830 et
789 1775 880 1829 Dei
914 1775 1062 1829 circa
1097 1791 1320 1830 uxorem
1349 1775 1652 1831 ducendam
1681 1779 1937 1847 placitum
1963 1798 1976 1834 :

410 1866 555 1936 quod
585 1872 775 1919 contra
808 1864 1012 1921 fecerat
1047 1865 1222 1920 frater
1261 1865 1402 1935 ejus,
1438 1866 1760 1924 Chananagis
1793 1871 1982 1924 uxori-

415 1957 516 2014 bus
573 1956 754 2012 dnctis
805 1965 1002 2027 praeter
1047 1957 1138 2012 Dei
1191 1965 1246 2013 et
1293 1967 1576 2029 parentum
1621 1961 1977 2018 voluntatem.

416 2067 436 2098 ι
469 2048 536 2102 Et
578 2061 676 2118 per
715 2047 1038 2118 prophetam
1086 2049 1276 2103 eduxit
1326 2047 1589 2107 Dominus
1632 2052 1884 2108 lsraelem
1915 2053 1982 2110 de

411 2149 559 2194 terra
605 2134 822 2210 Egypti
863 2157 874 2193 :
910 2146 963 2193 et
1011 2153 1108 2210 per
1159 2140 1479 2210 pr0phetam
1527 2151 1774 2198 servatus
1817 2152 1919 2199 est.
1957 2165 1976 2198 ο

413 2227 681 2295 Quoniam
739 2237 862 2299 post
914 2229 1002 2282 illa
1066 2230 1248 2283 omnia
1299 2230 1656 2288 descenderat
1710 2232 1875 2290 israel
1927 2237 1982 2292 iu

411 2317 728 2392 Egyptum,
771 2325 976 2372 tantam
1023 2325 1369 2390 posterorum
1420 2321 1539 2390 ejus
1579 2325 1799 2378 tutelam
1843 2325 1984 2381 Deus

413 2410 603 2480 gessit,
648 2417 707 2462 ut
753 2409 1032 2479 propheta:
1070 2408 1272 2480 Moysis
1316 2411 1619 2467 ministerio
1659 2423 1888 2471 cunctos
1919 2432 1986 2471 ex

419 2497 656 2570 Egypto
693 2500 1008 2567 reduxerit;
1056 2516 1196 2569 quos
1245 2501 1410 2555 etiam
1454 2502 1508 2556 in
1554 2503 1770 2559 deserto
1811 2507 1986 2574 provir

2085 1776 2408 1848 λαιπωρίαν,
2462 1773 2861 1846 φυλαττόμενος
2902 1775 2962 1829 τὺ
3007 1773 3158 1845 παρά
3191 1771 3260 1826 τὰ
3303 1772 3508 1842 νόμιμα
3552 1770 3668 1822 τῶν

2083 1869 2360 1939 προγόνων
2391 1868 2484 1921 καὶ
2519 1867 2580 1919 τὸ
2615 1865 2804 1921 δοκοῦν
2829 1865 2904 1937 τῷ
2925 1865 3043 1936 Θεῷ
3073 1866 3307 1934 γυναῖκα
3336 1861 3662 1931 ἀγαγέσθαι·

2084 1959 2218 2028 ὅπερ
2240 1954 2332 2012 οὖν
2357 1956 2652 2026 πεποίηκεν
2671 1959 2697 2009 δ
2713 1956 2937 2025 ἀδελφὸς
2953 1956 3181 2020 ἐκείνου,
3203 1951 3510 2015 Χαναναίας
3524 1951 3667 2020 ἀγα-

2085 2050 2313 2119 γόμενος
2365 2048 2512 2118 παρά
2545 2048 2604 2100 τὸ
2653 2048 2772 2118 Θεῷ
2804 2065 2864 2102 τε
2914 2045 3103 2100 δοκοῦν
3146 2047 3238 2099 καὶ
3275 2047 3388 2108 τοῖς
3420 2043 3664 2112 γονεῦσι.

2090 2156 2109 2185 α
2148 2137 2257 2191 Kal.
2297 2139 2352 2190 ἐν
2385 2139 2635 2208 προφήτῃ
2678 2138 2917 2207 ἀνήγαγε
2962 2135 3164 2207 Κύριος
3209 2134 3300 2187 τὸν
3340 2132 3558 2204 Ἰσραὴλ
3596 2133 3668 2183 ἐκ

2084 2229 2187 2298 γῆς
2209 2227 2504 2296 Αἰγύπτου,
2528 2229 2620 2281 καὶ
2643 2231 2698 2281 ἐν
2721 2227 2968 2298 προφήτῃ
2999 2225 3348 2295 διεςυλάχθη.
3382 2243 3399 2275 ι
3441 2220 3667 2295 Ἐπειδὴ

2084 2319 2140 2372 δὲ
2174 2321 2290 2390 μετ’
2321 2321 2502 2372 ἐκεῖνα
2536 2321 2712 2372 πάντα
2738 2317 3098 2388 κατελήλυθεν
3128 2318 3208 2378 εἰς
3235 2316 3332 2386 τὴν
3366 2315 3664 2382 Αἴγυπτον,

2085 2409 2352 2482 τοσαύτην
2374 2411 2480 2464 τῶν
2511 2409 2570 2475 ἐξ
2598 2411 2802 2464 ἐκείνου
2828 2409 3149 2481 κηδεμονίαν
3181 2409 3491 2479 ἐποιήσατο,
3519 2404 3666 2459 ὥστε

2086 2505 2152 2572 τῇ
2180 2501 2273 2556 τοῦ
2309 2503 2584 2574 προφήτου
2631 2502 2907 2566 Μωῦσὲως
2951 2496 3224 2572 ὑπουργία
3269 2501 3563 2567 ἀναγαγεῖν
3600 2515 3666 2550 τε

414 2589 598 2643 dentia
639 2603 739 2642 sua
766 2589 1132 2653 conservavit,
1158 2588 1330 2644 donec
1353 2591 1408 2644 in
1440 2592 1763 2660 promissam
1786 2602 1983 2650 terram

2093 2593 2331 2656 ἅπαντας
2354 2595 2417 2646 ἐκ
2449 2593 2548 2663 τῆς
2578 2593 2876 2662 Αἰγύπτου,
2909 2593 3000 2645 καὶ
3034 2592 3176 2645 κατά
3203 2591 3303 2662 τὴν
3338 2589 3543 2660 ἔρημον
3566 2589 3669 2642 αὐ-

417 2678 721 2734 induceret.
759 2697 778 2731 ι
815 2679 896 2732 Ad
931 2678 1274 2734 iracundiam
1317 2695 1404 2735 me
1431 2682 1743 2750 provocavit
1768 2681 1986 2752 Ephrai-

2093 2684 2212 2747 τοὺς
2241 2682 2330 2736 διὰ
2370 2685 2469 2754 τῆς
2511 2684 2827 2754 ἐπιμελείας
2864 2682 3095 2752 φυλάξαι
3128 2681 3226 2751 τῆς
3272 2681 3496 2744 οἰκείας,
3534 2681 3669 2751 ἄχρι

415 2786 540 2826 mus
584 2777 638 2826 et
682 2771 1050 2826 exacerbavit.
1091 2791 1109 2822 ι
1147 2770 1306 2825 Tales
1346 2787 1469 2826 cum
1506 2771 1708 2828 fuerint
1743 2777 1986 2844 progeni-

2093 2773 2181 2825 τοῦ
2204 2773 2297 2827 καὶ
2313 2774 2390 2836 εἰς
2407 2773 2505 2844 τὴν
2525 2775 2628 2845 γῆν
2649 2777 2960 2842 εἰσαγαγεῖν
2975 2774 3072 2843 τῆς
3089 2773 3437 2840 ἐπαγγελίας.
3457 2791 3475 2822 ι
3508 2771 3671 2823 Ἑθύο

416 2871 589 2925 tores,
622 2871 677 2918 et
709 2862 926 2916 illorum
951 2861 1125 2932 gratia
1154 2869 1233 2916 tot
1262 2862 1318 2917 hi
1358 2875 1388 2916 a
1421 2878 1506 2918 me
1538 2865 1680 2918 bona
1725 2866 1836 2920 sint
1861 2882 1985 2921 cou-

2094 2864 2245 2934 μωσέ
2287 2881 2354 2934 με
2399 2863 2636 2935 Ἐφραῒμ
2679 2865 2773 2917 καὶ
2819 2864 3186 2937 παρώργισεν.
3229 2884 3247 2917 ι
3285 2865 3553 2918 Τοιούτων
3606 2865 3670 2918 δέ

417 2953 614 3020 secuti,
689 2951 1045 3007 nihilominus
1116 2953 1252 3007 iram
1322 2953 1455 3008 mihi
1515 2954 1626 3025 60
1692 2956 1983 3010 maximam

2093 2956 2384 3022 γεγονότες.
2411 2957 2706 3026 προγόνων,
2746 2957 2841 3009 καὶ
2865 2955 3133 3011 τοσούτων
3160 2957 3229 3010 δι’
3257 2959 3495 3021 ἐκείνους
3531 2958 3668 3028 παρ’

416 3051 847 3109 commoverunt,
907 3043 1149 3113 ingratos
1197 3045 1329 3098 mihi
1378 3061 1437 3100 se
1487 3048 1789 3116 prmbeutes
1835 3056 1986 3103 tanto

2093 3045 2222 3115 ἐμοῦ
2251 3047 2608 3117 τετυχηκότες
2651 3047 2890 3116 ἀγαθῶν,
2919 3051 2998 3112 εἰς
3027 3049 3197 3119 ὀργήν
3225 3065 3294 3119 με
3326 3049 3670 3119 κατέστησαν

418 3133 798 3199 benefactori;
848 3144 1012 3204 atque
1083 3134 1150 3190 ad
1211 3135 1353 3190 idola
1407 3139 1586 3207 potius
1647 3141 1917 3206 comersi,
1958 3153 1986 3194 a

2096 3133 2372 3197 πλείστην,
2403 3133 2713 3204 ἀγνώμονες
2745 3137 2840 3206 μὲν
2870 3138 2996 3207 περὶ
3021 3137 3121 3207 ἐμὲ
3151 3137 3434 3205 γεγονότες
3463 3136 3553 3190 τὸν
3575 3154 3674 3189 το-

417 3227 621 3299 quibus
671 3228 807 3282 nihil
854 3229 990 3282 lucri
1038 3238 1412 3300 perceperant.
1455 3249 1474 3280 ‹
1516 3229 1580 3284 Et
1617 3232 1842 3300 sanguis
1869 3233 1990 3300 ejus

416 3333 584 3388 super
612 3331 736 3374 eum
785 3319 1110 3374 etfundetur.
1154 3339 1172 3372 ι
1222 3321 1564 3390 Quapropter
1599 3322 1653 3375 in
1698 3324 1873 3392 ipsum
1901 3339 1989 3380 re.

418 3406 565 3461 cidct
609 3407 930 3462 delictorum
977 3423 1161 3479 poena.
1199 3427 1218 3460 ‹
1256 3410 1322 3464 Et
1362 3412 1714 3479 opprobrium
1756 3414 1875 3483 ejus
1901 3431 1992 3470 re-

419 3499 609 3552 stituet
642 3499 692 3554 ei
746 3498 1028 3567 Dominus,
1080 3502 1235 3571 juxta
1277 3500 1553 3571 Ephraimi
1599 3520 1926 3562 sermonem.
1964 3525 1983 3559 ι

418 3589 742 3656 (ἰαιυωῐιίαξ,
768 3607 931 3661 quam
965 3593 1242 3663 impietate
1271 3608 1370 3650 sua
1395 3595 1505 3651 Deo
1527 3599 1781 3668 aspersit,
1809 3597 1990 3668 justas

420 3680 534 3734 luet
567 3695 758 3751 pinnas
798 3696 1191 3754 congruasque’
1227 3687 1409 3742 verbis
1453 3701 1575 3758 quae
1628 3697 1820 3745 contra
1861 3705 1986 3746 eum

415 3770 662 3843 jactavit.

1042 4043 1194 4098 CAP.
1235 4045 1374 4100 Xlll.

491 4133 662 4191 Vnus.
695 4135 812 4189 1-3.
859 4159 932 4176 α·-
981 4151 1001 4187 ι
1049 4134 1480 4190 Justitieationes
1520 4139 1730 4208 accepit
1770 4148 1825 4195 et
1876 4142 1995 4212 ipse

425 4223 486 4279 in
519 4223 702 4287 Israel,
731 4221 826 4277 sed
859 4235 952 4276 eas
983 4222 1239 4292 apposuit
1271 4222 1439 4284 Itaali,
1468 4232 1521 4276 et
1546 4234 1795 4280 mortuus
1831 4238 1936 4283 est.
1968 4241 1991 4280 ι·

424 4309 564 4366 Nam
593 4323 718 4364 cum
764 4309 881 4379 ipse
923 4323 989 4364 ex
1026 4310 1142 4380 lege
1195 4309 1396 4381 Moysis
1438 4311 1716 4381 religionis
1749 4316 1993 4371 colendae

423 4399 568 4455 ritus
599 4398 919 4466 accepisset.
953 4397 1020 4451 ad
1048 4397 1252 4451 Baalim
1288 4407 1518 4453 cunctos
1557 4405 1859 4467 transtulit,
1895 4404 1994 4460 de-t

423 4486 599 4540 bitum
642 4484 775 4538 mihi
823 4499 891 4539 ex
953 4484 1070 4554 lege
1119 4484 1324 4538 cultum
1375 4485 1429 4538 in
1471 4484 1614 4540 idola
1653 4488 1990 4544 conferens:

423 4589 536 4646 quo
564 4573 729 4636 facto,
772 4580 1004 4628 mortem
1049 4572 1152 4627 sibi
1202 4572 1419 4627 indixit.
1453 4591 1472 4624 ‹
1511 4571 1574 4627 Et
1603 4589 1749 4629 nunc
1780 4577 1997 4634 addide

422 4670 554 4716 runt
584 4661 652 4715 ad
675 4659 1032 4730 peccandum,
1083 4667 1142 4712 et
1187 4657 1435 4712 fecerunt
1473 4660 1574 4714 sibi
1606 4662 1897 4717 conﬁatilia
1927 4678 1993 4718 ex

425 4764 562 4802 auro
587 4753 923 4816 argentoque
948 4761 1050 4800 suo
1092 4746 1149 4800 in
1193 4745 1364 4799 forma
1399 4745 1687 4810 idolorum,
1716 4763 1837 4818 qua!
1867 4756 1996 4805 sunt

427 4835 496 4888 ab
529 4833 831 4887 artiﬁcibus
871 4831 1120 4885 confecta
1166 4845 1354 4900 opera.
1397 4850 1420 4884 ›
1477 4831 1902 4888 Perseverarunt
1939 4838 1995 4890 in

426 4920 729 4988 impietate,
760 4917 902 4972 idola
935 4932 1104 4971 aurea
1134 4925 1188 4971 et
1213 4925 1465 4988 argentea
1499 4918 1858 4974 humanarum
1890 4937 2000 4975 mao

427 5021 598 5061 nuum
650 5003 882 5057 artiﬁcio
925 5002 1278 5059 fabricautes.
1328 5003 1449 5058 Mox
1499 5005 1816 5073 hujusmodi
1869 5021 1998 5077 erga

427 5092 570 5147 idola
603 5089 841 5144 studium
870 5103 1158 5157 quousque
1185 5089 1403 5144 tandem
1424 5090 1774 5147 intenderunt
1795 5094 1818 5146 ?
1843 5112 1861 5145 ι
1901 5094 2000 5148 lm-

428 5179 649 5236 molate,
690 5175 862 5239 aiunt,
913 5173 1188 5241 homines,
1233 5176 1362 5244 quia
1406 5177 1564 5232 vituli
1603 5178 1940 5234 defecerunt.
1973 5199 1998 5234 ν

429 5263 508 5316 ita
542 5269 601 5314 ut
623 5268 746 5330 post
772 5267 852 5312 tot
889 5262 1157 5316 sacriﬁcia
1205 5277 1328 5332 quae
1365 5278 1432 5317 ex
1465 5264 1643 5320 brutis
1667 5267 1999 5324 animalibus

429 5348 758 5409 obtulerant,
785 5361 893 5400 non
941 5350 1182 5404 contenti
1217 5350 1566 5405 victimarum
1614 5351 1827 5407 illarum
1859 5356 2001 5408 mul-

429 5433 694 5498 titudine,
733 5432 978 5488 homines
1025 5451 1243 5506 quoque
1285 5436 1680 5492 sacriﬁciorum
1715 5441 1996 5496 materiam

429 5520 728 5576 eﬂecerint.
764 5519 854 5574 Sic
890 5521 1054 5576 etiam
1101 5523 1290 5579 beatus
1317 5520 1396 5576 ait
1418 5523 1632 5578 David:
1666 5538 1684 5570 α
1718 5526 1782 5579 Et
1813 5528 2000 5582 immo-

431 5604 681 5660 laverunt
729 5605 865 5661 ﬁlios
909 5625 1038 5664 suos
1088 5626 1152 5665 ac
1200 5611 1335 5666 ﬁlias
1360 5627 1488 5670 suas
1506 5611 1851 5669 daemonibus
1872 5610 1934 5664 ³⁸.
1967 5632 1986 5664 ι

511 5717 555 5749 ⁸⁸
583 5717 724 5771 Psal.
755 5732 840 5778 εν.
865 5720 953 5773 37.

2098 3224 2268 3278 σαῦτα
2296 3225 2488 3288 αὐτοὺς
2520 3221 2579 3278 εὖ
2608 3227 2969 3295 πεποιηκόταο
3002 3227 3131 3299 περὶ
3157 3228 3212 3281 δὲ
3250 3229 3350 3297 τὴν
3375 3227 3484 3281 τῶν
3511 3226 3676 3280 εἰδώς

2097 3315 2202 3368 λων
2229 3315 2528 3388 τραπέντες
2552 3315 2864 3386 θεραπείαν,
2894 3311 2968 3371 ὢν
2989 3317 3141 3372 οὐδὲν
3173 3318 3426 3388 εἰλήφασι
3455 3319 3673 3388 κέρδος.

2103 3423 2122 3455 ε
2157 3405 2265 3457 Kal.
2305 3403 2366 3456 τὸ
2398 3399 2536 3474 αἷμα
2573 3405 2737 3458 αὑτοῦ
2779 3405 2866 3457 ἐπ’
2895 3405 3056 3459 αὑτὸν
3082 3404 3465 3476 ἐκχυθήσεται.
3507 3423 3524 3455 ι
3555 3405 3678 3458 Τοι-

2095 3495 2298 3565 γαροῦν
2325 3496 2411 3548 ἐπ’
2439 3497 2601 3550 αὑτὸν
2625 3499 2658 3568 ή
2702 3497 2841 3567 ὑπὲρ
2871 3497 2978 3550 τῶν
3024 3499 3508 3568 παρανομημάτων
3537 3514 3680 3569 τρα·

2095 3587 2326 3658 πήσεται
2353 3587 2610 3658 τιμωρία.
2641 3590 2717 3658 (p.
2749 3589 2839 3658 92)
2869 3609 2887 3639 ι
2919 3589 3025 3643 Kal.
3056 3589 3147 3642 τὸν
3175 3589 3474 3660 ὀνειδισμὸν
3499 3589 3675 3642 αὐτοῦ

2094 3677 2462 3732 ἀνταποδώσει
2489 3679 2636 3749 αὐτῷ
2663 3678 2866 3750 Κύριος
2887 3679 3024 3733 κατὰ
3050 3680 3141 3732 τὸν
3166 3680 3321 3747 λόγον
3358 3681 3620 3750 Ἐφραῖμ.
3648 3698 3676 3733 ι
3713 3746 3719 3750 η

2095 3771 2211 3840 Τῆς
2235 3769 2485 3840 διαϐολῆς
2509 3765 2576 3840 ἧς
2611 3771 2698 3824 διὰ
2735 3771 2834 3840 τῆς
2863 3769 3063 3833 οἰκείας
3101 3770 3354 3834 ἀσεϐείας
3383 3773 3680 3842 προσετρί-

2092 3861 2230 3932 ψατο
2253 3860 2332 3933 τῷ
2363 3861 2500 3934 Θεῷ,
2526 3863 2678 3926 δίκας
2703 3862 2866 3916 αὐτόν
2896 3861 3249 3934 εἰσπράξεται
3274 3861 3505 3925 δικαίας,
3538 3861 3679 3916 ἀνά-

2092 3954 2249 4023 λογον
2278 3949 2358 4018 οἷς
2380 3953 2678 4023 ἐφθέγξατο
2703 3956 2822 4008 κατ’
2861 3955 3048 4010 αὑτοῦ.

2725 4056 2880 4110 ΚΕΦ.
2933 4053 3032 4109 ΙΓ’.

2165 4143 2312 4214 Στίχ.
2338 4151 2482 4212 α’-γ’.
2515 4176 2577 4188 --
2616 4163 2635 4196 ‹
2678 4145 3034 4216 Δικαιώματα
3079 4145 3238 4200 ἔλασε
3284 4147 3376 4200 καὶ
3421 4146 3585 4211 αὐτὸς
3615 4147 3681 4201 ἐν

2097 4230 2174 4302 τῷ
2215 4231 2430 4304 Ἰσραήλ
2449 4250 2462 4263 ⁸
2494 4235 2588 4287 καὶ
2615 4234 2766 4287 ἔθετο
2785 4236 2922 4287 αὑτά
2950 4234 3026 4304 τῷ
3048 4235 3196 4287 Βαὰλ
3234 4236 3326 4288 καὶ
3346 4235 3610 4289 ἀπέθανε.
3653 4254 3675 4288 ο

2096 4318 2394 4389 Δεξάμενος
2415 4318 2523 4391 γάρ
2553 4320 2712 4384 αὐτὸς
2740 4322 2806 4374 ἐκ
2833 4320 2925 4373 τοῦ
2948 4321 3109 4390 νόμου
3137 4322 3412 4385 Μωῦσέως
3439 4322 3538 4385 τὰς
3563 4323 3683 4375 δια-

2093 4405 2274 4470 τάξεις
2298 4399 2373 4459 ὧν
2402 4408 2660 4477 πράττειν
2689 4407 2964 4478 προσῆκον
2985 4402 3052 4478 ἧν
3081 4408 3264 4471 αὐτὸν,
3297 4412 3376 4472 εἰς
3403 4409 3495 4462 τὸν
3529 4409 3684 4462 Βαὰλ

2097 4493 2450 4563 περιέστησεν
2501 4495 2736 4558 ἁπάσας,
2786 4494 2886 4565 τὴν
2928 4496 3052 4565 ἐμοὶ
3103 4497 3488 4566 προσήκουσαν
3533 4499 3683 4550 κατὰ

2095 4577 2256 4649 νόμον
2301 4579 2595 4650 θεραπείαν
2641 4579 2728 4633 ἐπ’
2779 4581 2960 4633 ἐκεῖνα
3010 4581 3370 4650 μεταγαγώνο
3402 4582 3546 4652 ὑπὲρ
3603 4577 3683 4637 ὧν

2095 4665 2160 4736 δὴ
2194 4664 2419 4720 θανάτου
2439 4665 2695 4736 πρόξενος
2721 4666 2939 4735 γέγονεν
2963 4667 3158 4736 ἐαυτῷ.
3197 4687 3214 4717 ι
3249 4667 3360 4721 Kal.
3387 4667 3482 4720 νῦν
3509 4686 3686 4739 προσ-

2097 4751 2280 4805 έθεντο
2309 4753 2401 4804 τοῦ
2449 4752 2801 4822 ἁμαρτάνειν,
2861 4753 2956 4805 καὶ
3001 4755 3266 4825 ἐποίησαν
3309 4757 3522 4818 ἑαυτοῖς
3566 4775 3684 4826 χωο

2097 4839 2264 4892 νευτὰ
2287 4839 2352 4891 ἐκ
2377 4840 2598 4908 χρυσίου
2619 4841 2712 4892 καὶ
2738 4837 2831 4892 τοῦ
2856 4839 3120 4911 ἀργυρίου
3144 4841 3322 4895 αὐτῶν
3349 4845 3470 4896 κατ’
3495 4845 3688 4898 εἰκόνα

2098 4923 2360 4988 εἰδώλων,
2415 4924 2550 4994 ἔργα
2603 4925 2866 4977 τεκτόνων
2919 4929 3378 4998 συντετελεσμένα
3421 4931 3628 4995 αὐτοῖς.
3661 4947 3682 4984 ι

2109 5011 2578 5080 Ἐπιμεμενήκασι
2605 5011 2663 5063 δὲ
2688 5014 2752 5082 τῇ
2783 5011 3028 5083 ἀσεϐείᾳ,
3060 5013 3129 5067 τὰ
3152 5015 3250 5083 μὲν
3275 5019 3338 5068 ἐκ
3367 5017 3598 5086 χρυσοῦ,
3615 5019 3688 5072 τὰ

2097 5096 2154 5148 δὲ
2186 5096 2245 5160 ἐξ
2276 5096 2516 5167 ἀργύρου
2547 5097 2739 5149 εἴδωλα
2769 5101 3279 5164 κατασκευάσαντες
3309 5103 3688 5173 ἀνθρωπίναις

2098 5183 2359 5251 γεγονότα
2416 5182 2604 5253 χερσίν
2626 5195 2640 5210 °
2694 5179 2814 5237 εἶτα
2841 5183 3110 5256 τοσαύτην
3147 5187 3275 5256 περὶ
3335 5187 3513 5243 ταῦτα
3569 5190 3692 5242 Em-

2098 5269 2400 5323 δείκνυνται
2426 5272 2528 5341 τὴν
2567 5271 2822 5343 σπουδὴν,
2863 5271 3007 5325 ὥστε
3043 5274 3138 5338 τί;
3179 5293 3199 5324 ι
3232 5275 3399 5328 Αὐτοὶ
3439 5277 3688 5345 λέγουσι·

2099 5355 2310 5409 Θύσατε
2326 5357 2663 5427 ἀνθρώπους
2689 5357 2879 5427 μόσχοι
2901 5358 3012 5429 γὰρ
3031 5360 3429 5416 ἐκλελοίπασιν.
3474 5382 3495 5415 ι
3520 5364 3690 5418 Ὥστε

2104 5442 2242 5512 μετά
2265 5443 2464 5506 πολλὰς
2493 5443 2683 5507 θυσίας
2717 5444 2780 5508 ἃς
2809 5445 2897 5498 διά
2923 5446 3033 5500 τῶν
3069 5447 3280 5517 ἀλόγων
3308 5452 3689 5523 προσήγαγον,

2100 5528 2202 5581 ούκ
2233 5529 2598 5598 ἀρκεσθέντας
2643 5529 2722 5600 τῷ
2751 5531 2947 5602 πλήθει
2993 5533 3104 5586 τῶν
3137 5535 3396 5604 θυμάτων
3435 5537 3689 5604 ἐκείνων,

2108 5614 2188 5667 ἔτι
2224 5616 2316 5668 καὶ
2348 5616 2426 5679 εἰς
2473 5609 2790 5686 ἀνθρώπους
2833 5619 3169 5690 μεταστῆσαι
3209 5621 3311 5692 τῆς
3364 5622 3562 5690 θυσίας
3592 5626 3695 5699 τὴν
