3828 6216
135 264 219 321 9.(31

1115 257 1661 318 COMMENTARIUS
1694 257 1762 313 IN
1801 255 2002 312 OSEIE
2040 257 2192 313 CAP.
2236 256 2371 311 XIII.

3248 255 3353 319 202

132 375 488 449 ἐπιχείρησιν·
539 376 681 431 οὕτω
735 377 828 431 καὶ
876 378 903 429 ό
959 373 1228 445 μακάριος
1283 372 1429 440 λέγει
1488 370 1680 423 Δαυίδ’

1863 366 2071 421 Idcirco
2128 376 2289 420 erunt
2340 364 2496 436 quasi
2543 362 2715 419 nubes
2765 363 3051 429 matutina,
3102 371 3156 418 et
3210 368 3354 421 sicut

140 484 155 516 ι
188 467 291 517 Kal.
320 465 516 518 ἔθυσαν
547 466 671 528 τοὺς
699 466 849 528 υἱοὺς
899 463 1076 516 αὐτῶν
1114 463 1209 515 καὶ
1257 462 1357 524 τὰς
1385 460 1689 531 θυγατέρας

132 557 299 611 αὐτῶν
331 560 443 618 τοῖς
462 555 778 625 δαιμονίοις.
806 571 927 607 ›-ι
950 554 1048 608 Διά
1072 553 1231 606 τοῦτο
1253 552 1460 606 ἔσονται
1491 553 1565 615 ὡς
1603 567 1690 603 νεα

134 647 257 717 φέλη
305 646 536 717 πρωῖνὴ,
576 646 671 699 καὶ
712 646 789 708 ὡς
824 645 1010 716 δρόσος
1053 644 1275 715 όρθρινὴ
1328 641 1688 712 πορευομένη,

136 741 206 807 (p.
235 739 345 808 9'5.)
376 739 473 790 καὶ
499 738 575 801 ὠς
618 738 826 808 ἀράχνη
874 736 1277 807 ἀποφυσωμένη
1322 734 1541 787 λαίλαπι
1584 732 1693 787 ἀπὸ

136 830 345 891 ἅλωνος,
385 829 479 881 καὶ
527 829 603 891 ὡς
643 829 806 898 ἀτμὶς
839 827 949 881 ἀπὸ
994 827 1250 897 ἀκρίδων.
1284 845 1303 878 ι
1338 826 1549 893 Ὠσπερ
1584 823 1691 894 γὰρ

134 920 321 988 νεφέλη
374 936 458 980 τις
508 918 757 989 ῆδρόσος
812 918 1005 988 ἑωθινὴ
1057 917 1362 970 διαλυθεῖσα
1417 914 1695 977 παντελῶς

137 1011 460 1078 ἀφανίζεται,
489 1012 697 1080 ἀράχνη
725 1028 783 1062 τε
817 1011 873 1062 ἐν
908 1009 1073 1063 ἂλωνι
1103 1008 1422 1062 καθεστῶσα
1454 1007 1558 1059 ὑπὸ
1600 1024 1693 1059 συ·

136 1101 364 1169 στροφῆς
413 1102 634 1169 ἀνέμου,
667 1101 761 1153 καὶ
813 1101 918 1170 μὴν
964 1101 1056 1154 καὶ
1092 1100 1256 1170 ἀτμὶς
1304 1099 1527 1169 βραχεῖα
1560 1098 1697 1168 πρὸς

136 1192 301 1258 ὀλίγον
341 1194 570 1259 φανεῖσα
608 1192 715 1243 ἀπὸ
746 1193 994 1261 πτήσεως
1026 1190 1281 1260 ἀκρίδων,
1309 1188 1480 1251 οὕτως
1504 1188 1696 1259 ἀθρόον

134 1283 554 1352 ἀφανισθήσεσθε
585 1282 783 1344 πάντες
817 1282 920 1334 ὑπὸ
949 1282 1045 1351 τῆς
1076 1282 1246 1351 ὀργῆς
1270 1280 1367 1350 τῆς
1396 1280 1554 1349 ἐμῆς.

198 1374 342 1444 Στίχ.
378 1374 531 1439 δ’-ςη
561 1404 634 1416 -υ
663 1393 681 1424 ι
724 1373 865 1440 Ἐγὼ
890 1374 946 1426 δέ
982 1372 1183 1441 Κύριος
1208 1374 1236 1424 ὁ
1272 1371 1404 1434 Θεός
1435 1387 1550 1432 σου,
1579 1386 1698 1421 στε-

139 1465 267 1535 ρεῶν
300 1466 527 1533 οὐρανὸν
560 1466 654 1517 καὶ
684 1464 884 1528 κτίζων
912 1464 1013 1533 γῆν
1033 1478 1047 1492 '
1078 1459 1138 1517 οῦ
1174 1465 1230 1514 αἱ
1263 1464 1442 1531 χεῖρες
1480 1459 1699 1513 ἔκτισαν

138 1556 305 1616 πάσας
342 1556 442 1617 τὰς
472 1555 730 1625 στρατιάς
775 1554 870 1607 τοῦ
894 1554 1121 1624 οὐρανοῦ
1148 1571 1160 1583 ·
1200 1554 1293 1606 καὶ
1323 1552 1383 1604 οὺ
1411 1549 1702 1621 παρέδειξά

139 1663 213 1698 σοι
242 1648 332 1699 τοῦ
364 1646 686 1717 πορεύεσθαί
714 1662 772 1697 σε
800 1646 975 1697 ὀπίσω
1002 1643 1181 1696 αὐτῶν
1208 1660 1220 1673 ο
1251 1643 1345 1695 καλ⁵
1376 1640 1485 1710 ἐγὼ
1504 1641 1701 1710 ἀνήγαο

138 1738 223 1801 γόν
268 1753 323 1787 σε
376 1739 440 1788 ἐκ
485 1738 583 1805 τῆς
616 1734 920 1803 Αἰγύπτου⁸
952 1732 1046 1785 καὶ
1094 1732 1226 1785 Θεὸν
1263 1731 1402 1800 πλὴν
1458 1728 1591 1799 ἐμοῦ
1637 1730 1698 1784 οὺ

139 1824 311 1896 γνώσῃ
330 1842 342 1853 ·
388 1828 483 1878 καὶ
518 1826 703 1889 σώζων
732 1827 831 1879 οὐκ
860 1826 974 1878 ἐστι
1004 1825 1179 1895 πάρεξ
1215 1822 1369 1894 ἐμοῦ.
1406 1842 1426 1874 ι
1454 1822 1701 1875 Μάλιστα

138 1917 188 1967 δὲ
240 1934 317 1968 σοι
355 1917 455 1987 τὴν
506 1918 773 1989 τιμωρίαν
818 1916 1020 1969 ἐποίσω
1053 1916 1162 1984 (15)
1189 1915 1288 1983 τὴν
1340 1913 1703 1983 προκειμένην

139 2006 370 2069 δικαίως.
406 2008 488 2059 ᾶτι
526 2008 661 2076 πρὸς
685 2007 754 2059 τὰ
786 2006 980 2059 εἴδωλα
1001 2004 1257 2065 νένευκας
1279 2002 1519 2063 ἀποστὰς
1545 1999 1702 2069 ἐμοῦ,

140 2097 193 2158 ὃς
226 2099 453 2166 ποιητὴς
502 2097 607 2149 τῶν
639 2097 893 2149 ἁπάντων
930 2094 1024 2159 ὢν,
1054 2094 1163 2147 τῶν
1210 2111 1267 2146 τε
1310 2092 1430 2145 κατ’
1480 2090 1705 2160 οὐρανὸν

144 2189 227 2239 καὶ
265 2188 372 2239 τῶν
404 2189 545 2240 κατά
589 2189 710 2256 γῆν,
747 2186 980 2255 ὁπηνίκα
1010 2202 1069 2237 σε
1110 2184 1376 2253 ἐξήγαγον
1415 2183 1513 2251 τῆς
1544 2180 1708 2248 Αίγύ-

144 2294 289 2339 πτου,
315 2276 395 2346 τῷ
428 2277 623 2347 πλήθει
647 2278 739 2329 καὶ
758 2277 835 2346 τῷ
868 2276 1086 2346 μεγέθει
1116 2275 1223 2328 τῶν
1250 2274 1540 2343 θαυμάτων
1566 2271 1707 2324 ἐκεί-

142 2383 259 2428 νων,
298 2368 398 2435 τῆς
438 2385 497 2419 τε
534 2366 866 2437 κατεχούσης
914 2367 1268 2420 ἀπαλλάττων
1301 2364 1563 2426 δουλείας,
1614 2362 1709 2415 καὶ

140 2458 394 2527 τὴνέμὴν
440 2458 635 2511 εἰδέναι
682 2458 945 2510 διδάσκων
996 2456 1245 2526 δύναμιν,
1293 2451 1709 2523 παρενεγγύησα

146 2548 318 2615 σαφῶς
364 2551 539 2619 ἑτέρῳ
567 2550 666 2619 μὲν
706 2548 889 2618 μηδενὶ
940 2548 1015 2617 μὴ
1044 2546 1153 2600 τῶν
1190 2545 1329 2598 κατὰ
1367 2544 1490 2612 γῆν,
1515 2540 1711 2611 μὴτῶν

142 2639 253 2689 κατ’
283 2638 515 2707 οὐρανὸν
562 2640 858 2708 φωστήρων
894 2637 1077 2707 νέμειν
1122 2637 1218 2707 τὴν
1261 2634 1394 2687 Θεοῦ
1439 2648 1712 2701 προσηγο-

146 2726 277 2795 ρίαν,
313 2727 416 2795 ἐμὲ
456 2726 511 2778 δὲ
544 2727 700 2796 μόνον
734 2726 1015 2795 ὁμολογεῖν
1044 2743 1102 2777 τε
1134 2725 1228 2777 καὶ
1255 2722 1452 2775 εἰδέναι
1478 2720 1627 2782 Θεὸν,
1654 2718 1713 2781 ὃς

144 2818 227 2866 καὶ
260 2815 475 2880 σώζειν,
501 2818 595 2869 καὶ
618 2816 976 2869 ἀπαλλάττειν
1005 2817 1109 2868 τῶν
1140 2815 1500 2884 ἐπικειμένων
1530 2810 1712 2866 κακῶν

143 2903 364 2972 δύναμαι
408 2905 591 2975 μόνος,
627 2904 720 2957 ἆτε
755 2907 861 2959 τῶν
892 2907 1143 2959 ἁπάντων
1190 2905 1387 2976 Κύριος
1417 2905 1708 2973 ὑπάρχων⁶

1788 472 1880 511 ros
1923 458 2280 512 antelucanus
2330 459 2664 526 praeteriens,
2711 465 2766 513 et
2812 457 2968 528 quasi
3013 458 3200 511 aranei
3247 458 3357 515 tela

1787 547 2003 601 turbine
2034 546 2315 601 exsufﬂata
2341 546 2409 602 de
2449 562 2602 610 area,
2641 554 2696 603 et
2742 549 2886 604 sicut
2933 564 3102 619 vapor
3144 564 3173 602 a
3208 549 3359 613 locu:-

1790 639 1911 693 stis.
1950 656 1970 689 ι
2020 637 2175 692 Sicut
2211 638 2355 693 enim
2380 637 2577 691 nebula
2609 638 2790 708 aliqua
2818 646 2911 693 aut
2943 653 3034 694 ros
3056 638 3359 697 matutinus

1791 725 2150 781 dissolutione
2190 740 2416 795 prorsus
2454 726 2761 795 disparent,
2797 738 2849 781 et
2889 728 3073 782 aranei
3110 728 3213 781 tela
3239 742 3363 797 qua:

1794 818 1932 872 forte
1977 818 2033 873 in
2086 830 2209 871 area
2260 819 2351 881 sit,
2419 819 2565 874 venti
2626 819 2729 889 61
2798 819 3016 875 turbine
3070 819 3358 889 abripitur,

1794 911 2031 980 itemque
2062 910 2198 966 levis
2222 925 2392 981 vapor
2422 910 2573 965 brevi
2607 926 2875 981 apparens
2906 912 3003 967 abs
3028 912 3363 968 locustarum

1792 1002 1977 1055 volatu
2025 1001 2150 1057 :sic
2205 1015 2303 1055 vos
2355 1009 2579 1071 repente
2630 1016 2818 1056 omnes
2867 1002 2935 1057 ab
2976 1002 3056 1057 ira
3102 988 3222 1058 mea
3271 1004 3366 1058 de-

1790 1092 2107 1146 struemini.
2478 1104 2483 1107 ‘

1870 1370 2036 1425 Vens.
2066 1370 2186 1425 4-6.
2218 1399 2290 1411 -
2321 1389 2340 1422 ι
2383 1370 2493 1441 Ego
2531 1378 2711 1427 autem
2757 1371 3019 1429 Dominus
3047 1373 3187 1429 Deus
3216 1381 3366 1436 tuus,

1797 1459 1891 1527 qui
1926 1458 2136 1513 ﬁrmavi
2162 1461 2382 1524 cmlum,
2406 1470 2460 1516 et
2494 1472 2692 1516 terram
2718 1463 2960 1527 condidi,
2988 1465 3149 1533 cujus
3175 1481 3369 1519 manus

1800 1558 2127 1605 creaverunt
2184 1566 2402 1605 omnem
2465 1553 2711 1607 militiam
2760 1556 2917 1621 coeli;
2970 1556 3171 1625 quique
3229 1558 3373 1612 hanc

1802 1642 1947 1696 haud
1982 1642 2076 1696 tibi
2111 1643 2324 1696 ostendi
2363 1651 2423 1696 ut
2472 1644 2781 1700 ambulares
2820 1654 2943 1713 post
2972 1662 3127 1712 eam;
3169 1663 3268 1717 ego
3298 1649 3374 1701 in-

1802 1744 1965 1800 quam
2025 1730 2187 1785 eduxi
2249 1740 2300 1785 te
2361 1728 2625 1800 Egypto;
2667 1742 2722 1786 tu
2770 1748 2901 1788 vero
2946 1736 3153 1789 nullum
3204 1737 3370 1790 Deum

1803 1831 1999 1892 praeter
2030 1835 2113 1875 me
2152 1820 2415 1887 habebis;
2462 1836 2636 1891 neque
2690 1824 2781 1892 qui
2832 1832 2885 1879 te
2912 1826 3104 1889 salvet,
3145 1836 3375 1896 excepto

1804 1928 1909 1967 me.
1947 1930 1966 1963 ι
2001 1910 2383 1980 Supradictam
2412 1913 2627 1983 quidem
2658 1914 2999 1984 potissimum
3031 1931 3245 1986 pmnam
3279 1920 3375 1973 tibi

1805 2002 2002 2056 merito
2050 2000 2303 2065 inferam,
2345 2004 2475 2072 quia
2505 2003 2793 2059 declinasti
2842 2005 2907 2058 ad
2941 2005 3109 2070 idola,
3158 2006 3378 2062 deserto

1808 2108 1927 2159 me;
1959 2093 2051 2162 qui
2074 2108 2198 2147 cum
2229 2094 2331 2148 sim
2358 2101 2573 2149 creator
2592 2096 2835 2149 omnium
2865 2096 3102 2166 coelique
3120 2105 3173 2152 et
3196 2106 3376 2157 teme.

1807 2197 1916 2251 quo
1951 2190 2196 2251 tempore
2225 2191 2276 2237 te
2311 2181 2547 2251 Egypto
2584 2182 2767 2247 eduxi,
2808 2190 2959 2237 tanta
2989 2199 3111 2237 cum
3150 2186 3379 2238 miracu-

1810 2274 1985 2327 lorum
2028 2273 2245 2327 illorum
2278 2272 2636 2327 multitudine
2677 2288 2740 2327 ac
2781 2275 3174 2343 magnitudine,
3208 2278 3380 2330 servi-

1809 2365 1943 2419 tutis
1969 2380 2224 2434 pressura
2260 2364 2574 2429 sublevans,
2607 2374 2659 2420 et
2690 2366 2943 2433 potentia:
2976 2382 3107 2421 mea:
3130 2369 3378 2422 notitiam

1812 2464 1863 2509 te
1897 2454 2123 2519 docens,
2176 2463 2327 2519 tunc,
2361 2456 2605 2525 inquam,
2656 2457 2833 2525 palam
2875 2458 3126 2512 mandavi
3158 2459 3278 2523 tibi,
3322 2465 3383 2513 ut

1812 2544 1948 2598 nulli
1980 2544 2055 2599 rei
2100 2546 2346 2599 terrestri
2389 2546 2632 2615 nullique
2677 2547 2884 2601 cmlesti
2919 2547 3175 2602 luminari
3207 2550 3385 2619 appel-

1814 2634 2069 2688 lationem
2116 2633 2207 2688 Dei
2256 2635 2546 2701 tribueres,
2600 2651 2795 2706 meque
2840 2638 3016 2693 solum
3045 2638 3384 2694 conﬁterer-is

1814 2738 1877 2777 ac
1909 2723 2079 2778 scires
2121 2738 2243 2778 esse
2276 2723 2468 2787 Deum,
2516 2724 2606 2793 qui
2649 2733 2703 2778 et
2749 2727 2959 2781 salvare
2999 2736 3052 2781 et
3079 2729 3291 2798 eripere
3318 2744 3387 2783 ex

1817 2814 2152 2868 instantibus
2197 2813 2378 2876 malis,
2425 2822 2609 2883 utpote
2638 2817 2879 2869 omnium
2913 2815 3194 2880 Dominus,
3235 2818 3386 2873 solus

1816 2918 1978 2973 queo.
2010 2902 2373 2968 Quamobrem
2416 2919 2546 2959 cave
2593 2920 2661 2959 ne
2707 2907 2870 2960 veluti
2917 2921 3197 2961 sermones
3228 2925 3388 2978 quos-

145 3000 211 3065 (p.
230 2998 341 3067 94.)
368 2998 446 3059 ὡς
462 2997 529 3049 ἂν
547 2997 622 3066 μὴ
638 2997 827 3063 λόγους
844 2993 1089 3050 εἶναικαὶ
1185 3014 1331 3065 ματα
1351 2995 1574 3066 νομίξῃς
1589 3000 1711 3062 τοὺς

1818 2994 1943 3047 dam
1977 3008 2041 3047 ac
2078 2994 2237 3048 verba
2279 2994 2561 3049 existimes
2605 3011 2726 3051 esse
2778 2996 2921 3067 leges
2968 3012 3138 3062 meas,
3175 3000 3269 3054 sed
3300 3016 3389 3069 po.

146 3087 326 3155 νόμους
353 3090 487 3151 τοὺς
514 3089 698 3157 ἐμοὺς,
729 3091 792 3141 ἐκ
820 3090 875 3140 δὲ
899 3088 999 3158 τῆς
1027 3088 1280 3159 ἀληθείας
1304 3089 1396 3141 καὶ
1421 3088 1525 3141 τῶν
1542 3107 1721 3159 πραγ-

148 3177 320 3244 μάτων
348 3180 742 3249 συγκειμένους
763 3179 1002 3239 δικαίως.
1029 3197 1047 3228 ι
1085 3178 1223 3246 Ἐγὼ
1244 3180 1556 3249 ἐποίμαινόν
1583 3196 1641 3232 σε
1663 3182 1720 3233 ἐν

146 3271 201 3336 τῇ
222 3270 433 3339 ἐρήμῳ,
463 3270 525 3321 ἐν
574 3272 643 3339 γῇ
676 3271 912 3340 ἀοικήτῳ
940 3271 1080 3323 κατά
1113 3269 1210 3331 τὰς
1243 3271 1415 3339 νομάς
1456 3270 1654 3323 αὐτῶν.
1695 3288 1714 3321 ι

156 3358 463 3428 Ἐξαγαγὼν
497 3362 554 3415 δέ
589 3379 648 3413 σε
673 3362 772 3430 τῆς
789 3362 1085 3428 Αἰγύπτου,
1114 3362 1206 3415 καὶ
1237 3361 1376 3415 κατά
1396 3362 1494 3431 τὴν
1518 3361 1719 3431 ἔρημον

146 3453 203 3518 τῇ
219 3452 459 3520 ἐμαυτοῦ
485 3452 779 3524 κηδεμονίᾳ
798 3452 1056 3520 διήγαγον
1074 3453 1132 3503 ἐν
1157 3453 1395 3521 ἀοικήτῳ
1411 3454 1480 3521 γῇ
1507 3469 1519 3481 ’
1547 3453 1639 3505 καὶ
1663 3453 1721 3504 ἐν

147 3532 261 3610 ᾖδὴ
302 3543 471 3610 νομαὶ
526 3541 728 3611 θηρίων
772 3558 831 3593 τε
876 3537 1017 3611 ἦσαν
1060 3541 1156 3595 καὶ
1193 3541 1458 3611 ἑρπετῶν,
1511 3542 1722 3605 οὐδενὸς

148 3630 508 3703 ὑστερηθῆναι
557 3633 664 3685 τῶν
706 3634 1019 3701 ἀναγκαίων
1064 3634 1247 3696 ἐάσας.
1286 3652 1305 3684 ι
1350 3633 1461 3686 Kal.
1493 3633 1720 3701 ἐνεπλήο

150 3716 340 3788 σθησαν
374 3723 456 3784 είς
496 3720 829 3791 πλησμονὴν,
856 3722 949 3773 καὶ
973 3719 1265 3790 ὑψώθησαν
1300 3721 1355 3772 αἱ
1386 3720 1597 3791 καρδίαι
1625 3720 1723 3773 αὑ-

149 3811 270 3862 τῶν·
307 3812 504 3865 ἕνεκεν
544 3810 734 3864 τούτου
776 3811 1098 3865 ἐπελάθοντό
1128 3829 1246 3881 μου.
1284 3831 1302 3862 ι
1340 3806 1472 3864 Εἶτα
1516 3812 1724 3882 εἰσελη-

149 3900 353 3965 λυθότες
382 3904 470 3965 είς
524 3901 621 3971 τὴν
646 3902 748 3971 γῆν
792 3902 892 3971 τῆς
931 3902 1282 3970 ἐπαγγελίας,
1322 3903 1416 3956 καὶ
1454 3902 1723 3957 τοσούτων

152 3994 288 4061 παρά
320 3996 510 4046 πᾶσαν
541 3992 885 4062 ἀνθρωπίνην
914 3993 1103 4045 ἐλπίδα
1126 3993 1555 4057 ἀπολελαυκότες
1583 3996 1721 4061 ἀγα-

153 4080 268 4146 θῶν,
301 4083 534 4153 μεγάλοι
559 4099 619 4134 τε
641 4082 793 4153 παρά
814 4083 946 4135 πᾶσι
972 4084 1083 4145 τοῖς
1111 4081 1251 4135 κατά
1275 4081 1373 4151 τὴν
1401 4082 1723 4151 οἰκουμένην

153 4171 438 4243 δηχθέντες
479 4172 814 4242 ἀνθρώποις,
848 4173 937 4227 διά
964 4172 1072 4227 τῶν
1114 4172 1243 4243 περὶ
1266 4172 1462 4235 αὐτοὺς
1488 4171 1547 4237 ἐξ
1587 4172 1721 4242 ἐμοῦ

154 4265 461 4331 γεγονότων,
496 4265 679 4318 οὐκέτι
713 4267 932 4335 μνήμην
971 4259 1115 4333 εῐχον
1144 4262 1278 4333 ἐμοῦ
1309 4261 1401 4315 τοῦ
1434 4262 1724 4326 δεδωκότος

155 4352 319 4417 αὐτοῖς
344 4356 455 4407 τῶν
484 4354 756 4407 τοσούτων
789 4353 1005 4423 ἀγαθῶν
1031 4353 1128 4424 τὴν
1157 4352 1439 4421 ἀφθονίαν.

216 4444 354 4515 Στίχ.
380 4445 541 4510 ς’-θ’.
571 4473 643 4486 —
670 4463 688 4496 ι
726 4444 831 4499 Kal.
858 4445 1049 4515 ἔσομαι
1074 4447 1253 4509 αὐτοῖς
1283 4446 1358 4509 ὡς
1386 4444 1602 4516 πάνθηρ
1628 4445 1725 4498 καὶ

155 4537 220 4599 ὡς
242 4539 515 4608 πάρδαλις
556 4538 697 4591 κατὰ
728 4538 824 4609 τὴν
856 4538 973 4591 ὁδὸν
1016 4539 1334 4609 Ἀσσυρίων.
1370 4557 1387 4589 ι
1423 4537 1723 4608 Τοιγαροῦν

154 4628 292 4699 δίκην
325 4630 609 4700 πάνθηρος
640 4631 837 4691 αὐτοὺς
857 4631 952 4683 καὶ
987 4629 1321 4701 παρδάλεως,
1356 4628 1491 4699 μετὰ
1520 4628 1725 4697 πολλῆς

154 4719 240 4787 τῆς
280 4720 547 4791 ὀξύτητος
604 4719 902 4789 συντρίδων
939 4736 998 4771 τε
1047 4719 1141 4771 καὶ
1192 4718 1445 4782 ἀπολλὺς,
1481 4718 1587 4771 ὑπὸ
1622 4718 1725 4787 τὴν

155 4807 250 4859 τῶν
279 4810 585 4876 Ἀσσυρίων
611 4808 980 4879 αἰχμαλωσίαν
1006 4808 1183 4861 ἐλάσω
1206 4808 1430 4870 πάντας.
1463 4826 1481 4858 ι
1527 4808 1723 4860 Ἀπαν-

154 4902 371 4971 τήσομαι
397 4903 590 4964 αὐτοῖς
614 4900 688 4964 ὠς
710 4901 879 4970 ἄρκος
904 4900 1275 4970 ἀπορουμένη.
1312 4898 1387 4968 (p.
1417 4898 1533 4967 95.)
1567 4917 1584 4948 ι
1614 4898 1723 4952 Kal.

155 4992 294 5061 ᾶκην
334 4993 511 5063 ἄρκου
538 4992 648 5044 τῶν
689 4990 1044 5060 γεννημάτων
1093 4990 1449 5061 στερηθείσης
1488 4989 1594 5043 τῶν
1645 4992 1724 5042 οἱ-

157 5081 322 5145 κείων,
352 5083 449 5135 καὶ
492 5081 591 5132 ἐπὶ
618 5080 817 5149 πολλῆς
847 5081 945 5149 τῆς
978 5079 1063 5131 ἐπ’
1093 5078 1320 5141 ἐκείνοις
1348 5078 1584 5147 ἀπορίας
1614 5080 1726 5141 τοῖς

157 5168 416 5223 ἀπαντῶσι.
444 5172 870 5240 λυμαινομένης,
900 5169 1164 5222 πλείστων
1189 5169 1328 5221 ὅσων
1356 5168 1536 5223 αὐτῶν
1566 5170 1726 5239 ἐργάο

163 5274 305 5328 σομαι
335 5262 425 5313 τὸν
456 5261 638 5330 φόνον.
671 5280 689 5311 ι
726 5261 836 5313 Καὶ
867 5260 1141 5330 διαῤῥήξω
1176 5259 1541 5330 συγκλεισμδν
1587 5277 1724 5330 καρ-

161 5347 261 5410 δίας
293 5352 495 5405 αὐτῶν.
537 5370 555 5403 ι
592 5353 703 5405 Kal.
742 5354 948 5413 πάντας
982 5352 1036 5404 δὲ
1062 5353 1187 5414 τοὺς
1224 5352 1602 5422 διαλογισμοὺς
1629 5352 1726 5403 αὺ-

162 5438 256 5491 τῶν
288 5441 377 5507 οὓς
413 5445 547 5513 παρ’
577 5444 791 5505 ἑαυτοῖς
824 5443 1153 5511 συνέχοντες,
1190 5442 1327 5513 μετὰ
1378 5442 1574 5513 πολλῆς
1600 5442 1727 5512 ἠσέ-

222 5604 322 5673 (15)
353 5603 497 5661 Cod.
529 5605 763 5661 ἐποίσει.

471 5719 750 5781 Parnm.
796 5720 915 5783 Gn.
950 5722 997 5783 L
1014 5722 1180 5784 XVI.

1823 3086 1931 3139 tius
1962 3100 2143 3139 rerum
2176 3086 2407 3140 veritate
2448 3094 2597 3141 recte
2630 3097 2936 3142 concretas.
2981 3107 3002 3140 ι
3043 3088 3153 3159 Ego
3185 3092 3307 3160 pavi
3336 3101 3390 3147 te

1822 3174 1877 3226 in
1904 3173 2145 3237 deserto,
2190 3174 2245 3227 in
2291 3182 2435 3229 terra
2476 3175 2839 3237 iulnabitabili,
2872 3176 3027 3245 juxta
3062 3193 3264 3247 pascua
3292 3196 3390 3234 eo-

1820 3280 1964 3319 rum.
2009 3284 2027 3316 ι
2069 3264 2363 3335 Postquam
2421 3273 2475 3320 te
2519 3264 2755 3335 Egypto
2804 3268 2990 3332 eduxi,
3048 3269 3103 3323 in
3171 3272 3389 3326 deserto

1821 3370 2041 3424 quoque
2070 3354 2414 3425 providentia
2446 3370 2565 3409 mea
2599 3363 2651 3410 te
2681 3370 2802 3409 sum
2831 3358 3145 3421 comitatus,
3163 3361 3218 3414 in
3244 3368 3393 3417 terra

1824 3448 2224 3504 habitatoribus
2279 3461 2477 3513 cassa;
2529 3446 2618 3499 ubi
2668 3460 2792 3499 cum
2844 3447 2981 3501 nihil
3036 3449 3186 3503 aliud
3248 3459 3395 3507 esset

1821 3547 2018 3608 praeter
2064 3539 2302 3593 ferarum
2358 3544 2408 3591 et
2462 3536 2799 3606 serpentium
2843 3552 3067 3607 pascua,
3119 3540 3257 3594 nihil
3294 3542 3393 3597 tibi

1820 3630 2195 3685 necessarium
2221 3628 2413 3683 deesse
2436 3628 2561 3683 sivi.
2592 3646 2611 3678 ι
2638 3625 2702 3681 Et
2733 3629 2963 3683 saturati
2996 3630 3213 3685 abunde
3243 3641 3389 3698 sum,

1821 3727 1876 3773 et
1926 3719 2134 3772 elevata
2176 3725 2304 3771 sunt
2359 3716 2523 3771 corda
2570 3732 2783 3782 eorum,
2834 3718 3063 3787 ideoque
3109 3720 3214 3775 mei
3265 3730 3395 3775 sunt

1822 3812 2001 3867 obliti.
2057 3831 2077 3864 ο
2134 3810 2264 3867 Post
2323 3812 2440 3865 haec
2497 3811 2823 3879 promissam
2879 3820 3078 3867 terram
3137 3814 3392 3885 ingressi,

1822 3906 2098 3973 tantisque
2127 3912 2325 3974 praeter
2358 3903 2654 3973 quamlibet
2687 3902 2980 3956 humanam
3016 3918 3190 3974 spem,
3230 3906 3394 3962 bonis

1824 3997 2090 4060 fruentes,
2144 4002 2200 4047 et
2252 4008 2507 4063 magnum
2555 4008 2666 4063 prae
2698 3992 2910 4047 caeteris
2960 3994 3150 4049 mundi
3196 3995 3395 4052 incolis

1830 4103 2025 4143 nomen
2058 4087 2258 4156 adepti,
2287 4094 2510 4156 prepter
2542 4100 2661 4139 mea
2709 4085 2855 4139 circa
2901 4085 3050 4155 ipsos
3092 4102 3280 4157 Opera;
3308 4096 3397 4143 at-

1825 4188 2007 4232 tamen
2040 4178 2144 4231 mei
2182 4191 2456 4231 memores
2506 4190 2614 4229 non
2643 4175 2883 4244 fuerunt,
2921 4178 3014 4247 qui
3063 4186 3273 4234 tantam
3328 4180 3396 4236 iis

1825 4269 2091 4323 bonorum
2122 4268 2335 4337 copiam
2368 4267 2729 4323 contuleram.

1754 4338 1802 4397 Ι)
1828 4320 1848 4323 ἡ
2105 4320 2222 4412 θζθῐ,
2282 4386 2351 4397 .-
2407 4356 2515 4429 62
2617 4320 2835 4426 Eroque
2868 4357 2973 4413 illis
3008 4365 3067 4415 ut
3106 4320 3411 4428 panthera,

1824 4459 1879 4506 et
1921 4451 2063 4506 sicut
2112 4446 2318 4518 pardus
2365 4447 2420 4500 iu
2460 4447 2547 4499 via
2602 4447 2977 4516 Assyriorum.
3030 4467 3050 4499 ι
3102 4448 3395 4520 Propterea

1824 4543 2100 4613 pantherae
2147 4555 2297 4595 more
2351 4539 2634 4609 pardique,
2676 4541 2936 4595 velociter
2978 4539 3271 4597 admodum
3301 4557 3397 4598 eos

1826 4641 2106 4690 conteram
2153 4630 2504 4700 perdamque,
2552 4637 2786 4685 cunctos
2815 4629 3068 4686 videlicet
3117 4632 3173 4686 in
3217 4632 3394 4705 Assy-
3442 4660 3451 4669 ~

1825 4726 2033 4779 riorum
2069 4722 2291 4777 trahens
2325 4719 2716 4788 captivitatem.
2747 4737 2765 4770 ι
2806 4718 3104 4774 Oecurram
3130 4721 3211 4778 eis
3238 4724 3399 4793 quasi

1829 4831 1955 4870 ursa
1984 4813 2246 4871 destituta
2276 4811 2496 4867 catulis.
2528 4829 2547 4861 ι
2592 4808 2742 4865 Ursae
2766 4825 2943 4876 more,
2970 4812 3057 4866 cui
3083 4812 3167 4867 sui
3198 4813 3399 4869 sublati

1831 4907 1943 4962 sint
1975 4905 2162 4969 catuli,
2208 4911 2263 4957 et
2300 4902 2370 4956 ob
2416 4916 2581 4972 grave
2625 4900 2843 4956 illorum
2883 4901 3214 4958 desiderium
3239 4913 3403 4974 quot-

1831 5005 1965 5068 quot
1987 4994 2329 5050 occurreriut
2354 4991 2736 5061 discerpentis.
2761 5008 2860 5061 ego
2897 5009 3115 5064 quoque
3145 5009 3399 5065 magnam

1831 5102 2021 5142 eorum
2068 5085 2400 5139 occisionem
2449 5081 2665 5138 faciam.
2715 5100 2735 5134 ι
2788 5082 2854 5137 Et
2899 5083 3236 5154 disrumpam
3271 5099 3403 5139 con-

1833 5176 2133 5231 clusionem
2175 5173 2359 5230 cordis
2401 5187 2615 5228 eorum.
2653 5191 2671 5224 ι
2708 5171 2773 5225 Et
2802 5188 2990 5227 eorum
3027 5187 3218 5229 omnes
3239 5172 3404 5242 cogi-

1834 5268 2111 5330 tationes,
2180 5281 2317 5337 quas
2385 5266 2529 5321 intra
2594 5280 2653 5320 se
2721 5265 3100 5333 continentes,
3158 5265 3405 5321 studiose

1836 5356 2125 5409 admodum
2179 5355 2500 5425 peccabant,
2552 5368 2921 5423 supervacuas
2973 5369 3037 5408 ac
3090 5370 3255 5411 vanas
3308 5370 3406 5424 per

1837 5444 2097 5502 inﬂictam
2141 5460 2358 5517 ptenam
2408 5458 2723 5515 coarguam.
2767 5463 2785 5495 ι
2832 5443 2898 5499 Et
2935 5443 3273 5501 devorabunt
3309 5459 3407 5502 eos

3049 5713 3086 5774 ’Ζ
