3828 6216
433 189 538 246 205

1631 193 1979 251 ΤΙΙΕΟΒΟΒΙ
2029 193 2511 252 MOPSUESTENI

3586 183 3693 239 2οι

441 313 516 368 ibi
545 312 712 366 catuli
765 313 934 378 silvae,
988 321 1044 368 et
1091 312 1282 369 bestiae
1325 314 1440 384 agri
1487 311 1802 383 discerpent
1831 328 1944 369 eos.
1985 333 2000 366 ι

2113 314 2240 366 δουν
2271 314 2369 383 τῆς
2395 311 2729 384 ἐπιμελείας,
2772 311 3063 382 περιττοὺς
3094 313 3250 376 δντας
3289 313 3386 367 καὶ
3418 313 3699 384 ματαίους,

442 401 534 456 Sic
563 419 658 457 eos
695 403 864 458 variis
917 405 1158 460 caulibus
1209 412 1537 459 consument
1585 405 1810 471 hostes;
1842 405 2010 458 veluti

440 493 628 550 leones
658 496 724 550 de
763 496 926 559 saltu,
977 504 1071 550 aut
1125 497 1245 550 aliae
1296 494 1609 564 bujusmodi
1638 496 1782 561 ferae,
1835 495 2016 550 subito

441 585 715 642 irruentes
748 587 1006 644 dentibus
1042 603 1234 642 omnes
1265 587 1582 641 lacerarent.
1617 606 1632 637 ι
1665 585 2013 656 Corruptioni

441 684 565 739 tua,
622 677 809 739 Israel,
865 679 986 748 quis
1052 677 1437 731 auxiliabitur?
1494 695 1510 728 ›
1565 675 1756 730 Tantis
1807 675 2015 733 fractus

436 769 793 839 perditusque
822 770 997 829 malis,
1023 769 1299 839 quodnam
1334 767 1596 821 auxilium
1623 766 1909 821 invenies?

2121 402 2211 455 διά
2243 403 2342 472 τῆς
2371 403 2717 472 ἐπαγομένης
2758 402 2938 464 αύτοῖς
2969 401 3173 469 ἐλέγξω
3211 402 3497 473 τιμωρίας.
3531 422 3550 456 ι
3590 403 3702 457 Καὶ

2122 495 2387 562 φάγονται
2436 495 2631 556 αὐτοὺς
2679 495 2794 546 ἐκεῖ
2835 493 3064 562 σκύμνοι
3115 493 3343 564 δρυμοῦ,
3400 496 3494 548 καὶ
3536 495 3700 566 θηρία

2075 593 2080 598 “
2121 584 2295 656 ἀγροῦ
2332 585 2618 638 διασπάσει
2648 581 2864 646 αύτούς.
2905 601 2923 632 ι
2959 581 3114 636 Οὕτω
3145 582 3253 654 γὰρ
3281 583 3476 647 αὐτοὺς
3507 585 3572 654 τῇ
3599 583 3700 652 τῆς

2123 675 2339 744 σφαγῆς
2360 675 2603 746 ποικιλίᾳ
2633 675 3104 729 καταναλώσουσιν
3126 675 3175 728 οί
3207 675 3473 745 πολέμιοι,
3500 673 3698 728 ὡσανεὶ

2122 765 2333 828 λέοντές
2375 783 2518 828 τινες
2549 767 2612 817 ἐκ
2661 763 2888 834 δρυμοῦ,
2923 765 2956 833 ἡ
2995 779 3115 816 τινα
3156 762 3320 833 ἔτερα
3349 763 3698 833 παραπλήσια

434 859 644 923 τούτοις
673 861 853 931 θηρία,
885 861 1054 929 ἀθρόα
1086 861 1195 921 τοῖς
1224 857 1432 910 ὀδοῦσιν
1460 857 1787 910 ἐπιπεσόντα
1808 855 2154 910 διασπάσειεν
2180 856 2444 920 ἅπαντας.
2483 874 2502 906 ι
2529 857 2609 925 Τῇ
2636 853 2901 924 διαφθορᾷ
2926 871 3042 917 σου,
3060 853 3293 926 Ἰσραὴλ,
3325 855 3407 918 τίς
3441 855 3696 927 βοηθήσει

437 965 548 1014 σοι;
583 970 599 1000 ι
635 949 793 1002 Ἀλλὰ
826 951 933 1019 γὰρ
973 950 1076 1002 ὑπὸ
1105 947 1373 1000 τοσούτων
1403 947 1846 1019 διαφθειρόμενος
1879 965 1938 1000 τε
1969 948 2063 1002 καὶ
2093 947 2461 1017 ἀπολλύμενος
2493 946 2699 1010 κακῶν,
2731 947 2850 999 τίνα
2884 946 2948 998 ἂν
2979 944 3156 1015 εῦροις
3185 945 3474 1017 βοήθειαν;

505 1087 672 1142 Vens.
710 1085 901 1139 lO-ll.
933 1076 1002 1124 4
1034 1102 1052 1135 ι
1090 1085 1192 1140 Ubi
1221 1084 1309 1138 hic
1338 1101 1428 1138 rex
1460 1086 1630 1142 tuus?
1653 1083 1810 1140 Nunc
1837 1085 2014 1140 salvet

431 1192 486 1236 te
529 1181 582 1234 in
637 1179 893 1232 omnibus
949 1176 1178 1230 urbibus
1222 1177 1352 1230 tuis.
1395 1175 1567 1231 Iudex
1614 1185 1734 1232 esto
1766 1185 1915 1237 tuus,
1945 1176 2014 1230 de

432 1285 541 1339 quo
571 1269 757 1324 dixisti
795 1287 808 1323 ε
843 1266 920 1320 Da
953 1269 1085 1320 mihi
1109 1282 1289 1337 regem
1322 1278 1374 1320 et
1397 1269 1698 1338 principem
1735 1288 1747 1320 :
1775 1268 2011 1338 dedique

430 1361 530 1415 tibi
561 1375 741 1431 regem
785 1359 839 1413 in
882 1360 961 1412 ira
996 1373 1138 1413 mea.
1183 1378 1202 1410 ι
1237 1357 1423 1428 Neque
1465 1359 1610 1413 enim
1641 1374 1704 1414 ex
1735 1359 1886 1430 regio
1918 1367 2010 1413 aut

429 1449 655 1505 militari
679 1449 941 1518 regimine
965 1448 1260 1517 quidquam
1285 1448 1586 1504 lucraberis
1617 1467 1628 1501 :
1669 1449 1775 1502 erit
1806 1451 2008 1518 quippe

430 1550 486 1594 et
517 1540 620 1594 hoc
651 1540 948 1593 invalidum
978 1539 1053 1592 ad
1081 1537 1478 1604 defensionem,
1530 1548 1866 1609 repugnante
1897 1553 2004 1594 me.

2189 1084 2338 1153 Στίχ.
2391 1092 2441 1145 ι’,
2471 1089 2558 1138 ια’.
2587 1112 2656 1123 —
2692 1101 2710 1134 ι
2752 1084 2858 1136 Ποῦ
2889 1086 2917 1136 ὁ
2949 1083 3200 1154 βασιλεύς
3248 1101 3339 1136 σου
3385 1075 3564 1150 οῦτοςς
3601 1084 3696 1138 καὶ

2115 1174 2434 1228 διασωσάτω
2465 1192 2522 1227 σε
2565 1177 2622 1228 ἐν
2653 1175 2856 1240 πάσαις
2895 1179 3016 1239 ταῖς
3049 1175 3235 1228 πόλεσί
3283 1193 3376 1229 σου
3397 1194 3409 1206 ·
3439 1177 3533 1229 καὶ
3576 1193 3696 1246 κρι-

2115 1266 2257 1319 νάτω
2290 1283 2371 1330 σε,
2402 1266 2459 1318 ὃν
2490 1261 2670 1330 εἶπας,
2702 1267 2801 1330 Δός
2832 1283 2919 1336 μοι
2947 1266 3166 1335 βασιλέα
3198 1267 3292 1320 καὶ
3315 1268 3568 1337 ἄρχοντα.
3599 1267 3695 1320 καὶ

2114 1355 2290 1409 ἔδωκά
2315 1373 2396 1410 σοι
2421 1356 2644 1426 βασιλέα
2671 1359 2727 1409 ἐν
2759 1359 2893 1428 ὀργῇ
2925 1374 3044 1426 μου.
3080 1375 3098 1407 ι
3137 1357 3269 1409 Οὐδὲ
3309 1358 3416 1427 γὰρ
3439 1359 3503 1410 ἐκ
3542 1357 3695 1427 βασι-

2113 1447 2268 1519 λικῆς
2319 1450 2632 1520 ἐπιμελείας
2673 1451 2705 1519 ἦ
2741 1450 3073 1521 στρατηγίας
3117 1451 3330 1503 ἀποίσει
3362 1467 3416 1503 τι
3463 1451 3651 1521 κέρδος
3675 1471 3690 1485 ·

2112 1539 2262 1592 ἔσται
2293 1539 2400 1610 γὰρ
2445 1540 2538 1592 καὶ
2571 1535 2722 1602 οὗτος
2755 1538 2941 1602 ἄτονος
2982 1541 3062 1602 είς
3097 1540 3365 1611 βοήθειαν,
3397 1541 3691 1612 ἀντιπράτο

430 1629 566 1684 Nam
618 1645 742 1684 cum
796 1630 931 1682 mihi
974 1629 1278 1699 placuisset
1335 1628 1465 1683 dare
1513 1630 1670 1684 vobis
1721 1628 2000 1698 praesidem

2110 1646 2298 1692 τοντος
2331 1629 2464 1699 ἐμοῦ
2490 1645 2504 1659 ⁸
2554 1629 2738 1682 καίτοι
2769 1647 2832 1698 γε
2866 1629 3030 1700 [κατὰ
3065 1631 3124 1683 τὸ
3169 1630 3297 1703 γὰρ]
3333 1633 3453 1701 ἐμοὶ
3499 1631 3693 1685 δοκοῦν

433 1720 766 1786 Samueleui,
819 1721 994 1774 virum
1028 1720 1238 1788 justum
1281 1727 1336 1774 et
1371 1720 1518 1774 omni
1564 1721 1765 1774 virtute
1809 1719 2005 1791 praedi-

431 1821 570 1876 tum,
602 1811 695 1882 qui
723 1810 1091 1866 sacerdotium
1139 1809 1302 1865 simul
1327 1817 1383 1864 et
1423 1810 1789 1880 principatum
1825 1809 2006 1880 populi

433 1901 865 1966 administraret,
891 1915 986 1954 vos
1017 1914 1141 1953 eum
1185 1900 1411 1953 omnino
1459 1899 1822 1969 deposuistis;
1855 1914 2008 1969 aeque

432 2006 495 2043 ac
527 1990 766 2059 reliquas
805 1998 1016 2060 gentes,
1046 1998 1302 2058 oportere
1347 2005 1444 2044 vos
1476 1990 1676 2046 habere
1710 2006 1888 2060 regem
1925 1989 2009 2043 di.

431 2091 639 2144 centes,
661 2081 754 2150 qui
789 2080 947 2135 vobis
977 2081 1098 2134 usui
1137 2088 1284 2135 esset
1311 2081 1378 2134 ad
1413 2081 1552 2135 bella
1590 2089 1782 2136 contra
1818 2081 2008 2135 alieni.

431 2171 808 2240 genas.Atqui
857 2179 1073 2239 tempus
1119 2171 1294 2232 adest,
1329 2186 1437 2240 quo
1489 2170 2004 2225 inconsiderantiam

431 2270 667 2314 vestram
715 2261 1027 2330 agnoscctis
1082 2279 1094 2314 :
1147 2260 1285 2314 nihil
1334 2262 1478 2315 enim
1521 2262 1676 2316 vobis
1709 2263 2006 2330 proderunt

431 2351 484 2404 hi
531 2351 624 2421 qui
674 2365 903 2420 regnare
951 2350 1095 2420 apud
1146 2366 1243 2405 vos
1292 2352 1563 2415 videntur,
1614 2350 1882 2420 siquidem
1917 2367 2006 2405 ve-

430 2451 556 2495 stra:
598 2455 790 2494 omnes
838 2439 1003 2494 urbes
1038 2455 1144 2493 una
1190 2441 1488 2511 eademque
1520 2441 1675 2494 ruina
1723 2448 2001 2494 corrttent.

428 2529 600 2586 Nemo
665 2533 832 2602 igitur
895 2532 991 2585 tibi
1047 2530 1215 2600 judex
1275 2533 1399 2594 erit,
1469 2533 1627 2602 quasi
1675 2531 2002 2588 immeritam

425 2621 548 2692 63
617 2621 687 2676 ab
752 2621 992 2675 inimicis
1047 2621 1450 2692 aggressionem
1515 2623 1774 2691 patiaris;
1830 2637 2005 2692 neque

429 2711 601 2762 ullum
689 2709 745 2762 in
831 2708 935 2762 hoc
1029 2724 1210 2763 rerum
1289 2717 1432 2763 statu
1527 2711 1787 2764 auxilium
1863 2727 2003 2780 prae-

428 2801 622 2865 bebit,
675 2814 988 2870 quanquam
1079 2801 1182 2854 hoc
1268 2802 1548 2870 potissime
1617 2819 1802 2872 regum
1875 2820 2001 2875 erga

429 2907 561 2947 suos
616 2891 850 2945 ollicium
914 2899 1033 2955 est,
1093 2899 1152 2943 ut
1210 2892 1440 2959 injurias
1485 2908 1673 2948 eorum
1733 2895 2002 2948 ulciscan-

2111 1719 2412 1789 ἡγούμενόν
2445 1736 2537 1772 σου
2569 1719 2658 1771 τὸν
2693 1720 2944 1789 Σαμουὴλ
2975 1721 3139 1790 ἄνδρα
3169 1721 3392 1785 δίκαιον,
3424 1723 3516 1776 καὶ
3549 1724 3694 1791 μετά

2109 1811 2291 1880 πάσης
2321 1813 2522 1883 ἀρετῆς
2546 1815 2646 1882 τήν
2685 1831 2744 1866 τε
2787 1814 3085 1886 ἱερωσύνην
3119 1817 3212 1869 καὶ
3236 1818 3334 1887 τὴν
3364 1819 3692 1888 ήγεμονείαν

2108 1901 2358 1956 διέποντα
2386 1903 2479 1955 τοῦ
2506 1903 2659 1967 λαοῦ,
2690 1906 3116 1976 παρεγράψασθε
3140 1908 3435 1972 παντελῶς,
3466 1913 3540 1979 (ρ.
3571 1910 3642 1965 96
3670 1916 3690 1963 l

2109 1993 2503 2064 παραπλησίως
2530 1998 2641 2058 τοῖς
2677 1997 2882 2060 λοιποῖς
2917 1998 3090 2051 ἔθνεσι
3121 2001 3390 2071 φήσαντες
3409 2002 3516 2055 δεῖν
3543 2003 3690 2073 ἔχειν

2109 2077 2350 2147 βασιλέα,
2387 2081 2446 2144 ὃς
2478 2083 2698 2151 ἀρκέσει
2735 2085 2870 2154 πρὸς
2898 2087 3022 2149 τοὺς
3056 2088 3193 2160 ὑπὲρ
3231 2089 3383 2158 ύειῶν
3416 2091 3691 2160 πολέμους

2105 2172 2216 2232 τοῖς
2261 2171 2595 2242 ἀλλοτρίοιςο
2647 2174 2782 2227 ἀλλά
2835 2176 2943 2247 γὰρ
2977 2179 3100 2247 ἥκει
3157 2181 3366 2248 καιρὸς,
3403 2182 3460 2233 ἐν
3510 2175 3557 2248 ᾧ
3585 2181 3690 2250 τῆς

2105 2260 2359 2325 ἀϐουλίας
2402 2263 2725 2334 αἰσθήσεσθε
2763 2267 3089 2336 τῆςοοίκείας
3117 2287 3128 2298 ·
3157 2270 3217 2321 ού
3259 2272 3366 2340 γάρ
3393 2289 3446 2323 τι
3491 2271 3688 2341 δςρελος

2106 2351 2432 2421 παρέξουσιν
2464 2354 2592 2422 ύμῖν
2619 2357 2668 2407 οἱ
2698 2354 3002 2425 βασιλεύειν
3029 2360 3084 2411 ἐν
3106 2360 3232 2430 ύμῖν
3257 2361 3559 2427 δοκοῦντες,
3590 2365 3686 2416 ita

2104 2444 2291 2496 πασῶν
2323 2443 2430 2494 τῶν
2464 2445 2522 2496 ἐν
2557 2445 2686 2515 ὑμῖν
2729 2447 2933 2500 πόλεων
2963 2450 3066 2501 ὑπὸ
3111 2451 3237 2520 μίαν
3269 2452 3539 2506 ἀταῦλειαν
3588 2473 3688 2507 πει

2106 2533 2382 2602 σουμένων
2405 2547 2419 2561 ⁰
2447 2535 2507 2586 οὐ
2538 2536 2714 2588 τοίνυν
2759 2537 2878 2590 οὐδέ
2924 2555 3008 2603 τις
3032 2539 3209 2593 αὐτῶν
3238 2546 3413 2612 κρινεῖ
3457 2561 3559 2610 σοι,
3607 2545 3688 2608 ὡς

2106 2625 2336 2692 ματαίαν
2393 2625 2547 2696 παρά
2576 2626 2685 2681 τῶν
2725 2628 3002 2699 πολεμίων
3053 2632 3418 2688 ἐπανάστασιν
3471 2635 3686 2707 ὑπομέο

2102 2730 2267 2777 νοντι,
2295 2715 2387 2768 καί
2419 2733 2539 2769 τινα
2562 2718 2784 2788 παρέξει
2813 2718 3063 2790 βοήθειαν
3095 2724 3188 2775 ἐπὶ
3219 2725 3468 2787 τούτους·
3493 2727 3686 2797 ἐπειδὴ

2100 2802 2258 2856 τοῦτο
2283 2805 2417 2874 πρὸς
2445 2806 2570 2869 τοὺς
2594 2808 2824 2871 οἰκείους
2860 2811 2972 2872 τοῖς
3007 2809 3312 2879 βασιλεῦσιν
3347 2813 3464 2877 ἔθος
3509 2820 3686 2870 ποιεῖν

2102 2895 2181 2957 εἰς
2213 2894 2309 2964 τὴν
2341 2896 2450 2950 τῶν
2499 2898 2869 2969 ἀδικουμένων
2922 2901 3206 2971 βοήθειαν·
3247 2905 3492 2975 πολέμιοι
3526 2907 3583 2960 δὲ
3635 2912 3684 2962 οἱ

429 2991 520 3035 tur
561 3001 574 3036 :
623 2996 768 3035 nunc
826 2995 954 3035 vero
1008 2981 1191 3036 hostes
1241 2982 1437 3034 mirum
1475 2990 1738 3051 quantum
1780 2984 1996 3053 regibus

2110 2985 2198 3037 νῦν
2233 2985 2479 3040 πλεῖστον
2507 2989 2629 3042 ὅσον
2670 2991 2777 3043 τῶν
2823 2991 3208 3060 βασιλευόντων
3255 2998 3312 3048 ἐν
3361 2999 3487 3066 ύμῖν
3529 2999 3685 3062 ὄντες

426 3073 624 3126 vestris
667 3071 1001 3142 potentiores
1051 3081 1196 3124 sunt.
1252 3070 1358 3127 Sed
1399 3083 1577 3126 tamen
1605 3087 1726 3126 cum
1768 3074 2000 3142 petistis,

428 3170 690 3232 tanquam
726 3162 930 3231 aliquid
963 3161 1091 3216 boni
1148 3162 1446 3231 accepturi,
1477 3161 1622 3231 regis
1653 3163 1996 3232 dignitatem,

429 3253 722 3322 indignans
769 3267 872 3321 ego
915 3252 1042 3306 licet
1075 3259 1269 3303 vestrm
1306 3251 1606 3304 voluntatis
1635 3251 1995 3320 improbitati,

428 3343 788 3398 nihilominus
838 3349 895 3395 ιιι
926 3357 1106 3410 regem
1163 3341 1434 3395 haberetis
1479 3339 1705 3404 indulsi,
1760 3356 1828 3394 ne
1861 3341 2000 3396 [orte

427 3433 642 3489 viderer
674 3439 868 3487 vestra:
893 3432 1108 3500 Optima:
1133 3429 1518 3485 deliberationi
1573 3429 1949 3484 contradicere
1980 3449 1994 3484 :

2102 3075 2495 3147 δυνατώτεροι·
2527 3081 2761 3151 ὁπηνίκα
2790 3082 2844 3135 δὲ
2872 3086 3048 3153 ῂτεῖτε
3081 3085 3155 3146 ὡς
3185 3087 3269 3138 ἐπ’
3294 3089 3481 3158 ἀγαθῷ
3515 3088 3686 3158 117,56-

2106 3181 2253 3233 μενοι
2291 3167 2384 3219 τοῦ
2421 3169 2684 3238 βασιλέως
2729 3173 2828 3244 τὴν
2855 3175 3051 3245 ἀρχὴν,
3094 3176 3428 3248 θυμούμενος
3481 3182 3576 3232 ἐπὶ
3614 3184 3681 3252 τῇ

2104 3255 2371 3327 μοχθηρίᾳ
2400 3259 2495 3328 τῆς
2524 3259 2748 3332 γνώμης
2782 3264 2877 3332 τῆς
2913 3267 3202 3336 ὑμετέρας,
3228 3270 3376 3338 ὅμως
3404 3272 3684 3342 ἐπέτρεψα

2099 3342 2282 3397 λαϐεῖν
2309 3346 2397 3398 τὸν
2433 3347 2673 3416 βασιλέα,
2708 3353 2784 3413 ὼς
2816 3353 2882 3405 ἂν
2916 3355 2990 3423 μὴ
3028 3356 3406 3424 ἀντιπράττειν
3446 3362 3588 3428 ’ύμῖν
3614 3364 3684 3417 τὰ

2098 3434 2356 3490 κάλλιστα
2380 3438 2520 3508 ὑπὲρ
2542 3441 2748 3494 ἑαυτῶν
2765 3443 3245 3514 διαπραττομένοις
3265 3449 3494 3521 δοκοίην.
3529 3471 3548 3502 ι
3570 3455 3684 3508 Καὶ

426 3526 674 3587 toleravi,
722 3525 967 3592 inquam,
995 3522 1048 3574 in
1077 3521 1157 3575 ira
1191 3537 1330 3575 mea.
1365 3521 1432 3577 Et
1466 3537 1612 3576 nunc
1642 3522 1845 3590 pariter
1880 3521 1996 3574 ira-

2110 3523 2317 3593 ὶνέσχον
2351 3527 2408 3579 ἐν
2437 3527 2511 3596 τῷ
2553 3529 2709 3599 θυμῷ
2744 3549 2866 3600 μου.
2909 3553 2928 3584 ι
2959 3535 3306 3605 Θυμούμενος
3353 3539 3408 3589 δὲ
3454 3542 3550 3592 καὶ
3582 3543 3680 3595 νῦν

426 3627 516 3670 tus
541 3623 656 3668 tum
681 3614 756 3667 i'.li
798 3613 965 3667 veteri
1001 3620 1114 3665 tum
1145 3612 1541 3680 posterioribus
1565 3612 1765 3668 vestris
1791 3613 1999 3681 iniqui-

427 3705 653 3765 tatibus,
677 3717 856 3758 meum
888 3703 1043 3757 vobis
1074 3702 1338 3756 auxilium
1375 3703 1633 3768 subduxi,
1664 3704 1877 3772 sivique
1903 3717 2002 3758 vos

423 3810 492 3850 ex
545 3795 677 3865 ipsis
715 3793 929 3848 discere
992 3792 1180 3857 rebus,
1228 3800 1433 3862 quanto
1480 3794 1672 3848 melius
1705 3792 1883 3848 fuerat
1934 3791 2004 3846 ab

425 3884 558 3950 illis,
596 3899 734 3952 quos
779 3898 880 3953 ego
923 3897 1021 3952 pro
1045 3891 1221 3937 vestra
1251 3883 1428 3938 salute
1463 3882 1752 3954 elegeram,
1783 3897 1999 3952 semper

426 3975 751 4047 gubernari,
815 3988 977 4044 quam
1038 3973 1200 4044 regiae
1268 3988 1368 4028 vos
1439 3973 1779 4029 committere
1843 3979 1997 4043 pote-

428 4067 579 4123 stati.

494 4195 664 4252 Vens.
699 4195 888 4251 12-14.
922 4224 993 4235 —
1019 4212 1038 4246 ι
1074 4193 1274 4250 Vortex
1314 4194 1620 4266 iniquitatis
1645 4194 1996 4266 Ephraimus,

2096 3615 2187 3665 ἐπί
2218 3632 2276 3666 τε
2317 3617 2500 3689 ἐκείνῃ
2545 3620 2636 3670 καὶ
2675 3623 2790 3683 ταῖς
2829 3621 3072 3692 καθεξῆς·
3103 3626 3466 3696 παρανομίαις
3497 3629 3680 3698 ὑμῶν,

2097 3705 2315 3773 ἀφεῖλον
2369 3709 2467 3778 μὲν
2519 3710 2672 3778 ὑμῶν
2717 3712 2813 3782 τὴν
2864 3715 3000 3784 ἐμὴν
3036 3717 3568 3784 συμμαχίανέῖασα
3624 3721 3683 3774 δὲ

2099 3795 2246 3866 ὑμᾶς
2299 3795 2358 3860 ἐξ
2394 3797 2570 3850 αὐτῶν
2621 3799 2814 3868 μαθεῖν
2866 3801 2971 3853 τῶν
3010 3805 3366 3873 πραγμάτων,
3415 3807 3573 3879 πόσῳ
3624 3811 3684 3863 δὲ

2101 3887 2322 3957 ἄμεινον
2352 3889 2479 3958 ὑμῖν
2505 3885 2573 3960 ἦν
2593 3890 2697 3942 ὑπὸ
2726 3895 2836 3954 τοῖς
2856 3894 2982 3964 παρ’
3016 3894 3148 3963 ἐμοῦ
3182 3896 3691 3967 προχειριζομένοις

2104 3977 2244 4046 ὑπὲρ
2293 3977 2394 4048 τῆς
2444 3979 2716 4050 ὑμετέρας
2769 3983 3040 4052 σωτηρίας
3083 3984 3310 4052 ἄγεσθαι
3353 3989 3613 4056 πάντοτε,
3647 3990 3680 4056 ῆ

2106 4067 2356 4138 βασιλικῇ
2385 4070 2660 4125 πιστεύειν
2682 4073 2880 4134 αὐτοὺς
2911 4073 3215 4145 δυναστείᾳ.

2175 4200 2322 4272 Στίχ.
2350 4200 2531 4271 ιβ’-ιδ’.
2556 4234 2626 4246 -
2659 4223 2676 4256 ι
2702 4206 2983 4279 Συστροφὴ
3014 4209 3225 4275 ἀδικίας
3241 4214 3480 4285 Ἐφραὶμ
3505 4218 3569 4272 ἐν
3594 4234 3690 4272 κι-

424 4304 549 4344 cum
567 4289 784 4344 occulto
800 4294 1022 4358 peccato
1043 4301 1174 4354 suo;
1206 4287 1422 4342 dolores
1449 4289 1607 4358 quasi
1645 4289 2000 4358 parturientis

2110 4289 2397 4382 κρυμμένῃ
2427 4293 2673 4382 ἁμαρτίᾳ
2688 4297 2850 4351 αὑτοῦ
2871 4315 2884 4329 ·
2918 4300 2995 4370 (p.
3020 4301 3108 4370 97)
3138 4303 3324 4367 ὠδῖνες
3355 4306 3430 4369 ὡς
3459 4310 3683 4363 τικτού·

423 4380 647 4434 venient
696 4379 768 4434 ei.
806 4398 826 4431 ι
882 4377 954 4432 Et
999 4378 1128 4447 quia
1181 4379 1240 4432 in
1301 4379 1558 4433 omnibus
1613 4379 2000 4436 demonstratis

2110 4394 2204 4448 σης
2229 4379 2448 4448 ἥξουσιν
2467 4381 2633 4450 αύτῷ,
2659 4401 2678 4434 ι
2707 4385 2815 4437 Καὶ
2841 4387 3026 4458 ἐπειδὴ
3051 4389 3137 4442 διὰ
3158 4392 3373 4445 πάντων
3399 4395 3686 4467 ἐδείχθητε

425 4474 686 4543 (namque
708 4469 990 4540 Ephraimi
1027 4469 1270 4532 nomine,
1302 4483 1453 4524 more
1486 4484 1608 4533 suo,
1639 4479 1898 4542 tanquam
1939 4487 2006 4528 ex

423 4571 580 4634 parte
611 4570 783 4617 totum
819 4561 973 4629 dicit)
1004 4560 1374 4615 vehementem
1405 4561 1696 4630 quemdam
1738 4562 2000 4633 impetum

424 4668 490 4708 ac
522 4651 869 4708 sedulitatem
905 4649 1256 4704 multifariam
1278 4649 1454 4721 impie
1482 4651 1675 4720 agendi
1713 4654 2004 4722 peccandi-

421 4759 530 4812 que
564 4742 830 4798 adversus
868 4756 973 4803 me.
1021 4741 1327 4811 mentisque
1380 4749 1576 4796 vestrae
1630 4742 1886 4811 cogitatio
1937 4743 1994 4798 in

423 4834 626 4888 delicto
679 4841 793 4886 tota
846 4831 1098 4902 deligitur
1157 4833 1284 4901 (hoc
1338 4833 1481 4886 enim
1537 4831 1672 4887 dicit
1717 4833 1992 4888 occultum

425 4932 732 4995 peccatum,
763 4937 958 4992 nempe
976 4923 1104 4991 quia
1127 4923 1295 4976 animi
1334 4922 1761 4979 deliberationes
1795 4923 1995 4994 ignotae

423 5014 665 5069 externis
697 5014 872 5080 sunt),
905 5021 1217 5081 pr0pterea,
1244 5013 1444 5083 inquit,
1477 5015 1530 5068 in
1576 5021 1656 5069 tot
1705 5020 1994 5084 tantasque

429 5103 682 5156 incidetis
715 5115 929 5171 poenas,
979 5110 1038 5155 ut
1068 5103 1227 5171 quasi
1257 5104 1452 5158 mulier
1475 5105 1536 5158 in
1569 5110 1729 5173 partu
1779 5103 1994 5167 dolens,

426 5192 597 5247 futuri
625 5192 747 5246 sitis
765 5200 984 5260 propter
1002 5190 1372 5261 ingruentium
1399 5193 1665 5245 malorum
1695 5192 1994 5246 cruciatus.

433 5302 452 5335 ι
490 5282 714 5337 Hiccine
743 5281 886 5338 ﬁlius
925 5291 1051 5338 tuus
1075 5281 1356 5352 prudens?
1388 5301 1407 5334 ι
1443 5281 1691 5338 Haeccine
1716 5283 1998 5353 sapientiae

428 5384 622 5428 vestra;
651 5387 838 5442 opera,
879 5374 1306 5442 quidiscernere
1345 5373 1678 5438 nescivistis,
1733 5385 1997 5443 quantum

427 5462 644 5517 intersit
694 5462 836 5515 inter
893 5464 1318 5531 gratiam'meam
1350 5477 1413 5516 ac
1434 5463 1688 5524 tutelam,
1717 5470 1773 5517 et
1827 5461 2011 5518 decli-‘

425 5553 701 5610 nationem
733 5552 800 5608 ad
839 5553 984 5610 idola
1037 5563 1200 5624 atque
1232 5553 1298 5609 ad
1338 5567 1506 5623 opera
1546 5553 1814 5610 voluntati
1863 5565 1997 5610 mete

2103 4469 2233 4538 (ἀπὸ
2262 4471 2370 4540 γὰρ
2399 4471 2510 4524 τῶν
2546 4474 2786 4545 Ἐφραὶμ
2816 4477 3081 4542 εἰωθότως
3114 4481 3189 4544 ὡς
3223 4483 3330 4535 ἀπὸ
3363 4485 3570 4554 μέρους
3594 4488 3687 4540 λέ-

2101 4576 2189 4629 γει
2211 4560 2272 4614 τὸ
2299 4562 2428 4632 πᾶν)
2462 4563 2662 4635 πολλήν
2694 4583 2815 4618 τινα
2837 4568 2935 4638 τὴν
2965 4573 3271 4643 συστροφὴν
3305 4575 3398 4627 καὶ
3425 4575 3528 4646 τὴν
3559 4581 3688 4631 ἐπι-

2103 4651 2322 4721 μέλειαν
2350 4651 2565 4721 ἔχοντες
2601 4655 2709 4708 τῶν
2738 4657 2996 4721 ποικίλως
3025 4661 3244 4714 ἀσεϐεῖν
3271 4681 3329 4716 τε
3363 4665 3458 4719 καὶ
3493 4669 3690 4739 ἀμαρ-

2099 4741 2279 4794 τάνειν
2317 4744 2396 4805 είς
2445 4744 2563 4813 ἐμὲ,
2591 4746 2649 4798 ἐν
2688 4745 2886 4819 μελέτῃ
2917 4765 2973 4800 τε
2995 4751 3060 4819 τῇ
3085 4751 3224 4804 κατά
3254 4752 3494 4806 διάνοιαν
3533 4759 3692 4812 ἐστὶν

2104 4831 2230 4900 ύμῖν
2247 4832 2306 4884 τὸ
2332 4834 2667 4904 ἁμαρτάνειν
2685 4837 2863 4905 (τοῦτο
2892 4839 2997 4910 γὰρ
3023 4842 3476 4914 ἐγκεκρυμμένην
3499 4847 3690 4918 ἀμαρ-

2101 4921 2224 4973 τίαν
2259 4920 2428 4990 λέγει,
2459 4925 2518 4977 τὸ
2543 4926 2611 4979 τὰ
2643 4927 2741 4996 τῆς
2767 4929 2944 4998 ψυχῆς
2975 4929 3315 5003 βουλεύματα
3347 4936 3523 5007 ἄδηλα
3574 4944 3689 5004 τοῖς

2100 5011 2256 5074 ἐκτδς
2282 5013 2596 5085 ὑπάρχειν),
2628 5016 2768 5090 ὑπὲρ
2790 5017 2854 5089 δὴ
2899 5021 3136 5086 τούτων,
3189 5026 3359 5096 φησὶ,
3397 5031 3690 5093 τοιαύταις

2103 5105 2485 5173 περιπεσεῖσθε
2535 5108 2844 5178 τιμωρίαις,
2883 5110 3024 5164 ὥστε
3066 5114 3220 5185 δίκην
3261 5119 3521 5184 γυναικὸς
3556 5123 3688 5174 ὼδι-

2103 5191 2300 5262 νούσης
2333 5195 2390 5246 ἐν
2413 5193 2491 5264 τῷ
2519 5197 2722 5250 τίκτειν
2764 5201 3081 5270 συνέχεσθαι
3115 5209 3234 5270 ταῖς
3273 5207 3380 5260 τῶν
3410 5211 3686 5282 ἐπεληλυο

2108 5279 2278 5334 θότων
2309 5283 2436 5353 ὑμῖν
2461 5285 2646 5338 κακῶν
2671 5287 2898 5352 ὀδύναις.
2943 5310 2961 5341 ‹
2985 5284 3154 5356 Οὗτος
3178 5295 3206 5346 δ
3229 5295 3344 5357 υἱός
3375 5312 3469 5348 σου
3492 5298 3524 5349 ὁ
3548 5279 3687 5369 φρά-

2107 5387 2295 5440 νιμος;
2325 5389 2344 5422 )
2397 5371 2579 5426 Ταῦτα
2605 5375 2704 5444 τῆς
2743 5376 3008 5441 συνέσεως
3038 5379 3192 5448 ὑμῶν
3217 5380 3285 5432 τὰ
3314 5380 3476 5450 ἔργα,
3498 5383 3551 5434 οἳ
3587 5385 3687 5435 οὐκ

2108 5460 2412 5532 ἠδυνήθητε
2448 5462 2720 5535 διακρῖναι
2761 5468 2925 5522 πόσον
2956 5469 3072 5522 ἐστὶ
3099 5470 3158 5523 τὸ
3185 5469 3439 5540 διάφορον
3467 5472 3596 5542 ἐμοί
3625 5488 3684 5524 τε

2106 5551 2381 5623 ἀρέσκειν,
2409 5553 2500 5607 καὶ
2529 5555 2632 5608 ὑπὸ
2666 5556 2763 5628 τὴν
2801 5559 3116 5629 ἐπιμέλειαν
3156 5556 3292 5616 εἶναι
3317 5562 3416 5630 τὴν
3448 5562 3619 5631 ἐμὴν,
3651 5562 3684 5629 ἢ
