3828 6216
463 253 573 311 207

1650 253 1995 314 TllEODOlll
2035 252 2512 311 MOPSUESTENI

3601 250 3706 307 208

462 366 660 435 majori
710 371 884 438 pretio
942 371 1237 429 habebatur
1281 355 1523 430 funditus
1580 373 1843 432 destruet.
1897 370 2033 424 Nam

2147 369 2202 439 δὴ
2255 371 2323 424 τὰ
2378 368 2649 442 προσόντα
2693 369 2863 440 αύτῷ,
2898 372 2991 425 καὶ
3033 369 3234 440 πολλῆς
3285 367 3565 439 ἠξιωμένα
3609 368 3705 436 τῆς

461 457 667 524 verbis,
687 476 706 510 ι
733 458 837 515 Ubi
867 462 1000 518 ultio
1029 471 1142 528 tua,
1176 467 1364 520 mors?
1391 465 1478 519 ubi
1504 463 1760 520 stimulus
1789 461 2037 526 tuus,in-

463 541 653 600 ferne?
676 564 695 597 ι
716 547 1096 620 subiungitur:
1115 570 1134 603 ι
1148 550 1438 624 Propterea
1458 550 1918 608 hicinter'fratres
1949 550 2034 604 di-

462 630 630 698 videt,
656 652 676 686 ι
707 642 761 690 et
782 636 1008 706 reliqua;
1024 637 1098 691 ita
1121 645 1301 693 tamen
1327 646 1387 693 ut
1413 639 1733 694 intermedia
1750 640 1859 694 sint
1875 639 2036 694 verba

463 721 554 776 illa
583 744 595 778 :
619 740 639 774 ι
658 724 974 793 Consolatio
989 727 1306 782 abscondita
1329 737 1415 784 est
1436 730 1504 784 ab
1533 731 1709 784 oculis
1739 730 1882 796 tuis;
1909 747 1930 781 ι
1961 729 2038 786 si-

462 813 756 882 gnificante
783 817 1070 886 prepbeta,
1105 826 1423 873 eventurum
1452 819 1584 874 illud
1625 819 1773 889 quod
1809 827 2037 875 eatenus

463 903 685 960 latebat.
727 905 833 961 Sed
883 909 1028 962 enim
1073 919 1360 979 postquam
1395 910 1636 982 ipsorum
1676 913 1731 966 in
1759 913 2036 966 meliorem

463 1003 666 1051 statum
699 997 836 1053 dixit
855 1002 1288 1066 conversionem,
1313 1003 1555 1072 loquitur
1585 1018 1779 1059 rursus
1811 1003 1879 1058 de
1909 1017 2037 1058 mox

463 1096 786 1158 correptum
815 1090 1031 1145 eosdem
1059 1091 1260 1161 poenali
1290 1092 1620 1148 calamitate.

1088 1180 1242 1236 CAP.
1283 1181 1423 1237 XIV.

535 1269 702 1326 Vens.
741 1272 854 1326 {-5.
891 1301 964 1313 —
1007 1289 1026 1324 ι
1080 1271 1424 1329 ῡθεῑτυειιιι-’
1463 1273 1731 1338 Samaria,
1780 1273 2035 1343 quoniam

465 1358 521 1414 in
546 1358 714 1415 Deum
747 1375 905 1416 suum
932 1360 1232 1429 rebellavit.
1258 1360 1453 1416 Gladio
1477 1361 1706 1428 cadent;
1747 1370 1861 1414 tum
1917 1361 2037 1414 illo-

461 1469 583 1508 rum
604 1454 864 1510 lactentes
895 1454 1012 1509 solo
1040 1453 1365 1522 allidentur;
1390 1463 1442 1510 et
1473 1453 1593 1510 fetae
1625 1455 1867 1526 ipsorum
1895 1454 2040 1509 scin-

444 1546 678 1602 dentur.
729 1565 748 1598 ι
802 1545 957 1601 Tunc
998 1559 1147 1616 ergo,
1210 1543 1406 1614 inquit,
1457 1535 1719 1616 priedicta.
1777 1533 2036 1599 beneficia

461 1635 740 1704 insperato
768 1633 1286 1689 conferetDominus
1310 1634 1556 1703 captivis.
1582 1631 1690 1687 Sed
1742 1623 1866 1688 ante
1903 1621 2034 1685 illud

447 1735 682 1797 tempus
697 1726 952 1794 corripiet
972 1740 1065 1780 eos
1085 1723 1310 1779 exitium
1325 1720 1728 1794 gravissimum,
1751 1715 2034 1790 propterea

463 1817 610 1887 quod
633 1817 908 1872 contraria
939 1816 1047 1871 Deo
1071 1815 1298 1870 fecerint
1326 1833 1339 1869 :
1371 1829 1605 1884 namque
1621 1813 2033 1868 acerbissimum

461 1909 815 1978 experientur
869 1909 1090 1972 bellum,
1146 1908 1201 1960 in
1249 1913 1458 1960 tantum
1494 1913 1554 1959 ut
1601 1921 1669 1960 ne
1718 1905 2035 1983 lactentium

455 1999 686 2070 quidem
717 2001 1064 2069 parvulorum
1110 1999 1222 2068 66
1248 1991 1520 2052 miser-turi
1561 1997 1672 2052 sint
1708 1985 2036 2070 hostes,ne_—

467 2107 576 2162 que
603 2092 888 2145 mulierum
911 2089 1282 2161 gravidarum.
1322 2087 1434 2157 Age
1472 2102 1600 2141 vero
1631 2094 1918 2156 postquam
1943 2102 2038 2142 eos

466 2188 852 2236 eventurorum
931 2178 1198 2231 malorum
1229 2176 1748 2230 commemoratione
1797 2175 1930 2229 satis
1969 2175 2034 2228 ad

464 2271 789 2326 modestiam
839 2272 1169 2339 composuit,
1213 2283 1356 2323 nunc
1393 2267 1740 2336 promissioni
1775 2267 2037 2322 insistens

461 2376 627 2432 quam
664 2362 719 2415 in
753 2361 1127 2430 superioribus
1162 2359 1308 2424 fecit,
1347 2358 1693 2426 futuramque
1720 2357 1827 2411 illis
1869 2356 2035 2411 mole-

468 2451 700 2506 stiarum
755 2450 1078 2505 solutionem
1112 2448 1460 2518 portendens,
1485 2448 1561 2502 ait
1593 2465 1650 2500 ει
1687 2446 2034 2507 Convertere.

474 2539 662 2603 Israel,
690 2539 758 2593 ad
793 2537 1077 2593 Dominum
1104 2537 1271 2591 Deum
1311 2546 1484 2601 tuum,
1515 2536 1772 2604 quoniam
1805 2535 2040 2588 inﬁrma-

473 2639 568 2682 tus
609 2644 669 2684 es
709 2630 765 2682 in
819 2628 1200 2698 iniquitatibus
1263 2626 1392 2678 tuis.
1433 2643 1452 2675 ι
1507 2625 1614 2693 Age
1659 2622 1789 2692 iam,
1827 2624 2040 2692 respice

470 2718 634 2772 modo
681 2718 746 2772 ad
783 2716 991 2784 Deum;
1034 2726 1088 2772 et
1146 2717 1472 2771 voluntatem
1496 2714 1622 2781 .ejus
1668 2715 2035 2779 considerans,

459 2810 528 2864 .in
578 2817 834 2877 quantam
888 2808 1100 2862 veneris
1153 2807 1225 2860 ob
1262 2806 1457 2859 delicta
1511 2814 1612 2860 tua
1669 2805 2037 2859 infirmitatem

467 2913 741 2968 cognosce
777 2915 790 2950 :
845 2906 898 2952 et
929 2913 1051 2951 cum
1084 2898 1359 2966 insperato
1387 2896 1816 2950 incumbentium
1861 2894 2038 2948 malo-

2140 461 2380 529 σπουδῆς
2412 462 2634 530 ἀφανιεῖ
2658 461 2908 528 καθάπαξ
2923 477 2937 490 ’
2963 461 3099 531 πρὸς
3119 461 3226 532 γὰρ
3253 461 3336 522 τὸ,
3356 479 3376 510 ι
3399 459 3511 511 Ποῦ
3534 460 3566 528 ή
3589 457 3705 528 δίκη

2138 565 2253 612 σου,
2297 550 2515 616 θάνατε;
2544 551 2647 603 ποῦ
2688 551 2749 603 τὸ
2799 552 3022 621 κέντρον
3059 568 3176 615 σου,
3205 550 3337 621 ᾅδης
3359 568 3379 601 ι
3431 548 3660 618 ἐπῆκται
3690 563 3704 576 ⁸

2143 658 2160 690 ι
2190 641 2332 694 Διότι
2377 633 2531 705 οὗτος
2580 642 2683 694 ἀνά
2728 642 2890 712 μέσον
2928 641 3175 711 ἀδελφῶν
3218 640 3517 703 διαστελεῖ,
3557 657 3576 690 ι
3617 639 3709 690 καὶ

2115 730 2204 805 Δτὰ
2234 729 2357 799 ἑξῆς
2381 749 2392 759 ·
2429 731 2568 784 ὥστε
2599 727 2736 785 εἶναι
2768 731 2857 784 διὰ
2885 732 3074 802 μέσου,
3104 732 3166 784 τὸ
3205 751 3228 782 r
3254 730 3605 800 Παράκλησις
3629 727 3710 780 κέ-

2137 836 2375 890 κρυπται
2423 820 2530 873 ἀπὸ
2572 820 2861 890 ὀφθαλμῶν
2911 835 3024 883 σου,
3057 840 3074 870 ι
3111 820 3415 892 δηλοῦντος,
3442 819 3525 870 ὅτι
3554 816 3713 886 γενή-

2139 928 2288 963 σεται
2312 911 2466 963 τοῦτο
2492 911 2520 962 ὃ
2547 911 2640 963 νῦν
2685 913 2870 974 αὐτοῖς
2896 912 3088 982 ἄδηλόν
3112 914 3228 965 ἐστι
3257 911 3413 973 τέως.
3454 903 3587 962 Εἶτα
3613 907 3712 979 τὴν

2137 1003 2228 1054 ἐπὶ
2248 1002 2309 1054 τὸ
2335 1003 2578 1071 κρεῖττον
2599 1001 2776 1054 αὐτῶν
2806 1003 3110 1073 μεταϐολὴν
3135 1001 3395 1072 εἰρηκὼς,
3432 1000 3582 1069 λέγει
3604 997 3712 1052 πά·

2137 1092 2218 1144 λιν
2246 1091 2341 1163 τὴν
2367 1091 2461 1146 νῦν
2493 1091 2823 1156 καθέξουσαν
2853 1093 3049 1155 αὐτοὺς
3077 1093 3369 1164 τιμωρίαν.

2774 1182 2930 1234 ΚΕΦ.
2976 1182 3073 1236 ΙΔ’.

2208 1273 2351 1342 Στίχ.
2381 1272 2532 1340 α’-γ’,.
2556 1302 2622 1311 —-
2640 1289 2657 1322 ι
2684 1270 3140 1339 ’Δφανισθήσεται
3159 1269 3463 1339 Σαμάρεια,
3481 1270 3565 1322 δτι
3591 1269 3718 1323 ἀντ-

2140 1363 2269 1432 έστη
2313 1363 2448 1433 πρὸς
2494 1362 2582 1414 τὸν
2608 1362 2740 1416 Θεὸν
2782 1361 2980 1432 αὐτῆς·
3025 1363 3082 1413 ἐν
3127 1361 3374 1430 ῥομφαίᾳ
3401 1359 3715 1422 πεσοῦνται,

2139 1455 2231 1506 καὶ
2268 1455 2336 1506 τὰ
2382 1454 2664 1507 ὑποτίτθια
2707 1454 2885 1506 αὐτῶν
2923 1453 3394 1522 ἐδαφισθήσονται,
3445 1452 3541 1504 καὶ
3570 1454 3625 1505 αί
3659 1453 3720 1504 ἐν

2137 1546 2334 1616 γαστρὶ
2364 1545 2539 1598 αὐτῶν
2587 1545 2803 1614 ἔχουσαι
2851 1546 3326 1616 διαρῤαγήσονται.
3359 1562 3376 1596 ι
3431 1543 3566 1595 Τότε
3616 1542 3720 1612 μὲν

2138 1632 2250 1697 οὖν,
2278 1636 2474 1704 φησὶν,
2507 1637 2688 1688 ἐκεῖνα
2729 1635 2955 1706 παρέξει
2989 1635 3138 1704 παρὰ
3173 1638 3354 1688 πᾶσαν
3381 1635 3575 1688 ἐλπίδα
3602 1637 3723 1697 τοῖς

2136 1727 2413 1795 γεγονόσιν
2442 1726 2839 1796 αἰχμαλώτοιςο
2889 1727 2993 1795 πρὸ
3015 1727 3071 1780 δέ
3107 1744 3170 1794 γε
3219 1727 3443 1780 ἐκείνοιν
3478 1727 3725 1797 καταλή-

2134 1817 2293 1886 ψεται
2309 1817 2403 1870 νῦν
2429 1818 2624 1880 αὐτοὺς
2645 1816 2888 1870 ἀπώλεια
2914 1817 3211 1888 βαρυτάτη,
3237 1817 3376 1887 ὑπὲρ
3404 1811 3482 1885 ὧν
3499 1819 3725 1870 ἐναντία

2137 1910 2338 1962 εἴλοντο
2385 1908 2462 1979 τῷ
2498 1906 2644 1979 Θεῷο
2708 1908 2945 1978 πολέμου
2993 1907 3101 1977 γὰρ
3145 1909 3204 1960 ἐν
3241 1908 3408 1978 πείρᾳ
3445 1908 3727 1976 καταστή-

2137 2016 2317 2052 σονται
2345 2000 2692 2067 πικροτάτου,
2717 1997 2792 2061 ὡς
2825 1999 2962 2068 μήτε
2995 1998 3102 2050 τῶν
3132 1997 3213 2049 ἔτι
3243 1998 3726 2068 γαλακτοτρόφου-

2140 2090 2314 2161 μένων
2341 2091 2566 2143 παιδίων
2596 2089 2741 2142 ἔλεον
2780 2085 2920 2142 εἶναι
2951 2089 3249 2158 πολεμίοις,
3296 2089 3434 2158 μήτε
3476 2088 3586 2158 μὴν
3615 2086 3726 2142 τῶν

2139 2181 2412 2250 γυναικῶν
2429 2181 2535 2233 τῶν
2555 2181 2766 2249 ἐγκύων
2781 2196 2793 2209 °
2815 2181 2905 2234 καὶ
2925 2180 3220 2252 ἐπειδήπερ
3236 2180 3432 2242 αὐτοὺς
3444 2182 3510 2250 τῇ
3531 2179 3642 2248 μνη
3653 2193 3725 2250 μη

2147 2273 2258 2325 τῶν
2290 2271 2747 2342 καταληψομένων
2785 2271 2980 2334 αὐτοὺς
3011 2272 3196 2325 κακῶν
3227 2272 3590 2342 ἐσωφρόνισεν
3624 2270 3724 2324 αύο

2137 2362 2374 2432 τάρκως,
2404 2361 2709 2414 ἀκολουθῶν
2736 2364 2803 2430 τῇ
2836 2361 3139 2431 ἐπαγγελίᾳ
3172 2362 3237 2432 ἧν
3275 2361 3334 2413 ἐν
3366 2353 3479 2422 τοῖς
3517 2359 3729 2413 ἀνωτέ-

2143 2468 2255 2520 ροις
2291 2453 2604 2522 ἐποιήσατο,
2649 2451 2724 2522 (p.
2759 2452 2882 2521 100)
2928 2452 3027 2523 τὴν
3059 2451 3324 2521 ἐσομένην
3353 2451 3539 2512 αὐτοῖς
3567 2449 3728 2502 λύσιν

2139 2541 2247 2594 τῶν
2257 2542 2512 2615 λυπηρῶν
2529 2539 2990 2610 μηνύων,ἐπάγει·
3004 2557 3021 2590 t
3045 2537 3463 2609 Ἐπιστράφηθι,
3480 2535 3726 2606 Ἰσραὴλ,

2140 2630 2276 2701 πρὸς
2314 2631 2515 2702 Κύριον
2541 2631 2631 2684 τὸν
2667 2630 2803 2684 Θεόν
2850 2647 2966 2694 σου,
3001 2629 3133 2682 διότι
3165 2629 3473 2698 ἠσθένησας
3513 2629 3573 2680 ἐν
3605 2630 3728 2692 ταῖς

2139 2718 2371 2780 ἀδικίαις
2399 2735 2515 2772 σου.
2555 2735 2574 2770 ι
2633 2713 2794 2769 Ἀλλά
2838 2716 2949 2786 γὰρ
2993 2715 3088 2769 νῦν
3130 2715 3194 2784 δὴ
3229 2713 3419 2768 νεῦσον
3447 2713 3586 2784 πρὸς
3641 2713 3730 2765 τὸν

2139 2810 2292 2874 Θεὸν,
2345 2810 2438 2863 καὶ
2469 2808 2539 2862 τά
2587 2807 2732 2877 αὐτῷ
2763 2805 3023 2860 δοκοῦντα
3052 2805 3539 2875 ἀναλογισάμενος,
3582 2803 3732 2872 ὑπὲρ

2141 2895 2216 2954 ὧν
2244 2901 2485 2970 ὴσέόεις,
2506 2901 2585 2964 είς
2615 2901 2747 2968 ὅσην
2775 2898 3114 2968 κατηνέχθης
3137 2897 3424 2950 ἀσθένειαν
3452 2914 3465 2926 ·
3505 2896 3609 2950 καὶ
3639 2895 3734 2946 λα-

470 3004 592 3045 rum
640 2988 962 3043 solutionem
1005 2988 1084 3042 sis
1127 2996 1340 3051 nactus,
1378 2988 1446 3041 da
1469 3003 1687 3056 operam
1752 2997 1811 3041 ut
1841 2986 2038 3041 debitis

2147 2992 2250 3045 δὼν
2285 2995 2412 3062 παρ’
2442 2991 2630 3044 ἐλπίδα
2681 2991 2788 3042 τῶν
2841 2990 3354 3059 προσπεπτωκότων
3402 2987 3593 3042 κακῶν
3636 2985 3735 3061 τὴν

463 3080 660 3136 ciliciis
697 3082 756 3136 in
811 3089 1087 3150 posterum
1125 3079 1461 3150 defungaris.
1495 3099 1512 3130 ι
1542 3078 1737 3137 Tollite
1757 3077 2037 3132 vobiscum

467 3173 660 3238 verba,
690 3178 744 3226 et
772 3170 1149 3225 convertimini
1169 3169 1235 3222 ad
1268 3169 1555 3222 Dominum
1577 3169 1746 3222 Deum
1772 3175 2036 3223 vestrum.

471 3262 645 3318 Dicite
671 3262 721 3317 ei
760 3279 773 3315 :
814 3261 978 3316 Potes
1029 3276 1190 3314 omne
1245 3261 1461 3315 auferre
1508 3267 1791 3329 peccatum
1817 3254 1839 3320 ;’
1866 3269 1923 3312 ιιι
1965 3257 2040 3311 ita

472 3369 583 3407 non
622 3353 918 3408 assumatis
963 3351 1326 3421 iniquitatem,
1376 3349 1471 3406 sed
1517 3350 1751 3421 capiatis
1809 3349 1968 3404 bona.
2015 3368 2036 3402 ι

473 3442 1005 3513 llosquodammodo
1031 3456 1314 3497 sermones
1343 3441 1483 3496 inter
1518 3456 1614 3495 vos
1644 3446 1832 3494 mutuo
1854 3441 2039 3504 serite,

471 3533 673 3604 quibus
706 3547 896 3587 omnes
930 3545 1028 3602 per
1053 3531 1234 3584 omnia
1265 3530 1332 3584 ad
1373 3529 1538 3584 Deum
1563 3529 1828 3594 tendatis;
1859 3536 2042 3582 certa-

472 3641 580 3696 que
607 3625 710 3680 fide
729 3623 968 3680 credatis
1000 3637 1160 3692 posse
1186 3621 1353 3676 Deum
1386 3629 1567 3676 vestra
1603 3621 1786 3674 omnia
1815 3628 2043 3689 peccata

473 3717 692 3782 delere,
729 3715 776 3772 si
824 3722 973 3770 certe
1013 3729 1109 3769 vos
1150 3713 1477 3783 pmuitentes
1507 3712 1561 3765 in
1595 3711 2043 3780 contingentibus

473 3810 671 3869 viderit
725 3807 1174 3863 calamitatibus:
1214 3814 1379 3874 atque
1423 3806 1536 3874 jam
1574 3805 1722 3858 οιιιιιί
1769 3803 2046 3872 impietate

471 3897 712 3962 omissa,
743 3897 962 3952 uberem
992 3895 1354 3965 impetrabitis
1383 3895 1649 3948 bonorum
1683 3908 1715 3947 a
1741 3892 1851 3947 Deo
1883 3891 2046 3961 largi-

473 3991 700 4044 tionem.
749 3986 1031 4058 Simulque
1054 3987 1286 4040 invicem
1321 3985 1707 4049 exhortemini,
1741 3983 1809 4039 ad
1851 3997 2046 4053 perpes

473 4089 601 4136 tuos
630 4079 708 4133 illi
751 4078 980 4148 hymnos
1023 4087 1077 4132 et
1100 4077 1398 4147 gratiarum
1445 4078 1688 4132 actiones
1723 4076 1794 4131 ob
1823 4090 1886 4131 ea
1923 4083 2046 4144 qum

475 4169 767 4240 possidetis
787 4169 962 4234 bona,
986 4167 1346 4224 attollendos.
2035 4179 2038 4182 ’

2035 4356 2040 4366 ι
2078 4321 2122 4376 D

477 4467 480 4469 Α
542 4417 710 4473 Vens.
742 4415 858 4472 4-8.
883 4447 952 4460 --
983 4433 1011 4466 r
1050 4419 1234 4471 Assur
1270 4428 1392 4470 non
1419 4415 1669 4472 salvabit-
1697 4430 1842 4483 nos;
1877 4430 2044 4487 super

473 4524 646 4581 equos
661 4525 770 4565 non
787 4507 1177 4574 ascendemus;
1211 4507 1353 4560 baud
1377 4506 1515 4559 ultra
1532 4507 1778 4562 dicemus
1809 4506 2042 4575 Opificiis

481 4601 728 4660 nostris:
763 4600 848 4656 Dii
874 4598 1234 4657 nostriestis.
1283 4595 1448 4651 ιΝοιι
1479 4597 1624 4651 enim
1647 4597 1855 4667 Assyrii
1887 4597 2042 4651 dein-
2083 4639 2086 4642 .

475 4710 609 4765 ceps
666 4692 1027 4763 indigebimus
1063 4689 1288 4753 auxilio,
1349 4687 1475 4742 facti
1501 4687 1612 4756 jam
1645 4689 1695 4741 ei
1728 4687 2043 4754 superiores

474 4786 546 4841 ob
590 4784 836 4840 divinum
891 4781 1275 4851 patrocinium.
1305 4777 1491 4848 Neque
1511 4778 1667 4848 equis
1711 4785 1920 4833 utentes
1975 4778 2044 4833 ad

476 4875 659 4945 fugam
705 4872 1105 4943 spectabimus;
1137 4871 1293 4927 adest
1343 4872 1492 4928 enim
1529 4869 1822 4924 auxiliator
1881 4869 2046 4925 Deus.

477 4964 617 5024 Tum
649 4972 704 5018 et
727 4965 796 5019 ab
826 4963 921 5017 illo
968 4977 1154 5016 errore
1203 4963 1391 5032 procul
1433 4970 1617 5032 postea
1665 4962 1894 5024 erimus,
1953 4975 2050 5015 eos

478 5069 617 5126 quos
667 5054 769 5123 ipsi
825 5052 1076 5117 fecimus,
1116 5052 1249 5109 deos
1291 5053 1615 5122 appellandi.
1670 5071 1690 5104 ι
1729 5051 1866 5118 Quia
1907 5051 1963 5106 in
1996 5060 2050 5108 te

434 5133 438 5136 ’
480 5145 831 5208 miserebitur
856 5143 1065 5213 pupilli.
1101 5161 1120 5193 ι
1155 5143 1288 5199 Date
1314 5158 1534 5213 operam
1565 5153 1625 5198 ut
1656 5159 1763 5198 una
1802 5157 1926 5196 cum
1954 5143 2050 5199 be-

481 5235 663 5292 nivolo
683 5235 1006 5302 sinceraque
1032 5248 1158 5304 erga
1179 5233 1342 5289 Deum
1359 5233 1575 5300 affectu,
1597 5235 1870 5304 egentium
1909 5249 2048 5303 quo-

482 5343 592 5398 que
621 5325 1008 5382 misereamini.
1045 5342 1085 5376 ιι
1121 5324 1336 5380 Sanabo
1390 5325 1756 5380 habitationes
1812 5340 2043 5391 eorum;

483 5417 706 5487 diligam
751 5431 847 5473 eos
871 5414 1177 5480 manifeste,
1210 5415 1338 5484 quia
1388 5429 1614 5471 aversus
1645 5417 1754 5486 67
1775 5424 1858 5471 est
1892 5415 2046 5469 furor

483 5521 640 5563 meus
667 5506 734 5562 ab
785 5507 885 5563 eis.
925 5525 944 5559 ι
974 5506 1030 5561 Si
1078 5508 1176 5571 ita,
1229 5507 1427 5577 inquit,
1467 5515 1518 5560 te
1554 5505 1812 5576 gesseris,
1853 5505 2046 5562 audies

486 5596 656 5654 Deum
686 5599 797 5655 haec
815 5598 1212 5670 promittentem
1246 5609 1408 5670 atque
1437 5598 1746 5665 facientem,
1775 5601 1934 5669 teque
1990 5599 2046 5654 in

2141 3084 2316 3147 λύσιν,
2361 3079 2735 3150 ἐπιμελεῖσθαι
2765 3077 2950 3131 λοιπὸν
2987 3077 3252 3141 σπούδαζε
3280 3077 3374 3128 τοῦ
3414 3076 3733 3146 προσήκον-

2142 3191 2251 3238 τος.
2283 3191 2301 3222 ι
2326 3169 2642 3224 Ἀναλάϐετε
2681 3169 2800 3237 μεθ’
2838 3165 3048 3218 ἑαυτῶν
3077 3167 3288 3233 λόγους,
3325 3166 3422 3217 καὶ
3454 3161 3733 3232 ἐπιστρά-

2143 3278 2282 3331 φητε
2332 3259 2466 3330 πρὸς
2503 3257 2706 3328 Κύριον
2755 3258 2846 3310 τὸν
2877 3255 3010 3309 Θεὸν
3055 3256 3210 3326 ὑμῶν
3236 3273 3249 3286 ·
3305 3255 3497 3308 εἴπατε
3552 3251 3732 3320 αὐτῷ,

2141 3354 2374 3405 Δύνασαι
2408 3353 2586 3403 πᾶσαν
2613 3351 2862 3418 ἀφαιρεῖν
2895 3349 3167 3418 ἁμαρτίαν
3189 3365 3202 3377 ·
3229 3348 3377 3409 ὅπως
3410 3345 3488 3415 μὴ
3520 3344 3733 3416 λάὸητε

2145 3441 2378 3503 ἀδικίαν,
2414 3440 2507 3491 καὶ
2543 3438 2628 3491 ἵνα
2670 3437 2871 3506 λάϐητε
2901 3437 3098 3506 ἀγαθά.
3132 3456 3152 3488 ι
3197 3436 3477 3498 Τοιούτοις
3519 3435 3589 3505 δή
3621 3450 3732 3487 τισι

2145 3532 2282 3604 πρὸς
2313 3529 2574 3598 ἀλλήλους
2601 3527 2875 3598 χρήσασθε
2908 3530 3022 3589 τοῖς
3053 3526 3250 3594 λόγοις,
3284 3526 3351 3577 δι’
3395 3518 3470 3576 ῶν
3502 3525 3734 3578 νεύσετε

2147 3622 2248 3691 μὲν
2284 3621 2394 3672 ὅλοι
2423 3618 2490 3670 δι’
2523 3617 2660 3669 ὅλων
2694 3616 2832 3687 πρὸς
2865 3614 2997 3668 Θεόν
3023 3632 3037 3646 ·
3091 3613 3458 3685 ἀναμφίὸολον
3487 3613 3551 3666 δὲ
3579 3613 3734 3677 ἕξετε

2145 3709 2242 3777 τὴν
2286 3707 2488 3771 πίστιν,
2522 3704 2616 3757 τοῦ
2647 3704 2826 3768 πάσας
2851 3705 3104 3776 ἀφαιρεῖν
3137 3703 3290 3772 ύμῶν
3318 3702 3417 3764 τὰς
3445 3703 3741 3773 ἁμαρτίας

2146 3798 2433 3867 αὐτάρκως
2453 3796 2597 3866 ἐχειν
2629 3796 2722 3850 τὸν
2747 3795 2901 3860 Θεὸν,
2929 3796 3086 3864 εἰπερ
3111 3790 3204 3846 οῦν
3241 3794 3384 3863 ὑμᾶς
3422 3809 3568 3862 μετα
3577 3794 3744 3863 μελο-

2147 3889 2346 3959 μένους
2397 3887 2489 3940 ἐπὶ
2521 3889 2632 3950 τοῖς
2667 3885 3056 3954 συμϐαίνουσιν
3105 3884 3201 3938 ίδοι
3253 3887 3474 3947 κακοῖς”
3559 3886 3644 3948 ὡς
3676 3883 3744 3938 ἂν

2151 3977 2347 4048 μηκέτι
2377 3975 2512 4047 πρὸς
2555 3975 2804 4028 ἀσέϐειαν
2847 3973 3112 4035 νεύοντες,
3145 3972 3375 4040 ἄφθονον
3409 3971 3600 4040 ἔχοιτε
3633 3973 3747 4024 τῶν

2149 4069 2368 4140 ἀγαθῶν
2402 4066 2551 4137 παρά
2586 4066 2718 4119 Θεοῦ
2752 4065 2849 4134 τὴν
2877 4063 3137 4134 χορηγίαν
3157 4079 3172 4093 ο
3207 4063 3302 4115 καὶ
3344 4061 3746 4132 προτρέψασθε

2149 4164 2350 4223 πάντες
2379 4157 2634 4228 ἀλλήλους
2663 4157 2927 4226 διηνεκεῖς
2955 4152 3104 4222 αὐτῷ
3127 4153 3253 4214 τοὺς
3282 4152 3488 4221 ὕμνους
3515 4154 3624 4204 καὶ
3644 4152 3747 4214 τὰς

2034 4262 2039 4270 ·
2147 4248 2494 4321 εὐχαριστίας
2531 4246 2668 4314 ὑπὲρ
2709 4243 2818 4296 τῶν
2854 4241 3212 4313 ὑπαρξάντων
3262 4241 3391 4309 ύμῖν
3430 4239 3747 4293 ἀπώιῦναι

2149 4341 2348 4394 καλῶν.

2223 4430 2373 4499 Στξίχ.
2403 4429 2549 4497 δ’-η’.
2582 4456 2652 4474 -.—-
2697 4445 2714 4474 ι
2745 4423 2975 4494 Ἀσσοὸρ
3010 4423 3073 4476 ού
3117 4423 3193 4494 μὴ
3241 4423 3392 4495 σώσῃ
3425 4423 3616 4492 ἡμᾶς,
3665 4420 3752 4489 ἐφ’

2149 4521 2333 4574 ἵππων
2361 4520 2462 4572 οὐκ
2485 4512 2888 4585 ἀναϐησόμεθα,
2917 4513 3098 4566 ούκέτι
3129 4515 3190 4566 οὺ
3222 4515 3297 4582 μὴ
3332 4512 3604 4582 εἴπομεν,
3623 4513 3754 4566 Θεοὶ

2151 4609 2461 4682 ήμῶν,“τοῖς
2479 4608 2659 4680 ἔργοις
2681 4604 2788 4658 τῶν
2824 4593 3022 4674 χειρῶν
3060 4603 3238 4674 ἡμῶν.
3265 4622 3284 4656 ι
3329 4604 3468 4658 Οὔτε
3503 4605 3630 4675 γὰρ
3652 4605 3755 4673 τῆς

2147 4701 2244 4756 τοῦ
2279 4697 2564 4768 ’Λσσυρίου
2598 4689 2778 4749 λοιπὸν
2823 4695 3126 4766 δεησόμεθα
3160 4695 3434 4765 βοηθείας,
3464 4697 3757 4767 ἀνώτεροι

2147 4789 2487 4852 καθεστῶτες
2528 4786 2701 4842 αὑτοῦ
2737 4787 2826 4840 διὰ
2867 4787 2969 4858 τὴν
3013 4786 3168 4841 θείαν
3200 4786 3578 4859 κηδεμονίανο
3624 4787 3757 4841 οὔτε

2148 4883 2336 4944 ἵπποις
2377 4878 2710 4950 χρησάμενοι
2741 4876 3004 4947 νεύσομεν
3057 4875 3193 4946 πρὸς
3237 4867 3453 4947 φυγήν·
3497 4878 3758 4950 πάρεστι

2147 4973 2254 5043 γὰρ
2299 4973 2328 5027 ὁ
2358 4969 2566 5041 βοηθῶν
2593 4968 2757 5031 Θεός·
2804 4964 3090 5041 πόρρωθεν
3137 4967 3197 5020 δὲ
3226 4966 3466 5036 ἐσόμεθα
3520 4971 3633 5023 καὶ
3657 4970 3759 5038 τῆς

2148 5064 2356 5133 πλάνης
2404 5061 2619 5131 ἐκείνης
2659 5060 2864 5124 λοιπὸν,
2921 5058 3065 5112 ὥστε
3099 5057 3172 5112 τὰ
3210 5058 3341 5130 παρ’
3385 5058 3560 5128 ἡμῶν
3599 5060 3759 5128 γινό·

2155 5171 2289 5224 μενα
2321 5153 2476 5216 θεοὺς
2517 5151 2820 5222 ὀνομάζειν.
2879 5167 2900 5202 ί
2931 5151 3055 5204 Ὅτι
3093 5152 3151 5203 ἐν
3182 5151 3266 5203 σοὶ
3311 5150 3540 5220 ἐλεήσει
3577 5152 3760 5221 ὀρφα-

2150 5245 2260 5297 νόν.
2289 5264 2307 5296 ι
2361 5243 2733 5313 Ἐπιμελεῖσθε
2778 5242 2836 5294 δὲ
2867 5241 3005 5312 μετά
3033 5243 3133 5314 τῆς
3169 5243 3250 5305 είς
3277 5240 3413 5294 Θεὸν
3450 5241 3758 5312 εὐγνωμο-

2153 5335 2348 5404 σύνης,
2402 5335 2497 5387 καὶ
2550 5335 2648 5398 τῆς
2705 5335 2785 5397 είς
2842 5334 2968 5397 τοὺς
3017 5333 3306 5403 δεομένους
3361 5334 3756 5402 συμπαθείας.

2155 5441 2174 5472 ι
2215 5421 2457 5489 Ἰάσομαι
2513 5421 2613 5486 τὰς
2655 5420 2935 5481 κατοικίας
2978 5421 3182 5486 αὐτῶν,
3229 5423 3516 5493 ἀγαπήσω
3547 5424 3759 5486 αὐτοὺς

2147 5512 2444 5580 ὁμολόγως.
2483 5512 2565 5565 ὅτι
2611 5511 2953 5582 ἀπέστρεψεν
2981 5514 3013 5583 ἡ
3042 5514 3178 5584 ὀργή
3211 5529 3312 5582 μου
3349 5513 3449 5566 ἀπ’
3484 5514 3705 5566 αὐτῶν.
3734 5531 3754 5563 ι

2153 5602 2216 5655 Εἰ
2245 5603 2352 5672 γὰρ
2401 5601 2466 5673 δὴ
2507 5602 2750 5671 τοιαῦτα,
2779 5603 2933 5673 φησὶ,
2965 5606 3160 5672 ποιεῖς,
3207 5604 3424 5679 ἀκούσῃ
3470 5605 3577 5660 τοῦ
3614 5603 3758 5660 Θεοῦ
