3828 6216
179 402 271 458 9.09
1153 385 1655 445 COMMENTARIU
1666 385 1704 441 S

1849 385 2049 444 0515Ᾱί
2084 387 2236 444 CAP.
2260 386 2397 442 XIV.

3304 350 3412 441 sio

176 515 334 573 ταῦτα
384 510 855 584 ἐπαγγελλομένου
902 525 961 562 τε
999 509 1125 579 περὶ
1168 506 1263 561 σοῦ
1297 510 1388 563 καί
1426 506 1736 571 ποιοῦντος·

1844 499 2125 597 antiquum
2168 527 2536 583 habitaculum
2562 524 2931 580 restituentem
2969 540 3093 580 eum
3139 532 3413 595 potestate

180 612 262 662 καὶ
285 610 363 661 ὅτι
409 604 680 660 ἀποδώσει
728 603 825 674 μέν
872 620 953 667 σοι
981 600 1079 671 τὴν
1126 600 1366 654 παλαιὰν
1393 600 1606 670 οῖκησιν
1644 600 1737 652 ἐπὶ

177 702 263 769 τῆς
283 699 449 768 αὐτῆς
475 697 722 762 ἐξουσίας
746 713 761 728 ⁸
804 695 922 765 ῖσην
955 693 1011 747 δὲ
1042 692 1136 746 καὶ
1160 692 1349 763 ὁμοίαν
1374 691 1500 764 περὶ
1529 691 1737 752 πάντας

180 788 488 853 ἐπιδείξεται
521 789 621 857 τὴν
663 786 914 855 ἀγάπην,
965 783 1059 838 ἆτε
1092 785 1272 837 πᾶσαν
1304 783 1473 853 ὀργὴν
1520 780 1737 850 ἀφελὼν

177 882 262 949 ἀφ’
291 879 463 949 ὑμῶν.
503 879 784 946 unum
814 876 889 939 ὡς
915 876 1101 946 δρόσος
1128 874 1205 943 τῷ
1234 872 1469 944 ἰσραήλο
1500 890 1519 923 ι
1551 869 1737 933 οὕτως
1766 886 1774 891 '

177 969 325 1022 αὐτὸν
356 968 645 1043 ἐκτρέφων
672 970 739 1037 τῇ
786 965 915 1037 παρ’
953 964 1087 1035 ἐμοῦ
1124 964 1435 1034 κηδεμονίᾳ,
1487 960 1671 1032 ὥσπερ
1699 962 1732 1029 ὴ

178 1062 355 1133 δρόσος
378 1059 665 1129 ἐκτρέφειν
695 1057 851 1111 εἴωθε
871 1056 997 1119 τοὺς
1030 1055 1295 1126 καρπούς.
1342 1072 1361 1107 ι
1385 1052 1634 1123 Ἀνθήσει
1660 1052 1737 1115 ὡς

178 1149 368 1216 κρῖνον.
396 1165 415 1198 ι
474 1146 746 1209 Ἐπίδοξος
791 1144 943 1198 ἐσται
983 1145 1134 1214 παρὰ
1180 1146 1336 1198 πᾶσι.
1397 1162 1416 1196 ι
1446 1143 1554 1195 Καὶ
1584 1141 1737 1212 βαλεῖ

127 1225 144 1238 ’
176 1238 263 1300 τὰς
306 1237 460 1307 ῥίζας
507 1236 672 1289 αὑτοῦ
709 1236 785 1298 ὼς
816 1237 843 1287 6
875 1235 1122 1300 Λίϐανος.
1151 1256 1168 1286 ι
1234 1237 1327 1299 Είς
1370 1237 1736 1307 πολυπληθίαν

178 1326 436 1391 ἐπιδώσει,
464 1328 619 1396 δίκην
651 1328 862 1379 ἐκείνου
898 1330 1018 1391 ταῖς
1052 1329 1261 1398 κέδροις
1306 1328 1736 1398 στενοχωρουμέ-

175 1434 278 1471 νου.
306 1436 325 1468 ι
345 1417 706 1487 Πορεύσονται
735 1419 785 1469 οἱ
817 1418 998 1471 κλάδοι
1033 1418 1217 1471 αὐτοῦ.
1242 1420 1354 1487 »(ρ.
1392 1418 1513 1487 illi)
1548 1420 1736 1471 Ἐκτα-

175 1505 415 1575 θήσονται
441 1508 535 1559 ἐπὶ
564 1492 814 1560 πλεῖστον
843 1508 1145 1578 εὐπραγίας
1173 1510 1221 1560 οἱ
1257 1508 1316 1571 ἐξ
1344 1508 1528 1562 αὐτοῦ.
1584 1528 1605 1560 ο
1627 1510 1737 1562 Καὶ

174 1594 313 1648 ἔσται
342 1596 419 1658 ὡς
464 1598 618 1650 ἐλαία
643 1598 1016 1678 κατάκαρπος,
1057 1599 1152 1650 καὶ
1195 1600 1228 1669 ή
1261 1600 1530 1668 ὀσφρασία
1571 1600 1733 1653 αὐτοῦ

172 1687 239 1748 ὠς
278 1688 519 1741 λιϐάνου.
548 1708 575 1765 ι,
604 1690 792 1753 Αὐτός
818 1708 876 1743 τε
904 1692 989 1745 διὰ
1018 1693 1117 1761 τῆς
1145 1692 1284 1762 ἐμῆς
1307 1692 1629 1761 κηδεμονίας
1651 1693 1737 1745 ἀεὶ

173 1776 367 1829 θάλλων
392 1777 547 1830 ἔσται
568 1782 681 1842 τοῖς
706 1783 958 1851 καρποῖς,
988 1783 1081 1835 καὶ
1105 1782 1399 1835 λιϐανωτοῦ
1424 1782 1579 1853 δίκην
1608 1784 1737 1854 ἡδὺς

171 1868 273 1928 τοῖς
302 1866 561 1919 ἀκούουσι
586 1868 655 1921 τά
681 1870 810 1939 περὶ
837 1870 1001 1922 αὐτοῦ
1029 1870 1230 1938 ἀγαθά.
1277 1890 1296 1922 ι
1320 1870 1737 1943 Ἐπιστρέψουσι

171 1957 258 2008 καὶ
275 1958 588 2011 καθιοῦνται
621 1959 726 2012 ὑπὸ
760 1960 858 2031 τὴν
884 1962 1092 2031 σκέπην
1124 1960 1327 2028 αὐτοῦ,
1348 1963 1442 2017 καὶ
1465 1964 1739 2035 ξήσονται,

169 2049 255 2100 καλ⁵
288 2050 745 2120 στηριχθήαονται
795 2054 945 2122 σίτῳ;
981 2072 1000 2105 ι
1058 2053 1473 2120 Ἐπανελθόντες
1503 2056 1739 2111 ἀπολαύὲ

170 2147 312 2185 σουσι
339 2135 447 2189 τῶν
472 2137 709 2201 οίκείων,
745 2140 837 2192 καὶ
864 2140 1178 2210 διαμενοῦσι
1210 2143 1438 2212 ἄφθονον
1467 2146 1579 2200 τῶν
1604 2164 1740 2217 καρ-

168 2221 279 2274 πῶν
310 2225 528 2295 ἔχοντες
555 2231 620 2298 τῇ
662 2230 767 2299 ἐμῇ
800 2231 1090 2302 κηδεμονίᾳ
1126 2233 1224 2305 τὴν
1259 2238 1540 2307 χορηγίαν.
1577 2256 1595 2288 ι
1628 2237 1738 2293 Καῖ

1839 620 2064 685 eadem;
2104 619 2366 687 aequalem
2420 616 2656 686 denique
2688 617 3031 686 similemque
3080 617 3248 686 priori
3282 634 3411 688 erga

1838 718 2027 758 omnes
2069 704 2317 757 ostendet
2377 717 2637 764 amorem,
2696 703 2951 771 quoniam
3000 718 3214 757 omnem
3264 704 3401 759 iram

1836 806 1990 847 suam
2017 792 2218 845 avobis
2251 791 2466 845 avertit.
2509 810 2527 840 ι
2562 790 2665 845 Ero
2696 792 2853 860 quasi
2898 805 2991 847 ros
3012 790 3216 847 lsraeli.
3265 811 3284 845 ι
3319 792 3411 849 Sic

1839 883 1990 937 illum
2018 897 2135 937 mea
2156 897 2285 936 cura
2324 882 2579 947 nutriam,
2608 896 2705 937 ceu
2735 896 2825 937 ros
2856 881 3037 951 fruges
3065 883 3206 937 alere
3235 884 3395 939 solet.

1842 989 1861 1023 ι
1891 970 2167 1025 Florescet
2194 972 2333 1024 sicut
2374 970 2568 1024 lilium.
2612 988 2630 1021 ι
2680 969 2738 1024 ln
2776 970 2983 1026 honore
3032 972 3173 1041 apud
3219 988 3409 1029 omnes

1808 1130 1817 1143 Ἀ
1836 1063 1959 1118 erit.
1995 1081 2013 1113 ι
2046 1062 2218 1117 Mittet
2259 1060 2470 1116 radices
2511 1076 2639 1116 suas
2673 1062 2828 1130 quasi
2860 1060 3118 1117 Libanus.
3158 1078 3179 1113 ι
3212 1062 3410 1116 Excre-

1838 1164 1953 1208 scet
1982 1154 2037 1206 in
2077 1151 2498 1214 multitudinem,
2538 1151 2679 1204 haud
2709 1165 2868 1207 secus
2902 1165 3064 1219 quam
3096 1152 3183 1206 ille
3228 1151 3408 1207 cedris

1838 1246 2118 1300 densatur.
2182 1260 2200 1293 ι
2243 1242 2403 1295 Ibunt
2449 1242 2586 1294 rami
2638 1240 2779 1310 ejus.
2840 1260 2859 1293 ι
2909 1239 3235 1295 Dilatabitur
3284 1256 3407 1311 pro-

1838 1334 2072 1401 speritas
2110 1339 2363 1399 nepotum
2392 1329 2532 1398 ejus.
2575 1347 2593 1379 ‹
2626 1327 2692 1380 Ει
2720 1330 2823 1382 erit
2864 1327 3019 1398 quasi
3062 1328 3181 1382 olea
3216 1327 3411 1383 fructi-

1837 1423 1973 1487 fera,
1990 1433 2044 1476 et
2063 1422 2198 1475 odor
2216 1421 2335 1489 ejus
2356 1422 2509 1490 quasi
2536 1420 2733 1475 thuris.
2750 1420 2897 1489 ilpse
2921 1420 2990 1474 ob
3010 1434 3203 1474 curam
3230 1435 3412 1476 meam

1838 1527 2051 1579 semper
2082 1510 2349 1563 fructibus
2383 1508 2687 1578 pullulabit,
2717 1514 2771 1562 et
2806 1508 2989 1564 thuris
3026 1509 3203 1563 instar
3224 1510 3409 1564 suavis

1836 1602 1942 1655 erit
1972 1600 2316 1655 audientibus
2374 1598 2764 1668 prosperitates
2808 1597 2946 1666 ejus.
2986 1615 3005 1649 ι
3040 1598 3400 1652 Revertentur

1838 1700 2001 1762 atque
2030 1691 2297 1746 sedebunt
2349 1690 2450 1743 sub
2478 1690 2669 1743 umbra
2694 1688 2811 1758 ejus
2841 1705 2870 1753 ;'
2890 1688 3074 1742 vivent
3099 1696 3153 1742 et
3182 1688 3410 1743 robora-

1838 1783 2043 1838 buntur
2061 1783 2261 1836 tritico.
2305 1798 2324 1830 ι
2359 1778 2486 1833 Post
2521 1778 2753 1834 reditum
2787 1778 3039 1833 fruentur
3084 1778 3249 1833 rebus
3270 1778 3409 1843 suis,

1841 1887 1907 1928 ac
1928 1872 2355 1944 perseverabunt
2374 1870 2594 1925 uberem
2634 1870 2895 1925 habentes
2932 1884 2961 1924 a
2984 1884 3101 1926 mea
3128 1869 3415 1939 providen-

1844 1965 1917 2019 tia
1950 1963 2166 2031 frugum
2198 1961 2557 2031 largitionem.
2585 1978 2605 2011 ι
2653 1958 2719 2013 Et
2747 1958 3048 2015 el'florescet
3088 1960 3245 2028 quasi
3282 1959 3410 2014 vitis

1840 2050 2157 2109 inemoriale
2177 2051 2319 2121 ejus,
2349 2058 2402 2106 et
2424 2050 2582 2121 quasi
2608 2051 2795 2105 vinum
2821 2050 3032 2105 Libani.
3075 2069 3095 2103 ι
3129 2049 3215 2103 Ita.
3231 2052 3418 2107 suavis

1839 2145 1945 2201 erit
1974 2150 2027 2198 et
2045 2140 2320 2211 jucundus
2343 2140 2715 2211 spectant-ibus
2738 2155 2838 2195 ceu
2865 2142 2993 2196 vitis
3026 2138 3246 2208 florens,
3272 2149 3327 2197 et
3357 2147 3421 2195 ut

1838 2237 2025 2291 vinum
2046 2232 2191 2303 quod
2220 2232 2277 2287 in
2307 2232 2512 2286 Libano
2535 2240 2719 2287 monte
2760 2233 2906 2302 gigni
2939 2232 3102 2287 solet.

165 2314 438 2387 ἐξανθήσει
466 2318 543 2381 ὡς
562 2320 803 2390 ἄμπελος
836 2324 895 2376 τὺ
921 2330 1258 2395 μνημόσυνον
1278 2329 1460 2382 αὑτοῦ·
1491 2329 1567 2393 ὡς
1590 2328 1732 2395 οἶνος
1759 2328 2015 2384 Λιϐάνου.
2051 2346 2069 2377 ι
2095 2324 2280 2388 Οὕτως
2306 2324 2440 2394 ἡδὺς
2466 2322 2541 2375 ὣν
2562 2322 2654 2376 καὶ
2678 2322 2952 2394 προσηνὴς
2979 2325 3088 2385 τοῖς
3110 2319 3325 2391 ὁρῶσιν,
3342 2321 3416 2378 ὡς

164 2407 397 2477 ἀμπελός
418 2429 483 2464 τε
512 2412 768 2478 ἀνθοῦσα,
797 2416 891 2469 καὶ
914 2413 1053 2480 sive;
1077 2420 1104 2472 6
1127 2420 1267 2473 κατά
1294 2420 1355 2473 τὸ
1387 2420 1512 2492 ὄρος
1538 2423 1634 2477 τοῦ
1664 2424 1899 2479 Λιϐάνου
1931 2418 2213 2489 γίγνεσθαι
2245 2417 2472 2480 εἰωθώς.

180 2584 181 2587 η
211 2501 354 2572 Στίχ,
382 2500 517 2553 θ’-ι’.
545 2516 674 2554 —‘¢
718 2504 807 2575 Τῷ
854 2506 1092 2577 Ἐφραὶμ
1112 2548 1126 2572 ,
1154 2510 1205 2562 τί
1246 2511 1395 2581 αὑτῷ
1423 2512 1501 2567 ἔτι
1535 2516 1628 2567 καὶ
1657 2517 1733 2567 et:

162 2591 375 2660 δώλοιςς
416 2594 562 2663 Ἐγὼ
594 2599 935 2655 ἐταπείνωσα
960 2603 1141 2666 αὑτὸν,
1170 2606 1264 2657 καὶ
1292 2605 1403 2673 ἐγὼ
1424 2608 1735 2678 κατισχύσω

162 2680 335 2735 αὐτόν.
374 2701 392 2732 ι
430 2684 630 2736 Οὐκέτι
659 2686 721 2755 δή
761 2704 839 2740 σοι
874 2691 1154 2744 κοινωνίαν
1186 2693 1436 2763 οὐδεμίαν
1467 2698 1739 2768 προσῆκεν

163 2765 291 2825 εἶναι
324 2773 472 2843 πρὸς
504 2776 572 2828 τά
602 2775 794 2830 εἴδωλα
817 2818 831 2842 ,
867 2782 1053 2852 ἐπειδὴ
1086 2783 1220 2853 μηδὲ
1247 2785 1485 2857 δεηθήσῃ
1514 2765 1565 2841 τι
1599 2765 1735 2842 ἐκεί·

164 2876 294 2913 νων’
335 2862 453 2931 ἐγὼ
501 2860 611 2936 γᾶρ
662 2867 802 2938 ὑπὲρ
849 2866 949 2939 τῆς
997 2874 1126 2942 περὶ
1166 2875 1350 2927 ἐκεῖνα
1400 2877 1637 2947 σπουδῆς
1674 2895 1732 2931 σε

164 2952 489 3007 ταπεινώσει
532 2956 859 3026 περιϐαλὼν,
905 2961 1354 3032 μεταμεληθέντα
1381 2965 1474 3019 ἐπὶ
1502 2968 1599 3036 τῆς
1637 2984 1734 3020 πα·

164 3040 311 3105 λαιᾶς
332 3044 591 3109 ἀνέδειξα
612 3042 991 3118 εὐπραγίαςπ
1016 3051 1101 3113 Ὠς
1127 3051 1393 3122 ἄρκευθος
1422 3056 1735 3119 πυκάζουσα

164 3126 215 3193 ἐξ
239 3130 367 3199 ἐμοῦ
401 3134 431 3184 6
464 3136 679 3204 καρπός
704 3154 797 3189 σου
822 3140 1130 3210 εὑρήσεται.
1167 3161 1185 3191 ›
1235 3143 1453 3214 Ἐπειδὴ
1487 3146 1736 3211 ἀειθαλὲς

165 3220 269 3271 ἐστι
294 3222 353 3275 τὸ
370 3224 598 3294 δένδρον
622 3226 809 3280 τοῦτο·
839 3228 1088 3297 λέγειὸτι
1117 3231 1192 3295 ὡς
1214 3234 1391 3287 ἐκεῖνο
1418 3235 1507 3289 διὰ
1539 3236 1737 3301 παντὸς

164 3307 252 3391 τήν
296 3313 361 3364 ἐκ
394 3314 511 3365 τῶν
545 3314 759 3382 φύλλων
800 3314 911 3388 ἔχει
950 3321 1147 3391 κόμην,
1197 3323 1369 3387 οὕτως
1400 3325 1612 3380 ἔσονται
1645 3329 1739 3381 καὶ

164 3390 296 3483 οὗτοι
355 3398 587 3473 διηνεκῆ
636 3406 743 3457 τῶν
797 3390 1027 3474 ἀγαθῶν
1067 3390 1278 3480 ἔχοντες
1318 3413 1416 3483 τὴν
1459 3416 1737 3483 ἀφθονίαν,

166 3478 234 3577 ὧν
260 3489 449 3555 αὐτοῖς
481 3490 568 3544 διὰ
598 3493 698 3561 τῆς
723 3497 859 3567 ἐμῆς
889 3478 1213 3570 κηδεμονίας
1246 3478 1542 3568 ἀπόλαυσις
1572 3478 1737 3577 προσέ

164 3575 327 3633 ἐσται.
376 3583 475 3650 fp.
514 3582 618 3636 102
658 3584 677 3654 )
733 3586 1065 3653 Ἀκολούθως
1113 3591 1168 3643 δὲ
1208 3594 1340 3646 πᾶσι
1384 3575 1736 3659 τούτοιςήέπ-

165 3662 360 3733 ἢγαγεν
379 3670 409 3719 6
444 3673 756 3742 προφήτης·
794 3694 813 3726 ι
843 3678 951 3739 Τίς
971 3680 1153 3746 σοφὸς,
1176 3684 1269 3734 καὶ
1291 3684 1507 3753 συνήσει
1528 3684 1698 3739 ταῦτα
1721 3704 1735 3753 ;

166 3753 196 3820 ἦ
230 3758 445 3822 συνετὸς
476 3798 496 3822 ,
538 3763 632 3813 καὶ
674 3764 939 3830 γνώσεται
984 3772 1155 3837 animi;
1192 3773 1271 3825 ὅτι
1309 3774 1512 3827 εὐθεῖαι
1546 3778 1601 3829 αἱ
1629 3778 1737 3830 ὁδοὶ

168 3843 252 3895 τοῦ
297 3848 545 3919 Κυρίου,
594 3856 686 3906 καὶ
726 3855 923 3911 δίκαιοι
972 3862 1327 3931 πορεύσονται
1361 3865 1418 3916 ἐν
1460 3867 1669 3929 αὑταῖς.
1711 3886 1731 3917 ι

180 3935 326 3991 Ἀλλά
358 3942 472 4011 γὰρ
506 3942 673 4007 ὅντως
703 3947 765 4000 ἀν
794 3965 877 4010 τις
904 3951 1252 4019 ἀποφαίνοιτο
1278 3955 1437 4022 σοφὸν
1478 3958 1571 4010 καὶ
1614 3975 1736 4011 συν-

169 4026 277 4078 ετὸν
319 4027 461 4084 εἶναι
504 4034 595 4085 τὸν
638 4035 746 4087 τῶν
780 4039 1082 4108 είρημένων
1129 4042 1321 4111 ἔχοντα
1368 4044 1469 4114 τὴν
1512 4046 1733 4113 γνῶσιν,

168 4118 254 4168 καὶ
290 4123 419 4191 περὶ
444 4122 624 4176 ταῦτα
665 4120 1059 4193 ἐσπουδακότα,
1095 4133 1189 4200 ἀφ’
1213 4126 1287 4185 ὧν
1321 4133 1535 4198 ἐξέσται
1565 4155 1738 4207 κεχω-

170 4209 449 4274 ρισμένους
466 4227 533 4262 τε
556 4214 748 4277 αὐτοὺς
779 4216 872 4267 τοῦ
903 4218 1072 4271 κακοῦ
1095 4222 1188 4273 καὶ
1216 4223 1418 4293 σπουδῇ
1458 4226 1739 4292 μετιόντας

166 4296 221 4348 τὸ
254 4300 437 4362 καλδν,
498 4303 555 4354 ἐν
585 4304 871 4377 ἀπαλλαγῇ
910 4310 1008 4377 μὲν
1036 4310 1143 4362 τῶν
1176 4313 1454 4381 χειρόνων,
1498 4316 1555 4367 ἐν
1603 4317 1740 4368 ἀποο

166 4388 341 4478 λαύσει
394 4395 455 4445 δὲ
515 4394 835 4450 καθιστάναι
883 4400 992 4451 τῶν
1041 4404 1400 4471 κρειττόνωνο
1442 4406 1738 4478 ἐπειδήπερ

167 4476 370 4535 ἅπαντα
411 4485 490 4537 τὰ
530 4486 680 4556 παρά
718 4488 812 4541 τοῦ
848 4490 983 4542 Θεοῦ
1022 4492 1391 4562 πραττόμενα,
1444 4476 1737 4566 ὀρθότητος

1900 2512 2069 2567 Vsus.
2123 2510 2372 2566 9-it).—
2414 2509 2774 2579 «prraimo,
2810 2508 2940 2579 quid
2983 2508 3031 2562 ei
3086 2510 3313 2565 ulterius
3363 2518 3421 2564 et

1835 2603 2048 2659 idolis?
2074 2600 2186 2671 Ego
2223 2599 2504 2653 humiliavi
2539 2614 2688 2663 eum,
2717 2606 2771 2653 et
2797 2612 2895 2668 ego
2924 2597 3196 2653 roborabo
3221 2612 3367 2653 eum.
3394 2615 3413 2649 ι

1836 2692 2053 2748 Nullam
2082 2692 2195 2760 jam
2224 2690 2319 2745 tibi
2352 2704 2475 2745 esse
2498 2688 2943 2744 communionem
2975 2702 3097 2743 eum
3131 2689 3291 2744 idolis
3325 2688 3419 2743 de-

1839 2790 1947 2846 cet,
1984 2781 2112 2850 quia
2143 2794 2245 2835 nec
2280 2778 2389 2833 illis
2416 2792 2647 2848 prorsus
2681 2777 2967 2846 indigebis.
3001 2774 3114 2846 Ego
3145 2791 3295 2838 vero,
3326 2776 3417 2845 qui

1835 2872 1906 2926 ob
1935 2871 2151 2925 illorum
2185 2868 2429 2924 studium
2467 2876 2520 2923 te
2553 2869 2987 2927 humiliaveram,
3024 2876 3206 2936 postea
3240 2866 3417 2936 poeni-

1836 2968 2040 3016 tcntem
2064 2960 2235 3016 veteri
2258 2960 2605 3030 prosperitati
2643 2959 2881 3014 restitui.
2908 2977 2926 3009 ι
2953 2957 3416 3027 Sicutjuniperus

1834 3051 2129 3113 Condensa,
2158 3052 2229 3105 ita
2258 3050 2466 3105 fructus
2492 3059 2619 3105 tuus
2651 3065 2717 3104 ex
2748 3065 2834 3104 me
2861 3049 3187 3104 invenietur.
3212 3067 3230 3099 ι
3262 3047 3402 3114 Quia

1839 3141 2157 3195 hmo’arbor
2195 3155 2409 3210 semper
2439 3139 2681 3205 virescit,
2724 3141 2829 3195 ait:
2875 3139 3030 3193 Sicut
3076 3140 3166 3194 illa
3200 3152 3413 3208 semper

1844 3229 2099 3287 foliorum
2140 3246 2292 3285 coma
2327 3230 2648 3296 frondescit,
2683 3232 2761 3285 sic
2789 3238 2843 3285 et
2878 3231 3014 3286 istos
3047 3230 3162 3284 fore
3203 3231 3257 3283 in
3292 3243 3415 3299 per‘

1841 3332 2003 3396 petua
2047 3323 2317 3378 bonorum
2359 3324 2637 3387 ubertate,
2672 3338 2909 3392 quorum
2944 3338 3078 3377 usus
3125 3322 3206 3377 eis
3238 3337 3269 3375 a
3296 3336 3416 3375 mea

1842 3413 2185 3484 providentia
2216 3413 2513 3483 continget.
2546 3413 2924 3467 Conscntanee
2955 3426 3083 3467 vero
3117 3412 3205 3466 his
3239 3413 3416 3466 omni-

1839 3504 1972 3569 bus,
2012 3504 2161 3557 addit
2192 3504 2455 3573 propheta
2485 3519 2499 3555 :
2550 3522 2569 3554 ι
2596 3502 2730 3568 Quis
2776 3504 3023 3573 sapiens,
3053 3511 3111 3557 et
3151 3502 3416 3573 intelliget

1839 3594 1981 3648 ista?
2004 3594 2129 3663 quis
2157 3595 2482 3664 intelligens,
2508 3606 2562 3648 et
2585 3603 2877 3662 cognoscet
2903 3593 3048 3647 haec?
3096 3593 3225 3663 quia
3255 3599 3416 3647 rectae

1837 3687 1939 3739 via:
1961 3685 2383 3755 Domini,68et
2411 3686 2536 3753 iuin
2562 3685 2920 3738 ambulabunt
2948 3687 3001 3739 in
3030 3685 3166 3740 eis»
3202 3683 3417 3754 Reapse

1838 3779 2177 3847 exploratum
2198 3784 2302 3841 est,
2334 3776 2455 3830 illos
2483 3792 2605 3832 esse
2627 3776 2899 3846 sapientes
2928 3785 3088 3846 atque
3107 3776 3415 3846 intelligen-

1838 3876 1941 3933 tes,
1975 3867 2067 3936 qui
2110 3867 2489 3935 praedictarum
2536 3880 2719 3919 rerum
2771 3866 3057 3920 scientiam
3099 3867 3323 3929 habent,
3360 3873 3416 3921 et

1837 3956 2148 4012 earumdem
2174 3954 2353 4009 studio
2381 3940 2660 4018 tenentur;
2692 3969 2921 4022 quarum
2949 3952 3415 4024 praesidio-sejun-

1839 4048 1908 4101 cti
1928 4063 1957 4100 a
1979 4047 2128 4109 vitio,
2149 4054 2201 4099 ct
2219 4044 2433 4098 virtutis
2459 4045 2771 4114 participes,
2790 4046 3061 4100 deteriora
3075 4044 3345 4108 vitabunt,
3362 4048 3418 4096 et

1839 4135 2089 4190 fruentur
2112 4134 2443 4189 melioribus.
2470 4132 2601 4186 Nam
2622 4136 2803 4189 cuncti
2827 4136 3103 4189 Dei‘actus
3137 4132 3416 4189 rectitudi-

1840 4241 1908 4282 ne
1938 4226 2105 4279 multa
2136 4224 2459 4289 redundant,
2484 4240 2589 4293 qua
2613 4225 2879 4295 dirigente
2907 4225 3250 4293 pecatoribus
3275 4238 3407 4293 quo—

1840 4320 1946 4386 que
1963 4331 2176 4386 poenam
2200 4314 2360 4369 infert
2378 4331 2394 4381 ;
2417 4322 2469 4369 et
2492 4325 2675 4384 postea
2694 4317 3035 4385 pmnitcntes,
3059 4314 3270 4369 salvare
3286 4314 3411 4369 scit.

1841 4406 1959 4462 Jam
2000 4420 2128 4460 vero
2157 4406 2335 4474 justos
2374 4406 2496 4459 illos
2525 4421 2645 4461 esse
2674 4417 3006 4475 compertum
3036 4412 3139 4468 est,
3172 4404 3262 4473 qui
3307 4403 3411 4459 hoc

1842 4498 1967 4551 vitae
2007 4510 2202 4565 genere
2249 4504 2407 4556 sunt,
2446 4504 2500 4551 et
2542 4497 2795 4565 utrinque
2835 4495 3015 4563 juvari
3041 4494 3266 4547 sciunt:
3316 4494 3410 4562 qui

167 4569 313 4638 γέμει
351 4574 563 4643 πολλῆς
587 4615 601 4639 ,
636 4577 754 4646 μεθ’
801 4574 870 4648 ἦς
899 4580 993 4632 καὶ
1033 4580 1314 4633 πταίουσιν
1348 4584 1544 4651 ἐπάγει
1573 4600 1736 4654 τιμω-

1844 4586 2203 4639 modestiores
2234 4600 2263 4638 a
2308 4586 2756 4654 castigationibus
2805 4584 2963 4649 farti,
3012 4584 3411 4638 hortamentum

170 4662 311 4729 ρίαν·
360 4667 459 4719 καὶ
499 4670 972 4740 μεταμελομένους
1000 4712 1013 4734 ,
1046 4672 1370 4742 περισώζειν
1411 4676 1697 4729 ἐπίσταται
1720 4692 1734 4706 ο

167 4753 398 4821 δικαίους
428 4776 495 4811 τε
543 4761 900 4829 ἀποφαίνοιτο
932 4762 998 4817 ἄν
1036 4780 1121 4825 τις
1148 4766 1276 4827 τοὺς
1310 4766 1367 4817 ἐν
1396 4766 1606 4829 τούτοις
1650 4767 1739 4820 δν-

168 4862 277 4911 τας,
309 4851 404 4902 καὶ
434 4850 505 4914 ἐξ
544 4853 811 4923 ἐκατέρου
840 4856 1046 4907 τούτων
1086 4855 1412 4923 ὠφελεῖσθαι
1445 4857 1738 4926 ἐπισταμέκ

169 4954 318 4999 νους’
375 4942 474 4993 καὶ
517 4946 992 5015 σωφρονεστέρους
1032 4946 1129 5014 μὲν
1171 4948 1230 4999 ἐν
1276 4950 1395 5009 ταῖς
1448 4946 1737 5016 τιμωρίαις

168 5028 479 5096 γινομένους
503 5071 518 5090 ο
550 5034 631 5094 εἰς
670 5035 983 5104 προτροπὴν
1014 5036 1072 5089 δὲ
1118 5038 1321 5107 ἀρετῆς
1365 5036 1735 5105 λαμϐάνοντας

168 5118 267 5169 τῶν
294 5122 359 5171 ἐκ
383 5122 488 5190 τῆς
521 5126 885 5193 μεταμελείας
919 5128 1361 5196 προσγινομένων
1386 5127 1605 5195 ἀγαθῶν
1637 5127 1737 5196 τὴν

170 5205 496 5264 ἀπόλαυσιν·
542 5214 760 5277 ἀσεϐεῖς
803 5217 846 5268 δ’
876 5216 942 5269 ἂν
988 5218 1318 5286 ἀποφήνοιτο
1363 5218 1505 5270 κατὰ
1558 5219 1736 5271 πάντα

172 5300 255 5350 καὶ
278 5304 548 5357 παντοῖων
570 5307 776 5375 (ἀξίους
797 5307 1001 5373 κακῶν)
1020 5307 1331 5370 ἐκείνους,οἳ
1350 5308 1512 5377 μηδὲν
1532 5308 1736 5377 ἰσχύου-

1839 4676 1942 4731 sibi
1978 4675 2043 4729 ad
2074 4676 2324 4729 virtutem
2353 4675 2620 4744 judicant,
2656 4676 2921 4729 bonorum
2967 4684 3089 4742 post
3137 4673 3410 4742 poeniten-

1836 4769 1967 4822 tiam
2002 4767 2414 4835 impetratorum
2444 4766 2813 4831 usufructum.
2842 4765 3042 4834 lmpios
3072 4775 3250 4820 autem
3286 4780 3412 4820 esse

1834 4865 2049 4913 consmt
2081 4857 2324 4919 omnino,
2352 4864 2406 4911 et
2445 4857 2778 4926 quibuslibet
2813 4856 2971 4910 malis
3016 4854 3209 4924 dignos
3255 4856 3401 4922 illos,

1834 4953 1928 5021 qui
1986 4951 2119 5004 nihil
2168 4950 2362 5003 horum
2408 4961 2739 5016 cognoscere
2778 4946 2979 5007 valent,
3030 4944 3099 4996 ob
3141 4952 3401 4998 constan-

1846 5051 1955 5094 tem
2018 5056 2169 5095 suam
2222 5039 2289 5092 ad
2334 5037 2526 5091 vitium
2576 5034 3012 5096 inclinationem;
3046 5041 3098 5086 et
3126 5044 3410 5103 propterea

1843 5132 2139 5200 quidquam
2183 5131 2467 5184 honestum
2497 5142 2559 5180 ac
2590 5125 2831 5181 debitum
2879 5124 3210 5193 intelligendi
3264 5124 3409 5177 haud

1843 5230 2142 5291 compotes.
2171 5218 2602 5275 Commentarius
2625 5216 2682 5271 in
2710 5214 2904 5271 Oseam
2935 5214 3254 5284 prophetam
3290 5216 3409 5281 (ex-

1841 5309 2034 5380 plicit.)

168 5409 243 5449 σιν
270 5397 502 5463 τούτων,
535 5403 600 5469 τῇ
625 5403 761 5471 πρὸς
803 5403 865 5455 τὸ
892 5405 1070 5473 χεῖρον
1102 5402 1529 5473 προστετηκότες
1570 5402 1730 5473 ῥοπῇ,
1755 5406 1846 5454 καὶ
1878 5403 2114 5457 συνιέναι
2148 5402 2234 5457 διὰ
2267 5400 2421 5453 τοῦτο
2444 5398 2549 5453 τῶν
2571 5397 2797 5452 δεόντων
2828 5394 2979 5450 οὐδὲν
3015 5387 3119 5449 οἶοί
3148 5409 3208 5448 τε
3235 5391 3405 5455 ὄντες.

172 5513 233 5529 -
261 5489 565 5562 Ἑρμηντία
599 5490 756 5561 Ὠσηέ
794 5490 887 5544 τοῦ
920 5491 1217 5561 προφήτου.
