3828 6216
401 323 496 379 211

1595 320 1943 378 TllEODORl
1982 319 2489 377 MOPSUESTENI‘

437 467 3631 506 Μ

1054 629 1613 718 ΕΡΜΗΝΕΙΑ
1676 625 1952 718 ΙΩΗΛ

2079 627 2248 716 ὈΥ
2321 627 2960 718 ΠΡΟΦΗΤΟΥ.

527 1011 1662 1129 COMMENTARIUS
1742 1016 1889 1128 ΙΝ
1984 1010 2521 1128 JOELEM
2609 1003 3513 1120 PROPHETAM.

472 1463 814 1534 Propositum
853 1466 1011 1522 nobis
1044 1476 1129 1525 est
1157 1467 1300 1524 beati
1333 1467 1502 1524 Joelis
1529 1469 1966 1540 explanationem

2140 1474 2214 1541 (p.
2242 1473 2343 1528 105
2388 1473 2406 1538 )
2435 1471 2725 1541 Πρόκειται
2757 1475 2855 1538 μὲν
2877 1467 3010 1536 ἡμῖν
3037 1461 3130 1518 τοῦ
3165 1462 3433 1533 μακαρίου
3478 1455 3637 1530 Ἰωὴλ

400 1570 546 1610 nunc
561 1553 816 1611 exordiri.
833 1556 928 1612 Est
943 1571 1072 1612 vero
1087 1572 1400 1613 sermonum
1420 1559 1540 1627 ejus
1565 1571 1968 1631 argumentum,

401 1656 459 1702 ut
481 1647 805 1716 generaliter
828 1647 1029 1713 dicam,
1062 1648 1202 1704 idem
1232 1651 1376 1719 quod
1413 1651 1655 1705 omnium
1687 1653 1972 1722 propheta-

400 1751 546 1797 rum,
588 1743 848 1790 eventura
883 1739 1080 1807 populo
1115 1739 1406 1809 praedicere
1445 1743 1824 1812 satagentium,
1871 1759 1971 1814 pro

399 1828 598 1883 collata
633 1827 768 1897 ipsis
803 1828 904 1883 hac
937 1829 990 1882 in
1027 1845 1086 1884 re
1117 1830 1292 1885 sancti
1325 1829 1563 1899 Spiritus
1596 1833 1804 1902 gratia:
1841 1849 1974 1903 quo-

401 1931 522 1972 rum
557 1917 938 1986 prophetarum
971 1919 1203 1988 primus,
1220 1918 1674 1988 quemadmodum
1694 1930 1839 1977 retro
1857 1923 1969 1978 aie-

399 2006 547 2068 bam.
591 2008 784 2064 beatus
829 2007 994 2063 David
1033 2009 1183 2073 olim,
1218 2008 1328 2064 imo
1357 2009 1512 2063 valde
1541 2011 1864 2079 antiquitus,
1915 2021 1971 2066 ct

399 2099 574 2156 multo
617 2107 743 2154 ante
771 2115 951 2154 rerum
997 2100 1224 2162 exitum,
1266 2107 1460 2155 cuncta
1507 2103 1706 2170 populo
1736 2102 1972 2159 diversis

401 2189 742 2259 temporibus
785 2198 1046 2246 eventura
1074 2190 1279 2246 edixit:
1317 2194 1462 2260 quod
1507 2192 1646 2247 idem
1681 2208 1711 2250 a
1746 2195 1971 2264 reliquis

397 2281 561 2335 etiam
584 2281 864 2350 prophetis
883 2281 1083 2336 factum
1102 2291 1206 2346 est,
1230 2283 1322 2353 qui
1351 2282 1658 2351 antiquiore
1678 2283 1971 2339 admodum

399 2377 644 2440 tempore
673 2374 742 2426 ab
773 2372 868 2426 illo
905 2373 1071 2438 dicta,
1111 2376 1382 2443 posterius
1421 2373 1778 2439 aﬂirmarunt,
1808 2375 1971 2444 paulo

398 2459 658 2517 nimirum
687 2468 813 2516 ante
847 2461 1085 2530 ipsarum
1114 2477 1296 2516 rerum
1327 2471 1601 2525 eventum,
1643 2471 1701 2515 ut
1729 2462 1890 2516 simul
1916 2469 1971 2517 et

400 2551 469 2609 de
496 2551 771 2621 prmdictis
795 2551 1276 2607 admonelacerent
1299 2566 1511 2616 omnes,
1537 2561 1592 2606 et
1626 2551 1738 2622 69
1772 2567 1834 2607 ea
1856 2551 1969 2621 jam

398 2643 456 2697 in
483 2643 728 2710 proximo
775 2657 897 2698 esse
947 2652 1281 2706 asserentes,
1331 2643 1706 2698 vaticiniorum
1747 2644 1972 2698 demon-

398 2739 638 2791 strarent
680 2732 979 2786 veritatem.
1015 2732 1257 2801 Cumque
1288 2732 1436 2786 varia
1462 2741 1668 2796 essent,
1700 2733 1972 2802 variisque

400 2824 765 2892 ccutingentia
795 2823 1153 2892 temporibus,
1183 2837 1304 2892 qua:
1333 2837 1362 2876 a
1391 2823 1549 2878 beato
1573 2822 1812 2878 diximus
1839 2838 1975 2892 pra:-

399 2909 544 2965 dicta
574 2909 791 2974 Davide,
833 2911 1144 2968 necessario
1175 2925 1613 2981 unumquemque
1655 2911 1972 2981 prophetam

399 3002 717 3072 plerumque
739 3016 801 3056 ea
837 3000 1016 3056 dicere
1057 3009 1300 3077 apparet,
1341 3015 1572 3071 quorum
1621 3002 1724 3056 sibi
1763 3001 1977 3071 propin-

401 3094 560 3164 quior
585 3094 1058 3154 demonstrabatur
1087 3093 1280 3147 exitus.
1313 3090 1721 3149 Connectebant
1768 3101 1973 3156 autem,

401 3195 767 3240 consentanea
809 3183 1043 3254 quadam
1091 3184 1167 3237 rei
1210 3183 1351 3240 serie
1377 3183 1444 3236 ad
1481 3181 1532 3235 id
1561 3181 1800 3244 deducti,
1839 3197 1974 3236 nun-

401 3275 552 3336 nulla
577 3275 738 3330 etiam
769 3273 1022 3343 posthinc
1052 3271 1254 3338 futura,
1284 3271 1378 3328 sed
1409 3272 1522 3328 haec
1565 3272 1682 3341 ipsa
1739 3287 1769 3326 a
1815 3272 1975 3326 beato

401 3365 604 3422 Davide
647 3365 810 3422 dicta.
843 3363 1040 3419 Beatus
1070 3364 1252 3433 itaque
1281 3363 1450 3420 Oseas
1482 3378 1602 3432 quae
1632 3362 1700 3416 ab
1735 3362 1976 3433 Assyriis

401 3473 468 3514 ac
494 3457 804 3527 Babyloniis
819 3462 1076 3510 eventura
1105 3454 1376 3525 posterius
1398 3454 1597 3524 populo
1612 3463 1787 3517 erant,
1813 3453 1974 3520 dicit;

402 3549 695 3607 eineiidare
743 3548 887 3601 hunc
906 3546 1190 3600 connitens
1229 3558 1411 3599 rerum
1437 3543 1651 3597 illarum
1674 3543 1968 3596 mentione.

399 3643 516 3702 Joel
563 3656 691 3696 vero
738 3639 956 3700 easdem
987 3639 1104 3708 ipse
1146 3651 1362 3706 quoque
1411 3650 1500 3690 res
1553 3643 1973 3700 commemorat;

401 3737 602 3805 quippe
625 3748 720 3803 per
749 3732 889 3789 idem
916 3741 1131 3801 tempus
1159 3729 1346 3784 vivens
1369 3741 1477 3797 quo
1505 3724 1696 3787 Oseas,
1727 3731 1888 3793 atque
1920 3725 1976 3779 in

403 3826 591 3882 eodem
627 3834 945 3896 argumento
975 3823 1180 3880 versari
1222 3820 1453 3892 spiritali
1489 3817 1816 3872 revelatione
1853 3830 1978 3885 per-

403 3923 608 3971 motus.
635 3915 797 3972 Addit
823 3915 984 3969 etiam
1011 3927 1132 3982 quae
1158 3919 1280 3981 post
1305 3909 1537 3968 reditum
1564 3906 1838 3978 Babylone
1865 3916 1979 3962 sta-

404 4007 503 4063 tim
521 4003 720 4062 Judaeis
735 4004 1104 4072 contigerunt,
1125 4015 1246 4054 cum
1264 4014 1397 4069 gens
1414 3997 1668 4067 Scythica
1689 3997 1772 4052 eis
1794 4011 1981 4068 super-

2071 1563 2164 1618 τοῦ
2199 1563 2474 1634 προφήτου
2522 1562 2619 1630 τῆς
2645 1557 2942 1628 σαφηνείας
2972 1553 3317 1626 ἀπάρξασθαι
3365 1552 3489 1604 νῦν·
3524 1550 3643 1605 ἐστι

2070 1654 2128 1707 δέ
2156 1653 2410 1715 ὑπόθεσις
2450 1651 2614 1704 αὐτοῦ
2659 1649 2767 1701 τῶν
2794 1648 2991 1715 λόγων,
3019 1637 3213 1706 κοῖνῶς
3245 1643 3440 1705 εἰπεῖν,
3471 1641 3504 1711 ἡ
3547 1641 3644 1693 καὶ

2070 1744 2288 1798 πάντων
2334 1742 2442 1794 τῶν
2476 1741 2795 1811 προφητῶν,
2826 1738 2897 1791 τά
2937 1736 3066 1806 περὶ
3106 1734 3197 1788 τὸν
3229 1733 3357 1785 λαὸν
3403 1730 3644 1800 ἐσόμενα

2073 1832 2298 1905 μηνύειν
2320 1830 2752 1892 ἐσπουδακότων,
2776 1827 2917 1881 κατὰ
2937 1825 3034 1895 τὴν
3065 1822 3428 1892 ἐγγενομένην
3457 1819 3644 1882 αὐτοῖς

2071 1922 2199 1993 περὶ
2226 1921 2384 1975 τοῦτο
2402 1918 2495 1973 τοῦ
2517 1919 2670 1987 ἁγίου
2698 1916 2835 1970 Πνεύ
2845 1933 3011 1986 ματος
3037 1914 3196 1984 χάριν
3223 1929 3235 1941 ·
3271 1905 3346 1965 ὧν
3367 1910 3508 1982 ἀρχὴ
3538 1909 3645 1980 μιν

2069 2014 2281 2082 γέγονε,
2313 2010 2455 2064 καθὰ
2493 2009 2878 2079 καὶπρότερον
2921 2005 3077 2076 ἐφην,
3106 2006 3134 2057 ὁ
3170 2003 3439 2074 μακάριος
3473 2000 3645 2054 Δαυῒδ

2069 2104 2237 2161 πάλαι
2281 2103 2375 2156 καὶ
2404 2100 2677 2172 πρόπαλαι
2705 2101 2800 2151 καὶ
2831 2097 2965 2150 πολὺ
3013 2095 3148 2166 πρὸς
3197 2097 3296 2163 τῆς
3344 2091 3451 2146 τῶν
3489 2109 3641 2163 πρα-

2069 2195 2294 2264 γμάτων
2326 2191 2604 2252 ἐκϐάσεως
2647 2189 2860 2242 ἅπαντα
2889 2186 2959 2240 τὰ
2988 2185 3114 2256 περὶ
3137 2185 3227 2238 τὸν
3255 2183 3378 2236 λαὸν
3407 2183 3646 2253 ἐσόμενα

2070 2284 2210 2338 κατὰ
2236 2282 2528 2353 διαφόρους
2555 2280 2782 2349 καιροὺς
2804 2277 3066 2350 εἰρηκώς·
3098 2276 3160 2328 τὺ
3200 2274 3331 2328 αὐτὸ
3369 2275 3461 2328 καὶ
3487 2273 3646 2342 παρὰ

2069 2373 2176 2426 τῶν
2200 2371 2402 2429 λοιπῶν
2450 2369 2663 2439 ἐγίνετο
2703 2366 2999 2438 προφητῶν
3035 2365 3105 2418 τὰ
3135 2366 3263 2436 παρ’
3298 2364 3506 2416 ἐκείνου
3534 2361 3646 2432 πρὸ

2070 2463 2280 2524 πολλῶν
2316 2461 2549 2534 ρηθέντα
2580 2459 2693 2512 τῶν⁴
2716 2459 2923 2530 χρόνων
2960 2457 3183 2526 ὕστερον
3228 2454 3515 2523 λεγόντων,
3546 2452 3646 2505 καὶ

2069 2555 2206 2626 πρὸς
2233 2535 2371 2622 αὐτῇ
2419 2567 2484 2620 γε
2515 2553 2581 2621 τῇ
2613 2549 2722 2602 τῶν
2753 2547 3093 2619 πραγμάτων
3131 2544 3352 2599 ἐκϐάσει
3403 2541 3599 2612 μικροῦ
3621 2555 3640 2569 ·

2069 2645 2146 2709 ὡς
2179 2647 2244 2698 ἂν
2281 2643 2417 2714 ὁμοῦ
2464 2659 2522 2695 τε
2560 2641 2670 2694 τῶν
2716 2639 3130 2710 προειρημένων
3175 2635 3643 2706 ὑπομιμνήσκοιεν

2074 2737 2341 2797 ἅπαντας,
2393 2733 2487 2786 καὶ
2533 2731 2598 2803 δὴ
2647 2730 2874 2801 πλησίον
2931 2730 3162 2798 ἐσόμενα
3191 2727 3476 2794 λέγοντες,
3528 2722 3644 2775 τῶν

2007 2791 2050 2846 Β
2078 2791 2492 2897 προειρημένων
2532 2791 2784 2892 μηνύοιέν
2816 2820 2915 2895 τὴν
2960 2791 3218 2890 ἀληθειαν
3240 2791 3552 2885 ’-διαφόρων
3581 2814 3646 2866 δὲ

2075 2916 2265 2977 ὄντων,
2290 2915 2387 2967 καὶ
2413 2914 2554 2969 κατὰ
2579 2909 2869 2979 διαφόρους
2898 2924 2960 2960 συ
2970 2905 3219 2977 μϐάντων
3240 2903 3466 2973 καιροὺς
3498 2900 3647 2955 ἐκεί-

2075 3023 2201 3070 νων,
2223 3006 2259 3060 ἃ
2283 3003 2358 3074 τῷ
2390 3002 2647 3075 μακαρίῳ
2676 2998 2910 3071 πρόσθεν
2942 2997 3150 3066 ἔφαμεν
3177 2993 3425 3065 είρῆσθαι
3455 2990 3645 3050 Δαυῒδ,

2073 3095 2389 3163 ἀναγκαίως
2446 3092 2555 3145 τῶν
2614 3089 2909 3162 προφητῶν
2959 3088 3188 3150 ἕκαστος
3243 3084 3384 3140 κατὰ
3430 3082 3527 3151 μὲν
3580 3082 3648 3133 τὸ

2075 3187 2322 3241 πλεῖστον
2368 3186 2548 3239 ἐκεῖνα
2601 3181 2846 3252 φαίνεται
2898 3178 3091 3246 λέγων,
3143 3169 3217 3231 ὧν
3271 3172 3497 3242 ἐγγύθεν
3552 3171 3644 3223 ἐπ’

2074 3276 2248 3339 αὐτῶν
2296 3277 2331 3346 ἡ
2375 3274 2597 3334 ἔκϐασις
2647 3269 2898 3341 ἐδηλοῦτο
2965 3265 3301 3337 πραγμάτων
3354 3263 3445 3333 (p.
3494 3259 3648 3328 ιρι)-

2077 3365 2345 3436 συνῆπτον
2385 3362 2442 3416 δέ
2472 3360 2535 3416 ἐκ
2567 3376 2709 3421 τινος
2736 3355 3058 3417 ἀκολουθίας
3094 3352 3186 3408 ἐπὶ
3219 3350 3375 3403 τοῦτο
3405 3347 3653 3418 προαγόο

2078 3435 2248 3526 μενοι,
2286 3451 2378 3506 καί
2406 3469 2527 3506 τινα
2565 3448 2670 3504 τῶν
2704 3448 2840 3518 μετὰ
2869 3444 3027 3498 τοῦτο
3054 3441 3353 3511 ἐσομένων,
3376 3435 3652 3526 είρημέὶθα

2073 3520 2314 3614 δηλονότι
2345 3541 2439 3594 καὶ
2477 3538 2547 3595 τὰ
2580 3537 2719 3590 αὐτὰ
2763 3533 2842 3605 τῷ
2874 3531 3127 3604 μακαρίῳ
3153 3529 3314 3582 Δαυίδ
3337 3543 3354 3560 ⁸
3381 3528 3410 3579 ὁ
3442 3528 3492 3594 γ’
3532 3520 3636 3577 οῦν

2078 3631 2346 3702 μακάριος
2385 3628 2541 3698 Ὠσηέ
2568 3625 2638 3679 τά
2664 3625 2815 3694 παρά
2848 3639 2908 3674 τε
2941 3621 3048 3680 τῶν
3083 3617 3379 3685 Ἀσσυρίων
3411 3615 3506 3669 καὶ
3540 3614 3656 3667 Βα-

2075 3721 2349 3775 ϐυλωνίων
2375 3718 2599 3787 ὕστερον
2634 3716 2762 3785 περὶ
2789 3713 2880 3766 τὸν
2905 3712 3032 3767 λαὸν
3056 3710 3288 3779 ἐσόμενα
3326 3707 3492 3775 λέγει,
3538 3722 3653 3757 σω-

2078 3809 2350 3882 φρονίζειν
2379 3809 2575 3870 αὐτοὺς
2621 3809 2688 3876 τῇ
2725 3805 2918 3874 μνήμῃ
2966 3799 3304 3872 πειρώμενος
3331 3797 3584 3851 ἐκείνων·
3620 3795 3656 3848 ὁ

2074 3902 2132 3954 δὲ
2164 3899 2317 3971 Ἰωὴλ
2351 3899 2622 3967 μέμνηται
2659 3895 2757 3965 μὲν
2805 3893 2900 3946 καὶ
2943 3890 3105 3953 αὐτὸς
3145 3889 3254 3941 τῶν
3297 3886 3472 3945 αὐτῶν
3497 3924 3516 3951 ,
3545 3886 3650 3940 an
3679 3906 3711 3971 ς

2077 3991 2170 4046 καὶ
2197 3963 2464 4044 κατά-τόν
2498 3963 2671 4040 αὺτδνή
2696 3984 2885 4055 καιρὸν
2929 3981 3006 4052 τῷ
3047 3979 3204 4049 Ὠσηὲ
3246 3975 3515 4046 γεγονὼς,
3551 3963 3708 4038 xui:

405 4093 573 4155 venit,
601 4090 758 4160 cujus
787 4059 918 4144 du;
938 4059 1053 4157 Gog
1092 4059 1235 4151 erat,
1265 4059 1579 4154 omnesque
1614 4059 1975 4140 funditus'exo

2080 4082 2208 4154 περὶ
2249 4079 2359 4132 τῶν
2402 4077 2582 4131 αὐτῶν
2628 4076 2801 4128 εἰπεῖν
2850 4073 2992 4126 κατὰ
3031 4072 3129 4140 τὴν
3173 4065 3513 4134 ἀποκάλυψιν
3543 4065 3655 4135 τὴν

2397 4168 2408 4181 ι
2494 4170 2506 4181 ι
2851 4164 2862 4181 Ι
2945 4180 2954 4181 κ
2980 4179 2990 4181 _
3031 4179 3064 4181 _
3110 4159 3284 4181 ___!l\_.
3301 4175 3345 4181 _-
3377 4158 3426 4181 9!.
3457 4155 3549 4181 -.-ἱ
3578 4157 3657 4181 ,λ-
3686 4167 3703 4181 ι

407 4155 684 4252 stinguere
715 4179 946 4236 volebat.
963 4155 1305 4247 Caeteroquin
1335 4175 1528 4242 Judaei,
1553 4174 1663 4233 Deo
1692 4176 1972 4245 suppetias

2080 4168 2455 4242 πνευματικὴν
2490 4164 2957 4236 ἐπιτετραμμένος
2979 4179 2994 4193 ο
3025 4159 3348 4234 προστίθησι
3373 4158 3431 4210 δέ
3457 4155 3556 4213 καὶ
3578 4157 3660 4208 τά

408 4271 640 4346 ferente,
688 4273 922 4328 victores
944 4271 1300 4326 exstiterunt:
1328 4281 1436 4338 qua
1463 4267 1529 4322 de
1552 4282 1611 4322 re
1634 4267 1826 4322 beatus
1847 4281 1976 4337 quo-

409 4380 516 4434 que
545 4363 713 4418 David
744 4363 798 4421 in
832 4361 1063 4417 Psalmis
1093 4360 1257 4414 verba
1285 4357 1427 4413 fecit.

2085 4261 2224 4334 μετὰ
2244 4259 2342 4332 τὴν
2372 4257 2480 4311 ἀπὸ
2509 4254 2824 4316 Βαϐυλῶνος
2859 4249 3116 4305 ἐπάνοδον
3142 4248 3304 4310 εὐθὺς
3342 4246 3526 4307 αὐτοῖς
3554 4261 3660 4312 γεη-
3685 4245 3694 4282 i

2083 4352 2312 4422 γονόταο
2355 4347 2592 4419 ὁπηνίκα
2622 4342 2884 4402 Σκυθικὸν
2915 4341 3012 4412 μὲν
3054 4338 3416 4422 ἔθνος-αὐτοῖς
3444 4335 3624 4406 ἐπελή
3643 4363 3656 4374 -

408 4418 584 4521 λυθεν,
609 4418 778 4525 οὗπερ
804 4451 896 4507 οὖν
925 4453 975 4506 οἱ
1011 4452 1137 4522 περὶ
1165 4451 1255 4504 τὸν
1285 4449 1405 4517 Γὼγ
1429 4446 1675 4519 ἐξῆρχον,
1706 4446 1874 4518 ἄρδην
1901 4418 2145 4508 ἅπαντας
2177 4418 2814 4508 ἁπολέσαιίβουλόμενον-
2851 4433 3107 4503 ὤφθησαν
3134 4418 3276 4489 δέὀί
3308 4427 3551 4486 Ἰουδαῖοι
3585 4430 3659 4500 τῇ

408 4551 530 4622 θείᾳ
559 4548 838 4622 συμμαχίᾳ
867 4547 1146 4618 κρείττους
1167 4544 1389 4598 ἐκείνων
1411 4559 1426 4574 ο
1455 4543 1664 4613 εἴρηται
1688 4541 1744 4594 δὲ
1778 4541 1872 4593 καὶ
1904 4540 2031 4610 περὶ
2061 4538 2266 4592 τούτων
2297 4534 2374 4606 τῷ
2411 4533 2662 4608 μακαρίῳ
2683 4529 2842 4587 Δαυῒδ
2878 4531 2935 4582 ἐν
2962 4525 3229 4594 Ψαλμοῖς.

1078 4661 1230 4716 CAP.
1269 4660 1310 4715 1.

313 4803 321 4840 ς
481 4774 649 4831 Vsus.
688 4774 807 4828 1-5.
839 4803 903 4817 —-
933 4791 950 4823 ι
981 4769 1215 4825 Verbum
1242 4767 1476 4831 Domini,
1503 4766 1648 4837 quod
1676 4766 1874 4820 factum
1899 4769 1983 4819 est

411 4863 481 4920 ad
501 4862 704 4918 Joelem
737 4859 1012 4914 Bathuelis
1032 4859 1220 4911 tilium.
1249 4874 1268 4907 ι
1307 4855 1405 4910 Hic
1436 4855 1639 4925 pariter
1657 4855 1846 4909 titulus
1863 4853 1984 4922 qui-

412 4955 540 5009 dam
572 4961 678 5016 est,
727 4965 881 5019 aeque
914 4963 979 5002 ac
1012 4949 1152 5017 apud
1184 4947 1403 5008 Oscam,
1437 4946 1824 5000 demonstrans
1859 4960 1984 5013 pro-

2724 4645 2875 4699 ΚΕΦ.
2919 4644 2994 4695 A’.

2154 4762 2301 4833 Στίχ.
2346 4759 2490 4827 α’·γ’.
2519 4785 2588 4798 --
2619 4775 2637 4808 ι
2681 4754 2852 4821 Λόγος
2882 4751 3118 4822 Κυρίου,
3148 4749 3206 4812 ὃς
3250 4745 3482 4816 ἐγενήθη
3515 4745 3664 4815 πρὸς

2095 4855 2250 4926 Ίωὴλ
2288 4853 2378 4905 τὸν
2403 4850 2494 4903 τοῦ
2533 4845 2796 4916 Βαθουήλ.
2855 4864 2874 4896 ι
2931 4841 3228 4912 Προγραφή
3262 4838 3346 4900 τίς
3384 4839 3502 4890 ἐστι
3559 4837 3667 4889 καὶ

2085 4945 2224 5015 αὕτη
2258 4939 2651 5012 παραπλησίως
2678 4935 2755 5006 τῷ
2787 4933 2965 5004 Ὠσηὲ,
2997 4930 3228 5001 δηλοῦσα
3261 4930 3344 4981 ὅτι
3365 4926 3425 4989 ἐξ
3447 4927 3670 4978 ἀποκα-

414 5045 633 5118 phetam
665 5014 743 5094 ex
789 5014 1119 5094 revelatione
1159 5037 1261 5105 ipsi
1299 5037 1482 5090 oblata
1517 5035 1780 5089 divinitus
1829 5049 1975 5087 com-

2089 5014 2297 5102 λύψεώς
2333 5045 2474 5090 τινος
2507 5024 2855 5094 ἐγγεγονυίας
2882 5019 3031 5090 αὐτῷ
3055 5058 3069 5083 ,
3101 5016 3306 5070 θειόθεν
3337 5014 3668 5083 κινούμενος

415 5141 646 5197 motum,
681 5145 800 5199 quae
829 5137 1131 5196 sequuntur
1157 5127 1339 5180 dicere
1370 5125 1436 5178 ad
1472 5125 1653 5194 populi
1693 5125 1982 5178 utilitatem

418 5223 645 5276 directa.
682 5238 701 5270 ι
727 5218 923 5272 Audite
952 5217 1075 5280 hoc,
1111 5230 1290 5277 senes,
1328 5225 1382 5270 et
1425 5217 1650 5269 auribus
1699 5214 1982 5284 percipite,

417 5324 608 5366 onmes
635 5308 966 5361 habitatores
993 5315 1171 5366 terrae,
1207 5305 1252 5358 si
1297 5304 1439 5358 facta
1475 5313 1602 5357 sunt
1627 5304 1754 5357 talia
1782 5303 1837 5356 in
1871 5303 1978 5356 dies

419 5402 523 5456 bus
553 5399 772 5453 vestris.
811 5396 1018 5461 tQuasi
1062 5395 1129 5450 ad
1169 5394 1314 5450 dicta
1369 5392 1635 5446 audienda
1682 5393 1981 5460 segniores.

418 5491 660 5548 excitare
705 5489 1074 5559 praedictionis
1108 5496 1315 5542 terrore
1340 5493 1785 5552 conatur;quare
1809 5491 1862 5536 et
1891 5483 1986 5536 ini-

422 5587 562 5647 tium
595 5585 878 5640 verborum
919 5598 1140 5640 suorum
1180 5582 1326 5649 capit
1373 5594 1400 5630 ιι
1449 5579 1630 5633 minis.
1675 5575 1756 5628 Ad
1798 5588 1988 5626 omnes

425 5685 596 5744 certe,
628 5677 821 5753 inquit,
855 5683 1014 5732 teme
1063 5675 1268 5736 incolas
1329 5669 1734 5746 praedicationis
1782 5679 1990 5721 sermo-

2091 5125 2239 5193 λέγει
2266 5121 2334 5174 τά
2378 5119 2502 5190 ἑξῆς
2527 5157 2540 5180 ,
2586 5117 2666 5178 είς
2697 5113 2961 5181 ὠφέλειαν
2994 5108 3332 5162 συντείνοντα
3372 5105 3464 5158 τοῦ
3495 5104 3663 5193 λαοῦ.

2094 5232 2111 5267 ι
2165 5189 2458 5266 ίΑκούσατε
2492 5207 2658 5261 ταῦτα
2699 5205 2748 5258 οί
2793 5189 3666 5272 πρεσϐύτεροι,καὶένωτίσασθε,

2092 5307 2288 5366 πάντες
2325 5304 2374 5356 οί
2409 5297 2786 5357 κατοικοῦντες
2830 5293 2928 5363 τὴν
2966 5290 3092 5360 γῆν,
3127 5291 3176 5340 εἰ
3206 5287 3398 5354 γέγονε
3428 5282 3670 5336 τοιαῦτα

2089 5396 2147 5450 ἐν
2172 5396 2286 5456 ταῖς
2317 5391 2550 5462 ἡμέραις
2571 5386 2744 5458 ὑμῶν.
2785 5403 2803 5435 ι
2849 5385 2936 5446 Ὡς
2957 5382 3023 5436 ἂν
3054 5378 3420 5450 ῥᾳθυμότερον
3453 5373 3674 5427 διακει-

2095 5484 2284 5554 μένους
2302 5480 2428 5548 περὶ
2452 5478 2518 5531 τὰ
2544 5475 2827 5544 λεγόμενα,
2847 5473 2922 5541 (p.
2961 5471 3079 5540 105)
3097 5467 3378 5535 διεγείρειν
3407 5463 3482 5532 τῷ
3506 5462 3674 5554 φόϐῳ

2090 5553 2197 5626 τῶν
2231 5569 2578 5643 μηνυομένων
2599 5567 2874 5636 πειρᾶται,
2905 5562 3045 5614 ὥστε
3075 5561 3169 5614 καὶ
3195 5557 3478 5628 προοίμιον
3505 5553 3673 5622 αὐτῷ

2092 5665 2200 5718 τῶν
2247 5663 2420 5732 λόγων
2462 5656 2596 5712 εἶναι
2640 5659 2735 5728 τὴν
2776 5655 3000 5724 ἀπειλήν
3025 5670 3038 5683 ο
3089 5651 3219 5720 πρός
3256 5650 3498 5710 ἅπαντας
3546 5643 3622 5712 δὴ
3647 5678 3670 5712 ,
