3824 6224
202 346 319 401 215

1239 348 1788 411 COMMENTARIUS
1819 354 1887 411 IN
1922 357 2148 413 JOELIS
2186 358 2337 413 CAP.
2376 359 2413 412 l.

3358 354 3463 411 214

201 462 390 532 φησὶ,
443 463 568 525 τοὺς
625 464 722 532 τὴν
779 461 885 533 γῆν
949 463 1235 525 οἰκοῦντας
1290 466 1389 534 τῆς
1443 468 1779 536 ἐπαγγελίας

1888 486 2004 526 nem
2052 473 2301 537 instituo,
2337 473 2390 525 in
2420 471 2610 541 primis
2639 484 2769 525 vero
2809 470 2917 540 70
2955 468 3017 522 ad
3066 468 3333 536 seniores,
3365 470 3461 539 qui

202 553 469 622 ποιοῦμαι
504 554 591 606 τὸν
640 554 796 622 λόγον
817 573 830 586 ·
882 555 979 608 καὶ
1023 556 1130 626 πρό
1174 572 1239 623 γε
1272 556 1381 608 τῶν
1422 557 1597 611 ἄλλων
1646 560 1782 630 πρὸς

203 646 341 708 τοῖος
369 647 426 697 ὲν
451 644 578 714 ὑμῖν
610 646 1039 718 πρεσϐυτέρους,
1070 648 1163 699 καί
1194 664 1246 699 τι
1279 648 1375 700 καὶ
1401 648 1561 702 πλέον
1585 650 1782 703 εἰδέναι

199 734 296 791 διὰ
334 736 423 788 τὸν
460 736 668 805 μακρὸν
700 736 1015 804 ὀφείλοντας
1057 738 1269 807 χρόνον,
1305 738 1353 790 εἰ
1388 738 1444 790 δέ
1480 755 1533 790 τι
1578 739 1785 793 τοιοῦτο

202 826 455 893 γεγονὸς,
488 827 521 896 ἢ
550 826 694 879 κατά
714 827 804 880 τὸν
833 827 1095 897 ὑμέτερον
1121 827 1382 899 καιρὸν,ἢ
1406 828 1544 881 κατὰ
1566 829 1656 882 τὸν
1675 829 1784 883 τῶν

205 916 491 986 ὑμετέρων
533 917 779 987 πατέρων
820 916 1112 970 ἐπίστασθε
1138 958 1153 982 ,
1197 920 1354 971 ὁποῖα
1393 918 1457 988 δὴ
1499 918 1594 972 νῦν
1642 920 1772 989 ὑμῖν

206 1006 424 1059 ἐποίσει
450 1004 602 1071 Θεὸς,
635 1007 727 1059 ἐπὶ
770 1006 965 1077 μακρῷ
999 1006 1101 1077 μὲν
1128 1006 1281 1077 ὑμῶν
1319 1008 1683 1078 ἀνασχόμενος
1708 1009 1785 1077 τῷ

205 1096 392 1164 χρόνῳ
417 1136 432 1160 ,
473 1097 799 1165 ἀνεχόμενος
831 1098 888 1150 δὲ
930 1098 1147 1169 μηκέτι,
1188 1100 1311 1151 ἐπεὶ
1347 1100 1514 1169 μηδὲν
1545 1101 1688 1169 ὑμᾶς
1723 1102 1787 1151 ὲκ

204 1186 314 1253 τῆς
342 1187 693 1252 ἀνεξικακίας
720 1188 1127 1258 ὠφελουμένους
1170 1189 1302 1260 ὁρᾷ,
1337 1190 1645 1243 τούναντίον
1686 1188 1786 1258 μὲν

205 1275 309 1332 οὖν
331 1280 425 1331 καὶ
450 1280 854 1349 προκόπτοντας
871 1282 962 1333 ἐπὶ
977 1280 1037 1332 τὸ
1058 1281 1255 1350 χεῖρον.
1278 1299 1297 1328 ι
1323 1280 1456 1350 Περὶ
1480 1281 1657 1333 αὐτῶν
1674 1282 1785 1341 τοῖς

207 1369 429 1431 τέκνοις
463 1369 618 1437 ὑμῶν
647 1368 1000 1439 διηγήσασθε,
1046 1371 1138 1422 καὶ
1183 1369 1251 1422 τὰ
1291 1369 1457 1422 τέκνα
1485 1369 1641 1439 ὑμῶν
1672 1370 1785 1431 τοῖς

203 1459 426 1522 τέκνοις
446 1458 645 1523 αὐτῶν,
662 1460 754 1513 καὶ
764 1458 832 1511 τά
852 1459 1016 1511 τέκνα
1028 1458 1204 1512 αὐτῶν
1225 1462 1305 1522 είς
1323 1459 1515 1527 γενεὰν
1536 1458 1747 1526 ἑτέραν.
1762 1477 1779 1508 ι

206 1548 435 1602 Τοιοῦτο
467 1550 577 1619 γὰρ
608 1548 672 1619 δὴ
702 1547 811 1600 τῶν
849 1547 942 1600 νῦν
970 1548 1412 1619 ὲπελευσομένων
1440 1549 1568 1616 ὑμῖν
1596 1549 1658 1601 τὸ
1689 1548 1783 1617 μὲ-

205 1639 373 1704 γεθος
403 1640 611 1702 κακῶν,
645 1639 785 1692 ὥστε
812 1639 921 1691 δεῖν
948 1638 1092 1707 ὑμᾶς
1126 1639 1216 1691 διὰ
1246 1640 1355 1691 τῶν
1383 1638 1643 1708 διαδόχων
1675 1637 1782 1691 τῶν

1882 562 2034 632 plura
2074 565 2216 618 scire
2262 565 2332 617 ob
2376 577 2531 617 suam
2573 561 2971 631 longazvitatem
3018 559 3245 621 debent,
3292 574 3459 629 rogo,

1883 653 2127 721 inquam,
2159 668 2227 706 an
2255 667 2353 721 par
2383 651 2591 720 aliquid
2631 652 2715 704 vel
2740 657 2897 704 aetate
2926 657 3101 703 vestra
3133 648 3219 701 vei
3246 659 3460 718 patrum

1880 752 2187 796 vestrorum
2218 742 2512 811 contigisse
2538 741 2749 806 sciatis,
2779 739 2937 809 quale
2964 754 3110 792 nunc
3135 739 3291 793 vobis
3314 737 3461 793 Deus

1885 831 2129 886 facturus
2143 841 2246 891 est,
2271 833 2363 901 qui
2384 833 2544 901 longo
2568 831 2783 900 quidem
2806 838 3049 899 tempore
3067 843 3163 883 vos
3175 828 3460 891 sustinuit»,

1883 922 1977 975 sed
2004 920 2117 989 jam
2148 922 2354 975 diutius
2386 936 2494 975 non
2526 920 2802 984 tolerabit,
2844 922 2972 990 quia
3000 919 3170 973 nihilo
3211 933 3310 973 vos
3344 932 3455 972 me-

1879 1008 2045 1064 liores
2068 1012 2137 1065 ob
2166 1012 2481 1080 patientiam
2510 1026 2667 1067 suam
2691 1010 2912 1065 eﬁ‘ectos
2935 1008 3100 1070 videt,
3126 1010 3233 1061 imo
3262 1015 3462 1061 contra

1879 1098 1932 1151 in
1956 1098 2198 1154 deterius
2229 1101 2392 1155 etiam
2426 1110 2649 1155 ruentes
2677 1140 2689 1154 .
2732 1119 2751 1151 ι
2779 1099 2957 1169 Super
2984 1098 3086 1152 hoc
3112 1097 3240 1151 ﬁliis
3260 1097 3463 1152 vestris

1880 1196 2123 1252 narrate,
2142 1196 2195 1241 et
2219 1190 2311 1243 ﬁlii
2334 1192 2503 1245 vestri
2527 1190 2653 1244 ﬁliis
2679 1190 2813 1254 suis,
2832 1197 2887 1243 et
2903 1187 2996 1241 lilii
3020 1202 3208 1242 eorum
3236 1199 3463 1254 genera»

1881 1278 2012 1331 tioni
2053 1280 2231 1334 alteri.
2261 1300 2278 1331 ι
2327 1280 2503 1335 Tanta
2546 1282 2692 1336 enim
2748 1289 2834 1335 est
2876 1286 3261 1334 eventurorum
3313 1290 3465 1330 nunc

1882 1368 2040 1423 vobis
2073 1372 2339 1425 malorum
2371 1372 2713 1442 magnitudo,
2747 1377 2807 1424 ut
2826 1383 2923 1423 vos
2945 1374 3195 1438 oporteat
3217 1382 3313 1437 per
3336 1381 3463 1420 suc-

1884 1472 2134 1515 cessores
2162 1471 2373 1517 vestros
2406 1464 2472 1517 ad
2504 1472 2755 1533 posteros
2782 1460 3029 1513 notitiam
3061 1457 3451 1521 transmittere,

1888 1562 1996 1616 quo
2023 1565 2203 1603 rerum
2227 1562 2501 1619 gestarum
2528 1553 2747 1606 novitas
2778 1549 2901 1603 illos
2917 1562 3135 1617 quoque
3164 1546 3465 1601 modestio-

1887 1653 1975 1692 res
2007 1641 2180 1707 possit
2207 1642 2435 1697 edicere.

204 1734 429 1785 οἰκείων
461 1734 540 1796 είς
568 1733 693 1795 τοὺς
747 1732 1036 1801 μετέπειτα
1087 1732 1452 1804 παραπέμψαι
1492 1733 1587 1803 τὴν
1614 1731 1833 1800 γνῶσιν,
1875 1730 1940 1784 ἵν’
1963 1735 1998 1804 ἡ
2025 1735 2132 1789 τῶν
2181 1738 2520 1807 πραγμάτων
2553 1735 2803 1805 καινότης
2840 1737 2908 1805 τῇ
2937 1734 3075 1805 ἀκοῇ
3114 1730 3464 1803 σωφρονίζειν

203 1822 427 1876 δύναιτο
457 1822 757 1885 κάκείνους.

282 1912 429 1981 Στίχ.
464 1913 601 1965 δ’-ε’.
646 1942 704 1954 -
743 1930 759 1961 ι
799 1912 880 1965 Τά
914 1911 1212 1964 κατᾶλοιπα
1254 1910 1353 1979 τῆς
1390 1911 1617 1979 κὰμπης
1657 1925 1786 1961 κατ-

1961 1906 2128 1963 Vens.
2170 1910 2289 1964 4-5.
2321 1941 2389 1950 -
2433 1928 2451 1959 ι
2475 1908 2709 1964 Residua
2742 1926 2920 1966 eruere
2947 1912 3184 1967 comedit
3220 1912 3463 1976 locusta,

206 2002 422 2069 ἐφαγεν
445 2004 477 2073 ἠ
516 2004 680 2073 ἀκρίς
698 2019 714 2035 ·
746 2004 839 2055 καὶ
865 2002 933 2055 τὰ
959 2002 1260 2055 κατάλοιπα
1281 2002 1379 2070 τῆς
1406 2001 1625 2070 ἀκρίδος
1657 2017 1788 2051 κατ-

207 2092 419 2162 έφαγεν
458 2095 485 2145 ὁ
520 2093 781 2163 βροῦχος·
842 2096 936 2146 καὶ
964 2093 1032 2146 τά
1077 2093 1380 2146 κατάλοιπα
1427 2090 1521 2146 τοῦ
1557 2092 1784 2161 βρούχου

206 2186 523 2251 κατέφαγεν
557 2186 591 2253 ὴ
626 2183 875 2253 ὲρυσίὸη.
909 2203 927 2235 ι
963 2182 1252 2255 Τροπικῶς
1282 2181 1530 2251 βούλεται
1565 2180 1632 2233 τὰ
1683 2183 1782 2232 ὲπ-

204 2272 507 2342 εληλυθότα
542 2273 724 2334 αὐτοῖς
756 2275 930 2325 εἰπεῖν
952 2273 1100 2325 κακά
1120 2288 1132 2302 ·
1158 2274 1253 2325 καὶ
1278 2272 1353 2334 ὼς
1389 2272 1474 2323 ἀεὶ
1506 2273 1620 2333 τοῖς
1650 2270 1787 2339 μετά

202 2363 385 2417 ταῦτα
428 2364 497 2416 τά
545 2363 784 2432 πρότερα
836 2362 1170 2415 ἐπετείνετο·
1224 2360 1451 2432 έλήλυθε
1497 2360 1593 2430 μὲν
1643 2358 1783 2429 γὰρ,

203 2454 349 2522 φησὶ
376 2494 389 2515 ,
427 2426 787 2521 Θεγλαφασάρ
826 2452 853 2503 ὁ
886 2451 994 2503 τῶν
1049 2426 1349 2521 Ἀσσυρίων
1399 2426 1681 2518 βασιλεὺς,
1721 2426 1785 2510 dc;

201 2545 371 2612 δίκην
436 2543 667 2613 κάμπης
719 2543 817 2595 οὐκ
862 2543 1018 2610 ὀλίγα
1067 2542 1208 2612 μέρη
1246 2540 1354 2593 τῶν
1401 2540 1784 2610 προσηκόντων

201 2633 345 2703 ὑμῖν
395 2632 668 2704 ἐδῄωσεν·
705 2634 782 2701 (p.
828 2622 963 2700 106)
1013 2631 1129 2701 μετ’
1179 2633 1383 2683 ἐκεῖνον
1424 2630 1784 2698 Σαλμανασάρ

200 2725 405 2794 ὥσπερ
432 2724 592 2794 ἀκρίς
622 2740 705 2785 τις
730 2723 891 2775 πλέον
923 2724 1075 2774 ὲπινε
1085 2721 1275 2792 μηθεὶς
1308 2720 1375 2772 τά
1401 2720 1667 2790 ὑμέτερα·
1696 2720 1782 2771 ἐπ’

201 2810 443 2872 ἐκείνοις
467 2810 841 2881 Σενναχηρεὶμ
864 2809 1093 2880 βρούχου
1117 2809 1272 2879 δίκην
1296 2810 1469 2861 κοινὸν
1482 2808 1782 2877 ἀφανισμὸν

204 2902 437 2969 ἐπάγων
458 2903 579 2963 ταῖς
599 2900 730 2952 δέκα
750 2899 942 2968 φυλαῖς
970 2900 1188 2969 Ἰσραήλ
1206 2914 1222 2930 ·
1245 2896 1571 2968 ἐπελήλυθεν
1594 2897 1781 2964 ὥσπερ

204 3006 298 3051 τις
325 2988 550 3060 ὲρυσίϐη
588 2989 724 3059 πρὸς
750 2992 862 3052 τοῖς
906 2990 1113 3051 λοιποῖς
1152 2991 1180 3042 ὁ
1217 2987 1573 3052 Βαϐυλώνιος,
1603 2988 1662 3050 ὃς
1686 2988 1780 3041 καὶ

204 3078 341 3139 τοὺς
360 3079 459 3147 τῆς
490 3078 747 3141 Ἰουδαίας
775 3078 976 3143 λαϐὼν,
999 3078 1175 3132 κοινὸν
1191 3078 1444 3131 ἀπάντων
1457 3078 1555 3147 τῆς
1577 3079 1779 3147 αἰχμα-

200 3173 412 3236 λωσίας
484 3171 749 3241 πεποίηκε
798 3172 858 3224 τὸ
902 3172 1099 3224 κακόν·
1147 3167 1265 3224 εἶτα
1288 3170 1340 3223 τί
1374 3170 1619 3239 βούλεται
1653 3170 1775 3222 τού-

205 3278 322 3317 των
355 3261 389 3330 ἡ
429 3262 695 3331 μήνυσις;
728 3276 746 3309 ι
794 3258 1115 3328 Ἐκνήψατε,
1138 3256 1187 3309 οἱ
1221 3254 1531 3326 μεθύοντες,
1556 3256 1615 3322 ἐξ
1640 3257 1780 3309 οἴνου

208 3351 417 3415 αὐτῶν,
449 3350 544 3404 καὶ
584 3347 888 3413 κλαύσατε,
934 3348 1134 3410 πάντες
1170 3349 1219 3400 οἱ
1257 3348 1506 3411 πίνοντες
1541 3345 1681 3401 οἶνον
1707 3350 1787 3411 εἰς

214 3440 388 3510 μέθην
413 3455 428 3469 ·
475 3439 557 3491 ὅτι
592 3438 813 3507 ἐξῆρται
855 3438 920 3489 ἐκ
966 3436 1233 3504 στόματος
1275 3436 1428 3507 ὑμῶν
1478 3436 1783 3508 εὐφροσύνη

207 3532 310 3583 καὶ
341 3527 504 3599 χαρά.
548 3546 566 3577 ι
611 3526 904 3579 ’Λπὸθεσθε
937 3527 1002 3596 δὴ
1047 3526 1144 3596 τὴν
1176 3525 1366 3596 μέθην,
1399 3528 1488 3595 ὑφ’
1540 3522 1607 3597 ἦς
1651 3546 1785 3582 κατ-

212 3619 462 3688 εχόμενοι
490 3617 585 3669 νῦν
607 3616 694 3669 διὰ
715 3615 812 3685 τὴν
844 3616 980 3685 πρὸς
1007 3616 1067 3668 τὺ
1100 3618 1278 3684 χεῖρον
1305 3616 1497 3686 ῥοπὴν,
1523 3617 1643 3669 οὐδὲ
1666 3635 1787 3670 συν-

213 3712 349 3780 ορᾷν
378 3708 588 3761 ἐθέλετε
626 3707 686 3760 τὸ
720 3708 837 3760 δέον
856 3725 869 3738 ·
899 3707 993 3759 καὶ
1023 3707 1323 3776 μετάστητε
1349 3709 1429 3770 είς
1451 3708 1661 3777 δάκρυα
1691 3708 1786 3762 καὶ

215 3800 466 3868 θρήνους,
489 3799 542 3851 εί
557 3815 673 3859 πως
697 3801 763 3867 τῇ
795 3795 1125 3865 μεταμελείᾳ
1150 3796 1250 3865 τὴν
1275 3796 1508 3849 παλαιὰν
1530 3798 1786 3867 ἀποσμή-

216 3885 339 3952 ξετε
397 3884 599 3954 μέθην·
642 3883 829 3953 ἐπειδὴ
875 3880 985 3951 γὰρ
1019 3881 1199 3933 οὐκέτι
1244 3882 1454 3952 χαίρειν
1500 3883 1643 3951 ὑμᾶς
1694 3882 1788 3935 καὶ

217 3973 605 4044 εὐερραίνεσθαι
634 3972 704 4023 τά
733 3971 1119 4041 συμϐησόμενα
1149 3972 1239 4040 ἐᾷ,
1273 3971 1492 4041 ἄμεινον
1519 3974 1599 4034 είς
1631 3989 1789 4042 μετα-

223 4065 439 4134 μέλειαν
469 4062 549 4133 τῷ
576 4080 634 4114 τε
670 4062 851 4132 θρήνῳ
881 4062 1185 4132 χρήσασθαι
1217 4063 1310 4113 καὶ
1351 4063 1461 4124 τοῖς
1500 4063 1783 4133 δάκρυσιν,

218 4154 299 4218 ὡς
346 4154 412 4207 ἂν
464 4152 714 4205 ἐντεῦθεν
763 4152 1062 4220 κουφισμὸς
1109 4168 1193 4214 τις
1242 4152 1371 4220 ὑμῖν
1429 4152 1636 4220 γένοιτο
1682 4153 1789 4207 τῶν

220 4244 405 4299 κακῶν
424 4261 437 4274 ·
471 4238 593 4296 εἶτα
620 4242 840 4313 μηνύων
877 4243 1018 4312 ὑπὲρ
1046 4244 1170 4295 ὅτου
1210 4242 1402 4303 ταῦτα,
1433 4243 1626 4311 φησίν’

289 4356 439 4426 Στίχ.
489 4351 637 4419 ς’-θ’.
670 4386 738 4394 -
789 4353 967 4406 ι”Οτι
1001 4352 1153 4414 ἔθνος
1196 4351 1365 4421 ἀνέόη
1402 4352 1494 4404 ἐπὶ
1541 4354 1639 4421 τὴν
1684 4352 1791 4421 γῆν

222 4464 326 4519 μου
351 4444 566 4514 ἰσχυρὸν
588 4444 682 4496 καὶ
709 4443 1095 4513 ἀναρίθμητον·
1122 4443 1169 4493 οί
1193 4442 1405 4504 ὀδόντες
1426 4441 1612 4507 αὐτοῦ,
1642 4443 1791 4495 λέον·

1887 2006 1941 2052 et
1990 1999 2203 2052 residua
2257 2001 2480 2054 locustae
2528 2002 2763 2055 comedit
2811 2001 3088 2069 bruchus,
3144 2009 3197 2057 et
3246 2001 3464 2057 residua

1886 2089 2081 2142 bruchi
2135 2089 2370 2143 comedit
2430 2090 2646 2159 rubigo.
2670 2110 2688 2141 ι
2722 2089 2979 2161 Figurate
3010 2091 3126 2145 vult
3162 2106 3464 2161 superven-

1885 2186 2006 2233 tura
2038 2180 2170 2248 ipsis
2199 2179 2379 2234 dicere
2407 2180 2569 2243 mala,
2600 2189 2653 2234 et
2683 2181 2830 2250 quod
2861 2196 3078 2250 semper
3117 2182 3303 2250 priora
3336 2195 3465 2250 pos-

1886 2271 2182 2325 terioribus
2212 2272 2574 2339 augebuntur.
2603 2270 2767 2326 Venit
2795 2272 2963 2332 enim,
3001 2271 3199 2340 inquit,
3230 2269 3466 2341 Thegla-

1887 2359 2088 2428 phasar
2117 2360 2470 2428 Assyriorum
2498 2374 2614 2422 rex,
2646 2360 2740 2428 qui
2772 2373 2951 2413 erucae
2982 2358 3155 2413 instar
3186 2373 3295 2412 non
3325 2372 3463 2428 pau-

1884 2462 1976 2502 cas
1994 2463 2175 2503 rerum
2203 2458 2505 2502 vestrarum
2528 2456 2711 2517 partes
2742 2446 3137 2517 pessumdedit.
3157 2447 3288 2503 Post
3305 2448 3461 2502 illum

1886 2539 2254 2599 Salmanasar.
2284 2553 2381 2592 ceu
2409 2538 2657 2607 quaedam
2685 2538 2896 2592 locusta
2930 2537 3104 2608 magis
3148 2538 3328 2592 adhuc
3371 2553 3466 2593 ve-

1885 2637 2030 2683 stras
2073 2643 2202 2696 opes
2231 2627 2595 2697 depopulatus
2626 2635 2731 2682 est.
2760 2627 2965 2683 Deinde
3007 2627 3465 2684 Senuacberimus

1882 2721 2034 2789 quasi
2061 2719 2304 2775 bruchus
2328 2719 2815 2789 generaleexitium
2838 2718 3026 2774 decem
3050 2719 3303 2775 tribubus
3326 2721 3467 2775 intu-

1882 2812 1963 2867 lit.
2008 2809 2325 2865 Postremus
2356 2810 2597 2863 omnium
2628 2816 2890 2877 tanquam
2926 2809 3122 2879 rubigo
3149 2810 3467 2878 supervenit

1881 2898 2215 2970 Babylonius
2260 2898 2811 2968 (Nabuchodonosor)
2858 2899 2951 2968 qui
2992 2896 3193 2953 Judmae
3242 2913 3466 2968 quoque

1878 2990 2075 3045 incolis
2113 2991 2309 3059 captis,
2350 3005 2695 3043 communem
2742 2989 2868 3043 fecit
2905 2989 3239 3059 captivitatis
3266 3004 3468 3043 aerum-

1878 3098 2026 3135 nam.
2061 3082 2230 3136 Porro
2254 3082 2385 3151 quid
2414 3082 2514 3136 sibi
2540 3082 2654 3135 vult
2678 3082 2867 3135 barum
2891 3096 3074 3135 rerum
3093 3081 3467 3135 denuntiatio?

1889 3190 1907 3223 ι
1928 3171 2404 3241 Expergiscimini,
2435 3171 2593 3237 ebrii,
2614 3185 2689 3225 ex
2712 3168 2839 3223 vino
2880 3178 3089 3236 vestro,
3133 3181 3187 3225 et
3216 3170 3473 3240 plorate,

1885 3277 2075 3317 omnes
2106 3262 2200 3331 qui
2231 3261 2418 3317 bibitis
2457 3261 2645 3315 vinum
2676 3260 2742 3313 ad
2767 3261 3113 3324 ebrietatem,
3145 3262 3274 3330 quia
3304 3261 3456 3314 abla-

1886 3360 2000 3405 tum
2032 3359 2115 3405 est
2145 3366 2210 3404 ex
2237 3365 2333 3405 ore
2357 3358 2542 3406 vestro
2585 3350 2843 3420 gaudium
2890 3358 2944 3403 et
2992 3350 3198 3403 laetitia.
3229 3368 3247 3401 ι
3274 3348 3467 3404 Pellite.

1885 3441 2228 3503 ebrietatem,
2256 3457 2363 3510 qua
2395 3457 2541 3495 nunc
2569 3442 2845 3510 occupati,
2889 3448 3109 3509 propter
3132 3448 3368 3495 vestram
3397 3439 3467 3493 ad

1884 3532 2015 3585 vitia
2042 3532 2461 3599 proclivitatem,
2490 3530 2635 3601 quod
2664 3531 2811 3585 factu
2842 3546 2981 3600 opus
3009 3540 3094 3586 est
3120 3532 3263 3584 haud
3295 3531 3461 3586 vultis

1885 3621 2230 3689 conspicere:
2274 3628 2327 3673 et
2354 3620 2421 3673 ad
2454 3621 2721 3691 lacrymas
2764 3621 3148 3689 ploratumque
3193 3619 3465 3674 converti-

1885 3711 2040 3774 mini,
2074 3711 2120 3764 si
2154 3710 2291 3765 forte
2319 3711 2639 3780 poenitentia
2667 3711 2947 3779 antiquam
2970 3710 3280 3779 abstergere
3311 3718 3466 3779 pote-

1885 3799 2008 3853 ritis
2031 3799 2373 3853 ebrietatem.
2404 3797 2537 3850 Nam
2565 3798 2696 3867 quia
2726 3797 2964 3868 gaudere
2988 3812 3085 3851 vos
3114 3798 3345 3852 ulterius
3382 3803 3466 3850 at-

1885 3905 1991 3958 que
2014 3888 2182 3942 laetari
2209 3903 2319 3941 non
2345 3888 2533 3943 sinunt
2561 3902 2747 3950 casus,
2790 3888 2984 3942 melius
3012 3898 3095 3942 est
3133 3888 3466 3956 poenitentes

1890 3984 1994 4053 71
2037 3981 2250 4051 ploratu
2290 3980 2657 4049 lacrymisqne
2689 3979 2790 4041 uti,
2825 3986 2883 4031 ut
2917 3978 3044 4032 hinc
3075 3979 3230 4033 vobis
3265 3978 3467 4034 levatio

1889 4074 2069 4141 aliqua
2096 4056 2361 4124 malorum
2394 4068 2693 4139 contingat.
2719 4068 2923 4124 Deinde
2940 4068 3254 4141 significans
3275 4084 3467 4139 quam-

1888 4164 2075 4217 obrem
2109 4161 2245 4225 bzec,
2281 4159 2452 4230 pergit
2479 4157 2661 4213 dicere
2690 4170 2712 4213 :.

1960 4352 2128 4407 Vens.
2163 4351 2277 4405 6-9.
2306 4381 2373 4390 —
2403 4370 2420 4401 ι
2450 4350 2596 4407 Gens
2624 4352 2766 4406 enim
2796 4336 3049 4406 ascendit.
3069 4366 3231 4420 super
3263 4360 3467 4407 terram

1892 4457 2066 4497 meam
2106 4440 2262 4495 fortis
2291 4448 2344 4494 et
2373 4440 2824 4503 innumerabilis;
2848 4440 3038 4493 dentes
3070 4440 3213 4507 ejus,
3248 4441 3458 4505 leonis,

214 4554 327 4598 τος·
363 4536 457 4587 καὶ
484 4536 540 4587 αἱ
564 4533 725 4603 μύλαι
752 4532 917 4587 αὑτοῦ
937 4572 952 4596 ,
983 4533 1054 4595 ὼς
1096 4530 1334 4601 σκύμνου
1383 4530 1567 4585 αὑτοῦ.
1597 4551 1617 4582 ι
1658 4533 1786 4585 Ἐπ-

1893 4540 1948 4589 et
1972 4533 2208 4586 molares
2238 4530 2380 4599 ejus,
2426 4538 2486 4583 ut
2518 4530 2685 4582 catuli
2733 4529 2926 4583 leonis.
2970 4546 2989 4578 ι
3022 4528 3467 4598 Superveneruut

216 4622 509 4693 εληλύθασι
538 4622 648 4694 γὰρ
679 4626 744 4693 τῇ
788 4620 942 4691 χώρᾳ.
984 4624 1052 4691 τῇ
1086 4622 1191 4690 ἐμῇ
1228 4620 1475 4689 πολέμιοι
1515 4621 1697 4674 πολλοί
1729 4638 1790 4674 τε

216 4713 317 4766 καὶ
376 4713 591 4765 δυνατοὶ
617 4751 631 4769 ,
676 4710 726 4762 οἳ
774 4709 1005 4761 λεόντων
1045 4710 1198 4762 οὐδὲν
1241 4710 1619 4779 ἀφεστήκασι,
1680 4714 1794 4774 τοῖς

216 4803 398 4857 ὀδοῦσι
457 4802 550 4854 καὶ
592 4803 711 4863 ταῖς
746 4799 935 4870 μύλαις
967 4801 1083 4861 ταῖς
1124 4798 1343 4859 οἰκείαις
1386 4801 1794 4867 κατασφαττόν-

216 4910 328 4945 των
357 4908 416 4943 τε
444 4891 536 4943 καὶ
580 4887 1071 4943 καταναλισκόντων
1126 4887 1234 4939 τῶν
1268 4887 1479 4957 κτηνῶν
1528 4889 1592 4942 τὰ
1635 4890 1797 4959 ὲμπί-

220 5004 453 5049 πτοντα,
513 4987 567 5055 [p
649 4983 768 5054 107)
824 4983 992 5045 οὕτως
1031 4980 1379 5050 ἀφανίζοντές
1429 4996 1490 5032 τε
1541 4982 1633 5032 καὶ
1684 4996 1793 5052 χει-

223 5079 476 5151 ρούμενοι
526 5076 639 5139 τοῖς
681 5076 886 5137 ὅπλοις.
937 5092 956 5125 ι
995 5074 1185 5126 Ἔθετο
1229 5072 1325 5141 τὴν
1383 5070 1625 5140 ἄμπελον
1688 5088 1789 5140 μου

218 5170 303 5230 είς
330 5167 652 5237 ἀφανισμὸν,
687 5165 781 5219 καὶ
805 5164 904 5225 τὰς
926 5165 1095 5226 συκᾶς
1127 5180 1226 5233 μου
1255 5164 1335 5225 είς
1362 5162 1729 5231 πγκλασμὸν.
1766 5182 1784 5213 ι

219 5258 407 5310 Πάντα
438 5258 527 5310 τὸν
572 5257 806 5327 Ἰσραὴλ,
834 5255 893 5307 ὃν
916 5254 1159 5325 ἀμπέλου
1181 5253 1334 5324 δίκην
1365 5256 1659 5325 περιεῖπον,
1697 5254 1790 5306 καί⁸

217 5346 310 5399 διὰ
339 5347 439 5414 τῆς
471 5345 790 5415 ἐπιμελείας
826 5344 1250 5413 ὲγκαλλωπίζων
1293 5344 1393 5413 τῆς
1438 5344 1601 5413 ἐμῆς,
1652 5344 1795 5412 ἠφά-

220 5436 338 5489 νισέ
384 5453 446 5488 τε
490 5436 586 5489 καὶ
629 5436 877 5489 ἀπώλεσε
928 5434 1209 5496 παντελῶς
1254 5434 1351 5486 σὺν
1382 5435 1504 5497 ταῖς
1545 5436 1604 5487 ὲν
1648 5435 1795 5503 μέσῳ

220 5526 437 5587 συκαῖς,
476 5524 542 5587 ἃς
574 5525 887 5595 συνέτριψεν
933 5524 1178 5585 ἁπάσας·
1212 5523 1545 5575 αἰνίττεσθαι
1580 5523 1637 5576 δὲ
1673 5523 1796 5592 βού-

232 5623 383 5674 λεται
409 5616 535 5676 τοὺς
558 5616 615 5668 ὲν
643 5616 825 5678 αὐτοῖς
848 5614 1213 5683 ὑπερέχοντας
1243 5613 1457 5683 πλούτῳ
1480 5631 1539 5665 τε
1568 5614 1663 5666 καὶ
1696 5615 1791 5666 δυο

219 5705 404 5775 νάμει,
433 5704 496 5756 ὲκ
517 5703 610 5757 τοῦ
645 5707 711 5757 τά
736 5704 963 5757 τοιαῦτα.
984 5703 1174 5776 δένδρα
1205 5704 1533 5774 ὑπερφέρειν
1555 5703 1660 5758 τῶν
1695 5722 1796 5774 φυ-

1888 4624 2100 4693 regioni
2143 4635 2276 4674 mea:
2327 4619 2525 4674 hostes
2571 4620 2725 4673 multi
2779 4633 2844 4672 ac
2899 4618 3085 4684 validi,
3137 4633 3168 4671 a
3212 4620 3466 4673 leonibus

1891 4713 2031 4769 nihil
2075 4709 2409 4773 differentes,
2453 4708 2546 4777 qui
2593 4707 2850 4761 dentibus
2896 4708 3012 4762 suis
3059 4709 3468 4778 molaribusque

1892 4810 2183 4859 conterunt
2232 4807 2397 4869 atque
2464 4806 2798 4854 consumunt
2853 4813 3193 4869 quaecunque
3247 4800 3467 4855 obviam

1897 4893 2032 4947 ﬁunt
2063 4892 2338 4945 animalia.
2374 4888 2466 4943 Sic
2502 4890 2761 4942 nimirum
2807 4888 2995 4943 hostes
3025 4890 3192 4944 armis
3226 4890 3343 4945 suis
3378 4891 3466 4944 in-

1894 4984 2099 5037 vadunt
2129 4990 2294 5051 atque
2332 4981 2635 5035 devastant.
2675 4998 2693 5030 ι
2738 4978 2927 5033 Posuit
2962 4981 3174 5035 vineam
3206 4996 3383 5035 meam
3411 4981 3468 5035 in

1895 5073 2351 5142 dissipatiouem,
2406 5078 2459 5124 et
2507 5070 2772 5124 ticulneas
2822 5070 2878 5124 in
2936 5070 3387 5125 contractionem.
3441 5090 3462 5123 ι

1898 5165 2224 5219 Universum
2268 5161 2546 5226 lsraelem,
2591 5176 2753 5231 quem
2798 5161 2956 5231 quasi
2994 5163 3157 5216 vitem
3198 5162 3466 5225 colebam,

1896 5269 2125 5323 meaque
2164 5267 2296 5306 cura
2323 5252 2612 5316 ornabam,
2656 5250 2930 5305 destruxit
2960 5251 3315 5320 funditusque
3343 5267 3471 5319 per—

1892 5345 2049 5406 didit,
2085 5358 2209 5395 cnm
2258 5342 2597 5413 interpositis
2644 5343 2912 5406 ﬁculneis,
2946 5358 3085 5411 quas
3117 5358 3309 5397 omnes
3336 5357 3470 5397 cou-

1894 5434 2073 5502 fregit.
2099 5431 2228 5485 Vult
2258 5441 2439 5486 autem
2464 5433 2694 5488 innuere
2714 5430 3105 5487 eminentiores
3127 5431 3272 5485 inter
3294 5428 3470 5484 Israe-

1891 5525 2017 5579 litas
2046 5524 2248 5578 divitiis
2277 5531 2441 5592 atque
2473 5524 2741 5593 potentia,
2775 5521 3034 5591 quoniam
3085 5521 3169 5575 har
3241 5520 3469 5575 arbores

1892 5617 2078 5672 extolli
2120 5630 2285 5685 supra
2315 5616 2445 5671 vitis
2492 5616 2709 5686 plantas
2761 5614 3034 5671 videntur.
3087 5632 3106 5665 ‹
3156 5612 3470 5668 Scrutando

1904 5714 2179 5763 scrutatus
2200 5715 2284 5764 est
2313 5707 2479 5775 illam,
2509 5708 2662 5763 albos
2694 5705 2820 5763 fecit
2846 5705 3101 5778 palmites
3127 5704 3266 5775 ejus.
3307 5720 3327 5756 ι
3359 5700 3485 5759 τοι
