3824 6224
373 311 480 367 915

1574 309 1923 367 THEODORI
1963 312 2448 370 MOPSUESTENI

3503 315 3610 391 ιω

369 435 482 484 tam
507 428 654 483 illam
686 426 952 483 invadens
986 425 1066 481 sic
1093 425 1294 481 evulsit
1326 433 1379 481 et
1406 425 1461 480 in
1493 427 1810 480 servitutem
1845 428 1939 482 ab—

2061 427 2148 480 τῶν
2186 427 2286 497 τῆς
2331 424 2578 496 ἀμπέλου
2619 424 2812 479 δοκεῖν.
2867 443 2887 478 ‹
2953 425 3216 496 Ἐρευνῶν
3249 426 3612 498 ὲξηρεύνησεν

371 502 548 584 duxit,
598 528 660 574 ut
696 519 896 588 captivi
927 517 1177 571 homines
1225 531 1568 586 nequaquam
1600 517 1878 572 differrent
1909 532 1940 571 a

372 609 688 681 palmitibus
718 605 1122 662 albescentibus
1172 605 1439 675 planeque
1474 605 1764 661 exsiccatis
1787 614 1939 678 post-

372 713 537 770 quam
581 698 710 752 vitis
765 696 1029 752 subversa
1075 694 1199 750 fuit.
1253 713 1272 745 ι
1314 694 1534 765 Planget
1572 695 1638 749 ad
1687 711 1773 751 me
1819 697 1941 765 plus

375 803 538 858 quam
570 801 772 858 sponsa
806 801 968 842 sacco
999 786 1246 840 accincta
1297 800 1463 855 super
1489 785 1663 839 virum
1704 786 1941 855 virgina-

375 879 482 933 lcm
520 894 702 934 suum.
759 897 780 930 ι
817 877 973 932 Tune
1013 877 1320 948 iniquitatis
1355 892 1470 931 sua:
1512 891 1732 932 sensum
1769 877 1944 946 perci-

374 969 548 1038 pient,
577 975 632 1023 et
661 983 784 1023 cum
821 968 1032 1037 magnis
1071 967 1138 1022 ad
1181 983 1269 1022 me
1301 966 1596 1036 respiciant
1627 968 1940 1036 gemitibus,

375 1074 500 1130 qua:
530 1059 667 1129 ipsis
696 1065 992 1114 evenerunt
1025 1058 1167 1112 mala
1198 1057 1579 1128 deplorantes;
1613 1057 1756 1111 haud
1786 1073 1945 1113 secus

376 1164 540 1219 quam
571 1148 769 1204 mulier
795 1164 971 1218 nuper
998 1146 1204 1217 nuptiis
1245 1148 1520 1218 copulata,
1569 1162 1692 1202 mox
1726 1157 1946 1216 repente

374 1240 586 1309 privata
616 1240 754 1303 viro,
789 1238 878 1292 cui
913 1238 1220 1307 graviorem
1253 1236 1384 1292 facit
1413 1237 1654 1292 dolorem
1696 1238 1947 1306 privatio-

376 1330 464 1385 nis
493 1330 766 1384 celeritas.
803 1346 825 1381 ‹
850 1329 1105 1383 Ablatum
1133 1335 1217 1384 est
1240 1328 1574 1383 sacrificium
1597 1336 1651 1381 et
1671 1327 1858 1382 libatio
1879 1326 1948 1381 de

378 1422 542 1476 domo
566 1420 799 1475 Domini.
843 1439 862 1470 ι
900 1419 1000 1474 Hic
1028 1418 1319 1474 manifeste
1359 1428 1616 1473 eventura
1655 1432 1685 1470 a
1717 1417 1949 1488 Babylo-

377 1511 488 1568 niis
531 1511 674 1565 mala
712 1511 985 1581 significat
1016 1529 1031 1560 :
1087 1517 1218 1564 tunc
1247 1509 1391 1564 enim
1435 1507 1598 1564 desiit
1628 1508 1787 1562 solita
1832 1506 1948 1561 fieri

379 1602 434 1656 in
459 1601 553 1657 Dei
586 1603 791 1672 templo
827 1601 1067 1672 liturgia,
1097 1616 1222 1656 cum
1249 1609 1303 1656 et
1331 1599 1617 1655 aedificium
1646 1599 1950 1654 combussit

379 1691 736 1763 Babylonius,
760 1699 814 1746 et
848 1693 994 1747 cives
1021 1706 1214 1746 omnes
1247 1691 1561 1761 captivavit.

2041 517 2230 588 αὐτὴν,
2261 518 2354 570 καὶ
2383 516 2606 588 ἔρριψεν
2632 532 2646 548 ⁶
2683 516 2942 569 ὲλεύκασε
2991 517 3060 568 τὰ
3089 517 3342 586 κλήματα
3368 519 3554 589 αὐτῆς.
3590 537 3612 572 ι

2041 607 2226 663 ῙΙᾶσαν
2267 607 2438 676 αὐτὴν
2484 606 2854 676 ἐκπεριελθὼν
2877 607 3048 670 οὕτως
3081 606 3386 660 ἀνέσπασέν
3413 625 3472 661 τε
3523 611 3617 663 καὶ⁹

2041 704 2121 766 εἰς
2139 702 2509 773 αἰχμαλωσίαν
2529 703 2831 772 ἀπήγαγεν,
2859 702 2934 764 ὼς
2958 703 3122 773 μηδὲν
3148 702 3455 758 ἀπεοικέναι
3480 703 3618 756 πάν-

2042 808 2140 856 τας
2189 792 2480 862 κλημάτων
2534 791 2934 845 λευκανθέντων
2984 809 3045 845 τε
3096 795 3190 846 καὶ
3242 792 3618 864 ξηρανθέντων

2043 883 2321 946 παντελῶς
2337 883 2548 952 μετὰ¹τὸ
2566 882 2663 954 τὴν
2683 882 2924 952 ἄμπελον
2944 883 3335 953 ὲκσπασθῆναι.
3362 901 3380 933 ι
3409 882 3621 952 Θρηνή·

2046 990 2126 1026 σει
2175 973 2312 1044 πρός
2365 991 2432 1042 με
2487 975 2627 1045 ὑπὲρ
2670 975 2887 1046 νύμφην
2933 973 3376 1046 περιεζωσμένην
3420 973 3623 1026 σάκκον

2045 1063 2139 1115 ἐπὶ
2167 1063 2258 1116 τὸν
2289 1062 2458 1134 ἄνδρα
2483 1065 2651 1134 αὐτῆς
2678 1064 2770 1118 τὸν
2799 1065 3143 1134 παρθενικόν.
3179 1083 3198 1115 ι
3238 1065 3369 1118 Τότε
3389 1065 3487 1134 τῆς
3517 1080 3624 1114 πα-

2050 1152 2311 1224 ρανομίας
2344 1153 2694 1225 αἰσθήσονται
2742 1155 2843 1224 τῆς
2874 1157 3105 1219 οἰκείας,
3137 1156 3231 1208 καὶ
3279 1154 3414 1224 μετὰ
3455 1153 3626 1223 μεγά-

2045 1244 2152 1296 λων
2190 1243 2438 1296 νεύσουσι
2481 1246 2618 1316 πρός
2653 1263 2720 1316 με
2749 1246 2858 1298 τῶν
2891 1245 3100 1316 θρήνων
3129 1244 3627 1314 ἀνακεκλαυσμένοι

2047 1333 2116 1385 τὰ
2152 1333 2560 1404 ’συμϐεϐηκότα
2614 1337 2798 1400 αὐτοῖς
2845 1337 3011 1391 κακά’
3063 1338 3163 1407 ούχ
3208 1331 3372 1406 ἦττον
3419 1338 3452 1406 ή
3488 1335 3629 1406 γυνὴ

2047 1423 2244 1474 νεωστὶ
2279 1423 2613 1492 συναφθεῖσα
2649 1425 2785 1496 πρὸς
2813 1425 2990 1495 γάμον
3011 1465 3026 1492 ,
3055 1421 3174 1479 εἶτα
3199 1425 3392 1496 ἀθρόον
3420 1422 3629 1478 ἀποϐα-

2047 1509 2214 1586 λοῦσα
2241 1511 2332 1564 τὸν
2363 1511 2552 1584 ἄνδρα,
2662 1514 2960 1586 βαρύτερον
3005 1515 3066 1568 τὸ
3116 1515 3286 1577 πάθος
3319 1513 3418 1583 τῆς
3464 1515 3631 1582 ἀφαι-

2051 1599 2252 1671 ρέσεως
2300 1602 2590 1672 ἐργάζεται
2642 1607 2676 1674 ὴ
2729 1604 2943 1675 ὀξύτης.
2997 1606 3075 1676 (p.
3127 1605 3249 1673 108)
3291 1623 3309 1656 t
3378 1603 3633 1676 Ἐξῆρται

2051 1690 2210 1745 θυσία
2233 1693 2326 1746 καὶ
2361 1695 2561 1766 σπονδὴ
2591 1695 2649 1760 ἐξ
2676 1696 2824 1750 οἴκου
2857 1696 3082 1768 Κυρίου.
3127 1715 3146 1748 ›
3194 1696 3454 1750 Ἐνταῦθα
3494 1713 3632 1766 προ⁴

379 1785 552 1857 δήλως
584 1786 653 1840 τὰ
681 1786 785 1838 ὑπὸ
824 1785 931 1838 τῶν
963 1783 1319 1838 Βαϐυλωνίων
1368 1782 1708 1854 προεσόμενα
1737 1781 1916 1844 αὐτοῖς
1947 1783 2139 1852 μηνύει
2178 1786 2323 1838 κακά
2345 1803 2358 1818 ·
2395 1788 2513 1840 τότε
2542 1789 2649 1860 γὰρ
2680 1789 2953 1843 ἐπαύσατο
2981 1792 3013 1861 η
3045 1791 3111 1843 ὲν.
3136 1789 3212 1860 τῷ
3240 1789 3354 1861 ναῷ
3377 1790 3469 1844 τοῦ
3495 1789 3634 1843 Θεοῦ

381 1876 746 1947 ἐκτελουμένη
775 1873 1104 1946 λειτουργία,
1130 1873 1366 1944 ὁπηνίκα
1400 1872 1491 1925 τόν
1523 1888 1584 1924 τε
1609 1865 1753 1924 οἷκον
1775 1870 2076 1941 ἐνέπρησεν
2106 1874 2133 1925 ὁ
2163 1873 2530 1943 Βαϐυλώνιος,
2557 1879 2651 1932 καὶ
2683 1881 2810 1943 τοὺς
2847 1882 2939 1934 ἐπὶ
2979 1881 3078 1951 τῆς
3113 1881 3320 1944 πόλεως
3357 1881 3637 1952 αἰχμαλώ-

380 1990 508 2036 τους
545 1971 733 2026 ἐλαϐεν
765 1971 1030 2034 ἅπαντας.

452 2065 560 2135 72
587 2064 752 2121 Vens.
811 2065 1006 2120 10-15.
1042 2093 1113 2104 --
1156 2081 1176 2114 ι
1234 2061 1456 2132 Lugete,
1509 2059 1820 2115 sacerdotes
1856 2058 1948 2128 qui

2121 2061 2270 2131 Στίχ.
2309 2069 2465 2132 ι*-ιγ⁹.
2492 2093 2566 2104 -
2597 2083 2615 2116 t
2637 2066 2910 2134 Πενθεῖτε,
2928 2067 2976 2119 οἱ
3001 2066 3164 2134 ἱερεῖς
3186 2066 3234 2119 οί
3260 2063 3636 2134 λειτουργοῦν-

381 2154 923 2215 altarimiuistratis,
971 2151 1230 2221 quoniam
1261 2151 1523 2205 miserum
1572 2156 1656 2204 est
1685 2149 1952 2213 triticum,

381 2245 718 2299 exsiccatum
771 2243 996 2305 vinum,
1063 2242 1410 2296 imminutum
1474 2241 1684 2303 oleum,
1739 2236 1951 2292 confusi

381 2335 652 2405 agricolae.
690 2333 914 2404 Lugete,
949 2332 1176 2402 praedia,
1212 2337 1432 2401 pr0pter
1475 2330 1716 2384 triticum
1748 2336 1802 2383 et
1834 2329 1955 2382 hor-

383 2423 567 2489 deum,
595 2423 735 2493 quia.
765 2423 926 2492 periit
956 2423 1154 2477 messis
1195 2420 1341 2490 agri,
1370 2420 1498 2475 vitis
1543 2420 1780 2482 exaruit,
1813 2418 1957 2473 ficul-

384 2529 503 2568 neae
544 2521 674 2570 sunt
708 2513 1028 2576 imminuta),
1078 2512 1244 2566 arbor
1276 2511 1650 2578 malogranata
1694 2518 1748 2564 et
1778 2510 1954 2579 palma

383 2609 438 2656 et
471 2604 648 2659 malus
689 2610 743 2657 et
777 2602 960 2657 omnia
1006 2602 1153 2671 ligna
1199 2601 1327 2671 agri.
1369 2606 1723 2654 exaruerunt.
1765 2618 1783 2651 ι
1821 2599 1958 2652 Con-

385 2711 558 2766 gruus
586 2695 964 2751 sacerdotibus
991 2704 1048 2750 et
1081 2695 1271 2750 altaris
1297 2693 1566 2749 ministris
1593 2693 1793 2755 luctus,
1827 2691 1956 2760 quia

385 2786 653 2856 generalis
677 2785 939 2839 sterilitas
971 2800 1197 2853 campos
1226 2792 1392 2847 tenet,
1427 2782 1572 2837 unde
1595 2781 1864 2850 primitias
1894 2796 1957 2834 ac

386 2877 633 2933 decimas
671 2877 1055 2946 percipientes,
1093 2875 1172 2929 rei
1205 2873 1530 2928 necessariae
1554 2872 1766 2942 copiam
1803 2871 1960 2926 habe.

387 2970 542 3024 bant.
586 2965 876 3036 Congruus
911 2965 1054 3020 haud
1100 2964 1282 3018 minus
1315 2965 1493 3017 luctus
1535 2970 1693 3016 terrae
1739 2976 1958 3030 quoque

390 3059 640 3128 frugibus
674 3057 906 3118 carenti,
944 3055 1088 3109 unde
1126 3055 1385 3124 agricolis
1429 3062 1649 3108 creatur
1683 3051 1957 3116 confusio,

390 3151 518 3220 quia
552 3148 758 3203 frustra
799 3147 1184 3202 laboraverunt
1213 3165 1225 3200 :
1272 3145 1581 3214 pariterque
1616 3143 1828 3198 cunctis
1859 3152 1962 3196 ter-

391 3255 466 3293 rae
492 3237 732 3308 prandiis,
773 3241 900 3306 quia
935 3236 1144 3290 nullum
1180 3243 1342 3290 terrae
1368 3242 1713 3304 proventum,
1751 3234 1958 3287 nullum

392 3331 648 3386 arborum
680 3337 894 3400 partum
931 3344 1080 3383 more
1120 3328 1281 3383 solito
1318 3329 1607 3382 collectum
1641 3328 1822 3381 videre
1853 3335 1957 3382 est.

2054 2167 2144 2213 τες
2173 2151 2557 2226 θυσιαστηρίῳ,
2586 2157 2668 2209 ὅτι
2694 2154 3146 2227 τεταλαιπώρηκε
3173 2157 3338 2218 σῖτος,
3364 2153 3635 2224 ἐξηράνθη

2054 2239 2232 2308 οἶνος,
2289 2246 2539 2317 ὠλιγώθη
2605 2247 2804 2312 ἔλαιον,
2873 2246 3327 2319 κατῃσχύνθησαν
3373 2246 3634 2315 γεωργοί’

2057 2333 2324 2404 θρηνεῖτε,
2356 2338 2608 2407 κτήματα
2641 2338 2780 2408 ὑπὲρ
2813 2337 2986 2409 πυροῦ
3012 2337 3104 2390 καὶ
3129 2337 3343 2408 κριθῆς,
3395 2335 3476 2389 ὅτι
3524 2337 3636 2388 άπ-

2055 2425 2220 2478 όλωλε
2243 2428 2511 2498 τρυγητὸς
2540 2428 2598 2493 ἐξ
2625 2429 2814 2500 άγροῦ’
2849 2431 2881 2500 ἡ
2915 2429 3154 2498 ἄμπελος
3197 2426 3487 2500 ἐξηράνθη,
3539 2426 3639 2479 καὶ

2058 2520 2220 2570 συκαῖ
2277 2517 2633 2588 ὀλιγώθησανο
2671 2519 2790 2590 ῥοιὰ
2839 2519 2927 2574 καὶ
2973 2518 3147 2588 φοίνιξ
3193 2519 3285 2571 καὶ
3342 2517 3506 2588 μῆλον
3539 2518 3638 2570 καὶ

2059 2609 2236 2660 πάντα
2262 2607 2330 2661 τὰ
2351 2607 2482 2672 ξύλα
2507 2609 2599 2662 τοῦ
2629 2609 2800 2680 ἀγροῦ
2829 2609 3220 2680 ὲξηράνθησαν.
3265 2628 3283 2660 ι
3323 2608 3640 2678 Ἀρμόττων

2062 2698 2160 2768 μὲν
2191 2695 2282 2752 οὖν
2315 2701 2428 2762 τοῖς
2476 2699 2800 2769 ίερατεύουσι
2845 2699 2924 2768 τῷ
2960 2698 3325 2768 θυσιαστηρίῳ
3353 2699 3380 2750 ὁ
3411 2697 3634 2767 θρῆνος,

2058 2791 2140 2843 ὅτι
2199 2790 2468 2860 παντελὴς
2505 2790 2706 2862 ἀφορία
2735 2790 2952 2860 κατέχει
2983 2790 3083 2853 τὰς
3128 2790 3398 2852 πεδιάδας,
3433 2791 3525 2858 ἀφ’
3561 2784 3640 2842 ὧν

2058 2883 2156 2944 τάς
2183 2899 2241 2934 τε
2281 2881 2534 2951 ἀπαρχὰς
2565 2881 2659 2934 καὶ
2698 2881 2796 2943 τὰς
2829 2879 3082 2944 δεκατιὰς
3113 2878 3481 2950 κομιζόμενοι,
3525 2880 3640 2932 τῶν

2060 2969 2371 3038 ἀναγκαίων
2404 2966 2547 3040 εἶχον
2575 2970 2674 3040 τὴν
2705 2970 2981 3038 ἀφθονίαν·
3017 2971 3300 3040 ἁρμόττων
3325 2970 3380 3022 δὲ
3414 2971 3512 3039 οὐχ
3541 2965 3642 3040 ἦτ-

2059 3079 2150 3114 τον
2179 3061 2374 3130 θρῆνος
2413 3061 2509 3113 καὶ
2551 3063 2616 3130 τῇ
2645 3063 2716 3132 γῇ
2744 3061 2960 3115 πάντων
3001 3061 3328 3132 ἀφῃρημένη
3365 3060 3472 3112 τῶν
3506 3076 3645 3130 καρ-

2064 3152 2199 3204 πῶνο
2230 3151 2304 3215 ὼς
2337 3151 2432 3204 καί
2461 3155 2571 3213 τοῖς
2598 3152 2904 3223 γεωργοῦσι
2943 3153 3042 3223 τὴν
3094 3153 3217 3223 γῆν,
3252 3150 3515 3221 αἰσχύνην
3561 3153 3648 3204 ὲν-

2063 3242 2252 3295 τεῦθεν
2286 3241 2720 3313 περιγίγνεσθαι,
2752 3243 2832 3296 ὅτι
2860 3243 2924 3313 δὴ
2945 3245 3284 3313 πεπονήκασι
3315 3243 3512 3311 μάτην
3547 3243 3648 3294 καὶ

2065 3335 2202 3386 πᾶσι
2219 3333 2276 3385 δὲ
2303 3336 2414 3396 τοῖς
2443 3332 2532 3385 ὲ,πὶ
2556 3333 2652 3402 τῆς
2682 3331 2861 3403 χώρας
2883 3334 3152 3403 κτήμασιν
3177 3333 3393 3404 ὁμοίως,
3427 3333 3510 3385 ὅτι
3541 3334 3649 3403 μή·

399 3440 421 3472 ι
459 3419 726 3487 Quoniam
760 3419 1019 3488 gaudium
1059 3417 1428 3473 confuderunt
1466 3419 1557 3472 filii
1593 3419 1897 3471 hominum.
1939 3438 1957 3471 ι

2065 3440 2124 3476 τε
2155 3423 2264 3476 τῶν
2292 3423 2400 3476 ἀπὸ
2439 3423 2544 3491 γῆς
2584 3423 2942 3491 γιγνομένων,
2981 3424 3116 3492 μήτε
3163 3423 3241 3492 (p.
3290 3421 3409 3489 109)
3443 3421 3554 3475 τῶν
3588 3422 3649 3473 ἐν

393 3510 502 3566 Pro
533 3526 599 3566 eo
623 3518 682 3565 ut
713 3511 900 3565 dicat:
937 3509 1149 3563 Nemini
1176 3510 1333 3565 adest
1360 3509 1575 3565 lzetandi
1599 3511 1841 3570 occasio,
1874 3526 1957 3580 pne

2068 3513 2305 3585 δένδρεσι
2333 3512 2663 3581 τικτομένων
2693 3511 3140 3582 είσκομιζόμενόν
3173 3529 3226 3564 τι
3259 3512 3400 3565 κατὰ
3428 3511 3490 3564 τὸ
3518 3513 3650 3565 είω-

393 3602 546 3657 denti
577 3601 787 3656 scilicet
813 3601 919 3655 nisi
944 3601 997 3654 in
1029 3601 1231 3656 talibus
1261 3601 1540 3670 tantisque
1569 3601 1728 3655 malis
1760 3601 1957 3654 luctum

2072 3604 2162 3667 θὸς
2193 3603 2415 3657 δυνατὸν
2460 3604 2604 3657 ἰδεῖν.
2649 3621 2668 3654 ι
2708 3604 2829 3655 ’Ότι
2864 3604 3206 3674 κατῄσχυναν
3239 3603 3412 3675 χαρὰν
3456 3604 3506 3656 οἰ
3539 3604 3654 3657 υἱοί⁵

397 3700 542 3763 agat.
608 3691 711 3748 Per
763 3693 880 3746 haec
946 3693 1130 3747 omnia
1193 3693 1534 3748 demonstrat
1589 3693 1957 3761 gravissimam

2069 3691 2176 3744 τῶν
2229 3691 2548 3763 ἀνθρώπων.
2589 3710 2607 3742 ›
2665 3690 2778 3744 Ἵνα
2831 3691 2976 3764 εἴπῃ.
3006 3693 3085 3745 ὅτι
3134 3693 3322 3763 μηδενὶ
3357 3693 3656 3764 πρόσεστιν

400 3783 748 3839 sterilitatem
788 3783 1160 3837 lsraelitarum
1188 3783 1398 3853 regioni
1438 3783 1757 3850 contigisse,
1797 3783 1957 3851 dupli-

2073 3783 2296 3853 ἀφορμὴ
2327 3781 2420 3834 τοῦ
2444 3783 2676 3853 χαίρειν,
2701 3783 3107 3853 αἰσχυνομένοις
3129 3785 3177 3836 εἰ
3203 3784 3277 3855 μὴ
3295 3783 3542 3837 πενθοῖεν
3559 3784 3654 3837 ἐπὶ

403 3889 631 3942 cemque
671 3887 968 3928 aarumnam
1033 3871 1224 3936 fuisse,
1274 3872 1524 3927 hostibus
1584 3873 1800 3926 scilicet
1847 3887 1957 3926 eam

2073 3875 2346 3935 τοσούτοις
2371 3874 2462 3926 καὶ
2492 3873 2828 3942 τηλικούτοις
2856 3876 3064 3936 κακοῖς
3090 3873 3184 3926 διὰι
3205 3875 3419 3928 πάντων
3447 3874 3511 3944 δὴ
3528 3877 3684 3933 τούοι

398 3965 635 4031 pessime
663 3962 1098 4024 devastantibus,
1129 3971 1185 4016 et
1209 3963 1327 4031 ipsa
1357 3969 1502 4016 terra
1541 3959 1755 4032 frugum
1784 3960 1957 4015 fertili

2074 3984 2182 4020 των
2215 3965 2465 4035 ἀκαρπία
2515 3963 2792 4035 βαρυτάτῃ
2844 3963 3202 4033 κατειλῆφθαι
3251 3963 3493 4018 δείκνυσι
3538 3947 3680 4026 τῶνξ

397 4063 568 4109 tatem
601 4060 850 4123 negante.
879 4050 1021 4117 Quid
1060 4067 1191 4121 ergo
1226 4060 1350 4121 post
1376 4052 1534 4106 haec?

2099 4055 2445 4126 Ἰσραηλιτῶν
2475 4056 2574 4124 τὴν
2606 4053 2808 4124 χώραν,
2844 4054 2919 4116 ὡς
2943 4049 3080 4108 εἶναι
3108 4055 3328 4108 διπλοῦν
3359 4054 3422 4108 τὸ
3457 4054 3678 4109 κακόνοί

401 4147 671 4218 πολεμίων
692 4163 751 4198 τε
778 4145 972 4208 αὐτοὺς
999 4145 1340 4200 διατιθέντων
1361 4145 1429 4200 τὰ
1446 4147 1717 4217 χείριστα,
1745 4151 1839 4202 καὶ
1866 4151 1963 4221 τῆς
1982 4151 2084 4221 γῆς
2117 4152 2296 4203 πᾶσαν
2324 4148 2707 4220 ἀρνησαμένης
2737 4148 2845 4199 τῶν
2871 4147 3114 4218 καρπῶν,
3129 4147 3226 4218 τὴν
3257 4147 3446 4218 φοράν.
3463 4147 3529 4200 Τί
3559 4144 3657 4203 οὖν

403 4240 496 4294 ἐπὶ
523 4237 731 4301 τούτοις
753 4253 769 4302 ;
1893 4284 1902 4290 .

474 4332 641 4388 Vens.
674 4331 852 4386 15-16.
877 4360 948 4372 --
977 4350 998 4383 ς
1047 4331 1329 4402 Accingite
1361 4348 1458 4387 vos
1502 4341 1556 4387 et
1588 4333 1977 4404 plangite,~sa-

405 4426 678 4486 cerdotes,
725 4423 1121 4488 lamentamini,
1171 4424 1266 4493 qui
1313 4424 1639 4478 ministratis
1676 4425 1856 4490 altari,
1900 4428 1979 4479 iu-

404 4513 718 4586 gredimini,
758 4512 995 4567 dormite
1031 4513 1082 4566 in
1125 4515 1302 4567 saccis
1361 4514 1491 4567 dum
1524 4514 1589 4567 in.
1616 4513 1710 4570 Dei
1742 4516 1981 4571 ministe-

404 4604 490 4658 rio
518 4602 838 4664 versamini,
872 4603 1000 4671 quia
1031 4603 1265 4658 recessit
1299 4617 1330 4655 a
1361 4603 1523 4658 domo
1554 4603 1650 4658 Dei
1691 4606 1857 4661 vestri
1898 4623 1980 4661 sa-

2145 4332 2292 4401 Στίχ.
2329 4335 2527 4397 ιγ’-ις’.
2556 4358 2627 4368 --
2670 4346 2688 4378 ι
2725 4326 3105 4398 Περιζώσασθε
3139 4329 3232 4381 καὶ
3269 4327 3557 4389 κόπτεσθε,
3600 4331 3656 4382 οἱ

2079 4426 2264 4494 ἱερεῖς,
2290 4421 2533 4491 θρηνεῖτε
2549 4421 2598 4471 οἱ
2618 4419 3054 4488 λειτουργοῦντες
3071 4418 3462 4490 θυσιαστηρίῳ,
3480 4420 3660 4472 εἰσέλ-

2077 4515 2195 4567 θετε
2214 4553 2228 4576 ,
2253 4509 2535 4564 ὑπνώσατε
2574 4511 2632 4561 ὲν
2676 4509 2897 4572 σάκκοις
2928 4508 3364 4580 λειτουργοῦντες
3390 4510 3508 4579 Θεῷ
3527 4527 3542 4540 ο
3573 4513 3659 4564 ὅτι

2075 4604 2384 4672 ἀπέσχηκεν
2401 4601 2460 4664 ἐξ
2476 4600 2623 4652 οίκου
2639 4599 2772 4652 Θεοῦ
2791 4601 2820 4652 ύ
2828 4600 2942 4670 μῶν
2957 4600 3118 4654 θυσία
3136 4601 3229 4654 καὶ
3241 4601 3461 4673 σπονδή.
3485 4623 3504 4654 ι
3539 4603 3660 4672 Ἐφ’

404 4694 674 4749 orificium
706 4705 760 4748 et
780 4692 992 4746 libatio.
1034 4712 1053 4744 ι
1085 4692 1204 4748 Prae
1228 4694 1483 4749 omnibus
1513 4695 1668 4749 decet
1692 4711 1788 4750 vos
1810 4698 1953 4765 potis

2078 4694 2249 4747 ἅπασι
2271 4693 2326 4746 δὲ
2347 4692 2580 4762 μάλιστα
2612 4691 2973 4762 πρέπονὺμῖν
2999 4695 3110 4756 τοῖς
3134 4694 3212 4755 εἰς
3241 4693 3338 4762 τὴν
3357 4694 3660 4765 ἱερωσύνην

405 4785 627 4847 simum,
654 4782 1136 4853 sacerdotiofungi
1169 4784 1417 4850 sortitos,
1453 4799 1615 4839 sacco
1642 4785 1857 4850 vestiri,
1884 4802 1957 4842 ne.

2078 4783 2349 4854 προΰεϐλη
2359 4782 2538 4853 μένοις
2558 4781 2870 4854 περιθέσθαι
2891 4781 2988 4853 μὲν
3008 4783 3230 4848 σάκκον,
3243 4785 3340 4838 οὐκ
3357 4786 3661 4856 ἀφαιροῦν-

406 4891 516 4945 que
545 4876 598 4930 id
626 4889 868 4944 unquam
905 4875 1201 4943 deponere,
1233 4875 1346 4930 sive
1389 4876 1620 4938 cubetis,
1658 4876 1774 4930 sive
1809 4877 1957 4932 etian

2077 4891 2175 4936 τας
2203 4873 2385 4937 αὐτὸν,
2421 4871 2539 4925 οὔτε
2577 4875 2624 4926 εἰ
2656 4872 2996 4938 καθεύδοιτε,
3028 4872 3151 4926 οὔτε
3185 4874 3292 4945 μὴν
3321 4876 3370 4927 εἰ
3403 4877 3503 4946 τὴν
3545 4876 3659 4930 λει-

404 4979 523 5020 rem
551 4978 762 5017 sacram
794 4964 1097 5032 peragatis;
1140 4963 1235 5018 sed
1265 4964 1559 5032 gemitibus
1591 4965 1870 5035 luctuique
1899 4966 1956 5020 in

2078 4963 2340 5033 τουργίαν
2363 4963 2672 5032 ὲκτελοίητε
2693 4961 2790 5032 τὴν
2815 4962 2985 5015 θείαν·
3012 4963 3196 5034 θρήνῳ
3218 4965 3275 5016 δὲ
3298 4966 3659 5035 προσανέχειν

407 5054 670 5124 dulgere;
713 5063 1004 5122 prOpterea
1030 5054 1174 5121 quod
1205 5055 1297 5122 qui
1328 5055 1432 5109 rite
1471 5054 1579 5108 Deo
1621 5056 1947 5110 exhibebatu

2083 5053 2178 5105 καὶ
2205 5051 2442 5122 κοπετῷ,
2467 5052 2608 5122 ὑπὲρ
2634 5045 2708 5105 ὧν
2735 5051 2919 5106 ἅπασα
2944 5052 3214 5107 πέπαυται
3244 5055 3278 5123 ἡ
3309 5055 3660 5126 καθηκόντως

408 5146 594 5199 cultus
623 5143 848 5197 omnino
881 5144 1156 5196 desiverit.
1195 5163 1214 5194 ι
1256 5143 1916 5214 Sanctiﬁcalejejuninm.
1955 5166 1957 5196 :

2082 5142 2462 5213 ἁπονεμομένη
2504 5141 2582 5210 τῷ
2623 5140 2741 5211 Θεῷ
2791 5141 3074 5212 θεραπεία.
3139 5163 3157 5195 ι
3227 5145 3515 5211 ’Λγιάσατε
3558 5162 3655 5214 νη-

411 5235 684 5300 Quoniam
731 5241 978 5287 sanctum
1025 5231 1247 5296 dicitur,
1279 5234 1544 5302 quidquid
1589 5243 1672 5288 est
1717 5236 1976 5290 selectum

411 5335 468 5382 et
492 5341 520 5377 a
549 5324 895 5378 multitudine
929 5331 1260 5392 separatum,
1287 5324 1408 5378 ideo
1450 5342 1468 5374 ε
1496 5323 1842 5379 Sanctificate
1877 5326 1980 5394 73

408 5415 677 5485 jejunium
708 5432 728 5465 ι
753 5413 908 5479 dicit,
941 5413 994 5466 id
1023 5420 1108 5467 est
1131 5415 1196 5466 ad
1218 5413 1320 5466 hoc
1349 5427 1445 5468 vos
1472 5423 1804 5482 comparate,
1824 5416 1986 5469 omis-

413 5508 602 5572 sisque
624 5504 880 5558 omnibus
916 5510 969 5558 et
995 5518 1221 5572 prorsus
1260 5503 1517 5571 sejuncti,
1555 5503 1737 5557 dedite
1777 5519 1873 5558 vos
1921 5518 1984 5557 ac

413 5595 688 5665 disponite
747 5594 814 5649 ad
869 5594 1064 5665 jejunii
1128 5595 1550 5650 observantiam.
1609 5614 1627 5644 ι
1683 5593 1982 5650 Pracdicate

416 5689 600 5745 cultus
651 5688 906 5746 officium.
961 5708 981 5741 ι
1037 5687 1264 5745 lndicite
1299 5689 1575 5754 omnibus,
1623 5694 1682 5742 ut
1728 5687 1983 5744 humanis

2084 5235 2281 5290 στείαν.
2330 5255 2349 5287 ι
2400 5234 2635 5306 Ἐπειδὴ
2689 5234 2840 5302 ἆγιον
2877 5235 3096 5305 λέγεται
3134 5237 3195 5288 τὸ
3237 5237 3512 5308 ἐξαίρετον
3560 5238 3655 5290 καὶ

2081 5325 2190 5378 τῶν
2223 5325 2432 5378 πολλῶν
2474 5327 2900 5399 κεχωρισμένον,
2940 5347 2959 5380 ι
3006 5328 3292 5395 Ἀγιάσατε
3341 5327 3592 5395 νηστείαν
3633 5345 3651 5378 ι

2083 5417 2253 5483 λέγει,
2284 5416 2403 5468 ἀντὶ
2423 5417 2538 5482 τοῦ,
2575 5416 2718 5488 Πρὸς
2746 5418 2948 5488 ταύτην
2975 5416 3050 5487 (p.
3088 5416 3210 5487 110)
3245 5417 3466 5477 ἑαυτοὺς
3493 5416 3656 5468 ὲκτά-

2087 5508 2236 5574 ξατε,
2263 5507 2357 5560 καὶ
2387 5507 2603 5560 πάντων
2629 5507 2888 5577 ἀφέμενοί
2919 5524 2977 5559 τε
3006 5507 3099 5560 καὶ
3133 5505 3494 5576 χωρισθέντες
3520 5522 3654 5557 παν-

2086 5598 2276 5661 τελῶς,
2317 5596 2616 5669 άφορίσατε
2646 5598 2738 5650 καὶ
2768 5598 2965 5662 τάξατε
3016 5598 3152 5667 πρὸς
3187 5589 3284 5666 τὴν
3318 5594 3522 5664 ταύτης
3565 5595 3655 5646 ἐκ·

2091 5688 2371 5758 πλήρωσιν
2419 5687 2662 5750 ἑαυτούς,
2697 5707 2714 5738 ι
2766 5685 3052 5756 Κηρύξατε
3100 5683 3414 5754 θεραπείαν.
3479 5703 3495 5734 ι
3551 5683 3655 5736 Καὶ
