3824 6224
151 337 238 392 21⁵1
1142 342 1147 345 ⁷
1176 329 1725 387 COMMENTARIUS

1854 328 2084 385 JOELIS
2119 326 2267 383 CAP.
2298 327 2339 381 1.
3264 315 3372 371 218

148 450 408 522 μηνύσατε
440 453 627 514 πᾶσιν,
656 451 805 513 ὅπως
828 450 893 504 ἂν
920 450 1026 503 τῶν
1054 449 1408 522 ἀνθρωπείων
1438 448 1698 517 ἀφέμενοι
1728 502 1729 505 η

1835 447 2037 517 ιεεοιὶὶε
2078 445 2323 507 omissis,
2355 440 2455 496 Dei
2499 440 2679 494 cultui
2713 436 3044 496 celebrando
3094 436 3368 493 intersint.

141 542 482 613 πραγμάτων,
542 546 607 613 τῇ
664 542 759 595 τοῦ
796 540 1368 612 Θείουπροσανέχοιεν
1414 540 1699 609 θεραπείᾳ.

1879 538 2213 607 Congregate
2254 548 2415 587 senes
2439 570 2454 593 ,
2498 544 2799 600 omnesque
2835 537 2997 583 terra
3044 528 3254 580 incolas
3304 526 3373 581 ad

149 653 166 684 ι
186 635 519 702 Συναγάγετε
533 633 949 703 πρεσϐυτέρους,
967 634 1174 694 πάντας
1185 634 1309 695 τοὺς
1325 630 1705 690 κατοικοῦντας

1835 633 2025 683 iomum
2083 626 2176 680 Dei
2215 624 2403 687 vestri,
2441 629 2495 676 et
2533 623 2766 675 clamate
2796 620 2866 673 ad
2898 618 3183 673 Dominum
3222 617 3376 671 vehe-

139 724 230 793 τὴν
260 726 360 794 γῆν
408 726 486 786 είς
519 719 664 776 οἷκον
711 722 848 775 Θεοῦ
886 722 1059 792 ὑμῶν,
1101 723 1196 775 καὶ
1236 720 1536 791 κεκράξατε
1567 718 1703 787 πρὸς

1835 728 2051 772 nenter:
2107 715 2219 769 lleu
2271 713 2431 767 mihi!
2469 713 2572 766 hcu
2623 710 2792 763 mihi!
2832 712 2933 763 heu
2964 707 3094 761 mihi
3143 708 3195 759 in
3247 704 3369 758 die!

140 813 332 884 Κύριον
359 814 590 875 ἐκτενῶς
608 853 622 876 ,
656 813 833 883 Οῖμοι,
864 813 1039 883 οἴμοι,
1067 814 1210 882 οἴμοι
1238 814 1316 874 είς
1346 810 1577 881 ἡμέραν,
1623 811 1703 877 ὅτι

1835 811 1931 877 μία
1964 822 2127 877 prope
2155 806 2272 859 dies
2303 803 2537 857 Domini.
2573 821 2591 853 ι
2626 800 2690 853 Ει
2714 816 2926 862 omnes,
2958 799 3052 867 qui
3076 798 3129 850 in
3156 796 3377 865 regione

1804 906 1985 954 vestra
2028 897 2331 966 praecedere
2364 894 2488 947 aliis
2538 892 2608 945 ob
2654 898 2870 944 atatem
2918 889 3136 951 debent,
3180 886 3377 940 coadu-

1808 998 2023 1049 nantes.
2072 1002 2210 1056 quos
2245 993 2299 1039 et
2345 985 2581 1053 reliquos
2627 983 2781 1052 sequi
2823 996 2921 1050 par
2960 988 3066 1046 est,
3108 978 3372 1049 gregatim

1806 1078 2151 1133 Dei'demum
2187 1074 2395 1145 ingredi
2424 1073 2708 1143 impellite,
2748 1071 2991 1140 quandiu
3016 1070 3171 1123 vobis
3196 1068 3375 1123 adhuc

1807 1168 2145 1240 ingrediendi
2188 1166 2344 1234 copia
2383 1172 2486 1220 est.
2523 1165 2658 1219 Cum
2694 1162 2881 1216 multis
2916 1168 3095 1214 autem
3143 1159 3376 1215 clamate

1804 1261 2134 1331 gemitibus;
2172 1257 2225 1311 id
2252 1257 2397 1311 enim
2428 1255 2683 1324 pradicta
2716 1252 2916 1306 locutio
2947 1252 3050 1305 heu
3088 1250 3242 1314 mihi,
3269 1249 3374 1303 heu

1806 1351 1965 1412 mihi,
1992 1350 2096 1404 heu
2128 1348 2284 1410 mihi,
2317 1345 2627 1416 signiﬁcat;
2669 1350 2891 1398 orantes
2936 1357 3007 1395 ne
3045 1340 3190 1395 diem
3226 1338 3374 1392 illam

1806 1440 2040 1510 experiri
2091 1437 2382 1507 cogamini,
2428 1450 2552 1505 qua
2591 1432 2737 1488 haud
2772 1431 2960 1500 procul
3004 1430 3179 1494 abest,
3220 1428 3377 1497 juxta

1806 1533 2043 1587 divinam
2087 1528 2589 1585 comminationem.
2652 1543 2673 1576 ι
2727 1524 2794 1577 Ει
2838 1522 2993 1592 quasi
3045 1520 3265 1576 miseria
3309 1517 3378 1574 de

1807 1621 2037 1677 miseria
2088 1619 2290 1673 veniet.
2340 1635 2359 1667 ι
2424 1614 2505 1669 Ne
2560 1614 2680 1669 sine
2740 1609 3150 1679 intercapedine
3219 1606 3379 1660 malis

147 1715 266 1784 ὑμῖν
296 1717 609 1785 περιπεσεῖν
643 1714 927 1784 ἐγγένηται
950 1716 1062 1775 τοῖς
1094 1715 1303 1774 κακοῖς.
1350 1727 1369 1760 ι
1414 1710 1534 1761 Ὅτι
1572 1723 1703 1759 κατι

1835 1709 2203 1781 :orripiamini.
2248 1727 2267 1759 ι
2300 1707 2440 1772 Quia
2469 1714 2596 1758 ante
2640 1704 2831 1757 oculos
2875 1709 3091 1755 vestros
3119 1697 3379 1751 alimenta

144 1774 321 1860 ἔναντι
366 1774 476 1860 τῶν
523 1774 1010 1874 ὀφθαλμῶν”ύμῶν
1079 1802 1343 1875 βρώματα
1398 1797 1700 1869 ἐξηράνθη,

1839 1808 2153 1861 xaruerunt,
2181 1799 2306 1852 item
2328 1798 2395 1852 de
2416 1798 2579 1850 domo
2614 1793 2709 1847 Dei
2749 1792 2911 1847 vestri
2935 1790 3193 1859 gaudium
3217 1795 3381 1855 atque

143 1897 234 1951 καὶ
252 1896 314 1962 ἐξ
338 1896 489 1949 οἴκου
519 1895 652 1948 Θεοῦ
684 1894 837 1964 ὑμῶν
868 1893 1173 1964 εὐφροσύνη
1207 1894 1305 1946 καὶ
1329 1893 1491 1962 χαρά.
1530 1909 1549 1941 ι
1589 1890 1704 1941 Ἵνα

1835 1891 2010 1946 mitia.
2054 1908 2074 1941 ι
2125 1888 2207 1941 Ne
2263 1893 2605 1955 spectatores
2649 1882 2917 1935 malorum
2967 1879 3183 1932 illorum
3235 1874 3379 1938 sitis,

146 1986 219 2058 μὴ
241 1985 761 2059 αὑτόπταιγένησθε
791 1986 896 2039 τῶν
930 1983 1116 2038 κακῶν
1150 1982 1394 2045 ἐκείνων,
1430 1983 1510 2033 ὅτι
1536 1976 1706 2049 πολλὴ

1835 1984 1934 2051 yuia
1999 1980 2169 2034 multa
2220 1978 2327 2032 erit
2377 1976 2488 2029 imo
2543 1972 2779 2027 maxima
2830 1969 3043 2040 frugum
3094 1965 3379 2021 sterilitas.

148 2055 243 2148 μέν
270 2096 354 2141 τις
391 2056 541 2131 ἔσται
586 2078 679 2130 καῖ⁵
725 2078 953 2147 μεγίστη
996 2076 1103 2128 τῶν
1144 2074 1432 2145 καρπῶνή
1477 2069 1702 2142 ἀφορίαο

1835 2074 2089 2129 'essimus
2126 2069 2373 2123 omnium
2403 2066 2627 2120 accedet
2652 2062 2926 2127 cumulus,
2950 2058 3185 2114 cessatio
3208 2055 3389 2111 omni-

146 2168 566 2238 προστεθήσεται
591 2168 648 2223 δὲ
671 2168 732 2221 τὸ
759 2169 1029 2239 χείριστον
1074 2165 1329 2218 ἀπάντων
1390 2163 1486 2231 τὴν
1529 2162 1708 2214 πᾶσαν

1835 2164 1969 2217 noda
2010 2164 2065 2216 in
2095 2161 2188 2215 Dei
2221 2159 2424 2227 templo
2451 2155 2678 2225 congrui
2722 2153 3005 2221 debitique
3038 2149 3148 2204 Deo
3176 2148 3380 2209 cultus.

145 2260 453 2333 ἀφῃρῆσθαι
499 2260 591 2313 τοῦ
626 2260 776 2312 οἴκου
819 2259 912 2312 τοῦ
957 2256 1093 2311 Θεοῦ
1138 2255 1236 2326 τὴν
1272 2253 1616 2325 καθήκουσαν
1649 2267 1710 2303 τε

1835 2254 1904 2322 [ui
1950 2253 2151 2324 gaudio
2198 2251 2437 2320 plurimo
2472 2256 2633 2317 atque
2686 2244 2873 2299 latitia
2925 2242 3137 2311 replere
3173 2243 3384 2309 poterat

144 2351 235 2402 καὶ
264 2348 619 2419 ὀφειλομένην
641 2349 716 2418 τῷ
746 2348 863 2417 Θεῷ
894 2350 970 2417 (p.
1008 2347 1130 2413 111)
1154 2344 1469 2416 θεραπείαν,
1498 2343 1532 2412 ὴ
1563 2341 1712 2394 πλείο

1835 2344 2028 2399 ιοηεειί
2052 2342 2357 2399 studiosos.

145 2455 272 2509 στης
297 2439 785 2509 ὄσηςεύφροσύνης
816 2456 875 2491 τε
904 2439 997 2491 καὶ
1023 2438 1196 2508 χαρᾶς
1220 2434 1462 2504 πληροῦν
1484 2431 1715 2502 ήδύνατο

143 2529 264 2591 τοὺς
292 2529 430 2599 πρὸς
457 2529 516 2580 τὸ
537 2528 655 2581 δέον
684 2528 941 2598 ὁρῶντας.

209 2619 355 2688 Στίχ.
389 2615 561 2682 ιζ’-κ’.
586 2649 658 2660 -
698 2640 717 2671 ί
765 2620 1123 2690 Ἐσκίρτησαν
1150 2618 1414 2689 δαμάλεις
1458 2619 1551 2670 ἐπὶ
1590 2617 1716 2678 ταῖς

144 2710 365 2777 φάτναις
389 2709 593 2763 αὐτῶν.
627 2729 647 2761 ι
674 2703 840 2764 Αὗται
876 2710 974 2780 μὲν
1002 2710 1107 2780 γὰρ
1131 2710 1236 2761 ὑπὸ
1257 2709 1356 2778 τῆς
1385 2707 1718 2777 κατεχούσης

142 907 299 973 ἐγγὺς
324 905 503 975 ήμέρα
536 905 763 974 Κυρίου.
798 923 816 955 ι
848 904 963 957 Καὶ·
980 904 1188 965 πάντας
1220 902 1284 971 δὴ
1312 902 1402 953 ἐπὶ
1434 902 1531 970 τῆς
1569 900 1705 969 ὑμε-

141 992 301 1060 τέρας
339 992 519 1061 χώρας
557 990 805 1060 ἡγεῖσθαι
842 990 948 1043 τῶν
985 991 1186 1044 λοιπῶν
1234 989 1309 1052 ὡς
1342 988 1508 1052 εἰκὸς,
1547 989 1701 1055 κοινῇ

144 1082 237 1151 μὲν
280 1082 532 1145 εἰσελθεῖν
569 1084 650 1144 εἰς
694 1082 785 1135 τὸν
813 1079 958 1134 οἶκον
992 1080 1278 1149 ἐπείχθητε
1317 1078 1411 1130 τοῦ
1455 1076 1611 1139 Θεοῦ,
1647 1079 1704 1127 ἐν

142 1173 244 1241 ὅσῳ
274 1188 376 1242 περ
410 1172 537 1240 ὑμῖν
562 1175 712 1226 ἐστιν
736 1172 893 1225 ἄδεια
920 1170 1014 1223 τοῦ
1045 1170 1294 1225 εἰσιέναι·
1334 1168 1471 1237 μετὰ
1493 1164 1703 1219 πολλῶν

141 1261 196 1315 δὲ
241 1262 576 1330 ἀναϐοήσατε
629 1261 738 1314 τῶν
789 1259 1124 1329 στεναγμῶν
1179 1258 1337 1311 τοῦτο
1389 1256 1490 1325 γὰρ
1534 1254 1703 1321 λέγει,

142 1371 163 1407 ι
197 1354 371 1422 οἶμοι,
405 1352 571 1421 οἶμοι,
628 1354 806 1423 οἶμοι·
853 1369 873 1404 ι
926 1350 1210 1420 εὐχόμενοι
1261 1352 1335 1418 μὴ
1384 1350 1465 1410 είς
1507 1348 1705 1414 πεῖραν

142 1443 305 1496 ἐλθεῖν
336 1444 433 1513 τῆς
461 1443 676 1514 ήμέρας
698 1442 933 1510 ἐκείνης,
960 1442 1028 1510 ἢν
1054 1442 1114 1492 οὐ
1142 1440 1330 1509 πόρρω
1361 1437 1706 1507 συμϐέϐηκεν

142 1531 271 1587 εἶναι
304 1534 442 1587 κατά
470 1535 572 1603 τὴν
604 1532 831 1602 ἀπειλὴν
863 1532 961 1601 τὴν
997 1531 1167 1582 θείαν.
1212 1549 1231 1580 ι
1271 1529 1381 1581 Καὶ
1410 1529 1485 1591 ὡς
1516 1527 1705 1580 ταλαι-

143 1624 317 1697 πωρία
344 1627 408 1677 ἐκ
432 1623 807 1693 ταλαιπωρίας
831 1624 971 1692 ἣξει.
1006 1641 1021 1674 ι
1064 1623 1152 1685 Ὠς
1176 1620 1242 1674 ἂν
1270 1620 1344 1691 μὴ
1385 1617 1706 1686 ἐπαλλήλοις

1886 2613 2054 2668 Vens.
2104 2608 2321 2665 17-20.
2352 2638 2422 2652 --
2465 2624 2484 2657 ι
2522 2604 2983 2659 Subsultaverunt
3031 2597 3280 2668 iuvenca
3329 2596 3386 2650 in

1817 2705 2151 2776 prasepibus
2231 2700 2371 2754 suis.
2413 2716 2431 2748 ι
2492 2695 2586 2749 [la
2656 2695 2858 2763 quippe
2908 2696 3189 2760 premente
3247 2685 3390 2740 fame

141 2800 346 2864 ἐνδείας
376 2799 835 2871 συνελαυνόμεναι
865 2802 1000 2871 πρὸς
1033 2802 1095 2853 τὸ
1125 2802 1351 2870 σκιρτᾷν
1379 2816 1440 2851 τε
1468 2798 1717 2851 νεύσουσι

144 2891 237 2944 καὶ
264 2890 667 2961 ταράττεσθαι,
698 2890 802 2943 ὑπὸ
853 2891 950 2961 μὲν
995 2890 1095 2959 τῆς
1130 2889 1345 2957 φύσεως
1376 2889 1476 2958 τὴν
1514 2886 1721 2957 τροφὴν

146 2980 518 3050 ἐπιζητοῦσαι,
549 2980 654 3033 ὑπὸ
682 2981 737 3033 δὲ
758 2980 850 3033 τοῦ
879 2980 952 3050 μὴ
975 2982 1226 3051 παρεῖναι
1255 2979 1316 3031 τὸ
1336 2978 1554 3047 τρέφον,
1588 2975 1723 3046 πρὸς

1820 2808 2043 2859 coacta,
2079 2793 2393 2848 subsultare
2427 2804 2491 2842 ac
2537 2785 2849 2857 perturbari
2894 2780 3183 2849 incipient,
3227 2784 3390 2830 natu-

1822 2888 2008 2942 raliter
2051 2884 2365 2938 alimoniam
2400 2886 2743 2949 quarentes;
2787 2890 2893 2944 qua
2929 2879 3145 2942 negata,
3192 2870 3256 2922 ad
3305 2869 3391 2922 in-

1824 2974 2072 3029 conditas
2121 2970 2552 3026 subsultationes
2598 2972 2903 3019 moventur.
2962 2980 2980 3013 ‹
3027 2961 3391 3028 Εοῐηρυιτυεο

147 3070 1025 3141 ἀτακτονκινούμεναισκίρτησιν.
1052 3089 1069 3120 ι
1093 3069 1404 3138 Εὺρωτίασε
1429 3067 1723 3136 σιτοδοχεῖα

1835 3073 1955 3120 runt
1984 3065 2178 3118 horrea
2210 3062 2279 3115 ab
2313 3058 2666 3113 unctionibus
2712 3056 2848 3110 suis.
2890 3071 2908 3105 ι
2945 3051 3083 3116 Quia
3127 3063 3250 3102 mos
3274 3054 3393 3102 erat

148 3164 249 3217 ἀπὸ
262 3165 372 3216 τῶν
394 3163 710 3233 χρισμάτων
726 3161 923 3215 αὐτῶν.
937 3180 954 3212 ι
975 3160 1190 3230 Ἐπειδὴ
1214 3160 1331 3222 ἔθος
1350 3157 1724 3229 περιχρίεσθαι

148 3255 235 3307 τοῦ
255 3254 408 3307 σίτου
423 3253 522 3316 τὰς
536 3252 815 3321 ἀποθήκας
833 3250 1128 3319 ἀσφαλείας
1139 3250 1345 3313 ἐνεκεν,
1361 3250 1459 3301 οὐκ
1475 3249 1722 3311 ἐνόντων,

150 3347 301 3414 φησὶ,
322 3344 437 3397 τῶν
465 3341 904 3413 ἐμϐαλλομένων,
928 3340 1143 3411 εὐρῶτα
1162 3342 1189 3392 ὁ
1210 3339 1587 3410 ἐπιχριόμενος
1615 3338 1725 3402 ἕξει

152 3435 338 3506 πηλὸς,
368 3434 435 3486 ἐκ
453 3432 546 3485 τοῦ
568 3432 731 3502 μηδὲν
762 3430 1111 3484 ἀποτίθεσθαι
1136 3427 1410 3491 καθάπαξ.
1442 3447 1460 3479 ι
1507 3425 1728 3494 Ἰἰφανί-

158 3527 363 3596 σθησαν
400 3524 682 3595 θησαυροί.
728 3542 745 3574 ι
782 3524 895 3584 Πᾶς
924 3522 1088 3583 τόπος
1125 3521 1308 3572 ὅντινα
1332 3519 1530 3590 δήποτε
1561 3516 1729 3569 εἰσδέ-

155 3617 343 3687 χεσθαι
391 3615 603 3686 καρπὸν
641 3612 873 3679 εἰωθὼς,
905 3612 1157 3682 περιττὸς
1186 3610 1368 3673 ἔσται,
1416 3611 1517 3661 οὐκ
1558 3609 1729 3661 ὄντων

155 3707 261 3762 τῶν
285 3704 656 3777 ἐμϐάλλεσθαι
694 3704 1038 3772 ὀφειλόντων.
1094 3721 1112 3752 ι
1160 3701 1598 3770 Ιίατεσκάφησαν
1637 3698 1731 3769 λη-

157 3797 255 3851 νοί.
293 3817 312 3848 ι
350 3795 613 3865 Περιτταὶ
645 3793 740 3846 καὶ
767 3785 928 3845 αὗται
957 3790 1267 3859 φανοῦνται,
1304 3789 1514 3851 οὐδενὸς
1552 3788 1729 3839 εἰσκο-

164 3885 476 3955 μιζομένου.
534 3902 554 3934 ι
599 3884 723 3933 Ὀτι
766 3880 1034 3951 ἐξηράνθη
1082 3882 1248 3942 σῖτος,
1293 3879 1345 3929 τί
1388 3877 1730 3946 ἀποθήσομεν

163 3978 376 4038 ἑαυτοῖς
412 3993 426 4039 ;
456 3993 475 4026 ι
512 3974 644 4025 Ἀπὸ
675 3973 872 4044 μέρους
896 3972 990 4023 τοῦ
1017 3970 1160 4022 σίτου
1191 3970 1315 4031 τοὺς
1332 3968 1537 4030 πάντας
1561 3969 1733 4020 εἰπεῖν

164 4065 436 4136 ⁴ἐβουλήθη
462 4064 734 4133 καρπούς·
776 4066 855 4125 εἰς
882 4062 989 4131 γὰρ
1025 4060 1309 4130 βεϐαίωσιν
1339 4057 1446 4111 τῶν
1475 4073 1735 4128 προειρη-

170 4158 346 4225 μένων
382 4156 540 4208 τοῦτο
577 4153 823 4223 βούλεται
852 4152 1052 4221 λέγειν,
1086 4152 1168 4204 ὅτι
1197 4150 1305 4202 τῶν
1334 4148 1562 4219 καρπῶν
1596 4165 1734 4199 παν-

167 4248 331 4311 τελῶς
362 4246 753 4317 ἀφῃρημένων,
787 4243 1040 4314 περιττὸς
1064 4244 1171 4305 πᾶς
1203 4241 1356 4294 ἔσται
1393 4240 1556 4303 τόπος
1583 4239 1734 4309 δέχε-

171 4337 292 4390 σθαι
320 4337 451 4399 τοὺς
484 4336 728 4403 καρποὺς
771 4332 998 4397 εἰωθὼς,
1041 4333 1115 4403 (p.
1152 4332 1273 4399 ΗΞ)
1306 4331 1406 4383 οὐκ
1439 4330 1605 4381 ὄντων
1630 4328 1737 4380 τῶν

1833 3156 2069 3225 ungendi
2101 3153 2392 3222 apothecas
2429 3148 2617 3210 tritici,
2666 3160 2833 3200 causa
2863 3139 3317 3202 conservationis,
3344 3136 3393 3192 si

1832 3248 2048 3303 deﬁciet
2088 3242 2349 3314 quidquid
2394 3241 2523 3293 illuc
2566 3235 2920 3307 ingerendum
2951 3239 3089 3294 erat,
3126 3236 3399 3299 pntrescet

1834 3339 2031 3393 illitum
2059 3336 2254 3396 lutum,
2284 3346 2408 3386 cum
2450 3330 2586 3384 nihil
2628 3327 2852 3381 omnino
2895 3323 2967 3378 sit
3017 3322 3164 3375 intus
3192 3318 3401 3387 reposi-

1835 3436 1971 3481 tum.
2006 3444 2024 3476 ι
2069 3422 2343 3478 Destructi
2392 3430 2522 3476 sunt
2578 3416 2842 3471 thesauri.
2895 3431 2915 3465 ι
2963 3410 3199 3476 Quilibet
3248 3408 3402 3460 locus

1834 3517 2080 3585 recipere
2128 3514 2312 3582 fruges
2364 3510 2579 3573 solitus,
2630 3516 3072 3575 supervacaneus
3120 3498 3247 3559 erit,
3277 3509 3401 3549 cum

1835 3622 1942 3661 non
1985 3607 2095 3660 sint
2125 3617 2245 3672 quae
2272 3598 2459 3670 reponi
2496 3598 2747 3651 debeant.
2785 3612 2803 3644 ‹
2846 3591 3088 3648 Suﬂossa
3134 3595 3265 3643 sunt
3289 3593 3405 3639 ror-

1838 3696 2069 3751 eularia.
2104 3714 2122 3746 ›
2156 3692 2263 3762 74
2310 3689 2435 3744 Hac
2482 3701 2699 3757 quoque
2740 3684 3070 3738 videbuntur
3108 3674 3402 3746 superﬂua,

1838 3800 1961 3839 cum
1994 3757 2474 3850 nemo—quidquam
2506 3774 2714 3830 all‘erat.
2752 3790 2771 3822 ι
2808 3772 2944 3826 Cum
2995 3767 3296 3823 arefactum
3334 3764 3407 3817 sit
3435 3757 3460 3835 ζ

1839 3873 2106 3933 triticum,
2140 3844 2271 3937 quid
2303 3844 2460 3919 nobis
2497 3860 2862 3932 reponemus?
2897 3878 2919 3910 ι
2956 3858 2999 3911 Α
3031 3864 3205 3927 parte,
3240 3853 3292 3907 id
3322 3859 3408 3906 est

1841 3981 1872 4019 a
1909 3966 2110 4025 tritico,
2138 3966 2366 4014 cunctos
2414 3955 2531 4009 vult
2579 3954 2841 4006 denotare
2891 3950 3129 4003 fructus.
3164 3937 3443 4010 Namque'

1842 4058 1908 4111 ad
1938 4065 2097 4109 antea
2120 4052 2392 4105 dictorum
2425 4044 2899 4101 confirmationem
2935 4042 3041 4095 hoc
3060 4039 3242 4093 dicere
3270 4034 3407 4099 vult,

1842 4161 2035 4215 nempe
2068 4142 2213 4213 quod
2247 4140 2495 4208 frugibus
2527 4136 2743 4191 cunctis
2781 4132 2999 4194 ablatis,
3034 4138 3409 4198 supervacuus

1843 4242 1947 4295 erit
1979 4239 2156 4292 omnis
2184 4238 2340 4290 locus
2367 4234 2432 4286 iis
2473 4226 2811 4298 exeipiendis
2844 4232 3111 4279 consueto
3138 4232 3289 4272 more
3314 4230 3413 4286 pa-

1845 4338 2017 4390 ratus,
2041 4340 2162 4379 cum
2206 4322 2352 4393 quod
2400 4326 2697 4390 reponatur
2740 4315 2901 4369 desit.
2944 4331 2962 4362 ι
2999 4309 3289 4363 Fleverunt
3318 4319 3411 4357 ar-

168 4426 520 4480 ἀποτίθεσθαι
566 4425 885 4493 μελλόντων.
927 4442 945 4474 ε
987 4422 1259 4475 Ἐκλαυσε
1296 4420 1544 4489 βουκόλια
1577 4418 1729 4487 βοῶν,

1849 4429 2026 4471 menta
2057 4417 2241 4480 boum,
2266 4412 2394 4482 quia
2425 4424 2535 4463 non
2562 4414 2717 4460 erant
2749 4406 2827 4460 eis
2858 4416 3059 4473 pascua
3092 4417 3104 4451 :
3135 4406 3188 4452 et
3217 4409 3412 4466 greges

170 4520 249 4571 ὅτι
282 4519 384 4588 οὐχ
423 4517 629 4588 ὑπῆρχε
664 4516 813 4585 ¹νομὴ
862 4512 1058 4568 αὐτῶν*
1120 4513 1216 4565 καὶ
1262 4512 1328 4565 τά
1366 4511 1590 4581 ποίμνια
1636 4508 1743 4561 τῶν

174 4610 459 4680 προϐάτων
496 4605 890 4676 ἠφανίσθησαν.
949 4622 967 4654 ι
1031 4604 1343 4673 ’Λφῄρηται
1379 4601 1487 4654 τῶν
1531 4599 1743 4670 κτηνῶν

172 4700 206 4768 ή
236 4695 476 4767 συνήθης
524 4694 665 4748 κατὰ
708 4692 892 4764 χώραν
931 4692 1130 4762 τροφή.
1176 4710 1194 4741 ι
1231 4690 1373 4760 Πρὸς
1407 4690 1486 4753 σὲ,
1534 4688 1704 4758 Κύριε
1729 4727 1745 4752 ,

176 4781 573 4856 βοήσομαι,ὅτι
600 4781 713 4853 πῦρ
734 4783 980 4854 ἀνήλωσε
1024 4782 1095 4834 τὰ
1141 4780 1319 4850 ὡραῖα
1345 4779 1445 4848 τῆς
1496 4779 1700 4848 ἐρήμου
1728 4816 1745 4836 ,

176 4879 271 4931 καὶ
300 4876 432 4945 φλὸξ
470 4874 643 4943 ἀνῆψε
690 4876 868 4927 πάντα
904 4873 971 4925 τὰ
1005 4870 1138 4934 ξύλα
1168 4868 1261 4921 τοῦ
1294 4867 1485 4937 ἀγροῦ.
1525 4886 1542 4918 ι
1580 4868 1746 4935 Κοινῇ

175 4968 239 5022 δὲ
263 4968 468 5028 πάντες
496 4967 587 5018 ἐπὶ
631 4966 743 5025 τοῖς
775 4963 1065 5031 κατέχουσι
1116 4962 1300 5020 κακοῖς
1335 4958 1484 5026 παρά
1519 4956 1609 5008 σοῦ
1645 4955 1751 5008 τῶν

178 5058 509 5126 τηλικούτων
554 5054 739 5109 κακῶν
788 5054 1084 5121 αἰτήσομεν
1134 5051 1232 5120 τὴν
1263 5048 1436 5110 λύσιν,
1484 5048 1565 5099 ὅτι
1597 5046 1751 5116 δίκην

184 5148 355 5217 πυρὸς
388 5146 578 5199 ἅπασα
610 5146 643 5213 ή
676 5143 826 5212 χώρα
856 5144 950 5194 σὺν
988 5143 1099 5201 τοῖς
1138 5139 1316 5191 ἐνοῦσι
1347 5135 1582 5204 δένδροις
1612 5134 1754 5202 ἠφά-

183 5252 381 5291 νισταιο
415 5255 433 5287 ι
464 5235 640 5305 ὡραῖα
679 5252 697 5283 ι
729 5232 837 5302 γάρ
880 5249 899 5281 ι
934 5231 1034 5299 τῆς
1064 5232 1268 5299 ἐρήμου
1303 5244 1324 5279 ι
1360 5226 1505 5292 λέγει
1540 5225 1666 5287 τοὺς
1696 5225 1755 5277 ἐν

182 5329 296 5389 τοῖς
323 5326 473 5396 ὄρεσι
495 5325 691 5385 τόπους
715 5323 850 5392 πρὸς
874 5321 1202 5390 σπερμάτων
1232 5315 1537 5383 καταϐολὴν
1567 5317 1757 5383 ἐπιτη-

187 5416 361 5479 δείους
410 5416 591 5478 δντας,
627 5413 718 5477 οὓς
754 5412 976 5465 εἰώθασι
1009 5408 1172 5479 κοινῷ
1199 5408 1341 5476 λόγῳ
1388 5425 1406 5456 ι
1449 5403 1698 5474 ὀροπέδια
1733 5420 1750 5453 ι

189 5508 374 5559 καλεῖν
397 5523 411 5536 ο
449 5507 539 5557 ἵνα
570 5502 663 5555 οῦν
694 5503 842 5571 εῖπτγ
893 5501 974 5552 ὅτι
1005 5501 1112 5561 πᾶς
1140 5498 1303 5558 τόπος
1342 5494 1435 5547 καὶ
1469 5494 1575 5545 πᾶν
1604 5490 1759 5556 ξύλον

189 5604 504 5676 ἠφάνισται,
555 5603 631 5665 ὡς
672 5602 777 5653 ὑπὸ
826 5600 993 5670 πυρός
1044 5614 1187 5660 τινος
1244 5591 1756 5662 καταπεφλεγμένα.

202 5713 220 5747 ι
260 5695 367 5749 Καὶ
405 5696 471 5750 τὰ
512 5695 685 5761 κτήνη
728 5692 822 5745 τοῦ
872 5692 1054 5745 πεδίου
1094 5687 1352 5753 ἀνέϐλεψε
1388 5685 1522 5752 πρὸς
1568 5684 1644 5751 σὲ,
1679 5684 1759 5736 ὅτι

1847 4510 2029 4562 ovium
2073 4507 2456 4575 dispericrnnt.
2506 4519 2524 4550 ›
2571 4496 2951 4550 Jumentorum
3006 4495 3269 4544 consueta
3318 4498 3414 4555 per

1848 4615 2008 4669 agros
2035 4598 2291 4650 alimenta
2320 4592 2663 4647 deiecerunt.
2707 4604 2725 4637 ‹
2763 4586 2844 4639 Ad
2898 4592 2968 4648 te,
3012 4579 3259 4641 Domine,
3294 4578 3412 4632 cla-

1849 4693 2029 4754 tnabo,
2060 4690 2187 4759 quia
2235 4686 2378 4756 ignis
2421 4679 2764 4758 consumpsit
2808 4675 3054 4745 speciosa
3102 4669 3325 4733 deserti,
3361 4674 3418 4721 et

1849 4755 2288 4834 llamma'cuncta
2321 4775 2463 4841 ligna
2494 4755 2607 4839 agri
2637 4763 2939 4822 succendit.
2972 4781 2990 4812 ›
3025 4758 3218 4814 Cuncti
3254 4756 3418 4811 simul

1851 4870 1904 4923 in
1943 4867 2112 4922 tantis
2144 4863 2427 4920 constituti
2470 4859 2651 4920 malis,
2696 4870 2725 4908 a
2772 4863 2826 4909 te
2871 4850 3153 4923 poscimus
3196 4846 3416 4901 illorum

1851 4959 2199 5021 solutionem,
2252 4954 2379 5023 quia
2434 4951 2585 5005 velut
2633 4948 2758 5015 igne
2794 4944 3049 4998 universa
3097 4938 3248 5007 regio
3293 4948 3419 4990 cum

1853 5052 1968 5106 suis
1996 5046 2284 5101 arboribus
2314 5050 2523 5098 vastata
2544 5046 2646 5093 est.
2664 5034 2799 5089 Nam
2831 5052 2850 5084 ι
2879 5029 3081 5086 deserti
3112 5027 3359 5097 speciosa
3393 5041 3413 5073 ι

1853 5140 1988 5195 dicit
2024 5138 2175 5191 locos
2229 5136 2283 5187 in
2322 5129 2601 5185 montibus
2649 5122 2999 5181 seminationi
3048 5117 3295 5180 idoneos,
3326 5112 3421 5183 qui

1853 5224 2313 5296 Vulgariloquela
2343 5222 2451 5276 dici
2492 5220 2671 5274 solent
2718 5234 2737 5266 ι
2780 5211 3020 5283 planitia
3058 5215 3351 5262 montana.
3395 5221 3417 5255 ι

1856 5291 1985 5373 Vult
2031 5291 2187 5386 ergo_
2212 5314 2417 5375 dicere,
2473 5322 2689 5363 omnem
2740 5305 2922 5359 locum
2978 5310 3247 5366 omneque
3288 5291 3420 5361 ligni

1858 5424 2029 5480 genus
2057 5380 2315 5474 tanquam
2357 5402 2479 5471 igne
2512 5397 2682 5453 fuisse
2724 5393 3136 5449 inﬂammatum.
3175 5403 3194 5434 ι
3235 5380 3341 5436 Sed
3369 5387 3425 5434 et

1858 5474 2047 5554 bestia
2081 5496 2195 5566 agri
2247 5493 2313 5547 ad
2364 5499 2418 5545 te
2466 5492 2849 5558 suspexerunt,
2883 5483 3137 5551 quoniam
3173 5474 3425 5530 arefacta

1862 5595 1991 5644 sunt
2026 5598 2289 5655 aquarum
2325 5578 2709 5647 scaturigines.
2751 5594 2770 5627 ι
2810 5573 3064 5632 Pereunt,
3097 5565 3297 5634 inquit,
3333 5561 3425 5615 siti

1863 5682 2126 5747 iumenta,
2160 5673 2400 5754 fontibus
2426 5669 2658 5742 jam,.ob
2688 5665 2886 5734 pluvia
2915 5659 3205 5721 defectum,
3228 5665 3425 5723 aquam
