3824 6224
425 306 533 364 ειν

1621 310 1969 368 THEODORI
2007 307 2492 366 MOPSUESTENI

3565 313 3674 372 220

428 417 678 476 emittere
710 434 817 475 non
863 421 1190 478 valentibus.
1220 420 1515 492 Postquam
1548 423 1712 494 igitur
1741 424 1850 478 lato
1878 439 1992 478 ser-

2099 422 2471 494 ὲξηράνθησαν
2493 421 2712 490 ἀφέσεις
2735 422 2959 478 ὑδάτων.
2997 445 3014 478 ι
3059 426 3391 491 Ἀπολεῐται,
3419 429 3573 498 φησὶ,
3596 427 3678 498 τῷ

428 524 592 565 mone
652 512 906 582 exposuit
964 513 1234 570 malorum
1298 513 1729 581 multitudinem,
1797 514 1998 570 similia

431 603 707 672 praedictis
746 603 1007 660 subtexit.

1086 872 1238 928 CAP.
1280 872 1342 928 11.

499 963 666 1020 Vens.
707 965 816 1020 1-3,
855 995 924 1005 -
963 983 982 1016 c
1017 964 1265 1034 tllangite
1309 963 1438 1018 tuba
1484 962 1538 1016 in
1587 961 1774 1029 Sione,
1806 963 2000 1034 praedi-

427 1067 549 1113 cate
605 1057 661 1111 in
719 1065 902 1111 monte
949 1068 1140 1111 sancto
1171 1071 1311 1117 meo,
1347 1056 1754 1125 congregemur
1806 1071 1998 1112 omnes

428 1149 772 1203 habitatores
822 1158 1003 1210 terrae,
1053 1147 1184 1216 quia
1235 1147 1392 1202 adest
1435 1146 1553 1200 dies
1597 1144 1836 1209 Domini,
1871 1145 1998 1215 quia

427 1254 598 1308 prope
625 1245 712 1293 est
738 1237 855 1293 dies
883 1238 1234 1292 tenebrarum
1263 1244 1317 1290 et
1344 1236 1617 1306 caliginis,
1647 1236 1764 1291 dies
1788 1235 2000 1291 nebulae

425 1338 481 1384 et
505 1328 765 1384 turbinis.
803 1347 822 1378 ι
856 1326 1022 1381 Tuba:
1054 1327 1238 1396 itaque
1267 1327 1424 1396 signo
1461 1327 1609 1392 dato,
1647 1327 1803 1396 juxta
1831 1327 1996 1381 ritum

426 1419 750 1488 legitimum,
786 1417 892 1488 75
921 1427 1149 1472 cunctos
1187 1417 1254 1471 ad
1309 1416 1530 1471 Sionem
1579 1424 1820 1471 montem
1864 1430 2000 1470 con-

427 1516 666 1578 gregate,
723 1508 815 1562 ubi
845 1509 977 1562 mihi
1010 1509 1217 1562 cultum
1249 1507 1494 1562 exhiberi
1551 1521 1670 1562 mos
1717 1515 1835 1571 est;
1885 1505 1998 1560 illic

428 1614 604 1652 meam
633 1599 988 1667 implorantes
1008 1597 1462 1660 misericordiam,
1484 1596 1612 1665 quia
1633 1594 1776 1648 haud
1807 1593 1995 1663 procul

428 1697 512 1743 est
541 1702 704 1756 quam
755 1685 896 1741 Deus
931 1686 1296 1740 comminatus
1325 1695 1410 1740 est
1439 1684 1579 1748 dies,
1615 1699 1736 1754 qua:
1768 1693 1997 1738 cunctos

428 1775 674 1831 tenebris
708 1783 870 1844 atque
915 1774 1148 1844 caligine
1185 1775 1406 1844 Opplere
1439 1774 1582 1842 potis
1609 1782 1728 1838 est;
1769 1773 1904 1826 adeo
1937 1780 1997 1826 ut

427 1868 612 1922 videre
638 1867 774 1920 nihil
828 1865 1064 1936 possint,
1099 1873 1286 1933 utpote
1317 1863 1480 1919 rebus
1514 1864 1769 1919 omnibus
1799 1865 1996 1919 nebula

429 1973 494 2012 ac
517 1957 735 2010 turbine
766 1955 1062 2010 obvolutis.
1108 1953 1273 2009 Recte
1295 1966 1471 2008 autem
1501 1955 1567 2008 ad
1594 1954 1811 2009 Sionem
1843 1971 1998 2009 mon-

428 2058 536 2102 tem
567 2061 757 2102 onines
791 2047 1040 2109 advocat,
1085 2046 1138 2099 in
1168 2061 1278 2115 quo
1307 2046 1388 2100 lex
1428 2045 1662 2100 Mosaica
1690 2047 1792 2100 coli
1826 2045 1997 2103 Deum

429 2137 630 2193 debere
661 2137 964 2190 constituit.
1017 2135 1196 2200 Quare
1223 2145 1276 2189 et
1305 2135 1491 2189 decem
1529 2135 1704 2189 tribus
1735 2137 1998 2190 derelicto

427 2227 532 2280 loci
569 2226 691 2294 ejus
729 2225 917 2279 divino
963 2226 1135 2287 cultu,
1189 2224 1444 2293 juvencis
1491 2224 1790 2279 secundum
1843 2223 2000 2278 Jero-

428 2315 611 2368 boami
640 2315 952 2377 consilium,
984 2313 1234 2369 eumdem
1260 2315 1592 2368 detulerunt.
1627 2313 1781 2367 Nunc
1814 2315 1998 2381 itaque

428 2405 698 2469 hortatur,
734 2411 792 2458 ut
837 2404 904 2458 ab
933 2404 1143 2459 insania
1173 2404 1262 2456 illa
1293 2404 1628 2466 recedentes,
1661 2403 1727 2458 ad
1776 2405 1996 2458 Sionem

428 2501 665 2548 montem
705 2495 1022 2564 respiciant,
1083 2502 1136 2548 et
1180 2493 1247 2546 ad
1297 2494 1658 2548 universalem
1709 2493 1998 2547 Dominum

425 2583 502 2638 ibi
528 2584 630 2637 coli
667 2583 904 2651 jussum,
941 2596 997 2638 ut
1029 2585 1109 2638 sic
1140 2585 1208 2637 ab
1247 2585 1660 2639 imminentibus
1705 2585 1807 2639 sibi
1841 2587 1998 2638 malis

426 2673 644 2726 liberari
680 2674 992 2742 impetrent.
1024 2674 1230 2728 Revera
1263 2675 1367 2728 hoc
1410 2677 1708 2745 contigisse
1733 2677 1835 2730 sub
1864 2674 1998 2730 Sen-

425 2763 759 2825 nacherimo,
814 2762 1045 2818 Ezechia
1083 2775 1340 2834 regnante
1370 2766 1422 2818 in
1453 2765 1657 2829 Jutlaaa,
1692 2767 1835 2822 illius
1893 2767 1997 2822 loci

423 2853 626 2908 incolis
672 2854 980 2922 comperire
1033 2864 1134 2908 est.
1199 2853 1408 2920 «Quasi
1459 2871 1619 2911 mane
1659 2857 1998 2926 expandetur

425 2955 592 3010 super
625 2949 837 2996 montes
865 2943 1098 3011 populus
1128 2945 1330 3000 multus
1375 2952 1429 2999 et
1478 2944 1667 2999 fortis:
1720 2947 1916 3000 similis
1946 2948 1995 3002 ei

425 3031 659 3108 nonfuit
689 3048 719 3086 a
746 3034 965 3096 szeculo,
994 3043 1048 3088 et
1069 3043 1190 3105 post
1222 3051 1346 3090 eum
1373 3052 1479 3090 non
1515 3035 1804 3106 adjicietur
1825 3054 1996 3108 usque

424 3122 491 3175 ad
510 3107 681 3176 annos
706 3122 758 3176 in
777 3124 1152 3192 generationes
1174 3123 1604 3194 generationum.
1620 3145 1638 3175 ι
1673 3124 1782 3181 Cen
1807 3143 1985 3191 mane,

423 3211 568 3280 quod
602 3227 702 3266 suo
751 3219 994 3281 tempore
1043 3215 1352 3268 universam
1383 3222 1868 3283 occupat-terram,
1907 3219 1992 3272 in—

422 3302 782 3356 numerabilis
811 3303 1031 3370 quidam
1079 3303 1314 3358 hostium
1357 3306 1589 3374 populus
1622 3309 1988 3372 superveniet,

423 3406 612 3446 omnes
658 3406 932 3461 occupans
983 3402 1218 3456 montes,
1270 3395 1355 3448 cui
1418 3409 1593 3464 neque
1645 3397 1839 3452 similis
1891 3398 1992 3452 fuit

422 3486 606 3540 antea,
651 3494 826 3547 neque
850 3479 1005 3534 facile
1033 3481 1138 3534 erit
1169 3488 1379 3550 postea.
1418 3501 1436 3532 ι
1462 3482 1601 3538 Ante
1640 3483 1832 3538 faciem
1871 3484 1990 3552 ejus

422 3568 566 3642 ignis
592 3585 812 3633 vorans,
846 3581 900 3624 et
927 3579 1050 3640 post
1070 3587 1194 3626 cum
1217 3587 1453 3630 exurens
1477 3574 1714 3630 ﬂamma.
1735 3593 1754 3626 ι
1781 3576 1992 3629 Cuncta

421 3658 480 3713 in
515 3660 748 3715 circuitu
770 3675 999 3718 ascensu
1019 3678 1120 3718 suo
1135 3661 1399 3730 destruet,
1432 3666 1576 3720 velut
1605 3667 1763 3736 ignis.
1794 3665 1991 3732 «Quasi

424 3748 618 3804 hortus
653 3749 949 3819 voluptatis
982 3759 1128 3806 terra
1149 3767 1334 3806 coram
1363 3767 1450 3816 eo,
1481 3763 1536 3808 et
1557 3762 1678 3824 post
1699 3769 1824 3809 eum
1846 3769 1994 3808 cam-

424 3853 528 3907 pus
575 3839 918 3895 desolatus.»
985 3841 1134 3907 Quos
1189 3843 1339 3898 locos
1393 3845 1630 3898 nondum
1678 3846 1898 3906 invasit,
1954 3845 1990 3897 ii

421 3928 672 3982 videntur
721 3929 865 3984 haud
921 3931 1083 3984 horto
1136 3931 1468 3994 dissimiles,
1527 3942 1638 3986 tum
1688 3934 1991 3988 incolarum

421 4018 794 4084 mttltitudine,
834 4027 948 4072 tum
990 4021 1258 4088 elegantia
1295 4024 1678 4078 aedificiorum:
1723 4035 1992 4078 verumta-

420 4123 543 4162 men
577 4121 698 4178 post
726 4109 870 4165 illius
896 4111 1210 4175 adventum,
1249 4122 1418 4166 totam
1443 4113 1587 4168 illam
1619 4117 1800 4169 statim
1830 4130 1994 4170 amoe-

418 4197 646 4252 nitatem
674 4198 907 4254 deletam
943 4199 1128 4256 videre
1155 4211 1260 4257 est.
1305 4221 1323 4253 (
1343 4201 1527 4270 Neque
1565 4213 1650 4260 est
1678 4207 1768 4274 qui
1799 4206 1868 4258 sit
1908 4207 1992 4258 in-

418 4288 650 4342 columis
688 4289 757 4341 ah
792 4304 880 4344 eo.
902 4308 920 4340 ι
969 4290 1188 4347 Difﬁcile
1210 4307 1340 4362 ergo
1374 4301 1458 4348 est
1487 4309 1813 4364 quemquam
1843 4295 1990 4348 illius

418 4375 678 4444 impetum
700 4378 958 4446 eﬂ‘ugere.

2097 511 2237 580 δίψει
2263 511 2332 564 τά
2365 512 2536 581 κτήνη
2557 551 2572 574 ,
2607 511 2715 563 τῶν
2751 514 2944 582 πηγῶν
2975 516 3040 568 ὲκ
3075 516 3176 585 τῆς
3206 517 3344 586 ἀγαν
3375 518 3677 588 ἀνομϐρίας

2099 603 2238 673 ὕδωρ
2291 603 2353 654 οὐ
2387 603 2704 671 δυναμένων
2743 604 3073 674 ἐκπέμπειν·
3110 604 3231 662 εἶτα
3271 611 3338 679 τῇ
3379 607 3675 679 πλατύτητι

2096 691 2343 762 δηλώσας
2369 692 2478 744 τῶν
2507 693 2692 746 κακῶν
2716 693 2778 745 τὸ
2805 693 3029 765 πλῆθος,
3051 696 3248 765 ἐπάγει
3277 698 3344 750 τὰ
3367 697 3532 768 ὃμοια
3561 699 3675 760 τοῖς

2098 783 2498 854 προκειμένοις.

2748 877 2903 930 ΚΕΦ.
2947 877 3022 929 Β⁰.

2168 964 2315 1034 Στίχ.
2349 963 2494 1032 α’-γ’.
2521 995 2590 1004 -
2621 983 2642 1017 ι
2668 966 2970 1020 Σαλπίσατε
3002 966 3258 1037 σάλπιγγι
3289 971 3348 1022 ὲν
3381 968 3538 1034 Σιὼν,
3568 986 3676 1039 κη-

2102 1054 2295 1125 ρύξατε
2341 1057 2398 1108 ὲν
2435 1055 2549 1124 ὄρει
2612 1056 2753 1126 ἁγίῳ
2795 1073 2917 1126 μου,
2963 1057 3056 1110 καὶ
3097 1058 3517 1130 συναχθήτωσαν
3558 1059 3675 1129 (Ν)

2097 1143 2296 1206 πάντες
2326 1145 2374 1196 οἱ
2401 1143 2776 1208 κατοικοῦντες
2801 1144 2900 1214 τὴν
2934 1146 3069 1216 γῆν·
3101 1149 3177 1216 (p.
3213 1148 3336 1207 ⁸15)
3367 1149 3500 1201 διότι
3531 1149 3677 1220 πάρ-

2097 1250 2245 1287 εστιν
2270 1237 2302 1303 ἡ
2329 1235 2513 1305 ἡμέρα
2535 1236 2762 1306 Κυρίου·
2789 1237 2872 1288 ὅτι
2896 1236 3063 1303 ἐγγὺς
3082 1238 3115 1306 ἡ
3141 1237 3320 1309 ἡμέρα
3343 1239 3564 1302 σκότους
3579 1240 3680 1293 καὶ

2096 1324 2314 1390 γνόφου,
2361 1324 2544 1393 ἡμέρα
2571 1322 2799 1392 νεφέλης
2850 1323 2944 1376 καὶ
2987 1324 3236 1395 ὁμίχλης.
3295 1345 3314 1377 ι
3364 1327 3443 1397 Τῇ
3491 1327 3677 1380 τοίνυν

2099 1410 2341 1482 σημασία
2366 1412 2466 1480 τῆς
2495 1411 2790 1478 σάλπιγγος
2838 1411 2976 1464 κατὰ
3020 1412 3080 1465 τὸ
3111 1413 3341 1484 νόμιμον
3371 1415 3491 1478 ἔθος
3519 1433 3678 1486 χρη-

2099 1500 2339 1570 σάμενοι,
2376 1500 2582 1563 πάντας
2606 1501 2699 1552 ἐπὶ
2728 1499 2789 1552 τὸ
2819 1500 2957 1554 Σιὼν
3006 1501 3340 1570 συναγάγετε
3373 1502 3518 1574 ὄρος,
3546 1504 3680 1557 ἔνθα

2101 1605 2189 1658 μοι
2211 1588 2308 1657 τὴν
2332 1587 2628 1658 θρησκείαν
2651 1589 2995 1643 ἀποδίδοσθαι
3029 1589 3170 1654 ἐθοςο
3193 1592 3378 1645 αὐτόθι
3409 1593 3503 1645 τὸν
3525 1592 3679 1646 ἔλεον

2097 1677 2372 1742 αἰτοῦντες
2386 1679 2476 1732 τὸν
2492 1682 2652 1739 θεῖον.
2669 1679 2856 1750 ἐπειδὴ
2877 1681 2938 1733 οὐ
2959 1681 3145 1751 πόρῤω
3165 1682 3509 1752 συμϐέϐηκεν
3531 1678 3678 1739 εἶναι

2028 1749 2072 1805 Β
2096 1768 2192 1840 τὴν
2213 1769 2409 1840 ὴπειλη
2419 1769 2584 1842 μένην
2613 1771 2740 1840 ὑμῖν
2764 1749 2974 1842 ἡμέραν
2992 1749 3143 1839 παρὰ
3168 1749 3264 1824 τού
3296 1749 3450 1833 Θεοιλ
3481 1775 3514 1844 ἢ
3543 1774 3678 1827 σκό⁴

2099 1877 2222 1923 τους
2236 1861 2514 1931 αὐτάρκης
2541 1862 2634 1914 κει)⁸
2653 1862 2851 1930 γνόφου
2879 1861 3084 1924 πάντας
3107 1861 3368 1931 πληροῦν,
3397 1863 3471 1926 ὼς
3503 1867 3559 1916 ἐν
3588 1880 3679 1917 νε-

2101 1951 2235 2023 φέλῃ
2258 1952 2363 2004 τινὶ
2392 1951 2486 2003 καὶ
2501 1951 2697 2022 ὁμίχλῃ
2715 1953 2891 2006 πάντα
2919 1952 3238 2005 καθεστῶτα
3251 1955 3381 2024 ὁρᾷν
3399 1955 3496 2024 οὐχ
3518 1955 3669 2017 οἴους

2098 2059 2157 2096 τε
2185 2043 2361 2104 ὄντας·
2397 2042 2576 2105 καλῶς
2609 2042 2665 2095 δὲ
2696 2043 2788 2095 ἐπὶ
2818 2042 2954 2096 Σιὼν
2985 2043 3110 2114 ὅρος
3134 2043 3380 2106 ἅπαντας
3407 2046 3582 2109 καλεῖ,
3613 2048 3674 2099 ὲν

2098 2127 2250 2204 ᾧπερ
2282 2135 2420 2186 κατὰ
2451 2133 2510 2186 τὸ
2544 2134 2834 2186 Μωσαῖκὸν
2875 2134 2996 2198 ἔθος
3023 2135 3418 2204 θεραπεύεσθαι
3445 2137 3678 2191 τέτακτο

2098 2225 2160 2278 τὸ
2183 2225 2356 2278 Θεῖονο
2383 2227 2459 2288 ὡς
2501 2228 2566 2279 ἂν
2599 2227 2692 2278 καὶ
2718 2227 2846 2288 τοὺς
2872 2226 2980 2277 τῶν
3023 2225 3156 2278 δέκα
3185 2225 3368 2294 φυλῶν
3395 2228 3678 2282 ἀπολελοι-

2100 2316 2268 2379 πότας
2297 2316 2394 2384 μὲν
2419 2316 2516 2386 τὴν
2542 2316 2729 2369 αὐτόθι
2768 2316 2860 2368 τοῦ
2900 2315 3056 2367 Θείου
3087 2315 3402 2385 θεραπείαν,
3431 2321 3548 2380 ταῖς
3578 2318 3677 2371 δα-

2103 2405 2293 2475 μάλεσι
2342 2405 2397 2457 δὲ
2446 2407 2585 2458 κατά
2627 2407 2722 2476 τὴν
2759 2405 2855 2458 τοῦ
2907 2405 3191 2476 Ἱεροϐοάμ
3235 2408 3675 2478 προσανέχοντας

2101 2513 2162 2548 συ
2171 2496 2428 2568 μὸουλὴν,
2447 2497 2700 2567 ὲντρέψῃ·
2725 2497 2819 2550 νῦν
2841 2496 2971 2564 γοῦν
2991 2497 3091 2566 τῆς
3114 2497 3315 2566 μανίας
3330 2498 3677 2563 ἀποστάντας

2098 2585 2330 2654 ἐκείνης,
2364 2586 2498 2657 πρὸς
2520 2587 2580 2639 τὸ
2604 2587 2743 2639 Σιὼν
2774 2588 2897 2658 ὅρος
2925 2587 3072 2651 ἰδεῖν,
3101 2587 3195 2640 καὶ
3220 2587 3313 2639 τὸν
3350 2588 3441 2641 τοῦ
3469 2590 3673 2654 παντὸς

2106 2676 2309 2747 Κύριον
2356 2676 2542 2729 αὐτόθι
2598 2676 2998 2747 θεραπεύεσθαι
3052 2677 3398 2747 τεταγμένον,
3435 2679 3498 2730 ἵν’
3531 2678 3677 2732 οὕτω

2097 2761 2204 2815 τῶν
2231 2763 2692 2834 προσδοκωμένων
2713 2764 2898 2826 αὐτοῖς
2914 2763 3100 2816 κακῶν
3123 2764 3337 2818 λάϐοιεν
3367 2765 3468 2835 τὴν
3496 2765 3671 2820 λύσιν’

2095 2852 2252 2905 τοῦτο
2279 2853 2387 2923 γὰρ
2417 2853 2480 2923 δὴ
2507 2854 2600 2906 καί¹
2632 2854 2996 2923 προσγεγονὸς
3042 2855 3134 2906 ἐπὶ
3169 2855 3263 2908 τοῦ
3303 2855 3675 2925 Σενναχηρεὶμ

2107 2940 2349 3004 Ἐζεκίου
2394 2941 2764 3010 βασιλεύοντος
2809 2943 2909 3011 τῆς
2968 2943 3225 3006 Ἰουδαίας
3257 2946 3369 3007 τοῖς
3409 2944 3536 3013 περὶ
3580 2945 3673 2998 τὸν

2024 3068 2065 3124 C
2097 3033 2259 3084 τόπον
2289 3034 2491 3084 ἐκεῖνον
2518 3032 2777 3093 οἰκοῦσιν,
2803 3033 2953 3104 εὕροι
2983 3051 3065 3097 τις
3093 3033 3159 3086 ἂν
3187 3033 3484 3105 προδήλως.
3523 3054 3541 3086 ι
3583 3035 3675 3098 Ὠς

2097 3119 2292 3190 ὄρθρος
2322 3121 2611 3191 χυθήσεται
2635 3122 2726 3173 ἐπὶ
2751 3121 2820 3173 τὰ
2843 3121 2943 3190 ὄρη
2969 3121 3097 3183 λαὸς
3122 3121 3287 3185 πολὺς
3317 3122 3406 3174 καὶ
3430 3121 3668 3193 ίσχυρός·

2091 3212 2272 3280 ὅμοιος
2305 3211 2453 3280 αὐτῷ
2499 3213 2559 3264 οὐ
2609 3213 2832 3279 γέγονεν
2870 3213 2978 3264 ἀπὸ
3004 3211 3098 3264 τοῦ
3145 3212 3358 3276 αἰῶνος
3396 3215 3490 3266 καὶ
3542 3215 3665 3282 μετ’

2091 3302 2248 3356 αὐτὸν
2274 3301 2332 3353 οὐ
2358 3301 2804 3370 προστεθήσεται,
2817 3301 2921 3364 ἕως
2939 3301 3074 3353 ὲτῶν
3091 3302 3169 3364 είς
3190 3303 3381 3370 γενεάς
3399 3303 3631 3371 γενεῶν.
3645 3321 3666 3354 ι

2093 3398 2182 3460 (p.
2215 3392 2332 3460 114)
2362 3393 2525 3460 Δίκην
2558 3391 2665 3460 γὰρ
2697 3391 2890 3461 ὄρθρου
2920 3391 3060 3444 κατά
3103 3391 3192 3444 τὸν
3233 3395 3428 3446 οἰκεῖον
3471 3393 3666 3462 καιρὸν

2092 3483 2304 3535 ἃπασαν
2337 3481 2719 3551 ’κληρώσαντος
2751 3481 2847 3550 τὴν
2878 3484 3014 3550 γῆν,
3054 3481 3420 3552 ἀναρίθμητός
3453 3499 3536 3546 τις
3578 3485 3674 3535 £7:-

2092 3573 2366 3626 ελεύσεται
2389 3571 2513 3634 λαὸς
2535 3571 2642 3624 τῶν
2670 3571 2941 3640 πολεμίων
2969 3572 3183 3625 ἅπαντα
3204 3571 3309 3642 πλη
3319 3571 3423 3642 ρῶν
3447 3572 3516 3625 τά
3542 3573 3668 3644 ὅρη,

2091 3655 2134 3729 ᾧ
2180 3663 2315 3732 μήτε
2359 3661 2547 3728 γέγονε
2592 3660 2965 3732 παραπλήσιος
3017 3662 3316 3732 πρότερον,
3385 3663 3500 3714 ἀλλ’
3545 3663 3671 3716 οὐδὲ

2093 3754 2244 3806 ἔσται
2271 3751 2484 3824 ῥᾳδίως.
2523 3771 2540 3800 ι
2582 3753 2661 3804 Τά
2687 3751 2993 3823 ἔμπροσθεν
3018 3752 3181 3805 αὐτοῦ
3213 3752 3326 3823 πῦρ
3354 3754 3670 3818 ἀναλίσκον,

2093 3843 2285 3896 καὶτὰ
2327 3843 2507 3894 ὀπίσω
2537 3841 2706 3894 αὐτοῦ
2749 3843 3094 3912 ἀναπτομὲνη
3141 3842 3292 3912 φλόξ.
3356 3861 3378 3893 ›
3416 3844 3671 3896 Ἂπαντα

2093 3932 2352 3985 κυκλόθεν
2381 3930 2468 3983 διὰ
2503 3931 2603 3998 τῆς
2646 3931 2854 3992 οἰκείας
2885 3930 3190 3992 ὲπιὸάσεως
3221 3931 3471 3998 ἀφανιεί,
3503 3930 3669 3998 δίκην

2094 4021 2282 4091 πυρός.
2320 4039 2338 4071 ι
2390 4019 2481 4081 Ὧς
2525 4019 2848 4089 παράδεισος
2897 4019 3106 4088 τρυφῆς
3153 4019 3186 4087 ή
3239 4019 3310 4087 γῆ
3359 4017 3671 4087 ἔμπροσθεν

2093 4110 2277 4174 αὐτοῦ,
2308 4112 2401 4164 καὶ
2427 4110 2494 4163 τά
2518 4110 2692 4164 ὀπίσω
2724 4107 2887 4161 αὐτοῦ
2920 4109 3100 4161 πεδίον
3127 4107 3457 4178 ἀφανισμοῦ.
3488 4126 3507 4158 ι
3551 4107 3664 4170 Οὓς

2097 4202 2192 4270 μὲν
2219 4201 2327 4270 γάρ
2353 4199 2506 4253 οὐπω
2539 4201 2733 4262 τόπους
2764 4197 3113 4269 ἐπελήλυθεν,
3149 4199 3246 4252 ἴδοι
3271 4216 3354 4262 τις
3384 4198 3450 4252 ἂν
3478 4216 3673 4269 παρα-

2091 4295 2266 4346 δείσου
2309 4292 2473 4362 μηδὲν
2514 4291 2856 4354 ἁπεοικότας,
2892 4289 2970 4358 τῷ
2995 4306 3055 4341 τε
3091 4289 3284 4359 πλήθει
3312 4289 3420 4341 τῶν
3447 4289 3663 4343 οἰκούν-

2023 4383 2064 4434 D
2091 4403 2217 4445 των,
2245 4386 2340 4438 καὶ
2361 4383 2439 4452 τῷ
2469 4383 2578 4436 τῶν
2615 4381 3062 4452 οἰκοδομημάτων
3101 4381 3303 4435 κάλλει’
3337 4398 3658 4452 παραγεγο-

417 4463 564 4526 νότος
592 4464 667 4521 δὲ,
697 4467 888 4537 ἀθρόον
917 4467 1132 4524 ἃπασαν
1171 4473 1385 4540 ἐκείνην
1413 4473 1810 4546 ἀφανιζομένην
1835 4475 1979 4529 ἔστιν
2007 4477 2134 4530 ἰδεῖν
2155 4477 2254 4546 τὴν
2281 4477 2634 4546 εὐπρέπειαν.
2694 4493 2714 4524 ι
2754 4476 2863 4527 Καὶ
2908 4473 3316 4544 ὸνασωζόμενος
3361 4475 3461 4526 οὐκ
3513 4474 3665 4526 ἔστιν

415 4556 502 4608 ἐπ’
524 4555 708 4608 αὐτοῦ.
734 4576 750 4605 ι
782 4559 1027 4613 Χαλεπόν
1051 4561 1102 4628 γ’
1130 4557 1222 4616 οὖν
1261 4581 1362 4617 τινι
1388 4563 1666 4633 διαφυγεῖν
1692 4567 1789 4638 τὴν
1811 4567 1987 4638 ὁρμὴν
2007 4567 2104 4636 τὴν
2142 4567 2372 4618 ἐκείνου.

487 4645 597 4716 76
635 4645 800 4702 Vens.
839 4648 958 4705 4-8.
1000 4680 1067 4690 —
1108 4671 1125 4702 ι
1151 4652 1319 4717 Quasi
1382 4667 1638 4724 aspectus
1697 4674 1986 4727 equorum,

416 4744 675 4802 aspectus
700 4751 891 4791 eorum
919 4754 931 4789 :
961 4747 1014 4792 et
1039 4741 1197 4808 quasi
1226 4743 1523 4810 equitatus,
1551 4746 1632 4800 sic
1658 4761 1990 4814 persequen-

418 4832 528 4876 tur.
559 4824 712 4879 Sicut
743 4829 956 4884 sonitus
982 4845 1244 4885 curruum
1278 4849 1442 4902 super
1467 4835 1698 4888 vertices
1723 4837 1986 4888 montium

417 4915 688 4979 exsilient,
721 4927 774 4970 et
809 4919 954 4973 sicut
987 4923 1199 4978 sonitus
1222 4923 1454 4978 flamma:
1481 4925 1622 4994 ignis
1669 4923 1986 4980 devorantis

418 5001 696 5070 stipulam,
725 5015 779 5057 et
812 5006 956 5060 velut
982 5009 1215 5077 populus
1257 5011 1463 5065 multus
1494 5025 1557 5065 ac
1590 5011 1749 5066 fortis
1781 5013 1833 5066 in
1869 5014 1988 5068 acie

417 5092 747 5164 instructus.
771 5112 790 5144 ›
855 5094 1152 5160 Particula,
1187 5116 1205 5148 ι
1232 5097 1397 5163 sicut,
1426 5116 1446 5150 ι
1473 5113 1581 5155 non
1611 5101 1986 5157 similitudinis

417 5196 584 5236 causa
606 5183 845 5251 ponitur,
869 5184 962 5238 sed
992 5189 1284 5243 narrative.
1309 5185 1575 5251 Qualeest
1595 5192 1727 5248 illttd
1751 5207 1765 5245 :
1787 5213 1806 5246 ι
1832 5193 1988 5248 Sicut

419 5273 656 5345 (quam)
746 5274 924 5328 bonus
973 5275 1471 5346 lsraeli,Deus",i
1533 5297 1652 5354 pro,
1695 5283 1981 5340 «bonus.»

523 5407 568 5439 ”
600 5407 740 5464 Psal.
764 5423 934 5474 Lxxtt,
963 5408 1015 5462 1.

494 5519 610 5596 ([4)
650 5517 912 5576 Videmus
935 5519 1220 5596 pulchram
1247 5521 1531 5592 lectionem
1561 5527 1981 5596 συναχθήτωσαν

420 5588 796 5661 confirmatam
831 5604 883 5661 a!
901 5588 1265 5660 subsequente
1296 5588 1841 5661 commentariofnec
1871 5612 1973 5650 non

424 5658 481 5715 in
522 5658 646 5714 lect.
691 5673 805 5715 var.
845 5659 1016 5717 Graec.
1049 5658 1189 5734 apud
1236 5662 1538 5735 polyglott.,
1568 5679 1666 5736 pro
1698 5658 1978 5722 communi

2155 4656 2300 4726 Στίχ.
2333 4655 2464 4724 δ’-η’.
2501 4686 2571 4696 —
2612 4673 2630 4704 ι
2683 4655 2768 4718 Ὠς
2797 4656 2984 4726 ὅρασις
3035 4656 3236 4719 ἵππων,
3268 4658 3300 4727 ἡ
3343 4657 3533 4726 ὅρασις
3561 4658 3666 4710 αὐ-

2083 4745 2210 4798 τῶνε
2245 4746 2338 4798 καὶ
2382 4745 2457 4806 ὡς
2506 4745 2691 4806 ἵππος,
2720 4743 2865 4796 οὕτω
2897 4743 3342 4808 καταδιὼξονταισ
3389 4744 3463 4806 ὡς
3511 4746 3669 4818 φωνὴ

2086 4836 2344 4906 ἁρμάτων
2374 4834 2464 4886 ἐπὶ
2491 4833 2587 4895 τὰς
2609 4831 2851 4902 κορυφὰς
2868 4833 2974 4886 τῶν
2992 4832 3162 4904 ὀρέων
3185 4833 3497 4899 ὲξαλοῦνται
3525 4849 3538 4862 ·
3568 4835 3668 4888 καὶ

2084 4927 2162 4989 ὡς
2199 4924 2350 4996 φωνὴ
2400 4923 2594 4992 φλογὸς
2629 4923 2800 4992 πυρὸς
2841 4923 3232 4992 κατεσθιούσης
3259 4922 3531 4992 καλάμηνο
3568 4923 3668 4978 καὶ

2087 5017 2162 5080 ὡς
2188 5015 2312 5078 λαδς
2347 5015 2514 5075 πολὺς
2547 5012 2642 5066 καὶ
2687 5012 2903 5082 ἰσχυρὸς
2949 5013 3433 5082 παρατασσόμενος
3462 5013 3542 5073 είς
3574 5012 3668 5064 πό-

2086 5107 2269 5176 λεμον.
2304 5124 2322 5155 ι
2370 5102 2464 5165 Τὸ,
2505 5121 2523 5154 ι
2553 5102 2649 5165 ὡς,
2681 5120 2698 5152 ι
2746 5113 2808 5154 ου
2839 5101 2980 5155 κατὰ
3014 5103 3274 5172 ὁμοίωσιν
3306 5101 3474 5168 λέγει,
3524 5101 3663 5156 ἀλλὰ

2088 5193 2230 5248 κατά
2274 5193 2567 5261 ἀφήγησιν·
2608 5185 2718 5244 οἷόν
2749 5192 2864 5244 ἐστι
2908 5192 2989 5257 τὸ,
3029 5211 3046 5243 ‹
3070 5193 3157 5256 Ὠς
3186 5192 3298 5262 (15)
3338 5191 3538 5260 ἀγαθὸς
3578 5191 3662 5262 τῷ

2100 5282 2316 5353 Ἰσραὴλ
2347 5281 2549 5347 ὁΘεὸς,
2589 5299 2607 5333 ι
2646 5281 2768 5335 ἀντὶ
2797 5280 2912 5346 τοῦ,
2953 5281 3268 5365 «ιἈγαθός·
3309 5301 3328 5333 ι
3367 5281 3524 5334 τοῦτο
3555 5282 3668 5353 γὰρ

2229 5528 2532 5584 υθὴτωσαν.

2157 5567 2269 5666 (hi)
2300 5567 2577 5663 Ιίιιρέῖιιύ,
2605 5598 2911 5668 Theodore,
2938 5603 3026 5658 aio
3051 5601 3221 5659 videri
3248 5601 3378 5658 mihi
3407 5602 3507 5660 hoc
3541 5602 3666 5658 loco

2087 5669 2162 5733 ὡς
2192 5669 2514 5738 particulam
2547 5670 2878 5728 admirandi.

2086 5543 2151 5580 συ
