3828 6216
125 298 207 351 iii

1162 301 1715 365 COMMENTARIUS
1746 303 1813 357 IN
1849 302 2081 359 JOELIS
2116 300 2270 356 CAP.
2303 297 2365 355 ll.

3272 290 3378 345 222

126 409 184 482 δή
208 414 496 467 κάνταῦθα
525 414 671 482 λέγει
692 432 704 444 ·
734 415 819 468 ὅτι
850 414 1050 484 πολλὴν
1087 415 1186 485 μὲν
1219 416 1364 469 ἐστιν
1399 417 1527 470 ἰδεῖν
1551 416 1700 487 αὑτῷ

1830 416 1862 470 d
1892 418 2039 470 enim
2066 417 2232 471 etiam
2284 415 2387 468 hoc
2417 412 2537 466 loco
2564 409 2719 473 dicit,
2750 409 2979 463 multum
3014 421 3207 477 nempe
3242 422 3378 460 con-

118 505 436 574 προσοῦσαν
471 506 571 576 τήν
606 506 797 557 ἴπποψ
834 506 911 573 (p.
950 504 1073 573 115)
1116 505 1339 577 φοϐεροὶ
1378 507 1435 559 δέ
1473 525 1615 570 τινες
1648 510 1697 560 οἰ

118 595 209 647 ἐπὶ
239 596 354 649 τῶν
396 596 579 649 ἵππων
616 597 928 659 ἐλαύνοντες
955 598 1095 649 κατά
1133 596 1240 650 τῶν
1280 598 1561 651 ἐναντίων·
1603 599 1701 669 ἆρ-

121 687 266 753 ματά
308 701 373 736 τε
411 684 566 753 αὑτῷ
602 684 829 736 πλεῖστα
864 685 992 754 ἄχρι
1022 685 1131 737 τῶν
1180 686 1529 756 ὑψηλοτάτων
1558 687 1702 758 χρώ-

122 790 256 842 μενα
276 775 407 836 ταῖς
435 774 679 841 ἐφόδοιςο
718 773 1005 827 ἀπεοίκασί
1042 791 1101 827 τε
1134 775 1285 827 οὐδὲν
1318 777 1487 847 πυρὸς
1524 778 1701 831 ἐπινε-

123 865 364 933 μομένου
389 864 661 935 καλάμην,
687 862 860 926 οὑτως
892 864 1135 929 ἅπαντας
1173 866 1418 929 ἐπιόντες
1446 867 1540 931 οὓς
1576 867 1702 937 βού-

118 951 303 1006 λονται
318 952 540 1015 τόπουςο
559 953 669 1005 εἰσί
686 953 792 1022 γὰρ
810 952 990 1006 πολλοί
1004 970 1149 1017 τινες
1166 954 1260 1007 καὶ
1279 954 1418 1021 ἄγαν
1445 953 1699 1023 ἀνδρεῖοι,

118 1045 322 1108 παντὸς
353 1046 559 1115 μᾶλλον
582 1047 660 1108 εἰς
686 1046 920 1116 πόλεμον
946 1047 1470 1117 παρεσκευασμένοι.
1506 1066 1524 1096 ι
1572 1045 1703 1098 Ἀπὸ

123 1141 423 1211 προσώπου
446 1141 615 1194 αὑτοῦ
647 1140 1091 1211 συντριϐήσονται
1113 1140 1252 1192 λαοί’
1284 1141 1390 1192 πᾶν
1415 1140 1703 1211 πρόσωπον

116 1234 191 1295 ὡς
223 1232 569 1303 πρόσκαυμα
596 1232 820 1303 χύτρας.
858 1251 877 1283 ι
911 1231 1205 1294 Πλείστους
1236 1233 1287 1299 γ’
1320 1227 1410 1284 οῦν
1447 1232 1523 1293 ὡς
1558 1233 1704 1295 εἰκὸς

116 1323 205 1376 διὰ
235 1324 340 1392 τῆς
363 1322 575 1385 οἰκείας
601 1322 777 1392 ὁρμῆς
806 1322 1143 1390 ἀφανιοῦσιν·
1168 1321 1308 1374 ὥστε
1334 1322 1509 1376 δοκεῖν
1535 1323 1705 1376 ἃπαν-

117 1431 215 1476 τας
239 1414 375 1476 τοὺς
412 1412 881 1475 ὑποπεπτωκότας
926 1412 1073 1483 αὑτῷ
1103 1412 1337 1466 ἐοικέναι
1386 1412 1559 1484 χύτρᾳ
1601 1413 1705 1466 ὑπὸ

119 1505 292 1577 πυρὸς
323 1504 820 1575 κατακεκαυμένῃο
859 1504 953 1556 καί
983 1503 1258 1571 ἐπιμένων
1283 1502 1362 1565 τῷ
1400 1502 1705 1572 διηγεῖσθαι

118 1598 186 1649 τὰ
218 1596 346 1647 κατ’
376 1596 564 1656 αὑτὸν,
606 1596 681 1657 ὡς
713 1594 778 1647 ἂν
822 1594 1041 1664 μείζονα
1069 1597 1180 1658 τοῖς
1210 1594 1497 1648 ἀκούουσιν
1526 1595 1704 1666 ἐνθείη

118 1687 210 1739 τὸν
233 1686 430 1755 φόϐονο
464 1703 483 1735 ι
528 1686 615 1748 Ὠς
653 1687 891 1756 μαχηταί⁸
910 1686 1262 1756 δραμοῦνται,
1300 1687 1391 1740 καί
1416 1687 1491 1749 ὡς
1516 1687 1707 1757 ἄνδρες

1808 508 1944 577 spici
1970 506 2319 561 comitantem
2357 504 2406 559 ei
2428 502 2750 573 equitatum.
2802 499 2940 555 Sunt
2976 507 3157 553 autem
3186 499 3222 551 ii
3268 507 3378 553 ter-

1808 599 1994 653 ribiles
2055 598 2150 667 qui
2209 596 2365 666 equis
2431 596 2733 651 insidentes
2785 594 3003 647 irruunt
3064 593 3118 646 in
3168 592 3374 665 hostes.

1807 688 2013 743 Currus
2053 688 2178 742 item
2217 688 2266 743 ei
2309 684 2551 755 plurimi.
2586 700 2758 754 usque
2786 683 2852 736 ad
2894 682 3147 738 sublimia
3183 683 3381 737 decur-

1807 788 2006 832 rentes.
2035 777 2180 831 Nihil
2227 790 2391 846 porro
2434 773 2690 829 differunt
2732 775 2800 827 ab
2829 774 2950 841 igne
2990 774 3245 842 stipulam
3284 772 3381 826 de-

1808 878 2099 935 pasrente:
2161 866 2297 921 adeo
2349 872 2580 920 cunctos
2634 879 2774 933 quos
2831 863 3023 919 volunt
3079 861 3381 930 pervadunt

1809 959 1983 1012 locos.
2033 956 2257 1011 Plurimi
2299 965 2429 1012 sunt
2470 965 2523 1011 et
2556 955 2787 1018 strenui,
2817 964 2979 1023 atque
3027 955 3271 1023 apprime
3312 952 3381 1006 ad

1808 1050 2009 1105 bellum
2037 1049 2313 1103 instructi.
2343 1067 2361 1100 ι
2381 1047 2426 1101 Α
2448 1047 2583 1101 facie
2605 1047 2777 1116 ipsius
2799 1052 3150 1099 conterentur
3170 1043 3375 1113 populi:

1810 1141 1988 1196 omnis
2016 1140 2201 1195 vultus
2223 1139 2383 1209 quasi
2406 1138 2624 1192 adustio
2646 1137 2785 1190 ollae.
2814 1156 2831 1187 ι
2876 1134 3149 1191 Plurimos
3171 1136 3375 1203 itaque,

1811 1238 1871 1282 ut
1909 1244 2006 1298 par
2038 1236 2142 1291 est,
2193 1228 2397 1296 impetu
2430 1240 2531 1279 suo
2577 1225 2899 1287 destruent;
2955 1222 3091 1275 adeo
3114 1231 3172 1276 ut
3198 1220 3380 1275 cunrti

1811 1319 1917 1375 sub
1949 1334 2015 1373 eo
2065 1317 2324 1372 cadentes
2351 1315 2521 1370 visuri
2557 1315 2668 1371 sint
2699 1313 2820 1367 ollae
2849 1312 2917 1366 ab
2965 1312 3087 1381 igne
3119 1319 3274 1365 tosta:
3305 1312 3381 1364 si-

1811 1410 1985 1463 miles.
2028 1405 2165 1460 Tum
2193 1420 2422 1475 pergens
2444 1404 2622 1458 adhuc
2651 1403 2718 1458 de
2739 1418 2804 1456 eo
2837 1401 3006 1470 loqui,
3040 1410 3098 1455 ut
3120 1401 3381 1469 majorem

1811 1497 2159 1553 audientibus
2192 1496 2421 1549 incutiat
2440 1506 2643 1551 metum
2671 1514 2685 1550 :
2709 1514 2726 1545 ι
2760 1491 2827 1547 Ut
2848 1492 3162 1556 bellatores,
3181 1490 3379 1558 inquit,

1813 1595 2035 1645 current
2063 1606 2077 1654 ;
2114 1586 2272 1656 quasi
2298 1584 2400 1638 viri
2426 1597 2700 1653 pugnaces
2720 1580 2917 1634 mmnia
2940 1578 3330 1633 conscenderit.
3358 1595 3377 1626 ι

1815 1682 1981 1736 Multa
2016 1696 2140 1734 cum
2170 1677 2447 1732 celeritate
2476 1675 2529 1727 in
2563 1673 2749 1743 praelia
2779 1679 2978 1736 ruent;
3032 1669 3199 1723 multa
3254 1670 3381 1721 item

119 1777 453 1847 πολεμισταί
485 1776 849 1846 ἀναϐήσονται
876 1777 966 1828 ἐπὶ
986 1776 1054 1829 τὰ
1070 1779 1246 1847 τείχη.
1280 1795 1298 1827 ι
1332 1778 1484 1830 Μετά
1507 1778 1707 1847 πολλῆς

1830 1788 1933 1828 :um
1965 1770 2194 1825 audacia
2224 1768 2441 1821 urbium
2474 1765 2645 1819 muris
2690 1762 2952 1824 insilient,
3005 1766 3191 1827 spreto
3236 1757 3386 1810 illinc

125 1869 226 1937 μὲν
257 1868 528 1937 ὀξύτητος
557 1868 649 1919 ἐπὶ
674 1866 774 1929 τὰς
800 1867 976 1936 μάχας
998 1868 1233 1938 ὁρμῶσι·
1270 1868 1410 1937 μετά
1430 1868 1628 1922 πολλοῦ
1652 1870 1710 1923 δὲ

119 1959 215 2012 τοῦ
249 1959 496 2029 θράσους
525 1957 619 2011 καὶ
642 1959 756 2019 τοῖς
789 1958 1022 2027 τείχεσιν
1062 1958 1443 2013 ἐπελεύσονται
1470 1960 1577 2014 τῶν
1612 1961 1710 2013 πό-

122 2051 283 2112 λεων,
318 2048 448 2101 οὐδὲ
488 2048 587 2117 τὴν
613 2047 822 2101 ἐκεῖθεν
849 2048 1188 2119 ὑφορώμενοι
1220 2049 1444 2119 βλάϐην.
1480 2068 1497 2103 ι
1539 2051 1712 2103 ’Ἑκα-

124 2158 255 2203 στος
284 2141 345 2193 ἐν
368 2143 438 2210 τῇ
464 2138 629 2193 αὑτοῦ
655 2138 759 2208 ὁδῷ
782 2139 1087 2209 πορεύεται,
1115 2140 1209 2192 καὶ
1233 2141 1293 2193 οὐ
1328 2142 1402 2212 μὴ
1428 2140 1714 2195 ἐκκλίνωσι

121 2232 224 2294 τὰς
248 2249 279 2283 τ
286 2230 478 2300 ρίὸους
504 2227 688 2294 αὑτοῦ,
708 2231 798 2283 καί
817 2231 1044 2295 ἕκαστος
1060 2232 1167 2285 ἀπὸ
1187 2232 1280 2284 τοῦ
1307 2232 1534 2301 ἀδελφοῦ
1551 2233 1712 2286 αὑτοῦ

122 2324 224 2375 οὐκ
248 2321 542 2390 ἀφέξεται.
577 2339 596 2371 ι
620 2322 1043 2392 Συντεταγμένοι
1062 2322 1355 2393 κέχρηνται
1375 2324 1454 2393 τῷ
1476 2322 1743 2395 πολέμῳ,’⁷

122 2411 344 2473 οὐδενὸς
392 2410 547 2474 δεξιὰ
602 2411 723 2463 οὐδὲ
776 2411 1041 2482 ἀριστερά
1087 2413 1422 2476 ἐκκλίνοντος
1474 2414 1714 2468 πώποτε·

120 2501 239 2555 ἀλλ’
265 2502 513 2554 ἑκάστου
560 2501 658 2570 μὲν
685 2501 784 2572 τήν
811 2502 1119 2572 ὡρισμένην
1146 2519 1207 2555 τε
1256 2506 1351 2557 καί
1383 2505 1719 2575 τεταγμένην

121 2594 393 2657 ἀνύοντος
430 2594 570 2646 ὁδόνο
603 2592 820 2645 πάντων
845 2593 908 2662 δὴ
944 2593 1080 2663 μετά
1118 2594 1321 2664 πολλῆς
1353 2595 1453 2663 τῆς
1492 2612 1719 2666 συμφωο-

121 2686 245 2747 νίας
274 2684 381 2735 ἐπὶ
407 2684 500 2736 τὸν
528 2682 763 2753 πόλεμον
788 2682 884 2753 τὴν
910 2684 1087 2753 ὁρμὴν
1111 2684 1466 2753 ποιουμένων.
1490 2676 1573 2754 (μῖ1
1598 2688 1719 2751 Hii)

127 2793 144 2825 ι
191 2771 728 2841 Καταὸαρυνόμενοι
767 2773 826 2823 ἐν
853 2774 963 2833 τοίς
988 2771 1173 2834 ὅπλοις
1214 2772 1393 2837 αὐτῶν
1426 2774 1721 2844 πορεύσον-

121 2883 233 2928 ται,
262 2866 372 2917 καὶ
406 2865 464 2916 ἐν
491 2866 603 2926 τοῖς
637 2863 844 2932 βέλεσιν
875 2864 1053 2916 αὐτῶν
1082 2864 1396 2929 πεσοῦνται,
1428 2865 1523 2919 καὶ
1551 2867 1610 2918 οὑ
1648 2868 1721 2938 μὴ

126 2951 589 3007 συντελεσθῶσιν.
627 2971 646 3003 ι
676 2953 945 3018 Μέγιστον
971 2953 1066 3004 καὶ
1086 2952 1275 3005 τοῦτον
1299 2954 1433 3024 πρὸς
1455 2955 1724 3020 ἀπόδειξιν

122 3045 216 3096 τοῦ
248 3044 404 3114 πρὸς
436 3042 672 3111 πόλεμον
700 3041 1179 3112 παρεσκευάσθαι,
1220 3043 1282 3094 τὸ
1322 3044 1468 3114 ,μηδέ
1508 3045 1725 3097 πώποτε

126 3136 234 3188 τῶν
270 3133 469 3187 ὃπλων
497 3132 604 3198 ἔξω
640 3130 886 3199 γίνεσθαι
923 3132 1030 3185 τῶν
1067 3133 1302 3185 οἰκείων·
1337 3132 1493 3186 τοῦτο
1514 3134 1620 3205 γὰρ
1651 3135 1728 3187 λέ-

128 3244 213 3294 γει
258 3226 364 3288 τδ,
403 3224 545 3278 Οὔτε
585 3223 992 3295 ὁδοιποροῦντες
1037 3224 1386 3278 ἀποτίθενται
1438 3227 1507 3278 τὰ
1552 3227 1727 3289 ὅπλα,

130 3318 285 3387 ἥδιον
311 3315 506 3369 αὐτῶν
534 3314 849 3385 ἀνεχόμενοι
875 3314 967 3366 τοῦ
999 3314 1218 3383 βάρους,
1247 3316 1281 3384 ἢ
1314 3316 1501 3369 ἄοπλοι
1527 3316 1736 3371 δεικνύ-

132 3424 288 3474 μενοι
315 3407 444 3467 τοῖς
486 3403 706 3472 ὀρῶσιν’
752 3401 875 3456 οὔτε
914 3404 963 3455 εἰ
994 3403 1129 3471 πρὸς
1175 3404 1479 3456 ἀνάπαυσιν
1526 3404 1729 3457 νεύοιέν

132 3514 290 3561 ποτε,
328 3495 447 3558 ἔξω
468 3493 577 3546 τῶν
607 3491 788 3545 ὃπλων
825 3492 1101 3559 γίγνονται
1132 3492 1239 3545 τῶν
1270 3492 1503 3544 οἰκείωνο
1533 3493 1593 3545 τὸ
1622 3495 1730 3563 γὰρ

1812 1861 1994 1918 damni
2018 1858 2281 1930 periculo.
2314 1875 2331 1907 ι
2359 1854 2417 1908 ln
2440 1869 2537 1909 sua
2555 1853 2787 1921 quisque
2802 1851 2887 1904 via
2911 1848 3179 1919 graditur,
3203 1860 3386 1914 neque

1813 1971 1843 2009 a
1880 1953 2099 2024 propria
2128 1949 2361 2005 deﬂectit
2392 1946 2606 2007 semita,
2651 1958 2751 1998 nec
2793 1957 2822 1995 a
2848 1940 3016 1994 fratre
3053 1954 3154 1993 suo
3205 1937 3386 1991 disce-

1814 2046 1911 2100 dit.
1942 2064 1959 2095 ι
1997 2041 2259 2097 Ordinata
2296 2045 2524 2092 utuntur
2545 2035 2679 2098 acie,
2725 2048 2884 2086 nemo
2910 2031 3254 2085 dextrorsum
3293 2035 3388 2081 aut

1815 2136 2199 2190 sinistrorsum
2226 2142 2456 2197 usquam
2484 2125 2720 2179 declinat
2743 2141 2756 2176 :
2779 2121 2872 2176 sed
2896 2120 3092 2190 singuli
3111 2118 3388 2173 definitam

1814 2226 2239 2295 imperatamque
2287 2224 2467 2272 terunt
2513 2218 2694 2267 viam:
2757 2225 2948 2265 omnes
2997 2224 3126 2263 vero
3173 2221 3389 2261 summa

1817 2313 2106 2370 concordia
2128 2311 2192 2365 ad
2226 2310 2478 2378 praelium
2516 2312 2702 2357 ruunt.
2754 2301 2973 2355 «Armis
3019 2299 3134 2354 suis
3181 2296 3391 2367 gravati

1815 2405 2087 2467 incedent,
2132 2410 2183 2456 et
2221 2402 2275 2454 in
2314 2397 2515 2468 jaculis
2546 2395 2662 2448 suis
2707 2392 2921 2452 cadent,
2970 2400 3025 2443 ct
3064 2404 3171 2442 non
3198 2388 3394 2441 finien-

1819 2507 1927 2551 tur.
1956 2515 1974 2548 ›
2009 2494 2125 2549 Hoc
2172 2506 2391 2560 quoque
2448 2488 2741 2557 plurimum
2794 2484 3021 2537 interest
3056 2482 3129 2535 ob
3163 2480 3392 2534 demon-

1822 2585 2099 2641 strandam
2134 2581 2202 2636 ad
2231 2580 2431 2635 bellum
2472 2573 2977 2648 promptitudinem,
3024 2570 3212 2639 siquis
3250 2584 3396 2621 nun-

1822 2691 1983 2747 quam
2028 2684 2179 2729 extra
2216 2673 2434 2741 propria
2475 2681 2625 2721 arma
2670 2666 2756 2720 sit.
2799 2663 2939 2718 Dicit
2976 2661 3157 2716 enim:
3220 2657 3298 2711 Nc
3337 2658 3395 2712 in

1825 2769 2019 2822 itinere
2097 2764 2316 2835 quidem
2393 2774 2545 2813 arma
2608 2756 2909 2825 deponunt,
2975 2751 3231 2806 libentius
3288 2748 3393 2817 7⁵1

1824 2872 2010 2912 eorum
2036 2855 2246 2925 pondus
2280 2859 2551 2923 gerentes,
2578 2863 2740 2919 quam
2771 2862 2829 2901 se
2860 2849 3095 2899 inermes
3139 2850 3395 2911 spectan—

1828 2952 1975 3004 tibus
2007 2947 2365 3001 exhibentes:
2410 2958 2534 2997 nam
2580 2953 2755 3008 neque
2781 2939 2825 2992 si
2858 2935 2995 2989 forte
3044 2947 3267 3003 pausam
3298 2931 3399 2984 ali-

1828 3054 1992 3109 quam
2037 3036 2278 3106 capiant,
2320 3034 2438 3087 sine
2462 3030 2630 3085 armis
2681 3028 2797 3082 suis
2850 3032 2997 3081 sunt.
3043 3022 3275 3082 Etenim,
3306 3035 3398 3072 ca-

1829 3131 1979 3193 dent,
2014 3129 2195 3197 posuit
2235 3140 2354 3194 pro,
2410 3120 2690 3191 procident
2718 3127 2812 3171 aut
2834 3114 3185 3171 recumbent:
3216 3111 3400 3165 dicere

1831 3224 2040 3285 volens,
2078 3218 2223 3289 quod
2275 3216 2471 3270 armati
2521 3224 2575 3268 et
2627 3212 2889 3266 incedunt
2933 3218 2987 3263 et
3037 3206 3392 3260 recumbunt:

1832 3315 2062 3382 ideoque
2105 3309 2330 3380 pulchre
2376 3307 2602 3367 addidit,
2663 3314 2717 3358 et
2757 3317 2867 3357 non
2906 3299 3183 3362 ﬁnientur,
3224 3297 3277 3349 id
3313 3302 3401 3348 est

1832 3406 2040 3460 nullum
2071 3402 2229 3455 finem
2259 3398 2495 3454 bellandi
2536 3402 2859 3467 agnoscunt,
2904 3392 2957 3445 in
2984 3389 3152 3444 armis
3188 3399 3402 3455 semper

1836 3493 2151 3565 praeliisque
2192 3498 2500 3543 versantur.

133 3584 478 3647 πεσοῦνται,
500 3582 623 3635 ἀντὶ
648 3582 743 3635 τοῦ
768 3580 1164 3636 ἀναπεσοῦνται
1187 3581 1279 3633 καί
1304 3582 1752 3652 ἀνακλιθήσονται
1778 3585 1957 3653 λέγει’
1996 3581 2312 3653 βουλόμενος
2355 3580 2526 3630 εἰπεῖν
2548 3578 2628 3629 ὅτι
2663 3572 2800 3644 μετὰ
2843 3571 2948 3625 τῶν
2995 3569 3171 3622 ὅπλων
3194 3566 3288 3619 καὶ
3310 3581 3407 3617 πο-

135 3678 409 3748 ρεύονται
451 3675 547 3727 καὶ
592 3673 988 3728 ἀνακλίνονται⁶
1037 3673 1118 3726 διδ
1143 3672 1323 3735 καλῶς
1366 3675 1634 3743 ἐπήγαγε,
1661 3679 1755 3729 καὶ
1778 3678 1838 3731 οὑ
1870 3677 1945 3747 μὴ
1982 3671 2421 3727 συντελεσθῶσινο
2454 3669 2575 3721 ἀντί
2602 3667 2695 3718 τοῦ
2715 3707 2728 3729 ,
2765 3664 2936 3733 πέρας
2968 3661 3067 3713 οὑκ
3102 3658 3277 3713 ῑσασιν
3308 3654 3403 3710 τοῦ

143 3768 428 3837 πολέμου.
459 3766 693 3820 πάντοτε
720 3763 785 3834 δὴ
808 3766 864 3817 ἐν
893 3763 1078 3826 ὅπλοις
1102 3764 1161 3817 τέ
1184 3764 1288 3816 εἰσι
1321 3765 1415 3817 καὶ
1443 3766 1719 3836 πολέμοις.

206 3881 369 3949 Στίχ.
397 3878 565 3931 θ’-ια’.
594 3907 663 3917 ——
693 3893 711 3926 ι
751 3876 861 3945 Τῆς
886 3875 1092 3937 πόλεως
1122 3874 1495 3945 ἐπιλήψονται,
1527 3879 1618 3930 καί
1645 3879 1737 3931 ἐπὶ

134 3973 245 4025 τῶν
270 3968 514 4038 τειχέων
546 3967 725 4021 αὑτῶν
747 3966 1098 4037 δραμοῦνται,
1129 3967 1222 4018 ἐπὶ
1253 3968 1351 4030 τὰς
1372 3968 1575 4032 οἰκείας
1606 3971 1736 4022 ἀναο

134 4062 437 4133 δήσονται,
482 4060 577 4111 καὶ
618 4057 707 4110 διὰ
751 4056 981 4127 θυρίδων
1033 4056 1428 4114 εἰσελεύσονται
1480 4060 1555 4122 ὡς
1610 4060 1736 4113 κλέ-

138 4169 296 4206 πται.
342 4169 366 4203 α
410 4148 567 4202 Μετά
605 4148 805 4217 πολλῆς
846 4148 946 4217 μὲν
975 4148 1073 4217 τῆς
1113 4148 1393 4218 δυνάμεως
1431 4152 1736 4220 χειροῦνται

137 4242 240 4306 τὰς
300 4240 536 4305 πόλεις,
590 4238 709 4290 οὑδέ
753 4238 1073 4307 ἀνατρέχειν
1122 4238 1405 4303 ὀκνοῦντες
1457 4241 1592 4308 μετά
1632 4240 1739 4292 τῶν

142 4334 332 4385 ὃπλων
371 4330 470 4383 ἐπὶ⁵
508 4327 579 4381 τά
603 4326 758 4398 τείχη
783 4343 796 4355 ·
828 4326 1232 4396 εἰσεληλυθότες
1268 4327 1324 4380 δὲ
1360 4328 1575 4381 ἅπασαν
1615 4330 1738 4379 ἐπι-

141 4422 423 4490 νέμονται
449 4419 547 4489 τὴν
574 4418 747 4481 πόλιν,
775 4416 915 4469 ὥστε
936 4416 1058 4470 καθ’
1080 4418 1315 4488 ἑκάστην
1342 4417 1517 4471 οἰκίαν
1539 4418 1631 4470 καὶ
1654 4417 1740 4470 διὰ
1776 4416 1787 4477 Ῐ

144 4513 332 4582 θυρῶν
370 4510 472 4562 καὶ
504 4507 593 4561 διὰ
617 4507 847 4577 θυρίδων
872 4506 1132 4566 εἰσιέναι,
1166 4508 1258 4559 ἐπὶ
1298 4506 1376 4577 τῷ
1406 4507 1580 4559 πάντα
1610 4507 1744 4573 ἀφε-

143 4601 258 4653 λεῖν
285 4599 363 4653 τὰ
388 4597 582 4650 ἐνόντα
601 4613 615 4626 ο
645 4595 707 4647 τὸ
732 4594 861 4664 γὰρ,
896 4615 913 4645 ι
957 4595 1032 4659 ὡς
1065 4595 1312 4658 κλέπται,
1348 4616 1365 4647 ι
1399 4595 1555 4648 τοῦτο
1577 4595 1742 4663 λέγει,

142 4693 267 4748 ἀντί
292 4690 427 4755 τοῦ,
464 4688 557 4739 ἐπὶ
593 4683 671 4755 τῷ
718 4686 895 4739 πάντα
939 4685 1157 4754 ἀφελεῖν
1188 4688 1281 4740 καὶ
1311 4686 1524 4754 κλέψαι.
1576 4706 1593 4735 ι
1635 4686 1747 4756 Πρὸ

144 4781 463 4854 προσώπου
492 4776 658 4831 αὑτοῦ
690 4776 1094 4846 συγχυθήσεται
1131 4778 1163 4845 ἡ
1197 4780 1267 4848 γῆ
1295 4817 1310 4841 ,
1338 4781 1431 4829 καὶ
1462 4777 1745 4847 σεισθήσε-

143 4892 234 4927 ται
264 4876 296 4926 ὁ
330 4866 573 4940 οὐρανὸς
594 4907 608 4931 ,
643 4868 672 4920 δ
702 4867 853 4936 ἥλιος
889 4868 983 4920 καὶ
1020 4869 1053 4936 ή
1088 4868 1283 4937 σελήνη
1328 4868 1743 4931 συσκοτάσουσι,

145 4964 226 5030 (p.
265 4961 410 5027 H7)
441 4958 538 5011 καὶ
570 4957 639 5011 τά
672 4956 849 5027 ἄστρα
888 4954 1108 5008 δύσουσι
1140 4956 1201 5007 τὸ
1242 4958 1441 5024 φέγγος
1471 4956 1670 5009 αὑτῶν.
1723 4974 1742 5005 ι

150 5056 345 5108 Ἔοικε
389 5052 491 5120 μὲν
533 5052 561 5102 ὁ
590 5048 875 5119 προφήτης
922 5047 1298 5117 ὑπερϐολικῶς
1329 5047 1397 5099 τά
1448 5047 1618 5099 πολλὰ
1658 5045 1745 5098 λέ-

147 5158 291 5207 γειν,
332 5141 425 5199 εἰς
467 5136 689 5205 μείζονα
737 5134 998 5204 ἔκπληξιν
1042 5134 1149 5187 τῶν
1194 5135 1526 5203 ἀκουόντων·
1560 5134 1747 5205 ἐπειδὴ

148 5232 316 5285 ὁποῖά
348 5229 480 5281 ποτ’
532 5226 600 5279 ἂν
706 5225 775 5277 τά
802 5224 1089 5294 λεγόμενα,
1124 5224 1367 5277 λείπεται
1406 5224 1511 5276 τῶν
1538 5223 1742 5295 ἔργων·

151 5321 314 5390 δῆλος
345 5317 410 5370 δέ
440 5319 559 5370 ἐστι
588 5313 888 5380 κάνταῦθα,
927 5315 986 5367 οὑ
1018 5313 1086 5366 τά
1133 5315 1370 5383 στοιχεῖα
1409 5312 1581 5380 λέγων
1616 5328 1746 5379 συγ-

156 5412 381 5481 χεῖσθαι
408 5410 506 5461 καὶ
533 5404 938 5476 μετατίθεσθαι,
969 5403 1082 5456 ἀλλ’
1113 5403 1299 5472 ἐπειδὴ
1324 5403 1436 5465 τοῖς
1476 5404 1533 5455 ἐν
1562 5403 1747 5464 κακοῖς

157 5497 581 5566 ἐξεταζομένοις
635 5493 768 5547 ἴδιόν
817 5493 934 5545 ἐστι
984 5491 1083 5554 τὰς
1127 5490 1421 5561 ὑπολήψεις
1473 5490 1608 5559 πρὸς
1650 5489 1748 5558 τὴν

163 5591 511 5659 κατέχουσαν
560 5584 915 5656 μεθίστασθαι
966 5581 1224 5644 πολλάκις
1270 5581 1545 5649 ἀνάγκην⁸
1594 5577 1750 5631 τοῦτο

165 5679 255 5736 cla
288 5681 475 5750 λέγει,
518 5677 602 5733 ὅτι
641 5676 950 5748 συγχύσεως
981 5676 1077 5747 μὲν
1112 5672 1473 5745 πληροῦνται,
1505 5669 1749 5735 ἐπιόντος

1912 3875 2081 3931 Vens.
2108 3873 2264 3929 9-H.
2294 3900 2362 3910 —
2394 3888 2411 3939 ι
2444 3867 2639 3923 Urbem
2687 3864 2903 3933 capient
2930 3900 2945 3924 ,
2986 3868 3039 3914 et
3074 3872 3243 3928 super
3277 3840 3454 3910 mur-'7

1843 3966 1935 4019 nia
1984 3965 2102 4033 ejus
2149 3961 2492 4021 discurrent;
2545 3954 2737 4008 domos
2783 3949 3173 4011 conscendent,
3217 3954 3270 4001 et
3316 3959 3409 4013 per

1844 4054 2113 4108 fenestras
2161 4048 2449 4103 intrabunt
2474 4042 2631 4114 quasi
2674 4041 2846 4094 fures.
2894 4057 2911 4089 ι
2962 4036 3169 4106 Magnis
3200 4033 3410 4089 viribus

1845 4143 2009 4197 urbes
2064 4139 2319 4198 domant,
2385 4147 2563 4202 neque
2620 4146 2727 4183 non
2794 4127 2998 4181 audent
3055 4138 3280 4178 currere
3342 4120 3411 4174 ad

1844 4231 2043 4285 mtenia
2100 4243 2223 4283 cum
2284 4225 2472 4287 armis,
2525 4230 2579 4277 et
2640 4235 2734 4290 per
2781 4219 2978 4288 januas
3036 4215 3414 4282 fenestrasque

1846 4316 2081 4386 ingredi,
2109 4324 2166 4368 ut
2197 4311 2461 4382 quidquid
2503 4318 2587 4364 est
2628 4309 2777 4361 intus
2811 4304 3065 4359 auferant
3094 4322 3108 4356 :
3141 4305 3244 4356 hoc
3269 4301 3411 4354 enim

1845 4406 2110 4475 significat
2156 4404 2380 4464 locutio,
2410 4420 2426 4451 ι
2464 4399 2618 4468 quasi
2670 4397 2853 4457 fures,
2887 4413 2905 4445 ι
2948 4408 3076 4462 pro,
3114 4391 3194 4445 Ad
3228 4389 3414 4443 omnia

1846 4496 2201 4551 auferendum
2237 4502 2289 4547 et
2323 4490 2636 4545 furandum.
2679 4506 2696 4538 ι
2745 4488 2789 4539 Α
2825 4484 2965 4539 facie
3010 4483 3131 4553 ejus
3174 4479 3411 4536 confun-

1846 4590 2004 4641 detur
2055 4594 2239 4649 terra,
2284 4579 2720 4637 commovebitur
2771 4577 3004 4640 cwlum,
3058 4574 3138 4628 sol
3188 4583 3242 4626 et
3288 4572 3415 4625 luna

1846 4674 2367 4737 obtenebrabuntur,
2409 4680 2462 4725 et
2506 4669 2676 4725 stellae
2724 4666 3022 4721 recondent
3066 4663 3416 4733 splendorem

1848 4781 2044 4823 suum.,
2088 4783 2106 4816 ι
2181 4762 2411 4817 Videtur
2493 4759 2759 4831 propheta
2824 4755 3175 4825 hyperbolice
3242 4753 3416 4805 multa

1849 4857 2052 4915 dicere,
2100 4866 2159 4907 ut
2203 4852 2409 4921 majore
2448 4849 2733 4903 audientes
2778 4846 2959 4916 pulset
3005 4852 3232 4899 terrore.
3279 4838 3418 4896 lVam

1850 4943 2181 4998 cuicuimodi
2230 4942 2341 4996 sint
2397 4941 2513 4993 haec
2562 4938 2750 4999 verba,
2799 4937 3010 4989 minora
3062 4934 3225 4988 rebus
3267 4941 3417 4987 sunt.

1848 5036 2089 5105 Apparet
2124 5042 2306 5086 autem
2345 5032 2446 5085 hoc
2479 5030 2644 5083 etiam
2674 5030 2793 5082 loco
2825 5026 3147 5095 prophetam
3178 5023 3318 5076 haud
3345 5024 3422 5075 ita

1852 5126 1997 5195 loqui
2017 5125 2171 5194 quasi
2194 5125 2461 5188 elementa
2484 5120 2893 5176 confundantur
2918 5128 2973 5173 et
2995 5116 3418 5179 transferantur,

1850 5218 1943 5273 sed
2000 5216 2128 5286 quia
2179 5228 2298 5268 mos
2348 5220 2433 5267 est
2478 5225 2667 5265 eorum
2723 5210 2818 5278 qui
2868 5208 3028 5262 malis
3071 5211 3420 5271 exercentur,

1848 5306 2047 5361 mentis
2099 5303 2250 5357 ideas
2296 5300 2363 5353 ad
2410 5313 2539 5354 suas
2591 5302 2890 5367 praesentes
2938 5306 3081 5358 saepe
3133 5288 3420 5358 angustias

1850 5395 2169 5451 transferre.
2204 5392 2347 5445 Dicit
2377 5390 2545 5461 igitur
2581 5387 2701 5442 fore
2734 5395 2796 5441 ut
2821 5384 3071 5439 homines
3099 5378 3418 5436 confusione

1851 5487 2187 5557 repleantur,
2222 5482 2456 5537 Domino
2486 5482 2539 5534 in
2566 5489 2767 5534 terram
2805 5476 3156 5531 adventante.
3190 5469 3423 5524 Videtur

1850 5590 1979 5645 ergo
2019 5574 2148 5637 illis,
2195 5572 2288 5642 qui
2328 5571 2459 5624 talia
2507 5585 2536 5622 a
2580 5568 2690 5623 Deo
2738 5567 2795 5620 in
2838 5574 2981 5620 terra
3027 5562 3332 5631 patiuntur,
3364 5565 3422 5614 et

1853 5666 2051 5724 malum
2105 5664 2345 5732 concuti,
2381 5669 2433 5720 et
2476 5660 2557 5719 sol
2600 5673 2662 5715 ac
2686 5658 2814 5714 luna
2858 5665 2911 5714 et
2952 5655 3129 5712 sidera
3167 5653 3277 5723 jam
3307 5664 3419 5705 non
