3828 6216
373 144 395 183 η

413 278 522 335 223
1595 285 1919 342 THEODOR

2142 285 2467 344 SUESTENI
3543 275 3654 334 εει

413 397 678 458 relucere,
730 395 998 451 malorum
1049 397 1262 452 scilicet
1317 397 1588 466 gravitate
1644 398 1925 468 patientibt

2137 399 2243 453 ιτοῦ
2269 401 2338 454 τὰ
2377 397 2518 452 κατὰ
2541 399 2675 469 γῆνο
2709 399 2857 452 δοκεῖ
2884 399 2949 452 δὲ-
2977 397 3088 463 τοῖς
3128 398 3186 452 ὲν
3211 400 3276 469 τῇ
3301 399 3374 468 γῇ
3419 397 3649 455 τοιαῦτα

413 487 682 556 eripiente
715 487 857 542 lucis
882 502 1121 543 sensum.
1169 506 1190 540 ι
1229 487 1294 541 Et
1322 487 1582 543 Dominus
1609 488 1761 542 dabit
1793 503 1925 542 voce

2143 490 2354 559 icxouct
2380 489 2510 558 παρ’
2536 489 2722 554 αὐτοῦ,
2751 491 2850 544 καὶ.
2871 492 2900 542 ὁ
2925 489 3152 559 οὐρανὸς
3186 489 3528 558 σαλεύεσθαι,
3551 491 3655 545 καὶ·

421 592 574 630 suam
617 585 745 631 ante
770 575 963 631 faciem
997 577 1272 632 exercitus
1307 577 1392 632 sui
1437 596 1450 632 :
1487 579 1617 647 quia
1656 579 1824 632 multa
1854 593 1933 633 sul

2137 579 2312 650 ἥλιος,
2337 581 2430 634 καὶ
2454 581 2488 649 ή
2518 579 2738 650 σελήνη,
2765 581 2858 633 καὶ
2881 581 2952 634 τά
2977 581 3152 651 ἄστρα
3185 581 3380 651 μηκέτι
3414 582 3645 650 φαίνειν,

419 667 583 722 nimis
601 675 779 721 castra
802 668 944 736 ejus,
969 668 1097 738 quia
1128 667 1287 721 fortia
1310 683 1475 738 opera
1506 668 1931 738 verborumejus

2138 673 2186 743 ᾗς
2205 673 2312 726 τῶν
2333 672 2520 725 κακῶν
2539 672 2837 743 βαρύτητος
2857 673 3260 744 ἀφαιρουμένης
3281 673 3390 726 τῶν
3418 672 3650 743 πασχόν-

421 774 652 828 magnus
705 759 852 814 enim
911 761 1029 814 dies
1079 759 1337 822 Domini,
1401 776 1594 832 magna
1646 770 1701 816 et
1753 763 1933 819 illustr

2137 781 2193 818 υν
2221 764 2314 817 τοῦ
2357 764 2534 833 φωτὸς
2575 763 2674 834 τὴν
2713 763 2980 834 αἴσθησιν.
3033 780 3052 814 ι
3106 765 3217 816 Καὶ
3250 763 3452 834 Κύριος
3485 763 3649 817 δώσει

421 850 599 915 valde,
648 858 700 903 et
729 851 855 920 quis
895 851 1188 905 sustinebit
1223 853 1388 905 eam?
1427 871 1445 902 ι
1479 851 1760 922 Loquetur
1789 862 1933 923 praet:

2137 855 2272 924 ωνὴν
2317 854 2482 908 αὐτοῦ
2531 855 2638 924 πρὸ
2680 853 2971 926 προσώπου
3016 853 3294 922 δυνάμεως
3341 853 3527 908 αὐτοῦ·
3565 855 3649 908 ὃτι

422 937 568 991 facta
616 940 728 993 haec
778 941 895 1010 ipse
953 941 1233 1005 Dominus,
1293 942 1452 1010 cujus
1516 944 1817 1008 voluntate,
1872 945 1934 998 ha

2140 946 2258 1017 ολλή
2287 947 2402 998 ἐστι
2439 945 2642 1014 σφόδρα
2671 945 2704 1014 ἡ
2746 943 3064 1014 παρεμϐολὴ
3099 942 3260 996 αὐτοῦ
3285 960 3297 973 ·
3335 945 3417 996 ὅτι
3453 943 3652 1015 ἰσχυρὰ

420 1042 644 1099 propter
680 1034 928 1086 vestram'
956 1034 1252 1101 nequitiam
1295 1035 1572 1102 patiemini
1611 1052 1624 1086 :
1659 1036 1770 1105 78
1794 1051 1932 1106 quau

2261 1037 2434 1104 λόγων
2471 1034 2662 1099 αὐτοῦ,·
2699 1033 2831 1086 διότι
2873 1033 3078 1104 μεγάλη
3115 1036 3148 1104 ή
3185 1032 3365 1104 ἡμέρα
3399 1032 3496 1086 τοῦ
3535 1034 3646 1085 Κυ-
3701 1043 3758 1082 σε

422 1124 609 1178 obrcm
648 1133 778 1178 tunc
811 1141 910 1180 vos
957 1128 1222 1183 noveritis
1272 1137 1440 1181 totam
1494 1131 1633 1183 hanc
1685 1131 1805 1198 ejus
1867 1147 1934 1185 es:

2145 1143 2226 1190 ou,
2267 1124 2478 1194 μεγάλη
2516 1124 2610 1178 καὶ
2646 1124 2912 1192 ἐπιφανὴς
2948 1122 3192 1192 σφόδραέο
3241 1122 3336 1174 καὶ
3375 1122 3457 1185 τίς
3504 1123 3656 1175 ἐστιν

422 1213 617 1277 aciem,
675 1213 836 1281 cujus
893 1215 1176 1270 voluntate
1229 1213 1498 1272 movetur.
1572 1220 1770 1276 Scietis
1825 1223 1931 1276 etia

2146 1216 2278 1280 ανὸς
2307 1215 2442 1285 αὐτῇ
2465 1233 2478 1280 ;
2517 1233 2536 1264 ›
2580 1213 2994 1282 Ἐπιφθέγξεται
3022 1215 3080 1268 δὲ
3099 1216 3211 1276 τοῖς
3230 1213 3531 1283 γινομένοις
3556 1214 3658 1266 καὶ

423 1310 623 1367 quanta
660 1301 732 1355 sit
771 1303 1058 1356 verborum
1082 1305 1202 1373 ejus
1233 1306 1336 1370 vis,
1372 1308 1500 1361 olim
1547 1309 1839 1378 loquentis,
1865 1326 1931 1365 cu

2159 1304 2311 1366 Θεὸς,
2359 1298 2530 1373 οὐπερ
2577 1296 2670 1356 οὖν
2723 1301 2926 1372 γνώμῃ
2959 1301 3128 1354 ταῦτα
3168 1301 3256 1354 διὰ
3299 1302 3398 1370 τὴν
3446 1302 3657 1354 οἰκείαν

421 1403 521 1443 vos
555 1390 732 1445 verbis
767 1406 874 1444 non
903 1394 1231 1461 credebatis,
1255 1413 1376 1465 quae
1401 1407 1586 1466 postea
1622 1399 1676 1453 in
1704 1416 1816 1455 rem
1857 1415 1933 1455 co:

2146 1394 2345 1448 είσεσθε
2374 1395 2570 1448 κακίαν
2590 1409 2604 1423 '
2633 1393 2775 1445 ὥστε
2801 1394 2920 1445 τότε
2958 1393 3054 1463 μὲν
3081 1393 3226 1463 ὑμᾶς
3248 1393 3452 1460 γνῶναι
3475 1393 3658 1445 πᾶσαν

423 1479 584 1544 tulit;
609 1481 976 1548 ostenditque,
1008 1485 1304 1551 quemlibet
1330 1501 1636 1541 sermonem
1664 1488 1784 1556 ejus
1808 1489 1935 1556 peri:

2145 1487 2257 1540 5105
2289 1486 2386 1557 τὴν
2415 1485 2718 1556 παράταξιν
2747 1485 2949 1554 ταύτην
2972 1479 3136 1537 οὖσαν
3157 1525 3171 1548 ,
3197 1478 3366 1554 οὗπερ
3384 1480 3477 1536 οὖν
3504 1481 3657 1534 κεκί-

425 1567 496 1623 de
524 1583 650 1623 esse
678 1585 740 1622 ac
772 1570 912 1626 forte
945 1588 1084 1641 opus
1111 1593 1124 1627 :
1166 1576 1606 1644 quandoquidem
1632 1578 1767 1632 adeo
1799 1593 1937 1648 magi

2179 1595 2250 1630 ται
2271 1575 2496 1647 γνώμηο
2531 1575 2733 1643 γνῶναι
2759 1574 2815 1627 δὲ
2844 1573 2938 1626 καλ⁵
2961 1574 3060 1642 ὅση
3088 1573 3205 1626 ἐστὶ
3235 1572 3342 1624 τῶν
3367 1571 3537 1639 λόγων
3559 1569 3665 1622 αὐ·-
3687 1589 3691 1594 ·

426 1668 480 1714 et
541 1660 774 1715 illustris
830 1669 916 1716 est
971 1667 1470 1732 supervenientium
1521 1668 1677 1722 vobis
1723 1671 1933 1724 maloru

2177 1669 2186 1719 ὃ
2223 1669 2257 1738 ἡ
2299 1669 2469 1736 ἰσχὺς,
2495 1666 2660 1718 πάλαι
2693 1665 2792 1735 μὲν
2819 1663 3098 1733 εἰρηκότος
3131 1664 3220 1716 ὅτε
3245 1679 3351 1732 περ
3378 1661 3689 1731 ήπιστεῖτε·

427 1747 564 1802 dies.
600 1748 756 1803 Tunc
785 1767 874 1806 res
901 1767 998 1820 pro
1029 1753 1213 1808 divina
1243 1757 1519 1811 voluntate
1554 1757 1638 1812 flet
1662 1797 1676 1820 ,
1711 1774 1813 1813 nec
1841 1760 1933 1828 qui

2173 1760 2203 1820 ῖς
2239 1756 2580 1826 λεγομένοις·
2616 1754 2840 1823 ὕστερον
2873 1754 2931 1806 δὲ
2968 1753 3108 1807 αὐτὰ
3149 1752 3426 1818 ὲξάξοντος
3457 1753 3535 1813 είς
3566 1749 3685 1818 ἕρ⁶“

429 1854 593 1907 quam
629 1840 895 1893 malorum
932 1842 1148 1896 illorum
1186 1844 1327 1899 ferre
1375 1850 1576 1915 poterit
1611 1850 1828 1904 molem.
1857 1850 1938 1914 Qu

2153 1866 2209 1911 ιν,
2234 1851 2310 1919 (p.
2341 1849 2462 1917 118)
2488 1848 2579 1901 καὶ
2599 1846 2870 1910 δείξαντος
2895 1848 2976 1900 ὅτι
2997 1848 3104 1909 πᾶς
3131 1845 3287 1914 λόγος
3309 1842 3472 1898 αὐτοῦ
3497 1844 3665 1914 ἔργον

430 1929 534 1984 bus
556 1931 737 1986 verbis
760 1941 1046 2002 postquam
1070 1934 1307 1988 hostium
1332 1951 1523 2005 graves
1547 1939 1692 1993 vires
1716 1942 1942 2008 exposui

2151 1942 2239 1993 τὶν
2275 1938 2493 2008 ἰσχυρόν
2513 1953 2527 1968 ο
2569 1938 2650 1989 ὅτι
2681 1953 2742 1988 τε
2777 1937 2920 1989 οὕτω
2955 1936 3163 2007 μεγάλη
3197 1936 3293 1988 καὶ
3324 1934 3591 2004 ἐπιφανὴς
3623 1934 3663 2001 ἠ

430 2020 713 2089 Iubjullgil
745 2041 759 2075 :
2092 2029 2203 2083 τῶν
2240 2029 2501 2081 ἐπιόντων
2532 2028 2660 2098 ὑμῖν
2700 2026 2884 2079 κακῶν
2921 2027 3105 2097 ήμέρα
3125 2043 3138 2056 ·
3171 2026 3294 2078 τότε
3339 2025 3490 2078 ἔσται
3520 2022 3668 2078 κατά

431 2113 530 2182 τὴν
560 2111 781 2182 γνώμην
812 2113 910 2182 τὴν
942 2113 1108 2179 θείαν,
1137 2117 1213 2178 ὡς
1247 2117 1378 2188 μηδὲ
1410 2113 1548 2172 εἶναί
1575 2136 1696 2172 τινα
1721 2121 1945 2176 δυνατὸν
1983 2122 2092 2176 τῶν
2133 2120 2255 2174 τότε
2293 2119 2590 2189 γινομένων
2624 2118 2810 2172 κακῶν
2843 2117 3132 2187 ὑποφέρειν
3170 2117 3232 2169 τὸ
3269 2115 3537 2186 μέγεθος·
3579 2113 3668 2168 δι-

431 2202 775 2273 ηγησάμενος
799 2204 852 2256 δὲ
880 2205 987 2258 τῶν
1009 2206 1278 2276 πολεμίων
1307 2209 1403 2278 τὴν
1435 2208 1707 2280 βαρύτητα
1738 2215 1799 2264 ὲν
1817 2211 2044 2276 τούτοις,
2078 2210 2272 2277 ἐπάγει
2292 2221 2307 2237 ⁸

510 2292 672 2348 Vsus.
714 2293 903 2348 12-14.
952 2326 1023 2335 -
1056 2315 1074 2348 ι
1117 2296 1180 2350 Ει
1217 2295 1364 2351 nunc
1405 2299 1538 2354 dicit
1574 2300 1837 2357 Dominus
1862 2302 2005 2358 Deus

2169 2301 2318 2371 Στίχ.
2357 2299 2541 2369 ιβ’-ιδ’.
2573 2329 2644 2341 -
2691 2317 2710 2350 ι
2759 2295 2874 2350 Καὶ·
2905 2294 3000 2350 νῦν
3044 2297 3190 2366 λέγει
3228 2297 3432 2367 Κύριος
3467 2297 3498 2349 ὁ
3531 2293 3673 2358 Θεὸς

438 2393 619 2439 vester
651 2403 664 2438 :
691 2385 1086 2440 Convertimini
1125 2389 1190 2442 ad
1222 2404 1308 2443 me
1351 2397 1467 2444 toto
1495 2390 1663 2446 corde
1695 2402 1904 2454 vestro,
1948 2395 1950 2445 ἲ

2167 2391 2287 2457 ιῶνς
2345 2388 2744 2461 Ἐπιστράφητε
2774 2389 2910 2460 πρός
2945 2406 3010 2456 με
3040 2389 3114 2452 ὲξ-
3143 2388 3270 2457 ὅλης
3295 2387 3394 2458 τῆς
3437 2385 3679 2457 καρδίας

435 2474 647 2544 jejunio
673 2483 726 2530 et
757 2478 810 2530 in
840 2477 964 2531 fletu
996 2486 1051 2532 et
1091 2478 1144 2531 in
1195 2481 1443 2548 planctu,
1483 2489 1536 2535 et
1571 2483 1815 2537 scindite‘
1839 2498 1947 2538 cori

2159 2481 2274 2544 ιῶν,
2303 2483 2362 2533 ὲν
2397 2481 2622 2550 νηστεία
2655 2481 2750 2532 καὶ
2791 2481 2850 2532 ὲν
2887 2478 3150 2550 κλαυθμῷ
3182 2480 3277 2532 καὶ
3311 2481 3369 2533 ἐν
3412 2477 3671 2548 κοπετῷ⁸

439 2574 643 2627 vestra,
671 2575 724 2622 et
764 2584 869 2622 non
897 2571 1220 2625 vestimenta
1259 2583 1441 2627 vestra
1472 2592 1485 2628 :
1527 2573 1582 2627 ei
1619 2573 1951 2629 convertimil

2167 2570 2193 2622 ,‘t
2219 2569 2543 2641 διαῤῥήξατε
2572 2570 2672 2633 τὰς
2699 2570 2924 2640 καρδίας
2951 2571 3124 2640 ὑμῶν,
3154 2571 3248 2624 καὶ
3278 2569 3352 2640 μὴ
3380 2570 3450 2623 τὰ
3471 2570 3679 2640 ἱμάτια

447 2656 515 2708 ad
542 2656 826 2711 Dominum
860 2658 1024 2712 Deum
1063 2667 1326 2724 vestrum,
1357 2663 1480 2731 quia
1515 2663 1784 2731 benignus
1819 2673 1873 2719 et
1903 2680 1953 2717 m

2166 2659 2257 2711 ιῶν
2278 2675 2291 2688 ο
2323 2660 2413 2713 καὶ
2435 2658 2804 2728 ἐπιστράφητε
2835 2659 2970 2729 πρὸς
2997 2659 3199 2730 Κύριον
3219 2659 3310 2710 τὸν
3331 2658 3464 2711 Θεὸν
3489 2657 3678 2728 ὐμῶνοέ

438 2745 675 2800 sericors
701 2755 819 2810 est,
851 2756 905 2800 et
935 2748 1259 2817 longanimis
1285 2766 1348 2804 ac
1377 2752 1558 2804 multae
1586 2753 1950 2806 misericordia

2162 2767 2186 2801 ἰ
2234 2749 2479 2818 ἐλεήμων
2518 2749 2609 2799 καὶ
2649 2748 2944 2819 οἰκτίρμων
2987 2748 3135 2813 ἐστὶ,
3187 2748 3536 2819 μακρόθυμος
3575 2747 3674 2800 καὶ

437 2842 492 2888 et
510 2835 761 2893 ﬂexibilis
795 2851 960 2907 super
1003 2838 1402 2909 iniquitatibus.
1447 2861 1463 2894 ι
1500 2841 1606 2898 Sed
1648 2843 1791 2898 enim
1823 2858 1949 2913 quat

2167 2840 2401 2903 ιλυέλεος·
2427 2838 2523 2893 καὶ
2557 2838 2832 2908 μετανοῶν
2864 2837 2956 2890 ἐπὶ
2985 2839 3106 2901 ταῖς
3147 2839 3386 2900 κακίαις.
3441 2856 3462 2888 ›
3508 2836 3679 2889 Ἀλλὰ

438 2941 600 2994 quam
649 2942 738 2982 res
791 2929 864 2982 ita
922 2945 982 2984 se
1034 2931 1291 2996 habeant,
1354 2935 1530 3003 agesis
1587 2937 1772 2990 cuncti
1820 2939 1943 2991 stud

2163 2940 2211 3002 ιρ
2239 2932 2330 2985 καὶ
2353 2931 2554 2983 τούτων
2579 2929 2751 2991 οὕτως
2773 2928 3026 2998 ἐχόντων,
3047 2927 3176 2998 φέρε
3201 2927 3265 2998 δὴ
3288 2927 3489 2991 πάντες
3512 2944 3675 2998 μετα-

439 3023 627 3068 nostra
674 3029 705 3068 a
754 3015 883 3071 vitio
930 3018 995 3071 ad
1042 3019 1296 3075 virtutem
1329 3033 1736 3089 convertamus,
1793 3034 1951 3078 cunct

2161 3021 2394 3092 ιλὼμεθα
2421 3021 2512 3072 τὸν
2538 3020 2797 3089 λογισμὸν
2820 3021 2884 3072 ὲκ
2908 3018 3000 3071 τοῦ
3024 3018 3264 3089 χείρονος
3293 3018 3386 3069 ἐπὶ
3406 3019 3468 3069 τὸ
3495 3018 3673 3087 κρεῖτ-

438 3103 677 3173 inquam,
712 3114 823 3161 tota
860 3118 1037 3164 mente
1073 3111 1139 3164 ad
1178 3111 1342 3166 Deum
1374 3113 1716 3179 inclinentur,
1758 3115 1948 3185 jejunii

2161 3129 2215 3175 ιν,
2239 3111 2332 3163 καὶ
2355 3109 2632 3180 νεύσωμεν
2654 3108 2892 3171 ἅπαντες
2919 3108 3195 3177 ὁλοκλήρῳ
3216 3109 3282 3177 τῇ
3305 3105 3514 3176 διανοίᾳ
3535 3105 3673 3176 πρὸς

438 3194 568 3249 ﬂetu
618 3205 672 3252 et
725 3199 946 3268 planctu
985 3202 1273 3272 occupati;
1325 3219 1499 3273 neque
1547 3213 1729 3260 vestes
1787 3215 1950 3261 nostr:

2161 3203 2258 3266 εὸν,
2293 3200 2566 3269 νηστείαις
2593 3215 2652 3251 τε
2682 3199 2776 3250 καὶ
2807 3197 3070 3268 κλαυθμῷ
3101 3197 3196 3250 καὶ
3223 3195 3436 3267 κοπετῷ
3465 3213 3673 3267 κεχρη-

438 3287 776 3352 scindamus,
825 3291 918 3360 qui
970 3306 1092 3347 mos
1142 3305 1325 3348 vester
1367 3308 1508 3361 saepe
1541 3302 1625 3348 est
1673 3295 1795 3350 sine
1839 3297 1950 3349 anit

2165 3292 2258 3344 ἑνοι
2278 3309 2292 3322 ·
2321 3290 2415 3343 καὶ
2456 3289 2529 3360 μή
2567 3289 2634 3342 τὰ
2677 3289 2866 3357 ἱμάτια
2894 3289 2962 3341 τὰ
2985 3289 3192 3341 ἑαυτῶν
3217 3287 3671 3358 διαρῤηγνύντες,

439 3376 688 3444 affectu;
737 3380 829 3435 sed
882 3385 1047 3437 corda
1092 3394 1275 3438 vestra
1317 3385 1559 3455 pandite,
1595 3385 1818 3455 Deoque
1861 3403 1951 3441 nui

2159 3382 2292 3451 όπερ
2318 3381 2436 3443 ἔθος
2473 3382 2600 3449 ὑμῖν
2639 3379 2738 3432 οὐκ
2768 3381 2836 3432 ὲκ
2861 3378 3160 3442 διαθέσεως
3185 3379 3444 3445 πολλάκις
3474 3380 3670 3432 ποιεῖν·

438 3469 692 3525 exhibete
715 3512 730 3536 ,
757 3485 814 3527 ut
837 3482 1020 3530 vetere
1051 3478 1258 3532 malitia
1280 3477 1528 3546 deposita
1550 3517 1564 3542 ,
1593 3487 1831 3532 vestram
1861 3482 1950 3533 cirt

2164 3491 2204 3536 ις
2242 3472 2468 3542 καρδίας
2510 3471 2567 3522 δὲ
2611 3469 2819 3522 ἑαυτῶν
2846 3470 3202 3537 διανοίγοντές
3237 3487 3293 3522 τε
3333 3472 3427 3523 καὶ
3456 3471 3676 3540 γυμνὰς

440 3558 608 3614 Deum
633 3571 867 3619 mentem
895 3565 1300 3624 demonstretis.
1343 3567 1528 3638 Neque
1551 3571 1698 3622 enim
1719 3578 1802 3625 est
1832 3571 1950 3624 incr

2161 3562 2474 3632 ροσάγοντες
2507 3558 2584 3629 τῷ
2615 3559 2733 3628 Θεῷ
2751 3574 2766 3588 ⁸
2801 3561 2878 3621 ὡς
2905 3557 2972 3611 ἂν
3000 3559 3098 3629 τήν
3133 3559 3367 3612 παλαιὰν
3397 3560 3673 3630 ἁποθέμε·

439 3649 643 3712 dibile,
676 3666 800 3705 cum
829 3653 900 3708 sit
925 3655 1082 3710 valde
1110 3657 1403 3726 benignus,
1438 3666 1492 3711 et
1524 3659 1692 3711 multa
1727 3675 1853 3729 erga
1884 3675 1948 3728 pe

2165 3669 2187 3702 ι
2226 3649 2440 3713 κακίαν,
2462 3649 2606 3718 δῆλοι
2639 3647 2994 3718 γένησθε-τῆς
3027 3649 3154 3718 περὶ
3184 3649 3344 3702 αὐτὸν
3381 3649 3677 3720 ἀντεχόμεο

441 3748 626 3794 cantes
659 3742 914 3810 patientia
961 3747 1035 3798 uti
1067 3747 1282 3809 solitus,
1320 3745 1438 3802 fore
1473 3754 1532 3800 ut
1581 3749 1724 3801 mala
1761 3749 1953 3802 retralt

2163 3757 2187 3791 ιι
2224 3738 2447 3806 γνώμης
2467 3754 2480 3768 ·
2513 3739 2572 3790 οὐ
2603 3737 2712 3806 γὰρ
2751 3738 3008 3803 ἀπεικὸς,
3041 3738 3179 3806 ἄγαν
3205 3738 3335 3793 ὄντα
3365 3739 3675 3810 φιλάνθρωρ

439 3845 563 3900 qua:
605 3833 756 3888 vobis
782 3835 1061 3902 imponere
1087 3837 1384 3907 cogitabat.
1433 3855 1450 3889 ι
1493 3837 1628 3903 Quis
1671 3839 1842 3903 novit,
1877 3855 1949 3892 nu

2167 3845 2210 3881 ιν
2253 3828 2346 3880 καὶ
2397 3827 2563 3896 πολλῇ
2613 3829 2679 3897 τῇ
2738 3827 3058 3896 ἀνεξικακίᾳ
3101 3829 3174 3898 (p.
3214 3829 3336 3897 119)
3376 3831 3505 3901 περὶ
3549 3833 3679 3896 τούς

442 3931 812 3988 convertatur,
877 3934 930 3979 et
985 3930 1288 3996 pmniteat,
1336 3937 1391 3984 et
1437 3931 1710 3998 relinquat
1763 3941 1886 4000 post
1951 3953 1954 3984 π

2166 3921 2518 3992 ιαρτάνοντας
2542 3921 2899 3990 κεχρημένον,
2937 3919 3276 3989 μεταγνῶναι
3305 3921 3397 3973 ἐπὶ
3424 3923 3536 3984 τοῖς
3577 3939 3678 3974 κα-

443 4011 894 4076 benedictionem,
925 4016 1286 4081 sacrificium,
1324 4027 1378 4072 et
1410 4018 1740 4073 oblationem
1775 4019 1955 4073 Domir

2169 4016 2244 4074 ῖς,
2275 4007 2354 4073 οἷς
2378 4012 2674 4079 ἐπαγαγεῖν
2700 4011 2826 4080 ὑμῖν
2855 4009 3231 4063 ἐϐουλεύσατο.
3274 4029 3294 4061 ι
3328 4009 3422 4074 Τίς
3452 4007 3593 4065 οἶδεν
3626 4013 3681 4064 εί

442 4101 554 4156 Deo
589 4103 817 4154 vestro?
859 4122 878 4152 ι
928 4104 1249 4174 Quanquam
1289 4106 1434 4160 haud
1472 4107 1626 4162 vobis
1675 4110 1928 4163 omnibus

2169 4100 2424 4170 ιιστρέψει
2472 4101 2564 4152 καὶ
2619 4100 2939 4170 μετανοήσει
2999 4099 3092 4152 καὶ
3154 4098 3502 4168 ὐπολείψεται
3560 4099 3681 4170 (16)-

440 4190 783 4254 exploratum
828 4205 950 4245 esse
991 4194 1280 4262 contingit,
1322 4194 1415 4262 qui
1459 4195 1797 4248 conscientia
1829 4204 1952 4249 vesl:

2167 4192 2282 4245 riam
2312 4190 2474 4243 αὐτοῦ
2503 4191 2752 4258 εὐλογίαν
2790 4189 2978 4242 θυσίαν
3007 4190 3099 4242 καὶ
3129 4187 3356 4259 σπονδὴν
3380 4188 3571 4258 Κυρίῳ
3598 4189 3679 4258 τῷ

442 4278 828 4344 vulneramini,
851 4289 1088 4337 attamen
1116 4283 1360 4353 apprime
1381 4283 1538 4338 nobis
1560 4292 1818 4339 constare
1845 4299 1948 4353 0po

2164 4281 2228 4351 εῷ
2257 4280 2408 4348 ὐμῶν
2434 4297 2447 4345 ;
2483 4299 2500 4331 ι
2533 4282 2594 4333 Ei
2625 4281 2734 4352 γὰρ
2767 4281 2861 4332 καὶ
2891 4279 2965 4350 μὴ
2993 4281 3158 4332 πᾶσιν
3189 4279 3316 4347 ὑμῖν
3347 4277 3502 4348 δῆλον
3533 4275 3676 4332 εἶναι

442 4374 599 4431 teret,
633 4369 778 4438 quod
809 4372 854 4425 si
883 4381 1264 4428 convertamur
1287 4383 1449 4443 atque
1478 4375 1544 4428 ad
1579 4389 1702 4429 eum
1734 4374 1954 4428 declina:

2166 4371 2266 4423 ῶτο
2295 4388 2357 4422 συ
2366 4353 2636 4439 μϐέϐηκεν
2660 4370 2764 4422 ὐπὸ
2787 4369 2884 4439 τῆς
2913 4369 3268 4438 συνειδήσεως
3288 4368 3678 4438 πληττομένοις

441 4459 800 4526 voluerimus,
862 4461 1040 4531 ipsum
1106 4479 1326 4532 quoque
1387 4464 1674 4532 pwnitebit
1737 4464 1948 4517 maloru

2162 4462 2212 4527 ῆς
2237 4459 2459 4524 οἰκείας,
2485 4459 2618 4512 ἀλλὰ
2647 4458 2850 4529 σφόδρα
2886 4475 2948 4520 γε
2984 4457 3178 4510 εἰδέναι
3208 4458 3480 4527 προσῆκεν
3507 4459 3674 4526 ἡμᾶς.

443 4549 553 4618 79
583 4566 704 4618 quae
745 4551 902 4608 nobis
931 4567 991 4607 se
1032 4553 1309 4606 illaturum
1343 4552 1697 4619 ostenderat;
1741 4553 1955 4624 nobisqt

2166 4567 2190 4612 ς
2236 4551 2286 4601 εἰ
2334 4549 2770 4618 μεταϐαλοίμεθόι
2817 4565 2876 4600 τε
2923 4549 3018 4601 καὶ
3056 4547 3242 4600 νεῦσαι
3285 4546 3678 4617 βουληθείημεν

444 4641 626 4710 potius
667 4641 849 4697 futuro
886 4651 1130 4712 tempore
1161 4644 1418 4698 beneﬁcia
1454 4644 1774 4712 largiturum
1809 4661 1822 4696 :
1867 4645 1956 4697 bat

2165 4640 2251 4709 ρὸς
2280 4639 2457 4703 αὐτὸν,
2492 4639 2995 4709 μεταμεληθήσεται
3029 4638 3126 4707 μὲν
3155 4637 3249 4689 καὶ
3279 4637 3442 4698 αὐτὸς
3472 4638 3558 4706 ἐφ’
3597 4632 3677 4702 οἷς

433 4729 588 4794 enim
632 4730 764 4784 dicit
808 4732 1238 4800 benedictionem
1278 4753 1290 4787 :
1341 4748 1574 4802 quorum
1619 4733 1945 4788 beneficioru

2166 4729 2232 4781 10’
2258 4729 2412 4798 ήμῶν
2436 4729 2748 4798 ἀπεφήνατο
2770 4743 2784 4758 ’
2813 4729 3078 4800 χαριεῖται
3102 4726 3158 4779 δὲ
3187 4727 3317 4796 ἡμῖν
3345 4728 3406 4780 ὲν
3431 4727 3512 4798 τῷ
3542 4729 3678 4799 μετὰ

444 4817 679 4887 primum
707 4822 810 4875 erit
834 4823 1050 4886 notitia,
1086 4823 1231 4891 quod
1257 4822 1414 4891 c0pia
1450 4823 1610 4876 nobis
1635 4823 1706 4876 sit
1737 4823 1951 4877 sacrific

2161 4818 2286 4872 ιῦτα
2339 4819 2515 4889 χρόνῳ
2552 4817 2660 4870 τῶν
2704 4817 2917 4870 οἰκείων
2971 4816 3191 4883 ἀγαθῶν
3234 4816 3333 4887 τὴν
3377 4818 3673 4888 χορηγίαν·

445 4923 510 4961 ac
559 4909 849 4965 libationes
877 4912 928 4966 ei
966 4912 1074 4964 ritu
1115 4912 1281 4966 solito
1323 4912 1610 4967 oﬁ'erendi.
1653 4911 1949 4980 Perspicuu

2163 4908 2272 4961 ›ῦτο
2317 4908 2425 4979 γάρ
2459 4908 2705 4976 εὐλογίαν
2754 4906 2950 4976 φησίν·
2990 4901 3065 4959 ὧν
3103 4907 3318 4977 πρῶτον
3361 4909 3494 4976 ἡμῖν
3527 4907 3675 4962 ἔσται

443 5007 527 5052 est
573 5001 717 5054 enim
769 5000 938 5054 Deum
961 5001 1068 5055 dici
1117 5001 1461 5068 benedicere,
1505 5017 1630 5056 cum
1676 5002 1792 5057 suis
1846 5001 1953 5055 don

2162 4998 2403 5070 νώρισμα
2437 4998 2497 5050 τὸ
2528 4997 2844 5067 μεταλαϐεῖν
2877 4997 2977 5066 τῆς
3015 4996 3262 5063 ἐξουσίας
3291 4996 3385 5050 τοῦ
3408 4997 3600 5062 θυσίας
3620 5017 3674 5052 τε

432 5091 582 5166 bene
612 5091 774 5146 alicui
801 5089 950 5148 facit.
984 5092 1188 5148 Deinde
1210 5093 1360 5147 addit
1393 5105 1408 5142 :

2164 5091 2210 5143 xl.
2240 5088 2467 5152 σπονδὰς
2499 5089 2646 5158 αὐτῷ
2672 5088 2813 5142 κατὰ
2847 5089 2908 5141 τὸ
2941 5088 3129 5152 εἰωθὸς
3158 5089 3453 5158 προσάγειν
3475 5107 3490 5122 ο
3526 5091 3676 5162 εὔδη-

444 5183 534 5236 λον
562 5184 670 5254 γὰρ
697 5184 778 5236 ὅτι
804 5182 1041 5248 εὐλογεῖν
1066 5183 1280 5251 λέγεται
1298 5187 1327 5238 ό
1349 5184 1500 5248 Θεὸς,
1529 5184 1608 5256 τῷ
1635 5187 1754 5249 ταῖς
1776 5187 2001 5248 οίκείαις
2020 5184 2331 5254 εὐεργετεῖν
2354 5182 2584 5250 δωρεαῖς
2603 5196 2616 5210 ·
2642 5180 2766 5234 ὅθεν
2795 5180 2890 5234 καὶ
2912 5180 3161 5249 εὐλογίαν
3183 5181 3282 5251 τήν
3308 5181 3570 5254 τοιαύτην
3592 5183 3676 5237 κέ-

446 5279 616 5348 κληκε
647 5277 874 5347 δωρεάν.
909 5273 1042 5332 Εἶτα
1070 5278 1267 5346 ἐπάγει
1291 5290 1306 5304 ⁸

518 5366 686 5422 Vens.
719 5367 904 5422 15-18.
935 5395 1005 5410 -—
1046 5386 1068 5420 ι
1090 5369 1336 5440 Clangite
1376 5371 1507 5425 tuba
1557 5371 1613 5426 in
1647 5373 1833 5438 Sione,
1879 5387 2009 5429 san-

2185 5369 2334 5438 Στίχ.
2371 5373 2559 5434 ιε’-ιη’.
2590 5394 2661 5409 -ι
2707 5384 2730 5418 ι
2775 5365 3079 5420 Σαλπίσατε
3116 5365 3380 5436 σάλπιγγι
3411 5368 3472 5421 ὲν
3509 5366 3674 5431 Σιὼν,

444 5456 684 5512 rtiticate
729 5455 1020 5526 jejunium,
1067 5458 1358 5527 praedicate
1405 5459 1634 5525 cultum,
1685 5474 1952 5530 congrega

2164 5458 2376 5526 γιάσατε
2396 5457 2666 5527 νηστείαν,
2693 5456 2968 5529 κηρύξατε
2994 5456 3314 5529 θεραπείαν,
3340 5460 3676 5528 συναγάγετε

525 5633 636 5706 (16)
668 5634 798 5692 Cod.
837 5636 887 5704 1,
922 5652 1086 5696 manu
1114 5637 1476 5707 ὑπολήψεται,
1510 5647 1562 5694 at
1594 5639 1648 5705 2,
1687 5639 2030 5706 ὐπολείψεται

1328 5655 1442 5694 erat
1462 5677 1476 5707 ,
1510 5647 1562 5694 at
1594 5639 1648 5705 2,
1687 5639 2030 5706 ὐπολείψεται
2067 5652 2185 5708 quae
2217 5646 2300 5694 est
2334 5633 2634 5692 communis
2660 5633 2837 5690 lectio.
