3828 6216
151 197 250 252 Ξίὗ

1173 210 1720 269 COMMENTARIUS
1761 209 1825 264 IN
1864 210 2095 267 JOELIS
2133 210 2286 266 CAP.
2321 210 2383 264 Il.

3320 209 3427 268 226

147 331 300 394 λαὸν,
319 327 604 398 ἁγιάσατε
630 331 975 399 Ἐκκλησίαν,
998 335 1288 399 ἐκλέξασθε
1324 334 1746 406 πρεσϐυτέρους,

1854 341 2138 404 populum,
2160 333 2504 389 sanetiﬁcate
2519 332 2847 399 Ecclesiam,
2866 333 3052 403 eligite
3083 349 3265 397 senes,
3294 350 3430 388 ron-

148 423 510 490 συναγάγετε
560 426 728 494 νήπια
793 426 1095 495 θηλάζοντα
1147 427 1417 496 μαστούς·
1482 426 1746 492 ἐξελθέτω

143 513 394 582 νυμφίος
430 516 499 567 ἐκ
539 516 633 567 τοῦ
663 516 915 580 κοιτῶνος
944 519 1140 583 αὑτοῦ,
1180 519 1274 571 καὶ
1316 518 1503 587 νύμφη
1537 520 1601 570 ἐκ
1652 517 1744 570 τοῦ

140 603 374 656 παστοῦ
409 606 601 675 αὐτῆς.
638 626 656 656 ι
695 608 931 678 Τοιαύτη
960 608 1090 679 γὰρ,
1123 609 1276 678 φησὶ,
1307 610 1399 661 καὶ
1443 606 1585 659 οὕτω
1623 607 1745 676 φιλ-

132 692 439 763 ανθρώπῳ
462 695 657 766 γνώμῃ
694 696 785 749 τοῦ
828 697 964 751 Θεοῦ
1013 699 1373 768 κεχρημένου,
1400 696 1558 749 τοῦτο
1590 714 1745 766 ποιη-

142 783 269 835 τέον
298 785 444 852 ἡμῖν
466 802 479 814 ·
511 785 575 837 τὸ
607 787 812 850 πάντας
842 789 938 857 μὲν
971 790 1063 840 ἐπὶ
1092 789 1150 840 τὸ
1184 787 1319 840 Σιὼν
1345 788 1467 857 ὅρος
1494 790 1614 851 ταῖς
1637 786 1746 839 τῶν

142 873 488 941 σαλπίγγων
510 880 837 945 συναγαγεῖν
860 878 1179 949 σημασίαις·
1205 882 1291 947 (p.
1328 879 1426 932 120
1448 881 1464 945 )
1488 878 1745 947 ἀφορίσαι

88 980 93 985 ·
143 963 199 1015 δὲ
250 965 359 1019 καὶ
404 966 643 1036 κηρύξαι
679 969 932 1037 νηστείαν
976 970 1069 1021 ἐπὶ
1108 969 1376 1040 θεραπεία
1416 969 1509 1021 τοῦ
1550 969 1743 1021 Θείου-

143 1059 495 1124 συναγαγεῖν
526 1057 583 1109 δὲ
618 1059 831 1113 ἅπαντα
864 1060 955 1113 τὸν
981 1058 1128 1121 λαὸν,
1159 1060 1232 1121 ὡς
1263 1060 1328 1112 ἂν
1358 1058 1746 1129 ἀθροισθέντας

142 1148 225 1209 εἱς
255 1146 604 1221 Ἐκκλησίαν
626 1147 907 1212 ἐκτάξειαν
928 1150 1157 1211 ἑαυτοὺς
1198 1150 1291 1201 ἐπὶ
1315 1151 1381 1219 τῇ
1417 1149 1747 1220 μεταμελείᾳ

138 1239 244 1305 τῆς
286 1238 563 1308 γνώμηςο
606 1240 889 1309 παρόντων
937 1239 1035 1309 μὲν
1077 1239 1187 1291 τῶν
1224 1240 1592 1311 παλαιοτέρων
1622 1240 1745 1292 καθ’

142 1329 404 1397 ἡλικίαν,
439 1329 722 1399 παρόντων
751 1330 807 1381 δέ
831 1330 925 1381 καὶ
949 1329 1057 1381 τῶν
1087 1328 1293 1397 νηπίων
1341 1330 1468 1398 ἄχρι
1510 1330 1617 1383 τῶν
1647 1331 1745 1398 θη-

142 1419 475 1482 λαζόντων·
526 1421 616 1477 καὶ
663 1420 767 1491 μὴν
806 1420 915 1473 τῶν
960 1421 1153 1473 νεωστὶ
1201 1422 1595 1490 γεγαμηκότων
1641 1423 1747 1490 ἁφ-

150 1513 471 1580 ισταμένων
494 1512 591 1579 τῆς
620 1511 861 1581 γαμικῆς
893 1511 1230 1582 εὐφροσύνης
1255 1512 1341 1564 διὰ
1384 1514 1480 1583 τὴν
1508 1512 1607 1582 τῆς
1651 1531 1745 1583 μευ·

144 1600 388 1663 τανοίας
429 1600 751 1670 ἐπιμέλειαν
772 1617 785 1631 ’
830 1600 969 1655 ὥστε
1007 1602 1286 1672 συντόμως
1319 1603 1493 1655 εἰπεῖν
1525 1604 1743 1659 ἃπασαν

1848 430 2068 491 gregate
2087 423 2345 491 parvulos
2364 423 2530 476 ubera
2550 430 2839 492 sugentes:
2862 423 3172 493 egrediatur
3190 439 3429 492 sponsus

1848 515 1914 567 de
1938 515 2104 568 cubili
2136 531 2257 575 suo,
2278 524 2330 568 et
2359 530 2559 584 sponsa
2595 514 2662 569 de
2694 516 2933 569 thalamo
2964 531 3117 569 suo.»
3157 516 3427 579 Quoniam

1847 603 1991 659 Deus
2025 614 2132 657 tam
2165 607 2438 660 clemente
2472 606 2747 661 sententia
2776 613 2880 667 est,
2921 605 3024 658 hoc
3049 606 3206 661 nobis
3228 605 3431 659 facien-

1846 695 1974 751 dum
2019 704 2271 765 superest
2320 714 2333 749 :
2371 696 2624 749 tubarum
2679 696 2937 749 nimirum
2979 696 3151 763 signis
3194 704 3426 751 cunctos

1847 787 1912 838 ad
1945 786 2165 840 Sionem
2198 796 2434 841 montem
2468 801 2812 840 convocare:
2855 786 3147 840 decernere
3184 802 3246 841 ac
3288 802 3428 856 prae-

1850 878 2326 946 dicarejejunium
2362 879 2415 931 in
2452 878 2711 932 honorem
2738 877 2860 931 Dei:
2898 878 3216 932 universum
3251 894 3427 948 popu-

1848 968 1959 1021 lum
1985 983 2338 1036 congregare,
2375 976 2432 1021 ut
2454 968 2507 1021 in
2540 968 2781 1022 Ecclesia
2812 967 3038 1020 adunati
3065 969 3132 1020 ad
3162 970 3429 1035 poeniten-

1848 1060 1978 1112 tiam
2014 1061 2212 1113 mentis
2244 1075 2301 1115 sc
2331 1069 2648 1129 comparent
2673 1078 2685 1113 :
2718 1060 3063 1113 adstantibus
3084 1067 3246 1113 aetate
3268 1074 3427 1128 gran-

1847 1147 2122 1212 dioribus,
2151 1150 2496 1203 adstantibus
2520 1149 2646 1201 item
2675 1150 2937 1217 patwulis,
2964 1164 3141 1216 usque
3164 1150 3227 1201 ad
3256 1149 3425 1203 ubera

1849 1250 2108 1309 sugentes
2135 1260 2146 1293 :
2191 1257 2289 1295 nec
2322 1257 2428 1293 non
2458 1242 2619 1294 novis
2655 1242 2836 1306 nuptis
2862 1256 2892 1294 a
2916 1240 3192 1309 conjugali
3222 1240 3424 1308 gaudio

1847 1332 1913 1385 ad
1951 1332 2285 1400 ptenitentia:
2312 1332 2552 1385 studium
2580 1330 2860 1383 conversis
2884 1350 2896 1383 :
2930 1345 3038 1383 uno
3061 1330 3247 1393 verbo,
3277 1330 3424 1384 omni

1838 1422 2023 1475 a-tatis
2058 1422 2236 1490 gradu
2270 1429 2323 1476 et
2366 1420 2613 1488 cujusvis
2645 1421 2749 1473 loci
2784 1420 2963 1473 incola
3036 1422 3326 1475 accedente
3357 1420 3423 1473 ad

1849 1512 2254 1581 ptenitentiam,
2310 1512 2518 1577 reliquo
2571 1511 2717 1563 onmi
2765 1511 3135 1578 praetermisso
3186 1511 3421 1577 negotio.

1856 1604 2051 1657 «Inter.
2081 1604 2409 1657 vestibulum
2455 1609 2509 1656 et
2558 1603 2727 1655 altare
2778 1601 3069 1670 plorabant
3112 1601 3424 1655 sacerdotes

143 1690 378 1760 ἡλικίαν
421 1691 515 1742 καὶ
565 1690 741 1744 πάντα
790 1691 1062 1749 ὁντιναοῦν
1103 1692 1160 1743 ἐν
1206 1692 1312 1761 ὅτῳ
1367 1692 1563 1762 δήποτε
1613 1694 1745 1747 καθ-

1850 1694 2095 1747 ministri
2124 1694 2362 1757 Domini,
2393 1700 2447 1746 et
2467 1692 2683 1745 dicent:
2727 1691 2915 1755 Parce,
2949 1692 3193 1755 Domine,
3222 1694 3424 1761 papulo

144 1782 377 1839 εστῶτα
410 1783 666 1851 παρεῖναι
691 1783 757 1851 τῇ
793 1782 1145 1852 μεταμελείᾳ,
1176 1782 1282 1835 τῶν
1307 1783 1508 1836 λοιπῶν
1532 1784 1739 1854 ἀφεμέ-

144 1888 279 1932 νους
312 1871 600 1925 ἁπάντων.
651 1889 669 1921 ι
728 1870 854 1923 Ἀνὰ
886 1873 1052 1941 μέσον
1084 1872 1186 1941 τῆς
1233 1874 1495 1943 κρηπῖδος
1527 1873 1739 1926 καὶτοῦ

1834 1791 2039 1841 .tuo.et
2089 1799 2158 1837 ne
2203 1781 2301 1836 des
2336 1782 2706 1836 haereditatem
2754 1789 2902 1833 tuam
2939 1781 2993 1834 in
3042 1781 3422 1849 Opprobrium,

1834 1889 1913 1927 «ne
1935 1872 2288 1927 dominentur
2319 1873 2399 1926 eis
2431 1872 2718 1937 nationes;
2773 1887 2841 1925 ne
2866 1871 3015 1925 inter
3044 1880 3236 1940 gentes
3271 1871 3423 1923 dica-

149 1960 555 2032 θυσιαστηρίου
593 1960 993 2023 κλαύσονται,οἰ
1029 1965 1190 2033 ἱερεῖς
1219 1966 1267 2016 oi
1303 1964 1742 2035 λειτουργοῦντες

1850 1972 1968 2017 tur:
2009 1963 2239 2026 Ubinam
2270 1972 2358 2018 est
2382 1963 2529 2019 Deus
2561 1963 2827 2018 eorum‘h
2863 1962 3059 2017 Cuncti
3092 1972 3215 2015 ante
3253 1965 3423 2016 altare

140 2052 353 2121 Κυρίῳ
372 2068 385 2081 ·
422 2052 517 2105 καὶ
543 2051 752 2123 ἐροῦσι,
779 2054 983 2115 Φεῖσαι,
1009 2053 1204 2123 Κύριε,
1222 2054 1315 2105 τοῦ
1341 2054 1471 2106 λαοῦ
1502 2072 1617 2117 σου,
1649 2055 1743 2108 καὶ

150 2143 232 2213 μὴ
265 2141 377 2211 δῷς
420 2144 521 2213 τὴν
562 2144 925 2213 κληρονομίαν
966 2160 1058 2195 σου
1115 2146 1196 2206 είς
1243 2144 1475 2209 ὖνειδος,
1520 2144 1614 2197 τοῦ
1667 2144 1741 2214 μὴ

146 2233 432 2304 κατάρξαι
474 2234 653 2285 αὐτῶν
703 2233 864 2305 ἐθνη’
917 2235 1065 2296 ὅπως
1116 2234 1191 2306 μὴ
1246 2235 1472 2287 εἴπωσιν
1529 2235 1586 2286 ἐν
1631 2238 1741 2299 τοῖς

135 2325 359 2386 ἔθνεσι,
405 2323 517 2377 Ποῦ
550 2326 695 2376 ἐστιν
736 2326 765 2375 6
801 2324 934 2387 Θεὸς
976 2323 1191 2389 adt-(Iw;
1233 2343 1251 2375 ι
1302 2325 1508 2387 Πάντες
1542 2325 1598 2377 δὲ
1637 2325 1742 2397 πρὸ

143 2414 241 2466 τοῦ
273 2413 671 2483 θυσιαστηρίου
710 2414 930 2476 στάντες
963 2415 1011 2465 οἱ
1044 2414 1180 2484 πρὸς
1206 2414 1266 2466 τὸ
1303 2415 1402 2484 τῆς
1444 2415 1741 2487 ἱερωσύνης

145 2505 314 2575 ἔργον
356 2504 816 2575 προϐεϐλημένοι,
846 2505 938 2557 καὶ
966 2507 1043 2567 είς
1080 2505 1178 2574 τὴν
1212 2506 1553 2575 λειτουργίαν
1588 2506 1743 2558 ἐκτεο

142 2598 426 2667 ταγμένοι
450 2598 550 2666 τὴν
575 2596 743 2661 θείαν,
771 2595 904 2663 μετὰ
930 2596 1221 2665 κλαυθμῶν
1252 2597 1567 2651 αίτείτωσαν
1588 2597 1743 2667 παρὰ

144 2686 241 2739 τοῦ
280 2685 439 2740 ςθεοῦ
478 2685 577 2755 τὴν
611 2685 985 2755 καταλλαγήν·
1026 2685 1102 2747 ὡς
1142 2685 1206 2737 ἂν
1251 2686 1435 2754 φείσαι
1476 2686 1593 2738 τότε
1644 2683 1739 2738 τοῦ

144 2774 278 2827 λαοῦ
314 2774 413 2827 τοῦ
443 2775 668 2833 οἰκείου,
699 2775 795 2827 καὶ
820 2774 893 2845 μὴ
924 2774 1201 2838 παντελῶς
1236 2777 1432 2839 αὐτοὺς
1461 2776 1642 2846 ἐκδοίη
1673 2779 1739 2847 τῇ

146 2864 257 2915 τῶν
292 2862 476 2916 ἐθνῶν
506 2862 744 2933 ἐξουσίᾳ,
778 2864 910 2933 μηδὲ
940 2863 1226 2917 καταλίποι
1267 2865 1415 2935 παρὰ
1439 2869 1551 2928 τοῖς
1590 2866 1740 2919 ἔθνε-

1844 2056 2232 2116 consistentes,
2285 2057 2376 2123 qui
2414 2054 2702 2109 sacerdotii
2733 2054 3033 2123 funguntur
3082 2069 3327 2118 munere,
3365 2061 3421 2106 et

1844 2145 2038 2201 divinae
2071 2146 2312 2212 liturgiae
2361 2153 2490 2199 sunt
2519 2145 2743 2211 addicti,
2768 2160 2895 2207 cum
2935 2143 3058 2201 fletu
3091 2147 3362 2213 postulent
3391 2161 3423 2198 a

1845 2235 1955 2290 Deo
2007 2235 2472 2304 propitiationem,
2529 2245 2589 2290 ut
2627 2246 2757 2288 tunc
2792 2244 2982 2304 pareat
3033 2236 3232 2303 populo
3287 2250 3410 2294 suo,

1841 2340 2021 2392 neque
2068 2339 2189 2378 etim
2236 2324 2494 2393 potestati
2546 2325 2827 2378 nationum
2874 2325 3076 2385 tradat,
3128 2340 3304 2393 neque
3338 2326 3423 2380 his

1841 2415 2183 2472 irridendum
2216 2416 2514 2483 permittat,
2563 2414 2719 2483 quasi
2752 2414 2987 2468 inaniter
3022 2412 3114 2468 Dei
3144 2413 3423 2471 familiari-

1840 2515 1955 2562 tate
1981 2506 2298 2575 gloriemur.
2326 2504 2437 2573 80
2469 2504 2565 2559 llis
2611 2504 2760 2559 addit
2785 2521 2800 2559 :
2827 2523 2843 2554 ι
2865 2505 2928 2556 Et
2954 2504 3161 2558 zelatus
3197 2512 3280 2557 est
3308 2503 3418 2556 Do.

1840 2598 2024 2651 minus
2047 2608 2245 2651 terram
2270 2612 2445 2659 suam,
2474 2604 2527 2650 et
2561 2597 2799 2665 pepercit
2822 2597 3023 2665 populo
3059 2610 3179 2649 suo.
3208 2615 3225 2646 ι
3260 2594 3419 2650 Haud

1838 2693 1946 2747 hoc
1986 2700 2244 2760 tanquam
2284 2692 2488 2744 factum
2528 2690 2779 2754 allirmat,
2832 2691 2925 2745 sed
2971 2693 3215 2743 futurum
3262 2690 3418 2743 dicit.

1838 2783 2124 2837 Zelabitur
2148 2783 2312 2843 enim,
2353 2782 2548 2852 inquit,
2572 2790 2625 2836 et
2653 2790 2839 2850 parcet
2871 2782 3045 2843 vobis,
3074 2781 3120 2837 si
3155 2783 3425 2850 pceuiten-

1836 2884 1927 2930 tes
1960 2875 2180 2938 viderit,
2211 2883 2263 2928 et
2301 2890 2467 2943 supra
2512 2875 2656 2928 dicta
2696 2873 2973 2939 feceritis;
3011 2881 3097 2927 est
3123 2887 3252 2926 vero
3283 2878 3425 2925 tem.-

150 2972 235 3006 σιν
266 2955 734 3023 ὀνειδιζομένους,
782 2956 863 3007 ὅτι
892 2956 955 3024 δὴ
1006 2956 1181 3025 μάτην
1213 2958 1305 3009 ἐπὶ
1340 2960 1405 3027 τῇ
1444 2958 1579 3029 πρὸς
1609 2957 1740 3013 Θεὸν

1850 2967 1995 3036 poris
2046 2967 2309 3035 enallage,
2367 2981 2491 3019 cum
2546 2965 2822 3019 idiotismo
2868 2964 3154 3017 ‘Hebraieo
3202 2962 3419 3017 dicente

150 3045 545 3114 σεμνυνόμεθα
576 3044 868 3098 οἰκειώσει.
901 3046 1120 3109 Τούτοις
1151 3047 1345 3114 ἐπάγει
1369 3065 1381 3077 ·
1424 3068 1440 3099 ι
1480 3049 1587 3101 Καὶ
1612 3048 1738 3118 ἐζή-

150 3135 293 3188 λωσε
333 3136 546 3206 Κύριος
585 3136 683 3205 τὴν
723 3135 825 3203 γῆν
859 3136 1047 3199 αὐτοῦ,
1080 3140 1172 3190 καὶ
1199 3139 1455 3205 ἐφείσατο
1486 3140 1579 3192 τοῦ
1610 3140 1739 3194 λαοῦ

151 3226 347 3279 αὐτοῦ.
384 3245 405 3277 ι
449 3228 527 3297 (p.
560 3227 685 3297 121)
708 3227 819 3295 Οὐχ
846 3226 921 3289 ὡς
947 3229 1047 3297 ἤδη
1078 3230 1300 3297 γεγονὸς
1331 3232 1568 3300 μηνύων,
1606 3233 1741 3286 ἀλλά

151 3317 215 3368 τὸ
241 3317 513 3387 ἐσόμενον
538 3315 735 3384 λέγων.
762 3316 1001 3387 Ζηλὼσει
1036 3319 1145 3391 γὰρ
1172 3322 1265 3372 καὶ
1294 3322 1535 3389 φείσεται
1564 3323 1737 3392 ὑμῶν,

1846 3058 2129 3127 propheta:
2158 3055 2427 3124 Pepercit.
2462 3071 2581 3125 pro,
2602 3055 2787 3109 Parcet
2815 3072 2829 3119 ;
2863 3055 2915 3109 id
2938 3054 3085 3124 quod
3118 3055 3425 3108 imitatione

1847 3148 2191 3202 Psalmorum
2240 3147 2376 3209 fieri,
2433 3147 2562 3199 alibi
2594 3146 2956 3199 ostendimus.
3014 3144 3243 3198 Constat
3273 3144 3419 3198 enim

1848 3253 1955 3290 non
1987 3238 2053 3289 de
2083 3252 2140 3290 re
2194 3245 2314 3289 acta
2358 3235 2492 3298 diei,
2549 3231 2989 3303 quandoquidem
3039 3246 3232 3299 reapse
3280 3230 3424 3283 mala

1847 3326 1999 3394 juxta
2031 3326 2438 3395 prsedictionem
2479 3325 2613 3394 ipsis
2639 3331 3095 3393 supervenerunt.

155 3412 351 3481 φησὶν,
383 3414 432 3467 εἰ
466 3412 934 3482 μεταμελομένους
962 3430 1021 3465 τε
1054 3414 1171 3479 ἴδοι,
1197 3416 1291 3467 καὶ
1318 3417 1383 3469 τὰ
1410 3418 1744 3487 προκείμενα
1781 3420 2065 3483 ποιοῦντας
2086 3438 2098 3451 ο
2139 3420 2461 3490 ἐνήλλακται
2498 3414 2555 3471 δέ
2594 3420 2622 3471 ὁ
2670 3418 2855 3489 χρόνος
2888 3416 3028 3469 κατὰ
3049 3415 3109 3468 τὸ
3143 3414 3425 3486 Ἐὁραῖκδν

150 3505 387 3576 16ίωμα,
412 3507 535 3560 ἀντὶ
563 3505 656 3559 τοῦ
690 3506 940 3559 Φείσεται
979 3508 1041 3560 τὸ
1084 3509 1365 3578 Ἐφείσατο
1397 3512 1640 3574 εἰπόντος
1660 3530 1671 3546 σ
1702 3513 1838 3583 ὅπερ
1870 3512 1961 3567 οὖν
1991 3515 2083 3567 καὶ
2109 3516 2215 3567 ἀπὸ
2246 3514 2355 3566 τῶν
2378 3514 2622 3583 Ψαλμῶν
2648 3515 2703 3565 ἐν
2732 3511 2937 3580 ἑτέροις
2965 3510 3270 3581 ἐδείξαμενο
3294 3511 3429 3580 πρό.

148 3594 321 3665 ,δηλον
348 3596 463 3666 γὰρ
491 3597 573 3649 ὅτι
602 3598 661 3649 οὐ
688 3598 947 3666 γεγονότα
981 3599 1148 3666 λέγει,
1176 3600 1233 3665 ἐξ
1260 3594 1337 3653 ὧν
1370 3602 1508 3671 μετὰ
1539 3602 1636 3672 τὴν
1668 3604 1899 3673 μήνυσιν
1925 3606 2124 3675 ταύτην
2150 3607 2330 3667 αὐτοῖς
2361 3602 2655 3671 ἐπελήλυθε
2677 3600 2743 3654 τὰ
2771 3602 2934 3654 κακά.

231 3687 385 3755 Στίχ.
412 3685 658 3739 ιθ¹-κ’.-
689 3687 838 3738 «Καὶ
852 3688 1125 3759 ἀπεκρίθη
1151 3689 1350 3761 Κύριος
1380 3692 1471 3743 καὶ
1497 3687 1647 3744 εἶπεν
1671 3692 1748 3761 τῷ

163 3775 280 3845 λαῷ
307 3775 541 3829 αὐτοῦ
564 3776 695 3829 Ἰδοὺ
736 3777 847 3844 ἐγὼ
884 3778 1257 3841 ἐξαποστέλλω
1300 3781 1428 3849 ὑμῖν
1472 3782 1564 3833 τὸν
1601 3785 1747 3835 σῖτον

165 3867 264 3918 καὶ
287 3866 381 3919 τὸν
412 3861 556 3919 οἶνον
584 3868 675 3919 καὶ
706 3868 766 3919 τὸ
797 3868 972 3929 ἔλαιον
993 3884 1005 3897 ·
1043 3870 1137 3921 καὶ
1162 3870 1610 3941 ἐμπλησθήσεσθε
1649 3874 1747 3925 αὑ-

161 3956 299 4019 ιτῶν,
335 3957 437 4009 καὶ
462 3957 525 4009 οὐ
554 3956 709 4009 δώσω
738 3958 882 4027 ὑμᾶς
907 3959 1089 4012 οὐκέτι
1118 3962 1197 4022 είς
1222 3961 1520 4031 ὀνειδισμὸν
1549 3964 1607 4015 ἐν
1633 3965 1746 4027 τοῖς

164 4048 379 4101 ἔθνεσι·
425 4049 520 4101 καὶ
557 4045 648 4100 τὸν
664 4047 773 4102 ἀπὸ
807 4047 977 4121 βορρᾶ
1018 4050 1255 4113 ἐκδιὼξω
1287 4051 1379 4119 ἀφ’
1414 4052 1565 4121 ὑμῶν
1586 4069 1599 4081 ·
1654 4054 1745 4106 καὶ

164 4139 414 4204 ,ἐκδιώξω
443 4139 606 4191 αὐτὸν
635 4140 716 4202 είς
742 4141 846 4209 γῆν
874 4140 1117 4211 ἄνυδρον·
1144 4140 1235 4192 καὶ
1263 4140 1476 4209 ἀφανιῶ
1499 4142 1559 4193 τὸ
1580 4141 1746 4211 πρόσ-

166 4247 320 4283 ωπον
368 4228 539 4282 αὑτοῦ
578 4231 657 4291 είς
694 4230 792 4299 τὴν
822 4228 1096 4283 θάλασσαν
1121 4230 1219 4298 τὴν
1256 4229 1509 4299 πρώτην·
1540 4231 1632 4283 καὶ
1677 4230 1748 4284 τὰ

166 4319 347 4373 ὀπίσω
390 4318 557 4373 αὐτοῦ
606 4320 684 4381 είς
728 4318 825 4388 τὴν
870 4318 1142 4373 θάλασσαν
1188 4319 1289 4388 τὴν
1341 4321 1612 4391 ἐσχάτην·
1653 4322 1747 4375 καὶ

1923 3694 2091 3749 Vsus.
2116 3694 2304 3746 ιιι-20.
2327 3722 2397 3733 ——
2435 3710 2453 3742 ι
2478 3692 2542 3746 Et
2575 3691 2855 3760 respondit
2874 3689 3154 3754 Dominus,
3180 3688 3428 3759 dixitque

1850 3786 2053 3854 papulo
2097 3798 2226 3839 suo:
2278 3782 2424 3835 Ecce
2467 3796 2567 3850 ego
2609 3782 2764 3834 mitto
2791 3780 2946 3834 vobis
2995 3778 3329 3832 frumentum
3371 3788 3426 3833 et

1848 3878 2033 3929 vinum
2064 3883 2119 3929 et
2146 3876 2350 3936 oleum,
2394 3880 2449 3927 et
2488 3871 2830 3940 replebimini
2865 3870 2981 3925 eis:
3036 3878 3090 3924 et
3127 3885 3238 3924 non
3282 3868 3426 3924 dabo

1848 3985 1946 4024 vos
1987 3968 2129 4021 ultra
2162 3966 2230 4020 ad
2278 3963 2632 4034 opprobrium
2661 3963 2715 4015 in
2755 3960 3026 4030 gentibus.
3059 3958 3125 4014 Et
3167 3974 3292 4013 eum
3326 3961 3429 4029 qui

1853 4061 1922 4114 ab
1949 4059 2202 4127 aquilone
2223 4066 2330 4118 est,
2372 4054 2562 4124 procul
2593 4052 2785 4106 faciam
2808 4066 2838 4105 a
2862 4051 3040 4114 vobis,
3075 4058 3130 4107 et
3155 4050 3425 4120 expellam

1848 4167 1975 4205 eum
2009 4152 2061 4203 in
2086 4159 2284 4203 terram
2305 4147 2462 4215 aquis
2484 4151 2783 4199 carentem.
2806 4141 2873 4195 Et
2896 4140 3207 4210 disperdam
3226 4139 3423 4195 faciem

1852 4241 1973 4309 ejus
2002 4241 2056 4293 in
2101 4253 2252 4292 mare
2286 4238 2543 4306 primum,
2595 4241 2651 4287 et
2679 4232 2984 4303 posteriora
3017 4231 3137 4300 ejus
3189 4230 3246 4284 in
3274 4243 3426 4285 mare

1853 4332 2233 4385 novissimum.
2268 4327 2334 4380 Et
2366 4324 2625 4382 ascendet
2653 4322 2885 4393 putredo
2911 4323 3053 4390 ejus,
3084 4328 3139 4375 et
3165 4321 3426 4375 ascendet

171 4410 509 4481 ἀναϐήσεται
527 4410 561 4479 ἡ
584 4409 790 4478 σαπρία
808 4408 994 4471 αὑτοῦ,
1021 4410 1115 4461 καὶ
1137 4408 1469 4479 ἀναϐήσεται
1493 4412 1520 4462 6
1548 4411 1747 4480 βρόμος

1854 4422 1990 4476 fetor
2018 4420 2159 4488 ejus.
2181 4438 2201 4471 ›
2245 4416 2420 4471 Verba
2469 4434 2489 4465 4
2508 4414 2790 4484 respondit
2839 4412 3100 4466 Dominus
3129 4417 3183 4465 et
3212 4409 3370 4475 dixit,
3395 4426 3416 4461 ι

170 4500 370 4555 αὑτοῦ.
414 4520 434 4552 ι
472 4499 545 4552 Τὸ
577 4517 595 4549 ι
638 4497 910 4569 ἀπεκρίθη
961 4497 1163 4568 Κύριος
1199 4500 1294 4551 καὶ
1337 4495 1510 4564 εἶπεν,
1561 4520 1579 4552 ι
1627 4502 1749 4553 ἀντὶ

174 4589 290 4655 τοῦ,
321 4589 776 4659 ’Δποκριθήσεται
798 4590 891 4641 καὶ
906 4590 1038 4659 ἐρεῖ,
1056 4588 1451 4658 ὲνηλλαγμένου
1473 4591 1750 4644 κάνταῦθα

175 4681 269 4734 τοῦ
302 4681 497 4752 χρόνου
514 4698 526 4710 ·
557 4679 802 4748 βούλεται
831 4679 938 4750 γὰρ
963 4680 1137 4731 εἰπεῖν
1163 4680 1243 4731 ὅτι
1270 4681 1381 4750 Τήν
1403 4697 1462 4732 τε
1487 4679 1594 4732 τῶν
1620 4696 1749 4749 καρ-

180 4772 297 4827 πῶν
346 4770 607 4840 ἀφθονίαν
656 4770 782 4837 ὑμῖν
831 4767 1281 4839 μεταμεληθεῖσιν
1312 4768 1581 4822 ἀποδώσει
1615 4767 1751 4820 πάν-

180 4881 308 4929 τως,
338 4863 466 4924 τοὺς
491 4861 784 4930 πολεμίους
816 4876 875 4912 τε
906 4858 1247 4930 τροπὼσεται
1277 4855 1400 4922 τοὺς
1430 4858 1748 4928 ὑμετέρους,

183 4954 318 5026 ὅπερ
349 4950 444 5006 οὖν
476 4953 570 5007 καὶ¹
602 4951 867 5019 πεποίηκε
907 4950 1042 5019 μετὰ
1078 4951 1176 5021 τὴν
1219 4950 1473 5004 ἐπάνοδον
1513 4952 1542 5003 ό
1582 4950 1749 5011 Θεός·

180 5050 260 5116 (p.
294 5046 417 5111 122)
458 5044 599 5098 καθά
630 5042 727 5095 καὶ
758 5044 786 5094 ὁ
821 5041 1088 5111 μακάριος
1144 5040 1305 5094 Δαυῒδ
1350 5042 1450 5110 τὴν
1496 5040 1752 5094 ἐπάνοδον

185 5137 275 5193 τοῦ
304 5135 434 5190 λαοῦ
458 5133 762 5205 προλέγων,
791 5131 1003 5200 πρῶτον
1035 5131 1133 5200 μὲν
1164 5127 1312 5185 εἶπεν
1331 5147 1346 5163 ο
1383 5150 1401 5182 ι
1432 5131 1520 5183 Σοὶ
1553 5131 1753 5201 πρέπει

1857 4517 2136 4580 ponuntur
2160 4522 2281 4577 pro,
2305 4504 2675 4573 Respondebit
2705 4509 2758 4555 et
2800 4500 2962 4562 dicet,
2999 4505 3308 4568 permutato
3335 4498 3425 4552 hic

1856 4616 2072 4670 quoque
2102 4607 2365 4667 tempore.
2395 4596 2580 4648 Dicere
2605 4592 2807 4663 quippe
2839 4590 2975 4653 vult,
3012 4588 3129 4642 fore
3164 4596 3220 4641 ut
3251 4588 3427 4657 pumi-

1854 4690 2095 4745 tentibus
2117 4686 2274 4742 vobis
2298 4682 2686 4737 abundantiam
2717 4678 2931 4747 frugum
2957 4676 3078 4731 sine
3101 4675 3269 4730 dubio
3298 4689 3427 4730 con-

1854 4779 2036 4840 cedat,
2084 4784 2406 4838 vestrosque
2448 4772 2636 4825 hostes
2674 4768 2728 4822 in
2753 4766 2932 4835 fugam
2953 4764 3248 4833 conjiciat;
3279 4762 3425 4832 quod

1857 4881 2046 4920 revera
2084 4872 2207 4934 post
2253 4862 2484 4917 reditum
2537 4859 2680 4913 Deus
2733 4856 3007 4927 praestitit.
3066 4853 3219 4908 Sicut
3259 4853 3427 4908 etiam

1858 4956 2049 5012 beatus
2113 4954 2301 5016 David,
2360 4950 2538 5021 populi
2588 4948 2820 5003 reditum
2872 4944 3197 5014 praedicens,
3247 4944 3428 5012 primo

1858 5047 2078 5116 quidem
2118 5047 2225 5098 ait:
2262 5041 2377 5096 «Te
2414 5041 2570 5096 decet
2609 5039 2865 5109 hymnus,
2896 5034 3061 5097 Deus,
3101 5034 3157 5087 in
3189 5033 3343 5098 Sion,
3370 5040 3428 5088 et

1859 5138 1960 5193 tibi
1994 5136 2252 5191 reddetur
2285 5140 2464 5187 votum
2488 5131 2542 5183 in
2573 5127 2910 5183 Hierusalem
2924 5126 3001 5192 δθς
3027 5144 3045 5176 ι
3080 5154 3151 5166 --
3172 5139 3193 5173 ι
3223 5122 3428 5181 Etsan-

1856 5235 2004 5280 ctum
2049 5225 2308 5293 templum
2348 5229 2523 5283 tuum,
2567 5216 2811 5271 mirabile
2851 5216 2906 5269 in
2949 5214 3206 5284 aequitate
3245 5221 3420 5275 tuan

185 5231 371 5300 ῦμνος,
390 5230 419 5281 ό
442 5226 593 5288 Θεὸς,
616 5224 674 5276 ἐν
709 5221 868 5285 Σιὼν,
896 5220 990 5274 καὶ
1012 5221 1094 5273 σοὶ
1116 5219 1507 5291 ἀποδοθήσεται
1534 5220 1667 5290 εὐχὴ
1700 5218 1758 5271 ἐν

193 5318 565 5392 Ἰερουσαλήμο
599 5334 617 5367 ι
645 5344 715 5354 -
738 5333 756 5365 ι
790 5313 897 5366 Καὶ
919 5312 1072 5381 ἆγιος
1091 5312 1119 5363 6
1144 5313 1269 5374 ναός
1294 5328 1410 5374 σου,
1446 5310 1757 5381 θαυμαστὸς

187 5414 240 5468 ἐν
263 5411 571 5481 δικαιοσύνῃ
595 5424 690 5460 σου
711 5421 725 5434 ·
757 5426 776 5457 ι
799 5404 1009 5469 δεικνὺς
1035 5404 1115 5458 ὅτι
1131 5421 1188 5457 τε
1210 5403 1657 5461 ἐπανελεύσονται
1674 5403 1756 5468 είς

1855 5316 2239 5374 demonstrans
2269 5312 2541 5368 redituros
2583 5310 2638 5362 in
2681 5305 2924 5377 propria,
2956 5304 3287 5372 solitumque
3315 5300 3429 5357 Deo

1860 5407 2065 5463 cultum
2103 5405 2156 5460 in
2177 5402 2375 5472 templo
2409 5413 2605 5455 rursus
2638 5395 2969 5452 reddituros.
3017 5392 3084 5448 Et
3131 5390 3422 5462 posthaec,
3500 5464 3505 5467 _

258 5564 305 5594 ⁸ο
343 5561 486 5617 Psal.
525 5575 671 5626 wa,
712 5558 747 5610 9.
777 5574 893 5629 sqq.
