3824 6224
457 232 566 288 2’27

1611 247 1964 306 THEUINNH
2003 251 2484 311 MOPSUESTENI

3608 256 3715 313 223

457 345 636 399 addit:
673 347 960 406 «Visitasti
1004 360 1230 417 terram,
1271 363 1327 410 et
1365 356 1648 413 inebriasti
1693 376 1838 426 eam,
1888 366 1992 419 mu!

2095 407 2103 426 ,
2132 366 2199 419 τὰ
2230 369 2425 428 οἰκεῖα,
2462 371 2554 422 καὶ
2586 372 2666 425 ὅτι
2698 373 2794 444 τὴν
2827 376 3030 449 συνήθη
3063 379 3359 451 θεραπείαν
3389 383 3446 437 ὲν
3484 384 3563 457 τῷ
3597 386 3712 456 ναῷ

459 435 715 502 tiplicasti
751 439 1085 509 locupletare
1114 460 1266 506 eam,
1293 465 1311 497 ι
1355 459 1406 501 et
1437 450 1644 519 reliqua
1670 468 1683 518 ;
1734 453 2031 510 ubertatem

455 524 644 580 dicens
682 544 802 597 quae
835 537 965 585 tunc
1011 533 1118 588 illis
1173 536 1444 593 Obveniet.
1481 538 1682 595 Eodem
1731 545 1895 598 modo
1941 546 2032 600 hic

453 616 637 680 etiam,
669 627 957 691 postquam
998 638 1231 681 annonae
1261 630 1474 697 copiam
1499 630 1755 687 daturum
1787 649 1846 688 se
1869 635 2026 700 dixit,

455 704 568 760 ait:
651 707 770 764 Non
818 712 995 767 sinam
1042 731 1140 772 vos
1181 720 1435 788 gentibus
1505 721 1712 778 diutius
1782 727 2028 788 subesse.

450 793 587 850 Nam
628 799 816 866 verba,
864 806 1018 862 «Non
1059 807 1200 862 dabo
1229 825 1326 867 vos
1352 813 1664 870 nationibus
1707 815 1934 871 ulterius
1959 818 2027 872 ad

449 889 837 971 opprobrium,
866 911 884 944 ι
928 894 1032 950 hoc
1062 897 1391 968 signiﬁcant.
1425 903 1532 973 81
1572 903 1684 960 lmo
1709 907 1870 961 etiam
1912 923 2026 978 pte-

448 987 549 1029 nas
565 975 633 1030 de
649 960 1064 1048 aggressoribus
1081 987 1279 1043 vestris
1304 1005 1538 1055 sumam,
1562 1008 1766 1064 eosque
1785 998 2024 1051 vastitati

447 1078 810 1138 supremoque
836 1073 1005 1128 exitio
1033 1075 1270 1131 tradam.
1316 1079 1451 1135 Nam
1486 1082 1663 1152 primo
1715 1101 1811 1155 per
1858 1086 2026 1159 Baby-

445 1155 621 1212 lonios
638 1161 858 1228 puniam
878 1163 1134 1236 Assyrios
1153 1185 1168 1223 :
1190 1180 1375 1238 postea
1393 1171 1717 1246 Babylonios
1733 1155 2023 1235 Persarum

444 1257 607 1298 manu
647 1263 874 1316 prorsus
904 1254 1248 1326 exstinguam
1275 1277 1286 1312 :
1325 1267 1648 1334 tantumque
1680 1267 1898 1322 illorum
1926 1285 2022 1323 ex-

439 1332 644 1387 cidium
699 1335 917 1408 faciam,
974 1351 1035 1396 ut
1089 1345 1196 1400 ritu
1233 1349 1581 1406 morientium
1635 1363 1692 1410 et
1741 1358 2021 1414 occisione

439 1425 771 1495 occisorum,
815 1433 1000 1488 sanies
1039 1450 1230 1490 eorum
1259 1454 1323 1494 ac
1351 1439 1492 1496 fetor
1523 1446 1795 1502 neminem
1831 1449 2016 1504 lateat:

439 1527 562 1566 nam
607 1518 838 1583 putredo
880 1529 933 1575 et
963 1521 1104 1578 fetor
1137 1525 1240 1581 hoc
1293 1528 1503 1597 dicunt,
1549 1543 1804 1606 tanquam
1847 1553 2020 1608 nuper

440 1612 786 1660 mortuorum
840 1618 894 1664 et
939 1613 1267 1672 cadaverum
1324 1621 1715 1692 projectorum.
1775 1628 1910 1682 Tum
1963 1637 2017 1684 et

2140 457 2300 510 πάλιν
2333 460 2669 516 ἀπῶώσουσι
2709 465 2787 534 τῷ
2819 467 2968 537 Θεῷ·
3006 471 3142 538 μετὰ
3183 471 3240 524 δέ
3271 472 3429 527 τοῦτο
3470 477 3668 545 ἐπάγει
3695 493 3710 507 '

2143 565 2162 599 ι
2212 550 2527 621 Ἐπεσκέψω
2557 554 2654 623 τὴν
2679 556 2802 624 γῆν,
2828 558 2922 610 καὶ
2951 559 3223 629 ἐμέθυσας
3249 563 3439 634 αὐτὴν,
3473 566 3713 637 ἐπλήθυ-

2136 655 2230 701 νας
2257 640 2348 693 τοῦ
2376 641 2674 714 πλουτῆσαι
2701 646 2870 717 αὐτὴν
2890 689 2906 711 ,
2947 668 2965 699 ι
3007 652 3100 704 καὶ
3124 652 3194 704 τὰ
3227 653 3353 722 ἑξῆς
3375 673 3389 686 ν
3418 656 3516 727 τὴν
3543 658 3712 727 ἀφθο-

2135 727 2255 782 νίαν
2287 729 2460 800 λέγων
2480 733 2577 804 τὴν
2604 737 2725 789 τότε
2751 741 3156 813 προσεσομένην
3181 745 3364 809 αὐτοῖς
3382 762 3395 775 °
3423 747 3518 801 τὸν
3544 750 3708 804 αὐτὸν

2134 821 2197 891 δὴ
2234 823 2433 890 τρόπον
2472 827 2746 882 κάνταῦθα
2776 829 2948 884 εἰπὼν
2981 833 3078 902 τῆς
3107 833 3360 902 εὐθηνίας
3385 837 3484 908 τὴν
3507 839 3707 893 ἀπόδο-

2137 927 2240 972 σιν,
2273 911 2420 980 λέγει
2445 916 2526 968 ὅτι
2567 918 2680 976 Οὐκ
2708 920 2854 973 ἐάσω
2886 921 3031 991 ὑμᾶς
3062 923 3166 976 ὑπὸ
3191 927 3302 988 τοῖς
3331 925 3539 980 ἔθνεσιν
3567 925 3708 983 εἶναι

2131 1004 2313 1056 οὐκέτι
2339 1020 2350 1030 ·
2379 1005 2438 1057 τὸ
2471 1006 2579 1077 γὰρ
2619 1027 2639 1060 ι
2683 1009 2758 1063 Οὐ
2779 1011 2934 1064 δώσω
2962 1013 3106 1083 ὑμᾶς
3137 1003 3198 1066 ἐν
3223 1019 3336 1079 τοῖς
3363 1017 3572 1073 ἔθνεσιν
3607 1021 3708 1073 ού·
3742 1030 3744 1032 ⁷

2131 1093 2248 1146 κέτι
2274 1097 2352 1157 εἰς
2377 1097 2700 1168 ὀνειδισμὸν,
2732 1119 2751 1149 ι
2780 1101 2938 1154 τοῦτο
2980 1103 3146 1172 λέγει.
3189 1105 3346 1160 Ἀλλά
3368 1109 3476 1180 γὰρ
3504 1110 3599 1163 καὶ
3625 1109 3710 1164 δί-

2130 1199 2230 1247 κας
2272 1185 2535 1258 λήψομαι,
2575 1190 2730 1260 φησὶ,
2777 1193 2931 1263 παρά
2971 1196 3078 1249 τῶν
3110 1197 3513 1270 ἐπεληλυθότων
3550 1201 3704 1272 ὑμῖν,

2128 1273 2337 1345 ἐρημίᾳ
2368 1293 2430 1329 τε
2471 1279 2666 1343 αὐτοὺς
2716 1282 2808 1334 καὶ
2855 1285 3149 1358 ἀφανισμῷ
3188 1291 3441 1358 παντελεῖ
3471 1295 3706 1365 παραδι-

2125 1364 2248 1427 δούς
2271 1382 2284 1395 ·
2315 1367 2532 1437 πρῶτον
2565 1371 2665 1440 μὲν
2687 1372 2799 1444 γὰρ
2821 1373 2909 1428 διὰ
2935 1377 3289 1434 Βαϐυλωνίων
3316 1364 3704 1457 τιμωρήσομαι

2140 1454 2475 1528 Ἀσσυρίους·
2510 1463 2628 1530 μετ’
2657 1463 2833 1517 ἐκεῖνο
2858 1466 2915 1518 δέ
2952 1467 3323 1536 Βαϐυλωνίους
3354 1473 3440 1528 διὰ
3467 1454 3704 1546 Περσῶν

2127 1548 2404 1612 παντελῶς
2451 1553 2701 1607 ἀπολέσω
2723 1570 2734 1582 ·
2771 1558 3040 1630 τοσαύτην
3081 1561 3137 1614 δὲ
3184 1564 3366 1618 αὐτῶν
3395 1567 3703 1638 ἐργάσομαι

2123 1641 2221 1710 τὴν
2256 1641 2548 1708 ἀπώλειαν,
2585 1645 2726 1699 ὥστε
2771 1648 2926 1718 δίκην
2978 1650 3087 1703 τῶν
3139 1653 3590 1726 ἀποθνησκόντων
3636 1676 3704 1713 τε

438 1694 682 1760 verbum,
726 1703 1042 1768 «ascendet,
1067 1724 1085 1757 ι
1124 1723 1241 1777 pro,
1285 1711 1578 1780 Audietur,
1627 1717 1780 1774 dicit.
1812 1719 1992 1774 llorun

2177 1694 2188 1710 ,
2362 1694 2368 1695 ,
2592 1694 2724 1699 __--
2775 1694 2921 1718 --.ην
2989 1694 3082 1703 ..η
3139 1694 3588 1726 ...ηνηινηνηων
3646 1694 3700 1713 ..ι

2121 1731 2214 1783 καὶ
2239 1733 2516 1798 παντελῶς
2542 1739 2948 1807 νεκρουμένων,
2983 1744 3082 1813 τήν
3112 1761 3168 1796 τε
3199 1745 3359 1816 σῆψιν
3392 1749 3569 1803 αὐτῶν
3605 1751 3700 1804 καὶ

436 1799 562 1838 vero
585 1789 825 1843 omnium
850 1807 1105 1861 quaenam
1127 1813 1291 1855 causa
1309 1805 1432 1857 est?
1467 1823 1486 1856 ‹
1509 1805 1648 1872 Quia
1670 1813 2016 1881 magnificata

434 1883 557 1927 sunt
611 1891 773 1946 opera
824 1888 937 1938 tua.
966 1903 984 1936 ι
1035 1884 1446 1949 Demonstrabit
1493 1900 1697 1968 quippe
1746 1900 2013 1961 Dominus

433 1975 656 2031 operum
691 1983 917 2024 suorum
956 1977 1386 2045 magnitudinem
1430 1983 1672 2041 hostium
1703 1991 2010 2060 punitione.

432 2051 634 2109 Dehinc
658 2069 1026 2120 consentanee
1048 2067 1160 2121 ait:

436 2149 510 2214 :t';
548 2168 566 2201 ι
593 2152 713 2206 ’Ὀτι
739 2157 1076 2232 ἐμεγαλύνθη
1123 2163 1194 2217 τά
1236 2165 1372 2237 ἔργα
1416 2171 1601 2228 αὐτοῦ.
1634 2192 1652 2226 ι

435 2241 552 2310 περὶ
584 2242 781 2308 αὐτοὺς
806 2251 1068 2322 τιμωρίᾳ.
1111 2250 1242 2307 Εἶτα
1269 2256 1577 2325 ἀκολούθως
1598 2241 1793 2334 ἐπάγει
1815 2285 1827 2297 ·

499 2329 657 2387 Vens.
681 2335 867 2391 2l-27.
889 2369 958 2379 —
989 2360 1007 2391 ι
1032 2341 1275 2411 Conﬁde,
1300 2357 1446 2404 terra
1470 2369 1487 2419 ;
1521 2355 1698 2424 gaude
1719 2329 1772 2411 et
1797 2359 2000 2426 laetare,

425 2423 684 2490 quoniam
735 2429 1103 2497 magnificavit
1131 2433 1296 2502 Deus,
1345 2447 1404 2492 ut
1451 2423 1673 2498 faceret.
1705 2423 1999 2515 Conlidite,

425 2512 669 2581 jumenta
715 2519 916 2588 campi,
969 2524 1096 2591 quia
1145 2529 1519 2596 germinarunt
1566 2543 1720 2604 prata
1759 2537 1997 2594 deserti:

422 2604 549 2670 quia
589 2603 793 2673 lignum
825 2608 996 2663 edidit
1027 2610 1265 2668 fructum
1300 2632 1481 2681 suum,
1519 2603 1647 2677 vitis
1686 2632 1738 2678 et
1770 2624 2000 2681 ficulnea

423 2693 774 2758 protulerunt
827 2697 1068 2766 vigorem
1105 2715 1289 2757 suum.
1315 2725 1332 2757 ›
1373 2705 1583 2764 Gaudio
1616 2713 1810 2782 gestiet
1856 2723 1999 2771 terra

420 2779 491 2832 ob
516 2778 608 2834 Dei
648 2796 877 2851 operum
910 2790 1364 2863 magnitudinem,
1413 2778 1641 2870 accepta
1687 2804 1756 2858 ab
1782 2821 1847 2861 eo
1887 2806 2001 2860 fru—

419 2883 547 2938 gum
582 2870 948 2931 fecunditate:
982 2893 1161 2950 neque
1195 2885 1377 2942 secius
1407 2887 1658 2958 jumenta
1703 2897 1881 2965 campi
1908 2913 2002 2953 co-

419 2957 631 3026 piosam
656 2965 848 3030 pascui
883 2965 1137 3023 habentia
1166 2957 1515 3046 fruitionem;
1551 2957 1860 3054 praeterque
1886 2987 1999 3044 haec

417 3051 622 3116 omnia,
666 3053 796 3123 ligni
844 3072 1066 3128 quoque
1109 3061 1324 3120 fructus
1365 3051 1626 3139 copiosius
1669 3051 2001 3144 praebebitur

2112 1818 2210 1889 τὴν
2237 1821 2501 1878 δυσωδίαν
2526 1827 2732 1896 μηδένα
2754 1828 3028 1884 διαλαθεῖν
3043 1848 3055 1862 '
3082 1834 3179 1904 τὴν
3204 1837 3312 1907 γὰρ
3341 1840 3578 1909 σαπρίαν
3598 1843 3699 1894 καὶ

2109 1906 2201 1959 τὸν
2235 1907 2462 1980 βρόμον,
2491 1914 2649 1968 τοῦτο
2688 1917 2857 1986 λέγει,
2889 1921 2964 1984 ὡς
3001 1906 3434 1995 ἐπιτεθνηκότων
3458 1906 3565 2001 ήδη
3597 1932 3700 1986 καὶ

2109 1998 2318 2069 νεκρῶν
2353 2003 2655 2072 κειμένων
2697 2007 2756 2060 τὸ
2785 2008 2843 2061 δὲ
2895 2029 2912 2061 ι
2949 2013 3304 2085 ἀναϐήσεται,
3346 2036 3363 2068 ι
3396 2019 3476 2072 ὅτι
3515 2020 3696 2076 Πᾶσιν

2111 2087 2436 2157 ἐξάκουστος
2473 2094 2646 2163 ἔσται,
2695 2101 2860 2169 φησί’
2911 2102 3116 2158 τούτων
3155 2107 3213 2160 δὲ
3253 2110 3466 2163 πάντων
3518 2114 3695 2168 αἴτιον

1712 2178 1801 2246 (ρ.
1851 2178 1994 2247 {25)
2039 2182 2211 2248 Δείξει
2247 2187 2355 2260 γάρ
2387 2189 2496 2243 τῶν
2529 2192 2741 2246 οἰκείων
2773 2194 2949 2266 ἔργων
2973 2199 3034 2252 τὺ
3075 2201 3300 2271 μέγεθος
3324 2206 3350 2258 ὁ
3377 2206 3509 2272 Θεὸς
3530 2209 3590 2262 ἐν
3615 2211 3694 2283 τῇ

2173 2361 2322 2430 Στίχ.
2370 2366 2593 2429 κα’-κζ’.
2637 2397 2707 2408 —-
2744 2387 2762 2419 ι
2813 2369 3056 2442 Θάρσει,
3090 2374 3184 2444 γῆ,
3229 2379 3420 2448 χαίρου
3458 2380 3552 2434 καὶ
3596 2383 3690 2437 εὐ·

2101 2453 2337 2522 φραίνου
2364 2471 2377 2486 '
2422 2455 2503 2508 ὅτι
2533 2459 2836 2527 ἐμεγάλυνε
2880 2463 3086 2534 Κύριος
3129 2465 3222 2520 τοῦ
3259 2471 3517 2540 ποιῆσαισ
3548 2471 3689 2543 Θαρ-

2101 2547 2265 2605 σεῖτε,
2318 2546 2489 2617 κτήνη
2540 2548 2633 2601 τοῦ
2669 2551 2850 2604 πεδίου
2871 2594 2886 2616 ,
2919 2553 3001 2605 ὅτι
3037 2554 3372 2628 βεϐλάστηκε
3404 2562 3474 2616 τὰ
3519 2564 3687 2620 πεδία

2097 2629 2194 2702 τῆς
2246 2635 2454 2705 ἐρήμου
2476 2653 2488 2666 ο
2534 2638 2617 2691 ὅτι
2650 2639 2805 2705 ξύλον
2859 2643 3058 2713 ἤνεγκε
3101 2647 3194 2700 τὸν
3225 2650 3436 2720 καρπὸν
3473 2652 3638 2708 αὐτοῦ
3661 2671 3680 2687 ο

2097 2720 2340 2790 ἄμπελος
2387 2725 2482 2778 καὶ
2515 2727 2653 2798 συκῆ
2698 2729 2903 2784 ἔδωκαν
2945 2734 3044 2803 τὴν
3089 2735 3240 2806 ἰσχὺν
3285 2739 3480 2794 αὐτῶν.
3520 2760 3540 2794 ι
3589 2744 3684 2799 Ἕν

2097 2813 2456 2882 εὐφροσύναις
2484 2819 2582 2885 μὲν
2613 2815 2705 2874 οῦν
2735 2821 2887 2875 ἔσται
2914 2825 2946 2894 ὴ
2985 2825 3057 2895 γῆ
3089 2827 3179 2879 ἐπὶ
3204 2828 3281 2898 τῷ
3316 2831 3536 2900 μεγέθει
3565 2835 3681 2890 τῶν

2096 2903 2248 2971 παρά
2275 2904 2367 2958 τοῦ
2396 2907 2530 2961 Θεοῦ
2561 2914 2916 2982 γιγνομένων,
2946 2916 3278 2988 ἀπειληφυῖα
3305 2920 3412 2975 τῶν
3446 2926 3681 2996 καρπῶν

2095 2993 2202 3046 τῶν
2225 2995 2440 3049 οἰκείων
2467 2997 2565 3069 τὴν
2600 3003 2802 3071 φοράνο
2834 3003 2986 3057 οὑᾶν
3022 3001 3183 3075 ἧττον
3220 3011 3313 3062 καὶ
3349 3011 3418 3065 τὰ
3451 3014 3545 3068 τοῦ
3579 3034 3680 3071 πε-

2094 3084 2207 3137 δίου
2235 3089 2406 3158 κτήνη
2432 3089 2626 3163 δαψιλῆ
2656 3093 2754 3164 τῆς
2786 3095 2956 3166 νομῆς
2984 3096 3177 3168 ἔχοντα
3209 3102 3304 3173 τὴν
3332 3105 3634 3163 ἀπόλαυσιν
3658 3125 3674 3139 ·

415 3138 788 3210 indigentibus
819 3161 905 3201 eo.
943 3166 960 3198 ι
987 3148 1048 3202 Ει
1080 3151 1174 3206 ﬁlii
1211 3153 1418 3222 Sionis.
1443 3138 1686 3230 gaudete
1714 3176 1875 3238 atque
1906 3168 1992 3222 Iae-

415 3233 603 3269 lnmini
633 3235 684 3269 in
711 3235 937 3269 munt“.
964 3241 1069 3269 Πιν-
1099 3256 1276 3269 _-__._-
1341 3268 1361 3269 η
1410 3253 1421 3264 ο
1508 3257 1518 3269 .
1576 3257 1631 3269 ..Α
1735 3260 1746 3269 .
1771 3261 1782 3269 .

2287 3138 2290 3139 ,
2325 3138 2357 3158 I,
2380 3138 2406 3158 Ἰ
2439 3138 2626 3163 "qu...
2667 3138 2751 3164 -.ιτ
2795 3138 2954 3166 .-ι-..η
2985 3138 3177 3168 ..λνιυυυ
3219 3138 3303 3173 νην
3332 3138 3634 3163 υιιυνηιιυυιν
3662 3138 3669 3139 ί

2098 3176 2191 3228 καὶ
2226 3178 2362 3248 πρὸς
2403 3179 2574 3233 ἅπασί
2605 3200 2668 3251 γε
2705 3185 2786 3238 ὅτι
2817 3186 2911 3239 καὶ
2949 3189 2977 3240 δ
3018 3189 3082 3242 ἐκ
3122 3191 3228 3246 τῶν
3258 3192 3427 3258 ξύλων
3460 3200 3677 3269 καρπὸς

415 3233 604 3287 tamini
631 3235 684 3288 in
707 3235 939 3296 Domino
964 3241 1073 3298 Deo
1099 3256 1304 3316 vestro,
1330 3253 1459 3322 quia
1488 3257 1637 3312 dedit
1663 3260 1817 3316 vobis
1838 3277 1995 3318 escas

413 3322 479 3375 ad
511 3321 802 3390 justitiam,
828 3330 1084 3402 pluetque
1108 3338 1261 3394 vobis
1301 3321 1532 3399 imlirem
1566 3350 1895 3404 matutinum
1929 3367 1993 3407 ac

412 3413 737 3480 serotinum,
781 3420 924 3476 sicut
972 3433 1154 3482 antea.
1195 3429 1260 3483 Et
1294 3431 1668 3504 implebuntur
1711 3456 1852 3497 area:
1879 3442 1993 3498 fru-

415 3516 621 3572 mento,
661 3518 714 3562 et
763 3514 1152 3572 redundabunt
1204 3527 1504 3580 toreularia
1550 3531 1676 3585 vino
1709 3541 1764 3586 et
1801 3536 1940 3589 oleo.
1965 3555 1984 3586 ι

409 3592 542 3660 Quae
565 3610 719 3653 antea
739 3600 878 3656 dixit
894 3617 1147 3676 ereptum
1169 3611 1260 3677 iri,
1283 3629 1344 3668 ea
1368 3631 1516 3671 nunc
1537 3619 1717 3676 danda
1735 3624 1984 3680 aﬂirrnat.

407 3684 606 3741 Cuncti
654 3693 799 3744 enim
827 3696 920 3763 qui
970 3701 1118 3754 circa
1161 3700 1382 3760 Sionem
1409 3717 1648 3766 montem
1688 3723 1816 3768 sunt
1851 3731 1986 3771 con-

404 3781 636 3848 gregati,
662 3792 716 3836 et
743 3789 1159 3846 convenientem
1202 3795 1313 3850 lleo
1341 3800 1549 3855 cultum
1580 3805 1862 3872 exhibent,
1895 3809 1987 3863 lae.

407 3869 512 3922 tari
535 3882 836 3940 merentur,
857 3879 1071 3950 frugum
1100 3885 1435 3943 abundantia
1455 3893 1634 3962 potiti,
1655 3911 1814 3966 quam
1835 3869 1986 3967 iuste

406 3958 544 4027 ipsis
581 3974 937 4030 peccatorum
965 3988 1188 4028 suorum
1221 3958 1790 4046 pmniten—tibusDeus
1822 3991 2022 4050 attri-.'

402 4048 558 4116 buit;
589 4053 793 4120 quibus
821 4059 986 4112 etiam
1019 4062 1276 4119 imbrium
1300 4074 1676 4140 tempestivam
1709 4078 1982 4135 sufficien-

401 4145 622 4208 temque
687 4158 910 4223 usuram
955 4149 1269 4220 exhibebit;
1329 4159 1466 4212 adeo
1518 4169 1577 4214 ut
1614 4166 1976 4232 germinanlia

397 4226 600 4282 teliure
626 4232 860 4297 semina,
892 4243 946 4290 et
981 4237 1247 4308 lignorum
1280 4243 1389 4314 εκ
1421 4247 1631 4307 fructus
1655 4255 1823 4308 multa
1851 4273 1974 4312 cum

400 4318 759 4376 exuberantia
793 4325 900 4384 illis
929 4329 1241 4386 obveniant.
1289 4353 1306 4384 ι
1330 4338 1396 4390 Ει
1437 4339 1658 4395 reddam
1691 4345 1846 4400 vobis
1877 4363 1974 4402 an-

400 4422 503 4462 nos
542 4424 681 4479 quos
727 4417 962 4471 comedit
994 4420 1226 4487 locusta,
1277 4423 1538 4494 bruchus,
1566 4437 1620 4485 et
1669 4433 1882 4504 rubigo,
1917 4444 1968 4491 et

393 4513 592 4555 eruca:
653 4501 922 4562 fortitudo
976 4524 1098 4564 mea
1144 4529 1340 4584 magna
1370 4533 1533 4587 quam
1581 4521 1706 4578 misi
1747 4526 1814 4579 ad
1850 4543 1966 4583 vos.

389 4587 462 4642 Et
491 4592 794 4652 comedetis
831 4609 1135 4669 vescentes,
1161 4611 1215 4658 et
1246 4609 1650 4679 saturabimini,
1687 4623 1742 4669 et
1780 4615 1970 4678 lauda-

391 4678 523 4735 bitis
545 4698 745 4740 nomen
771 4685 863 4742 Dei
887 4692 1075 4757 vestri,
1106 4696 1197 4764 qui
1225 4696 1352 4751 fecit
1375 4678 1644 4756 mirabilia
1659 4705 1965 4776 vobiscum;

389 4777 446 4824 et
481 4786 591 4826 non
621 4775 991 4835 confundetur
1017 4787 1250 4853 populus
1278 4805 1431 4844 meus
1462 4792 1516 4846 in
1548 4800 1961 4865 sempiternum.

388 4859 458 4913 Et
486 4868 830 4932 cognoscetis
877 4870 1007 4938 quia
1041 4873 1094 4926 in
1125 4877 1302 4932 medio
1329 4878 1547 4938 lsraelis
1579 4899 1680 4954 ego
1701 4902 1854 4944 sum:
1907 4898 1962 4944 et

387 4964 490 5020 ego
515 4951 783 5012 Dominus
819 4958 964 5016 Deus
995 4972 1196 5030 vester,
1233 4976 1287 5022 et
1336 4986 1444 5026 non
1470 4986 1554 5030 est
1592 4951 1732 5033 alius
1767 4988 1963 5048 printer

386 5054 496 5095 me.
556 5041 623 5096 Et
681 5061 790 5100 non
841 5050 1212 5110 confundetur
1259 5060 1396 5116 ultra
1424 5067 1656 5134 populus
1698 5041 1850 5128 meus
1905 5075 1961 5128 in

385 5131 804 5200 sempiternum.
830 5156 849 5188 ι
889 5137 1100 5204 Quanta
1127 5147 1292 5215 igitur
1311 5149 1380 5205 de
1405 5131 1733 5215 necessariis
1771 5175 1961 5231 supcr-

382 5220 666 5280 venienles
682 5225 867 5284 hostes
889 5233 1040 5286 varie
1063 5248 1126 5288 ac
1141 5239 1494 5297 multifariam
1515 5253 1959 5321 consumpserint

379 5307 552 5378 (patet
581 5315 724 5369 enim
766 5318 988 5374 locustae
1014 5326 1350 5392 nominibus,
1385 5347 1449 5387 ac
1475 5335 1690 5404 bruchi,
1721 5307 1776 5396 et
1799 5343 1949 5398 rubi-

380 5399 544 5469 ginis,
587 5413 642 5457 et
674 5421 872 5476 erucae,
913 5411 1100 5469 hostes
1143 5415 1416 5494 denotari)
1453 5399 1685 5483 totidem
1709 5447 1810 5502 ego
1858 5450 1948 5491 re-

379 5491 624 5557 stituam,
658 5504 717 5549 ut
747 5499 827 5552 sic
850 5516 947 5556 vos
970 5502 1174 5560 lautum
1202 5491 1461 5569 habentes
1487 5515 1735 5574 datarum
1763 5538 1945 5580 rerum

378 5593 558 5650 usum,
613 5585 824 5646 debitos
877 5595 1190 5656 retribuatis
1246 5599 1352 5658 Deo
1409 5604 1662 5677 hymnos,
1722 5623 1942 5686 propter

2092 3261 2322 3336 δαψιλὴς
2374 3271 2670 3340 παρέχεται
2706 3275 2818 3336 τοῖς
2855 3273 3146 3346 δεομένοις.
3183 3298 3202 3331 ‹
3249 3283 3356 3336 Καὶ
3394 3285 3463 3339 τὰ

2093 3353 2250 3418 Σιὼν,
2283 3357 2534 3428 χαίρετε,
2573 3362 2668 3414 καὶ
2694 3364 3049 3435 εὐφραίνεσθε
3091 3371 3182 3424 ἐπὶ
3209 3372 3286 3442 τῷ
3317 3375 3505 3448 Κυρίῳ
3544 3379 3672 3451 Θεῷ

2093 3443 2279 3512 ὑμῶν·
2325 3448 2406 3500 ὃτι
2434 3449 2631 3503 ἔδωκεν
2680 3453 2808 3522 ὑμῖν
2855 3454 3118 3528 βρώματα
3162 3463 3243 3524 εἰς
3288 3463 3669 3540 δικαιοσύνην

2090 3534 2180 3585 καὶ
2221 3533 2401 3606 βρέξει
2444 3540 2570 3608 ὑμῖν
2619 3541 2772 3595 ύετδν
2809 3546 3054 3617 πρώῖμον
3104 3551 3197 3604 καὶ
3240 3553 3435 3624 ὄψιμον
3481 3533 3669 3624 καθῶς

2089 3620 2395 3694 ἔμπροσθεν
2417 3643 2429 3656 ο
2481 3631 2571 3682 καὶ
2608 3631 3008 3704 πλησθήσονται
3039 3640 3095 3692 αἱ
3126 3620 3348 3708 ἀλωνες
3367 3646 3536 3712 σίτου,
3571 3620 3672 3704 καί

2089 3714 2620 3788 ὑπερεκχυθήσονται
2663 3723 2719 3774 αἱ
2771 3723 2920 3795 ληνοὶ
2963 3729 3106 3782 οἴνου
3160 3733 3252 3785 καὶ
3291 3734 3492 3791 ἐλαίου.
3529 3758 3550 3792 ι
3595 3743 3666 3794 Ἀ

2085 3803 2195 3874 γάρ
2227 3807 2284 3857 ἐν
2315 3809 2428 3870 τοῖς
2459 3809 2751 3882 ἀνωτέροις
2783 3812 2936 3868 εἶπεν
2977 3820 3324 3892 ἀφῃρῆσθαι,
3356 3825 3529 3881 ταῦτα
3565 3829 3665 3884 νῖν

2085 3897 2432 3951 ἀποδίδοσθαι
2479 3901 2659 3970 λέγει·
2699 3905 2898 3970 πάντες
2928 3909 3058 3981 γάρ,
3095 3915 3287 3982 φησὶν,
3329 3919 3378 3970 οἱ
3423 3920 3554 3988 περὶ
3597 3922 3663 3976 τὸ

2083 3985 2222 4040 Σιὼν
2262 3987 2387 4056 ὅρος
2419 3989 2798 4064 συλλεγόμενοί
2831 4014 2914 4062 τε,
2947 4002 3042 4054 καὶ
3069 4001 3167 4074 τὴν
3197 3985 3544 4078 καθήκουσαν
3573 4010 3660 4086 τῷ

2080 4074 2198 4144 Θεῷ
2224 4075 2555 4147 πληροῦντες
2595 4081 2893 4154 θεραπείαν
2912 4127 2928 4151 ,
2963 4089 3160 4147 δίκαιοι
3189 4090 3298 4148 εἷεν
3325 4074 3391 4149 ἀν
3421 4074 3658 4171 εὐφραίίι

2079 4164 2262 4218 νεσθαι
2286 4207 2300 4228 ,
2336 4167 2433 4238 τὴν
2476 4171 2735 4240 ἀφθονίαν
2763 4194 2823 4230 τε
2857 4173 2964 4234 τῶν
2999 4187 3225 4254 καρπῶν
3265 4188 3654 4262 ἀπολαϐόντες,

2077 4253 2153 4322 (p;
2201 4255 2321 4326 124)
2352 4258 2418 4329 ἢν
2447 4259 2669 4327 δικαίως
2699 4267 2879 4332 αὐτοῖς
2917 4277 3371 4349 μεταμεληθεὼιν
3403 4283 3547 4358 ὑπὲρ

2002 4485 2044 4539 D
2073 4439 2185 4499 τοῖς
2221 4437 2476 4512 εὔκαιρον
2521 4447 2614 4499 καὶ
2655 4450 2900 4524 αὐτάρκη
2945 4458 3238 4526 παρέξεται
3279 4464 3379 4532 τὴν
3415 4468 3644 4537 χρείανο

2073 4525 2212 4581 ὥστε
2246 4532 2340 4583 καὶ
2371 4532 2440 4586 τά
2485 4537 2548 4588 ἐκ
2578 4539 2680 4609 γῆς
2720 4543 2964 4614 φυόμενα
2996 4525 3106 4601 τῶν
3151 4525 3512 4625 σπερμάτων,
3549 4563 3648 4615 καὶ

2069 4619 2194 4682 τοὺς
2214 4622 2278 4673 ἐκ
2309 4621 2480 4686 ξύλων
2513 4633 2780 4701 καρποὺς,
2813 4638 2952 4706 μετὰ
2981 4641 3181 4712 πολλῆς
3211 4619 3394 4713 αύτοῖς
3422 4619 3646 4724 προσγί-

2065 4710 2249 4764 νεοθαι
2285 4713 2404 4810 τῆς.
2432 4721 2766 4788 περιουσίας.
2815 4743 2835 4775 ι
2894 4729 3004 4782 Καὶ
3044 4710 3324 4789 ἀντ-αποδῶ
3358 4710 3486 4810 ύμῖν
3517 4710 3644 4799 ἀντὶ

2063 4798 2170 4852 τῶν
2205 4801 2343 4856 ἐτῶν
2369 4797 2444 4857 ὧν
2473 4810 2779 4880 κατέφαγεν
2810 4817 2842 4885 ὴ
2878 4817 3040 4889 ἀκρὶς
3071 4822 3166 4876 καὶ
3208 4825 3237 4876 ὁ
3270 4797 3500 4898 βροῦχος
3542 4797 3642 4886 καί

2061 4891 2093 4958 ἡ
2142 4891 2366 4964 ἐρυσίϐη
2406 4898 2501 4950 καὶ
2537 4902 2569 4970 ἡ
2617 4903 2809 4974 κάμπη
2832 4909 2913 4978 ,ἡ
2956 4909 3179 4982 δύναμίς
3213 4891 3321 4986 μου.
3351 4891 3638 4994 ή-μεγάλη

2058 4979 2125 5050 ἣν
2169 4981 2525 5047 ἑξαπέστειλα
2555 4993 2636 5054 εἰς
2682 4996 2857 5066 ὑμᾶς·
2900 5003 3004 5054 »καὶ
3046 4979 3282 5075 φάγεσθε
3337 4979 3634 5081 ἐσθίοντες;

2058 5073 2152 5125 καὶ
2208 5077 2679 5150 ὲμπλησθήσεσθε,
2733 5091 2826 5142 καὶ
2882 5073 3142 5150 αἰνέσετεί
3181 5099 3243 5152 τὸ
3291 5101 3464 5173 ϐνομα

2057 5164 2172 5236 ρίου
2221 5169 2314 5221 τοῦ
2349 5170 2483 5226 Θεοῦ
2518 5177 2706 5245 ὑμῶν,
2749 5182 2808 5245 ὃς
2851 5186 3073 5257 ἐποίησε
3116 5192 3234 5260 μεθ’
3283 5164 3436 5265 ὑμῶν
3489 5198 3625 5253 Gau-

2059 5256 2255 5324 μάσια·
2298 5263 2394 5314 καὶ
2424 5265 2484 5316 οὐ
2531 5269 2604 5338 μὴ
2636 5256 3004 5348 καταισχυνθῇ
3039 5282 3069 5333 ὁ
3109 5256 3233 5347 λαός
3283 5256 3385 5355 μου
3423 5291 3505 5353 εἰς
3536 5293 3630 5347 τὸν

2055 5348 2259 5402 αἰῶνα·
2325 5355 2417 5407 καὶ
2461 5358 2827 5428 ἐπιγνώσεσθε
2868 5370 2949 5422 ὅτι
2986 5372 3045 5425 ἐν
3087 5374 3235 5447 μέσῳ
3267 5348 3361 5432 τοῦ
3408 5348 3627 5455 Ἰσραὴλ

2054 5437 2165 5505 ἐγώ
2208 5442 2323 5513 εἰμι
2349 5461 2361 5474 ·
2398 5448 2490 5500 καὶ
2519 5451 2630 5518 ἐγὼ
2675 5456 2876 5528 Κύριος
2922 5462 2950 5514 ὁ
2991 5437 3123 5529 Θεὸς
3161 5437 3335 5538 ὑμῶν,
3379 5437 3498 5527 καὶ.
3522 5437 3625 5528 οῦκ

2053 5528 2200 5584 ἔστιν
2224 5533 2304 5586 ἔτι
2330 5536 2469 5608 πλὴν
2497 5542 2630 5611 ἐμοῦ
2653 5562 2668 5577 ⁸
2704 5549 2796 5602 καὶ
2828 5551 2889 5604 ού
2926 5553 3000 5626 μὴ
3027 5528 3393 5634 καταισχυνθῇ
3422 5563 3452 5616 ὁ
3493 5564 3623 5627 λαός

2057 5636 2158 5690 μου
2188 5621 2266 5678 ἔτι
2290 5628 2370 5690 εἰς
2396 5630 2484 5685 τὸν
2513 5633 2699 5691 αἰῶνα.
2738 5658 2755 5691 ι
2793 5621 2999 5700 Ὁπόσα
3022 5648 3198 5704 τοίνυν
3228 5621 3622 5724 ’ἐπεληλυθότεέ
