3828 6216
120 193 205 247 229
1092 204 1643 263 COMMENTARIUS
1682 210 1747 265 IN
1784 212 2014 271 JOELIS
2048 217 2200 273 CAP.
2229 217 2288 272 ll.

3273 215 3381 272 230

118 315 158 367 oi
184 312 439 381 πολέμιοι
466 312 577 365 τῶν
598 312 985 383 προσηκόντων
1013 316 1404 370 κατανάλωσαν
1426 318 1680 388 διαφόρως

1798 326 2027 388 grandia
2085 342 2148 379 ac
2197 329 2469 383 mirabilia
2517 344 2640 401 quae
2682 332 2850 386 vestri
2901 349 3068 392 causa
3116 344 3373 410 patravit.

114 422 163 458 τε
192 406 290 457 καὶ
320 404 586 466 ποικίλως
609 422 622 433 ·
660 405 885 475 εὔδηλον
920 406 1030 477 γὰρ
1058 407 1140 459 ὅτι
1186 408 1384 478 ἀκρίδα
1409 411 1505 461 καὶ
1535 410 1694 479 βροῦ-

112 515 198 566 χον
237 497 337 548 καὶ
386 495 647 565 ἐρυσίϐην
688 498 781 548 καὶ
828 497 1057 568 κάμπην
1096 497 1269 551 ταῦτα
1308 499 1492 553 καλεῖ·
1522 500 1693 554 ταῦτα

111 585 236 654 ὑμῖν
279 588 742 657 ἁποκαταστήσω,
792 586 933 640 ὥστε
970 589 1114 658 ὑμᾶς
1166 589 1428 643 πλουσίαν
1471 591 1694 661 ἔχοντας

108 675 211 725 τῶν
240 675 542 745 δεδομένων
576 678 676 747 τὴν
714 679 1012 732 ἀπόλαυσιν
1032 720 1045 743 ,
1077 682 1460 752 ὀφειλομένους
1504 687 1693 738 ἀποδι-

106 766 252 817 δόναι
284 766 362 836 τῷ
389 767 511 837 Θεῷ
542 768 667 830 τοὺς
696 768 921 839 ὕμνους,
961 771 1099 841 ὑπὲρ
1127 765 1202 824 ὧν
1231 773 1295 843 δὴ
1326 775 1575 843 μεγάλων
1602 778 1695 829 καὶ

1792 414 2022 484 Jamque
2057 432 2154 471 vos
2184 419 2393 475 diutius
2426 437 2534 475 non
2576 423 2937 487 erubescetis,
2976 431 3133 496 quasi
3171 431 3378 501 absque

1795 507 1997 558 auxilio
2024 524 2050 558 ιι
2079 523 2164 562 me
2195 509 2466 576 destituti,
2496 513 2549 565 in
2587 513 2857 580 ejusmodi
2887 531 3159 574 mrunntas
3192 522 3379 576 int-ure

1795 596 2012 649 reritis:
2048 597 2371 669 plenamque
2397 604 2647 671 poteritis
2681 621 2744 658 ex
2773 607 2936 662 rebus
2963 609 3099 678 ipsis
3125 614 3371 666 notitiam

1794 700 2009 755 capere,
2059 705 2142 743 me
2182 690 2325 745 inter
2354 709 2451 748 vos
2476 699 2706 762 versari,
2752 702 2845 767 qui
2878 715 3070 770 reapse
3103 702 3374 759 Dominus

1795 788 1972 831 vester
2001 789 2053 833 et
2080 789 2226 835 tutor
2258 785 2409 837 solus
2435 801 2579 842 sum.

112 860 443 931 θαυμαστῶν
469 863 767 933 πεποίηκεν
791 865 870 927 εἰς
901 864 1071 934 ὑμᾶς·
1100 864 1177 928 ὡς
1210 868 1404 935 μηκέτι
1431 868 1529 937 μὲν
1550 870 1694 939 ὑμᾶς
1733 869 2081 939 αἰσχύνεσθαι
2119 874 2202 941 ἐφ’
2227 869 2307 936 οἷς
2336 876 2627 947 ἁδοήθητοι
2672 882 2800 949 παρ’
2828 882 2958 950 ἐμοῦ
3002 885 3376 956 μεμενήκατε,

108 953 385 1015 τοσούτοις
417 953 899 1024 περιπεπτωκότες
925 958 1114 1018 κακοῖς
1132 972 1145 985 ·
1174 956 1261 1026 (ρ.
1292 957 1430 1027 125)
1462 959 1665 1029 ἀκριδῆ
1694 958 1750 1011 δὲ
1779 959 2039 1014 δύνασθαι
2086 964 2227 1033 ὑμᾶς
2256 965 2313 1028 ἐξ
2342 967 2520 1018 αὐτῶν
2548 969 2653 1020 τῶν
2683 972 3023 1040 πραγμάτων
3059 953 3239 1027 λαδείν
3270 976 3375 1046 τὴν

110 1047 433 1113 ἐπίγνωσιν,
468 1047 550 1099 ὅτι
583 1046 642 1098 ἐν
682 1046 810 1116 ὑμῖν
846 1048 961 1117 εἰμι
983 1064 995 1075 ⁸
1024 1047 1119 1101 ἆτε
1148 1050 1242 1101 καὶ
1269 1049 1534 1121 δεσπότης
1566 1050 1718 1119 ὑμῶν
1742 1053 1835 1105 καὶ
1867 1054 2119 1123 κηδεμὼν
2158 1057 2316 1125 μόνος
2346 1059 2626 1128 ὑπάρχων.

173 1139 325 1207 Στίχ.
371 1137 589 1208 mnf-13'.
618 1168 688 1178 -—
736 1158 754 1190 ι
792 1140 902 1192 Kal.
934 1140 1084 1194 ἔσται
1133 1141 1271 1211 μετά
1300 1143 1474 1196 ταῦτα
1516 1143 1691 1214 ἐκχεῶ

104 1230 210 1281 ἀπὺ
238 1229 331 1281 τοῦ
362 1228 679 1299 Πνεύματός
713 1248 815 1300 μου
852 1230 943 1282 ἐπὶ
972 1233 1151 1285 πᾶσαν
1184 1233 1392 1302 σάρκα·
1429 1236 1524 1287 καὶ
1562 1252 1691 1304 προ-

108 1319 476 1388 φητεῦσουσιν
508 1321 559 1372 οἱ
589 1322 696 1371 υἱοὶ
725 1321 819 1372 καὶ
861 1322 918 1372 αἱ
946 1320 1242 1391 θυγατέρες
1296 1322 1447 1391 ὑμῶν
1468 1362 1481 1385 ,
1515 1325 1608 1376 καὶ
1638 1325 1687 1375 οἱ

104 1410 471 1481 πρεσϐύτεροι
502 1407 657 1479 ὑμῶν
700 1410 973 1472 ἐνυπνίοις
1010 1412 1557 1482 ἐνυπνιασθήσονται·
1596 1415 1688 1467 καὶ

102 1504 151 1554 οἱ
184 1502 463 1555 νεανίσκοι
498 1500 651 1569 ὑμῶν
680 1501 900 1570 ὁράσεις
938 1501 1188 1569 ὄψονται·
1218 1505 1311 1556 καί
1349 1522 1411 1572 γε
1450 1507 1541 1558 ἐπὶ
1564 1506 1688 1569 τοὺς

102 1595 323 1656 δούλους
355 1611 461 1661 μου
487 1593 583 1644 καὶ
608 1592 699 1644 ἐπὶ
726 1592 826 1655 τὰς
855 1592 1047 1657 δούλας
1079 1612 1180 1663 μου
1208 1598 1264 1648 ἐν
1304 1600 1423 1659 ταῖς
1452 1598 1687 1667 ἡμέραις

105 1686 347 1747 ἐκείναις
372 1684 552 1753 ἐκχεῶ
580 1684 685 1735 ἀπὸ
707 1682 803 1736 τοῦ
836 1685 1150 1755 Πνεύματός
1181 1705 1303 1757 μου,
1352 1689 1445 1741 καὶ
1474 1706 1686 1759 προφη-

101 1777 385 1829 τεύσουσι·
418 1776 514 1827 καὶ
545 1774 700 1827 δώσω
744 1774 946 1845 τέρατα
989 1778 1047 1829 ἐν
1094 1776 1173 1846 τῷ
1202 1777 1416 1849 οὐρανῷ
1464 1780 1557 1831 καὶ
1592 1777 1684 1832 ἐπὶ

99 1869 195 1937 τῆς
235 1866 367 1935 γῆς,
404 1860 547 1935 αἷμα
570 1865 664 1918 καὶ
695 1864 807 1935 πῦρ
840 1866 935 1919 καὶ
968 1868 1170 1937 ἀτμίδα
1202 1867 1411 1923 καπνοῦ
1430 1885 1447 1901 ·
1474 1870 1502 1921 ὁ
1533 1870 1678 1939 ἥλιος

104 1958 617 2028 μεταστραφήσεται
647 1958 725 2020 εἰς
754 1958 961 2021 σκότος,
995 1960 1088 2011 καὶ
1118 1960 1151 2029 ή
1185 1959 1381 2030 σελήνη
1412 1962 1492 2024 εἰς
1521 1958 1679 2030 αἷμα,

100 2048 231 2119 πρὶν
277 2047 457 2101 ἐλθεῖν
490 2046 589 2117 τὴν
633 2048 847 2117 ἡμέραν
900 2049 1105 2119 Κυρίου
1152 2050 1250 2120 τὴν
1297 2051 1537 2120 μεγάλην
1588 2052 1682 2105 καὶ

100 2138 344 2208 ἐπιφανῆ
367 2155 380 2168 ·
410 2139 504 2193 καὶ
526 2138 675 2190 ἐσται
700 2140 809 2201 πᾶς
830 2138 888 2203 ὃς
912 2139 977 2191 ἂν
1008 2141 1400 2211 ἐπικαλέσηται
1430 2143 1491 2195 τὸ
1514 2142 1682 2212 ὄνομα

100 2231 332 2301 Κυρξω,
368 2228 675 2299 σωθήσεται
702 2244 716 2258 ·
749 2231 828 2282 ὅτι
867 2231 924 2281 ἐν
955 2230 1033 2300 τῷ
1070 2232 1186 2301 ὄρει
1218 2231 1355 2286 Σιὼν
1380 2235 1472 2287 καὶ¹
1494 2236 1551 2286 ἐν
1586 2235 1680 2286 Ἱε-

103 2321 391 2391 ρουσαλὴμ
419 2320 572 2372 ἔσται
602 2320 1037 2390 ἀνασωζόμενος,
1070 2322 1258 2375 καθότι
1287 2317 1408 2375 εἶπε
1442 2323 1644 2394 Κύριος
1662 2341 1675 2353 ·

100 2413 189 2463 καὶ
226 2409 714 2479 εὐαγγελιζόμενοι
767 2411 861 2474 οὓς
913 2412 1116 2481 Κύριος
1174 2413 1604 2483 προσκέκληται.
1657 2432 1674 2466 ν

98 2503 330 2572 Παρέξω
366 2502 432 2571 δὴ
473 2503 643 2565 πᾶσι,
697 2503 848 2569 φησι,
895 2504 1156 2555 πλουσίαν
1209 2504 1303 2575 τήν
1352 2504 1679 2575 κηδεμονίαν

94 2595 187 2663 τὴν
218 2595 371 2663 ἐμήν
390 2608 403 2621 ·
434 2591 591 2645 τοῦτο
619 2593 727 2662 γὰρ
755 2593 900 2661 λέγει
922 2594 980 2646 τὸ
1010 2614 1027 2645 ι
1057 2594 1231 2665 ἐκχεῶ
1254 2595 1362 2647 ἀπὸ
1388 2595 1480 2649 τοῦ
1510 2596 1680 2649 Πνεῦ-

96 2684 264 2750 ματός
306 2700 413 2749 μου
434 2700 448 2713 ·
490 2701 509 2733 ι
553 2682 662 2734 τῶν
678 2683 768 2736 ἐπὶ
789 2684 885 2754 τῆς
904 2681 1144 2749 Παλαιᾶς
1162 2684 1431 2755 Διαθήκης
1454 2686 1679 2756 Πνεῦμα

96 2775 189 2840 μὲν
220 2773 387 2840 ἅγιον
415 2771 697 2840 μοναδικὸν
726 2773 782 2824 ἐν
810 2773 1103 2825 ὑποστάσει
1128 2776 1548 2845 κεχωρισμένως
1570 2775 1679 2829 τῶν

93 2864 322 2923 λοιπῶν,
347 2861 484 2914 Θεοῦ
508 2879 566 2914 τε
588 2861 646 2915 ὃν
668 2863 762 2914 καὶ
784 2863 848 2914 ἐκ
868 2862 1001 2915 Θεοῦ
1031 2864 1129 2916 οὐκ
1150 2864 1522 2934 ἐπισταμένων
1541 2866 1587 2935 (i
1602 2866 1674 2934 7)·

1861 1146 2026 1201 Vens.
2054 1149 2243 1203 28-52.
2271 1182 2337 1192 -
2372 1171 2389 1201 ι
2414 1153 2477 1205 Et
2501 1156 2606 1207 erit
2638 1165 2759 1223 post
2793 1157 2942 1210 haec:
2982 1157 3271 1214 Effundam
3301 1161 3373 1219 de

1790 1238 1993 1307 Spiritu
2020 1256 2139 1295 meo
2162 1256 2328 1312 super
2348 1258 2562 1298 omnem
2589 1260 2809 1300 carnem
2833 1266 2849 1312 ;
2881 1255 2933 1302 et
2958 1253 3367 1319 prophetabunt

1786 1329 1881 1382 lilii
1938 1332 2105 1385 vestri
2154 1340 2207 1387 et
2259 1332 2381 1387 ﬁliae
2431 1345 2659 1389 vestrae:
2722 1353 2881 1393 senes
2936 1344 3098 1395 veStri
3150 1347 3363 1398 somnia

1793 1411 2170 1479 somniabunt,
2193 1425 2247 1469 et
2261 1415 2489 1483 juvenes
2507 1421 2673 1474 vestri
2696 1421 2937 1478 visiones
2955 1425 3235 1481 videbunt.
3255 1426 3361 1485 Sed

1790 1509 1843 1553 et
1866 1515 2032 1570 super
2063 1518 2254 1559 servos
2277 1520 2428 1561 mens
2448 1518 2501 1563 et
2526 1512 2758 1567 ancillas
2786 1529 2934 1570 meas
2960 1517 3012 1569 in
3032 1516 3226 1573 diebus
3254 1522 3360 1578 illis

1789 1589 2061 1647 effundam
2096 1595 2161 1649 de
2198 1595 2400 1665 Spiritu
2450 1616 2588 1667 meo,
2617 1611 2669 1654 et
2691 1606 3194 1674 prophetabunt.Et
3220 1613 3360 1668 dabo

1790 1683 2037 1752 prodigia
2089 1685 2143 1739 in
2176 1689 2317 1741 ccelo
2366 1696 2420 1744 et
2461 1707 2624 1760 super
2673 1703 2893 1760 terram,
2938 1702 3260 1770 sanguinem
3304 1715 3358 1758 et

1787 1772 1967 1842 ignem
1992 1783 2045 1829 et
2075 1791 2328 1846 vaporem
2362 1779 2519 1836 fumi.
2540 1780 2632 1835 Sol
2656 1796 3005 1841 convertetur
3027 1792 3079 1842 in
3106 1794 3357 1849 tenebras

1785 1873 1840 1921 et
1862 1866 2061 1921 lunain
2100 1871 2752 1943 sanguinem,antequam
2796 1878 2974 1931 veniat
3005 1881 3119 1933 dies
3144 1882 3354 1938 Domini

1786 1971 2017 2026 magnus
2046 1965 2100 2011 et
2130 1960 2382 2014 illustris.
2416 1961 2479 2015 Et
2502 1964 2606 2017 erit
2638 1984 2650 2019 :
2679 1969 2858 2022 omnis
2892 1971 2983 2039 qui
3020 1971 3355 2028 invocaverit

1784 2061 1979 2101 nomen
2012 2046 2247 2115 Domini,
2281 2053 2611 2119 salvabitur;
2642 2058 2769 2124 quia
2806 2058 2858 2111 in
2903 2069 3085 2115 monte
3108 2062 3145 2114 S
3168 2080 3270 2119 one
3299 2073 3353 2118 et

1782 2136 1836 2189 in
1873 2136 2209 2192 Hierusalem
2246 2143 2428 2195 salvus
2463 2144 2588 2209 erit,
2625 2148 2766 2200 sicut
2800 2148 2935 2202 dixit
2958 2148 3261 2208 Dominus:
3297 2164 3350 2209 et

1780 2227 2134 2297 evangelizati
2176 2245 2315 2298 quos
2359 2230 2622 2288 Dominus
2661 2240 2959 2292 vocaverit.
3015 2259 3033 2289 ›
3072 2240 3349 2298 Prasstaho

1780 2317 2015 2382 cunctis,
2050 2317 2245 2387 inquit,
2273 2321 2505 2390 amplam
2538 2330 2760 2380 tutelam
2784 2342 2992 2384 meam:
3023 2330 3075 2384 id
3092 2336 3234 2386 enim
3263 2336 3352 2390 de-

1780 2415 1969 2461 notant
1990 2410 2175 2473 verba,
2210 2429 2227 2460 ι
2259 2413 2533 2467 elfundam
2569 2417 2634 2470 de
2658 2416 2865 2487 Spiritu
2886 2437 3026 2477 meo.
3054 2441 3075 2475 ι
3110 2425 3349 2479 Caetero-

1777 2498 1871 2567 qui
1901 2499 2010 2570 83
2040 2500 2142 2555 sub
2166 2499 2361 2558 Vetere
2390 2503 2740 2562 Testamento
2761 2512 3077 2566 nesciebant
3099 2514 3348 2570 homines

1783 2586 2052 2657 Spiritum
2105 2584 2356 2646 sanctum
2394 2592 2449 2646 in
2499 2610 2730 2663 persona
2780 2599 2995 2666 pr0pria
3033 2600 3351 2653 distinctum

1783 2695 1812 2734 a
1841 2682 2076 2745 caeteris,
2121 2680 2213 2736 Dei
2247 2682 2537 2753 Spiritum,
2580 2693 2634 2739 et
2670 2701 2737 2740 ex
2772 2686 2915 2742 Deo:
2963 2692 3055 2743 sed
3089 2690 3351 2760 Spiritum

1780 2772 1895 2837 Dei,
1961 2782 2014 2826 et
2073 2770 2339 2841 Spiritum
2403 2783 2679 2838 sanctum,
2735 2786 2789 2831 et
2840 2779 3000 2833 aliam
3056 2782 3353 2849 quamlibet

1780 2860 2094 2929 hujusmodi
2127 2863 2567 2931 appellationem,
2608 2880 2706 2934 pro
2737 2864 2830 2919 Dei
2867 2868 3043 2936 gratia
3086 2879 3134 2922 el
3170 2872 3352 2939 provi-

94 2954 322 3021 Πνεῦμα
356 2954 509 3020 ᾰγιον
546 2952 635 3005 καὶ
662 2954 770 3005 πᾶν
802 2953 829 3005 ὅ
856 2971 906 3006 τι
942 2954 1003 3023 δή
1038 2971 1166 3007 ποτε
1196 2956 1424 3018 τοιοῦτο,
1456 2956 1551 3027 τήν
1585 2957 1679 3027 χά-

1785 2952 1961 3007 dentia
1980 2960 2142 3021 atque
2164 2953 2360 3007 ali'ectu
2392 2955 2766 3024 accipiebant:
2800 2956 2946 3012 sicut
2969 2960 3205 3013 animam
3227 2976 3350 3015 cum

95 3062 173 3111 ριν
211 3041 389 3095 αὐτοῦ
420 3043 514 3093 καὶ
557 3042 654 3111 τὴν
682 3043 1005 3111 κηδεμονίαν
1047 3044 1140 3096 καὶ
1184 3043 1281 3114 τήν
1312 3045 1545 3098 διάθεσιν
1577 3064 1675 3099 κα-

92 3134 355 3186 λούντων·
384 3134 460 3194 ὼς
486 3132 580 3185 καὶ
604 3132 777 3200 ψυχὴν
796 3133 870 3184 ὅτ’
895 3134 959 3185 ἂν
986 3134 1077 3185 ἐπὶ
1103 3133 1237 3185 Θεοῦ
1267 3134 1420 3205 λέγῃ,
1447 3137 1521 3205 (p.
1550 3136 1672 3205 126)

98 3242 115 3272 ι
155 3223 269 3285 Τὰς
313 3223 606 3293 νεομηνίας
639 3221 789 3291 ὑμῶν
828 3222 920 3275 καὶ¹
949 3222 1018 3274 τὰ
1060 3223 1303 3276 σάϐϐατα
1328 3224 1479 3293 ὑμῶν
1532 3228 1677 3295 μισεῖ

93 3313 121 3379 ἡ
148 3314 301 3382 ψυχή
340 3330 443 3381 μου
465 3329 477 3341 ·
515 3330 532 3361 ι
560 3311 655 3381 τήν
686 3309 923 3363 διάθεσιν
958 3312 1063 3382 γὰρ
1093 3311 1239 3379 λέγει
1262 3313 1385 3366 καθ’
1410 3314 1475 3383 ἣν
1499 3314 1674 3383 ἐμίσει

90 3406 184 3468 τὰς
211 3406 419 3475 ἑορτάς
438 3422 451 3434 ·
478 3404 715 3456 τοιοῦτόν
752 3405 896 3466 ἐστι,
935 3422 951 3454 ι
991 3404 1064 3455 Τὸ
1090 3403 1314 3474 Πνεῦμά
1340 3423 1432 3458 σου
1454 3407 1515 3458 τὸ
1536 3408 1676 3474 ἀγα-

92 3494 180 3547 θὸν
210 3495 479 3564 ὁδηγήπι
510 3511 574 3562 με
601 3494 657 3544 ἐν
685 3496 754 3563 γῇ
783 3492 999 3563 εὐθείᾳ·
1047 3512 1064 3544 ι
1098 3494 1392 3563 κηδόμενος
1416 3496 1522 3565 γάρ
1551 3511 1673 3564 μου,

93 3582 243 3652 φησὶ,
277 3581 373 3634 διὰ
400 3580 598 3650 πολλὴν
625 3580 935 3648 ἀγαθότητα
968 3580 1224 3650 παρέξεις
1261 3579 1465 3633 ταῦτα·
1502 3581 1676 3634 τοιοῦ⁴

91 3674 179 3725 τόν
213 3674 342 3724 ἐστι
386 3671 471 3732 τὸ,
514 3688 532 3720 ι
580 3670 807 3738 Πνεῦμά
851 3687 944 3722 σου
978 3670 1039 3722 τὸ
1068 3671 1221 3737 ἅγιον
1270 3671 1345 3739 μὴ
1382 3671 1676 3742 ἀντανέλῃς

94 3764 184 3814 ἀπ’
224 3761 401 3832 ἐμοῦ·
441 3779 459 3811 ι
494 3761 580 3812 ἵνα
618 3762 767 3832 εἴπῃ,
802 3760 913 3829 Τὴν
944 3760 1072 3829 περί
1113 3759 1214 3829 ἐμὲ
1247 3760 1570 3830 κηδεμονίαν
1601 3763 1676 3833 μὴ

95 3851 303 3920 ἀφέλῃς
326 3863 342 3877 ·
370 3850 466 3901 καὶ
492 3849 593 3901 ὅσα
626 3847 870 3913 τοιαῦτα,
898 3849 983 3899 ἵνα
1017 3849 1089 3918 μή
1121 3849 1451 3919 μηκύνωμεν
1483 3851 1562 3912 εἰς
1588 3851 1678 3903 οὐ-

99 3940 183 3992 δὲν
216 3942 342 3993 δέον
368 3940 467 4009 τὴν
495 3940 716 4009 Γραφήν
743 3957 756 3970 ·
788 3938 997 3991 τοιοῦτο
1021 3939 1082 4009 δή
1110 3956 1160 3991 τι
1186 3938 1466 3992 κάνταῦθά
1492 3957 1674 4010 φησιν,

100 4030 180 4083 ὅτι
200 4034 369 4087 Οῦτω
389 4031 651 4083 πλουσίαν
674 4030 795 4083 τότε
826 4030 922 4100 τὴν
945 4030 1266 4101 κηδεμονίαν
1301 4031 1428 4100 ὑμῖν
1457 4032 1678 4102 παρέξω

98 4124 193 4191 τὴν
228 4122 374 4193 ἐμὴν
396 4161 411 4184 ,
440 4120 579 4174 ὥστε
621 4121 865 4184 ἅπαντας
897 4120 1253 4190 ἀξιουμένους
1290 4122 1563 4175 όπτασιῶν
1591 4122 1678 4175 δύ-

99 4211 291 4264 νασθαί
329 4229 378 4263 τι
402 4211 496 4263 καὶ
524 4211 652 4277 περὶ⁸
679 4209 785 4262 τῶν
815 4210 1084 4278 ἐσομένων
1115 4210 1365 4279 μηνύειν·
1393 4210 1478 4279 ἐφ’
1507 4211 1677 4264 άπασι

1781 3056 1845 3097 ea
1883 3042 1949 3096 de
1982 3041 2090 3097 Deo
2123 3043 2365 3107 dicitur;
2415 3044 2605 3107 veluti,
2648 3044 3013 3099 «Neomenias
3058 3056 3268 3103 vestras
3299 3057 3354 3102 et
3439 3030 3450 3040 ’

1782 3132 2008 3186 sabbata
2037 3140 2217 3185 vestra
2258 3132 2371 3186 odit
2409 3134 2588 3186 anima
2632 3124 2840 3196 mea“;
2876 3153 2894 3184 ι
2934 3136 3180 3189 videlicet
3214 3138 3354 3207 (ani-

1781 3220 1948 3292 mam)
1997 3235 2097 3289 pro
2143 3219 2337 3275 alTectu
2390 3221 2543 3283 dicit,
2585 3237 2692 3290 quo
2736 3222 3110 3279 solemnitates
3142 3226 3350 3283 oderat.
3422 3276 3425 3279 ,

1781 3309 1910 3364 Tale
1938 3318 2095 3366 estet
2127 3310 2290 3364 illud:
2333 3329 2350 3361 ι
2375 3310 2614 3380 Spiritus
2644 3318 2773 3366 tuus
2802 3313 2975 3366 bonus
3008 3313 3238 3368 deducet
3266 3330 3354 3368 me

1782 3400 1836 3453 in
1877 3408 2077 3455 terram
2120 3410 2324 3455 rectam
2344 3405 2424 3469 ’·²;
2450 3421 2467 3452 ι
2507 3416 2692 3455 curam
2736 3403 2933 3471 quippe
2982 3404 3087 3458 mei
3134 3419 3352 3474 gerens,

1781 3491 1978 3559 inquit,
2031 3504 2155 3545 cum
2205 3493 2448 3547 bonitate
2496 3493 2662 3546 multa
2720 3493 2850 3545 mihi
2902 3494 3015 3547 haec
3061 3496 3349 3563 praebebis.

1782 3580 1910 3635 Item
1961 3581 2121 3634 illud:
2185 3581 2486 3652 «Spiritum
2536 3590 2784 3636 sanctum
2827 3592 2979 3636 tuum
3022 3598 3092 3637 ne
3134 3585 3354 3641 auferas

1782 3685 1813 3723 a
1850 3670 2019 3725 me":
2045 3689 2064 3723 ι
2108 3671 2161 3725 id
2189 3681 2292 3732 est,
2326 3686 2394 3725 ne
2436 3678 2582 3724 tuam
2618 3686 2646 3723 a
2681 3686 2767 3725 me
2791 3670 3185 3739 providentiam
3219 3675 3354 3727 sub-

1782 3777 2041 3817 moveas:
2099 3771 2153 3817 et
2184 3768 2453 3831 quotquot
2494 3772 2623 3813 sunt
2665 3761 2969 3815 locutiones
2997 3761 3308 3830 hujusmodi
3334 3805 3350 3830 ,

1784 3866 1852 3905 ne
1874 3850 2137 3920 scriptum
2173 3858 2420 3903 nostrum
2448 3847 2652 3916 absque
2680 3848 2786 3901 ulla
2810 3848 3043 3903 utilitate
3074 3847 3349 3918 produca-

1782 3957 1925 3996 mus.
1960 3941 2051 3995 Sic
2079 3943 2241 3996 etiam
2286 3940 2390 3994 hoc
2433 3942 2554 3995 loco
2600 3939 2708 3993 ait:
2760 3937 2894 3992 Tam
2925 3940 3156 4009 amplam
3194 3941 3353 3998 vobis

1783 4032 2052 4086 exhibebo
2093 4033 2314 4086 tutelam
2350 4047 2547 4096 meam,
2596 4038 2656 4084 ut
2683 4044 2873 4085 omnes
2908 4030 3179 4085 visionum
3221 4032 3352 4088 facti

1783 4130 2085 4191 compotes,
2105 4124 2410 4193 signiﬁcare
2428 4121 2636 4192 aliquid
2651 4121 2716 4177 de
2731 4122 2894 4177 rebus
2910 4120 3114 4179 futuris
3125 4133 3349 4194 queant.

1784 4212 1988 4267 Praeter
2018 4214 2131 4267 haec
2162 4215 2344 4267 omnia
2386 4229 2537 4277 vero,
2591 4214 2645 4267 in
2690 4214 2832 4267 caelo
2875 4223 2928 4267 et
2961 4228 3126 4283 super
3152 4225 3349 4270 terram

98 4303 151 4355 δὲ
184 4304 244 4355 ὲν
282 4301 505 4373 οὐρανῷ
549 4318 607 4352 τε
641 4301 735 4353 καὶ
773 4301 864 4353 ἐπὶ
898 4300 999 4370 γῆς
1025 4300 1327 4369 ἐργάσομαι
1366 4300 1676 4370 θαυμαστά,

1785 4303 2051 4357 mirabilia
2106 4303 2325 4366 faciam,
2362 4305 2585 4356 nmltam
2618 4303 2854 4357 hostium
2906 4304 3237 4360 occisionem
3288 4320 3352 4360 ac

100 4395 258 4461 φόνον
300 4394 474 4445 πολὺν
500 4392 609 4444 τῶν
640 4390 915 4454 ἐναντίων,
946 4391 1045 4461 τήν
1069 4407 1129 4442 τε
1156 4391 1273 4442 κατ’
1306 4392 1483 4443 αὐτῶν
1514 4408 1685 4462 τιμω-

100 4484 241 4553 ρίαν,
271 4485 373 4537 καὶ
411 4483 473 4553 δὴ
500 4483 594 4535 καὶ
631 4482 832 4553 ἀτμίδα
863 4481 1071 4534 καπνοῦ
1102 4481 1200 4552 τὴν
1229 4480 1375 4534 θείαν
1406 4481 1684 4552 ὐπεμφαί-

98 4591 297 4627 νουσαν
354 4575 560 4644 ὀργήν·
619 4571 1117 4642 μεταϐληθήσονται
1174 4572 1231 4625 δὲ
1270 4572 1361 4625 καὶ
1402 4572 1554 4641 ἥλιος
1602 4573 1683 4634 εἰς

98 4666 291 4729 σκότος
333 4664 426 4716 καὶ
466 4666 498 4734 ἠ
539 4663 735 4733 σελήνη
765 4666 845 4725 εἰς
881 4657 1018 4732 αἷμα
1056 4663 1198 4715 κατά
1237 4662 1333 4732 τὴν
1362 4663 1469 4714 τῶν
1508 4662 1680 4734 ὁρών-

95 4775 201 4809 των
230 4755 520 4809 ὑπόνοιαν·
552 4754 620 4825 ἥν
660 4753 750 4805 διὰ
785 4752 846 4805 τὸ
879 4752 1111 4823 μέγεθος
1145 4751 1252 4804 τῶν
1284 4752 1678 4822 ἐπιγινομένων

98 4850 282 4910 αὐτοῖς
330 4845 659 4915 ὑπομένουσι
699 4842 917 4896 κακῶν·
952 4845 1047 4896 καὶ
1077 4842 1247 4895 ταῦτα
1285 4841 1348 4913 δὴ
1387 4845 1677 4912 γενήσεται

99 4940 204 5008 προ
230 4937 336 5005 τῆς
364 4935 580 5006 ἡμέρας
620 4933 870 5003 ἐκείνης,
909 4932 978 5003 ἢν
1018 4933 1256 5005 ἐπιφανῆ
1294 4933 1381 4987 διὰ
1423 4933 1523 5003 τῆς
1564 4933 1676 4987 τῶν

167 5074 213 5101 ⁵⁸
248 5069 356 5125 lsa.
389 5085 430 5131 ι,
464 5069 555 5123 14.
629 5068 675 5100 ⁸⁸
703 5066 850 5123 Psal.
876 5082 1043 5132 cstn,
1083 5067 1171 5122 10.
1243 5069 1290 5101 η
1322 5066 1468 5124 Psal.
1507 5082 1562 5133 L,
1598 5068 1684 5124 15.

170 5226 289 5295 (l7)
329 5226 610 5281 Audacius
653 5224 835 5295 dicere
885 5223 988 5278 hoc
1020 5223 1236 5279 videtur
1264 5224 1679 5295 Mopsuestenus

98 5297 167 5350 de
193 5296 402 5365 Spiritu
434 5305 650 5357 sancto,
678 5294 838 5365 quasi
864 5296 1050 5363 ignoto
1081 5310 1304 5363 prorsus
1328 5294 1545 5349 cunctis
1575 5296 1680 5351 sub

102 5367 217 5434 lege
238 5364 465 5435 ’Moysis
504 5364 852 5435 horninibus;
885 5379 1197 5435 quanquam
1238 5380 1296 5418 se
1327 5365 1679 5435 aliquatenus

104 5431 227 5487 mox
258 5431 506 5503 corrigit,
551 5434 717 5487 citata
754 5431 914 5503 Petri
941 5432 1173 5501 apostoli
1217 5431 1503 5487 concione.
1540 5434 1680 5487 Con-

103 5502 423 5557 troversiam
456 5507 597 5557 hanc
623 5502 983 5571 theologicam
1025 5503 1162 5554 mira
1178 5503 1500 5571 eruditione
1524 5517 1677 5557 more

106 5587 204 5627 suo
244 5580 537 5642 pertractat
570 5569 830 5629 sununus
865 5569 1118 5629 Petavius
1161 5569 1240 5628 De
1280 5569 1540 5629 Trinitate
1576 5572 1670 5630 lib.

1782 4394 2156 4464 punitionem:
2213 4395 2323 4449 imo
2369 4403 2424 4449 et
2474 4396 2604 4449 fumi
2638 4410 2916 4465 vaporem,
2966 4398 3058 4467 qui
3110 4398 3351 4453 divinam

1778 4484 2089 4554 praefigunt
2134 4486 2290 4539 iram.
2328 4484 2622 4541 Vertentur
2654 4497 2835 4542 autem
2870 4488 2952 4542 sol
2986 4487 3039 4541 in
3069 4489 3349 4554 tenebras,

1778 4582 1832 4628 et
1860 4574 1985 4628 luna
2020 4576 2075 4628 in
2121 4576 2464 4645 sanguinem,
2497 4575 2652 4643 juxta
2702 4578 3065 4646 spectantium
3118 4579 3351 4650 phanta-

1780 4665 1939 4728 siam,
1990 4679 2153 4735 quam
2191 4667 2264 4721 ob
2307 4666 2573 4720 malorum
2622 4669 2940 4738 gravitatem
2974 4670 3347 4739 experientur.

1775 4756 1954 4825 Atque
1982 4757 2098 4811 hzec
2130 4759 2381 4813 evenient
2403 4768 2528 4814 ante
2553 4759 2695 4814 diem
2721 4760 2895 4824 illum,
2923 4777 3083 4830 quem
3108 4761 3349 4819 hostium

1776 4850 2061 4918 punitione
2095 4850 2282 4906 reddet
2314 4851 2604 4907 illustrem.
2642 4852 2788 4906 Inter
2812 4867 2935 4922 qua:
2964 4855 3167 4918 omnia,
3217 4871 3353 4911 con-

1784 4948 2081 5011 sequentur
2128 4949 2311 4997 tamen
2358 4942 2589 4998 salutem
2637 4941 2692 4996 hi
2736 4941 2830 5012 qui
2858 4942 3104 5005 divinum
3148 4959 3351 5002 nomen

1782 5241 1847 5292 ll,
1880 5228 1931 5279 7.
1959 5226 2193 5281 Prolatis
2222 5226 2277 5279 in
2305 5225 2540 5280 medium
2566 5224 2790 5279 Patrum
2821 5226 3076 5295 plurimis
3116 5227 3357 5282 testimo-

1779 5299 1906 5353 niis.
1947 5297 2146 5364 quibus
2192 5295 2473 5366 addendus
2522 5296 2736 5366 videtur
2784 5295 3265 5366 etiafmiglosephus
3299 5296 3355 5352 in

1783 5363 2187 5436 Hypomnestico
2240 5365 2331 5436 Iih.
2382 5381 2442 5436 ιι,
2476 5379 2601 5432 cap.
2637 5364 2704 5417 66
2745 5363 2921 5436 et‘67.
2966 5364 3080 5420 Nos
3125 5363 3251 5419 vero
3287 5368 3357 5436 de

1776 5432 1877 5489 ha'c
1908 5452 1964 5489 re
2012 5435 2206 5488 iterum
2250 5433 2446 5503 dicturi
2478 5448 2668 5503 sumus
2698 5432 2765 5485 ad
2801 5432 3059 5503 Aggaeum
3085 5443 3247 5503 atquc
3286 5434 3355 5487 ad

1777 5502 2129 5563 Zachariam,
2164 5503 2253 5555 ubi
2296 5500 2608 5557 liberiorem
2646 5502 2785 5558 hanc
2820 5500 3351 5560 sententiatn'suam

1776 5572 2189 5643 Mopsucstenus
2221 5580 2445 5642 repetet.
