3824 6224
457 208 556 263 251

1605 210 1953 267 THEODORI
1992 209 2473 269 MOPSUESTENI

3590 220 3695 260 91-)

3592 251 3696 276 όυῦ

453 318 860 384 invocaverint,
893 322 984 390 qui
1012 329 1066 374 et
1123 321 1176 375 in
1206 330 1451 376 montem
1483 321 1704 376 Sionem
1751 337 1815 376 ac
1868 320 2018 376 Jeru'

2133 323 2388 376 ἐναντίων
2424 325 2711 392 ἐργάσεται
2735 326 3027 396 τιμωρίας·
3053 329 3110 380 ἐν
3131 323 3210 390 οἷς
3231 329 3399 382 ἅπασι
3421 328 3697 396 τεύξονται

453 411 622 466 salem
673 413 968 466 ascenderit
1019 413 1356 468 incolumes:
1416 414 1853 483 quandoquidem
1901 413 2016 468 hmo

454 499 598 557 Deus
629 502 902 570 promisit,
934 510 987 556 et
1009 503 1250 557 nuntiari
1280 505 1554 558 concessit
1584 505 1714 567 illis,
1751 512 2017 574 quotquot

455 591 522 645 ad
571 591 717 644 hunc
763 592 995 646 reditum
1049 595 1284 648 vocavit.
1339 594 1516 663 Atque
1566 594 1655 650 hic
1693 604 1778 650 est
1825 595 2016 650 obvius

455 679 746 736 locutionis
777 682 938 751 hujus
964 697 1179 738 sensus.

524 946 718 1018 “At
750 948 895 1002 enim
921 949 1112 1002 beatus
1135 948 1330 1004 Petrus
1358 965 1478 1005 eam
1514 950 1763 1006 adhibuit
1788 950 2004 1008 Judaeos

456 1038 815 1108 alloquens“,
847 1039 914 1093 de
946 1041 1121 1094 sancti
1162 1042 1399 1110 Spiritus
1453 1042 1744 1107 descensu,
1773 1043 1898 1111 jure
1923 1044 2019 1097 ad-

454 1129 709 1196 modum;
753 1145 988 1198 namque
1009 1130 1200 1184 umbra
1223 1130 1533 1184 futurarum
1566 1131 1810 1184 omnium
1833 1148 2015 1185 rerum

453 1219 539 1273 lex
574 1219 674 1272 fuit
705 1237 718 1273 1
745 1226 856 1273 tum
898 1226 951 1273 et
1006 1221 1237 1289 p0pnlus
1285 1219 1378 1273 Dei
1431 1221 1770 1290 providentia
1819 1222 2018 1292 dignus

455 1307 774 1370 habebatur,
826 1315 1049 1377 propter
1091 1316 1387 1361 eventuum
1435 1311 1902 1379 exspectationem
1962 1312 2018 1364 in

452 1397 653 1452 Christi
682 1397 895 1452 Domini
921 1399 1182 1453 adventu.
1213 1397 1495 1469 Erantque
1524 1416 1612 1455 res
1645 1403 1862 1471 quidem
1894 1403 2019 1455 illo-

453 1505 574 1543 rum
603 1504 794 1544 omnes
829 1491 1058 1561 exiguae,
1107 1499 1162 1544 et
1190 1497 1448 1560 tanquam
1483 1491 1535 1544 in
1590 1493 1780 1546 umbra
1807 1493 2022 1547 contin-

453 1587 662 1650 gentes,
702 1580 838 1634 adeo
868 1580 1097 1649 utquod
1137 1582 1203 1635 ad
1241 1581 1364 1636 illos
1398 1583 1614 1644 attinet,
1671 1583 2020 1653 hyperbolice

452 1673 637 1743 potius
688 1672 832 1726 dicta
890 1673 1112 1739 fuerint,
1167 1688 1331 1742 quam
1382 1688 1440 1728 re
1474 1674 1592 1743 ipsa
1624 1689 1684 1728 se
1712 1650 2016 1730 haberent.
2053 1650 2092 1704 Β

456 1761 564 1824 Sed
611 1761 884 1815 dictorum
949 1764 1231 1816 veritatem
1290 1764 1494 1817 exitum
1540 1780 1699 1819 suum
1760 1767 2020 1822 habuisse

456 1863 794 1924 compertum
830 1862 914 1908 est
953 1854 1005 1907 in
1049 1855 1295 1919 Christo,
1353 1870 1462 1924 quo
1507 1865 1749 1926 tempore
1791 1861 2019 1928 grandia

454 1946 661 2006 omnia,
693 1952 746 2000 et
774 1954 981 1999 terrore
1008 1945 1187 2013 plena,
1235 1955 1471 2014 vereque
1510 1961 1650 2000 nova
1671 1956 1730 2002 et
1766 1949 2020 2020 inexspe-

455 2044 600 2090 ctata
629 2035 800 2098 fuere,
831 2043 884 2088 et
919 2035 1115 2088 mirum
1141 2043 1404 2103 quantum
1449 2039 1732 2105 superiora
1765 2039 1830 2094 iis
1899 2056 2018 2110 quaeI

455 2125 509 2178 in
537 2125 650 2192 lege
677 2123 818 2177 facta
863 2131 988 2176 sunt
1020 2141 1032 2176 :
1069 2123 1203 2177 adeo
1227 2132 1281 2175 ut
1314 2139 1402 2178 res
1445 2121 2017 2183 VeterisTestamenti

452 2216 756 2284 mnigmatis
787 2214 963 2268 locum
1012 2222 1267 2280 teneant;
1294 2216 1544 2271 veritatis
1576 2225 1780 2284 autem,
1831 2235 2016 2275 rerum

455 2306 556 2361 sub
580 2304 800 2358 Christo
830 2312 1073 2358 actarum
1107 2305 1445 2374 magnitudo.
1489 2305 1581 2362 Sic
1608 2308 1798 2364 beatus
1845 2309 2017 2366 David

453 2398 519 2450 de
549 2396 750 2466 populo
781 2395 936 2460 dicit,
971 2394 1116 2464 quod
1161 2396 1420 2450 derelicta
1476 2413 1584 2451 non
1631 2399 1796 2453 fuerit
1834 2403 2016 2456 anima

453 2486 571 2554 ejus
594 2486 646 2538 in
683 2484 919 2548 inferno,
952 2500 1125 2552 neque
1157 2499 1286 2538 caro
1321 2485 1564 2552 ejusdem
1599 2487 1791 2542 viderit
1818 2504 2019 2551 cornu-

453 2576 763 2646 ptionem"
800 2595 811 2628 :
844 2575 990 2644 quod
1053 2575 1108 2627 in
1170 2591 1350 2629 rerum
1399 2569 1591 2631 natura
1633 2581 1859 2650 cogitari
1906 2597 2016 2636 non

456 2673 679 2735 potest;
739 2666 836 2720 sed
897 2665 1271 2734 metaphorice
1317 2666 1433 2721 sive
1484 2667 1833 2737 hyperbolice
1883 2671 2018 2728 dicit

444 2765 704 2825 [ereptum
775 2755 946 2808 fuisse
999 2754 1245 2823 periculo
1300 2758 1690 2825 corruptionis.
1764 2761 2013 2815 Attamen

455 2845 726 2899 dictarum
778 2860 960 2898 rerum
1001 2844 1200 2897 veritas
1246 2844 1299 2897 in
1343 2845 1564 2899 Christo
1600 2846 1826 2902 Domino
1852 2865 2017 2919 appa-

455 2936 586 2999 ruit,
607 2933 766 3001 cujus
797 2947 973 3002 neque
999 2933 1194 2986 animae
1219 2933 1526 3003 derelinqui
1573 2937 1798 3006 contigit
1829 2939 1882 2991 in
1927 2941 2013 2993 in-

457 3025 632 3088 ferno,
667 3036 933 3080 revocata:
965 3024 1223 3077 nimirum
1260 3024 1314 3077 in
1357 3039 1556 3094 corpus
1582 3035 1802 3096 propter
1837 3045 2018 3084 resur-

457 3114 753 3168 rectionem
793 3130 806 3166 :
843 3127 1017 3181 neque
1045 3127 1245 3181 corpus
1274 3114 1682 3182 corruptionem
1727 3116 1888 3170 ullam
1921 3134 2020 3173 ex-

455 3212 670 3270 pertum
695 3210 780 3257 est
812 3221 826 3257 :
863 3203 939 3256 ita
973 3213 1166 3257 utnon
1198 3204 1374 3256 solum
1421 3207 1696 3274 propriam
1733 3209 2023 3264 retinuerit

459 3294 710 3362 ﬁguram,
739 3291 793 3345 in
820 3306 926 3360 qua
960 3301 1232 3346 mortuum
1257 3290 1456 3358 fuerat,
1488 3292 1585 3347 sed
1617 3295 1780 3348 etiam
1819 3297 1873 3350 in
1915 3299 2020 3352 im-

460 3379 744 3432 mortalem
804 3378 1381 3447 incorruptibilemque
1423 3391 1670 3436 naturam
1697 3387 2020 3442 translatum

457 3470 528 3522 sit
565 3488 577 3523 :
608 3469 682 3523 ita
739 3476 798 3522 ut
847 3477 1030 3523 vetera
1069 3469 1161 3521 illa
1196 3470 1308 3523 sint
1341 3471 1596 3540 aenigma,
1641 3475 1892 3532 Christus
1930 3493 2024 3532 au-

455 3568 563 3614 tem
611 3560 835 3615 veritas.
885 3558 1250 3624 Quamobrem
1305 3576 1369 3615 ea
1430 3563 1702 3620 locutione
1745 3582 1880 3622 usus
1935 3577 2022 3624 est

454 3651 616 3704 etiam
651 3651 840 3705 beatus
867 3649 1084 3724 Petrus,
1115 3651 1275 3719 quasi
1319 3651 1449 3706 olim
1480 3655 1700 3722 quidem
1719 3658 2018 3726 quamdam

455 3741 526 3794 ob
554 3755 774 3794 causam
823 3740 1196 3809 metaphorice
1229 3742 1376 3796 dicta
1429 3743 1614 3808 fuerit,
1665 3762 1810 3801 nunc
1839 3757 2020 3804 autem

455 3847 643 3886 verum
674 3832 880 3885 exitum
914 3834 968 3886 in
1016 3832 1152 3900 ipsis
1197 3835 1361 3887 rebus
1405 3845 1566 3889 nacta
1611 3838 1702 3903 sit,
1736 3847 1795 3892 ut
1851 3843 2023 3897 multo

456 3923 628 3992 magis
654 3929 897 3991 oporteat
938 3924 1301 3991 prtesentibus
1328 3925 1575 3994 credere,
1608 3943 1770 3998 quam
1799 3933 1929 3987 olim
1957 3950 2021 3990 ea

455 4028 544 4068 res
574 4011 923 4066 admirationi
957 4020 1096 4069 erat.

522 4113 662 4168 Cum
686 4129 814 4168 vero
849 4116 1016 4168 multa
1065 4115 1379 4185 huiusmodi
1423 4120 1477 4173 in
1512 4121 1693 4177 divina
1733 4126 2015 4200 Scriptura

455 4205 734 4272 ferantur,
787 4207 1076 4264 consimile
1132 4210 1236 4266 hoc
1295 4221 1515 4285 quoque
1563 4220 1854 4278 manifeste
1911 4209 2024 4282 est.-

453 4296 588 4351 Nam
625 4297 890 4355 Dominus
922 4298 1063 4355 Deus
1091 4304 1392 4358 secundum
1451 4315 1689 4363 veterem
1726 4323 2022 4370 consuetu-

453 4389 640 4444 dinem
672 4388 892 4446 Judwes
923 4394 1204 4462 propheta:
1236 4396 1346 4466 85
1386 4413 1482 4453 ore
1513 4400 1817 4471 alloquens,
1866 4422 2021 4463 suam

453 4478 671 4533 abunde
721 4481 1090 4549 pmstiturum
1139 4496 1331 4537 curam
1378 4485 1700 4553 allii-ritabat,
1720 4500 1775 4544 et
1812 4493 2020 4563 reliqua

452 4569 726 4639 quomodo
785 4577 943 4626 antea
979 4573 1397 4642 explanavimus
1445 4594 1458 4629 :
1505 4589 1804 4635 evenerunt
1839 4593 2018 4638 autem

452 4675 579 4715 vere
606 4661 789 4715 omnia
825 4661 880 4715 in
908 4661 1130 4717 Christo
1161 4662 1410 4731 Domino,
1440 4668 1567 4736 quia
1602 4678 1656 4724 et
1685 4672 1766 4725 sol
1797 4673 2023 4730 obtene-

454 4747 642 4801 hratus
669 4747 790 4813 fuit,
827 4756 882 4802 et
914 4749 1041 4802 luna
1085 4765 1209 4804 cum
1237 4753 1330 4806 illo
1362 4771 1375 4806 :
1407 4762 1460 4809 et
1496 4759 1717 4824 grandia
1769 4761 1821 4814 in
1859 4765 2020 4830 coelo,

453 4837 734 4906 multaque
767 4839 930 4893 etiam
968 4841 1022 4894 in
1051 4851 1194 4895 terra
1242 4845 1582 4899 exstiterunt
1627 4851 1871 4922 prodigia
1919 4872 1932 4907 :
1969 4866 2024 4911 et

454 4929 715 4982 salutaris
737 4931 962 4998 sanguis
993 4930 1200 4985 Christi
1233 4931 1621 4993 Dominivisus
1651 4949 1736 4993 est
1767 4960 1779 4994 :
1809 4951 1862 4995 et
1882 4944 2021 5013 ignis

455 5016 647 5086 ﬁgura,
668 5017 1012 5072 advenientis
1031 5019 1264 5088 Spiritus
1289 5025 1659 5091 operationem
1679 5029 2013 5099 signiﬁcans,

453 5107 540 5159 cui
573 5107 735 5160 etiam
768 5109 1047 5177 praecessit
1091 5110 1222 5163 l'umi
1255 5129 1442 5182 vapor,
1492 5116 1564 5170 ob
1610 5118 1756 5172 illam
1796 5132 2018 5190 porten-

453 5195 684 5249 dendam
732 5210 946 5264 pronam
991 5213 1113 5266 quae
1151 5201 1386 5257 audaces
1431 5206 1789 5264 cruciﬁxores
1831 5226 2032 5268 curre--

450 5296 612 5353 ptnra
633 5295 772 5340 erat.
807 5285 962 5340 Tunc
986 5303 1118 5342 sane
1135 5291 1604 5361 participaverunt
1622 5313 1814 5356 omnes
1837 5307 2018 5361 sancti

453 5375 691 5446 Spiritus
735 5377 984 5448 gratiam,
1037 5379 1205 5434 variis
1248 5395 1311 5436 ac
1365 5386 1551 5442 multis
1590 5389 2016 5456 charismatihus

520 5549 566 5584 “
593 5549 711 5609 Act.
744 5569 804 5626 ll,
833 5555 918 5612 16.
993 5558 1036 5591 ⁸⁸
1057 5557 1199 5616 Psal.
1234 5577 1322 5630 xv,
1363 5562 1449 5621 10.

2115 417 2213 484 τῆς
2259 416 2530 485 σωτηρίας
2565 416 2616 466 οἱ
2654 415 2752 486 τὴν
2795 417 3090 486 ὀνομασίαν
3135 420 3552 489 ἐπικαλούμενοι
3598 421 3697 490 τὴν

2115 505 2300 558 θείαν·
2335 507 2383 559 οἳ
2415 507 2506 559 καὶ
2541 507 2636 558 ἐπὶ
2672 507 2733 559 τὸ
2755 507 2885 577 ὅρος
2929 509 3067 561 Σιὼν
3109 510 3204 562 καὶ
3239 511 3332 562 ἐπὶ
3361 511 3456 581 τὴν
3497 511 3697 581 Ἰερου-

2118 599 2298 668 σαλὴμ
2327 597 2684 668 ἀναϐήσονται
2718 601 3084 669 σεσωσμένοι·
3109 601 3298 670 ἐπειδὴ
3326 602 3500 654 ταῦτα
3527 604 3698 671 ἐπηγ-

2115 689 2332 755 γείλατό
2361 705 2419 740 τε
2459 689 2612 750 Θεὸς,
2659 690 2751 741 καὶ
2798 691 3252 758 εὐαγγελίσασθαι
3286 692 3514 744 δέδωκεν
3551 693 3697 744 ἐκεί-

2116 791 2242 836 νοις,
2277 777 2349 843 (p.
2383 775 2504 843 1'27)
2529 775 2756 838 ὁπόσους
2782 779 2860 839 είς
2898 779 2996 846 τὴν
3019 779 3275 830 ἐπάνοδον
3312 780 3694 850 προσκέκληκε

2116 866 2338 935 ταύτην.
2366 867 2430 917 Ἦ
2457 868 2552 935 μὲν
2579 866 2642 936 δὴ
2669 867 2956 938 πρόχειρος
2983 870 3081 938 τῆς
3102 869 3304 936 λέξεως
3339 871 3514 923 ἔννοια
3534 871 3698 941 αὕτη.

2214 957 2272 1008 '0
2303 955 2356 1008 δέ
2390 973 2452 1023 γε
2497 956 2762 1026 μακάριος
2811 959 2947 1026 αὐτῇ
2995 959 3201 1028 Πέτρος
3250 962 3517 1031 ἐχρήσατο
3560 962 3699 1032 πρὸς

2129 1045 2413 1109 Ἰουδαίους
2443 1047 2821 1116 διαλεγόμενος
2849 1050 2939 1100 ἐπὶ
2964 1052 3030 1119 τῇ
3071 1048 3164 1102 τοῦ
3194 1052 3353 1119 ἁγίου
3385 1051 3701 1120 Πνεύματος

2135 1137 2371 1208 καθόδῳ,
2407 1139 2551 1208 μάλα
2583 1139 2837 1202 εἰκότως·
2873 1141 3058 1212 ἐπειδὴ
3102 1142 3258 1195 σκιὰν
3303 1143 3402 1214 μὲν
3445 1144 3701 1197 ἁπάντων

2131 1229 2238 1283 τῶν
2270 1230 2568 1298 μελλόντων
2607 1227 2749 1300 εἶχεν
2782 1233 2810 1283 ὁ
2839 1231 3002 1301 νόμος
3022 1247 3034 1259 ·
3079 1233 3402 1303 κηδεμονίας
3429 1233 3482 1286 δὲ
3514 1236 3542 1286 ὁ
3569 1233 3704 1296 λαῆς

2118 1319 2332 1387 ἠξιοῦτο
2344 1320 2428 1372 διὰ
2445 1321 2541 1390 τὴν
2563 1320 2670 1373 τῶν
2695 1322 3081 1392 φανησομένων
3100 1324 3423 1394 προσδοκίαν
3441 1326 3498 1377 ἐν
3515 1327 3582 1394 τῇ
3602 1323 3701 1377 τοῦ

2118 1411 2384 1464 Δεσπότου
2401 1411 2634 1482 Χριστοῦ
2654 1413 2941 1484 παρουσίᾳ”
2967 1415 3058 1465 καὶ
3074 1409 3140 1483 ἦν
3160 1414 3225 1466 τὰ
3246 1415 3342 1483 μὲν
3363 1416 3448 1467 ἐπ’
3469 1415 3701 1467 ἐκείνων

2125 1502 2295 1572 μικρὰ
2338 1503 2514 1556 πάντα
2541 1504 2635 1556 καὶ
2669 1503 2744 1566 ὼς
2778 1506 2834 1556 ἐν
2883 1505 3009 1573 σκιᾷ
3053 1505 3312 1574 γινόμενα
3337 1522 3352 1537 ο
3413 1505 3552 1557 ὥστε
3603 1506 3705 1557 καὶ

2127 1597 2502 1668 ὑπερϐολικῶς
2535 1598 2785 1669 είρῆσθαι
2819 1598 3017 1668 μᾶλλον
3042 1599 3074 1666 ἢ
3106 1599 3174 1650 τὰ
3202 1598 3501 1669 πράγματα
3529 1593 3702 1666 εἶχεν·

2124 1690 2157 1758 ἡ
2201 1689 2257 1741 δὲ
2297 1689 2406 1741 τῶν
2450 1690 2754 1759 εἰρημένων
2795 1689 3021 1758 ἀλήθεια
3056 1689 3153 1759 τὴν
3193 1689 3415 1742 ἔκϐασιν
3446 1689 3704 1756 ἐφαίνετο

2123 1779 2214 1831 ἐπί
2267 1778 2358 1831 τοῦ
2409 1781 2676 1832 Δεσπότου
2722 1779 3072 1848 λαμϐάνουσα
3115 1780 3359 1850 Χριστοῦ
3389 1819 3403 1841 ,
3459 1778 3704 1847 ὁπηνίκα

2125 1869 2299 1922 πάντα
2327 1865 2396 1939 ἦν
2431 1871 2640 1939 μεγάλα
2668 1871 2762 1922 καὶ
2801 1871 2965 1938 φόϐου
3020 1870 3213 1940 μεστὰ,
3259 1870 3421 1922 καινά
3442 1887 3502 1922 τε
3527 1870 3703 1933 ὅντως

2124 1959 2420 2030 παράδοξα,
2470 1961 2563 2013 καὶ
2611 1962 2860 2014 πλεῖστον
2911 1962 3036 2013 ὅσον
3089 1961 3479 2032 ὑπερϐαίνοντα
3525 1961 3596 2013 τά
3637 1963 3703 2014 ἐν

2123 2051 2272 2121 νόμῳ
2293 2053 2608 2122 γιγνόμενον
2639 2052 2715 2114 ὡς
2747 2053 3068 2121 αἰνίγματος
3101 2052 3200 2120 μὲν
3232 2051 3302 2103 τὰ
3340 2053 3430 2104 ἐπὶ
3449 2047 3551 2118 τῆς
3572 2051 3699 2104 Πα-

2123 2139 2280 2204 λαιᾶς
2303 2140 2577 2212 Διαθήκης
2591 2142 2743 2205 τάξιν
2775 2141 3008 2210 ἐπέχειν,
3042 2140 3300 2210 ἀληθείας
3335 2141 3390 2193 δὲ
3420 2137 3556 2192 εἶναι
3585 2139 3702 2193 τῶν

2124 2235 2213 2286 ἐπὶ
2263 2234 2356 2286 τοῦ
2403 2235 2670 2287 Δεσπότου
2706 2235 2942 2306 Χριστοῦ
2989 2234 3292 2304 γινομένων
3325 2234 3384 2286 τὸ
3425 2233 3697 2304 μέγεθος·

2122 2325 2292 2389 οὕτως
2333 2328 2361 2378 ό
2407 2327 2674 2396 μακάριος
2719 2327 2865 2394 λέγει
2913 2326 3071 2382 Δαυῒδ
3103 2327 3348 2397 περὶτοῦ
3399 2325 3565 2387 λαοῦ,
3612 2326 3703 2378 ὅτι

2119 2417 2239 2469 Οὐκ
2260 2417 2687 2484 ἐγκατελείφθη
2724 2418 2758 2483 ἡ
2785 2417 2954 2485 ψυχὴ
2978 2417 3164 2470 αὑτοῦ
3184 2419 3269 2483 εἰς
3298 2417 3468 2483 ᾅδην,
3493 2415 3635 2469 οὐδὲ
3654 2417 3697 2482 ἠ

2121 2506 2276 2573 σὰρξ
2312 2507 2497 2560 αὑτοῦ
2540 2504 2662 2560 εἶδε
2708 2507 3070 2575 διαφθοράιν
3121 2509 3256 2578 ὅπερ
3304 2509 3402 2560 οὐκ
3453 2507 3543 2559 ἐπὶ
3583 2505 3698 2557 τῶν

2123 2595 2458 2664 πραγμάτων
2485 2596 2720 2649 νοεῖσθαι
2753 2596 3003 2656 δυνατὸν,
3051 2596 3432 2667 μεταφορικῶς
3475 2597 3532 2647 δὲ
3570 2595 3695 2664 ἦτοι

2123 2683 2490 2751 ὑπερϐολικῶς
2519 2685 2684 2752 λέγει,
2714 2687 2795 2738 ὅτι
2828 2685 3024 2756 ἐξῄρθη
3041 2686 3279 2738 κινδύνου
3308 2683 3646 2755 ῆδιαφθορᾶς
3675 2700 3691 2714 ·

2122 2776 2154 2844 ἡ
2185 2774 2241 2826 δὲ
2272 2774 2366 2826 τοῦ
2395 2776 2717 2846 πράγματος
2749 2778 2972 2848 ἀλήθεια
3000 2779 3105 2831 τῶν
3139 2780 3435 2850 εἰρημένων
3474 2779 3578 2831 ὑπὸ
3597 2779 3693 2831 τοῦ

2121 2865 2387 2917 Δεσπότου
2427 2868 2502 2934 (p.
2537 2867 2658 2937 1‘28)
2691 2868 2962 2922 δείκνυται
2998 2870 3268 2940 Χριστοῦ,
3315 2871 3401 2922 ὅτε
3434 2869 3556 2920 οὔτε
3592 2871 3696 2940 τὴν

2119 2953 2295 3024 ψυχὴν
2323 2955 2486 3008 αὑτοῦ
2519 2957 2944 3028 καταλειφθῆναι
2980 2961 3168 3026 γέγονε
3207 2962 3283 3021 εἰς
3315 2959 3445 3028 ᾅδην
3480 2960 3695 3012 ἀποκα-

2117 3046 2392 3098 ταστᾶσαν
2420 3046 2499 3116 τῷ
2529 3046 2741 3117 σώματι
2781 3049 2868 3102 διὰ
2895 3050 2993 3120 τῆς
3032 3051 3373 3112 ἀναστάσεως
3403 3067 3414 3078 ·
3468 3048 3592 3103 οὔτε
3632 3050 3697 3102 τὸ

2119 3136 2279 3208 σῶμα
2315 3137 2610 3209 διαφθοράν
2653 3157 2772 3192 τινα
2807 3140 3225 3210 ὑπομεμένηκεν
3253 3157 3267 3171 ο
3317 3141 3391 3201 ὡς
3428 3140 3502 3210 μὴ
3535 3141 3696 3210 μόνον

2119 3229 2212 3280 ἐπὶ
2245 3228 2337 3281 τοῦ
2368 3229 2566 3281 οἰκείου
2601 3232 2778 3299 μεῖναι
2809 3232 3102 3300 σχήματος,
3129 3233 3185 3284 ἐν
3213 3224 3256 3298 ᾧ
3285 3231 3346 3301 δὴ
3375 3231 3695 3302 τετελεύτη-

2118 3335 2232 3373 κεν.
2267 3318 2402 3370 ἀλλά
2429 3318 2538 3389 γὰρ
2573 3320 2667 3372 καὶ
2695 3321 2774 3382 εἰς
2800 3315 3074 3374 ἀθάνατον
3098 3321 3189 3372 καὶ
3214 3320 3490 3390 ἄφθαρτον
3520 3337 3692 3390 μετα-

2121 3409 2310 3477 στῆναι
2341 3409 2502 3477 φύσιν
2523 3424 2540 3438 ⁸
2589 3409 2664 3472 ὡς
2689 3406 2827 3462 εἶναι
2861 3411 3036 3463 ἐκεῖνο
3064 3412 3159 3481 μὲν
3190 3411 3432 3480 αἴνιγμα,
3463 3412 3615 3463 τουτὶ
3640 3411 3697 3463 δέ

2121 3501 2380 3570 ἀλήθειαν
2400 3518 2413 3532 ·
2459 3501 2646 3570 διόπερ
2672 3503 2942 3572 ἐχρήσατο
2969 3505 3034 3572 τῇ
3069 3505 3218 3572 φωνῇ
3250 3503 3343 3554 καὶ
3369 3503 3398 3553 ὁ
3426 3502 3698 3571 μακάριος

2120 3592 2322 3662 Πέτρος
2343 3634 2355 3656 ,
2387 3593 2462 3654 ὡς
2486 3593 2550 3646 ἂν
2578 3593 2702 3644 τότε
2732 3593 2829 3661 μὲν
2860 3593 2999 3646 κατά
3029 3610 3149 3644 τινα
3183 3593 3362 3644 αἰτίαν
3398 3609 3700 3662 μεταφορι-

2119 3681 2229 3743 κῶς
2258 3683 2542 3752 είρημένῃ,
2575 3682 2669 3735 νῦν
2705 3682 2760 3734 δὲ
2800 3682 2970 3753 ἀληθῆ
3017 3683 3115 3752 τὴν
3144 3681 3366 3734 ἔκϐασιν
3393 3683 3481 3734 ἐπ’
3513 3682 3699 3736 αὐτῶν

2126 3769 2366 3822 λαϐοῦσα
2413 3771 2519 3823 τῶν
2554 3771 2931 3841 πραγμάτων’
2983 3770 3122 3823 ὥστε
3172 3771 3264 3824 καὶ
3311 3770 3489 3841 πολλῷ
3534 3772 3698 3825 πλέον

2127 3859 2236 3912 δεῖν
2265 3863 2375 3924 τοῖς
2403 3860 2497 3914 νῦν
2526 3861 2822 3926 πιστεύειν,
2850 3861 2882 3932 ἢ
2911 3861 3030 3915 τότε
3060 3861 3362 3933 ἐθαύμαζον
3394 3863 3593 3916 ἐκεῖνο.

2193 4139 2408 4194 Πολλῶν
2444 4139 2501 4194 δὲ
2530 4141 2785 4196 τοιούτων
2812 4143 2982 4197 ὄντων
3020 4145 3110 4198 ἐπὶ
3139 4145 3237 4216 τῆς
3277 4145 3424 4208 θείας
3448 4145 3696 4218 Γραφῆς,

2122 4232 2420 4302 παρόμοιον
2455 4233 2737 4303 προδήλως
2773 4235 2890 4286 ἐστὶ
2919 4236 3100 4289 καὶτὸ
3129 4237 3301 4306 παρόν
3329 4253 3340 4266 ·
3389 4237 3417 4289 ὁ
3453 4237 3552 4306 μὲν
3587 4239 3697 4310 γὰρ

2121 4321 2396 4392 Δεσπότης
2443 4322 2574 4385 Θεὸς
2605 4323 2746 4375 κατὰ
2794 4323 2890 4392 τὴν
2933 4325 3053 4376 τότε
3093 4327 3380 4396 συνήθειαν
3423 4327 3698 4391 Ἰουδαίοις

2119 4411 2497 4480 διαλεγόμενος
2539 4413 2628 4464 διὰ
2671 4413 2765 4465 τοῦ
2806 4416 3108 4485 προφήτου,
3157 4417 3252 4486 τὴν
3279 4417 3481 4470 οἰκείαν
3511 4417 3700 4480 αὐτοῖς

2122 4501 2454 4571 παρέχεσθαι
2491 4501 2730 4571 δαψιλῶς
2755 4511 2757 4513 ’
2781 4503 2934 4572 ἔλεγε
2968 4506 3307 4576 κηδεμονίαν.
3343 4507 3434 4559 καὶ
3461 4507 3529 4559 τὰ
3567 4507 3700 4576 ἑξῆς

2119 4590 2174 4641 δὲ
2227 4590 2347 4642 καθ’
2411 4591 2468 4643 ὃν
2519 4593 2950 4663 ἡρμηνεύκαμεν
3013 4596 3252 4663 τρόπον·
3319 4595 3588 4665 ἐκϐέϐηκε
3637 4597 3697 4649 δέ

2121 4681 2334 4734 ἅπαντα
2372 4681 2509 4750 μετὰ
2556 4684 2654 4753 τῆς
2680 4683 2938 4752 ἀληθείας
2976 4686 3068 4737 ἐπὶ
3115 4685 3208 4738 τοῦ
3257 4686 3529 4738 Δεσπότου
3564 4688 3701 4757 Χρι-

2121 4769 2276 4822 στοῦ·
2310 4772 2391 4823 ὅτι
2420 4773 2513 4824 καὶ
2548 4773 2697 4842 ἥλιος
2727 4775 2894 4839 ὅντως
2922 4777 3208 4848 ἐσκοτίσθη
3230 4815 3243 4840 ,
3280 4778 3372 4830 καὶ
3413 4778 3607 4848 σελήνη
3639 4777 3698 4830 δὲ

2124 4862 2217 4912 σὺν
2244 4860 2436 4930 ἐκείνῳ
2457 4878 2469 4891 ·
2505 4865 2598 4916 καὶ
2631 4866 2842 4934 μεγάλα
2871 4866 2970 4935 μὲν
3002 4869 3059 4919 ἐν
3091 4867 3320 4938 οὐρανῷ,
3355 4868 3526 4921 πολλὰ
3551 4869 3607 4922 δὲ
3638 4872 3698 4921 ἐν

2120 4953 2185 5019 τῇ
2217 4953 2286 5019 γῇ
2317 4951 2503 5017 γέγονε
2535 4953 2738 5024 τέρατα
2762 4973 2774 4984 ·
2810 4951 2953 5026 αἷμά
2980 4974 3038 5008 τε
3082 4959 3319 5028 ἀνεφάνη
3355 4957 3445 5010 τοῦ
3482 4961 3694 5013 Δεσπό-

2124 5054 2217 5104 του
2260 5039 2492 5108 Χριστοῦ
2532 5041 2594 5093 τὸ
2643 5047 2942 5114 σωτήριονο
2995 5045 3088 5097 καί⁸
3119 5046 3226 5116 πῦρ
3255 5046 3396 5100 κατά
3420 5047 3521 5116 τὴν
3553 5046 3696 5100 ἰδέαν

2123 5125 2216 5178 τοῦ
2245 5129 2592 5195 φοιτήσαντος
2639 5134 2950 5204 Πνεύματος
2995 5135 3092 5206 τὴν
3143 5137 3418 5205 ἐνέργειαν
3467 5137 3693 5206 μηνύον.

2125 5214 2294 5291 οὗπερ
2323 5220 2413 5275 οὖν
2441 5223 2534 5276 καὶ
2564 5224 2728 5292 ἀτμὶς
2773 5228 3066 5296 προηγεῖτο
3096 5225 3324 5288 καπνοῦ,
3357 5227 3436 5288 εἰς
3477 5227 3696 5297 ἔλεγχον

2125 5311 2222 5380 τῆς
2253 5313 2701 5385 καταληψομένης
2731 5318 2855 5380 τοὺς
2900 5322 2989 5371 τὸν
3042 5320 3268 5388 σταυρὸν
3295 5318 3697 5388 τετολμηκότας

2123 5403 2408 5472 τιιιωρίαςη
2439 5404 2514 5476 (p.
2545 5405 2664 5477 129)
2693 5407 2813 5460 τότε
2840 5407 2903 5478 δὴ
2934 5409 3025 5462 καὶ
3052 5409 3312 5479 μετέσχον
3336 5408 3576 5474 ἅπαντες
3595 5409 3698 5480 τῆς
