3828 6216
137 317 227 374 235

1126 315 1678 372 COMMENTARIUS
1716 316 1783 371 1N
1826 315 2057 372 JOELIS
2093 317 2244 375 CAP.
2279 319 2372 373 Ill.

3262 318 3370 373 13$

130 434 217 486 τοῦ
243 433 396 500 ἁγίου
430 427 746 503 Πνεῦματος
776 432 1015 503 χάριτος,
1053 433 1312 486 ποικίλων
1340 450 1397 485 τε
1440 434 1533 486 καὶ
1562 433 1690 486 πολ-

1809 429 1964 500 ιιίειιὶμ
1989 439 2117 486 sunt
2148 431 2317 485 habiti
2347 448 2361 483 :
2393 444 2624 501 quorum
2648 429 2737 483 alii
2763 429 3132 500 pmdicehant
3164 430 3368 495 futura,

134 523 231 576 λῶν
255 524 608 594 χαρισμάτων
633 522 973 588 ἀξιωθέντες
1002 516 1077 577 ὧν
1111 525 1161 576 οἰ
1199 524 1297 595 μὲν
1323 524 1690 596 προηγόρευον

132 614 187 666 τὸ
217 614 436 684 μέλλον,
468 615 517 666 οἰ
552 613 610 666 δέ
644 614 869 681 πλεῖστα
896 615 996 668 ὅσα
1035 615 1454 687 κατειργάζοντο
1487 618 1566 679 εἰς
1603 616 1693 668 πί-

136 705 320 758 πωσίν
343 722 403 757 τε
424 704 517 758 τοῦ
547 706 808 776 μεγέθους
837 706 944 759 τῶν
972 707 1292 778 γινομένων,
1326 708 1421 762 καὶ
1445 709 1524 771 εἰς
1543 707 1693 776 ἐλεγ-

133 813 217 865 χον
246 797 342 866 τῆς
368 795 527 866 δόξης
548 799 649 868 τῆς
684 800 812 870 περὶ
843 800 934 853 τὸν
970 801 1246 873 Δεσπότην
1292 803 1528 875 Χριστόν
1550 820 1563 834 δ
1617 803 1693 866 ὡς

134 888 279 940 τοῦτο
300 888 364 958 δὴ
390 889 453 941 τὸ
482 889 650 942 πάλαι
678 890 765 944 διὰ
808 891 902 945 τοῦ
930 895 1209 963 προφήτου
1255 894 1633 965 μεταφορικῶς
1658 894 1691 964 ἦ

135 977 495 1048 ύπρϐολικῶς
526 980 832 1050 εἰρημένον,
863 981 1203 1053 πραγμάτων
1226 984 1325 1055 τήν
1344 984 1527 1047 δεῖξιν,
1557 984 1695 1055 μετά

133 1068 220 1120 τοῦ
249 1070 341 1122 καὶ
369 1070 718 1124 ἐλαττοῦσθαι
749 1071 859 1124 τῶν
904 1074 1243 1143 πραγμάτων
1289 1074 1377 1126 τὸν
1419 1073 1574 1141 λόγον
1606 1089 1618 1101 ·
1657 1076 1691 1143 ή

136 1158 229 1227 μὲν
250 1155 343 1212 οὖν
369 1159 536 1221 αἰτία,
570 1160 678 1213 εἴτε
724 1160 925 1230 ταύτης
956 1162 1051 1231 τῆς
1081 1162 1285 1231 φωνῆς,
1318 1164 1426 1216 εἴτε
1464 1164 1558 1216 καὶ
1585 1161 1693 1215 τῶν

133 1249 348 1311 λοιπῶν,
374 1251 576 1314 ὁπόσας
596 1253 678 1320 ἐφ’
701 1252 899 1322 ἐτέρων
927 1253 1221 1324 εἰρημένας
1256 1256 1400 1327 παρά
1430 1258 1539 1318 τοῖς
1562 1271 1695 1323 προ-

134 1342 342 1410 φήταις,
372 1344 453 1406 εἰς
477 1342 575 1411 τὴν
604 1343 745 1396 κατὰ
775 1344 867 1397 τὸν
884 1346 1157 1416 Δεσπότην
1181 1348 1411 1417 Χριστὸν
1446 1347 1694 1412 ἐξέλαϐον

131 1429 437 1497 οἰκονομίαν
479 1432 529 1483 οἰ
583 1432 840 1502 μακάριοι
883 1434 1191 1498 ἀπόστολοι,
1227 1437 1450 1507 τοιαύτη
1498 1455 1582 1499 τις
1628 1437 1695 1492 ἂν

134 1519 463 1592 ὑποληφθείη
496 1522 606 1594 (18)
634 1524 875 1587 δικαίως·
906 1526 980 1588 ὡς
1003 1527 1067 1581 ἂν
1090 1530 1241 1600 καὶὴ
1272 1530 1381 1583 τῶν
1411 1531 1534 1584 τότε
1563 1548 1697 1602 πρει.⁹

131 1613 353 1682 γμάτων
384 1614 592 1683 ἱστορία
623 1616 865 1683 φαίνοιτο
904 1618 978 1689 μὴ
1020 1621 1373 1692 πεπλασμένη
1399 1660 1413 1684 ,
1459 1623 1552 1675 καὶ
1587 1622 1696 1677 τῶν

130 1704 221 1759 νῦν
266 1707 328 1760 τὸ
375 1707 604 1776 μέγεθος
646 1709 709 1761 ἐκ
763 1710 1115 1783 παραθέσεως
1159 1713 1381 1767 ἐκείνων
1425 1715 1697 1786 ἐλέγχοιτο

1799 523 1890 576 alii
1929 523 2164 594 plurima
2197 523 2487 591 patrabant
2517 520 2764 593 prodigia
2787 524 2857 577 ob
2880 537 3062 577 rerum
3089 531 3368 593 gestarum

1797 613 2228 669 confirmandam
2274 614 2733 685 magnitudinem,
2795 621 2848 667 et
2894 614 3123 683 gloriam
3162 612 3369 668 Christi

1799 705 2017 761 Domini
2063 706 2468 763 ostentandam.
2516 704 2635 771 Quo
2676 704 2735 759 fit
2774 713 2833 758 ut
2875 706 2979 759 hoc
3012 706 3140 759 olim
3174 719 3207 758 a
3245 719 3373 776 pro-

1799 799 1962 870 pheta
1990 800 2363 870 metaphorice
2415 808 2509 853 aut
2552 798 2902 871 hyperbolice
2942 799 3175 862 dictum,
3221 813 3373 853 nunc

1799 884 2144 941 manifestam
2184 886 2381 941 habeat
2420 900 2599 939 rerum
2631 885 3029 951 ostensionem,
3064 885 3139 938 ita
3189 897 3369 939 tamen

1801 985 1861 1031 ut
1906 978 2071 1032 verba
2132 993 2163 1030 a
2212 977 2378 1032 rebus
2421 984 2770 1047 superentur.
2816 975 2995 1032 Causa
3030 976 3220 1046 igitur,
3269 991 3372 1030 cur

1800 1069 1917 1123 sive
1945 1069 2087 1122 hanc
2138 1069 2489 1127 locutionem,
2528 1069 2644 1124 sive
2683 1068 2948 1139 reliquas,
3000 1076 3270 1139 quotquot
3303 1069 3372 1124 de

1800 1161 1921 1215 aliis
1944 1159 2205 1229 subjectis
2233 1161 2374 1228 apud
2404 1160 2696 1232 praphetas
2725 1159 2882 1212 dictae
2904 1167 3051 1222 sunt,
3079 1160 3145 1213 de
3163 1159 3368 1214 Christi

1800 1250 2012 1304 Domini
2045 1251 2312 1304 incarnati
2344 1253 2603 1322 mysterio
2636 1252 2776 1305 beati
2809 1252 3040 1319 apostoli
3076 1252 3358 1306 intellexe-

1802 1346 1933 1403 rint.
1968 1359 2157 1409 causa,
2196 1345 2438 1413 inquam,
2479 1345 2592 1399 haec
2623 1345 2820 1399 merito
2839 1345 3141 1398 existimari
3171 1352 3366 1412 potest.

1802 1435 1977 1505 Atque
2009 1436 2081 1489 ita
2134 1450 2234 1489 nec
2271 1447 2514 1491 veterum
2573 1450 2759 1490 rerum
2815 1434 3103 1488 historiam
3151 1444 3370 1489 constat

1801 1542 1925 1582 esse
1947 1528 2266 1595 confictam;
2313 1536 2367 1582 et
2395 1526 2740 1596 praesentium
2786 1526 3101 1596 magnitudo
3150 1541 3369 1595 compa-

1802 1620 2011 1671 ratione
2037 1619 2251 1671 illarum
2286 1619 2459 1688 magis
2491 1618 2740 1689 arguitur
2765 1636 2778 1671 :
2816 1626 2980 1688 atque
3000 1632 3064 1671 ex
3091 1617 3176 1671 his
3194 1618 3369 1671 omni—

1802 1709 1904 1764 bus
1930 1718 2181 1764 accurate
2216 1709 2648 1776 demonstratur,
2687 1709 2977 1780 quamdam
3008 1709 3369 1775 intercedere

132 1796 347 1865 μᾶλλον
381 1795 673 1850 δεικνύοιτό
700 1815 757 1851 τε
789 1798 1031 1870 ἀκριϐῶς
1059 1800 1147 1853 διὰ
1174 1801 1409 1866 πάντων,
1437 1805 1518 1855 ὅτι
1548 1803 1699 1857 ἔσται

1809 1800 2014 1854 illarum
2064 1817 2189 1856 cum
2245 1802 2330 1857 his
2380 1802 2877 1869 necessitudinem;
2948 1801 3030 1857 sic
3076 1810 3255 1857 tamen
3312 1809 3370 1856 ut

134 1888 228 1955 μέν
260 1904 347 1950 τις
379 1888 600 1940 ἐκείνων
632 1889 899 1958 οἰκειότης
944 1890 1078 1962 πρὸς
1106 1891 1313 1946 ταῦτα·
1357 1893 1600 1948 λείπεται
1641 1895 1698 1947 δέ

130 1979 277 2048 ὅμως
317 1979 569 2033 τοσοῦτον
595 1980 703 2034 τῶν
732 1983 1013 2048 παρόντων
1050 1984 1117 2036 τά
1160 1985 1542 2056 προειληφότα,
1576 1990 1698 2041 ὅσον

132 2069 288 2122 σκιὰν
316 2069 599 2124 λείπεσθαι
629 2070 876 2143 σώματος
920 2073 1156 2144 ἀνάγκη,
1191 2075 1292 2129 κᾶν
1325 2078 1372 2129 εἰ
1403 2080 1700 2149 προσήκειν

128 2162 276 2231 αὖτῷ
323 2180 375 2215 τι
425 2162 605 2232 δοκοίη
635 2163 762 2231 (19).
838 2165 914 2233 (p.
951 2163 1072 2227 150)
1116 2166 1172 2217 '0
1216 2166 1271 2219 δέ
1316 2183 1379 2235 γε
1418 2171 1701 2241 προφήτης

129 2254 313 2325 ἐπειδὴ
364 2254 466 2323 τὴν
513 2254 619 2307 ἀπὸ
654 2254 966 2318 Βαϐυλῶνος
996 2255 1251 2310 ἐπάνοδον
1279 2258 1365 2311 διὰ
1393 2260 1498 2311 τῶν
1532 2265 1701 2334 προρ-

131 2344 405 2416 ρηθέντων
440 2347 730 2416 ἐμήνυσεν,
763 2347 832 2399 τά
866 2363 925 2398 τε
965 2348 1338 2419 προσεσόμενα
1369 2352 1550 2415 αὐτοῖς
1582 2355 1700 2405 κατ’

128 2437 335 2490 ἐκεῖνον
381 2436 474 2489 τὸν
518 2437 707 2508 καιρὸν
753 2438 934 2505 ἀγαθὰ
986 2441 1265 2507 ποικίλως,
1308 2443 1703 2499 ἀκολουθότατα

127 2530 252 2601 ἑξῆς
282 2530 511 2597 ἐπάγει.

792 2666 948 2720 ΚΕΦ.
984 2668 1056 2719 Γ’.

195 2779 351 2849 Στίχ.
372 2778 595 2847 α’-γ’.-
612 2796 630 2830 ι
642 2779 763 2832 Ὅτι
778 2779 884 2831 ἰδοὺ
904 2778 1013 2848 ἐγὼ
1028 2782 1083 2832 ἐν
1096 2784 1213 2844 ταῖς
1228 2783 1459 2853 ἡμέραις
1471 2786 1703 2851 ἐκείναις

126 2871 219 2922 καὶ
234 2871 295 2920 ἐν
311 2867 391 2939 τῷ
409 2868 588 2939 καιρῷ
604 2868 814 2938 ἐκείνῳ,
829 2868 904 2931 ὡς
922 2869 988 2921 ἂν
1003 2871 1313 2941 ἐπιστρέψω
1324 2873 1420 2944 τὴν
1436 2875 1708 2944 αἰχμαλω-

127 2962 247 3013 σίαν
289 2959 469 3013 Ἰούδα
497 2960 592 3014 καὶ
630 2960 1001 3030 Ἰερουσαλὴμ,
1028 2962 1239 3027 συνάξω
1265 2964 1437 3017 πάντα
1459 2966 1526 3018 τὰ
1555 2966 1703 3036 ἐθνη,

126 3055 219 3107 καὶ
234 3051 466 3116 κατάξω
481 3051 620 3105 αὐτά
631 3054 709 3116 εἰς
725 3052 820 3124 τὴν
839 3054 1056 3108 κοιλάδα
1085 3056 1367 3125 Ἰωσαφάτ·
1390 3060 1482 3111 καὶ
1494 3058 1703 3127 διακρι-

1802 1894 2075 1960 praeterita
2107 1899 2319 1947 tantum
2357 1908 2387 1946 a
2422 1892 2791 1962 praesentibus
2828 1902 3371 1963 superentur,quan-

1801 1991 1916 2036 tum
1950 1985 2140 2039 umbra
2176 1999 2207 2038 a
2237 2000 2468 2055 corpore
2509 1986 2688 2046 debet,
2734 2000 3046 2056 quanquam
3096 1987 3189 2040 illa
3242 1986 3372 2043 huic

1803 2074 2142 2141 aliquantum
2169 2086 2452 2146 congruat.
2476 2075 2589 2145 Age
2611 2091 2763 2141 vero,
2788 2076 3051 2146 propheta
3079 2086 3369 2148 postquam

1804 2176 1832 2214 a
1876 2161 2158 2234 Babylone
2212 2163 2451 2218 reditum
2510 2164 2791 2234 prmdictis
2842 2166 3020 2220 verbis
3075 2167 3367 2237 portendit,

1802 2268 2016 2307 necnon
2070 2254 2221 2308 varia
2249 2261 2512 2309 eventura
2555 2271 2651 2325 per
2686 2255 2821 2309 illud
2849 2263 3062 2327 tempus
3107 2256 3369 2314 lsraelitis

1805 2347 1967 2410 bona,
2000 2353 2368 2401 consentanea
2404 2347 2699 2403 admodum
2742 2351 2814 2404 ita
2847 2349 3025 2421 pergit
3059 2348 3260 2406 dicere.

2444 2666 2599 2720 CAP.
2643 2666 2731 2722 Ill.

1873 2774 1986 2846 86
2011 2774 2176 2831 Vsus.
2219 2777 2339 2833 1-5.
2375 2799 2471 2830 -ι
2500 2779 2637 2846 Quia
2655 2795 2785 2837 ecce
2824 2797 2923 2853 ego
2960 2783 3015 2839 in
3047 2783 3238 2841 diebus
3266 2786 3373 2841 illis

1805 2872 1862 2919 et
1883 2874 2127 2936 tempore
2160 2867 2273 2933 illo,
2297 2885 2422 2924 cum
2448 2882 2771 2929 convertero
2802 2876 3179 2944 captivitatem
3218 2876 3374 2933 Judae

1807 2968 1861 3013 et
1891 2957 2256 3027 Hierusalem,
2284 2963 2631 3032 congregabo
2656 2979 2845 3021 omnes
2880 2974 3087 3035 gentes.
3106 2975 3163 3023 et
3194 2967 3373 3024 dedu-

1809 3062 1929 3104 cam
1968 3064 2064 3105 eas
2091 3052 2146 3104 in
2182 3051 2376 3106 vallem
2412 3051 2674 3125 .losaphat
2722 3061 2736 3109 :'
2773 3064 2828 3111 et
2876 3058 3191 3129 disceptabo
3250 3076 3375 3116 cum

127 3145 367 3215 θήσομαι
383 3142 523 3214 πρὸς
534 3143 729 3205 αὐτοὺς
741 3146 855 3196 ἐκεῖ
864 3144 1000 3215 ὑπὲρ
1011 3145 1104 3197 τοῦ
1116 3144 1243 3199 λαοῦ
1260 3163 1361 3216 μου
1378 3148 1577 3218 καὶτῆς
1590 3150 1705 3220 κλη-

1810 3142 1891 3197 eis
1921 3143 1994 3197 ibi
2018 3158 2184 3213 super
2207 3144 2405 3213 populo
2422 3160 2567 3212 meo,
2597 3154 2651 3202 et
2682 3147 2994 3205 haereditate
3012 3167 3128 3204 mea
3152 3149 3373 3216 lsraelc,

130 3234 389 3305 ρονομίας
418 3249 521 3303 μου
564 3232 796 3305 Ἰσραὴλ,
829 3234 879 3286 οἳ
904 3234 1271 3306 διεσπάρησαν
1294 3238 1353 3289 ἐν
1379 3242 1489 3300 τοῖς
1513 3239 1708 3304 ἔθνεσι,

127 3326 221 3380 καὶ
248 3328 353 3397 τὴν
386 3327 494 3395 γῆν
546 3344 645 3397 μου
697 3326 1128 3380 καταδιείλοντοο
1183 3331 1279 3382 καὶ
1321 3331 1413 3384 ἐπὶ
1445 3333 1537 3385 τὸν
1579 3333 1711 3388 λαόν

130 3437 233 3488 μου
256 3419 458 3471 ἔϐαλον
479 3417 729 3490 κλήρους·
756 3418 850 3472 καὶ
865 3419 1072 3473 ἔδωκαν
1092 3419 1160 3473 τὰ
1184 3421 1442 3492 παιδάρια
1465 3423 1710 3494 πόρναις,

128 3510 222 3563 καὶ
271 3510 347 3563 τά
390 3509 628 3579 κοράσια
675 3509 916 3562 ἐπώλουν
964 3509 1086 3563 ἀντὶ
1128 3509 1270 3563 οἴνου
1317 3513 1411 3563 κα)¹
1448 3511 1650 3565 ἔπινον.
1685 3532 1705 3564 ι

130 3601 295 3668 Λέγει
328 3600 389 3653 δὲ
418 3599 489 3652 τά
523 3599 659 3668 μετά
691 3600 789 3670 τήν
818 3600 1074 3655 ἐπάνοδον
1121 3601 1181 3653 ἐν
1228 3601 1434 3665 τούτοις
1470 3604 1708 3674 μηνύων,

130 3690 239 3743 τῶν
268 3708 331 3744 τε
354 3690 488 3762 περί
513 3690 606 3742 τὸν
638 3688 761 3759 Γὼγ
782 3691 879 3761 τὴν
907 3690 1112 3754 ἄνοδον,
1145 3692 1210 3762 ἢν
1237 3694 1549 3763 ποιήσονται
1575 3695 1713 3765 μετά

132 3780 333 3833 πολλοῦ
383 3779 621 3848 πλήθους
660 3779 1004 3849 ὁρμήσαντες
1030 3778 1171 3832 κατά
1200 3779 1298 3850 τὴς
1338 3781 1709 3852 Ἰερουσαλὴμ,

133 3872 227 3924 καὶ
277 3871 381 3942 τὴν
425 3868 703 3924 ἀπώλειαν
753 3872 818 3941 ἢν
864 3871 1006 3940 ὑπὲρ
1047 3870 1142 3923 τοῦ
1188 3871 1535 3943 τολμήματος
1582 3875 1713 3926 ὑπο.

138 3962 362 4031 μενοῦσι
409 3960 621 4015 τούτου.
680 3960 875 4014 Ἐπειδ’
914 3961 981 4014 ἂν
1015 3961 1144 4033 γὰρ,
1173 3962 1355 4032 φησὶν,
1384 3964 1713 4032 ἐπαναγάγω

136 4055 281 4123 ὑμᾶς
326 4055 423 4107 ἐπὶ
451 4055 550 4126 τὴν
593 4053 965 4125 Ἰερουσαλὴμ,
1004 4052 1381 4108 συνελεύσεται
1414 4056 1511 4125 μὲν
1542 4054 1715 4107 πολλὰ

134 4147 475 4217 πολλαχόθεν
520 4146 647 4217 ἔθνη
693 4148 777 4214 ἐφ’
803 4147 946 4217 ὑμᾶς
968 4161 984 4177 ⁶
1032 4146 1180 4215 λέγει
1220 4146 1301 4210 δὲ,
1337 4150 1417 4204 ὅτι
1443 4167 1461 4198 ι
1491 4146 1713 4212 Συνάξω

141 4238 326 4291 πάντα
356 4238 429 4290 τὰ
463 4236 647 4307 Etim,»
680 4237 780 4308 οὐχ
807 4238 889 4290 ὅτι
917 4236 1115 4301 αὐτοὺς
1156 4237 1330 4306 ἄγειν,
1366 4238 1479 4291 ἀλλ’
1526 4238 1711 4308 ἐπειδὴ

137 4330 289 4384 εἴασε
338 4330 538 4394 αὐτοὺς
569 4332 668 4399 τήν
712 4328 972 4400 πρόθεσιν
1006 4330 1086 4393 εἰς
1127 4329 1286 4401 ἔργον
1318 4329 1568 4383 ἐκϐαλεῖν
1614 4330 1712 4399 τὴν

133 4420 345 4473 οἰκείαν
370 4434 386 4449 ⁶
446 4418 820 4489 ἐτιμωρήσατο
861 4416 919 4470 δὲ
950 4416 1433 4487 ἐπικεχειρηκότας
1466 4418 1534 4485 τῇ
1572 4414 1712 4467 κατά

135 4510 245 4564 τῶν
283 4484 635 4580 Ἰσραηλιτῶν
915 4509 1010 4561 καὶ
1038 4484 1366 4579 πεποιήκασι
1412 4484 1514 4575 μὲν
1561 4505 1712 4559 οὐδὲν
1744 4484 1788 4538 D

134 4596 214 4655 ὧν
262 4601 552 4654 ἐϐούλοντο
595 4601 675 4662 εἰς
716 4602 841 4662 τοὺς
887 4598 1203 4662 Ἰουδαίους,
1244 4597 1481 4668 φοϐερὰν
1510 4596 1567 4649 δέ
1595 4612 1718 4648 τινα

137 4694 233 4745 καὶ
260 4691 565 4762 παράδοξον
591 4692 1039 4761 ύπομεμενήκασι
1087 4704 1161 4760 (p.
1191 4690 1315 4760 151)
1353 4690 1420 4760 τῇ
1449 4688 1543 4741 τοῦ
1584 4687 1718 4740 Θεοῦ

138 4786 284 4854 ῥοπῇ
342 4784 448 4854 τὴν
494 4784 797 4853 τιμωρίαν·
845 4781 933 4835 διὰ
977 4780 1135 4833 τοῦτο
1180 4781 1341 4843 αὐτὸς
1396 4782 1721 4849 συναγαγεῖν

136 4875 323 4928 πάντα
354 4875 427 4927 τὰ
466 4873 590 4943 ἔθνη
634 4873 783 4941 λέγει
809 4888 823 4901 ·
871 4871 1026 4925 τοῦτο
1056 4870 1376 4941 βουλόμενος
1415 4871 1611 4937 εἰπεῖν,
1638 4870 1720 4923 ὅτι

137 4967 319 5020 Elaea
369 4966 569 5028 αὐτοὺς
606 4967 673 5035 τῇ
715 4962 961 5034 μοχθηρᾷ
999 4962 1206 5015 ἐαυτῶν
1238 4961 1547 5033 χρήσασθαι
1573 4960 1714 5029 γνώ-

140 5075 250 5131 μῃ,
288 5058 389 5112 καὶ
420 5057 658 5129 ὁρμῆσαι
698 5056 842 5109 κατά
878 5057 976 5125 τῆς
1011 5054 1382 5125 Ἰερουσαλὴμ,
1424 5053 1500 5117 ὡς
1528 5054 1595 5107 ἂν
1621 5054 1718 5107 αύ-

135 5151 258 5204 τόθι
309 5149 471 5212 δίκας
510 5148 704 5211 αὐτοὺς
734 5146 1189 5219 εἰσπραξάμενος,
1234 5145 1331 5215 τῆς
1362 5161 1424 5198 τε
1470 5145 1598 5217 περὶ
1628 5144 1719 5197 τὸν

142 5243 274 5298 λαὸν
329 5242 659 5314 κηδεμονίας
702 5241 799 5294 καὶ
841 5240 943 5309 τῆς
988 5236 1225 5310 ἐμαυτοῦ
1280 5237 1393 5307 (20)
1437 5238 1719 5309 δυνάμεως

146 5330 426 5399 ἡπόδειξιν
453 5332 816 5403 παράσχωμαι
844 5331 1029 5385 πᾶσιν.
1048 5327 1230 5383 Εἰπὼν
1259 5329 1310 5397 γ’
1336 5324 1481 5393 οὗν,‹
1502 5326 1718 5393 Συνάξω

144 5430 328 5483 πάντα
356 5425 429 5481 τὰ
455 5420 604 5494 ἔθνη,
634 5441 655 5476 ι
678 5420 976 5491 δπέγαγεν,
1012 5444 1032 5481 ¢
1055 5419 1166 5475 Καὶ
1197 5421 1415 5488 κατάξω
1446 5418 1586 5473 αὐτά
1639 5420 1719 5482 εἰς

213 5598 332 5665 (18)
370 5599 507 5654 Cod.
538 5598 716 5669 λιιφθ.

210 5670 331 5736 (19)
375 5671 516 5724 Dicit
545 5667 662 5724 hac
676 5684 800 5724 eum
825 5667 1157 5725 dida‘scalica
1177 5668 1440 5738 dignitate
1455 5668 1708 5724 Theodo-

143 5754 277 5806 rus;
314 5756 436 5811 quae
464 5747 646 5795 tamen
685 5738 881 5794 merito
921 5739 1174 5793 omnibus
1222 5754 1328 5794 non
1364 5740 1704 5809 placuerunt,

472 5834 741 5893 ΡΑτιιοι..
786 5830 903 5892 Gn.
951 5830 1166 5890 LXVI.

1812 3233 1907 3302 qui
1962 3234 2197 3304 dispersi
2253 3244 2382 3290 sunt
2433 3237 2488 3291 in
2552 3239 2894 3298 nationibus.
2930 3256 3050 3309 quae
3098 3244 3375 3311 regionem

1812 3339 1989 3379 meam
2045 3325 2354 3380 diviserunt
2388 3347 2401 3381 :
2436 3334 2492 3382 et
2542 3343 2710 3399 super
2741 3332 3002 3399 populum
3056 3347 3232 3387 meum
3271 3335 3373 3387 mi-

1812 3422 2005 3468 serunt
2033 3422 2236 3480 sortes,
2273 3422 2329 3469 et
2357 3415 2705 3471 tradiderunt
2738 3433 2940 3488 pueros
2970 3420 3375 3483 meretricibus,

1811 3509 1867 3558 et
1895 3504 2102 3573 puellas
2118 3505 2423 3560 vendebant
2450 3521 2549 3576 pro
2592 3508 2720 3561 vino
2750 3515 2811 3561 ut
2839 3508 3109 3563 biberent.
3143 3529 3161 3561 ι
3193 3508 3378 3581 Signi-

1813 3593 1940 3649 ficat
1974 3610 2095 3663 qua:
2134 3594 2394 3651 lsraelitis
2441 3608 2565 3667 post
2612 3598 2847 3652 reditum
2893 3607 3050 3652 erant
3091 3610 3375 3663 eventura.

1813 3682 2057 3753 Gogique
2085 3686 2476 3749 incursionem,
2515 3700 2678 3756 quam
2710 3701 2835 3741 cum
2880 3687 3085 3756 ingenti
3134 3690 3380 3746 multitu-

1813 3774 1939 3829 dine
1959 3775 2219 3832 adversus
2244 3774 2579 3831 Hierusalem
2597 3777 2781 3843 faciet,
2804 3788 2856 3833 et
2884 3778 3093 3834 cladem
3115 3795 3276 3849 quam
3307 3783 3380 3839 ob

1815 3865 1954 3919 hanc
2002 3865 2287 3921 audaciam
2339 3875 2458 3922 erat
2505 3876 2854 3938 experturus.
2891 3868 3023 3926 Nam
3059 3880 3371 3943 postquam,

1815 3952 2013 4024 inquit,
2101 3957 2369 4012 reduxere
2445 3971 2541 4013 vos
2617 3956 2979 4024 Hierusalem,
3041 3963 3224 4018 multa
3279 3980 3383 4018 un-

1811 4044 1978 4115 dique
2056 4049 2447 4117 eonspirabunt
2539 4061 2729 4107 contra
2810 4067 2909 4108 vos
2979 4065 3189 4123 gentes.
3238 4053 3381 4110 Dicit

1814 4144 1994 4191 autem
2038 4155 2052 4191 :
2092 4138 2486 4209 «Congregabo
2532 4156 2721 4198 omnes
2770 4151 2982 4215 gentes,
3012 4164 3033 4197 υ
3087 4162 3192 4203 non
3233 4150 3380 4220 quod

1814 4228 1930 4296 ipse
1958 4231 2028 4284 sit
2047 4243 2141 4284 eas
2168 4229 2528 4299 adducturus,
2575 4235 2671 4289 sed
2700 4236 2847 4305 quod
2889 4238 2956 4293 iis
3000 4241 3381 4309 permissurus

1813 4321 2151 4389 propositum
2206 4324 2485 4393 proprium
2546 4327 2793 4396 exsequi.
2862 4327 2929 4382 Et
2981 4331 3201 4400 quidem
3256 4335 3381 4391 illos

1815 4411 1992 4479 puniit
2029 4413 2123 4481 qui
2169 4412 2547 4470 lsraelitarum
2609 4419 2808 4472 reditui
2863 4419 3045 4475 infesti
3100 4423 3375 4479 fuerunt:

1816 4518 1991 4574 neque
2013 4513 2192 4560 tamen
2237 4507 2316 4560 illi
2350 4508 2616 4561 voluntati
2662 4523 2774 4563 sua:
2819 4511 3047 4581 obsequi
3087 4514 3381 4569 valuerunt

1814 4603 2006 4651 contra
2055 4594 2293 4659 Judaeos,
2346 4597 2441 4651 sed
2495 4598 2793 4653 terribilem
2848 4602 3028 4669 potius
3078 4612 3131 4657 et
3196 4606 3381 4675 inspe-

1816 4697 1987 4742 ratam
2020 4704 2048 4741 a
2077 4687 2170 4743 Dei
2207 4688 2416 4742 viribus
2453 4703 2671 4757 pmnam
2711 4692 3038 4745 retulerunt.
3085 4692 3379 4765 Pr0pterea

1815 4781 1952 4835 dicit
1994 4796 2053 4835 se
2084 4794 2453 4851 congregasse
2499 4795 2691 4836 omnes
2724 4790 2934 4852 gentes,
2976 4799 3170 4857 nempe
3195 4788 3380 4843 dicere

1817 4875 2029 4934 volens.
2062 4872 2257 4928 sivisse
2289 4881 2349 4926 ut
2377 4887 2476 4925 sua
2504 4887 2761 4941 perversa
2787 4882 3069 4930 uterentur
3086 4878 3378 4942 sententia,

1819 4975 1873 5019 et
1900 4972 2091 5019 contra
2120 4963 2462 5018 Hierusalem
2500 4963 2760 5033 impetum
2796 4965 3058 5031 facerent,
3074 4975 3133 5021 ut
3162 4980 3381 5040 sumpto

1817 5058 1929 5111 illic
1980 5057 2047 5110 de
2088 5056 2155 5110 iis
2177 5055 2464 5125 supplicio,
2514 5065 2569 5109 et
2618 5058 2800 5112 tutelae
2835 5074 2963 5129 erga
2997 5062 3279 5131 populum.
3326 5075 3381 5120 et

1816 5162 1929 5205 sua:
1961 5146 2215 5216 potentia:
2262 5147 2542 5215 specimen
2590 5147 2891 5204 exhiberet.
2927 5149 3046 5205 Jam
3087 5161 3376 5224 postquam

1815 5236 1975 5298 dixit,
2013 5254 2030 5286 ι
2054 5233 2409 5305 Congregabo
2454 5252 2645 5292 omnes
2674 5249 2885 5308 gentes,
2915 5258 2933 5291 ι
2983 5242 3189 5296 addidit
3226 5261 3239 5297 :
3278 5243 3381 5299 «Et

1816 5328 2081 5382 deducam
2108 5342 2201 5381 eas
2231 5328 2284 5381 in
2317 5328 2513 5382 vallem
2544 5327 2835 5400 Josaphat,
2869 5353 2885 5384 ι
2920 5333 2973 5387 id
2996 5346 3097 5400 est,
3134 5336 3209 5390 Eo
3238 5336 3378 5402 loco,

1818 5417 2018 5489 inquit,
2053 5426 2208 5488 agam
2248 5432 2345 5472 eos
2373 5418 2638 5476 adversus
2676 5420 3039 5491 Hierusalem,
3073 5427 3383 5498 ibidemque

1819 5614 2014 5668 nempe
2040 5598 2181 5666 quod
2215 5600 2509 5669 prophetiae
2537 5603 2755 5659 nonnisi
2778 5605 3078 5663 secundum
3106 5606 3376 5666 effectum.

1820 5669 2222 5748 κατςλέκςασιν,
2243 5671 2307 5723 ad
2341 5686 2429 5748 res
2458 5672 2805 5733 Christianas
2833 5679 3224 5748 spectaverint.

1890 5738 2001 5810 (20)
2042 5740 2172 5796 Cod.
2205 5738 2416 5796 ἐαυτοῦ.
