3828 6216
461 298 570 357 835

1669 286 2016 345 THEODORI
2059 289 2283 346 MOPSU
2293 289 2534 346 ESTEM

3584 288 3693 345 236

463 416 729 470 ultionem
781 410 941 481 quasi
985 407 1324 465 concinnatis
1370 420 1465 476 pro
1498 407 1700 476 populo
1743 421 1888 470 meo,
1930 421 2030 474 pro

2139 407 2227 477 τὴν
2256 403 2476 458 κοιλάδα
2513 401 2776 472 Ἰωσαφάτ
2794 417 2839 452 ⁸)
2870 400 3164 466 τουτέστιν,
3193 397 3339 454 Ἐκεῖ
3366 400 3560 464 αὐτοὺς
3582 403 3697 467 ἀξω

461 504 724 576 dignitate
745 502 986 573 puniam,
1007 499 1080 555 ob
1113 500 1355 566 ipsorum
1386 497 1648 563 facinora,
1666 498 1809 568 quod
1832 515 2029 568 nempe

466 598 617 651 illum
656 607 1067 664 quaqueversus
1102 604 1359 658 spargere
1391 589 1689 649 voluerint,
1725 589 2030 660 regionem-

462 702 571 756 que
597 684 788 755 partiri
829 684 884 737 in
919 697 1027 751 qua
1065 679 1175 750 87
1215 693 1337 734 meo
1375 678 1486 746 juri
1527 677 1763 732 obnoxia
1813 676 2029 730 habita-

466 778 582 841 bat,
625 787 680 833 et
714 778 862 846 ipsos
901 774 1064 830 simul
1118 772 1328 826 incolas
1361 771 1560 825 sortito
1601 769 1845 823 dividere
1883 786 1898 822 :
1937 782 2034 838 per

467 884 742 924 summum
776 866 1013 936 denique
1063 865 1244 919 scelus
1292 861 1510 916 illorum
1570 876 1788 931 quoque
1832 874 2032 929 pueros

468 970 632 1032 atque
664 960 873 1030 puellas
903 959 958 1012 in
990 955 1307 1027 prostibulis
1338 969 1560 1024 ponere,
1594 961 1653 1008 ut
1673 968 1829 1010 suam
1853 953 2034 1022 exple-

470 1061 592 1109 rent
635 1049 935 1111 Iibidinem,
979 1047 1314 1115 multamque
1357 1044 1622 1100 haberent
1663 1042 2033 1115 pergraecandi

468 1145 704 1216 capiam.
754 1140 850 1196 His
880 1141 1028 1195 circa
1063 1136 1271 1207 Gogum
1301 1135 1483 1192 dictis.
1519 1135 1696 1206 pergit
1727 1151 1924 1206 porro:

2129 499 2210 560 είς
2259 496 2354 567 τὴν
2398 493 2778 566 Ἰερουσαλὴμ,
2833 495 2925 546 καὶ
2968 491 3150 545 αὐτόθι
3180 491 3368 562 ὥσπερ
3393 492 3514 546 τινὰ
3541 492 3696 560 δίκην

2131 585 2266 657 πρὸς
2296 585 2490 647 αὐτοὺς
2539 583 2677 650 ὑπὲρ
2719 581 2813 634 τοῦ
2845 581 2974 634 λαοῦ
3005 580 3098 634 τοῦ
3143 581 3276 651 ἐμοῦ
3322 581 3697 651 συγκροτήσας

2129 677 2511 748 τιμωρήσομαι
2536 674 2782 738 δικαίως,
2815 674 2955 745 ὑπὲρ
2994 667 3068 728 ὧν
3104 676 3221 726 κατ’
3258 671 3436 726 αὐτῶν
3475 672 3700 743 διεπρά·

2131 767 2310 834 ξαντο,
2339 765 2649 836 ἁπανταχοῦ
2676 782 2735 818 τε
2763 765 2958 828 αὐτοὺς
2990 765 3298 835 διασπεῖραι
3327 761 3696 834 βουληθέντες,

2129 858 2224 911 καὶ
2255 857 2519 911 διελέσθαι
2568 858 2666 928 μὲν
2703 857 2801 929 τὴν
2850 857 2956 928 γῆν
2998 859 3056 911 ἐν
3103 851 3244 930 ᾗπερ
3297 855 3438 909 κατὰ
3473 854 3700 924 γνώμην

2128 946 2305 1018 ᾤκουν
2344 945 2439 1018 τὴν
2475 946 2613 1018 ἐμὴν
2685 946 2807 1017 ἐμοὶ
2868 947 3246 1018 προσήκουσαν
3271 961 3285 974 ο
3339 943 3607 996 διελέσθαι
3642 941 3701 994 δὲ

2130 1040 2316 1110 κλήρῳ
2363 1039 2456 1092 καὶ
2500 1039 2696 1101 αὐτοὺς
2743 1039 2982 1102 ἐκείνους
3008 1055 3020 1066 ·
3066 1023 3434 1107 τετολμήκασι
3474 1035 3530 1088 δὲ
3563 1034 3700 1106 πρὸς

2131 1133 2303 1187 ᾶπασι
2339 1132 2433 1184 καὶ
2468 1132 2594 1195 τοὺς
2623 1130 2681 1198 ἐξ
2711 1129 2889 1184 αὐτῶν
2919 1130 3027 1182 είτε
3057 1128 3248 1192 παῖδας
3279 1127 3388 1180 εἴτε
3412 1126 3507 1178 καὶ
3532 1125 3702 1196 κόρας

468 1214 838 1288 ἀποδίδοσθαι·
870 1229 945 1293 ὡς
966 1228 1032 1282 ἂν
1059 1226 1122 1298 δὴ
1152 1227 1374 1282 ἐκείνων
1401 1227 1482 1288 είς
1526 1224 1728 1294 πόρνας
1761 1242 1821 1278 τε
1864 1225 1962 1295 τὴν
2018 1223 2223 1277 οἰκείαν
2262 1220 2556 1276 ἀκολασίαν
2603 1220 2964 1286 ἐκπληροῖειν,
3005 1221 3102 1274 καὶ
3141 1219 3340 1289 πολλὴν
3382 1217 3553 1289 ἔχοιεν
3599 1214 3704 1285 τῆς

475 1324 640 1396 μέθης
662 1325 760 1394 τήν
784 1321 1060 1394 ἀφθονίαν⁸
1093 1319 1262 1373 ταῦτα
1289 1319 1396 1372 τῶν
1427 1319 1552 1386 περὶ
1580 1317 1670 1370 τὸν
1696 1315 1815 1385 Γὼγ
1843 1318 2028 1370 ἕνεκεν
2055 1313 2309 1385 εἰρηκὼς,
2341 1313 2534 1381 ἐπάγει
2551 1328 2564 1342 ·

513 1473 717 1533 νωυι
739 1479 864 1534 8.-‹
877 1477 1076 1536 Verum
1089 1480 1221 1552 quid
1235 1479 1366 1536 mihi
1377 1487 1432 1536 et
1446 1477 1803 1551 vobis,Tyrns
1814 1485 1867 1532 et
1881 1475 2050 1533 Sidon

2208 1477 2354 1548 Στίχ.
2386 1478 2519 1550 δ’-η’.
2553 1510 2621 1518 —
2655 1479 2795 1532 «Καὶ
2836 1477 2890 1530 τί
2939 1478 3062 1547 ἐμοὶ
3105 1479 3199 1532 καὶ
3230 1478 3562 1550 ὑμῖν,Τύρος
3609 1479 3703 1532 καὶ

477 1578 535 1623 et
550 1577 660 1624 tota
679 1571 1109 1642 alienigenarum
1126 1571 1382 1628 Galilaaa?
1397 1571 1654 1640 Nunquid
1671 1571 1930 1626 ultionem
1954 1582 2032 1623 vos

2139 1569 2304 1624 Σιδὼν
2352 1572 2445 1625 καὶ
2474 1573 2624 1624 πᾶσα
2652 1571 2908 1625 Γαλιλαία
2938 1572 3284 1643 ἀλλοφύλωνς
3336 1571 3428 1643 Μὴ
3467 1571 3704 1626 ἀνταπό·

476 1659 788 1718 retribuetis
809 1658 981 1714 mihi?
1008 1668 1104 1713 aut
1132 1657 1268 1712 iram
1300 1659 1355 1713 in
1379 1657 1546 1713 corde
1574 1658 1820 1713 retinetis
1844 1659 2032 1712 adver-

2139 1661 2272 1732 δομα
2299 1661 2454 1732 ὑμεῖς
2481 1663 2854 1718 ἀνταποδίδοτέ
2899 1681 3022 1735 μοι,
3055 1665 3090 1736 ἢ
3128 1667 3510 1736 μνησικακεῖτε
3545 1665 3702 1733 ὑμεῖς

474 1767 570 1807 sus
603 1750 726 1805 me?
769 1748 892 1804 Cito
937 1747 1308 1819 velaciterque
1337 1748 1558 1804 reddam
1599 1747 2035 1803 vicissitudinem

476 1841 628 1898 vobis
679 1856 844 1912 super
884 1841 1062 1910 capita
1099 1849 1315 1904 vestra;
1354 1854 1451 1910 pro
1474 1855 1536 1894 eo
1580 1839 1725 1910 quod
1753 1846 2035 1910 argentum

473 1948 654 1990 meum
709 1943 1013 2005 aurumque
1061 1931 1308 2001 cepistis,
1354 1939 1408 1986 et
1459 1931 1658 1985 selecta
1701 1945 1930 2001 quaeque
1974 1944 2038 1982 ac

472 2024 700 2096 pulchra
740 2024 796 2078 in
819 2021 1047 2079 delubra
1079 2030 1262 2078 vestra
1292 2021 1577 2084 intulistis,
1615 2027 1670 2075 et
1709 2019 1863 2075 Juda:
1896 2020 2038 2074 ﬁlios

473 2116 719 2186 ﬁliosque
771 2111 1112 2169 Hierusalem
1143 2110 1468 2166 vendidistis
1519 2111 1646 2165 filiis
1697 2109 2034 2173 Graecorum,

473 2217 531 2262 ut
549 2206 824 2276 ejiceretis
851 2219 947 2262 eos
979 2204 1046 2259 de
1075 2202 1275 2258 ﬁnibus
1299 2202 1438 2258 suis.
1463 2200 1606 2256 Ecce
1629 2217 1730 2273 ego
1759 2203 2036 2258 suscitabo

469 2313 565 2354 eos
599 2297 666 2352 de
700 2298 844 2359 loco,
887 2296 940 2348 in
972 2310 1079 2365 quo
1115 2294 1436 2349 vendidistis
1463 2309 1595 2349 eos:
1631 2302 1686 2348 et
1723 2305 2035 2348 convertam

473 2387 886 2442 retributionem
919 2393 1156 2440 vestram
1189 2383 1243 2437 in
1265 2383 1444 2452 capita
1467 2395 1646 2437 vestra
1679 2400 1692 2437 :
1722 2392 1777 2437 et
1807 2381 2035 2437 vendam

471 2478 611 2533 ﬁlios
654 2487 872 2532 vestros
919 2490 984 2530 ac
1031 2475 1169 2530 ﬁlias
1213 2482 1421 2530 vestras
1466 2474 1522 2528 in
1563 2488 1757 2530 manus
1802 2473 2036 2529 ﬁliorum

471 2567 667 2624 Judz:
708 2567 1050 2636 vendentque
1087 2581 1182 2621 eos
1224 2565 1282 2620 in
1319 2565 1695 2635 captivitatem
1735 2567 1881 2636 genti
1919 2567 2039 2620 lon-

474 2662 726 2733 ginqua};
749 2659 1010 2730 quoniam
1048 2655 1309 2712 Dominus
1341 2657 1556 2712 locutus
1583 2665 1686 2712 est.
1727 2675 1746 2708 ι
1778 2657 2038 2723 Quando-

473 2747 689 2822 quidem
715 2748 852 2822 (Ξοεὶ
889 2748 1224 2804 exercituum
1259 2746 1519 2803 adversus
1553 2746 1886 2804 Hierusalem
1920 2749 2038 2805 visa

473 2842 808 2906 incursione,
861 2837 1010 2910 Tyrii
1075 2836 1398 2908 Sidoniique
1453 2845 1508 2893 et
1567 2853 1759 2894 omnes
1822 2838 2037 2894 ﬁnitimi

474 2933 809 3004 alienigenae,
856 2930 1112 2986 idoneum
1153 2937 1370 3000 tempus
1410 2929 1652 2984 oblatum
1699 2929 1804 2985 sibi
1847 2930 2039 2986 existi-

2139 1752 2224 1805 ἐπ’
2257 1752 2414 1822 ἐμοί;
2461 1752 2655 1820 Ὀξέως
2695 1755 2787 1807 καὶ
2833 1753 3041 1825 ταχέως
3079 1753 3438 1809 ἀνταποδώσω
3473 1754 3534 1806 τὸ
3571 1755 3701 1807 άντ-

2137 1842 2382 1914 απόδομα
2402 1843 2553 1915 ὑμῶν
2575 1846 2652 1908 εἰς
2673 1845 2910 1914 κεφαλὰς
2926 1845 3097 1916 ὑμῶν’
3120 1845 3235 1900 ἀνθ’
3256 1838 3330 1899 ὦν
3355 1846 3414 1899 τὸ
3438 1845 3701 1918 ἀργύριον

2138 1931 2354 1984 ἐλάϐετε
2381 1970 2396 1996 ,
2443 1933 2536 1985 καὶ
2568 1932 2635 1986 τὰ
2662 1933 2917 1987 ἐπίλεκτα
2943 1935 3036 1987 καὶ
3063 1934 3134 1988 τά
3165 1935 3306 1990 καλά
3345 1935 3700 2005 εἰσηνέγκατε

2137 2022 2217 2085 είς
2242 2023 2364 2087 τοὺς
2394 2025 2550 2086 ναοὺς
2580 2023 2730 2094 ὑμῶν
2752 2039 2765 2051 ·
2814 2026 2906 2080 καὶ
2930 2027 3055 2088 τοὺς
3078 2027 3224 2090 υἱοὺς
3264 2025 3427 2079 Ἰούδα
3453 2027 3548 2078 καὶ
3578 2026 3703 2087 τοὺς

2139 2116 2286 2178 υίοὺς
2354 2115 2696 2187 Ἰερουσαλὴμ
2741 2116 3003 2170 ἀπέδοσθε
3061 2119 3172 2181 τοῖς
3208 2119 3341 2182 υἱοῖς
3370 2117 3477 2169 τῶν
3517 2115 3707 2186 Ἐλλή--

2138 2221 2264 2266 νων,
2297 2209 2372 2274 (p.
2398 2204 2520 2275 152)
2547 2206 2692 2268 ὅπως
2720 2205 2956 2276 ἐξώσητε
2982 2206 3173 2268 αὐτοὺς
3200 2208 3262 2259 ἐκ
3283 2206 3388 2260 τῶν
3409 2205 3576 2276 ὁρίων
3608 2204 3707 2256 αύ-

2137 2294 2274 2347 τῶνθ
2311 2295 2417 2347 ἰδοὺ
2441 2293 2550 2363 ἐγὼ
2576 2294 2808 2367 ἐξεγερῶ
2839 2295 3036 2358 αὐτοὺς
3074 2299 3138 2350 ἐκ
3163 2295 3254 2348 τοῦ
3286 2296 3472 2360 τόπου,
3503 2289 3566 2348 ab
3600 2296 3708 2348 ἀπ-

2139 2383 2319 2438 έδοσθε
2340 2385 2533 2446 αὐτοὺς
2554 2387 2692 2454 ἐκεῖ,
2707 2387 2799 2438 καὶ
2819 2385 3178 2439 ἀνταποδώσω
3201 2386 3260 2440 τὸ
3281 2386 3523 2454 ἀπόδομα
3551 2383 3707 2453 ὑμῶν

2139 2477 2217 2541 είς
2265 2476 2362 2539 τὰς
2391 2476 2631 2546 κεφαλὰς
2658 2475 2810 2547 ὑμῶν
2834 2493 2848 2507 ο
2896 2477 2991 2532 καὶ
3023 2475 3365 2546 ἀποδώσομαι
3395 2478 3521 2538 τοὺς
3556 2476 3706 2536 υἱοὺς

2140 2567 2292 2639 ὑμῶν
2316 2568 2410 2622 καὶ
2433 2569 2532 2631 τὰς
2559 2567 2858 2638 θυγατέρας
2891 2567 3042 2639 ὑμῶν
3070 2570 3148 2630 είς
3178 2570 3364 2639 χεῖρας
3388 2567 3518 2618 υἱῶν
3570 2566 3704 2618 Ἰού-

2138 2662 2202 2714 δα
2231 2677 2246 2692 ·
2303 2661 2398 2715 καὶ
2441 2659 2810 2715 ἀποδώσονται
2841 2662 3036 2724 αὐτοὺς
3056 2663 3133 2724 είς
3163 2659 3543 2730 αἰχμαλωσίαν
3562 2700 3578 2723 ,
3624 2659 3706 2720 είς

2140 2751 2289 2817 ἔθνος
2319 2754 2533 2825 μακρὰν
2567 2753 2790 2824 ἀπέχον,
2811 2755 2892 2808 ὅτι
2927 2752 3129 2826 Κύριος
3155 2754 3434 2826 ἐλάλησεν.
3457 2772 3476 2806 ι
3525 2754 3706 2805 Ἐπει-

2138 2843 2202 2915 δὴ
2235 2844 2343 2917 γὰρ
2373 2847 2500 2908 τοὺς
2544 2837 2670 2915 περὶ
2708 2844 2798 2898 τὸν
2837 2843 2960 2914 Γὼγ
2993 2846 3241 2908 ἐπιόντας
3269 2845 3572 2917 ἑωρακότες
3604 2844 3705 2912 τὴν

2153 2935 2505 3008 Ἰερουσαλὴμ
2530 2977 2545 3000 ,
2582 2937 2770 3007 Τύριοί
2806 2955 2865 2989 τε
2908 2939 3003 2992 καὶ
3036 2937 3297 3000 Σιδώνιοι,
3321 2937 3520 3000 πάντες
3551 2953 3610 2989 τε
3652 2937 3703 2987 οἱ

474 3033 757 3080 maverant
781 3021 1039 3094 perdendi
1066 3021 1312 3077 funditus
1337 3021 1638 3087 lsraelitas,
1670 3023 1866 3092 quibus
1897 3024 2032 3078 clam

2139 3027 2406 3098 περίοικοι
2429 3029 2540 3079 τῶν
2567 3027 2897 3096 ἀλλοφύλων,
2926 3028 3115 3098 καιρὸν
3145 3027 3286 3098 ἔχειν
3322 3025 3581 3098 ᾠήθησαν
3608 3025 3705 3078 τοῦ

475 3117 878 3182 irascebantur,
903 3122 1125 3186 propter
1148 3113 1288 3169 bella
1316 3129 1502 3169 secum
1532 3123 1705 3185 gesta,
1735 3123 1788 3168 et
1819 3115 2036 3170 illorum

477 3208 588 3265 Deo
625 3207 918 3278 adjuvante
955 3205 1244 3272 victorias;
1290 3203 1498 3260 idcirco
1541 3207 1618 3259 ait
1654 3223 1667 3259 :
1708 3201 1820 3262 Vos
1859 3214 2036 3263 autem

473 3315 575 3356 cur
618 3301 712 3356 ira!
749 3306 999 3361 tenaces,
1040 3305 1095 3352 et
1139 3296 1482 3351 occasionem
1522 3299 1666 3352 nacti
1708 3298 2036 3354 voluntatem

473 3399 714 3448 vestram
743 3387 1017 3461 explendi,
1052 3403 1174 3451 cur.
1213 3389 1459 3458 inquam,
1503 3397 1694 3444 contra
1747 3391 1853 3445 mei
1897 3391 2039 3460 juris

475 3483 734 3554 populum
755 3481 1040 3536 audaciam
1072 3479 1327 3535 sumitis?
1370 3480 1528 3536 Certe
1557 3481 1715 3536 velim
1744 3481 1932 3538 sciatis
1954 3498 2040 3537 me

475 3576 587 3630 cito
621 3581 860 3628 vestrum
887 3571 992 3626 hoc
1029 3571 1319 3626 consilium
1355 3571 1710 3641 puniturum;
1751 3580 2039 3642 propterea

475 3664 620 3736 quod
653 3663 868 3720 illorum
896 3676 1030 3734 opes
1062 3670 1291 3718 cunctas
1309 3663 1603 3733 capientes,
1636 3663 1690 3718 in
1721 3663 1917 3733 templa
1949 3677 2041 3718 ve-

476 3765 592 3812 stra
614 3755 925 3811 contulistis
957 3772 974 3810 :
1008 3753 1233 3824 insuper
1263 3761 1320 3808 et
1348 3754 1591 3823 ipsorum
1626 3753 1768 3809 ﬁlios
1793 3753 2038 3810 vendidi-

477 3849 600 3912 stis,
641 3862 752 3902 non
785 3847 904 3902 sine
935 3860 1031 3914 spe
1058 3845 1318 3915 populum
1347 3845 1660 3902 universum
1690 3843 1889 3903 ﬁnibus
1923 3845 2039 3902 suis

477 3938 822 4008 expellendi;
879 3936 1039 4008 cujus
1084 3935 1341 3992 facinoris
1384 3937 1518 3992 mihi
1567 3952 1758 4008 poenas
1792 3937 2036 3994 dabitis:

477 4043 714 4098 namque
744 4027 869 4083 illos
903 4041 973 4080 ex
1009 4026 1382 4097 angustiarum
1410 4042 1632 4083 suarum
1665 4042 1920 4097 pressura
1944 4042 2035 4083 ex-

479 4117 712 4190 pediam,
767 4118 878 4172 imo
920 4123 976 4172 et
1017 4115 1258 4171 hostium
1300 4131 1445 4171 nunc
1483 4117 1719 4171 victores
1751 4117 1985 4172 efﬁciam
2021 4136 2034 4172 :

476 4210 592 4281 88
624 4215 683 4262 ut
717 4208 798 4264 sic
833 4223 930 4264 vos
959 4222 1274 4263 remunerer
1299 4221 1396 4276 pro
1427 4209 1624 4263 vestris
1649 4209 1909 4264 adversus
1943 4224 2039 4264 eos

480 4299 850 4365 facinoribus;
902 4299 1108 4369 ﬁliique
1151 4299 1320 4354 vestri
1368 4313 1433 4352 ac
1471 4296 1592 4352 ﬁliae
1637 4299 1690 4352 in
1723 4298 2037 4354 servitutem

478 4390 783 4463 rapiantur,
826 4404 892 4445 ac
931 4389 1126 4460 procul
1153 4387 1535 4454 divendantur,
1569 4387 1715 4442 unde
1750 4402 1845 4443 eos
1878 4403 2036 4443 recu-

2067 4358 2114 4417 ο

2139 3117 2415 3183 παντελῶς
2470 3119 2730 3174 ἀπολέσαι
2793 3121 2919 3183 τοὺς
2989 3120 3326 3191 Ἰσραηλίτας
3349 3159 3365 3183 ,
3434 3135 3706 3190 μνησικα-

2137 3209 2360 3274 κοῦντες
2384 3210 2567 3273 αὐτοῖς
2605 3211 2744 3283 ὑπὲρ
2776 3203 2850 3264 ὧν
2884 3211 3302 3282 πεπολεμήκασί
3326 3227 3387 3263 τε
3417 3210 3703 3274 πολλάκις,

2138 3300 2232 3355 καὶ
2257 3305 2656 3373 κεκρατήκασιν
2681 3301 2859 3354 αὐτῶν
2889 3301 2978 3355 διά
3005 3303 3103 3373 τῆς
3145 3301 3291 3365 θείας
3323 3301 3514 3373 ῥοπῆς,
3548 3299 3709 3353 τοῦτο

2137 3389 2322 3458 λέγει’
2372 3390 2558 3461 Ὑμεῖς
2585 3390 2643 3444 δὲ
2685 3390 2829 3454 τίνος
2861 3391 3044 3444 ἕνεκεν
3073 3389 3535 3462 μνησικακοῦντες
3557 3427 3573 3452 ,
3609 3390 3708 3443 καὶ

2138 3482 2327 3550 καιρόν
2377 3484 2627 3552 εὑρόντες
2675 3483 2769 3537 τοῦ
2831 3482 2899 3536 τὰ
2959 3482 3217 3536 δοκοῦντα
3269 3479 3703 3553 διαπράξασθαι,

2135 3571 2357 3626 τοιαῦτα
2382 3573 2524 3626 κατά
2555 3573 2663 3626 τῶν
2705 3574 2829 3645 ἐμοὶ
2873 3575 3257 3646 προσηκόντων
3285 3573 3661 3644 τετολμήκατε
3690 3591 3707 3640 ;

2142 3662 2284 3717 Ἰστε
2324 3665 2432 3735 γὰρ
2459 3666 2540 3718 ὅτι
2583 3665 2748 3732 ὀξέως
2771 3667 2898 3738 ὑμῖν
2924 3667 3110 3731 ἐπάξω
3134 3667 3231 3737 τὴν
3262 3667 3402 3738 ὑπὲρ
3435 3667 3536 3737 τῆς
3565 3666 3710 3734 γνὼ-

2140 3771 2247 3824 μης
2277 3754 2477 3825 ταύτης
2499 3757 2786 3827 τιμωρίαν,
2833 3757 2950 3814 ἀνθ’
2979 3751 3052 3812 ὧν
3086 3757 3300 3812 ἅπαντα
3325 3758 3396 3812 τὰ
3434 3758 3710 3830 προσόντα

2138 3845 2345 3910 τούτοις
2389 3847 2662 3912 λαὸόντες,
2710 3851 2790 3913 είς
2835 3853 2960 3914 τοὺς
2987 3852 3147 3915 ναοὺς
3190 3852 3540 3922 είσηνέγκατε
3577 3853 3709 3914 τοὺς

2138 3936 2432 4008 ὑμετέρους
2465 3955 2479 3968 ·
2533 3938 2612 3998 ἔτι
2660 3939 2716 3994 δὲ
2753 3942 2998 4007 καὶτοὺς
3048 3945 3197 4006 υἱοὺς
3224 3943 3400 3999 αὐτῶν
3431 3943 3709 4015 διαπωλή-

2141 4044 2351 4093 σαντες,
2387 4029 2559 4083 ἐλπίδι
2598 4030 2692 4084 τοῦ
2737 4035 2943 4097 πάντας
2987 4034 3182 4098 αὐτοὺς
3211 4035 3319 4088 τῶν
3347 4035 3510 4106 ὁρίων
3535 4035 3707 4090 ἐκσα-

2137 4117 2249 4171 λεῖν
2275 4119 2382 4174 τῶν
2419 4120 2633 4176 οἰκείων
2653 4137 2667 4150 '
2717 4115 2900 4194 ὧνπερ
2924 4119 3018 4178 οὖν
3043 4125 3185 4194 ὑμᾶς
3213 4125 3578 4196 είσπράξομαι
3625 4125 3707 4179 δί-

2137 4228 2258 4274 κας·
2294 4211 2370 4281 (ρ.
2395 4213 2515 4284 155)
2552 4214 2844 4280 ἀπαλλάξω
2869 4216 2977 4288 γὰρ
3003 4217 3222 4282 τούτους
3244 4218 3340 4288 τῆς
3371 4216 3711 4288 κατεχούσης

2138 4303 2333 4368 αὐτοὺς
2355 4304 2595 4376 ἀνάγκης
2616 4323 2628 4337 ·
2661 4306 2755 4360 νῦν
2779 4308 2835 4362 δὲ
2859 4310 2952 4362 καὶ
2976 4309 3253 4380 κρείττους
3274 4309 3577 4380 ἐργάσομαι
3594 4310 3710 4363 τῶν

2141 4392 2445 4463 πολεμίωνο
2493 4392 2633 4448 ὥστε
2680 4398 2772 4450 καὶ
2819 4397 2946 4467 ὑμῖν
2993 4397 3302 4462 ἀποδοῦναι,
3354 4399 3469 4451 ἀνθ’
3513 4392 3591 4452 ὧν
3631 4400 3708 4462 εἰς

479 4496 674 4552 perare
712 4481 786 4537 sit
825 4480 984 4536 vobis
1037 4478 1397 4549 impossibile.
1450 4475 1546 4532 llis
1575 4477 1742 4532 veluti
1785 4478 2032 4532 vaticinia

2139 4484 2328 4548 αὐτοὺς
2355 4487 2718 4558 τετολμήκατε
2738 4527 2754 4552 ,
2804 4489 2984 4543 λαϐεῖν
3015 4490 3140 4554 τούς
3168 4509 3225 4544 τε
3251 4493 3399 4555 υἱοὺς
3427 4492 3584 4562 ὑμῶν
3615 4493 3709 4546 καὶ

479 4585 582 4627 suo
615 4568 954 4640 interpositis
978 4568 1127 4622 circa
1159 4565 1352 4638 Tyrios
1377 4579 1441 4619 ac
1473 4564 1749 4630 Sidonios,
1781 4578 2043 4624 cunctos-

476 4679 586 4732 que
619 4661 902 4726 ﬁnitimos,
942 4661 1038 4731 qui
1079 4673 1176 4730 per
1213 4656 1346 4713 illud
1389 4663 1607 4727 tempus
1653 4655 1803 4728 Gogo
1832 4657 1900 4711 ad
1944 4656 2044 4713 ,ιυ-

476 4755 717 4809 darorum
756 4754 1053 4824 perniciem
1094 4750 1359 4815 faverant,
1399 4749 1672 4805 sermonis
1713 4750 1798 4804 sui
1845 4751 2040 4806 seriem

475 4846 826 4916 prosequitur
863 4844 942 4901 sic
970 4862 984 4898 :

2137 4575 2236 4638 τὰς
2265 4575 2566 4649 θυγατέρας
2599 4581 2974 4650 αἰχμαλώτους
2999 4598 3014 4613 ⁸
3063 4583 3154 4638 καὶ
3185 4584 3249 4654 δὴ
3285 4585 3378 4636 καῖ⁹
3408 4584 3708 4638 ἀποδόσθαι

2139 4667 2334 4729 αὐτοὺς
2361 4668 2575 4740 μακράν
2608 4686 2710 4722 που
2730 4709 2746 4733 ,
2793 4670 2914 4724 ὅθεν
2951 4671 3071 4725 οὐδὲ
3099 4671 3320 4725 δυνατὸν
3349 4671 3478 4741 ὑμῖν
3505 4673 3708 4736 αὐτοὺς

2139 4756 2518 4814 ἀνασώσασθαι
2566 4759 2644 4814 ἔτι
2668 4777 2684 4793 ο
2732 4761 2902 4816 ταῦτα
2928 4763 3063 4833 πρὸς
3091 4766 3216 4827 τοὺς
3243 4763 3473 4833 Τυρίους
3508 4781 3574 4818 τε
3616 4765 3709 4817 καὶ

2145 4847 2426 4914 Σιδωνίους
2459 4852 2553 4905 καὶ
2592 4854 2718 4916 τοὺς
2759 4855 3171 4925 περιοικοῦντας
3216 4857 3460 4919 ἅπαντας
3502 4873 3709 4927 παρεν-

479 4937 610 5000 θεὶς,
644 4937 720 4999 ὼς
752 4936 818 4990 ἂν
845 4938 962 4989 κατ’
983 4935 1188 4987 ἐκεῖνον
1209 4932 1300 4987 τὸν
1330 4931 1519 5002 καιρὸν
1545 4931 2024 5002 ἐπικεχειρηκότας
2047 4939 2364 5010 συμπρᾶξαι
2382 4942 2495 5004 τοὶς
2519 4943 2660 5013 ἀμφὶ
2677 4945 2768 4998 τὸν
2797 4945 2916 5014 Γὼγ
2932 4947 3023 4999 ἐπὶ
3052 4951 3116 5018 τῇ
3141 4947 3281 5002 κατά
3301 4949 3408 5003 τῶν
3439 4951 3710 5008 Ἰουδαίων

478 5029 741 5099 ἀπωλείᾳ,
770 5028 952 5099 έχεται
977 5028 1077 5098 τῆς
1103 5028 1306 5091 οἰκείας
1331 5025 1666 5091 ἀκολουθίας,
1707 5028 1802 5081 καί
1826 5044 1980 5099 φησιο

553 5204 717 5259 Vens.
743 5203 1316 5258 9-12.—cPraedicate
1351 5203 1462 5255 haec
1489 5201 1544 5254 in
1579 5199 1853 5269 gentibus,
1895 5218 2021 5257 san-

479 5295 713 5351 t-tiﬂcate
759 5296 982 5358 bellum,
1009 5296 1274 5348 suscitate
1308 5303 1658 5364 pugnatores.
1707 5293 1948 5348 accedite
1981 5303 2036 5348 et

479 5385 984 5448 ascendite,omnes
1030 5383 1360 5440 bellatores:
1405 5383 1673 5437 concidite
1709 5391 1891 5437 aratra
1938 5400 2034 5438 ve-

481 5485 593 5531 stra
631 5476 684 5528 in
714 5475 942 5544 gladios,
977 5481 1030 5530 et
1061 5472 1230 5528 falces
1249 5483 1458 5528 vestras
1490 5473 1544 5526 in
1585 5473 1804 5528 lanceas
1832 5492 1844 5527 :
1884 5473 2040 5526 inﬁr-

481 5581 602 5621 mus
625 5567 788 5631 dicat,
813 5563 990 5621 Fortis
1019 5581 1118 5636 ego
1143 5579 1263 5620 sum
1292 5583 1306 5619 :
1334 5563 1732 5634 congregemini
1753 5573 1808 5618 et
1839 5565 2035 5626 venite,

479 5672 669 5714 oiunes
697 5669 886 5728 gentes
917 5658 984 5712 de
1020 5657 1277 5727 circuitu,
1322 5664 1378 5712 et
1425 5655 1552 5710 illuc
1591 5659 2034 5714 coacervemini:

2200 5206 2344 5276 Στίχ.
2374 5205 2540 5277 θ’-ιβ’.
2574 5239 2644 5249 -
2677 5212 2990 5284 «Κηρύξατε
3017 5216 3188 5272 ταῦτα
3211 5220 3269 5270 ἐν
3299 5222 3411 5284 τοῖς
3459 5221 3705 5276 ἔθνεσιν·

2132 5295 2390 5364 ἁγιάσατε
2432 5298 2693 5369 πόλεμονο
2723 5303 3027 5374 ἐξεγείρατε
3073 5307 3198 5370 τοὺς
3225 5312 3502 5380 μαχητάς·
3539 5331 3707 5384 προσο

2131 5389 2365 5456 αγάγετε
2403 5392 2494 5444 καὶ
2527 5392 2864 5460 ἀναϐαίνετε,
2899 5398 3096 5462 πάντες
3132 5401 3324 5473 ἄνδρες
3357 5404 3702 5476 πολεμισταί*

2117 5481 2436 5550 ,συγκόψατε
2482 5483 2552 5537 τὰ
2587 5485 2790 5556 ἄροτρα
2853 5489 3006 5558 ὑμῶν
3049 5493 3128 5554 είς
3174 5493 3470 5562 ῥομφαίας,
3517 5499 3613 5551 καὶ
3642 5497 3703 5550 τά

2133 5571 2372 5642 δρέπανα
2409 5575 2562 5645 ὑμῶν
2587 5579 2667 5640 εἰς
2701 5579 3074 5649 συρομάσταςο
3108 5583 3137 5634 ό
3177 5584 3441 5649 ἀδύνατος
3478 5589 3702 5655 λεγέτω,

2132 5663 2214 5715 ὅτι
2254 5662 2439 5734 Ἰσχύω
2481 5666 2629 5734 ἐγώ·
2688 5669 3096 5741 συναθροίζεσθε
3149 5674 3241 5728 καὶ
3295 5677 3702 5748 ιίσπορεύεσθι,
