3824 6224
171 325 276 382 237

1186 337 1738 396 COMMENTAMUS
1764 341 1836 395 1N
1874 340 2105 398 JOELIS
2132 344 2283 402 CAP.
2326 347 2414 403 “1.

3302 365 3410 423 23

179 440 356 495 πάντα
399 438 468 493 τὰ
516 440 665 513 ἔθνη,
710 444 991 510 κυκλόθεν,
1034 449 1127 501 καὶ
1174 450 1473 522 συνάχθητε
1522 453 1667 505 ἐκεῖ·
1720 454 1738 505 ἐ

1850 457 1942 523 qui
1997 467 2314 516 mansuetus
2358 472 2494 527 erat,
2548 464 2643 518 fiat
2692 466 2937 526 bellator.
2990 491 3009 525 ι
3062 472 3212 531 Sicut
3250 488 3411 535 ante:

179 531 355 599 πρθος
384 531 536 586 ἔσται
566 534 917 607 πολεμιστής.
946 556 965 588 ι
1015 539 1101 601 Ὠς
1136 538 1245 613 γὰρ
1279 538 1433 597 εἶπεν
1470 544 1744 615 ἀνωτέρω,

176 618 263 672 ὅτι
290 621 511 685 Συνάξω
535 624 729 688 αὐτοὺς
757 625 844 679 διὰ
872 626 970 697 τὴν
995 630 1398 701 προρρηθεῖσαν
1425 634 1625 699 αἰτίαν,
1658 634 1748 688 οὔ·

176 726 259 761 τω
302 712 579 766 κάνταῦθα
625 714 700 778 ὡς
752 715 820 771 ἂν
873 718 1034 783 αὐτὸς
1081 721 1264 784 αὐτοῖς
1307 724 1744 796 ἐγκελευόμενος.

180 800 453 865 Ἅπαντες
486 803 573 873 δὴ,
608 808 792 876 φησὶν,
827 808 1011 862 ὁπόσοι
1042 810 1243 882 ταύτην
1268 813 1419 883 ἔχετε
1460 816 1558 886 τὴν
1605 817 1746 886 γνώ-

181 910 292 963 μην
318 895 459 950 κατά
490 898 598 951 τῶν
638 900 765 969 ἐμοὶ
806 903 1205 973 προσηκόντων,
1240 908 1378 977 μετά
1414 910 1614 980 πολλῆς
1648 912 1746 981 μέν

178 987 480 1057 συνάχθητε
502 991 601 1058 τῆς
634 992 869 1063 σπουδῆς
899 1009 913 1023 ⁸
964 998 1369 1068 συγκροτήσατε
1398 1001 1454 1053 δὲ
1484 1001 1618 1071 πρὸς
1648 1004 1747 1056 αὑ·

175 1081 302 1141 τοὺς
335 1080 589 1150 πόλεμον·
621 1082 845 1155 (p.154)
886 1086 980 1140 καὶ
1011 1087 1074 1158 δὴ
1116 1090 1211 1142 καὶ
1242 1090 1314 1142 τὰ
1346 1092 1446 1162 τῆς
1474 1095 1744 1164 γεωργίας

175 1168 383 1238 ὃργανα
428 1175 507 1235 είς
534 1172 712 1227 ὅπλων
739 1176 995 1245 μετάθετε
1026 1179 1241 1251 χρῆσιν,
1284 1182 1359 1246 ὡς
1386 1183 1452 1237 ἂν
1477 1185 1745 1255 ἀρκοῦντα

178 1261 279 1330 μὲν
309 1261 481 1331 ἔχοιτε
509 1264 578 1316 τὰ
616 1266 753 1319 δπλα
798 1267 876 1337 τῷ
922 1269 1112 1341 πλήθει
1158 1272 1268 1325 τῶν
1306 1275 1563 1329 ἐπιόντων
1597 1295 1611 1309 ο
1660 1278 1746 1332 διὰ

173 1350 437 1406 πλειόνων
458 1354 676 1409 εὔκολον
705 1358 831 1427 ὑμῖν
856 1360 962 1430 εἴη,
1001 1361 1143 1416 καθά
1166 1364 1500 1435 προῇρησθε,
1530 1368 1745 1422 πάντων

172 1442 512 1513 ἐργάσασθαι
538 1447 645 1501 τῶν
679 1447 1024 1521 Ἰσραηλιτῶν
1046 1454 1144 1525 τὴν
1173 1454 1631 1513 ἀπώλειαν.οΕἷτα
1650 1460 1742 1513 τοῦ

169 1530 439 1603 διεγεῖραι
465 1536 601 1606 πρὸς
626 1537 716 1591 τὸν
739 1539 975 1612 πόλεμον
1001 1542 1196 1607 αὐτοὺς
1223 1545 1320 1615 τὴν
1348 1546 1522 1600 αἰτίαν
1551 1548 1740 1615 λέγων’

175 1641 199 1672 ‹
224 1623 607 1695 Ἐξεγειρέσθω
628 1629 721 1683 καὶ
749 1631 1083 1686 ἀναϐαινέτω
1112 1635 1285 1689 πάντα
1312 1636 1379 1689 τὰ
1402 1636 1526 1708 ἔθνη
1550 1641 1629 1702 είς
1650 1639 1745 1710 τὴν

166 1713 401 1767 κοιλάδα
460 1717 764 1787 Ἰωσαφάτ,
822 1722 902 1775 ὅτι
952 1723 1072 1776 ἐκεῖ
1115 1724 1288 1778 καθιῶ
1332 1727 1425 1779 τοῦ
1471 1728 1741 1800 διακρῖναι

164 1806 349 1858 πάντα
373 1806 442 1860 τά
468 1808 594 1879 ἔθνη
624 1811 901 1865 κυκλόθεν.
927 1830 946 1863 ι
988 1814 1129 1867 nam
1155 1814 1264 1886 γὰρ
1294 1816 1419 1887 ύμῖν
1450 1791 1740 1873 κατά-ταυ-
1773 1791 1815 1849 Β

165 1894 260 1947 τὸν
290 1898 559 1953 συνελθεῖν
589 1900 927 1972 βουλομένοις
957 1904 1097 1958 κατὰ
1123 1904 1232 1959 τῶν
1260 1908 1359 1978 τὴν
1389 1909 1740 1981 Ἰερουσαλὴμ

167 1987 483 2053 οἰκούντων,
516 1992 793 2062 ἐπιτρέπω
824 1994 982 2048 τοῦτο
1007 1999 1182 2049 ποιεῖν
1206 2013 1220 2026 ⁸
1256 1999 1331 2061 ὡς
1356 1998 1420 2053 ἂν
1446 2001 1629 2055 αὐτόοι
1662 2001 1739 2054 δί-

1847 546 2076 615 dixerat,
2106 566 2165 605 se
2196 552 2319 607 illos
2347 555 2419 609 ob
2447 556 2761 624 praedictam
2785 576 3006 617 causam
3028 566 3408 639 collecturmn,

1847 638 1922 691 ita
1983 655 2129 694 nunc
2192 658 2343 697 more
2411 644 2731 714 imperantis
2790 650 2932 708 idem
2989 654 3194 712 eisdem
3253 638 3407 720 dicit.

1846 728 2062 791 Cuncti,
2098 733 2295 801 inquit,
2325 737 2416 803 qui
2447 736 2547 791 hac
2570 748 2749 794 mente
2774 744 2908 799 estis
2937 745 3203 803 adversus
3236 765 3410 816 meos,

1848 822 2018 875 multa
2057 839 2183 878 cum
2219 826 2571 885 festinatione
2601 836 3019 905 congregemini,
3047 839 3247 897 bellum
3273 858 3408 899 eon-

1846 917 1929 963 tra
1978 912 2077 968 hos
2116 916 2370 981 conflate,
2411 929 2464 974 et
2511 922 2627 993 ipsa
2666 926 3012 995 agriculturae
3050 932 3411 990 instrumenta

1846 1002 1912 1056 ad
1967 1019 2242 1062 armorum
2301 1026 2458 1066 usum
2496 1018 2920 1080 accommodate,
2961 1029 3023 1075 ut
3057 1023 3411 1081 sufﬁcientem

1846 1093 2181 1149 multitudini
2211 1098 2444 1155 militum
2481 1118 2756 1161 armorum
2779 1111 2991 1179 copiam
3025 1112 3291 1169 habeatis.
3320 1114 3413 1170 Sic

1855 1191 2018 1237 aucto
2078 1201 2341 1254 numero,
2401 1190 2560 1249 facile
2611 1197 2762 1252 vobis
2817 1200 2945 1263 erit,
3006 1210 3170 1270 prout
3219 1203 3407 1270 vultis,

1852 1273 2218 1331 lsraelitarum
2268 1282 2507 1337 omnium
2544 1287 2812 1342 excidium
2847 1301 3174 1360 perpetrare.
3210 1293 3412 1350 Deinde

1845 1381 2066 1421 causam
2096 1385 2401 1440 exponens.
2430 1376 2501 1430 ob
2531 1393 2693 1446 quam
2734 1380 2858 1435 illos
2892 1384 2958 1435 ad
3002 1383 3204 1438 bellum
3233 1387 3412 1442 susci-

1848 1462 2060 1523 taverit,
2100 1480 2119 1513 l
2155 1463 2525 1537 Consurgant,
2565 1470 2763 1541 inquit,
2799 1482 2851 1527 et
2882 1477 3180 1532 ascendant
3219 1494 3411 1537 omnes

1846 1561 2030 1617 gentes
2047 1553 2101 1607 in
2119 1555 2307 1610 vallem
2333 1556 2754 1633 Josaphat,quia
2776 1565 2850 1620 ibi
2878 1568 3083 1623 sedebo
3103 1568 3410 1639 utjudicem

1845 1656 2034 1699 omnes
2055 1654 2241 1715 gentes
2273 1650 2325 1703 in
2371 1652 2621 1708 circuitu.
2662 1673 2683 1707 ι
2727 1655 2927 1712 Omnes
2962 1674 3081 1725 vos,
3121 1662 3215 1730 qui
3245 1660 3414 1716 simul

1846 1734 2009 1790 vultis
2035 1736 2295 1793 adversus
2326 1739 2663 1798 Hierusalem
2698 1745 2907 1803 incolas
2937 1752 3189 1819 praeliari,
3228 1752 3283 1809 id
3310 1767 3412 1823 ego

1846 1832 1905 1878 ut
1931 1828 2102 1894 agatis
2138 1830 2349 1898 sinam;
2377 1834 2503 1903 quia
2536 1836 2648 1890 illic
2678 1852 2868 1907 poenas
2891 1839 2959 1895 de
2986 1842 3215 1896 audacia
3249 1852 3302 1897 et
3330 1843 3411 1897 fa-

1844 1918 2026 1971 cinore
2073 1919 2179 1974 isto
2230 1939 2464 1988 sumam,
2517 1942 2715 1983 omnes
2770 1944 3179 2001 quaqueversus
3244 1935 3409 1989 variis

1845 2010 2112 2066 mortibus
2138 2013 2451 2071 absumens.
2488 2019 2627 2083 Quid
2654 2023 2815 2091 ergo?

162 2094 273 2139 κας
306 2078 449 2149 ὑμᾶς
473 2082 870 2155 είσπραξαίμην
898 2085 992 2139 τοῦ
1032 2105 1090 2140 τε
1123 2088 1471 2162 τολμήματος
1524 2094 1617 2145 καὶ
1664 2095 1763 2164 τῆς
1809 2099 2193 2171 ἐπιχειρήσεως
2237 2107 2456 2178 ταύτης,
2496 2078 2746 2175 ἀπανταέ
2775 2115 3106 2185 πανταχόθεν
3147 2117 3413 2173 ποικίλοις

169 2164 376 2219 ἀνελὼν
398 2168 667 2234 θανάτοις.
699 2172 762 2223 Τί
787 2169 917 2243 οὖν;

239 2288 387 2359 Στίχ.
421 2296 508 2357 ιγ’.
534 2319 603 2329 —
637 2310 655 2341 ι
678 2292 1123 2357 Ἐξαποστείλατε
1167 2296 1440 2370 δρέπανα,
1482 2302 1563 2353 ὅτι
1598 2319 1737 2371 παρ-

154 2374 395 2443 έστηκεν
417 2378 445 2428 6
466 2379 747 2449 τρυγητός
772 2381 1172 2454 εἰσ-πορεύεσθε,
1195 2390 1435 2456 πατεῖτε,
1457 2391 1588 2444 διότι
1613 2393 1737 2462 πλή-

156 2481 267 2535 ρης
292 2467 325 2536 ή
349 2465 527 2537 ληνὸς,
560 2469 875 2540 ύπερχεῖται
905 2473 972 2526 τὰ
1000 2475 1286 2545 ὑπολήνια’
1316 2478 1399 2531 ὅτι
1424 2480 1734 2552 ἐπληθύνθη

157 2555 235 2607 τὰ
268 2557 416 2610 κακά
449 2558 646 2613 αὐτῶν.
679 2579 699 2611 ι
746 2562 1006 2628 Τοσοῦτος
1049 2566 1154 2637 γὰρ
1192 2566 1343 2621 ἔσται
1376 2570 1533 2639 φόνος
1557 2572 1734 2626 αὐτῶν

157 2645 264 2696 καὶ
284 2646 520 2717 τοσαύτη
542 2648 746 2713 πτῶσις
764 2652 978 2706 πάντων
993 2656 1167 2709 αὐτῶν
1190 2659 1308 2710 κατ’
1329 2659 1568 2731 ἀλλήλων
1591 2663 1736 2716 ὁπλι-

159 2736 444 2805 ζομένων,
496 2738 636 2793 ὥστε
669 2745 781 2805 τοῖς
809 2744 906 2815 τὴν
946 2745 1200 2800 Ἰουδαίαν
1230 2749 1469 2803 οἰκοῦσιν
1505 2753 1632 2823 ὑμῖν
1660 2755 1733 2826 μὴ

159 2824 540 2914 πολέμου-δεῖν
559 2847 570 2858 ·
596 2831 730 2885 ἀλλά
755 2834 861 2903 γὰρ
880 2835 1083 2889 οἴεσθαι
1109 2841 1376 2909 τρυγητόν
1400 2858 1520 2895 τινα
1546 2824 1735 2914 ποιρείἐ

159 2932 275 2977 ναι,
309 2915 367 2968 ἐν
398 2910 548 2989 ᾧπερ
581 2919 860 2991 δρεπάνων
883 2926 1040 2995 χρεία
1070 2926 1125 2983 δὲ
1156 2930 1248 2982 καὶ
1278 2930 1385 2982 τῶν
1425 2933 1737 2993 πατούντων

159 3004 268 3075 τὴν
292 3005 471 3076 ληνόν,
501 3010 576 3074 ὡς
612 3011 677 3064 ἂν
710 3014 1087 3087 ἐκθλιϐόμενος
1112 3015 1253 3083 οἶνος
1285 3022 1451 3094 ἐκρέῃ
1475 3040 1487 3052 ·
1530 3027 1736 3078 τοιοῦτο

162 3097 282 3166 γὰρ
307 3096 370 3169 δή
398 3116 449 3152 τι
479 3102 572 3153 καὶ
611 3102 703 3155 νῦν
732 3106 1013 3173 γίγνεται·
1060 3109 1135 3179 (p.
1168 3112 1291 3177 155)
1333 3113 1515 3185 ἐπειδὴ
1556 3117 1661 3186 γὰρ
1710 3121 1737 3170 6

165 3194 411 3265 πόλεμος
454 3200 519 3269 τῇ
549 3198 773 3271 δυνάμει
815 3204 1172 3275 κατορθοῦται
1204 3209 1344 3279 ἐμῇ,
1393 3209 1487 3261 καὶ
1536 3210 1736 3274 πάντες

156 3282 446 3339 ἐκκεινται
478 3291 597 3351 ταῖς
647 3294 895 3359 σφαγαῖς,
945 3295 1088 3364 ὑμᾶς
1134 3297 1237 3367 χρὴ
1285 3299 1557 3369 παρόντας
1603 3303 1736 3373 ὀρᾷν

160 3379 441 3448 τρυγητοῢ
494 3380 591 3453 μὲν
639 3382 794 3455 δίκην
840 3383 1025 3458 ὥσπερ
1071 3388 1221 3453 τινας
1265 3389 1494 3462 βότρυας
1544 3411 1735 3463 τεμνο-

166 3466 371 3537 μένους
414 3485 472 3521 τε
495 3510 509 3530 ,
545 3470 637 3522 καὶ
684 3471 768 3524 ἐπ’
801 3472 1045 3544 ἀλλήλοις
1096 3475 1394 3542 πίπτοντας
1445 3484 1561 3545 ταῖς
1597 3499 1735 3551 σφα-

164 3561 295 3626 ταῖς
316 3574 330 3589 ο
377 3559 499 3613 καθ’
528 3562 816 3634 ὁμοιότητα
837 3564 893 3617 δέ
914 3564 1077 3636 ληνοῦ
1111 3569 1451 3641 πατουμένης
1481 3573 1739 3643 ὑπερχεό-

174 3668 337 3721 μενον
364 3651 423 3704 τὸ
449 3652 556 3705 τῶν
585 3655 991 3726 ἀναιρουμένων
1028 3655 1165 3729 αἷμα
1200 3677 1213 3689 ·
1258 3660 1429 3722 οὕτως
1462 3664 1637 3716 αὐτῶν
1669 3665 1739 3719 τὰ

168 3740 318 3794 κακὰ
364 3741 815 3814 πληθυνθήσεται,
860 3746 953 3799 καὶ
1000 3749 1252 3815 τοσοῦτος
1297 3752 1472 3805 αὐτῶν
1516 3755 1543 3809 ό
1583 3754 1738 3823 φόνος

169 3834 480 3904 γενήσεται,
517 3837 613 3906 οἰχ
648 3837 798 3907 ὑμῶν
826 3837 1224 3910 πολεμούντων,
1259 3843 1373 3896 ἀλλ’
1409 3844 1630 3899 ἐκείνων
1662 3848 1739 3908 εἰς

166 3923 434 3993 ἀλλήλους
465 3926 561 3989 τὰς
588 3926 793 3991 οἰκείας
822 3929 1128 3998 τρεπόντων
1159 3931 1358 3996 δεξιὰς,
1396 3934 1535 3988 κατὰ
1562 3934 1623 3987 τὸ
1651 3935 1734 3987 δο-

172 4011 304 4068 κοῦν
328 4015 469 4085 ἐμοί.
504 4012 639 4068 Εἶτα
665 4017 847 4071 καὶτὰ
875 4018 1001 4090 ἑξῆς
1028 4020 1335 4085 ἀκολούθως
1367 4022 1535 4092 λέγει.

241 4126 390 4195 Στίχ.
422 4124 596 4191 ιδ-ιζ.
637 4158 687 4168 -
739 4146 758 4180 ι
800 4124 965 4199 Ἷὶχοι
1011 4129 1284 4201 ἐξήχησαν
1319 4133 1377 4184 ἐν
1418 4136 1483 4202 τῇ
1536 4134 1737 4187 κοιλάδι

171 4218 275 4286 τῆς
305 4217 480 4287 δίκης,
529 4220 611 4272 δτι
653 4221 818 4288 ἐγγὺς
859 4221 1043 4291 ἡμέρα
1076 4223 1280 4292 Κυρίου
1329 4225 1387 4275 ἐν
1434 4226 1499 4294 τῇ
1536 4224 1738 4278 κοιλάδι

126 4338 129 4341 ι
169 4312 273 4379 τῆς
303 4308 476 4378 δίκης.
521 4328 540 4360 ι
579 4309 802 4381 Φοὸεροὶ
829 4313 939 4381 γὰρ
970 4308 1094 4383 ἦχοί
1120 4331 1262 4377 τινες
1292 4315 1354 4367 ἐκ
1377 4314 1468 4366 τοῦ
1504 4314 1738 4385 πλήθους

1915 2300 2078 2359 γωδ.
2104 2304 2187 2358 l5.
2211 2334 2279 2347 --
2300 2326 2318 2358 ι
2348 2306 2543 2365 Mittite
2561 2310 2746 2377 falces,
2766 2315 3018 2380 quoniam
3042 2316 3195 2372 adest
3218 2318 3407 2372 vinde-

1838 2396 1965 2450 mia:
1982 2396 2222 2462 immite,
2237 2402 2462 2469 calcate,
2475 2404 2600 2473 quia
2614 2405 2829 2474 plenum
2847 2417 2930 2462 est
2946 2411 3204 2471 torcular,
3218 2411 3411 2466 redun-

1839 2488 1971 2542 dant
1994 2492 2273 2559 supposita
2292 2493 2448 2547 solia.
2462 2512 2481 2546 ι
2502 2493 2672 2551 Tanta
2690 2496 2796 2552 erit
2819 2499 3031 2553 illorum
3052 2502 3276 2566 occisio,
3293 2512 3411 2555 tau-

1840 2586 2003 2648 taque
2031 2590 2241 2651 strages
2263 2583 2375 2655 89
2393 2584 2627 2641 hostium
2662 2588 2717 2642 in
2742 2597 2983 2644 mutuam
3005 2592 3204 2648 caedem
3255 2609 3407 2649 arma

1836 2672 2184 2734 vertentium,
2225 2683 2285 2728 ut
2332 2676 2487 2731 vobis
2541 2676 2740 2734 Iudaeae
2780 2680 2974 2736 incolis
3016 2698 3257 2753 pugnare
3299 2700 3409 2741 non

1835 2762 1906 2817 sit
1927 2766 2295 2822 necessarium
2332 2786 2344 2820 :
2387 2767 2717 2825 vindemiam
2747 2772 3043 2843 quamdam
3074 2777 3277 2831 instare
3305 2792 3405 2846 pu—

1834 2855 1981 2919 tetis,
2020 2858 2107 2910 cui
2147 2858 2454 2915 recidenda;
2495 2861 2730 2920 falcibus
2762 2879 2900 2933 opus
2938 2873 3064 2921 est:
3106 2868 3234 2923 item
3264 2884 3404 2938 opus

1835 2946 1943 2999 erit
2003 2949 2347 3005 calcantibus
2416 2953 2710 3013 torcularc.
2758 2963 2816 3009 ut
2869 2972 3187 3024 expressnm
3217 2961 3402 3014 vinum

1838 3030 2017 3088 efﬂuat
2064 3052 2239 3091 :rnam
2286 3045 2339 3092 et
2380 3055 2525 3095 nunc
2562 3042 2745 3099 simile
2785 3046 2916 3113 quid
2958 3046 3071 3101 fieri
3114 3051 3402 3122 contingi.

1840 3122 1977 3188 Quia
1998 3128 2141 3181 enim
2174 3127 2371 3184 bellum
2415 3134 2655 3200 pctentia
2693 3149 2811 3189 mea
2837 3136 3068 3193 feliciter
3090 3141 3318 3210 geritur,
3350 3151 3405 3197 et

1838 3231 2027 3271 mnnes
2076 3218 2315 3274 caedibus
2344 3223 2765 3290 conti-aduritur,
2801 3242 2897 3282 vos
2937 3230 3154 3299 quidem
3191 3242 3405 3303 specta-

1838 3309 1960 3363 rulo
1989 3308 2181 3365 adesse
2209 3310 2384 3377 decet,
2417 3323 2725 3385 spectantes
2762 3326 3021 3390 tanquam
3050 3321 3105 3376 in
3133 3324 3402 3381 vindemia

1840 3412 2178 3454 racemorum
2207 3402 2380 3457 instar
2411 3404 2573 3459 veluti
2602 3421 2793 3473 caesos,
2827 3415 2881 3463 et
2901 3411 3105 3467 mutuis
3129 3413 3403 3484 stragibus

1841 3485 1989 3540 humi
2022 3497 2349 3557 prostratos,
2402 3500 2457 3547 et
2493 3496 2650 3562 quasi
2688 3495 2759 3551 de
2799 3500 3057 3555 torculari
3086 3501 3295 3557 calcato
3325 3506 3404 3561 ef-

1839 3576 2093 3632 fluentem
2138 3581 2447 3636 occisorum
2490 3585 2831 3655 sanguinem.
2882 3585 2974 3643 Sic
3014 3604 3202 3647 eorum
3260 3595 3400 3647 mala

1838 3670 2286 3740 cumulabuntur;
2308 3682 2566 3747 tantaque
2591 3676 2680 3732 fiet
2707 3678 2952 3749 ipsorum
2987 3681 3214 3747 occisio,
3256 3682 3399 3737 haud

1838 3764 2206 3831 pugnantibus
2230 3766 2403 3830 vobis.
2428 3769 2525 3824 sed
2545 3769 2655 3823 illis
2676 3778 2863 3825 contra
2892 3786 2953 3827 se
2974 3780 3163 3828 mutuo
3182 3774 3403 3835 dextras

1842 3856 2201 3912 vertentibus.
2242 3856 2447 3915 Deinde
2484 3870 2536 3915 et
2563 3862 2771 3931 reliqua
2815 3873 3186 3919 consentanea
3210 3874 3402 3923 tenore

1840 3949 2204 4015 prosequitur.

1909 4122 2075 4178 Vatis.
2116 4124 2300 4179 14-17.
2330 4158 2401 4168 -
2433 4146 2453 4176 ι
2496 4126 2720 4184 Sonitus
2750 4132 2989 4186 exauditi
3030 4142 3160 4188 sunt
3191 4136 3243 4189 in
3266 4136 3404 4191 valle

1833 4214 2047 4283 judicii,
2071 4216 2198 4285 quia
2216 4232 2383 4287 prope
2414 4226 2499 4274 est
2523 4219 2640 4276 dies
2657 4220 2872 4279 Domini
2904 4225 2960 4279 in
2986 4226 3124 4280 valle
3141 4228 3351 4294 judicii.
3376 4248 3396 4281 ι

1838 4303 1971 4358 Nam
1998 4307 2210 4361 sonitus
2238 4307 2457 4377 quidam
2494 4311 2764 4368 terribiles
2793 4329 2857 4368 ex
2879 4316 3183 4373 occisorum
3214 4320 3268 4373 in
3299 4320 3400 4375 hac

166 4400 278 4453 τῶν
299 4400 700 4471 ἀναιρουμένων
733 4402 825 4455 ἐπὶ
854 4405 952 4473 τῆς
984 4404 1227 4467 κοιλάδος
1259 4407 1573 4477 γενήσονται
1602 4408 1735 4462 ταύ-
1768 4407 1811 4461 D
1835 4397 1978 4451 ’δυο
2007 4397 2354 4454 ωυιιίίυάίηθ
2381 4399 2531 4465 ﬁent,
2580 4402 2633 4456 ίη
2664 4418 2770 4472 qua
2801 4419 2990 4473 Ρωηδδ
3034 4409 3103 4460 ab
3137 4409 3216 4464 eis
3241 4425 3400 4481 Γερο·

166 4508 288 4561 της,
321 4492 379 4543 ἐν
476 4490 534 4543 δὲ
558 4490 656 4554 τάς
680 4491 836 4555 δίκας
878 4494 1074 4557 αὐτοὺς
1100 4494 1463 4565 είσπράξομαι
1491 4496 1584 4550 τοῦ
1614 4496 1735 4550 καθ’

169 4581 325 4651 ὑμῶν
351 4581 694 4651 τολμήματος
718 4598 730 4611 ·
763 4583 982 4637 κοιλάδα
1012 4583 1121 4655 γὰρ
1153 4583 1428 4665 δίκηςντὴν
1470 4585 1562 4639 τοῦ
1622 4588 1736 4640 ἰω-

172 4672 353 4741 σαφάτ
378 4673 652 4737 ἐκάλεσεν,
690 4674 798 4728 ἀπὸ
829 4674 929 4745 τῆς
966 4676 1235 4747 τιμωρίας
1258 4677 1356 4747 τῆς
1388 4677 1576 4731 αὐτόθι
1607 4679 1739 4748 μελ-

170 4762 368 4834 λούσης
392 4763 689 4831 ἐπάγεσθαι
718 4764 943 4828 ἐκείνοις
973 4766 1123 4836 παρὰ
1148 4765 1240 4820 τοῦ
1270 4767 1423 4820 Θεοῦ.
1449 4786 1471 4819 4
1511 4768 1569 4821 Ὀ
1589 4769 1738 4839 ἥλιος

168 4856 326 4926 καὶὴ
361 4855 556 4927 σελήνη
590 4857 996 4919 συσκοτάσουσι,
1030 4857 1126 4910 καὶ
1171 4858 1221 4910 οἱ
1254 4858 1481 4929 ἀστέρες
1519 4858 1737 4911 δύσουσι

169 4948 235 5001 τὸ
284 4948 485 5016 φέγγος
534 4947 731 5000 αὐτῶν.
800 4967 818 4999 ι
888 4948 1218 5012 ’Δκολούθως
1276 4946 1448 5013 εἶπεν,
1499 4952 1583 5004 ὅτι
1625 4953 1738 5014 τοῖς

172 5036 586 5107 ἀναιρουμένοις
614 5037 713 5089 οὐκ
742 5036 893 5089 ἔσται
927 5037 1040 5106 φῶς
1059 5055 1073 5069 ·
1102 5039 1248 5101 ὅπως
1284 5038 1347 5110 δὴ
1377 5039 1548 5093 ταῦτα
1579 5043 1738 5111 γενή-

175 5145 331 5182 σεται
378 5129 573 5199 δηλῶν,
602 5129 831 5198 ἐπάγει·
864 5148 886 5181 ι
937 5131 995 5183 '0
1028 5130 1084 5183 δὲ
1127 5130 1328 5203 Κύριος
1375 5132 1736 5204 ἀνακράξεται

170 5222 241 5274 ἐκ
284 5219 447 5274 Σιών·
498 5221 893 5292 ἀνακράξεται,
942 5221 1037 5274 καὶ⁵
1076 5221 1134 5288 ἐξ
1174 5222 1524 5294 Ἰερουσαλήμ
1575 5221 1737 5276 δώσει

171 5313 357 5383 φωνὴν
389 5312 576 5377 αὑτοῦ,
612 5313 705 5367 καὶ
736 5312 1080 5384 σεισθήσεται
1113 5316 1141 5367 6
1181 5314 1406 5385 οὐρανὸς
1439 5315 1532 5367 καὶ
1567 5315 1601 5386 ὴ
1634 5314 1734 5385 γῆ·

168 5407 199 5457 6
225 5404 282 5457 δὲ
317 5403 520 5476 Κύριος
552 5404 794 5473 φείσεται
820 5404 914 5458 τοῦ
951 5404 1080 5457 λαοῦ
1113 5404 1275 5459 αὑτοῦ
1298 5421 1310 5433 ·
1345 5404 1440 5459 καὶ
1471 5405 1738 5476 ἐνισχύσει

169 5496 376 5566 Κύριος
411 5498 536 5560 τοὺς
580 5498 727 5560 υἱοὺς
768 5496 1012 5568 Ἰσραήλ⁸
1049 5497 1139 5550 καὶ
1173 5495 1443 5564 γνώσεσθε
1495 5498 1576 5550 ὅτι
1628 5496 1738 5567 ἐγὼ

172 5587 380 5658 Κύριος
428 5588 457 5639 6
500 5585 631 5649 Θεὸς
677 5584 853 5657 ὑμῶν,
898 5585 1250 5655 κατασκηνῶν
1280 5587 1338 5638 ἐν
1365 5585 1501 5640 Σιὼν
1532 5588 1590 5639 ἐν
1623 5586 1737 5657 ὄρει

170 5680 316 5749 ἁγίῳ
353 5697 475 5749 μου.
520 5698 540 5732 ι
593 5679 670 5750 (p.
723 5679 846 5750 156)
889 5679 1058 5743 Αὐτὸς
1097 5679 1226 5752 γὰρ,
1261 5680 1443 5751 φησὶν,
1481 5681 1510 5732 6
1547 5679 1677 5743 Θεὸς
1710 5682 1739 5733 6

1838 4502 1987 4542 scam
2027 4491 2111 4542 sui
2163 4497 2353 4542 contra
2386 4504 2484 4545 vos
2511 4507 2700 4547 ausus.
2734 4492 2942 4548 Etenim
2965 4495 3157 4565 judicii
3203 4499 3393 4556 vallem

1837 4577 1967 4632 dicit
2008 4578 2289 4649 Josaphati
2347 4581 2562 4644 vallem,
2620 4597 2651 4635 a
2712 4597 2871 4652 poena
2915 4600 3035 4654 qua:
3075 4588 3185 4642 illic.
3227 4604 3253 4641 a
3292 4589 3400 4645 Deo

1837 4669 2087 4727 hostibus
2130 4672 2454 4742 imponenda
2486 4682 2621 4727 erat.
2662 4693 2680 4725 ι
2718 4674 2808 4729 Sol
2843 4683 2896 4729 et
2933 4677 3060 4732 luna
3108 4680 3272 4733 simul
3297 4682 3400 4738 ob—

1836 4761 2221 4825 scurabuntur,
2245 4769 2300 4816 et
2322 4762 2492 4816 stella:
2508 4763 2784 4819 retrahent
2810 4766 3147 4835 splendorem
3164 4785 3347 4829 suum.
3368 4791 3394 4825 ο

1836 4848 1956 4905 Νοη
2010 4852 2309 4924 incongrue
2373 4852 2529 4919 dicit,
2581 4856 2779 4910 occisis
2826 4856 3009 4912 lumen
3060 4858 3397 4918 defuturum.

1838 4940 2120 5007 Quomodo
2154 4948 2333 4997 autem
2356 4942 2470 4997 haec
2498 4943 2629 4997 fient
2656 4942 2963 5009 declarans,
2989 4946 3064 5000 ait
3103 4966 3117 5000 :
3162 4966 3182 5001 ι
3223 4948 3402 5005 Ι)οωὶ-

1838 5048 1942 5088 nus
1973 5040 2152 5089 autem
2176 5033 2244 5089 de
2271 5033 2436 5088 Sione
2463 5033 2749 5103 clamabit;
2777 5036 3055 5104 clamabit,
3082 5047 3137 5095 et
3167 5056 3234 5095 ex
3274 5042 3398 5097 Hie-

1839 5124 2077 5180 rusalem
2133 5125 2283 5180 dabit
2325 5140 2514 5181 vocem
2560 5140 2715 5181 suam
2751 5146 2766 5183 :
2816 5135 2871 5185 et
2917 5131 3114 5185 ctelum
3157 5146 3221 5186 ac
3254 5140 3397 5189 terra

1837 5218 2238 5273 concutientur.
2276 5218 2538 5276 Dominus
2557 5228 2737 5276 autem
2758 5228 2947 5292 parcet
2971 5223 3168 5294 populo
3193 5240 3317 5290 suo,
3346 5235 3400 5281 ct

1838 5310 2118 5364 roborabit
2154 5310 2417 5366 Dominus
2465 5312 2606 5368 filios
2638 5311 2878 5368 lsraelis.
2921 5311 2988 5366 Et
3039 5314 3227 5370 scietis
3270 5317 3399 5385 quia

1836 5417 1937 5473 ego
1975 5401 2238 5458 Dominus
2285 5403 2429 5459 Deus
2486 5414 2686 5469 vester,
2738 5404 2990 5461 habitans
3034 5405 3092 5462 in
3131 5408 3296 5463 Sione
3344 5409 3397 5462 in

1839 5503 2023 5550 monte
2069 5505 2261 5550 saneto
2301 5511 2442 5551 meo.
2491 5516 2511 5549 ι
2550 5496 2692 5567 Ipse,
2733 5499 2932 5569 inquit,
2974 5499 3259 5565 Dominus,
3306 5503 3401 5571 qui

1838 5586 1943 5642 sibi
1969 5587 2025 5641 in
2061 5584 2224 5643 Sione
2254 5588 2554 5658 legitimum
2579 5590 2784 5644 cultum
2815 5592 3057 5647 exhiberi
3090 5596 3400 5660 constituit,

1839 5692 2086 5748 magnam
2144 5677 2405 5734 adversus
2456 5679 2639 5736 hostes
2694 5695 2879 5735 vocem
2934 5683 3163 5748 emittet,
3218 5700 3248 5739 a
3292 5701 3400 5756 qua

172 5771 231 5823 ἐν
259 5769 399 5823 Σιὼν
428 5769 794 5841 προσάγεσθαι
824 5769 924 5842 τὴν
954 5770 1183 5841 νόμιμον
1237 5769 1531 5841 θεραπείαν
1567 5770 1732 5835 τάξας

1843 5768 2034 5824 coelum
2061 5784 2124 5824 ac
2158 5778 2301 5826 terra
2330 5770 2582 5841 quassari
2612 5772 3009 5841 propemodum
3050 5775 3397 5846 videbuntur,
