3828 6216
425 308 530 364 239
1632 298 1977 355 THEODORI

2110 299 2489 357 PSUESTENI
3564 293 3662 349 940

428 422 500 478 ob
556 428 847 475 eventuum
898 416 1328 479 mirabilitatem,
1386 424 1698 485 tantamque
1753 424 1991 485 stragem

2106 417 2290 487 ἑαυτῷ,
2328 417 2568 487 μεγάλην
2599 415 2716 468 κατ’
2742 412 2920 467 αὐτῶν
2949 413 3148 481 ἀφησει
3199 410 3296 480 τὴν
3330 409 3512 477 φωνήν
3532 424 3543 437 ⁸
3574 409 3660 477 ἀφ’

428 520 539 564 tam
576 510 685 580 90
720 509 996 580 inopinate
1029 508 1252 571 editam,
1290 506 1383 562 Dei
1406 522 1590 576 opera,
1625 506 1839 559 interim
1877 506 1993 559 suis

2106 502 2166 579 ἧς
2194 509 2256 577 δὴ
2295 506 2491 577 μικροῦ
2531 506 2624 558 καὶ
2652 504 2880 575 οὐρανὸς
2904 502 3043 566 δόξει
3074 498 3438 558 συσσείεσθαι.
3478 500 3658 568 καίγῆ

429 604 727 671 parcentis,
779 601 1058 669 fortesque
1106 600 1161 653 in
1206 608 1501 668 conspectu
1532 597 1770 651 hostium
1810 604 1994 651 osten-

430 693 608 749 dentis
643 712 655 746 :
698 703 755 745 ut
794 691 1052 746 omnibus
1125 689 1471 744 manifestum
1520 689 1609 742 ﬁat
1655 689 1833 759 ipsum
1868 704 1994 743 vere

428 783 596 839 Deum
650 799 772 838 esse
826 783 1211 846 universalem,
1257 793 1313 839 et
1382 780 1672 836 Dominum
1735 782 1883 835 illum
1940 783 1992 835 in

430 871 597 937 Sione
626 880 811 927 monte
837 872 941 927 coli
971 872 1211 927 solitum.

508 1202 670 1257 Vens.
725 1204 915 1259 {8-21.
949 1233 1021 1245 —
1054 1222 1074 1255 ι
1113 1204 1178 1258 Et
1207 1205 1311 1259 erit
1341 1203 1676 1261 Hierusalem
1712 1213 1918 1273 sancta,
1945 1214 1998 1261 et

429 1296 748 1365 alienigenae
802 1312 911 1351 non
942 1297 1255 1352 transibunt
1319 1313 1415 1368 per
1464 1313 1581 1352 eam
1626 1299 1881 1369 amplius.
1934 1297 2000 1353 Et

428 1387 531 1441 erit
565 1388 653 1442 die
693 1387 805 1451 illa,
842 1388 1131 1442 stillabant
1159 1396 1373 1443 montes
1400 1389 1767 1453 dulcedinem,
1800 1399 1854 1445 et
1882 1388 2000 1443 col-

431 1478 510 1531 les
539 1476 712 1531 ﬂuent
750 1477 914 1540 lacte,
955 1486 1009 1533 et
1043 1493 1237 1533 omnes
1282 1479 1609 1536 emissiones
1647 1479 1801 1535 Iudae
1831 1480 2000 1535 ﬂuent

431 1569 588 1638 aquis
625 1588 637 1621 :
670 1576 724 1623 et
744 1568 871 1625 fons
896 1568 963 1625 de
991 1569 1154 1625 domo
1182 1569 1398 1625 Domini
1450 1571 1778 1642 egredietur,
1802 1583 1857 1627 et
1879 1572 2000 1625 irri-

431 1662 579 1729 gahit
615 1668 912 1716 torrentem
946 1663 1340 1718 l'unlculorum.
1374 1684 1393 1716 ι
1430 1664 1689 1719 Sanctam
1719 1681 1841 1720 esse
1870 1664 1998 1720 Ilie-

2101 600 2165 651 ἐκ
2190 598 2283 650 τοῦ
2314 596 2617 665 παραδόξου
2638 595 2747 648 τῶν
2769 592 3124 663 γιγνομένων,
3155 590 3250 644 καὶ
3282 589 3379 659 τῆς
3405 587 3659 658 τοσαύτης

2103 690 2317 757 σφαγῆς
2343 685 2486 739 οὕτω
2510 684 2828 755 παραδόξως
2855 679 3268 750 ὲκτελουμένης,
3296 678 3362 749 ἢν
3390 679 3661 746 ποιήσεται

2101 778 2252 840 Θεὸς,
2285 776 2394 829 τῶν
2440 777 2655 829 οἰκείων
2706 774 3038 845 φειδόμενος,
3070 771 3163 824 καὶ
3199 768 3446 839 ἰσχυροὺς
3479 767 3663 829 αὐτοὺς

2102 870 2244 924 κατὰ
2266 869 2377 921 τῶν
2405 870 2662 923 ἐναντίων
2693 864 3012 927 ἀποδεικνύς
3033 880 3046 894 ·
3072 864 3147 925 ὡς
3176 862 3242 915 ἂν
3274 861 3445 914 ἅπασι
3466 860 3667 927 γένοιτο

2101 960 2280 1029 δῆλον,
2321 961 2402 1013 ὅτι
2433 960 2600 1022 ὅντως
2632 950 2786 1021 οὗτος
2834 956 2899 1026 δὴ
2949 954 3079 1017 Θεὸς
3113 952 3220 1005 τῶν
3253 951 3526 1011 ἁπάντων,
3575 949 3665 1000 καί

2103 1052 2303 1122 Κύριος
2327 1055 2355 1105 ὁ
2386 1055 2440 1105 ἐν
2486 1050 2563 1121 τῷ
2588 1050 2703 1121 spat
2731 1047 2811 1118 τῷ
2840 1047 2974 1100 Σιὼν
3003 1042 3402 1115 θεραπεύεσθαι
3440 1039 3661 1100 εἰωθώς.

2174 1208 2318 1278 Στίχ,
2356 1206 2561 1277 ιη’-κα’.
2591 1237 2658 1246 -
2692 1226 2710 1257 ι
2766 1206 2875 1258 Καὶ
2907 1203 3054 1257 ἐσται
3103 1199 3457 1272 Ἰερουσαλὴμ
3504 1196 3665 1265 άγίαο

2105 1300 2201 1353 καὶ
2237 1300 2542 1368 ἀλλογενεῖς
2569 1299 2629 1352 οὐ
2660 1297 3018 1351 διελεύσονται
3044 1294 3109 1347 δι’
3137 1292 3302 1362 αὐτῆς
3332 1290 3546 1344 οὐκέτι·
3581 1290 3670 1342 καί

2105 1389 2255 1442 ἔσται
2287 1390 2345 1440 ἐν
2373 1391 2438 1458 τῇ
2471 1386 2652 1458 ἡμέρᾳ
2677 1387 2859 1458 ἐκείνῃ
2909 1382 3268 1446 ἁποσταλάξει
3307 1381 3373 1433 τὰ
3400 1381 3498 1453 δρη
3543 1378 3669 1447 γλυ-

2108 1478 2341 1549 κασμὺν,
2387 1481 2481 1532 καὶ
2525 1479 2573 1530 οἰ
2606 1477 2782 1547 βουνοὶ
2815 1480 3099 1547 ρυήσονται
3150 1474 3289 1543 γάλα
3314 1490 3327 1503 ⁸
3361 1472 3454 1529 καί
3506 1473 3670 1524 πᾶσαι

2105 1573 2159 1623 αἰ
2208 1570 2432 1638 ἀφέσεις
2494 1569 2667 1622 Ἰούδα
2719 1569 3006 1638 ῥυήσονται
3042 1566 3239 1619 ῦδατα’
3282 1564 3376 1618 καὶ
3418 1563 3569 1634 πηγὴ
3616 1561 3671 1627 ἐξ

2104 1662 2249 1713 οίκου
2281 1661 2486 1730 Κυρίου
2518 1658 2876 1724 ἐξελεύσεται,
2899 1659 2995 1711 καὶ
3022 1658 3201 1709 ποτιεῖ
3225 1656 3316 1708 τὸν
3343 1655 3672 1725 χειμάρρουν

433 1752 669 1805 rusalem
722 1768 788 1805 ex
836 1752 1001 1808 rebus
1048 1752 1183 1822 ipsis
1232 1754 1403 1823 gestis
1446 1755 1741 1819 constabit,
1782 1755 2000 1810 nemine

2106 1752 2212 1806 τῶν
2248 1752 2490 1823 σχοίνων.
2547 1770 2565 1803 ι
2616 1750 2681 1803 Ἦ
2730 1751 2827 1821 μὲν
2879 1750 2986 1819 γὰρ
3043 1746 3395 1820 Ἰερουσαλὴμ
3442 1744 3574 1811 ἁγία
3615 1741 3673 1806 ἐξ

434 1843 633 1896 abhinc
675 1842 979 1914 alienigena
1048 1842 1116 1897 ad
1187 1845 1337 1898 illam
1392 1848 1687 1900 ascendere
1740 1846 1996 1902 audente.

434 1934 659 1989 Cunctis
685 1933 1087 1989 autemJudzeis
1118 1936 1445 2004 promissam
1478 1945 1680 1991 terram
1713 1937 2003 1992 incolenti-

433 2026 537 2077 bus
573 2028 838 2077 bonorum
889 2026 1110 2079 ubertas
1139 2025 1265 2083 erit.
1308 2026 1436 2095 quia
1468 2034 1522 2079 et
1550 2033 1764 2081 montes
1800 2034 1853 2080 et
1887 2026 2002 2079 col-

435 2116 514 2168 les
571 2115 773 2169 multos
822 2115 957 2184 ipsis
1009 2130 1073 2168 ac
1143 2116 1326 2169 varios
1375 2116 1586 2171 fructus
1646 2116 2000 2186 praebebunt;

432 2199 612 2254 fontes
663 2201 789 2253 item
829 2211 1150 2257 consuetam
1196 2217 1463 2273 aquarum
1514 2220 1739 2259 suarum
1790 2207 2001 2275 copiam

434 2291 892 2361 suppeditabunt;
939 2293 1101 2348 solita
1136 2293 1325 2348 dicens
1359 2308 1425 2349 ex
1479 2293 1571 2349 Dei
1615 2295 1818 2364 templo
1860 2296 2004 2349 dona

432 2382 671 2452 erogari,
705 2391 759 2436 et
791 2382 1033 2437 indidem
1066 2382 1349 2439 amuentes
1384 2384 1580 2438 uberes
1613 2384 1881 2438 bonorum
1919 2384 2004 2439 di-

436 2475 599 2529 vitias
630 2474 1019 2529 accedentibus
1044 2475 1197 2541 illuc,
1228 2482 1282 2531 et
1311 2476 1495 2531 debita
1518 2474 1627 2530 Deo
1655 2474 1829 2530 oﬂicia
1854 2490 2005 2530 com-

435 2567 585 2635 plere
635 2566 1038 2636 satagentibus.
1090 2564 1194 2621 llic
1238 2575 1325 2622 est
1366 2568 1511 2621 enim
1549 2569 1641 2637 qui
1678 2582 1707 2620 a
1745 2568 2006 2638 propheta

436 2656 638 2710 dicitur
682 2654 747 2709 de
779 2656 942 2710 domo
975 2655 1185 2711 Domini
1214 2655 1336 2713 fons
1365 2673 1714 2728 egressurus.
1750 2656 1876 2719 Hic,
1928 2657 2009 2711 in-

2102 1843 2279 1898 αὺτῶν
2313 1844 2609 1913 φανήσεται
2651 1841 2757 1895 τῶν
2800 1840 3159 1913 πραγμάτων,
3200 1837 3411 1899 οὐδενὸς
3456 1834 3675 1887 ἐπιϐαί-

2101 1952 2211 1989 νειν
2247 1935 2381 2005 αὐτῇ
2426 1932 2705 2003 ἀλλοτρίου
2748 1931 3054 2001 τολμῶντος
3093 1931 3203 1982 ἐτι·
3240 1930 3411 1982 ἅπασι
3448 1926 3504 1979 δέ
3545 1926 3671 1977 ἰου-

2099 2026 2269 2088 δαίοις
2300 2025 2391 2077 ἐπὶ
2438 2024 2537 2093 τῆς
2586 2024 2688 2093 γῆς
2734 2021 2941 2075 οἰκοῦσι
2992 2020 3091 2090 τῆς
3140 2016 3471 2087 ἐπαγγελίας
3506 2014 3671 2084 πολλή

2101 2133 2185 2179 τις
2214 2115 2443 2185 ἀφθονία
2473 2113 2580 2167 τῶν
2606 2113 2825 2182 ἀγαθῶν
2856 2112 3028 2173 ἔσται,
3058 2110 3132 2173 ὡς
3183 2111 3277 2162 καὶ
3317 2108 3386 2161 τὰ
3431 2106 3537 2176 ὅρη
3581 2104 3671 2157 καὶ

2101 2206 2226 2269 τοὺς
2251 2206 2470 2276 βουνοὺς
2496 2205 2739 2277 καρποὺς
2761 2202 2825 2274 δὴ
2854 2200 3078 2263 πολλούς
3104 2216 3254 2262 τινας
3279 2200 3373 2252 καί⁵
3396 2197 3671 2257 ποικίλους

2105 2298 2359 2369 παρέχειν
2387 2298 2565 2358 αὐτοῖς
2584 2313 2598 2327 ο
2628 2295 2725 2358 τὰς
2758 2295 2939 2365 πηγάς
2966 2310 3025 2346 τε
3053 2292 3297 2363 συνήθως
3323 2289 3430 2342 τῶν
3458 2287 3672 2341 οἰκείων

2107 2372 2319 2443 ὑδάτων
2360 2386 2587 2457 (ρ.157)
2619 2385 2878 2457 παρέχειν
2921 2386 3013 2439 τὸν
3054 2384 3280 2438 πλοῦτον
3308 2382 3388 2454 [αἰ
3435 2380 3675 2434 εἰωθυῖαι

2106 2481 2170 2532 ἐκ
2204 2478 2296 2531 τοῦ
2330 2476 2458 2531 ναοῦ
2487 2477 2580 2530 τοῦ
2608 2476 2752 2530 θείου
2778 2476 3127 2547 χορηγεῖσθαι
3164 2474 3361 2546 δωρεαί
3390 2471 3554 2543 (21)],
3587 2469 3676 2522 καὶ

2107 2567 2375 2639 πηγάζειν
2400 2568 2627 2637 ἄφθονον
2654 2566 2762 2620 τῶν
2802 2565 3023 2635 ἀγαθῶν
3056 2566 3147 2619 τὸν
3174 2564 3401 2618 πλοῦτον
3438 2566 3557 2626 τοῖς
3586 2562 3678 2614 αὑ-

2106 2660 2224 2713 τόθι
2251 2677 2309 2712 τε
2341 2660 2588 2724 εἰσιοῦσι,
2618 2660 2711 2711 καί¹
2746 2658 2815 2711 τὰ
2839 2659 3147 2729 καθήκοντα
3186 2658 3263 2729 τῷ
3292 2656 3411 2727 Θεῷ
3438 2653 3677 2726 πληροῦν

436 2764 621 2819 quam,
658 2757 842 2804 tantus
868 2749 997 2813 erit,
1037 2757 1098 2803 ut
1133 2764 1307 2818 usque
1330 2749 1397 2803 ad
1435 2750 1766 2819 longinquos
1795 2749 2000 2819 capiam

2109 2750 2494 2805 ἐσπουδακόσι·
2526 2750 2729 2823 ταύτην
2758 2751 2864 2819 γὰρ
2894 2750 3040 2819 λέγει
3074 2748 3254 2819 πηγὴν
3295 2749 3353 2814 ἐξ
3387 2747 3544 2799 οίκου
3574 2747 3680 2799 Κυ-

438 2856 596 2895 snam
650 2849 980 2896 extensurus
1043 2840 1137 2895 sit.
1169 2840 1287 2895 Mox
1329 2852 1617 2912 postquam
1667 2842 1850 2897 dixit:
1886 2861 1904 2893 ι
1945 2842 2000 2895 Et

2112 2840 2227 2911 ρίου
2254 2838 2655 2905 ἐξελεύσεσθαιο
2683 2839 2918 2910 τοσαύτη
2947 2856 3031 2902 τις
3064 2838 3215 2891 ἔσται
3247 2837 3385 2891 ὥστε
3418 2838 3552 2909 ἄχρι
3592 2834 3680 2888 καὶ

436 2931 705 3003 Ᾰεεγριιιε
748 2931 1106 2999 desolabitur,
1154 2943 1209 2987 et
1260 2932 1491 2989 ldumaaa
1534 2934 1789 2989 similiter
1814 2935 1885 2990 ob
1911 2949 2000 2990 sua

2110 2930 2218 2983 τῶν
2245 2930 2525 3003 πόρρωθεν
2552 2931 2651 3000 τὴν
2677 2930 2983 3001 φιλοτιμίαν
3018 2932 3294 2984 ἐκτείνειν.
3330 2926 3463 2983 Εἶτα
3519 2927 3681 2982 εἰπὼν

438 3029 632 3075 contra
678 3036 777 3075 vos
822 3020 1086 3085 facinora,
1140 3030 1194 3077 et
1229 3032 1450 3093 propter
1490 3024 1689 3079 multos
1735 3040 1800 3078 ex
1858 3025 2000 3080 vobis

2112 3022 2193 3074 ὅτι
2220 3021 2368 3075 «Καὶ
2409 3024 2680 3091 Αἴγυπτος
2716 3022 3163 3093 ἀφανισθήσεται.
3192 3023 3284 3074 καὶ
3326 3023 3359 3091 ή
3411 3020 3682 3091 Ἰδουμαία

438 3119 627 3165 contra
664 3111 745 3167 fas
777 3111 1120 3179 interfectos,
1166 3133 1185 3165 ι
1227 3112 1381 3169 addit
1414 3133 1424 3165 :
1464 3106 1790 3169 «'EtJudaea
1821 3116 1875 3168 in
1914 3131 2000 3170 sua

2113 3114 2171 3167 δὲ
2214 3113 2310 3165 σὺν
2356 3115 2561 3185 ἐκείνῃ,
2615 3115 2753 3185 ὑπὲρ
2792 3109 2866 3169 ὧν
2897 3115 3213 3186 πεπράχασί
3260 3132 3318 3169 τε
3360 3114 3483 3169 καθ’
3513 3113 3680 3185 ὑμῶν.

437 3204 599 3255 iirma
655 3201 919 3258 felicitate
986 3202 1325 3259 habitabitur
1374 3219 1404 3258 a
1453 3205 1693 3275 propriis
1725 3206 1920 3260 incolis
1959 3206 2000 3259 it:

2112 3204 2205 3257 καὶ
2241 3204 2464 3267 πολλοὺς
2491 3205 2644 3276 ὑμῶν
2670 3206 2869 3270 ἀδίκως
2900 3208 3142 3260 ἁνεῖλονυ
3195 3227 3213 3260 ι
3258 3206 3493 3275 ἐπάγει·
3546 3226 3565 3257 ι
3624 3204 3684 3258 Ἠ

440 3291 802 3349 Hierusalem.
844 3313 864 3346 ι
900 3295 1111 3361 Quibus
1157 3296 1479 3367 superaddit
1512 3316 1527 3351 :
1567 3314 1587 3348 ι
1630 3295 1695 3350 Ει
1736 3298 2000 3367 requirat:

2114 3294 2170 3347 δὲ
2214 3294 2436 3347 Ἰουδαία
2464 3297 2522 3347 ἐν
2565 3295 2763 3366 βεϐαίῳ
2795 3298 2892 3368 τῆς
2940 3298 3146 3361 οἰκείας
3185 3299 3496 3368 εὐπραγίας
3538 3298 3685 3351 ἔσται

444 3386 768 3454 sanguinem
792 3400 1007 3450 eorum,
1039 3402 1203 3457 quem
1246 3388 1479 3442 inultum
1519 3402 1643 3443 esse
1674 3402 1780 3441 non
1814 3389 2000 3443 sinam.

2111 3386 2401 3458 οἰκουμένη
2429 3388 2487 3440 ἐν
2513 3389 2580 3457 τῇ
2632 3387 2986 3459 Ἰερουσαλὴμ
3007 3388 3112 3442 ὑπὸ
3134 3389 3243 3443 τῶν
3271 3390 3510 3445 οἰκείων.
3553 3409 3572 3443 ι
3598 3384 3685 3450 Οἷς

439 3475 506 3529 Ει
555 3476 822 3533 Dominus
876 3478 1147 3535 habitabit
1199 3480 1254 3534 in
1308 3477 1495 3535 Sione.
1540 3499 1559 3532 ι
1606 3480 1773 3547 Quasi
1813 3481 1960 3535 dicat
1998 3502 2000 3532 :

2112 3476 2469 3548 προστίθησι·
2500 3496 2518 3529 ι
2560 3478 2670 3530 Καὶ
2700 3478 2985 3550 ἐκζητήσω
3012 3480 3072 3533 τὸ
3097 3476 3237 3552 αἷμα
3270 3482 3471 3549 αὐτῶν,
3512 3484 3608 3537 καὶ
3630 3482 3686 3535 οὐ

439 3567 722 3637 Quotquot
777 3568 1039 3626 adversus
1073 3569 1347 3627 lsraelitas
1378 3571 1585 3642 aliquid
1614 3573 1857 3643 aggressi
1896 3572 2000 3627 fue-

2115 3569 2191 3639 μὴ
2231 3567 2472 3646 ἁθωῴσω
2497 3584 2512 3598 °
2546 3568 2639 3621 καὶ
2670 3570 2873 3640 Κύριος
2913 3572 3326 3642 κατασκηνώσει
3366 3575 3424 3628 ἐν
3467 3576 3629 3627 Σιών.
3664 3594 3681 3624 ι

437 3655 570 3721 rint,
615 3658 889 3726 supremis
934 3659 1165 3715 alliciam
1209 3662 1518 3731 suppliciis.
1565 3660 1632 3716 Et
1680 3663 2000 3732 permanebo

2115 3659 2235 3712 Ἵνα
2264 3660 2394 3731 είπῃ
2423 3678 2436 3690 ’
2474 3659 2612 3723 Τούς
2632 3677 2693 3713 τε
2726 3661 3131 3732 ὲπιχειροῦντάς
3154 3683 3205 3718 τι
3244 3666 3363 3718 κατ’
3394 3666 3582 3720 αὐτῶν
3612 3666 3687 3719 ἔτι

439 3762 564 3801 cum
618 3748 759 3814 istis,
808 3751 1156 3821 praesentiam
1198 3767 1372 3808 meam
1423 3768 1624 3808 arcana
1671 3754 2000 3824 providentia

2113 3752 2403 3822 τιμωρίαις
2451 3751 2728 3821 περιὸαλῶ
2773 3756 2893 3816 ταῖς
2935 3754 3210 3823 ἐσχάταις,
3255 3756 3499 3827 διαμενῶ
3532 3775 3591 3810 τε
3634 3760 3688 3809 ἐν

439 3836 844 3906 demonstrans,
903 3856 1066 3912 quam
1152 3844 1430 3913 copiosam
1492 3845 1548 3899 in
1604 3859 1767 3900 omne
1838 3859 2000 3899 aevum

2116 3845 2297 3907 αὐτοῖς
2317 3843 2527 3906 δεικνὺς
2547 3844 2780 3913 ἐμαυτὸν
2805 3844 2899 3897 τοῦ
2923 3845 3108 3899 λοιποῦ
3130 3845 3217 3899 διὰ
3242 3847 3338 3918 τῆς
3370 3849 3687 3919 ἀπορρήτου

442 3927 643 3982 abhinc
682 3930 885 3985 eisdem
912 3932 1204 4000 prestabo.

2116 3934 2457 4005 κηδεμονίας,
2499 3935 2566 4005 ἥν
2611 3935 2809 4006 πολλὴν
2849 3954 2969 3990 τινα
2996 3937 3249 4008 παρέχων
3278 3940 3460 4004 αὐτοῖς
3494 3942 3575 4003 είς
3601 3940 3689 3992 τὸν

2110 4024 2298 4078 ἔπειτα
2325 4025 2612 4079 διατελέσω
2636 4027 2847 4097 χρόνον.

514 4223 900 4312 (ᾷιεξεςιιιιᾷαἰ
923 4225 1185 4312 εἰωθυῖαι.
1210 4266 1225 4308 τ
1250 4267 1265 4281 .
1306 4226 1525 4312 δωρεαί.
1558 4230 1778 4312 lectoris
1820 4231 2004 4312 cujus-

2111 4236 2423 4305 suspicatur
2462 4233 2587 4289 Otto
2627 4234 2778 4291 Frid.
2824 4234 3122 4298 Fritzsche,
3148 4235 3218 4288 De
3265 4236 3464 4289 Theod.
3512 4236 3684 4305 Μορι.

441 4292 566 4348 dam
608 4295 1173 4366 interpretamentum,
1212 4298 1268 4352 in
1310 4292 1515 4353 tex'tum
1551 4300 1691 4355 male
1732 4292 2001 4357 invasisse

2117 4301 2241 4357 Vita
2268 4312 2319 4359 et
2349 4305 2581 4373 scriptis,
2614 4321 2667 4374 p.
2705 4306 2794 4373 57,
2830 4307 2997 4371 Halm,
3036 4307 3191 4371 1856,
3228 4306 3283 4361 8.
3319 4306 3482 4360 Eorr.
