3828 6216
186 304 281 360 i“
1236 313 1782 375 COMMENTARIUS
1811 320 1881 374 IN
1906 320 2118 378 AMOSI
2156 322 2309 379 CAP.
2343 322 2381 377 I.

3292 306 3295 307 ί
3328 324 3432 380 sta

193 465 2854 504 Ἥ

814 653 1375 740 ΕΡΜΗΝΕΙΑ
1474 658 1779 747 ΑΜΩΣ
1864 662 2090 748 ΤΟΥ
2179 664 2817 753 ΠΡΟΦΗΤΟΥ.

274 1028 433 1141 ῙΝ
497 1031 1085 1147 AMOSUM
1172 1042 2045 1155 PROPHETAM
2142 1041 3320 1159 COMMENTARIUS.

246 1382 523 1452 Πρόδηλον
553 1384 651 1453 μὲν
678 1382 771 1440 οὖν
795 1388 874 1441 ὅτι
903 1390 994 1443 καὶ¹
1026 1393 1291 1464 μακάριος
1333 1395 1511 1466 Ἀμὼς
1551 1398 1580 1449 6
1609 1414 1746 1468 προ-

1917 1396 2023 1467 91
2063 1395 2416 1465 Perspicuum
2469 1404 2553 1451 est
2610 1399 2827 1452 beatum
2889 1414 3103 1469 quoque
3168 1399 3429 1456 Amosum

176 1471 374 1540 φήτηςο
430 1471 488 1524 ὃν
535 1474 857 1547 ἑρμηνεύειν
901 1480 1035 1534 Θεοῦ
1080 1482 1262 1553 χάριτι
1315 1487 1602 1555 πρόκειται
1651 1487 1750 1541 νῦν

175 1562 332 1631 ἡμῖν,
386 1564 658 1633 περὶτῶν
700 1568 777 1639 τῷ
819 1570 932 1642 λαῷ
966 1573 1397 1645 συμϐησομένων
1440 1578 1529 1631 διὰ
1575 1580 1754 1650 πάσης

176 1656 382 1725 μικροῦ
418 1657 520 1726 τῆς
562 1662 897 1731 προφητείας
943 1664 1018 1734 (p.
1072 1666 1196 1736 I58)
1243 1667 1407 1736 λέγει,
1445 1670 1481 1723 ἆ
1506 1687 1565 1723 τε
1605 1672 1755 1743 παρὰ

170 1746 283 1799 τῶν
335 1749 639 1819 Ἀσσυρίων
692 1753 973 1808 πείσονται
1022 1758 1286 1830 πρότερον
1340 1763 1395 1813 αί
1433 1762 1556 1817 δέκα
1591 1764 1756 1833 φυλαὶ

174 1840 424 1909 μηνύων,
454 1844 547 1895 καὶ
575 1844 611 1897 ἆ
642 1846 769 1916 περὶ
795 1847 893 1917 τὴν
940 1849 1295 1922 Ἰερουσαλὴμ
1336 1854 1429 1907 καὶ¹
1453 1855 1550 1924 τὴν
1587 1854 1756 1909 Ἰούδα

171 1932 370 2003 φυλὴν,
401 1933 502 1986 εἴτ’
530 1930 622 1989 οὖν
656 1938 779 2000 τοὺς
807 1937 1025 2005 λοιποὺς
1057 1941 1165 2012 (22)
1195 1945 1319 2006 τοὺς
1348 1945 1447 2015 τῆς
1480 1946 1755 2015 βασιλείας

170 2024 413 2093 ἐκείνης,
461 2026 566 2079 ὑπὸ
596 2028 704 2080 τῶν
750 2030 1107 2085 Βαϐυλωνίων
1162 2034 1439 2103 γίγνεσθαι
1489 2038 1752 2108 ἤμελλεν·

168 2116 367 2169 τούτου
400 2118 458 2169 δὲ
487 2117 642 2187 λόγος
679 2116 747 2191 ἦν
789 2125 900 2186 τοῖς
926 2127 1234 2197 προφήταις
1264 2129 1361 2199 οὐχ
1397 2129 1603 2195 ἁπλῶς,
1640 2133 1753 2185 ἀλλ’

168 2206 363 2275 ἐπειδὴ
393 2207 575 2259 πᾶσαν
596 2208 691 2278 τὴν
717 2212 846 2280 περὶ
874 2214 964 2264 τὸν
987 2213 1111 2267 λαδν
1136 2217 1452 2286 ἐπιμέλειαν
1486 2219 1624 2290 ὑπὲρ
1654 2221 1754 2291 τῆς

165 2295 261 2347 τοῦ
293 2297 571 2351 Δεσπότου
604 2301 840 2372 Χριστοῦ
870 2303 1089 2369 δείξεως
1134 2309 1161 2359 6
1204 2308 1335 2373 Θεὸς
1378 2311 1631 2375 ἐποιεῖτο,
1660 2315 1753 2367 ἐπὶ

166 2389 325 2456 κοινῇ
348 2390 415 2457 τῇ
444 2388 661 2443 πάντων
685 2392 987 2462 ἀνθρώπων
1009 2398 1251 2469 σωτηρίᾳ
1272 2401 1411 2454 κατὰ
1438 2402 1528 2455 τὸν
1554 2404 1755 2457 οἰκεῖον

164 2479 551 2550 γενησομένης
579 2482 765 2550 καιρόν
791 2500 805 2514 ·
854 2484 1043 2539 τούτου
1082 2488 1190 2561 γὰρ
1220 2491 1403 2545 ἕνεκεν
1436 2494 1633 2558 αὐτοὺς
1660 2496 1754 2549 καὶ

163 2567 423 2640 ἀφώρισε
462 2572 571 2624 τῶν
609 2573 797 2637 ἐθνῶν,
846 2578 940 2630 καὶ
979 2585 1245 2653 περιτομῇ
1266 2584 1521 2655 διέκρινε,
1555 2587 1646 2639 καὶ
1677 2589 1754 2641 οἱ·

163 2662 329 2713 κείαν
378 2663 521 2733 ἔχειν
554 2667 932 2736 παρεσκεύασε
976 2671 1177 2744 χώραν,
1214 2678 1307 2728 καὶ
1356 2678 1752 2749 ἀφωρισμένως

161 2753 220 2803 ἓν
250 2754 345 2824 τῷ
372 2754 489 2826 ὄρει
514 2758 591 2828 τῷ
626 2759 763 2811 Σιὼν
795 2760 884 2815 διὰ
912 2762 1015 2833 τῆς
1047 2767 1274 2837 νομικῆς
1326 2768 1617 2834 διατάξεως
1652 2773 1752 2844 τὴν

161 2847 296 2916 περὶ
349 2848 511 2900 αὑτὸν
563 2852 859 2920 προσέταξε
902 2855 1169 2909 ποιεῖσθαι
1214 2857 1529 2929 θεραπείαν,
1577 2863 1640 2914 ἵν’
1688 2865 1752 2916 ἐκ

160 2937 434 2991 τοιούτων
482 2942 624 2994 κατὰ
669 2942 766 3007 τὰς
807 2947 1151 3016 προφητικὰς
1202 2950 1479 3019 μηνύσεις,
1526 2955 1619 3007 καὶ
1652 2955 1751 3025 τὴν

157 3030 381 3083 ἄνωθεν
420 3033 513 3085 ἐπὶ
560 3033 768 3098 τούτοις
799 3038 929 3106 περὶ
955 3039 1046 3090 τὸν
1086 3039 1211 3092 λαὸν
1242 3044 1613 3115 γεγενημένην
1638 3047 1753 3101 διά-

157 3120 363 3187 ταξιν,
414 3124 605 3190 φανεὶς
654 3128 683 3179 6
727 3129 1004 3200 Δεσπότης
1050 3131 1302 3201 Χριστὸς,
1344 3134 1502 3205 δῆλον
1550 3136 1753 3192 ἅπασιν

158 3214 605 3283 ιργάσηταιτοῖς
637 3217 962 3289 ἀνθρώποις.
986 3222 1067 3273 ὃτι
1099 3223 1198 3292 ούχ
1223 3222 1449 3297 ὕστερον
1478 3230 1751 3284 ἐκαινοτό-

162 3321 352 3373 μησεν
388 3307 417 3358 ό
467 3306 598 3368 Θεὸς
647 3309 745 3378 τὴν
802 3312 1054 3365 ἁπάντων
1101 3313 1408 3385 ἀνθρώπων
1455 3321 1749 3391 σωτηρίαν,

335 3398 543 3452 ἄνωθεν
586 3401 681 3453 καί⁹
731 3404 837 3473 πρὸ
890 3406 1119 3475 μακρῶν
1169 3405 1281 3459 τῶν
1329 3408 1537 3478 χρόνων
1594 3411 1751 3465 τοῦτο

162 3490 587 3560 προωρισμένον
617 3491 757 3545 κατὰ
790 3494 879 3546 τὸν
912 3496 1179 3567 μακάριον
1214 3498 1427 3551 Παῦλον
1454 3500 1592 3571 ἔχων
1621 3506 1750 3573 παρ’

161 3576 375 3646 ἑαυτῷ,
399 3578 682 3644 ἐξελέξατο
716 3582 815 3652 μὲν
840 3585 928 3636 τὸν
968 3586 1237 3657 Ἀϐραὰμ,
1270 3588 1563 3663 συνέστησε
1602 3593 1659 3646 δὲ
1692 3593 1752 3645 τὸ

162 3669 224 3733 ἐξ
267 3670 488 3722 ἐκείνου
519 3672 693 3739 γένος,
727 3676 1044 3745 ἐπιμέλειαν
1071 3679 1127 3731 δὲ
1156 3680 1320 3733 αὐτοῦ
1363 3681 1483 3735 καθ’
1511 3683 1569 3736 ὃν
1603 3687 1753 3756 εἰρή-

166 3779 357 3832 καμεν
408 3765 699 3835 πεποίηται
746 3767 983 3836 τρόπον·
1037 3770 1105 3821 ἵν’
1156 3771 1216 3835 ἐξ
1256 3773 1435 3827 αὐτῶν
1477 3774 1753 3846 ὓστερονὸ

165 3854 457 3923 Δεσπότης
504 3854 734 3925 Χριστὸς
778 3857 839 3910 τὸ
882 3858 1023 3912 κατὰ
1068 3862 1246 3933 σάρκα
1296 3864 1386 3916 ἐπὶ
1426 3868 1489 3937 τῇ
1535 3867 1753 3921 πάντων

166 3946 488 4018 ἀνθρώπων
534 3952 717 4016 φανεὶς
752 3952 1016 4023 σωτηρίᾳ,
1056 3954 1132 4024 (p.
1172 3956 1297 4025 159)
1330 3958 1487 4029 δῆλος
1530 3960 1749 4032 ὑπάρχῃ

167 4039 321 4091 κατὰ
354 4039 445 4091 τὸν
481 4040 684 4094 ἄνωθεν
714 4044 941 4114 ὁρισμὸν
977 4046 1070 4098 ἐπὶ
1108 4045 1207 4117 τὴν
1257 4050 1565 4119 οἰκονομίαν
1610 4069 1750 4123 παρ-

168 4129 473 4201 εληλυθὼς.

253 4223 434 4294 ’Υπὲρ
462 4223 526 4292 δὴ
564 4224 768 4278 τούτων
810 4227 903 4279 καὶ
950 4228 1355 4301 μετοικισθῆναι
1388 4233 1477 4285 τὸν
1506 4232 1632 4287 λαὸν
1666 4235 1754 4288 διὰ

168 4311 274 4379 τῆς
320 4312 696 4381 αἰχμαλωσίας
728 4316 1135 4386 παρεσκεύασεν
1165 4318 1305 4382 ὅλον,
1340 4321 1436 4372 καὶ
1477 4323 1754 4392 ἐπανήγα-

169 4418 269 4469 γεν
320 4401 607 4467 ἐξ-αύτῶν
661 4403 755 4468 οὓς
802 4406 1083 4470 ἐϐούλετο,
1121 4402 1304 4481 ὧνπερ
1350 4406 1441 4463 οὖν
1490 4413 1675 4481 ἠγεῖτο
1720 4414 1753 4483 ή

184 4495 366 4549 Ἰούδα
404 4497 545 4566 φυλὴ
578 4498 737 4570 μόνη,
787 4501 821 4569 ὴ
868 4503 1019 4554 πᾶσα
1050 4503 1148 4572 τὴν
1182 4502 1434 4557 ἐπάνοδον
1464 4504 1751 4575 δεξαμένη,

170 4588 480 4658 ἐπειδήπερ
517 4590 575 4654 ἐξ
607 4590 777 4659 αὐτῆς
808 4591 1040 4661 ἧμελλεν
1079 4594 1465 4663 ἀναφαίνεσθαι
1512 4596 1570 4648 τὸ
1616 4597 1756 4651 κατὰ

172 4677 362 4747 σάρκα
409 4678 439 4729 6
482 4680 757 4748 Δεσπότης
806 4682 1069 4752 Χριστός’
1121 4682 1230 4736 τῶν
1295 4683 1495 4737 λοιπῶν
1565 4685 1756 4757 γάρτοι

173 4768 367 4835 φυλῶν
416 4769 511 4837 ἀφ’
558 4772 795 4841 ἑκάστης
842 4773 1098 4842 ἑπόμενοι
1162 4773 1362 4847 ταύτῃ,
1426 4776 1755 4846 συνανῆλθον

171 4858 388 4927 ὀλίγοιο
425 4860 512 4913 ἵνα
555 4861 641 4914 διὰ
691 4863 790 4932 μὲν
832 4863 932 4933 τῆς
964 4865 1337 4936 γεγενημένης
1379 4866 1754 4935 αἰχμαλωσίας

173 4953 275 5003 καὶ
306 4950 407 5019 τῆς
438 4951 692 5004 ἐπανόδου
715 4951 904 5005 τοῦτον
934 4954 1383 5025 ἀποτελεσθείσης
1407 4955 1497 5007 τὸν
1531 4957 1754 5026 τρόπον,

172 5040 342 5109 δῆλος
370 5044 594 5111 γένηται
632 5045 730 5114 τῆς
772 5046 900 5116 περὶ
939 5045 1030 5097 τὸν
1072 5046 1199 5100 λαὸν
1229 5046 1542 5117 ἐπιμελείας
1577 5051 1605 5100 6
1635 5066 1759 5101 σκο-

178 5131 283 5193 πὸς
328 5131 425 5184 τοῦ
477 5132 633 5196 Θεοῦ,
675 5134 813 5203 ὑπὲρ
840 5132 935 5186 τοῦ
971 5136 1342 5205 φανησομένου
1385 5152 1449 5203 γε
1482 5134 1541 5199 ἐξ
1577 5134 1756 5187 αὐτῶν

174 5225 274 5275 ἐπὶ
303 5227 368 5294 τῇ
400 5226 614 5278 πάντων
637 5225 940 5295 ἀνθρώπων
967 5226 1207 5297 σωτηρίᾳ
1236 5227 1414 5279 πάντα
1440 5225 1720 5289 ποιοῦντος
1740 5244 1755 5258 ο

172 5312 328 5367 ὥστε
374 5314 431 5366 δὲ
488 5314 565 5385 μὴ
596 5318 675 5379 εις
730 5318 1036 5385 ἀπόγνωσιν
1088 5316 1325 5388 παντελῆ
1383 5316 1758 5379 καταστάντας

176 5406 508 5475 ὲπιμιγῆναι
566 5410 679 5469 τοῖς
735 5406 910 5461 ἔθνεσι
970 5408 1067 5478 τὴν
1115 5407 1488 5477 αἰχμαλωσίαν
1553 5410 1757 5478 ὑπομε-

179 5496 497 5567 μενηκότας
541 5498 774 5568 ἐκείνην,
808 5499 989 5571 χώραν
1015 5500 1073 5552 δὲ
1104 5499 1299 5571 μηκέτι
1332 5500 1468 5569 μήτε
1516 5499 1612 5569 τὴν
1658 5501 1755 5551 ἐπ-

180 5587 375 5643 άνοδον
424 5589 589 5660 ἔχειν,
626 5593 761 5662 μήτε
807 5593 897 5645 τὸν
941 5591 1048 5645 ἀπὸ
1092 5591 1199 5645 τῶν
1230 5591 1433 5645 λοιπῶν
1454 5591 1621 5645 ἐθνῶν
1650 5608 1755 5661 χω-

262 5738 377 5808 ('22)
447 5740 553 5794 l‘ro
611 5740 829 5804 λοιπούς
891 5741 1178 5813 legendum
1235 5742 1444 5797 videtur
1499 5739 1824 5809 περιοίκους.

1858 1490 2201 1559 prophetam,
2233 1488 2301 1543 ad
2327 1504 2487 1558 quem
2528 1488 3031 1561 interpretandum,
3055 1491 3162 1547 Deo
3193 1492 3424 1556 favente,

1854 1596 2003 1636 nunc
2060 1579 2430 1651 aggredimur,
2490 1579 2559 1636 de
2625 1581 2826 1636 futuris
2885 1584 3070 1653 populi
3128 1583 3427 1654 (Hebraei)

1857 1672 2081 1727 casibus
2112 1686 2209 1741 per
2250 1672 2564 1727 universam
2606 1670 2719 1727 fere
2762 1673 3100 1743 prophetiam
3131 1675 3275 1744 loqui
3315 1696 3327 1729 ε
3363 1690 3428 1730 ea

1855 1765 2062 1819 scilicet
2108 1764 2360 1827 innuere,
2409 1779 2531 1832 qua:
2573 1764 2752 1833 primo
2794 1765 2864 1818 ab
2903 1766 3144 1835 Assyriis
3187 1780 3428 1835 passura

1853 1864 2006 1909 erant
2041 1854 2227 1909 decem
2261 1853 2437 1909 tribus
2478 1854 2651 1921 mala;
2683 1864 2794 1909 tum
2824 1855 2987 1909 etiam
3022 1856 3113 1909 illa
3144 1873 3265 1925 qua:
3300 1856 3425 1912 Hie—

1854 1946 2175 2016 rosolymis,
2206 1943 2469 2015 Judaaque
2503 1947 2669 2001 tribui
2696 1985 2712 2009 ,
2755 1947 3074 2017 ceterisque
3116 1948 3264 2018 regni
3307 1948 3426 2016 ejus

1855 2036 2103 2106 partibus
2135 2051 2165 2088 a
2192 2035 2508 2107 Babyloniis
2533 2047 2794 2091 eventura
2818 2044 2992 2092 erant.
3029 2037 3101 2090 De
3125 2037 3210 2093 bis
3244 2048 3425 2093 autem

1855 2127 2026 2183 rebus
2077 2143 2186 2182 non
2237 2129 2356 2183 sine
2396 2142 2564 2182 causa
2604 2128 2880 2198 prophetae
2920 2130 3080 2184 verba
3128 2129 3425 2196 faciebant,

1852 2216 1947 2271 sed
2002 2217 2131 2286 quia
2196 2216 2341 2272 Deus
2384 2232 2575 2273 curam
2630 2219 2882 2273 eximiam
2938 2220 3122 2288 populi
3183 2221 3423 2289 gerebat,

1854 2316 2144 2378 propterea
2174 2308 2322 2379 quod
2368 2308 2622 2364 Christus
2672 2307 2935 2363 Dominus
2975 2309 3041 2362 ad
3081 2324 3424 2365 communem

1852 2399 2096 2451 omnium
2143 2398 2427 2451 hominum
2471 2396 2833 2467 peragendam
2879 2398 3108 2453 salutem
3150 2414 3250 2453 suo
3288 2409 3424 2453 tem-

1853 2503 1982 2557 pore
2030 2488 2368 2543 adventurus
2416 2494 2553 2542 erat.
2600 2485 2810 2542 Idcirco
2864 2486 3113 2543 Hebraeos
3160 2488 3298 2545 Deus
3354 2492 3424 2544 ah

1851 2575 2089 2631 ethnicis
2123 2577 2437 2647 separavit,
2488 2583 2544 2632 et
2582 2576 2998 2632 circumcisione
3052 2578 3318 2640 distinxit.
3369 2587 3424 2633 et

1852 2669 2127 2737 propriam
2176 2667 2376 2723 habere
2420 2668 2590 2722 voluit
2619 2667 2919 2737 regionem,
2957 2683 3320 2735 seorsumque
3358 2670 3411 2723 in

1787 2741 1828 2795 Β
1858 2756 1988 2812 Sion
2032 2766 2220 2813 monte
2254 2774 2320 2814 ex
2359 2759 2602 2829 legitima
2646 2761 2822 2815 forma
2874 2762 3186 2832 religiosum
3220 2763 3323 2817 sibi
3355 2752 3423 2818 ab

1854 2851 1935 2906 eis
1967 2851 2171 2907 cultum
2212 2851 2459 2907 exhiberi
2508 2851 2808 2907 mandavit.
2854 2850 2947 2908 Sic
2987 2856 3132 2909 enim
3175 2854 3420 2910 futurum

1853 2947 1971 2996 erat
1990 2981 2006 3006 ,
2036 2948 2097 2994 ut
2120 2940 2420 2997 secundum
2451 2940 2802 3011 pr0pheticas
2834 2944 3227 3012 promissiones
3258 2954 3422 3014 atque

1854 3031 1984 3085 olim
2028 3031 2331 3086 ordinatam
2384 3041 2751 3101 congruenter
2794 3032 2882 3087 his
2917 3034 3194 3089 vaticiniis
3238 3036 3421 3105 populi

1856 3123 2402 3187 administrationem,
2437 3123 2692 3179 Christus
2726 3122 2991 3180 Dominus
3025 3127 3079 3180 in
3110 3129 3296 3182 orbem
3328 3142 3419 3181 ve-

1855 3213 2012 3268 niens
2061 3222 2293 3268 cunctos
2356 3215 2615 3269 mortales
2665 3216 2931 3271 certiores
2988 3218 3228 3281 faceret,
3275 3218 3415 3271 haud

1853 3320 2027 3376 nuper
2098 3306 2317 3361 demum
2363 3307 2432 3361 de
2501 3308 2677 3362 salute
2741 3308 3021 3362 hominum
3078 3312 3419 3378 procuranda

1858 3396 2023 3451 Deum
2072 3398 2434 3467 cogitavisse;
2481 3396 2576 3451 sed
2608 3411 2730 3451 cum
2783 3398 3090 3466 antiquitus
3137 3399 3421 3468 longisque

1853 3493 1980 3540 ante
2030 3486 2363 3556 temporibus
2410 3487 2466 3541 id
2515 3487 2655 3556 apud
2701 3502 2790 3552 se,
2843 3496 2979 3543 teste
3022 3488 3180 3543 beato
3226 3488 3417 3553 Paulo,

1853 3574 2134 3631 habuisset
2155 3576 2460 3639 decretum,
2493 3578 2868 3646 segregavisse
2893 3576 2998 3631 sibi
3021 3576 3415 3641 Ahrahamum,

1852 3684 1918 3721 ex
1974 3682 2149 3737 eoque
2204 3675 2421 3738 gentem
2461 3668 2785 3732 .conllasse,
2867 3683 3163 3739 curamque
3230 3669 3416 3739 hujus,

1853 3760 2013 3814 sicuti
2056 3760 2168 3828 jam
2215 3758 2421 3813 dictum
2448 3768 2553 3822 est,
2579 3759 2852 3828 gessisse;
2889 3768 2946 3814 ut
2981 3776 3047 3814 ex
3086 3760 3188 3814 hoc
3230 3772 3417 3830 postea

1851 3866 2048 3922 genere
2070 3851 2322 3905 Christus
2358 3849 2615 3905 Dominus
2661 3851 2959 3905 secundum
2996 3868 3218 3907 carnem
3245 3856 3292 3885 “
3318 3871 3417 3924 pro

1853 3942 2132 3996 communi
2190 3956 2460 4011 apparens
2511 3943 2727 4007 salute,
2797 3942 3087 3998 manifeste
3142 3945 3418 3999 videretur

1854 4036 2151 4089 secundum
2209 4041 2389 4088 vetera
2445 4033 2664 4087 decreta
2723 4034 2790 4087 ad
2844 4034 3237 4106 redemptionis
3278 4050 3418 4107 opus

1855 4129 2084 4182 venisse.

1923 4219 2214 4290 Propterea
2238 4234 2457 4290 quoque
2485 4221 2742 4290 populum
2765 4221 3080 4276 universum
3110 4222 3164 4275 in
3190 4222 3417 4291 captivi-

1852 4322 2020 4366 tatem
2060 4312 2441 4366 abducendum
2487 4312 2702 4365 curavit
2732 4311 2911 4379 “Deus,
2951 4329 3016 4367 ex
3060 4328 3231 4383 eaque
3266 4327 3418 4367 revo-

1853 4403 2081 4457 candam
2132 4415 2341 4471 partem
2389 4404 2572 4472 populi
2628 4418 2788 4472 quam
2843 4404 2961 4470 ipse
3002 4403 3209 4467 voluit,
3254 4401 3415 4471 cujus

1853 4499 2050 4554 deinde
2098 4499 2461 4568 principatum
2499 4498 2607 4568 92
2638 4500 2755 4553 sola
2808 4500 2984 4553 tenuit
3021 4497 3172 4551 .lndae
3214 4498 3413 4558 tribus.

1854 4607 1974 4661 quae
2018 4590 2274 4646 universa
2308 4591 2483 4645 reditu
2526 4591 2693 4660 digna
2729 4589 2852 4652 fuit,
2895 4591 3150 4659 quoniam
3197 4605 3259 4642 ex
3298 4591 3415 4659 ipsa

1855 4692 2080 4736 orturus
2105 4691 2369 4736 eratcum
2392 4696 2557 4736 carne
2577 4682 2832 4737 Christus
2859 4679 3123 4734 Dominus
3153 4700 3166 4734 :
3201 4697 3325 4733 nam
3348 4680 3416 4735 de

1855 4772 2082 4840 reliquis
2128 4772 2380 4826 tribubus
2428 4771 2586 4840 pauci
2629 4786 2660 4825 e
2703 4772 2931 4841 singulis
2977 4771 3276 4825 redierunt.
3324 4771 3416 4826 Sic

1854 4861 1998 4914 enim
2037 4869 2151 4913 tum
2179 4876 2210 4914 e
2257 4860 2593 4928 captivitate,
2639 4870 2750 4913 tum
2787 4875 2817 4914 e
2853 4859 3026 4913 reditu
3069 4860 3169 4914 hac
3204 4861 3415 4916 ratione

1855 4960 2046 5005 curato
2104 4951 2513 5021 patelaciendus
2552 4960 2670 5005 erat
2724 4951 2920 5007 divinae
2961 4956 3109 5007 circa
3158 4956 3418 5023 populum

1857 5044 2220 5100 Providentia:
2254 5060 2473 5113 sc0pus,
2504 5044 2618 5099 haec
2649 5047 2831 5098 omnia
2862 5049 3160 5117 satagentis
3197 5055 3419 5116 propter

1858 5138 1983 5192 inde
2028 5146 2313 5191 venturum
2343 5136 2672 5191 universalis
2706 5138 2901 5192 salutis
2946 5148 3223 5192 auctorem
3260 5137 3415 5192 Chri-

1858 5237 2022 5283 stum.
2058 5224 2286 5295 Ergone
2329 5226 2501 5281 Judaei
2544 5228 2914 5297 captivitatem
2966 5228 3110 5281 illam
3152 5228 3415 5297 perpessi,

1859 5335 1954 5389 spe
1986 5320 2134 5373 omni
2168 5317 2438 5389 deposita,
2466 5317 2933 5374 confunderentur
2964 5319 3249 5387 gentibus;
3281 5317 3416 5371 sibi-

1865 5426 1968 5480 que
1988 5411 2239 5479 patriam,
2261 5418 2355 5465 aut
2373 5409 2604 5467 reditum
2633 5408 2700 5463 ad
2723 5409 2891 5473 illam,
2917 5409 3060 5463 haud
3089 5409 3200 5478 jam
3224 5424 3418 5476 super-

1863 5518 1984 5557 esse
2019 5502 2337 5567 crederent;
2388 5517 2522 5556 neve
2560 5517 2673 5558 suae
2705 5503 2774 5557 ab
2807 5501 3042 5556 ethnicis
3089 5501 3417 5555 secretionis

1861 5594 2339 5663 obliviscerentur;
2395 5593 2523 5649 olim
2556 5610 2647 5649 ore
2690 5592 3076 5664 prophetarum
3118 5600 3233 5645 tum
3268 5590 3416 5643 futu-
