3828 6216
441 281 549 341 915

1656 289 2001 346 ἸἮΕΟΒΟΒΙ
2035 287 2263 349 MOPSU
2273 292 2521 346 ESTENI‘

3562 294 3672 351 ιιι

442 416 560 458 ram
596 400 962 472 captivitatem
1002 401 1326 472 signiﬁcavit
1355 402 1519 468 Deus,
1559 412 1675 460 tum
1716 422 1781 462 ex
1815 407 2004 462 eadem

2111 407 2325 480 ρισμὸν,
2366 409 2568 462 ἄνωθεν
2611 409 2700 463 διὰ
2735 410 2844 462 τῶν
2880 408 3172 481 προφητῶν
3206 407 3296 462 καὶ
3325 406 3426 479 τὴν
3469 408 3673 478 αίχμαο

442 491 837 564 postliminium
883 510 897 546 :
932 501 990 546 ut
1037 494 1138 548 hac
1175 510 1270 564 spe
1316 497 1538 560 retenti,
1582 498 1675 552 ubi
1714 499 2006 555 accidisset

438 584 751 656 captivitas,
802 585 1036 641 reditum
1092 595 1507 657 exspectarent,
1557 591 1648 661 qui
1711 607 1898 662 reapse
1939 607 2006 646 eo

441 691 604 747 quem
640 675 880 733 diximus
919 678 1081 734 modo
1115 681 1178 733 ac
1219 681 1650 751 suprascriptam
1683 682 1754 738 ob
1779 695 2005 738 causam

443 766 691 838 contigit.
725 765 1092 833 Quamobrem
1139 769 1267 823 olim
1316 779 1372 826 et
1403 771 1614 840 jamdiu
1653 772 1766 828 haec
1789 789 1818 827 a
1847 775 2007 828 beato

444 856 646 912 Davide
696 858 1069 928 compluribus
1117 860 1173 914 in
1230 861 1455 930 psalmis
1510 861 1657 917 dicta
1718 863 1936 919 fuerant
1987 881 2002 919 :

441 949 844 1020 propinquante
889 960 1072 1008 autem
1122 954 1486 1023 gerendarum
1533 971 1716 1011 rerum
1761 964 2006 1027 tempore

442 1035 733 1110 prophetas
777 1039 927 1096 misit
965 1038 1185 1097 divinas
1233 1039 1407 1105 favor;
1449 1057 1596 1100 nunc
1635 1046 1856 1117 quidem
1900 1049 2004 1103 im-

443 1129 732 1198 pendentia
755 1130 824 1186 ab
845 1131 1085 1202 Assyriis
1113 1135 1472 1203 pracinentes
1495 1137 1657 1198 mala.
1679 1154 1804 1193 mox
1825 1147 2003 1194 autem

442 1220 826 1292 Bahylonicam
871 1232 1324 1294 superventuram
1377 1224 1582 1282 Judaais
1639 1228 2004 1285 calamitatem

443 1311 818 1381 significantes
854 1332 866 1368 :
900 1323 1023 1383 post
1059 1314 1171 1370 haec
1213 1316 1396 1370 omnia
1445 1323 1626 1373 tamen
1676 1319 2006 1389 spondentes

441 1403 714 1469 reditum;
748 1403 996 1474 nihilque
1019 1415 1230 1472 earum,
1259 1419 1381 1476 quae
1411 1421 1506 1477 per
1535 1408 1586 1464 id
1620 1418 1836 1480 tempus
1864 1412 2008 1467 scire

441 1494 788 1552 commodum
821 1507 959 1562 erat,
987 1497 1301 1554 reticentes.
1337 1497 1511 1554 Porro
1539 1515 1724 1556 rerum
1758 1503 2008 1572 superio-

442 1599 565 1642 rum
594 1590 773 1644 exitus
795 1590 1168 1660 prognosticis
1191 1600 1617 1659 consentaneus,
1640 1592 1798 1649 ﬁdem
1835 1594 2004 1651 facie-

442 1677 536 1733 bat
566 1677 682 1733 fore
714 1687 773 1734 ut
801 1688 990 1750 postea
1019 1695 1238 1752 quoque
1269 1682 1524 1752 praedicta
1547 1725 1562 1750 ,
1594 1682 1714 1739 sine
1745 1685 1911 1740 dubio
1937 1684 2004 1740 ad

444 1771 686 1826 vaticinii
713 1785 960 1826 normam
987 1773 1301 1829 evaderent.
1558 1808 1562 1811 -

514 1954 653 2010 Hinc
688 1955 746 2010 fit
792 1963 852 2010 ut
880 1956 1157 2027 propheta
1195 1957 1376 2012 cuncti
1410 1966 1464 2013 et
1494 1973 1582 2014 res
1601 1958 1921 2029 Assyriacas
1950 1966 2006 2015 et

449 2046 778 2103 subsecutas
805 2063 932 2104 mox
975 2047 1334 2120 Babylonicas
1365 2050 1658 2120 loquantur
1693 2063 1855 2105 :nam
1900 2052 2004 2107 etsi

443 2139 529 2194 liae
573 2138 803 2194 diversa:
850 2139 1070 2195 fuerunt
1114 2140 1494 2206 incursiones,
1522 2140 1764 2213 Assyriis
1805 2145 2002 2214 primo,

443 2230 639 2287 deinde
664 2230 972 2302 Babyloniis
992 2231 1392 2302 expeditionem
1425 2232 1781 2300 facientibus;
1813 2235 2008 2304 hisque

442 2323 726 2379 eventibus
763 2323 1102 2392 aliquantum
1139 2323 1403 2396 temporis
1448 2326 1680 2395 spatium
1711 2325 2006 2395 interposi-

443 2424 559 2468 tum
591 2413 712 2478 fuit,
744 2416 1102 2473 nihilominus
1136 2431 1240 2471 una
1279 2415 1383 2471 fuit
1428 2417 1754 2472 universalis
1777 2417 2008 2487 captivi-

443 2515 550 2571 tas,
597 2522 724 2562 orsa
765 2507 834 2561 ab
883 2491 1126 2578 Assyriis
1169 2516 1362 2562 contra
1410 2507 1517 2577 93
1560 2509 1744 2562 (locum
1789 2509 2002 2575 tribus;

445 2598 690 2654 absoluta
722 2612 848 2654 vero
882 2607 1070 2654 contra
1112 2599 1381 2668 reliquas,
1424 2609 1547 2670 quae
1593 2612 1818 2669 regnum
1853 2597 2006 2654 .iudae

444 2690 870 2753 constituebant,
912 2703 942 2743 a
990 2687 1302 2761 Babyloniis
1335 2691 1486 2746 urbis
1520 2692 2002 2762 eXpugnatoribus.

445 2778 658 2836 Idcirco
709 2782 890 2836 caeleri
944 2783 1105 2836 etiam
1164 2783 1441 2854 prophetae
1486 2783 1600 2836 lucc
1649 2781 2003 2852 portendunt,

447 2882 608 2943 atque
639 2873 690 2926 in
726 2873 810 2927 bis
841 2873 1020 2927 omnis
1057 2889 1246 2928 eorum
1281 2889 1462 2929 sermo
1491 2883 1772 2936 versatur;
1807 2876 1850 2930 si
1880 2891 2009 2946 pau-

445 2977 540 3018 cas
569 2963 775 3032 aliquot
823 2977 913 3017 res
955 2963 1218 3031 excipias,
1252 2977 1427 3032 neque
1477 2977 1506 3016 a
1547 2963 1821 3032 praedictis
1851 2963 2008 3020 valde

438 3042 839 3123 discrepantes,
888 3068 1026 3123 quas
1065 3055 1242 3109 obiter
1287 3055 1673 3124 appiuxerunt.
1723 3052 1814 3108 Sic
1876 3054 2075 3135 facitc

445 3142 607 3198 etiam
650 3143 771 3206 hic,
811 3158 968 3214 quem
1010 3144 1063 3197 in
1099 3144 1353 3200 manibus
1387 3143 1683 3208 habemus,
1714 3145 2005 3215 propheta,

445 3235 537 3305 qui
590 3251 747 3291 suum
795 3249 955 3290 omne
980 3236 1301 3290 vaticinium
1347 3236 1414 3290 ad
1455 3235 1594 3290 mala
1643 3237 1712 3292 ab
1764 3237 2006 3307 Assyriis

446 3325 868 3398 Babyloniisque
894 3325 1079 3381 lsraeli
1115 3324 1376 3397 Judaeque
1403 3326 1684 3383 inferenda
1717 3327 2007 3382 manifeste

445 3409 718 3469 convertit
761 3434 774 3470 :
814 3417 885 3469 ita
915 3426 1095 3470 tamen
1135 3424 1192 3470 ut
1224 3416 1464 3473 breviter
1494 3420 1642 3471 circa
1681 3420 2005 3488 promtnium

445 3505 690 3574 quaedam
727 3505 886 3560 etiam
931 3507 1129 3560 damna
1174 3518 1596 3572 commemoret,
1635 3524 1755 3580 quae
1787 3524 1816 3562 a
1849 3509 2010 3565 finiti-

447 3599 548 3652 mis
573 3597 789 3668 populis
821 3599 924 3653 sub
951 3599 1092 3652 idem
1141 3607 1356 3668 tempus
1384 3601 1598 3669 passuri
1640 3608 1798 3654 erant
1837 3603 2010 3656 lsrae-

447 3689 572 3744 litae.
651 3689 741 3744 Sic
793 3699 972 3744 autem
1033 3689 1175 3743 Deus
1245 3691 1701 3752 demonstrabat,
1752 3691 1892 3746 haud
1950 3708 2010 3747 se

446 3779 764 3838 crudelitate
795 3783 976 3853 aliqua
1018 3783 1102 3838 vel
1137 3784 1349 3837 incuria
1381 3785 1461 3839 vel
1496 3785 1711 3839 consilii
1757 3785 2011 3839 volubili«

448 3884 559 3930 tate
590 3877 848 3946 populum
889 3874 1177 3946 Assyriaca
1217 3889 1281 3930 ac
1322 3873 1651 3947 Babylonica
1701 3877 2011 3934 calamitate

448 3967 826 4037 implicuisse;
869 3966 961 4021 sed
1013 3967 1141 4036 quia
1178 3966 1324 4020 hunc
1361 3968 1714 4024 asceleribus
1753 3985 2010 4025 revocare

449 4057 702 4112 studebat
741 4073 758 4108 :
785 4055 1224 4126 quandoquidem
1259 4057 1420 4112 etiam
1447 4059 1728 4125 finitimos,
1760 4061 1852 4130 qui
1881 4059 2011 4114 huic

448 4151 648 4220 populo
702 4149 888 4219 injurii
939 4149 1159 4205 fuerant
1189 4190 1205 4212 ,
1276 4152 1467 4207 eodem
1529 4161 1771 4222 tempore
1834 4168 2010 4224 poenas

448 4240 728 4311 subjecit:
761 4241 816 4296 iu
857 4255 996 4312 quos
1039 4241 1461 4313 haudquaquam
1509 4244 2006 4308 animadvertisset,

447 4335 554 4392 nisi
572 4334 829 4407 p0pulum
853 4349 1011 4391 suum
1041 4335 1260 4405 plurimi
1297 4335 1518 4390 faceret.
1539 4335 1720 4402 Quare
1762 4335 1906 4392 Deus
1945 4337 2000 4390 in

446 4429 788 4502 peccantium
839 4427 1108 4498 supplicio
1152 4428 1392 4483 declarat
1428 4443 1581 4484 suam
1633 4443 1759 4498 erga
1807 4428 2012 4482 electos

447 4537 658 4584 curam,
705 4521 905 4591 quibus
949 4520 1136 4592 plagas
1191 4521 1420 4591 imponit
1473 4519 1616 4574 haud
1662 4519 1870 4575 saevitia
1924 4518 2011 4573 vel

446 4622 762 4686 contemptu
793 4615 878 4668 vel
903 4612 1030 4668 odio
1066 4611 1449 4668 exstimulatus
1472 4654 1486 4676 ,
1531 4611 1624 4667 sed
1657 4610 2012 4680 providentia

446 4719 614 4761 causa
644 4714 699 4760 et
722 4703 1002 4759 erudiendi
1043 4702 1478 4772 emendandique
1509 4701 1689 4756 studio
1709 4742 1724 4766 ,
1761 4707 1924 4769 atque
1953 4710 2014 4753 ut

447 4795 516 4851 ad
552 4795 762 4866 frugem
799 4794 1080 4850 meliorem
1123 4803 1362 4850 revocet.
1404 4793 1520 4850 Hoc
1550 4802 1633 4850 est
1679 4791 1846 4864 igitur
1886 4791 2012 4847 libri

446 4897 846 4958 argumentum.

519 5069 698 5137 Atque
733 5065 808 5120 ita
843 5067 1027 5122 omnia
1056 5083 1177 5138 qua:
1204 5067 1271 5122 ad
1301 5068 1561 5139 populum
1597 5078 1848 5138 spectant
1875 5069 2014 5124 dixit

335 5180 348 5188 -
449 5159 736 5228 propheta,
775 5167 830 5212 et
872 5159 1109 5214 breviter
1145 5160 1309 5215 etiam
1351 5160 1697 5231 significavit,
1750 5162 2010 5233 quidnam

450 5248 662 5303 adversi
709 5248 973 5316 proximis
1010 5250 1130 5302 urbi
1185 5252 1397 5320 populis
1431 5249 1713 5322 Babylonii
1769 5254 2013 5322 apprime

451 5337 762 5409 imposituri
792 5337 982 5392 eadem
1008 5342 1301 5396 occasione
1324 5352 1529 5406 essent,
1547 5351 1769 5414 prOpter
1793 5343 2010 5396 illorum

449 5443 577 5496 erga
608 5426 812 5482 electos
854 5425 1113 5495 injurias;
1152 5430 1309 5498 cujus
1346 5432 1423 5486 rei
1459 5433 1570 5502 jam
1615 5447 1834 5487 causam
1869 5432 2013 5486 dixi-

451 5531 594 5572 mus.
627 5517 747 5570 Euit
777 5525 956 5572 autem
989 5520 1305 5575 vaticinium
1324 5523 1464 5576 haud
1485 5522 1881 5592 Hierosolymis
1911 5521 2007 5576 sed

455 5608 508 5661 in
557 5607 898 5662 ethnicorum
951 5609 1123 5675 locis,
1179 5613 1323 5669 circa
1388 5613 1521 5669 fines
1580 5615 1799 5669 Israelis
1845 5627 2012 5683 prope

455 5695 691 5754 Bethelis
715 5695 923 5764 fanum,
944 5715 960 5752 ι
983 5701 1036 5756 bi
1058 5702 1264 5762 hostias
1291 5704 1450 5760 idolis
1474 5705 1734 5762 lsraelita:
1761 5705 2006 5761 litabant.

2105 498 2305 551 λωσίαν
2325 500 2589 570 ἐσομένην
2610 503 2808 570 ἐμήνυε
2829 501 2921 552 καὶ
2939 501 3038 572 τὴν
3068 499 3323 553 ἐπάνοδον
3345 500 3430 552 ἐπ’
3451 499 3665 570 ἐκείνῃ·

2105 591 2193 643 ἴνα
2218 592 2338 655 ταῖς
2381 591 2561 644 ἐλπίσι
2599 591 2954 663 κρατούμενοι
2993 591 3235 654 ταύταις,
3265 591 3358 644 καὶ
3390 590 3526 660 μετὰ
3568 590 3670 661 τὴν

2107 680 2390 752 συμϐᾶσαν
2439 682 2812 753 αἰχμαλωσίαν
2843 682 2940 755 τὴν
2987 683 3242 737 ἐπάνοδον
3291 681 3631 754 ἀναμείνωσιν
3653 697 3665 710 ⁸

2103 770 2249 842 ἦπερ
2289 766 2383 825 οὖν
2424 772 2518 824 καὶ
2547 772 2735 840 γέγονε
2763 771 2884 825 καθ’
2910 771 2968 825 δν
2997 772 3205 843 ἔφαμέν
3230 789 3286 825 τε
3313 773 3534 842 τρόπον,
3573 773 3668 825 καὶ

2106 857 2245 930 ὑπὲρ
2269 853 2338 929 ἦς
2361 860 2658 930 εἰρήκαμεν
2681 861 2879 925 αἰτίας.
2913 865 2990 932 (p.
3027 861 3149 931 MU)
3182 861 3279 914 Διὰ
3309 860 3468 914 τοῦτο
3500 861 3670 916 πάλαι

2107 951 2207 1021 μέν
2237 952 2332 1004 καὶ
2364 951 2636 1022 πρόπαλαι
2659 951 2737 1022 τῷ
2780 953 3033 1023 μακαρίῳ
3063 951 3223 1005 Δαυῒδ
3267 951 3451 1022 είρητο
3494 953 3672 1010 ταῦτα.

2104 1039 2194 1095 διὰ
2235 1037 2443 1095 πολλῶν
2483 1037 2592 1095 τῶν
2633 1039 2863 1112 ψαλμῶν
2883 1060 2896 1073 ο
2925 1041 3232 1112 ἐγγίζοντος
3255 1042 3311 1096 δέ
3334 1042 3428 1096 τοῦ
3470 1041 3670 1116 καιροῦ

2104 1133 2213 1186 τῶν
2251 1134 2609 1206 πραγμάτων,
2657 1135 2781 1198 τοὺς
2828 1136 3111 1206 προφήτας
3159 1135 3420 1199 ἀνέδειξεν
3469 1138 3502 1206 ἡ
3550 1135 3676 1189 θεία

2106 1225 2282 1296 χάρις,
2315 1226 2410 1279 νῦν
2441 1226 2542 1295 μὲν
2573 1225 2850 1294 ἐφεστῶτα
2879 1227 2986 1279 τῶν
3028 1227 3324 1298 Ἀσσυρίων
3363 1228 3672 1298 μηνύοντας

2104 1316 2173 1370 τὰ
2202 1316 2366 1380 κακά,
2399 1311 2552 1379 αὖθις
2579 1315 2636 1369 δέ
2659 1319 2746 1370 ἐπ’
2767 1317 3006 1380 ἐκείνους
3028 1317 3096 1370 τὰ
3128 1316 3280 1388 παρὰ
3314 1317 3674 1372 Βαϐυλωνίων

2105 1407 2336 1478 ἐσόμενα
2371 1406 2661 1478 δηλοῦντας
2683 1425 2697 1440 ’
2729 1407 2814 1476 ἐφ’
2841 1407 3014 1461 ἅπασί
3053 1423 3114 1460 τε
3154 1408 3406 1476 λέγοντας
3434 1409 3532 1479 τὴν
3567 1411 3675 1462 ἐπ-

2106 1497 2308 1560 άνοδον,
2341 1495 2505 1568 ἐτερά
2530 1514 2589 1550 τε
2625 1497 2795 1551 ὁπόσα
2824 1497 2930 1552 τῶν
2952 1498 3093 1552 κατὰ
3117 1501 3206 1553 τὸν
3235 1499 3423 1572 καιρὸν
3463 1503 3676 1554 ἐκεῖνον

2105 1590 2402 1658 γεγονότων
2446 1589 2744 1660 μηνύεσθαι
2771 1590 3044 1662 προσῆκον
3084 1588 3152 1664 ἦν
3171 1609 3186 1624 ο
3237 1593 3358 1646 ἐπεὶ
3407 1591 3464 1645 δέ
3490 1595 3523 1664 η
3550 1593 3667 1646 τῶν

2106 1681 2384 1750 προτέρων
2429 1679 2652 1745 ἔκϐασις
2695 1680 3000 1746 ἀκολούθως
3039 1685 3158 1745 ταῖς
3205 1685 3539 1754 προρρήσεσι
3581 1700 3678 1751 γι-

2107 1772 2365 1843 γνομένη,
2416 1773 2599 1837 πίστις
2638 1768 2706 1844 ἦν
2737 1767 2844 1827 τῶν
2876 1774 3010 1845 μετὰ
3041 1773 3216 1827 ταῦτα
3259 1775 3680 1847 προειρημένων

2105 1881 2184 1927 τε,
2218 1863 2360 1918 κατὰ
2382 1864 2480 1936 τὴν
2517 1866 2816 1937 πρόρρησιν
2843 1865 2918 1929 ὡς
2959 1865 3105 1929 εἰκὸς
3134 1865 3420 1936 ἐσομένων.

2189 1954 2467 2009 Ἐντεῦθεν
2498 1956 2733 2019 ἅπαντες
2774 1957 2842 2010 τά
2885 1972 2944 2009 τε
2989 1955 3138 2026 παρὰ
3181 1955 3290 2009 τῶν
3317 1955 3681 2012 Βαϐυλωνίων

2106 2047 2363 2114 γεγονότα
2427 2047 2619 2117 φασίν·
2665 2048 2851 2118 ἐπειδὴ
2913 2047 3018 2101 κᾶν
3086 2047 3134 2100 εί
3195 2046 3522 2120 διηρημένας
3570 2047 3680 2109 τὰς

2106 2137 2326 2206 ἐφόδους
2365 2139 2564 2202 ταύτας
2613 2138 2938 2209 γεγενῆσθαι
2987 2139 3211 2211 συνέϐη,
3255 2140 3520 2211 πρότερον
3571 2139 3680 2208 μὲν

2118 2231 2415 2304 Ἀσσυρίων
2468 2232 2892 2303 ἐπεληλυθότων,
2924 2232 3278 2286 Βαϐυλωνίων
3319 2231 3376 2284 δὲ
3423 2231 3682 2302 ὕστερον,

2105 2323 2212 2377 τῶν
2233 2342 2292 2379 τε
2321 2325 2658 2396 πραγμάτων
2679 2324 2867 2396 καιρός
2894 2339 2976 2388 τις
3001 2327 3220 2393 γέγονεν
3250 2326 3306 2378 ἐν
3334 2325 3508 2395 μέσῳ,
3536 2322 3682 2376 ἀλλὰ

2115 2415 2212 2486 μία
2262 2430 2324 2484 γε
2372 2410 2498 2487 ἧνή
2534 2416 2796 2487 παντελὴς
2829 2417 3192 2486 αἰχμαλωσία,
3252 2415 3536 2486 ἀρξαμένη
3573 2413 3680 2484 μέν

2079 2506 2212 2560 ,ἀπὸ
2236 2505 2343 2558 τῶν
2385 2507 2680 2578 Ἀσσυρίων
2712 2508 2841 2579 περὶ
2889 2507 2986 2569 τὰς
3033 2507 3161 2560 δέκα
3197 2507 3388 2576 φυλὰς,
3428 2523 3678 2578 περαιω-

2107 2596 2260 2651 θεῖσα
2288 2598 2345 2650 δέ
2379 2598 2505 2671 περὶ
2535 2599 2634 2662 τὰς
2664 2599 3004 2664 ὑπολοίπους,
3043 2600 3101 2652 αϊ
3143 2600 3240 2670 τῆς
3301 2599 3473 2653 Ἰούδα
3521 2599 3680 2669 βασι-

2105 2689 2253 2755 λείας
2297 2690 2613 2762 ἐτύγχανον,
2665 2692 2755 2744 ἐπὶ
2806 2695 2902 2763 τῆς
2931 2692 3286 2746 Βαϐυλωνίων
3333 2689 3678 2764 πολιορκίας.

2107 2782 2305 2835 Τούτου
2342 2783 2438 2853 μὲν
2467 2779 2559 2837 οὖν
2607 2783 2792 2836 ἐνεκεν
2823 2783 2950 2836 οἵτε
2978 2783 3152 2836 λοιποὶ
3180 2781 3353 2837 ταῦτα
3382 2783 3679 2854 μηνύουσι,

2108 2873 2201 2925 καὶ
2231 2873 2357 2942 περὶ
2387 2870 2556 2924 ταῦτα
2593 2871 2690 2943 τὴν
2719 2873 2894 2924 πᾶσαν
2926 2866 3071 2942 εἶχον
3104 2869 3196 2924 τοῦ
3240 2870 3397 2939 λόγου
3445 2870 3678 2941 σχολήν·

2110 2963 2183 3030 (p.
2221 2961 2342 3028 Ml)
2383 2960 2518 3030 πλὴν
2549 2961 2646 3014 ὅσα
2693 2959 2895 3032 βραχέα
2940 2960 3000 3013 ού
3047 2959 3178 3011 πολύ
3216 2976 3280 3026 γε
3318 2958 3525 3012 τούτων
3573 2959 3680 3011 άπ-

2109 3051 2425 3122 εσπασμένα
2460 3051 2846 3122 προσετίθεσαν
2877 3053 2990 3114 τοῖς
3020 3051 3331 3121 λεγομένοις
3350 3066 3363 3080 ·
3402 3049 3676 3121 πεποίηκε

2107 3143 2162 3196 δέ
2207 3161 2258 3196 τι
2286 3143 2494 3196 τοιοῦτο
2521 3143 2613 3196 καὶ
2645 3145 2673 3196 ὁ
2706 3140 2893 3214 παρὼν
2925 3143 3230 3213 προφήτης,
3272 3139 3369 3212 τὴν
3408 3141 3508 3210 μὲν
3545 3155 3681 3213 προ-

2108 3235 2334 3303 φητείαν
2363 3235 2576 3288 ἃπασαν
2609 3236 2664 3287 ἐν
2696 3237 2805 3297 τοῖς
2835 3233 2961 3304 περί
2991 3249 3049 3285 τε
3078 3233 3168 3286 τὸν
3210 3231 3424 3303 Ἰσραὴλ
3453 3233 3551 3284 καὶ
3586 3233 3679 3285 τὸν

2121 3325 2316 3379 Ἰούδαν
2361 3324 2638 3396 ἐσομένοις
2668 3326 2817 3394 παρά
2847 3342 2908 3380 τε
2947 3327 3243 3397 Ἀσσυρίων
3273 3326 3367 3378 καὶ
3415 3325 3679 3380 Βαϐυλω-

2108 3418 2234 3471 νίων
2272 3417 2636 3487 πεποιημένος
2662 3416 2938 3488 προδήλως
2961 3435 2973 3447 ο
3003 3419 3062 3470 ἐν
3091 3418 3313 3488 βραχέσι
3357 3418 3414 3472 δέ
3445 3419 3594 3472 κατὰ
3621 3418 3680 3472 τὸ

2109 3511 2388 3581 προοίμιον
2421 3509 2773 3580 ἐπιμνησθεὶς
2811 3509 2905 3562 καὶ
2947 3509 3054 3564 τῶν
3080 3511 3178 3563 ὅσα
3208 3513 3334 3582 περὶ
3364 3511 3488 3574 τοὺς
3521 3527 3680 3585 περι-

2107 3601 2283 3662 οἰκους
2320 3598 2518 3669 πολλὴν
2543 3600 2654 3662 τοῖς
2705 3597 3060 3668 Ἰσραηλίταις
3087 3599 3184 3668 τὴν
3217 3600 3500 3669 ἐπήρειαν,
3537 3599 3680 3652 κατὰ

2108 3691 2200 3744 τὸν
2230 3691 2388 3744 αὐτὸν
2423 3691 2656 3763 ἤμελλεν
2697 3689 2974 3759 γίγνεσθαι
3009 3690 3195 3760 καιρόν
3220 3704 3236 3719 '
3286 3689 3362 3752 ὼς
3405 3688 3472 3742 ἂν
3523 3690 3682 3760 δῆλον

2110 3782 2404 3853 ποιήσειεν,
2445 3783 2528 3834 ὄτι
2562 3783 2662 3834 οὐκ
2694 3773 2909 3851 ἀφειδίᾳ
2932 3780 3038 3833 τινὶ
3067 3780 3160 3833 καὶ
3203 3777 3430 3852 ἀμελείᾳ
3457 3781 3558 3834 καὶ
3591 3795 3683 3851 με-

2108 3873 2304 3945 ταϐολῇ
2354 3873 2577 3944 γνώμης
2623 3875 2743 3936 ταῖς
2791 3889 2849 3925 τε
2906 3872 3014 3926 τῶν
3067 3873 3365 3944 Ἀσσυρίων
3410 3873 3510 3926 καὶ
3559 3875 3682 3936 ταῖς

2108 3968 2216 4021 τῶν
2277 3965 2627 4019 Βαϐυλωνίων
2677 3964 2938 4018 ἐκδέδωκε
3004 3966 3306 4036 συμφοραῖς
3358 3964 3451 4018 τὸν
3529 3965 3679 4028 λαὸν,

2110 4058 2591 4131 ἐπανορθώσασθαι
2617 4057 2674 4111 δέ
2705 4057 2881 4111 αὐτῶν
2903 4057 3002 4122 τάς
3029 4057 3282 4122 ἀσεϐείας
3318 4057 3644 4129 βουλόμενος
3661 4073 3678 4089 ⁸

2109 4155 2169 4217 ὃς
2192 4169 2256 4222 γε
2290 4153 2381 4203 καὶ
2405 4149 2513 4204 τῶν
2533 4150 2821 4222 περιοίκων
2853 4152 2978 4214 τοὺς
3027 4150 3415 4222 ἡμαρτηκότας
3459 4151 3546 4214 είς
3587 4151 3681 4204 αύ-

2111 4246 2236 4308 τοὺς
2270 4241 2412 4297 κατὰ
2456 4241 2547 4293 τὸν
2593 4240 2753 4294 αὐτὸν
2786 4241 3164 4312 ἐτιμωρήσατο
3208 4241 3433 4312 χρόνον
3483 4241 3590 4294 οὐκ
3617 4241 3681 4296 ἄν

2113 4351 2243 4388 ποτε
2269 4333 2423 4396 δίκας
2460 4331 2599 4402 ὑπὲρ
2627 4330 2829 4384 τούτων
2860 4331 3290 4402 εἰσπραξάμενος
3331 4331 3602 4396 ἐκείνους,
3635 4333 3682 4384 εί

2045 4409 2088 4464 1)
2117 4425 2191 4497 μὴ
2227 4424 2474 4477 πλεῖστόν
2507 4439 2626 4476 τινα
2655 4421 2859 4475 τούτων
2904 4423 3140 4475 ἐποιεῖτο
3183 4421 3274 4475 τὸν
3321 4418 3481 4490 λόγόν
3502 4441 3517 4455 ο
3567 4423 3681 4478 ἀλλ’

2112 4519 2169 4572 ἐν
2211 4517 2306 4588 μὲν
2331 4519 2396 4587 τῇ
2420 4514 2527 4568 τῶν
2556 4513 2889 4584 ἠδικηκότων
2909 4514 3149 4586 τιμωρίᾳ
3176 4515 3274 4586 τὴν
3299 4514 3430 4584 περὶ
3459 4514 3682 4576 τούτους

2113 4610 2318 4662 ἐδείκνυ
2344 4605 2663 4677 κηδεμονίαν
2683 4621 2697 4634 ’
2732 4603 2800 4658 τὰ
2827 4603 2883 4657 δὲ
2907 4604 3034 4676 περὶ
3061 4603 3282 4666 τούτους
3309 4605 3511 4668 αὐτοὺς
3542 4605 3681 4659 κακὰ

2111 4699 2266 4770 δῆλος
2294 4699 2515 4766 γέγονεν
2546 4696 2763 4764 ἐπάγων
2801 4695 2900 4747 οὐκ
2931 4694 3147 4765 ἀφειδίᾳ
3177 4710 3237 4746 τε
3284 4693 3379 4746 καὶ
3411 4694 3682 4765 ὑπεροψίᾳ

2113 4790 2206 4845 καὶ
2250 4789 2415 4858 μίσει,
2451 4785 2563 4840 ἀλλ’
2609 4785 2896 4856 ἐπιμελείᾳ
2947 4802 3004 4837 τε
3048 4786 3144 4838 καὶ
3178 4785 3547 4855 σωφρονισμῷ
3591 4784 3681 4838 καὶ

2111 4879 2391 4951 διορθώσει
2431 4877 2524 4930 καὶ
2575 4880 2640 4948 τῇ
2691 4877 2784 4929 ἐπὶ
2819 4873 2880 4928 τὸ
2936 4877 3182 4946 κρεῖττον
3230 4877 3600 4946 ἐπαναγωγῇ·
3645 4876 3678 4944 ἡ

2116 4973 2212 5044 μὲν
2241 4965 2332 5024 οὖν
2361 4968 2614 5029 ὑπόθεσις
2645 4967 2783 5035 αὕτη
2819 4966 2912 5020 τοῦ
2941 4964 3170 5036 βιϐλίου.

2183 5065 2260 5135 (p.
2295 5063 2414 5134 Mi)
2441 5061 2598 5116 Οὕτω
2625 5061 2721 5132 μὲν
2753 5061 2966 5114 ἅπαντα
2995 5061 3063 5114 τὰ
3097 5060 3224 5129 περὶ
3257 5057 3350 5111 τὸν
3372 5057 3503 5111 λαὸν
3536 5059 3679 5128 είρη-

2113 5153 2268 5217 κότος
2289 5152 2380 5207 τοῦ
2416 5154 2714 5223 προφήτου,
2743 5153 2801 5204 ἐν
2824 5151 3024 5218 ὀλίγοις
3056 5150 3112 5204 δέ
3142 5149 3440 5220 μηνύοντος
3471 5149 3513 5202 ἃ
3544 5145 3678 5201 κατὰ

2110 5247 2201 5299 τὸν
2235 5244 2423 5314 καιρὸν
2445 5245 2534 5296 καὶ
2565 5244 2796 5313 μάλιστα
2831 5241 2978 5313 παρὰ
3017 5241 3123 5294 τῶν
3153 5239 3513 5294 Βαϐυλωνίων
3557 5237 3677 5307 περὶ

2111 5340 2235 5402 τοὺς
2283 5337 2665 5404 ἀστυγείτονας
2708 5333 2910 5404 ἤμελλε
2961 5331 3264 5400 γίγνεσθαι,
3293 5331 3438 5403 ὑπὲρ
3483 5323 3559 5384 ὧν
3601 5329 3676 5388 είς

2112 5429 2308 5490 αὐτοὺς
2332 5425 2885 5495 πεπλημμελήκεσαν,
2912 5423 2975 5476 δι’
2997 5424 3062 5493 ἢν
3089 5422 3225 5493 ἔφην
3268 5421 3451 5475 αἰτίαν
3469 5437 3484 5450 ·
3518 5419 3675 5472 ποιεί-

2111 5536 2200 5572 ται
2228 5518 2284 5572 δέ
2321 5517 2413 5569 καὶ
2441 5517 2541 5586 τὴν
2575 5514 2904 5586 προφητείαν
2926 5514 3026 5566 οὐκ
3063 5515 3122 5566 ἐν
3162 5512 3540 5583 Ἰερουσαλὴμ,
3567 5506 3672 5562 ἀλλ’

2114 5611 2172 5664 ἐν
2199 5612 2310 5672 τοῖς
2343 5608 2449 5661 τῶν
2495 5606 2664 5660 ἐθνῶν
2702 5606 2886 5668 τόποις
2930 5604 3158 5674 πλησίον
3201 5603 3295 5656 τοῦ
3355 5601 3570 5674 Ἰσραὴλ
3619 5599 3673 5651 ἐν

2116 5698 2315 5769 Βαιθήλ
2342 5715 2398 5751 τε
2427 5696 2503 5768 τῷ
2552 5695 2701 5768 ἱερῷ,
2735 5693 2862 5749 ἔνθα
2893 5693 2958 5766 δὴ
2980 5695 3094 5758 τοῖς
3122 5689 3361 5754 εἰδώλοις
3397 5687 3672 5743 ἐπετέλουν
