3824 6224
188 271 301 326 2ῑό

1235 280 1778 337 COMMENTARIUS
1796 281 1863 337 ΙΝ
1898 282 2105 339 AMOSI
2133 284 2286 341 CAP.
2318 285 2356 341 I.

3317 287 3423 351 246

190 388 243 440 oi.
273 387 368 440 τοῦ
415 389 629 461 Ἰσραὴλ
678 392 781 457 τὰς
823 394 1045 459 θυσίας·
1087 399 1144 450 ἐν
1190 398 1288 467 μὲν
1315 399 1425 470 γὰρ
1451 402 1517 470 τῇ
1573 400 1767 471 Ἰερου-

1870 398 2002 455 Nam
2037 403 2083 457 si
2120 401 2508 474 Hierosolymis
2546 402 2880 459 vaticinatus
2913 413 3077 469 esset,
3120 418 3206 460 res
3244 420 3423 476 neque

193 481 380 550 σαλὴμ
408 484 784 552 προφητεύων,
818 487 917 540 οὐκ
943 486 1010 541 ἂν
1055 489 1272 556 ἐγένετο
1301 489 1476 561 δῆλος,
1518 488 1645 543 οὔτε
1683 490 1760 561 τῷ

204 571 423 642 Ἰσραὴλ
476 572 593 627 οὔτε
649 579 756 639 τοῖς
806 577 1009 639 λοιποῖς
1054 578 1286 646 ἔθνεσιν,
1329 582 1417 651 ἐφ’
1444 577 1525 646 οἷς
1557 582 1758 653 ἡμελλε

191 660 375 730 λέγειν
416 665 543 735 περὶ
598 666 807 722 αὐτῶν·
846 670 968 723 ἐπεὶ
1017 671 1149 741 μηδὲ
1191 670 1488 727 ἐπιϐαίνειν
1529 676 1628 744 τῆς
1664 674 1760 726 Ἰε-

194 755 476 828 ρουσαλὴμ
502 759 745 829 ἠνείχετό
773 778 854 825 τις
891 762 1112 817 ἐκείνων
1132 780 1144 792 ⁸
1176 765 1234 818 ἐν
1269 764 1325 818 δὲ
1356 766 1469 828 τοῖς
1514 767 1759 838 προρῤη-

194 845 333 901 θεῖσι
372 848 554 913 τόποις
589 851 688 921 τὴν
726 856 1060 926 προφητείαν
1078 855 1417 926 ποιούμενος,
1452 856 1760 926 ἀναγκαίως

192 937 294 991 καὶ
316 938 393 1009 τῷ
441 941 653 1012 Ἰσραὴλ
670 946 984 1017 καταφανὴς
1011 941 1078 1017 ἦν
1110 946 1204 999 καὶ
1234 948 1349 1010 τοῖς
1378 945 1586 1000 ἔθνεσιν
1615 946 1670 1000 οἴ
1695 962 1759 1015 γε

194 1028 425 1101 πλησίον
450 1027 586 1103 ἦσαν
608 1052 622 1065 ο
653 1037 748 1088 καὶ
782 1036 1036 1099 πολλάκις
1075 1039 1139 1091 ἐκ
1174 1037 1275 1108 τῆς
1310 1038 1440 1110 περὶ
1475 1038 1544 1092 τά
1567 1037 1761 1091 εἴδωλα

195 1116 495 1190 θεραπείας
538 1123 896 1193 ἐπεμίγνυντο
944 1125 1222 1197 ἀλλήλοις·
1272 1127 1348 1190 ὡς
1395 1126 1460 1181 ἂν
1500 1127 1756 1190 ἅπαντες,

194 1212 328 1281 περὶ
352 1206 421 1266 ὧν
444 1215 567 1279 τοὺς
598 1215 787 1284 λόγους
805 1219 1053 1283 ἐποιεῖτο,
1084 1218 1270 1272 εἰδεῖέν
1297 1235 1356 1271 τε
1391 1218 1461 1271 τὰ
1502 1218 1630 1289 περὶ
1664 1218 1762 1271 αὐ-

192 1304 307 1356 τῶν
352 1305 635 1378 λεγόμενα,
680 1311 773 1362 καὶ
808 1312 916 1380 πρὸ
958 1311 1067 1364 τῶν
1104 1312 1445 1383 πραγμάτων
1481 1308 1760 1379 δεξάμενοι

1864 492 2051 548 lsraeli
2078 494 2435 562 innotuisset,
2464 511 2641 566 neque
2680 495 2895 565 populis
2922 494 3170 564 reliquis,
3196 494 3263 550 de
3300 496 3425 566 qui-

1862 581 1966 637 bus
1986 591 2105 638 erat
2128 586 2289 640 verba
2310 585 2555 642 facturus
2579 604 2592 645 :
2616 602 2847 657 quorum
2870 600 3029 640 nemo
3052 584 3422 656 Hierosolyma

1864 676 2131 732 ventilare
2178 680 2384 734 solebat
2422 698 2435 734 :
2475 680 2586 752 95
2623 680 2900 751 praedictis
2941 686 3133 733 contra
3181 678 3236 732 in
3290 678 3425 733 locis

1866 766 2211 833 vaticinans,
2262 773 2573 827 necessario
2625 782 2739 827 tum
2787 770 2971 826 Israeli
3018 780 3132 824 tum
3180 769 3421 824 ﬁnitimis

1864 858 2099 915 ethnicis
2147 860 2540 928 innotescebat,
2596 863 2687 932 qui
2720 878 2861 933 saepe
2898 862 2967 917 ob
3001 861 3268 917 idolorum
3308 862 3423 913 cul-

1864 954 1980 1001 tum
2028 948 2259 1006 invicem
2305 952 2741 1023 frequentabant.
2797 952 2889 1007 Sic
2942 953 3148 1014 cuncti,
3193 966 3421 1021 quorum

1867 1052 2035 1093 causa
2069 1055 2351 1099 sermones
2389 1047 2625 1105 serebat,
2650 1053 2703 1100 et
2733 1060 2797 1099 ea
2834 1060 2954 1115 qua:
2984 1044 3052 1098 de
3080 1060 3141 1099 se
3174 1042 3427 1097 diceban-

1867 1141 1956 1185 tur
1987 1135 2331 1205 resciebant;
2364 1140 2689 1210 cognitoque
2723 1147 2849 1193 ante
2878 1154 2967 1194 res
2996 1137 3263 1208 gerendas
3289 1137 3420 1190 vati—

1865 1223 2032 1289 cinio,
2084 1240 2319 1298 moxque
2348 1229 2468 1285 viso
2514 1230 2685 1293 exitu,
2725 1228 3018 1283 firmiorem
3061 1226 3217 1281 (idem
3258 1223 3427 1295 inspi-

1868 1316 2013 1371 ranti
2045 1320 2338 1390 prophetas
2363 1322 2561 1377 divinae
2587 1323 2773 1391 gratiae
2803 1319 3098 1377 adhibituri
3128 1324 3304 1373 erant.

194 1395 297 1466 τὴν
340 1398 692 1467 προφητείαν,
716 1399 944 1467 ἐγγύθεν
982 1416 1041 1452 τε
1088 1399 1288 1462 ἰδόντες
1322 1400 1421 1469 τὴν
1468 1397 1712 1464 ἔκϐασιν,
1757 1396 1976 1468 μείζονα
2018 1406 2116 1478 τὴν
2160 1409 2342 1464 πίστιν
2370 1411 2541 1481 ἔχοιεν
2576 1414 2677 1482 τῆς
2708 1409 3031 1482 ἐνεργούσης
3062 1411 3119 1463 ἐν
3154 1411 3264 1471 τοῖς
3296 1425 3428 1479 προ·

198 1491 395 1563 φὴταις
427 1494 643 1565 χάριτος
675 1493 843 1557 θείας.

274 1640 345 1693 re
367 1638 548 1708 μέντοι
568 1655 631 1706 γε
652 1637 805 1709 παρά
820 1655 978 1692 τινων
1008 1638 1317 1710 λεγόμενον,
1338 1640 1419 1692 ὅτι
1467 1636 1559 1699 ’οζ
1564 1636 1647 1688 ίαν
1666 1631 1758 1686 τὸν

1929 1636 2044 1706 Age
2089 1652 2215 1694 vero
2258 1638 2404 1709 quod
2448 1641 2603 1695 aiunt
2652 1640 2925 1702 nonnulli,
2960 1638 3145 1696 Oziam
3177 1655 3356 1710 regem
3394 1656 3425 1696 ιι

199 1731 423 1804 βασιλέα
451 1732 550 1785 οὐκ
572 1730 803 1801 ἤλεγξαν
824 1733 873 1785 οἱ
908 1732 1181 1802 προφῆται
1212 1732 1323 1793 τοῖς
1344 1729 1444 1799 τῆς
1464 1726 1761 1800 ἱερωσύνης

197 1824 386 1895 ἔργοις
411 1821 813 1895 ἐπιχειροῦντα,
835 1823 1034 1877 καὶ-διὰ
1053 1821 1257 1893 ταύτην
1275 1822 1372 1892 τὴν
1402 1820 1581 1875 αἰτίαν
1601 1817 1760 1871 ἐπαύ-

196 1915 373 1985 θησαν
394 1916 627 1978 ἆπαντες
644 1913 739 1967 τοῦ
774 1913 1156 1986 προφητεύειν,
1180 1914 1256 1982 (p.
1286 1913 1409 1983 M3)
1432 1911 1634 1983 σφόδρα
1674 1928 1764 1982 μοι

199 2008 442 2079 μυθῶδες
473 2004 612 2062 εἶναι
651 2008 895 2077 φαίνεται
924 2007 1122 2077 μᾶλλον
1143 2024 1156 2037 ο
1192 2007 1226 2077 ἡ
1247 2023 1308 2059 τε
1343 2005 1450 2076 γάρ
1476 2005 1571 2058 τοῦ
1606 2004 1765 2075 Ὠσηὲ

198 2098 384 2169 βίϐλος
400 2098 571 2163 οὕτως
604 2098 717 2170 ἔχει
738 2117 751 2130 ·
795 2118 813 2150 ι
848 2099 1019 2167 Λόγος
1057 2098 1261 2170 Κυρίου
1289 2098 1348 2161 ὃς
1377 2096 1608 2167 ἐγενήθη
1629 2095 1766 2167 πρὸς

211 2191 373 2262 Ὠσηὲ
408 2192 498 2244 τὸν
533 2190 625 2245 τοῦ
670 2192 837 2263 Βεηρὶ
875 2192 933 2245 ἐν
967 2190 1200 2263 ἡμέραις
1250 2191 1445 2257 Ὀζίου,
1493 2211 1512 2243 ι
1560 2190 1655 2244 καὶ
1694 2188 1764 2242 τά

196 2281 361 2350 ἑξῆς·
404 2282 556 2353 παρά
611 2282 805 2353 Ἡσαΐᾳ
846 2299 905 2336 τε
951 2282 1031 2354 τῷ
1068 2283 1319 2355 προφήτῃ
1355 2280 1527 2345 οὕτως
1567 2280 1759 2352 φησίν·

204 2391 223 2423 ι
271 2375 501 2442 Ὅρασις
530 2375 594 2444 ἢν
614 2369 749 2426 εἶδεν
779 2374 1003 2437 Ἡσαΐας
1031 2374 1142 2437 υίὸς
1173 2372 1374 2444 Ἀμὼς,
1405 2373 1472 2442 ἣν
1492 2370 1599 2426 εἶδε
1626 2371 1765 2425 κατά

192 2463 300 2532 τῆς
358 2463 615 2524 Ἰουδαίας
666 2465 760 2516 καὶ
806 2462 946 2517 κατά
1006 2462 1355 2534 Ἰερουσαλὴμ
1401 2465 1459 2516 ἐν
1520 2460 1767 2531 βασιλείᾳ

208 2554 413 2619 Ὀζίου,
446 2576 464 2608 ι
497 2558 590 2611 καὶ
621 2557 689 2611 τά
707 2557 832 2626 ἑξῆς
850 2574 864 2587 ·
892 2557 985 2611 καί¹
1018 2556 1167 2627 παρὰ
1189 2555 1265 2626 τῷ
1288 2554 1513 2625 παρόντι
1550 2552 1605 2606 δὲ
1629 2569 1763 2622 προ-

195 2650 350 2720 φὴτῃ
374 2648 515 2703 οὕτω
537 2650 699 2720 φησίν
718 2667 733 2682 ·
761 2667 781 2701 ι
811 2649 973 2717 Λόγοι
1009 2646 1189 2718 Ἀμὼς
1224 2648 1272 2700 οἳ
1294 2646 1539 2715 ἐγένοντο
1564 2646 1619 2698 ἐν
1655 2646 1767 2697 Κα-

196 2740 470 2811 ριαθαρὶμ
505 2742 568 2794 ἐκ
610 2739 831 2804 Θεκούε,
874 2739 968 2803 οὓς
1002 2735 1140 2793 εἶδεν
1176 2738 1268 2791 ἐπὶ⁹
1314 2735 1668 2810 Ἰερουσαλὴμ
1710 2738 1769 2789 ἐν

193 2830 437 2901 ἡμέραις
484 2830 657 2894 Ὀζίου
696 2829 957 2900 βασιλέως
999 2827 1184 2882 Ἰούδα.
1225 2847 1244 2880 ι
1288 2827 1410 2891 Πῶς
1444 2822 1536 2880 οὖν
1567 2821 1676 2878 οἷόν
1711 2843 1769 2879 τε

192 2919 267 2993 ἦν
310 2923 369 2975 ὲν
400 2924 520 2985 ταῖς
568 2923 802 2992 ἡμέραις
842 2920 1018 2985 Ὀζίου
1059 2919 1369 2974 πεπαῦσθαι
1409 2920 1506 2989 τῆς
1558 2937 1768 2991 προπρη-

193 3013 355 3075 τείας
402 3012 522 3065 κατ’
572 3012 794 3066 ἐκείνων
847 3011 1037 3079 λόγον,
1092 3011 1249 3064 ὁπότε
1306 3010 1399 3064 καὶ
1464 3011 1622 3081 Ὠσηέ
1676 3010 1769 3064 καὶ

206 3105 444 3167 Ἡσαΐας
470 3104 563 3157 καὶ
606 3104 783 3175 Ἀμὼς
817 3107 873 3157 ἐν
907 3106 1025 3166 ταῖς
1052 3104 1385 3174 ἐπιγραφαῖς
1419 3102 1528 3157 τῶν
1556 3103 1770 3157 οίκείων

199 3196 405 3267 βίϐλων
421 3194 701 3268 δηλοῦνται
752 3198 809 3249 ἐν
839 3195 1070 3268 ἡμέραις
1104 3194 1278 3259 Ὀζίου
1301 3194 1653 3266 πεποιημένοι
1672 3193 1770 3266 τὴν

197 3288 569 3358 προφητείαν;
600 3287 745 3358 Πρὸς
780 3285 858 3357 τῷ
900 3288 1119 3341 κάκεῖνο
1152 3287 1308 3358 δῆλον
1339 3283 1499 3353 εἶναι,
1528 3288 1610 3341 ὃτι
1647 3284 1770 3339 οὔτε

198 3376 348 3431 κατὰ
378 3376 476 3447 τὴν
510 3378 885 3448 πνευματικὴν
928 3378 1267 3448 ἀποκάλυψιν
1303 3378 1517 3446 ἐλέγξαι
1563 3378 1773 3432 κελευό-

203 3486 364 3539 μενοι
384 3469 475 3524 τδν
525 3470 726 3535 Ὀζίαν,
764 3471 1117 3525 ἀνεϐάλλοντο
1140 3472 1205 3526 άν
1238 3488 1368 3525 ποτε
1393 3472 1443 3524 οἱ
1470 3471 1768 3543 προφῆται,

199 3561 330 3621 ταῖς
362 3556 536 3622 θείαις
582 3558 953 3629 ἀποκαλύψεσι
995 3560 1303 3631 πειθόμενοι
1327 3561 1545 3631 μᾶλλον,
1585 3561 1618 3631 ἦ
1660 3561 1772 3613 ,τὸν

201 3648 631 3719 πλημμελοῦντα
650 3648 954 3719 αἰδούμενοι
976 3649 1197 3720 βασιλέα
1223 3668 1235 3680 ·
1269 3650 1342 3721 μὴ
1367 3650 1684 3720 τετυχηκόσι
1710 3667 1772 3702 τε

202 3740 348 3812 πρὸς
400 3740 556 3794 τοῦτο
604 3741 1017 3812 ἀποκαλύψεως
1053 3742 1228 3805 οὐδεὶς
1280 3741 1346 3797 ἂν
1394 3741 1667 3812 μέμψαιτο
1701 3742 1773 3797 δι-

204 3833 401 3897 καίως,
439 3835 538 3888 οὐκ
567 3835 1002 3906 ἐπικεχειρηκόσι
1038 3836 1323 3905 πράγματι
1358 3835 1431 3906 μὴ
1472 3834 1530 3899 ἐξ
1564 3837 1771 3888 ἀποκα-

204 3923 422 3993 λύψεως
459 3925 610 3989 θείας
663 3927 845 3989 αὐτοῖς
887 3925 1184 3996 δειχθέντι,
1237 3926 1292 3978 οἵ
1337 3943 1400 3995 γε
1435 3926 1523 3979 δια
1558 3927 1772 3981 πάντων

206 4017 494 4071 εἱώθεισαν
530 4020 650 4083 ταῖς
698 4020 1091 4088 πνευματικαῖς
1129 4016 1531 4086 ἁποκαλύψεσιν
1569 4017 1771 4087 ἑπόμε-

208 4125 316 4172 νοι,
359 4110 474 4162 κατ’
510 4109 724 4172 ἐκείνας
761 4108 859 4178 μὲν
894 4108 987 4161 καὶ
1021 4106 1198 4174 λέγειν
1232 4125 1286 4160 τι
1316 4108 1410 4160 καὶ
1455 4106 1528 4177 μὴ
1565 4106 1768 4175 λέγειν·

208 4201 347 4271 παρ’
371 4200 585 4263 ἐκείνας
615 4199 671 4252 δὲ
702 4200 838 4271 μήτε
868 4198 1043 4267 λέγειν
1066 4201 1200 4269 μήτε
1239 4200 1394 4269 σιγᾷν
1417 4198 1516 4251 ούκ
1549 4198 1612 4251 ἄν
1644 4197 1772 4249 ποτέ

1863 1727 2143 1797 prophetis
2191 1730 2579 1798 reprehensum
2621 1744 2729 1784 non
2781 1730 2952 1786 fuisse
2981 1745 3106 1785 cum
3137 1730 3425 1786 sacerdotii

1863 1834 2088 1875 munera
2117 1821 2270 1877 obire
2292 1837 2457 1879 ausus
2488 1830 2599 1889 est;
2623 1830 2786 1894 atque
2806 1823 2875 1877 ob
2901 1837 3021 1878 eam
3047 1837 3269 1878 causam
3298 1838 3426 1891 pro-

1863 1908 2135 1978 pheticum
2168 1912 2415 1981 spiritum
2455 1913 2670 1968 cunctis
2704 1928 2824 1969 esse
2854 1913 3231 1980 subtractum;
3264 1912 3425 1968 valde

1862 1998 1917 2054 id
1948 2000 2077 2054 mihi
2109 2000 2416 2057 fabulosum
2443 2002 2678 2059 videtur.
2720 2002 2855 2058 Nam
2888 2013 2942 2059 et
2985 2003 3138 2060 Oscae
3170 2005 3309 2061 liber
3345 2007 3427 2061 sic

1864 2091 2027 2147 habet
2082 2112 2149 2147 ει
2197 2093 2433 2149 Verbum
2486 2095 2705 2152 Domini
2757 2097 2904 2168 quod
2958 2098 3164 2154 factum
3222 2106 3306 2154 est
3359 2099 3417 2153 ad

1865 2180 2060 2239 Oscam
2101 2185 2252 2240 Beeri
2295 2186 2461 2242 filium
2510 2188 2566 2241 in
2604 2189 2798 2245 diebus
2829 2188 3008 2256 Ozias,
3054 2211 3079 2244 ι
3110 2200 3164 2246 et
3193 2192 3403 2261 reliqua

1865 2273 2001 2329 Tum
2033 2277 2174 2347 apud
2210 2276 2403 2332 Isaiam
2442 2280 2757 2350 prophetam
2808 2286 2889 2338 sic
2926 2282 3127 2338 dicitur
3164 2299 3177 2335 :
3219 2300 3237 2334 ι
3274 2281 3427 2337 Visio

1864 2366 2044 2420 oblata
2111 2367 2265 2423 Isaia:
2310 2370 2494 2427 Amosi
2540 2371 2694 2438 ﬁlio,
2752 2388 2915 2443 quam
2977 2384 3170 2431 contra
3224 2373 3423 2429 Iudam

1865 2459 2163 2530 urbemque
2196 2460 2691 2534 Hierosolymorum
2718 2465 2876 2532 vidit,
2913 2465 3018 2521 sub
3043 2464 3175 2520 Ozia
3207 2481 3354 2535 rege,
3404 2486 3422 2516 ι

1865 2561 1917 2606 et
1964 2552 2192 2623 reliqua.
2258 2552 2323 2608 Et
2379 2557 2633 2625 praesenti
2680 2556 2734 2610 in
2797 2557 2938 2613 libro
2983 2558 3219 2629 denique
3274 2560 3353 2615 sic
3409 2575 3423 2611 :

1872 2662 1891 2694 ι
1927 2641 2221 2701 Sermones
2259 2646 2472 2711 Amosi,
2514 2648 2607 2719 qui
2646 2647 2775 2703 facti
2812 2657 2942 2704 sunt
2969 2650 3023 2704 in
3064 2651 3427 2705 Cariatharim

1864 2732 1932 2787 de
1961 2732 2202 2798 Thecue,
2234 2752 2375 2806 quos
2400 2737 2532 2792 vidit
2560 2752 2724 2807 super
2746 2737 3135 2810 Hierosolymis
3155 2741 3211 2795 in
3237 2740 3429 2796 diebus

1868 2822 2012 2880 Ozia:
2056 2824 2211 2882 Judae
2258 2828 2425 2899 regis.
2462 2848 2481 2881 ι
2518 2828 2621 2895 Qui
2670 2830 2837 2900 igitur
2880 2830 2994 2885 ﬁeri
3044 2839 3242 2901 potest,
3273 2841 3332 2885 ut
3374 2833 3428 2885 in

1871 2918 2017 2975 Ozia:
2049 2918 2241 2977 diebus
2272 2920 2550 2977 divinandi
2586 2924 2671 2978 vis
2698 2922 2978 2993 prophetis
3020 2929 3204 2991 erepta
3246 2921 3426 2986 fuerit,

1870 3012 2326 3079 quemadmodum
2384 3014 2611 3069 istorum
2665 3016 3022 3085 interpretum
3065 3014 3251 3084 opinio
3288 3014 3427 3081 fert;

1871 3100 2137 3166 siquidem
2178 3110 2233 3157 et
2263 3100 2434 3158 Oseas
2463 3110 2519 3158 et
2563 3103 2731 3159 Isaias
2764 3112 2816 3158 et
2846 3104 3080 3158 Amosus
3113 3104 3164 3156 in
3198 3118 3427 3157 suorum

1870 3193 2136 3246 librorum
2188 3194 2382 3255 titulis.
2408 3209 2467 3250 se
2505 3195 2559 3249 in
2604 3194 2797 3250 diebus
2835 3194 2978 3250 Ozia:
3023 3194 3431 3264 prophetavisse

1870 3282 2183 3339 declarant?
2240 3284 2379 3340 Tum
2438 3301 2568 3340 vero
2613 3288 2949 3356 exploratum
2995 3294 3099 3349 est,
3156 3286 3202 3341 si
3247 3285 3432 3340 divina

1871 3374 2015 3431 forte
2060 3376 2395 3432 revelatione
2447 3377 2723 3447 prophetae
2760 3378 2902 3447 jussi
2954 3376 3185 3433 fuissent
3245 3376 3431 3433 Oxiam

1871 3466 2161 3537 castigare,
2191 3483 2534 3538 nequaquam
2574 3468 2627 3523 id
2652 3468 2825 3524 fuisse
2852 3481 3224 3534 recusaturos,
3249 3468 3434 3523 divino

1871 3558 2054 3626 potius
2108 3556 2302 3611 lumini
2351 3558 2815 3627 obtemperantes,
2869 3573 3033 3627 quam
3088 3567 3431 3626 peccatorem

1873 3662 2052 3717 regem
2087 3654 2400 3703 reverentcs
2434 3666 2447 3702 :
2483 3649 2568 3703 sin
2601 3657 2783 3701 autem
2823 3646 2891 3701 de
2929 3647 3272 3719 objurganda
3306 3662 3435 3717 rege

1871 3739 2016 3794 haud
2047 3738 2313 3793 divinitus
2339 3739 2561 3793 fuerunt
2591 3739 2893 3802 admoniti,
2925 3754 3084 3795 nemo
3114 3754 3210 3795 eos
3236 3740 3435 3794 merito

1871 3833 2184 3903 vituperet,
2216 3833 2310 3903 qui
2334 3848 2447 3886 rem
2478 3848 2587 3886 non
2620 3833 2920 3903 attigerint,
2953 3848 3116 3903 quam
3145 3832 3225 3888 eis
3246 3832 3434 3888 divina

1874 3924 2135 3980 revelatio
2166 3940 2274 3978 non
2312 3923 2793 3986 demoustraverit.
2818 3922 2918 3980 Est
2955 3924 3100 3978 enim
3141 3924 3435 3994 propheta-

1872 4030 1993 4068 rum
2068 4021 2364 4083 perpetuus
2428 4028 2544 4068 mos
2607 4012 2942 4082 spiritalibus
3006 4013 3435 4070 revelationibus

1871 4105 2231 4176 obsequendi,
2273 4104 2386 4160 sive
2439 4120 2505 4158 ex
2563 4118 2751 4159 earum
2805 4104 3064 4158 instinctu
3105 4104 3433 4175 loquendum

1872 4196 1989 4257 sit,
2057 4195 2171 4250 sive
2239 4195 2525 4248 tacendum
2593 4211 2605 4245 :
2657 4195 2730 4247 ita
2788 4204 2848 4248 ut
2905 4203 3101 4264 praeter
3161 4196 3284 4251 illas
3337 4211 3435 4250 ne-

211 4297 291 4364 (p.
328 4292 449 4360 III)
498 4309 573 4356 τι,
603 4289 724 4345 οὔτε
747 4292 883 4362 μήτε
906 4293 1075 4344 εἰπεῖν
1101 4291 1343 4360 ἑλόμενοι
1375 4291 1504 4359 παρ’
1525 4288 1737 4352 ὲκείνας
1756 4305 1768 4319 ·

1877 4302 1981 4356 que
2026 4285 2211 4340 dicant
2256 4284 2584 4355 quidquam,
2619 4301 2795 4353 neque
2825 4286 3123 4351 rcticeant,
3168 4295 3331 4354 atque
3369 4287 3439 4341 ab

208 4388 369 4441 τοῦτο
388 4385 489 4456 μὲν
506 4380 600 4438 οὖν
625 4384 775 4454 παρὰ
808 4384 1019 4447 πολλοῖς
1046 4383 1157 4455 (25)
1188 4384 1287 4437 ούκ
1315 4378 1411 4437 οἷδ’
1438 4384 1583 4446 ὅπως
1622 4382 1780 4452 φερό-

215 4494 396 4547 μενον,
416 4476 511 4529 καὶ
551 4474 753 4545 σφόδρα
776 4491 865 4544 μοι
897 4474 1051 4538 δόξαν
1091 4472 1346 4536 ἐναντίως
1366 4472 1506 4543 ἔχειν
1533 4474 1653 4536 ταῖς
1671 4472 1778 4525 τῶν

216 4568 416 4639 βίϐλων
454 4570 711 4638 γραφαῖς,
750 4568 924 4636 σιωπῇ
946 4566 1321 4635 παραδραμεῖν
1339 4566 1398 4617 ού
1431 4563 1610 4627 καλῶς
1637 4565 1779 4635 ἔχειν

210 4659 542 4732 ἡγησάμην·
585 4658 680 4711 τοῦ
721 4658 777 4711 δὲ
820 4658 1020 4727 βιϐλίου
1070 4656 1170 4725 τῆς
1210 4656 1544 4728 προφητείας
1579 4658 1779 4721 παντὸς

214 4754 343 4823 περί
386 4768 446 4804 τε
486 4751 576 4804 τδν
621 4749 834 4820 Ἰσραὴλ
879 4748 1096 4802 καὶτὸν
1141 4748 1338 4801 Ἰούδαν
1383 4748 1772 4819 ἡσχολημένου,

213 4844 312 4897 καὶ
359 4841 429 4895 τὰ
473 4840 681 4902 τούτοις
724 4856 791 4892 τε
838 4839 1107 4903 κάκείνοις
1159 4839 1458 4910 συμϐάντα,
1514 4840 1775 4911 πρότερον

218 4936 317 5007 μὲν
345 4934 450 4987 ὑπὸ
484 4933 592 4987 τῶν
640 4932 961 5002 Ἀσσυρίων,
992 4932 1094 4985 ὑπὸ
1138 4931 1491 4985 Βαϐυλωνίων
1530 4930 1774 5003 ὕστερον,

216 5030 274 5082 ἐν
299 5027 500 5095 ὀλίγοις
527 5025 585 5079 δὲ
618 5024 760 5078 κατά
788 5025 850 5077 τὸ
882 5024 1160 5095 προοίμιον
1186 5025 1404 5095 μνήμην
1433 5023 1643 5094 ἔχοντος
1668 5025 1777 5077 τῶν

216 5122 296 5183 είς
327 5120 451 5181 τοὺς
485 5117 794 5187 περιοίκους
831 5115 1258 5187 συμϐησομένων
1289 5115 1495 5180 κακῶν,
1533 5116 1640 5169 τῶν
1681 5118 1778 5186 μὲν

218 5210 346 5281 περὶ
373 5209 465 5262 τὸν
497 5209 623 5262 λαὸν
650 5208 829 5263 αίτίαν
867 5204 1005 5262 εἷναί
1042 5225 1239 5279 φαμεν,
1271 5210 1336 5279 ἢν
1380 5210 1474 5263 καὶ
1512 5210 1774 5281 πρότερον

215 5302 538 5372 εἰρήκαμεν,
568 5300 707 5374 ὑπὲρ
732 5296 799 5371 ἧς
830 5299 891 5373 δὲ
930 5302 1107 5352 πᾶσαν
1137 5301 1349 5372 ἔνειμεν
1387 5300 1533 5371 αὐτῷ
1570 5301 1668 5371 τὴν
1700 5303 1777 5354 oi-

216 5393 373 5449 κείαν
394 5391 716 5463 κηδεμονίαν
734 5394 762 5446 ὁ
781 5390 935 5457 Θεὸς,
954 5390 1041 5444 διὰ
1062 5392 1152 5444 τὸν
1190 5391 1248 5457 ἐξ
1279 5391 1457 5445 αὐτῶν
1478 5392 1780 5446 ἀναδείκνυ-

292 5570 407 5636 (25)
448 5567 646 5640 Hanc,_
660 5584 822 5639 quam
847 5568 1202 5640 reprehendit
1230 5568 1546 5640 Theodorus
1572 5571 1776 5640 opinio-

223 5654 344 5709 nem
362 5680 376 5702 ,
406 5653 514 5705 prae
537 5653 595 5693 se
624 5638 807 5693 ferunt
830 5639 1252 5709 Chrysostonms
1278 5642 1343 5694 ad
1373 5639 1523 5695 Isaia:
1547 5638 1668 5709 cap.
1699 5657 1774 5706 vr;

227 5707 586 5779 Hieronymus
628 5710 787 5775 epist.
850 5707 956 5773 l8,
1015 5711 1080 5773 1,
1147 5718 1200 5764 et
1229 5708 1524 5780 Procopius
1560 5707 1687 5766 itém
1721 5711 1775 5765 in

1877 4379 1944 4432 iis
1972 4394 2043 4433 ne
2068 4379 2233 4431 latum
2258 4376 2475 4446 quidem
2502 4375 2611 4446 95
2636 4393 2870 4446 unguem
2897 4377 3180 4432 discedere
3201 4379 3435 4433 soleant.

1874 4469 2026 4524 Hanc
2050 4470 2214 4540 igitur
2245 4468 2558 4538 opinionem
2588 4508 2602 4530 ,
2643 4485 2765 4537 qua:
2796 4470 2985 4522 nescio
3014 4484 3115 4523 cur
3140 4469 3436 4523 multorum

1875 4568 2084 4617 mentes
2147 4561 2433 4630 pervasit,
2485 4575 2717 4630 quaeque
2767 4562 2900 4614 mihi
2985 4560 3161 4616 sacris
3216 4559 3440 4616 Litteris

1875 4668 2205 4725 magnopere
2255 4653 2529 4707 adversari
2583 4651 2834 4717 videtur,
2888 4653 3110 4707 silentio
3162 4656 3440 4724 praeterire
3538 4704 3539 4707 η

1876 4746 2023 4801 haud
2048 4760 2261 4816 azquum
2305 4745 2636 4799 existimavi.
2684 4743 2803 4799 Jam
2834 4745 3073 4801 universi
3107 4746 3272 4815 hujus
3309 4747 3441 4801 vati-

1877 4839 2009 4893 cinii
2038 4837 2176 4892 liber
2209 4836 2359 4891 circa
2388 4834 2639 4892 Israelem
2665 4845 2721 4891 et
2741 4836 2935 4893 Judam
2968 4837 3223 4901 vertitur,
3248 4852 3439 4907 nempe

1879 4932 2027 4986 circa
2054 4931 2339 4999 utriusque
2353 4930 2733 4994 adversitates,
2755 4944 2877 5000 quae
2907 4929 3082 5000 primo
3100 4928 3168 4983 ab
3183 4932 3443 5001 Assyriis,

1879 5021 2079 5077 deinde
2131 5035 2161 5073 a
2200 5018 2517 5089 Babyloniis
2564 5020 2928 5089 contigerunt.
2990 5017 3231 5074 Breviter
3276 5025 3439 5073 etiam

1883 5111 2215 5164 mentionem
2255 5108 2413 5162 initio
2461 5108 2847 5177 complectitur
2877 5107 3143 5161 malorum
3170 5121 3291 5175 quae
3322 5105 3441 5159 fini-

1880 5201 2044 5255 timos
2094 5206 2413 5269 correptura
2463 5207 2638 5254 erant.
2697 5198 2763 5252 Et
2816 5198 3035 5268 quidem
3065 5212 3166 5251 cur
3217 5196 3443 5251 Hebraeo

1882 5293 2082 5364 populo
2114 5292 2229 5347 haec
2262 5291 2577 5355 etcncrint,
2617 5307 2841 5347 causam
2873 5290 3111 5345 diximus
3145 5289 3202 5344 in
3242 5303 3442 5359 praece-

1883 5386 2163 5449 dentibus,
2195 5383 2305 5439 Deo
2332 5399 2519 5438 curam
2543 5398 2699 5439 suam
2728 5382 2802 5437 illi
2834 5380 3197 5451 impendente,
3221 5386 3443 5450 propter

1880 5567 2272 5625 commentario
2315 5566 2379 5620 ad
2408 5567 2725 5636 praedictum
2757 5564 2910 5620 Isaia}
2944 5566 3145 5619 locum.
3176 5562 3318 5618 Sane
3348 5560 3445 5614 ob-

1880 5641 2156 5710 iurgatum
2189 5638 2625 5710 asacerdotibus
2668 5637 2853 5693 Uziam
2887 5636 3017 5689 dicit
3046 5648 3202 5689 sacer
3228 5640 3407 5687 textus
3427 5673 3443 5699 ,

1886 5707 1997 5765 non
2022 5726 2050 5763 a
2083 5707 2375 5780 prophetis.
