3824 6224
424 252 539 307 an

1600 252 1950 307 THEODORI
1998 251 2225 308 MOPSU
2236 250 2361 307 EST
2370 251 2474 305 ENI

3565 247 3666 305 248

439 380 588 423 eum.
617 363 712 432 qui
752 362 877 417 inde
922 375 1217 419 exorturus
1260 374 1378 420 erat
1424 370 1725 424 secundum
1766 385 2000 436 carnem1

2118 370 2239 424 σθαι
2297 369 2557 439 μέλλοντα
2593 369 2654 420 τὸ
2709 366 2850 420 κατά
2898 367 3075 437 σάρκα
3103 365 3378 435 Δεσπότην
3415 365 3665 436 Χριστὸν,

438 457 719 511 Christum
761 456 1080 521 Dominum,
1134 460 1440 514 communis
1473 461 1665 516 salutis
1704 472 2003 532 parentem.

440 548 841 618 Praeponuntur
885 560 1063 603 autem
1112 551 1339 620 reliquis
1388 568 1475 607 res
1513 554 1759 609 ﬁnitimis
1793 556 2007 626 populis

440 649 735 704 eventura},
787 649 845 692 ut
885 641 1061 710 palam
1090 640 1183 694 ﬁat
1220 643 1357 696 nihil
1402 642 1567 699 Deum
1610 656 1803 701 contra
1846 662 2006 702 suum

444 732 699 799 populum
727 731 920 787 fecisse
941 732 1147 787 saavitia
1169 742 1536 803 commotum;
1565 736 2005 806 quandoquidem

440 824 506 876 de
536 823 626 884 iis,
662 823 754 892 qui
783 823 929 877 hunc
961 824 1283 889 alllixerant,
1313 844 1502 898 pcenas
1535 832 1868 898 repoposcit.
1899 828 2003 884 Sed

434 914 547 983 jam
579 914 792 967 initium
831 915 1136 970 faciendum
1162 918 1283 971 libri
1313 927 1419 983 est,
1458 920 1551 990 qui
1592 922 1666 973 ita
1701 936 1761 976 se
1800 921 1998 976 habet:

1066 1004 1294 1061 CAPUT
1332 1008 1375 1062 Ι.

509 1094 670 1147 Vens.
714 1096 763 1158 l,
799 1095 851 1147 2.
873 1125 945 1134 ———
977 1114 994 1146 ι
1024 1094 1314 1154 Sermones
1344 1100 1560 1162 Amosi,
1595 1103 1687 1172 qui
1722 1104 1847 1157 lacti
1879 1115 2007 1158 sunt

439 1186 490 1237 in
520 1185 879 1240 Cariatharim
907 1188 973 1242 de
1000 1186 1253 1254 Thecue,
1289 1207 1428 1260 quos
1462 1193 1594 1246 vidit
1627 1210 1789 1264 super
1818 1195 2006 1250 Hiero-

437 1276 697 1347 solymis,
734 1278 786 1331 in
821 1277 1014 1335 diebus
1049 1280 1195 1335 Ozias
1228 1280 1380 1337 ludas
1408 1284 1586 1354 regis,
1623 1294 1677 1339 et
1722 1288 1775 1339 in
1814 1287 2004 1342 diebus

434 1365 739 1422 Jeroboami
775 1368 938 1425 Joaso
974 1372 1180 1442 geniti,
1223 1373 1365 1443 regis
1398 1371 1651 1439 lsraelis,
1691 1383 1816 1430 ante
1848 1384 2005 1430 terra:

436 1464 640 1511 motum
700 1459 940 1516 biennio.
975 1461 1191 1518 iVerba
1250 1464 1399 1526 haec,
1455 1465 1616 1521 sicuti
1679 1465 1735 1519 in
1793 1468 2003 1521 caeteris

434 1550 712 1618 prophetis
748 1551 1003 1618 diximus,
1028 1554 1169 1608 tituli
1206 1554 1489 1623 cujusdam
1527 1557 1646 1611 vice
1682 1556 2000 1625 funguntur,

434 1640 527 1706 qui
557 1641 678 1695 libri
713 1657 937 1714 scapum
973 1653 1027 1700 et
1058 1647 1443 1701 continentiam
1480 1654 1533 1702 et
1563 1656 1837 1702 auctorem
1867 1657 1998 1702 :eta-

436 1740 652 1801 temque
688 1734 947 1788 declarat.
986 1734 1172 1805 Neque
1204 1747 1287 1792 est
1320 1736 1625 1792 mirandum
1656 1738 1801 1807 quod
1842 1737 1999 1793 dixe-

437 1819 540 1884 rit,
577 1818 853 1875 Sermones
899 1840 1037 1894 quos
1074 1826 1207 1881 vidit
1245 1842 1409 1897 super
1448 1826 1858 1898 Hierosolymis,
1898 1828 1996 1883 etsi

434 1925 597 1965 easus
645 1928 860 1983 quoque
905 1924 1227 1972 narraturus
1279 1926 1396 1972 erat
1422 1916 1640 1982 lsraeli,
1686 1919 1736 1971 id
1772 1927 1857 1973 est
1892 1918 2002 1990 96

435 2001 620 2058 decem
659 2005 946 2070 tribubus,
989 2022 1199 2062 necnon
1236 2007 1480 2063 ﬁnitimis
1522 2010 1737 2080 papulis
1771 2019 1997 2065 eventu-

434 2107 572 2148 ros:
624 2097 705 2151 sic
742 2097 885 2152 enim
924 2099 1063 2169 egit,
1105 2100 1231 2170 quia
1271 2101 1586 2171 potissimas
1626 2103 1869 2156 omnium
1910 2118 1999 2158 res

435 2185 586 2242 urbis
642 2186 1136 2260 Hierosolymorum
1191 2192 1576 2257 existimabat,
1636 2208 1832 2263 nempe
1880 2194 2000 2262 ejus

433 2279 649 2348 populi,
686 2281 776 2349 qui
810 2296 875 2335 ex
907 2280 1061 2337 Iudae
1106 2283 1251 2339 tribu
1297 2285 1617 2348 constabat,
1684 2285 1848 2341 sicuti
1887 2285 1999 2355 jam

432 2370 487 2423 in
531 2373 905 2441 superioribus
943 2375 1219 2431 diximus:
1260 2391 1385 2430 cum
1427 2376 1643 2431 interim
1681 2384 1999 2431 caeterorum

432 2466 573 2515 ratio
619 2464 673 2516 in
720 2463 962 2533 praedicti
1004 2467 1232 2535 gratiam
1281 2467 1591 2523 haberetur.
1648 2465 1738 2521 Sic
1786 2483 1917 2540 ergo
1970 2484 2001 2523 a

433 2553 721 2622 principali
758 2570 839 2617 re,
880 2556 1121 2609 vaticinii
1163 2557 1246 2612 sui
1284 2572 1504 2613 causam
1542 2558 1814 2625 ostendit,
1856 2561 2000 2629 quod

435 2646 507 2697 ita
536 2643 821 2699 exorditur
851 2661 866 2698 :
896 2666 914 2698 ι
949 2647 1208 2705 Dominus
1247 2649 1314 2704 de
1352 2649 1483 2705 Sion
1523 2652 1738 2707 locutus
1775 2660 1893 2717 est,
1935 2669 2001 2708 ex

433 2736 821 2808 Hierosolymis
853 2755 1035 2795 vocem
1068 2756 1220 2796 suam
1252 2743 1453 2797 emisit.
1489 2742 1767 2799 Luxerunt
1805 2761 2000 2812 pascua

433 2836 711 2896 pastorum
737 2850 752 2897 ;
784 2833 998 2885 exaruit
1024 2831 1255 2888 Carmeli
1287 2850 1572 2890 cacumen.
1605 2856 1623 2889 ι
1653 2836 1786 2892 Mire
1810 2837 2000 2892 admo-

432 2918 560 2971 dum
594 2919 679 2975 his
707 2922 885 2975 verbis
914 2922 1056 2991 loqui
1098 2924 1305 2993 coepit;
1346 2940 1468 2978 nam
1504 2926 1630 2996 quia
1666 2942 1773 2981 non
1815 2926 2002 2983 Hiero-

2110 460 2201 511 ἐπὶ
2231 462 2297 529 τῇ
2335 461 2548 513 πάντων
2591 458 2924 528 φανούμενον
2962 457 3236 527 σωτηρίᾳ*
3284 457 3663 527 προτεθεῐσθαι

2107 550 2164 603 δὲ
2201 550 2309 603 τῶν
2330 550 2530 603 λοιπῶν
2554 550 2621 602 τὰ
2658 550 2785 619 περὶ
2803 549 2928 611 τοὺς
2957 548 3266 618 περιοίκους
3302 548 3555 617 ἐσόμενα,
3591 549 3669 611 είς

2108 640 2324 711 ἔλεγχον
2373 640 2466 693 τοῦ
2522 639 2655 711 μηδὲ
2708 638 2775 692 τὰ
2828 637 2969 691 κατὰ
3019 638 3110 690 τὸν
3162 638 3289 690 λαὸν
3333 638 3549 709 ἀφειδίᾳ
3581 638 3668 691 τὸν

2107 732 2238 785 Θεὸν
2278 731 2643 801 πεποιῆσθαι·
2678 731 2810 783 ὅπου
2849 746 2911 797 γε
2946 729 3040 781 καὶ
3078 728 3215 798 ὑπὲρ
3246 728 3343 797 τῆς
3380 730 3458 791 είς
3478 729 3669 791 αὐτοὺς

2107 824 2453 895 παρανομίας
2482 824 2635 885 δίκας
2671 821 3056 891 εἰσπράττεται
3096 820 3312 890 ἑτέρους
3332 837 3345 850 ·
3368 819 3596 891 ἀρκτέον
3613 819 3669 872 δὲ

2106 914 2201 967 τοῦ
2236 913 2441 984 βιϐλίου
2472 911 2653 966 λοιπὸν
2688 910 2900 981 ἔχοντος
2927 909 3096 971 οὕτως
3116 924 3130 939 ο

2751 1006 2907 1058 ΚΕΦ.
2945 1004 3023 1058 A'.

2178 1103 2323 1172 Στίχ.
2344 1100 2483 1169 α’,β’.
2504 1131 2570 1139 -
2591 1119 2606 1149 ι
2632 1098 2795 1164 Λόγοι
2823 1095 2879 1149 Ἀ
2890 1094 3023 1167 μὼς,
3047 1095 3095 1147 οἳ
3121 1094 3365 1161 ἐγένοντο
3386 1093 3441 1144 ὲν
3463 1093 3672 1163 Καρια-

2107 1189 2276 1259 θαρὶμ
2307 1192 2370 1241 ὲκ
2402 1186 2623 1249 Θεκούε,
2654 1184 2747 1248 οὓς
2776 1179 2912 1237 εἶδεν
2934 1182 3410 1254 ὲπὶΊερουσαλὴμ,
3442 1183 3501 1234 ὲν
3534 1181 3670 1251 ⁴ἠμέ-

2110 1298 2229 1350 ραις
2259 1280 2433 1342 Ὀζίου
2451 1278 2545 1332 τοῦ
2565 1276 2826 1347 βασιλέως
2841 1274 3026 1340 Ἰούδα,
3050 1275 3144 1327 καὶ
3169 1276 3227 1326 ὲν
3252 1273 3483 1344 ἡμέραις
3513 1272 3677 1342 Ἱερόν

2105 1372 2249 1441 ὀοάμ
2275 1370 2368 1423 τοῦ
2402 1368 2554 1432 Ἰωάς
2588 1367 2848 1438 βασιλέως
2892 1364 3128 1437 Ἰσραὴλ,
3163 1365 3267 1436 πρὸ
3293 1364 3386 1417 δύο
3417 1363 3554 1416 ἐτῶν
3575 1362 3671 1417 τοῦ

2106 1464 2348 1536 σεισμοῦ.
2387 1483 2405 1515 ›
2434 1461 2507 1534 (p.
2536 1462 2659 1533 145)
2681 1461 2849 1515 Τοῦτο
2871 1460 2968 1531 μὲν
2996 1455 3109 1522 οῦν,
3144 1459 3284 1513 καθὰ
3315 1458 3415 1511 κάν
3439 1460 3551 1520 τοῖς
3568 1457 3673 1509 λοι-

2104 1563 2224 1623 ποῖς
2269 1560 2569 1629 εἰρήκαμεν
2601 1558 2926 1629 προφήταις,
2968 1554 3291 1627 προγραφῆς
3335 1569 3477 1615 τινος
3517 1549 3672 1614 τάξιν

2103 1649 2310 1719 ἐπέχει,
2332 1646 2594 1719 δηλούσης
2621 1646 2674 1700 τί
2700 1663 2829 1699 ποτε
2850 1645 3094 1716 βούλεται
3115 1647 3147 1715 ἡ
3181 1643 3379 1714 βίϐλος,
3402 1642 3532 1712 παρ’
3546 1642 3671 1693 ὅτου

2099 1758 2158 1793 τε
2182 1742 2275 1793 καὶ
2305 1740 2432 1811 περὶ
2458 1739 2616 1793 τίνων
2657 1738 2872 1810 εἴρηται
2910 1737 3004 1791 καὶ
3051 1738 3178 1788 πότε
3201 1753 3217 1768 ·
3269 1734 3583 1805 θαυμαστὸν
3615 1733 3673 1787 δὲ

2098 1831 2268 1895 οὐδὲν,
2292 1832 2340 1883 εἰ
2367 1832 2534 1900 λόγοι
2565 1824 2713 1882 εἶπεν
2740 1828 2832 1892 οὒς
2857 1822 2995 1880 εἶδεν
3027 1828 3119 1879 ἐπὶ
3146 1825 3524 1898 ’1ερουσαλήμ’
3551 1822 3675 1876 καί·

2098 1940 2180 1975 τοι
2207 1938 2270 1990 γε
2296 1920 2500 1991 μέλλων
2524 1921 2745 1973 κάκεῖνα
2770 1918 2953 1987 λέγειν
2980 1917 3152 1970 ὁπόσα
3172 1916 3394 1987 περὶτδν
3430 1913 3670 1985 Ἰσραὴλ,

2099 2013 2240 2068 τοῦτ’
2269 2013 2382 2065 ἔστι
2410 2011 2506 2075 τὰς
2548 2011 2678 2064 δέκα
2706 2009 2897 2079 γέγονε
2929 2009 3123 2078 φυλὰς,
3158 2008 3251 2061 κα)⁸
3284 2007 3380 2077 μὲν
3415 2007 3507 2059 καὶ
3541 2004 3674 2076 περὶ

2099 2108 2225 2169 τοὺς
2256 2104 2565 2175 περιοίκους
2607 2102 2705 2172 οὐχ
2740 2098 2903 2175 ἦττον
2928 2117 2941 2131 ο
2972 2101 3086 2154 ἀλλ’
3121 2100 3195 2163 ὡς
3226 2098 3292 2152 ἂν
3336 2098 3673 2169 κυριώτατον

2104 2196 2201 2266 μὲν
2225 2194 2477 2248 ἁπάντων
2516 2191 2817 2263 ἡγούμενος
2844 2187 2984 2245 εἶναι
3010 2190 3077 2244 τὰ
3107 2190 3248 2243 κατά
3271 2190 3369 2259 τὴν
3401 2190 3675 2260 ’ῐερουσα-

2101 2286 2231 2357 λὴμ,
2260 2284 2359 2338 εἴτ’
2394 2280 2485 2338 οῦν
2506 2284 2598 2337 τὸν
2617 2300 2684 2337 πε
2698 2284 2750 2354 ρὶ
2776 2282 2937 2336 αὐτὸν
2959 2281 3086 2334 λαόν
3111 2298 3125 2310 ·
3154 2276 3222 2352 ἦν
3250 2281 3306 2333 δὲ
3333 2272 3489 2343 οὗτος
3517 2280 3552 2349 ἡ
3576 2278 3673 2333 τοῦ

2112 2376 2283 2430 ’ἰούδα
2304 2377 2466 2447 φυλὴ,
2500 2375 2682 2438 καθὼς
2712 2376 2771 2428 ὲν
2803 2377 2914 2437 τοῖς
2944 2373 3176 2445 πρόσθεν
3203 2374 3502 2443 εἰρήκαμεν
3525 2388 3540 2402 ·
3564 2370 3674 2423 τῶν

2101 2469 2304 2523 λοιπῶν
2333 2470 2388 2522 δὲ
2415 2467 2473 2532 ἐξ
2502 2466 2821 2529 ἀκολουθίας
2852 2465 3155 2535 λεγομένων
3184 2481 3244 2517 τε
3287 2464 3380 2517 καὶ
3411 2462 3673 2531 γιγνομέ-

2102 2579 2206 2614 νων
2229 2560 2296 2613 δι’
2328 2562 2534 2613 ἐκεῖνον
2551 2575 2564 2589 ⁸
2589 2558 2763 2621 οὕτως
2788 2558 2895 2611 ἀπὸ
2918 2556 3010 2610 τοῦ
3039 2555 3378 2627 κυριωτάτου
3406 2555 3507 2621 τῆς
3536 2572 3675 2624 προ-

2103 2653 2325 2723 φητείας
2376 2653 2613 2723 ἐδήλωσε
2662 2651 2759 2722 τὴν
2792 2650 3006 2703 αἰτίαν·
3041 2648 3339 2719 ἀρχόμενος
3366 2646 3548 2717 μέντοι
3574 2646 3675 2714 τῆς

2103 2742 2457 2813 προφητείας,
2481 2740 2622 2794 οὕτω
2641 2740 2822 2810 φησίν·
2850 2759 2868 2790 ι
2892 2739 3093 2808 Κύριος
3111 2739 3173 2790 ὲκ
3199 2736 3333 2790 Σιὼν
3353 2734 3675 2804 ἐφθέγξατο,

2102 2833 2195 2885 καὶ
2218 2833 2275 2899 ἐξ
2300 2831 2651 2902 Ἰερουσαλὴμ
2682 2830 2849 2883 ἔδωκε
2875 2828 3057 2898 φωνὴν
3081 2825 3241 2880 αὑτοῦ
3266 2842 3279 2856 ’
3315 2826 3409 2878 καὶ
3438 2825 3675 2895 ἐπένθη-

2106 2941 2204 2978 σαν
2232 2925 2289 2976 αἱ
2312 2922 2477 2994 νομαὶ
2500 2922 2609 2975 τῶν
2645 2920 2917 2991 ποιμένων
2942 2936 2955 2949 °
2985 2918 3078 2972 καὶ
3104 2916 3370 2987 ἐξηράνθη
3398 2917 3431 2986 ἡ
3461 2915 3675 2986 κορυφὴ

432 3010 691 3080 solymis,
728 3012 821 3067 sed
853 3013 904 3066 in
942 3013 1046 3069 illis
1073 3014 1393 3083 loquebatur
1422 3016 1557 3072 locis
1579 3057 1594 3080 ,
1630 3033 1769 3086 quos
1800 3019 2000 3073 ethnici

2106 3014 2199 3067 τοῦ
2252 3015 2573 3087 Καρμήλου.
2616 3034 2633 3065 ι
2687 3012 3122 3084 Θαυμασιώτατα
3172 3009 3416 3063 ἐντεῦθεν
3472 3008 3678 3080 ἤρξατο

434 3115 767 3169 regnumque
800 3103 1017 3160 Israelis
1053 3107 1426 3175 occupabant,
1479 3110 1662 3167 statim
1709 3110 2004 3180 prudenter

431 3191 692 3257 addidit,¢
714 3193 790 3248 De
813 3194 1177 3251 Sionlocutus
1212 3206 1331 3261 est,
1371 3214 1437 3253 ex
1476 3198 1868 3273 Hierosolymis
1907 3218 2003 3257 vo-

430 3296 546 3336 eem
598 3297 753 3338 suam
801 3284 1020 3339 emisit:
1051 3300 1159 3340 inc
1184 3288 1321 3342 forte
1355 3289 1633 3346 auditores
1664 3306 1843 3347 rerum
1880 3308 1908 3346 a
1945 3310 2004 3349 se

431 3372 783 3427 dicendarum
814 3375 975 3430 cultis
1009 3392 1101 3445 per
1127 3390 1192 3431 ea
1226 3377 1343 3433 loca
1389 3380 1731 3437 daemonibus
1778 3400 2000 3439 causam

432 3463 805 3533 imputarent:
841 3468 950 3519 imo
986 3467 1165 3536 potius
1218 3470 1455 3525 universi
1504 3482 1892 3542 agnoscerent,
1946 3490 2005 3528 se

440 3552 533 3608 Dei
570 3558 845 3611 voluntate
882 3559 1044 3611 verba
1084 3560 1173 3613 illa
1212 3560 1429 3628 facere;
1466 3564 1559 3632 qui
1600 3578 1723 3617 cum
1756 3566 2001 3618 omnium

432 3648 605 3701 l'actor
649 3646 1018 3719 Dominusque
1055 3652 1156 3715 sit,
1197 3667 1491 3723 congruam
1531 3655 1636 3710 sibi
1678 3656 1996 3725 religionem

433 3741 487 3791 in
524 3736 688 3793 Sione
716 3751 900 3794 monte
925 3742 1170 3796 exhiberi
1208 3745 1460 3813 legitimis
1494 3744 1693 3800 ritibus
1719 3745 1961 3814 jusserat
1987 3766 1998 3800 :

434 3833 683 3902 idemque
725 3833 1039 3902 prophetam
1071 3834 1138 3887 ad
1172 3835 1288 3889 lucc
1329 3835 1557 3891 dicenda
1602 3852 1749 3891 nunc
1797 3837 2002 3891 excita-

432 3933 614 3988 verat,
648 3940 855 3993 suoque
887 3932 1129 3993 tempore
1158 3927 1415 3982 vaticinia
1455 3928 1512 3982 in
1549 3942 1667 3983 rem
1702 3929 2003 3985 collaturus

430 4026 564 4069 erat.
583 4013 703 4067 Jam
717 4017 908 4081 verba,
934 4039 952 4068 ι
976 4018 1259 4073 Luxerunt
1281 4032 1482 4086 pascua
1528 4027 1833 4088 pastorum,
1872 4035 1998 4076 exa-

433 4110 539 4160 ruit
589 4104 826 4160 Carmeli
876 4106 1545 4175 cacumen,»signiﬁcant
1599 4108 1716 4164 fore
1770 4120 1828 4164 ut
1877 4126 2002 4166 cum

428 4197 702 4267 praedictis
740 4195 953 4249 ﬁnitimi
990 4211 1178 4250 oumes
1216 4211 1325 4251 non
1371 4199 1488 4254 sine
1521 4201 1639 4254 suis
1670 4200 1901 4256 ducibus
1935 4202 2001 4256 ad

432 4290 632 4343 luctum
662 4294 945 4343 vertantdr
974 4305 986 4341 :
1016 4297 1070 4342 et
1094 4289 1311 4358 quidem
1336 4291 1497 4346 etiam
1524 4291 1691 4347 Israel
1718 4308 1841 4348 cum
1873 4295 1998 4359 illis,

2101 3104 2194 3159 τοῦ
2233 3105 2392 3173 λόγου
2411 3120 2425 3135 ⁸
2467 3104 2655 3175 ἐπειδὴ
2683 3104 2793 3174 γάρ
2824 3103 2923 3155 οὐκ
2952 3103 3009 3153 ἐν
3034 3102 3100 3171 τῇ
3147 3099 3519 3169 Ἰερουσαλὴμ,
3560 3096 3675 3150 ἀλλ’

2102 3199 2159 3252 ἐν
2212 3197 2439 3259 ἐκείνοις
2492 3193 2786 3264 ἐφθέγγετο
2820 3194 2933 3254 τοῖς
2959 3190 3163 3254 τόποις,
3193 3190 3241 3243 οἳ
3266 3189 3376 3241 τῶν
3419 3205 3480 3240 τε
3504 3186 3675 3240 ἐθνῶν

2103 3290 2196 3343 κιὶ
2230 3290 2328 3360 τῆς
2358 3285 2632 3357 βασιλείας
2670 3284 2764 3337 τοῦ
2812 3281 3025 3353 Ἰσραὴλ
3074 3279 3365 3349 ἐτύγχανον
3396 3278 3575 3342 ὅντες,
3600 3278 3675 3330 εἰς.

2103 3382 2273 3443 κότως
2308 3377 2629 3449 προτέθεικε
2656 3375 2737 3439 τὸ,
2779 3394 2797 3426 ι
2848 3376 2943 3427 Ἐκ
2971 3372 3108 3425 Σιὼν
3140 3370 3458 3439 ἐφθέγξατο,
3491 3369 3591 3423 καὶ
3617 3370 3675 3436 ἐξ

2113 3470 2465 3544 Ἰερουσαλὴμ
2512 3468 2677 3520 ἔδωκε
2740 3465 2922 3536 φωνὴν
2957 3463 3120 3518 αὐτοῦ
3151 3480 3165 3493 ο
3201 3481 3219 3515 ι
3248 3463 3322 3525 ὡς
3360 3460 3425 3514 ἂν
3457 3461 3533 3531 μὴ
3566 3463 3677 3522 τοῖς

2102 3564 2230 3634 περὶ
2250 3562 2339 3616 τὸν
2366 3561 2529 3614 τόπον
2557 3560 2762 3611 ἐκεῖνον
2801 3553 3254 3627 θρησκευομένοις
3280 3553 3531 3623 δαίμοσιν
3558 3554 3681 3606 ἐπι-

2101 3656 2329 3725 γράφειν
2385 3651 2624 3723 μέλλοιεν
2679 3651 2729 3702 οί
2778 3648 3068 3711 ἀκούοντες
3102 3646 3212 3700 τῶν
3237 3645 3547 3715 λεγομένων
3576 3644 3678 3714 τὴν

2102 3745 2311 3798 αἰτίαν·
2346 3743 2421 3813 (p.
2464 3742 2586 3811 146)
2620 3740 2812 3793 εἰδεῖεν
2844 3740 2901 3793 δὲ
2945 3739 3181 3802 ἅπαντες
3216 3739 3296 3792 ὅτι
3326 3737 3518 3810 γνώμῃ
3538 3735 3677 3790 Θεοῦ

2102 3836 2274 3889 ταῦτα
2332 3834 2652 3903 φθέγγεται,
2708 3834 2767 3894 ὃς
2810 3832 2920 3885 τῶν
2950 3832 3203 3885 ἀπάντων
3236 3834 3466 3901 ποιητής
3491 3847 3554 3883 τε
3586 3830 3679 3883 καὶ

2103 3925 2304 3996 Κύριος
2336 3922 2431 3988 ὢν,
2485 3925 2543 3975 ἐν
2574 3922 2653 3993 τῷ
2690 3920 2829 3974 Σιὼν
2867 3922 2983 3994 όρει
3026 3923 3126 3993 τὴν
3156 3923 3503 3993 καθήκουσαν
3526 3920 3681 3990 αὐτῷ

2102 4014 2395 4087 θρησκείαν
2452 4013 2596 4067 κατὰ
2640 4014 2742 4084 τὴν
2803 4015 3032 4085 νομικὴν
3062 4014 3300 4079 διάταξιν
3337 4012 3679 4083 πληροῦσθαι

2102 4105 2397 4179 προσέταξε
2425 4122 2438 4136 ⁸
2468 4105 2546 4177 τῷ
2570 4123 2629 4159 τε
2660 4107 2914 4177 προφήτῃ
2943 4105 3038 4158 νῦν
3073 4108 3246 4159 εἰπεῖν
3274 4104 3443 4159 ταῦτα
3473 4104 3678 4168 διδοὺς,

2103 4200 2195 4252 καὶ
2250 4198 2392 4251 κατά
2442 4197 2630 4269 καιρὸν
2668 4197 2777 4251 τῶν
2824 4197 3176 4268 μηνυομένων
3201 4198 3299 4268 τὴν
3342 4196 3568 4250 ἔκϐασιν
3598 4197 3681 4259 είς

2105 4290 2262 4361 ἔργον
2298 4290 2547 4361 ἐκφέρων
2574 4306 2589 4321 ·
2619 4289 2681 4343 τὸ
2710 4288 2787 4357 δὲ,
2826 4308 2844 4340 ι
2887 4290 3222 4360 Ἐπένθησαν
3276 4290 3329 4342 ai
3359 4288 3520 4359 νομαὶ
3568 4288 3683 4342 τῶν

426 4393 566 4447 quos
592 4376 825 4433 Carmeli
856 4392 1118 4434 cacumen
1152 4379 1471 4448 appellavit,
1498 4382 1626 4450 quia
1654 4384 1799 4437 circa
1831 4385 2000 4439 locum

2114 4381 2404 4452 ποιμένων,
2436 4382 2528 4434 καὶ
2565 4380 2835 4451 ἐξηράνθη
2865 4380 2899 4451 ἡ
2945 4380 3156 4452 κορυφὴ
3188 4380 3280 4434 τοῦ
3307 4380 3624 4451 Καρμήλου,
3653 4398 3676 4433 s

427 4468 577 4523 illum
606 4468 918 4523 incolebant
937 4511 950 4533 ,
979 4483 1040 4521 ac
1072 4476 1266 4537 praeter
1295 4484 1456 4523 omne
1486 4470 1721 4526 olﬁcium
1755 4475 2000 4542 superbia

2116 4474 2201 4526 ῐνα
2226 4472 2355 4545 εἴπῃ
2399 4473 2478 4525 ὅτι
2530 4474 2593 4525 ἐκ
2629 4472 2727 4542 τῆς
2764 4472 3092 4541 ἀποφάσεως
3120 4473 3217 4543 τῆς
3245 4471 3451 4525 ἐκείνου
3476 4472 3683 4535 πάντες

422 4562 788 4616 exsultabant.
824 4560 1028 4616 Deindc
1076 4561 1357 4615 subdiviso
1388 4562 1754 4630 particulatim
1789 4578 1999 4619 sermo-

2113 4580 2173 4615 τε
2205 4564 2254 4615 οἱ
2276 4563 2538 4633 περίοικοι
2568 4561 2664 4614 σὺν
2686 4565 2797 4626 τοῖς
2820 4562 3141 4633 ἡγουμένοις
3157 4564 3578 4634 μεταστήσονται
3600 4564 3682 4625 εἰς

424 4668 525 4716 ne,
560 4653 627 4708 de
659 4653 890 4724 singulis
924 4652 1167 4707 ﬁnitimis
1203 4653 1377 4722 pergit
1405 4654 1610 4708 dieare.

2107 4654 2302 4715 πένθος
2334 4670 2349 4684 ο
2386 4653 2481 4705 καὶ
2524 4652 2628 4723 μὴν
2670 4652 2763 4706 καὶ
2806 4653 2900 4706 τοῦ
2936 4654 3151 4725 Ἰσραὴλ
3177 4656 3273 4710 σὺν
3304 4655 3552 4719 ἐκείνοις,
3580 4654 3676 4717 οὓς

428 4770 447 4803 ι
485 4749 726 4820 κορυφὴν
760 4768 779 4800 ι
806 4750 1087 4819 ὠνόμασεν
1118 4748 1209 4800 τοῦ
1239 4748 1556 4819 Καρμήλου,
1583 4750 1655 4813 ὡς
1697 4752 1822 4822 περὶ
1860 4753 2063 4805 ἐκεῖνον
2095 4749 2374 4812 οἰκοῦντας
2410 4747 2501 4800 τὸν
2537 4748 2719 4811 τόπον,
2754 4748 2850 4802 καὶ
2884 4748 2963 4811 είς
2994 4748 3146 4801 οὐδὲν
3182 4749 3300 4802 δέον
3331 4752 3396 4819 τῇ
3438 4749 3680 4820 ὑπεροχῇ

422 4842 811 4912 κεχρημένους.
868 4838 999 4895 Εἶτα
1058 4840 1291 4915 μερίζων
1343 4844 1433 4897 τὸν
1474 4845 1630 4913 λόγον
1668 4846 1775 4899 ἀνὰ
1803 4846 1987 4916 μέρος,
2008 4846 2138 4919 περὶ
2162 4844 2391 4897 ἑκάστου
2423 4842 2532 4896 τῶν
2561 4841 2852 4912 περιοίκων
2875 4842 3043 4911 λέγει’

494 4934 659 4989 Vens.
694 4936 815 4989 5-5.
838 4966 909 4975 —
936 4955 954 4987 ι
982 4935 1235 5006 Dixitque
1268 4935 1528 4993 Dominus
1557 4954 1570 4989 :
1606 4937 1781 5009 Super
1820 4941 1995 4994 tribus

423 5024 726 5080 sceleribus
753 5022 1005 5080 Damasci
1034 5033 1089 5080 et
1118 5041 1283 5095 super
1308 5038 1542 5096 quatuor
1567 5044 1676 5083 non
1704 5031 1998 5085 aversabor

420 5128 574 5179 eam,
628 5114 757 5183 quia
797 5113 967 5169 serris
1006 5114 1197 5171 ferreis
1241 5125 1582 5187 praegnantes
1628 5116 1997 5174 Galaaditidas

421 5203 825 5259 dissecuerunt.
867 5201 1047 5273 Ignem
1094 5205 1380 5258 immittam
1410 5206 1517 5276 97
1551 5207 1604 5261 in
1650 5209 1861 5264 Azaelis
1899 5210 1999 5264 do-

423 5309 609 5361 mum,
651 5294 745 5365 qui
787 5294 1139 5350 l'undamenta
1193 5296 1286 5350 ﬁlii
1332 5297 1495 5353 Aderi
1542 5308 1847 5356 consumet.
1897 5300 1998 5354 Da-

425 5385 593 5441 masci
622 5393 804 5441 vectes
830 5384 1171 5454 confringam
1193 5426 1208 5451 ,
1244 5387 1554 5457 diSperilam
1590 5390 1796 5447 incolas
1843 5392 1994 5463 agri,

424 5494 657 5550 quorum
691 5479 853 5536 etiam
888 5479 1091 5535 tribum
1136 5479 1412 5534 succidam
1448 5480 1515 5536 de
1553 5481 1682 5536 viris
1710 5479 1950 5538 Charran
1983 5502 1997 5538 :

2172 4935 2319 5005 Στίχ.
2354 4933 2489 5003 γ’-ε’.
2520 4963 2591 4975 --
2615 4953 2633 4986 ι
2664 4934 2775 4986 Καὶ
2797 4928 2948 4987 εἶπεν
2970 4933 3173 5005 Κύριος
3192 4950 3205 4963 ·
3238 4934 3360 4988 Ἐπὶ
3383 4937 3506 4995 ταῖς
3530 4934 3682 5009 τρισὶ

2102 5027 2376 5090 ἀσεϐείαις
2405 5025 2692 5097 Δαμασκοῦ
2720 5024 2815 5079 καί
2836 5026 2931 5078 ἐπὶ
2961 5028 3083 5089 ταῖς
3111 5026 3404 5097 τέσσαρσιν
3443 5027 3556 5097 (24)
3578 5030 3683 5081 οὐκ

2102 5119 2597 5190 ἀποστραφήσομαι
2645 5117 2835 5186 αὐτὴν,
2895 5115 3014 5171 ἀνθ’
3052 5109 3126 5171 ὧν
3149 5117 3369 5188 ἔπριζον
3406 5120 3464 5172 ὲν
3494 5120 3683 5190 πρίοσι

2108 5210 2350 5281 σιδηροῖς
2371 5209 2471 5272 τὰς
2495 5210 2552 5262 ὲν
2581 5209 2779 5280 γαστρὶ
2808 5208 3033 5279 ἐχούσας
3058 5208 3167 5263 τῶν
3183 5210 3553 5272 Γαλααδιτῶν,
3571 5212 3682 5265 Καὶ

2103 5300 2387 5355 ἀποστελῶ
2428 5299 2540 5372 πῦρ
2568 5302 2649 5363 είς
2676 5299 2769 5353 τὸν
2800 5294 2949 5355 οἶκον
2996 5298 3215 5373 Ἀζαὴλ,
3248 5301 3340 5357 καὶ
3369 5304 3683 5371 καταφάγε-

2102 5410 2191 5446 ται
2219 5392 2441 5463 θεμέλια
2490 5392 2607 5445 υἱοῦ
2650 5391 2803 5463 Ἀδέρ
2827 5410 2841 5423 ο
2882 5393 2976 5447 καὶ
3004 5394 3278 5466 συντρίψω
3313 5395 3543 5466 μοχλοὺς
3564 5396 3677 5446 Δα-

2110 5486 2323 5558 μασκοῦ
2354 5503 2367 5516 ’
2401 5488 2496 5541 καὶ
2544 5485 2909 5558 ὲξολοθρεύσω
2958 5486 3345 5552 κατοικοῦντας
3376 5490 3441 5542 ὲκ
3495 5487 3679 5540 πεδίου

497 5611 609 5692 (24)
637 5611 915 5696 Obscurus
939 5612 1239 5696 videbatur
1266 5610 1591 5696 Hieronymo
1611 5613 1711 5696 hic
1744 5617 2014 5685 prophetae
2047 5618 2200 5678 locus
2231 5621 2391 5692 epist.
2454 5620 2556 5689 5'5,
2613 5618 2667 5676 8.
2715 5618 2822 5678 Sed
2853 5636 2922 5679 en
2948 5620 3362 5696 M0psuesteuus
3396 5636 3543 5679 more
3573 5636 3680 5679 suo

428 5688 713 5755 perspicue
745 5694 906 5754 atque
938 5683 1307 5740 indubitanter
1337 5683 1670 5758 explanabit.
