1912 3112
63 139 125 169 ω

590 141 866 171 COMMENTARIUS
878 143 913 172 IN
932 143 1036 172 AMOSI
1052 142 1129 173 CAP.
1153 144 1173 172 l.

1637 142 1692 171 250

74 197 122 225 'Ov
134 206 141 213 -
156 198 204 224 καὶ
221 198 367 233 κατακόψω
388 198 473 235 φυλὴν
486 198 517 231 ἐξ
541 199 646 235 ἀνδρῶν
658 201 770 236 Χαρῤάν
782 209 788 216 ·
806 201 854 228 καὶ

920 202 1026 237 aptivus
1047 201 1196 229 abducetur
1211 200 1327 236 populus
1345 200 1430 236 Syria!
1447 204 1634 236 nuncupatus.
1653 202 1692 228 ait

74 243 358 278 αἱχμαλωτευθήσεται
386 244 450 276 λαὸς
479 245 580 280 Συρίας
601 245 757 281 ἐπίκλητος,
783 246 856 281 λέγει

76 289 184 325 Κύριος.
199 299 209 315 ι
219 289 257 324 (p.
275 289 336 324 M7)
350 289 387 316 Τὸ
401 298 410 315 ι
429 290 474 316 ἐπὶ
484 291 545 322 ταῖς
558 291 632 326 τρισὶ
644 292 691 317 καὶ
700 292 830 327 τέσσαρσι
844 301 854 317 ι

76 335 147 369 λέγει
159 335 219 362 ἀντὶ
232 334 289 367 τοῦ,
308 336 369 367 ταῖς
388 335 457 370 ἄγαν
485 335 605 368 πολλαῖς.
629 336 738 372 Ἐπειδὴ
764 336 820 372 γὰρ
842 338 857 364 ὀ

78 381 145 416 μετὰ
158 380 204 407 τὸν
223 380 272 407 ἕνα
303 381 350 408 καὶ
375 380 422 407 δύο
434 381 550 417 ἀριθμὸς
574 381 753 416 πληθυντικὺς
769 382 859 409 καλεῖ-

77 435 120 452 ται
129 426 195 461 (25),
208 435 218 452 ι
232 426 305 461 τρισὶ
318 436 327 452 ι
339 426 387 461 μὲν
402 426 475 460 λέγει
485 428 543 458 ταῖς
555 426 673 458 πολλαῖς,
686 436 694 452 ι
706 427 834 462 τέσσαρσι
847 436 855 452 ι

77 473 104 499 δὲ
117 472 165 508 τὴν
181 473 302 499 ὲπίτατιν
326 472 373 499 τοῦ
388 473 515 507 πλήθους.
532 472 661 499 Βούλεται
673 473 701 498 δὲ
714 474 800 499 είπεῖν
818 473 858 498 ὅτι

79 520 176 552 πολλὰς
189 521 315 552 ἀσεὸείας
325 521 374 556 τῆς
383 520 527 555 Δαμασκοῦ
537 521 670 556 παρεῖδεν·
683 521 859 555 ἐπιμένοντας

78 566 106 592 δὲ
119 566 165 592 καὶ
175 566 220 592 ἐπὶ
231 566 354 592 πλεῖστον
369 566 535 598 ἐκτείνοντας
546 567 594 602 τὴν
609 567 784 601 ἀσὲὃειαν,μὴ
794 567 856 592 ἀπο-

80 611 239 646 στρέφεσθαι
248 613 295 643 καὶ
305 613 393 646 μισεῖν
401 612 490 638 οὐκέτι
499 611 620 638 δυνατόν.
630 610 696 637 Εἶτα
705 610 860 637 καταλιπὼν

79 657 127 688 τὰς
136 657 231 689 λοιπὰς
240 657 328 684 αὐτῶν
340 656 574 692 παρανομίας.τὴν
581 657 619 686 εἰς
627 656 687 686 τοὺς
695 655 861 690 Ἰσραηλίτας

80 704 144 737 παρ’
159 702 248 728 αὐτῶν
262 702 447 737 γεγενημένην
457 701 540 734 λέγει·
551 701 588 732 ὡς
595 701 626 727 ἂν
639 701 750 733 δείξειεν
761 701 800 726 ὅτι
812 700 861 726 κᾶν

81 748 163 774 πολλὰ
172 748 346 782 ἡσεόήκασιν,
359 747 414 773 ἀλλ⁴
432 748 501 782 ὑπὲρ
515 747 615 773 τούτων
635 746 749 781 μάλιστα
765 746 862 776 αὐτοὺς

80 795 275 828 τιμωρήσεται,
303 791 340 819 ὧν
364 793 462 828 πολλὴν
483 793 615 819 ποιεῖσθαι
642 793 790 818 ἐσπούδακε
814 792 862 826 τὴν

80 840 252 875 κηδεμονίαν.
271 840 307 866 Τὸ
321 837 378 869 οὖν.
397 849 405 864 ι
423 840 481 865 Τῶν
498 839 677 870 Γαλααδιτῶν,
692 849 700 864 ι
717 840 747 864 ἐκ
765 839 863 873 μέρους

907 247 1047 275 Dominus.
1065 257 1075 272 ι
1091 246 1161 274 Dicit
1190 252 1280 275 autem
1306 254 1384 280 super
1408 246 1491 273 tribus
1514 251 1539 273 et
1565 251 1690 280 quatuor,

906 301 1002 328 nempe
1018 301 1068 328 pro
1079 312 1087 325 ,
1104 293 1204 320 Multis.
1218 291 1287 320 Nam
1303 293 1367 328 quia
1384 300 1515 320 numerus
1529 296 1591 327 post
1607 300 1691 319 unum

907 343 934 367 et
945 339 1000 366 duo
1013 339 1126 374 pluralis
1138 338 1249 372 dicitur,
1261 339 1344 366 verbo
1357 338 1441 365 tribus
1455 339 1554 366 multos
1566 338 1690 371 denotat,

906 385 989 412 verbo
1000 390 1089 413 autem
1100 389 1214 419 quatuor
1225 384 1423 412 multitudinem
1435 387 1589 419 exaggerat.
1604 383 1694 418 Signi—

910 429 972 456 ﬁcat
987 434 1075 456 autem
1099 438 1127 457 se
1152 429 1235 456 multa
1257 429 1382 456 Damasci
1403 430 1505 457 scelera
1522 430 1692 465 neglexisse:

908 478 1092 502 verumtamen
1110 482 1171 501 cum
1189 476 1247 508 ejus
1262 475 1334 501 cives
1349 475 1375 501 in
1391 475 1527 509 impietate
1538 479 1693 509 perstat-ent

909 527 1023 554 eamque
1039 519 1226 550 cumularent,
1242 519 1297 553 jam
1316 519 1372 546 fieri
1386 527 1439 546 non
1457 527 1536 554 posse
1558 520 1622 554 quin
1645 528 1693 546 eos

910 574 925 592 a
940 573 968 593 se
985 565 1127 599 repelleret
1141 571 1221 599 atque
1237 564 1300 591 odio
1317 569 1535 599 prosequeretur.
1557 564 1624 590 Exin
1641 572 1693 590 ca:-

910 611 975 638 teris
991 619 1083 638 eorum
1099 610 1246 638 sceleribus
1261 610 1371 637 omissis
1383 630 1391 642 ,
1412 609 1477 636 illud
1498 614 1695 636 commemorat

912 657 983 692 quod
1000 657 1130 684 adversus
1144 656 1281 682 Israelitas
1290 656 1493 682 commiserant:
1504 662 1600 690 nempe
1611 658 1694 680 utos-

912 703 1014 735 tendat,
1026 702 1130 730 etiamsi
1141 702 1231 728 hostes
1244 701 1325 727 multa
1338 700 1519 735 peccaverint,
1546 704 1635 726 tamen
1647 706 1695 726 cos

913 750 1053 784 potissime
1068 756 1097 775 se
1115 747 1271 782 puniturum
1285 746 1377 780 populi
1411 746 1453 773 sui
1469 753 1551 772 causa
1563 765 1570 776 ,
1592 744 1625 771 de
1640 752 1694 779 quo

914 802 1074 830 magnopere
1096 793 1228 821 sollicitus
1253 796 1321 819 erat.
1346 792 1429 826 Igitur
1452 790 1636 818 Galaaditidas
1657 792 1695 817 fe-

915 842 1003 867 minas
1016 841 1123 871 dicens,
1139 843 1240 874 partem
1258 846 1307 873 pro
1321 841 1377 863 toto
1393 837 1529 871 appellat;
1545 843 1607 870 pars
1623 836 1695 862 enim

82 886 204 920 βούλεται
219 886 272 911 τῶν
292 885 464 920 Ἰσραηλιτῶν
480 886 582 911 εἰπεῖν·
597 884 689 919 ἐπειδὴ
699 884 744 910 τοῦ
758 883 863 918 Ἰσραὴλ

920 887 1021 913 ιδιηιειὶε
1038 886 1149 912 Galaad.
1167 885 1255 912 Causa
1272 883 1397 919 puniendi
1415 882 1483 914 fuit,
1501 881 1572 916 quod
1593 885 1696 907 tantum

82 930 163 965 μέρος
182 928 242 966 ἦνὴ
267 930 382 957 Γαλαὰδ.
402 931 509 965 Ἐπειδὴ
523 930 620 961 τοίνυν,
638 930 714 965 φησὶ,
731 929 862 963 τοσαύτην

82 976 216 1007 ἐξέτειναν
244 976 303 1002 κατ’
325 975 413 1002 αὐτῶν
426 976 474 1011 τὴν
496 976 676 1010 παρανομίαν,
692 975 729 1006 ὡς
747 975 793 1001 καὶ
815 974 863 1005 τὰς

82 1022 195 1056 ἐγκύους
209 1022 298 1048 αὐτῶν
315 1022 429 1057 σιδηροῖς
445 1022 539 1057 ,πρίοσι
562 1022 715 1056 διατέμνειν
738 1022 819 1055 (ἔοικε
836 1021 864 1047 δὲ

80 1067 160 1093 τοῦτο
172 1067 260 1101 λέγειν
280 1068 320 1098 είς
335 1067 469 1099 ἀπόδειξιν
489 1066 539 1100 τῆς
553 1066 693 1101 ὠμότητος
712 1065 812 1098 αὐτῶν,
832 1066 865 1091 δι’

81 1114 114 1148 ῆν
124 1113 183 1140 οὐδὲ
194 1113 246 1139 τῶν
258 1113 362 1146 ἐγκύων
378 1113 521 1147 ἐφείδοντο,
536 1113 594 1147 ἦτοι
607 1111 714 1147 πρίοσιν
726 1112 809 1142 ὅντως
820 1112 867 1137 αὺ-

81 1158 130 1189 τὰς
160 1157 176 1192 ἦ
199 1156 302 1192 ξίφεσιν
331 1157 527 1192 ἀνατέμνοντες
551 1157 669 1191 πολέμου
690 1157 764 1191 νόμῳ
779 1165 785 1171 ·
799 1156 866 1191 ὅπερ

81 1200 126 1228 οὖν
144 1200 219 1230 εἶπεν
232 1211 241 1227 ‹
261 1203 289 1228 ὲν
305 1201 395 1237 πρίοσι
408 1203 539 1236 σιδηροῖς,
554 1212 562 1227 ι
575 1203 615 1232 εἰς
627 1201 735 1236 μείζονα
748 1201 866 1235 ἔμφασιν

82 1248 129 1274 τοῦ
144 1248 312 1283 γινομένου),
328 1249 397 1283 ὑπὲρ
411 1249 442 1283 δὴ
450 1249 560 1276 τούτων.
573 1249 665 1283 φησιν,
678 1248 767 1279 αὐτοῖς
777 1247 868 1279 ἐπάξω

82 1296 147 1326 τοὺς
155 1295 342 1329 ἀφανίζοντας,
355 1295 393 1329 (p.
410 1295 470 1330 148)
482 1294 518 1326 ὡς
529 1295 575 1320 καὶ
594 1294 628 1320 τὰ
644 1294 765 1328 βασίλεια
780 1294 868 1319 αὐτῶν

82 1342 295 1378 καθαιρεθῆναι“
310 1342 389 1368 τοῦτο
405 1342 457 1377 γὰρ
471 1342 542 1375 λέγει
552 1352 560 1367 ι
577 1342 688 1376 θεμέλια
697 1342 755 1368 υἱοῦ
764 1342 865 1377 ἈδέρῚ

82 1388 176 1415 πᾶσάν
185 1396 214 1414 τε
226 1388 276 1423 τῆς
295 1388 483 1424 μητροπόλεως
495 1388 583 1414 αὐτῶν
602 1390 650 1423 τὴν
665 1389 740 1422 ἰσχὺν
753 1389 869 1423 ἀφαιρε-

82 1433 182 1468 θῆναι·
196 1433 264 1468 ὅπερ
275 1433 350 1468 δηλοῖ
360 1432 389 1459 τὸ
399 1442 408 1458 ι
419 1432 559 1468 Συντρίψω
569 1433 683 1468 μοχλοὺς
694 1432 849 1467 Δαμασκοῦο
858 1442 867 1457 ι

82 1479 131 1506 καὶ
153 1478 185 1514 δὴ
196 1479 242 1505 καὶ
259 1479 361 1509 πάντας
376 1478 438 1510 τοὺς
458 1478 487 1511 ἐξ
504 1478 593 1505 αὐτῶν
608 1478 724 1512 ἀφανιῶ,
740 1478 809 1504 ὥστε
824 1478 870 1504 καὶ

914 933 1043 959 adversus
1059 932 1181 959 lsraelem
1196 931 1285 959 scelus
1302 932 1543 964 exprompserant,
1571 933 1599 954 ut
1626 927 1699 961 ipsas

916 978 1004 1013 populi
1022 977 1101 1011 hujus
1115 980 1282 1011 praegnantes
1299 974 1382 1002 serris
1398 974 1490 1001 ferreis
1506 973 1697 1000 dissecueriut.

917 1023 1027 1050 Videtur
1044 1027 1131 1048 autem
1147 1021 1198 1047 hoc
1212 1021 1302 1047 dicere
1324 1024 1353 1046 ut
1368 1019 1486 1045 hostium
1512 1017 1699 1044 crudelitatem

916 1070 1096 1099 demonstret,
1113 1067 1157 1101 qui
1175 1074 1208 1093 ne
1224 1066 1342 1100 gravidis
1357 1065 1465 1099 quidem
1482 1063 1589 1090 feminis
1604 1069 1700 1097 peper-

917 1116 1018 1142 cissent
1032 1134 1039 1146 ,
1063 1114 1120 1141 sive
1135 1121 1181 1140 eas
1196 1119 1291 1145 reapse
1313 1111 1396 1138 scrris
1407 1130 1414 1141 ,
1433 1110 1489 1136 sive
1504 1108 1602 1143 gladiis
1626 1115 1701 1134 more

917 1161 978 1188 belli
999 1160 1166 1187 conciderint
1184 1168 1189 1184 :
1219 1158 1255 1183 ita
1283 1161 1311 1183 ut
1339 1156 1440 1182 locutio
1457 1155 1536 1181 serris
1554 1154 1645 1188 ferreis
1668 1152 1701 1179 ad

919 1205 1123 1241 putgravandam
1167 1203 1296 1230 facinoris
1336 1200 1487 1235 emphasim
1531 1199 1701 1226 adhibeatur.

918 1252 1109 1285 Quamobrem,
1130 1249 1226 1283 inquit,
1246 1247 1389 1274 immittam
1409 1246 1448 1273 eis
1460 1246 1561 1276 hostes,
1575 1252 1588 1270 a
1603 1244 1703 1279 quibus

918 1299 1007 1325 cuncti
1038 1305 1086 1324 ceu
1118 1297 1178 1330 igne
1207 1295 1406 1325 absumentur;
1436 1296 1463 1318 et
1492 1290 1601 1326 quidem
1630 1290 1703 1325 regia

919 1352 1026 1379 quoque
1040 1344 1160 1378 ipsorum
1179 1341 1256 1368 sedes
1273 1338 1425 1370 delebitur;
1447 1338 1496 1363 hoc
1521 1337 1592 1363 enim
1613 1335 1702 1362 innuit

920 1392 1003 1418 dictio
1020 1389 1207 1415 Fundamenta
1221 1386 1291 1412 Ader
1303 1393 1312 1411 :
1327 1389 1406 1418 atque
1421 1390 1503 1410 omne
1523 1381 1704 1415 melropolcos

920 1444 1013 1463 eorum
1028 1435 1112 1462 robur
1128 1432 1285 1461 subtraham
1299 1439 1306 1461 ς
1324 1430 1351 1456 id
1367 1429 1438 1464 quod
1454 1428 1588 1463 significat
1602 1427 1685 1454 dictio
1696 1445 1703 1456 ,

929 1490 938 1506 ‹
950 1480 1045 1507 Vectes
1054 1479 1176 1505 Damasci
1184 1478 1365 1511 confringam.
1373 1485 1381 1499 ι
1392 1474 1427 1501 Ita
1436 1473 1545 1500 demum
1555 1479 1602 1498 eos
1609 1478 1706 1498 omnes

82 1525 150 1555 τοὺς
164 1525 194 1550 ἐκ
208 1525 257 1559 τῆς
268 1525 379 1559 Χαῤῥάν
407 1524 601 1559 παροικοῦντας
621 1525 710 1555 αὐτοῖς
729 1524 867 1558 ἀφανίσαι,

922 1527 1043 1553 funditus
1067 1526 1226 1554 destruam,
1244 1527 1272 1548 ut
1297 1521 1425 1547 liuitimos
1449 1525 1556 1553 quoque
1581 1517 1704 1543 Chnrran

83 1570 189 1605 πολλὴν
205 1570 295 1601 αὐτοῖς
311 1571 342 1596 ἐκ
354 1570 403 1604 τῆς
417 1569 519 1601 οἰκείας
529 1570 668 1605 δυνάμεως
684 1570 868 1604 ὑποπτευομέ-

83 1625 136 1650 νης
157 1616 285 1651 παρέχειν
297 1615 435 1650 βοήθειαν·
453 1616 499 1641 καὶ
517 1615 655 1650 συντόμως
668 1616 765 1646 εἰπεῖν,
782 1615 869 1641 ἃπαν-

84 1670 137 1693 τας
152 1661 214 1692 τοὺς
230 1662 278 1696 τῆς
308 1661 443 1695 βασιλείας
465 1661 581 1695 ἐκείνης,
596 1658 636 1692 οἷς
658 1661 770 1696 ἐπίκλην
788 1661 870 1695 ὖνομα

85 1708 185 1744 Συρία,
202 1708 375 1743 αἰχμαλωσίᾳ
388 1708 512 1733 παντελεῖ
528 1706 691 1742 παραδώσω.

123 1797 200 1833 Στίχ.
215 1797 291 1833 ς’-η’.
305 1811 341 1817 -
350 1806 360 1823 ι
378 1796 446 1823 Τάδε
460 1795 533 1830 λέγει
548 1795 656 1830 Κύριος·
674 1795 735 1821 Ἐπὶ
746 1797 806 1825 ταῖς
815 1803 873 1830 τρι-

88 1846 135 1872 σὶν
144 1844 281 1875 ἀσεϐείαις
293 1843 382 1879 Γάζης
391 1843 439 1869 καὶ
454 1842 500 1869 ἐπὶ
513 1843 574 1874 ταῖς
587 1842 732 1877 τέσσαρσιν
744 1842 794 1867 οὐκ
808 1842 875 1868 άποο

89 1892 283 1927 στραφήσομαι
289 1889 397 1921 αὐτοὺς,
403 1888 493 1914 ἕνεκεν
501 1887 549 1914 τοῦ
554 1888 599 1922 αἰχ
602 1886 771 1922 μαλωτεῦσαι
777 1887 874 1918 αὐτοὺς

89 1934 280 1971 αίχμαλωσίαν
293 1933 428 1969 Σολομὼν,
439 1933 487 1960 τοῦ
504 1932 659 1967 συγκλεῖσαι
676 1932 715 1964 είς
730 1931 779 1967 τὴν
798 1931 877 1958 Ἰδου-

92 1981 245 2018 parum
251 1981 316 2008 αὺτδ
325 1980 400 2014 λέγει
413 1979 561 2011 κάνταῦθα,
577 1979 618 2005 ὅτι
634 1978 738 2009 Πολλὰς
751 1976 876 2008 ἀσεϐείας

91 2026 288 2064 ἐργασαμένων
301 2025 349 2052 καὶ
361 2024 544 2059 ἐπιμενόντων
553 2024 585 2059 τῇ
594 2022 728 2058 μοχθηρίᾳ
742 2022 793 2057 τῆς
807 2021 879 2056 γνώ-

93 2082 161 2109 μης,
175 2072 226 2099 οὐκ
234 2070 364 2105 ἀνέξομαι
377 2069 417 2096 ἐτι
428 2077 435 2084 ·
448 2069 564 2104 μάλιστα
574 2067 602 2094 δὲ
616 2067 714 2098 αὐτοὺς
728 2066 879 2101 τιμωρήσο-

94 2128 156 2154 μαι,
169 2118 240 2153 ὑπὲρ
258 2113 295 2143 ὧν
309 2115 357 2142 τοῦ
372 2114 541 2150 Σολομῶντος
554 2111 739 2149 αἰχμαλώτους
750 2111 879 2143 λαὸόντος

92 2165 158 2197 τοὺς
165 2165 214 2199 τῆς
227 2164 290 2190 Ἰὂου
295 2162 388 2198 μαίας,
398 2162 446 2189 καὶ
458 2161 511 2188 ὑπὸ
522 2160 571 2196 τὴν
581 2160 635 2187 τῶν
642 2159 815 2195 Ἰσραηλιτῶν
831 2167 879 2185 πε-

921 1571 1022 1598 incolas
1037 1569 1118 1596 simul
1132 1568 1235 1595 deleam
1251 1588 1257 1598 ,
1276 1573 1391 1599 quorum
1407 1564 1510 1590 scilicet
1522 1563 1592 1588 vires
1609 1561 1706 1586 Dama-

921 1625 966 1644 sci)
994 1615 1155 1642 videbantur
1184 1611 1303 1638 validum
1329 1608 1484 1643 prxsidium
1507 1607 1644 1634 exhibere.
1672 1604 1707 1631 Ut

922 1663 1038 1690 breviter
1062 1662 1165 1691 dicam,
1192 1663 1304 1686 cunctos
1329 1655 1403 1690 regni
1431 1655 1490 1688 ejus
1512 1654 1633 1682 incolas,
1658 1651 1706 1685 qui

923 1708 1008 1742 Syrias
1034 1705 1166 1733 vocabulo
1191 1702 1388 1738 indigitanlur,
1405 1699 1514 1726 servitio
1537 1696 1702 1725 addiccndos

923 1753 1036 1780 curabo.

957 1798 1014 1833 98
1028 1796 1109 1824 Vens.
1127 1795 1248 1823 6—8.——¢
1261 1794 1323 1822 Hac
1337 1793 1374 1820 ait
1388 1791 1519 1820 Dominus
1533 1799 1540 1816 :
1558 1788 1645 1822 Super
1661 1785 1710 1813 tri-

923 1845 975 1871 bus
989 1843 1068 1870 Gaza:
1082 1841 1231 1869 sceleribus
1245 1844 1273 1867 et
1289 1846 1371 1874 super
1382 1840 1509 1873 quatuor,
1529 1842 1583 1862 non
1599 1839 1710 1859 aversa-

924 1890 974 1917 bor
987 1896 1052 1921 eos,
1066 1890 1208 1923 propterea
1223 1884 1297 1920 quod
1320 1884 1372 1919 ipsi
1387 1880 1602 1917 mancipavcrint
1623 1877 1710 1912 capti-

925 1936 1034 1963 vitatem
1052 1932 1226 1963 Salomonis,
1249 1936 1280 1958 ut
1300 1937 1360 1958 eam
1384 1927 1581 1957 concluderent
1601 1925 1629 1951 in
1652 1923 1712 1950 ldu-

926 1979 1043 2008 mteam?
1058 1989 1067 2005 ι
1079 1978 1109 2006 id
1124 1978 1212 2013 ipsum
1229 1976 1274 2004 hic
1293 1983 1403 2011 quoque
1417 1973 1505 2006 dicit;
1529 1977 1626 2006 nempe
1640 1968 1710 2003 quod

927 2026 988 2054 illos
1003 2024 1153 2053 sceleribus
1166 2021 1339 2050 cumulandis
1352 2020 1459 2048 deditos
1469 2038 1476 2051 ,
1491 2022 1572 2052 atque
1586 2017 1613 2043 in
1628 2014 1710 2042 animi

927 2072 1058 2107 pravitate
1079 2067 1326 2102 obﬁrmatos,jam
1352 2065 1455 2093 diutius
1479 2070 1534 2090 non
1553 2061 1635 2091 feret,
1658 2060 1713 2087 imo

928 2105 1102 2153 potissimum
1121 2114 1231 2150 puniet,
1249 2113 1313 2149 quia
1329 2119 1391 2139 cum
1407 2110 1535 2137 Salomon
1553 2108 1580 2134 in
1598 2105 1714 2141 captivi--

930 2150 1012 2192 tatem
1035 2162 1167 2189 Idumaeos
1193 2159 1358 2194 redegisset,
1376 2160 1458 2191 atque
1483 2153 1594 2182 lsraelis
1617 2150 1712 2179 ditioni

94 2196 241 2244 ποιηκότος
248 2196 383 2241 ἐξουσίαν,
389 2207 427 2238 ὠς
437 2207 484 2233 καὶ
491 2206 614 2232 πλεῖστον
624 2204 720 2235 αὐτοὺς
728 2204 774 2230 ἐπὶ
786 2204 869 2230 τούτοι

932 2209 1093 2245 adiecisset,
1122 2207 1159 2234 ita
1183 2209 1213 2233 ut
1234 2203 1345 2232 Idumaei
1370 2202 1416 2230 diu
1437 2201 1463 2228 in
1483 2200 1535 2227 hac
1558 2196 1714 2225 conditione

93 2255 231 2290 διαμεῖναι
244 2253 290 2281 τοῦ
298 2254 443 2289 σχήματος,
451 2250 643 2286 ἐπεληλυθότες
651 2246 722 2277 οὗτοι
731 2250 840 2284 άφεῖλόν
849 2257 879 2276 τε

94 2302 146 2338 τὴν
155 2300 342 2336 αίχμαλωσίαν
357 2299 463 2334 ἐκείνην
471 2298 588 2332 πολέμου
595 2297 679 2332 νόμῳ,
689 2295 736 2322 καὶ
749 2296 881 2330 συνηνάγ-

95 2353 186 2373 κασαν
195 2345 242 2371 ἐπὶ
248 2344 297 2379 τὴν
304 2342 453 2379 Ἰδουμαίαν
464 2339 588 2369 ἀπελθεῖν
601 2341 748 2368 πάλιν.Καὶ
754 2341 807 2375 γὰρ
818 2341 882 2367 καν-

95 2391 187 2419 ταῦθα
199 2389 386 2425 πλημμέλειαν
396 2388 485 2415 αὐτῶν
498 2388 572 2422 λέγει
583 2387 617 2423 ἢν
629 2387 692 2421 περὶ
705 2387 767 2418 τοὺς
774 2387 879 2422 Ἰσραη-

97 2436 175 2468 λίτας
190 2437 227 2470 (p.
240 2435 301 2469 M9)
314 2434 482 2470 εἰργάσαντο.
490 2433 521 2460 Τί
536 2430 598 2466 οὖν;
613 2442 622 2458 ι
637 2433 692 2459 Καὶ
707 2431 879 2464 ἐξαποστελῶ

98 2482 157 2518 πῦρ
169 2483 216 2509 ἐπὶ
222 2481 256 2509 τὰ
268 2482 344 2517 τείχη
354 2480 452 2515 Γάζης,
464 2480 510 2507 καὶ
524 2478 709 2513 καταφάγεται
722 2477 755 2504 τὰ
770 2476 881 2512 θεμέλια

99 2530 196 2564 αὐτῆς,
218 2529 265 2555 καὶ
288 2527 469 2563 ἐξολοορεύσω
492 2525 684 2556 κατοικοῦντας
704 2523 734 2556 ἐξ
753 2523 879 2555 ’Λζώτου,

99 2576 149 2602 καὶ
179 2574 359 2610 ἐξαρθήσεται
388 2573 457 2608 φυλὴ
473 2573 502 2605 ἐξ
527 2571 706 2603 Ἀσκάλωνος,
729 2570 777 2597 καὶ
791 2568 882 2601 ἐπάξω

98 2621 149 2656 τὴν
176 2621 255 2655 χεῖρά
281 2628 332 2655 μου
360 2619 406 2646 ἐπὶ
427 2618 578 2653 ’Δκκαρῶν,
603 2618 650 2644 καὶ
671 2615 832 2644 ἀπολοῦνται
854 2615 878 2641 οἱ

99 2666 260 2694 κατάλοιποι
266 2665 319 2692 τῶν
329 2664 494 2699 ἀλλοφύλων,
501 2664 574 2698 λέγει
587 2663 698 2698 Κύριος.
713 2672 723 2688 ι
731 2662 785 2697 Τὴν
795 2661 879 2696 αὐτὴν

100 2711 194 2743 ἐπάξω
202 2711 250 2737 καὶ
259 2710 362 2742 τούτοις
375 2710 517 2745 τιμωρίαν.
526 2708 603 2744 φησι.
612 2709 670 2744 Πῦρ
681 2708 734 2744 γὰρ
743 2707 881 2735 κάνταῦθα

103 2756 147 2784 τὸν
158 2756 275 2791 πόλεμον
282 2755 356 2790 λέγει
368 2755 447 2787 ὡςᾶν
460 2754 546 2786 οὕτως
558 2754 656 2786 αὐτοὺς
668 2754 861 2789 ἐπινεμόμενον
872 2761 879 2768 ·

932 2242 1150 2292 permanserint,
1169 2251 1206 2278 illi
1223 2249 1461 2285 supervenientes,
1480 2244 1663 2280 captivitatem
1681 2242 1713 2268 il-

934 2287 985 2329 lam
998 2301 1059 2335 jure
1074 2299 1134 2326 belli
1150 2296 1341 2327 dissolverint,
1356 2294 1461 2327 hosque
1478 2291 1575 2318 iterum
1600 2288 1628 2315 in
1651 2287 1712 2314 ldu-

905 2364 910 2369 -
934 2333 1029 2376 maeaiu
1058 2343 1184 2373 secedere
1214 2340 1358 2375 iusserint.
1383 2337 1517 2365 Nimirum
1543 2335 1606 2362 hinc
1630 2333 1712 2360 etiam

926 2392 1057 2428 propheta
1072 2388 1161 2424 arguit
1176 2386 1295 2414 hostium
1310 2384 1399 2411 scelus
1421 2382 1549 2409 adversus
1565 2378 1711 2406 lsraelitas.

927 2423 997 2470 hui-ti
1013 2423 1120 2470 ergo?i
1136 2430 1281 2459 lmmittam
1299 2429 1325 2456 in
1342 2427 1443 2455 mutnia
1459 2425 1538 2452 Gazae
1560 2423 1711 2453 flammam,

929 2468 989 2517 qua:
1002 2468 1075 2507 illain
1091 2485 1105 2505 a
1127 2474 1313 2504 fundamentis
1327 2475 1489 2500 consumet:
1516 2469 1613 2497 delebo
1634 2468 1711 2494 Azoti

930 2513 1026 2555 cives:
1058 2523 1201 2551 Ascalonis
1228 2520 1358 2556 populum
1389 2518 1551 2545 destruam:
1579 2513 1711 2542 Accaroni

932 2580 1029 2600 manus
1046 2570 1160 2598 inferam
1176 2579 1182 2596 :
1199 2566 1322 2602 reliquiae
1335 2564 1547 2598 alienigenarum
1564 2561 1710 2596 peribunt.

931 2617 997 2644 dicit
1007 2616 1153 2642 Dominus.
1170 2622 1180 2639 ι
1198 2612 1313 2639 Easdem
1336 2610 1378 2637 his
1402 2616 1510 2644 quoque
1533 2614 1643 2642 pcenas,
1669 2606 1711 2632 in-

932 2664 1007 2698 quit,
1023 2661 1169 2695 imponam.
1185 2658 1253 2685 Nam
1272 2661 1298 2685 et
1314 2657 1365 2683 hoc
1378 2656 1438 2682 loco
1455 2654 1543 2689 ignem
1569 2660 1618 2688 pro
1641 2651 1711 2679 bello

932 2697 1013 2739 dicit,
1042 2705 1114 2741 quod
1139 2704 1243 2732 scilicet
1271 2702 1364 2729 hostes
1383 2708 1432 2728 ceu
1456 2699 1564 2727 ﬂallima
1589 2697 1710 2729 vorabit,

932 2753 1012 2780 Gaza
1035 2750 1170 2779 manibus
1191 2749 1304 2776 exitium
1326 2746 1442 2778 inferet,
1467 2748 1650 2779 cunctamque
1666 2749 1711 2769 ur-

139 2845 195 2880 (25)
209 2844 385 2873 Notissimum
408 2848 450 2872 est
467 2843 577 2872 Graecos
599 2847 696 2879 praeter
716 2842 882 2878 singularem
897 2848 928 2870 ac
943 2839 1123 2877 plurativum,
1137 2837 1210 2866 duali
1221 2843 1328 2873 quoque
1344 2840 1381 2863 uu
1397 2840 1520 2864 numero.
