3824 6224
425 226 523 285 231

1584 233 1927 291 THEODORI
1964 234 2442 291 MOPSUESTENI

3550 226 3661 283 ειςςε

426 347 547 403 bem
580 364 609 401 a
648 347 1015 405 fundamentis
1048 351 1309 414 subruet,
1357 350 1583 420 ejusque
1626 352 1834 408 incolas
1872 366 1994 422 per-

2111 350 2154 413 l;
2185 349 2421 421 περιελεῖ
2478 349 2577 418 μὲν
2627 346 2725 417 τῆς
2770 347 2949 419 Γάζης
2968 347 3037 401 τὰ
3062 348 3234 417 τείχη,
3262 351 3326 402 ἐκ
3353 344 3565 415 βάθρων
3602 345 3659 399 δὲ

425 439 546 505 det,
576 454 702 493 cum
745 440 903 494 Azoti
937 441 1327 511 Asealonisque
1377 442 1607 497 civibus.
1655 442 1841 513 Neque
1890 443 1993 512 ipsi

425 528 694 584 Accaroni
716 571 732 595 ,
762 531 978 600 inquit,
1010 546 1250 601 parcam.
1280 531 1570 587 Memorata
1594 534 1803 588 scilicet
1826 533 1992 597 Gaza,

426 632 546 687 qua:
576 620 939 689 satrapiarum
967 629 1275 675 exterarum
1304 622 1558 692 princeps
1587 631 1725 686 erat,
1760 638 1990 693 genera-

429 710 551 764 liter
579 714 824 780 praedicit
843 721 1159 768 eventuram
1187 714 1403 770 cunctis
1430 716 1748 784 alienigenis
1762 717 1989 771 cladem.

427 800 790 867 Quamobrem
820 803 1004 859 subdit
1030 823 1043 859 :
1075 823 1095 856 ι
1125 805 1559 873 Alienigenarum
1583 807 1825 877 reliquiae
1856 808 1997 876 peri-

431 894 587 959 bunt,
612 894 687 947 ait
734 893 999 952 Dominus
1037 915 1050 951 :
1090 915 1109 949 ι
1137 912 1245 967 quo
1277 896 1423 950 dicto
1459 897 1699 952 breviter
1727 898 1998 968 signiﬁcat

433 983 548 1037 fore
579 981 636 1037 ut
657 998 847 1040 omnes
870 986 1038 1040 exteri
1069 996 1327 1056 pereant;
1352 986 1513 1041 sicuti
1543 986 1595 1039 in
1626 988 1998 1056 superioribus

432 1074 690 1142 populum
724 1075 1037 1130 universam
1059 1114 1074 1139 ,
1106 1078 1276 1147 Syriae
1321 1078 1542 1132 nomine
1588 1086 1996 1149 nuncupatum,

433 1164 488 1218 in
518 1167 835 1222 servitutem
869 1168 1148 1223 redactum
1181 1170 1247 1222 iri
1276 1170 1550 1238 praedixit,
1580 1178 1689 1224 etc.

505 1430 667 1487 Vens.
703 1432 759 1496 9,
789 1433 878 1488 10.
906 1466 969 1475 -
994 1452 1013 1486 ι
1038 1433 1161 1490 Haec
1190 1436 1264 1491 ait
1293 1434 1591 1493 Dominus:
1624 1438 1799 1507 Super
1827 1440 2000 1496 tribus

435 1521 563 1594 Tyri
614 1526 913 1581 sceleribus
961 1536 1015 1582 et
1063 1544 1227 1597 super
1273 1537 1526 1599 quatuor,
1558 1546 1665 1584 non
1711 1534 2003 1588 aversabor

436 1629 590 1681 eam,
654 1626 936 1687 propterea
996 1621 1142 1688 quod
1198 1622 1583 1677 concluserunt
1634 1625 2000 1693 captivitatem

440 1702 749 1761 Salomonis
782 1706 837 1761 in
864 1705 1151 1762 Idumaeam
1174 1752 1187 1774 ,
1218 1718 1271 1763 et
1297 1709 1408 1780 99
1436 1726 1546 1766 non
1575 1722 1703 1767 sunt
1731 1714 2002 1769 recordati
2034 1699 2076 1752 Β

435 1791 661 1849 foederis
705 1794 959 1852 fratrum.
1016 1799 1079 1853 Et
1119 1800 1406 1855 immittam
1460 1802 1638 1873 ignem
1692 1805 1746 1858 in
1801 1807 2001 1861 muenia

436 1882 604 1954 Tyri,
654 1895 707 1940 et
753 1887 1032 1943 devorabit
1087 1891 1438 1947 fundamenta
1483 1894 1624 1963 ejus.
1658 1913 1676 1948 ι
1704 1896 1837 1950 Cum
1889 1900 2003 1953 hac

434 1975 566 2039 diu,
612 1977 826 2047 inquit,
874 1981 1142 2049 patienter
1188 1982 1440 2047 tulerim,
1469 1984 1582 2053 jam
1629 1985 1834 2042 diutius
1879 2002 2004 2056 pro-

436 2066 722 2134 longantes
755 2070 1088 2138 impietatem
1126 2087 1281 2126 suam
1315 2088 1420 2128 non
1455 2074 1665 2142 feram;
1701 2080 1999 2147 praesertim

434 2156 562 2226 quia
587 2156 897 2215 Salomonis
917 2162 1163 2232 captivos
1190 2164 1243 2217 in
1273 2163 1562 2220 ldumaaam
1598 2168 2004 2226 transferendos

434 2258 731 2312 curarunt.
765 2267 1053 2308 commune
1082 2255 1186 2309 boc
1217 2257 1395 2311 scelus
1424 2258 1684 2315 habentes
1714 2276 1837 2315 cum
1874 2262 2003 2317 alie-

435 2340 670 2410 nigenis.
698 2342 862 2412 Atqui
889 2346 1117 2415 captivis
1167 2346 1281 2402 haec
1324 2349 1546 2405 minime
1590 2350 2005 2407 facerevdebue-

436 2441 601 2495 runt,
634 2432 855 2489 foederis
886 2450 1191 2503 memores,
1219 2439 1363 2507 quod
1415 2439 1671 2496 Salomon
1702 2450 1757 2497 et
1788 2443 2002 2498 illorum

437 2535 531 2575 rex
564 2523 929 2578 amicabiliter
954 2526 1097 2580 inter
1125 2542 1185 2582 se
1206 2538 1592 2584 contraxerant
1616 2549 1631 2598 ;
1665 2533 1823 2601 cujus
1851 2548 2006 2601 pror-

436 2628 534 2668 sus
587 2615 967 2681 immemores,
1017 2633 1164 2673 nunc
1212 2620 1287 2673 ita
1338 2636 1398 2676 se
1426 2631 1754 2691 gesserunt:
1789 2633 2008 2694 propter

438 2703 583 2771 quod
628 2720 715 2760 me
747 2708 961 2762 volente
993 2709 1168 2765 hostis
1201 2711 1530 2780 adveniens,
1564 2716 1765 2770 moenia
1817 2732 2005 2771 eorum

439 2793 716 2850 subvertet
736 2836 749 2858 ,
788 2807 1069 2869 totamque
1100 2801 1287 2855 urbem
1317 2802 1582 2859 destruet.

2094 440 2309 494 ἅπασαν
2330 438 2632 491 ἀνασπάσει
2658 438 2759 509 τὴν
2795 436 2967 499 πόλιν,
3000 438 3219 505 ἀφανιεῖ
3240 452 3298 487 τε
3329 437 3450 496 τοὺς
3477 450 3661 486 κατοι-

2096 532 2324 595 κοῦντας
2368 530 2535 600 αὐτὴν
2590 530 2725 599 μετα
2771 526 2878 580 τῶν
2912 528 3010 596 τήν
3051 545 3111 579 τε
3141 526 3378 589 ’Ἄζωτον
3424 526 3515 577 καί⁵
3564 522 3661 593 τὴν

2108 622 2419 675 ’Δσκάλωνα
2448 621 2735 674 οἰκούντων
2755 636 2770 650 ·
2800 620 2900 673 οὐκ
2948 619 3216 689 ἀφέξομαι
3248 618 3305 671 δέ
3331 617 3449 670 οὐδὲ
3471 616 3578 669 τῶν
3603 618 3663 669 ἐν

2110 712 2423 783 ’Δκκάροις’
2474 709 2870 781 μνημονεύεται
2903 710 3011 780 γάρ
3044 713 3141 779 τῆς
3184 707 3361 779 Γάζης
3391 707 3467 771 ὡς
3502 705 3663 776 ἐξαρ-

2097 802 2297 874 χούσης
2342 800 2450 854 τῶν
2495 804 2553 855 ἐν
2588 804 2699 865 τοῖς
2753 800 3070 869 ἀλλοφύλοις
3105 799 3484 870 σατραπειῶν·
3526 798 3665 852 κατά

2097 895 2277 948 κοινοῦ
2310 894 2456 963 λέγει
2488 894 2585 964 τὴν
2612 893 2883 963 τιμωρίαν
2909 892 3111 946 ἅπασιν
3139 891 3526 944 ἐπελεύσεσθαι
3552 892 3665 953 eoi;

2098 985 2412 1054 ἀλλοφύλοις
2431 1001 2443 1014 '
2479 985 2600 1039 ὅθεν
2630 985 2827 1054 ἐπάγει
2846 1002 2860 1016 ’
2890 1002 2909 1035 ι
2942 985 3049 1036 Καὶ
3086 983 3475 1038 ἀπολοῦνταιοί
3498 982 3665 1035 κατά-

2099 1076 2271 1130 λοιποι
2308 1077 2414 1129 τῶν
2439 1075 2765 1145 ἀλλοφύλων.
2798 1076 2943 1144 λέγει
2977 1076 3179 1146 Κύριος
3204 1092 3219 1106 ·
3256 1092 3274 1125 ι
3305 1075 3391 1126 ἵνα
3414 1072 3668 1145 είπῃ,ὃτι

2100 1167 2384 1237 Συντόμως
2404 1166 2650 1229 ἅπαντας
2709 1166 2925 1234 ἀφανιῶ
2953 1167 3077 1229 τοὺς
3099 1165 3446 1234 ἀλλοφύλους,
3480 1163 3667 1233 ὥσπερ

2102 1260 2159 1311 ἐν
2214 1260 2326 1321 τοῖς
2378 1258 2668 1328 ἀνωτέροις
2716 1256 3324 1328 αἰχμαλωτευθήσεσθαι
3361 1258 3462 1327 ἔφη
3492 1257 3669 1309 πάντα

2101 1350 2192 1404 τὸν
2225 1350 2351 1403 λαὸν
2379 1350 2469 1403 τὸν
2494 1348 2784 1420 ἐπίκλητον
2811 1349 3027 1420 Συρίας.

2170 1442 2317 1513 Στίχ.
2355 1440 2480 1507 θ’,ι⁸.
2502 1460 2598 1493 -ι
2631 1440 2768 1494 Τάδε
2795 1441 2941 1510 λέγει
2971 1440 3186 1510 Κύριος·
3207 1440 3328 1493 Ἐπὶ
3360 1441 3478 1501 ταῖς
3493 1438 3669 1509 τρισὶν

2102 1533 2374 1598 ἀσεϐείαις
2402 1534 2579 1604 Τύρου
2607 1534 2703 1587 καὶ
2727 1534 2819 1587 ἐστιί⁸
2835 1533 3251 1604 ταῖςτέσσαρσιν
3272 1532 3370 1585 ούκ
3398 1533 3673 1601 ἀποστρα-
3778 1562 3781 1565 ›

2087 1626 2345 1695 ,φήσομαι
2388 1624 2576 1694 αὐτὴν,
2616 1624 2730 1677 ἀνθ’
2785 1616 2859 1675 ὧν
2911 1621 3255 1674 συνέκλεισαν
3296 1618 3674 1689 αἰχμαλωσίαν

2104 1715 2197 1770 τοῦ
2249 1715 2499 1786 Σολομὼν
2554 1716 2635 1779 εἰς
2662 1715 2763 1785 τὴν
2806 1714 3125 1785 Ἰδουμαίαν,
3148 1714 3241 1766 καὶ
3272 1713 3372 1765 ούκ
3398 1711 3673 1783 ἐμνήσθη-

2107 1825 2206 1860 σαν
2224 1807 2487 1878 διαθήκης
2515 1806 2776 1876 ἀδελφῶν.
2810 1805 2911 1858 Καὶ
2953 1803 3295 1870 ἐξαποστελῶ
3340 1803 3449 1873 πῦρ
3482 1802 3575 1855 ἐπὶ
3606 1801 3675 1854 τὲ

2104 1896 2256 1967 τείχη
2309 1896 2508 1968 Τύρου,
2543 1897 2638 1949 καὶ
2666 1896 3043 1964 καταφάγεται
3071 1895 3140 1947 τά
3167 1893 3391 1965 θεμέλια
3421 1894 3612 1962 αὐτῆς.
3650 1912 3669 1944 ι

2104 1989 2214 2041 Καὶ
2233 1988 2341 2059 γάρ
2390 1990 2485 2042 καὶ
2515 1989 2720 2042 τούτων
2754 1988 2845 2041 ἐπὶ
2886 1988 3042 2053 πολὺ,
3089 1989 3271 2059 φησὶν,
3293 1987 3673 2057 ἀνασχόμενος,

2105 2078 2182 2149 (p.
2220 2078 2346 2149 150)
2371 2080 2464 2132 ἐπὶ
2493 2079 2742 2133 πλεῖστον
2769 2080 3116 2133 ἐκτεινόντων
3147 2078 3244 2149 τὴν
3291 2078 3547 2132 ἀσέϐειαν
3574 2077 3677 2129 ούκ

2110 2172 2365 2242 ἀνέξομαι
2415 2171 2514 2243 τὴν
2565 2173 2790 2235 οἰκείαν,
2843 2170 2936 2226 καί
2978 2170 3211 2242 μάλιστά
3245 2187 3308 2239 γε
3348 2169 3563 2222 πάντων
3594 2168 3677 2221 ὅτι

2108 2264 2206 2336 τὴν
2236 2264 2329 2317 τοῦ
2365 2263 2705 2335 Σολομῶντος
2724 2264 3099 2335 αἰχμαλωσίαν
3126 2265 3205 2327 εἰς
3242 2262 3339 2332 τὴν
3379 2260 3677 2330 Ἰδουμαίαν

2110 2357 2545 2427 παρεσκεύασαν,
2582 2356 3033 2426 κεκοινωνηκότες
3060 2353 3161 2424 τῆς
3182 2353 3523 2425 παρανομίας
3544 2351 3675 2404 ταύ-

2109 2464 2208 2518 της
2231 2450 2345 2511 τοῖς
2361 2449 2679 2518 ἀλλοφύλοις
2701 2463 2715 2479 ’
2742 2446 2836 2510 οὓς
2872 2447 3039 2518 ἐχρῆν
3072 2446 3303 2516 μάλιστα
3346 2441 3679 2513 ἀποσχέσθαι

2108 2541 2260 2592 τουτί
2281 2538 2518 2593 τοιοῦτον
2542 2538 2960 2611 διαπράξασθαι,
2989 2540 3065 2601 εἰς
3105 2538 3325 2608 μνήμην
3356 2532 3680 2607 ἐληλυθότας

2108 2628 2220 2681 τῶν
2248 2629 2549 2700 συνθηκῶν,
2604 2629 2669 2694 ἀς
2692 2632 2721 2683 ὅ
2756 2646 2815 2683 τε
2861 2628 3110 2700 Σολομὼν
3144 2629 3237 2681 καὶ
3277 2629 3306 2681 ό
3327 2626 3504 2680 αὐτῶν
3533 2623 3681 2693 βασι-

2111 2718 2235 2782 λεὺς
2266 2719 2405 2790 ὑπὲρ
2436 2721 2614 2788 φιλίας
2644 2722 2966 2793 ἐποιήσαντο
3006 2721 3140 2792 πρὸς
3167 2720 3447 2791 ἀλλήλους,
3490 2712 3566 2773 ὧν
3591 2717 3681 2769 ού-

2108 2808 2234 2860 δένα
2279 2811 2634 2879 ποιησάμενοι
2677 2809 2868 2877 λόγον.
2918 2810 3141 2864 τοιαῦτα
3198 2811 3511 2882 πεπράχασι
3542 2807 3638 2862 νῦν
3661 2824 3676 2838 ’

439 2884 579 2955 ὑπὲρ
605 2879 678 2940 ῶν
706 2887 770 2959 δὴ
792 2888 931 2943 κατά
968 2889 1190 2963 γνώμην
1223 2891 1361 2963 ἐμὴν
1399 2894 1639 2947 ἐπελθὼν
1680 2898 1709 2949 ὁ
1741 2895 1993 2966 πολέμιος
2016 2936 2031 2959 ,
2066 2896 2137 2949 τὰ
2169 2897 2321 2969 τείχη
2366 2915 2427 2950 τε
2472 2898 2648 2951 αὐτῶν
2694 2898 2953 2969 περιελεῖ,
2990 2901 3083 2952 καὶ
3124 2879 3559 2968 πᾶσαν-ἀφανιεῖ
3583 2900 3683 2971 τὴν

440 2977 619 3031 πόλιν.

512 3072 676 3129 Vsus.
719 3076 816 3145 tl,
857 3075 943 3130 Η.
974 3109 1043 3118 -
1072 3096 1091 3129 ι
1120 3077 1247 3135 Hac
1296 3081 1429 3135 dicit
1478 3080 1785 3138 Dominus:
1842 3081 2007 3152 Super

2187 3079 2331 3148 Στίχ.
2368 3078 2652 3148 ια’,ιβ’.-ι
2677 3078 2817 3132 Τάδε
2836 3077 2982 3146 λέγει
3000 3076 3223 3149 Κύριος
3264 3077 3388 3132 Ἑπί
3418 3080 3538 3141 ταῖς
3560 3096 3681 3150 τρι-

439 3165 621 3220 tribus
664 3164 911 3222 Idumam
961 3168 1263 3224 sceleribus
1302 3178 1357 3225 et
1394 3186 1559 3240 super
1599 3179 1852 3241 quatuor,
1902 3189 2009 3226 non

441 3258 736 3312 aversabor
767 3273 920 3325 eam,
952 3268 1237 3329 propterea
1268 3263 1413 3332 quod
1452 3262 1554 3333 ipsi
1598 3265 1864 3333 persecuti
1902 3265 2014 3319 sint

445 3346 624 3417 gladio
650 3347 874 3403 fratrem
905 3365 1088 3415 suum.
1117 3349 1183 3405 Et
1211 3353 1424 3406 vulvam
1450 3353 1600 3409 humi
1632 3355 2008 3419 labefactavit;

441 3448 496 3494 et
522 3441 703 3508 rapuit
732 3441 787 3494 in
817 3440 1190 3496 testimonium
1221 3442 1502 3499 horrorem
1536 3462 1695 3500 suum
1718 3490 1733 3513 ,
1763 3455 1817 3501 et
1844 3447 2013 3517 impe-

442 3538 559 3585 tum
606 3532 844 3586 servavit
892 3549 1067 3604 usque
1104 3536 1171 3590 ad
1218 3537 1526 3593 victoriam.
1560 3538 1734 3592 iCum
1781 3540 2009 3609 plurima

442 3637 731 3696 peccantes
759 3629 1009 3693 tulerim,
1054 3630 1169 3699 jam
1209 3631 1440 3687 ulterius
1480 3632 1860 3704 delinquentes
1902 3649 2009 3688 non

444 3717 656 3773 feram:
702 3720 998 3788 praesertim
1040 3723 1167 3791 quia
1206 3722 1404 3777 bellum
1448 3724 1710 3780 adversus
1741 3725 2012 3780 lsraelitas

444 3820 891 3875 commoverunt,
930 3828 1106 3882 neque
1134 3815 1514 3883 cognationem
1559 3831 1684 3869 cum
1716 3816 1823 3870 illis
1862 3832 2013 3871 reve-

443 3903 536 3957 riti
566 3909 730 3964 sunt,
760 3911 814 3957 et
864 3904 1012 3973 quod
1064 3920 1130 3959 ex
1172 3904 1432 3960 fratribus
1478 3907 1697 3975 utrique
1745 3908 2013 3977 progeniti

445 4003 658 4059 essent,
688 4011 756 4049 ex
789 3994 931 4049 Esau
958 3996 1213 4050 videlicet
1240 4006 1402 4065 atque
1431 3996 1621 4052 Iacob.
1654 3998 1711 4052 ld
1740 3997 1885 4051 enim
1915 3996 2011 4053 de-

448 4092 600 4138 notat
628 4083 799 4137 dictio
839 4084 1062 4152 fratrem
1090 4101 1263 4139 suum.
1294 4084 1413 4139 Jam
1447 4087 1611 4141 verba
1633 4126 1647 4150 ,
1683 4086 1887 4140 vulvam
1918 4087 2014 4140 hu-

447 4178 521 4231 mt'
554 4176 923 4246 labefactavit,
967 4175 1101 4231 dicit
1149 4192 1278 4247 pro,
1324 4178 1717 4234 interemerunt
1745 4194 1933 4234 omnes
1960 4189 2013 4232 et

446 4268 599 4323 humi
651 4276 1105 4341 prostraverunt:
1152 4268 1297 4339 quod
1333 4269 1555 4338 perinde
1586 4279 1703 4325 erat
1748 4279 1909 4341 atque
1956 4271 2010 4325 in

449 4372 748 4416 maternam
777 4362 989 4414 vulvam
1023 4376 1265 4431 peccare.
1303 4361 1435 4415 Nam
1466 4362 1594 4431 quia
1639 4362 1834 4417 fratres
1877 4380 2013 4418 nun-

2116 3171 2199 3224 σίν
2220 3170 2499 3232 ἀσεϐείαις
2524 3170 2624 3239 τῆς
2660 3169 2963 3240 Ἰδουμαίας
2999 3171 3091 3223 καὶ
3122 3170 3213 3223 ἐπὶ
3241 3173 3362 3234 ταῖς
3391 3172 3682 3241 τέσσαρσιν

2112 3265 2212 3316 οὐκ
2233 3263 2726 3333 ἀποστραφήσομαι
2758 3262 2947 3333 αὐτὴν,
2983 3261 3169 3315 ἕνεκεν
3189 3262 3282 3315 τοῦ
3305 3262 3494 3329 διῶξαι
3519 3264 3683 3318 αὑτὸν

2112 3357 2170 3408 ἐν
2225 3354 2467 3424 ῥομφαίᾳ
2501 3353 2591 3406 τὸν
2629 3353 2855 3422 ἀδελφὸν
2893 3353 3056 3407 αὐτοῦ
3079 3370 3094 3384 ο
3127 3354 3220 3409 καὶ
3244 3354 3546 3425 ἐλυμήνατο
3580 3357 3682 3426 μή·

2110 3462 2243 3516 τραν
2271 3446 2363 3498 ἐπὶ
2411 3445 2510 3515 τὴν
2536 3444 2638 3514 γῆν
2662 3460 2679 3474 ·
2700 3442 2814 3497 ’καὶ
2855 3445 3100 3516 ἣρπασεν
3121 3446 3201 3507 είς
3240 3442 3532 3514 μαρτύριον
3553 3444 3681 3515 φρί-

2110 3553 2213 3606 κην
2259 3534 2451 3588 ἑαυτοῦ
2478 3551 2490 3565 ·
2541 3535 2635 3588 καὶ
2682 3534 2743 3587 τὸ
2789 3536 3018 3605 ὅρμημα
3062 3534 3225 3589 αὐτοῦ
3283 3535 3543 3603 ἐφύλαξεν
3601 3536 3682 3597 εἰς

2111 3629 2258 3688 νῖκος
2285 3625 2422 3694 (26).
2467 3644 2487 3676 ι
2520 3624 2752 3677 Πλεῖστα
2773 3627 2873 3677 ὅσα
2908 3624 3246 3693 ἠσεϐηκότας
3287 3624 3541 3691 ἐνεγκὼν,
3590 3625 3685 3677 ἐπὶ

2110 3717 2360 3770 πλεῖστον
2384 3715 2722 3769 ἀσεϐούντων
2766 3716 2867 3769 οὐκ
2895 3714 3155 3785 ἀνέξομαι
3174 3732 3188 3746 '
3233 3716 3327 3767 καὶ
3360 3716 3598 3785 μάλιστά
3620 3733 3684 3783 γε

2110 3809 2249 3879 ὑπὲρ
2303 3802 2376 3863 ὧν
2422 3807 2655 3877 πόλεμον
2684 3808 2827 3860 κατὰ
2876 3807 2983 3859 τῶν
3025 3805 3367 3877 Ἰσραηλιτῶν
3406 3806 3684 3876 ἐκίνησαν,

2108 3902 2230 3956 ούδέ
2279 3900 2377 3972 τὴν
2411 3899 2729 3968 συγγένειαν
2761 3898 3139 3969 αἰσχυνθέντες
3180 3899 3279 3969 τὴν
3305 3898 3438 3969 πρὸς
3465 3899 3685 3962 αὐτοὺς,

2110 3994 2207 4048 καὶ
2233 3994 2314 4046 ὅτι
2343 3992 2402 4057 ἐξ
2435 3991 2679 4060 ἀδελφῶν
2709 3987 2850 4062 ἦσαν
2878 3990 3030 4043 αὐτοί
3059 4007 3119 4043 τε
3153 3992 3245 4044 καὶ
3278 3985 3441 4054 οὗτοι,
3478 3990 3527 4042 οί
3588 3990 3689 4059 μὲν

2108 4086 2172 4137 ἐκ
2220 4082 2314 4137 τοῦ
2367 4083 2560 4146 Ἡσαῦ,
2591 4084 2642 4136 οἰ
2679 4082 2736 4135 δὲ
2789 4083 2855 4135 ἐκ
2892 4081 3001 4135 τῶν
3047 4080 3240 4135 Ἰακὼϐ
3283 4080 3683 4151 καταγόμενοι·

2108 4175 2265 4228 τοῦτο
2291 4174 2399 4245 γὰρ
2424 4171 2545 4227 εἶπε
2561 4191 2581 4224 ι
2609 4174 2699 4228 τὸν
2718 4172 2942 4241 ἀδελφὸν
2966 4172 3128 4227 αὐτοῦ
3147 4190 3161 4206 ·
3201 4190 3219 4224 ι
3242 4173 3302 4226 τὺ
3329 4173 3406 4237 δέ,
3434 4190 3455 4225 ι
3485 4172 3690 4243 ἐλυμή-

2110 4284 2237 4320 νατο
2271 4270 2479 4338 μήτραν
2501 4267 2593 4319 ἐπὶ
2619 4265 2718 4337 τὴν
2737 4266 2859 4335 γῆν,
2890 4283 2909 4316 ι
2937 4264 3082 4332 λέγει
3110 4265 3231 4318 ἀντὶ
3260 4262 3375 4325 τοῦ,
3398 4264 3688 4332 Κατέσφα-

2115 4359 2210 4423 ξαν
2248 4360 2491 4422 ἅπαντας
2542 4359 2634 4413 καὶ
2672 4360 2753 4421 είς
2780 4360 2882 4428 γῆν
2909 4358 3278 4427 κατήνεγκανο
3317 4356 3452 4426 ὅπερ
3492 4352 3561 4426 ἦν
3605 4357 3688 4419 εἰς

449 4454 665 4524 eupavit
682 4494 698 4518 ,
729 4460 914 4521 utpote
940 4468 1005 4507 ex
1036 4452 1297 4507 fratribus
1324 4461 1481 4508 natos
1501 4494 1515 4517 ,
1542 4454 1717 4509 vulvas
1742 4455 2007 4509 excidium

2118 4449 2214 4520 τὴν
2236 4448 2496 4503 τεκοῦσαν
2521 4448 2716 4510 αὐτοὺς
2737 4449 2948 4519 μήτραν
2964 4446 3417 4518 πλημμελούντων
3433 4463 3445 4476 ·
3462 4447 3538 4514 (p.
3562 4445 3688 4511 151)

450 4546 737 4615 appellavit
771 4545 1003 4600 fratrum
1030 4546 1358 4601 occisionem
1388 4587 1402 4611 ,
1430 4547 1584 4610 quasi
1632 4547 1809 4603 isthoc
1854 4548 2015 4602 modo

451 4634 506 4689 in
550 4651 890 4690 communem
939 4644 1166 4691 matrem
1214 4645 1550 4704 peccassent.
1594 4636 1886 4691 Patrarunt
1916 4653 2025 4691 au-.

450 4732 558 4779 tem
590 4724 849 4779 adversus
877 4725 1000 4780 illos
1030 4725 1313 4780 horribilia
1335 4767 1349 4789 ,
1380 4740 1489 4794 quo
1539 4725 1717 4795 majus
1763 4726 2014 4781 testimo-

452 4814 601 4867 nium
624 4814 963 4870 crudelitatis
986 4830 1097 4869 θυαε
1118 4815 1491 4884 spectantibus
1514 4816 1879 4884 perhiberent.
1906 4815 2013 4871 Sed

451 4914 508 4957 et
551 4905 751 4974 impetu
798 4907 971 4959 multo
1012 4921 1075 4961 ac
1102 4906 1407 4961 vehementi
1456 4908 1509 4960 in
1554 4921 1649 4962 eos
1696 4906 2011 4970 irruerunt,

454 4995 639 5050 odium
669 5011 827 5050 suum
857 4997 925 5051 ad
956 4996 1114 5052 linem
1148 4998 1306 5067 ιοο
1334 5013 1505 5067 usque
1550 5004 1739 5051 contra
1782 5012 1877 5052 eos
1922 4998 2014 5052 de-

456 5095 823 5141 monstrantes
859 5105 873 5141 :
906 5101 1030 5139 nam
1054 5107 1072 5133 ι
1099 5089 1337 5141 servavit
1358 5103 1533 5156 usque
1563 5087 1630 5141 ad
1659 5085 1964 5153 victoriam,
1990 5104 2008 5137 ›

455 5180 601 5234 hunc
630 5192 849 5233 sensum
878 5178 1059 5232 habet.
1092 5176 1321 5246 Propter
1348 5176 1461 5231 haec
1488 5185 1669 5232 autem
1702 5179 1830 5247 quid
1856 5179 1879 5231 ἱ)
1904 5197 1923 5229 ι
1958 5178 2023 5232 Et

457 5270 746 5325 immittam
803 5268 982 5339 ignem
1038 5268 1094 5322 in
1126 5265 1420 5331 Thaaman,
1469 5276 1523 5322 et
1569 5269 1785 5324 vorabit
1832 5268 2023 5323 funda-

460 5370 639 5416 menta
670 5360 931 5414 mteuium
973 5359 1114 5429 ejus.
1151 5379 1169 5411 ι
1197 5358 1457 5413 Τίιωιηοη
1503 5360 1859 5415 Idumaeorum
1904 5370 2021 5417 erat

459 5450 590 5504 urbs
641 5450 1007 5520 spectabilior.
1059 5449 1339 5505 Adducam
1394 5451 1573 5520 itaque
1624 5452 1732 5507 illis
1779 5453 2014 5518 bellum,

2120 4540 2305 4611 ἐπειδὴ
2342 4539 2449 4610 γάρ
2478 4539 2737 4607 ἀδελφοὺς
2755 4539 3036 4608 ὠνόμασεν
3063 4538 3140 4601 ὼς
3172 4537 3231 4604 ἐξ
3260 4537 3502 4606 ἀδελφῶν
3524 4552 3693 4590 τετε-

2118 4631 2370 4699 γμένους,
2397 4628 2573 4699 λύμην
2614 4629 2822 4699 μήτρας
2849 4627 3099 4699 ὠνόμασε
3144 4629 3245 4698 τὴν
3291 4627 3400 4680 τῶν
3442 4628 3693 4697 ἀδελφῶν

2118 4722 2416 4792 ἀναίρεσιν,
2442 4720 2516 4784 ὡς
2554 4720 2620 4772 ἂν
2645 4722 2726 4782 εἰς
2751 4719 2848 4790 τήν
2870 4719 3053 4791 κοινὴν
3086 4720 3295 4791 μητέρα
3318 4719 3491 4789 τούτῳ
3512 4720 3693 4790 λυμη-

2120 4810 2363 4880 ναμένιυν
2392 4810 2469 4879 τῷ
2502 4809 2705 4880 τρόπῳ.
2725 4809 3063 4880 Πεποιήκασί
3092 4811 3367 4882 τε,φησίν,
3394 4813 3473 4874 εἰς
3496 4812 3695 4875 αὐτοὺς

2121 4903 2322 4973 φρίκης
2357 4904 2546 4973 μεστὰ,
2588 4903 2674 4955 ἶνα
2715 4900 2935 4971 μείζονα
2962 4903 3062 4973 τήν
3098 4903 3402 4974 μαρτυρίαν
3428 4903 3530 4973 τῆς
3562 4903 3693 4956 ἐαυ-

2120 4993 2227 5048 τῶν
2255 4993 2532 5063 ὠμότητος
2557 4990 2945 5062 παράσχωνται
2985 4994 3096 5055 τοῖς
3129 4991 3292 5060 ὁρῶσι
3318 5009 3331 5022 ·
3365 4994 3460 5045 καὶ
3493 4992 3554 5063 δὴ
3594 5010 3675 5045 κα

2122 5086 2264 5155 ὁρμῇ
2299 5083 2464 5153 πολλῇ
2503 5100 2609 5135 τινι
2639 5084 2732 5135 καὶ
2778 5082 2980 5154 σφοδρᾷ
3010 5085 3129 5136 κατ’
3158 5084 3336 5138 αὐτῶν
3365 5087 3691 5156 ἐχρήσαντο,

2123 5177 2248 5247 ἄχρι
2276 5176 2462 5239 τέλους
2507 5177 2606 5246 τὴν
2651 5175 2821 5246 αὐτήν
2854 5173 2950 5227 τοῦ
2980 5175 3169 5245 μίσους
3212 5176 3342 5247 περί
3361 5176 3557 5237 αὐτοὺς
3579 5177 3696 5229 ἐπι-

2124 5267 2424 5337 δειξάμενοι
2478 5265 2702 5337 γνώμην
2726 5284 2740 5297 ο
2766 5266 2827 5319 τὸ
2853 5266 2981 5337 γὰρ,
3006 5286 3025 5319 ι
3058 5266 3319 5335 ἐφύλαξεν
3353 5270 3434 5331 εἰς
3467 5270 3643 5331 νῖκος,
3666 5288 3687 5320 ι

2122 5358 2279 5411 τούτο
2306 5359 2471 5427 λέγει.
2515 5358 2682 5429 ’Υπὲρ
2706 5358 2761 5411 δὲ
2787 5358 2993 5414 τούτων
3022 5358 3108 5426 τί;
3144 5377 3163 5411 ι
3203 5360 3314 5414 Καὶ
3347 5358 3692 5425 ἐξαποστελῶ

2123 5449 2235 5521 πῦρ
2249 5451 2326 5512 εἰς
2348 5448 2581 5520 Θαιμάν,
2604 5450 2697 5503 καὶ
2712 5449 3325 5523 καταφάγεταιθεμέλια
3350 5450 3579 5522 τειχέων
3594 5452 3692 5505 αύ-

538 5635 649 5705 (26)
697 5631 864 5689 Nobis
894 5630 1132 5703 placeret
1163 5629 1335 5703 magis
1364 5630 1527 5686 lectio
1556 5628 1958 5700 Complutensis
1991 5631 2067 5695 εἰς
2096 5631 2290 5694 νεῖκος,
2325 5631 2392 5685 ad
2423 5633 2827 5688 contentionem.
