3824 6224
420 247 528 302 ἳ55

1573 260 1923 320 ΤΙΙΕΟΒΟΙίΙ·
1954 265 2436 328 MOPSUESTENI

3563 287 3684 344 9.56

431 364 795 433 magnitudini
843 368 1175 425 indictorum
1218 374 1486 430 malorum
1522 393 1848 448 pares,cum
1881 385 1994 439 cla-

2100 387 2213 452 τοῠ,
2233 392 2326 444 καὶ
2347 392 2554 458 πάντας
2572 395 2836 466 ἄρχοντας
2856 396 3018 452 αὐτοῦ
3041 399 3323 454 ἀποκτενῶ
3338 399 3455 472 μετ’
3476 400 3680 468 αὑτοῦ,

429 469 580 510 more
611 473 808 530 magno
838 462 980 518 inter
1026 462 1345 520 bellicarum
1393 469 1645 523 tubarum
1684 472 1994 543 clangorem

428 557 658 602 mortem
695 553 986 620 oppetituri
1008 555 1138 609 sint.
1172 556 1421 626 Atqueut
1449 564 1763 618 summatim
1787 566 1988 630 dicam,

427 643 642 695 tantum
677 645 780 696 erit
812 645 1030 700 illorum
1063 647 1307 714 exitium,
1333 651 1488 721 102
1516 661 1574 707 ut
1602 670 1780 725 neque
1819 658 1992 727 judex

431 744 622 784 eorum
677 734 874 804 aliquis
932 753 1109 807 neque
1151 740 1408 811 princeps
1456 744 1843 813 superfuturus
1895 751 1989 818 sit,

427 824 644 877 cunctis
677 825 864 880 eodem
903 835 1148 898 tempore
1180 831 1460 887 occisione
1487 832 1701 890 deletis.

2100 478 2246 548 λέγει
2273 480 2489 553 Κύριος.
2518 503 2537 536 ι
2571 486 2944 541 Ἐπελεύσεται
2971 489 3098 560 γὰρ,
3123 492 3305 562 φησὶν,
3334 494 3362 546 ὁ
3389 491 3678 563 πολέμιος,

2103 573 2282 637 πάσας
2309 574 2485 628 αὐτῶν
2509 577 2781 645 ἀφανίζων
2823 579 2920 644 τάς
2949 581 3130 646 πόλεις
3149 599 3164 614 ·
3190 585 3279 652 (p.
3306 583 3448 652 154)
3473 583 3552 647 ὡς
3591 586 3682 646 είς

2100 663 2334 734 ἐσχάτην
2350 666 2764 737 κατενεχθέντας
2779 669 3080 735 ἀσθένειαν,
3104 673 3196 726 καὶ
3217 674 3350 745 μηδὲ
3365 673 3681 746 ἀρκοῦντας

2103 753 2240 824 πρὸς
2263 754 2323 807 τὸ
2347 755 2577 826 μέγεθος
2597 758 2703 811 τῶν
2722 761 3074 831 ἐπαγομένων
3095 764 3276 828 αὐτοῖς
3295 764 3499 830 κακῶν,
3531 764 3682 834 μετά

2103 845 2362 915 μεγίστης
2409 848 2552 912 τινὸς
2584 849 2768 920 φωνῆς
2793 867 2852 903 τε
2892 852 2987 904 καὶ
3017 857 3264 926 κραυγῆς
3289 855 3398 908 τῶν
3442 855 3681 926 πολεμι-

427 914 541 967 κῶν
564 916 875 985 σαλπίγγων
901 919 1126 974 θάνατον
1157 923 1442 994 ὑπομεῖναι
1465 943 1478 956 ·
1522 930 1798 1000 συντόμως
1823 950 1879 986 τε
1910 935 2100 1003 εἰπεῖν,
2128 938 2378 1004 τοσοῦτος
2401 941 2618 1014 ὄλεθρος
2649 944 2828 998 αὐτῶν
2857 945 3028 1012 ἐσται,
3067 950 3142 1013 ὡς
3174 951 3248 1020 μὴ
3274 949 3464 1022 κριτὴν
3491 951 3680 1005 αὐτῶν

429 1008 562 1078 μηδὲ
585 1009 815 1080 ἄρχοντα
838 1015 1244 1086 περιλειφθῆναι
1272 1019 1492 1090 μηδένα,
1524 1024 1736 1078 πάντων
1762 1027 1939 1080 αὐτῶν
1960 1030 2311 1088 ἀπολωλότων
2338 1008 2612 1104 καθάπαξ.

501 1097 667 1154 Vens.
712 1104 765 1163 4,
801 1103 853 1156 5.
877 1133 947 1146 —-
989 1103 1080 1160 Sic
1109 1115 1287 1162 autem
1319 1114 1556 1168 narratis
1584 1130 1702 1182 qua“:
1755 1115 2001 1174 ﬁnitimis

427 1200 691 1246 eventura
738 1203 895 1249 erant
913 1197 984 1251 ob
1016 1199 1258 1268 ipsorum
1303 1203 1567 1261 adversus
1588 1205 1863 1264 Israelitas
1893 1209 2000 1265 ini-

427 1279 714 1347 quitatem.
757 1289 1029 1341 convertit
1065 1304 1125 1343 se
1143 1307 1266 1345 mox
1303 1296 1569 1365 propheta
1600 1299 1665 1353 ad
1689 1315 1775 1354 res
1800 1303 1999 1370 populo

428 1387 646 1442 quoque
697 1390 797 1430 suo
853 1392 1182 1449 eventuras;
1217 1383 1608 1444 demonstrans
1656 1392 1803 1460 quod
1854 1393 1998 1448 sicut

427 1463 510 1518 illi
539 1467 795 1535 puniendi
842 1481 1001 1526 erant
1028 1475 1098 1528 ob
1138 1490 1291 1529 suam
1322 1486 1512 1532 contra
1546 1483 1805 1552 populum
1833 1499 1998 1554 pecu-

2174 1123 2320 1194 Στίχ.
2353 1125 2482 1191 δ’,ε’.
2517 1157 2589 1168 -—
2617 1127 2773 1182 Οὕτω
2815 1129 2871 1182 δέ
2897 1129 2966 1183 τά
2991 1131 3102 1193 τοῖς
3128 1130 3423 1201 περιοίκοις
3455 1131 3678 1202 συμϐη-

2103 1216 2305 1288 σόμενα
2349 1219 2488 1290 ὑπὲρ
2533 1221 2632 1292 τῆς
2661 1223 2742 1286 εἰς
2785 1223 2911 1285 τοὺς
2950 1222 3284 1294 Ἰσραηλίτας
3328 1224 3679 1294 παρανομίας

2099 1306 2335 1378 εἰρηκὼς
2360 1310 2388 1362 ὀ
2421 1311 2724 1380 προφήτης,
2753 1311 3011 1383 τρέπεται
3042 1313 3224 1367 λοιπὸν
3248 1314 3338 1366 ἐπὶ
3362 1313 3428 1366 τά
3449 1313 3527 1385 τῷ
3555 1313 3678 1384 λαῷ

2100 1399 2516 1470 συμϐησόμενα,
2569 1401 2781 1466 δεικνὺς
2821 1404 2902 1457 ὅτι
2943 1405 3140 1457 ἐκεῖνοί
3183 1421 3243 1457 τε
3275 1404 3413 1476 ὑπὲρ
3443 1405 3548 1474 τῆς
3588 1407 3677 1468 εἰς

2100 1489 2324 1553 τούτους
2347 1491 2559 1556 ἀδικίας
2585 1492 2815 1564 ἤμελλον
2842 1494 3218 1565 τιμωρεῖσθαι,
3245 1496 3321 1559 ὡς
3346 1494 3411 1549 ἂν
3433 1497 3510 1559 εἰς
3533 1495 3676 1548 Θεὸν

430 1555 641 1612 liariter
673 1558 783 1614 Deo
821 1561 1094 1618 addictum
1142 1567 1516 1638 iniquitatem;
1573 1573 1644 1627 ita
1699 1576 1861 1629 etiam
1900 1594 1995 1648 po-

2101 1573 2254 1652 ᾦπερ
2291 1583 2587 1653 προσήκειν
2627 1584 2824 1648 αὐτοὺς
2870 1584 3149 1640 συνέϐαινε
3209 1587 3365 1641 τοῦτο
3411 1587 3678 1658 πλημμε-

431 1648 593 1716 pulus
625 1665 839 1720 poenam
872 1669 979 1708 non
1028 1655 1245 1727 eﬂ‘ugiet
1277 1661 1474 1729 ingrati
1527 1665 1612 1718 sui
1660 1680 1786 1736 erga
1830 1665 1995 1723 Deum

2100 1671 2314 1735 λοῦντες
2341 1672 2418 1743 τῷ
2449 1673 2664 1744 τρόπῳ·
2694 1669 2840 1730 οὗτοί
2870 1693 2928 1729 τε
2961 1677 3019 1730 ού
3056 1677 3427 1747 διαφεύξονται
3457 1681 3558 1752 τὴν
3588 1697 3676 1733 τι-

432 1741 622 1793 animi.
657 1741 902 1796 Meminit
925 1761 1054 1800 vero
1101 1747 1154 1800 in
1184 1750 1376 1818 primis
1409 1753 1586 1810 tribus
1619 1753 1792 1821 ludar,
1837 1775 1997 1828 quam

432 1833 703 1902 praecipue
761 1850 922 1904 pmna
975 1839 1194 1910 dignam
1259 1852 1467 1909 censet,
1519 1858 1806 1918 propterea
1855 1855 1998 1922 quod

433 1926 582 1980 circa
617 1926 706 1980 Dei
762 1931 1018 2000 templum
1065 1933 1345 1999 habitans,
1388 1938 1559 1993 nihilo
1586 1949 1765 1998 tamen
1819 1947 2000 2002 minus

433 2015 736 2086 irreligiosa
766 2029 903 2074 erat.
938 2019 1028 2076 Sic
1056 2031 1235 2078 autem
1280 2026 1428 2081 l‘atur
1461 2047 1475 2082 :
1513 2048 1531 2081 ι
1559 2029 1681 2086 Haec
1728 2035 1860 2090 dicit
1898 2036 2000 2092 Do-

433 2105 618 2160 minus
655 2125 667 2160 :
705 2106 880 2179 Super
932 2113 1110 2168 tribus
1164 2119 1464 2175 sceleribus
1497 2120 1728 2177 ﬁliorum
1766 2125 1917 2182 Judae
1945 2139 1999 2184 et

433 2213 599 2266 super
633 2211 864 2268 quatuor
896 2219 1000 2256 non
1034 2208 1329 2262 aversabor
1355 2225 1473 2266 eos.
1505 2231 1522 2263 ι
1559 2211 1858 2274 Peccantes
1901 2220 1998 2276 hos

431 2304 807 2358 saepenumero
838 2293 1018 2351 odisse
1051 2311 1110 2352 se
1144 2295 1300 2362 dicit,
1327 2302 1456 2370 quia
1489 2303 1543 2356 in
1591 2306 1868 2375 impietate
1900 2326 1997 2365 sua

432 2392 874 2449 perseverarunt.
922 2385 1038 2439 Mox
1099 2388 1259 2441 etiam
1312 2405 1486 2460 paena:
1544 2409 1766 2450 causam
1815 2398 1995 2455 dicit:

437 2492 457 2525 ι
482 2474 774 2545 Pr0pterca
807 2480 951 2548 quod
986 2481 1290 2549 abiecerint
1323 2485 1493 2555 legem
1531 2487 1741 2544 Domini
1770 2503 1822 2546 et
1847 2510 1999 2549 man-

431 2566 557 2620 data
576 2568 696 2638 ejus
719 2585 824 2624 non
853 2572 1271 2628 custodiverint.
1294 2577 1358 2629 Et
1387 2577 1722 2648 deceperuut
1746 2598 1841 2637 eos
1857 2600 1997 2639 vana

435 2658 621 2730 (idola)
653 2678 750 2716 sua
782 2679 902 2733 quae
925 2663 1192 2733 fecerant,
1224 2677 1347 2736 post
1378 2686 1500 2739 quae
1532 2672 1783 2728 abierant
1815 2685 1998 2746 patres

431 2766 645 2808 eorum.
677 2773 694 2804 ι
721 2755 957 2825 Namque
973 2768 1026 2812 et
1048 2758 1100 2811 hi
1120 2760 1321 2814 nullam
1351 2763 1728 2819 mandatorum
1752 2783 1994 2824 meorum

433 2843 697 2896 rationem
745 2844 942 2900 habere
975 2848 1287 2915 voluerunt,
1327 2861 1380 2905 et
1407 2852 1677 2908 idolorum
1727 2857 1899 2912 cultui
1939 2874 1997 2914 se

2102 1765 2310 1837 μωρίαν
2356 1766 2667 1838 ἀγνώμονες
2719 1770 2847 1841 περὶ
2889 1769 3022 1824 Θεὸν
3051 1774 3360 1841 γεγονότες·
3393 1772 3676 1844 μέμνηται

2102 1857 2283 1926 μέντοι
2330 1858 2591 1929 πρότερον
2623 1861 2720 1930 τῆς
2769 1859 2864 1913 τοῦ
2909 1859 3077 1914 Ἰούδα
3108 1861 3281 1932 φυλῆς
3317 1863 3392 1925 ὡς
3444 1862 3512 1915 ἂν
3565 1866 3676 1933 μά-

2098 1947 2256 2001 λιστα
2309 1950 2576 2022 τιμωρίας
2629 1950 2829 2016 ἀξιῶν,
2898 1953 3039 2025 ὑπὲρ
3091 1948 3166 2006 ὧν
3227 1954 3354 2026 περὶ
3398 1953 3490 2007 τὸν
3537 1955 3674 2010 ναὸν

2097 2038 2453 2108 τυγχάνοντες
2485 2039 2575 2093 τὸν
2602 2041 2763 2105 θεῖον,
2802 2041 3016 2107 οὐθενὸς
3046 2039 3207 2116 ἦττον
3234 2043 3481 2114 ἠσέϐουνο
3517 2044 3671 2113 λέγει

2097 2126 2154 2180 δέ
2199 2127 2395 2191 οὕτως·
2439 2149 2456 2180 ‹
2497 2130 2633 2184 Τάδε
2679 2131 2825 2200 λέγει
2875 2131 3096 2204 Κύριος·
3164 2132 3286 2185 Ἐπὶ
3315 2135 3436 2197 ταῖς
3489 2135 3672 2205 τρισὶν

2098 2218 2372 2283 ἀσεϐείαις
2413 2219 2544 2274 υἱῶν
2598 2222 2767 2275 Ἰούδα
2815 2223 2906 2276 καὶ
2949 2223 3041 2276 ἐπὶ
3083 2225 3204 2287 ταῖς
3228 2223 3519 2294 τέσσαρσιν
3567 2226 3671 2279 ούκ

2097 2311 2594 2382 ἀποστραφήσομαι
2624 2313 2839 2376 αὐτούς.
2878 2335 2894 2366 ι
2937 2314 3301 2386 Ἦσεϐηκότας
3332 2319 3425 2370 καὶ
3446 2316 3671 2380 τούτους

2100 2401 2362 2465 πολλάκις
2392 2407 2567 2473 μισεῖν
2592 2403 2784 2472 λέγων,
2813 2406 3104 2479 ἐπειδήπερ
3129 2409 3566 2480 ἐπιμεμενήκασι
3594 2413 3666 2480 τῇ

2098 2490 2306 2545 ἑαυτῶν
2347 2492 2571 2564 ἀσεϐείᾳ
2591 2509 2606 2524 ⁸
2638 2489 2754 2547 εἶτα
2804 2496 2894 2548 καὶ
2919 2496 3016 2567 τὴν
3044 2497 3220 2550 αἰτίαν
3252 2497 3423 2567 λέγων
3457 2499 3556 2568 τῆς
3584 2515 3670 2552 τι·

2102 2582 2308 2653 μωρίας
2329 2624 2344 2645 ,
2384 2602 2403 2634 ι
2441 2585 2664 2638 Ἕνεκεν
2690 2584 2784 2639 τοῦ
2814 2585 3133 2641 ἀπώσασθαι
3163 2588 3356 2653 αὐτοὺς
3384 2589 3474 2642 τὸν
3501 2589 3668 2660 νόμον

2098 2675 2301 2746 Κυρίου
2325 2715 2339 2738 ,
2392 2673 2477 2748 (p.
2512 2677 2653 2748 155)
2684 2679 2777 2732 καὶ
2817 2679 2882 2732 τά
2926 2680 3319 2750 προστάγματα
3356 2681 3520 2734 αὑτοῦ
3563 2682 3670 2736 οὐκ

2097 2765 2462 2831 ἐφυλάξαντοο
2504 2767 2598 2821 καὶ
2635 2768 2934 2839 ἐπλάνησεν
2967 2771 3189 2836 ἑαυτοὺς
3223 2771 3291 2825 τά
3324 2772 3523 2842 μάταια
3565 2773 3666 2826 αὐα-

2095 2853 2202 2906 τῶν
2233 2853 2269 2907 ἃ
2313 2855 2602 2926 ἐποίησαν,
2654 2852 2735 2920 οἷς
2761 2857 3190 2930 ἐξηκολούθησαν
3222 2862 3272 2913 οἰ
3305 2861 3540 2933 πατέρες
3562 2863 3669 2915 αύ-

434 2931 783 2994 addixerunt.
835 2946 1205 2994 consentanea
1253 2942 1502 3011 patribus
1541 2945 1658 2999 suis
1707 2945 1988 3004 facientes.

2100 2945 2203 2998 τῶν
2247 2946 2422 3000 ὀπίσω
2472 2947 2670 3005 αὐτῶν.
2715 2969 2734 3003 ι
2789 2951 2896 3004 Καὶ
2942 2951 3049 3022 γὰρ
3105 2953 3197 3006 καὶ
3226 2944 3371 3007 οὗτοι
3415 2954 3526 3008 τῶν
3564 2956 3666 3026 μὲν

433 3025 571 3089 Quid
601 3027 767 3095 ergo?
791 3046 808 3078 ι
833 3029 1120 3084 lmmittam
1151 3033 1327 3101 ignem
1363 3034 1415 3088 in
1452 3033 1669 3100 Judam,
1699 3048 1752 3092 et
1810 3038 2002 3096 Hieru-

437 3120 603 3171 salem
653 3116 1002 3174 lundamenta
1053 3123 1285 3176 vorabit.
1313 3122 1613 3189 )Perdam,
1659 3128 1852 3199 inquit,
1905 3132 2001 3186 ho-

437 3210 599 3263 stium
635 3223 796 3262 manu
823 3220 1052 3266 cunctos
1073 3213 1223 3282 regni
1249 3214 1394 3270 illius
1411 3217 1641 3282 cives,et
1664 3218 1998 3278 Hierusalem

433 3309 556 3348 cum
643 3296 796 3365 ipsis.
863 3297 1216 3370 Exploratum
1268 3314 1352 3360 est
1405 3309 1726 3377 prOphetam
1775 3313 1888 3366 haec
1932 3312 2000 3367 de

433 3383 748 3455 Babyloniis
788 3388 991 3455 dicere,
1036 3393 1128 3461 qui
1166 3392 1503 3450 Hierusalem
1551 3398 1796 3454 demoliti
1849 3410 1996 3466 sont,

431 3477 660 3532 etJudae
697 3479 896 3534 tribum
941 3486 1209 3552 captivam
1268 3489 1688 3544 transtulerunt.
1726 3490 1997 3547 CEBIBI'UIII

432 3572 485 3624 in
516 3574 890 3641 sequentibus,
929 3576 995 3628 de
1047 3577 1280 3642 lsraelis,
1315 3581 1366 3634 id
1409 3591 1492 3635 est
1523 3583 1708 3637 decem
1757 3586 1997 3640 tribuum

432 3665 590 3720 malis
626 3667 873 3736 loquens,
914 3669 1171 3740 Assyrios
1223 3680 1283 3725 ut
1320 3689 1415 3744 par
1459 3684 1542 3728 est
1601 3677 1864 3743 nominat,
1906 3679 1996 3747 qui

432 3757 612 3813 tribus
645 3760 766 3815 illas
793 3761 1136 3817 abduxerunt
1181 3767 1446 3835 captivas.
1497 3766 1861 3833 Quamobrem
1905 3786 1999 3841 ap-

433 3857 587 3918 paret
617 3866 778 3904 unam
795 3853 958 3906 veluti
981 3854 1287 3911 existimari
1316 3872 1345 3910 a
1376 3859 1637 3928 pr0plieta
1677 3862 1860 3930 populi
1909 3878 2001 3917 ca-

429 3942 729 4011 ptivitatem
782 3945 850 4000 ab
903 3946 1144 4018 Assyriis
1197 3963 1260 4002 ac
1302 3948 1611 4020 Babyloniis
1666 3965 1938 4021 peractam
1982 3975 1996 4009 :

430 4046 742 4101 quanquam
790 4049 981 4104 reapse
1024 4037 1112 4090 alii
1148 4037 1298 4092 fuere
1332 4040 1425 4108 qui
1467 4040 1650 4096 decem
1698 4043 1873 4100 tribus
1912 4061 2001 4100 ce-

430 4137 647 4193 perunt,
711 4127 866 4196 103
914 4129 1125 4200 Assyrii
1172 4131 1424 4189 scilicet:
1458 4132 1734 4204 Babylonii
1790 4145 1995 4203 autem,

431 4212 522 4281 qui
566 4211 719 4268 Iuda:
750 4217 951 4269 tribum
1009 4218 1356 4276 abstulerunt
1383 4240 1396 4276 :
1423 4231 1476 4276 et
1519 4224 1738 4293 quidem
1781 4233 1997 4297 tempus

430 4304 648 4374 aliquod
680 4307 989 4362 intercessit
1016 4330 1029 4361 :
1060 4313 1140 4365 sic
1174 4322 1356 4367 tamen
1385 4315 1627 4369 universi
1660 4319 1994 4387 populicon-

429 4397 551 4466 tigit
592 4399 850 4467 compleri
898 4401 1290 4470 captivitatem,
1331 4415 1568 4476 coeptam
1600 4423 1630 4460 a
1660 4407 1845 4464 decem
1894 4413 1994 4465 tri-

429 4491 630 4554 bubus,
659 4501 711 4544 et
742 4493 794 4544 in
831 4490 984 4547 Iudae
1013 4493 1160 4548 tribu
1196 4495 1523 4551 absolutam.
1566 4499 1750 4563 Quare
1782 4508 1836 4554 et
1867 4517 1994 4571 pro-

429 4584 602 4655 pheta:
630 4596 919 4640 eventuras
976 4587 1174 4657 populo
1235 4602 1322 4663 res
1364 4587 1775 4655 denuntiantes,
1833 4593 1996 4648 modo

428 4675 573 4741 illos,
634 4676 797 4731 modo
833 4677 933 4731 hos
983 4688 1305 4744 memorant,
1361 4680 1488 4750 quia
1541 4683 1699 4735 ambo
1739 4684 1994 4751 populum

428 4781 595 4819 unum
647 4768 1011 4830 constituunt,
1068 4776 1231 4838 atque
1287 4768 1356 4822 ad
1413 4784 1575 4823 unam
1631 4773 1994 4826 communiter

426 4858 795 4925 captivitatem
823 4860 1056 4914 traducti
1093 4859 1347 4928 fuerunt;
1389 4862 1604 4918 etiamsi
1641 4863 1756 4918 haec
1793 4864 1989 4919 distin-

425 4951 529 5004 ctis
560 4949 892 5017 temporibus
925 4953 1172 5022 contigit.

2102 3037 2279 3108 νόμων
2339 3039 2434 3093 καὶ
2470 3041 2577 3094 τῶν
2629 3043 3063 3114 προσταγμάτων
3114 3043 3221 3099 τῶν
3275 3045 3424 3117 ἐμῶν
3469 3046 3667 3101 οὐθένα

2098 3128 2254 3200 λόγον
2293 3132 2560 3186 ποιεῖσθαι
2589 3133 2872 3202 ἠϐούλοντο
2893 3175 2906 3198 ,
2927 3138 2993 3206 τῇ
3019 3135 3074 3189 δέ
3099 3137 3204 3190 τῶν
3232 3137 3464 3192 εἰδώλων
3493 3156 3666 3210 προσο

2099 3221 2308 3288 ανείχον
2329 3219 2608 3292 θεραπείᾳ,
2639 3221 2905 3276 ἀκόλουθα
2933 3225 3043 3287 τοῖς
3079 3223 3286 3279 ἑαυτῶν
3310 3225 3663 3297 ἐργαζόμενοι

2100 3310 2355 3381 πατράσι.
2401 3311 2466 3364 Τί
2504 3308 2627 3377 οὖν;
2676 3331 2694 3364 ι
2741 3313 3110 3381 Ἐξαποστελῶ
3141 3315 3251 3388 πῦρ
3287 3317 3380 3370 ἐπὶ
3422 3316 3659 3384 Ἰούδαν,

2099 3401 2194 3454 καὶ
2235 3403 2607 3470 καταφάγεται
2641 3404 2866 3474 θεμέλια
2907 3405 3273 3479 Ἰερουσαλήμ.
3321 3426 3341 3460 ι
3389 3410 3661 3479 ’Δφανιῶ,

2100 3493 2251 3562 φησι,
2291 3493 2379 3547 διὰ
2396 3495 2504 3547 τῶν
2530 3494 2802 3565 πολεμίων
2822 3495 2946 3560 τούς
2969 3515 3026 3550 τε
3053 3498 3155 3569 τῆς
3185 3499 3457 3570 βασιλείας
3489 3503 3664 3558 ἀπαν-

2099 3599 2198 3646 τας
2230 3584 2478 3654 ἐκείνης,
2525 3586 2620 3639 καὶ
2647 3586 2744 3657 τὴν
2789 3587 3140 3661 Ἰερουσαλὴμ
3185 3593 3280 3645 σὺν
3317 3595 3520 3658 αὐτοῖς.
3558 3596 3664 3649 Εὕ-

2099 3672 2255 3743 δηλον
2295 3675 2353 3726 δὲ
2402 3675 2483 3728 ὅτι
2542 3676 2670 3746 περὶ
2703 3677 2812 3730 τῶν
2852 3677 3207 3733 Βαϐυλωνίων
3249 3681 3419 3735 ταῦτά
3462 3700 3659 3753 φησιν·

2100 3765 2293 3818 ἐκεῖνοι
2321 3765 2429 3837 γὰρ
2453 3767 2553 3837 τήν
2580 3784 2640 3820 τε
2681 3767 3031 3842 Ἰερουσαλὴμ
3059 3774 3386 3845 κατήγαγον,
3415 3774 3509 3828 καὶ
3536 3777 3662 3840 τοὺς

2098 3856 2196 3926 τῆς
2234 3856 2402 3910 Ἰούδα
2430 3858 2602 3930 φυλῆς
2633 3858 2822 3914 ἔλαϐον
2855 3861 3230 3932 αἰχμαλώτους
3249 3881 3262 3894 ·
3299 3863 3473 3918 καίτοι
3510 3883 3572 3934 γε
3601 3867 3659 3920 ἐν

2098 3949 2209 4010 τοῖς
2250 3948 2388 4018 μετά
2436 3948 2610 4002 ταῦτα
2651 3949 2721 4003 τὰ
2764 3954 2844 4016 εἰς
2890 3953 2983 4006 τὸν
3045 3955 3288 4027 Ἰσραὴλ,
3319 3956 3416 4010 εἴτ’
3445 3953 3537 4012 οὖν
3559 3958 3660 4022 τάς

2098 4038 2228 4091 δέκα
2284 4039 2490 4109 φυλὰς,
2557 4041 2773 4112 μηνύων
2825 4043 3008 4112 κακὰ,
3065 4046 3172 4100 τῶν
3231 4048 3526 4119 Ἀσσυρίων
3581 4048 3658 4111 ὡς

2099 4132 2246 4194 εἰκδς
2271 4132 2666 4204 ἐπιμέμνηται,
2693 4135 2852 4208 οἵπερ
2889 4133 2984 4191 οὖν
3020 4139 3214 4203 αὐτοὺς
3257 4141 3351 4194 καὶ
3383 4139 3657 4211 αἰχμαλώ-

2099 4239 2224 4285 τους
2271 4222 2526 4287 λαϐόντες
2573 4224 2813 4296 ἀπῆλθον
2836 4244 2850 4258 ·
2908 4229 2984 4292 ὡς
3031 4229 3186 4301 δῆλον
3238 4227 3377 4284 εἶναι
3419 4234 3497 4286 ὃτι
3529 4233 3656 4303 μίαν

2031 4283 2071 4336 D
2098 4283 2218 4368 τινά
2259 4283 2632 4386 αἰχμαλωσίαν
2669 4283 2882 4389 ῆγεϊται
2917 4283 3017 4392 τῆν
3046 4283 3173 4393 περὶ
3595 4342 3654 4378 τε

2106 4403 2398 4476 Ἀσσυρίων
2439 4410 2806 4480 γεγενημένην
2857 4412 2952 4464 καὶ
2997 4412 3107 4465 τῶν
3155 4412 3504 4470 Βαϐυλωνίων
3530 4431 3543 4445 ·
3605 4418 3653 4468 εἰ

2093 4496 2186 4548 καὶ
2208 4496 2382 4567 ἕτεροι
2417 4500 2514 4569 μὲν
2546 4495 2683 4571 ἦσαν
2715 4504 2762 4553 οἱ
2791 4501 2890 4566 τὰς
2917 4503 3046 4556 δέκα
3085 4503 3338 4570 λαϐόντες
3369 4507 3566 4575 φυλὰς,
3605 4508 3653 4559 οἱ

2107 4587 2414 4659 Ἀσσύριοι,
2463 4590 2634 4660 λέγω·
2675 4592 3004 4648 Βαϐυλώνιοι
3032 4596 3088 4650 δὲ
3115 4599 3163 4650 οἰ
3191 4599 3313 4661 τοὺς
3349 4597 3446 4668 τῆς
3489 4596 3655 4651 Ἰούδα

2093 4679 2347 4743 λαϐόντες
2371 4680 2541 4752 φυλῆς
2560 4698 2574 4712 ο
2606 4683 2698 4736 καί
2723 4701 2806 4747 τις
2827 4686 2921 4738 καὶ
2948 4685 3136 4757 χρόνος
3161 4689 3218 4740 ἐν
3241 4688 3390 4759 μέσῳ
3414 4689 3650 4756 γεγόνει·

2091 4770 2275 4842 ἐπειδὴ
2300 4771 2393 4824 τοῦ
2416 4773 2615 4838 παντὸς
2643 4775 2772 4828 λαοῦ
2797 4776 2896 4847 τὴν
2923 4778 3290 4848 αἰχμαλωσίαν
3311 4779 3499 4833 τοῦτον
3530 4797 3650 4832 συν-

2090 4861 2188 4933 έϐη
2226 4863 2574 4935 πληρωθῆναι
2637 4867 2728 4919 τὸν
2775 4868 3000 4939 τρόπον’
3048 4868 3358 4941 ἀρξαμένην
3389 4871 3488 4942 μέν
3548 4875 3652 4928 ἀπὸ

2093 4955 2202 5008 τῶν
2243 4955 2400 5020 δέκα,
2445 4959 2841 5028 περαιωθεῖσαν
2870 4960 2927 5012 δὲ
2955 4963 3034 5026 εἰς
3061 4963 3186 5024 τοὺς
3216 4961 3316 5032 τῆς
3356 4963 3524 5017 Ἰούδα
3554 4984 3650 5034 φυ-

426 5041 524 5113 λῆς
544 5061 556 5072 ·
586 5043 771 5114 διόπερ
797 5045 888 5098 καὶ
913 5047 960 5098 οἱ
989 5046 1259 5116 προφῆται
1299 5046 1366 5100 τά
1398 5047 1522 5118 περὶ
1561 5048 1649 5100 τὸν
1681 5047 1807 5101 λαὸν
1839 5048 2068 5120 ἐσόμενα
2109 5047 2541 5117 ἐξαγγέλλοντες,
2579 5051 2708 5104 ποτέ
2745 5052 2841 5122 μὲν
2881 5053 3130 5119 ἐκείνων,
3164 5055 3292 5107 ποτὲ
3324 5055 3381 5109 δὲ
3419 5057 3650 5127 μέμνην-

425 5152 513 5190 ται
543 5133 766 5194 τούτων,
809 5140 882 5203 (p.
926 5135 1071 5205 156.)
1097 5136 1170 5198 ὡς
1198 5137 1521 5209 ἀμφοτέρων
1553 5141 1632 5203 εἰς
1657 5139 1746 5192 τὸν
1778 5139 1904 5194 λαὸν
1931 5139 2342 5205 συντελούντων,
2373 5141 2510 5212 πρὸς
2547 5143 2678 5214 μίαν
2701 5145 2760 5198 τέ
2784 5163 2904 5199 τινα
2924 5147 3016 5200 τοῦ
3043 5147 3218 5200 κοινοῦ
3251 5147 3348 5218 τὴν
3381 5149 3650 5220 αἰχμαλω-

427 5243 547 5285 σίαν
569 5227 1006 5296 ἀναφερομένων,
1037 5227 1138 5280 κᾶν
1165 5230 1213 5281 εἰ
1236 5228 1576 5300 διῃρημένοις
1603 5248 1716 5293 πως
1739 5231 1949 5299 γεγόνει
1979 5235 2089 5295 τοῖς
2113 5235 2344 5303 καιροῖς.

500 5317 661 5377 Vens.
687 5319 804 5374 6-8.
831 5351 892 5362 --
913 5339 931 5370 ι
957 5317 1080 5374 Haec
1098 5321 1229 5374 dicit
1252 5319 1513 5376 Dominus
1551 5341 1564 5377 :
1599 5321 1775 5393 Super
1814 5325 1988 5380 tribus

427 5407 971 5468 Scelerihuslsraelis.
1015 5419 1246 5481 etsuper
1275 5422 1510 5479 quatuor
1542 5427 1651 5466 non
1693 5413 1986 5469 aversabor

424 5518 571 5560 eum.
597 5521 613 5552 ι
641 5500 934 5573 Postquam
964 5501 1120 5569 dixit,
1159 5518 1218 5558 se
1248 5503 1370 5558 illos
1409 5513 1630 5575 propter
1671 5505 1988 5559 continuata

426 5596 1078 5673 peccatajusteaversari.
1101 5603 1289 5652 narrat
1315 5597 1367 5650 in
1393 5596 1744 5666 sequentibus
1767 5598 1984 5652 illorum

429 5687 742 5759 iniquitates
777 5689 1038 5761 plurimas
1073 5709 1084 5745 :
1121 5711 1140 5744 ι
1164 5689 1455 5762 Propterea
1484 5689 1627 5760 quod
1651 5689 1989 5747 vendiderint

2158 5325 2306 5395 Στίχ.
2353 5330 2498 5396 ς’-η’.
2537 5355 2609 5366 -
2649 5343 2669 5375 ς
2710 5325 2845 5378 Τάδε
2890 5327 3035 5395 λέγει
3090 5327 3309 5399 Κύριος·
3375 5329 3496 5383 Ἐπὶ
3533 5333 3645 5394 ταῖς

2088 5417 2265 5488 τρισὶν
2289 5415 2564 5480 ἀσεϐείαις
2605 5417 2819 5488 Ἰσραὴλ
2846 5419 2941 5471 καὶ
2970 5419 3061 5472 ἐπὶ
3087 5422 3207 5483 ταῖς
3235 5420 3524 5492 τέσσαρσιν
3551 5424 3644 5476 οὐκ

2089 5508 2583 5579 ἀποστραφήσομαι
2628 5509 2809 5564 αὐτόν.
2852 5529 2871 5562 ι
2921 5506 3051 5563 Εἶτα
3086 5510 3322 5582 εἰρηκὼς
3378 5513 3458 5566 ὅτι
3511 5513 3641 5584 ὑπὲρ

2089 5593 2164 5653 ὧν
2209 5601 2610 5670 ἐπιτεταμένως
2667 5601 2894 5671 ἠσέϐουν
2954 5602 3354 5672 ἀποστρέφεται
3406 5603 3639 5671 δικαίως,

2091 5691 2240 5760 λέγει
2285 5691 2520 5762 καθεξῆς
2543 5693 2634 5746 καὶ
2649 5691 2716 5745 τά
2736 5693 2937 5747 τούτων
2963 5692 3402 5766 πλημμελήματα
3425 5694 3641 5751 πλεῖστά
