3828 6216
176 275 289 330 257

1230 276 1778 334 COMMENTARIUS
1802 276 1868 334 IN
1905 277 2115 335 AMOSI
2150 277 2301 335 CAP.
2335 279 2401 333 ll.

3309 280 3413 337 258

178 406 245 457 γε
289 391 441 446 ὄντα.
480 411 502 445 ς
564 392 705 447 ’Δνθ’
736 386 813 448 ῶν
849 393 1103 448 ἀπέδοντο
1148 394 1356 448 δίκαιον
1405 394 1691 466 ἀργυρίου.
1731 413 1740 446 ι

1855 404 2079 466 argento
2108 395 2338 465 justum.
2363 417 2380 448 ι
2413 394 2627 451 Iustum
2660 410 2806 450 nunc
2837 410 2946 450 non
2973 393 3105 449 dicit
3139 395 3412 450 hominem

179 482 405 534 Δίκαιον
433 484 497 536 οὐ
526 483 615 536 τὸν
644 485 761 537 κατ’
790 486 989 558 ἀρετὴν
1014 485 1160 554 λέγει
1183 485 1298 552 νῦν,
1338 486 1473 539 ἀλλά
1494 486 1583 539 τὸν
1604 480 1755 558 ᾧπερ

181 572 280 623 ἐπὶ
318 573 420 642 τῆς
452 576 776 645 κινουμένης
806 576 1264 649 ἀμφισϐητήσεως
1300 578 1479 632 δίκαια
1508 580 1715 650 προσῆν
1737 597 1751 611 ·

181 662 276 713 ἵνα
294 664 423 736 εἴπῃ
451 665 536 717 ὅτι
559 667 855 735 χρημάτων
883 668 1223 738 προεδίδοσαν
1249 670 1374 733 τοὺς
1396 673 1509 734 τοῖς
1529 671 1753 736 δικαίοις

181 752 618 823 ὠχυρωμένους’
657 757 750 811 καὶ
797 758 1076 813 ἐπιτείνων
1120 760 1181 812 τὸ
1226 760 1543 831 λεγόμενον,
1591 781 1609 813 ι
1645 763 1753 816 Καὶ

181 844 397 914 πένητα
430 846 617 899 ἕνεκεν
647 849 1006 920 ὑποδημάτων
1047 851 1155 905 τῶν
1188 852 1496 906 πατούντων
1526 853 1619 907 ἐπὶ
1660 854 1753 907 τὸν

178 936 316 1005 χοῦν
362 938 463 1008 τῆς
496 939 617 1010 γῆς.
662 959 681 991 ι
718 943 878 1011 ’Δχρι
934 942 1040 1012 γὰρ
1099 944 1385 1009 τοσούτου,
1442 946 1607 1015 φησὶ,
1654 945 1752 1017 τὴν

176 1028 602 1101 αἰσχροκερδίαν
630 1031 897 1097 ἐξέτειναν
922 1033 1021 1104 τὴν
1059 1034 1284 1098 ἑαυτῶν,
1320 1034 1458 1087 ῶστε
1504 1035 1612 1087 τῶν
1656 1053 1751 1088 πε-

178 1119 363 1187 νήτων
389 1121 693 1190 προδιδόναι
713 1123 775 1174 τὸ
800 1123 1007 1177 δίκαιον
1033 1123 1173 1196 ὑπὲρ
1195 1125 1588 1177 εὐτελεστάτων
1614 1124 1752 1196 λημ-

180 1210 375 1279 μάτων
398 1228 411 1239 ·
455 1212 611 1264 τοῦτο
646 1214 753 1284 γὰρ
779 1214 928 1283 δηλοῖ
956 1214 1033 1281 τὸ,
1062 1234 1080 1266 ι
1118 1215 1475 1286 ὑποδημάτων
1514 1216 1621 1269 τῶν
1650 1235 1750 1269 πα-

174 1304 421 1358 τούντων
458 1308 551 1359 ἐπὶ
581 1307 671 1360 τὸν
706 1307 835 1378 χοῦν
885 1310 982 1379 τῆς
1019 1310 1154 1379 γῆς,
1196 1328 1215 1362 ι
1258 1311 1392 1382 ὅπερ
1432 1306 1499 1382 ἦν
1532 1310 1748 1383 ἔλεγχος

176 1399 364 1469 σαφὴς
399 1399 496 1451 τοῦ
549 1400 752 1471 μηδένα
802 1401 957 1469 λόγον
998 1402 1265 1456 ποιεῖσθαι
1299 1403 1391 1456 τοῦ
1433 1403 1662 1467 δικαίου,
1697 1403 1752 1455 εί

174 1505 243 1555 γε
298 1490 393 1542 καὶ
439 1490 528 1541 ἐπ’
578 1490 815 1544 εὐτελέσι
868 1493 1009 1545 αὐτά
1058 1492 1305 1565 λήμμασι
1369 1494 1747 1566 διεπράττοντο

173 1580 440 1643 εὐκόλως.
475 1599 494 1630 ι
538 1583 647 1634 Καὶ
674 1582 1006 1647 ἐκονδύλιξον
1052 1585 1131 1649 είς
1160 1585 1397 1654 κεφαλὰς
1429 1585 1676 1656 πτωχῶν.
1720 1602 1739 1636 ι

174 1671 303 1723 Τῶν
331 1672 512 1726 αὐτῶν
538 1672 705 1742 λέγει,
740 1675 819 1727 ὅτι
851 1676 911 1728 οὐ
939 1676 1094 1746 μόνον
1120 1677 1217 1729 οὑκ
1249 1678 1526 1747 ἐπήμυναν
1563 1678 1745 1739 αὐτοῖς

1860 489 2057 543 virtute
2105 498 2377 551 ornatum,
2429 487 2523 543 sed
2573 487 2724 541 illum
2768 488 2857 542 cui
2891 488 2946 542 in
2978 487 3151 540 litium
3191 498 3413 541 contro-

1856 578 2031 632 versia
2082 578 2173 647 jus
2241 593 2451 646 aequum
2508 576 2845 633 reddendum
2909 584 3045 632 erat.
3098 576 3190 631 Ait
3251 577 3413 646 igitur

1855 675 2076 738 propter
2114 670 2393 738 pecuniam
2429 669 2671 738 proditos
2709 667 2878 724 fuisse
2903 669 3173 731 homines.
3212 669 3413 738 quibus

1853 762 2080 830 aequitas
2132 760 2271 829 juris
2321 760 2551 814 favebat.
2587 759 2983 830 lntendensque
3030 761 3208 814 adhuc
3252 760 3411 815 verba

1854 852 1929 905 ait
1962 872 1975 906 :
2020 872 2038 904 ι
2064 852 2126 906 Et
2156 868 2445 923 pauperem
2479 860 2698 921 propter
2718 854 3083 907 calceamenta
3107 868 3228 922 quae
3254 862 3412 906 terrae

1852 940 2125 1012 pulverem
2152 944 2385 997 calcant.
2416 964 2433 994 ι
2466 941 2649 1012 Usque
2694 943 2849 1006 adeo,
2885 944 3081 1013 inquit,
3136 954 3291 1012 turpe
3331 944 3408 996 lu-

1851 1051 2003 1090 crum
2040 1052 2197 1090 suum
2230 1035 2645 1105 ampliaverunt,
2678 1044 2736 1088 ut
2767 1050 3068 1104 pauperum
3083 1036 3174 1105 jus
3192 1046 3409 1106 propter

1851 1128 2112 1183 vilissima
2138 1142 2364 1182 munera
2400 1127 2712 1181 venderent.
2736 1126 2789 1180 ld
2813 1130 2957 1182 enim
2984 1129 3196 1183 valeant
3225 1130 3409 1195 verba,

1855 1219 2126 1289 «Propter
2178 1220 2565 1284 calceamenta,
2620 1235 2741 1288 quae
2779 1227 2935 1273 terrae
2985 1221 3257 1289 pulverem
3295 1222 3408 1275 cal-

1848 1320 1996 1377 cant,
2029 1330 2048 1363 ι
2085 1312 2229 1380 quod
2266 1326 2396 1366 sane
2422 1311 2679 1365 indicium
2728 1310 3071 1365 manifestum
3119 1322 3255 1376 erat,
3285 1315 3408 1367 nul-

1848 1406 1953 1459 lam
1977 1407 2114 1474 aequi
2156 1404 2342 1458 haberi
2388 1403 2677 1466 rationem,
2723 1403 2766 1457 si
2818 1411 2927 1455 tam
2978 1402 3136 1457 facile
3167 1404 3237 1458 ob
3281 1407 3407 1461 vilia

1846 1496 2170 1551 munuscula
2201 1495 2273 1548 ita
2298 1509 2355 1549 se
2384 1494 2661 1564 gerebant.
2699 1513 2717 1545 ι
2746 1494 2806 1546 Et
2827 1509 3005 1563 pugno
3039 1495 3406 1550 verberabant

1845 1591 2019 1660 capita
2048 1604 2365 1660 pauperum.
2393 1608 2411 1639 ι
2449 1588 2713 1658 Loquitur
2745 1587 2811 1641 de
2836 1587 3049 1649 iisdem,
3094 1590 3275 1656 aitque
3295 1605 3403 1643 non

1845 1680 2021 1736 solum
2054 1678 2311 1733 defensos
2350 1692 2459 1731 non
2505 1676 2675 1732 fuisse
2714 1677 2807 1745 jus
2840 1685 3079 1745 petentes
3117 1691 3402 1746 pauperes,

172 1762 366 1817 δίκαια
388 1762 647 1831 αἰτοῦσιν,
672 1766 806 1820 ἀλλά
832 1768 925 1820 καὶ
950 1768 1350 1839 πῳσέπληττον
1368 1769 1555 1833 ἀδεῶς.
1583 1768 1740 1823 Ὅθεν

1848 1772 1941 1828 sed
1992 1772 2217 1827 licenter
2270 1771 2431 1825 etiam
2482 1770 2821 1823 verberatos.
2868 1766 3020 1822 Unde
3062 1767 3257 1822 addit:
3296 1788 3313 1818 ‹
3342 1770 3407 1822 Et

172 1854 403 1921 ἐπάγει·
426 1874 447 1908 ι
477 1856 585 1909 Καὶ
599 1857 716 1910 ὁδὸν
738 1858 1007 1912 ταπεινῶν
1027 1859 1320 1925 ἐξέκλιναν.
1352 1879 1369 1911 ι
1393 1861 1500 1914 Καὶ
1522 1860 1630 1915 τῶν
1653 1878 1749 1914 πε-

173 1947 516 2017 πραγμένων
534 1948 718 2011 αὐτοῖς
739 1991 753 2010 .
772 1948 966 2019 φησὶν,
1000 1950 1174 2021 ὀρθῶς
1206 1951 1436 2021 ἐχόντων
1453 1992 1466 2013 ,
1498 1952 1517 2019 (
1536 1967 1585 2021 p.
1608 1950 1745 2021 157)

177 2036 520 2107 μετέτρεπον
561 2041 643 2103 είς
680 2042 987 2096 τούναντίον
1033 2041 1129 2113 τὴν
1171 2043 1383 2113 κρίσιν,
1423 2042 1747 2114 ἀμελοῦντες

170 2128 362 2181 αὐτῶν
394 2128 483 2181 διὰ
514 2130 610 2201 τὴν
651 2132 1030 2204 ταπεινότητα.
1088 2152 1106 2185 ι
1143 2134 1256 2187 Καὶ·
1284 2134 1397 2197 υίὸς
1440 2136 1533 2188 καὶ
1566 2134 1746 2205 πατὴρ

168 2220 348 2273 αὑτοῦ
406 2223 812 2293 εἰσεπορεύοντο
864 2226 998 2297 πρὸς
1048 2226 1149 2297 τὴν
1198 2226 1365 2295 αὐτὴν
1418 2226 1744 2297 παιδίσκην,

170 2311 327 2375 ὅπως
355 2310 703 2383 βεδηλὼσωσι
743 2314 804 2366 τὸ
828 2314 998 2385 ὄνομα
1025 2314 1118 2367 τοῦ
1151 2314 1285 2367 Θεοῦ
1311 2314 1516 2368 αὐτῶν·
1544 2316 1638 2369 καὶ
1676 2315 1747 2369 τὰ

172 2401 377 2472 ίμάτια
405 2405 584 2458 αὐτῶν
610 2405 963 2477 δεσμεύοντες
993 2408 1243 2477 σχοινίοις
1272 2408 1745 2479 παραπετάσματα

168 2493 403 2549 ἐποίουν
453 2497 688 2566 ἐχόμενα
743 2495 839 2550 τοῦ
887 2496 1301 2568 θυσιαστηρίου·
1356 2498 1449 2552 καὶ
1494 2493 1634 2551 οἶνον
1681 2499 1745 2551 ἐκ

171 2588 553 2654 συκοφαντιῶν
593 2586 773 2641 ἔπινον
818 2589 876 2641 ἐν
911 2589 991 2659 τῷ
1032 2588 1165 2659 οἴκῳ
1195 2587 1289 2642 τοῦ
1316 2588 1447 2641 Θεοῦ
1475 2589 1675 2642 αὐτῶν.
1718 2608 1736 2639 ι

167 2677 251 2729 Δι’
289 2677 597 2749 ὑπερϐολὴν
641 2679 929 2748 ἀσελγείας
956 2680 1143 2734 οὐδένα
1178 2680 1334 2749 λόγον
1364 2681 1482 2733 οὐδέ
1510 2680 1615 2733 τῶν
1643 2679 1744 2750 τῆς

167 2767 397 2835 φύσεως
446 2769 753 2839 ποιούμενοι
791 2771 988 2840 νόμων,
1020 2773 1199 2843 πατήρ
1224 2789 1282 2823 τε
1312 2772 1405 2824 καὶ
1437 2772 1548 2834 υίὸς
1575 2771 1744 2835 ἀδεῶς

167 2859 569 2929 συνεμίγνυντο
621 2864 743 2925 ταῖς
800 2862 1015 2925 αὐταῖςο
1071 2864 1335 2932 τοσαύτης
1399 2861 1743 2933 βλασφημίας

165 2953 458 3022 παραίτιοι
495 2954 765 3023 γινόμενοι
804 2954 882 3024 τῷ
925 2954 1076 3025 Θεῷ,
1118 2956 1176 3008 ὃν
1209 2955 1580 3009 ἐπικαλεῖσθαι
1630 2956 1744 3008 ἐδό-

160 3061 303 3097 κουν
326 3060 342 3074 ⁸
391 3044 487 3098 καὶ
544 3045 606 3114 δὴ
641 3045 845 3116 σκηνὰς
876 3045 933 3111 ἐξ
972 3047 1198 3116 ἱματίων
1246 3046 1742 3108 κατασκευάζοντες

161 3133 405 3207 πλησίον
449 3134 543 3188 τοῦ
573 3135 981 3208 θυσιαστηρίου,
1026 3137 1118 3191 καὶ
1166 3137 1286 3190 οὐδὲ
1331 3136 1428 3207 τὴν
1470 3135 1742 3207 ἐγγύτητα

160 3226 561 3298 ἐντρεπόμενοι
587 3226 694 3281 τῶν
721 3228 893 3296 ἁγίων
910 3269 926 3292 ,
952 3229 1050 3298 τήν
1090 3246 1150 3281 τε
1180 3229 1473 3283 ἀκολασίαν
1514 3228 1741 3299 ἐξεπλή-

162 3335 299 3388 ρουν
332 3318 567 3389 ταύτην·
600 3322 694 3373 καὶ
721 3321 784 3373 ἐκ
818 3320 916 3391 τῆς
942 3320 1050 3374 τῶν
1084 3324 1326 3393 πενήτων
1362 3321 1620 3391 ἐπηρείας
1646 3319 1741 3383 οὒς

163 3408 533 3478 πολυτρόπως
563 3409 801 3479 ἠδίκουν,
835 3412 1022 3483 ἑορτήν
1052 3429 1172 3466 τινα
1212 3412 1347 3482 μετά
1379 3411 1547 3482 μέθης
1579 3412 1637 3464 ἐν
1663 3410 1741 3481 τῷ

163 3499 263 3551 τοῦ
300 3498 441 3551 Θεοῦ
463 3499 725 3553 συνίστων
747 3500 899 3570 οίκῳ.

241 3588 399 3658 Στίχ.
441 3588 605 3659 θ’-ιβ’.
635 3620 704 3629 -
740 3609 759 3642 ι
806 3588 946 3658 Ἐγὼ
975 3590 1032 3644 δὲ
1068 3590 1237 3662 ἐξῆρα
1278 3590 1372 3644 τὸν
1420 3592 1741 3664 Ἀμοῤῥαίον

165 3681 233 3734 ἐκ
281 3680 579 3751 προσώπου
614 3680 825 3734 αὐτῶνθ
866 3676 925 3735 οὑ
951 3677 1019 3752 ἦν
1064 3681 1241 3746 καθὼς
1281 3680 1415 3752 ὕψος
1448 3682 1641 3753 κέδρου
1678 3683 1740 3736 τὸ

167 3770 310 3841 ὓψος
332 3770 519 3835 αὑτοῦ,
552 3773 647 3825 καὶ
675 3771 892 3843 ἰσχυρὸς
924 3768 991 3844 ἦν
1018 3772 1093 3836 ὡς
1120 3772 1249 3842 δρύς
1269 3790 1284 3806 ο
1327 3773 1422 3826 καὶ
1452 3772 1621 3844 ἐξῆρα
1648 3774 1739 3827 τὸν

169 3862 389 3933 καρπὸν
420 3862 581 3915 αὐτοῦ
626 3862 918 3929 ἐπάνωθεν,
956 3862 1051 3917 καὶ
1089 3863 1188 3927 τὰς
1232 3862 1386 3935 ῥίζας
1415 3864 1578 3918 αὐτοῦ
1609 3866 1740 3919 ὑπο-

170 3954 423 4008 κάτωθεν
442 3970 456 3984 ·
483 3956 575 4008 καὶ
598 3954 708 4024 ἐγὼ
728 3955 999 4025 ἀνήγαγον
1027 3956 1169 4027 ὑμᾶς
1201 3958 1264 4010 ἐκ
1300 3958 1401 4027 γῆς
1423 3957 1697 4027 Αἰγύπτου
1724 3974 1736 3986 ·

171 4047 266 4099 καὶ
318 4046 655 4117 περιήγαγον
698 4046 843 4117 ὑμᾶς
887 4047 943 4099 ἐν
1003 4051 1069 4119 τῇ
1098 4048 1291 4118 ἐρήμῳ
1334 4049 1739 4119 τεσσαράκοντα

170 4136 292 4205 ἐτη,
345 4136 441 4191 τοῦ
485 4136 1027 4210 κατακληρονομῆσαι
1072 4139 1172 4210 τὴν
1223 4141 1325 4210 γῆν
1363 4140 1734 4211 Ἀμορραίων

170 4230 264 4283 καὶ
288 4228 479 4282 ἔλαϐον
496 4230 561 4283 ἐκ
582 4229 689 4283 τῶν
708 4230 839 4285 υἱῶν
864 4232 893 4283 ὑ
902 4231 1016 4301 μῶν
1038 4232 1118 4296 είς
1138 4232 1439 4305 προφήτας,
1486 4235 1502 4301 (
1523 4248 1579 4303 p.
1602 4231 1736 4301 158)

171 4320 269 4373 καὶ
310 4322 375 4374 ἐκ
407 4320 515 4373 τῶν
566 4322 858 4375 νεανίσκων
911 4307 1063 4393 ὑμῶν
1112 4324 1191 4386 είς
1234 4324 1519 4395 ἁγιασμόν.
1560 4341 1579 4374 ι
1627 4323 1737 4376 Καὶ

1847 1865 1989 1919 viam
2022 1863 2302 1917 humilium
2333 1861 2702 1915 declinabant.
2730 1879 2749 1911 ι
2781 1858 3254 1929 Cumqueillorum
3285 1870 3405 1913 acta

1845 1961 1991 2009 recte
2013 1969 2072 2008 se
2104 1953 2385 2017 haberent,
2415 1950 2746 2006 contrariam
2782 1952 3107 2006 sententiam
3138 1953 3402 2017 tulerunt,

1856 2045 2161 2115 despicatui
2216 2044 2476 2097 habentes
2545 2042 2789 2110 ipsorum
2848 2041 3225 2098 hiunilitatem.
3296 2041 3405 2096 «Et

1846 2138 1990 2192 filius
2047 2151 2109 2192 ac
2161 2144 2313 2206 pater
2364 2134 2485 2203 ejus
2534 2134 2977 2204 ingrediebantur
3029 2134 3094 2188 ad
3154 2136 3399 2189 eamdem

1844 2228 2099 2298 puellam,
2124 2234 2182 2280 ut
2203 2227 2635 2280 contaminarent
2654 2241 2852 2280 nomen
2883 2223 2977 2278 Dei
3017 2227 3123 2280 sui.
3144 2224 3209 2278 Et
3233 2226 3404 2281 vesti-

1844 2325 2025 2372 menta
2050 2332 2145 2372 sua
2183 2316 2442 2372 funiculis
2470 2318 2776 2386 alligantes,
2814 2315 2971 2387 104
3004 2315 3279 2370 faciebant
3309 2333 3404 2371 ve-

1842 2408 2044 2461 lamina
2077 2407 2231 2476 juxta
2258 2408 2429 2460 altare
2466 2424 2480 2460 :
2515 2415 2569 2460 et
2606 2409 2793 2460 vinum
2828 2406 2895 2463 de
2924 2408 3212 2463 calumniis
3260 2408 3405 2463 bibe-

1844 2498 1974 2553 bant
2013 2499 2066 2551 iu
2097 2497 2258 2551 domo
2301 2496 2394 2552 Dei
2427 2498 2532 2552 sui.
2572 2516 2590 2549 ι
2625 2495 2853 2567 Propter
2892 2498 3180 2552 immanem
3222 2498 3404 2553 libidi-

1840 2606 1986 2654 nem,
2020 2600 2228 2645 naturze
2262 2591 2408 2660 leges
2451 2590 2601 2660 pensi
2659 2605 2768 2644 non
2829 2589 3120 2651 habebant,
3146 2599 3404 2661 paterque

1843 2695 1907 2735 ac
1956 2680 2099 2735 filius
2157 2688 2407 2751 proterve
2454 2680 2652 2736 iisdem
2709 2679 2927 2735 feminis
2991 2681 3401 2736 miscebantur;

1843 2779 2009 2825 tantae
2064 2786 2123 2826 se
2159 2772 2504 2842 blasphemiae
2558 2769 2700 2841 apud
2745 2769 2914 2825 Deum
2946 2787 3070 2828 reos
3118 2766 3401 2836 facientes,

1842 2877 2002 2930 quem
2034 2862 2290 2917 invocare
2325 2862 2672 2917 videbantur.
2708 2860 2852 2925 Quin
2896 2862 3058 2917 etiam
3094 2864 3398 2933 papiliones

1842 2962 1907 3005 ex
1938 2951 2051 3006 suis
2077 2952 2319 3006 vestibus
2347 2952 2451 3005 sibi
2495 2952 2635 3020 apud
2667 2952 2837 3007 altare
2854 2953 3170 3020 tendebant,
3206 2970 3274 3011 ne
3296 2956 3399 3010 loci

1844 3042 2019 3096 sancti
2065 3042 2280 3110 quidem
2326 3041 2784 3111 propinquitatem
2848 3052 3180 3107 reverentes,
3216 3044 3402 3113 ibique

1843 3133 1983 3186 hanc
2048 3131 2324 3186 libidinem
2394 3133 2707 3201 explebant.
2780 3131 2918 3186 Tum
2983 3134 3050 3189 de
3101 3150 3398 3207 pauperum

1840 3225 2061 3288 damno,
2085 3239 2220 3294 quos
2250 3224 2534 3293 multiplici
2565 3225 2828 3293 iniustitia
2869 3229 3155 3287 vexabant,
3201 3228 3401 3282 solea“.-

1840 3316 2062 3370 nitatem
2097 3314 2201 3369 sibi
2233 3314 2635 3381 quodammodo
2679 3328 2784 3369 non
2845 3316 2963 3370 sine
2995 3318 3217 3386 crapula
3253 3319 3395 3372 intra

1839 3405 1934 3461 Dei
1979 3404 2198 3459 domum
2224 3406 2647 3459 constituebant.

1906 3586 2235 3643 “135.942.
2253 3617 2324 3628 —
2340 3606 2357 3637 ι
2382 3587 2446 3640 Ει
2473 3596 2654 3642 tamen
2671 3602 2769 3659 ego
2785 3604 2904 3643 sum
2923 3589 3013 3658 qui
3039 3591 3396 3645 exterminari

1837 3679 2209 3733 Amorrhaeum
2266 3693 2296 3732 a
2352 3678 2492 3733 facie
2529 3694 2743 3743 eorum,
2794 3680 2950 3748 cujus
2980 3680 3209 3734 altitudo
3255 3683 3397 3737 sicut

1838 3771 1986 3825 cedri
2020 3771 2323 3839 proceritas
2361 3780 2499 3835 erat,
2547 3778 2602 3824 et
2631 3770 2796 3824 robur
2824 3780 2883 3824 ut
2930 3786 3170 3841 quercus
3205 3791 3218 3827 :
3262 3775 3393 3829 abs-

1838 3863 2047 3931 tulique
2114 3860 2349 3915 fructum
2405 3861 2524 3930 ejus
2589 3862 2841 3932 desuper,
2899 3874 2952 3917 et
3007 3863 3221 3920 radices
3273 3866 3393 3935 ejus

1838 3954 2045 4009 subter.
2083 3953 2193 4024 Ego
2223 3970 2342 4009 sum
2372 3955 2466 4024 qui
2498 3970 2593 4009 vos
2611 3955 2678 4009 de
2703 3956 2922 4024 regione
2952 3954 3171 4025 Egypti
3201 3958 3390 4021 eduxi,

1837 4054 1892 4101 et
1914 4046 2275 4117 quadraginta
2330 4048 2489 4102 annis
2545 4048 2602 4101 in
2654 4046 2870 4101 deserto
2912 4048 3277 4115 circumduxi,
3335 4057 3395 4105 ut

1837 4138 2274 4191 Amorrbteorum
2329 4138 2604 4206 regionem
2650 4138 3023 4208 possideretis.
3074 4139 3396 4211 Assumpsi-

1837 4228 2035 4299 quede
2056 4228 2183 4285 filiis
2218 4229 2420 4285 vestris
2453 4229 2506 4283 in
2538 4229 2851 4299 prophetas,
2904 4238 2958 4284 et
2989 4231 3060 4286 de
3098 4232 3393 4300 juvenibus

1838 4319 2037 4375 vestris
2093 4319 2150 4372 in
2219 4317 2927 4383 sanctificationem.iVos,
2978 4320 3218 4390 inquam,
3265 4324 3392 4377 talia

168 4410 347 4465 ταῦτα
377 4411 793 4483 διεπράττεσθε,
827 4412 937 4467 τῶν
966 4414 1289 4485 εὐεργεσιῶν
1311 4416 1372 4469 οὐ
1406 4415 1737 4492 μεμνημένοι

1844 4410 2099 4479 patrastis
2151 4408 2538 4465 beneficiorum
2570 4424 2814 4464 meorum
2857 4410 3203 4466 immemores
3246 4428 3393 4467 :nec

168 4506 280 4556 τῶν
315 4503 486 4574 ἐμῶν,
517 4503 630 4558 οὔθ’
676 4506 759 4559 ὅτι
789 4504 879 4559 τὸν
916 4506 1237 4577 Ἀμορῤαῖον
1273 4506 1443 4569 οὑτως
1474 4506 1645 4577 μέγαν
1672 4523 1731 4558 τε

168 4593 304 4647 ὄντα
332 4595 429 4648 καὶ
453 4594 676 4648 δυνατὸν
722 4594 999 4656 παντελῶς
1036 4596 1301 4664 ἠφάνισα,
1342 4596 1458 4649 οὐδὲ
1486 4595 1733 4665 λείψανον

165 4682 338 4736 αὑτοῦ
368 4700 426 4735 τι
453 4683 769 4738 καταλιπὼν
795 4684 887 4736 ἐπὶ
910 4686 1009 4749 τῆς
1046 4684 1152 4753 γῆς
1172 4699 1187 4714 ⁸
1217 4683 1323 4737 οὐδ’
1353 4685 1433 4736 ὅτι
1463 4683 1733 4738 δουλεύον-

163 4790 267 4840 τας
293 4774 441 4846 ὑμᾶς
471 4774 737 4846 ἐξήγαγον
773 4773 835 4840 ἐξ
864 4774 1137 4843 Αἰγύπτου
1156 4792 1170 4807 ο
1202 4774 1307 4828 οὐδ’
1346 4775 1426 4828 ὅτι
1458 4774 1597 4828 κατά
1632 4774 1733 4842 τὴν

164 4865 374 4939 ἔρημον
400 4867 807 4939 τεσσαράκοντα
848 4868 991 4938 ὑμᾶς
1019 4867 1112 4939 ἐτη
1145 4865 1399 4937 διέθρεψα
1442 4864 1729 4929 ποικίλως’

164 4958 311 5013 ὥστε
339 4958 439 5031 τὴν
467 4960 576 5014 τῶν
620 4961 956 5034 Ἀμορραίων
988 4960 1089 5030 γῆν
1118 4960 1215 5030 τὴν
1235 4958 1386 5012 οὐθὲν
1408 4958 1536 5028 ὑμῖν
1565 4975 1732 5028 προσ-

163 5052 405 5120 ήκουσαν
429 5052 507 5115 είς
526 5052 720 5123 κτῆσιν
742 5055 1041 5123 παρασχεῖν
1058 5068 1073 5082 ⁸
1102 5051 1186 5119 ἐφ’
1208 5044 1291 5113 οἷς
1322 5049 1469 5103 ἇπασ
1476 5068 1491 5102 ι
1514 5066 1730 5120 προφη-

166 5141 329 5209 τικῆς
353 5157 415 5193 τε
438 5142 657 5211 χάριτος
671 5144 833 5207 ἐνίοις
864 5140 1016 5213 ὑμῶν
1038 5142 1123 5194 ἐπ’
1152 5140 1388 5211 ὠφελείᾳ
1418 5139 1512 5193 τοῦ
1546 5138 1728 5193 κοινοῦ

167 5230 514 5298 μεταδέδωκα
532 5249 547 5263 ·
563 5233 657 5287 καὶ
670 5232 735 5304 δὴ
751 5233 845 5287 καί
861 5250 1011 5296 τινας
1026 5232 1133 5287 τῶν
1153 5235 1212 5285 ἐν
1224 5231 1727 5303 ὑμϊνρπελεξάμην,

164 5320 238 5383 ὡς
266 5320 334 5373 ἂν
364 5320 769 5391 ἐπιμελεστέρῳ
816 5338 876 5374 τε
903 5321 997 5374 καὶ
1042 5320 1305 5390 κρείττονι
1350 5320 1729 5389 προσανέχοιεν

167 5409 298 5481 βίῳ,
328 5412 531 5482 κόσμον
557 5410 727 5464 ἅπασι
756 5410 1008 5480 φέροντες
1033 5414 1146 5474 τοῖς
1165 5410 1386 5472 λοιποῖς.
1414 5412 1520 5463 Καὶ
1543 5408 1727 5480 ἐπειδὴ

165 5504 338 5555 ταῦτα
376 5504 616 5574 πρόδηλα
662 5505 826 5557 πᾶσιν
853 5497 943 5573 ἦν,
977 5504 1178 5572 ὁμοίως
1217 5502 1403 5554 εἰπών·
1448 5521 1465 5553 ι
1505 5502 1595 5572 Μὴ
1632 5503 1732 5555 οὐκ

169 5593 284 5647 ἐστι
333 5593 648 5660 ταῦτα,υίοὶ
710 5592 944 5665 Ἰσραὴλ,
992 5592 1139 5661 λέγει
1188 5591 1419 5662 Κύριος;
1463 5611 1481 5644 ι
1518 5592 1589 5645 Οὐ
1620 5591 1727 5661 γὰρ

170 5682 387 5739 δυνατὸν
409 5684 554 5754 ὑμῖν,
584 5680 769 5754 φησὶν,
797 5679 1074 5755 ἀρνεῖσθαι
1105 5679 1274 5735 ταῦτα
1302 5679 1472 5743 οὓτως
1507 5678 1718 5749 ἔχοντα.

1838 4498 1982 4569 quod
2022 4514 2123 4570 ego
2149 4498 2518 4554 Amorrhzeum
2556 4508 2713 4552 talem
2754 4507 3070 4568 tantumque
3104 4514 3167 4554 ac
3206 4509 3394 4570 poten-

1838 4597 1947 4645 tem
1995 4604 2221 4657 prorsus
2266 4588 2657 4653 destruxerim,
2720 4588 2888 4644 nullis
2921 4589 3041 4658 ejus
3099 4590 3301 4647 relictis
3338 4594 3391 4648 in

1840 4687 1983 4733 terra
2010 4680 2257 4749 vestigiis
2290 4698 2301 4732 :
2334 4694 2435 4733 nec
2466 4678 2610 4748 quod
2650 4694 2747 4733 vos
2773 4680 3024 4734 servituti
3050 4684 3391 4751 mancipatos

1838 4770 1905 4824 de
1926 4768 2161 4840 Egypto
2193 4770 2473 4825 eduxerim
2509 4789 2521 4824 :
2550 4784 2649 4825 nec
2683 4771 2842 4825 annis
2862 4772 3221 4843 quadraginta
3253 4777 3392 4829 mul-

1841 4859 2078 4913 tifariam
2107 4875 2206 4914 vos
2240 4859 2295 4914 in
2333 4859 2552 4915 deserto
2579 4860 2805 4913 aluerim
2827 4860 3029 4923 ,donec
3052 4863 3391 4920 Amorrhaeo-

1839 4963 1960 5003 rum
2006 4949 2284 5019 regionem
2340 4950 2488 5003 nullo
2537 4949 2776 5003 humano
2826 4949 2948 5019 jure
2987 4953 3053 5006 ad
3090 4968 3185 5009 vos
3235 4958 3395 5023 perti-

1837 5049 2055 5096 nentem
2127 5041 2378 5108 potestati
2456 5049 2650 5094 vestrae
2711 5040 2933 5095 tradidi.
3002 5041 3209 5099 Praeter
3278 5046 3392 5101 ha-c

1837 5130 2040 5195 omnia,
2074 5131 2364 5185 nonnullos
2395 5129 2897 5198 vestrum,publica:
2931 5133 3176 5189 utilitatis
3202 5150 3390 5200 causa,

1839 5220 2162 5291 prophetica:
2190 5234 2405 5290 quoque
2432 5220 2619 5289 gratiae
2667 5220 2769 5275 feci
2802 5222 3091 5291 participes
3124 5223 3396 5294 :denique

1835 5321 1890 5369 et
1922 5329 1990 5368 ex
2029 5313 2184 5367 vobis
2210 5312 2423 5381 aliquos
2444 5312 2638 5383 delegi,
2673 5314 2763 5382 qui
2798 5314 3123 5368 accuratiori
3151 5318 3393 5371 meliori-

1835 5418 1942 5473 que
1969 5404 2093 5458 vitte
2123 5404 2305 5473 generi
2343 5402 2562 5467 addicti,
2605 5414 2925 5459 ornamento
2942 5407 3156 5461 caeteris
3184 5417 3388 5462 essent.

1835 5495 1903 5550 Et
1931 5497 2057 5567 quia
2101 5496 2213 5551 haec
2246 5496 2499 5550 omnibus
2527 5497 2815 5564 perspicua
2847 5505 3023 5561 erant,
3055 5498 3259 5564 pariter
3298 5500 3395 5553 ad-

1836 5587 1957 5641 dit:
1994 5605 2012 5636 ι
2035 5586 2289 5656 Nunquid
2330 5602 2437 5641 non
2471 5587 2545 5640 ita
2568 5593 2672 5649 est,
2713 5585 2804 5639 filii
2839 5584 3080 5650 lsraelis,
3114 5587 3246 5643 dicit
3284 5588 3391 5641 Do-

1837 5678 2103 5734 minus?»
2146 5676 2397 5736 Profecto
2443 5678 2559 5733 haec
2607 5676 2914 5746 verissima,
2955 5679 3138 5749 negari
3174 5693 3205 5733 a
3235 5678 3395 5738 vobis
