3824 6224
404 266 521 340 asa

1604 256 1953 315 THEODORI
1990 249 2477 311 MOPSUESTEN]
2556 304 2561 309 .

3534 229 3646 287 260

411 401 708 466 nequeunt.
726 389 866 444 Tum
891 385 1270 456 superior-ibus
1285 385 1654 436 consentanee
1675 373 1825 429 addit
1841 373 1974 466 :(pAt
2002 427 2003 430 η

2109 366 2417 428 Ακολούθως
2461 364 2572 426 τοῖς
2599 357 2890 430 ἀνωτέροις
2913 355 3109 424 ἐπάγει
3127 370 3142 384 ·
3177 371 3195 405 ι
3227 350 3336 407 Καὶ
3363 347 3641 466 tremitis

409 464 514 543 vos
562 483 717 554 105
767 479 1125 537 sanctiﬁcatis
1177 475 1313 531 viris
1370 473 1558 527 vinum
1605 464 1973 554 propinastis:

408 585 464 631 et
498 553 774 643 prophetis
805 566 1114 624 mandastis
1147 565 1434 619 dicentes:
1467 557 1546 612 Ne
1578 553 1972 643 prophetet_is._o_

412 639 523 717 Vos
559 639 779 730 quidem
837 658 894 712 in
939 656 1167 726 gratiam
1211 663 1389 706 meam
1436 652 1750 702 constanter
1794 639 1976 711 injurii

415 754 622 816 fuistis,
654 750 782 805 dum
815 756 871 803 et
895 745 1144 802 homines
1189 741 1319 795 vitae
1347 735 1556 808 puriori
1590 733 1826 798 deditos,
1857 745 1981 799 par.-

415 844 644 913 ticipare
689 842 875 897 vinum
917 835 1206 907 coegistis,
1254 844 1468 887 necnon
1522 828 1728 898 reliqua
1774 822 1978 886 omnia,

423 953 453 990 a
482 936 681 1006 quibus
705 931 1002 989 secundum
1041 925 1376 998 propositum
1410 936 1569 978 suum
1598 918 1869 976 abstinere
1887 931 1983 971 vo-

416 1027 601 1080 lebant
633 1024 906 1093 :denique
937 1023 1099 1076 etiam
1136 1018 1450 1089 prophetas,
1493 1011 1786 1084 quominus
1821 1022 1985 1080 opere

420 1132 521 1173 suo
553 1117 926 1186 fungerentur,
957 1108 1338 1181 prohibuistis.
1367 1105 1510 1173 Quid
1552 1103 1679 1158 inde
1716 1100 1916 1166 porro?

486 1218 653 1280 Vens.
673 1217 855 1274 15-16.
876 1248 947 1258 --
969 1237 988 1268 ι
1011 1216 1353 1285 Quapropter
1367 1229 1494 1269 ecce
1511 1229 1610 1284 ego
1625 1215 1781 1268 volvo
1797 1212 1986 1268 subter

421 1327 536 1376 vos,
565 1310 1018 1381 quemadmodum
1054 1309 1290 1363 volvitur
1309 1306 1612 1375 plaustrum
1644 1302 1844 1373 stipula
1872 1302 1988 1371 ple-

423 1420 571 1458 num.
592 1403 656 1456 Et
674 1404 869 1473 peribit
890 1401 1014 1472 fuga
1033 1416 1062 1454 a
1079 1415 1304 1454 cursore
1328 1415 1344 1453 :
1375 1405 1428 1452 et
1446 1396 1604 1452 [ortis
1622 1411 1730 1450 non
1752 1394 1990 1464 posside-

422 1494 501 1548 bit
540 1496 683 1548 vires
730 1508 899 1548 suas:
942 1501 995 1546 et
1034 1497 1299 1562 pugnator
1335 1504 1442 1543 non
1484 1487 1714 1543 salvahit
1755 1485 1988 1538 animam

423 1599 600 1640 suam:
622 1593 674 1638 et
700 1583 1010 1652 sagittarius
1030 1597 1136 1635 non
1166 1580 1457 1635 sustinebit
1483 1597 1498 1634 :
1520 1586 1574 1633 et
1591 1578 1742 1632 velox
1764 1576 1990 1645 pedibus

425 1675 541 1731 suis
565 1688 672 1728 non
703 1673 1034 1728 salvabitur:
1072 1679 1125 1727 et
1148 1685 1317 1742 eques
1347 1685 1456 1724 non
1497 1668 1724 1725 salvabit
1751 1666 1988 1719 animam

426 1777 582 1818 suam
616 1780 631 1816 ε
665 1771 720 1817 et
749 1760 962 1817 validus
991 1776 1099 1815 non
1121 1759 1360 1815 inveniet
1388 1773 1484 1814 cor
1513 1772 1674 1813 suum
1704 1756 1760 1810 in
1789 1766 1984 1825 poten-

425 1852 652 1907 tatibus.
699 1870 718 1904 ›
778 1850 936 1906 Tales
985 1865 1087 1922 ego
1142 1851 1296 1906 vobis
1343 1865 1534 1920 poenas
1588 1849 1877 1914 adducam,
1924 1857 1986 1901 ut

428 1943 658 2015 plaustri
689 1943 862 1998 instar
894 1943 1048 1998 valde
1074 1942 1278 2008 onusti,
1307 1949 1362 1996 et
1397 1948 1618 2012 propter
1655 1954 1818 2010 grave
1845 1954 1985 1996 onus

427 2033 787 2103 impositum,
851 2032 981 2088 dum
1045 2033 1311 2098 trahitur,
1381 2033 1668 2088 stridorem
1751 2031 1985 2093 edentis.

431 2139 650 2194 pressos
709 2139 807 2179 vos
877 2124 1144 2179 malorum
1229 2123 1488 2194 pondere,
1572 2122 1870 2179 ululatibus
1926 2139 1990 2178 ac

430 2218 742 2286 gemitibus,
791 2218 960 2271 multa
1044 2231 1169 2270 cum
1227 2217 1375 2273 vocis
1445 2218 1817 2282 contentione,
1899 2217 1988 2272 in..-

438 2306 664 2376 dulgere
691 2321 831 2377 opus
859 2307 950 2364 sit.
999 2305 1136 2360 Tum
1170 2321 1348 2378 neque
1373 2307 1628 2378 expedito
1665 2307 1734 2362 ad
1764 2323 1991 2362 cursum

434 2396 622 2467 fugere
666 2397 808 2450 mala
867 2397 1074 2462 licebit,
1105 2414 1286 2468 neque
1321 2399 1452 2453 forti
1491 2414 1605 2454 suae
1632 2400 1778 2456 vires
1809 2403 1997 2471 prode-

435 2495 585 2551 runt,
625 2502 801 2558 neque
827 2487 892 2541 ad
924 2503 1155 2560 pugnam
1183 2490 1491 2560 bellumque
1512 2499 1733 2561 paratus
1767 2494 1995 2548 salutem

437 2580 700 2648 consequi
730 2579 874 2649 potis
902 2580 1047 2634 erit:
1080 2581 1174 2635 sed
1205 2590 1260 2636 et
1305 2583 1600 2652 sagittandi
1647 2585 1854 2653 peritus
1904 2584 1999 2639 im"-

439 2668 701 2737 possibile
729 2668 1004 2738 negotium
1049 2669 1270 2725 habebit
1307 2689 1320 2725 :
1361 2687 1535 2741 neque
1563 2673 1608 2727 si
1640 2675 1763 2743 quis
1803 2680 1996 2744 pedum

441 2758 764 2829 pernicitate
790 2759 952 2822 valet,
976 2760 1206 2814 salutem
1239 2772 1603 2831 consequetur
1632 2781 1644 2817 :
1680 2778 1853 2833 neque
1875 2766 1998 2819 item

439 2859 609 2916 equos
641 2849 844 2914 agitare
878 2847 1074 2903 doetus
1108 2867 1121 2903 :
1156 2857 1431 2917 postremo
1469 2867 1538 2906 ne
1575 2852 1611 2906 ii
1655 2855 1870 2923 quidem
1905 2856 1998 2925 qui

2075 459 2202 522 τοὺς
2229 454 2594 528 ήγιασμὲνους
2629 446 2767 505 οἶνον
2787 467 2800 481 ·
2833 447 2932 507 καὶ,
2953 451 3064 510 τοῖς
3092 446 3396 517 προφήταις
3429 439 3645 494 ἐνετέλ-

2077 548 2236 602 λεσθε.
2279 546 2544 615 λέγοντες·
2589 544 2663 598 Ού
2720 541 2793 613 μὴ
2822 537 3252 611 προφητεύσητε.
3292 553 3315 587 ι
3355 530 3645 602 Διεμένετε

2077 641 2186 712 γάρ
2211 639 2488 710 προδήλως
2520 638 2600 701 είς
2635 635 2734 706 τὴν
2761 633 2920 704 χάριν
2949 628 3318 702 ἐξυϐρίζοντες
3347 624 3445 694 τὴν
3477 620 3644 693 ἐμὴν,

2079 731 2205 794 τούς
2261 746 2322 784 τε
2395 728 2535 802 πρὸς
2595 725 2981 796 ἀκριδέστερον
3039 716 3451 790 ἀφωρισμένως
3530 713 3645 782 βίον

2079 821 2481 891 ἀναγκάζοντες
2509 820 2650 874 οίνου
2678 815 2925 887 μετέχειν
2946 813 3040 868 ml.
3065 811 3172 865 τῶν
3203 807 3404 864 λοιπῶν
3431 805 3644 859 ὁπόσων

2079 916 2171 973 διὰ
2195 915 2292 986 τὴν
2314 911 2644 981 ἐπαγγελίαν
2665 907 2965 980 ἀπέχεσθαι
2996 903 3250 959 ἔσπευδον
3275 902 3375 972 τὴν
3399 898 3606 952 οἰκείαν
3626 934 3643 958 ,

2082 1008 2178 1062 καὶ
2225 1007 2352 1069 τοὺς
2401 1003 2684 1075 προφήτας
2731 998 3010 1071 προδήλως
3049 995 3345 1056 κωλύοντες
3391 993 3453 1045 τὸ
3483 990 3647 1060 ἔργον

2082 1098 2324 1155 ἐκτελεῖν
2346 1096 2408 1150 τὸ
2442 1096 2660 1149 οἰκεῖον.
2697 1091 2868 1162 ’Υπὲρ
2895 1090 2958 1161 δὴ
2983 1087 3184 1143 τούτων
3212 1086 3294 1151 τί;

2155 1211 2303 1281 Στίχ.
2338 1215 2537 1278 ιγίοις’.
2567 1235 2638 1248 --
2678 1224 2698 1257 ι
2731 1205 2829 1258 Διά
2855 1201 3011 1255 τοῦτο
3043 1201 3148 1255 ἰδοὺ
3179 1197 3289 1268 ἐγὼ
3315 1197 3485 1252 κυλίω
3517 1197 3652 1249 ὑπο-

2085 1299 2237 1354 κάτω
2263 1297 2445 1370 ὑμῶν,
2473 1297 2533 1350 ὃν
2576 1295 2772 1367 τρόπον
2805 1291 3046 1346 κυλίεται
3079 1292 3111 1361 ἡ
3136 1288 3317 1360 ἅμαξα
3335 1290 3369 1359 ἡ
3403 1288 3650 1358 γέμουσα

2090 1393 2370 1464 καλάμηςο
2401 1391 2496 1445 καὶ
2527 1389 2808 1444 ἀπολεῖται
2844 1386 2988 1458 φυγὴ
3017 1389 3082 1440 ἐκ
3105 1383 3374 1457 δρομέως·
3408 1384 3496 1451 (p.
3523 1379 3650 1448 159)

2089 1484 2185 1539 καὶ
2204 1488 2232 1538 6
2254 1482 2513 1555 κραταιὸς
2531 1483 2590 1536 ού
2618 1482 2691 1554 μὴ
2717 1482 2960 1553 κρατήσῃ
2979 1479 3076 1548 τῆς
3100 1474 3278 1545 ἰσχύος
3296 1471 3456 1526 αὑτοῦ
3474 1488 3490 1503 ·
3514 1472 3608 1525 καὶ
3624 1472 3652 1523 6

2093 1579 2342 1648 μαχητὴς
2373 1575 2435 1627 οὐ
2463 1575 2537 1647 μὴ
2563 1563 2828 1647 σιῦσῃ’τὴν
2846 1570 3022 1642 ψυχὴν
3045 1567 3208 1622 αὐτοῦ
3230 1582 3243 1597 '
3265 1564 3360 1619 καὶ
3385 1562 3654 1630 ότοξότης

2092 1670 2152 1722 ού
2185 1669 2258 1738 μὴ
2283 1669 2489 1738 ύποστῇ
2513 1682 2528 1696 °
2556 1665 2648 1719 καὶ
2667 1667 2696 1718 ὁ
2722 1663 2845 1730 ὀξὺς
2865 1666 2975 1726 τοῖς
3002 1661 3156 1714 ποσὶν
3174 1659 3339 1713 αὑτοῦ
3356 1657 3418 1710 οὐ
3440 1655 3518 1727 μὴ
3532 1657 3650 1708 δια-

2092 1759 2236 1830 σωθῇ
2256 1776 2269 1790 ·
2303 1759 2397 1812 καὶ
2433 1758 2462 1810 6
2509 1757 2705 1820 ἱππεὺς
2731 1755 2791 1808 ού
2829 1754 2904 1825 μὴ
2951 1752 3098 1824 σώσῃ
3125 1751 3223 1823 τὴν
3248 1749 3424 1820 ψυχὴν
3453 1747 3648 1800 αὐτοῦ’

2092 1851 2239 1905 καἰὸ
2285 1849 2540 1921 κραταιὸς
2577 1847 2638 1901 οὐ
2690 1845 2764 1916 μὴ
2806 1845 2941 1916 εὕρῃ
2982 1843 3080 1914 τήν
3121 1841 3344 1913 καρδίαν
3385 1838 3549 1892 αὐτοῦ
3593 1840 3653 1891 ὲν

2092 1941 2444 2004 δυναστείαις.
2483 1959 2502 1992 ι
2539 1938 2801 2001 Τοιαύτας
2832 1937 2960 2007 ὑμῖν
3006 1933 3192 1999 ἐπάξω
3235 1932 3334 1997 τὰς
3365 1931 3652 2002 τιμωρίας,

2095 2034 2235 2087 ὥστε
2257 2033 2411 2103 δίκην
2443 2030 2659 2102 ἁμάξης
2685 2028 2824 2097 ἄγαν
2852 2023 3284 2097 πεφορτισμένης
3328 2022 3421 2074 καὶ
3453 2020 3654 2088 πολλὴν

2097 2127 2161 2179 ὲκ
2201 2125 2294 2177 τοῦ
2349 2123 2547 2194 βάρους
2589 2121 2695 2174 τῶν
2723 2119 3081 2189 ἐπικειμένων
3112 2117 3169 2169 ἐν
3191 2114 3268 2186 τῷ
3286 2111 3536 2167 ἕλκεσθαι
3562 2111 3656 2163 τδν

2097 2213 2322 2286 τρισμδν
2371 2209 2758 2279 ἀποτελούσης,
2808 2207 3154 2277 πιεζομένους
3195 2203 3340 2273 ὑμᾶς
3374 2199 3453 2270 τῷ
3503 2198 3658 2268 βάρει

2099 2305 2209 2359 τῶν
2235 2304 2440 2369 κακῶν,
2474 2301 2752 2368 ὀλολυγαῖς
2781 2315 2840 2350 τε
2868 2298 2960 2352 καὶ
2994 2295 3312 2364 στεναγμοῖς
3349 2289 3485 2362 μετά
3532 2293 3659 2342 πολ-

2099 2398 2200 2468 λῆς
2241 2395 2537 2468 κεχρῆσθαι
2579 2397 2676 2467 τῆς
2724 2390 3056 2453 ὲπιτάσεως·
3106 2387 3185 2451 ὡς
3230 2386 3364 2458 μήτε
3401 2384 3478 2453 τῷ
3525 2383 3660 2455 πρὸς

2101 2489 2296 2560 δρόμον
2321 2486 2640 2558 ήκονημένῳ
2666 2483 2894 2552 δυνατὴν
2919 2476 3056 2534 εἶναι
3082 2478 3181 2550 τὴν
3209 2479 3316 2532 ἀπὺ
3341 2477 3448 2530 τῶν
3475 2475 3657 2529 κακῶν

2104 2581 2301 2651 φυγὴν,
2336 2580 2471 2651 μήτε
2495 2577 2552 2631 δὲ
2581 2575 2784 2647 ἰσχυρῷ
2813 2575 2912 2645 τῆς
2938 2571 3228 2645 περιούσης
3259 2566 3397 2624 εἷναί
3421 2586 3472 2622 τι
3500 2568 3658 2622 δυνά-

2109 2689 2250 2743 μεως
2271 2670 2478 2740 δφελος,
2501 2670 2636 2740 μήτε
2663 2667 2739 2738 τῷ
2765 2667 2894 2738 περὶ
2931 2665 3109 2735 μάχην
3143 2663 3236 2716 καὶ
3266 2662 3497 2732 πόλεμον
3525 2676 3663 2730 παρ-

2106 2763 2484 2833 εσκευασμένῳ
2501 2760 2721 2814 δυνατὸν
2737 2753 2875 2814 εἶναι
2896 2758 3141 2812 ἐντεῦθεν
3156 2753 3407 2826 εὑρέσθαι
3427 2752 3545 2806 τινὰ
3565 2768 3666 2806 σω-

2105 2874 2172 2926 τη
2182 2856 2298 2928 ρίαν
2317 2870 2330 2884 ·
2364 2855 2729 2909 ἀνυπόστατον
2749 2853 2806 2906 δὲ
2826 2846 2964 2904 εἶναι
2991 2851 3054 2902 τὸ
3075 2850 3305 2920 πρᾶγμα
3326 2846 3418 2899 καὶ
3436 2844 3513 2915 τῷ
3540 2843 3666 2914 περὶ

445 2938 562 2990 suis
591 2938 798 2992 viribus
843 2938 999 2992 valde
1043 2938 1350 2999 conlidunt,
1415 2943 1678 2996 rationem
1727 2944 2002 2999 invenient

2109 2950 2206 3017 τὴν
2246 2945 2453 3013 τοξείαν
2483 2945 2762 3017 ἐμπείρῳ·
2793 2940 3147 3014 μὴδύνασθαι
3175 2939 3234 2992 δὲ
3283 2937 3418 3008 μηδὲ
3450 2933 3666 3002 ὀξύτητι

438 3041 550 3096 qua
577 3027 869 3082 haerentem
900 3029 1002 3083 sibi
1037 3029 1288 3084 virtutem
1331 3040 1602 3086 exserant.
1640 3031 1736 3088 His
1781 3036 1850 3088 ob
1897 3051 2003 3089 ma-

2111 3037 2285 3090 ποδῶν
2327 3037 2662 3108 κεχρημένον
2713 3033 2964 3106 εὑρέσθαι
3011 3030 3134 3087 τινὰ
3179 3027 3446 3099 σωτηρίαν
3465 3042 3487 3120 Ἀ

444 3117 621 3172 lorum
675 3119 1100 3187 magnitudinem
1146 3118 1628 3176 demonstrandam
1663 3122 1847 3190 dictis,
1889 3141 2003 3196 per-

2113 3129 2246 3199 μηδὲ
2277 3129 2362 3198 ἐφ’
2407 3128 2587 3181 ἵππων
2612 3125 2873 3194 ,ἐλαύνειν
2915 3123 3124 3178 εἰδότα·
3169 3121 3295 3184 τούς
3319 3135 3377 3172 τε
3411 3117 3502 3172 ἐπὶ
3527 3117 3669 3186 ἰσχύϊ

447 3208 523 3276 git
551 3223 748 3276 porro:
788 3227 808 3260 ι
851 3207 946 3263 Ille
975 3209 1067 3278 qui
1095 3208 1277 3264 nudus
1303 3220 1389 3265 est
1419 3211 1508 3267 die
1537 3213 1627 3267 illa
1654 3214 1894 3286 emigiet,
1925 3218 2003 3272 di-

2113 3219 2254 3292 μέγα
2297 3218 2648 3291 φρονοῦντας,
2698 3217 2829 3288 μηδὲ
2870 3216 3141 3287 εὑρίσκειν
3179 3213 3327 3275 ὅπως
3355 3210 3422 3264 ἂν
3465 3212 3532 3280 τῇ
3575 3223 3667 3279 με·

441 3301 522 3354 cit
542 3300 816 3356 Dominus.
832 3321 850 3352 ι
871 3299 977 3354 Pro
993 3316 1058 3354 eo
1075 3317 1138 3354 ac
1161 3302 1307 3356 dicat
1329 3317 1342 3354 :
1361 3301 1744 3374 Pauperrimus
1757 3309 2003 3378 quisque,

2110 3308 2276 3381 νούσῃ
2323 3310 2613 3380 χρήσαιντο
2659 3305 2918 3377 δυνάμειο
2962 3304 3134 3358 ταῦτα
3159 3304 3239 3366 εἰς
3269 3300 3539 3366 ἀπόδειξιν
3571 3298 3666 3351 τοῦ

448 3399 502 3441 et
539 3391 609 3442 ob
636 3397 930 3458 egestatem
969 3392 1342 3462 vilitatemque
1368 3408 1521 3446 suam
1557 3396 1707 3449 nullo
1754 3397 1806 3450 in
1827 3394 2003 3466 pretio

2112 3398 2373 3468 μεγέθους
2399 3397 2507 3450 τῶν
2549 3394 2734 3452 κακῶν
2766 3393 3032 3465 εἰρηκὼς,
3063 3389 3278 3458 ἐπάγει·
3317 3408 3336 3440 ι
3381 3389 3438 3441 '0
3469 3384 3671 3456 γυμνὸς

446 3476 592 3546 apud
617 3480 751 3534 alios
777 3479 1016 3546 habitus,
1055 3483 1141 3536 hic
1171 3484 1321 3538 solus
1348 3483 1522 3537 salute
1552 3485 1812 3553 potietur,
1839 3487 2003 3557 negli-

2112 3489 2364 3558 φεύξεται
2394 3489 2454 3542 ὲν
2483 3488 2666 3558 ἐκείνῃ
2715 3488 2780 3558 τῇ
2808 3486 3022 3556 ἡμέρᾳ,
3052 3482 3197 3552 λέγει
3234 3480 3456 3551 Κύριος.
3493 3496 3511 3528 ι
3555 3477 3673 3528 ἰνα

450 3571 704 3642 gentibus
750 3588 873 3626 eum
926 3573 1392 3642 comprehendere
1448 3575 1669 3629 vilitatis
1706 3591 1874 3632 causa
1911 3578 2003 3633 ho-

2109 3579 2230 3651 εἴπῃ
2267 3583 2359 3649 (p.
2395 3579 2530 3647 160)
2573 3578 2653 3632 ὅτι
2702 3579 2732 3630 6
2756 3575 3078 3637 πενέστατος
3130 3572 3224 3626 καὶ
3265 3572 3332 3626 δι’
3365 3566 3667 3640 ὑπερϐολὴν

451 3664 649 3718 stibus.
685 3662 808 3718 Mox
841 3671 965 3719 ante
992 3663 1155 3718 dictis
1187 3663 1472 3733 sequentia
1507 3668 1822 3722 connectit:

2109 3671 2335 3740 ἀπορίας
2369 3687 2428 3722 τε
2456 3669 2549 3724 καὶ
2585 3667 2874 3731 εὐτελείας,
2918 3665 3037 3719 οὐδὲ
3063 3666 3120 3719 ὲν
3145 3662 3290 3733 λόγῳ
3329 3663 3443 3724 τοῖς
3466 3660 3676 3722 λοιποῖς

455 3757 733 3827 ὑπάρχων.
781 3750 932 3818 οὗτος
983 3757 1139 3825 μόνος
1179 3754 1370 3825 εὕρετο
1389 3754 1456 3808 ἂν
1485 3757 1606 3810 τότε
1637 3761 1939 3832 σωτηρίαν,
1967 3763 2307 3835 ἀμελούντων
2333 3764 2494 3818 αὑτοῦ
2520 3764 2617 3835 τῆς
2641 3762 2973 3833 συλλήψεως,
3007 3760 3096 3816 διὰ
3116 3760 3217 3832 τὴν
3240 3759 3530 3823 εὐτέλειαν,
3566 3755 3675 3808 τῶν

454 3849 742 3919 πολεμίων·
775 3841 891 3898 εἶτα
920 3845 1270 3898 έπισυνάπτει
1297 3845 1410 3908 τοῖς
1440 3844 1776 3917 εἰρημένοις*

1112 3887 1270 3898 ...-.-.
1307 3887 1408 3908 .--ν
1440 3887 1744 3917 -.τηρ-.-.ς

1104 3936 1258 3992 CAP.
1280 3935 1368 3990 ΙΙΙ.

2758 3941 2915 3994 ΚΕΦ.
2951 3939 3026 3994 Γ.

530 4032 690 4102 ιοθ
719 4028 885 4084 Vsus.
915 4029 1033 4083 {-6.
1055 4058 1124 4069 -
1156 4048 1176 4081 ι
1197 4028 1396 4084 Audite
1426 4031 1654 4085 verbum
1690 4031 1817 4098 hoc,
1871 4036 2016 4103 quod

457 4124 676 4179 locutus
703 4129 790 4176 est
826 4120 1086 4176 Dominus
1118 4136 1284 4190 super
1320 4134 1438 4184 vos,
1479 4136 1512 4175 ο
1551 4123 1748 4178 domus
1778 4123 2017 4189 lsraelis,

455 4229 515 4274 et
552 4219 812 4270 adversus
849 4229 1070 4268 omnem
1114 4214 1318 4269 tribum
1362 4231 1525 4285 quam
1560 4215 1797 4288 ,Ευριο
1833 4219 2020 4286 eduxi,

461 4311 682 4364 dicens:
717 4305 1103 4362 Verumtamen
1134 4320 1231 4361 vos
1253 4308 1487 4377 cognovi
1510 4307 1577 4363 de
1601 4309 1818 4364 cunctis
1848 4311 2024 4365 tribu-

2183 4033 2330 4104 Στίχ.
2358 4033 2512 4098 α’-ς’.
2545 4063 2616 4074 -
2648 4050 2668 4084 ι
2717 4032 3006 4088 Ἀκούσατε
3049 4031 3140 4086 τὸν
3180 4031 3338 4101 λόγον
3380 4031 3567 4087 τοῦτον
3619 4034 3678 4087 δν

2117 4125 2341 4195 ἐλάλησε
2386 4123 2589 4195 Κύριος
2616 4123 2698 4192 ἐφ’
2732 4123 2895 4192 ὑμᾶς,
2923 4118 3073 4186 οἶκος
3130 4121 3344 4194 Ἰσραὴλ
3363 4163 3376 4187 ,
3413 4124 3507 4177 καὶ
3537 4126 3680 4178 κατᾶ

2116 4215 2296 4285 πάσης
2333 4214 2504 4285 φυλῆς
2539 4210 2605 4285 ἦς
2633 4214 2903 4285 ἀνήγαγον
2935 4215 3000 4267 ὲκ
3041 4213 3142 4284 τῆς
3169 4214 3446 4284 Αἰγύπτου
3465 4216 3638 4283 λέγων
3659 4235 3675 4249 ·

2118 4305 2266 4376 Πλὴν
2313 4302 2455 4374 ὑμᾶς
2505 4302 2674 4372 ἔγνων
2721 4305 2784 4356 ὲκ
2836 4302 3024 4357 πασῶν
3072 4304 3253 4372 φυλῶν
3287 4307 3386 4375 τῆς
3430 4306 3558 4376 γῆς·
3591 4305 3682 4358 διὰ

461 4404 568 4457 bus
597 4409 795 4466 terrae;
837 4399 1042 4455 idcirco
1077 4399 1314 4454 ulciscar
1346 4415 1510 4470 super
1554 4416 1649 4454 vos
1681 4403 1863 4456 omnia
1895 4418 2003 4473 pec!

2121 4396 2276 4468 τοῦτο
2300 4395 2568 4466 ἐκδικήσω
2586 4396 2668 4464 ἐφ’
2683 4395 2824 4466 ὑμᾶς
2845 4395 3022 4458 πάσας
3035 4396 3132 4458 τὰς
3153 4400 3426 4466 ἁμαρτίας
3447 4396 3620 4466 ὑμῶν.
3655 4416 3674 4449 ι

461 4503 585 4546 cata
616 4498 816 4547 vestra.
839 4508 858 4541 ι
895 4489 1080 4560 Neque
1125 4490 1493 4560 perfunctorie
1539 4493 1653 4548 haec
1682 4494 1962 4550 aestimetis
1993 4509 2025 4548 a

466 4583 578 4637 Deo
620 4582 688 4636 de
713 4582 865 4636 vobis
895 4583 1277 4652 pronuntiata;
1331 4599 1455 4636 nam
1487 4584 1583 4653 qui
1613 4599 1708 4640 vos
1749 4601 1939 4640 omnes
1959 4585 2028 4641 de

467 4673 688 4744 Egypti
718 4673 982 4729 servitute
1001 4672 1277 4739 liberavit,
1303 4674 1641 4744 singularem
1673 4691 1783 4746 prae
1812 4677 2027 4731 cunctis

467 4765 782 4819 hominibus
837 4763 1256 4818 sollicitudinem
1305 4767 1470 4820 vestri
1518 4767 1835 4827 ostendens,
1887 4765 2029 4821 idem

472 4873 625 4913 nunc
679 4871 897 4925 quoque
949 4855 1020 4909 ad
1069 4871 1168 4910 vos
1221 4857 1462 4926 loquitur
1514 4858 1717 4926 justam
1771 4859 2033 4913 minitans

477 4963 717 5020 penam,
758 4963 821 5001 eo
849 4949 996 5017 quod
1032 4949 1230 5018 ingrati
1275 4949 1606 5004 benefactori
1638 4958 1788 5004 tanto
1811 4951 2035 5005 exstite-

475 5041 618 5095 ritis.
663 5037 762 5092 «Si
803 5039 1029 5092 omnino
1083 5039 1438 5094 ambulabunt
1490 5040 1598 5094 duo
1643 5042 1868 5112 pariter,
1902 5032 2043 5112 quin'

482 5131 622 5184 inter
653 5145 711 5183 se
755 5135 943 5181 mutuo
973 5128 1282 5182 revelent‘h
1314 5129 1392 5182 Ad
1428 5128 1696 5184 dictorum
1749 5129 2038 5185 conﬁrma-

475 5221 705 5280 tionem,
739 5217 1330 5287 demonstrandumque
1352 5219 1495 5273 haud
1530 5228 1730 5276 temere
1761 5223 1874 5276 haec
1895 5221 2038 5278 dicta

486 5308 675 5371 fuisse,
707 5309 976 5363 subnectit
1003 5309 1281 5376 sequentia
1315 5309 1661 5377 huiusmodi:
1695 5310 1752 5364 Si
1792 5313 1907 5366 lierl
1945 5329 2041 5384 po-

483 5409 612 5463 test,
640 5401 835 5471 inquit,
854 5409 913 5454 ut
933 5400 1041 5454 duo
1067 5401 1282 5468 longam
1314 5401 1516 5469 pariter
1540 5403 1860 5459 emetientes
1874 5405 2040 5471 viam,

485 5491 718 5545 invicem
755 5493 934 5547 celent
980 5491 1334 5562 profectionis
1385 5505 1628 5554 causam,
1677 5509 1852 5563 neque
1901 5495 2045 5550 hanc

481 5583 631 5637 inter
661 5597 720 5637 se
745 5583 1164 5646 communicent,
1207 5591 1268 5636 ut
1300 5582 1594 5652 conjuncta
1623 5585 1892 5639 sententia
1941 5587 2046 5641 iter

482 5675 810 5743 absolvant;
840 5675 886 5732 si
921 5675 1045 5743 hoc,
1092 5676 1336 5745 inquam,
1374 5675 1484 5742 ﬁet,
1516 5685 1629 5731 tum
1661 5677 1824 5732 etiam
1855 5679 2044 5734 hostes

2127 4488 2275 4557 Μηδὲ
2303 4487 2586 4558 πάρεργα,
2618 4487 2782 4557 φησί,
2825 4485 3114 4556 ποιήσεσθε
3160 4487 3328 4539 ταῦτα
3353 4486 3416 4556 δὴ
3447 4486 3514 4539 τά
3554 4489 3683 4559 περὶ

2125 4581 2278 4650 ὑμῶν
2325 4580 2752 4649 ἀποπεφασμένα
2777 4579 2929 4648 παρὰ
2957 4579 3051 4632 τοῦ
3085 4579 3249 4632 Θεοῦ·
3280 4580 3466 4652 ἐπειδὴ
3494 4583 3524 4633 6
3546 4583 3685 4634 πάν-

2125 4688 2224 4734 τας
2274 4672 2418 4742 ὑμᾶς
2469 4671 2568 4741 τῆς
2622 4671 2679 4723 ὲν
2726 4669 2986 4741 Αἰγύπτῳ
3035 4671 3274 4734 δουλείας
3334 4671 3682 4738 ἀπαλλάξας,

2128 4763 2397 4834 ἐξαίρετόν
2445 4778 2503 4814 τε
2547 4761 2666 4815 τότε
2718 4762 2866 4833 παρὰ
2927 4763 3130 4826 πάντας
3186 4763 3503 4834 ἀνθρώπους
3557 4767 3688 4836 περὶ

2130 4856 2273 4925 ὑμᾶς
2305 4855 2402 4924 τὴν
2435 4853 2756 4924 κηδεμονίαν
2805 4853 3238 4925 ἐπιδειξάμενος,
3289 4848 3444 4918 οὗτος
3493 4856 3554 4926 δὴ
3595 4859 3692 4912 καὶ

2131 4947 2225 5003 νῦν
2251 4947 2606 5016 ἀποφαίνεται
2637 4945 2808 5000 ταῦτα
2847 4946 2973 5017 περὶ
3011 4946 3166 5017 ὑμῶν
3195 4945 3406 4999 δικαίαν
3453 4948 3692 5002 ἀπειλῶν

2132 5037 2230 5108 τὴν
2258 5037 2548 5108 τιμωρίαν,
2594 5036 2732 5106 ὑπὲρ
2777 5030 2852 5088 ὧν
2879 5034 3051 5100 οὕτως
3097 5033 3406 5107 ἀγνώμονες
3440 5039 3566 5108 περὶ
3601 5039 3694 5091 τὸν

2132 5127 2379 5182 τοσοῦτον
2411 5127 2664 5196 γεγόνατε
2708 5126 3022 5199 εὐεργέτην.
3066 5147 3086 5180 ι
3123 5128 3188 5181 Εἰ
3215 5129 3565 5200 πορεύσονται
3604 5131 3697 5184 δύο

2134 5219 2229 5273 ἐπὶ
2263 5218 2324 5271 τὸ
2351 5218 2479 5272 αὐτὸ
2503 5217 2750 5282 καθόλου,
2787 5220 2880 5272 ὲάν
2911 5219 2988 5291 μὴ
3015 5220 3350 5291 γνωρίσωσιν
3381 5223 3630 5286 ἑαυτούς.
3674 5247 3692 5276 ι

2136 5313 2231 5375 Εἰς
2265 5309 2547 5380 βεϐαίωσιν
2569 5309 2678 5363 τῶν
2699 5311 3022 5382 εἰρημένων,
3065 5313 3156 5366 καὶ
3187 5313 3458 5380 ἀπόδειξιν
3491 5315 3585 5368 τοῦ
3623 5318 3698 5386 μὴ

2139 5401 2213 5464 ώς
2267 5399 2452 5470 ἔτυχεν
2504 5400 2752 5470 εἰρῆσθαι
2798 5402 2866 5454 τὰ
2927 5404 3222 5475 εἰρημένα,
3276 5406 3469 5474 ἐπάγει
3541 5412 3699 5462 ταυτί

2139 5489 2342 5543 τοιοῦτό
2366 5507 2418 5543 τι
2465 5490 2634 5559 λέγων
2654 5507 2668 5521 °
2690 5492 2754 5544 Εἰ
2781 5494 3014 5564 ἐγχωρεῖ
3031 5535 3046 5560 ,
3091 5495 3245 5564 φησι,
3284 5494 3375 5548 δύο
3399 5498 3542 5551 κατά
3567 5516 3700 5553 ταυ-

2141 5584 2229 5638 τὸν
2281 5583 2495 5656 μακράν
2556 5583 2815 5648 ἁνύοντας
2869 5583 2985 5637 ὁδὸν
3037 5585 3125 5638 διὰ
3183 5587 3385 5651 παντὸς
3440 5589 3700 5660 ἀλλήλους

2145 5677 2345 5747 κρύψαι
2392 5679 2491 5747 τῆς
2536 5675 2655 5730 ὀδοῦ
2699 5677 2800 5746 τὴν
2839 5676 3049 5743 αἰτίαν,
3090 5678 3183 5730 καὶ
3224 5678 3302 5750 μὴ
3339 5680 3696 5737 κοινώσασθαι
