3824 6224
159 318 256 374 261

1179 314 1725 374 COMMENTARIUS
1752 315 1818 372 IN
1858 312 2068 371 Αιιοει
2106 278 2257 372 CAP.
2283 313 2378 370 ιιι.

3289 311 3395 368 262

160 433 387 497 ἑαυτοὺς
432 431 560 503 περὶ
605 432 830 503 ταύτης,
859 433 954 486 καὶ
990 432 1056 504 δὴ
1104 434 1196 487 καὶ
1221 435 1373 504 κοινῇ
1416 431 1610 504 γνώμῃ
1634 430 1733 501 τὴν

1837 428 2042 498 absque
2069 427 2163 484 Dei
2203 429 2481 484 voluntate
2505 441 2602 483 vos
2634 426 3034 497 aggredientur.
3081 450 3098 477 ι
3122 427 3178 482 Si
3215 429 3394 499 rugiet

161 523 467 595 ὁδοιπορίαν
529 522 753 587 ἀνύσαι,
805 524 896 593 (p.
943 523 1082 593 161)
1132 524 1399 590 ἐνδέξεται
1465 523 1560 577 καὶ
1603 523 1729 585 τοὺς

165 612 453 682 πολεμίους
506 611 581 683 μὴ
630 613 770 666 κατά
815 611 1040 683 γνώμην
1088 612 1183 667 τοῦ
1235 614 1369 667 Θεοῦ
1418 614 1592 667 ἐλθεῖν
1642 612 1727 680 ἐφ’

164 700 325 768 ὑμᾶς.
381 718 400 749 ι
439 701 501 754 Εἰ
547 700 827 771 ἐρεύξεται
869 701 1002 756 λέων
1029 704 1094 755 ἐκ
1133 701 1226 756 τοῦ
1272 702 1475 774 δρυμοῦ
1530 702 1725 768 αὑτοῦ,

165 787 335 857 θήραν
384 790 485 843 οὐκ
532 789 700 859 έχων·
749 792 799 843 εἰ
855 790 1013 844 δώσει
1068 791 1304 862 σκύμνος
1347 791 1527 863 φωνὴν
1561 792 1727 846 αὐτοῦ

166 879 430 942 καθόλου,
475 879 571 933 ἐὰν
616 879 690 949 μὴ
716 880 940 952 ἁρπάσῃ
961 897 1035 934 τι.
1070 898 1089 931 ι
1128 882 1189 934 Εἰ
1217 880 1520 951 ἐνδέχεται,
1559 880 1724 950 φησί,

165 970 354 1025 λέοντα
393 972 426 1041 ἦ
474 974 540 1026 ἐκ
582 972 682 1042 τῆς
742 972 978 1042 μάνδρας
1025 971 1213 1043 βοῆσαι
1250 973 1345 1042 τῆς
1386 972 1619 1038 οἰκείας,
1652 971 1726 1042 μὴ

166 1065 336 1136 θήρας
383 1065 572 1134 ἔχοντα
618 1065 967 1136 προσδοκίαν·
1016 1067 1065 1118 εἰ
1095 1066 1188 1119 καὶ
1229 1064 1509 1133 ἑωρακότα
1544 1082 1617 1126 τι,
1652 1062 1726 1133 μὴ

161 1155 437 1225 ἁρπάσαι·
489 1155 585 1209 καὶ
629 1156 736 1227 γάρ
771 1157 862 1209 καὶ
907 1154 1142 1227 σκύμνον
1194 1155 1356 1209 πάλιν
1397 1155 1487 1208 τὸν
1542 1155 1727 1209 λέοντα

166 1246 346 1314 λέγει·
378 1244 455 1309 ὡς
483 1246 558 1300 ὅτ’
583 1245 648 1298 ἂν
672 1246 799 1318 εἴπῃ
820 1263 831 1275 ·
867 1265 885 1297 ‹
927 1246 991 1300 Τί
1025 1248 1169 1300 ἐστιν
1203 1247 1506 1319 ἄνθρωπος,
1550 1248 1583 1317 ἢ
1612 1247 1726 1311 υίὸς

166 1334 490 1407 ἀνθρώπους
526 1354 545 1389 ι
584 1338 647 1390 Εἰ
693 1338 872 1391 τοίνυν
918 1338 1119 1401 ταῦτα,
1155 1340 1337 1409 φησὶν,
1382 1334 1492 1392 οἷόν
1531 1357 1589 1392 τε
1631 1356 1727 1408 γε-

164 1426 382 1493 νέσθαι,
413 1427 685 1498 ἐνδέχεται
711 1430 804 1483 καὶ
835 1429 926 1483 τὸν
959 1430 1213 1500 πολέμιον
1240 1431 1328 1483 τὸν
1358 1430 1622 1502 ὑμέτερον
1655 1433 1721 1500 τῇ

164 1518 252 1587 ἐφ’
278 1519 422 1591 ὑμᾶς
459 1519 601 1591 ὁρμῇ
634 1520 974 1591 χρήσασθαι,
1011 1523 1084 1593 μὴ
1112 1523 1315 1587 πάντας
1357 1523 1501 1593 ὑμᾶς
1540 1522 1727 1593 ῶσπερ

163 1608 286 1663 τινὰ
336 1609 775 1680 συλλαμϐάνοντα
828 1612 1017 1684 Θήραν.
1075 1630 1094 1663 ι
1135 1613 1197 1665 Εἰ
1248 1617 1492 1667 πεσεῖται
1542 1614 1725 1685 ὄρνεον

164 1702 258 1754 ἐπὶ
272 1701 373 1772 τὴν
398 1700 504 1773 γῆν
518 1702 642 1756 ἀνευ
664 1701 865 1766 ἰξευτοῦ
883 1720 899 1734 ο
916 1704 964 1756 εἰ
990 1702 1315 1774 χασθήσεται
1336 1706 1497 1773 παγίς
1515 1705 1605 1757 ἐπὶ
1626 1705 1725 1775 τῆς

1836 519 1890 573 in
1924 520 2061 575 silva
2083 518 2189 581 leo,
2215 518 2323 573 nisi
2355 517 2606 572 habuerit
2630 516 2900 587 praedam;
2932 517 2977 571 si
3003 516 3151 572 dabit
3177 522 3395 577 catulus

1833 612 1955 679 ejus
1990 625 2179 667 vocem
2231 624 2386 667 suam
2418 609 2661 673 omnino,
2708 608 2814 664 nisi
2852 609 3056 678 aliquid
3088 614 3345 680 rapuerit.
3368 631 3389 665 ι

1837 698 1892 753 Si
1924 700 2039 755 ﬁeri
2072 709 2247 769 potest
2282 710 2339 756 ut
2383 700 2467 754 leo
2495 699 2563 754 de
2609 699 2865 769 spelunca
2896 715 2993 756 sua
3023 700 3240 767 clamet,
3288 705 3393 759 nisi

1837 792 1961 845 ferae
1985 791 2262 860 capienda:
2290 791 2609 857 immineat;
2634 790 2715 844 vel
2743 793 2790 845 si
2818 791 3026 860 aliquid
3050 792 3249 855 videat,
3286 810 3393 849 non

1836 884 2027 953 rapiat.
2062 882 2197 936 Nam
2228 882 2391 937 etiam
2422 881 2685 939 vocabulo
2719 882 2930 934 catulus
2968 882 3174 938 leonem
3213 884 3396 940 denuo

1832 972 2000 1028 dicit:
2035 973 2196 1028 veluti
2227 972 2316 1027 ubi
2343 972 2579 1027 dicitur:
2625 988 2643 1022 ι
2664 971 2802 1037 Quid
2827 983 2909 1027 est
2932 972 3112 1039 homo,
3137 982 3231 1028 aut
3250 973 3394 1030 ﬁlius

1838 1063 2232 1120 hominis‘L"?
2250 1084 2267 1116 ι
2289 1064 2345 1117 Si
2366 1079 2514 1134 ergo,
2538 1063 2737 1134 inquit,
2755 1064 2867 1119 haec
2882 1064 3241 1134 ﬁeripossint,
3264 1075 3396 1123 tunc

1832 1156 2105 1225 continget
2130 1155 2317 1219 etiam,
2348 1163 2407 1209 ut
2447 1156 2623 1210 hostis
2654 1167 2833 1211 vester
2863 1156 3127 1213 adversus
3164 1175 3264 1215 vos
3294 1161 3397 1214 im-

1832 1253 2014 1315 petum
2036 1244 2219 1311 faciat,
2270 1246 2403 1317 quin
2430 1246 2591 1301 simul
2613 1262 2800 1302 omnes
2826 1263 2924 1304 vos
2969 1256 3225 1319 tanquam
3256 1267 3394 1322 pra:-

1832 1338 1955 1391 dam
1987 1338 2287 1393 venaticam
2340 1340 2543 1408 capiat.
2583 1358 2600 1391 ι
2626 1340 2681 1394 Si
2726 1339 2883 1393 cadet
2929 1341 3047 1396 avis
3099 1343 3153 1396 in
3186 1350 3393 1398 terram

1832 1431 2037 1499 absque
2058 1444 2265 1499 aucupe
2292 1448 2307 1496 ;
2339 1430 2385 1485 si
2408 1430 2722 1486 demittetur
2744 1431 2972 1501 laqueus
2996 1432 3049 1487 in
3071 1442 3235 1498 terra,
3261 1435 3393 1504 quin

1832 1520 2038 1588 aliquid
2094 1520 2581 1590 comprehendat.»
2628 1519 2781 1575 Sicut
2810 1522 2975 1585 enim,
3021 1523 3218 1595 inquit,
3268 1540 3395 1582 aves

1833 1613 1901 1665 ab
1923 1611 2225 1680 aucupibus
2256 1612 2372 1680 capi
2403 1613 2611 1677 solent;
2653 1623 2704 1667 et
2742 1612 2919 1683 laquei
2955 1621 3084 1667 tunc
3114 1616 3269 1686 107
3300 1631 3395 1671 ex-

1832 1702 2012 1758 cidere
2049 1718 2172 1756 cum
2202 1703 2405 1771 aliquid
2429 1703 2871 1772 comprehensuri
2900 1712 3061 1759 sunt:
3110 1706 3185 1760 ita
3216 1716 3270 1761 et
3295 1722 3394 1763 vos

162 1794 297 1863 γῆς,
329 1793 456 1861 ἀνευ
483 1792 576 1845 τοῦ
607 1792 883 1846 συλλαϐεῖν
917 1811 989 1846 τι.
1037 1812 1056 1844 ›
1102 1795 1185 1857 Ὠς
1220 1794 1327 1865 γὰρ
1353 1796 1423 1848 τά
1452 1812 1510 1847 τε
1532 1794 1723 1865 ὄρνεα,

1836 1801 2035 1848 tantum
2094 1794 2359 1846 malorum
2420 1795 2621 1863 perpeti
2671 1810 2899 1850 necesse
2952 1796 3078 1859 erit,
3142 1797 3396 1854 hostibus

163 1886 364 1954 φησιν,
413 1883 518 1938 ὑπὸ
572 1884 799 1948 ἰξευταίς
853 1884 1219 1955 λαμϐάνεσθαι
1280 1884 1499 1939 εἴωθεν·
1555 1886 1616 1940 αἵ
1668 1904 1725 1938 τε

161 1971 392 2041 παγίδες
428 1970 726 2043 τηνικαῦτα
753 1971 1055 2039 ἐκπίπτειν,
1091 1973 1259 2026 ἐπειδ’
1282 1973 1346 2027 ἄν
1385 1991 1436 2027 τι
1465 1974 1557 2027 καὶ
1606 1975 1725 2028 συλο

1825 1879 2007 1932 divina
2034 1879 2313 1932 voluntate
2337 1878 2668 1932 irruentibus
2694 1887 2748 1931 et
2784 1880 3394 1949 comprehendentibus,

1826 1961 1936 2014 imo
1961 1968 2014 2015 et
2040 1960 2094 2014 in
2124 1961 2493 2030 captivitatem
2525 1977 2620 2016 vos
2650 1960 3067 2018 abducentibus.
3102 1984 3121 2016 ‹
3164 1964 3219 2018 Si
3241 1966 3395 2020 clan-

162 2040 803 2135 lachivetv'pénmatv,
855 2062 997 2133 οὕτω
1046 2065 1141 2118 καί
1203 2065 1345 2135 ὑμᾶς
1398 2066 1459 2118 τὸ
1510 2066 1730 2119 τοσοῦτο

1836 2052 1911 2112 get
1959 2044 2088 2096 tuba
2131 2042 2184 2097 in
2216 2042 2457 2107 civitate,
2506 2052 2560 2098 et
2591 2045 2824 2115 populus
2860 2062 2968 2099 non
3000 2040 3345 2117 expavescet.
3369 2067 3390 2102 ι

165 2157 350 2225 μεῖναι
391 2153 501 2208 τῶν
559 2153 744 2207 κακῶν
794 2152 1042 2225 ἀνάγκη,
1088 2152 1197 2207 τῶν
1256 2156 1529 2225 πολεμίων
1590 2156 1730 2209 κατὰ

161 2243 392 2315 γνώμην
434 2241 584 2299 θείαν
629 2245 889 2301 ἐπιόντων
926 2264 985 2299 τε
1031 2247 1123 2300 καὶ
1173 2247 1727 2320 συλλαμϐανομένων,

163 2338 261 2392 καὶ
292 2336 357 2410 δή
398 2338 491 2393 καὶ
531 2339 612 2402 εἰς
657 2336 1028 2408 αἰχμαλωσίαν
1062 2340 1376 2409 ἀπαγὸντων
1407 2342 1569 2411 ὑμᾶς.
1608 2360 1626 2391 ι
1665 2342 1729 2395 Εἰ

161 2430 405 2501 φωνήσει
454 2428 683 2499 σάλπιγξ
728 2433 788 2482 ἐν
836 2431 1019 2491 πόλει,
1068 2432 1161 2485 καὶ
1186 2432 1312 2495 λαὸς
1337 2432 1397 2485 ού
1432 2433 1729 2504 πτοηθήσε-

157 2539 276 2576 ται.
317 2542 334 2574 ι
370 2522 433 2576 Εἰ
479 2521 744 2592 ἐνδέχεται
776 2522 969 2595 ἁθρόον
1001 2522 1297 2592 σάλπιγγος
1333 2527 1389 2577 ἐν
1424 2526 1573 2578 πόλει
1600 2525 1726 2595 βοη-

160 2615 360 2686 σάσης,
387 2613 461 2685 μή
491 2616 625 2668 πᾶσι
645 2615 870 2685 πτόησιν
896 2613 1210 2683 ἐγγενέσθαι
1240 2614 1331 2667 ἐπὶ
1362 2618 1427 2685 τῇ
1451 2615 1556 2668 τῶν
1582 2632 1730 2683 γινο-

161 2703 349 2776 μένων
386 2704 608 2776 άδηλίᾳ,
658 2703 924 2771 ἐνδέξεται
981 2706 1074 2760 καί
1125 2706 1267 2776 ὑμᾶς
1312 2706 1592 2778 ἀθορύϐως
1638 2708 1733 2760 καὶ

1829 2125 1883 2179 Si
1919 2126 2033 2180 ﬁeri
2078 2135 2256 2195 potest
2286 2137 2363 2189 ut,
2400 2127 2529 2180 tuba
2563 2128 2616 2181 in
2665 2128 2881 2181 civitate
2920 2130 3225 2200 clangente,
3264 2146 3398 2187 con-

1830 2208 2092 2262 sternatio
2120 2224 2228 2261 non
2264 2208 2475 2263 accidat
2509 2209 2576 2263 iis
2606 2210 2698 2279 qui
2731 2211 2808 2265 rei
2836 2226 3061 2266 causam
3104 2214 3393 2284 ignorant:

1830 2299 1963 2344 tunc
1994 2306 2092 2345 vos
2123 2307 2339 2360 quoque
2370 2293 2617 2361 poteritis
2641 2294 2892 2362 intrepidi
2925 2306 3089 2364 atque
3114 2297 3399 2357 indemnes

1831 2374 2079 2428 bellicam
2104 2375 2293 2428 audire
2319 2377 2523 2430 tubam.
2568 2394 2586 2427 ι
2609 2375 2664 2431 Si
2687 2378 2793 2431 erit
2816 2394 3057 2433 aerumna
3083 2381 3135 2434 in
3154 2381 3397 2447 civitate.

1831 2466 1994 2523 quam
2016 2454 2278 2511 Dominus
2300 2472 2404 2511 non
2425 2457 2683 2512 effecerit.
2709 2479 2725 2510 ι
2756 2458 2910 2515 Sicut
2933 2462 3036 2517 ista
3059 2464 3401 2533 impossibile

1831 2547 1914 2593 est
1944 2554 2050 2591 non
2081 2547 2205 2593 ante
2230 2539 2378 2592 dicto
2404 2541 2563 2594 modo
2594 2540 2823 2605 ﬁeri,ita
2863 2544 3200 2615 impossibile
3233 2556 3319 2602 est
3343 2558 3400 2604 et

1842 2624 2049 2678 civitati
2082 2634 2275 2679 vestrae
2300 2626 2598 2694 quamlibet
2648 2642 2945 2683 aerumnam
2987 2632 3257 2700 accidere,
3292 2635 3401 2691 nisi

1844 2722 1964 2761 eam
1995 2706 2137 2760 Deus
2167 2709 2321 2762 vobis
2351 2708 2657 2763 adduxerit.

157 2798 417 2862 ἀϐλαϐῶς
442 2800 540 2872 τῆς
568 2800 863 2872 πολεμικῆς
890 2801 1115 2854 ἀκοῦσαι
1149 2801 1465 2871 σάλπιγγος.
1508 2821 1525 2853 ι
1575 2804 1635 2856 Εἰ
1661 2805 1810 2856 ἔσται
1841 2802 2009 2856 κακία
2044 2804 2101 2855 ὲν
2128 2803 2301 2870 πόλει,
2332 2805 2348 2868 (
2368 2820 2419 2875 p.
2456 2804 2589 2874 162)
2615 2806 2682 2877 ἢν
2715 2806 2918 2877 Κύριος
2946 2808 3046 2862 οὐκ
3069 2809 3338 2881 ἐποίησεν.
3375 2831 3394 2867 ι

166 2891 266 2957 Ὦς
288 2892 346 2946 δὲ
371 2892 543 2949 ταῦτα
570 2893 824 2949 ἀδύνατον
858 2896 932 2966 μὴ
966 2894 1086 2949 καθ’
1116 2896 1173 2948 ὃν
1204 2896 1307 2966 ἔφη
1330 2896 1579 2965 γενέσθαι
1608 2898 1828 2969 τρόπον,
1862 2897 2031 2961 οὕτως
2059 2898 2313 2951 ἀδύνατον
2338 2900 2430 2951 καὶ
2454 2900 2519 2953 τά
2552 2902 2676 2969 περὶ
2706 2901 2802 2972 τὴν
2826 2901 2977 2956 πόλιν
3008 2904 3105 2975 τὴν
3132 2907 3405 2978 ὑμετέραν

160 2985 442 3058 συμϐῆναι
470 2984 635 3051 κακά,
670 2987 745 3057 μὴ
770 2985 906 3040 Θεοῦ
928 2987 1298 3056 ἐπαγαγόντος
1328 2990 1475 3058 ὑμῖν.

234 3075 389 3146 Στίχ.
436 3076 566 3141 ζ’-ι’.
596 3104 666 3116 -
703 3094 721 3127 ι
751 3076 893 3128 Διότι
943 3077 1017 3148 μὴ
1066 3078 1265 3149 ποιήσῃ
1308 3078 1510 3148 Κύριος
1547 3078 1575 3130 ὁ
1600 3077 1732 3139 Θεὸς

1912 3075 2079 3132 Vsus.
2127 3078 2279 3132 7-l0.
2312 3107 2382 3116 —
2422 3079 2821 3143 «Quamobrem
2885 3100 2993 3137 non
3048 3085 3206 3142 faciet
3258 3087 3402 3145 Deus

160 3168 425 3241 πρᾶγμα,
442 3166 536 3221 ἐάν
565 3165 641 3239 μὴ
663 3166 984 3238 ἀποκαλύψῃ
1010 3166 1255 3221 παιδείαν
1278 3166 1439 3222 αὐτοῦ
1466 3169 1597 3241 πρὸς
1611 3170 1736 3231 τοὺς

157 3257 390 3321 δούλους
416 3255 583 3311 αὑτοῦ
602 3258 725 3321 τοὺς
752 3260 1050 3329 προφήτας.
1080 3278 1097 3309 ι
1130 3260 1204 3312 Οὐ
1231 3259 1406 3313 τοίνυν
1435 3259 1553 3312 οὐδὲ
1575 3261 1735 3329 ἡμεῖς

164 3349 353 3421 μάτην
386 3347 759 3420 φθεγγόμεθα,
801 3349 914 3402 ἀλλ’
961 3348 1132 3402 ὁπόσα
1170 3349 1303 3413 Θεὸς
1348 3350 1577 3403 δέδωκεν
1605 3351 1735 3422 ἡμῖν

161 3442 378 3495 εἰπεῖν·
416 3439 476 3502 ὃς
519 3439 625 3510 πρὸ
661 3439 767 3493 τῶν
813 3440 1147 3511 πραγμάτων
1189 3440 1432 3512 βούλεται
1479 3441 1545 3493 δι’
1580 3441 1737 3512 ἡμῶν

165 3528 472 3603 μηνύεσθαι
512 3528 583 3583 τά
625 3529 873 3601 ἐσόμενα,
908 3530 1000 3583 καὶ
1029 3532 1170 3602 ἅπερ
1208 3534 1285 3594 εἰς
1324 3531 1598 3585 παίδευσιν
1642 3533 1738 3584 ἐπ-

165 3618 329 3685 άγειν
359 3615 540 3686 μέλλει
566 3615 665 3686 τὴν
697 3616 963 3688 ὑμετέραν
987 3634 1000 3648 ·
1037 3618 1111 3682 ὡς
1142 3618 1208 3673 ἂν
1252 3620 1475 3691 εἰδείητε
1504 3620 1610 3674 τῶν
1642 3622 1732 3672 ἐπ-

164 3709 455 3779 αγομένων
484 3708 610 3778 ὑμῖν
647 3707 829 3761 κακῶν
854 3710 950 3780 τὴν
982 3710 1177 3773 αἰτίαν,
1216 3712 1345 3782 παρ’
1375 3712 1496 3764 ὅτου
1541 3729 1599 3765 τε
1644 3713 1738 3766 καὶ

167 3799 316 3871 ὑπὲρ
343 3791 418 3852 ὧν
439 3799 736 3867 ἐπάγεσθαι
764 3798 963 3871 μέλλει.
997 3819 1016 3853 ι
1035 3801 1183 3854 Λέων
1212 3801 1508 3874 ἐρεύξεται,
1540 3804 1631 3857 καὶ
1656 3804 1738 3869 τίς

168 3890 237 3947 οὐ
277 3888 681 3962 φοϐηθήσεται;
721 3890 923 3962 Κύριος
958 3892 986 3943 ὁ
1028 3891 1158 3955 Θεὸς
1197 3892 1455 3965 ἐλάλησε,
1509 3895 1601 3948 καὶ
1654 3896 1739 3959 τίς

168 3980 236 4038 οὐ
279 3981 674 4053 προφητεύσει;
707 4000 725 4032 ι
790 3980 912 4035 Οὔτ’
957 3977 1049 4035 οὖν
1101 3983 1309 4047 λέοντος
1369 3984 1737 4055 φθεγγομένου

176 4071 341 4143 μέγα,
371 4071 594 4125 δυνατὸν
621 4072 695 4144 μὴ
715 4072 863 4145 φόϐῳ
882 4073 1248 4145 λαμϐάνεσθαι
1277 4076 1344 4130 τά
1368 4079 1540 4148 κτήνη
1562 4095 1575 4108 ·
1603 4077 1737 4131 Θεοῦ

171 4182 236 4218 τε
285 4165 739 4236 ἀποφαινομένου,
786 4167 886 4219 οὐκ
929 4166 1073 4221 ἔστιν
1113 4169 1257 4238 ἡμᾶς
1304 4168 1377 4239 μὴ
1414 4170 1552 4240 μετά
1589 4170 1739 4234 δέους

173 4255 563 4328 ὖπηρετεῖσθαι
584 4258 691 4320 τοῖς
718 4257 864 4328 αὐτῷ
884 4257 1144 4313 δοκοῦσιν.
1175 4278 1193 4310 ι
1217 4259 1604 4328 Ἀπαγγείλατε
1630 4260 1738 4331 χὼ-

156 4365 302 4430 ,ραις
320 4350 379 4402 ἐν
390 4348 711 4419 Ἀσσυρίοις,
732 4348 825 4401 καὶ
845 4348 935 4401 ἐπὶ
950 4348 1046 4412 τὰς
1063 4348 1244 4421 χώρας
1266 4352 1321 4402 ἐν
1350 4353 1419 4421 γῇ
1443 4351 1735 4419 Αἰγύπτου·

1836 3168 2157 3238 quidquam,
2192 3169 2297 3222 nisi
2328 3172 2648 3224 rcvelaverit
2676 3172 3021 3243 disciplinam
3050 3193 3202 3232 suam
3226 3184 3404 3239 servis

1836 3261 1951 3315 suis
1976 3261 2276 3330 prophetis.
2307 3280 2323 3310 ι
2360 3260 2542 3331 Itaque
2567 3279 2633 3317 ne
2659 3279 2759 3318 nos
2788 3267 3005 3334 quidem
3037 3276 3237 3325 temere
3259 3275 3403 3341 apud

1835 3366 1931 3405 vos
1973 3351 2269 3420 loquimur,
2307 3353 2401 3406 sed
2453 3368 2575 3423 qua:
2606 3352 2749 3409 Deus
2796 3358 2955 3412 nobis
2995 3360 3269 3416 commisit
3318 3363 3404 3417 di-

1835 3442 2041 3507 cenda;
2074 3443 2165 3512 qui
2202 3452 2328 3498 ante
2377 3460 2559 3498 rerum
2591 3454 2866 3511 eventum,
2896 3450 3010 3503 vult
3047 3466 3143 3519 per
3198 3467 3300 3507 nos
3336 3456 3404 3508 si.

1834 3532 2087 3603 gniﬁcari
2133 3532 2337 3595 futura,
2387 3543 2441 3589 et
2472 3550 2593 3604 qua:
2623 3536 2690 3589 ad
2720 3541 3123 3607 correptionem
3156 3552 3397 3599 vestram

1837 3632 2061 3677 acturus
2088 3632 2208 3686 est;
2244 3634 2301 3679 ut
2324 3627 2566 3682 noscatis
2595 3628 2927 3684 inﬂictorum
2965 3634 3230 3689 malorum
3267 3652 3398 3692 cau-

1838 3731 1976 3781 sam,
2004 3724 2057 3771 et
2079 3732 2187 3785 quo
2208 3728 2434 3773 auctore
2464 3726 2518 3774 et
2542 3736 2704 3789 quam
2744 3722 2815 3775 ob
2844 3736 2956 3777 rem
2988 3735 3245 3781 eventura
3272 3729 3398 3787 sint.

1843 3826 1860 3859 ι
1883 3807 1990 3862 Leo
2019 3809 2216 3878 rugict,
2247 3818 2302 3864 et
2333 3811 2456 3880 quis
2484 3826 2593 3865 non
2615 3811 2863 3867 timebit?
2892 3812 3154 3872 Dominus
3184 3819 3401 3877 locutus

1837 3905 1941 3958 est,
1973 3906 2025 3951 et
2051 3899 2173 3968 quis
2199 3915 2303 3953 non
2328 3900 2670 3970 prophetabit
2689 3901 2712 3954 ?
2732 3920 2749 3952 ι
2777 3900 2887 3958 Nec
2918 3903 3074 3961 leone
3097 3907 3260 3978 igitur
3285 3926 3401 3965 ma-

1838 4006 1997 4059 gnam
2030 4007 2214 4046 vocem
2237 3992 2451 4055 edente,
2477 3994 2589 4048 fieri
2628 4002 2807 4064 potest
2843 4005 2900 4050 ut
2962 3998 3147 4054 bestia:
3183 4017 3290 4056 non
3308 4019 3403 4057 ex-

1839 4093 2163 4149 pavescant:
2220 4099 2395 4154 neque
2420 4083 2531 4139 Deo
2563 4088 2856 4152 revelaute,
2892 4087 3006 4144 ﬁeri
3042 4101 3219 4160 potest
3264 4110 3406 4165 quo-

1838 4174 2018 4228 minus
2052 4189 2151 4228 nos
2184 4189 2306 4228 cum
2341 4174 2535 4231 timore
2564 4176 2931 4248 obsequamur
2960 4183 3226 4236 voluntati
3258 4187 3397 4253 ejus.

1845 4285 1863 4316 σ
1884 4267 2218 4321 Annuntiate
2238 4268 2553 4337 regionibus
2571 4268 2711 4339 apud
2730 4270 3009 4341 Assyrios,
3030 4283 3084 4327 et
3105 4277 3402 4345 provinciis

1841 4357 2063 4411 interra
2105 4357 2348 4429 Egypti,
2399 4370 2451 4414 et
2498 4360 2713 4417 dicite:
2766 4362 3184 4434 Cougregamini
3239 4385 3403 4437 super

175 4439 274 4493 καὶ
300 4439 486 4492 εἴπατε
508 4453 523 4469 ·
559 4438 865 4510 Συνάχθητε
893 4440 987 4492 ἐπὶ
1020 4442 1085 4495 τά
1130 4442 1228 4511 ὅρη
1269 4442 1598 4512 Σαμαρείας,
1648 4445 1733 4497 καὶ

1844 4457 2054 4505 montes
2084 4451 2364 4514 Samaria),
2391 4460 2444 4505 et
2468 4452 2642 4507 videte
2666 4454 2931 4509 mirabilia
2955 4458 3122 4510 multa
3147 4458 3199 4512 in
3225 4462 3401 4515 medio

176 4530 317 4583 ἴδετε
351 4529 638 4601 θαυμαστά
681 4529 847 4583 πολλὰ
882 4532 939 4583 ἐν
985 4531 1132 4603 μέσῳ
1160 4533 1349 4604 αὐτῆς,
1387 4534 1480 4586 καὶ
1513 4535 1745 4587 καταδυ-

174 4620 433 4675 ναστείαν
474 4623 532 4673 ἐν
574 4621 742 4691 αὐτῇ·
784 4622 877 4676 καί
929 4623 1027 4675 ούκ
1071 4624 1211 4691 ἔγνω
1251 4623 1286 4677 ἀ
1331 4624 1480 4678 ἔσται
1506 4627 1746 4680 ἐναντίον

174 4712 370 4782 αὐτῆς,
393 4709 539 4779 λέγει
560 4711 779 4783 Κύριος.
810 4731 830 4763 ι
849 4712 935 4775 Ὧς
954 4714 1061 4785 γὰρ
1083 4714 1489 4786 πιστωσάμενος
1514 4716 1574 4768 τὸ
1604 4716 1744 4769 κατά

174 4800 406 4873 γνώμην
426 4800 559 4854 Θεοῦ
588 4803 811 4873 μηνύειν
836 4803 1017 4867 αὐτοῖς
1042 4804 1111 4858 τά
1139 4805 1389 4875 ἐσόμενα,
1425 4803 1630 4870 Πάντες
1657 4806 1742 4876 δὴ,

177 4890 654 4964 φησὶν,’Δσσύριοί
686 4910 746 4946 τε
780 4894 873 4947 καὶ
894 4894 1176 4963 Αἰγύπτιοι
1205 4897 1367 4967 ἣκετε
1394 4898 1484 4950 ἐπὶ
1519 4898 1614 4969 τὴν
1633 4900 1741 4953 Σα-

179 4982 413 5054 μάρειαν
438 4981 688 5054 ὀψόμενοι
714 4984 877 5057 ἡλίκῃ
921 4988 1058 5041 κατὰ
1086 4986 1192 5039 τῶν
1222 4989 1617 5061 ἀσθενεστέρων
1656 4991 1744 5044 κέ-

175 5090 411 5147 χρηνται
428 5076 493 5147 τῇ
521 5073 804 5147 δυναστείᾳ
822 5096 834 5105 ·
854 5077 1060 5148 (p.165)
1077 5081 1175 5132 οὐκ
1194 5080 1630 5150 ἀναλογιζόμενοι
1657 5077 1743 5135 οἷα

177 5162 457 5216 πείσονται
484 5163 621 5237 ὑπὲρ
653 5163 873 5232 τούτων,
907 5167 1255 5239 ὀργιζομένου
1287 5173 1404 5223 κατ’
1445 5173 1623 5225 αὐτῶν
1650 5174 1742 5227 τοῦ

177 5251 317 5306 Θεοῦ
338 5270 356 5285 ·
380 5252 650 5321 γνώσεσθε
676 5256 784 5327 γὰρ
811 5258 892 5309 ὅτι
917 5257 1125 5312 δικαίαν
1153 5262 1332 5325 αὐτοῖς
1356 5264 1494 5335 ὑπὲρ
1526 5259 1600 5317 ὧν
1630 5265 1741 5318 δια-

180 5344 508 5416 πράττονται
525 5348 771 5416 τοιαύτην
793 5347 986 5415 ἐπάγει
1014 5350 1109 5420 τὴν
1135 5353 1395 5424 τιμωρίαν
1415 5371 1427 5383 ·
1456 5355 1741 5426 πεπολιορ-

180 5436 415 5507 κηκότες
450 5435 558 5508 γὰρ
607 5439 802 5503 αὐτοὺς
841 5440 1130 5514 Ἀσσύριοι,
1181 5444 1308 5508 τοὺς
1347 5449 1741 5517 καταπεφευγό-

178 5544 279 5593 τας
304 5528 364 5596 ἐξ
393 5529 571 5583 αὐτῶν
598 5530 690 5584 ἐπὶ
719 5531 818 5602 τὴν
844 5533 1135 5602 Αιγυπτον,
1164 5535 1479 5601 ἐξείλκυσαν
1511 5556 1569 5593 τε
1601 5543 1740 5594 ἐκεῖ-

253 5729 377 5765 ⁸⁶·”
416 5729 558 5787 Psal.
598 5748 714 5799 vui,
752 5733 807 5789 5.
881 5733 928 5766 ⁸⁵⁸
960 5731 1086 5791 Ose.
1128 5750 1202 5804 ιι,
1237 5735 1287 5789 6.

1844 4539 2015 4603 illius,
2050 4550 2103 4595 et
2133 4544 2541 4611 oppressionem
2574 4544 2627 4597 in
2676 4559 2771 4598 ea:
2805 4554 2861 4599 et
2900 4546 3111 4615 ignorat
3153 4565 3273 4618 quae
3307 4551 3404 4605 im-

1840 4632 2049 4686 minent
2080 4649 2263 4687 coram
2294 4636 2431 4705 ipsa,
2464 4636 2539 4688 ait
2563 4635 2842 4693 Dominus.
2865 4658 2883 4690 ι
2918 4638 3083 4704 Quasi
3103 4643 3213 4710 jam
3242 4643 3400 4699 Iidem

1840 4721 2207 4790 impetrasset,
2255 4741 2312 4779 se
2360 4726 2642 4781 voluntate
2696 4726 2788 4781 Dei
2846 4731 3046 4799 p0pulo
3093 4734 3403 4802 signiﬁcare

1840 4813 2022 4868 futura
2045 4858 2059 4881 ,
2083 4814 2306 4883 Omnes,
2342 4818 2541 4888 inquit,
2573 4819 2781 4889 Assyrii
2820 4828 2983 4890 atque
3020 4821 3281 4894 IEgyptii,
3308 4843 3401 4883 ve.

1839 4906 1950 4959 nite
1969 4905 2289 4973 Samariam,
2319 4919 2371 4963 et
2395 4910 2571 4965 videte
2607 4920 2809 4981 quanta
2839 4914 2909 4968 ibi
2947 4915 3016 4968 sit
3041 4916 3399 4977 inﬂrmiorum

1838 5000 2151 5068 Oppressio;
2207 5001 2334 5053 dum
2382 5018 2487 5055 non
2535 5012 2750 5073 reputat
2805 5004 2920 5059 fore
2952 5015 3010 5059 ut
3047 5008 3251 5076 justam
3293 5015 3398 5069 sibi

1839 5098 2061 5160 propter
2092 5106 2189 5145 sua
2222 5091 2465 5147 facinora
2498 5094 2640 5150 Deus
2681 5109 2895 5165 pmnam
2928 5099 3087 5171 108
3115 5102 3275 5156 talem
3309 5106 3405 5160 im-

1841 5192 2023 5251 ponat.
2048 5180 2183 5236 Nam
2206 5198 2330 5236 cum
2348 5184 2557 5256 Assyrii
2583 5201 2700 5241 eam
2719 5188 3070 5254 obsederunt,
3097 5194 3218 5251 i!los
3238 5200 3400 5254 etiam

1844 5274 1935 5342 qui
1965 5273 2111 5327 illinc
2138 5274 2203 5327 ad
2226 5272 2515 5347 Egyptios
2540 5278 2909 5349 profugerant,
2954 5284 3191 5338 indidem
3229 5303 3401 5343 retru-

1846 5374 2059 5431 xerunt,
2087 5375 2139 5421 et
2163 5368 2305 5436 apud
2340 5370 2511 5438 ipsam
2535 5370 2826 5442 Egyptum
2858 5377 3188 5444 puniverunt
3215 5399 3227 5433 :
3262 5385 3406 5438 sicut

1845 5458 2007 5512 etiam
2040 5458 2179 5528 apud
2206 5460 2399 5513 Oscam
2429 5459 2714 5530 dicitur“,
2736 5468 2880 5535 quod
2900 5487 2916 5517 ε
2935 5466 3009 5520 Ex
3032 5466 3245 5539 Egypti
3263 5475 3407 5528 cala-

1850 5548 2036 5604 mitate
2064 5548 2376 5618 precedent,
2423 5559 2476 5607 et
2508 5555 2735 5625 excipiet
2788 5573 2882 5611 eos
2914 5557 3193 5630 Memphis,
3227 5570 3281 5616 et
3310 5579 3404 5622 eos
