3824 6224
427 310 535 368 265

1619 307 1971 364 TIIEODORI
2000 306 2486 365 MOPSUESTENI

3573 302 3678 356 261

433 423 716 482 Macbnias
734 429 976 499 sepeliet.
990 448 1008 482 ι
1023 427 1319 500 Pr0pterea
1344 429 1507 500 igitur
1528 427 1592 480 ad
1623 442 1717 482 eos
1744 427 2001 497 loquitur,

2109 429 2220 494 θεν,
2258 428 2352 482 καὶ
2379 428 2468 482 ἐπ’
2495 426 2664 496 αὐτῆς
2699 427 3109 498 ἐτιμωρήσαντο
3135 424 3233 494 τῆς
3263 421 3540 490 Αἰγύπτου
3559 435 3574 448 ·
3605 427 3682 486 ὡς

432 523 491 572 ut
511 531 686 588 pinnae
703 533 815 574 sua:
836 533 1055 574 causam
1077 530 1432 591 cognoscant.
1465 538 1481 570 ι
1505 519 1607 584 Qui
1630 519 2002 574 thesaurizant

431 609 777 680 iniquitatem
799 617 854 665 et
875 611 1148 666 miseriam
1170 614 1224 666 in
1245 612 1559 684 regionibus
1579 613 1713 665 suis.
1729 629 1748 663 ι
1783 609 2002 664 Multam

429 701 574 754 enim
613 710 668 755 et
701 701 1050 756 immodicam
1073 702 1340 759 adversus
1365 717 1632 772 pauperes
1663 702 2002 772 iniquitatem

431 800 822 854 exercuerunt,
857 793 1192 849 multimodis
1219 809 1314 849 eos
1340 793 1639 848 allicientes
1668 792 1910 862 injuriis.

2105 521 2200 572 καὶ
2246 519 2396 590 παρὰ
2448 519 2526 590 τῷ
2581 519 2739 588 Ὠσηέ
2799 535 2983 588 φησιν,
3032 518 3113 571 δτι
3160 516 3566 584 Πορεύσονται
3609 515 3679 568 ἐκ

2104 611 2506 678 ταλαιπωρίας
2550 611 2880 678 Αἰγύπτου,
2954 607 3053 662 καὶ
3097 605 3402 671 ἐκδέξεται
3457 604 3683 669 αὐτοὺς

2107 698 2357 768 Μέμφις,
2387 699 2486 754 καὶ
2513 699 2691 768 θάψει
2723 699 2944 765 αὐτοὺς
2972 697 3240 768 Μαχμὰς.
3275 698 3374 750 Διὰ
3395 694 3555 749 τοῦτο
3585 690 3679 750 οὖν

2109 790 2245 860 πρὸς
2278 790 2516 853 ἐκείνους
2557 790 2742 859 φησὶν,
2777 789 2852 852 ὡς
2895 788 2961 842 ἂν
3005 787 3193 858 μαθεῖν
3221 786 3533 855 ὀφείλοντας
3579 783 3679 853 τῆς

427 883 697 955 τιμωρίας
728 883 905 937 αὐτῶν
940 883 1038 944 τὴν
1073 884 1270 942 αἰτίαν.
1310 901 1332 937 ι
1373 885 1437 938 Οἱ
1470 883 1886 955 θησαυρίζοντες
1929 879 2142 935 ἀδικίαν
2189 881 2284 935 καὶ
2317 880 2686 950 ταλαιπωρίαν
2724 883 2782 933 ἐν
2816 882 2937 942 ταῖς
2973 879 3176 949 χώραις
3204 877 3402 932 αὐτῶν.
3447 897 3466 930 ›
3500 877 3678 946 Πολλῇ

433 977 542 1042 γάρ
574 995 679 1031 τινι
717 979 812 1032 καὶ
849 979 1139 1049 ἀμετρήτῳ
1185 977 1480 1050 κέχρηνται
1521 981 1588 1049 τῇ
1633 978 1776 1031 κατὰ
1814 975 1923 1030 τῶν
1975 977 2220 1046 πενήτων
2274 975 2484 1046 ἀδικίᾳ,
2537 975 2806 1045 διαφόρως
2854 975 3047 1038 αὐτοὺς
3105 974 3516 1046 περιϐάλλοντες
3558 977 3678 1036 ταῖς

432 1071 744 1144 ὲπηρείαις.

504 1189 668 1247 Vens.
703 1193 784 1252 ll,
821 1192 904 1246 l2.
930 1222 999 1232 --
1039 1211 1058 1242 ι
1083 1190 1377 1262 Propterea
1412 1192 1524 1246 inec
1547 1191 1677 1246 dicit
1704 1191 1999 1246 Dominus:

437 1281 637 1353 Tyrus,
686 1299 741 1338 et
772 1283 825 1336 in
855 1283 1086 1338 circuitu
1121 1291 1264 1337 terra
1303 1293 1395 1338 tua
1428 1284 1782 1348 desolabitur,
1833 1290 1888 1337 et
1916 1285 2006 1336 tle-

431 1375 679 1427 trahetur
708 1391 770 1429 ex
805 1383 857 1428 te
888 1373 1150 1428 fortitudo
1180 1383 1292 1439 tua,
1320 1383 1373 1430 ct
1395 1376 1724 1446 diripientur
1755 1375 2006 1444 regiones

433 1473 560 1519 tute.
587 1484 604 1516 ι
644 1464 718 1517 Ea
749 1473 995 1536 propter,
1029 1466 1228 1536 inquit,
1257 1466 1490 1521 adducet
1530 1466 1682 1522 vobis
1719 1465 2004 1536 Assyrium

437 1554 602 1616 Deus,
658 1555 748 1624 qui
781 1554 1006 1624 Tyrum,
1060 1565 1114 1607 et
1146 1554 1451 1607 universam
1498 1564 1642 1608 tuam
1679 1556 1732 1606 in
1766 1554 1997 1606 circuitu

436 1654 662 1709 terram,
719 1645 771 1698 id
827 1653 910 1699 est
953 1645 1233 1714 proximos
1277 1659 1489 1707 omnes,
1545 1645 1598 1697 in
1652 1643 1997 1698 solitudinem

436 1739 682 1808 rediget:
703 1739 770 1793 in
796 1744 1028 1804 tantum,
1057 1745 1117 1790 ut
1138 1736 1284 1790 nulla
1303 1751 1428 1806 spes
1455 1734 1552 1789 tibi
1583 1735 1786 1804 reliqua
1808 1735 1999 1789 salutis

437 1833 530 1897 sit,
575 1833 667 1886 tali
707 1839 966 1900 tantoque
1000 1831 1154 1884 hoste
1187 1829 1507 1884 obsidente:
1541 1829 1634 1900 qui
1665 1837 1787 1896 post
1819 1828 2000 1881 omnia

436 1923 792 1978 ﬁnitimorum
812 1923 1123 1992 absumpta,
1149 1917 1297 1974 tuam
1324 1935 1542 1991 quoque
1570 1924 1845 1991 regionem
1876 1936 2005 1990 prte-

432 2012 614 2068 dando
638 2011 1088 2082 depopulabitur,
1115 2018 1173 2065 ut
1198 2011 1332 2064 nihil
1361 2010 1456 2065 tibi
1473 2011 1794 2065 aestimabile
1820 2022 2006 2079 Super-

430 2103 674 2158 futurum
715 2105 806 2160 sit.
843 2103 1045 2159 Deinde
1070 2105 1391 2174 gravitatem
1424 2117 1646 2172 quoque
1681 2102 1832 2156 exitii
1857 2102 2003 2172 quod

431 2197 706 2268 patientur
735 2196 1024 2266 signiﬁcat.
1057 2212 1076 2245 ι
1101 2192 1225 2248 Haec
1251 2195 1383 2248 dicit
1405 2192 1666 2247 Dominus
1691 2211 1707 2247 :
1738 2193 2006 2259 Quemad-

431 2288 653 2343 modum
693 2288 741 2344 si
771 2289 1026 2344 extrahat
1063 2295 1249 2356 pastor
1274 2285 1341 2340 de
1367 2299 1461 2340 ore
1498 2284 1670 2339 leonis
1711 2285 1819 2339 duo
1843 2300 2004 2338 crura

430 2389 528 2434 aut
567 2387 876 2434 extremum
925 2378 1208 2443 auriculae,
1243 2379 1323 2432 sic
1355 2384 1618 2432 eruentur
1642 2376 1734 2430 lilii
1767 2374 2001 2442 lsraelis,

432 2469 530 2538 qui
563 2470 809 2525 habitant
831 2467 1112 2532 Samaria},
1143 2485 1208 2523 ex
1237 2469 1464 2522 adverso
1489 2467 1665 2522 tribus
1691 2466 1958 2522 Damasci.
1981 2487 1998 2518 ι

437 2559 638 2625 Tanta,
670 2563 866 2631 inquit,
898 2568 1078 2616 vestra
1105 2560 1193 2613 liet
1213 2560 1392 2622 ruina,
1427 2569 1484 2613 ut
1505 2559 1694 2628 paucis
1714 2557 2004 2613 admodum

433 2653 681 2714 salvatis.
738 2669 826 2707 res
880 2653 1013 2706 nihil
1056 2651 1275 2706 dili'erre
1323 2651 1592 2715 videatur,
1647 2665 1710 2704 ac
1743 2651 1787 2705 si
1823 2667 1924 2706 ove
1974 2665 2004 2706 a

439 2744 596 2797 leone
625 2741 1022 2810 comprehensa
1065 2746 1119 2794 et
1150 2738 1284 2793 adeo
1307 2746 1652 2805 consumpta,
1679 2737 1766 2790 vix
1799 2737 2008 2806 exigua:

433 2835 559 2903 ejus
587 2843 768 2903 partes
802 2848 832 2885 a
866 2839 1084 2902 pastore
1115 2831 1326 2901 possint
1355 2844 1452 2883 ore
1487 2827 1660 2884 leonis
1694 2826 2006 2881 excidentes

367 2964 382 2988 ,
433 2925 618 2995 colligi
646 2943 659 2978 :
697 2938 834 2993 quas
865 2921 1087 2992 quidem
1117 2920 1162 2975 is
1186 2918 1507 2979 contemnit,
1540 2925 1727 2986 utpote
1755 2916 2006 2971 excarni-

437 3017 628 3070 licatas
653 3022 707 3070 et
736 3012 1010 3066 alimonia:
1036 3025 1145 3064 non
1188 3010 1432 3064 idoneas.
1469 3007 1582 3060 Hoc
1607 3007 1752 3061 enim
1790 3006 2007 3060 denota-

2172 1185 2319 1255 Στίχ.
2351 1183 2543 1253 ια’-ιβ’.
2575 1213 2642 1224 --
2690 1201 2708 1233 ι
2732 1181 2830 1234 Διὰ
2873 1181 3029 1234 τοῦτο
3065 1180 3188 1234 τάδε
3233 1178 3381 1248 λέγει
3414 1179 3618 1252 Κύριος
3646 1181 3680 1236 ὁ

2101 1276 2232 1339 Θεός
2258 1289 2272 1304 ⁶
2318 1274 2492 1345 Τύρος
2533 1273 2626 1326 καὶ
2667 1272 2928 1325 κυκλόθεν
2959 1271 3087 1342 ήγῆ
3116 1290 3212 1326 σου
3233 1271 3672 1342 ἐρημωθήσεται,

2103 1368 2196 1421 καὶ
2227 1365 2448 1429 κατάξει
2481 1365 2545 1417 ἐκ
2574 1362 2667 1418 σοῦ
2696 1363 2794 1434 τὴν
2823 1363 2974 1435 ἰσχύν
2999 1380 3113 1426 σου,
3150 1364 3243 1416 καὶ
3270 1363 3675 1434 διαρπαγήσον-

2103 1475 2192 1510 ται
2231 1458 2288 1510 αἱ
2321 1457 2494 1528 χῶραί
2536 1474 2648 1510 σου.
2681 1475 2700 1510 ι
2745 1456 2916 1526 ’Υπὲρ
2930 1455 2992 1520 δὴ
3013 1453 3235 1520 τούτων,
3265 1455 3448 1526 φησὶν,
3479 1457 3674 1525 ἐπάγει

2103 1549 2193 1602 τὸν
2228 1548 2508 1619 Ἀσσύριον
2555 1549 2680 1620 ὑμῖν
2713 1550 2741 1601 ὁ
2767 1546 2919 1609 Θεὸς,
2964 1546 3021 1608 ὃς
3059 1546 3232 1618 Τύρον
3273 1564 3336 1600 τε
3369 1547 3462 1600 καὶ
3493 1548 3675 1602 πᾶσάν

2106 1657 2198 1692 σου
2229 1638 2324 1712 τὴν
2373 1638 2760 1710 περικειμένην
2805 1637 2933 1707 γῆν,
2982 1636 3068 1689 ἵνα
3120 1636 3494 1711 είπῃ,πάντας
3546 1639 3676 1703 τοὺς

2103 1729 2531 1800 περιοικοῦντας,
2563 1730 2802 1800 ἐρήμους
2832 1728 3124 1798 ἐργάσεται
3147 1744 3161 1759 ·
3201 1728 3275 1792 ὡς
3303 1728 3566 1800 μηδεμίαν
3588 1730 3676 1782 ἐλ-

2105 1821 2232 1875 πίδα
2265 1821 2397 1892 μηδέ
2450 1821 2534 1873 σοὶ
2568 1819 2837 1890 σωτηρίας
2879 1819 3256 1887 ὑπολελεῖφθαι
3287 1819 3392 1872 ὑπὸ
3418 1820 3672 1874 τοσούτου

2104 1912 2538 1984 πολιορκουμένῳ
2594 1912 2885 1982 πολεμίου·
2937 1911 3188 1982 (p.164)
3233 1912 3502 1981 ἀφανίσας
3564 1913 3676 1986 γὰρ

2105 2005 2319 2060 ᾶπαντα
2339 2004 2406 2057 τὰ
2434 2004 2540 2056 τῶν
2569 2004 2882 2074 περιοίκων,
2916 2003 3132 2058 άπασαν
3162 2003 3256 2056 καὶ
3290 2003 3384 2057 σοῦ
3407 2003 3472 2056 δι’
3497 2006 3677 2075 ἁρπα-

2105 2098 2206 2167 γῆς
2234 2097 2516 2167 ποιήσεται
2548 2094 2647 2166 τὴν
2685 2093 2868 2166 χώραν
2887 2112 2900 2125 ·
2956 2095 3033 2158 ὡς
3063 2095 3228 2167 μηδὲν
3267 2094 3675 2168 περιλειφθῆναι

2101 2189 2210 2242 τῶν
2243 2187 2399 2256 λόγου
2444 2205 2559 2250 πως
2602 2185 2766 2251 ἀξίων
2796 2182 2937 2240 εἶναι
2979 2187 3277 2241 δοκούντων
3314 2189 3373 2241 ἐν
3403 2187 3504 2241 σοί.
3543 2185 3675 2241 Εἶτα

2105 2282 2198 2335 καὶ¹
2229 2281 2328 2351 τῆς
2353 2279 2627 2344 ἀπωλείας
2658 2279 2836 2333 αὐτῶν
2867 2275 2935 2351 ἧς
2967 2281 3362 2351 ὑποστήσονται
3390 2281 3488 2350 τὴν
3516 2280 3678 2352 βαρύ-

2102 2388 2241 2441 τητα
2271 2370 2571 2441 σημαίνων,
2627 2387 2645 2419 ι
2677 2367 2817 2422 Τάδε
2846 2368 2993 2438 λέγει
3010 2371 3234 2443 Κύριος,
3253 2369 3352 2425 "Ov
3376 2370 3571 2441 τρόπον
3599 2372 3675 2424 ὅτ’

2106 2465 2172 2520 ἂν
2197 2465 2443 2536 ἐκσπάσῃ
2470 2465 2498 2518 ὁ
2529 2463 2732 2533 ποιμὴν
2759 2463 2823 2515 ἐκ
2857 2463 3121 2534 στόματος
3149 2461 3361 2524 λέοντος
3391 2462 3484 2516 δύο
3508 2464 3674 2535 σκέλη

2104 2554 2137 2627 ἢ
2166 2555 2324 2609 λοϐὸν
2345 2555 2526 2617 ὠτίου,
2565 2553 2738 2616 οὕτως
2769 2552 3236 2623 ἐκσπασθήσονται
3266 2555 3315 2606 oi
3338 2555 3444 2607 υἱοὶ
3459 2553 3677 2624 Ἰσραὴλ

2105 2648 2156 2700 οἱ
2185 2643 2562 2708 κατοικοῦντες
2593 2645 2650 2698 ἐν
2678 2642 2956 2715 Σαμαρείᾳ
2979 2644 3262 2698 κατέναντι
3292 2645 3463 2716 φυλῆς
3493 2648 3678 2716 Δαμα-

2107 2739 2259 2792 σκοῦ.
2289 2759 2307 2790 ι
2363 2736 2610 2807 Τοσαύτη
2655 2737 2764 2807 γὰρ
2811 2735 2981 2807 ὑμῶν,
3021 2736 3173 2806 φησὶ,
3200 2736 3485 2809 γενήσεται
3512 2742 3545 2810 ή
3570 2741 3677 2794 άπ-

2105 2831 2289 2894 ώλεια,
2317 2829 2457 2884 ὥστε
2491 2829 2630 2894 ἄγαν
2657 2827 2852 2895 ὀλίγων
2881 2829 3310 2900 περισωθέντων,
3363 2829 3526 2900 μηδὲν
3564 2832 3676 2884 ἁπ-

2107 2923 2336 2978 εοικέναι
2355 2922 2414 2976 τὸ
2430 2923 2662 2992 πρᾶγμα
2676 2920 2943 2992 προϐάτου
2965 2918 3256 2989 ληφθέντος
3267 2938 3323 2974 τε
3347 2921 3449 2974 ὑπὸ
3466 2921 3678 2989 λέοντος

2107 3017 2200 3070 καὶ
2235 3012 2708 3076 καταναλωθέντος
2756 3013 2847 3065 ἐπὶ
2879 3010 3149 3079 τοσοῦτον,
3177 3011 3317 3066 ὥστε
3347 3014 3504 3084 μόγις
3545 3014 3679 3085 βρα-

435 3102 532 3160 tttr
557 3122 651 3176 per
684 3106 793 3159 duo
821 3118 982 3158 crura
1004 3109 1058 3156 et
1089 3113 1392 3161 extremum
1424 3098 1702 3151 auriculae.
1739 3095 1830 3150 Sic
1854 3096 2001 3149 nimi-

2108 3107 2204 3178 χέα
2234 3102 2354 3158 τινὰ
2385 3103 2524 3174 μέρη
2542 3102 2600 3166 ἐξ
2626 3101 2789 3156 αὐτοῦ
2814 3101 3106 3173 δυνηθῆναι
3131 3102 3224 3156 τὸν
3252 3105 3482 3169 ποιμένα
3511 3107 3675 3158 ἐκπε-

435 3215 558 3254 rum
610 3199 769 3268 pauci
819 3196 1019 3267 oppido
1061 3202 1115 3250 et
1165 3193 1398 3247 humiles
1443 3208 1507 3245 ex
1541 3191 1642 3244 hoc
1677 3187 1835 3258 109
1865 3188 2001 3242 bello

2108 3195 2354 3252 πτωκότα
2378 3191 2471 3246 τοῦ
2502 3191 2763 3262 στόματος
2786 3190 2880 3244 τοῦ
2906 3190 3118 3254 λέοντος
3136 3190 3322 3246 λαϐεῖν
3340 3208 3353 3220 ·
3382 3195 3476 3246 καὶ
3505 3195 3682 3249 ταῦτά

439 3297 790 3358 supererunt,
823 3287 889 3342 de
923 3289 1032 3343 illis
1073 3301 1266 3355 nempe
1299 3285 1389 3354 qui
1417 3283 1720 3336 Samariam
1759 3281 2001 3333 incolunt

2108 3304 2188 3358 γε,
2222 3284 2296 3340 ὧν
2317 3283 2560 3354 ὑπερορᾷ
2585 3283 2661 3345 ὼς
2689 3281 2945 3352 ἀσάρκων
2977 3298 3037 3334 τε
3064 3282 3159 3334 καὶ
3187 3283 3321 3354 πρὸς
3351 3285 3557 3357 τροφὴν
3579 3287 3681 3340 οὐκ

434 3396 501 3435 ex
545 3381 775 3435 adverso
821 3379 1324 3440 Damascenorum;
1387 3393 1527 3446 quos
1562 3375 1785 3444 perinde
1815 3391 1877 3428 ac
1924 3390 2001 3439 se,

2108 3376 2439 3447 ἐπιτηδείων·
2479 3373 2638 3427 τοῦτο
2660 3373 2769 3444 γὰρ
2797 3372 2946 3442 λέγει
2969 3373 3051 3439 τὸ,
3075 3372 3184 3426 δύο
3205 3376 3395 3442 σκέλη
3430 3376 3467 3444 ἢ
3494 3377 3682 3430 λοϐὸν

436 3474 507 3527 ab
536 3473 784 3527 hostibus
807 3471 1033 3525 mactari
1054 3468 1330 3523 videbunt.
1363 3467 1607 3536 Namque
1629 3476 1680 3520 et
1705 3465 1829 3536 Tyri
1849 3477 2001 3518 antea

2108 3473 2279 3526 ὠτίου
2298 3487 2311 3500 ·
2360 3467 2532 3532 οὓτως
2556 3466 2726 3535 ὀλίγοι
2743 3465 2884 3528 τινές
2907 3464 3002 3518 καὶ
3027 3464 3258 3529 εὐτελεῖς
3287 3468 3343 3520 ἐν
3364 3465 3440 3538 τῷ
3461 3467 3681 3540 πολέμῳ

433 3583 490 3630 et
521 3590 665 3629 nunc
699 3573 946 3628 Damasci
981 3570 1247 3634 meminit,
1281 3576 1340 3622 ut
1369 3567 1795 3638 magnitudinem
1835 3566 2001 3618 malo-

2111 3561 2622 3635 περιλειφθήσονται
2662 3557 2856 3628 τούτῳ,
2897 3559 2961 3610 ἐκ
2998 3559 3103 3612 τῶν
3130 3558 3227 3628 τὴν
3261 3559 3571 3631 Σαμάρειαν
3599 3563 3681 3615 οἱ·

435 3683 556 3722 rum
583 3665 871 3732 ostendat;
902 3672 956 3719 et
986 3662 1133 3732 quod
1160 3675 1318 3716 nemo
1341 3676 1407 3714 ne
1435 3659 1502 3713 de
1523 3658 1765 3711 linitimis
1787 3656 2001 3727 quidem

2110 3656 2346 3710 κούντων
2389 3653 2673 3706 κατέναντι
2738 3649 2845 3704 τῶν
2895 3650 3305 3722 Δαμασκηνῶν·
3356 3651 3430 3713 ὡς
3479 3653 3681 3724 ὁμοίως

434 3761 491 3814 in
512 3759 860 3830 Assyriorum
891 3756 1209 3811 incursione
1232 3753 1448 3808 evadet.
1473 3751 1627 3806 Tunc
1653 3750 1796 3803 enim
1828 3747 2001 3804 evenit

2109 3745 2318 3806 ἑαυτοῖς
2344 3740 2544 3795 ἀπολλυ
2553 3739 2744 3810 μένους
2763 3738 2979 3810 ὄψονται
3002 3739 3106 3793 ὑπὸ
3126 3739 3232 3792 τῶν
3259 3739 3384 3793 πολε
3394 3740 3550 3810 μίων.
3567 3743 3683 3794 Καὶ

432 3850 580 3921 quod
647 3850 702 3903 in
761 3847 1028 3918 prooemio
1075 3843 1443 3917 patefecerat,
1503 3857 1698 3911 nempe
1761 3840 2001 3894 omnium

2108 3837 2217 3907 γὰρ
2247 3836 2340 3889 καὶ
2364 3837 2464 3905 τῆς
2497 3833 2674 3904 Τύρου
2709 3831 2973 3905 πρότερον
2999 3834 3094 3888 καὶ
3125 3832 3220 3887 νῦν
3257 3834 3354 3905 τῆς
3379 3836 3680 3906 Δαμασκοῦ

435 3943 653 3996 illorum
682 3941 930 3995 exitium.

2112 3931 2330 4001 μνήμην
2368 3927 2682 3995 ἐποιήσατο,
2725 3927 2805 3987 είς
2837 3924 3108 3989 ἀπόδειξιν
3136 3925 3229 3978 τοῦ
3277 3926 3540 3997 μεγέθους
3570 3929 3683 3981 τῶν

437 4035 653 4088 κακῶν·
703 4035 783 4086 ὅτι
835 4031 968 4103 μηδέ
1013 4029 1122 4084 τῶν
1167 4028 1458 4098 περιοίκων
1495 4025 1670 4079 ἔνεστί
1721 4043 1839 4079 τινα
1893 4026 1950 4078 tv
1993 4025 2058 4095 τῇ
2109 4023 2217 4076 τῶν
2265 4019 2564 4090 Ἀσσυρίων
2604 4018 2777 4089 ἐφόδῳ
2821 4018 3136 4087 διαφυγεῖν·
3195 4019 3419 4091 (p.165)
3453 4022 3685 4095 καὶγὰρ

434 4127 579 4200 εἶχεν
617 4128 763 4198 αὐτῷ
791 4127 972 4200 χώραν
997 4127 1057 4181 τὸ
1088 4126 1379 4197 λεγόμενον
1407 4124 1661 4179 ἁπάντων
1688 4124 1908 4178 ἐκείνων
1933 4125 1989 4176 ἐν
2010 4125 2316 4196 προοιμίοις
2345 4119 2661 4194 δεδηλωκότι
2689 4119 2788 4190 τὴν
2823 4119 3119 4176 ἀπώλειαν.

508 4219 670 4276 Vens.
716 4219 993 4275 l3—l5.—-t
1029 4217 1376 4284 Sacerdotes,
1415 4216 1600 4271 audite
1634 4224 1689 4271 et
1720 4224 2001 4271 contesta-

2182 4215 2326 4286 Στίχ.
2363 4219 2550 4284 ιγ’-ιε’.
2576 4241 2646 4251 ——
2681 4229 2700 4262 ι
2732 4211 3222 4282 ἰερεῖς,άκούσατε
3256 4214 3347 4266 καὶ
3376 4213 3687 4284 ἐπιμαρτύ-

435 4313 568 4368 mini
593 4315 647 4366 in
685 4311 846 4365 domo
888 4306 1081 4372 Iacob,
1127 4308 1260 4363 dicit
1289 4307 1550 4362 Dominus
1584 4306 1726 4362 Deus
1755 4307 2001 4376 omnipo-

2115 4307 2281 4379 ρασθε
2309 4307 2386 4378 τῷ
2413 4307 2544 4373 οἴκῳ
2587 4303 2800 4369 Ἰακὼϐ,
2849 4304 2995 4372 λέγει
3022 4305 3226 4376 Κύριος
3254 4309 3281 4359 ὁ
3313 4306 3442 4370 Θεὸς
3475 4309 3503 4360 ὀ
3543 4319 3686 4359 παν-

435 4415 590 4473 tens;
631 4406 762 4475 quia
788 4403 842 4456 in
866 4401 953 4456 die
987 4415 1094 4471 qua
1131 4400 1366 4454 ulciscar
1398 4407 1453 4454 et
1485 4414 1650 4469 super
1679 4397 1872 4452 altaria
1910 4398 2001 4453 Bc.

2115 4399 2397 4470 τοκράτωρ
2421 4414 2433 4426 ·
2464 4397 2595 4450 διότι
2621 4399 2678 4448 tv
2707 4399 2772 4467 τῇ
2801 4395 2982 4467 ἡμέρᾳ
3006 4397 3082 4450 ὅτ’
3111 4395 3175 4450 ἂν
3199 4396 3396 4451 ἐκδικῶ
3431 4397 3687 4462 ἀσεϐείας

433 4497 616 4561 tholis,
686 4504 740 4549 et
795 4491 1157 4549 sul'l‘odientur
1207 4505 1413 4546 cornua
1473 4490 1686 4552 altaris,
1746 4497 1801 4544 et
1857 4487 2001 4542 humi

2109 4491 2200 4544 τοῦ
2237 4488 2446 4562 Ἰσραὴλ
2486 4489 2572 4540 ἐπ’
2607 4487 2796 4541 αὐτόν·
2847 4489 2939 4540 καὶ
2973 4488 3245 4558 ἐκδικήσω
3286 4490 3377 4542 ἐπὶ
3404 4489 3474 4544 τὰ
3495 4489 3689 4544 θυσια-

435 4585 730 4642 decident:
786 4592 841 4640 et
891 4589 1172 4638 conteram
1226 4589 1389 4652 atque
1433 4581 1734 4650 percutiam
1784 4578 2001 4633 domum

2111 4583 2306 4653 στήρια
2338 4579 2569 4648 Βαιθήλ·
2612 4579 2706 4632 καὶ
2733 4581 3212 4651 κατασκαφήσεται
3234 4581 3302 4635 τὰ
3345 4581 3551 4653 κέρατα
3588 4585 3687 4637 τοῦ

437 4681 716 4750 pinnatam
737 4691 903 4746 super
924 4674 1146 4730 domum
1167 4673 1410 4730 aestivam
1431 4691 1444 4726 :
1475 4680 1526 4728 et
1547 4672 1798 4742 peribunt
1813 4672 2001 4726 domus

2109 4671 2489 4742 θυσιαστηρίου
2514 4671 2604 4724 καὶ
2627 4672 2871 4724 πεσεῖται
2892 4670 2985 4722 ἐπὶ⁹
3009 4669 3107 4740 τὴν
3132 4673 3236 4740 γῆν
3254 4689 3266 4700 ·
3295 4673 3386 4725 καὶ
3409 4673 3690 4743 συντρίψω

433 4773 708 4829 eburneae.
740 4767 967 4837 aliaeque
991 4766 1175 4820 multa:
1199 4765 1634 4835 dissipabuntur,
1667 4764 1802 4819 dicit
1827 4761 2001 4818 Domi-

2108 4767 2202 4818 καὶ
2225 4763 2446 4828 πατάξω
2461 4763 2549 4816 τὸν
2575 4757 2720 4816 οἷκον
2739 4763 2831 4815 τὸν
2854 4761 3183 4834 περίπτερον
3203 4762 3295 4816 ἐπὶ
3317 4763 3408 4816 τὸν
3424 4759 3569 4818 οἷκον
3593 4766 3691 4819 τὸν

436 4878 563 4918 nus.
604 4881 624 4915 ι
661 4859 807 4925 Haec,
839 4859 1037 4930 inquit,
1073 4857 1108 4912 ii
1138 4858 1411 4928 praecipue
1454 4855 1682 4910 audiant
1709 4855 1806 4926 qui
1842 4855 2009 4925 impio

437 4954 710 5008 idolorum
731 4949 1035 5004 sacerdotio
1055 4948 1383 5019 {tinguntur}:
1416 4957 1473 5002 ut
1497 4947 1624 5002 hinc
1643 4946 1756 5017 jam
1774 4948 2007 5012 discant,

436 5043 583 5114 quod
611 5027 742 5096 cum
774 5039 917 5096 Deus
950 5055 980 5093 a
1013 5041 1216 5110 populo
1244 5054 1437 5110 ptenas
1469 5039 1765 5110 impietatis
1808 5037 2007 5107 exiget,

435 5145 569 5190 tunc
614 5132 798 5188 omnia
844 5133 1007 5186 etiam
1064 5131 1333 5186 idolorum
1385 5131 1580 5185 altaria
1621 5129 2005 5192 suli'odientur,

434 5230 560 5286 belli
619 5225 914 5281 ludibrium
967 5223 1178 5278 eﬁ‘ccta.
1235 5221 1372 5276 Nam
1405 5222 1575 5277 verbo
1631 5219 1819 5275 Betliel
1864 5219 2008 5273 idola

435 5323 618 5376 dicere
650 5319 842 5382 voluit,
873 5332 902 5372 a
929 5323 1081 5387 parte
1111 5323 1309 5371 totum.
1337 5312 1478 5368 Dicit
1507 5321 1688 5368 autem
1713 5310 2008 5367 suli‘ossum

437 5415 500 5470 iri
542 5427 748 5469 cornua
774 5410 962 5465 altaris
982 5415 1037 5464 et
1062 5408 1212 5463 humi
1237 5422 1456 5472 casura,
1485 5407 1614 5478 quia
1652 5414 1766 5461 tota
1794 5406 2009 5459 illorum

440 5504 772 5575 magnitudo,
806 5510 861 5557 et
886 5508 1000 5556 tota
1045 5514 1263 5570 pompa.
1309 5514 1473 5570 quam
1517 5514 1549 5552 a
1601 5498 2001 5566 sacrilegorum

436 5597 783 5651 adorantium
831 5609 965 5649 cura
1017 5592 1312 5656 habebant,
1370 5589 1621 5645 funditus
1673 5588 2006 5644 destruetur.

436 5689 570 5744 Nam
595 5698 650 5745 et
689 5689 931 5750 illorum,
957 5686 1154 5757 inquit,
1183 5686 1375 5740 domos
1399 5699 1430 5738 a
1469 5684 1836 5740 fundamentis
1880 5699 2012 5739 con-

437 5781 654 5837 vellam.
701 5777 873 5838 Porro
907 5777 1187 5850 pinnatam
1216 5775 1347 5834 dicit
1384 5790 1483 5846 pro
1527 5773 1838 5840 hiemalem,
1882 5773 2010 5846 quia

2110 4857 2317 4930 θερινόν
2338 4873 2350 4887 ·
2395 4855 2488 4909 καὶ
2521 4854 2846 4909 ἀπολοῦνται
2883 4855 2931 4906 οἱ
2972 4848 3112 4906 οἶκοι
3143 4857 3190 4907 oi
3213 4854 3562 4923 ἐλεφάντινοι,
3592 4859 3692 4912 καλ⁸

2109 4947 2565 5018 ἀφανισθήσονται
2591 4947 2766 5016 ἕτεροι
2798 4945 2998 5012 πολλοὶ,
3020 4945 3166 5013 λέγει
3193 4945 3414 5016 Κύριος.
3439 4967 3459 4999 i
3498 4948 3690 5004 Ταῦτα

2108 5045 2194 5116 δὴ,
2223 5045 2406 5113 φησὶν,
2430 5041 2774 5096 άκουέτωσαν
2808 5040 3041 5111 μάλιστα
3071 5040 3286 5094 πάντων
3310 5042 3357 5094 οί
3382 5040 3480 5111 τὴν
3509 5043 3686 5114 ἀσεϐῆ

2108 5136 2220 5199 τοῖς
2245 5133 2483 5196 εἰδώλοις
2508 5131 2843 5202 πληροῦντες
2876 5131 3180 5203 ἱερατείαν·
3210 5131 3286 5194 ὡς
3331 5130 3398 5185 ἂν
3435 5132 3692 5186 ἐντεῦθεν

2110 5225 2209 5296 ήδη
2261 5223 2480 5296 μάθοιεν
2527 5224 2612 5277 ὅτι
2636 5222 2782 5276 ὁπότ’
2826 5223 2893 5276 ἂν
2943 5222 3097 5286 δίκας
3147 5223 3537 5294 είσπράττηται
3588 5226 3688 5295 τῆς

2110 5313 2360 5378 ἀσεϐείας
2397 5315 2490 5369 τὸν
2511 5314 2636 5368 λαὸν
2666 5316 2695 5367 ὁ
2722 5313 2876 5379 Θεὸς,
2909 5315 3003 5369 κα)⁸
3031 5315 3100 5370 τὰ
3123 5316 3484 5388 Θυσιαστήρια
3511 5318 3690 5372 πάντα

2111 5408 2593 5477 κατασκαφήσεται
2617 5405 2870 5471 εἰδώλων,
2905 5406 3063 5479 ἔργον
3082 5407 3175 5461 τοῦ
3205 5408 3439 5480 πολέμου
3471 5410 3692 5480 γινόμε-

2111 5515 2179 5552 να
2201 5514 2216 5528 ·
2247 5497 2310 5551 τὸ
2345 5498 2453 5570 γὰρ
2474 5497 2676 5568 Βαιθὴλ
2705 5497 2812 5551 ἀπὸ
2843 5498 3042 5570 μέρους
3072 5500 3346 5572 ἠϐουλήθη
3384 5502 3452 5556 τὰ
3493 5501 3689 5556 εἴδωλα

2112 5589 2301 5641 είπεῖν·
2319 5588 2379 5641 τὸ
2407 5588 2484 5650 δέ,
2509 5607 2528 5640 t
2558 5589 3054 5660 Κατασκαφήσεται
3074 5591 3141 5644 τὰ
3161 5591 3364 5663 κέρατα
3384 5589 3482 5646 τοῦ
3503 5593 3690 5647 θυσια-

2114 5679 2358 5751 στηρίου,
2382 5680 2475 5732 καὶ
2515 5682 2761 5732 πεσεῖται
2793 5680 2886 5744 ἐπὶ
2926 5679 3023 5751 τὴν
3049 5681 3175 5751 γῆν,
3205 5701 3224 5733 ι
3255 5681 3345 5736 ἴνα
3369 5683 3451 5736 ὅτι
3487 5683 3596 5737 πᾶν
3629 5685 3687 5736 τὸ

2116 5770 2342 5843 μέγεθος
2370 5771 2569 5840 αὐτῶν,
2602 5771 2696 5827 καὶ
2739 5773 2890 5827 πᾶσα
2928 5773 2963 5841 ή
3003 5770 3326 5845 περιφάνεια
3358 5773 3425 5846 ἢν
3449 5768 3596 5844 εἶχον
3623 5776 3685 5828 ἐκ
