3824 6224
152 221 262 278 263

1251 201 1797 262 CUHMENTARZUS
1833 202 1897 256 IN
1938 200 2146 256 AMOSI
2185 201 2336 255 CAP.
2380 197 2461 254 IV.

3287 198 3396 253 εεε

154 339 218 388 ἐκ
248 332 344 401 τῆς
363 329 470 382 τῶν
498 325 709 388 ἀσεϐῶς
738 321 1146 394 θρησκεώντων
1184 320 1366 381 αὐτοῖς
1395 315 1729 386 ἐπιμελείας,
1761 369 1763 376 ι

1869 331 1900 367 e
1946 314 2110 367 domo
2159 312 2398 379 loquitur
2451 311 2686 380 undique
2750 310 3111 379 circumsepta
3172 318 3398 379 preptet‘

153 420 582 492 ἀφανισθήσεται
613 413 908 477 παντελῶς.
938 413 1046 464 Καὶ
1065 410 1173 480 γὰρ
1201 410 1266 479 δὴ
1294 408 1531 471 καὶτοὺς
1557 407 1738 468 οἴκους

154 511 339 566 αὐτῶν
364 507 596 570 καθελῶ,
653 506 836 574 φησὶν,
870 505 934 555 ἐκ
979 500 1195 572 βάθρων
1218 516 1231 529 ·
1268 498 1597 568 περίπτερον
1636 497 1734 567 μὲν

157 605 266 672 γὰρ
297 602 444 670 λέγει
473 600 565 652 τὸν
596 596 926 670 χειμερινὸν,
969 596 1046 664 (p.
1080 592 1202 663 166)
1231 593 1307 655 ὡς
1341 591 1735 661 περιϐεϐλημέ-

158 713 249 748 νον
279 691 616 762 πανταχόθεν
652 689 740 743 διὰ
766 689 863 757 τὴν
895 687 988 740 τοῦ
1020 685 1217 757 κρύους
1242 683 1566 755 προσϐολήν.
1602 682 1733 735 Βοῦ-

160 787 314 838 λεται
342 785 399 838 δὲ
428 787 621 846 εἰπεῖν,
648 784 732 836 ὅτι
761 781 974 842 Πάντας
1002 775 1333 847 πανταχόθεν
1367 776 1578 844 ἀφανιῶ
1607 777 1732 838 τοὺς

158 872 347 934 οἴκους
368 889 379 900 ‘
414 870 493 933 ὡς
523 871 595 940 μὴ
629 869 874 940 θερινῶν,
914 868 988 938 μὴ
1016 865 1342 936 χειμερινῶν
1371 865 1531 935 μέρος
1555 866 1613 917 ὲν
1640 865 1736 919 αὐ-

159 963 276 1024 τοίς
311 959 721 1030 περιλειφθῆναι
740 976 755 990 ο
796 960 888 1012 καὶ⁹
917 960 1044 1020 τοὺς
1078 953 1352 1018 ὲπιδόξους
1383 955 1439 1008 δὲ
1469 957 1527 1008 ὲν
1550 956 1736 1017 αὐτοῖς

1835 403 2054 474 frigoris
2082 411 2362 456 externam
2398 401 2529 454 vim.
2581 400 2703 454 Vult
2736 408 2914 455 autem
2963 400 3164 464 dicere,
3195 400 3396 468 ubique

1835 511 1895 550 se
1927 495 2312 550 demoliturum
2341 495 2556 557 domos,
2587 492 2662 546 ita
2693 501 2752 546 ut
2776 509 2954 562 neque
2980 493 3180 547 aestiva:
3215 500 3399 562 partes

1835 588 2052 642 illarum
2078 597 2414 651 remaneant,
2454 601 2630 655 neque
2661 586 2939 640 hiemales.
2963 583 3074 638 line
3099 585 3263 639 etiam
3298 597 3401 636 ιιοο

1833 679 2054 733 biliores
2086 678 2227 748 apud
2257 692 2352 731 eos
2391 679 2535 732 aedes
2558 691 2787 746 prorsus
2813 677 3132 741 destruam;
3166 674 3219 728 id
3251 675 3401 729 enim

1839 771 2017 826 innuit
2047 771 2371 824 vocabulum
2405 769 2696 834 eburneaz;
2740 784 2861 838 quae
2892 770 3019 823 item
3050 769 3238 824 multis
3275 785 3432 825 cum-

1839 862 1964 916 aliis
2014 868 2294 924 corruerit,
2340 875 2407 914 eo
2451 859 2594 928 quod
2645 875 2812 914 unum
2867 861 3128 918 adversus
3169 872 3403 920 cunctas

1842 951 2116 1006 decretum
2155 949 2250 1006 Dei
2288 953 2453 1004 latum
2484 952 2575 1006 sit.

161 1057 274 1109 τῶν
313 1059 476 1110 ofwa
518 1055 794 1118 παντελῶς
827 1055 1062 1125 ἀφανιῶ,
1103 1056 1262 1110 τοῦτο
1295 1054 1405 1126 γὰρ
1447 1054 1592 1121 λέγει
1638 1051 1764 1112 τοὺς
1800 1047 2192 1117 ἐλεφαντίνους,
2221 1047 2277 1099 οἳ
2305 1047 2440 1117 μετά
2488 1046 2695 1101 πολλῶν
2728 1049 2932 1118 ἑτέρων
2963 1051 3269 1109 πεσοῦνται.
3308 1049 3404 1104 ἀτε

160 1151 299 1218 μιᾶς
334 1148 658 1218 ἀποφάσεως
682 1147 823 1201 κατᾶ
858 1146 1468 1220 πάντωννέκφερομένης
1499 1143 1605 1197 ὑπὸ
1631 1140 1723 1195 τοῦ
1750 1138 1905 1192 Θεοῦζ

814 1244 970 1297 ΚΕΦ.
1011 1249 1084 1296 Δ’.

240 1335 387 1405 Στίχ.
416 1340 565 1402 tif-1'.
588 1365 655 1376 -—
685 1352 704 1386 ι
730 1335 1023 1388 Ἀκούσατε
1046 1334 1136 1386 τὸν
1162 1334 1315 1402 λόγον
1339 1331 1548 1395 τοῦτον,
1567 1331 1738 1402 δαμάο

2479 1253 2630 1308 CAP.
2671 1253 2764 1308 Ν.

1911 1346 2074 1401 Vens.
2118 1345 2489 1414 1-3.—110.
2529 1364 2548 1396 ι
2590 1347 2787 1399 Audite
2813 1347 3033 1400 verbum
3073 1347 3194 1407 hoc.
3232 1364 3409 1405 vacca:

161 1429 280 1490 λεις
313 1427 412 1496 τῆς
445 1427 811 1491 Βασανίτιδος,
847 1427 902 1480 αἱ
941 1428 1035 1480 ἐπὶ
1061 1426 1139 1496 τῷ
1166 1427 1282 1497 ὄρει
1307 1425 1637 1496 Σαμαρείας,
1686 1425 1741 1477 αἱ

1868 1437 2184 1502 lasanitidis,
2238 1453 2358 1506 qua:
2413 1438 2548 1490 estis
2602 1437 2656 1490 in
2708 1445 2896 1491 ntoute
2949 1438 3232 1504 Samariae,
3287 1457 3410 1512 quae

163 1518 736 1572 καταδυναστεύουσαι
769 1521 1037 1588 πτωχοὺς,
1084 1519 1178 1571 καὶ
1210 1515 1616 1572 καταπατοῢσαι
1647 1515 1740 1567 πέ-

1839 1529 2143 1600 opprimitis
2199 1545 2480 1599 pauperes,
2539 1537 2592 1583 et
2643 1531 2978 1587 conculcatis
3012 1548 3236 1602 egenos,
3288 1548 3412 1604 qua

166 1630 361 1682 νητας,
395 1613 491 1664 καὶ
519 1611 766 1679 λέγουσαι
815 1615 928 1674 τοῖς
975 1611 1198 1681 κυρίοις·
1228 1611 1454 1663 ἑαυτῶνο
1501 1609 1741 1662 Ἐπίδοτε

1868 1621 2026 1676 licitis
2077 1621 2314 1676 dominis
2337 1619 2566 1675 vestris:
2605 1619 2736 1677 Date
2777 1623 2935 1676 nobis
2979 1631 3038 1676 ut
3081 1622 3350 1678 bibamus.
3383 1643 3406 1676 ο

170 1707 305 1772 ἡμῖν
339 1704 483 1764 ὅπως
515 1703 746 1772 πίωμεν.
767 1725 784 1755 ι
833 1703 1108 1757 Ἐντεῦθεν
1141 1705 1328 1772 τρέπει
1357 1703 1492 1773 πρὸς
1519 1702 1618 1764 τὰς
1647 1717 1742 1769 γυ·

168 1801 369 1858 ναῖκας
398 1797 488 1848 τὸν
516 1796 689 1864 λόγον,
713 1796 768 1848 αἳ
801 1796 937 1866 πρὸς
967 1797 1245 1866 ἄπρακτον
1273 1797 1364 1848 καὶ
1398 1797 1743 1866 ὑπερήφανον

170 1888 436 1941 νεύσασαι
475 1887 606 1956 βίον,
633 1888 758 1951 τούς
781 1905 836 1940 τε
858 1888 1094 1959 πένητας
1115 1887 1333 1956 ἠδίκουν
1358 1889 1422 1939 ἐκ
1452 1888 1550 1956 τῆς
1587 1902 1743 1955 περι-

167 1979 346 2048 ούσης
367 1978 678 2040 δυναστείας
696 1991 708 2004 ·
737 1978 912 2048 τούτῳ
933 1977 1397 2048 συγκεχρημέναι,
1438 1977 1530 2030 καὶ
1555 1977 1619 2046 δὴ
1652 1978 1746 2029 καὶ

171 2070 548 2140 κατάρχουσαι
577 2069 686 2122 τῶν
707 2070 915 2141 ἀνδρῶν
947 2069 1054 2124 τῶν
1074 2070 1312 2133 οἰκείων,
1339 2072 1418 2134 εἰς
1449 2070 1748 2139 ὕπουργίαν

172 2163 444 2232 ἀπρεπῶν
473 2163 712 2233 ἐχρῶντο
735 2164 1077 2232 πραγμάτων
1099 2180 1114 2195 ⁸
1142 2157 1252 2216 οἷόν
1277 2179 1328 2214 τι
1352 2164 1444 2216 καὶ
1472 2163 1623 2234 παρά
1654 2163 1751 2230 τῆς

183 2251 433 2314 Ἰεζάϐελ
477 2251 726 2319 ἐφαίνετο
770 2252 1008 2320 γεγονὸς.
1051 2253 1144 2304 ὅτε
1188 2254 1218 2306 ὁ
1271 2253 1368 2322 μὲν
1412 2251 1614 2321 ’Δχαὰό
1653 2251 1751 2320 τὴν

173 2345 502 2414 ἀντίρρησιν
555 2343 753 2412 ᾐδέσθη
782 2343 873 2395 τοῦ
907 2343 1184 2396 Ναϐουθαὶ
1224 2342 1438 2396 δικαίαν
1463 2339 1664 2396 οὖσαν⁴
1716 2344 1750 2412 ή

173 2438 240 2490 δὲ
295 2436 478 2506 μιαρῷ
506 2435 598 2488 καί
649 2434 854 2488 ἀναιδεῖ
876 2435 968 2488 καὶ
1017 2433 1219 2505 φονικῷ
1249 2435 1434 2505 τρόπῳ
1475 2435 1752 2505 χρωμένη,

176 2529 308 2581 οὐδὲ
347 2527 555 2581 ἀνελεῖν
585 2526 800 2595 ῶκνησε
828 2526 918 2580 τόν
945 2526 1245 2589 Ναῦουθαὶ,
1277 2527 1352 2589 ὡς
1395 2527 1461 2580 ἂν
1509 2527 1756 2595 ἀφέλοιτο

179 2619 354 2672 αὑτοῦ
381 2620 472 2672 τὸν
502 2618 815 2688 ἀμπελῶνα,
845 2618 904 2670 ὃν
933 2619 1101 2671 εἰκότι
1131 2618 1272 2688 λόγῳ
1303 2618 1500 2671 διδόναι
1533 2618 1631 2670 οὐκ
1657 2619 1752 2686 ἡν-

181 2712 365 2780 είχετο
386 2729 402 2744 ο
419 2710 571 2762 καλεῖ
594 2710 650 2763 δὲ
676 2710 844 2773 αὑτάς
872 2709 1129 2781 δαμάλεις
1158 2712 1255 2780 μὲν
1271 2711 1368 2781 τῆς
1392 2709 1752 2773 Βασανίτιδος,

181 2801 267 2862 ὡς
293 2799 362 2852 ἂν
417 2799 620 2870 ἀγρίων
671 2800 902 2870 μάλιστα
933 2802 1027 2853 καὶ
1057 2801 1342 2872 ἀνημέρων
1369 2801 1543 2854 οὐσῶν
1569 2801 1678 2853 τῶν
1703 2803 1760 2853 ὲν

180 2890 385 2958 ἐκείνῳ
429 2889 505 2959 τῷ
546 2891 695 2961 τόπῳ
732 2893 1080 2961 τρεφομένων
1133 2892 1416 2962 δαμάλεων
1443 2909 1455 2923 ·
1509 2893 1589 2961 (p.
1637 2893 1760 2961 167)

1846 1712 2055 1764 Abhinc
2117 1710 2182 1763 ad
2242 1711 2496 1764 mulieres
2557 1706 2828 1764 convertit
2891 1726 3233 1778 sermonem,
3292 1729 3413 1782 qua:

1847 1801 2008 1855 inerti
2037 1815 2102 1854 ac
2133 1801 2369 1870 superbo
2399 1801 2522 1854 vitae
2568 1801 2752 1870 generi
2801 1801 3042 1864 intentae,
3079 1803 3414 1874 pauperibus

1850 1891 2079 1960 injurias
2113 1893 2383 1947 faciebant
2411 1891 2762 1962 praepotentia
2794 1906 2913 1946 sua.
2939 1892 3059 1946 Tali
3085 1910 3236 1949 more
3259 1903 3418 1949 uten-

1851 1993 1954 2044 tes.
1979 1991 2034 2039 et
2065 1982 2196 2036 viris
2219 1981 2335 2036 suis
2362 1981 2522 2035 etiam
2549 1980 2908 2046 dominantes,
2938 1981 3023 2035 bis
3053 1980 3418 2035 abutebantur

1851 2076 1916 2129 ad
1946 2075 2161 2143 indigna
2211 2073 2471 2143 patranda
2511 2072 2905 2126 auxiliaribus:
2953 2072 3098 2140 quod
3146 2071 3348 2126 factum
3383 2087 3418 2124 a

1849 2166 2097 2222 Jezabele
2125 2166 2395 2234 apparuit.
2445 2179 2570 2216 cum
2597 2163 2882 2217 Achaabus
2928 2162 3418 2218 contradictionem

1853 2260 2122 2314 reveritus
2156 2265 2259 2323 est,
2309 2265 2490 2324 utpote
2511 2255 2738 2324 justam,
2771 2254 3078 2322 Nabuthis;
3115 2255 3203 2309 illa
3236 2263 3420 2310 autem

1855 2350 2087 2404 scelesto
2118 2358 2170 2402 et
2208 2347 2518 2415 impudente
2559 2354 2896 2416 cruentaque
2937 2344 3100 2400 modo
3128 2354 3308 2411 utens,
3353 2363 3421 2401 ne

1855 2440 2103 2495 occidere
2144 2438 2360 2508 quidem
2407 2437 2674 2490 dubitavit
2719 2435 3044 2500 Nabutliem,
3091 2446 3151 2490 ut
3191 2438 3311 2506 ejus
3339 2442 3422 2491 vi-

1858 2549 2014 2586 neam
2055 2535 2363 2599 usurparet,
2399 2544 2562 2597 quam
2603 2529 2694 2582 ille
2721 2543 2874 2597 aequa
2907 2527 2974 2582 de
3018 2543 3184 2584 causa
3226 2544 3426 2582 conce-

1858 2626 1984 2679 dere
2015 2633 2385 2679 recusaverat.
2418 2621 2589 2676 Vocat
2639 2629 2821 2676 autem
2861 2622 3007 2692 ipsas
3037 2639 3232 2676 vaccas
3262 2620 3426 2677 Base-

1862 2717 2067 2776 uitidis,
2108 2715 2233 2785 quia
2261 2715 2467 2770 feroces
2501 2713 2792 2767 admodum
2822 2729 3081 2782 saevaeque
3109 2714 3426 2769 nutrieban-

1853 2815 1949 2858 tur
2009 2806 2099 2858 illo
2153 2807 2207 2858 in
2266 2805 2388 2858 loco
2433 2817 2630 2856 vaccae.
2678 2800 2795 2855 1am
2845 2814 3130 2873 postquam
3178 2804 3311 2857 dixit
3359 2804 3426 2858 de

1864 2895 2150 2963 iniquitate
2218 2909 2346 2964 erga
2406 2908 2711 2962 pauperes,
2789 2892 2973 2947 addit:
3049 2892 3180 2956 Ome
3239 2894 3429 2948 dicunt

189 2982 432 3052 εἰρηκὼς
451 2982 514 3034 δὲ
546 2982 642 3052 τὴν
680 2985 759 3046 εἰς
785 2985 912 3046 τοὺς
940 2984 1177 3050 πένητας
1206 2983 1385 3036 αὐτῶν
1411 2983 1639 3045 ἀδικίαν,
1663 2986 1760 3036 ὲπ-

1868 2987 2098 3041 douiiuis
2135 2986 2274 3048 suis,
2334 2983 2462 3037 Date
2497 2983 2656 3038 nobis
2709 2991 2768 3037 ut
2814 2983 3064 3037 bibamus
3102 2999 3334 3053 :nempc
3370 2995 3430 3039 ut

191 3076 372 3141 ἤγαγε
405 3073 485 3132 τδ,
535 3075 601 3125 Αἱ
634 3074 885 3142 λέγουσαι
936 3077 1050 3137 τοῖς
1106 3076 1315 3145 κυρίοις
1352 3075 1581 3140 ἑαυτῶν,
1618 3073 1766 3126 Ἐπί-

190 3165 320 3216 δοτε
372 3165 503 3233 ἡμῖν
538 3166 686 3228 ὅπως
713 3166 929 3235 πίωμεν
948 3180 961 3194 ⁸
989 3167 1076 3218 ἵνα
1101 3165 1231 3237 εἴπῃ
1255 3167 1340 3218 ὃτι
1368 3165 1486 3218 οὐδὲ
1509 3168 1620 3227 τοῖς
1649 3166 1769 3217 ἑαυ-

192 3252 307 3304 τῶν
350 3253 632 3322 ἀνδράσιν,
689 3252 780 3316 of);
813 3255 984 3324 ,ἐχρῆν
1030 3255 1106 3316 ὼς
1138 3253 1470 3323 ἡγουμένους
1506 3252 1768 3305 αἰδεῖσθαι

192 3343 286 3396 διὰ
315 3344 415 3413 τὴν
448 3343 548 3412 τῆς
577 3344 792 3413 φύσεως
821 3344 995 3409 τάξιν,
1025 3343 1279 3397 ὀκνοῦσαι
1312 3343 1446 3414 πρὸς
1483 3341 1582 3412 τὴν
1612 3341 1768 3394 ἀσέλ-

197 3451 354 3501 γειαν
371 3433 470 3502 τὴν
489 3434 695 3486 ἑαυτῶν
718 3435 1150 3505 ἀποκεχρῆσθαιο
1177 3436 1332 3504 μόνον
1354 3434 1410 3487 δὲ
1425 3434 1524 3486 οὐκ
1552 3434 1772 3487 ἐπιτάτ-

198 3541 388 3576 τουσαι
405 3525 584 3587 αὐτοῖς
605 3524 816 3577 ἅπαντα
837 3528 1006 3577 ποιεῖν
1023 3525 1300 3594 ὀπόσαπερ
1321 3525 1385 3578 ἂν
1413 3524 1543 3595 πρὸς
1563 3524 1661 3595 τὴν
1683 3525 1773 3578 αὐ-

201 3615 311 3669 τῶν
328 3616 614 3683 ἀσέλγειαν
636 3619 888 3686 συνεργῇ.
905 3616 968 3668 Τί
985 3611 1106 3681 οὗν;
1134 3635 1152 3666 ι
1177 3615 1391 3685 Ὀμνύει
1417 3615 1616 3686 Κύριος
1632 3615 1774 3668 κατὰ

201 3701 312 3754 τῶν
342 3705 509 3770 ἁγίων
536 3704 738 3766 αὑτοῦ,
794 3703 926 3757 διότι
967 3703 1171 3773 ἡμέραι
1203 3705 1448 3773 ἔρχονται
1489 3703 1574 3771 ἐφ’
1607 3705 1774 3772 ὑμᾶς,

201 3795 302 3849 καὶ
329 3795 589 3864 λήψονται
622 3797 764 3864 ὑμᾶς
797 3796 855 3848 ἐν
898 3795 1082 3857 ὅπλοις
1103 3809 1116 3822 ·
1179 3796 1271 3848 καὶ
1295 3794 1418 3857 τοὺς
1464 3793 1584 3863 μεθ’
1625 3793 1775 3864 ὑμῶν

202 3890 287 3950 εἰς
309 3887 540 3956 λέὃητας
565 3888 990 3958 ὑποκαιομένους
1017 3886 1344 3956 ἐμϐαλοῦσι⁹
1374 3887 1466 3939 καί
1497 3886 1776 3958 ἐξενεχθή-

206 3981 369 4034 σεσθε
408 3982 625 4050 γυμνοὶ,
667 3982 802 4051 γυνὴ
835 3982 928 4034 καὶ
964 3983 993 4033 ὁ
1020 3981 1159 4051 ἀνὴρ
1207 3980 1465 4034 ἀπέναντι
1498 3981 1739 4052 ἀλλήλων
1759 3999 1772 4013 ·

205 4072 306 4124 καὶ
345 4072 782 4142 ἀπορῤιςήσεσθε
829 4073 909 4135 είς
936 4073 994 4125 τὸ
1021 4071 1144 4142 ὅρος
1177 4071 1442 4141 Ἀρμανά,
1486 4072 1633 4141 λέγει
1666 4072 1778 4126 K13-

210 4180 344 4232 ριος.
375 4182 394 4214 ι
449 4165 804 4234 Ἀπεφήνατο,
835 4165 1017 4234 φησὶν.
1046 4165 1073 4216 ὁ
1101 4163 1253 4227 Θεὸς,
1284 4163 1319 4216 ἀ
1383 4163 1514 4233 μηδὲ
1547 4165 1776 4235 μεταϐο-

208 4254 309 4324 λὴν
336 4254 560 4308 δυνατὸν
601 4255 852 4320 δέξασθαι
881 4273 893 4287 ι
935 4254 1092 4308 τοῦτο
1123 4255 1230 4326 γάρ
1266 4254 1326 4307 τὸ
1357 4256 1559 4324 ὀμνύει
1595 4256 1772 4325 δηλοϊ’

1865 3074 2150 3146 significet,
2186 3075 2306 3129 illas
2335 3091 2403 3128 ne
2446 3074 2578 3128 viris
2610 3073 2828 3141 quidem
2860 3075 2997 3130 suis.
3047 3089 3187 3142 quos
3236 3084 3294 3128 ut
3343 3092 3434 3131 rc-

1865 3176 2048 3222 ctores
2082 3166 2319 3222 revereri
2343 3173 2551 3219 naturae
2582 3166 2698 3233 lege
2733 3166 3038 3230 Oportebat.
3076 3165 3432 3220 verecundari

1867 3257 1934 3311 ad
1968 3257 2237 3311 luxuriam
2269 3271 2422 3310 suam
2458 3253 2643 3308 abuti:
2688 3255 2795 3308 illis
2839 3256 3226 3324 propemodum
3264 3257 3434 3326 impe-

1867 3356 2054 3402 rantes
2082 3347 2264 3400 omnia
2289 3345 2466 3400 facere
2493 3339 2613 3413 quae
2637 3344 2876 3413 ipsarum
2913 3345 3120 3398 libidini
3158 3345 3429 3401 favebant.

1871 3440 2011 3506 Quid
2038 3440 2224 3508 igitur?
2248 3458 2265 3490 ι
2311 3436 2467 3492 Iurat
2489 3437 2746 3490 Dominus
2767 3452 2861 3506 per
2879 3449 3101 3492 sanctos
3119 3453 3269 3501 suos,
3300 3453 3439 3506 quo—

1870 3532 2016 3586 niam
2051 3531 2168 3583 dies
2191 3530 2414 3582 veniunt
2436 3543 2601 3596 super
2617 3541 2736 3590 vos,
2753 3537 2806 3579 et
2829 3526 3019 3580 tollent
3037 3541 3134 3580 vos
3163 3526 3217 3579 in
3240 3526 3430 3588 armis,

1871 3631 1928 3676 ct
1941 3636 2036 3675 eos
2052 3620 2142 3688 qui
2159 3619 2438 3672 vobiscum
2463 3625 2590 3670 sunt
2612 3617 2666 3670 in
2687 3617 2822 3670 ollas
2837 3630 3131 3671 succensas
3157 3615 3434 3685 injicient:

1872 3723 1928 3765 et
1955 3709 2249 3781 ejicicmiui
2270 3709 2421 3770 nudi,
2437 3709 2631 3762 mulier
2648 3716 2810 3776 atque
2830 3706 2930 3770 vir,
2953 3722 3136 3761 coram
3161 3707 3391 3762 invicem
3417 3726 3437 3778 ;

1873 3814 1927 3856 et
1955 3798 2316 3870 projiciemini
2355 3800 2409 3852 in
2442 3806 2678 3852 montem
2709 3796 3026 3860 Ariuauam,
3073 3795 3207 3852 dicit
3254 3796 3439 3852 Domi-

1874 3909 2000 3947 nus.
2032 3911 2053 3942 ο
2088 3890 2338 3945 Decrevit
2391 3889 2652 3943 Dominus
2721 3904 2832 3942 rem
2898 3902 3020 3957 qua:
3075 3888 3274 3942 mutari
3332 3903 3438 3942 non

1877 3987 2049 4054 potest
2075 4001 2088 4034 :
2114 3982 2214 4036 hoc
2235 3981 2379 4038 enim
2411 3981 2630 4035 denotat
2659 3979 2882 4033 verbum
2917 3978 3092 4048 cjurat
3121 3994 3135 4043 ;
3169 3997 3188 4032 ι
3228 3989 3440 4048 tempus

1877 4075 2064 4128 adfore
2111 4089 2221 4143 quo
2269 4072 2339 4126 de
2387 4072 2474 4126 bis
2527 4087 2718 4140 pwnas
2769 4071 3005 4124 dabitis:
3055 4072 3442 4141 supervenient

1876 4165 2021 4217 enim
2049 4163 2202 4217 vobis
2236 4162 2442 4224 hostes,
2475 4162 2565 4228 qui
2615 4175 2708 4213 vos
2749 4160 3054 4228 captivatos
3087 4159 3443 4214 intolerandis

1886 4255 2039 4322 ιιι
2073 4252 2320 4306 irretient
2367 4252 2566 4305 malis:
2617 4251 2741 4320 quia
2774 4265 2967 4318 nempe
3011 4251 3227 4305 cunctis
3276 4251 3442 4305 simul

206 4347 292 4397 ὅτι
318 4347 585 4416 παρέσται
613 4346 801 4416 καιρὸς
836 4347 893 4398 ὲν
923 4339 966 4413 ᾧ
993 4345 1195 4400 τούτων
1230 4345 1428 4398 δώσετε
1451 4346 1603 4409 δίκας
1623 4363 1636 4376 ·
1673 4349 1763 4399 ἐπ-

1881 4346 2096 4415 spoliati
2134 4345 2312 4409 bonis,
2338 4360 2461 4399 cum
2496 4346 2642 4413 pravi
2671 4346 2837 4397 moris
2867 4344 3206 4407 mulieribus,
3239 4351 3294 4398 et
3319 4359 3442 4398 cum

211 4436 522 4489 ελεύσονται
567 4437 674 4508 γὰρ
720 4439 846 4508 ὑμῖν
899 4438 1176 4507 πολέμιοι,
1231 4437 1280 4490 οἳ
1332 4437 1584 4501 λαϐόντες
1641 4440 1783 4508 ὑμᾶς

211 4525 610 4595 αἰχμαλώτους,
627 4527 944 4598 ἀνηκέστοις
957 4526 1250 4596 ἐμϐαλοῦσι
1268 4529 1473 4589 κακοῖς,
1486 4527 1627 4580 ὥστε
1645 4529 1784 4581 κατά

211 4618 407 4671 ταυτὸν
443 4618 658 4670 πάντων
703 4616 810 4670 τῶν
847 4617 1140 4686 περιόντων
1181 4615 1275 4668 νῦν
1306 4617 1525 4683 ἀγαθῶν
1565 4634 1783 4687 γυμνω-

214 4709 426 4771 θέντας,
468 4707 602 4777 ὁμοῦ
626 4711 724 4772 τάς
749 4725 808 4760 τε
839 4706 1062 4760 τοιαῦτα
1090 4707 1462 4778 ἐργαζομένοις
1500 4711 1782 4775 γυναῖκας,

1880 4437 2349 4492 subservientibus
2400 4435 2465 4488 ad
2521 4434 2856 4504 peccandum
2911 4435 3077 4499 viris,
3127 4435 3326 4504 captivi
3379 4434 3446 4486 ad

1880 4529 2227 4599 Assyriorum
2273 4527 2544 4596 regionem
2608 4524 2900 4578 ducemini.
2970 4525 3260 4577 Armanam
3321 4539 3449 4579 vero

1881 4621 2014 4674 dicit
2070 4628 2305 4673 montem
2361 4619 2767 4680 Armeniorum,
2822 4617 2914 4686 qui
2954 4625 3085 4670 tunc
3143 4617 3194 4669 in
3243 4615 3449 4672 ditionc

1883 4712 2227 4781 Assyriorum
2263 4719 2401 4764 crat.

209 4801 310 4855 καὶ
350 4803 474 4862 τοὺς
513 4801 982 4870 ὑπηρετουμένους
1024 4799 1210 4858 αὑταῖς
1247 4799 1382 4868 πρὸς
1412 4799 1480 4851 τὰ
1540 4801 1754 4853 τοιαῦτα
1792 4801 1990 4874 ἄνδρας
2028 4803 2402 4874 αἰχμαλώτους
2445 4803 2537 4855 ἐπὶ
2568 4803 2665 4873 τὴν
2692 4802 2798 4854 τῶν
2815 4802 3111 4872 ’Λσσυρίων
3143 4802 3450 4872 ἀπαχθῆναι

216 4891 423 4962 χώραν.
499 4891 742 4960 Ἅρμανά
798 4891 905 4962 γὰρ
943 4890 1004 4942 τὸ
1055 4889 1350 4960 Ἀρμενίων
1387 4890 1511 4960 ὅρος
1563 4892 1735 4956 καλεῖ,
1773 4892 2032 4963 (μ.168)
2074 4896 2210 4964 ὅπερ
2266 4895 2370 4947 ὑπὸ
2403 4895 2502 4963 τὴν
2561 4894 2860 4964 ’Λσσυρίων
2920 4893 2979 4947 ὃν
3019 4892 3278 4965 ἐτύγχανε
3331 4894 3453 4947 τότε

211 4983 511 5055 βασιλείαν.

290 5074 437 5141 Στίχ.
474 5073 619 5136 δ’-ς’.
648 5103 715 5113 -
753 5093 771 5124 ι
809 5072 1096 5143 Εἰσήλθετε
1127 5074 1206 5134 εἰς
1235 5072 1455 5144 Βαιθὴλ,
1479 5077 1572 5128 καὶ
1597 5077 1794 5146 ήνομήι

217 5159 382 5217 σατε·
414 5163 507 5214 καὶ
547 5164 623 5224 είς
651 5163 918 5230 Γάλγαλα,
965 5163 1058 5215 καὶ
1087 5162 1422 5232 ὲπληθύνατε
1466 5163 1560 5216 τοῦ
1597 5165 1794 5235 ἀσεϐῆ-

215 5272 311 5308 σαι
340 5269 350 5278 ·
393 5253 487 5305 καὶ
535 5254 800 5320 ἠνέγκατε
853 5253 996 5322 πρωῒ
1028 5252 1214 5317 θυσίας
1248 5254 1423 5324 ὑμῶν.
1455 5257 1548 5309 καὶ
1592 5259 1670 5319 είς
1697 5256 1795 5327 τὴν

219 5344 548 5414 τριημερίαν
575 5343 641 5394 τὰ
670 5343 958 5395 ἐπιδέκατα
998 5344 1148 5412 ὑμῶν
1173 5361 1185 5372 ·
1224 5345 1315 5396 καὶ
1347 5344 1655 5412 ἀνέγνωσαν
1693 5345 1796 5410 ἔξω

220 5437 406 5504 νόμον,
439 5435 532 5487 καὶ
572 5435 965 5488 ἐπεκαλέσαντο
997 5434 1297 5504 ὁμολογίαν.
1337 5453 1355 5485 ι
1403 5435 1662 5488 Ἐνταῦθα
1701 5440 1794 5490 καὶ

231 5527 354 5594 περὶ
380 5525 449 5577 τΞι
482 5525 673 5577 εἴδωλα
704 5525 886 5587 αὐτοῖς
919 5525 1154 5594 σπουδὴν
1191 5522 1433 5588 ὀνειδίζει
1458 5539 1470 5552 ·
1506 5524 1660 5577 τοῦτο
1687 5525 1794 5596 γὰρ

228 5617 378 5685 λέγει
407 5615 483 5680 τδ,
523 5636 539 5666 ι
573 5617 662 5678 Ei;
696 5614 897 5684 Βαιθὴλ
921 5615 1012 5666 καὶ
1049 5617 1126 5678 είς
1151 5614 1396 5683 Γάλγαλα
1429 5615 1735 5672 mowers:
1772 5636 1793 5668 ›

523 5710 794 5769 Ριιττιοι.
831 5710 946 5770 Gn.
997 5709 1217 5771 LXVI.

1965 5071 2127 5126 Vens.
2167 5070 2385 5124 4-6.-ι
2426 5069 2694 5126 IntroiSIis
2729 5073 2781 5125 in
2829 5071 3035 5136 Bethel,
3069 5081 3122 5127 et
3148 5071 3308 5140 impie
3336 5073 3453 5141 egi-

1892 5166 2028 5222 stis:
2067 5165 2121 5217 in
2153 5164 2395 5232 Calgala,
2434 5166 2910 5235 etmnltiplicastis
2933 5165 3451 5233 prmvm'icationem.

1891 5255 2168 5310 Attulistis
2199 5271 2357 5310 mane
2384 5256 2635 5311 victimas
2669 5266 2902 5322 vestras,
2933 5258 2987 5312 in
3022 5255 3262 5311 triduum
3303 5239 3456 5313 deci-

1895 5362 2012 5399 mas
2034 5353 2266 5400 vestras.
2301 5345 2364 5398 Et
2395 5347 2643 5417 legerunt
2676 5346 2882 5403 deforis
2907 5349 3099 5417 legem,
3140 5355 3193 5400 et
3230 5348 3460 5403 invoca-

1899 5443 2092 5491 verunt
2122 5435 2543 5492 confessionem.
2582 5456 2600 5489 ι
2641 5437 2753 5491 Hoc
2794 5440 2912 5494 loco
2955 5438 3297 5493 sedulitatem
3327 5453 3458 5508 erga

1904 5527 2047 5581 idola
2078 5526 2184 5582 illis
2216 5528 2525 5596 exprobrat;
2558 5527 2610 5580 id
2639 5529 2783 5582 enim
2809 5530 2988 5582 valent
3007 5529 3191 5588 verba,
3221 5547 3237 5578 ι
3274 5528 3327 5582 in
3361 5528 3459 5580 Be-

1905 5617 2011 5673 tliel
2036 5627 2196 5688 atque
2219 5616 2438 5688 Galgala
2461 5617 2757 5684 intr‘oistis;
2797 5637 2815 5670 ι
2851 5619 2923 5672 ita
2965 5617 3231 5672 idolorum
3254 5619 3462 5674 cultum

3110 5715 3149 5773 9
