3828 6216
431 214 561 274 967.

1617 210 1969 287 rnsonom
2002 208 2485 267 uorsussrsNt

3556 205 3658 260 368

432 332 499 384 de
527 345 677 385 more
702 328 1017 401 signiﬁcans
1052 348 1062 383 :
1094 337 1147 383 et
1183 329 1403 400 quidem
1434 328 1690 383 alacriter
1712 326 2005 382 admodum

2124 353 2174 403 ὲκ
2193 348 2383 403 τούτου
2413 345 2677 409 εἰωθότως
2699 345 2796 417 τὴν
2819 345 2947 417 περὶ
2973 344 3041 399 τά
3070 340 3261 398 εἴδωλα
3278 341 3554 411 θεραπείαν
3578 342 3659 412 δηο

434 422 879 491 praavaricantes,
913 422 1184 477 sacriﬁcia
1209 410 1404 477 sedulo
1430 422 1709 477 attulistis.
1744 420 1864 475 Jam
1903 440 1922 473 ι
1948 422 2008 475 in

435 513 677 567 tridumu
722 532 740 565 ι
775 514 931 580 dicit,
964 515 1046 569 vel
1089 522 1201 570 tres
1237 513 1356 569 dies
1386 514 1694 584 intelligens
1726 514 1799 567 ob
1822 522 2009 568 osten-

434 607 666 660 dendam
701 605 1061 676 frequentiam
1089 620 1199 677 qua
1245 607 1513 664 sacriﬁcia
1562 606 1898 670 offerebant;
1928 605 2012 659 vel

436 697 763 767 peculiarem
813 697 1048 765 aliquem
1080 699 1343 762 modum,
1390 713 1501 769 quo
1539 698 1811 753 sacriﬁcia
1867 697 2011 767 apud

438 789 579 843 idola
612 790 961 860 peragebant.
1003 789 1136 843 Illuc
1175 799 1356 844 autem
1391 791 1633 843 decimas
1667 803 1889 857 quoque
1936 789 2014 842 in-

438 878 662 943 tulistis,
693 890 748 933 et
790 880 959 949 legem
988 878 1279 949 quamdam
1327 895 1427 949 pro
1476 879 1635 933 libito
1672 886 1853 933 vestro
1884 877 2015 946 legi-

436 969 569 1035 stis;
622 978 676 1025 et
731 970 936 1026 foedera
990 987 1156 1041 super
1206 971 1308 1026 hac
1353 971 1498 1042 apud
1553 971 1698 1026 idola
1757 969 2011 1024 fecistis:

437 1070 599 1131 atque
650 1069 708 1114 ut
761 1063 1076 1117 summatim
1131 1062 1333 1127 dicam,
1383 1063 1565 1116 omnia
1616 1062 1709 1115 illa
1759 1075 1883 1131 qua:
1916 1074 2015 1115 vos

435 1152 660 1206 decebat
722 1153 1025 1207 secundum
1083 1152 1325 1208 divinam
1389 1153 1560 1223 legem
1620 1151 2017 1223 Hierosolymis

437 1252 697 1314 praestare
726 1242 855 1308 Deo,
884 1244 999 1298 haec
1026 1244 1080 1297 in
1114 1244 1388 1314 praedictis
1418 1245 1552 1299 locis
1593 1259 1721 1315 erga
1754 1243 1917 1306 idola,
1947 1258 2015 1296 ex

439 1337 845 1391 institutionum
874 1351 1117 1390 mearum
1150 1352 1341 1390 norma
1379 1334 1605 1390 fecistis.
1641 1336 1852 1402 Quibus
1887 1350 2019 1404 pra:—

436 1426 582 1480 clate
604 1426 921 1495 subjungit:
952 1443 972 1476 ι
1008 1425 1362 1489 Annuntiate,
1389 1425 1648 1494 quoniam
1675 1424 1791 1478 haec
1816 1423 2020 1479 dilexe-

438 1525 566 1569 runt
604 1516 696 1569 ﬁlii
729 1514 971 1579 lsraelis,
998 1515 1131 1570 dicit
1166 1514 1450 1570 Dominus.
1486 1534 1506 1566 ›
1538 1514 1805 1569 Omnibus
1836 1516 2021 1586 explo-

439 1616 615 1662 ratum
665 1608 735 1663 sit
789 1608 1020 1661 istorum
1065 1624 1193 1679 erga
1243 1608 1390 1662 idola
1436 1607 1703 1671 studiutn,
1752 1616 1813 1660 ut
1857 1606 2020 1662 simul

440 1705 654 1751 constet
678 1696 1033 1767 quamobrem
1060 1711 1250 1766 ptenas
1276 1696 1498 1751 luerint.
1535 1695 1677 1762 Quid
1704 1696 1871 1750 vero?
1902 1714 1922 1745 ο
1955 1694 2021 1749 Et
2054 1679 2092 1733 Β

439 1804 542 1858 ego
573 1788 715 1843 dabo
747 1788 901 1843 vobis
932 1796 1208 1858 stuporem
1239 1788 1484 1843 dentium
1518 1788 1575 1841 in
1606 1789 1823 1843 cunctis
1867 1788 2022 1841 urbi-

442 1882 544 1934 bus
568 1880 788 1943 vestris,
818 1887 871 1935 et
904 1879 1256 1949 indigentiam
1288 1894 1487 1949 panum
1522 1879 1575 1932 in
1602 1879 1862 1934 omnibus
1886 1879 2023 1935 locis

439 1974 672 2036 vestris;
706 1981 759 2027 et
785 1987 891 2026 non
922 1970 1271 2027 revertemini
1304 1971 1369 2024 ad
1400 1986 1508 2035 me,
1534 1970 1664 2025 dicit
1685 1969 1965 2026 Dominus.
1998 1991 2017 2023 ι

445 2063 705 2133 Equidem
755 2064 980 2117 multam
1024 2062 1218 2117 faciam
1273 2062 1441 2117 vestri
1509 2061 1920 2125 contritionem,
1968 2070 2023 2116 et

446 2153 679 2224 plurima
730 2153 1169 2208 necessariarum
1221 2167 1405 2205 rerum
1452 2159 1696 2220 egestate
1735 2166 2019 2221 premam;

445 2262 620 2316 neque
649 2252 831 2300 tamen
866 2244 1075 2299 idcirco
1120 2243 1391 2299 emendati
1432 2243 1499 2297 ad
1536 2259 1621 2298 me
1652 2242 2023 2300 declinabitis.

442 2334 578 2392 Nam
607 2334 852 2391 dentium
880 2342 1161 2406 stuporem
1193 2336 1347 2399 dicit,
1382 2351 1481 2405 pro
1516 2336 1677 2405 ιιι
1706 2336 1855 2405 gravi
1887 2348 2024 2389 (ξοη-

445 2428 707 2494 tritione;
763 2428 907 2482 sicut
978 2428 1141 2482 etiam
1204 2428 1344 2498 apud
1413 2428 1631 2482 beatum
1699 2426 1955 2482 Davidem
2005 2445 2021 2481 :

450 2538 470 2570 ο
507 2517 653 2576 Deus
699 2526 949 2575 conteret
1004 2519 1196 2574 dentes
1245 2534 1434 2575 eorum
1496 2519 1549 2572 in
1589 2534 1686 2573 ore
1731 2519 2019 2589 ipsorum:

447 2612 620 2669 molas
649 2613 867 2668 leonum
902 2609 1171 2683 confregit
1202 2610 1467 2666 Dominus
1498 2611 1565 2665 ".
1604 2629 1623 2661 ι
1656 2610 1785 2664 Vult
1814 2612 2024 2666 scilicet

448 2719 717 2759 summam
745 2704 1129 2759 contritionem
1159 2704 1341 2761 dicere
1394 2713 1447 2760 et
1481 2703 1639 2771 quasi
1667 2701 1735 2757 ad
1778 2702 2022 2758 dentium

446 2806 722 2865 stuporem
755 2793 1134 2849 deventuram.

2110 442 2219 493 λῶν
2239 459 2254 473 ·
2284 440 2378 493 καὶ
2410 440 2546 510 μετὰ
2577 438 2777 507 πολλῆς
2806 437 2905 507 μὲν
2934 436 3179 505 ἠσεϐεῖτε
3213 435 3311 504 τῆς
3342 433 3653 503 προθυμίας·

2112 532 2418 602 προσήγετε
2478 530 2536 582 δὲ
2605 528 2808 597 σπουδῇ
2882 528 2977 579 καὶ
3038 527 3137 588 τὰς
3221 524 3437 586 θυσίας·
3485 524 3540 576 τὸ
3582 524 3653 583 δὲ,

2118 641 2136 672 ι
2176 624 2254 685 είς
2299 622 2398 692 τὴν
2428 619 2775 691 τριημερίαν,
2809 638 2827 670 ι
2864 618 3019 689 ἢΔιά
3050 618 3215 688 τριῶν
3250 616 3481 688 ἡμερῶν,
3506 617 3663 670 εἰπεῖν

2115 710 2400 782 βούλεται,
2447 711 2527 773 είς
2575 708 2806 777 δήλωσιν
2856 706 2951 759 τοῦ
3011 704 3247 775 συνεχῶς
3278 705 3376 773 τὴν
3401 716 3661 773 προσαγω-

2113 804 2221 873 γὴν
2274 801 2382 856 τῶν
2435 800 2635 853 θυσιῶν
2663 798 2954 865 ποιεῖσθαι,
2998 798 3032 868 ἢ
3070 798 3268 868 τρόπον
3306 794 3422 848 τινὰ
3455 794 3566 847 καθ’
3610 795 3666 846 δν

2111 895 2211 956 τὰς
2248 893 2439 955 θυσίας
2473 891 2761 945 ἐπετέλουν
2784 890 2903 943 τότε
2949 888 3060 951 τοῖς
3107 886 3365 949 εἰδώλοις.
3405 883 3585 937 Αὑτόθι
3612 884 3663 935 δὲ

2114 984 2330 1047 καὶτὰς
2359 981 2591 1047 δεκάτας
2634 981 3021 1052 προσεφέρετε,
3073 980 3168 1032 καὶ
3218 978 3379 1047 νόμον
3420 974 3535 1028 τινὰ
3582 976 3663 1026 ἀν-

2116 1075 2437 1143 εγινώσκετε
2456 1073 2547 1126 τὸν
2571 1073 2698 1144 ὑμῖν
2719 1068 3119 1130 δοκοῦντὼτάς
3143 1065 3411 1137 συνθήκας
3432 1065 3512 1116 ἐπ’
3534 1063 3669 1131 αὐτῷ

2117 1167 2253 1238 πρὸς
2298 1166 2365 1218 τὰ
2417 1164 2612 1218 εἴδωλα
2659 1163 3001 1232 ποιούμενοι·
3047 1161 3142 1213 καὶ
3199 1158 3469 1227 συντόμως
3512 1156 3671 1208 εἰπεῖν

2117 1259 2333 1312 ἅπαντα
2363 1254 2427 1326 δὴ
2462 1255 2498 1309 ἀ
2531 1254 2806 1324 προσῆκον
2831 1248 2900 1323 ἦν
2925 1250 3070 1323 ὑμᾶς
3115 1248 3257 1304 κατά
3280 1249 3370 1302 τὸν
3412 1248 3564 1316 νόμον
3588 1246 3673 1299 τὸν

2118 1349 2260 1402 θεῖον
2313 1348 2405 1401 ἐπὶ
2453 1346 2554 1417 τῆς
2625 1344 2977 1416 Ἰερουσαλὴμ
3025 1340 3375 1413 ἀποπληροῦν
3423 1337 3500 1409 τῷ
3542 1338 3671 1407 Θεῷ,

2117 1437 2290 1490 ταῦτα
2318 1437 2376 1489 έν
2402 1438 2512 1499 τοῖς
2533 1435 2889 1507 προῤῥηθεῖσι
2915 1434 3101 1495 τόποις
3122 1431 3218 1486 καὶ
3248 1429 3374 1501 περὶ
3402 1430 3468 1482 τὰ
3497 1426 3673 1482 εἴδωλα

2120 1529 2263 1582 κατά
2312 1527 2543 1599 μίμησιν
2588 1528 2697 1580 τῶν
2744 1526 2867 1597 ἐμοὶ
2910 1524 3343 1595 διατεταγμένων
3386 1520 3674 1582 ποιοῦντες·

2122 1615 2204 1684 οἷς
2237 1621 2417 1683 καλῶς
2458 1619 2682 1688 έπάγει·
2723 1638 2746 1671 ι
2801 1617 3195 1686 Ἀπαγγείλατε
3232 1615 3316 1669 ὅτι
3354 1612 3521 1667 ταῦτα
3552 1612 3677 1681 ἠγά-

2121 1728 2302 1783 πησαν
2340 1714 2388 1765 οί
2438 1711 2544 1764 υἱοὶ
2579 1710 2815 1782 Ἰσραὴλ,
2862 1710 3008 1778 λέγει
3052 1706 3256 1780 Κύριος
3284 1708 3313 1759 ὀ
3345 1705 3490 1767 Θεός.
3529 1723 3546 1756 ι
3586 1704 3676 1757 Γε-

2121 1804 2296 1858 νέσθω
2325 1802 2388 1872 δὴ
2432 1803 2565 1855 πᾶσι
2594 1798 2912 1870 καταφανὴς
2944 1798 3136 1868 αὐτῶν,
3159 1799 3193 1868 ἡ
3228 1795 3358 1867 περὶ
3382 1794 3449 1848 τά
3474 1792 3679 1847 τοιαῦτα

2124 1895 2350 1966 σπουδὴ,
2372 1894 2447 1958 ὡς
2472 1895 2538 1947 ἂν
2570 1893 2664 1947 καὶ
2687 1893 2828 1965 ὑπὲρ
2861 1892 2983 1946 ὅτου
3016 1891 3217 1944 διδόασι
3254 1889 3429 1951 δίκας,
3464 1887 3536 1955 (p.
3566 1884 3679 1954 l69)

2122 1987 2329 2055 γένοιτο
2378 1985 2558 2054 δῆλον.
2592 1984 2657 2037 Τί
2690 1985 2830 2055 γάρς
2873 2001 2893 2035 ι
2933 1983 3043 2036 Καὶ
3071 1980 3182 2050 ἐγὼ
3210 1979 3367 2034 δώσω
3400 1979 3523 2048 ὀμῖν
3557 1994 3681 2048 γομ-

2124 2076 2363 2146 φιασμδν
2398 2076 2625 2131 ὀδόντων
2658 2076 2716 2129 έν
2748 2075 2948 2137 πάσαις
2984 2075 3106 2135 ταῖς
3136 2072 3357 2125 πόλεσιν
3390 2069 3557 2141 ὑμῶν,
3594 2070 3681 2121 καὶ

2124 2169 2328 2222 ἔνδειαν
2361 2168 2541 2237 ἀρτων
2584 2168 2642 2221 έν
2684 2168 2819 2219 πᾶσι
2861 2168 2973 2228 τοῖς
3022 2166 3209 2228 τόποις
3252 2162 3427 2232 ὑμῶν,
3475 2163 3564 2215 καὶ
3593 2159 3682 2213 οὐκ

2125 2258 2487 2330 ἐπιστρέφετε
2518 2258 2653 2328 πρός
2695 2274 2784 2329 με,
2814 2257 2960 2325 λέγει
2991 2256 3216 2327 Κύριος.
3264 2273 3283 2304 ι
3326 2254 3435 2307 Καὶ
3473 2253 3575 2321 γὰρ
3599 2252 3682 2303 καὶ

2126 2348 2416 2421 συντριϐὴν
2463 2347 2619 2417 ὑμῶν
2658 2348 2962 2418 ἐργάσομαι
3008 2346 3286 2416 πλείστην,
3336 2344 3430 2398 καὶ
3477 2345 3542 2413 τῇ
3586 2341 3685 2392 τῶν

2125 2440 2436 2509 ἀναγκαίων
2482 2438 2659 2509 ἐνδείᾳ
2708 2437 3022 2509 περιϐαλῶ·
3072 2436 3165 2490 καὶ
3222 2436 3343 2489 οὐδὲ
3394 2434 3485 2487 ἐπὶ
3528 2432 3683 2500 τούτῳ

2129 2528 2589 2600 σωφρονισθέντες
2631 2527 2847 2582 νεύσετε
2892 2527 3027 2597 πρός
3067 2542 3165 2598 με·
3200 2523 3542 2597 γομφιασμδν
3588 2520 3685 2590 γὰρ

2127 2620 2355 2675 ὀδόντων
2383 2620 2481 2690 τὴν
2513 2620 2651 2687 ἄγαν
2681 2618 2971 2690 συντριδὴν
3002 2618 3174 2686 λέγει·
3211 2616 3288 2681 ὡς
3315 2617 3409 2670 καὶ
3453 2613 3591 2686 παρὰ
3616 2611 3688 2680 τῷ

2135 2712 2390 2783 μακαρίῳ
2408 2711 2568 2765 Δαυῖδ
2590 2712 2671 2777 τὸ,
2702 2730 2721 2763 ι
2759 2711 2818 2763 '0
2837 2711 2968 2774 Θεός
2987 2712 3112 2773 τοὺς
3139 2710 3359 2772 ὀδόντας
3388 2706 3559 2762 αὐτῶν
3584 2722 3683 2757 συν-

2132 2804 2311 2874 τρίψει
2342 2804 2401 2855 έν
2432 2802 2514 2873 τῷ
2545 2801 2773 2871 στόματι
2804 2801 3007 2864 αὐτῶν,
3036 2800 3135 2865 τὰς
3186 2800 3372 2871 μώλας
3415 2797 3520 2851 τῶν
3558 2794 3685 2847 λεόν-

446 2916 557 2954 των
587 2894 912 2952 συνέθλασεν
945 2897 973 2949 ὀ
1002 2895 1207 2968 Κύριος
1226 2910 1239 2925 ·
1274 2916 1292 2947 ι
1324 2895 1633 2967 βουλομένῳ
1655 2895 1753 2965 τὴν
1774 2894 2217 2966 ὑπερϐάλλουσαν
2243 2898 2419 2950 εἰπεῖν
2448 2894 2758 2967 συντριϐην,
2784 2895 2860 2957 ὡς
2891 2893 3016 2964 ἀχρι
3040 2894 3150 2947 τῶν
3181 2893 3411 2947 ὀδόντων
3443 2888 3683 2958 ἐσομένην

449 2992 543 3046 καὶ
568 2989 677 3044 τῶν
704 2987 973 3060 γομφίων.

521 3078 689 3134 Vsus.
723 3077 878 3133 7-10.
908 3107 980 3117 —
1012 3095 1031 3127 ι
1072 3075 1139 3131 Ει
1181 3092 1282 3148 ego
1335 3075 1589 3147 prohibui
1643 3091 1674 3129 a
1726 3076 1880 3130 vobis
1922 3076 2021 3129 im-

2198 3079 2346 3149 Στίχ.
2396 3079 2547 3143 ζ’.-ι⁹.
2584 3109 2656 3120 --
2690 3100 2708 3131 ι
2748 3081 2855 3134 Καὶ
2889 3076 2999 3147 ἐγὼ
3055 3077 3281 3146 ἀνέσχον
3333 3074 3392 3138 ἐξ
3431 3072 3573 3143 ὑμῶν
3606 3068 3688 3122 τὸν

448 3170 624 3232 brem,
655 3183 780 3222 cum
808 3166 987 3220 adhuc
1019 3174 1133 3221 tres
1166 3180 1379 3220 menses
1413 3174 1764 3235 superessent
1794 3166 1859 3218 ad
1891 3179 2028 3219 mes-

448 3276 585 3315 sem.
624 3258 689 3313 Et
736 3258 919 3329 pluam
967 3273 1133 3327 super
1184 3271 1349 3311 unam
1405 3256 1707 3317 civitatem,
1754 3262 1809 3310 et
1862 3270 2029 3324 super

449 3353 675 3406 alteram
712 3351 985 3407 civitatem
1010 3366 1117 3404 non
1136 3349 1316 3421 pluant
1334 3364 1349 3401 :
1365 3363 1489 3418 pars
1502 3363 1607 3401 una
1632 3347 1907 3417 eompluta
1922 3356 2024 3408 est,

448 3449 503 3496 et
525 3456 672 3511 pars,
703 3454 867 3510 super
899 3452 1064 3509 qnam
1095 3452 1204 3492 non
1244 3437 1381 3506 plui,
1410 3438 1575 3489 aruit.
1610 3433 1679 3488 Et
1704 3436 2030 3489 convenient

450 3532 571 3586 dure
587 3530 839 3585 civitates
862 3530 916 3583 in
952 3530 1228 3583 civitatem
1249 3540 1411 3581 unam
1443 3534 1505 3581 ut
1524 3526 1713 3580 bibant
1734 3539 1950 3594 aquam,
1976 3536 2030 3580 et

450 3639 560 3678 non
584 3622 953 3677 satiabuntur.
1003 3618 1066 3673 Et
1110 3634 1207 3675 vos
1237 3619 1305 3673 ad
1347 3633 1433 3673 me
1476 3633 1584 3672 non
1630 3616 1767 3671 estis
1795 3618 2026 3679 reversi.

451 3712 583 3769 dicit
610 3712 894 3767 Dominus.
953 3728 973 3762 ι
1022 3708 1283 3766 Subtraxi
1326 3715 1509 3763 autem
1559 3709 1715 3763 vobis
1773 3708 2025 3772 imbrem,

450 3805 806 3877 quamobrem
860 3803 915 3857 in
969 3801 1258 3856 maximam
1331 3800 1673 3856 sterilitatem
1722 3800 2028 3865 incidistis;

451 3911 579 3951 nam
632 3895 857 3958 locutio,
912 3894 1090 3947 tribus
1141 3900 1269 3946 ante
1301 3908 1535 3946 messem
1572 3892 1874 3946 mensibus.
1924 3892 2028 3945 hoc

453 3986 724 4055 signiﬁcat
769 4004 782 4039 :
836 3984 1035 4039 etenim
1094 3998 1161 4038 eo
1210 3991 1328 4037 toto
1384 3983 1669 4036 intervallo
1715 3984 2029 4037 continuata

454 4078 700 4139 siccitas,
736 4075 1102 4130 universalem
1148 4073 1363 4144 frugum
1406 4074 1537 4127 facit
1570 4074 1887 4144 perniciem,
1909 4091 2031 4145 qua:

454 4182 633 4237 neque
694 4167 765 4221 ali
822 4179 999 4235 neque
1047 4164 1404 4234 pinguescere
1459 4174 1667 4234 queunt
1718 4183 1731 4219 :
1777 4166 2030 4234 prohibet

453 4259 711 4328 denique,
745 4257 1043 4328 quominus
1072 4256 1268 4312 idonea
1306 4256 1573 4310 armentis
1605 4271 1804 4325 pascua
1833 4273 2030 4327 suppe-

453 4359 592 4406 tant.
625 4348 852 4421 Reliqua
884 4356 1065 4404 autem
1114 4362 1216 4418 pro
1266 4362 1418 4403 more
1465 4350 1815 4418 contingente
1848 4349 1979 4405 dicit
2011 4366 2025 4404 :

454 4443 583 4513 quia
614 4444 668 4496 in
704 4441 887 4497 nimiis
922 4440 1283 4506 siccitatibus,
1308 4440 1451 4495 aeris
1476 4456 1693 4511 quoque
1726 4457 1869 4511 saepe
1901 4456 2029 4495 eon-

455 4533 617 4602 tingit
648 4532 882 4601 aliquem
930 4530 1047 4585 ﬁeri
1096 4531 1395 4594 turbinem,
1424 4540 1479 4587 et
1504 4532 1756 4604 exiguam
1789 4533 2025 4602 pluviam

456 4621 666 4691 sparsis
694 4620 943 4676 decidere
988 4620 1147 4687 locis,
1185 4621 1345 4690 cujus
1395 4632 1574 4677 tamen
1612 4624 1761 4676 nulla
1796 4632 1877 4678 est
1900 4638 2029 4693 erga

2059 4391 2106 4449 D

2128 3170 2281 3222 ὑετὸν
2319 3170 2426 3239 πρὸ
2449 3169 2613 3239 τριῶν
2645 3169 2831 3241 μηνῶν
2859 3169 2951 3223 τοῦ
2979 3166 3270 3239 θερισμοῦ·
3299 3166 3394 3220 καὶ
3420 3162 3585 3235 βρέξω
3605 3160 3685 3212 ἐπὶ

2130 3262 2281 3314 πόλιν
2312 3262 2460 3332 μίαν,
2500 3262 2590 3314 ἐπὶ
2618 3260 2674 3313 δὲ
2716 3262 2869 3314 πόλιν
2910 3260 3041 3329 μίαν
3072 3261 3133 3312 οὐ
3169 3257 3374 3329 βρέξω·
3409 3256 3558 3326 μερὶς
3603 3251 3685 3321 μία

2131 3352 2460 3423 βραχήσεται
2478 3394 2491 3415 ,
2511 3351 2603 3404 καὶ
2622 3352 2777 3421 μερὶς
2805 3350 2890 3419 ἐφ’
2908 3350 2973 3419 ἢν
2990 3349 3051 3403 οὐ
3070 3348 3265 3420 βρέξω,
3286 3346 3352 3418 ξη
3363 3344 3685 3418 ρανθήσεται·

2130 3443 2223 3496 καὶ
2268 3441 2815 3513 συναθροισθήσονται
2847 3440 2961 3513 (27)
2995 3440 3089 3493 δύο
3113 3442 3207 3493 καὶ
3244 3440 3395 3510 τρεῖς
3423 3437 3596 3497 πόλεις
3619 3435 3688 3493 εἰς

2130 3535 2284 3588 πόλιν
2315 3535 2445 3604 μίαν
2474 3533 2568 3587 τοῦ
2603 3536 2748 3586 πιεῖν
2787 3532 2952 3604 ὓδωρ,
2985 3533 3080 3586 καὶ
3112 3533 3173 3584 οὐ
3216 3531 3291 3602 μὴ
3324 3526 3686 3601 ὲμπλησθῶσι·

2129 3627 2224 3680 καὶ
2247 3626 2345 3678 οὐκ
2368 3626 2747 3696 ἐπεστράφητε
2772 3626 2907 3695 πρός
2935 3642 3024 3695 με.
3053 3623 3201 3692 λέγει
3230 3622 3456 3694 Κύριος.
3482 3640 3501 3671 ι
3535 3618 3690 3684 ’Δφεῖ-

2129 3717 2219 3769 λον
2252 3717 2307 3770 δὲ
2338 3716 2491 3785 ὑμῶν
2526 3718 2619 3769 καὶ
2669 3716 2762 3768 τὸν
2805 3717 2979 3778 ὐετόν,
3006 3715 3146 3767 ὥστε
3189 3713 3442 3783 ἀκαρπίᾳ
3486 3725 3689 3780 περιπε-

2130 3810 2245 3860 σεῖν
2278 3808 2510 3880 μεγίστῃ
2530 3825 2543 3839 ·
2573 3808 2635 3859 τὸ
2667 3806 2797 3876 γὰρ.
2828 3826 2845 3856 ι
2874 3806 2979 3876 πρὸ
3009 3805 3180 3875 τριῶν
3209 3805 3396 3875 μηνῶν
3422 3802 3513 3856 τοῦ
3549 3802 3682 3870 θεριο

2132 3899 2291 3970 σμοῦ,
2325 3919 2343 3951 ι
2377 3899 2534 3951 τοῦτο
2580 3897 2761 3966 λέγει·
2799 3898 2986 3967 ἐπειδὴ
3016 3899 3049 3967 ἠ
3079 3899 3143 3951 ἐκ
3173 3897 3295 3950 τότε
3341 3898 3470 3967 ἀχρι
3524 3892 3691 3948 τέλους

2129 3988 2387 4059 γινομένη
2429 3989 2680 4059 ἀδροχία,
2723 3987 2958 4054 παντελῆ
3005 3987 3105 4058 μὲν
3137 3987 3247 4040 τῶν
3283 3985 3518 4058 καρπῶν
3546 3982 3689 4052 ἐργά-

2131 4076 2283 4141 ζεται
2308 4077 2400 4129 τὸν
2420 4076 2745 4145 ἀφανισμὸν,
2772 4076 2895 4129 οὔτε
2929 4076 3311 4147 ἐκτρέφεσθαι,
3342 4077 3416 4145 (p.
3446 4073 3567 4141 170)
3582 4070 3687 4124 οὔτε

2132 4167 2442 4221 πιαίνεσθαι
2465 4168 2590 4219 οἴων
2615 4185 2673 4220 τε
2713 4167 2880 4220 ὄντων
2898 4185 2912 4198 ·
2943 4167 3140 4220 κωλύει
3169 4167 3225 4219 δὲ
3261 4168 3358 4220 καὶ
3394 4167 3492 4236 τὴν
3516 4168 3689 4230 ὲπιτη·

2129 4259 2275 4312 δείαν
2304 4261 2415 4322 τοῖς
2443 4260 2660 4329 κτήνεσι
2696 4258 2866 4329 νομὴν
2893 4258 3230 4313 ἀναδίδοσθαι
3258 4260 3325 4312 ἐκ
3356 4258 3455 4329 τῆς
3481 4257 3578 4325 γῆς
3595 4274 3607 4285 ·
3631 4253 3690 4305 τὰ

2130 4351 2186 4403 δὲ
2210 4350 2336 4419 έξῆς
2374 4350 2483 4404 ἀπὸ
2505 4348 2600 4403 τοῦ
2630 4350 2880 4414 είωθότος
2910 4350 3056 4418 λέγει
3076 4367 3088 4380 ·
3120 4351 3306 4420 ἐπειδὴ
3340 4352 3399 4404 έν
3426 4352 3539 4411 ταῖς
3567 4350 3691 4414 ἄγαν

2132 4441 2415 4513 ἀϐροχίαις
2444 4440 2731 4511 συμϐαίνει
2759 4440 2880 4494 τινὰ
2917 4441 3175 4504 πολλάκις
3203 4442 3450 4509 γίνεσθαι
3488 4455 3692 4508 συστρο-

2136 4532 2242 4603 φὴν
2281 4534 2481 4603 μικρὰν
2524 4532 2618 4585 τοῦ
2652 4533 2839 4605 ἀέρος·
2867 4535 2960 4587 καί
2996 4551 3116 4587 τινα
3154 4534 3309 4588 ὑετὸν
3355 4534 3541 4603 εὐτελῆ
3568 4530 3692 4584 κατά

2133 4638 2286 4685 τινας
2310 4622 2669 4693 διῃρημένους
2692 4623 2970 4692 γίγνεσθαι
3012 4626 3212 4687 τόπους
3234 4643 3246 4656 ·
3284 4619 3362 4679 ὧν
3392 4625 3538 4678 οὐδὲν
3577 4622 3690 4689 ὄφε-

457 4712 673 4783 frugum
720 4710 1118 4767 incrementum
1179 4713 1410 4767 utilitas.
1472 4712 1591 4767 Non
1636 4713 1855 4768 dabitur
1900 4728 2021 4782 ergo

2136 4712 2225 4775 λος
2258 4713 2391 4783 πρὸς
2421 4713 2519 4784 τὴν
2545 4712 2801 4766 σύστασίν
2836 4715 2951 4767 ἐστι
2974 4714 3084 4769 τῶν
3116 4716 3378 4788 καρπῶν·
3409 4716 3468 4769 οὑ
3495 4712 3692 4782 δοθήσε-

457 4805 614 4860 vobis
651 4805 775 4859 usui
827 4804 1104 4859 sufficiens
1148 4804 1455 4874 pluviarum
1498 4806 1678 4875 copia,
1712 4806 1807 4861 sed
1835 4804 1923 4859 vix
1958 4814 2021 4861 te-

2126 4820 2215 4856 ται
2243 4803 2420 4857 τοίνυν
2449 4804 2579 4875 ὑμῖν
2621 4805 2902 4876 αὐτάρκης
2941 4806 3078 4875 πρὸς
3118 4808 3219 4878 τὴν
3259 4807 3447 4877 χρείαν
3475 4806 3577 4858 τῶν
3616 4804 3692 4855 ὐε-

457 4894 583 4949 nuis
609 4893 874 4963 particula
903 4894 1027 4957 erit,
1078 4901 1139 4948 ut
1178 4896 1319 4951 alius
1368 4896 1586 4965 quidem
1634 4895 1789 4950 locus
1838 4896 2021 4951 hume-

2127 4896 2235 4949 τῶν
2255 4898 2287 4961 ή
2318 4895 2568 4965 χορηγία,
2592 4895 2728 4949 ἀλλὰ
2758 4896 2929 4967 βραχύ
2952 4914 3004 4950 τι
3034 4898 3174 4951 κατά
3204 4898 3372 4969 μέρος
3405 4898 3691 4966 γενήσεται·

456 4982 595 5037 ctari
617 4980 887 5045 videatur,
911 4982 1052 5045 alius
1076 4984 1303 5037 omnino
1330 4985 1401 5039 sit
1426 4984 1612 5039 aridus
1636 5027 1651 5049 ,
1688 4984 1821 5038 nihil
1849 4984 2021 5055 fruges

2129 4985 2205 5047 ὡς
2234 4986 2333 5055 τὴν
2374 4986 2472 5056 μὲν
2508 4985 2683 5038 δοκεῖν
2728 4986 3036 5056 βεϐρέχθαι,
3060 4987 3158 5057 τὴν
3185 4989 3242 5041 δὲ
3278 4986 3528 5052 καθάπαξ
3569 4979 3691 5037 εἶναι

453 5071 682 5139 juvante
724 5068 828 5122 hac
859 5071 1056 5140 exigua
1100 5072 1524 5128 ministratione.
1579 5071 1868 5128 Evidenter
1906 5088 2021 5127 verr

2133 5076 2301 5147 ξηράν
2323 5092 2336 5105 ’
2368 5078 2479 5136 τοῖς
2510 5080 2738 5146 καρποῖς
2769 5077 2825 5129 δὲ
2858 5078 3049 5146 ὕφελος
3078 5079 3143 5131 ἐκ
3158 5078 3259 5147 τῆς
3296 5078 3546 5150 βραχείας
3574 5090 3689 5127 xar-

463 5160 733 5216 defectum
764 5160 1020 5214 imbrium
1044 5160 1308 5232 depinxit,
1332 5163 1461 5217 dum
1485 5163 1559 5217 ait
1589 5163 1839 5219 civitates
1866 5164 2021 5217 simul

2137 5164 2359 5233 αγωγῆς
2406 5165 2793 5235 προσγίνεσθαι
2830 5168 2997 5240 μηδέν
3020 5187 3033 5199 ·
3067 5170 3301 5240 μάλιστα
3337 5172 3392 5224 δὲ
3422 5169 3580 5234 ἔδειξε
3606 5166 3690 5231 τὴν

463 5251 599 5306 dias
652 5250 737 5305 vel
786 5257 899 5306 tres
942 5254 1221 5307 turmatim
1275 5256 1522 5333 abituras
1572 5255 1627 5309 in
1694 5256 1892 5320 locum,
1938 5256 2021 5309 ubi

2137 5255 2397 5325 ἀϐροχίαν
2430 5256 2508 5327 τῷ
2538 5258 2735 5323 εἰπεῖν,
2774 5260 2854 5312 ὅτι
2886 5260 2980 5314 καὶ
3024 5261 3207 5327 πόλεις
3242 5264 3335 5317 ἐπὶ
3359 5263 3419 5314 τὸ
3452 5260 3576 5317 αὖτό
3608 5256 3692 5311 δύο

534 5425 578 5456 δ’
612 5423 902 5490 Psal.t.vn,
934 5428 985 5482 7.

535 5600 646 5671 (Ἦ)
675 5600 808 5655 Cod.
845 5603 1377 5675 σ·.›ναθροισθήσεται.
