3828 6216
180 222 295 280 963

1201 221 1774 279 COMMENTARIVS
1814 221 1888 277 IN
1929 220 2137 310 AM_OSI
2168 220 2322 277 CAP.
2365 219 2453 276 IV.

3322 225 3428 279 επ)

182 354 243 389 τε
290 336 391 389 καὶ
426 339 571 407 τρεῖς
618 335 871 398 πολλάκις
918 334 1204 404 γενόμεναι
1248 336 1634 390 ἀπελεύσονται
1680 337 1764 399 είς

1870 349 2062 405 aquam
2121 334 2348 389 inveniri
2394 334 2719 403 didicerint;
2778 351 2957 408 neque
3008 346 3269 408 quantum
3326 342 3431 395 sibi

185 430 355 481 τύπον
380 430 440 481 ἐν
462 422 616 498 ᾧπερ
643 428 853 498 μάθωσι
876 426 1226 499 εὑρίσκεσθαί
1250 444 1367 492 me;
1395 426 1646 499 ῦδωρ,·ού
1666 428 1767 499 τὴν

188 517 382 589 χρείαν
415 516 632 571 ἅπασαν
677 517 785 569 οὐδ’
816 514 958 568 οὕτω
1000 516 1368 586 κομιζόμενοι,
1415 515 1674 587 βραχείας
1706 517 1765 571 δέ

188 626 336 670 τινος
367 607 723 678 ψυχαγωγίας
774 605 1134 670 ἀπολαύοντες
1180 606 1407 659 ἐκεῖθεν.
1463 605 1599 659 Ἀλλ’
1647 606 1768 660 οὐδὲ

190 703 257 752 ἑκ
298 699 508 753 τούτων
550 698 738 751 ἔσεσθε
767 698 995 760 ἑαυτῶν,
1042 699 1196 770 φησὶ,
1249 699 1505 769 βελτίους.
1534 719 1561 751 ιι
1603 700 1767 753 Ἐπά-

190 791 330 856 ταξα
371 791 516 859 ὑμᾶς
548 790 607 842 ἐν
647 788 891 861 πυρώσει
917 790 1011 843 καὶ
1051 792 1109 843 ὲν
1143 790 1362 861 ἱκτέρῳ,
1392 791 1489 844 καὶ
1534 789 1768 860 ἐπληθύ-

191 899 322 935 νατε
346 881 441 935 τοῦ
467 881 756 951 ἀσεϐῆσαι.
793 900 813 933 ο
848 882 1043 944 Νόσοις
1074 883 1217 953 ὑμᾶς
1239 883 1560 954 περιέϐαλον
1592 882 1769 937 ποικί-

190 974 336 1039 λαις,
363 976 523 1045 ὑμεῖς
562 974 621 1027 δὲ
646 974 948 1027 ἐπετείνετε
977 973 1077 1044 τὴν
1110 974 1377 1028 ἀσέϐειαν.
1419 993 1437 1024 ι
1455 973 1573 1038 ὒῦς
1600 974 1766 1043 ἐπλη-

194 1066 391 1119 θύναοτε
440 1067 658 1137 -κήπους
708 1064 870 1135 ὑμῶν
924 1065 1019 1118 καί¹
1082 1065 1405 1135 ἀμπελῶνας
1465 1066 1617 1135 ὑμῶν
1674 1066 1769 1119 καὶ

193 1159 442 1221 συκῶνας
462 1158 614 1228 ὑμῶν
630 1158 722 1211 καὶ
746 1156 978 1220 ὲλεῶνας
998 1157 1026 1209 ὑ
1034 1157 1149 1227 μῶν
1168 1157 1474 1225 κατέφαγεν
1495 1160 1527 1228 ή
1550 1159 1765 1229 κάμπη·

192 1248 288 1301 καὶ
314 1249 427 1301 οὐδ’
454 1248 627 1308 οὕτως
648 1245 1015 1318 ἐπεστρέψατε
1041 1247 1177 1316 πρός
1202 1264 1290 1317 με,
1314 1247 1462 1313 λέγει
1486 1246 1711 1318 Κύριος.
1742 1268 1762 1301 ο

195 1340 415 1401 Πάντας
447 1339 603 1408 ὑμῶν
625 1338 865 1407 ἠφάνισα
897 1340 962 1408 τῇ
992 1338 1185 1409 κάμπη
1212 1338 1338 1401 τοὺς
1369 1338 1644 1408 καρπούς’
1676 1356 1769 1411 με-

193 1431 474 1499 μενήκατε
511 1429 569 1482 δὲ
598 1431 648 1481 οί
677 1429 829 1481 αὐτοὶ¹
856 1429 950 1481 καὶ
979 1427 1170 1491 οὕτως.
1211 1446 1230 1478 ι
1280 1428 1663 1493 Ἐξαπέστειλα
1687 1430 1767 1493 εἰς

194 1523 342 1592 ὑμᾶς
391 1521 621 1574 θάνατον
668 1522 726 1573 ὲν
767 1519 874 1590 ὁδῷ
918 1519 1212 1589 Αἰγύπτου,
1248 1521 1342 1573 καὶ
1386 1520 1682 1573 ἀπέκτεινα
1711 1522 1768 1572 ἐν

196 1610 444 1680 ῥομφαία
478 1609 613 1673 τοὺς
662 1607 977 1670 νεανίσκους
1005 1606 1165 1677 ὑμῶν
1217 1606 1351 1676 μετὰ
1397 1606 1769 1677 αἰχμαλωσίας

1869 426 1990 481 usui
2038 425 2177 481 foret
2210 426 2359 480 illine
2391 435 2785 497 reportaturas,
2818 428 2981 485 breve
3027 430 3139 485 illic
3188 432 3434 488 solamen

1864 526 2139 588 expertas.
2204 517 2393 588 Neque
2455 534 2556 575 vos
2621 519 2828 576 idcirco
2891 521 3146 579 meliores
3206 523 3430 579 flemini.

1873 629 1892 661 ι
1936 609 2187 665 Percussi
2228 625 2327 665 vos
2370 611 2563 667 ardore
2606 622 2659 666 et
2708 614 2991 683 auruginc,
3023 623 3079 669 ct
3101 616 3432 685 impietatem

1868 711 2104 757 vestram
2138 703 2564 773 multiplicastis.
2610 723 2630 756 ι
2666 703 2846 760 Variis
2894 719 2991 759 vos
3021 706 3289 761 mortibus
3334 707 3436 760 im-

1868 793 2053 863 plicui,
2087 808 2183 847 vos
2220 808 2349 851 vero
2393 793 2721 863 impietatem
2762 796 3020 852 'auxistis.
3060 813 3081 849 ι
3113 796 3264 864 Quos
3290 799 3434 853 mul-

1869 884 2156 953 tiplieastis
2210 883 2402 941 hortos
2455 892 2687 951 vestros,
2742 895 2797 943 et
2854 888 3040 942 vineas
3097 898 3329 957 vestras,
3378 900 3435 948 et

1869 976 2025 1031 ﬁceta
2048 984 2253 1040 vestra,
2284 984 2341 1033 et
2366 978 2560 1033 oliveta
2589 989 2791 1046 vestra,
2832 979 3113 1035 devoravit
3148 997 3343 1050 eruca;
3379 993 3435 1039 et

1869 1083 1938 1122 ne
1960 1069 2039 1123 sic
2067 1068 2222 1139 113
2251 1069 2470 1138 quidem
2501 1070 2703 1125 reversi
2747 1071 2883 1127 estis
2914 1072 2981 1126 ad
3016 1088 3122 1138 me,
3166 1074 3301 1128 dicit
3329 1074 3436 1129 Do-

1871 1156 2066 1212 minus.
2107 1176 2126 1209 ι
2156 1155 2390 1213 Fructus
2418 1172 2518 1229 ego
2557 1171 2747 1214 omnes
2781 1168 2990 1215 vestros
3026 1176 3190 1217 eruca
3219 1164 3436 1219 absum-

1869 1246 1991 1315 psi;
2026 1261 2121 1301 vos
2152 1254 2337 1302 tamen
2376 1248 2539 1303 iidem
2573 1251 2666 1318 qui
2722 1258 2879 1306 antea
2927 1253 3228 1310 mansistis.
3263 1274 3283 1305 ι
3327 1257 3434 1310 lm-

1871 1338 1993 1392 misi
2023 1338 2178 1395 vobis
2208 1349 2435 1395 mortem
2466 1338 2521 1395 in
2552 1341 2639 1394 via
2673 1339 2914 1413 Egypti,
2944 1344 3231 1414 oscidique
3254 1346 3436 1417 gladio

1866 1428 2095 1498 juvenes
2133 1437 2369 1495 vestros,
2419 1447 2542 1486 cum
2592 1447 2855 1503 equorqu
2888 1447 3188 1491 vestrorum
3216 1441 3437 1510 captivi.

1870 1525 2011 1585 tale;
2056 1527 2112 1574 et
2162 1519 2378 1574 traduxi
2425 1520 2605 1591 ignem
2663 1537 2760 1594 per
2791 1534 2970 1580 castra
3017 1537 3193 1583 vestra
3248 1530 3302 1584 in
3350 1532 3432 1584 ira

1869 1625 2025 1675 mea;
2057 1619 2113 1666 et.
2146 1627 2214 1666 ne
2246 1612 2326 1667 sic
2349 1612 2566 1683 quidem
2616 1618 2819 1672 reversi
2867 1618 3001 1675 estis
3052 1620 3117 1674 ad
3169 1637 3275 1685 me,
3302 1624 3437 1680 dicit

193 1702 383 1754 ἵππων
416 1715 511 1753 συιδ
529 1717 547 1731 ⁴
576 1699 651 1769 (p.
688 1698 811 1766 171)
840 1697 936 1751 καλ⁸
963 1697 1235 1767 ἀνήγαγον
1269 1698 1325 1749 ὲν
1356 1698 1488 1768 πυρὶ
1512 1697 1611 1760 τὰς
1637 1713 1768 1768 παρ-

1880 1701 2158 1758 Dnminus.
2197 1722 2215 1755 ι
2245 1701 2516 1775 Profugos
2541 1721 2638 1762 vos
2669 1706 2736 1763 ad
2770 1706 3060 1780 Egyptum
3090 1728 3186 1782 spe
3218 1714 3434 1779 salutis.

208 1792 450 1862 εμϐολάς
470 1791 628 1862 ὖμῶν
664 1792 815 1862 ὲνςτῇ
868 1790 1004 1861 ὀργῇ
1041 1806 1162 1860 μου,
1194 1788 1286 1842 καὶ
1325 1788 1434 1842 οὐδ’
1478 1787 1651 1852 οὕτως
1683 1790 1768 1841 ἐπι·

1876 1789 1983 1844 illic
2018 1792 2283 1847 mortibus
2325 1794 2673 1864 aedibusque
2716 1798 3005 1868 implieabo
3044 1821 3058 1857 :
3105 1802 3436 1876 insuperque

192 1883 500 1955 εστρέᾦατε
528 1880 664 1953 πρός
683 1898 773 1950 με,
801 1880 951 1949 λέγει
977 1881 1199 1954 Κύριος.
1235 1900 1251 1932 ι
1292 1880 1399 1933 Καὶ⁵
1436 1897 1768 1949 καταπεφευ-

1874 1882 2116 1952 reliquos
2144 1899 2336 1941 onmes
2368 1899 2434 1940 ex
2461 1887 2612 1943 vobis
2640 1902 2765 1942 cum
2791 1892 2941 1945 omni
2968 1908 3025 1948 re
3054 1909 3153 1948 sua
3185 1895 3435 1954 familiari

192 1976 364 2043 γότας
393 1974 453 2027 δὲ
492 1974 637 2044 ὑμᾶς
675 1972 768 2026 ἐπὶ
810 1971 907 2042 τὴν
946 1972 1217 2039 Αἴγυπτον
1256 1971 1429 2024 ἐλπίδι
1471 1972 1764 2040 σωτηρίας,

1888 1975 1941 2027 in
1967 1974 2331 2045 captivitatem
2381 1976 2728 2034 abducendos
2756 1982 2960 2037 curabo
2992 1999 3009 2039 :
3045 1994 3277 2040 vestram
3319 2003 3438 2042 om-

192 2066 387 2119 αὐτόθι
428 2064 708 2137 περιϐαλῶ
741 2064 988 2127 θανάτοις
1023 2081 1082 2118 τε
1125 2062 1219 2117 καὶ
1258 2065 1517 2132 σφαγαῖς*
1563 2062 1642 2116 ἔτι
1676 2064 1768 2118 καὶ

1881 2080 2006 2119 nem
2027 2066 2425 2122 multitudinem
2445 2067 2569 2139 igne
2594 2070 2756 2125 veluti
2777 2086 3130 2140 consumens,
3148 2092 3243 2147 per
3270 2077 3439 2133 hosti-

191 2159 325 2222 τοὺς
367 2155 933 2229 περιλιμπανομένους
980 2155 1038 2220 ἐξ
1084 2153 1238 2225 ὑμῶν
1283 2154 1419 2224 μετά
1453 2154 1667 2208 πάντων
1705 2154 1768 2224 δὴ

1872 2156 1975 2211 lem
2004 2157 2458 2224 persecutionem.
2484 2156 2547 2212 Et
2570 2176 2636 2215 ne
2665 2171 2795 2216 tunc
2823 2165 3041 2234 quidem
3074 2170 3432 2239 resipiscctis.

188 2248 305 2301 τῶν
335 2248 644 2319 προσόντων
673 2246 855 2308 αὐτοῖς
881 2245 960 2307 είς
992 2243 1365 2315 αἰχμαλωσίαν
1396 2245 1624 2312 ἀπάγων
1643 2259 1657 2272 ·
1698 2244 1842 2298 ἅπαν
1875 2262 1934 2298 τε
1974 2245 2126 2315 ὑμῶν
2164 2247 2223 2299 τὸ
2256 2246 2457 2311 πλῆθος
2484 2247 2671 2321 ῶσπερ
2715 2254 2821 2306 τινὶ
2860 2256 2991 2324 πυρὶ
3030 2260 3437 2316 καταναλίσκων

187 2343 257 2411 τῇ
287 2339 378 2394 διὰ
413 2338 523 2392 τῶν
551 2335 823 2407 πολεμίων
849 2335 977 2406 ὑμῖν
1016 2336 1330 2407 ἐπαγομένη
1361 2336 1600 2409 τιμωρίᾳ
1620 2351 1633 2365 ·
1679 2338 2033 2407 μετανοήσετε
2059 2336 2117 2390 δὲ
2145 2337 2266 2391 οὐδὲ
2284 2338 2425 2392 τότε.

264 2432 419 2501 Στίχ.
449 2436 636 2497 ια’-ιγ’.
666 2459 737 2469 ——
772 2447 791 2480 ι
833 2429 1191 2500 Κατέστρεψα
1221 2428 1366 2496 ὑμᾶς
1398 2428 1579 2492 καθὼς
1641 2445 1768 2481 κατ-

186 2522 457 2594 ἔστρεψεν
486 2524 515 2575 6
551 2521 683 2585 Θεὸς
730 2521 937 2591 Σόδομα
955 2520 1048 2574 καὶ
1074 2520 1324 2593 Γόμορρα
1345 2538 1358 2551 ’
1400 2520 1494 2573 καὶ
1525 2518 1773 2588 ἐγένεσθε

184 2615 269 2678 ὥς
308 2613 465 2675 6:116;
514 2610 915 2683 ὲξεσπασμὲνος
955 2613 1020 2665 ὲκ
1062 2611 1262 2682 πυρός·
1309 2610 1403 2665 καὶ
1453 2611 1563 2664 οὐδ’
1602 2611 1774 2675 οὕτως

186 2704 568 2775 ἐπεστρέψατε
596 2704 731 2774 πρός
764 2721 851 2774 με,
880 2702 1030 2769 λέγει
1068 2701 1289 2772 Κύριος.
1320 2721 1338 2753 ι
1371 2702 1448 2755 Τὸ
1470 2702 1773 2756 τελευταῖον

184 2797 443 2867 παντελῆ
471 2797 569 2867 τὴν
599 2796 835 2867 ἐρημίαν
884 2796 1011 2866 ὑμῖν
1050 2795 1327 2866 ἐπήγαγον
1378 2793 1773 2866 παραπλησίως

184 2890 454 2959 Σοδόμοις
481 2905 543 2941 τε
576 2889 669 2941 καὶ
709 2887 1037 2958 Γομόρῤοιςθ
1068 2886 1208 2940 ὥστε
1241 2886 1387 2956 ὑμᾶς
1428 2885 1583 2955 δίκην
1614 2883 1771 2938 δαλοῦ

186 2978 716 3048 καταπεφλεγμένυυ
747 2976 1102 3048 πεπυρῶσθαί
1125 2993 1184 3030 τε
1217 2977 1310 3030 καὶ
1351 2976 1773 3047 περιϐεϐλῆσθαι

184 3073 309 3133 τοῖς
352 3069 637 3139 ἐπαχθείσι
679 3072 867 3134 κακοῖς
890 3084 904 3099 ο
946 3067 1060 3121 ἀλλ’
1086 3067 1207 3122 οὐδὲ
1234 3068 1299 3120 ὲκ
1334 3066 1537 3121 τούτων
1561 3083 1773 3135 σωφροο

185 3162 391 3231 νισμόν
427 3177 549 3213 τινα
592 3159 878 3229 ἂδύνησθε
913 3158 1190 3223 δέξασθαι.
1221 3156 1471 3213 Τοσαῦτα
1513 3156 1769 3227 εἰρηκὼς,

1940 2426 2109 2483 Vens.
2146 2429 2329 2484 “~15.
2362 2460 2432 2469 —
2458 2447 2483 2481 ‘t
2525 2429 2777 2486 Subveni
2824 2448 2939 2496 vos,
2985 2436 3129 2492 sicut
3170 2442 3438 2500 subvertit

1871 2517 2015 2574 Deus
2054 2518 2289 2575 Sodoma
2336 2531 2396 2576 et
2437 2518 2763 2587 Gomorrha,
2824 2534 2879 2579 et
2921 2526 3043 2584 facti
3109 2534 3244 2588 estis
3293 2536 3437 2590 sicut

1870 2610 2038 2665 torris
2069 2619 2261 2667 erutus
2293 2611 2361 2666 de
2387 2614 2512 2683 igne
2558 2630 2574 2681 ;
2608 2622 2663 2668 et
2697 2630 2765 2671 ne
2794 2617 2874 2671 sic
2915 2620 3133 2689 quidem
3184 2628 3435 2682 conversi

1869 2701 2005 2756 estis
2038 2701 2103 2755 ad
2138 2717 2245 2766 me,
2278 2702 2411 2757 dicit
2446 2702 2730 2761 Dominus.
2771 2726 2789 2760 ι
2816 2706 3102 2767 Postremo
3128 2717 3434 2785 generalem

1872 2792 2025 2847 vobis
2053 2793 2359 2849 vastitatem
2388 2794 2544 2850 intuli
2564 2812 2718 2866 aeque
2752 2813 2816 2854 ac
2842 2798 3101 2859 Sodomis
3122 2812 3176 2861 et
3206 2806 3438 2864 Gomor-

1871 2882 2023 2945 rhis;
2066 2881 2285 2954 fecique
2316 2898 2434 2948 vos,
2470 2887 2633 2941 torris
2683 2888 2862 2943 instar
2892 2892 3154 2961 ardentis,
3190 2897 3438 2957 molestis

1872 2970 2133 3039 implicari
2160 2980 2215 3025 et
2257 2973 2418 3027 exuri
2442 2974 2873 3044 calamitatibus;
2908 2980 3001 3035 sed
3047 2999 3222 3055 neque
3248 2986 3321 3043 ab
3350 2989 3436 3046 his

1870 3061 2305 3115 emendationem
2351 3062 2588 3134 aliquam
2668 3068 2928 3136 potuistis
3002 3075 3269 3144 accipere.
3340 3078 3436 3135 His

1873 3149 2069 3217 dictis,
2100 3153 2247 3222 quod
2282 3169 2478 3222 nempe
2529 3156 2600 3208 ob
2631 3171 2727 3212 eos
2757 3174 2939 3223 casus,
2993 3178 3100 3217 non
3144 3166 3254 3220 sint
3310 3169 3435 3224 farti

182 3214 265 3306 ab
286 3214 652 3320 ιἐπαχθέντων
678 3214 861 3314 αὐτοῖς
890 3250 951 3302 ού
984 3214 1237 3318 γεγόνασι
1266 3249 1523 3319 βελτίους,
1550 3214 1766 3316 έπάγευ

1875 3243 2159 3305 meliores,
2228 3243 2427 3299 addit:
2476 3264 2495 3298 ι
2536 3247 2878 3318 Quapmpter
2930 3252 3008 3306 sie
3070 3253 3261 3310 faciam
3313 3262 3434 3320 tibi.

190 3359 211 3390 ι
255 3339 357 3391 Δια
397 3337 558 3390 τοῦτο
598 3336 769 3396 οῦτως
815 3338 1025 3407 ποιήσω
1073 3355 1175 3401 σοι,
1213 3337 1454 3410 Ἰσραήλ’
1502 3337 1640 3408 πλὴν
1687 3338 1768 3390 ὅτι

185 3430 369 3492 οὓτως
412 3428 622 3498 ποιήσω
665 3445 769 3490 σοι,
809 3427 1095 3498 ἑτοιμάζου
1142 3427 1235 3480 τοῦ
1272 3427 1645 3480 ἐπικαλεῖσθαι
1680 3427 1770 3480 τδν

186 3520 328 3573 θεόν
362 3537 479 3580 σου,
528 3518 775 3590 Ἰσραήλο
819 3519 951 3572 διότι
997 3519 1104 3573 ἰδοῦ
1142 3519 1254 3587 ἐγὼ
1280 3520 1513 3589 στερεῶν
1542 3518 1771 3589 βροντήν

188 3610 289 3664 καὶ
328 3609 531 3672 κτίζων
556 3608 793 3678 πνεῦμα,
834 3610 927 3662 καὶ
964 3610 1318 3677 ἀπαγγέλλων
1342 3612 1419 3672 εἰς
1451 3609 1769 3679 ἀνθρώπους

187 3703 285 3755 τὸν
325 3700 562 3771 Χριστὸν
602 3698 816 3751 αὐτῶν
848 3697 1017 3751 ποιῶν
1046 3698 1241 3769 ὄρθρον
1276 3699 1368 3751 καὶ
1402 3698 1650 3769 ὀμίχλην,
1678 3698 1770 3751 καὶ

190 3792 494 3846 ὶπιϐαίνων
540 3790 632 3842 επὶ
688 3789 756 3842 τά
803 3785 916 3860 ὕψη
963 3787 1064 3856 τῆς
1109 3788 1250 3857 γῆς’
1305 3786 1511 3858 Κύριος
1548 3788 1576 3840 6
1612 3786 1767 3849 Θεὸς,

186 3887 274 3954 (p.
303 3881 451 3951 ΠΞ)
484 3882 514 3934 6
547 3878 946 3950 Παντοκράτωρ
972 3878 1148 3947 ῦνομα
1181 3876 1348 3947 αὑτῷ.
1385 3895 1402 3927 ι
1448 3877 1585 3929 Ἀλλ’
1608 3878 1655 3929 εἰ
1678 3877 1770 3929 καὶ

188 3973 429 4026 τοιοῦτοι
451 3971 711 4039 γεγόνατε
739 3970 868 4038 περὶ
893 3968 1014 4038 ἐμὲ,
1046 3968 1158 4021 ἀλλ’
1180 3968 1351 4035 ἔγωγε
1384 3968 1522 4039 μετὰ
1540 3966 1637 4037 τήν
1660 3969 1770 4020 πεῖ-

192 4083 298 4137 ραν
324 4064 439 4117 τῶν
467 4063 652 4116 κακῶν
672 4061 916 4123 ἐκείνων,
947 4060 1040 4112 ἐπὶ
1066 4058 1127 4111 τὸ
1147 4062 1393 4129 κρεῖττον
1433 4058 1767 4128 μεταστῆσαι

193 4154 561 4225 βεϐούλευμαι
592 4152 659 4205 τὰ
706 4151 831 4204 καθ’
868 4150 1034 4221 ὖμᾶς,
1069 4150 1226 4220 εἴπερ
1266 4144 1360 4202 οῦν
1407 4148 1528 4201 τότε
1560 4166 1771 4220 σωφρο-

189 4247 440 4318 νέστεροι
478 4246 547 4298 ἒκ
572 4243 681 4297 τῶν
720 4241 987 4295 τοσούτων
1032 4241 1313 4310 γεγονότες
1353 4240 1539 4293 κακῶν
1582 4241 1769 4294 νεῦσαι

192 4337 331 4410 πρὸς
355 4336 458 4405 ἐμὲ
488 4334 860 4405 βουληθείητεσ
889 4334 917 4386 6
941 4332 1051 4403 γὰρ
1072 4332 1133 4384 τὸ
1153 4332 1333 4402 ἀέριον
1361 4331 1574 4401 πνεῦμα
1605 4332 1770 4402 μαλα-

188 4430 289 4483 κόν
319 4444 379 4479 τε
404 4426 469 4478 ὃν
496 4425 589 4478 καὶ
615 4423 988 4494 διαλελυμένον
1012 4422 1207 4492 χαῦνόν
1230 4440 1287 4475 τε
1312 4423 1403 4475 καὶ
1428 4423 1617 4494 ἀραιὸν
1640 4440 1769 4475 παν·

1873 3334 2033 3388 Israel
2073 3352 2084 3385 :
2117 3343 2401 3405 postquam
2432 3337 2512 3393 sic
2534 3337 2714 3393 fecero
2742 3340 2859 3402 tibi,
2910 3357 3150 3412 praepara
3184 3354 3317 3402 teut
3348 3351 3434 3403 in-

1871 3439 2032 3478 voces
2065 3423 2229 3479 Detnn
2267 3434 2444 3488 tuum,
2505 3428 2691 3483 Israel.
2726 3428 2862 3496 Quia
2903 3447 3028 3487 ecce
3062 3451 3161 3505 ego
3211 3437 3436 3496 firmans

1870 3516 2192 3580 tonitruum.
2217 3525 2271 3572 et
2293 3533 2484 3573 creatis
2510 3520 2785 3589 spiritum,
2805 3530 2864 3575 et
2895 3526 3230 3581 annuntians
3260 3527 3437 3582 homi-

1872 3607 2030 3661 nibus
2063 3606 2339 3663 Christum
2363 3624 2550 3665 eorum
2584 3630 2597 3665 :
2628 3610 2832 3666 faciens
2873 3629 3031 3670 mane
3066 3623 3120 3671 et
3157 3619 3433 3682 nebulam,

1868 3709 1922 3753 et
1955 3699 2207 3768 gradiens
2257 3716 2421 3770 super
2472 3704 2684 3757 excelsa
2733 3711 2911 3771 terrae,
2962 3705 3224 3764 Dominus
3269 3710 3431 3775 Deus,

1870 3805 2066 3843 nomen
2107 3791 2153 3844 ei
2189 3791 2562 3863 Omnipotens.
2602 3812 2620 3844 ι
2654 3792 2756 3847 Sed
2790 3810 3098 3865 quanquam
3142 3799 3279 3855 tales
3304 3816 3436 3869 erga

1872 3895 1956 3933 me
1984 3881 2186 3943 fuistis,
2218 3896 2318 3951 ego
2352 3889 2531 3937 tamen
2578 3892 2863 3953 postquam
2928 3888 3018 3941 illa
3052 3888 3189 3942 mala
3223 3894 3431 3961 experti

1871 3970 2103 4031 fueritis,
2137 3986 2223 4027 res
2254 3980 2463 4027 vestras
2490 3973 2543 4027 in
2572 3975 2845 4029 meliorem
2887 3985 3086 4031 statum
3117 3989 3435 4036 convertere

1869 4061 2069 4129 cogito.
2122 4059 2179 4115 Si
2227 4075 2359 4133 ergo
2398 4062 2759 4121 modestiores
2812 4066 2993 4124 abhis
3024 4071 3181 4125 malis
3230 4072 3429 4133 elfecti,

1870 4153 2144 4221 respicere
2205 4153 2272 4207 ad
2303 4169 2387 4208 me
2438 4156 2751 4223 volueritis;
2801 4158 2942 4213 sicut
2990 4161 3168 4217 aerius
3208 4164 3434 4232 spiritus

1871 4256 1992 4294 cum
2022 4243 2095 4296 sit
2129 4244 2305 4298 mollis
2337 4254 2387 4298 et
2418 4246 2713 4308 resolutus.
2735 4249 2867 4303 levis
2905 4265 3169 4322 rarusque
3189 4255 3432 4315 omnino,

1868 4333 2224 4388 nihilominus
2263 4334 2399 4388 adeo
2444 4336 2497 4389 in
2553 4337 2821 4393 turbinem
2854 4342 3100 4395 convolvi
3132 4351 3330 4412 potest,
3375 4356 3435 4399 ut

1868 4424 2049 4478 editus
2102 4423 2251 4479 illinc
2281 4426 2506 4479 tonitrui
2544 4424 2726 4497 fragor
2755 4435 2913 4482 terra:
2941 4429 3133 4485 incolis
3161 4429 3255 4485 fiat
3288 4432 3432 4486 into-

185 4516 361 4578 τελῶς
394 4514 489 4567 ἐπὶ
516 4513 769 4567 τοσοῦτον
799 4513 1117 4584 συστρέφειν
1145 4513 1461 4581 δυνάμενος,
1490 4512 1629 4565 ὥστε
1673 4514 1768 4565 καὶ

1874 4515 2147 4582 lerabilis;
2182 4514 2341 4588 ιιι
2384 4517 2456 4570 ita
2508 4518 2669 4573 etiam
2706 4534 2804 4588 ego
2848 4521 3139 4574 maximam
3190 4521 3244 4576 in
3274 4523 3430 4578 vobis

186 4608 283 4665 τὸν
314 4606 525 4659 ἐκεῖθεν
565 4602 994 4673 ἀποτελούμενον
1031 4602 1234 4656 κτύπον
1271 4602 1368 4672 τῆς
1416 4602 1641 4673 βροντῆς
1675 4605 1763 4656 άν-

192 4698 457 4751 ύποιστον
483 4689 619 4747 εἶναι
645 4695 757 4756 τοῖς
781 4693 921 4746 κατά
945 4693 1070 4761 γῆν.
1097 4694 1125 4746 ό
1140 4691 1297 4755 αὐτὸς
1321 4693 1377 4745 δὲ
1405 4692 1619 4746 καὶτῶν
1649 4694 1767 4745 καθ’

191 4789 343 4859 ὕμᾶς
380 4784 681 4857 μεταϐολὴν
713 4784 1018 4854 ἐργάσομαι
1052 4783 1331 4854 πλείστην,
1376 4785 1439 4835 ὲκ
1484 4784 1591 4837 τῶν
1619 4784 1763 4836 ἁνελς

190 4879 408 4931 πίστων
453 4876 581 4946 ὑμῖν
623 4873 898 4945 σωτηρίαν
945 4872 1216 4942 ὲκφαίνων
1256 4872 1515 4943 μεγίστην
1539 4889 1552 4903 ⁸
1579 4872 1766 4943 μηνύω

187 4967 250 5020 τέ
281 4983 366 5019 σοι
390 4965 571 5036 Κύρον
605 4964 696 5017 τὸν
730 4963 953 5034 Περσῶν
973 4962 1212 5033 βασιλέα,
1241 4962 1299 5025 ὃς
1327 4962 1453 5035 παρ’
1476 4963 1611 5032 ἐμοῦ
1642 4981 1771 5035 προ·

186 5054 601 5127 χειρωθήσεται
630 5053 724 5108 ἐπὶ
748 5052 925 5113 τοῦτο,
962 5052 1037 5115 ὡς
1073 5051 1140 5105 ἂν
1171 5051 1436 5103 πλείστων
1459 5051 1599 5104 ὅσων
1633 5068 1769 5123 κρα-

184 5150 388 5217 τήσας,
420 5144 633 5198 λύσειεν
667 5162 728 5197 τε
754 5145 883 5215 ὑμῖν
916 5143 984 5196 τὰ
1015 5142 1310 5212 κατέχοντα
1343 5142 1508 5206 κακὰ,
1549 5143 1644 5195 καὶ
1671 5144 1770 5194 ἐπ-

186 5234 437 5289 ”lest
482 5234 786 5287 κελεύσειεν
824 5234 904 5297 εἰς
938 5232 1006 5286 τὰ
1031 5234 1230 5285 οἰκεῖα·
1262 5232 1290 5284 ὁ
1313 5230 1417 5301 γὰρ
1462 5231 1551 5284 τὸν
1574 5231 1768 5302 ὄρθρον

184 5324 559 5394 ἐργαζόμενος
589 5326 653 5377 ὲκ
684 5324 926 5386 σκότους,
954 5323 1050 5376 καὶ
1077 5322 1302 5393 ὁμίχλην
1331 5322 1678 5376 συνίστασοαί
1708 5340 1767 5376 τε

184 5418 319 5481 ἐῶν,
352 5418 450 5470 καὶ
480 5416 585 5470 ὑπὸ
615 5418 734 5479 ταῖς
774 5417 1055 5480 ἀνατολαῖς
1100 5415 1331 5470 διαλύων
1369 5416 1462 5470 τοῦ
1501 5416 1673 5486 ἡλίου,
1715 5417 1772 5469 ὲν

188 5508 317 5578 ὕψει
348 5525 409 5561 τε
441 5508 535 5562 καὶ
575 5508 830 5579 ὑπεράνω
863 5508 1092 5561 πάντοτε
1138 5508 1419 5577 τυγχάνων
1457 5510 1554 5579 τῆς
1595 5508 1716 5578 γῆς,
1744 5511 1773 5562 6

188 5600 352 5655 αύτδε
381 5599 620 5653 διαλύσω
656 5600 752 5669 μὲν
796 5600 921 5670 ύμῖν
950 5599 1138 5670 ὥσπερ
1177 5615 1230 5651 τι
1272 5600 1459 5663 σκότος
1490 5600 1586 5661 τὰς
1626 5616 1763 5670 συμ-

1870 4606 2279 4661 conversionem
2342 4622 2521 4661 rerum
2583 4607 2893 4671 faciam,ex
2947 4609 3224 4679 insperato
3253 4614 3429 4667 maxi-

1869 4713 2015 4750 mam
2044 4698 2198 4752 vobis
2227 4698 2456 4753 salutem
2493 4707 2794 4755 ostentans.
2824 4700 3091 4756 Denuntio
3119 4702 3301 4773 itaque
3329 4706 3425 4761 tibi

1865 4789 2064 4859 Cyrum
2100 4788 2386 4844 Persarum
2416 4806 2617 4861 regem,
2648 4792 2739 4860 qui
2774 4806 2801 4844 ιι
2837 4807 2921 4847 me
2941 4792 3148 4847 idcirco
3168 4795 3421 4864 eligetur,

1867 4890 1947 4945 ut,
1983 4880 2220 4934 maximo
2269 4880 2496 4948 imperio
2554 4881 2776 4950 potitus.
2812 4882 2970 4936 linem
3030 4882 3188 4937 malis
3233 4885 3430 4939 vestris

1869 4971 2129 5041 imponat,
2162 4979 2217 5026 et
2263 4972 2495 5026 reditum
2526 4973 2579 5025 in
2612 4974 2829 5042 propria
2867 4973 3111 5043 imperet.
3162 4973 3295 5029 Nam
3334 4978 3428 5045 qui

1870 5076 2027 5114 mane
2063 5059 2207 5114 facio
2233 5060 2300 5114 de
2334 5063 2596 5120 tenebris.
2637 5070 2690 5116 et
2727 5064 2975 5117 nebulam
3022 5064 3246 5117 conflari
3286 5066 3430 5122 sino.

1866 5165 2027 5218 quam
2054 5158 2175 5204 ortu
2201 5151 2333 5205 solis
2364 5150 2591 5220 dissipo,
2615 5152 2972 5222 sublimisque
3013 5155 3236 5207 omnino
3266 5170 3431 5224 supra

1865 5247 2069 5293 terram
2106 5239 2342 5302 residen,
2380 5240 2519 5295 idem
2566 5257 2665 5311 ego
2699 5249 2909 5297 vestras
2956 5258 3226 5299 aerumnas
3272 5248 3428 5315 quasi

1866 5329 2121 5384 tenebras
2145 5328 2408 5399 quasdam
2432 5330 2725 5387 dissolvam
2747 5375 2762 5399 ,
2795 5342 2851 5389 et
2888 5336 3042 5402 quasi
3084 5335 3259 5399 diem,
3304 5352 3434 5405 pro-

1870 5420 2143 5489 speritatis
2173 5421 2503 5492 voluptatem
2533 5422 2727 5477 faciam
2758 5424 3096 5487 illacescere,
3117 5434 3173 5480 et
3198 5428 3434 5495 quamli-

1870 5512 1958 5565 bet
1986 5510 2144 5565 vobis
2172 5512 2457 5567 molestam
2480 5514 2799 5584 gravitatem
2823 5515 3141 5585 dispellens,
3178 5515 3279 5569 hac
3311 5532 3430 5576 mea

1874 5600 2209 5668 providentia
2269 5603 2444 5674 palam
2478 5621 2563 5660 me
2597 5606 2812 5661 cunctis
2849 5608 3182 5666 superiorem
3243 5617 3431 5664 osten-

2988 5717 3026 5729 Α
