3828 6216
383 190 488 244 ’271

1582 187 1925 272 TllEOQORI
1968 186 2448 244 MUPSUESTENI

3535 183 3638 239 272

395 299 520 352 dam
550 318 560 351 :
596 313 716 352 sum
747 299 946 356 etenim
977 296 1247 352 Dominus
1281 296 1561 367 factorque
1588 299 1850 354 omnium.
1878 298 1970 354 Sic

2079 301 2244 371 φοράς
2271 317 2284 330 ·
2321 300 2540 368 ἐκφανῶ
2559 299 2615 353 δὲ
2647 298 2854 372 ἡμέρας
2875 297 3031 370 δίκην
3051 297 3146 370 τὴν
3175 297 3268 351 ἐπὶ
3288 298 3397 361 τοῖς
3419 297 3634 364 ἀγαθοῖς

399 390 564 460 igitur
591 405 684 459 per
732 390 1063 445 universalia
1107 390 1196 442 illa
1235 404 1266 441 a
1309 403 1370 443 se
1422 390 1583 454 facta,
1623 391 1972 460 praesentium

386 482 526 534 'l'ecit
583 480 760 535 ﬁdem.
791 479 915 544 Non
947 488 1035 534 est
1078 489 1260 534 autem
1301 480 1632 542 mirandum,
1661 481 1806 551 quod
1827 482 1976 536 chri-

390 581 542 626 stum
561 571 911 642 appellaverit
935 571 1158 642 Cyrum;
1179 573 1621 642 quandoquidem
1651 587 1757 627 non
1781 581 1976 629 unctos

397 661 798 728 tantummodo,
849 661 942 716 sed
983 663 1186 718 electos
1233 665 1501 732 quoslibet
1535 663 1641 718 hoc
1688 662 1978 734 iudigitare

399 752 665 808 vocabulo
697 751 982 821 Scriptura
1033 751 1187 807 solet.
1250 751 1407 807 Velut
1459 752 1591 806 illud
1661 771 1674 806 :
1729 769 1748 804 ι
1799 751 1978 810 Nolite

399 851 622 913 tangere
659 843 897 897 Clu-istos
923 856 1096 905 meos,
1125 851 1179 896 et
1228 844 1282 898 in
1319 844 1607 915 prophetis
1640 845 1776 898 meis
1810 843 1977 900 nolite

400 936 684 1008 malignari
714 935 780 989 ⁸⁸.
823 955 841 986 ι
877 933 1128 990 Cbristos
1174 937 1318 990 enim
1351 939 1454 991 hoc
1488 937 1608 990 loco
1641 953 1750 990 non
1781 944 1976 991 unctos

399 1027 550 1090 dicit,
579 1026 674 1082 sed
724 1027 900 1096 ipsum
932 1024 1326 1092 Abrahamum,
1349 1027 1441 1098 qui
1495 1027 1702 1082 electus
1731 1033 1973 1080 tantum-

399 1120 561 1177 lnodo
611 1119 804 1175 funerat.

2073 395 2300 464 ἡδονήν·
2355 393 2536 446 πᾶσάν
2575 409 2635 445 τε
2678 391 3162 462 ἀντιπράττουσαν
3190 392 3319 460 ὑμῖν
3369 389 3635 461 βαρύτητα

2073 479 2306 548 ἀφελὼν,
2340 480 2590 544 ἐπιδείξω
2625 479 2715 534 διὰ
2735 481 2834 550 τῆς
2867 480 2994 550 περὶ
3033 481 3175 550 ὑμᾶς
3208 479 3530 550 κηδεμονίας
3547 496 3637 534 σα-

2075 571 2190 640 φῶς
2225 573 2459 642 ἐμαυτὸν
2494 573 2888 643 ὑπερκείμενον
2925 573 3034 624 τῶν
3086 571 3338 625 ἁπάντων
3363 588 3374 600 °
3415 574 3492 639 (p.
3521 570 3639 642 17⁸5)

2075 663 2172 715 ἆτε
2202 662 2403 734 Κύριός
2427 681 2486 716 τε
2525 665 2618 718 καὶ
2654 663 2882 734 ποιητὴς
2925 661 3034 716 τῶν
3071 663 3326 716 ἁπάντων
3365 661 3633 732 ὑπάρχων·

2074 755 2142 807 δι’
2171 754 2293 808 ὅλου
2338 755 2394 808 δὲ
2424 757 2489 808 ἐκ
2533 754 2642 808 τῶν
2679 755 2910 808 καθόλου
2943 755 3084 826 παρ’
3115 752 3279 807 αὐτοῦ
3314 751 3641 822 γιγνομένων

2074 846 2412 900 ἐπιστώσατο
2436 849 2504 900 τὰ
2531 847 2795 918 παρόντα.
2825 847 2900 900 Οὐ
2924 844 3234 915 θαυμαστὸν
3269 843 3326 897 δὲ
3354 844 3405 896 εί
3431 841 3641 913 χριστὸν

2074 937 2310 1008 κέκληκε
2366 940 2457 992 τὸν
2503 939 2705 1010 Κῦρον,
2744 939 2807 991 οὑ
2849 940 2977 1001 τοὺς
3024 935 3412 1008 κεχρισμένους
3466 935 3640 1005 μόνον,

2074 1030 2282 1094 πάντας
2311 1030 2368 1084 δὲ
2407 1032 2530 1094 τοὺς
2562 1030 2968 1102 ἐξειλεγμένους
2999 1030 3148 1092 ὅπως
3181 1028 3311 1084 ποτὲ
3355 1025 3526 1098 ταύτῃ
3549 1043 3636 1079 κα-

2073 1118 2184 1172 λεῖν
2208 1120 2413 1185 εἰωθὼς
2445 1125 2509 1193 τῇ
2539 1125 2690 1193 φωνῇ
2718 1139 2729 1155 ·
2753 1122 2828 1186 ὡς
2854 1121 2936 1187 τὸ,
2977 1141 2995 1172 ι
3028 1119 3117 1190 Μὴ
3141 1118 3375 1174 ἅπτεσθε
3401 1119 3508 1171 τῶν
3530 1135 3645 1187 χρι-

400 1211 537 1265 ετῶν
566 1228 690 1281 μου,
719 1212 811 1264 καὶ
839 1214 897 1265 ἐν
932 1217 1046 1278 τοῖς
1083 1214 1388 1286 προφήταις
1427 1229 1528 1282 μου
1561 1210 1636 1281 μὴ
1668 1207 2063 1280 πονηρεύεσθε·
2097 1229 2116 1260 ι
2143 1213 2396 1284 χριστοὺς
2424 1215 2532 1286 γὰρ
2571 1214 2803 1270 ἐνταῦθα
2835 1214 2896 1267 οὐ
2924 1213 3313 1284 κεχρισμένους
3350 1209 3503 1264 καλεῖ
3525 1210 3652 1272 τοὺς

397 1303 523 1375 περὶ
552 1301 640 1354 τὸν
675 1302 945 1374 Ἀϐραάμ,
973 1306 1048 1370 ὡς
1076 1307 1133 1359 δὲ
1155 1305 1556 1376 ἐξειλεγμένους
1589 1303 1768 1374 μόνον.

1045 1442 1202 1498 CAP.
1249 1443 1312 1495 V.

419 1541 422 1544 ’
470 1545 634 1601 Vens.
673 1547 724 1612 l,
755 1548 810 1602 2.
846 1579 915 1588 -
949 1569 967 1602 ι
1009 1551 1204 1608 Audite
1225 1554 1452 1609 verbum
1485 1555 1650 1621 istud,
1676 1573 1837 1627 quem
1872 1571 1974 1627 ego

399 1639 608 1691 scilicet
669 1654 892 1693 assumo
942 1657 1110 1712 super
1164 1658 1282 1706 vos,
1332 1645 1608 1714 planctum
1677 1665 1691 1701 :
1778 1647 1976 1704 domus

400 1730 620 1786 Israelis
643 1731 862 1797 cecidit,
922 1748 1030 1787 non
1065 1734 1284 1800 adjiciet
1318 1738 1552 1806 amplius
1583 1746 1642 1793 ut
1676 1747 1924 1809 resurgat
1957 1757 1972 1792 :

403 1822 552 1890 virgo
586 1818 802 1874 laraelis
831 1820 1075 1890 projecta
1100 1830 1180 1876 est
1212 1823 1265 1876 in
1290 1831 1492 1878 terram
1521 1840 1702 1891 suam,
1731 1842 1843 1882 non
1892 1838 1978 1882 est.

399 1911 492 1980 qui
523 1911 689 1980 erigat
713 1927 855 1966 eam.
899 1931 918 1963 ι
947 1909 1266 1982 Signiﬁcata
1301 1915 1355 1968 in
1385 1917 1818 1984 przecedeutibus
1858 1933 1976 1972 ma-

402 2004 576 2056 lorum
629 2003 922 2068 solutione,
972 2004 1214 2059 minatur
1267 2007 1464 2061 iterum
1514 2023 1666 2062 more
1687 2023 1789 2065 suo
1825 2010 1980 2080 puni-

401 2087 634 2160 tionem;
683 2096 784 2148 hac
815 2095 1035 2164 quidem
1066 2104 1279 2153 terrens
1301 2105 1356 2152 et
1380 2097 1447 2176 ad
1488 2100 1809 2155 modestiam
1834 2116 1980 2174 com-

401 2202 630 2255 ponens,
655 2187 746 2240 illa
779 2197 958 2241 autem
991 2187 1058 2242 ad
1093 2190 1466 2258 pmnitentiam
1500 2191 1758 2246 invitans.
1796 2190 1975 2257 Fletu,

400 2278 595 2348 inquit,
647 2279 824 2348 digna:
874 2294 962 2334 res
1016 2288 1210 2336 vestrae
1239 2291 1368 2336 sunt
1407 2297 1434 2355 ε¹
1465 2282 1620 2352 lapsu
1647 2283 1978 2352 gravissimo

401 2379 619 2439 propter
667 2378 878 2425 vestras
935 2371 1413 2440 praevaricationes
1460 2375 1770 2441 corruistis,
1833 2375 1978 2430 unde

399 2461 740 2514 sublevatum
781 2461 937 2530 115
983 2461 1049 2515 iri
1075 2462 1222 2516 nulla
1263 2479 1414 2533 spes,
1456 2480 1580 2518 cum
1603 2473 1752 2523 tanta
1779 2467 1852 2523 sit
1878 2467 1979 2521 tri-

399 2553 564 2604 stium
613 2566 840 2605 casuum
876 2552 1217 2622 magnitudo.
1254 2573 1272 2604 ι
1320 2553 1615 2625 Propterea
1672 2557 1789 2612 haec
1845 2556 1979 2614 dicit

402 2642 664 2696 Dominus
696 2660 711 2696 :
749 2641 826 2694 Ex
851 2657 962 2712 qua
988 2643 1124 2697 urbe
1159 2643 1582 2714 egrediebantur
1615 2647 1782 2713 mille,
1817 2649 1980 2704 relinc

399 2738 635 2798 queutur
661 2731 716 2785 in
767 2745 829 2785 ea
878 2739 1132 2786 centum:
1175 2742 1229 2786 et
1276 2747 1342 2786 ex
1397 2749 1504 2804 qua
1558 2736 1977 2805 egrediebantur

401 2827 641 2884 centum,
669 2818 1048 2889 relinquentur
1073 2820 1126 2874 in
1153 2836 1214 2876 ea
1242 2821 1428 2878 decem
1459 2823 1645 2878 domui
1671 2823 1910 2882 lsraelis.
1951 2847 1968 2878 ι

401 2907 576 2963 Tanta
604 2911 747 2964 enim
806 2909 973 2963 vestri
1022 2910 1090 2965 ab
1117 2910 1368 2967 hostibus
1394 2920 1606 2983 strages
1652 2913 1764 2976 ﬁet,
1800 2922 1860 2968 ut
1885 2915 1976 2970 vix

400 3005 615 3051 centum
651 2997 719 3052 de
756 2997 924 3062 mille,
967 2998 1057 3053 vix
1082 3000 1268 3055 decem
1301 3001 1369 3056 de
1391 3009 1610 3056 centum
1638 3003 1692 3058 in
1727 3019 1974 3074 unaqua-

401 3103 508 3157 que
547 3087 683 3142 urbe
721 3089 1091 3158 comperiendi
1133 3089 1263 3145 sint.
1306 3110 1325 3142 ι
1369 3091 1658 3163 Propterea
1704 3095 1820 3149 hare
1846 3096 1978 3150 dicit

405 3179 667 3234 Uouiinus
702 3177 890 3234 domui
917 3178 1132 3236 lsraelis
1175 3199 1189 3235 :
1225 3181 1466 3248 Qumrite
1498 3199 1608 3245 me,
1650 3192 1702 3239 et
1734 3187 1929 3242 vivetis
1958 3206 1971 3242 :

401 3278 456 3322 t-t
493 3270 657 3325 nolite
708 3285 951 3340 quterere
997 3270 1203 3336 Bethel,
1263 3283 1317 3327 et
1347 3273 1401 3328 in
1435 3259 1663 3344 'Galgala
1695 3274 1865 3331 noli-te
1892 3278 1977 3331 in-

404 3373 572 3426 trare,
602 3371 658 3416 et
695 3365 760 3417 ad
783 3374 1005 3434 puteum
1053 3363 1354 3432 juramenti
1385 3381 1455 3420 ne
1481 3367 1813 3429 ascendatis,
1845 3369 1974 3439 quia

402 3450 623 3522 Galgala
674 3453 953 3522 captivata
1006 3453 1427 3522 captivabuntur
1462 3472 1477 3508 :
1517 3463 1571 3508 et
1626 3453 1810 3510 Betbel
1871 3457 1976 3511 erit

403 3543 557 3611 quasi
588 3558 696 3597 non
723 3544 1014 3598 cxsistcns.
1059 3563 1078 3594 ι
1113 3543 1356 3599 Consule
1377 3543 1544 3614 igitur
1608 3543 1764 3599 vobis
1819 3551 1878 3599 ut
1907 3544 1974 3598 ad

405 3649 490 3686 me
518 3634 795 3704 spectetis,
824 3634 1146 3690 abstineatis
1193 3650 1222 3686 a
1252 3634 1439 3689 Bethel
1469 3644 1537 3690 .et
1565 3633 1808 3706 Galgal-is
1850 3644 1906 3692 et
1944 3650 1974 3689 a

401 3733 565 3794 puteo
593 3724 912 3793 juramenti,
942 3725 1008 3779 ad
1041 3741 1160 3796 qua}
1185 3741 1329 3780 nunc
1357 3727 1708 3790 concurritis,
1756 3726 1896 3780 idola
1923 3735 1978 3782 et

402 3811 675 3870 diemones
710 3815 818 3870 illis
864 3816 999 3871 locis
1050 3817 1374 3884 adoraturi;
1426 3817 1619 3872 scitote
1654 3818 1824 3881 enim,
1864 3818 1978 3872 haec

400 3905 583 3959 oumia
650 3905 932 3960 vobiscum
1007 3907 1060 3960 in
1151 3907 1499 3962 solitudinem
1551 3907 1830 3962 redactum
1885 3908 1974 3963 iri.

406 4018 425 4047 ε
463 3997 700 4063 Quaerite
725 3996 1035 4062 Dominum,
1068 4005 1122 4052 et
1154 4000 1344 4054 vivetis
1373 4018 1386 4053 :
1425 4014 1492 4054 ne
1531 3996 1748 4068 Josephi
1778 3998 1976 4054 domus

2679 1429 2688 1438 ’
2721 1433 2880 1485 ΚΕΦ.
2923 1437 3000 1486 h'.

2145 1546 2294 1618 Στίχ.
2326 1553 2398 1611 α’,
2439 1544 2504 1616 β’.
2528 1572 2594 1586 -υ-
2630 1560 2649 1594 ι
2696 1541 2991 1597 Ἀκούσατε
3034 1540 3126 1596 τὸν
3155 1540 3313 1611 λόγον
3345 1537 3554 1608 τοῦτον,
3585 1541 3646 1596 ὃν

2075 1637 2192 1707 ἐγὼ
2223 1636 2485 1707 λαμϐάνω
2523 1634 2608 1704 ἐφ’
2635 1634 2778 1704 ὑμᾶς
2813 1632 3042 1705 θρῆνονο
3073 1627 3222 1696 οἶκος
3262 1631 3480 1703 Ἰσραὴλ
3517 1630 3642 1682 ἔπε-

2079 1745 2200 1782 σεν·
2229 1727 2411 1781 οὐκέτι
2439 1725 2514 1798 μὴ
2545 1724 2752 1796 προσθῇ
2782 1723 2875 1778 τοῦ
2898 1723 3198 1793 ἀναστῆναι
3217 1739 3232 1756 ο
3268 1721 3535 1796 παρθένος
3551 1722 3642 1776 τοῦ

2089 1819 2303 1892 Ἰσραὴλ
2339 1817 2569 1886 ἔσφαλεν
2619 1815 2709 1869 ἐπὶ
2749 1817 2848 1886 τῆς
2880 1815 2983 1885 γῆς
3031 1814 3202 1885 αὐτῆς
3227 1830 3242 1844 ·
3283 1813 3386 1867 οὐκ
3430 1813 3574 1866 ἔστιν
3615 1816 3643 1866 ὁ

2077 1910 2307 1964 ἀνιστῶν
2345 1909 2535 1978 αὐτὴν.
2569 1925 2589 1958 ι
2618 1904 2873 1977 Μηνύσας
2900 1905 2988 1958 διά
3012 1903 3122 1958 τῶν
3156 1904 3530 1976 προκειμένων
3552 1904 3642 1973 τὴν

2075 2000 2227 2054 λύσιν
2250 1999 2360 2054 τῶν
2381 1998 2588 2062 κακῶν,
2612 1997 2824 2052 ἀπειλεῖ
2849 1995 3013 2050 πάλιν
3037 1995 3217 2060 καθὼς
3243 1995 3402 2050 εἴωθε
3440 1996 3538 2066 τὴν
3571 2012 3642 2048 τι-

2080 2091 2290 2163 μωρίαν
2315 2107 2328 2120 ’
2360 2089 2448 2144 διά
2478 2088 2678 2159 ταύτης
2713 2087 2811 2159 μὲν
2839 2087 3019 2157 φοϐῶν
3053 2103 3114 2139 τε
3144 2087 3238 2140 καὶ
3281 2084 3640 2157 σωφρονίζων,

2075 2180 2142 2234 δι’
2172 2179 2379 2234 ἐκείνου
2419 2178 2476 2232 δὲ
2513 2177 2649 2250 πρὸς
2678 2177 2963 2247 μετάνοιαν
2996 2174 3413 2248 ἐκκαλούμενος.
3445 2175 3645 2244 Θρήνου

2075 2271 2161 2344 δὴ.
2198 2273 2382 2343 φησὶν,
2414 2270 2540 2336 ἀξια
2567 2270 2636 2324 τὰ
2669 2269 2791 2322 καθ’
2831 2269 3008 2340 ὑμᾶς·
3042 2267 3371 2324 πεπτώκατε
3409 2266 3516 2338 γάρ
3558 2265 3642 2319 διὰ

2075 2362 2172 2424 τὰς
2224 2361 2431 2423 οἰκείας
2478 2357 2818 2429 παρανομίας
2867 2357 3068 2427 πτῶμα
3117 2357 3396 2428 μέγιστον,
3445 2354 3536 2425 ἀφ’
3581 2345 3640 2406 οῦ

2080 2450 2213 2524 μηδὲ
2253 2450 2406 2504 λύσιν
2443 2449 2650 2503 ἔνεστιν
2691 2449 2909 2502 ἐλπίσαι
2941 2448 3080 2502 κατά
3101 2464 3164 2517 γε
3189 2447 3252 2502 τὸ
3287 2445 3514 2518 μέγεθος
3540 2444 3642 2498 τῶν

2078 2542 2420 2614 συμϐάντων.
2457 2564 2475 2592 ι
2509 2541 2651 2594 Διότι
2677 2540 2804 2594 τάδε
2844 2539 2993 2610 λέγει
3025 2539 3258 2611 Κύριος
3313 2539 3409 2592 Ἐκ
3447 2535 3640 2598 πόλεως

2075 2632 2138 2699 ἐξ
2157 2627 2225 2705 ἦς
2262 2631 2643 2702 ἐξεπορεύοντο
2682 2629 2862 2702 χίλιοι,
2893 2629 3382 2701 ὑπολειφθήσονται
3423 2627 3638 2682 ἑκατόν⁶

2077 2723 2173 2779 καὶ
2212 2721 2272 2790 ἐξ
2297 2717 2365 2794 ἦς
2402 2719 2784 2791 ἐξεπορεύοντο
2817 2718 3033 2785 ἑκατὸν,
3078 2717 3560 2790 ύπολειφθήσονται
3587 2717 3639 2768 ἐν

1999 2793 2044 2851 θ
2075 2815 2213 2887 αὐτῇ
2253 2793 2383 2869 δέκα
2427 2813 2506 2884 τῷ
2542 2812 2676 2884 οἴκῳ
2722 2811 2956 2883 Ἰσραήλ.
2993 2828 3014 2862 ι
3051 2809 3306 2879 Τοσαύτη
3348 2808 3458 2880 γάρ
3498 2807 3639 2878 ὑμῶν

2075 2908 2364 2979 γενήσεται
2409 2904 2516 2959 ὑπὸ
2557 2903 2667 2958 τῶν
2699 2902 2974 2972 πολεμίων
3003 2902 3036 2972 ἡ
3069 2899 3272 2972 σφαγὴ,
3317 2899 3459 2957 ὥστε
3498 2897 3636 2970 μόλις

2079 2999 2177 3070 μὲν
2200 2997 2392 3054 ἑκατὸν
2418 2996 2526 3051 ἀπὸ
2549 2994 2758 3066 χιλίων,
2792 2993 3028 3065 μόλιςδὲ
3055 2992 3187 3047 δέκα
3224 2992 3286 3058 ἐξ
3315 2990 3506 3047 ἑκατὸν
3528 2988 3640 3045 καθ’

2075 3087 2312 3158 ἑκάστην
2361 3091 2436 3158 (p.
2481 3087 2604 3154 174)
2667 3084 3013 3156 εὑρίσκεσθαι
3066 3083 3241 3137 πόλιν.
3279 3101 3301 3135 ι
3338 3082 3481 3136 Διότι
3523 3080 3637 3136 τάδε

2077 3176 2223 3246 λέγει
2266 3177 2468 3247 Κύριος
2496 3173 2633 3247 πρὸς
2662 3160 2756 3228 τὸν
2794 3169 2941 3228 οἷκον
2991 3170 3234 3244 Ἰσραήλο
3280 3168 3636 3242 Ἐκζητήσατέ

2079 3285 2170 3338 με,
2196 3267 2294 3321 καὶ
2324 3265 2554 3338 ζήσεσθε
2578 3284 2591 3296 ’
2627 3266 2721 3319 καὶ
2755 3264 2829 3336 μὴ
2863 3262 3143 3335 ὲκζητεῖτε
3184 3263 3413 3335 Βαιθὴλ,
3449 3263 3537 3316 καὶ
3566 3263 3636 3324 εἰς

2076 3359 2325 3428 Γάλγαλα
2350 3361 2425 3432 μὴ
2443 3358 2846 3430 εἰσπορεύεσθε,
2869 3358 2961 3413 καὶ
2983 3357 3076 3411 ἐπὶ
3094 3354 3155 3408 τὺ
3176 3355 3358 3430 φρέαρ
3375 3353 3466 3408 τοῦ
3489 3355 3634 3424 ὅρκου

2079 3451 2155 3522 μὴ
2181 3449 2523 3505 ἁναϐαίνετεο
2552 3449 2634 3503 ὅτι
2651 3447 2898 3517 Γάλγαλα
2914 3446 3432 3517 αἰχμαλωτευομένη
3457 3445 3639 3514 αἰχμάς

2075 3541 2492 3612 λωτευοήσεται,
2518 3541 2611 3594 καὶ
2637 3539 2841 3610 Βαιθὴλ
2867 3538 3017 3592 ἔσται
3042 3538 3117 3601 ῶς
3136 3538 3233 3607 οὐχ
3261 3535 3588 3608 ὑπάρχουσα.
3613 3551 3631 3584 ι

2077 3631 2433 3703 Συμϐουλεύω
2460 3631 2638 3684 τοίνυν
2660 3631 2788 3700 ὑμῖν
2820 3629 2948 3684 ἰδεῖν
2979 3629 3078 3701 μὲν
3105 3629 3240 3699 πρὸς
3270 3628 3391 3698 ἐμὲ,
3415 3624 3635 3694 ἀποστῆ-

2077 3741 2163 3776 ναι
2202 3723 2258 3777 δὲ
2298 3721 2500 3791 Βαιθήλ
2531 3737 2591 3773 τε
2613 3721 2709 3774 καὶ
2732 3719 3023 3789 Γαλγάλων
3045 3718 3138 3772 καὶ
3171 3716 3269 3771 τοῦ
3301 3717 3526 3790 φρέατος
3548 3714 3632 3768 τοῦ

2075 3813 2262 3887 ὅρκου,
2299 3812 2359 3866 ἐν
2383 3808 2575 3880 οἷσπερ
2613 3809 2936 3882 συντρέχετε
2969 3807 3085 3872 νῦν,
3116 3807 3313 3864 εἴδωλά
3332 3825 3390 3862 τε
3417 3808 3506 3862 καὶ
3529 3805 3631 3860 δαί-

2081 3919 2246 3974 μονας
2269 3901 2660 3973 θεραπεύοντες
2681 3901 2741 3955 ἐν
2757 3903 2866 3964 τοῖς
2887 3899 3071 3963 τόποις
3090 3899 3342 3965 ἐκείνοις,
3366 3896 3423 3953 εὖ
3449 3897 3629 3958 εἰδότες

2077 3992 2149 4055 ὡς
2167 3991 2373 4063 ἐρημία
2403 3990 2494 4042 καὶ
2520 3988 2693 4043 ταῦτα
2708 3988 2935 4060 λήψεται
2963 3987 3139 4040 πάντα
3162 3988 3283 4057 μεθ’
3310 3988 3506 4058 Optimi
3528 3984 3628 4037 Ἐκ-

401 4086 768 4140 succendatur
795 4097 851 4140 ut
878 4087 1041 4156 ignis,
1070 4088 1162 4157 qui
1189 4087 1414 4142 devoret
1456 4101 1574 4140 eam
1597 4103 1613 4153 ;
1640 4095 1694 4142 et
1723 4103 1828 4143 non
1868 4088 1974 4143 erit

2079 4079 2347 4151 ζητήσατε
2389 4078 2480 4131 τὸν
2519 4076 2742 4149 Κύριον,
2782 4076 2876 4129 καὶ
2909 4073 3176 4146 ζήσεσθε·
3202 4075 3354 4138 ὅπως
3397 4074 3470 4146 μὴ
3507 4073 3624 4125 ἀνα.

399 4175 490 4243 qui
509 4175 818 4246 exstinguat
847 4175 1066 4230 domum
1099 4176 1417 4246 (ardentem)
1444 4176 1679 4234 lsraelis.
1707 4198 1726 4230 ι
1746 4178 1973 4236 Omissis

2079 4169 2267 4241 λάμψῃ
2301 4169 2377 4228 ὼς
2415 4167 2526 4240 πῦρ
2555 4171 2582 4221 ὁ
2627 4164 2771 4229 οἶκος
2809 4165 2903 4218 τοῦ
2949 4164 3165 4237 Ἰωσὴφ,
3212 4167 3307 4218 καὶ
3360 4163 3628 4232 καταφάγῃ

400 4268 530 4327 illis,
569 4267 678 4322 Deo
711 4268 1004 4332 adhaeretc,
1037 4284 1103 4322 ne
1132 4269 1344 4339 punitio
1373 4283 1402 4322 a
1436 4269 1570 4335 Deo,
1601 4272 1760 4342 quasi
1807 4273 1970 4342 ignis,

399 4373 496 4412 vos
542 4366 734 4414 OllllleS
767 4359 1058 4413 comburat
1092 4377 1106 4413 :
1163 4376 1359 4429 neque,
1397 4360 1443 4415 si
1490 4360 1636 4419 Deus
1667 4362 1809 4416 mala
1856 4363 1972 4417 lucc

397 4449 553 4503 vobis
623 4449 928 4515 immiserit,
998 4450 1240 4504 invenire
1307 4450 1648 4508 defensorem
1700 4453 1855 4508 vobis
1907 4453 1971 4507 li-

404 4540 561 4592 sebit.

446 4849 636 4904 Vens.
679 4851 796 4903 7-9.
817 4880 884 4888 —
924 4869 942 4902 ι
981 4851 1083 4916 Qui
1113 4851 1241 4905 facit
1272 4851 1325 4906 in
1348 4853 1566 4908 excelso
1599 4851 1890 4921 judicium,
1915 4861 1970 4908 et

399 4942 670 5008 justitiam
705 4941 927 4994 interra
958 4942 1159 5010 posuit.
1206 4960 1223 4992 ι
1263 4939 1418 4997 llaud
1441 4941 1596 4997 decet
1627 4958 1725 4997 vos
1750 4943 1973 5012 quibus-

405 5032 533 5083 libet
560 5028 656 5082 Dei
707 5030 775 5083 ad
804 5044 900 5085 vos
952 5031 1115 5087 minis
1157 5033 1238 5088 vel
1298 5034 1754 5102 promissionibus
1811 5033 1969 5088 ﬁdem

404 5135 604 5188 negare
637 5137 651 5173 :
677 5119 793 5188 ipse
817 5121 960 5173 enim
990 5131 1074 5175 est
1103 5125 1194 5191 qui
1217 5124 1484 5192 judicium
1510 5135 1675 5195 atque
1701 5126 1972 5194 justitiam

405 5218 520 5260 tum
546 5208 600 5260 in
643 5208 861 5262 excelso
891 5223 1128 5273 exercet,
1163 5220 1277 5265 tum
1334 5215 1496 5268 etiam
1536 5217 1591 5269 in
1627 5223 1774 5269 terra
1803 5215 1974 5268 collo-

405 5297 568 5350 cavit.
593 5295 860 5351 Nimirum
885 5297 1050 5352 dicit:
1073 5301 1170 5354 l-lic
1201 5310 1305 5368 est,
1331 5305 1422 5372 qui
1455 5306 1608 5360 vobis
1643 5305 1974 5375 patientibus

407 5388 660 5452 injuriam
699 5389 768 5440 ab
819 5387 1068 5448 hostibus
1105 5392 1196 5461 jus
1226 5395 1450 5450 red-.Iere
1481 5404 1699 5467 potest;
1736 5405 1796 5450 ct
1848 5396 1970 5450 illos

480 5565 522 5596 '°
563 5563 705 5618 Psal.
749 5578 856 5618 etv.
897 5564 944 5617 ὕ.

2078 4261 2262 4324 αὑτὸν,
2297 4259 2389 4313 καὶ
2418 4259 2518 4313 οὐκ
2561 4258 2712 4311 ἔσται
2741 4258 2769 4308 ὁ
2803 4256 3010 4309 σϐέσων
3041 4255 3132 4307 τὸν
3173 4251 3322 4307 οἷκον
3355 4252 3558 4326 Ἰσραήλ
3603 4269 3620 4300 ι

2091 4351 2374 4421 Ἀφέμενοι
2399 4350 2455 4403 δὲ
2474 4348 2696 4411 τούτων,
2728 4346 2847 4417 Θεῷ
2874 4346 3257 4417 προσανέχετε,
3283 4347 3421 4400 ὥστε
3452 4345 3522 4415 μὴ
3541 4343 3625 4412 τὴν

2076 4441 2344 4511 τιμωρίαν
2375 4440 2470 4509 τὴν
2515 4437 2665 4507 παρά
2700 4436 2794 4488 τοῦ
2822 4436 2957 4488 Θεοῦ
2986 4436 3140 4506 δίκην
3186 4436 3358 4505 πυρὸς
3402 4436 3627 4493 ἅπαντας

2078 4531 2220 4600 ὑμᾶς
2270 4527 2631 4596 καταφλέξαι’
2666 4526 2726 4580 ού
2769 4525 2878 4595 γὰρ
2910 4524 3021 4578 οἶόν
3051 4542 3130 4587 τε,
3152 4524 3325 4579 ταῦτα
3365 4526 3488 4594 ὑμῖν
3514 4523 3621 4574 ἐπι-

2073 4623 2381 4692 πέμποντος
2433 4619 2526 4672 τοῦ
2569 4618 2722 4680 Θεοῦ,
2771 4618 3062 4690 εὑρεθῆναι
3110 4617 3201 4669 τὸν
3244 4618 3445 4687 ἀμῦναι
3485 4613 3624 4667 δυνά-

2073 4731 2251 4784 μενον.

2142 4846 2287 4915 Στίχ.
2318 4843 2459 4910 ζ’-θ”
2494 4874 2558 4886 —
2596 4864 2614 4894 ι
2664 4844 2720 4896 '0
2750 4843 2918 4895 ποιῶν
2953 4845 3031 4906 είς
3056 4843 3186 4912 ὕψος
3223 4845 3413 4914 κρῖμα,
3439 4841 3526 4894 καὶ
3553 4837 3622 4890 διο

2071 4937 2361 5006 καιοσύνην
2382 4938 2461 4998 είς
2483 4935 2585 5005 γῆν
2612 4932 2825 5003 ἔθηκεν.
2869 4953 2887 4984 ι
2926 4935 3060 4987 Οὐδὲ
3087 4935 3194 5004 γὰρ
3222 4934 3466 4987 άπιστεῖν
3496 4927 3623 4998 ὑμᾶς

2070 5030 2310 5102 προσῆκε
2360 5028 2468 5080 τιν”ί⁵
2508 5025 2615 5079 τῶν
2672 5025 3078 5094 ἀπειλουμένων
3125 5025 3157 5095 ἢ
3205 5021 3622 5094 ὑπισχνουμένων

2071 5123 2198 5190 ὑμῖν
2234 5119 2382 5188 παρὰ
2408 5117 2502 5170 τοῦ
2530 5115 2694 5170 θεοῦ·
2728 5115 2913 5186 ἐπειδὴ
2945 5111 3100 5178 οὗτός
3136 5117 3283 5168 ἐστιν
3304 5118 3330 5168 ὁ
3353 5116 3516 5185 κρῖμα
3538 5108 3621 5162 καὶ

2073 5210 2418 5280 δικαιοσύνην
2452 5211 2530 5271 είς
2572 5207 2704 5276 ὕψος
2745 5224 2803 5260 τε
2854 5206 3023 5259 ποιῶν
3066 5207 3160 5260 καὶ
3190 5210 3270 5270 εἰς
3297 5209 3400 5275 γῆν
3437 5201 3616 5261 τιθείς·

2075 5305 2161 5356 ἵνα
2207 5302 2354 5374 εἴπῃ,
2386 5302 2467 5353 ὅτι
2513 5294 2680 5360 Οὗτός
2724 5299 2869 5350 ἐστιν
2909 5298 2938 5348 ὀ
2977 5295 3351 5366 ἀδικουμένοις
3387 5294 3506 5362 ὑμῖν
3530 5285 3620 5339 ὑπὸ

2078 5394 2186 5448 τῶν
2221 5393 2491 5463 πολεμίων
2529 5392 2708 5460 κρῖναι
2743 5387 3070 5458 δυναμενος’
3104 5387 3196 5439 καὶ
3233 5376 3619 5455 τιμωρήσασθαι
