3828 6216
156 323 264 379 273

1144 317 1694 377 COMMENTARIUS
1730 318 1799 373 IN
1840 318 2050 374 AMOSI
2083 320 2235 374 CAP.
2268 320 2326 376 V.

3306 322 3413 376 an

169 442 267 510 μὲν
296 437 424 502 τοὺς
451 435 683 491 τοσαῦτα
710 437 835 507 ὑμῖν
857 435 1159 504 ἐπάγοντας
1182 434 1346 501 κακά,
1368 434 1536 499 δεῖξαι
1558 435 1616 488 δὲ
1639 434 1738 506 τὴν

1853 431 2061 501 quidem
2091 435 2287 502 punire
2311 434 2401 505 qui
2424 443 2569 488 tanta
2593 434 2836 490 inferunt
2854 435 2993 489 mala
3014 435 3420 499 ;dcmonstraro

165 530 513 600 δικαιοσύνην
550 530 644 582 καὶ
662 528 762 599 τὴν
791 527 992 599 κρίσιν,
1028 526 1103 596 (p.
1148 527 1269 595 I75)
1310 528 1375 597 ἢν
1406 527 1547 597 ὑπὲρ
1587 525 1740 597 ὑμῶν

166 624 272 674 τῶν
303 623 397 676 ἐπὶ
426 621 528 690 γῆς
575 620 744 671 ὄντων
783 619 1033 679 ποιεῖται,
1071 617 1310 687 μεγάλην
1344 633 1404 668 τε
1451 612 1616 670 οὖσαν
1649 618 1742 669 καὶ

165 714 369 776 παντὸς
400 712 675 780 γέμουσαν
726 706 1022 779 θαύματος.
1056 708 1167 761 Καὶ
1199 708 1278 771 εἰς
1327 707 1590 761 πίστωσιν
1635 707 1742 761 τῶν

166 804 364 868 αὐτῶν,
401 804 594 871 ἐπάγει
621 801 811 855 πάλιν’
858 820 877 853 ι
920 800 981 854 '0
1010 799 1177 853 ποιῶν
1220 800 1396 854 πάντα
1434 801 1528 853 καὶ
1577 817 1743 868 μετα-

168 893 472 957 σκευάζων.
516 910 535 943 ι
564 891 678 944 Καὶ
711 889 822 959 γὰρ
846 888 942 942 καὶ
973 892 1142 942 ποιεῖν
1171 888 1385 942 ἅπαντα
1440 888 1540 942 οὐκ
1589 889 1739 955 ὄντα,

167 985 257 1035 καὶ
285 982 546 1050 γεγονότα
584 980 939 1052 μεταϐάλλειν
976 982 1056 1043 είς
1082 982 1110 1032 ὅ
1137 998 1189 1033 τι
1223 979 1491 1049 βούλεται.
1520 979 1761 1041 δύναται,

168 1074 389 1145 ῥᾳδίως.
424 1093 441 1124 ι
480 1071 587 1124 Καὶ
618 1072 899 1143 ἐκτρέπων
928 1072 1006 1135 είς
1040 1072 1100 1125 τὸ
1124 1071 1268 1142 πρωϊ
1304 1072 1462 1125 σκιάν
1488 1070 1741 1140 θανάτου,

168 1166 259 1217 καὶ
284 1165 498 1234 ἡμέραν
518 1166 596 1228 είς
625 1164 793 1217 νύκτα
819 1163 1188 1227 συσκοτάζων.
1222 1182 1240 1213 ι
1273 1156 1440 1226 Οὗτος
1468 1164 1742 1227 κινδύνους

166 1254 394 1308 θάνατον
430 1253 733 1321 ἐπάγοντας
756 1254 837 1317 είς
862 1254 1200 1324 εὐφροσύνην
1224 1252 1481 1324 λαμπράν
1509 1270 1629 1306 τινα
1651 1255 1749 1311 καὶ

163 1346 350 1413 ἡδεῖαν
386 1342 745 1413 μεταϐάλλειν
790 1341 1099 1412 αὐτάρκης·
1132 1342 1257 1402 τοὺς
1302 1341 1360 1391 ἐν
1403 1340 1745 1411 λαμπρότητί

165 1451 221 1487 τε
254 1428 395 1487 εἶναι
439 1433 751 1496 δοκοῦντας,
778 1432 954 1502 σκότῳ
998 1432 1085 1484 διά
1114 1431 1222 1483 τῶν
1251 1431 1546 1502 συμφορῶν
1592 1449 1746 1503 περι-

162 1526 383 1577 ϐάλλειν
425 1524 647 1577 δύναται
683 1524 911 1593 ῥᾳδίως·
940 1523 1185 1593 βούλεται
1226 1523 1334 1593 γάρ
1376 1522 1653 1576 κάνταῦθα
1682 1524 1747 1576 ἐκ

164 1614 275 1665 τῶν
311 1613 539 1666 ηθόλου
582 1612 900 1681 στυστῆσαι,
943 1613 1024 1664 ὅτι
1072 1613 1349 1683 αὐτάρκης
1390 1612 1583 1666 καὶτὰ
1626 1614 1746 1665 κατ’

162 1706 377 1768 αὐτοὺς
411 1704 487 1768 ὡς
535 1704 777 1774 βούλεται
827 1703 1175 1774 μεταϐαλεῖν·
1230 1704 1324 1757 καὶ
1366 1705 1494 1757 ποτὲ
1540 1705 1654 1774 μὲν·
1681 1706 1745 1757 ἐκ

166 1794 464 1863 συμφορῶν
483 1794 561 1857 είς
582 1793 880 1865 εὐημερίαν
910 1793 1191 1864 μετάγειν·
1226 1794 1354 1846 ποτέ
1374 1794 1428 1846 δὲ
1451 1796 1508 1861 ἐξ
1539 1796 1744 1864 εύημε-
1778 1778 1819 1833 Β

168 1887 289 1956 ρίας
329 1888 409 1949 είς
452 1885 737 1956 συμφορὰς
790 1885 1067 1956 καθιστᾷν.
1101 1903 1119 1936 ι
1165 1886 1223 1938 ’0
1273 1885 1745 1956 προσκαλούμενος

165 1976 226 2027 τὸ
264 1975 414 2045 ὕδωρ
438 1976 537 2047 τῆς
563 1975 860 2045 θαλάσσης,
902 1976 993 2028 καὶ
1027 1976 1232 2044 ἐκχέων
1258 1976 1391 2029 αὐτὸ
1433 1978 1527 2031 ἐπὶ
1579 1994 1746 2046 προσ-

162 2065 322 2118 ώπου
349 2067 449 2135 τῆς
476 2067 600 2135 γῆς,
624 2066 827 2137 Κύριος
854 2068 883 2117 ὁ
908 2067 1059 2128 Θεὸς,
1085 2068 1113 2119 ὁ
1140 2069 1539 2138 Παντοκράτωρ
1576 2068 1747 2139 ὖνομα

162 2157 336 2226 αὐτῷ.
381 2177 402 2207 ο
436 2151 605 2220 Οὗτος
626 2160 654 2209 ὁ
686 2159 779 2211 καὶ
806 2159 866 2210 τὸ
891 2159 991 2227 τῆς
1018 2158 1291 2230 θαλάττης
1321 2159 1463 2231 ὕδωρ
1496 2160 1664 2229 αἴρων
1686 2178 1745 2213 τε

160 2249 253 2302 διὰ
286 2248 397 2300 τῶν
446 2247 682 2316 νεφελῶν
722 2249 814 2301 καὶ
856 2249 997 2302 κατά
1045 2248 1227 2319 πάσης
1251 2248 1455 2319 ἐκχέων
1491 2251 1589 2320 τῆς
1621 2253 1749 2321 γῆς,

166 2336 453 2405 αὐτάρκης
497 2336 591 2387 καὶ
616 2334 711 2388 νῦν
740 2335 835 2405 τὴν
864 2335 971 2389 τῶν
1014 2337 1310 2408 Ἀσσυρίων
1354 2339 1627 2408 στρατιὰν,
1656 2340 1750 2393 θα-

163 2425 369 2495 λάττης
408 2426 637 2494 μέγεθος
662 2427 1024 2498 μιμουμένην,
1057 2429 1139 2496 ἐφ’
1170 2429 1313 2498 ὑμᾶς
1337 2429 1426 2482 διὰ
1454 2430 1550 2500 τῆς
1581 2432 1748 2502 ὀργῆς

160 2514 356 2584 ἐκχέαι
384 2515 485 2584 τῆς
505 2515 730 2578 οἰκείας,
758 2515 815 2578 ὃς
851 2516 958 2567 τῶν
977 2518 1230 2569 ἁπάντων
1266 2518 1466 2589 Κύριος
1491 2519 1586 2583 ῶν,
1622 2523 1749 2573 αύτ-

157 2607 346 2677 ἀρκης
388 2605 458 2658 τὰ
513 2606 772 2659 δοκοῦντα
801 2611 989 2660 ποιεῖν,
1024 2626 1042 2657 ι
1090 2609 1147 2661 ’0
1168 2609 1388 2680 διαιρῶν
1419 2613 1750 2683 συντριμμὸν

158 2698 251 2747 ἐπ’
288 2698 466 2765 ἰσχὺν,
498 2699 592 2751 καὶ
629 2699 1003 2769 ταλαιπωρίαν
1036 2701 1127 2753 ἐπὶ
1164 2701 1426 2771 ὀχύρωμα
1449 2702 1689 2770 ἐπάγων.
1726 2724 1744 2755 ι

158 2784 339 2851 Οὗτος
368 2789 466 2843 καὶ
510 2789 689 2859 θλίψιν
728 2791 826 2860 τὴν
865 2791 1184 2860 ἐνοχλοῦσαν
1227 2793 1478 2858 διαλύων,
1513 2795 1587 2863 (p.
1626 2795 1749 2866 176)

162 2878 430 2948 ἰσχυροὺς
470 2880 842 2949 ἀπεργάζεται
878 2882 972 2934 καὶ
1002 2882 1126 2945 τοὺς
1164 2884 1228 2936 ἐκ
1252 2885 1359 2937 τῶν
1381 2887 1563 2939 κακῶν
1585 2888 1751 2958 ἡσθε-

158 2971 403 3039 νηκότας
420 2988 434 3000 ·
458 2971 833 3042 ταλαιπωρίας
854 2990 911 3025 τε
928 2974 1053 3037 τοὺς
1077 2975 1215 3042 ἄγαν
1234 2975 1520 3042 δοκοῦντας
1539 2980 1752 3049 μεγάλα

1844 530 2025 575 autem
2067 522 2334 590 justitiam
2396 531 2559 592 atque
2596 523 2887 592 judicium,
2928 526 3072 595 quod
3131 539 3229 594 pro
3263 524 3421 578 vobis

1844 613 2082 683 regionis
2114 614 2277 683 hujus
2328 614 2525 670 incolis
2565 624 2800 679 exseret,
2837 632 3091 687 magnum
3139 626 3302 685 atque
3329 631 3421 670 ex-

1844 704 2051 759 celsum
2083 711 2138 758 et
2168 705 2317 760 omni
2369 706 2721 761 mirabilitate
2768 708 3009 777 plenum.
3041 707 3418 763 Confirmans-

1843 808 1950 860 quc
1979 793 2145 859 dicta,
2170 794 2276 848 ait:
2315 813 2335 845 ι
2367 795 2469 859 Qui
2510 795 2641 848 facit
2677 798 2955 860 omnia,et
2984 796 3359 851 transformat.
3391 814 3413 847 ι

1847 883 2053 939 Revera
2095 886 2243 940 enim
2289 894 2343 941 et
2397 886 2579 940 omnia
2624 886 2804 942 facere
2830 903 2897 943 ex
2947 888 3137 952 nihilo,
3176 895 3232 943 et
3279 886 3419 941 facta

1846 986 2233 1040 transmutare,
2288 986 2347 1030 ut
2401 978 2562 1050 116
2619 980 2875 1045 voluerit,
2933 980 3187 1048 expedite
3215 986 3412 1049 potest.

1853 1087 1870 1118 ι
1916 1066 2019 1133 Qui
2054 1070 2400 1124 convertitin
2434 1084 2591 1124 mane
2618 1070 2872 1125 tenebras
2906 1071 3117 1132 mortis,
3167 1077 3223 1125 et
3271 1070 3417 1125 diem

1848 1159 2363 1214 nocteobtenebrat.
2408 1179 2426 1211 ι
2464 1159 2579 1230 Ipse
2602 1168 2779 1230 potest
2813 1160 3059 1214 mortalia
3087 1161 3328 1231 pericula
3361 1160 3417 1213 in

1846 1250 2192 1319 splendidum
2238 1251 2652 1321 jueundumque
2689 1252 2948 1321 gaudium
2977 1260 3334 1317 convertere;
3366 1261 3422 1305 et

1846 1357 1941 1395 eos
1965 1342 2056 1411 qui
2094 1342 2145 1395 in
2172 1342 2460 1411 splendore
2514 1342 2718 1396 versari
2750 1341 3021 1408 videntur,
3051 1357 3418 1395 aerumnarum

1848 1434 2091 1489 tenebris
2124 1434 2285 1499 facile
2319 1436 2571 1490 obruere.
2602 1433 2730 1488 Vult
2759 1435 2905 1489 enim
2932 1434 3034 1488 hoc
3068 1434 3190 1487 loco
3232 1450 3294 1487 ex
3329 1449 3418 1503 ge-

1848 1526 2125 1580 neralibus
2154 1526 2503 1589 concludere,
2542 1540 2706 1595 posse
2742 1524 2907 1579 Deum
2937 1540 3027 1579 res
3054 1540 3270 1594 quoque
3302 1524 3420 1577 illo-

1850 1630 1969 1669 rum
2006 1631 2103 1685 pro
2132 1632 2233 1670 suo
2267 1616 2419 1670 libito
2445 1626 2818 1681 commutare;
2849 1623 2903 1669 et
2934 1615 3094 1669 modo
3119 1630 3183 1670 ex
3221 1631 3422 1668 :ermn-

1851 1706 1935 1761 nis
1960 1709 2011 1759 in
2036 1706 2471 1776 prosperitatem,
2503 1706 2664 1760 modo
2686 1717 2872 1761 contra
2896 1721 2960 1759 ex
2986 1706 3343 1775 prosperitate
3366 1705 3419 1758 in

1846 1812 2141 1851 aerumnam
2198 1796 2521 1852 transferre.
2562 1818 2580 1850 ι
2618 1798 2722 1863 Qui
2766 1804 2926 1850 vocat
2977 1810 3173 1866 aquam
3228 1796 3418 1857 maris,

1846 1898 1899 1943 et
1937 1888 2164 1943 ellundit
2191 1902 2353 1958 super
2381 1888 2571 1944 faciem
2608 1897 2787 1952 teme.
2812 1887 3076 1942 Dominus
3108 1886 3270 1951 Deus,
3320 1902 3423 1940 no-

1847 1995 1969 2033 men
2012 1980 2059 2033 ei
2087 1977 2462 2049 Omnipotens.
2502 1999 2521 2031 ι
2561 1978 2700 2047 Ipse,
2749 1981 2842 2049 qui
2877 1979 3045 2035 maris
3069 1993 3266 2048 aquam
3328 1994 3421 2031 nu-

1848 2069 2006 2125 bibus
2060 2069 2279 2132 attollit,
2307 2077 2362 2124 et
2415 2086 2509 2140 per
2574 2072 2886 2125 universam
2936 2078 3140 2125 terram
3192 2068 3423 2123 effundit

1847 2161 1988 2214 valet
2016 2175 2157 2214 nunc
2187 2159 2353 2214 etiam
2380 2160 2732 2230 Assyriorum
2757 2159 3080 2220 exercitum,
3113 2156 3424 2226 amplitudi.

1847 2269 1971 2309 nem
2009 2253 2177 2307 maris
2202 2253 2522 2313 imitantem,
2547 2259 2739 2307 contra
2760 2266 2857 2309 vos
2891 2251 2970 2305 ira
2997 2264 3096 2305 sua
3121 2249 3423 2309 effundere.

1848 2359 1971 2398 eum
2015 2346 2087 2400 sit
2150 2344 2412 2399 Dominus
2461 2344 2821 2410 universalis,
2885 2352 2942 2398 et
2990 2340 3255 2412 quidquid
3317 2340 3423 2395 sibi

1847 2436 2066 2491 libuerit
2097 2451 2356 2505 peragere
2378 2436 2585 2490 valens.
2617 2454 2635 2486 ι
2682 2433 2786 2500 Qui
2814 2433 3005 2489 dividit
3036 2431 3422 2487 contritionem

1849 2542 2014 2596 super
2045 2526 2438 2589 fortitudinem,
2467 2533 2522 2596 et
2551 2525 2824 2579 miseriam
2879 2538 3043 2592 super
3069 2522 3423 2576 munitionem

1850 2615 2093 2670 adducit.
2140 2635 2157 2666 ι
2189 2613 2308 2683 Ipse
2334 2629 2645 2685 pressuram
2671 2614 2954 2668 molestam
2987 2612 3300 2674 sublevans,
3334 2626 3427 2662 va-

1850 2706 1992 2761 lidos
2024 2705 2197 2760 reddit
2226 2706 2391 2759 etiam
2426 2704 2570 2767 illos,
2605 2704 2696 2773 qui
2731 2702 3135 2758 calamitatibus
3179 2708 3308 2755 sunt
3340 2700 3427 2755 deo

1848 2797 2042 2854 bilitati
2083 2815 2094 2848 :
2133 2795 2485 2864 vicissimque
2546 2794 2727 2850 subita
2785 2793 3003 2849 miseria
3060 2793 3303 2862 complet
3330 2791 3426 2860 qui

1851 2884 2061 2955 magnis
2088 2883 2300 2939 viribus
2322 2884 2526 2953 pollere
2551 2882 2823 2937 videntur.
2858 2879 2908 2936 Is
2937 2896 3066 2935 cum
3095 2880 3291 2943 voluit,
3337 2895 3426 2934 res

1853 2986 2061 3032 vestras
2089 2977 2388 3031 a-meliore
2438 2982 2581 3030 statu
2612 2973 2894 3028 transtulit
2937 2973 3004 3026 ad
3048 2973 3371 3027 deteriorem
3407 2989 3421 3025 :

158 3061 431 3115 δύνασθαι
478 3063 671 3135 ἁθρόον
713 3064 934 3134 πληροῖ·
968 3066 1026 3128 ὃς
1071 3067 1349 3138 βουληθεὶς
1397 3071 1492 3123 καὶ
1532 3071 1597 3125 τά
1631 3072 1748 3125 καθ’

1857 3082 2159 3137 rursusque
2189 3065 2470 3136 siquando
2492 3065 2745 3131 voluerit,
2767 3064 2823 3121 in
2858 3063 3138 3119 meliorem
3170 3062 3327 3117 facile
3350 3076 3429 3116 re-

157 3155 313 3221 ὑμᾶς
352 3154 621 3223 μετέϐαλέ
657 3172 715 3206 τε
751 3157 815 3207 ἐκ
854 3156 947 3208 τοῦ
977 3159 1282 3227 κρείττονος
1307 3161 1399 3213 ἐπὶ
1435 3162 1495 3214 τὸ
1538 3165 1749 3234 χεῖρον·

160 3247 257 3298 καὶ
283 3245 453 3297 πάλιν
488 3247 552 3298 ἐκ
580 3244 673 3297 τοῦ
715 3246 952 3316 χείρονος
982 3248 1073 3300 ἐπὶ
1106 3248 1167 3301 τὸ
1191 3251 1437 3320 κρεῖττον
1475 3251 1752 3321 βουληθεὶς

161 3337 471 3406 μεταϐαλεῖ
490 3338 709 3408 ῥαδίως.

238 3426 393 3496 Στίχ.
440 3434 491 3488 ι’,
518 3434 607 3481 ια’.
642 3454 697 3464 -
732 3447 751 3479 ι
797 3430 1093 3500 Ἐμίσησάν
1126 3433 1185 3484 ἐν
1210 3432 1406 3497 πύλαις
1442 3434 1751 3506 ἐλέγχοντα,

167 3518 263 3570 καὶ
298 3518 463 3586 λόγον
502 3519 648 3571 ὅσιον
686 3520 1052 3586 ἐϐδελύξαντο.
1094 3541 1111 3573 ι
1148 3524 1408 3594 Ἀρχεται
1450 3526 1634 3580 λοιπὸν
1672 3531 1757 3581 ἐν-

162 3610 359 3662 τεῦθεν
388 3610 489 3672 τὰς
520 3612 867 3680 παρανομίας
906 3614 1083 3667 αὐτῶν
1121 3615 1453 3685 ἐξηγεῖσθαι,
1490 3620 1626 3681 Τοὺς
1655 3622 1753 3689 μὲν

166 3695 261 3751 οὖν
305 3700 593 3771 προφήτας
631 3704 689 3753 ἐν
734 3703 1015 3773 διορθώσει
1056 3706 1154 3768 τὰς
1192 3708 1536 3777 παρανομίας
1576 3710 1757 3764 αὐτῶν

169 3790 419 3859 ἐλέγχειν
465 3793 966 3862 προσταττομένους
995 3795 1247 3865 ἐμίσουνο
1290 3797 1663 3853 ἐϐδελύττοντο
1699 3801 1755 3855 δὲ.

168 3884 265 3935 καὶ
311 3883 598 3954 ὁπόσαπερ
629 3884 812 3952 ἔλεγον
854 3886 1057 3949 αὐτοῖς,
1102 3888 1556 3956 συμϐουλεύοντες
1592 3893 1756 3963 χωρί-

172 3973 361 4036 ζεσθαι
396 3974 501 4043 μὲν
524 3974 632 4025 τῶν
663 3976 867 4040 κακῶν,
905 3977 1177 4047 αἱρεῖσθαι
1205 3979 1259 4032 δὲ
1304 3980 1373 4033 τὰ
1406 3982 1663 4049 κρείττω’
1695 3984 1757 4037 τὸ

168 4066 226 4117 δέ
252 4067 312 4116 ἐν
343 4064 541 4129 πύλαις
586 4065 728 4119 οὕτω
756 4067 952 4136 φησίν⁶
990 4068 1149 4132 Ἔθος
1186 4065 1254 4140 ἦν
1296 4071 1356 4123 τὸ
1397 4072 1623 4126 παλαιὸν
1664 4076 1756 4128 καὶ

169 4155 269 4218 τὰς
296 4155 407 4207 τῶν
422 4157 867 4223 ἀναγκαιοτάτων
887 4161 1229 4228 πραγμάτων
1249 4161 1441 4230 βουλὰς
1463 4165 1589 4228 τοὺς
1617 4166 1756 4219 κατά

172 4248 329 4300 πόλιν
356 4248 416 4299 ἐν
446 4249 565 4311 ταῖς
587 4247 781 4312 πύλαις
808 4250 1105 4303 ποιεῖσθαυ
1134 4253 1225 4304 καὶ
1254 4256 1363 4317 τοῖς
1384 4254 1597 4325 ἐχθροῖς
1626 4274 1753 4327 πρε-

173 4340 530 4409 σϐευομένοις
556 4340 680 4411 περί
711 4357 875 4403 τινος,
902 4342 1037 4413 πρὸς
1061 4343 1256 4407 αὐτοὺς
1288 4346 1346 4398 ἐν
1377 4347 1603 4410 ἐκείνοις
1624 4349 1757 4401 ἀπο-

1857 3158 2092 3213 vocab“.

1930 3435 2096 3489 Vens.
2148 3437 2237 3502 l0,
2270 3437 2353 3489 ll.
2398 3466 2470 3476 —
2520 3455 2537 3485 ι
2594 3432 2733 3488 0dio
2791 3429 3098 3483 habuerunt
3160 3427 3213 3481 in
3261 3428 3432 3497 portis
3518 3480 3529 3491 ,

1858 3537 2193 3595 arguentem,
2223 3534 2276 3581 et
2301 3540 2608 3581 sermonem
2628 3530 2877 3578 sanctum
2904 3518 3201 3573 abominati
3226 3527 3375 3572 sunt.
3404 3537 3423 3569 ι

1859 3618 2071 3672 Abhinc
2106 3633 2299 3673 rursus
2330 3616 2520 3685 incipit
2552 3614 2868 3683 iniquitates
2898 3610 3115 3665 illorum
3134 3624 3427 3677 exponere.

1859 3710 2158 3778 Prophetas
2178 3709 2415 3778 quidem,
2446 3714 2667 3775 peccata
2686 3708 2926 3774 ipsorum
2948 3714 3243 3769 coarguere
3271 3707 3434 3767 atque

1860 3802 2147 3856 emendare
2182 3816 2211 3852 a
2233 3798 2342 3852 Deo
2367 3798 2573 3867 jussos,
2598 3795 2825 3849 oderant
2860 3811 2872 3845 :
2902 3799 2956 3846 et
2976 3788 3431 3847 abominabantur

1860 3907 2198 3962 quaecunque
2224 3891 2276 3944 bi
2300 3888 2441 3959 apud
2466 3903 2562 3942 eos
2593 3882 3084 3946 eoncionabantur,
3156 3880 3428 3934 hortando

1861 3983 1927 4037 ad
1962 3984 2215 4037 vitiorum
2277 3979 2491 4051 fugam,
2551 3984 2606 4032 et
2662 3974 2879 4030 virtutis
2944 3978 3204 4026 amorem.
3261 3970 3433 4025 Dictio

1862 4082 2041 4129 autem
2076 4074 2129 4128 in
2166 4073 2359 4143 portis,
2406 4072 2486 4127 sic
2520 4066 2886 4138 intelligenda.
2914 4062 3029 4118 Mos
3065 4063 3281 4133 priseus
3308 4061 3429 4124 fuit,

1863 4164 2200 4234 gravissima:
2229 4163 2497 4231 cujusque
2518 4161 2595 4215 rei
2620 4156 3053 4214 consultationes
3083 4168 3111 4206 a
3143 4151 3357 4208 civibus
3377 4154 3432 4210 in

1861 4253 2034 4322 portis
2059 4252 2207 4305 Urbis
2234 4251 2369 4317 ﬁeri;
2396 4258 2448 4303 et
2468 4249 2706 4304 hostium
2724 4246 2889 4301 etiam
2909 4243 2976 4297 de
2994 4257 3052 4297 re
3075 4242 3253 4308 aliqua
3289 4241 3433 4309 lega-

1862 4343 2126 4403 tionibus,
2148 4342 2303 4409 117
2325 4340 2511 4393 iisdem
2533 4341 2584 4392 in
2605 4337 2738 4392 locis
2750 4332 3100 4402 respondere.
3130 4330 3242 4385 lino
3264 4332 3429 4386 etiam

171 4429 463 4498 κρίνεσθαι
494 4432 607 4493 τοῖς
634 4430 819 4495 τόποις
840 4449 853 4462 '
881 4435 956 4501 (p.
993 4433 1115 4499 177)
1157 4435 1250 4488 καὶ
1288 4435 1351 4505 δὴ
1390 4438 1483 4490 καὶ
1511 4436 1608 4501 τὰς
1642 4439 1748 4507 μεί-

1862 4432 2288 4501 Inajorajudieia
2319 4430 2516 4484 ibidem
2548 4427 2892 4484 exercebant.
2924 4429 2982 4475 ut
3008 4420 3223 4475 eunetis
3241 4421 3429 4476 urbem

169 4525 299 4584 ξονς
341 4520 451 4573 τῶν
499 4521 731 4591 κρίσεων
762 4524 947 4576 αὐτόθι
1003 4526 1292 4592 ποιεῖσθαι,
1336 4527 1412 4591 ὼς
1448 4528 1515 4581 ἂν
1552 4529 1756 4584 ἅπασιν

166 4610 281 4669 τοῖς
325 4607 469 4659 κατὰ
498 4607 593 4677 τὴν
628 4609 781 4661 πόλιν
828 4611 1054 4663 είσιοῦσί
1087 4630 1143 4665 τε
1192 4616 1285 4667 καὶ
1320 4616 1519 4681 ἐξιοῦσι
1557 4618 1624 4670 δι’
1656 4621 1756 4672 αύ-

163 4696 269 4764 τῆς
311 4702 601 4768 καταφανῆ
636 4700 873 4767 γίγνοιτο
903 4701 971 4755 τὰ
1007 4704 1372 4774 πραττόμενα.
1407 4707 1506 4760 Διὰ
1542 4708 1696 4762 τοῦτο
1729 4713 1757 4764 ὁ

169 4790 451 4857 μακάριος
497 4789 646 4857 λέγει
684 4792 873 4844 Δαυῗδ’
906 4813 925 4844 ι
966 4795 1040 4846 Οὐ
1085 4798 1636 4869 καταισχυνθήσονται
1678 4803 1753 4855 ὅτ’

167 4878 237 4929 ἂν
272 4877 480 4929 λαλῶσι
523 4882 635 4942 τοῖς
671 4880 884 4951 ἐχθροῖς
934 4883 1111 4936 αὐτῶν
1142 4885 1200 4938 ἐν
1238 4885 1433 4951 πύλαις
1456 4902 1469 4915 ⁸
1515 4908 1533 4939 ι
1567 4891 1754 4962 ἐπειδὴ

165 4968 363 5020 αὐτόθι
378 4969 477 5030 τὰς
496 4971 816 5042 ἀποκρίσεις
830 4973 926 5035 τὰς
942 4976 1077 5044 πρὸς
1096 4976 1219 5038 τοὺς
1237 4977 1428 5044 ἔξωθεν.
1458 4981 1754 5036 ἐποιοῦντο⁶

167 5079 189 5108 4
227 5062 340 5113 Καὶ
371 5062 693 5131 ἠδολεσχουν
724 5065 841 5116 κατ’
865 5066 997 5135 ἐμοῦ
1034 5070 1081 5119 οἱ
1113 5069 1409 5139 καθήμενοι
1439 5075 1496 5125 ἐν
1532 5074 1703 5144 πύλῃ³
1736 5094 1753 5126 ι

162 5152 247 5214 ῶς
286 5152 479 5204 αὐτόοι
524 5152 620 5216 τάς
664 5155 923 5219 πλείστας
969 5159 1235 5213 εἰωθότων
1272 5162 1449 5215 αὐτῶν
1488 5166 1758 5218 ποιεῖσθαι

166 5242 454 5304 συνόδους.
502 5244 604 5296 Τὸν
643 5247 803 5298 αὐτὸν
828 5247 892 5318 δὴ
926 5250 1123 5319 τρόπον
1161 5251 1392 5305 ἐνταῦθα
1420 5255 1544 5319 τοὺς
1570 5257 1627 5309 ἐν
1656 5258 1759 5310 πύ-

165 5334 293 5397 λαις
328 5334 654 5403 ἐλέγχοντας
696 5337 865 5404 λέγει,
890 5339 964 5402 ὡς
1004 5339 1069 5391 ἂν
1107 5341 1212 5393 τῶν
1242 5346 1535 5413 προφητῶν
1573 5347 1759 5399 αὐτόοι

164 5425 235 5475 τά
266 5424 413 5476 κατὰ
461 5425 684 5495 γνώμην
726 5427 875 5480 θείαν
909 5430 1194 5499 κηρύττειν
1231 5435 1411 5497 αὐτοῖς
1432 5438 1759 5491 ἐσπουδακό-

165 5534 304 5567 των⁹
343 5517 474 5569 ἔνθα
507 5517 571 5589 δὴ
618 5520 710 5571 καὶ
742 5523 902 5573 πᾶσιν
944 5522 1153 5589 ἐγίνετο
1192 5527 1473 5597 καταφανῆ
1515 5529 1579 5584 τὰ
1606 5529 1756 5599 λεγὸ-

250 5695 291 5725 ⁹¹
338 5694 488 5750 Psal.
531 5712 720 5762 cun,
761 5699 812 5753 5,
893 5702 935 5731 ³³
980 5700 1121 5757 Psal.
1159 5719 1350 5771 ιλιπιι,
1403 5704 1481 5757 15.

1854 4525 2283 4595 ingredientibus
2295 4524 2375 4577 vel
2391 4520 2793 4591 egredientibus
2807 4522 3035 4570 tractata
3053 4512 3264 4581 negotia
3279 4513 3432 4567 inno-

1854 4622 2145 4672 tescerent.
2181 4614 2473 4685 Propterea
2502 4613 2692 4667 beatus
2715 4603 3031 4663 dieitDavid
3066 4621 3079 4656 ι
3111 4621 3130 4653 ι
3160 4601 3277 4656 Non
3299 4619 3430 4658 eou-

1856 4708 2148 4762 fundentur
2174 4722 2296 4761 cum
2327 4700 2864 4774 loquenturinimicis
2890 4699 3003 4754 suis
3030 4696 3083 4749 in
3116 4695 3350 4767 portis'l
3380 4713 3433 4746 τι

1854 4803 1981 4870 quia
2027 4800 2097 4854 ibi
2141 4798 2527 4867 re5p0nsiones
2578 4793 2780 4849 exteris
2821 4792 3046 4846 dabant.
3093 4793 3221 4846 item
3258 4807 3271 4842 :
3311 4805 3329 4838 ι
3367 4787 3431 4840 lit

1856 4892 2169 4962 garriebant
2198 4890 2563 4944 adversusme
2593 4886 2683 4956 qui
2710 4886 2974 4941 sedebant
3012 4883 3064 4937 in
3097 4890 3249 4953 porta
3275 4882 3319 4913 ⁵⁸
3348 4897 3361 4945 ;
3409 4902 3424 4931 ι

1857 4990 2045 5050 nlpote
2074 4981 2166 5050 qui
2195 4980 2509 5050 plerumque
2537 4978 2646 5031 illic
2672 4987 2847 5031 cretus
2881 4991 3013 5031 suos
3043 4975 3242 5029 habere
3282 4973 3425 5027 sole-

1857 5074 2006 5128 bant.
2065 5072 2189 5126 Pari
2232 5086 2377 5126 nunc
2409 5070 2568 5124 modo
2606 5077 2897 5139 arguentes
2930 5070 2982 5122 in
3036 5067 3212 5137 portis
3270 5066 3425 5125 dicit,

1859 5166 2016 5235 quasi
2070 5165 2143 5219 ibi
2174 5171 2428 5218 curarent
2468 5162 2739 5231 propheta:
2771 5160 3074 5215 voluntates
3112 5156 3200 5210 Dei
3233 5154 3427 5224 pradi-

1866 5272 2023 5320 eare,
2053 5255 2143 5310 ubi
2166 5256 2379 5310 cunctis
2402 5270 2521 5325 quze
2550 5252 2869 5307 dicebantur
2893 5249 3177 5303 manifesta
3206 5247 3428 5305 fiebant,

1867 5364 2044 5418 neque
2056 5347 2266 5402 civibus
2288 5354 2520 5410 tantum,
2535 5358 2721 5399 verum
2741 5343 2904 5396 etiam
2921 5341 3124 5396 exteris
3141 5339 3185 5393 si
3210 5337 3429 5407 quando

1871 5440 1935 5494 ad
1969 5439 2156 5493 urbem
2189 5440 2455 5493 venirent.
2485 5436 2685 5491 Deinde
2718 5433 2771 5487 in
2807 5431 3161 5500 sequentibus
3197 5430 3262 5481 de
3319 5429 3390 5479 iui
3416 5456 3431 5466 -

1864 5531 2168 5601 quitatibus
2231 5530 2339 5585 illis
2382 5528 2640 5596 loquitur,
2695 5540 2833 5595 quas
2878 5531 2932 5578 et
2982 5530 3140 5575 antea
3194 5518 3429 5573 dixerat.
