3828 6216
412 352 522 407 275

1583 355 1769 411 ΤῐιΕΟ
1778 354 1935 413 οοιιι
1979 355 2015 409 Μ

2122 347 2465 410 SUESTENI
3532 343 3636 401 Ξτσ

418 490 436 522 ο
481 471 709 536 Idcirco,
742 486 839 541 pro
861 486 926 526 eo
961 472 1106 541 quod
1162 488 1344 544 pugno
1382 488 1672 543 pauperem
1707 475 1978 545 percutie-
2012 533 2015 545 η

2117 492 2241 538 ιενα,
2275 475 2335 527 οὐ
2374 476 2484 537 τοῖς
2518 470 2736 534 οίκείοις
2768 472 2945 541 μόνον,
2979 467 3112 522 ἀλλὰ
3158 468 3248 520 καὶ
3283 468 3391 529 τοῖς
3426 464 3637 534 ἔξωθεν,

414 564 576 625 batis,
595 572 648 615 et
677 562 819 617 dona
848 564 1019 617 electa
1050 565 1349 634 accepistis
1374 564 1443 619 ab
1474 580 1562 631 eo,
1585 566 1781 622 domos
1833 566 1981 620 laevi-

2117 584 2225 630 πως
2266 568 2395 619 ποτὲ
2444 568 2526 630 είς
2561 565 2659 636 τὴν
2708 565 2863 619 πόλιν
2907 562 3351 634 ἀφικνουμένοιςι
3388 556 3502 613 εἶτα
3544 561 3631 613 καὶ

414 664 541 726 gato
594 655 767 723 lapide
819 656 1156 719 aediticastis,
1214 656 1269 710 in
1312 657 1394 712 eis
1453 672 1563 711 non
1604 656 1977 713 habitabitis:

2117 658 2310 728 αθεξῆς
2340 658 2437 722 τάς
2475 657 2818 728 παρανομίας
2839 655 3011 725 λέγων
3033 654 3264 717 ὲκείνας,
3286 652 3351 714 ἀς
3370 651 3461 704 καὶ
3485 652 3626 720 πρόσ-

415 746 603 800 vineas
617 744 1002 800 desiderabiles
1029 746 1335 815 plantastis,
1364 757 1419 802 et
1447 746 1631 800 vinum
1655 761 1843 801 earum
1868 762 1981 800 non

2117 765 2172 800 εν
2222 748 2467 819 εἰρήκει·
2515 766 2532 799 ι
2570 746 2668 800 Διά
2702 746 2859 801 τοῦτο
2900 744 3017 799 ἀνθ’
3064 737 3139 797 ὧν
3184 740 3632 803 κατεκονδυλίςετε

418 836 635 892 bibetis.
675 854 693 887 ι
736 837 1011 903 Quoniam.
1031 838 1169 892 mala
1218 837 1546 907 pauperibus
1578 836 1877 901 inﬂixistis,
1929 846 1985 892 et

2117 843 2316 910 πωχὸν,
2336 842 2428 895 καὶ
2442 840 2589 912 δῶρα
2606 840 2839 894 ἐκλεκτά
2852 839 3101 906 ἐδέξασθε
3118 840 3245 909 παρ’
3268 835 3448 899 αὑτοῦ,
3469 834 3636 897 οἴκους

417 942 607 983 eorum
629 930 1071 999 quzeqneomima
1087 930 1415 999 diripuistis,
1430 930 1684 1001 aedesque
1704 931 1986 1001 speciosas

2117 930 2300 994 εστοὺς
2326 930 2727 1001 ᾠκοδομήσατε,
2757 930 2851 982 καὶ
2870 930 2930 983 ού
2963 929 3038 999 μὴ
3063 928 3319 998 οίκήσητε
3352 926 3409 977 ὲν
3433 925 3634 983 αΰτοῖςο

418 1032 484 1073 ex
521 1019 722 1087 injusta
763 1020 1147 1088 compilatione
1190 1018 1538 1084 :editicastis,
1564 1034 1777 1075 necnon
1825 1033 1985 1090 agros

2122 1020 2408 1091 μπελῶνας
2434 1020 2801 1091 ὲπιθυμητοὺς
2825 1019 3177 1089 ὲφυτεύσατε,
3198 1016 3293 1070 καὶ
3313 1016 3373 1069 οὐ
3403 1014 3475 1085 μή
3490 1014 3640 1083 πίητε

422 1105 592 1160 multa
622 1107 909 1162 sedulitate
932 1108 1287 1175 excoluistis;
1322 1111 1491 1179 probe
1520 1111 1717 1164 scitote
1753 1123 1850 1164 vos
1903 1110 1988 1166 his

2117 1110 2174 1164 δν
2203 1105 2345 1164 οἶνον
2374 1109 2571 1165 αὐτῶν.
2614 1129 2633 1164 ι
2680 1110 2896 1179 Ἐπειδὴ
2930 1107 3243 1180 ὲπετρίϐετε
3272 1108 3369 1178 μὲν
3387 1106 3493 1168 τοῖς
3514 1120 3642 1157 πτω-

420 1212 544 1252 cum
580 1198 845 1267 injustitia
865 1199 1151 1269 acquisitis
1172 1215 1280 1255 non
1316 1198 1614 1254 fruituros:
1646 1214 1772 1253 nam
1806 1214 1907 1254 nec
1933 1200 1988 1253 in

2117 1203 2201 1269 pi;
2239 1200 2309 1254 τά
2359 1200 2525 1266 κακά,
2559 1200 2628 1255 τά
2667 1200 2926 1254 κάλλιστα
2960 1200 3015 1252 δὲ
3055 1196 3163 1251 τῶν
3200 1197 3327 1266 παρ’
3365 1194 3540 1257 αὐτοῖς
3582 1190 3651 1245 δι’

423 1288 533 1343 illis
580 1287 833 1344 domibus
884 1290 1296 1359 permanebitis,
1352 1305 1528 1361 neque
1563 1305 1631 1347 ex
1673 1290 1997 1362 hujusmodi

2117 1291 2351 1363 ιρπαγῆς
2398 1292 2730 1363 ποιούμενοι,
2782 1291 2963 1354 οἴκους
3005 1307 3066 1343 τε
3117 1288 3410 1360 εὐπρεπεῖς
3454 1287 3515 1338 ὲκ
3553 1284 3651 1355 τῆς

423 1379 568 1449 agris
596 1379 779 1449 fruges
806 1381 1141 1451 percipietis.

2117 1382 2277 1436 ιδίκου
2312 1383 2750 1437 κατεσκευάσατε
2784 1382 3066 1452 συλλογῆς,
3100 1380 3194 1433 καὶ
3224 1378 3288 1450 δὴ
3325 1377 3417 1431 καὶ
3456 1372 3647 1443 ἀγροὺς

427 1468 566 1540 μετά
612 1470 813 1541 πολλῆς
857 1471 1244 1545 ἐξειργάσααθε
1292 1475 1390 1544 τῆς
1426 1469 1857 1544 ὲπιμελείας³ἐῦ
1898 1473 2010 1527 ἕστε
2042 1472 2119 1537 ὡς
2159 1475 2259 1528 οὐκ
2301 1475 2637 1529 ἀπολαύσετε
2669 1473 2777 1527 τῶν
2816 1472 2986 1534 οὕτως
3018 1472 3078 1538 ἐξ
3117 1469 3331 1530 ἀδικίας
3365 1479 3654 1537 περιγεγοο

426 1562 593 1616 νότων
628 1564 788 1633 ύμῖν
826 1562 949 1617 οὕτε
990 1565 1098 1637 γάρ
1135 1565 1234 1618 ἐπὶ
1251 1565 1360 1619 τῶν
1386 1566 1549 1619 οῐκων
1585 1567 1797 1636 μενεῖτε
1831 1564 2073 1630 ἐκείνων,
2108 1567 2230 1621 οὔτε
2262 1567 2364 1638 μὲν
2386 1567 2509 1629 τοὺς
2550 1564 2656 1619 τῶν
2683 1563 2936 1617 τοιούτων
2962 1561 3150 1632 ἀγρῶν
3172 1556 3488 1622 ὑποδέξεσθε
3526 1568 3651 1624 καρ-

427 1670 586 1719 πούς.

503 1753 669 1811 Vens.
717 1753 901 1809 1245.
947 1783 1017 1794 —
1064 1772 1089 1804 ι
1132 1753 1267 1819 Quia
1293 1754 1521 1824 cognovi
1578 1754 1749 1808 multa
1778 1754 1997 1810 scelera

2165 1747 2312 1819 Στίχ.
2361 1746 2545 1817 ιβ’-ιε’.
2594 1774 2662 1786 -
2710 1764 2729 1797 ι
2768 1745 2893 1798 Ὀτι
2945 1740 3127 1811 ἔγνων·
3166 1737 3369 1801 πολλὰς
3415 1733 3657 1795 ἀσείείας

433 1855 635 1907 vestra,
661 1854 715 1901 et
759 1847 951 1917 gravia-
999 1855 1223 1918 peccata
1278 1855 1460 1902 vestra
1512 1866 1527 1901 :
1576 1847 1848 1917 justitiam
1902 1861 1998 1901 vos

2117 1839 2271 1909 ὃμῶν,
2294 1839 2385 1890 καὶ
2413 1836 2626 1907 ἰσχυραῖ
2649 1833 2983 1905 αῐάμαρτίαι
3016 1830 3190 1902 ύμῶν,
3221 1825 3656 1886 καταπατοῦντες

432 1915 843 2000 coriciulcantes,
867 1915 1198 2008 accipientes
1230 1946 1385 2009 pacta
1414 1915 1607 2009 pretia,
1648 1953 1913 2009 pauperes
1944 1938 1999 1992 in

2117 1930 2159 1984 τὸ
2181 1929 2407 1992 δίκαιον,
2439 1926 2805 1997 λαμϐάνοντες
2830 1923 3174 1992 ἀλλάγματα,
3208 1918 3312 1973 καὶ·
3338 1917 3582 2009 πένητας
3600 1915 3663 2009 ενι

432 2031 608 2100 portis
638 2029 1024 2099 deprimentes.
1081 2048 1099 2082 ι
1131 2028 1285 2084 Haud
1318 2044 1405 2085 me
1432 2030 1563 2084 latet
1597 2027 1890 2082 multitudo
1936 2041 2001 2081 ac

434 2119 753 2189 magnitudo
780 2120 1047 2175 scelerum
1076 2126 1129 2174 et
1160 2128 1510 2189 peccatorum
1542 2126 1872 2180 vestrorum,
1906 2133 2001 2170 ne-

433 2224 542 2279 que
559 2210 702 2278 quod
735 2222 958 2263 munera
989 2206 1344 2276 cumjustitia
1372 2206 1775 2270 commutastis,
1799 2205 2001 2277 quibus

435 2302 692 2371 acceptis,
719 2314 1021 2370 pauperum
1041 2297 1248 2368 judicia
1281 2305 1473 2352 contra
1491 2298 1768 2352 veritatem
1798 2312 2002 2367 praeva-

434 2390 590 2445 ricati
625 2389 779 2443 estis.
824 2389 1005 2458 Atque
1032 2386 1120 2442 hic
1152 2387 1315 2439 etiam
1360 2392 1640 2455 portarum
1674 2385 2002 2440 mentionem

435 2481 637 2545 intulit,
664 2480 820 2550 juxta
856 2478 1003 2549 quod
1055 2487 1215 2533 antea
1254 2477 1512 2531 diximus.
1559 2494 1579 2527 ι
1616 2474 1742 2530 Ideo
1790 2476 1883 2545 qui
1922 2475 2002 2529 in-

437 2573 654 2642 telligit,
692 2580 936 2641 tempore
965 2569 1058 2623 illo
1091 2567 1313 2634 tacebit,
1376 2569 1502 2637 quia
1534 2575 1748 2635 tempus
1802 2567 2003 2620 malum

435 2671 540 2718 est.
603 2681 627 2714 ›
669 2661 807 2732 Ergo
839 2676 961 2715 cum
996 2675 1155 2730 pwna
1204 2659 1490 2713 minaciter
1549 2657 1702 2713 vobis
1750 2656 2005 2727 pt'a‘dicta

438 2752 738 2816 advenerit,
792 2751 836 2805 ii
874 2750 966 2820 qui
1018 2749 1317 2819 intelligere
1378 2754 1540 2818 prout
1588 2762 1686 2817 par
1731 2747 1891 2817 118
1920 2754 2007 2801 est

438 2843 640 2906 sciunt,
671 2841 941 2895 malorum
956 2837 1117 2894 veluti
1142 2836 1513 2907 magnitudine
1531 2834 1768 2900 attoniti,
1797 2834 2005 2890 malunt

438 2933 712 2990 silentium
742 2931 904 2994 tueri,
932 2939 1148 2999 tempus
1193 2929 1296 2983 hoc
1323 2942 1447 2983 esse
1471 2933 1725 2998 putantes
1749 2940 1860 2994 quo
1913 2925 2005 2978 illa

442 3027 600 3095 longe
642 3030 768 3077 ante
829 3021 1093 3092 praedicta
1152 3027 1414 3074 eventura
1472 3025 1650 3073 erant.
1708 3035 1727 3069 ι
1767 3015 2006 3082 Ουωι-ὶιθ

2100 2021 2296 2084 πύλαις
2322 2018 2679 2081 ἐκκλίνοντες.
2719 2034 2739 2069 ι
2784 2014 2920 2069 υύδὲ
2947 2014 3056 2085 γάρ
3086 2030 3153 2083 με
3177 2010 3404 2080 λέληθεν
3430 2008 3490 2059 τδ
3530 2004 3652 2073 πλῆ·

2102 2113 2193 2176 θος
2221 2111 2315 2166 καὶ
2346 2110 2407 2163 τὸ
2439 2107 2663 2180 μέγεθος
2698 2105 2810 2160 τῶν
2847 2121 2907 2157 τε
2938 2101 3199 2158 ἀσεϐειῶν
3240 2096 3465 2152 καὶτῶν
3493 2095 3662 2163 ἀμαρ-

2099 2203 2229 2258 τιὼν
2271 2201 2380 2254 τῶν
2413 2198 2693 2270 ὑμετέρων
2713 2214 2727 2227 ο
2756 2194 2867 2249 οὔθ’
2910 2195 2995 2248 ὅτι
3032 2192 3094 2246 τὸ
3126 2191 3337 2245 δίκαιον
3374 2185 3653 2255 ἀντηλλάτ-

2097 2293 2257 2351 τεσθε
2295 2292 2622 2363 χρημάτων·
2654 2289 2728 2359 (p.
2762 2286 2885 2354 178)
2925 2284 2962 2339 ἀ
3015 2282 3165 2354 παρά
3188 2282 3301 2335 τῶν
3349 2277 3663 2334 ἀδικούντων

2106 2384 2484 2455 κομιζόμενοι,
2519 2381 2616 2444 τάς
2662 2379 2773 2433 τῶν
2803 2378 3050 2449 πενήτων
3081 2374 3297 2445 κρίσεις
3346 2372 3425 2435 είς
3450 2368 3664 2422 τούναν-

2101 2475 2213 2529 τίον
2263 2473 2517 2545 ὲτρέπετε
2568 2471 2669 2541 τῆς
2724 2468 3010 2540 ἀληθείας
3042 2462 3323 2520 κάνταῦθα
3353 2460 3409 2515 δὲ
3466 2459 3524 2513 τὸ
3561 2456 3663 2508 ιὲν

2103 2565 2296 2629 πύλαις
2318 2584 2337 2618 ι
2360 2562 2714 2636 προσέθηκεν.
2735 2558 2948 2614 κατὰτὸ
2966 2557 3197 2630 πρόσθεν
3216 2552 3500 2625 εἰρημένον
3519 2549 3653 2619 ἡμῖν.

2110 2675 2129 2711 ι
2157 2656 2257 2709 Διά
2298 2635 2455 2709 τοῦτο
2490 2655 2519 2706 6
2554 2650 2749 2707 συνιὼν
2775 2651 2834 2704 ὲν
2884 2648 2962 2720 τῷ
3020 2644 3195 2718 καιρῷ
3239 2642 3434 2711 ἐκείνῳ
3469 2635 3656 2702 σιωπή-

2107 2763 2287 2804 σεται·
2309 2746 2390 2801 ὅτι
2416 2745 2605 2818 καιρὸς
2638 2742 2871 2814 πονηρός
2890 2742 3023 2793 ἐστι.
3058 2757 3078 2791 ι
3122 2732 3476 2805 Ἐπαχθείσης
3498 2727 3658 2783 τοίνυν

2104 2838 2204 2909 τῆς
2223 2836 2614 2907 ἀπειλουμένης
2642 2834 2911 2905 τιμωρίας
2942 2833 3088 2901 ὑμῖν,
3114 2829 3354 2888 ἀπαντες
3395 2824 3444 2877 οἱ
3472 2821 3530 2873 τὸ

2111 2927 2359 2982 συνιέναι
2395 2922 2496 2980 οἷοί
2543 2942 2603 2979 τε
2657 2925 2833 2989 ὄντες,
2873 2923 3065 2992 ὥσπερ
3098 2915 3536 2987 ἐκπεπληγμένοι
3579 2908 3659 2962 ἐπὶ

2108 3018 2185 3088 τῷ
2224 3016 2444 3088 μεγέθει
2477 3016 2586 3071 τῶν
2618 3014 2825 3078 κακῶν,
2853 3011 3095 3077 ἀξιοῦσιν
3123 3008 3355 3080 ἡσυχίαν
3390 3003 3661 3088 παρεῖνᾳιν

444 3086 641 3171 ωιῖικιι
674 3122 728 3168 et
762 3086 871 3167 non
903 3112 1126 3178 malum,
1152 3118 1215 3165 ut
1240 3109 1470 3175 vivatis;
1504 3115 1557 3163 et
1584 3108 1665 3163 sic
1692 3108 1794 3162 erit
1824 3106 2009 3161 vobis-

2117 3086 2200 3158 τόν
2227 3086 2423 3176 καιρὸν
2462 3103 2820 3174 ὑπειληφότες
2872 3100 2995 3154 καθ’
3022 3100 3082 3152 ὃν
3132 3095 3355 3150 ἔσεσθαι
3401 3086 3660 3183 πόρρωθεν

442 3221 565 3260 rum
626 3204 885 3259 Dominus
925 3201 1064 3258 Deus
1132 3202 1499 3271 omnipotens.
1555 3196 1710 3252 Sicut
1769 3197 2010 3260 dixistis,

442 3298 589 3354 odite
632 3297 832 3351 malum
881 3303 937 3350 et
979 3294 1192 3364 diligite
1242 3294 1463 3357 bonum,
1529 3298 1584 3346 et
1622 3288 1892 3345 restituite
1956 3288 2012 3342 in

441 3387 615 3458 portis
664 3386 978 3457 judicium:
1041 3393 1100 3440 ut
1164 3385 1485 3439 misereatur
1552 3381 1813 3435 Dominus
1871 3377 2013 3433 Deus

442 3481 793 3551 omnipotens
858 3477 1209 3548 reliquiarum
1264 3474 1509 3543 Iosephi.
1547 3492 1565 3524 ι
1630 3470 2013 3526 Verumtamen

444 3569 687 3640 quandiu
727 3577 939 3640 tempus
998 3575 1271 3639 superest,
1298 3565 1527 3622 consulo
1574 3563 1728 3618 vobis
1761 3561 2015 3616 onmibus

448 3670 508 3716 ut
540 3678 572 3717 a
599 3662 733 3716 vitio
778 3660 1065 3725 recedatis,
1098 3668 1157 3715 et
1188 3661 1442 3714 virtutem
1465 3655 1893 3726 amplectamini.
1922 3651 2015 3708 Sic

444 3755 589 3809 enim
620 3752 772 3809 vobis
801 3753 1081 3824 continget
1125 3750 1489 3822 prosperitate
1546 3747 1678 3813 frui,
1718 3745 1828 3802 Deo
1859 3760 2014 3801 suam

445 3850 737 3911 praestante
783 3842 1030 3906 tutelam,
1092 3848 1377 3911 propterea
1426 3837 1571 3908 quod
1622 3838 1850 3892 honesto
1894 3844 2014 3891 stu-

446 3935 660 3998 dentes,
686 3950 716 3986 a
737 3934 1004 3988 deteriore
1020 3932 1108 3987 via
1129 3932 1399 3987 resilistis.
1427 3928 1492 3984 Et
1521 3929 1567 3985 si
1594 3936 1775 3984 vetere
1810 3935 2017 3982 mutata

447 4025 715 4081 sententia
765 4026 820 4079 in
883 4024 1057 4094 portis
1115 4038 1266 4077 more
1319 4022 1481 4077 solito
1529 4020 1678 4089 justa
1734 4020 2019 4076 volueritis

447 4131 706 4174 exercere
756 4115 981 4185 judicia,
1021 4112 1432 4183 consequemini
1485 4113 1725 4167 divinam
1777 4113 2021 4168 clemen-

447 4209 602 4273 tiam,
641 4222 764 4278 qua:
817 4206 1080 4277 plurimos
1120 4213 1359 4261 vestrum
1410 4203 1659 4258 salvabit.
1721 4201 2018 4272 Josephum

449 4308 627 4355 autem
684 4298 780 4353 hic
815 4298 949 4352 dicit
987 4297 1173 4351 decem
1236 4296 1433 4357 tribus.
1484 4311 1514 4349 a
1556 4295 1826 4365 praecipua
1878 4295 2020 4349 inter

453 4391 595 4458 illas,
623 4388 898 4462 Ephraimi
924 4386 1069 4454 dico,
1088 4387 1181 4458 qui
1209 4387 1351 4442 ﬁlius
1376 4385 1601 4458 Josephi
1633 4385 1756 4441 fuit.

2118 3175 2427 3268 μεμήνυται
2454 3194 2649 3249 ταῦτα.
2688 3211 2708 3247 ι
2756 3190 3129 3262 Ἐκζητήσατε
3156 3186 3218 3240 τὸ
3245 3184 3433 3246 καλὸν,
3472 3180 3560 3235 καὶ
3596 3175 3661 3245 μὴ

2113 3290 2174 3342 τὸ
2229 3288 2483 3359 πονηρὸν,
2546 3287 2694 3348 ὃπως
2744 3283 2943 3354 ζήσητε
2967 3298 2983 3313 ο
3025 3280 3117 3334 καὶ
3170 3277 3326 3330 ἔσται
3368 3273 3482 3345 μεθ’
3529 3268 3664 3339 ὑμῶν

2114 3378 2285 3441 οὕτως
2344 3376 2543 3447 Κύριος
2593 3377 2623 3429 6
2675 3374 2808 3437 θεὸς
2842 3375 2873 3427 6
2917 3369 3337 3440 παντοκράτωρ,
3380 3365 3443 3417 ὃν
3484 3360 3665 3432 τῴπον

2116 3472 2303 3525 εἴπατε
2327 3486 2341 3503 ο
2380 3469 2784 3539 Μεμιισήκαμεν
2811 3466 2880 3519 τά
2924 3463 3158 3535 πονηρὰ,
3196 3462 3299 3516 καὶ
3322 3458 3669 3530 ἠγαπήκαμεν

2116 3561 2186 3616 τὰ
2233 3561 2395 3625 καλὰ,
2456 3559 2551 3613 καῖ
2587 3556 3075 3626 ἀποκαταστήσατε
3128 3554 3187 3606 ὲν
3241 3551 3439 3612 πύλαις
3489 3548 3665 3617 κρῖμα,

2116 3652 2263 3715 ὅπως
2293 3651 2490 3723 ἐλεήσῃ
2518 3648 2722 3720 Κύριος
2747 3650 2776 3702 6
2806 3646 2938 3710 Θεὸς
2961 3647 2991 3698 6
3019 3643 3417 3716 παντοκράτωρ
3443 3640 3561 3700 τοὺς
3580 3652 3667 3690 κα·

2118 3740 2405 3803 ταλοίπους
2436 3739 2531 3793 τοῦ
2570 3739 2793 3809 Ἰωσήφ.
2832 3755 2851 3788 ›
2903 3735 3066 3789 Ἀλλὰ
3110 3733 3220 3806 γὰρ
3269 3735 3329 3786 ὲν
3359 3733 3468 3801 ὅσῳ
3496 3726 3673 3781 τούτου

2118 3834 2328 3904 καιρὸς,
2385 3830 2735 3902 συμϐουλεύω
2780 3830 2944 3883 πᾶσιν
2985 3828 3289 3895 ἀποστῆναι
3322 3824 3419 3895 μὲν
3449 3819 3539 3874 τοῦ
3566 3815 3666 3887 χεί-

2120 3942 2291 3997 ρονος,
2317 3922 2531 3977 ἑλέσθαι
2552 3922 2610 3975 δὲ
2633 3920 2696 3973 τὸ
2722 3923 2970 3992 κρεῖττον
2987 3936 3003 3949 ·
3035 3917 3180 3971 οὕτω
3207 3916 3322 3988 γὰρ
3358 3915 3484 3985 ὑμῖν
3518 3923 3669 3981 προσο

2119 4017 2269 4070 έσται
2298 4013 2407 4067 τῶν
2432 4011 2651 4080 ἀγαθῶν
2680 4012 2715 4082 ή
2738 4010 3062 4074 ἀπόλαυσις,
3086 4006 3181 4061 τοῦ
3203 4005 3343 4060 Θεοῦ
3366 4004 3461 4076 τὴν
3481 3997 3669 4055 οἰκείαν

2119 4106 2450 4180 παρέχοντος
2489 4102 2837 4174 κηδεμονίαν,
2881 4101 3021 4171 ὑπὲρ
3056 4093 3131 4153 ὧν
3164 4097 3413 4168 ἑλόμενοι
3436 4094 3502 4146 τὰ
3527 4088 3667 4148 καλὰ,

2119 4198 2501 4269 ἀπεστράφητε
2546 4196 2614 4249 τά
2644 4194 2846 4265 χείρωο
2880 4192 2974 4247 καλ⁵
3016 4191 3159 4260 εἴγε
3186 4190 3291 4260 τὴν
3326 4185 3557 4240 παλαιὰν
3584 4180 3670 4269 ἀλ-

2119 4268 2379 4355 λάξαντες
2418 4287 2678 4358 γνώμην,
2733 4287 2792 4338 έν
2819 4284 2940 4347 ταῖς
2983 4280 3182 4344 πύλαις
3225 4278 3369 4332 κατά
3413 4275 3473 4328 τὸ
3502 4268 3671 4329 εἰωθὸς

2119 4380 2218 4444 τὰς
2255 4379 2467 4450 κρίσεις
2495 4376 2704 4430 ἐθέλετε
2736 4373 3003 4427 ποιεῖσθαι
3040 4370 3279 4432 δικαίας,
3314 4362 3557 4431 τεύξεσθε
3586 4360 3672 4425 τῆς

451 4451 604 4546 θείας
644 4451 1064 4553 ςείιλανθριιιιιτίας⁷
1092 4451 1699 4551 περισωξούσης-ύμῶν
1746 4478 1873 4540 τοὺς
1908 4476 2229 4534 πλείστους·
2279 4473 2367 4541 (p.
2416 4468 2555 4538 H9)
2606 4466 2800 4537 Ἰωσήφ
2844 4465 2901 4518 δὲ
2942 4462 3176 4516 ἐνταῦθα
3222 4460 3326 4524 τὰς
3368 4459 3497 4513 δέκα
3542 4451 3672 4519 λέγει

452 4574 643 4646 φυλάς,
674 4575 781 4628 ἀπὸ
814 4575 912 4644 τῆς
941 4572 1250 4645 ἡγουμένης
1282 4574 1340 4625 ὲν
1377 4567 1590 4637 αὐτοῖς,
1615 4570 1715 4640 τῆς
1742 4568 1835 4623 τοῦ
1882 4566 2118 4639 Ἐφραῖμ
2143 4564 2303 4630 λέγω,
2327 4561 2392 4624 ὃς
2411 4556 2479 4630 ἧν
2502 4559 2616 4623 υίὸς
2646 4556 2741 4611 τοῦ
2777 4557 2992 4626 Ἰωσήφ.

525 4635 688 4722 iens.
721 4635 910 4721 16-15.
942 4635 1011 4705 λέ
1047 4635 1393 4734 (Propterea
1433 4635 1849 4716 dicitDo-minus
1880 4635 2015 4714 Deus

2198 4654 2347 4723 Στίχ.
2379 4657 2572 4722 ις’-ιη’.
2600 4678 2670 4689 -
2700 4666 2719 4700 ι
2756 4647 2853 4701 Διά
2899 4646 3058 4698 τοῦτο
3087 4644 3212 4698 τάδε
3256 4644 3405 4711 λέγει
3447 4635 3673 4710 Κύριοςό

452 4761 805 4830 omnipotens
858 4778 871 4814 :

455 4853 711 4907 omnibus
747 4851 851 4906 viis
891 4851 1103 4907 dicetur
1143 4848 1478 4911 lamentatio,
1546 4847 1658 4900 vae!
1692 4846 1809 4900 vae!
1848 4864 1867 4898 ι
1922 4842 2029 4898 Sed

455 4944 583 5015 quia
621 4942 905 5011 praedictas
930 4940 1255 4995 monitiones
1289 4939 1441 5010 pensi
1471 4951 1579 4992 non
1607 4935 1897 5000 habuistis,
1946 4935 2029 4989 la-

459 5032 848 5088 mentationum
873 5044 937 5083 ac
974 5031 1285 5098 planctuum
1323 5032 1479 5099 plena
1516 5027 1622 5084 erit
1675 5028 1807 5082 urbs
1837 5034 1891 5081 et
1941 5040 2031 5079 re-

459 5124 570 5194 gio,
627 5131 847 5193 propter
871 5120 1030 5176 editas
1056 5121 1129 5175 ab
1158 5121 1410 5177 hostibus
1460 5120 1662 5191 stragis
1691 5116 2026 5189 magnitudi-

460 5229 605 5271 nem.
641 5231 660 5265 ι
694 5212 986 5267 Vocabitur
1042 5213 1367 5282 agricolaad
1402 5214 1615 5266 luctum
1650 5221 1704 5265 et
1734 5212 2029 5281 planctum.

461 5316 517 5361 et
564 5305 631 5358 ad
657 5305 778 5358 illos
803 5303 895 5372 qui
921 5303 1207 5357 lamentari
1254 5303 1474 5371 sciunt,
1511 5312 1566 5358 et
1595 5305 1657 5357 in
1675 5302 1892 5357 cunctis
1930 5300 2032 5355 viis

463 5397 750 5465 planctus;
807 5394 935 5462 quia
956 5393 1201 5447 transibo
1232 5409 1327 5463 per
1357 5394 1591 5449 medium
1626 5394 1727 5457 tui,
1758 5393 1892 5448 dicit
1927 5390 2033 5443 Do-

465 5484 666 5538 Ininns.
707 5502 726 5534 ι
783 5482 1047 5552 Agricola:
1098 5482 1260 5537 etiam
1316 5483 1520 5538 omisso
1576 5480 1777 5551 agresti
1841 5494 2025 5550 opere,

466 5572 777 5642 planctibus
820 5572 985 5626 variis
1041 5579 1095 5626 et
1121 5571 1357 5627 luctibus
1431 5580 1485 5626 et
1550 5570 2031 5625 lamentationibus

468 5664 896 5730 occupabuntur,
944 5661 1144 5717 editam
1184 5663 1344 5717 simul
1379 5670 1622 5732 lugentes
1665 5662 1733 5717 ab
1781 5662 2030 5717 hostibus

472 5762 801 5823 stragem,et
829 5761 987 5807 teme
1011 5753 1523 5810 infructuositatcm.
1571 5752 1691 5809 Ilaec
1714 5763 1889 5809 autem
1926 5769 2016 5824 plt-

935 4756 997 4813 ln
1023 4757 1289 4813 omnibus»
1334 4755 1531 4827 plateis
1563 4753 1842 4823 planctus,
1870 4762 1926 4807 et
1970 4753 2026 4806 in

2123 4745 2257 4808 Θεὸς
2285 4745 2314 4796 ό
2337 4741 2729 4811 παντοκράτωρ
2749 4751 2767 4768 ⁸
2800 4737 2890 4791 Ἐν
2909 4736 3112 4799 πάσαις
3140 4732 3420 4796 πλατείαις
3445 4727 3671 4787 κοπετδςσ

2124 4834 2219 4887 καὶ
2255 4835 2315 4886 ἐν
2363 4831 2562 4892 πάσαις
2592 4830 2713 4890 ταῖς
2763 4827 2902 4889 ὀδοίς
2944 4824 3241 4896 ῥηθήσεται
3281 4822 3498 4893 θρῆνος,
3520 4814 3673 4877 Ούαὶ,

2122 4924 2263 4979 ούαίι.
2303 4943 2324 4975 ι
2386 4921 2603 4991 Ἐπειδὴ
2640 4919 2697 4973 δὲ
2741 4918 2801 4972 ού
2836 4918 3044 4971 τούτων
3088 4917 3216 4987 ύμῖν
3262 4915 3440 4983 λόγος,
3480 4911 3672 4980 θρήνων

2125 5016 2224 5070 καὶ
2248 5013 2492 5068 κοπετῶν
2525 5012 2675 5064 ἔσται
2707 5008 2877 5079 μεστά
2897 5008 2964 5061 τά
2991 5024 3051 5060 τε
3080 5007 3224 5061 κατά
3253 5006 3405 5059 πόλιν
3436 5002 3527 5057 καὶ
3551 4996 3674 5053 κατά

2128 5106 2330 5178 χώραν,
2383 5104 2493 5158 ἀπὸ
2528 5101 2622 5155 τοῦ
2664 5099 2900 5169 πλήθους
2952 5098 3053 5168 τῆς
3084 5097 3378 5169 γινομένης
3433 5093 3533 5147 ὑπὸ
3578 5088 3673 5141 τῶν

2130 5198 2401 5269 πολεμίων
2428 5196 2659 5264 σφαγῆς.
2695 5212 2714 5245 ι
2749 5190 3094 5262 κληθήσεται
3118 5188 3363 5262 γεωργὸς
3390 5188 3470 5250 είς
3502 5180 3672 5239 πένθος

2130 5292 2224 5345 καὶ
2286 5292 2363 5354 είς
2417 5287 2644 5342 κοπετὸν
2700 5285 2790 5337 καὶ
2826 5285 2905 5347 είς
2942 5283 3152 5345 εἰδότας
3205 5280 3441 5353 θρῆνον·
3492 5274 3578 5328 καὶ
3623 5270 3674 5321 ἑν

2130 5383 2331 5444 πάσαις
2368 5379 2505 5442 ὁδοῖς
2551 5375 2809 5438 κοπετόςο
2859 5374 2991 5427 διότι
3028 5372 3375 5441 διελεύσομαι
3416 5367 3501 5423 διὰ
3527 5362 3673 5435 μέσον

2135 5491 2249 5537 σου,
2278 5472 2423 5540 λέγει
2467 5469 2684 5540 Κύριος.
2718 5487 2735 5518 ι
2774 5467 2883 5520 Καὶ
2928 5463 3165 5535 γεωργοὶ
3185 5464 3241 5517 δὲ
3269 5463 3377 5515 τῶν
3412 5457 3545 5513 κατά
3588 5451 3675 5520 γῆν

2135 5566 2394 5636 ἀφέμενοι
2420 5563 2617 5634 ἔργων,
2652 5560 2781 5631 περὶ
2823 5558 3087 5621 κοπετοὺς
3124 5557 3219 5609 καὶ
3248 5554 3417 5623 πένθη
3442 5550 3530 5603 καὶ
3561 5542 3675 5636 θρή-

2136 5674 2242 5711 νων
2292 5653 2752 5726 ἁσχοληθήσονται
2786 5648 3080 5712 ποικιλίαν,
3131 5648 3231 5718 τήν
3257 5662 3317 5697 τε
3358 5640 3561 5711 σφαγήν
3584 5633 3679 5688 τῶν

3630 5724 3642 5739 I

2136 5748 2409 5804 πολεμίων
2447 5745 2539 5798 καὶ
2586 5743 2680 5813 τῆς
2728 5742 2828 5813 γῆς
2860 5738 2957 5810 τὴν
3007 5737 3288 5809 ἀκαρπίαν
3327 5732 3467 5789 κατά
3506 5732 3681 5785 ταυτὸν
