3828 6216
169 333 275 389 97":

1218 336 1771 395 COMMENTANUS
1798 336 1861 390 IN
1904 337 2112 394 A3108!
2147 337 2298 393 CAP.
2345 338 2402 392 V.

3282 356 3297 383 νδ
3321 340 3429 395 278

170 452 528 524 θρηνοῦντες·
567 452 736 507 ταῦτα
782 456 841 508 δὲ
882 456 1157 509 πείσονται
1202 459 1335 511 Θεοῦ
1373 460 1461 513 διὰ
1508 463 1617 515 τῶν
1644 479 1735 513 πο-

1848 459 2071 527 tientur,
2105 462 2214 517 Deu
2243 478 2337 533 per
2360 463 2567 517 medios
2602 462 2725 515 illos
2766 474 2891 514 cum
2943 464 3187 516 exercitu
3239 460 3429 516 hostili

169 542 376 612 λεμίων
409 546 489 607 εἰς
520 545 717 615 μέσους
738 545 932 610 α’τοὺς
962 549 1241 613 εἰσιόντος,
1279 554 1373 605 καὶ
1408 555 1521 615 τοῖς
1562 552 1746 606 τοσού-

170 652 283 699 τοις
336 637 432 689 καὶ
466 638 807 705 τηλικούτοις
850 639 1269 711 περιϐάλλοντος
1301 648 1511 708 κακοῖς.
1557 662 1576 695 ι
1612 645 1746 699 Οὐαὶ

167 728 217 778 οἰ
267 727 664 797 ἐπιθυμοῦντες
716 729 815 800 τὴν
863 730 1079 802 ἡμέραν
1133 733 1373 804 Κυρίου·
1428 738 1523 789 καὶ
1566 737 1654 790 ἵνα
1691 736 1745 789 τί

168 822 303 890 upiv
358 822 499 893 αὕτη
556 824 590 893 ἡ
622 822 809 894 ἡμέρα
857 823 951 876 τοῦ
1004 824 1245 895 Κυρίου;
1295 824 1390 878 καὶ
1444 825 1585 896 αῦτη
1629 828 1746 879 ἐστὶ

168 914 363 976 σκότος
406 914 501 967 καὶ
540 914 603 967 οὑ
640 914 778 983 φῶς.
822 933 841 965 ο
882 914 1098 986 Ἐπειδὴ
1136 915 1244 987 γὰρ
1285 916 1472 970 πολλοὶ
1515 917 1648 986 πρὸς
1685 916 1745 969 τὸ

166 1006 352 1073 χᾶρον
378 1005 659 1069 παντελῶς
687 1006 1145 1077 ἐπιτετραμμένοι,
1170 1007 1372 1061 ὡσανεὶ
1403 1007 1745 1079 ψευδομένων

166 1100 252 1165 ἐφ’
277 1095 363 1161 οἷς
392 1100 628 1171 ἐμήνυον
654 1099 764 1154 τῶν
795 1101 1110 1172 προφητῶν,
1138 1101 1380 1171 ἐτόλμων
1417 1101 1592 1169 λέγειν
1619 1143 1634 1167 ,
1662 1102 1743 1153 ὃτι

178 1190 411 1243 Ἑλθέτω
439 1191 503 1261 δὴ
532 1191 602 1245 τά
635 1193 781 1245 κακὰ
813 1192 849 1245 ἀ
876 1193 1014 1260 φατέ
1051 1192 1147 1246 καὶ
1180 1192 1445 1263 μηνύετε,
1487 1193 1536 1245 εἰ
1562 1192 1626 1263 δή
1658 1209 1743 1254 τις

161 1279 402 1349 ἀλήθεια
452 1282 709 1352 πρόσεστι
751 1284 863 1345 τοῖς
922 1281 1101 1351 λόγοις
1150 1280 1332 1353 ὑμῶν’
1367 1281 1526 1335 τοῦτο
1556 1281 1703 1350 λέγει
1726 1296 1741 1311 ·

176 1373 584 1435 ἐλεεινότατοι,
615 1374 803 1445 φησὶν,
829 1375 956 1428 ἐστὲ
1003 1375 1103 1446 τὴν
1126 1375 1340 1446 ἡμέραν
1359 1375 1435 1446 (p.
1464 1374 1583 1443 180)
1608 1374 1744 1428 ὲκεί-

162 1480 260 1531 νην
317 1463 742 1532 ἐπιζητοῦντες,
801 1467 867 1537 ἢν
890 1467 952 1519 οὐ
1006 1466 1353 1530 πιστεύοντες
1398 1466 1741 1531 ἐλεύσεσθαι,

169 1552 377 1621 ὄψεσθε
409 1558 477 1625 τῇ
511 1557 700 1628 πείρᾳ,
740 1556 969 1629 ζοφερὸν
996 1559 1124 1629 ὑμῖν
1153 1556 1233 1629 τῷ
1267 1557 1463 1627 πλήθει
1497 1558 1605 1611 τῶν
1640 1574 1735 1611 κα-

164 1644 276 1696 κῶν
336 1647 651 1715 ἐπάγουσαν
712 1650 934 1713 σκότος·
967 1645 1090 1703 εἶτα
1128 1650 1221 1703 καὶ
1270 1647 1629 1719 ὑποδείγματι
1681 1648 1744 1702 τὸ

162 1738 461 1807 εἰρημένον
486 1739 867 1809 πιστούμενος.

226 1912 382 1983 Στίχ.
412 1913 611 1982 ιδ’-κγ’.
641 1942 714 1955 -
749 1932 772 1965 ι
813 1916 910 1968 Ὃν
946 1915 1145 1984 τρόπον
1171 1915 1266 1967 ἐάν
1292 1916 1506 1988 ἐκφύγῃ
1531 1916 1737 1987 ἄνθρωσ

160 2021 261 2067 ne;
288 2005 355 2057 ἐκ
406 2004 697 2075 προσώπου
736 2005 829 2059 τοῦ
864 2006 1097 2070 λέοντος,
1130 2006 1224 2060 καὶ
1264 2008 1481 2078 ἐμπέσῃ
1508 2008 1656 2078 αὐτῷ
1702 2010 1735 2078 ή

158 2097 361 2163 ἄρκτος
386 2112 401 2159 ;
432 2096 526 2149 καὶ
566 2096 874 2168 εἰσπηδήσῃ
904 2099 984 2160 εἰς
1016 2099 1108 2152 τὸν
1134 2095 1300 2163 οἷκον,
1345 2101 1439 2151 καὶ
1470 2100 1739 2173 ἀπερείσῃ

156 2186 257 2248 τὰς
300 2189 489 2255 χεῖρας
528 2185 695 2238 αὑτοῦ
740 2187 836 2238 ἐπὶ
871 2188 963 2240 τὸν
1014 2192 1226 2258 τοῖχον,
1268 2190 1363 2242 καὶ
1406 2189 1547 2261 δάκῃ
1576 2189 1737 2243 αὐτὸν

155 2278 310 2345 δφις·
336 2278 459 2346 οὐχὶ
492 2278 685 2340 σκότος
718 2279 750 2347 ἡ
783 2278 968 2350 ἡμέρα
996 2280 1090 2332 τοῦ
1119 2281 1344 2353 Κυρίου.
1375 2282 1470 2336 καὶ
1496 2284 1557 2334 αὑ
1586 2282 1734 2351 φῶς;

154 2367 247 2419 καὶ
298 2368 498 2435 γνόφος
541 2368 642 2420 οὐκ
690 2367 829 2437 ἔχων
875 2369 1075 2437 φέγγος
1105 2369 1308 2442 αῦτῆς;
1348 2391 1366 2424 ι
1418 2373 1497 2425 Δι’
1523 2374 1738 2427 ὑποδεί-

152 2474 367 2527 γματος
418 2456 529 2528 γὰρ
560 2458 837 2529 ἠϐουλήθη
880 2460 981 2529 τῆς
1026 2462 1239 2530 ἡμέρας
1264 2464 1367 2534 τήν
1394 2465 1737 2536 χαλεπότητα

150 2546 444 2612 ὲτνκδείξαι.
516 2548 604 2611 Ὠς
662 2548 773 2619 γὰρ
823 2548 877 2601 εἰ
924 2567 1029 2613 τις,
1094 2552 1258 2622 φησὶ,
1306 2554 1427 2605 καθ’
1460 2554 1582 2607 ὁδὸν
1638 2557 1736 2625 μὲν

146 2634 395 2697 ἀκούσας
422 2636 633 2700 λέοντος
660 2636 881 2705 ἔφοδον,
917 2640 1010 2691 ἐπὶ
1034 2639 1133 2709 τὴν
1168 2640 1320 2694 πόλιν
1364 2643 1733 2715 καταεράμοιο

146 2726 414 2794 ἐμπεσὼν
438 2726 495 2779 δὲ
522 2729 711 2799 ἄρκτῳ
737 2729 876 2781 κατὰ
903 2730 999 2801 τὴν
1024 2730 1176 2783 πόλιν
1215 2732 1340 2794 τοὺς
1366 2733 1736 2802 ἐμπίπτοντας

145 2820 552 2891 λυμαινομένη,
577 2821 671 2875 ἐπὶ
693 2822 793 2893 τὴν
818 2822 996 2875 οἰκίαν
1021 2823 1358 2893 εἰσπηδήσας
1383 2825 1483 2896 τὴν
1503 2826 1732 2891 οἰκείαν,

147 2912 307 2965 λύσιν
339 2912 598 2982 εὑρέσθαι
625 2912 750 2967 τινὰ
767 2913 875 2966 τῶν
896 2912 1081 2968 κακῶν
1111 2913 1306 2988 ἐλπίζῃ
1324 2933 1336 2945 ν
1364 2911 1483 2968 εἵτά
1509 2935 1622 2980 πως
1644 2918 1735 2970 έπί

146 3020 255 3057 τινι
315 3005 481 3074 χρείᾳ
527 3004 606 3074 τῷ
663 3005 829 3075 τοίχῳ
886 3006 1252 3075 προσαγαγὼν
1308 3006 1405 3078 τὴν
1446 3011 1603 3078 χεῖρα
1635 3010 1736 3079 τὴν

147 3096 384 3158 οἰκ-ίαν,
418 3093 616 3165 ἁθρόον
654 3095 760 3148 ὑπὸ
789 3095 966 3163 ὄφεως
1001 3096 1243 3169 δηχθείη,
1273 3099 1372 3150 οὐκ
1416 3100 1629 3171 ἀνάγκη
1657 3100 1736 3170 τῷ

1848 557 2188 618 transeunte;
2250 564 2305 609 et
2363 553 2563 609 talibus
2608 553 2883 624 tantisque
2943 554 3102 609 malis
3140 554 3426 610 obruente.

1853 661 1872 694 ι
1907 641 1997 698 Va:
2025 644 2463 701 desiderantibus
2500 647 2641 701 viam
2697 645 2944 700 Domini!
2974 645 3087 700 Cur
3115 646 3269 702 vobis
3310 646 3427 701 haec

1847 732 1965 789 dies
2017 734 2271 790 Domini?
2304 735 2425 806 Ipsa
2464 736 2689 806 quidem
2714 735 2858 790 haud
2881 737 2968 789 lux
2996 742 3103 801 est,
3144 736 3303 806 119
3330 736 3426 792 sed

1847 826 2102 881 tenebrae.
2130 844 2149 877 ι
2173 826 2439 892 Quoniam
2459 827 2614 881 multi
2628 827 2962 897 improbitati
2985 842 3210 897 prorsus
3230 826 3422 893 dediti,

1847 916 2005 985 quasi
2036 916 2171 970 falsa
2213 918 2489 987 prophetae
2515 918 2961 977 vaticinarentur.
3016 919 3198 973 dicere
3248 921 3419 974 aude-

1846 1007 1979 1062 bant
2007 1026 2019 1060 :
2056 1007 2285 1062 Veniant
2315 1023 2446 1061 sane
2468 1023 2588 1078 qua:
2624 1023 2721 1063 vos
2775 1008 2961 1064 dicitis
3005 1025 3069 1063 ac
3101 1010 3422 1079 portenditis

1845 1095 2008 1160 mala,
2042 1095 2086 1151 si
2113 1105 2261 1151 certe
2290 1096 2471 1152 verbis
2494 1097 2695 1151 vestris
2712 1097 2959 1152 veritatis
2991 1097 3197 1168 aliquid
3233 1100 3375 1154 inest
3399 1117 3417 1165 ;

1846 1186 1923 1239 ait
1947 1201 2092 1240 nunc
2119 1187 2383 1257 propheta
2414 1206 2431 1242 :
2479 1187 2816 1243 Miserabiles
2844 1190 3087 1258 apprime
3119 1191 3277 1257 estis;
3323 1191 3417 1261 qui

1844 1276 1988 1332 diem
2021 1277 2165 1332 illam
2185 1278 2459 1350 expetitis,
2483 1294 2645 1349 quam
2666 1286 2950 1333 venturam
2981 1295 3089 1335 non
3111 1282 3419 1346 credentes,
3450 1276 3453 1279 λ

1843 1367 2219 1436 experimento
2266 1367 2525 1423 videbitis
2562 1380 2797 1438 quantas
2844 1370 2997 1425 vobis
3025 1386 3122 1440 per
3148 1372 3415 1426 malorum

1845 1456 2246 1512 multitudinem
2271 1457 2504 1514 adducet
2530 1460 2803 1514 tenebras.
2829 1458 3037 1514 Deinde
3060 1460 3416 1517 similitudine

1804 1602 1809 1605 _
1844 1549 2009 1604 etiam
2030 1551 2236 1605 dictum
2256 1565 2420 1607 suum
2447 1551 2814 1619 confirmans;

1916 1909 2077 1965 Vens.
2118 1911 2303 1966 l9-‘23.
2344 1930 2439 1963 -οι
2461 1912 2958 1979 Quemadmodum,
3001 1913 3196 1981 inquit,
3229 1912 3275 1965 si
3328 1910 3413 1963 fu-

1838 2004 1951 2074 giat
1984 2003 2147 2059 homo
2175 2019 2204 2058 a
2242 2004 2383 2060 faeie
2430 2005 2625 2068 leonis,
2679 2013 2734 2059 et
2770 2010 3025 2059 occurrat
3069 2003 3118 2057 ei
3151 2017 3275 2058 ursa
3314 2022 3328 2066 ,
3358 2008 3414 2055 et

1838 2094 2059 2150 festinet
2110 2096 2320 2168 ingredi
2345 2097 2591 2165 domum,
2633 2106 2687 2152 et
2713 2098 2841 2152 dum
2882 2096 3133 2151 innititur
3164 2097 3415 2151 manibus

1836 2186 1954 2241 suis
1982 2202 2146 2257 super
2194 2188 2476 2257 parietem,
2527 2189 2767 2243 mordeat
2795 2204 2918 2244 eum
2974 2189 3230 2253 coluber;
3272 2203 3411 2241 nun-

1836 2277 1968 2346 quid
1999 2294 2106 2332 non
2128 2281 2366 2335 tenebra:
2379 2278 2505 2334 dies
2527 2278 2762 2338 Domini.
2786 2288 2841 2333 et
2867 2294 2976 2333 non
3005 2279 3139 2332 lux?
3169 2286 3222 2333 et
3236 2278 3411 2347 caligo

1835 2379 1885 2423 et
1929 2385 2037 2423 non
2077 2370 2335 2441 splendor
2378 2372 2432 2425 in
2478 2371 2581 2426 ea?
2625 2388 2643 2422 ι
2684 2369 2795 2425 Hac
2847 2370 3209 2426 similitudine
3238 2370 3409 2425 voluit

1835 2460 1941 2516 diei
1979 2462 2124 2516 illius
2169 2462 2572 2517 terribilitatem
2620 2462 2927 2518 ostendere.
2978 2459 3175 2527 Veluti,
3210 2462 3408 2532 inquit,

1836 2554 2035 2623 siquis
2096 2554 2149 2608 in
2220 2555 2303 2609 via
2364 2556 2592 2610 audiens
2648 2555 2820 2610 leonis
2866 2555 3166 2619 incursum,
3220 2555 3407 2607 urbem

1834 2658 2028 2699 versus
2097 2642 2337 2713 dili'ngiat
2375 2663 2389 2699 :
2436 2652 2663 2713 tumque
2711 2644 2765 2699 in
2825 2660 3030 2706 ursam,
3089 2659 3213 2714 qua:
3261 2644 3410 2697 circa

1837 2734 2024 2789 urbem
2070 2743 2424 2790 occurrentes
2461 2736 2721 2797 laniabat,
2762 2736 3034 2798 incidens,
3086 2735 3141 2789 in
3186 2735 3406 2789 domum

1836 2840 1990 2879 suam
2017 2841 2115 2894 spe
2139 2826 2265 2878 mali
2302 2825 2505 2879 vitandi
2532 2833 2817 2896 properet;
2862 2841 3095 2895 moxque
3125 2824 3197 2878 ibi
3228 2841 3412 2880 neces-

1834 2915 1996 2970 sitate
2020 2914 2201 2984 aliqua
2249 2915 2437 2985 parieti
2479 2930 2696 2968 manum
2746 2932 2899 2969 suam
2944 2916 3270 2986 impingens,
3323 2929 3409 2967 re-

1838 3015 1999 3076 pente
2020 3022 2051 3060 a
2071 3006 2298 3061 colubra
2317 3005 2669 3071 mordeatur;
2699 3020 2879 3059 nonne
2925 3005 3073 3069 huic,
3124 3014 3245 3075 post
3298 3016 3412 3060 tan.

1838 3104 1947 3149 tam
1990 3096 2255 3150 malorum
2310 3096 2697 3166 experientiam
2728 3103 3047 3166 tantumque
3080 3096 3405 3165 perieulum,

148 3183 384 3253 τοιούτῳ
434 3184 570 3253 μετά
601 3184 869 3256 τοσαύτην
904 3186 1097 3256 πεῖραν
1140 3187 1327 3251 κακῶν
1370 3190 1465 3240 καὶ
1506 3188 1733 3260 θόρυὸον

1839 3188 2135 3243 inevitabili
2163 3187 2379 3243 denunn
2401 3188 2611 3245 colubri
2646 3202 2833 3242 morsu
2881 3188 3011 3253 icto,
3068 3187 3209 3243 diem
3237 3189 3406 3249 illam,

149 3275 447 3340 τοσοῦτον,
500 3275 729 3345 ἀφύκτῳ
789 3279 1232 3346 περιπεπτωκότι
1286 3281 1350 3348 τῇ
1410 3278 1590 3349 πληγῇ
1636 3279 1733 3333 τοῦ

146 3366 352 3433 hanc,
385 3368 577 3430 σκότος
600 3362 737 3419 εἶναι
768 3367 864 3437 τὴν
893 3368 1101 3439 ἑτέροις
1122 3370 1453 3439 φαινομένην
1484 3370 1730 3441 ήμέρανς

148 3456 273 3510 οὐδὲ
296 3458 487 3528 διορᾷν
531 3458 714 3527 μέντοι
744 3458 855 3511 τῶν
893 3459 1177 3529 παρόντων
1205 3461 1269 3513 ἐκ
1305 3460 1413 3513 τῶν
1440 3461 1733 3532 ὀφθαλμῶν

148 3548 351 3616 ὁρῶντι
380 3548 491 3601 τῶν
534 3549 785 3612 οἰκείωνς
830 3552 906 3618 (p.
932 3550 1057 3619 181)
1101 3550 1246 3605 οὕτω
1288 3551 1354 3621 δὴ
1393 3553 1488 3604 καὶ
1536 3554 1731 3623 ὑμεῖς,

150 3640 336 3708 φησὶν,
374 3638 708 3702 ἀκούσαντες
765 3639 865 3709 μὲν
912 3641 1249 3709 πανταχόθεν
1291 3641 1399 3694 τῶν
1462 3641 1734 3709 πολεμίων

148 3730 247 3800 τὴν
296 3729 488 3797 ἔφοδον
538 3731 630 3782 ἐπὶ
657 3730 754 3801 τὴν
798 3730 951 3784 πόλιν
988 3730 1364 3784 εἰσελεύσεσθε
1390 3748 1403 3761 ⁸
1440 3733 1503 3784 ἐκ
1549 3732 1604 3785 δὲ
1637 3732 1733 3785 τοῦ

150 3822 271 3874 κατ’
302 3822 484 3891 αὐτὴν
517 3821 746 3894 θορύϐου
768 3822 1219 3893 διαταραχθέντες
1243 3862 1259 3887 ,
1290 3824 1349 3878 ὃν
1384 3824 1598 3896 ἀνάγκη
1626 3825 1733 3878 τῶν

149 3913 431 3977 πολεμίων
455 3912 776 3981 ἐφεστώτων
800 3914 1045 3981 γίνεσθαι
1066 3915 1125 3968 ὲν
1140 3915 1299 3985 αὐτῇ,
1318 3917 1397 3978 εἰς
1414 3918 1535 3978 τοὺς
1552 3915 1734 3979 οἴκους

150 4004 528 4058 εἰσελεύσεσθε
569 4006 697 4068 τοὺς
725 4005 983 4068 οἰκείους,
1018 4006 1305 4075 περιέσται
1335 4006 1393 4058 δὲ
1421 4005 1578 4058 οὐθὲν
1610 4002 1736 4058 οὐδὲ

151 4100 213 4149 ὲκ
245 4097 444 4151 τούτου
482 4097 644 4150 πλέον
678 4098 827 4168 ὑμῖν,
863 4099 930 4151 ὲκ
954 4097 1061 4151 τῶν
1091 4099 1278 4167 μυχῶν
1299 4098 1397 4167 τὴς
1421 4097 1599 4160 οἰκίας
1639 4098 1734 4150 ἐπὶ

150 4189 248 4258 τὴν
278 4188 662 4259 αἰχμαλωσίαν
700 4188 1029 4252 ὲξελκόντων
1084 4189 1229 4257 ὑμᾶς
1273 4188 1381 4243 τῶν
1418 4189 1693 4259 πολεμίων
1715 4227 1729 4241 .

152 4278 275 4341 Πῶς
416 4280 531 4341 τοῖς
569 4277 744 4333 ταῦτα
771 4280 1091 4348 πάσχουσιν,
1122 4279 1183 4330 οὐ
1219 4277 1409 4353 σκότος
1455 4273 1594 4330 εἶναι
1640 4277 1733 4329 τὸν

152 4372 340 4439 καιρὸν
368 4372 581 4424 ἐκεῖνον
613 4372 858 4440 ἀνάγκης
901 4365 1036 4423 Εἶτα
1060 4372 1139 4432 εἰς
1167 4368 1265 4439 τὴν
1298 4370 1395 4437 τῆς
1427 4370 1733 4440 μοχθηρίας

152 4462 329 4514 αὐτῶν
360 4461 638 4528 ἀπόδειξιν
665 4462 890 4530 ἐπάγειο
932 4481 951 4513 ι
982 4460 1312 4531 Μεμίσηκα,
1338 4460 1603 4529 ἁπῶσμαι
1636 4461 1733 4522 τὰς

151 4555 344 4627 ἑορτὰς
372 4554 551 4623 ὑμῶν,
586 4555 683 4608 καὶ
715 4556 775 4607 οὑ
810 4554 887 4625 μὴ
926 4551 1218 4625 όσφρανθῶ
1247 4554 1306 4606 ἐν
1335 4554 1455 4615 ταῖς
1486 4553 1731 4624 πανηγύ-

154 4662 301 4711 ρεσιν
326 4644 504 4713 ὑμῶν.
536 4664 554 4694 ι
590 4646 688 4697 Διά
707 4646 764 4698 δὲ
782 4644 881 4715 τὴν
896 4644 989 4698 τοῦ
1012 4644 1213 4715 τρόπου
1228 4643 1535 4715 μοχθηρίαν
1556 4644 1731 4713 ὑμῶν,

149 4738 243 4788 καὶ
270 4736 371 4798 τὰς
396 4736 589 4807 ἑορτὰς
621 4735 686 4799 ἃς
719 4735 989 4789 ἐπιτελεῖν
1015 4735 1109 4787 ἐπὶ
1133 4738 1268 4806 τιμῇ
1304 4735 1510 4787 δοκεῖτε
1530 4737 1596 4806 τῇ
1624 4736 1730 4805 ἐμῇ

148 4827 235 4879 διὰ
263 4827 456 4897 μίσους
480 4827 606 4897 ἔχω,
638 4828 731 4880 καὶ
750 4828 812 4880 οὐ
840 4827 1135 4899 προσίεμαι
1158 4826 1384 4889 ταύτας.
1413 4845 1431 4877 ι
1467 4828 1609 4879 Διότι
1638 4826 1732 4879 ἐὰν

150 4918 418 4987 ἐνέγκητέ
468 4936 558 4988 μοι
603 4918 1035 4989 ὁλοκαυτώματα
1076 4920 1170 4971 καὶ⁵
1214 4917 1406 4980 θυσίας
1438 4916 1590 4987 ὑμῶν
1617 4957 1630 4981 ,
1669 4918 1731 4968 οὐ

158 5010 555 5080 προσδέξομαι·
601 5012 696 5063 καὶ
730 5012 1029 5081 σωτηρίους
1068 5008 1389 5079 ἐπιφανείας
1440 5007 1594 5077 ὑμῶν
1634 5008 1733 5059 οὐκ

151 5100 540 5170 ἐπιϐλέψομαι.
579 5122 599 5154 ι
661 5102 778 5155 Κᾶν
827 5102 1020 5165 θυσίας
1073 5097 1167 5154 οὖν
1216 5100 1247 5165 ἢ
1304 5099 1732 5167 ὁλοκαυτώματα

152 5193 526 5263 προσφέρητε,
552 5194 653 5264 τὴν
682 5196 745 5247 ὲκ
774 5195 872 5265 τῆς
901 5194 1224 5262 ἐπιφανείας
1265 5195 1361 5262 τῆς
1390 5190 1529 5261 ὲμῆς
1558 5208 1731 5261 σωτη-

150 5285 275 5353 ρίαν
307 5284 622 5349 ἐλπίζοντες
643 5285 731 5338 διὰ
749 5288 957 5339 τούτων
984 5285 1189 5346 λαϐεῖν,
1210 5283 1331 5337 οὔτε
1350 5283 1591 5353 δέξομαι,
1614 5283 1729 5335 ἀλλ’

148 5377 263 5430 οὐδὲ
300 5377 554 5447 προσέξω
597 5380 708 5440 τοῖς
742 5378 1049 5448 γινομένοις
1087 5377 1245 5438 ὅλως.
1290 5376 1354 5428 Τί
1391 5370 1521 5438 οῦν;
1563 5394 1581 5424 ι
1614 5374 1727 5427 Με-

146 5470 421 5538 τάστησον
478 5470 575 5522 ἀπ’
631 5470 765 5540 ἐμοῦ
814 5466 948 5541 ἦχον
998 5470 1150 5541 ᾠδῶν
1199 5486 1292 5522 σου
1319 5508 1333 5531 ,
1382 5467 1474 5521 καὶ
1516 5466 1730 5536 ψαλμὸν

145 5561 397 5630 ὀργάνων
452 5578 548 5612 σου
597 5562 698 5614 οὐκ
731 5562 1056 5633 ἀκούσομαι.
1095 5581 1112 5611 ο
1155 5560 1367 5613 Παῦσαι
1394 5557 1457 5627 δὴ
1495 5562 1589 5610 καὶ
1632 5557 1730 5619 τὰς

148 5654 207 5702 ἐκ
232 5652 346 5705 τῶν
370 5651 607 5721 ψαλμῶν
627 5653 770 5722 ᾠδὰς
812 5656 900 5709 ἐπ’
920 5656 1042 5725 ἐμοὶ
1065 5652 1403 5723 ποιούμενος,
1440 5649 1561 5704 ἐπεὶ
1595 5650 1731 5719 μηδὲ

146 5744 335 5796 τούτου
366 5761 461 5814 μοι
486 5742 664 5813 λόγος.
704 5813 717 5819 ἡ

1834 3294 1954 3347 qua:
1990 3279 2203 3333 caeteris
2233 3278 2329 3331 lux
2370 3285 2628 3347 apparet,
2690 3276 2944 3331 tenebras
2987 3276 3155 3331 videri
3186 3293 3407 3332 necesse

1833 3369 1956 3424 est?
2011 3369 2083 3427 ita
2116 3376 2174 3422 ut
2210 3368 2345 3421 nihil
2379 3383 2565 3421 coram
2606 3366 2853 3421 oblatmn
2892 3378 3112 3437 propter
3142 3368 3405 3421 malorum

1835 3460 2118 3531 angustias
2135 3467 2345 3523 cernat,
2376 3466 2602 3513 mortem
2632 3472 2758 3510 vero
2813 3457 3199 3527 propemodum
3231 3459 3408 3510 oculis

1834 3555 1949 3608 suis
1975 3560 2295 3622 praesentem
2349 3551 2591 3620 spectet?
2638 3549 2728 3604 Sic
2781 3550 3003 3603 onmino
3056 3564 3174 3611 vos,
3208 3548 3404 3619 inquit,

1835 3644 2017 3698 audita
2050 3644 2287 3698 hostium
2320 3658 2731 3712 quaqueversns
2756 3641 3088 3704 incursione,
3118 3641 3183 3695 ad
3215 3642 3405 3695 urbem

1837 3742 2044 3789 vosmet
2083 3734 2386 3804 recipietis:
2451 3735 2527 3787 ibi
2558 3749 2687 3788 vero
2719 3734 2953 3786 tumultu
2981 3734 3205 3792 turbati.
3241 3749 3404 3803 quem

1836 3825 1951 3880 Iieri
2003 3824 2414 3878 iunninentibns
2469 3822 2717 3876 hostibus
2770 3837 2997 3876 necesse
3063 3833 3170 3887 est,
3211 3821 3405 3875 domus

1836 3921 2043 3968 vestras
2087 3912 2402 3976 introibitis,
2461 3911 2555 3966 sed
2613 3927 2681 3965 ne
2737 3909 2788 3963 id
2821 3910 3039 3979 quidem
3088 3912 3209 3981 plus
3254 3911 3408 3965 vobis

1836 4005 2117 4077 proderit:
2152 4020 2217 4058 ex
2242 4003 2456 4073 angulis
2485 4003 2630 4057 enim
2667 4002 2864 4057 aedium
2913 4008 3191 4057 extractos
3236 4001 3405 4055 abdu-

1834 4104 1961 4152 cent
1995 4111 2093 4149 vos
2119 4094 2305 4148 bostcs
2335 4094 2388 4146 in
2414 4092 2818 4160 captivitatem;
2865 4091 2979 4159 jam
3013 4107 3141 4146 vero
3160 4092 3285 4145 talia
3313 4108 3405 4161 pu—

1835 4186 2118 4251 tientibus,
2150 4183 2279 4253 quid
2316 4184 2370 4237 ni
2420 4183 2672 4238 tenebras
2700 4181 2841 4235 diem
2890 4182 3035 4235 illam
3089 4182 3258 4237 videri
3306 4200 3403 4236 ne—

1836 4291 1989 4331 cesse
2013 4275 2118 4329 erit
2163 4276 2185 4326 ?
2216 4273 2477 4328 Posthinc
2505 4272 2576 4327 ob
2608 4273 2821 4325 illorum
2870 4272 3274 4340 improbitatem
3309 4275 3405 4327 de-

1836 4366 2266 4428 monstrandam,
2301 4364 2488 4419 addit:
2529 4382 2547 4413 ι
2578 4362 2713 4426 Odi,
2743 4364 2913 4433 repuli
2937 4363 3259 4419 festivitates
3314 4382 3408 4419 ve-

1836 4466 2001 4521 stras,
2026 4467 2081 4512 et
2119 4473 2226 4512 non
2263 4456 2423 4528 120
2448 4455 2721 4509 odorabor
2761 4456 2812 4509 in
2845 4455 3081 4510 canibus
3116 4456 3335 4511 vestris.
3376 4476 3396 4505 ο

1764 4543 1809 4597 Ι)
1839 4549 2067 4619 Propter
2096 4564 2307 4603 morum
2339 4554 2645 4601 vestrorum
2686 4545 3108 4616 improbitatem,
3144 4547 3406 4601 solemni-

1836 4648 1976 4694 tates
1997 4640 2160 4695 etiam
2184 4653 2321 4708 quas
2342 4636 2407 4691 ad
2437 4637 2539 4691 mei
2567 4636 2830 4689 honorem
2855 4634 3134 4688 celebrare
3154 4633 3405 4699 creditis.

1836 4731 1963 4784 odio
1986 4729 2180 4795 habeo,
2221 4744 2396 4798 neque
2436 4743 2530 4783 eas
2551 4726 2785 4796 excipio.
2824 4744 2843 4777 ι
2877 4724 3034 4790 Quod
3075 4726 3120 4778 si
3150 4725 3283 4782 mihi
3312 4726 3407 4778 ob-

1835 4824 2072 4877 tuleritis
2101 4822 2416 4875 holocausta
2449 4830 2503 4873 et
2530 4818 2800 4874 sacriﬁcia
2828 4827 3033 4881 vestra,
3062 4832 3170 4871 non
3224 4818 3403 4871 susci-

1834 4915 2000 4984 piam,
2023 4922 2077 4969 et
2096 4914 2335 4967 salutare
2357 4921 2680 4981 conspectus
2706 4912 2871 4966 vestri
2893 4926 3001 4965 non
3028 4909 3336 4979 respiciam.
3379 4930 3398 4961 ι

1838 5002 2060 5057 Etiamsi
2096 5002 2258 5071 igitur
2288 5002 2555 5055 saerilicia
2590 5001 2671 5055 vel
2726 5000 3043 5055 holocausta
3068 4997 3402 5060 obtuleritis.

1832 5096 2061 5150 salutem
2104 5109 2167 5148 ex
2233 5100 2483 5163 respectu
2512 5108 2632 5146 meo
2673 5099 2956 5161 sperantes
2977 5089 3049 5147 ob
3084 5091 3196 5144 haec
3233 5090 3405 5157 impe—

1827 5195 1994 5251 trare,
2024 5201 2131 5239 non
2156 5184 2460 5247 admittam,
2488 5200 2660 5253 neque
2677 5183 2941 5253 quidquid
2972 5182 3212 5237 feceritis
3245 5182 3397 5251 pensi

1828 5278 2057 5333 habebo.
2093 5275 2234 5342 Quid
2258 5276 2425 5345 ergo?
2471 5294 2490 5325 ‹
2531 5273 2793 5331 Transfer
2820 5291 2849 5329 a
2879 5290 2964 5330 me
2994 5276 3231 5330 sonitum
3273 5289 3398 5326 car—

1833 5371 2040 5424 minum
2075 5377 2325 5431 tuorum;
2386 5368 2652 5439 psalmum
2686 5381 3013 5437 organorum
3046 5375 3261 5419 tuomm
3291 5380 3398 5419 non

1830 5459 2069 5514 audiam.
2104 5477 2125 5511 ι
2162 5457 2357 5513 Desine
2382 5457 2718 5528 psalmorum
2747 5458 2990 5512 carmina
3024 5457 3158 5510 mihi
3185 5472 3404 5529 compu-

1834 5552 2256 5621 ncre,quoniam
2285 5566 2351 5607 ne
2384 5552 2499 5606 haec
2530 5548 2748 5620 quidem
2776 5549 2904 5603 mihi
2936 5547 3089 5603 cordi
3127 5555 3277 5604 sunt.
