3828 6216
383 259 491 317 ‘2‘79

1251 305 1272 332 ,
1587 262 1945 321 τιηςουοιιιξ
1979 263 2468 321 uorsuus'mm

3541 261 3652 316 9.80

459 369 619 426 Vens.
649 371 840 426 24-27.
870 404 940 416 —-
964 392 982 424 ι
1025 372 1089 427 Et
1132 373 1379 429 volvctur
1429 376 1589 445 quasi
1628 391 1767 446 aqua
1817 377 1990 446 jodi-,

2129 380 2277 450 Στίχ.
2309 378 2618 445 κδ’-κζ’.-ι
2644 379 2756 432 Καὶ
2777 377 3164 448 κυλισθήσεται
3181 373 3258 440 ὧς
3283 371 3431 444 ὕδωρ
3452 377 3646 444 κρῖμα,

383 463 551 529 cium,
589 470 642 518 et
669 463 882 532 justitia
927 465 1084 534 quasi
1129 473 1345 520 torrens
1386 465 1587 522 invius.
1633 486 1652 518 ι
1690 466 1822 520 Dum
1871 484 1965 522 ve-

386 563 555 609 stram
578 555 864 611 considero
889 558 1080 620 vitam,
1111 566 1165 613 et
1191 558 1496 614 secundum
1524 559 1666 613 hanc
1694 559 1964 628 judicium

387 655 567 694 meum
618 640 686 695 de
715 643 868 698 vobis
906 644 1154 711 instituo,
1205 646 1570 715 justissimam
1624 649 1784 704 video
1826 665 1856 703 a
1885 664 1970 704 me

388 734 546 789 vobis
580 735 892 808 impositum
917 739 983 793 iri
1013 741 1380 810 punitionem,
1406 758 1570 812 quam
1593 759 1787 814 reapse
1814 745 1970 801 vobis

387 828 640 884 monibus
685 829 977 894 adducam,
1030 835 1185 902 quasi
1253 842 1550 888 torrentem
1612 836 1970 905 amplitudine

397 932 502 972 sua
525 935 752 989 prorsus
778 923 1377 980 intransihilem.«l\'um
1399 926 1612 982 hostias
1629 935 1682 980 et
1699 927 1970 981 sacriﬁcia

389 1013 667 1069 obtolistis
697 1014 825 1068 mihi
855 1015 907 1069 in
931 1014 1152 1070 deserto
1175 1016 1536 1086 quadraginta
1570 1018 1754 1082 aimis,
1796 1034 1829 1074 ο
1873 1019 1974 1074 do-

390 1117 514 1158 mis
535 1103 787 1161 lsraelis?
818 1125 835 1156 ι
875 1106 1032 1172 Quod
1069 1109 1200 1162 nulli
1239 1124 1389 1163 curae
1407 1109 1544 1162 mihi
1573 1109 1811 1165 victima:
1837 1111 1971 1176 sint,

393 1193 519 1250 inde
579 1211 676 1252 vos
723 1198 1063 1267 potissimum
1111 1201 1374 1269 poteratis
1425 1215 1777 1271 cognoscere,
1825 1203 1972 1273 quod

389 1285 753 1357 quadraginta
799 1290 958 1344 annis
1008 1290 1063 1344 in
1116 1290 1359 1355 deserto,
1395 1290 1532 1345 nihil
1590 1291 1904 1362 hujusmodi
1941 1308 1977 1346 a

391 1370 640 1445 patribus
692 1378 889 1434 vestris
939 1380 1134 1449 exegi:
1187 1389 1240 1432 et
1292 1389 1474 1435 tamen
1495 1396 1597 1452 ego
1653 1390 1978 1452 perpetuam

393 1467 610 1522 illorum
645 1485 834 1524 curam
868 1472 1038 1540 gessi.
1077 1490 1095 1522 ι
1129 1472 1198 1528 Et
1229 1473 1531 1529 admisistis
1553 1473 1976 1529 tabernaculum

395 1555 659 1620 Moloclii,
691 1566 745 1614 et
785 1559 936 1615 sidus
967 1563 1051 1615 dei
1085 1563 1252 1616 vestri
1287 1561 1638 1632 Rbemphan,
1681 1563 1973 1619 simulacra

395 1663 516 1716 cgita:
544 1650 697 1706 vobis
725 1651 1026 1708 formastis.
1061 1652 1125 1706 Et
1182 1654 1510 1709 transferam
1546 1669 1644 1709 vos
1688 1655 1831 1707 ultra
1877 1653 1974 1706 Da-

2078 474 2170 526 καὶ
2195 474 2228 542 ἡ
2251 471 2567 540 δικαιοσύνη
2590 470 2666 533 ὡς
2695 469 3028 540 χειμάρρους
3058 467 3279 529 ἄϐατος.
3323 485 3342 518 t
3381 465 3523 536 Πρὸς
3541 466 3649 536 γὰρ

2069 563 2160 616 τὸν
2203 563 2338 633 βίον,
2378 562 2454 632 (p.
2495 561 2620 629 182)
2657 561 2842 630 φησὶν,
2899 560 3044 630 ὁρῶν
3087 559 3179 610 τὸν
3229 557 3521 628 ὑμέτερον,
3557 559 3649 611 καὶ

2072 655 2192 708 κατ’
2227 656 2430 707 ἐκεῖνον
2465 653 2564 721 τὴν
2591 652 2772 724 κρίσιν
2810 649 2916 705 τῶν
2943 649 3067 703 καθ’
3111 650 3252 719 ὑμᾶς
3290 647 3646 717 ποιούμενος,

2070 749 2181 820 ὁρῶ
2204 745 2549 816 δικαιοτάτην
2577 746 2706 816 ὑμῖν
2740 741 3190 814 ἐπαχθησομὲνην
3228 741 3332 810 τὴν
3354 740 3645 810 τιμωρίαν,

2072 839 2139 909 ἣν
2162 839 2256 892 καὶ
2280 837 2466 904 ἐπάξω
2499 838 2663 889 πᾶσιν
2707 836 2837 906 ὑμῖν
2856 873 2870 898 ,
2901 834 3203 904 χειμάρρου
3253 831 3416 900 δίκην
3471 830 3646 894 ubisi-

2071 930 2290 984 οδεύτου
2335 929 2422 983 διὰ
2453 929 2514 981 τὸ
2553 926 2784 998 μέγεθος
2806 925 3102 987 παντελῶς.
3140 942 3157 973 ι
3190 923 3284 992 Μὴ
3326 922 3534 990 σφάγια
3558 923 3652 974 καὶ

2073 1023 2262 1085 θυσίας
2286 1019 2694 1092 προσηνέγκατε
2717 1017 3120 1088 τεσσαράκοντα
3141 1015 3235 1084 ἐτη
3269 1015 3330 1065 ἐν
3350 1015 3420 1083 τῇ
3442 1013 3654 1082 ἐρήμῳ,

2072 1109 2221 1175 οἶκος
2264 1111 2510 1181 ’1σραήλ;
2545 1127 2566 1160 ι
2600 1109 2724 1162 ’Ότι
2757 1108 2867 1178 γὰρ
2895 1104 3085 1177 μηδείς
3112 1121 3200 1174 μοι
3230 1103 3446 1156 θυσιῶν
3478 1101 3654 1168 λόγος,

2077 1204 2286 1258 ἐκεῖθεν
2320 1203 2556 1273 μάλιστα
2588 1200 2786 1254 εἰδέναι
2825 1199 3101 1271 προσῆκον
3148 1193 3215 1267 ἦν
3246 1195 3418 1266 ὑμᾶς,
3460 1194 3552 1262 ἀφ’
3582 1187 3660 1246 ὧν

2074 1296 2167 1350 ἐπὶ
2189 1293 2599 1364 τεσσαράκοντα
2621 1291 2732 1353 τοῖς
2753 1291 2904 1344 ἔτεσι
2919 1290 3062 1342 κατά
3075 1287 3172 1358 τὴν
3194 1286 3294 1357 ἐρη
3305 1302 3433 1356 μον,
3449 1282 3665 1337 τοιοῦτο

2078 1389 2176 1460 μὲν
2203 1387 2352 1456 παρά
2392 1385 2498 1438 τῶν
2527 1384 2784 1455 πατέρων
2814 1382 2995 1453 ᾔτησα
3013 1379 3122 1433 τῶν
3149 1378 3440 1448 ὑμετέρων
3462 1375 3622 1428 οὐδέν
3638 1391 3656 1407 ο

2075 1477 2238 1541 αὐτὸς
2277 1477 2336 1530 δέ
2367 1474 2690 1546 ἐπιμέλειαν
2720 1473 2902 1527 αὐτῶν
2928 1471 3033 1541 τὴν
3053 1471 3445 1540 προσήκουσαν
3472 1465 3654 1519 ποιού-

2077 1586 2237 1639 μενος
2282 1566 2572 1620 διετέλουν.
2612 1584 2632 1616 ι
2672 1564 2782 1617 Καὶ
2817 1562 3108 1616 ἀνελάϐετε
3156 1561 3257 1631 τὴν
3312 1559 3518 1629 σκηνὴν
3565 1557 3658 1610 τοῦ

2076 1661 2277 1730 Μολὺχ,
2331 1661 2427 1712 καὶ
2483 1659 2546 1712 τὸ
2577 1657 2775 1727 ἄστρον
2828 1654 2925 1707 τοῦ
2988 1653 3112 1707 θεοῦ
3166 1652 3327 1723 ὑμῶν
3387 1649 3654 1721 Ῥεμφάν,

395 1751 662 1802 mascum,
695 1739 828 1794 dicit
863 1739 1124 1797 Dominus
1165 1741 1328 1806 Deus,
1356 1743 1445 1796 cui
1495 1757 1690 1797 nomen
1714 1742 1974 1812 Omnipo-

2092 1755 2198 1817 τοὺς
2239 1753 2442 1816 τύπους
2482 1750 2575 1814 οὒς
2621 1751 2912 1819 ἐποιήσατε
2964 1749 3175 1808 ἑαυτοῖς
3199 1762 3214 1777 ο
3251 1745 3350 1797 καὶ
3400 1743 3658 1812 μετοικιῶ

395 1837 539 1882 tces.
581 1847 599 1880 ι
639 1826 746 1884 Vos
773 1838 952 1884 tamen
987 1831 1056 1886 de
1086 1832 1373 1886 honestate
1423 1832 1664 1902 cogitare
1698 1833 1970 1898 nolentes,

397 1921 685 1976 sacriﬁciis
705 1920 940 1977 delinire
957 1939 1040 1976 me
1061 1925 1315 1993 speratis.
1336 1926 1429 1994 qui
1454 1926 1750 1995 caeteroqui
1769 1927 1975 1980 nullam

401 2014 504 2066 mei
537 2015 801 2070 rationem
840 2016 1074 2083 habetis,
1113 2020 1207 2074 sed
1241 2020 1403 2076 idolis
1442 2023 1692 2079 studiose
1725 2025 1980 2079 adhaere—

401 2106 494 2160 tis.
530 2106 842 2162 Molochum
882 2126 1010 2165 vero
1040 2111 1170 2166 dicit
1201 2113 1484 2169 adoratum
1526 2115 1593 2169 ab
1613 2116 1693 2171 eis
1724 2116 1924 2170 idolum
1957 2131 1972 2169 :

401 2197 817 2258 tabernaculum
843 2216 970 2258 vero
995 2200 1248 2268 Molocbi,
1280 2204 1334 2259 id
1379 2215 1463 2261 est
1509 2208 1636 2261 idoli
1691 2210 1974 2274 templum,

403 2287 779 2357 frequentatis,
804 2291 964 2362 eique
987 2308 1175 2348 curam
1192 2296 1505 2368 impenditis
1530 2299 1675 2353 :imo
1694 2307 1749 2352 et
1778 2299 1976 2354 sideris

401 2380 574 2435 cultui
620 2384 848 2446 vacatis,
901 2385 986 2439 cui
1021 2384 1116 2440 Dei
1154 2389 1574 2457 appellationem
1628 2390 1977 2445 attribuistis.

409 2471 566 2542 121
595 2473 875 2531 llebraieae
910 2478 1106 2548 lingua:
1140 2481 1300 2550 periti
1349 2480 1502 2536 aiunt
1527 2482 1672 2536 hunc
1691 2497 1815 2537 esse
1845 2484 1982 2536 luci-

405 2562 602 2617 ferum.
645 2564 788 2629 Quin
825 2568 966 2623 adeo
1007 2571 1147 2639 apud
1181 2571 1474 2626 simulacra
1511 2574 1696 2634 etiam,
1734 2590 1857 2644 qua:
1891 2591 1983 2628 ve-

406 2657 538 2708 stris
563 2657 822 2713 manibus
839 2657 1174 2723 fabricastis,
1199 2673 1415 2732 tempus
1442 2679 1604 2719 omne
1632 2668 1979 2724 consumitis.

404 2741 660 2800 Jamvero
693 2748 783 2816 qui
828 2748 987 2804 idolis
1021 2751 1334 2815 aalliaﬁretis,
1373 2764 1425 2808 et
1451 2755 1655 2808 nullam
1703 2757 1983 2826 religionis

412 2852 544 2891 mete
571 2839 992 2895 sollicitudinem
1047 2845 1258 2914 geritis.
1295 2845 1510 2915 placare
1559 2863 1645 2903 me
1683 2855 1864 2903 tamen
1905 2865 1989 2903 sa-

410 2928 634 2982 eriliciis
661 2933 915 3000 speratis,
951 2949 1072 3004 quae
1107 2935 1239 2988 nihil
1270 2945 1418 2992 certe
1453 2939 1612 2992 vobis
1653 2939 1982 3009 proderunt;

2074 1847 2219 1916 ὑμᾶς
2251 1844 2510 1897 ἐπέκεινα
2553 1838 2849 1910 Δαμασκοῦ
2877 1877 2892 1903 ,
2941 1837 3090 1906 λέγει
3123 1835 3334 1906 Κύριος
3365 1837 3400 1888 ὁ
3427 1833 3562 1895 Θεὸς
3582 1873 3593 1890 ,
3628 1834 3658 1884 ὁ

2075 1936 2476 2006 Παντοκράτωρ
2504 1933 2679 2003 ὄνομα
2707 1931 2883 2001 αὐτῷ.
2921 1949 2946 1982 ι
3007 1927 3169 1982 Ἀλλὰ
3207 1926 3322 1997 γὰρ
3367 1925 3660 1992 συλλογιζε-

2078 2028 2200 2081 σθαι
2226 2027 2288 2080 τὸ
2313 2026 2432 2080 δέον
2449 2027 2509 2079 οὐ
2535 2024 2870 2095 βουλόμενοι,
2889 2022 3102 2084 θυσίαις
3124 2037 3193 2091 με
3223 2017 3664 2089 ἐκμειλίττεσθαι

2079 2119 2438 2191 προσδοκᾶτε,
2498 2116 2692 2187 ἀνδρες
2750 2113 2885 2184 ἐμοῦ
2951 2113 3050 2182 μὲν
3106 2111 3300 2164 οὐδένα
3353 2107 3659 2177 ποιούμενοι

2077 2212 2256 2278 λόγον,
2288 2210 2403 2270 τοῖς
2454 2205 2694 2267 εἰδώλοις
2729 2203 2787 2257 δὲ
2829 2201 3189 2272 προσανέχειν
3233 2197 3652 2257 ἐσπουδακότεςο

2078 2301 2258 2369 Μολὸχ
2281 2299 2389 2368 γὰρ
2419 2297 2636 2351 εἴδωλον
2659 2295 2808 2362 λέγει
2829 2296 2956 2362 παρ’
2975 2294 3160 2356 αὐτοῖς
3190 2291 3298 2361 θρη
3308 2290 3652 2360 σκευὸμενονν

2082 2391 2285 2463 σκηνὴν
2322 2389 2380 2442 δὲ
2419 2389 2511 2442 τοῦ
2563 2387 2776 2456 Μολὺχ,
2801 2387 2887 2438 ἵνα
2921 2385 3073 2455 εἴπῃ,
3108 2385 3192 2436 ὅτι
3234 2381 3536 2452 Περιέπετε
3568 2377 3654 2432 τοῦ

2080 2483 2296 2537 εἰδώλου
2330 2483 2420 2534 τὸν
2453 2481 2598 2542 ναὸν,
2634 2479 2727 2532 καὶ
2755 2479 2884 2549 περὶ
2916 2475 3106 2530 τοῦτον
3137 2475 3296 2545 ἔχετε
3318 2489 3332 2505 ⁸
3370 2473 3463 2526 καὶ
3480 2472 3540 2542 δὴ
3565 2472 3657 2524 καὶ

2082 2574 2208 2644 περὶ
2228 2572 2424 2641 ἄστρου
2448 2568 2744 2638 θεραπείαν
2773 2563 3103 2636 ἀσχολεῖσθε,
3133 2561 3274 2615 Θεοῦ
3303 2558 3658 2631 προσηγορίαν

2083 2665 2230 2735 αὐτῷ
2275 2659 2722 2734 περιτεθεικότεςο
2751 2659 2827 2727 (p.
2853 2657 2994 2722 185)°
3024 2655 3155 2723 φασὶ
3187 2653 3251 2706 δὲ
3279 2652 3371 2705 τὸν
3397 2648 3656 2718 ἑωσφόρον

2083 2757 2229 2809 οὕτω
2253 2753 2394 2808 κατὰ
2417 2754 2514 2822 τὴν
2552 2747 2820 2820 Ἐὁραίων
2855 2745 3140 2800 καλεῖσθαι
3167 2745 3425 2812 γλῶτταν
3442 2759 3453 2771 ·
3489 2739 3576 2792 καὶ
3597 2737 3656 2806 δὴ

2086 2850 2180 2902 καὶ
2212 2847 2340 2918 περὶ
2373 2844 2443 2897 τὰ
2485 2841 2840 2912 εἰκονίσματα
2867 2839 2906 2893 ἃ
2934 2841 3053 2902 ταῖς
3077 2836 3296 2890 ἑαυτῶν
3333 2831 3655 2887 κατεσκευά-

2089 2957 2214 2994 σατε
2265 2938 2452 3008 χερσὶ,
2487 2935 2614 3005 περὶ
2665 2931 2838 2987 ταῦτα
2885 2931 2988 3000 τὴν
3032 2931 3212 2982 πᾶσαν
3237 2927 3403 2996 ἄγετε
3439 2921 3653 2993 σχολήν·

421 3019 772 3076 abducemini
841 3025 986 3078 enim
1038 3026 1090 3078 in
1134 3027 1250 3080 loca
1283 3041 1312 3080 a
1353 3030 1550 3084 vestris
1578 3030 1801 3086 sedibus
1839 3031 1990 3102 longe

2097 3028 2214 3085 εἶτα
2265 3029 2502 3092 εἰδώλοις
2542 3026 2987 3098 προσανέχοντες,
3038 3023 3132 3076 καὶ
3168 3020 3392 3110 μηδένα
3408 3018 3503 3087 τῆς
3530 3012 3654 3083 ἐμῆς

412 3107 708 3178 distantia;
731 3112 782 3166 id
810 3115 954 3168 enim
991 3115 1259 3172 vocabulo
1294 3117 1542 3174 Damasci
1574 3121 1773 3183 innuit,
1801 3136 1990 3191 nempe

2093 3120 2390 3192 θεραπείας
2419 3118 2728 3188 ποιούμενοι
2747 3115 2926 3182 λόγον,
2954 3108 3397 3182 ἐκμειλίττεσθαε
3417 3124 3481 3178 με
3507 3119 3654 3174 προσ-

414 3213 449 3252 a
503 3208 677 3270 parte,
721 3205 976 3272 quaelibet
1030 3207 1148 3262 loca
1198 3209 1516 3280 longinqua.
1597 3210 1795 3268 Beatus
1864 3229 1995 3284 ergo

415 3288 723 3360 Stephanus
765 3293 820 3349 in
866 3305 1181 3352 sanctorum
1215 3303 1586 3371 apostolorum
1633 3303 1884 3366 Actibus,
1919 3317 2000 3360 te-

417 3382 673 3440 stimonio
718 3386 820 3442 hoc
854 3387 910 3442 in
941 3405 1194 3444 sermone
1223 3392 1288 3444 ad
1315 3391 1535 3448 Judaeos
1561 3401 1739 3458 utens,
1765 3395 2000 3450 transle-

417 3487 538 3526 tam
561 3491 659 3530 vos
688 3478 828 3531 ultra
853 3478 1209 3550 Babylonem,
1239 3484 1315 3536 ait
1339 3483 1409 3542 ⁸³.
1448 3485 1563 3537 loca
1596 3484 1682 3537 hic
1707 3484 1993 3555 designata

421 3570 665 3634 apertius
697 3571 1013 3628 nominans.
1067 3573 1133 3628 Et
1189 3577 1315 3644 quia
1348 3591 1378 3628 a
1428 3577 1535 3632 Deo
1558 3585 1822 3648 apostatze
1848 3578 2010 3632 circa-

421 3653 566 3712 ldola
589 3667 801 3730 tempus
831 3665 1101 3730 terebant,
1127 3666 1278 3720 addit
1315 3685 1326 3720 :

2091 3213 2282 3266 δοκᾶτε
2321 3211 2440 3272 ταῖς
2475 3208 2687 3269 θυσίαις
2708 3244 2724 3270 ,
2758 3199 2833 3258 ὧν
2853 3204 3009 3257 οὐθὲν
3053 3205 3181 3272 ὑμῖν
3224 3202 3512 3271 γενήσεται
3542 3195 3653 3262 ὄφε-

2092 3305 2212 3367 λος·
2251 3299 2628 3372 ἀπαχθήσεσθε
2669 3297 2776 3367 γὰρ
2823 3295 3158 3366 αἰχμάλωτοι
3187 3294 3272 3357 εἰς
3310 3293 3502 3352 τόπους
3532 3283 3652 3338 πολύ

2094 3413 2158 3464 γε
2187 3394 2296 3447 τῶν
2323 3393 2450 3464 περὶ
2476 3393 2619 3461 ὑμᾶς
2639 3389 2955 3458 ἀφεστῶτας
2983 3386 3162 3438 τόπων
3179 3403 3193 3414 ·
3217 3384 3283 3437 τὸ
3311 3382 3438 3454 γὰρ,
3462 3384 3654 3448 «Δαμα-

2099 3485 2288 3550 σκοῦ,›
2308 3483 2467 3535 τοῦτο
2488 3481 2635 3548 λέγει
2654 3498 2666 3510 ·
2691 3481 2776 3532 ἵνα
2805 3478 2914 3532 ἀπὸ
2941 3477 3138 3546 μέρους
3152 3474 3282 3537 τοὺς
3300 3473 3364 3541 ἅτ
3375 3489 3437 3525 αν
3461 3471 3652 3537 ἀπῳκι-

2103 3577 2334 3647 σμένους
2383 3574 2513 3645 εἴπῃ
2532 3574 2726 3635 τόπους
2792 3571 2821 3623 ὁ
2847 3569 2976 3638 γοῦν
3010 3567 3281 3638 μακάριος
3319 3563 3576 3647 Στέφανος
3602 3558 3655 3608 ἐν

2105 3645 2225 3728 ταῖς
2254 3663 2492 3735 Πράξεσι
2516 3661 2622 3714 τῶν
2657 3659 2829 3728 ἁγίων
2856 3654 3190 3719 ἀποστόλων,
3220 3653 3360 3724 πρὸς
3391 3645 3655 3704 Ἰουδαίους

421 3749 489 3818 τῇ
546 3754 820 3825 μαρτυρίᾳ
871 3757 1040 3830 ταύτῃ
1099 3761 1472 3831 χρησάμενος.
1537 3762 1794 3832 μετοικιῶ
1843 3763 1985 3831 ὑμᾶς
2024 3761 2279 3813 ἐπέκεινα
2311 3757 2621 3818 Βειιίεὶυλῶνοιδ
2663 3755 2801 3824 ἔφη,
2849 3753 2975 3814 τοὺς
3019 3747 3254 3803 ἐνταῦθα
3315 3740 3654 3816 μηνυομένους

424 3848 621 3909 τόπους
654 3846 984 3916 σαφέστερον
1009 3849 1244 3920 εἰρηκώς
1272 3850 1405 3919 (ἓδ).
1455 3853 1562 3906 Καὶ
1597 3852 1783 3923 ἐπειδὴ
1811 3853 1936 3924 περὶ
1961 3851 2132 3906 ταῦτα
2159 3852 2258 3922 τὴν
2293 3849 2484 3921 σχολὴν
2521 3847 2676 3916 ἔσχον
2711 3842 3026 3913 ἀφεστῶτες
3052 3839 3208 3904 Θεοῦ,
3236 3841 3433 3907 ἐπάγει
3452 3854 3466 3866 ·

1073 3961 1228 4015 CAP.
1265 3962 1354 4016 Vl.

500 4047 671 4105 Vens.
707 4051 757 4114 l,
791 4048 847 4102 2.
882 4081 952 4092 —
986 4068 1004 4102 ι
1036 4049 1130 4106 ναι
1165 4056 1644 4110 contemnentibus
1681 4055 1924 4120 Sionem,
1955 4065 2011 4110 et

368 4184 370 4186 τ
413 4132 835 4198 conlidentibus
869 4141 922 4195 in
965 4151 1151 4198 monte
1183 4146 1477 4201 Sainarize!
1521 4167 1540 4200 ι
1582 4147 1687 4203 Sed
1723 4149 1868 4202 enim
1913 4164 2009 4203 vos

432 4231 821 4297 infelicissimi,
867 4233 961 4303 qui
1000 4234 1219 4291 Sionem
1253 4245 1492 4292 utentem
1539 4249 1592 4293 et
1641 4240 1918 4293 excultum
1953 4241 2006 4293 in

432 4325 554 4395 ipso
585 4322 753 4379 Deum
794 4323 1158 4392 deseruistis;
1206 4325 1467 4382 Samaria:
1496 4345 1623 4384 vero
1656 4330 1973 4384 constitutis
1993 4359 2006 4368 -

433 4431 543 4486 que
590 4415 702 4472 illic
737 4416 900 4472 idolis
948 4418 1268 4475 attenditis!
1306 4439 1326 4473 ι
1369 4419 1787 4476 Vindemiarum
1822 4421 2011 4492 primi-

436 4507 545 4562 tias
591 4506 862 4576 gentium,
896 4515 951 4561 ct
1002 4507 1234 4577 ingressi
1283 4518 1412 4564 sunt
1452 4509 1554 4564 sibi
1603 4510 1760 4579 ipsis,
1812 4509 2010 4564 domus

438 4599 632 4652 Israel.
689 4617 708 4649 ι
778 4596 897 4653 Non
950 4608 1264 4669 reputantes
1322 4608 1528 4671 quanta
1580 4601 1736 4654 vobis
1786 4602 2015 4655 contulit

441 4687 534 4742 ille
570 4687 666 4757 qui
710 4688 763 4740 in
807 4687 974 4744 Sione
1012 4697 1200 4746 monte
1235 4705 1450 4745 onmem
1491 4690 1593 4744 sibi
1631 4691 1870 4745 exhiberi
1899 4691 2017 4745 col-

440 4788 556 4831 tum
585 4779 753 4847 jussit
779 4777 959 4846 Deus;
991 4798 1092 4837 nec
1117 4783 1262 4852 quod
1295 4783 1556 4852 plurimas
1585 4789 1772 4852 gentes
1801 4795 2017 4835 earum-

441 4883 550 4937 que
603 4871 883 4942 principes
936 4875 1154 4929 caedens
1203 4884 1256 4927 ct
1313 4879 1540 4928 mnnino
1580 4874 1891 4938 dcstruens,
1943 4873 2021 4926 in-

441 4974 689 5031 gressum
735 4962 789 5014 in
821 4978 884 5017 ea
933 4965 1052 5018 loca
1082 4967 1238 5020 vobis
1283 4967 1691 5034 incolatumque
1723 4966 2014 5018 concessit.

448 5067 470 5104 ι
504 5049 761 5106 Transite
803 5053 859 5106 in
907 5053 1224 5119 Chalanem,
1258 5067 1310 5109 et
1351 5057 1454 5112 vidi
1476 5067 1563 5124 te;
1597 5065 1650 5112 et
1682 5058 1755 5112 ite
1800 5057 1925 5110 inde
1960 5059 2012 5110 in

521 5217 571 5249 ⁵³
609 5217 731 5271 Act.
774 5231 873 5280 vn,
915 5215 1003 5268 4'5.

522 5373 636 5447 (Ξὸ)
673 5374 750 5427 lta
800 5372 1292 5447 Stephanum‘cum
1341 5369 1544 5447 émoso
1579 5371 1821 5447 breviter
1861 5370 2015 5447 inge-

453 5439 668 5514 nueque
696 5439 950 5498 conciliat
977 5441 1314 5514 Theodorus.
1348 5439 1532 5495 Placet
1554 5450 1733 5495 autem
1770 5442 1858 5493 hic
1883 5439 2019 5514 Gro-

454 5511 597 5571 tius}
642 5532 660 5564 ι
713 5514 888 5567 Lucas
936 5528 1048 5567 rem
1092 5511 1264 5579 magis
1316 5521 1571 5578 spectans
1615 5527 1778 5579 quam
1829 5513 2014 5574 verba,

453 5586 597 5638 ultra
628 5583 946 5654 Babylonem
982 5582 1092 5642 ait;
1132 5591 1454 5654 rectetnam
1485 5580 1783 5654 Assyriaet
1825 5580 2018 5654 Armo-

458 5657 571 5720 oia,
609 5655 664 5710 in
705 5649 866 5726 quam
899 5656 1251 5722 transliot'tati
1300 5652 1518 5704 fuerunt
1564 5649 1836 5714 Israelita,
1877 5650 2020 5703 ultra

2749 3957 2901 4010 xeo.
2949 3957 3040 4022 cr.

2172 4055 2301 4125 Στίχ
2335 4062 2406 4117 α’,
2435 4053 2498 4123 β’.
2517 4051 2757 4104 -ιΟῦαὶ
2783 4050 2890 4111 τοῖς
2912 4043 3250 4112 ἐξουθενοῦσι
3275 4041 3429 4101 Σιὼν,
3454 4037 3540 4090 καί
3556 4035 3650 4125 τρῖς

2105 4124 2418 4199 πεποιθόσιν
2468 4143 2560 4195 ἐπὶ
2603 4141 2665 4194 τὸ
2715 4141 2840 4209 ὅρος
2887 4135 3215 4207 Σαμαρείας.
3270 4154 3286 4181 ι
3369 4129 3518 4184 ’Λλλά
3559 4124 3651 4191 γὰρ

2103 4237 2454 4290 ἐλεεινότατοι
2485 4233 2702 4287 πάντων
2730 4229 2872 4293 ἐστὲ,
2894 4229 2942 4280 οἳ
2973 4228 3033 4278 τὸ
3066 4225 3162 4296 μὲν
3180 4224 3318 4278 Σιὼν
3330 4225 3447 4294 ὅρος
3474 4216 3651 4272 καὶτὸν

2041 4360 2085 4415 D
2115 4331 2170 4380 ἐν
2215 4326 2363 4394 αὐτῷ
2410 4323 2845 4396 θρησκευόμενον
2905 4316 3327 4415 παρεγράψασθε
3383 4310 3543 4415 856v:
3595 4305 3650 4374 τῇ

2115 4416 2395 4487 Σαμαρείᾳ
2440 4416 2496 4468 δέ
2531 4415 2625 4467 καὶ
2658 4415 2769 4474 τοῖς
2816 4411 3001 4463 αὐτόθι
3036 4405 3340 4476 ἱδρυμένοις
3390 4399 3650 4487 προσέχετε

2112 4485 2380 4570 εἰδώλοις,
2417 4525 2434 4556 ι
2459 4502 2870 4574 Ἀπετρύγησαν
2899 4499 3071 4570 ἀρχὰς
3097 4495 3288 4560 ἐθνῶν,
3319 4493 3411 4548 καὶ
3435 4485 3651 4556 εἰσῆλθον

2113 4602 2360 4662 ἑαυτοῖς,
2402 4595 2547 4660 οἶκος
2599 4594 2690 4647 τοῦ
2741 4592 2976 4663 Ἰσραήλ.
3007 4610 3024 4641 ι
3087 4590 3202 4642 Οὐκ
3234 4582 3647 4652 ἀναλογισάμενοι

2114 4691 2273 4763 ἡλίκα
2298 4688 2567 4758 παρέσχεν
2599 4686 2745 4754 ὑμῖν,
2790 4683 2848 4744 ὃς
2877 4682 2968 4734 ἐπὶ
2992 4679 3086 4733 τοῦ
3109 4678 3245 4732 Σιὼν
3275 4678 3426 4748 ὅρους
3459 4672 3648 4763 Eime

2115 4756 2260 4850 αὐτῷ
2281 4756 2648 4851 προσάγεσθαι
2674 4773 2767 4844 τὴν
2794 4771 3086 4842 θρησκείαν
3117 4771 3192 4839 (p.
3221 4769 3344 4836 184)
3375 4756 3647 4859 προστάξας

2116 4875 2144 4927 ὁ
2175 4873 2306 4935 Sed;
2325 4888 2336 4900 '
2386 4871 2494 4922 οὐδ’
2527 4869 2609 4921 ὃτι
2642 4867 2868 4919 πλεῖστα
2901 4865 3000 4916 ὅσα
3029 4863 3157 4930 ἔθνη
3187 4876 3246 4912 τε
3288 4859 3380 4911 καὶ
3409 4855 3525 4913 τοὺς
3547 4855 3650 4899 τοῦ·

2116 4983 2225 5019 των
2270 4965 2534 5035 ἄρχοντας
2577 4957 2880 5028 περικόψας
2911 4971 2968 5007 τε
3005 4956 3098 5007 καὶ
3142 4951 3353 5022 ἀφελὼν
3385 4937 3645 5000 παντελῶς,

2120 5056 2216 5128 τὴν
2266 5034 2322 5107 ἐν
2366 5057 2477 5116 τοῖς
2521 5051 2743 5103 ἐκείνων
2788 5047 2970 5109 τόποις
3009 5046 3214 5100 εἴσοδόν
3246 5061 3304 5098 τε
3351 5040 3438 5094 καὶ
3467 5034 3648 5101 οἴκησιν

2125 5371 2451 5426 Damascum
2493 5377 2547 5423 ct
2581 5367 2909 5439 Babylonem
2962 5373 3113 5420 sunt.
3156 5381 3174 5413 ι
3223 5360 3402 5426 Neque
3435 5348 3654 5439 ςῖίεβξίείί·

2411 5463 2501 5533 qui
2523 5428 2907 5528 interpretatur
2932 5456 3254 5535 llcliraicum
3273 5423 3467 5535 μέζω-ιβ

2125 5514 2498 5604 ϋίῖἐάῐὸὶιὲηί
2538 5549 2570 5584 a
2625 5514 2795 5584 ve'slra
2837 5514 3284 5582 remotissimam.'
3312 5514 3461 5574 Coul'.
3511 5514 3646 5563 clla"!

2127 5603 2334 5659 Simon.
2373 5603 2478 5658 lex.
