3828 6216
134 354 232 412 231
1192 351 1645 410 COMMENTARI

1890 349 2088 406 tuosn
2125 331 2256 406 (ιιι)
2320 348 2408 406 vt.
3283 342 3402 398 282‘

136 475 412 546 παρέσχεν
441 474 586 544 ὑμῖν·
624 474 718 527 καὶ
743 474 956 536 δεικνῦς
983 473 1081 542 τῆς
1111 473 1261 536 θείας
1291 474 1499 543 δωρεᾶς
1519 473 1578 525 τὸ
1611 491 1648 542 μ

1886 470 2007 523 aath
2062 484 2354 539 magnam;
2409 473 2465 523 et
2516 464 2830 522 descendite
2883 462 3035 517 illinc
3085 461 3138 514 in
3191 467 3398 514 terram-

135 566 298 634 γεθος
341 565 540 618 ὁπόσον
586 565 722 626 ἐστὶ,
777 584 795 614 ε
825 564 1057 634 Διάὄητε
1099 565 1299 625 πάντες
1342 565 1436 616 καὶ
1467 563 1647 616 ῐδετεε

1879 560 2269 628 ienigenarum,
2302 566 2356 613 et
2389 557 2455 612 ad
2481 559 2684 626 optima
2711 570 2940 626 qumque
2974 551 3125 621 regni
3155 551 3391 617 borum;

137 658 414 725 Χαλάνην,
445 658 538 709 κα).
578 657 814 709 διέλθετε
848 656 1056 709 ἐκεῖθεν
1086 659 1164 718 εἰς
1197 655 1380 724 Αίθάμ
1411 656 1508 723 τὴν
1546 671 1649 724 μεγ

1889 651 2112 705 latiores
2143 648 2362 705 termini
2410 664 2597 704 eorum
2639 647 2891 702 terminis
2920 644 3119 698 vestris
3164 649 3316 696 sunt.
3365 659 3383 690 ι

137 750 254 817 λην,
294 748 391 800 καὶ
412 790 415 792 .
437 747 712 816 κατάϐητε
759 748 968 800 ἐκεῖθεν
995 750 1075 809 είς
1112 747 1214 815 γῆν
1240 747 1347 798 τῶν
1381 745 1649 813 ἀλλοφύλυ.

1879 749 2108 813 :ragrate
2141 742 2299 812 122
2316 741 2483 803 enim,
2504 739 2703 809 inquit,
2734 736 3161 804 alienigenarum
3185 741 3240 787 et
3268 732 3391 785 lini-

136 838 234 898 τὰς
278 837 575 906 κρατίστας
608 839 671 890 ἐκ
704 836 894 889 πασῶν
935 836 1044 888 τῶν
1085 835 1368 905 βασιλειῶν
1417 834 1632 898 τούτων,

1885 850 2076 889 norum
2125 835 2370 889 omnium
2424 833 2737 902 regionem;
2793 838 2846 884 et
2889 839 3177 898 postquam
3222 823 3397 878 maxi-

138 927 364 980 πλείωά
409 929 524 981 ἐστι
553 927 620 980 τὰ
651 929 775 998 ὅρια
801 926 978 980 αὐτῶν
1018 926 1125 979 τῶν
1167 924 1446 995 ὑμετέρων
1475 925 1650 995 ὁρίων.

1885 943 1935 982 ts
1983 928 2225 996 ipsorum
2259 926 2423 980 urbes
2453 922 2844 984 lustraveritis,
2882 911 3148 974 aestimate
3199 924 3397 971 vestra:

139 1020 462 1090 Περιέλθετε
490 1019 620 1090 γὰρ,
640 1020 791 1090 φησὶ,
821 1018 929 1072 τῶν
958 1035 1014 1071 τε
1045 1017 1354 1086 ἀλλοφύλων
1380 1018 1474 1070 καὶ
1504 1017 1651 1070 πάντι

1882 1018 2066 1088 gionis
2111 1015 2546 1087 magnitudinem
2598 1028 2661 1066 ac
2717 1010 3062 1066 latitudinem
3119 1023 3228 1077 prae
3261 1007 3393 1071 illis,

137 1112 199 1181 δὴ
227 1112 340 1164 τῶν
365 1113 662 1182 περιοίκων
689 1113 788 1181 τὴν
817 1111 1000 1181 χώραν
1026 1126 1041 1140 ·
1091 1110 1186 1164 καὶ
1218 1109 1282 1179 δὴ
1312 1106 1405 1161 καὶ
1433 1108 1533 1171 τὰς
1565 1125 1649 1178 μετ

1910 1107 2283 1176 comparando
2329 1106 2595 1167 noscatis,
2633 1108 2892 1172 quantam
2940 1099 3095 1153 vobis
3148 1112 3256 1166 [πω
3287 1096 3396 1150 illis

142 1221 270 1268 στας
316 1203 429 1257 τῶν
459 1207 518 1256 ἐν
548 1206 734 1265 αὐτοῖς
767 1203 973 1256 πόλεων
1008 1203 1227 1265 ἰδόντες,
1254 1201 1586 1270 δοκιμάσατε
1616 1203 1654 1251 τί

1879 1198 2071 1252 mnibus
2101 1196 2169 1251 ad
2211 1195 2574 1250 habitandum
2622 1202 2822 1248 terram
2859 1191 3212 1253 concesserit,
3245 1197 3302 1242 ut
3336 1188 3391 1241 in

138 1311 195 1345 τε
226 1292 417 1363 χώρας
462 1296 560 1363 τῆς
593 1294 863 1364 ὑμετέρας
897 1292 958 1345 τὸ
995 1291 1219 1362 μέγεθος
1266 1291 1361 1346 καὶ
1403 1292 1465 1343 τὸ
1490 1291 1650 1342 πλάτε

1915 1289 2155 1357 spatiose
2185 1287 2480 1341 admodum
2514 1285 2683 1339 vitam
2714 1281 3004 1353 degeretis.
3044 1281 3242 1334 Postea
3276 1293 3398 1332 rur-

140 1383 231 1433 καέ
256 1382 324 1452 δὴ
350 1383 448 1435 καὶ
475 1383 573 1451 τῆς
589 1381 810 1434 ἐκείνων
830 1398 843 1411 ·
861 1381 937 1444 ὠς
967 1380 1032 1434 ἂν
1063 1382 1127 1433 ἐκ
1159 1379 1510 1449 παραθέσεως
1532 1379 1652 1446 γνοίλ

1493 1379 1714 1449 ῖγνοίη-
1820 1395 1916 1434 sus
1949 1379 2228 1450 improbos
2259 1379 2477 1432 illorum
2515 1383 2672 1430 actus
2706 1375 3005 1444 vituperat.

138 1493 195 1527 τε
229 1477 364 1546 ὅσην
410 1479 541 1547 ὑμῖν
583 1478 734 1548 παρά
767 1476 974 1539 πάντας
1017 1476 1258 1538 ἐκείνους
1302 1477 1383 1538 είς
1431 1475 1644 1543 οἴκησιν
1683 1473 1882 1527 δέδωκε
1927 1475 2052 1544 γῆν,
2097 1475 2170 1539 ὡς
2211 1473 2278 1527 ἂν
2321 1470 2458 1544 μετὰ
2491 1471 2690 1541 πολλῆς
2728 1468 2814 1522 ἐπ’
2843 1468 3011 1539 αὐτῆς
3041 1465 3274 1534 διάγοιτε
3300 1463 3416 1531 τῆς

140 1572 482 1643 εὐρυχωρίας
506 1589 519 1602 ⁸
555 1569 672 1625 εἶτα
705 1572 863 1624 πάλιν
891 1570 1135 1634 ὀνειδίζει
1162 1571 1259 1634 τὰς
1295 1571 1526 1632 ἀτόπους
1561 1569 1787 1639 πράξεις
1821 1570 2026 1634 αὐτοῖς.

210 1663 356 1731 Στίχ.
394 1661 538 1732 γ’-η’.
573 1694 645 1703 --
673 1682 690 1714 ι
715 1664 778 1715 Οἱ
808 1661 1091 1732 ἐρχόμενοι
1139 1663 1218 1724 είς
1251 1661 1465 1734 ἡμέραν
1507 1662 1704 1729 κακὴν,

1888 1659 2048 1716 Vens.
2084 1660 2202 1714 5-8.
2232 1690 2301 1700 —-
2342 1677 2360 1710 ‹
2405 1657 2703 1712 Venientes
2738 1655 2794 1710 in
2832 1653 2978 1709 diem
3015 1651 3239 1711 malam,
3269 1663 3400 1718 pro-

139 1758 191 1809 οί
226 1756 538 1823 ἐγγίζοντες
587 1755 681 1810 καὶ
729 1754 1091 1824 ἐφαπτόμενοι
1136 1753 1428 1806 Σαδὸἀτων
1462 1752 1651 1822 ψευδῶε

1889 1763 2146 1822 :iquantes
2192 1759 2246 1806 et
2276 1751 2609 1819 attingentes
2643 1747 2777 1801 falsa
2811 1745 3086 1807 Sabbata;
3124 1739 3401 1792 dormien-

140 1850 190 1901 οἱ
215 1847 573 1910 καθεύδοντες
601 1847 693 1900 ἐπὶ
727 1845 922 1899 κλινῶν
956 1845 1318 1912 ἐλεφαντίνων
1345 1888 1359 1911 ,
1409 1846 1503 1898 καὶ
1548 1860 1651 1896 κατ

1889 1861 1902 1897 ι
1954 1844 2009 1897 in
2064 1843 2222 1898 lectis
2250 1841 2542 1905 eburneis,
2594 1848 2649 1893 et
2705 1836 3055 1891 lascivientes
3107 1832 3160 1883 in
3215 1829 3401 1884 stratis

143 1939 528 2003 σπαταλιῖιντες
545 1939 636 1991 ἐπὶ
664 1941 784 2002 ταῖς
812 1940 1118 2008 στρωμναῖς
1157 1936 1334 1990 αὐτῶν
1357 1955 1369 1968 ·
1418 1939 1467 1989 οἱ
1509 1936 1655 1988 ἐσθίο

1891 1937 1978 2002 is;
2009 1934 2364 1989 comedentes
2403 1931 2588 1986 haedos
2631 1930 2698 1984 de
2737 1927 3018 1998 gregibus,
3053 1930 3106 1977 et
3141 1923 3403 1974 lactentes

140 2049 233 2095 τες
283 2030 508 2102 ἐρίφους
549 2032 615 2083 ἐκ
673 2028 954 2099 ποιμνίων,
995 2029 1086 2081 καὶ¹
1140 2027 1410 2096 μοσχάρια
1455 2029 1518 2078 ἐκ
1553 2027 1652 2096 μέσ

1892 2028 2021 2081 .ulos
2053 2025 2122 2080 dc
2165 2025 2345 2078 medio
2388 2029 2796 2084 armentorum;
2845 2015 3170 2087 plaudentes
3214 2009 3280 2064 ad
3308 2025 3404 2062 vo-

146 2123 440 2192 βουκολίων
467 2121 778 2191 γαλαθηνὰ·
807 2122 857 2173 οἱ
883 2120 1295 2191 ἐπικρατοῦντες
1324 2117 1460 2188 πρὸς
1482 2116 1580 2186 τὴν
1605 2133 1658 2184 cpt

1894 2133 1936 2171 m
1977 2130 2332 2187 organorum,
2368 2112 2526 2183 quasi
2554 2110 2782 2166 stabiles
2812 2122 2902 2162 res
2932 2104 3318 2160 existimarunt
3351 2107 3406 2152 et

145 2215 241 2283 νήν
273 2212 382 2265 τῶν
410 2213 678 2283 ὀργάνων,
707 2213 782 2275 ὡς
811 2213 1019 2266 ἑστῶτα
1051 2210 1366 2276 ἐλογίσαντο
1392 2208 1483 2261 καὶ
1522 2208 1618 2276 οὐχ
1645 2225 1657 2257 ι

1887 2224 1929 2262 m
1971 2207 2227 2276 fugaces;
2275 2205 2528 2259 bibentes
2572 2202 2758 2255 vinum
2802 2195 3148 2255 defzecatum,
3203 2199 3257 2246 et
3291 2206 3399 2243 un-

145 2302 438 2369 φεύγοντα·
470 2303 548 2370 (p.
575 2301 699 2367 185)
734 2301 783 2354 oi
808 2301 1052 2364 πίνοντες
1076 2300 1166 2353 τὸν
1193 2297 1528 2367 διυλισμένον
1557 2293 1657 2349 οἷνε

1893 2301 2048 2354 lentis
2077 2297 2270 2368 primis
2302 2292 2552 2365 peruncti
2577 2309 2592 2356 ;
2623 2300 2676 2346 et
2702 2289 2837 2343 nihil
2859 2287 3209 2358 patiebantur
3238 2297 3405 2349 super

145 2395 238 2445 καὶ
259 2393 331 2444 τά
362 2390 556 2462 πρῶτα
588 2392 735 2461 μύρα
762 2392 1067 2460 χριόμενοι·
1100 2392 1192 2444 καὶ
1225 2391 1326 2442 οὐκ
1358 2389 1593 2458 ἔπασχον
1631 2390 1656 2439 ἐ

1891 2388 2043 2458 seplti
2076 2387 2428 2442 contritione.
2475 2402 2492 2433 ι
2532 2383 2916 2436 Verumtamen
2950 2391 3047 2430 vos
3075 2374 3217 2428 diem
3252 2373 3400 2425 illam

142 2488 206 2554 τῇ
237 2483 504 2552 συντριϐῇ
544 2482 636 2534 τοῦ
678 2481 892 2552 Ἰωσήφ.
928 2503 948 2532 ι
993 2482 1151 2535 ’Λλλά
1176 2481 1286 2551 γὰρ
1311 2481 1468 2550 ὑμεῖς
1492 2481 1572 2542 είς
1607 2497 1654 2531 πε

1895 2479 2202 2550 periemini,
2240 2492 2360 2546 quae
2406 2474 2705 2528 maximum
2757 2471 2912 2524 vobis
2964 2467 3230 2522 malorum
3275 2477 3405 2516 exa-

144 2592 246 2645 ραν
274 2574 566 2626 ἐλεύσεσθε
597 2574 698 2643 τῆς
723 2575 936 2645 ἡμέρας
961 2574 1196 2643 ἐκείνης,
1235 2574 1268 2643 ἢ
1312 2572 1564 2642 μέγιστον
1596 2573 1656 2639 ύμ

1893 2590 1949 2628 3n
1974 2571 2205 2626 adducet
2232 2587 2246 2622 :
2274 2567 2366 2638 qui
2397 2565 2634 2621 Sabbata
2659 2563 2955 2617 observare
2979 2555 3272 2613 simulatis.
3298 2569 3405 2606 non

138 2664 314 2734 ἑσμὸν
344 2664 545 2731 ἐπάγει
573 2665 759 2717 κακῶν
784 2682 797 2696 ·
848 2665 896 2716 οἶ
939 2664 1008 2716 τά
1037 2665 1133 2734 μὲν
1177 2662 1430 2716 Σάϐϐατα
1482 2662 1650 2730 μετιέι

1896 2663 2106 2731 ligionis
2141 2661 2340 2731 gratia,
2369 2658 2464 2713 sed
2499 2667 2558 2710 nt
2587 2655 2653 2709 ad
2693 2651 3031 2722 peccandum
3071 2647 3184 2701 otio
3214 2647 3408 2698 abuta-

139 2756 558 2826 προσποιεῖσθε,
593 2757 694 2808 οὐκ
738 2756 1016 2819 εὐσεϐείας
1063 2755 1276 2813 ἕνεκεν,
1327 2753 1442 2806 ἀλλ’
1479 2752 1651 2804 ὥστει

1906 2755 1996 2819 ni;
2051 2753 2282 2806 multum
2312 2751 2563 2818 insuper
2604 2745 2658 2799 in
2693 2744 2848 2798 lectis
2881 2741 3045 2796 etiam
3108 2736 3407 2806 stratisque

141 2845 492 2916 παρανομίαν
523 2845 971 2915 καταχρήσασθαι
1007 2847 1072 2915 τῇ
1104 2843 1292 2915 ἀργίᾳ·
1323 2840 1488 2894 πολὺν
1511 2840 1568 2894 δὲ
1599 2840 1653 2906 ἄ)

1899 2859 2015 2899 tum
2049 2842 2444 2910 lasciviamque
2473 2853 2539 2892 ex
2572 2849 2872 2907 pauperum
2906 2832 3099 2900 rapina
3127 2836 3411 2882 ostentan-

139 2939 251 2992 τῶν
271 2937 474 2992 κλινῶν
500 2939 594 2991 καὶ
619 2939 718 3008 τῆς
747 2940 804 2990 ἐν
825 2939 1014 3000 αὐταῖς
1042 2935 1333 3007 στρωμνῆς
1361 2935 1454 2987 τόν
1479 2950 1537 2985 τε
1568 2933 1651 2982 πλι

1897 2954 1931 2998 ς,
1968 2935 2245 2989 haedorum
2277 2945 2496 3000 quoque
2524 2943 2588 2981 ac
2619 2927 2805 2992 boum,
2835 2932 2884 2978 et
2917 2920 3164 2990 cujusvis
3194 2917 3409 2982 generis

141 3047 234 3083 τον
271 3028 707 3099 ἐπιδεικνύμενοι
740 3029 833 3082 καὶ
879 3028 977 3099 τὴν
1019 2995 1328 3095 ἀσέλγειαν,
1375 3027 1440 3079 ἐκ
1484 3025 1581 3094 τῆς
1620 3041 1652 3074 τ

1896 3023 2148 3077 ιὶιιιτιιίιιηι
2170 3020 2458 3074 macellum
2490 3015 2764 3070 instruitis
2787 3031 2802 3079 ;
2829 3019 2884 3066 et
2915 3012 3056 3064 inter
3079 3019 3408 3076 organorum

143 3123 400 3188 πενήτων
431 3095 710 3191 ἁρπαγῆς,
739 3095 962 3190 ἐρίφους
1002 3136 1062 3172 τε
1103 3119 1197 3171 καὶ
1225 3118 1353 3188 βόας
1386 3117 1478 3169 καὶ
1505 3134 1655 3169 παντί

1902 3119 2048 3170 ntica
2080 3123 2134 3168 et.
2163 3126 2426 3166 manuum
2459 3110 2684 3178 plausus
2720 3105 2908 3159 vinum
2942 3101 3218 3172 apponitis
3249 3095 3413 3149 dels:-

145 3211 550 3280 κατεσφάττετε
593 3210 707 3274 ζῶα
789 3212 1034 3282 ὁργάνων
1079 3228 1137 3263 τε
1185 3209 1350 3279 ᾠδαῖς
1396 3209 1490 3260 καὶ
1519 3207 1657 3277 κράτη

1901 3215 2036 3266 tum,
2084 3219 2194 3274 quo
2244 3203 2426 3256 bibere
2475 3198 2683 3268 largius
2728 3193 2988 3266 possitis;
3037 3191 3271 3258 denique
3313 3202 3413 3238 un-

147 3277 481 3376 κεχρημένοι
503 3303 724 3373 χειρῶν·
748 3277 888 3356 οἷν-όν
915 3320 973 3355 τε
999 3277 1372 3373 προσφέρεσθε
1395 3298 1659 3366 διυλισμέε,

1906 3298 2048 3350 entis
2077 3310 2293 3363 quoque
2325 3289 2545 3346 selectis
2574 3285 2862 3356 ungimini.
2890 3283 3014 3336 llaec
3039 3287 3218 3334 autem
3250 3277 3415 3331 facie-

147 3399 221 3460 ὡς
249 3397 317 3451 ἂν
347 3395 593 3458 πλείονος
638 3395 767 3464 ὑμῖν
815 3393 1172 3464 ἐμφορεῖσθαι
1218 3391 1440 3445 δυνατὸν
1470 3391 1659 3459 ὑπάρχλ

1907 3387 1997 3446 tis,
2031 3390 2318 3452 sperantes
2339 3387 2683 3434 constantem
2717 3374 2934 3428 illorum
2967 3385 3150 3432 usum,
3191 3376 3246 3423 et
3272 3381 3414 3420 nun-

150 3490 243 3540 καὶ
273 3489 340 3559 δὴ
387 3488 487 3540 καὶ
517 3486 713 3557 μύροις
741 3485 1104 3554 καταχρίεσθε
1142 3483 1414 3545 ἐκλεκτοῖς
1434 3498 1448 3513 ·
1484 3483 1578 3535 καὶ
1605 3499 1662 3533 τα

1901 3491 1994 3528 iam
2026 3474 2180 3527 vobis
2200 3471 2547 3534 defuturum;
2579 3482 2678 3521 nec
2708 3472 2966 3532 reputare
2993 3458 3252 3514 voluistis
3275 3473 3413 3526 qna-

148 3596 217 3632 τα
243 3579 310 3647 δὴ
328 3547 626 3646 ’μετῄευιτεξ
652 3547 936 3645 διαμένειν·
956 3577 1086 3644 ὑμῖν
1111 3575 1210 3645 τὴν
1240 3574 1532 3627 ἀπόλαυσιν
1553 3574 1660 3625 αὐτη

1901 3604 1902 3614 χ
1941 3574 1996 3617 et
2040 3573 2243 3634 quanta
2293 3559 2450 3614 vobis
2491 3573 2653 3626 pcena
2705 3555 2844 3608 foret
2893 3550 3228 3608 sustinenda.
3278 3547 3413 3600 Nam

153 3667 587 3738 προσδοκῶντες,
610 3668 706 3720 καὶ
725 3666 844 3719 ούδέ
879 3665 1097 3721 πώποτε
1125 3666 1279 3736 ὑμῶν
1305 3663 1665 3734 ἀποστήσεσθι

1929 3655 2052 3722 eplti
2085 3650 2475 3705 contritionem
2512 3647 2600 3700 ltic
2631 3659 2849 3714 quoque
2886 3642 3022 3695 dicit
3059 3649 3267 3709 partem
3319 3653 3438 3706 pro.

152 3761 251 3811 ούκ
284 3756 731 3826 ἀναλογιζόμενοί
779 3774 836 3810 τε
883 3759 1004 3811 οἵαν
1042 3757 1163 3809 τινὰ
1201 3758 1341 3826 ὑπὲρ
1371 3755 1574 3808 τούτων
1601 3757 1664 3806 ὑπ

1904 3747 2036 3800 mele
2072 3752 2220 3810 toto;
2259 3741 2312 3796 id
2353 3748 2462 3804 est,
2513 3739 2570 3793 in
2619 3744 2858 3791 mentem
2908 3733 3065 3787 vobis
3108 3747 3216 3785 non
3267 3731 3416 3782 venit

158 3852 370 3920 μενεῖτε
415 3818 517 3918 την
563 3818 834 3918 τιμωρίαν
862 3864 874 3875 ·
929 3848 1222 3918 συντριὸὴν
1259 3818 1364 3917 γάρ
1396 3846 1488 3898 τοῦ
1541 3846 1670 3898 Ἰωσέ

1907 3835 2206 3895 ntritionis,
2237 3846 2402 3902 quam
2429 3844 2580 3884 nunc
2601 3843 2664 3882 ea
2690 3835 2910 3896 propter
2939 3821 3213 3893 patimini.
3244 3837 3262 3869 ι
3293 3818 3417 3871 Ideo

155 3914 438 3991 κάνταῦθα
472 3914 634 3989 πάλιν
668 3914 776 3990 ἀπὸ
806 3937 1003 4007 μέρους
1029 3914 1151 3999 τοὺς
1179 3914 1394 3999 ’πάντας
1428 3935 1572 4002 λέγει
1601 3951 1614 3964 ·
1651 3935 1667 3986 ῖ

1904 3940 1983 3977 me
2019 3923 2217 3992 captivi
2265 3930 2427 3976 erunt
2454 3920 2558 3972 sub
2593 3915 2902 3986 principatu
2936 3914 3330 3982 dynastarum;
3362 3916 3416 3962 et

158 4030 310 4100 εἴπῃ,
339 4030 428 4081 ὅτι
460 4029 554 4090 Ei;
583 4027 794 4080 ἔννοιαν
827 4029 888 4080 οὐ
925 4027 1229 4096 λαμϐάνετε
1263 4027 1360 4096 τὴν
1392 4027 1484 4078 νῦν
1523 4041 1670 4094 συντε

1925 4017 2115 4071 feretur
2167 4013 2415 4068 hinnitus
2463 4022 2730 4080 equorum
2782 4021 2850 4060 ex
2902 4002 3220 4072 Epltraimo.
3279 3998 3437 4064 Quia.

159 4093 287 4189 Cir):
316 4121 384 4189 ῆν
407 4118 548 4186 ὑπὲρ
573 4117 775 4170 τούτων
800 4093 1139 4188 ὑπομενεῖτε.
1173 4116 1249 4187 (p.
1276 4093 1398 4180 136)
1435 4115 1561 4167 «Διά
1583 4093 1671 4166 τοῦ

1908 4112 2047 4163 ravit
2074 4107 2339 4160 Dominus
2374 4119 2468 4174 per
2518 4101 2872 4168 semetipsum
2893 4096 3121 4151 dicens:
3161 4093 3419 4146 Dominus

160 4183 254 4263 νύν
278 4183 621 4280 αἰχμάλωτοι
649 4209 860 4261 ἔσονται
885 4183 978 4262 ἀπ’
1003 4183 1495 4278 ὰρχῆςγδυναστῶν,
1525 4206 1619 4258 καὶ
1649 4208 1672 4258 ἐ

1904 4217 1984 4255 :us
2033 4198 2190 4268 123
2225 4197 2511 4257 virtutum,
2561 4191 2850 4245 abominor
2880 4203 2988 4256 ego
3032 4183 3416 4240 contumeliam

161 4277 464 4371 ἀρθήσεται
482 4300 844 4370 χρεμετισμὸς
867 4277 1052 4352 ἵππων
1071 4299 1131 4362 ἐξ
1164 4297 1420 4368 Ἐφραίμ·
1455 4298 1540 4349 ὃτι
1559 4295 1673 4365 ῶμο

1909 4292 2054 4354 cobi,
2109 4297 2165 4342 et
2229 4288 2480 4357 regiones
2543 4281 2789 4352 ejusdem
2849 4279 2960 4343 odi,
3033 4277 3419 4342 destruamque

163 4391 373 4462 Κύριος
400 4349 543 4444 καὗῖ
563 4349 772 4442 ἑαυτοῖῖ
785 4389 957 4456 λέγων
979 4405 992 4418 ·
1031 4349 1290 4458 Κύριοςιδ
1316 4349 1446 4449 Θεὸς
1500 4349 1620 4437 τῶν,
1651 4383 1675 4435 δ

1907 4349 2051 4436 ηιιειῆ
2084 4394 2208 4434 cum
2257 4349 2514 4432 omnibus
2557 4349 2927 4428 incolentibus
2980 4369 3175 4436 ipsam.
3223 4384 3243 4416 ι
3281 4363 3419 4429 Quia

166 4483 426 4551 νάμεων,
473 4481 606 4534 διότι
657 4480 1012 4550 βδελύσσομαι
1049 4479 1158 4549 ἐγὼ
1211 4480 1387 4531 πᾶσαν
1435 4477 1533 4546 τὴν
1585 4475 1678 4545 ὖϐρ

1934 4489 2024 4528 nas
2073 4469 2227 4526 ﬂocci
2292 4467 2492 4528 facitis,
2550 4463 2926 4534 experimento
2986 4461 3105 4526 ipso
3157 4469 3446 4524 agnosces

175 4572 391 4634 Ίακὼό,
429 4572 521 4626 καὶ
547 4544 861 4641 τας-χώρας
889 4544 1052 4624 αὐτοῦ
1085 4544 1386 4639 μεμίσηκα,
1421 4544 1515 4620 καλ.
1562 4544 1687 4636 ἐξαρ

1941 4564 2356 4636 ρι’ωὰἰίειὶοηιιιη
2384 4560 2666 4613 veritatem
2689 4572 2704 4622 ;
2729 4551 3022 4622 abigemini
3047 4550 3189 4603 enim
3221 4544 3420 4614 captivi
3445 4588 3450 4595 .

165 4662 320 4714 πόλιν
351 4662 449 4713 σὺν
480 4662 614 4713 πᾶσι
639 4662 750 4724 τοῖς
767 4660 1108 4714 κατοικοῦσιν
1136 4660 1358 4726 αὐτὴν.»
1400 4657 1612 4725 Ἐπειδὴ
1635 4672 1677 4722 γη

1907 4635 2038 4707 nues
2075 4651 2176 4706 sub
2224 4647 2561 4719 principibus
2593 4657 2786 4711 magna
2826 4648 3093 4710 potestate
3144 4635 3419 4705 praeditis;

162 4752 354 4805 οὐδένα
407 4753 562 4811 λόγον
606 4752 712 4804 τῶν
744 4751 1149 4822 ἀπειλουμένων
1183 4749 1421 4804 ποιεῖσθε
1448 4789 1463 4813 ,
1508 4749 1644 4819 αὐτῇ

1911 4761 2016 4799 lare
2046 4743 2225 4796 on‘tnis
2269 4747 2451 4794 vester
2492 4745 2788 4808 apparatus
2832 4733 3064 4787 bellicus
3105 4744 3228 4783 cum
3265 4727 3423 4795 equis

165 4845 334 4913 “5:9?
359 4841 630 4909 γνώσεσθε
657 4846 762 4895 τῶν
788 4843 1136 4913 μηνυομένων
1167 4841 1264 4912 τὴν
1306 4841 1578 4910 ἀλήθειαν·
1638 4840 1672 4892 ἀ

1937 4852 2071 4891 ursus
2105 4832 2412 4903 disperibit.
2443 4829 2573 4882 Nam
2611 4827 2739 4898 quia
2789 4834 3026 4879 vestram
3066 4835 3282 4874 omnem
3325 4833 3416 4870 nec

164 4932 480 5002 ἀχθήσεσθε
514 4935 621 5004 γὰρ
666 4936 899 4997 ἀπαντες
932 4934 1262 5004 αἰχμάλωτοι
1315 4934 1418 4984 ὑπὸ
1471 4931 1676 5002 ἀρχό-ιτα

1921 4929 2070 4981 itiam
2121 4925 2468 4977 abominatur
2523 4919 2686 4984 Deus,
2738 4932 2900 4987 quam
2953 4915 3006 4968 in
3053 4913 3174 4981 ejus
3229 4919 3425 4964 contu-

165 5025 400 5093 δύναμιν
465 5026 942 5095 περιϐεὸλημένων
1005 5023 1202 5094 πολλήν
1231 5039 1244 5050 ·
1304 5023 1445 5076 ὥστε
1507 5022 1601 5075 καὶ
1647 5038 1675 5073 τ

1941 5019 2058 5069 liam
2101 5027 2486 5068 consummare
2538 5025 2644 5062 non
2696 5007 2980 5070 dubitatis,
3041 5005 3114 5058 ita
3156 5013 3215 5058 ut
3262 5003 3453 5056 urbes.

167 5115 530 5182 παρασκευὴν
577 5116 704 5182 ύμῖν
750 5116 848 5185 τὴν
892 5115 1192 5184 πολεμικὴν
1249 5113 1345 5165 σὺν
1395 5115 1505 5174 τοῖς
1560 5112 1679 5164 inm

1913 5124 1998 5177 pte
2023 5123 2085 5160 ac
2117 5107 2367 5176 regiones
2399 5101 2699 5157 sceleribus
2735 5100 2820 5154 his
2846 5098 3177 5159 redundent,
3231 5094 3425 5148 merito

169 5205 539 5273 ἀφανισθῆναι
572 5205 868 5269 παντελῶς·
900 5205 1088 5275 ἐπειδὴ
1113 5205 1220 5276 γὰρ
1256 5206 1435 5256 πᾶσαν
1467 5200 1622 5272 ὑμῶν
1651 5221 1679 5254 τ

1914 5201 2019 5253 'bes
2047 5182 2257 5253 vestras
2298 5210 2490 5249 onmes
2524 5207 2588 5245 ac
2639 5190 2889 5258 regiones
2929 5203 3052 5241 cum
3103 5183 3300 5239 incolis
3331 5199 3426 5234 va-

170 5294 519 5362 παρανομίαν
547 5294 885 5363 βδελύττεται
907 5293 1059 5356 Θεὸς,
1093 5296 1158 5362 ἦν
1191 5294 1274 5361 ἐφ’
1311 5291 1464 5362 ὕϐρει
1496 5308 1558 5359 γε
1584 5292 1681 5343 αὐτ

1914 5291 2043 5342 abit.
2097 5289 2298 5342 Deinde
2327 5287 2397 5340 ob
2426 5283 2819 5340 ostendendam
2839 5279 3169 5340 solitudinis
3217 5275 3426 5344 magni-

171 5384 418 5454 πληροῦν
446 5388 545 5440 οὐκ
573 5389 796 5451 ὀκνεῖτε,
831 5386 977 5439 ὥστε
1011 5385 1104 5438 καὶ
1133 5385 1230 5446 τὰς
1261 5384 1442 5446 πόλεις
1470 5383 1623 5452 ὑμῶν
1654 5382 1748 5434 καὶ
1856 5381 2096 5434 ιιιιιίιιιῚη
2128 5379 2236 5431 ait:

171 5477 274 5540 τὰς
301 5476 484 5546 χώρας
508 5479 606 5546 τῆς
639 5478 894 5540 ἀσεϐείας
922 5474 1316 5544 πεπληρῶσθαι
1340 5475 1562 5544 ταύτης,
1604 5473 1825 5534 εἰκότως
1858 5471 2072 5533 ἁπάσας
2107 5467 2258 5537 ὑμῶν
2290 5467 2384 5518 σὺν
2423 5465 2543 5525 ταῖς
2571 5461 2775 5534 χώραις
2808 5459 2904 5522 τὰς
2934 5458 3120 5519 πόλεις
3151 5453 3288 5526 μετά
3319 5455 3426 5506 τῶν
3452 5501 3457 5506 .

173 5566 468 5618 οἰκούντων
498 5566 744 5632 ἀφανιεῖ·
787 5559 904 5616 εἶτα
932 5563 1010 5624 εἰς
1035 5559 1310 5624 ἀπόδειξιν
1336 5562 1429 5615 τοῦ
1454 5561 1713 5632 μεγέθους
1741 5561 1839 5628 τῆς
1868 5557 2194 5627 ἐρημώσεως
2219 5556 2398 5622 λέγει·

247 5661 397 5728 Στέχ.
433 5657 500 5722 θ’,
536 5657 583 5710 ι’.
627 5690 694 5698 --
731 5679 746 5708 ι
775 5660 884 5711 Καὶ
913 5658 1067 5711 ἔσται
1096 5656 1189 5710 ἐὰν
1218 5655 1585 5723 ἀπολειφθῶσι
1619 5655 1746 5707 δέκα

1933 5653 2092 5705 Vens.
2131 5652 2183 5710 9,
2227 5650 2311 5701 lO.
2349 5679 2414 5688 -—
2448 5667 2466 5698 ι
2510 5647 2575 5700 Et
2610 5647 2732 5709 erit,
2772 5651 2815 5705 si
2852 5641 3213 5698 remanserint
3242 5640 3427 5694 decem

176 5747 365 5822 ἇνδρες
407 5753 463 5804 ἐν
492 5751 638 5820 οἰκία
669 5751 800 5820 μιᾷ,
839 5748 1264 5803 ἀποθανοῦνται·
1303 5748 1394 5798 καὶ
1426 5746 1682 5815 ύπολειςθ

1919 5746 1959 5798 ri
1981 5747 2030 5797 in
2052 5760 2155 5798 una
2179 5743 2359 5808 domo,
2390 5741 2726 5804 morientur;
2752 5747 2802 5790 et
2823 5735 3178 5790 remanebunt
3203 5732 3429 5802 reliqui;
