3828 6216
403 262 512 317 235
1600 270 1949 329 τηεοουιιι
1989 268 2473 329 Μυρευεδτεμι
3556 276 3660 331 ΞΜ

398 393 460 439 ot
490 389 709 439 sument
737 382 1025 439 domestici
1051 397 1242 439 eorum
1270 401 1286 452 ;
1321 393 1376 441 et
1407 387 1762 445 conabuntur
1794 388 1988 445 efferre

2106 408 2273 445 τονται
2302 392 2352 443 οἰ
2382 390 2719 453 κατάλοιποι,
2756 390 2849 443 καὶ⁸
2879 390 3137 463 λήψονται
3165 386 3211 444 οἰ
3243 394 3436 447 οἰκεῖοι
3464 394 3655 448 αὐτῶν·

404 480 572 533 domo
597 493 725 533 ossa
756 493 983 542 eorum;
1016 488 1072 532 et
1101 476 1244 531 dicet
1270 476 1337 533 iis
1372 477 1465 548 qui
1496 490 1740 548 praesunt
1764 482 1985 538 domui:

2106 482 2188 535 καὶ
2220 481 2595 552 παραϐιῶνται
2639 479 2733 534 τοῦ
2779 482 3084 550 ἐξενεγκεῖν
3128 481 3198 535 τὰ
3234 483 3371 536 ὀστᾶ
3396 484 3573 537 αὐτῶν
3599 487 3660 538 ἐκ

399 568 546 623 Num
577 569 757 624 adhuc
783 567 930 639 apud
958 576 1013 622 te
1043 567 1168 622 est?
1196 567 1261 621 Et
1290 568 1436 624 dicet
1464 588 1477 623 :
1505 568 1884 641 Nequaquam.
1919 572 1985 627 Et

2106 570 2186 624 τοῦ
2218 571 2369 624 οῖκου
2389 586 2404 602 ·
2448 571 2544 625 καὶ
2575 570 2694 641 ἐρεῖ
2718 574 2830 635 τοῖς
2856 570 3219 643 προεστηκόσι
3237 568 3333 623 τοῦ
3352 576 3506 628 οἴκου
3531 593 3546 608 ο
3600 578 3661 631 Et

397 660 594 716 dicet:
658 659 820 725 Tace,
871 670 930 715 ut
977 676 1088 715 non
1135 660 1389 716 nomines
1438 677 1638 718 nomen
1685 663 1923 720 Domini.
1965 684 1983 717 ι

2106 660 2174 715 ἔτι
2201 662 2436 732 ὑπάρχει
2467 661 2617 734 παρά
2644 662 2727 715 σοί
2754 679 2768 692 ·
2815 663 2910 717 καὶ
2934 665 3081 735 ἐρεῖ·
3114 664 3314 719 Οὐκέτι
3339 682 3354 698 ·
3397 668 3491 720 καὶ
3516 670 3659 737 ἐρεῖ·

400 751 657 809 Profecto
684 751 770 807 bis
795 752 962 808 dictis
1002 752 1146 808 inest
1172 752 1485 810 obscuritas
1514 756 1682 810 multa
1716 758 1783 811 ad
1808 758 1990 828 expla-

2106 753 2230 823 Σίγα
2259 770 2274 786 ·
2335 754 2525 808 ἕνεκεν
2559 752 2656 807 τοῦ
2691 753 2767 826 μὴ
2792 755 3059 826 ὀνομάσαι
3097 757 3157 809 τὸ
3181 757 3354 828 δνομα
3386 760 3609 831 Κυρίου.
3641 780 3658 812 ι

400 844 685 911 nandum;
716 843 1038 916 videturque
1064 846 1216 901 locus
1239 847 1437 901 similis
1489 847 1565 902 illi
1600 848 1654 903 in
1694 847 1892 906 Genesi
1920 850 1991 917 “,

2106 846 2171 917 [ν.
2196 846 2321 918 187)
2369 847 2525 900 Ἐστι
2562 847 2663 918 μὲν
2687 849 2752 900 ἐκ
2779 847 2879 917 τῆς
2908 848 3204 918 ἑρμηνείας
3237 850 3476 920 ἀσάφεια
3502 852 3666 924 πολλή

404 939 503 993 ubi
522 938 590 993 de
621 936 989 993 conventione
1018 954 1200 993 sermo
1229 946 1314 994 est
1342 938 1549 996 Labani
1573 950 1627 996 et
1648 942 1995 999 Jacobiinter

2106 938 2560 1010 συμπεπλεγμένη
2586 939 2665 1011 τῷ
2698 938 2848 1011 ρητῷ
2865 954 2879 968 ·
2916 940 3012 993 καὶ
3036 941 3296 1012 παρέοικέ
3321 959 3384 995 τε
3412 942 3490 1013 τῷ
3520 944 3577 998 ἐν
3602 948 3665 1016 τῇ

396 1047 486 1097 se,
516 1032 666 1085 circa
688 1031 870 1085 ovium
889 1040 1101 1101 partus,
1132 1038 1286 1087 utros
1315 1032 1511 1088 horum
1541 1034 1631 1089 bic
1656 1036 1741 1091 vel
1770 1036 1863 1092 ille
1892 1036 1990 1090 ba-

2106 1031 2295 1094 ιιτίσει,
2322 1028 2454 1084 ἔνθα
2479 1030 2610 1101 περὶ
2636 1029 2746 1083 τῶν
2772 1029 3059 1101 συνθηκῶν
3100 1031 3269 1100 λέγει,
3304 1032 3374 1096 ἃς
3405 1033 3591 1088 Λάϐαν
3610 1052 3667 1086 τε

404 1123 592 1187 beret;
622 1137 747 1176 nam
779 1129 932 1177 certe
976 1129 1031 1177 et
1066 1121 1201 1178 illud
1238 1122 1454 1178 laborat
1498 1125 1556 1179 in
1582 1126 1767 1182 verbis
1798 1127 1996 1183 obscu-

2106 1122 2193 1174 ιιαὶ
2235 1120 2429 1175 Ἰακὼϐ
2461 1122 2789 1191 ἐποιήσαντο
2836 1121 2972 1192 πρὸς
2998 1121 3280 1192 ἀλλήλους,
3328 1124 3423 1177 ἐπὶ
3459 1124 3537 1195 τῷ
3565 1124 3668 1177 τῶν

417 1215 602 1278 ritate,
644 1230 746 1270 nec
780 1213 890 1270 nisi
926 1213 1361 1282 interpretando,
1395 1232 1594 1273 sensus
1621 1219 1743 1287 ejus
1771 1217 1996 1273 deduci-

2106 1214 2381 1285 προϐάτων
2407 1214 2477 1269 τά
2503 1214 2817 1285 τικτόμενα,
2838 1215 2908 1268 τὰ
2934 1214 3032 1285 μὲν
3064 1214 3275 1279 τοῦτον,
3301 1214 3371 1268 τὰ
3398 1216 3445 1268 δ’
3472 1216 3670 1270 ἐκεῖνον

404 1314 501 1357 tur
527 1303 597 1358 ad
625 1304 956 1359 claritatem.
990 1302 1218 1374 Oportet
1251 1315 1434 1360 autem
1463 1316 1518 1360 et
1544 1306 1834 1377 pmsentis
1861 1306 1996 1361 dicti

2106 1306 2270 1377 ἔχειν·
2302 1308 2425 1360 ἐπεὶ
2453 1308 2671 1361 κάκεῖνο
2698 1306 2908 1374 ἀσαφὲς
2936 1307 3035 1378 μέν
3058 1306 3207 1360 ἐστιν
3247 1309 3306 1360 ἐν
3334 1310 3402 1379 τῇ
3431 1306 3571 1372 λέξει
3595 1324 3608 1338 ·
3644 1310 3671 1361 ό

402 1412 632 1451 sensum
683 1410 979 1465 exponere,
1021 1395 1260 1451 obscura
1309 1396 1556 1452 dictione
1598 1396 1759 1454 nobis
1790 1397 1995 1453 recita-

2106 1396 2155 1450 δέ
2183 1396 2307 1461 νοῦς
2341 1398 2435 1451 ἐπὶ
2462 1398 2560 1470 τῆς
2606 1398 2902 1470 ἑρμηνείας
2942 1394 3159 1469 δέχεται
3201 1398 3303 1470 τὴν
3341 1400 3633 1468 σαφήνειαν
3655 1416 3667 1429 ·

407 1497 543 1541 tum.
579 1486 846 1543 Nimirum
877 1487 993 1542 haec
1022 1488 1098 1541 ait
1134 1487 1417 1558 propheta,
1452 1488 1765 1559 signiﬁcare
1805 1488 1997 1544 volens

409 1578 700 1631 maximam
752 1576 869 1632 fore
909 1576 1242 1641 vastitatem.
1291 1576 1429 1633 Nam
1476 1593 1641 1648 saepe,
1687 1579 1887 1649 inquit,
1940 1579 1995 1633 in

404 1668 588 1739 ampla
627 1684 693 1723 ac
717 1683 1010 1725 numerosa
1037 1667 1247 1723 familia
1278 1668 1361 1724 vix
1403 1668 1595 1725 decem
1633 1670 1998 1727 remanebunt

2096 1486 2311 1556 ἀνάγκη
2355 1488 2414 1541 δέ
2460 1488 2556 1542 καὶ
2606 1487 2797 1543 τούτου
2840 1488 2933 1542 τὸν
2981 1488 3106 1543 νοῦν
3140 1489 3416 1553 ἐκθεῖναι,
3456 1490 3671 1559 ἀσαφῶς

2099 1578 2430 1650 δηλούμενον
2464 1582 2523 1634 ἐν
2547 1583 2613 1652 τῇ
2652 1581 2798 1646 λέξει
2825 1598 2839 1612 ·
2887 1581 3136 1652 βούλεται
3158 1581 3269 1652 γὰρ
3301 1582 3381 1645 είς
3412 1583 3672 1649 ἀπόδειξιν

2098 1672 2197 1740 τῆς
2224 1670 2680 1742 καταληψομένης
2708 1673 2907 1736 αὐτοὺς
2943 1674 3181 1745 ἐρημίας
3219 1674 3297 1737 ώς
3342 1673 3485 1742 ἀγαν
3513 1672 3672 1744 οὔσης

410 1736 684 1826 homines,
714 1762 928 1819 caneris
959 1761 1090 1816 belli
1114 1761 1472 1816 multifariam
1505 1762 1834 1829 interfectis,
1859 1778 1996 1833 quo-

2106 1736 2370 1833 μεγίστης
2387 1736 2547 1817 τοῦτο
2568 1736 2764 1829 εἰπεῖν,
2791 1765 2873 1819 ὅτι
2895 1736 3181 1830 Πολλτάκις,
3210 1736 3404 1836 φησιν,
3424 1766 3481 1832 ἐξ
3505 1736 3672 1829 οἰκίας

414 1853 580 1908 modo
629 1865 684 1909 et
723 1854 779 1909 in
818 1854 1198 1925 superioribus
1243 1855 1402 1921 dixit,
1424 1854 1493 1910 de
1531 1865 1750 1911 centum
1810 1854 1998 1911 decem

411 1946 839 2016 superfuturos;
882 1956 937 2001 et
971 1946 1040 2002 de
1066 1946 1237 2012 mille,
1275 1956 1519 2002 centum.
1555 1946 1696 2001 Tum
1742 1948 1997 2012 mortuis,

410 2037 619 2107 inquit,
650 2037 887 2101 caeteris,
921 2036 956 2091 ii
981 2037 1078 2108 qui
1113 2038 1775 2108 superfuerint,sedulam
1793 2037 2003 2093 dabunt

409 2144 633 2198 cperam
663 2136 723 2183 ut
754 2128 941 2183 omnia
970 2130 1378 2185 exstinctorum
1420 2144 1654 2199 corpora
1700 2145 1824 2200 quae
1852 2131 2002 2185 intus

402 2216 614 2287 jacent,
663 2216 894 2272 efferant
936 2232 1001 2271 ac
1035 2219 1334 2288 sepulturae
1373 2220 1614 2275 tradant.
1661 2218 1777 2275 Hoc
1817 2228 2000 2275 autem

409 2311 507 2373 ait,
549 2311 678 2380 quia
710 2310 1049 2366 multimodis
1092 2310 1255 2383 124
1302 2312 1358 2366 in
1404 2313 1546 2368 bello
1592 2323 1805 2384 strages
1838 2315 1995 2379 fiunt,

408 2414 463 2456 et
503 2404 653 2458 varie
686 2403 859 2458 occisi
891 2404 946 2457 in
977 2404 1214 2459 diversis
1258 2403 1458 2459 aedium
1491 2406 1741 2474 partibus
1770 2406 1956 2475 jacent
1984 2425 1999 2461 :

410 2493 723 2563 acciditque
772 2495 1074 2557 interdum,
1133 2503 1193 2550 ut
1240 2495 1348 2550 hoc
1400 2512 1584 2551 rerum
1636 2504 1779 2552 statu
1820 2508 2004 2568 partes

409 2602 633 2657 quoque
663 2588 862 2643 aedium
885 2589 1166 2643 nonnulla:
1197 2590 1582 2653 convellantur
1607 2600 1662 2645 et
1692 2592 1748 2645 in
1772 2606 2003 2661 corpora

409 2679 699 2735 decidant.
730 2678 857 2735 Ideo
882 2680 1069 2746 etiam,
1111 2690 1405 2744 conantur,
1440 2680 1617 2746 dixit;
1646 2688 1705 2736 ut
1732 2682 2003 2753 significet

412 2770 750 2828 laboriosum
812 2788 915 2828 nec
965 2772 1128 2826 facile
1170 2772 1373 2828 habere
1419 2774 1702 2844 negotium
1750 2790 1847 2831 eos
1896 2774 2003 2846 qui

404 2862 682 2919 cadavera
748 2863 935 2918 omnia
1000 2863 1265 2920 mandare
1330 2867 1628 2935 sepultura:
1697 2867 1994 2923 voluerint.

413 2954 619 3010 Deinde
656 2957 775 3010 ait:
830 2954 1156 3012 lassitudine
1191 2955 1433 3011 confecti
1487 2958 1558 3013 ob
1595 2957 1866 3013 elatorum
1912 2973 2005 3013 ca-

408 3047 674 3102 daverum
699 3046 1130 3111 multitudinem,
1161 3048 1323 3103 verba
1349 3049 1599 3119 quaedam
1631 3051 1852 3115 facient,
1884 3067 2002 3104 mu-
2030 3072 2077 3130 (ς

412 3145 510 3192 tuo
542 3139 902 3203 altercantes,
934 3154 1064 3193 num
1092 3139 1281 3193 omnia
1308 3148 1595 3210 exportata
1617 3142 1731 3196 sint
1752 3158 2002 3211 corpora,

413 3243 485 3282 an
516 3228 698 3284 adhuc
736 3231 925 3300 aliqua
956 3230 1233 3301 insepulta
1260 3230 1519 3300 iaceant;
1557 3239 1613 3285 et
1651 3231 1873 3302 quidem
1903 3231 2003 3284 do-

412 3321 524 3375 mui
557 3322 915 3391 praesidentes
957 3321 1187 3377 denotat
1212 3321 1338 3377 illos
1363 3322 1458 3392 qui
1492 3338 1559 3377 ex
1606 3324 1869 3379 universo
1902 3337 2006 3376 nu-

412 3428 588 3476 mero,
629 3413 818 3469 decem
850 3423 1271 3470 remanserant:
1298 3413 1458 3486 quasi
1491 3430 1624 3485 ergo
1658 3414 1867 3470 mutuis
1890 3431 2008 3471 ser-

417 3504 674 3558 monibus
714 3504 789 3558 ita
834 3504 1125 3574 loquentes
1168 3505 1499 3560 introducit.
1546 3504 1845 3575 Pestquam
1877 3520 2008 3560 vero

413 3605 614 3651 cuncta
646 3596 842 3653 eﬂ‘erre
872 3605 927 3651 et
963 3598 1205 3668 sepelire
1244 3598 1514 3654 cadavera
1557 3598 1857 3669 potuerint,
1890 3607 2005 3653 tum

414 3688 634 3744 demum
662 3689 875 3743 nullum
912 3690 1024 3759 jam
1052 3706 1340 3746 remanere
1373 3690 1442 3747 de
1477 3692 1766 3747 exstinctis
1803 3707 2009 3762 cogno-

414 3786 591 3844 scent,
640 3780 769 3835 dum
817 3782 986 3836 altum
1035 3781 1232 3836 aedium
1272 3782 1555 3837 silentium
1607 3783 1890 3845 videbunt,
1935 3784 2009 3839 ob

415 3872 732 3927 occisorum
776 3874 1181 3929 multitudinem
1211 3882 1266 3929 et
1308 3874 1705 3943 inquilinornm
1756 3875 2008 3931 solitudi-

415 3978 565 4029 nem,
596 3965 788 4033 paucis
819 3964 1115 4019 admodum
1146 3965 1354 4020 relictis
1385 3966 1439 4019 in
1477 3973 1586 4018 tam
1618 3980 1814 4035 magna
1842 3963 2008 4017 domo

414 4062 679 4125 tantoque
710 4055 1076 4109 habitantium
1115 4070 1367 4110 numero.
1417 4056 1601 4121 Quare
1640 4056 1900 4109 taciturni
1951 4055 2005 4108 in

415 4145 622 4203 talibus
647 4147 927 4216 tantisque
955 4147 1117 4202 malis
1144 4145 1307 4212 flent;
1333 4159 1399 4200 ac
1431 4161 1599 4216 prope
1625 4147 1827 4201 amissa
1850 4161 2006 4209 voce,

414 4249 639 4310 propter
673 4255 932 4296 aerumnae
979 4254 1249 4296 summam
1282 4241 1631 4313 gravitatem,
1674 4249 1856 4294 mente
1891 4248 2005 4293 tum

414 4331 723 4395 revolvent,
771 4346 1024 4402 quamam
1064 4343 1174 4387 tam
1220 4332 1463 4386 dirorum
1520 4331 1789 4385 malorum
1835 4343 2005 4384 causa

2104 1852 2367 1923 μεγίστης
2387 1854 2814 1927 πολυανθρώπου
2840 1858 2999 1928 μόγις
3020 1856 3509 1927 ὑπολειφθήσονται
3528 1857 3671 1921 δέκα,

2100 1944 2210 1997 τῶν
2248 1945 2452 1999 λοιπῶν
2496 1947 2893 2018 ἀναιρεθέντων
2928 1951 2987 2002 ἐν
3025 1948 3105 2019 τῷ
3132 1948 3356 2019 πολέμῳ
3384 1949 3633 2012 ποικίλως
3654 1967 3667 1980 ·

2101 2033 2211 2091 οἶόν
2240 2055 2294 2091 τι
2320 2038 2415 2092 καὶ
2446 2040 2504 2092 ἐν
2537 2042 2649 2102 τοῖς
2683 2040 2981 2111 ἀνωτέροις
3010 2040 3196 2110 φησὶν,
3239 2041 3323 2093 δτι
3357 2041 3421 2093 ἐκ
3454 2040 3549 2110 μὲν
3574 2040 3673 2093 τῶν

2102 2130 2318 2193 ἐκατὸν,
2360 2130 2493 2185 δέκα
2543 2131 2798 2202 μενοῦσιν
2821 2148 2849 2163 ·ν
2889 2132 3083 2187 ἐκατὸν
3116 2132 3196 2195 δὲ,
3248 2135 3314 2186 ἐκ
3344 2132 3453 2185 τῶν
3477 2132 3666 2203 χιλίων.

2103 2217 2258 2285 Εἶτα,
2290 2221 2475 2291 φησὶν,
2503 2221 2884 2277 ἀποθανόντων
2910 2221 2979 2275 τὰ
3006 2220 3240 2292 σώματα
3261 2222 3357 2275 καὶ
3386 2220 3528 2274 ἐνδον
3566 2238 3667 2273 κειο

2106 2314 2281 2384 μένων
2310 2314 2616 2383 ἐξενεγκεῖν
2661 2331 2722 2367 τε
2769 2314 2863 2367 καὶ
2913 2311 3253 2385 παραδοῦναι
3294 2315 3439 2384 ταφῇ
3467 2329 3479 2342 ·
3527 2311 3669 2364 τοῦτο

2101 2406 2159 2459 δὲ
2186 2405 2333 2474 λέγει
2360 2406 2437 2469 ὡς
2470 2405 2562 2459 καὶ
2600 2405 2694 2458 τοῦ
2726 2404 2964 2476 πολέμου
3001 2404 3383 2475 πολυτρόπους
3409 2403 3667 2465 ποιοῦντος

2103 2496 2202 2561 τὰς
2229 2497 2462 2566 σφαγὰς,
2502 2498 2597 2551 καὶ
2625 2496 2737 2550 τῶν
2764 2496 3174 2568 ἀναιρουμένων
3200 2495 3461 2559 ποικίλως
3490 2496 3544 2546 ἐν
3566 2495 3668 2547 δια-

2104 2590 2289 2659 φόροις
2312 2588 2503 2659 μέρεσι
2528 2588 2626 2658 τῆς
2687 2587 2865 2650 οἰκίας
2885 2586 3172 2657 κειμένων·
3204 2588 3282 2651 ὡς
3308 2590 3367 2640 ἐν
3395 2586 3665 2658 τοιαύτῃδὲ

2106 2680 2440 2734 καταστάσει
2489 2680 2585 2733 καί
2620 2697 2785 2734 τινων
2809 2678 2917 2734 τῶν
2945 2680 3046 2749 τῆς
3070 2680 3251 2743 οἰκίας
3294 2679 3474 2750 μερῶν
3518 2695 3666 2733 κατα-

2106 2772 2410 2843 σπωμένων
2435 2790 2499 2825 τε
2534 2772 2631 2825 καὶ
2670 2771 2981 2826 πιπτόντων
3007 2775 3121 2836 τοῖς
3152 2770 3410 2843 σώμασι·
3461 2772 3532 2841 (p.
3560 2770 3665 2837 188)

2104 2862 2185 2916 διὸ
2228 2863 2324 2916 καί
2354 2863 2435 2926 τδ,
2471 2863 2897 2932 παραϐιῶνται,
2932 2857 3086 2916 εἷπεν
3108 2879 3121 2890 ·
3162 2862 3381 2926 δεικνὺς
3401 2863 3480 2916 ὃτι
3509 2876 3667 2931 παρα·

2105 2954 2462 3026 ϐεϐιασμένον
2508 2956 2603 3009 καὶ
2635 2957 2736 3009 οὐκ
2782 2955 3004 3008 εὔκολον
3051 2955 3395 3027 ἐπιχειροῦσι
3435 2955 3664 3025 πρᾶγμα.

2106 3047 2174 3100 τὰ
2225 3046 2455 3119 σώματα
2496 3048 2712 3102 ἅπαντα
2754 3046 3072 3117 βουλόμενοι
3119 3050 3268 3118 ταφῇ
3317 3045 3660 3119 παραδοῦναι·

2106 3136 2228 3193 εἷτά
2252 3156 2436 3211 φησιν·
2479 3139 2830 3202 Ἀπειπόντες
2861 3138 3000 3210 πρὸς
3040 3139 3102 3192 τὸ
3146 3138 3263 3191 τῶν
3306 3137 3665 3207 ἐξενεχθέντων

2108 3229 2311 3300 πλῆθος
2359 3230 2569 3301 νεκρῶν
2595 3267 2610 3292 ,
2663 3228 2855 3297 λόγους
2900 3230 2964 3299 δή
3005 3245 3156 3291 τινας
3189 3230 3505 3298 ποιήσονται
3547 3222 3664 3293 πρὸς

2105 3320 2369 3391 ἀλλήλους
2394 3319 2945 3391 διαμφισϐητοῦντες·
2991 3320 3101 3372 εἴτε
3133 3318 3246 3391 ἄρα
3302 3320 3474 3373 πάντα
3502 3315 3665 3381 ἐξενή-

2107 3411 2419 3479 νεγκταιτά
2448 3409 2697 3479 σώματα,
2728 3408 2839 3462 εἴτε
2872 3410 2966 3461 καὶ
2993 3408 3073 3461 ἔτι
3094 3409 3179 3478 εῖη
3211 3410 3439 3479 κείμενα
3467 3408 3631 3472 ἄταφα
3649 3420 3660 3432 ·

2107 3503 2512 3573 προεστηκότας
2536 3498 2643 3569 γὰρ
2685 3501 2785 3570 τῆς
2828 3500 3006 3562 οἰκίας
3052 3500 3255 3563 αὐτοὺς
3302 3499 3428 3563 τοὺς
3472 3496 3662 3551 ὑπολει-

2108 3592 2338 3661 φθέντας
2370 3590 2430 3656 ἐξ
2469 3592 2724 3646 ἁπάντων
2751 3590 2899 3659 λέγει
2924 3592 3051 3655 τοὺς
3088 3591 3245 3657 δέκα,
3278 3585 3389 3643 οἷον
3411 3588 3573 3641 εἰπεῖν
3597 3585 3662 3646 ὡς

2108 3682 2175 3735 ἂν
2202 3683 2338 3752 πρὸς
2370 3679 2631 3749 ἀλλήλους
2659 3681 2921 3751 ἐροῦντας
2949 3697 3010 3732 τε
3043 3679 3252 3734 ταῦτα·
3286 3678 3453 3733 ἐπειδ’
3481 3678 3541 3730 ἂν
3565 3674 3659 3743 γὰρ

2106 3776 2288 3837 αὐτοῖς
2316 3774 2606 3844 ἐγγένηταί
2643 3790 2760 3837 πως
2794 3772 2971 3826 πάντα
2998 3789 3061 3825 τε
3091 3772 3347 3825 ἐκϐαλεῖν
3388 3770 3479 3823 καὶ
3531 3768 3657 3833 ταφῇ

2109 3867 2442 3939 παραδοῦναι
2476 3866 2546 3919 τὰ
2573 3864 2823 3936 σώματα,
2862 3864 3163 3933 γνώσονται
3202 3866 3301 3936 μὲν
3324 3863 3498 3917 οὐκέτι
3522 3860 3659 3918 ὄντας

2107 3958 2351 4029 νεκρούς·
2381 3958 2614 4029 ὁρῶντες
2642 3956 2752 4027 γὰρ
2775 3957 2877 4028 τὴν
2906 3957 3249 4026 κατέχουσαν
3272 3957 3363 4010 τὸν
3397 3951 3533 4007 οἷκον
3556 3952 3659 4019 ήσν-

2108 4052 2231 4121 χίαν
2262 4050 2327 4103 ἔκ
2359 4067 2419 4103 τε
2448 4049 2542 4103 τοῦ
2574 4048 2811 4120 πλήθους
2834 4049 2942 4103 τῶν
2968 4050 3328 4103 ἀπολωλότων
3350 4049 3440 4102 καὶ
3459 4046 3549 4116 τῆς
3565 4044 3656 4095 τῶν

2106 4143 2399 4196 οἰκούντων
2439 4142 2698 4213 ἐρημίας,
2730 4143 2870 4210 ἀγαν
2914 4141 3364 4210 ὑπολειφθέντων
3395 4138 3573 4207 ὀλίγων
3606 4134 3657 4197 ἐξ

2107 4234 2283 4297 οἰκίας
2323 4250 2383 4285 τε
2414 4231 2682 4303 τοσαύτης
2713 4232 2807 4285 καὶ
2844 4232 3083 4302 πλήθους
3119 4231 3231 4284 τῶν
3275 4232 3548 4285 οἰκούντων
3574 4226 3655 4278 αύ-

2108 4328 2210 4398 τήν
2231 4344 2244 4355 ·
2279 4328 2460 4397 σιωπῇ
2492 4325 2551 4379 δέ
2583 4342 2689 4378 τινι
2718 4324 3147 4394 κατασχεθέντες
3177 4326 3273 4377 ἐπὶ
3296 4321 3551 4382 τοσούτοις
3574 4317 3654 4370 καὶ

410 4424 745 4480 exstiterit:
800 4425 947 4496 quod
996 4441 1230 4497 nempe,
1285 4424 1470 4480 divino
1514 4424 1668 4479 cultu
1722 4423 1996 4495 neglecto,

2106 4418 2447 4490 τηλικούτοις
2487 4417 2737 4485 γεγονόσι
2767 4418 2989 4478 κακοῖς·
3023 4417 3115 4468 καὶ
3151 4415 3315 4486 μόνον
3343 4415 3439 4467 οὐκ
3468 4408 3653 4479 ἀφωνία

410 4525 837 4590 contemptoque
870 4519 1200 4575 universalis
1233 4520 1450 4575 Domini
1485 4519 1723 4582 nomine,
1757 4518 1919 4573 idolis
1936 4533 1997 4573 se

412 4610 747 4678 addixerint,
788 4611 996 4668 idcirco
1032 4614 1149 4668 haec
1189 4612 1293 4668 sibi
1331 4611 1585 4668 evenisse
1625 4610 1790 4674 mala,
1822 4609 1998 4679 capti-

413 4703 656 4770 vitatem,
698 4704 900 4760 aedium
939 4707 1181 4769 ruinam,
1234 4705 1647 4761 interfectorum
1697 4703 1999 4757 multitudi-

410 4808 559 4861 nem,
592 4795 961 4851 babitantium
993 4798 1373 4853 solitudinem.
1405 4794 1571 4850 Addit
1591 4809 1722 4865 ergo
1747 4794 1903 4864 quasi
1926 4793 1997 4847 ad

411 4887 687 4940 dictorum
726 4887 1201 4943 confirmationem
1231 4904 1248 4943 :

2103 4509 2397 4581 ληφθέντες
2422 4508 2511 4561 διὰ
2533 4508 2634 4576 τὴν
2674 4506 2782 4560 τῶν
2808 4506 3215 4577 ἐπεληλυθότων
3240 4506 3424 4561 κακῶν
3451 4501 3654 4570 ὑπερϐο-

2103 4603 2223 4675 λὴν,
2261 4598 2672 4668 ἀναλογιοῦνται
2703 4597 2826 4649 τότε
2854 4596 2918 4668 δὴ
2949 4596 3056 4649 τῶν
3086 4597 3387 4665 γεγονότων
3416 4591 3651 4647 τοσούτων

2104 4696 2199 4749 καὶ
2220 4690 2554 4762 τηλικούτων
2573 4688 2759 4742 κακῶν
2788 4689 2887 4757 τὴν
2912 4687 3112 4741 αἰτίαν·
3138 4688 3234 4741 καὶ
3256 4688 3336 4740 ὅτι
3362 4684 3493 4754 ὑπὲρ
3512 4675 3578 4732 ὧν
3594 4679 3651 4730 δι’

2104 4786 2363 4858 ἀμελείας
2389 4784 2545 4854 ἔσχον
2570 4780 2668 4852 τὴν
2691 4780 2785 4832 τοῦ
2811 4780 2967 4832 Θείου
2993 4779 3309 4850 θεραπείαν,
3334 4769 3650 4842 ἀπωσάμενοί

2103 4898 2164 4934 τε
2192 4879 2293 4949 τὴν
2324 4873 2619 4945 ὀνομασίαν
2662 4872 2757 4925 τοῦ
2804 4873 3021 4926 πάντων
3054 4871 3284 4942 Κυρίου,
3320 4865 3647 4940 προσανέσχον

412 4982 673 5045 εἰδώλοις,
709 4982 786 5050 (p.
824 4981 946 5050 189)
972 4982 1143 5035 ταῦτα
1170 4982 1235 5052 δὴ
1275 4982 1458 5045 αὐτοῖς
1496 4981 1794 5051 ἐπελήλυθε
1833 4980 1903 5033 τά
1945 4979 2112 5042 κακὰ,
2147 4970 2494 5046 αἰχμαλωσία
2524 4985 2606 5033 τε,
2639 4969 2732 5019 καὶ
2757 4967 2919 5018 οἴκων
2951 4966 3326 5030 κατάπτωσις,
3358 4962 3446 5014 καὶ
3474 4954 3645 5025 πλῆθος

413 5072 832 5142 ἀναιρεθέντων,
867 5073 959 5125 καὶ
985 5074 1276 5127 οἰκούντων
1308 5075 1531 5147 ἐρημία·
1560 5076 1755 5144 ἐπάγει
1784 5073 1914 5144 γοῦν
1942 5073 2129 5143 ὥσπερ
2162 5071 2242 5133 εἰς
2272 5065 2561 5138 βεϐαίωσιν
2590 5062 2699 5116 τῶν
2724 5058 3049 5130 εἰρημένων·

489 5247 657 5302 Vens.
687 5248 869 5303 ll-l5.
893 5280 963 5289 —
994 5267 1011 5301 ι
1046 5251 1175 5307 Ideo
1202 5267 1330 5308 ecce
1359 5253 1622 5310 Dominus
1651 5254 1893 5319 mandat,
1940 5262 1996 5308 et

420 5339 690 5413 percutiet
737 5339 958 5394 domum
995 5357 1245 5413 magnam
1290 5346 1486 5405 ruinis.
1521 5355 1577 5402 et
1621 5345 1840 5399 domum
1872 5359 1995 5414 par-

421 5447 543 5485 vam
576 5430 959 5486 scissionibus.
1001 5452 1021 5486 ι
1049 5434 1216 5500 Quasi
1242 5450 1467 5491 causam
1497 5438 1709 5500 dicens,
1739 5452 1839 5491 cur
1878 5444 1997 5490 tan-

421 5526 514 5573 tus
536 5516 755 5571 futurus
793 5520 865 5574 sit
903 5522 1056 5577 labor
1082 5532 1426 5581 mortuorum
1470 5543 1703 5599 corpora
1738 5525 1998 5582 efferendi

493 5724 539 5756 “
594 5724 727 5778 Gen.
788 5741 913 5793 ιιι,
953 5728 1042 5782 ει.

2172 5250 2322 5321 Στίχ.
2371 5252 2549 5315 ια’-ιγ’.
2603 5274 2671 5285 --
2724 5241 2906 5294 (Διότι
2952 5240 3060 5293 ἰδοὺ
3100 5239 3304 5311 Κύριος
3347 5229 3639 5321 ἐντέλλεται,

2103 5343 2197 5398 καί⁹
2239 5317 2473 5405 πατάξει
2500 5336 2591 5390 τὸν
2636 5329 2785 5387 οἶκον
2815 5331 2909 5385 τὸν
2941 5330 3115 5403 μέγαν
3149 5332 3434 5400 θλάσμασι,
3462 5317 3641 5376 καὶτὸν

2102 5430 2251 5488 οἰκον
2274 5432 2365 5485 τὸν
2402 5427 2594 5500 μικρὸν
2625 5427 2952 5497 ρήγμασιν.»
2997 5426 3087 5486 Ὧς
3120 5424 3230 5495 γὰρ
3260 5420 3355 5491 τὴν
3385 5418 3545 5470 αἰτίαν
3567 5406 3638 5500 λέ-

2107 5542 2238 5594 γων,
2270 5524 2336 5577 δι’
2365 5523 2432 5593 ἢν
2464 5518 2717 5581 τοσοῦτος
2743 5516 2894 5570 ἔσται
2922 5515 3083 5580 πόνος
3107 5515 3200 5569 τοῦ
3229 5514 3295 5567 τὰ
3325 5508 3533 5579 σώματα
3551 5513 3638 5552 των
