  <div class='ocr_page' id='page_1' title='image "/cluster/home/n/w/nwhite01/storage/ocr_20150623/66/nnc1.0021886636/180.png"; bbox 0 0 3828 6216; ppageno 0'>
   <div class='ocr_carea' id='block_1_1' title="bbox 141 327 250 384">
    <p class='ocr_par' dir='ltr' id='par_1_1' title="bbox 141 327 250 384">
     <span class='ocr_line' id='line_1_1' title="bbox 141 327 250 384; baseline 0 0"><span class='ocrx_word' id='word_1_1' title='bbox 141 327 250 384; x_wconf 74' lang='lat'><strong>985</strong></span> 
     </span>
    </p>
   </div>
   <div class='ocr_carea' id='block_1_2' title="bbox 1189 342 2400 405">
    <p class='ocr_par' dir='ltr' id='par_1_2' title="bbox 1189 342 2400 405">
     <span class='ocr_line' id='line_1_2' title="bbox 1189 342 2400 405; baseline 0.003 -8"><span class='ocrx_word' id='word_1_2' title='bbox 1189 342 1734 402; x_wconf 69' lang='lat' dir='ltr'><strong>C(TMMENTARIUS</strong></span> <span class='ocrx_word' id='word_1_3' title='bbox 1767 346 1831 401; x_wconf 88' lang='lat' dir='ltr'><strong>IN</strong></span> <span class='ocrx_word' id='word_1_4' title='bbox 1872 346 2077 405; x_wconf 77' lang='lat' dir='ltr'><strong>AMOSI</strong></span> <span class='ocrx_word' id='word_1_5' title='bbox 2105 346 2256 403; x_wconf 61' lang='lat' dir='ltr'><strong>CiP.</strong></span> <span class='ocrx_word' id='word_1_6' title='bbox 2314 346 2400 402; x_wconf 66' lang='lat' dir='ltr'><strong>Vl.</strong></span> 
     </span>
    </p>
   </div>
   <div class='ocr_carea' id='block_1_3' title="bbox 3275 320 3384 395">
    <p class='ocr_par' dir='ltr' id='par_1_3' title="bbox 3275 320 3384 395">
     <span class='ocr_line' id='line_1_3' title="bbox 3275 320 3384 395; baseline -0.009 0"><span class='ocrx_word' id='word_1_7' title='bbox 3275 320 3384 395; x_wconf 70' lang='lat' dir='ltr'><strong>sse</strong></span> 
     </span>
    </p>
   </div>
   <div class='ocr_carea' id='block_1_4' title="bbox 142 449 1729 537">
    <p class='ocr_par' dir='ltr' id='par_1_4' title="bbox 142 449 1722 537">
     <span class='ocr_line' id='line_1_4' title="bbox 142 449 1722 537; baseline 0.013 -36"><span class='ocrx_word' id='word_1_8' title='bbox 142 449 526 506; x_wconf 73' lang='grc' dir='ltr'><strong>ἀποθανόντων</strong></span> <span class='ocrx_word' id='word_1_9' title='bbox 554 454 898 525; x_wconf 59' lang='grc' dir='ltr'>ἐξενεχθέντα</span> <span class='ocrx_word' id='word_1_10' title='bbox 931 459 1299 531; x_wconf 75' lang='grc' dir='ltr'><strong>παραδοθῆναι</strong></span> <span class='ocrx_word' id='word_1_11' title='bbox 1323 468 1490 536; x_wconf 77' lang='grc' dir='ltr'>ταφῇ,</span> <span class='ocrx_word' id='word_1_12' title='bbox 1520 468 1722 537; x_wconf 84' lang='grc' dir='ltr'>Προσέ-</span> 
     </span>
    </p>
   </div>
   <div class='ocr_carea' id='block_1_5' title="bbox 1835 449 3386 537">
    <p class='ocr_par' dir='ltr' id='par_1_5' title="bbox 1835 460 3386 537">
     <span class='ocr_line' id='line_1_5' title="bbox 1835 460 3386 537; baseline -0.006 -15"><span class='ocrx_word' id='word_1_13' title='bbox 1835 483 1886 522; x_wconf 70' lang='lat' dir='ltr'><strong>ac</strong></span> <span class='ocrx_word' id='word_1_14' title='bbox 1925 468 2215 537; x_wconf 67' lang='lat' dir='ltr'><strong>sepultura:</strong></span> <span class='ocrx_word' id='word_1_15' title='bbox 2246 465 2515 527; x_wconf 89' lang='lat' dir='ltr'><strong>tradendi,</strong></span> <span class='ocrx_word' id='word_1_16' title='bbox 2547 470 2832 534; x_wconf 76' lang='lat' dir='ltr'><strong>propterea</strong></span> <span class='ocrx_word' id='word_1_17' title='bbox 2862 461 3025 523; x_wconf 84' lang='lat' dir='ltr'><strong>Deus,</strong></span> <span class='ocrx_word' id='word_1_18' title='bbox 3060 460 3259 531; x_wconf 77' lang='lat' dir='ltr'><strong>inquit,</strong></span> <span class='ocrx_word' id='word_1_19' title='bbox 3289 461 3386 513; x_wconf 82' lang='lat' dir='ltr'><strong>do-</strong></span> 
     </span>
    </p>
   </div>
   <div class='ocr_carea' id='block_1_6' title="bbox 142 540 1717 626">
    <p class='ocr_par' dir='ltr' id='par_1_6' title="bbox 142 540 1717 626">
     <span class='ocr_line' id='line_1_6' title="bbox 142 540 1717 626; baseline 0.012 -35"><span class='ocrx_word' id='word_1_20' title='bbox 142 540 295 604; x_wconf 77' lang='grc' dir='ltr'>ταξε,</span> <span class='ocrx_word' id='word_1_21' title='bbox 326 542 512 611; x_wconf 77' lang='grc' dir='ltr'>φησὶν,</span> <span class='ocrx_word' id='word_1_22' title='bbox 539 545 568 597; x_wconf 87' lang='grc' dir='ltr'><strong>ό</strong></span> <span class='ocrx_word' id='word_1_23' title='bbox 593 545 749 610; x_wconf 82' lang='grc' dir='ltr'>Θεὸς,</span> <span class='ocrx_word' id='word_1_24' title='bbox 780 548 876 601; x_wconf 78' lang='grc' dir='ltr'>καὶ</span> <span class='ocrx_word' id='word_1_25' title='bbox 895 547 980 601; x_wconf 85' lang='grc' dir='ltr'><strong>διὰ</strong></span> <span class='ocrx_word' id='word_1_26' title='bbox 1007 550 1165 604; x_wconf 79' lang='grc' dir='ltr'>τοῦτο</span> <span class='ocrx_word' id='word_1_27' title='bbox 1180 553 1356 606; x_wconf 84' lang='grc' dir='ltr'>πάντα</span> <span class='ocrx_word' id='word_1_28' title='bbox 1374 550 1519 608; x_wconf 79' lang='grc' dir='ltr'>οἷκον</span> <span class='ocrx_word' id='word_1_29' title='bbox 1544 556 1717 626; x_wconf 83' lang='grc' dir='ltr'>μέγαν</span> 
     </span>
    </p>
   </div>
   <div class='ocr_carea' id='block_1_7' title="bbox 142 631 1718 717">
    <p class='ocr_par' dir='ltr' id='par_1_7' title="bbox 142 631 1718 717">
     <span class='ocr_line' id='line_1_7' title="bbox 142 631 1718 717; baseline 0.012 -35"><span class='ocrx_word' id='word_1_30' title='bbox 142 648 201 683; x_wconf 87' lang='grc' dir='ltr'><strong>τε</strong></span> <span class='ocrx_word' id='word_1_31' title='bbox 235 631 379 703; x_wconf 82' lang='grc' dir='ltr'>[καὶ]</span> <span class='ocrx_word' id='word_1_32' title='bbox 413 635 628 704; x_wconf 77' lang='grc' dir='ltr'>μικρὸν,</span> <span class='ocrx_word' id='word_1_33' title='bbox 673 637 765 690; x_wconf 75' lang='grc' dir='ltr'><strong>τὸν</strong></span> <span class='ocrx_word' id='word_1_34' title='bbox 813 638 911 707; x_wconf 84' lang='grc' dir='ltr'>μὲν</span> <span class='ocrx_word' id='word_1_35' title='bbox 946 645 1196 711; x_wconf 72' lang='grc' dir='ltr'>μερικαῖς</span> <span class='ocrx_word' id='word_1_36' title='bbox 1234 645 1545 716; x_wconf 80' lang='grc' dir='ltr'>παραδώσει</span> <span class='ocrx_word' id='word_1_37' title='bbox 1590 647 1718 717; x_wconf 85' lang='grc' dir='ltr'>βλά-</span> 
     </span>
    </p>
   </div>
   <div class='ocr_carea' id='block_1_8' title="bbox 144 720 1713 799">
    <p class='ocr_par' dir='ltr' id='par_1_8' title="bbox 144 720 1713 799">
     <span class='ocr_line' id='line_1_8' title="bbox 144 720 1713 799; baseline 0.011 -27"><span class='ocrx_word' id='word_1_38' title='bbox 144 720 287 782; x_wconf 78' lang='grc' dir='ltr'>ϐαις·</span> <span class='ocrx_word' id='word_1_39' title='bbox 318 722 479 775; x_wconf 81' lang='grc' dir='ltr'>τοῦτο</span> <span class='ocrx_word' id='word_1_40' title='bbox 501 724 603 795; x_wconf 74' lang='grc' dir='ltr'><strong>γὰρ</strong></span> <span class='ocrx_word' id='word_1_41' title='bbox 624 724 793 795; x_wconf 80' lang='grc' dir='ltr'>λέγει,</span> <span class='ocrx_word' id='word_1_42' title='bbox 814 727 1101 798; x_wconf 74' lang='grc' dir='ltr'>ρήτμασι·</span> <span class='ocrx_word' id='word_1_43' title='bbox 1131 731 1222 785; x_wconf 75' lang='grc' dir='ltr'><strong>τδν</strong></span> <span class='ocrx_word' id='word_1_44' title='bbox 1251 732 1307 786; x_wconf 87' lang='grc' dir='ltr'>δὲ</span> <span class='ocrx_word' id='word_1_45' title='bbox 1330 737 1442 799; x_wconf 90' lang='grc' dir='ltr'>τοῖς</span> <span class='ocrx_word' id='word_1_46' title='bbox 1465 736 1713 789; x_wconf 86' lang='grc' dir='ltr'>καθόλου·</span> 
     </span>
    </p>
   </div>
   <div class='ocr_carea' id='block_1_9' title="bbox 144 811 1715 914">
    <p class='ocr_par' dir='ltr' id='par_1_9' title="bbox 144 811 1715 914">
     <span class='ocr_line' id='line_1_9' title="bbox 144 811 1715 914; baseline 0.01 -50"><span class='ocrx_word' id='word_1_47' title='bbox 144 811 206 914; x_wconf 58' lang='grc' dir='ltr'>τὸ</span> <span class='ocrx_word' id='word_1_48' title='bbox 231 812 365 914; x_wconf 54' lang='grc' dir='ltr'>γάρ,</span> <span class='ocrx_word' id='word_1_49' title='bbox 397 815 723 914; x_wconf 37' lang='lat' dir='ltr'><strong>Osirim-1am,</strong></span> <span class='ocrx_word' id='word_1_50' title='bbox 754 820 913 873; x_wconf 82' lang='grc' dir='ltr'>τοῦτο</span> <span class='ocrx_word' id='word_1_51' title='bbox 942 821 1108 893; x_wconf 86' lang='grc' dir='ltr'>δηλοῖ·</span> <span class='ocrx_word' id='word_1_52' title='bbox 1139 824 1200 876; x_wconf 85' lang='grc' dir='ltr'><strong>ού</strong></span> <span class='ocrx_word' id='word_1_53' title='bbox 1233 825 1340 897; x_wconf 88' lang='grc' dir='ltr'><strong>γάρ</strong></span> <span class='ocrx_word' id='word_1_54' title='bbox 1366 825 1521 880; x_wconf 78' lang='grc' dir='ltr'>τοῦτο</span> <span class='ocrx_word' id='word_1_55' title='bbox 1546 827 1715 896; x_wconf 82' lang='grc' dir='ltr'>λέγει,</span> 
     </span>
    </p>
   </div>
   <div class='ocr_carea' id='block_1_10' title="bbox 146 905 1716 991">
    <p class='ocr_par' dir='ltr' id='par_1_10' title="bbox 146 905 1716 991">
     <span class='ocr_line' id='line_1_10' title="bbox 146 905 1716 991; baseline 0.012 -37"><span class='ocrx_word' id='word_1_56' title='bbox 146 905 226 955; x_wconf 76' lang='grc' dir='ltr'>ὅτι</span> <span class='ocrx_word' id='word_1_57' title='bbox 253 905 349 958; x_wconf 73' lang='grc' dir='ltr'>τὸν</span> <span class='ocrx_word' id='word_1_58' title='bbox 388 907 487 976; x_wconf 83' lang='grc' dir='ltr'>μὲν</span> <span class='ocrx_word' id='word_1_59' title='bbox 513 908 685 978; x_wconf 82' lang='grc' dir='ltr'>μέγαν</span> <span class='ocrx_word' id='word_1_60' title='bbox 717 911 1007 983; x_wconf 83' lang='grc' dir='ltr'>θλάσμασι,</span> <span class='ocrx_word' id='word_1_61' title='bbox 1042 915 1132 969; x_wconf 81' lang='grc' dir='ltr'>τὸν</span> <span class='ocrx_word' id='word_1_62' title='bbox 1167 916 1224 968; x_wconf 82' lang='grc' dir='ltr'>δὲ</span> <span class='ocrx_word' id='word_1_63' title='bbox 1252 918 1444 990; x_wconf 83' lang='grc' dir='ltr'>μικρὸν</span> <span class='ocrx_word' id='word_1_64' title='bbox 1474 921 1716 991; x_wconf 76' lang='grc' dir='ltr'>ῥήγμασι</span> 
     </span>
    </p>
   </div>
   <div class='ocr_carea' id='block_1_11' title="bbox 145 996 1718 1083">
    <p class='ocr_par' dir='ltr' id='par_1_11' title="bbox 145 996 1718 1083">
     <span class='ocr_line' id='line_1_11' title="bbox 145 996 1718 1083; baseline 0.013 -39"><span class='ocrx_word' id='word_1_65' title='bbox 145 996 437 1050; x_wconf 78' lang='grc' dir='ltr'><strong>πατάσσει·</strong></span> <span class='ocrx_word' id='word_1_66' title='bbox 474 999 590 1052; x_wconf 83' lang='grc' dir='ltr'>ἀλλ’</span> <span class='ocrx_word' id='word_1_67' title='bbox 616 1001 697 1053; x_wconf 82' lang='grc' dir='ltr'>ὅτι</span> <span class='ocrx_word' id='word_1_68' title='bbox 722 1001 845 1055; x_wconf 75' lang='grc' dir='ltr'>οὔτε</span> <span class='ocrx_word' id='word_1_69' title='bbox 878 1004 1052 1074; x_wconf 85' lang='grc' dir='ltr'>μέγας</span> <span class='ocrx_word' id='word_1_70' title='bbox 1080 1002 1227 1070; x_wconf 77' lang='grc' dir='ltr'>οἶκος</span> <span class='ocrx_word' id='word_1_71' title='bbox 1254 1006 1595 1077; x_wconf 80' lang='grc' dir='ltr'>διαφεύξεται</span> <span class='ocrx_word' id='word_1_72' title='bbox 1618 1011 1718 1083; x_wconf 82' lang='grc' dir='ltr'>τὴν</span> 
     </span>
    </p>
   </div>
   <div class='ocr_carea' id='block_1_12' title="bbox 140 1088 1719 1172">
    <p class='ocr_par' dir='ltr' id='par_1_12' title="bbox 140 1088 1719 1172">
     <span class='ocr_line' id='line_1_12' title="bbox 140 1088 1719 1172; baseline 0.012 -35"><span class='ocrx_word' id='word_1_73' title='bbox 140 1088 442 1157; x_wconf 76' lang='grc' dir='ltr'>τιμωρίαν,</span> <span class='ocrx_word' id='word_1_74' title='bbox 468 1088 594 1142; x_wconf 77' lang='grc' dir='ltr'>οὔτε</span> <span class='ocrx_word' id='word_1_75' title='bbox 624 1091 854 1163; x_wconf 83' lang='grc' dir='ltr'>βραχύς·</span> <span class='ocrx_word' id='word_1_76' title='bbox 882 1094 1153 1167; x_wconf 79' lang='grc' dir='ltr'>διαφόρως</span> <span class='ocrx_word' id='word_1_77' title='bbox 1184 1097 1261 1162; x_wconf 79' lang='grc' dir='ltr'>δὲ,</span> <span class='ocrx_word' id='word_1_78' title='bbox 1306 1100 1355 1151; x_wconf 82' lang='lat' dir='ltr'><strong>0i</strong></span> <span class='ocrx_word' id='word_1_79' title='bbox 1385 1099 1484 1170; x_wconf 80' lang='grc' dir='ltr'>μὲν</span> <span class='ocrx_word' id='word_1_80' title='bbox 1519 1102 1583 1154; x_wconf 77' lang='grc' dir='ltr'>ἐκ</span> <span class='ocrx_word' id='word_1_81' title='bbox 1622 1102 1719 1172; x_wconf 88' lang='grc' dir='ltr'>μέ-</span> 
     </span>
    </p>
   </div>
   <div class='ocr_carea' id='block_1_13' title="bbox 150 1179 1716 1262">
    <p class='ocr_par' dir='ltr' id='par_1_13' title="bbox 150 1179 1716 1262">
     <span class='ocr_line' id='line_1_13' title="bbox 150 1179 1716 1262; baseline 0.012 -35"><span class='ocrx_word' id='word_1_82' title='bbox 150 1194 276 1245; x_wconf 83' lang='grc' dir='ltr'>ρους</span> <span class='ocrx_word' id='word_1_83' title='bbox 306 1179 553 1245; x_wconf 81' lang='grc' dir='ltr'>δέξονται</span> <span class='ocrx_word' id='word_1_84' title='bbox 584 1183 682 1253; x_wconf 75' lang='grc' dir='ltr'>τὴν</span> <span class='ocrx_word' id='word_1_85' title='bbox 710 1185 930 1255; x_wconf 75' lang='grc' dir='ltr'>βλάϐην,</span> <span class='ocrx_word' id='word_1_86' title='bbox 954 1187 1003 1239; x_wconf 86' lang='grc' dir='ltr'><strong>οί</strong></span> <span class='ocrx_word' id='word_1_87' title='bbox 1024 1187 1081 1241; x_wconf 84' lang='grc' dir='ltr'>δὲ</span> <span class='ocrx_word' id='word_1_88' title='bbox 1110 1188 1203 1243; x_wconf 80' lang='grc' dir='ltr'>καὶ</span> <span class='ocrx_word' id='word_1_89' title='bbox 1235 1190 1716 1262; x_wconf 83' lang='grc' dir='ltr'>κατενεχθήσονται</span> 
     </span>
    </p>
   </div>
   <div class='ocr_carea' id='block_1_14' title="bbox 148 1268 1719 1353">
    <p class='ocr_par' dir='ltr' id='par_1_14' title="bbox 148 1268 1719 1353">
     <span class='ocr_line' id='line_1_14' title="bbox 148 1268 1719 1353; baseline 0.012 -35"><span class='ocrx_word' id='word_1_90' title='bbox 148 1268 432 1334; x_wconf 86' lang='grc' dir='ltr'>παντελῶς</span> <span class='ocrx_word' id='word_1_91' title='bbox 453 1288 471 1302; x_wconf 91' lang='grc'><strong>·</strong></span> <span class='ocrx_word' id='word_1_92' title='bbox 505 1268 593 1325; x_wconf 78' lang='grc' dir='ltr'>οἷα</span> <span class='ocrx_word' id='word_1_93' title='bbox 624 1273 687 1344; x_wconf 77' lang='grc' dir='ltr'>δὴ</span> <span class='ocrx_word' id='word_1_94' title='bbox 723 1275 969 1343; x_wconf 88' lang='grc' dir='ltr'>γίνεσθαι</span> <span class='ocrx_word' id='word_1_95' title='bbox 1000 1277 1245 1348; x_wconf 80' lang='grc' dir='ltr'>πέφυκεν</span> <span class='ocrx_word' id='word_1_96' title='bbox 1280 1282 1341 1334; x_wconf 77' lang='grc' dir='ltr'>ἐν</span> <span class='ocrx_word' id='word_1_97' title='bbox 1370 1280 1590 1353; x_wconf 87' lang='grc' dir='ltr'>πολέμῳ</span> <span class='ocrx_word' id='word_1_98' title='bbox 1621 1281 1719 1337; x_wconf 76' lang='grc' dir='ltr'>καὶ</span> 
     </span>
    </p>
   </div>
   <div class='ocr_carea' id='block_1_15' title="bbox 147 1360 1721 1446">
    <p class='ocr_par' dir='ltr' id='par_1_15' title="bbox 147 1360 1721 1446">
     <span class='ocr_line' id='line_1_15' title="bbox 147 1360 1721 1446; baseline 0.01 -35"><span class='ocrx_word' id='word_1_99' title='bbox 147 1360 439 1433; x_wconf 68' lang='grc' dir='ltr'>πολιορκίᾳ</span> <span class='ocrx_word' id='word_1_100' title='bbox 476 1364 667 1437; x_wconf 75' lang='grc' dir='ltr'>πολλῇ.</span> <span class='ocrx_word' id='word_1_101' title='bbox 706 1368 814 1420; x_wconf 82' lang='grc' dir='ltr'><strong>Καὶ</strong></span> <span class='ocrx_word' id='word_1_102' title='bbox 843 1368 904 1422; x_wconf 85' lang='grc' dir='ltr'>τὸ</span> <span class='ocrx_word' id='word_1_103' title='bbox 931 1368 1037 1424; x_wconf 85' lang='grc' dir='ltr'><strong>τῶν</strong></span> <span class='ocrx_word' id='word_1_104' title='bbox 1067 1371 1370 1442; x_wconf 74' lang='grc' dir='ltr'><strong>εἰρημένων</strong></span> <span class='ocrx_word' id='word_1_105' title='bbox 1393 1372 1721 1446; x_wconf 73' lang='grc' dir='ltr'>ἀναντίρρη-</span> 
     </span>
    </p>
   </div>
   <div class='ocr_carea' id='block_1_16' title="bbox 147 1456 1715 1535">
    <p class='ocr_par' dir='ltr' id='par_1_16' title="bbox 147 1456 1715 1535">
     <span class='ocr_line' id='line_1_16' title="bbox 147 1456 1715 1535; baseline 0.007 -29"><span class='ocrx_word' id='word_1_106' title='bbox 147 1472 235 1507; x_wconf 88' lang='grc' dir='ltr'><strong>τον</strong></span> <span class='ocrx_word' id='word_1_107' title='bbox 256 1456 478 1521; x_wconf 77' lang='grc' dir='ltr'>δεικνὺς</span> <span class='ocrx_word' id='word_1_108' title='bbox 498 1459 712 1527; x_wconf 78' lang='grc' dir='ltr'>ἐπάγει·</span> <span class='ocrx_word' id='word_1_109' title='bbox 750 1461 843 1514; x_wconf 64' lang='lat' dir='ltr'><strong>«Ei</strong></span> <span class='ocrx_word' id='word_1_110' title='bbox 865 1461 1145 1527; x_wconf 77' lang='grc' dir='ltr'>διώξονται</span> <span class='ocrx_word' id='word_1_111' title='bbox 1175 1465 1233 1518; x_wconf 86' lang='grc' dir='ltr'>ὲν</span> <span class='ocrx_word' id='word_1_112' title='bbox 1252 1464 1480 1535; x_wconf 83' lang='grc' dir='ltr'>πέτραις</span> <span class='ocrx_word' id='word_1_113' title='bbox 1503 1466 1678 1521; x_wconf 79' lang='grc' dir='ltr'>ἵπποι.</span> <span class='ocrx_word' id='word_1_114' title='bbox 1693 1483 1715 1517; x_wconf 73' lang='grc' dir='ltr'><strong>ι</strong></span> 
     </span>
    </p>
   </div>
   <div class='ocr_carea' id='block_1_17' title="bbox 160 1544 1717 1625">
    <p class='ocr_par' dir='ltr' id='par_1_17' title="bbox 160 1544 1717 1625">
     <span class='ocr_line' id='line_1_17' title="bbox 160 1544 1717 1625; baseline 0.006 -28"><span class='ocrx_word' id='word_1_115' title='bbox 160 1544 298 1598; x_wconf 75' lang='grc' dir='ltr'>Ἀλλ’</span> <span class='ocrx_word' id='word_1_116' title='bbox 318 1546 447 1601; x_wconf 76' lang='grc' dir='ltr'>οὔτε</span> <span class='ocrx_word' id='word_1_117' title='bbox 481 1548 685 1612; x_wconf 77' lang='grc' dir='ltr'>ἵππους</span> <span class='ocrx_word' id='word_1_118' title='bbox 706 1568 790 1615; x_wconf 90' lang='grc' dir='ltr'><strong>τις</strong></span> <span class='ocrx_word' id='word_1_119' title='bbox 810 1552 949 1607; x_wconf 89' lang='grc' dir='ltr'><strong>κατά</strong></span> <span class='ocrx_word' id='word_1_120' title='bbox 966 1553 1182 1625; x_wconf 87' lang='grc' dir='ltr'>πετρῶν</span> <span class='ocrx_word' id='word_1_121' title='bbox 1211 1554 1454 1608; x_wconf 82' lang='grc' dir='ltr'>ὲλάσειεν</span> <span class='ocrx_word' id='word_1_122' title='bbox 1483 1554 1570 1619; x_wconf 79' lang='grc' dir='ltr'>ἂν,</span> <span class='ocrx_word' id='word_1_123' title='bbox 1603 1554 1717 1609; x_wconf 85' lang='grc' dir='ltr'>ἀλλ’</span> 
     </span>
    </p>
   </div>
   <div class='ocr_carea' id='block_1_18' title="bbox 149 1634 1718 1717">
    <p class='ocr_par' dir='ltr' id='par_1_18' title="bbox 149 1634 1718 1717">
     <span class='ocr_line' id='line_1_18' title="bbox 149 1634 1718 1717; baseline 0.008 -30"><span class='ocrx_word' id='word_1_124' title='bbox 149 1634 274 1688; x_wconf 69' lang='grc' dir='ltr'>ἔνθα</span> <span class='ocrx_word' id='word_1_125' title='bbox 308 1642 592 1710; x_wconf 79' lang='grc' dir='ltr'>συνεργεῖν</span> <span class='ocrx_word' id='word_1_126' title='bbox 638 1641 730 1695; x_wconf 85' lang='grc' dir='ltr'><strong>τὸν</strong></span> <span class='ocrx_word' id='word_1_127' title='bbox 772 1643 934 1697; x_wconf 92' lang='grc' dir='ltr'>τόπον</span> <span class='ocrx_word' id='word_1_128' title='bbox 989 1643 1272 1715; x_wconf 80' lang='grc' dir='ltr'>συμσαίνει</span> <span class='ocrx_word' id='word_1_129' title='bbox 1303 1644 1381 1716; x_wconf 84' lang='grc' dir='ltr'><strong>τῷ</strong></span> <span class='ocrx_word' id='word_1_130' title='bbox 1410 1645 1595 1717; x_wconf 85' lang='grc' dir='ltr'>δρόμῳ</span> <span class='ocrx_word' id='word_1_131' title='bbox 1625 1646 1718 1699; x_wconf 70' lang='lat' dir='ltr'><strong>l1:-</strong></span> 
     </span>
    </p>
   </div>
   <div class='ocr_carea' id='block_1_19' title="bbox 150 1728 1718 1807">
    <p class='ocr_par' dir='ltr' id='par_1_19' title="bbox 150 1728 1718 1807">
     <span class='ocr_line' id='line_1_19' title="bbox 150 1728 1718 1807; baseline 0.006 -27"><span class='ocrx_word' id='word_1_132' title='bbox 150 1744 288 1780; x_wconf 69' lang='grc' dir='ltr'>των·</span> <span class='ocrx_word' id='word_1_133' title='bbox 321 1728 437 1782; x_wconf 78' lang='grc' dir='ltr'>οὒτ’</span> <span class='ocrx_word' id='word_1_134' title='bbox 460 1731 674 1803; x_wconf 78' lang='grc' dir='ltr'>ἃνὸμῖν</span> <span class='ocrx_word' id='word_1_135' title='bbox 705 1735 993 1802; x_wconf 78' lang='grc' dir='ltr'>ἐπεγένετο</span> <span class='ocrx_word' id='word_1_136' title='bbox 1020 1734 1213 1799; x_wconf 80' lang='grc' dir='ltr'>ταῦτα,</span> <span class='ocrx_word' id='word_1_137' title='bbox 1239 1737 1288 1789; x_wconf 86' lang='grc' dir='ltr'><strong>εί</strong></span> <span class='ocrx_word' id='word_1_138' title='bbox 1318 1736 1392 1807; x_wconf 82' lang='grc' dir='ltr'>μὴ</span> <span class='ocrx_word' id='word_1_139' title='bbox 1414 1735 1513 1807; x_wconf 79' lang='grc' dir='ltr'>τὴν</span> <span class='ocrx_word' id='word_1_140' title='bbox 1538 1736 1718 1789; x_wconf 75' lang='grc' dir='ltr'>αἰτίαν</span> 
     </span>
    </p>
   </div>
   <div class='ocr_carea' id='block_1_20' title="bbox 1823 552 3390 628">
    <p class='ocr_par' dir='ltr' id='par_1_20' title="bbox 1823 552 3390 628">
     <span class='ocr_line' id='line_1_20' title="bbox 1823 552 3390 628; baseline -0.005 -15"><span class='ocrx_word' id='word_1_141' title='bbox 1823 576 1940 616; x_wconf 84' lang='lat' dir='ltr'><strong>mos</strong></span> <span class='ocrx_word' id='word_1_142' title='bbox 1969 574 2159 614; x_wconf 86' lang='lat' dir='ltr'><strong>omnes</strong></span> <span class='ocrx_word' id='word_1_143' title='bbox 2203 574 2298 613; x_wconf 87' lang='lat' dir='ltr'><strong>seu</strong></span> <span class='ocrx_word' id='word_1_144' title='bbox 2332 572 2558 628; x_wconf 85' lang='lat' dir='ltr'><strong>magnas</strong></span> <span class='ocrx_word' id='word_1_145' title='bbox 2592 572 2690 611; x_wconf 87' lang='lat' dir='ltr'><strong>seu</strong></span> <span class='ocrx_word' id='word_1_146' title='bbox 2713 570 2927 625; x_wconf 83' lang='lat' dir='ltr'><strong>parvas,</strong></span> <span class='ocrx_word' id='word_1_147' title='bbox 2960 555 3157 623; x_wconf 91' lang='lat' dir='ltr'><strong>partim</strong></span> <span class='ocrx_word' id='word_1_148' title='bbox 3203 552 3390 621; x_wconf 82' lang='lat' dir='ltr'><strong>aliquo</strong></span> 
     </span>
    </p>
   </div>
   <div class='ocr_carea' id='block_1_21' title="bbox 1821 642 3387 722">
    <p class='ocr_par' dir='ltr' id='par_1_21' title="bbox 1821 642 3387 722">
     <span class='ocr_line' id='line_1_21' title="bbox 1821 642 3387 722; baseline -0.006 -19"><span class='ocrx_word' id='word_1_149' title='bbox 1821 649 2150 722; x_wconf 65' lang='lat' dir='ltr'><strong>detrimento</strong></span> <span class='ocrx_word' id='word_1_150' title='bbox 2187 648 2411 714; x_wconf 80' lang='lat' dir='ltr'><strong>aﬂiciet;</strong></span> <span class='ocrx_word' id='word_1_151' title='bbox 2450 646 2506 701; x_wconf 88' lang='lat' dir='ltr'><strong>id</strong></span> <span class='ocrx_word' id='word_1_152' title='bbox 2546 647 2692 701; x_wconf 88' lang='lat' dir='ltr'><strong>enim</strong></span> <span class='ocrx_word' id='word_1_153' title='bbox 2723 646 3015 699; x_wconf 75' lang='lat' dir='ltr'><strong>denotatur</strong></span> <span class='ocrx_word' id='word_1_154' title='bbox 3040 642 3195 712; x_wconf 67' lang='lat'><strong>125</strong></span> <span class='ocrx_word' id='word_1_155' title='bbox 3220 646 3387 695; x_wconf 77' lang='lat' dir='ltr'><strong>verbo</strong></span> 
     </span>
    </p>
   </div>
   <div class='ocr_carea' id='block_1_22' title="bbox 1822 733 3387 808">
    <p class='ocr_par' dir='ltr' id='par_1_22' title="bbox 1822 733 3387 808">
     <span class='ocr_line' id='line_1_22' title="bbox 1822 733 3387 808; baseline -0.005 -13"><span class='ocrx_word' id='word_1_156' title='bbox 1822 739 2218 805; x_wconf 89' lang='lat' dir='ltr'><strong>scissionibus;</strong></span> <span class='ocrx_word' id='word_1_157' title='bbox 2244 739 2440 808; x_wconf 88' lang='lat' dir='ltr'><strong>partim</strong></span> <span class='ocrx_word' id='word_1_158' title='bbox 2465 735 2779 799; x_wconf 82' lang='lat' dir='ltr'><strong>universali,</strong></span> <span class='ocrx_word' id='word_1_159' title='bbox 2804 750 2927 788; x_wconf 89' lang='lat' dir='ltr'><strong>nam</strong></span> <span class='ocrx_word' id='word_1_160' title='bbox 2966 734 3187 789; x_wconf 80' lang='lat' dir='ltr'><strong>verbum</strong></span> <span class='ocrx_word' id='word_1_161' title='bbox 3214 733 3387 787; x_wconf 80' lang='lat' dir='ltr'><strong>minis</strong></span> 
     </span>
    </p>
   </div>
   <div class='ocr_carea' id='block_1_23' title="bbox 1824 825 3386 899">
    <p class='ocr_par' dir='ltr' id='par_1_23' title="bbox 1824 825 3386 899">
     <span class='ocr_line' id='line_1_23' title="bbox 1824 825 3386 899; baseline -0.007 -13"><span class='ocrx_word' id='word_1_162' title='bbox 1824 831 1928 887; x_wconf 88' lang='lat' dir='ltr'><strong>hoc</strong></span> <span class='ocrx_word' id='word_1_163' title='bbox 1945 831 2094 885; x_wconf 89' lang='lat' dir='ltr'><strong>dicit.</strong></span> <span class='ocrx_word' id='word_1_164' title='bbox 2119 827 2306 899; x_wconf 85' lang='lat' dir='ltr'><strong>Neque</strong></span> <span class='ocrx_word' id='word_1_165' title='bbox 2327 839 2506 883; x_wconf 87' lang='lat' dir='ltr'><strong>tamen</strong></span> <span class='ocrx_word' id='word_1_166' title='bbox 2522 825 2697 886; x_wconf 74' lang='lat' dir='ltr'><strong>divise</strong></span> <span class='ocrx_word' id='word_1_167' title='bbox 2715 826 2869 889; x_wconf 84' lang='lat' dir='ltr'><strong>dicit,</strong></span> <span class='ocrx_word' id='word_1_168' title='bbox 2891 825 3111 879; x_wconf 88' lang='lat' dir='ltr'><strong>donmm</strong></span> <span class='ocrx_word' id='word_1_169' title='bbox 3133 837 3386 893; x_wconf 84' lang='lat' dir='ltr'><strong>magnam</strong></span> 
     </span>
    </p>
   </div>
   <div class='ocr_carea' id='block_1_24' title="bbox 1825 912 3391 993">
    <p class='ocr_par' dir='ltr' id='par_1_24' title="bbox 1825 912 3391 993">
     <span class='ocr_line' id='line_1_24' title="bbox 1825 912 3391 993; baseline -0.006 -15"><span class='ocrx_word' id='word_1_170' title='bbox 1825 922 2021 985; x_wconf 83' lang='lat' dir='ltr'><strong>minis,</strong></span> <span class='ocrx_word' id='word_1_171' title='bbox 2059 936 2279 993; x_wconf 86' lang='lat' dir='ltr'><strong>parvam</strong></span> <span class='ocrx_word' id='word_1_172' title='bbox 2317 919 2677 976; x_wconf 86' lang='lat' dir='ltr'><strong>seissionibus</strong></span> <span class='ocrx_word' id='word_1_173' title='bbox 2720 918 3020 987; x_wconf 86' lang='lat' dir='ltr'><strong>percutiet;</strong></span> <span class='ocrx_word' id='word_1_174' title='bbox 3056 912 3173 977; x_wconf 83' lang='lat' dir='ltr'><strong>sed,</strong></span> <span class='ocrx_word' id='word_1_175' title='bbox 3212 928 3391 983; x_wconf 82' lang='lat' dir='ltr'><strong>neque</strong></span> 
     </span>
    </p>
   </div>
   <div class='ocr_carea' id='block_1_25' title="bbox 1824 1002 3382 1084">
    <p class='ocr_par' dir='ltr' id='par_1_25' title="bbox 1824 1002 3382 1084">
     <span class='ocr_line' id='line_1_25' title="bbox 1824 1002 3382 1084; baseline -0.008 -17"><span class='ocrx_word' id='word_1_176' title='bbox 1824 1027 2073 1084; x_wconf 85' lang='lat' dir='ltr'><strong>magnam</strong></span> <span class='ocrx_word' id='word_1_177' title='bbox 2092 1010 2338 1075; x_wconf 88' lang='lat' dir='ltr'><strong>domum,</strong></span> <span class='ocrx_word' id='word_1_178' title='bbox 2373 1024 2549 1080; x_wconf 83' lang='lat' dir='ltr'><strong>neque</strong></span> <span class='ocrx_word' id='word_1_179' title='bbox 2563 1009 2809 1077; x_wconf 78' lang='lat' dir='ltr'><strong>exiguam</strong></span> <span class='ocrx_word' id='word_1_180' title='bbox 2828 1007 3033 1075; x_wconf 85' lang='lat' dir='ltr'><strong>absque</strong></span> <span class='ocrx_word' id='word_1_181' title='bbox 3050 1018 3208 1073; x_wconf 69' lang='lat' dir='ltr'><strong>poena</strong></span> <span class='ocrx_word' id='word_1_182' title='bbox 3232 1002 3348 1056; x_wconf 82' lang='lat' dir='ltr'><strong>fore</strong></span> <span class='ocrx_word' id='word_1_183' title='bbox 3369 1020 3382 1055; x_wconf 93' lang='lat'><strong>:</strong></span> 
     </span>
    </p>
   </div>
   <div class='ocr_carea' id='block_1_26' title="bbox 1823 1095 3386 1169">
    <p class='ocr_par' dir='ltr' id='par_1_26' title="bbox 1823 1095 3386 1169">
     <span class='ocr_line' id='line_1_26' title="bbox 1823 1095 3386 1169; baseline -0.01 -8"><span class='ocrx_word' id='word_1_184' title='bbox 1823 1113 2079 1161; x_wconf 69' lang='lat' dir='ltr'><strong>caeterum</strong></span> <span class='ocrx_word' id='word_1_185' title='bbox 2113 1102 2347 1167; x_wconf 87' lang='lat' dir='ltr'><strong>diverse,</strong></span> <span class='ocrx_word' id='word_1_186' title='bbox 2382 1101 2519 1155; x_wconf 87' lang='lat' dir='ltr'><strong>alias</strong></span> <span class='ocrx_word' id='word_1_187' title='bbox 2548 1099 2767 1169; x_wconf 87' lang='lat' dir='ltr'><strong>quidem</strong></span> <span class='ocrx_word' id='word_1_188' title='bbox 2789 1099 2979 1152; x_wconf 88' lang='lat' dir='ltr'><strong>domos</strong></span> <span class='ocrx_word' id='word_1_189' title='bbox 2998 1095 3386 1150; x_wconf 89' lang='lat' dir='ltr'><strong>detrimentmn</strong></span> 
     </span>
    </p>
   </div>
   <div class='ocr_carea' id='block_1_27' title="bbox 1822 1182 3387 1265">
    <p class='ocr_par' dir='ltr' id='par_1_27' title="bbox 1822 1182 3387 1265">
     <span class='ocr_line' id='line_1_27' title="bbox 1822 1182 3387 1265; baseline -0.008 -18"><span class='ocrx_word' id='word_1_190' title='bbox 1822 1208 2106 1265; x_wconf 80' lang='lat' dir='ltr'><strong>passuras,</strong></span> <span class='ocrx_word' id='word_1_191' title='bbox 2130 1192 2264 1246; x_wconf 88' lang='lat' dir='ltr'><strong>alias</strong></span> <span class='ocrx_word' id='word_1_192' title='bbox 2284 1191 2505 1244; x_wconf 93' lang='lat' dir='ltr'><strong>omnino</strong></span> <span class='ocrx_word' id='word_1_193' title='bbox 2529 1188 2644 1241; x_wconf 82' lang='lat' dir='ltr'><strong>fore</strong></span> <span class='ocrx_word' id='word_1_194' title='bbox 2674 1184 3115 1255; x_wconf 87' lang='lat' dir='ltr'><strong>prosternendas,</strong></span> <span class='ocrx_word' id='word_1_195' title='bbox 3144 1191 3304 1252; x_wconf 88' lang='lat' dir='ltr'><strong>prout</strong></span> <span class='ocrx_word' id='word_1_196' title='bbox 3331 1182 3387 1235; x_wconf 90' lang='lat' dir='ltr'><strong>in</strong></span> 
     </span>
    </p>
   </div>
   <div class='ocr_carea' id='block_1_28' title="bbox 1824 1272 3385 1350">
    <p class='ocr_par' dir='ltr' id='par_1_28' title="bbox 1824 1272 3385 1350">
     <span class='ocr_line' id='line_1_28' title="bbox 1824 1272 3385 1350; baseline -0.01 -12"><span class='ocrx_word' id='word_1_197' title='bbox 1824 1284 1967 1339; x_wconf 89' lang='lat' dir='ltr'><strong>bello</strong></span> <span class='ocrx_word' id='word_1_198' title='bbox 1991 1282 2356 1350; x_wconf 88' lang='lat' dir='ltr'><strong>diuturnaque</strong></span> <span class='ocrx_word' id='word_1_199' title='bbox 2390 1278 2671 1333; x_wconf 89' lang='lat' dir='ltr'><strong>obsidione</strong></span> <span class='ocrx_word' id='word_1_200' title='bbox 2697 1274 2969 1331; x_wconf 88' lang='lat' dir='ltr'><strong>usuvenit.</strong></span> <span class='ocrx_word' id='word_1_201' title='bbox 3012 1272 3076 1325; x_wconf 81' lang='lat' dir='ltr'><strong>Et</strong></span> <span class='ocrx_word' id='word_1_202' title='bbox 3113 1274 3385 1326; x_wconf 87' lang='lat' dir='ltr'><strong>dictorum</strong></span> 
     </span>
    </p>
   </div>
   <div class='ocr_carea' id='block_1_29' title="bbox 1822 1361 3389 1433">
    <p class='ocr_par' dir='ltr' id='par_1_29' title="bbox 1822 1361 3389 1433">
     <span class='ocr_line' id='line_1_29' title="bbox 1822 1361 3389 1433; baseline -0.011 -4"><span class='ocrx_word' id='word_1_203' title='bbox 1822 1372 2201 1429; x_wconf 87' lang='lat' dir='ltr'><strong>certitudinem</strong></span> <span class='ocrx_word' id='word_1_204' title='bbox 2218 1368 2532 1433; x_wconf 89' lang='lat' dir='ltr'><strong>ostendens,</strong></span> <span class='ocrx_word' id='word_1_205' title='bbox 2576 1365 2844 1423; x_wconf 74' lang='lat' dir='ltr'><strong>subditzc</strong></span> <span class='ocrx_word' id='word_1_206' title='bbox 2893 1361 2950 1417; x_wconf 88' lang='lat' dir='ltr'><strong>Si</strong></span> <span class='ocrx_word' id='word_1_207' title='bbox 2993 1370 3389 1433; x_wconf 83' lang='lat' dir='ltr'><strong>persequentur</strong></span> 
     </span>
    </p>
   </div>
   <div class='ocr_carea' id='block_1_30' title="bbox 1824 1458 3386 1534">
    <p class='ocr_par' dir='ltr' id='par_1_30' title="bbox 1824 1458 3386 1534">
     <span class='ocr_line' id='line_1_30' title="bbox 1824 1458 3386 1534; baseline -0.01 -16"><span class='ocrx_word' id='word_1_208' title='bbox 1824 1467 1879 1519; x_wconf 89' lang='lat' dir='ltr'><strong>in</strong></span> <span class='ocrx_word' id='word_1_209' title='bbox 1923 1464 2091 1534; x_wconf 88' lang='lat' dir='ltr'><strong>petris</strong></span> <span class='ocrx_word' id='word_1_210' title='bbox 2117 1462 2267 1531; x_wconf 87' lang='lat' dir='ltr'><strong>equi.</strong></span> <span class='ocrx_word' id='word_1_211' title='bbox 2303 1478 2321 1512; x_wconf 75' lang='grc' dir='ltr'><strong>ι</strong></span> <span class='ocrx_word' id='word_1_212' title='bbox 2350 1458 2518 1514; x_wconf 85' lang='lat' dir='ltr'><strong>Nemo</strong></span> <span class='ocrx_word' id='word_1_213' title='bbox 2548 1466 2697 1512; x_wconf 87' lang='lat' dir='ltr'><strong>certe</strong></span> <span class='ocrx_word' id='word_1_214' title='bbox 2717 1470 2885 1526; x_wconf 85' lang='lat' dir='ltr'><strong>equos</strong></span> <span class='ocrx_word' id='word_1_215' title='bbox 2915 1470 3012 1526; x_wconf 89' lang='lat' dir='ltr'><strong>per</strong></span> <span class='ocrx_word' id='word_1_216' title='bbox 3039 1461 3219 1523; x_wconf 87' lang='lat' dir='ltr'><strong>petras</strong></span> <span class='ocrx_word' id='word_1_217' title='bbox 3244 1460 3386 1521; x_wconf 84' lang='lat' dir='ltr'><strong>aget.</strong></span> 
     </span>
    </p>
   </div>
   <div class='ocr_carea' id='block_1_31' title="bbox 1825 1542 3387 1621">
    <p class='ocr_par' dir='ltr' id='par_1_31' title="bbox 1825 1542 3387 1621">
     <span class='ocr_line' id='line_1_31' title="bbox 1825 1542 3387 1621; baseline -0.011 -12"><span class='ocrx_word' id='word_1_218' title='bbox 1825 1556 1920 1609; x_wconf 86' lang='lat' dir='ltr'><strong>sed</strong></span> <span class='ocrx_word' id='word_1_219' title='bbox 1965 1553 2094 1607; x_wconf 93' lang='lat' dir='ltr'><strong>illuc</strong></span> <span class='ocrx_word' id='word_1_220' title='bbox 2124 1551 2305 1621; x_wconf 88' lang='lat' dir='ltr'><strong>potius</strong></span> <span class='ocrx_word' id='word_1_221' title='bbox 2340 1549 2429 1603; x_wconf 92' lang='lat' dir='ltr'><strong>ubi</strong></span> <span class='ocrx_word' id='word_1_222' title='bbox 2476 1549 2629 1604; x_wconf 91' lang='lat' dir='ltr'><strong>locus</strong></span> <span class='ocrx_word' id='word_1_223' title='bbox 2672 1547 2854 1602; x_wconf 82' lang='lat' dir='ltr'><strong>favere</strong></span> <span class='ocrx_word' id='word_1_224' title='bbox 2900 1557 3167 1615; x_wconf 90' lang='lat' dir='ltr'><strong>equorum</strong></span> <span class='ocrx_word' id='word_1_225' title='bbox 3202 1542 3387 1596; x_wconf 84' lang='lat' dir='ltr'><strong>cursui</strong></span> 
     </span>
    </p>
   </div>
   <div class='ocr_carea' id='block_1_32' title="bbox 1826 1634 3391 1717">
    <p class='ocr_par' dir='ltr' id='par_1_32' title="bbox 1826 1634 3391 1717">
     <span class='ocr_line' id='line_1_32' title="bbox 1826 1634 3391 1717; baseline -0.007 -18"><span class='ocrx_word' id='word_1_226' title='bbox 1826 1652 2021 1717; x_wconf 86' lang='lat' dir='ltr'><strong>potest.</strong></span> <span class='ocrx_word' id='word_1_227' title='bbox 2052 1643 2143 1699; x_wconf 91' lang='lat' dir='ltr'><strong>Sic</strong></span> <span class='ocrx_word' id='word_1_228' title='bbox 2171 1659 2241 1699; x_wconf 92' lang='lat' dir='ltr'><strong>ne</strong></span> <span class='ocrx_word' id='word_1_229' title='bbox 2279 1642 2435 1697; x_wconf 82' lang='lat' dir='ltr'><strong>vobis</strong></span> <span class='ocrx_word' id='word_1_230' title='bbox 2467 1641 2686 1711; x_wconf 87' lang='lat' dir='ltr'><strong>quidem</strong></span> <span class='ocrx_word' id='word_1_231' title='bbox 2714 1641 2828 1695; x_wconf 59' lang='lat' dir='ltr'><strong>haec</strong></span> <span class='ocrx_word' id='word_1_232' title='bbox 2860 1637 3238 1708; x_wconf 87' lang='lat' dir='ltr'><strong>contigissent,</strong></span> <span class='ocrx_word' id='word_1_233' title='bbox 3284 1634 3391 1689; x_wconf 80' lang='lat' dir='ltr'><strong>nisi</strong></span> 
     </span>
    </p>
   </div>
   <div class='ocr_carea' id='block_1_33' title="bbox 1824 1725 3393 1805">
    <p class='ocr_par' dir='ltr' id='par_1_33' title="bbox 1824 1725 3393 1805">
     <span class='ocr_line' id='line_1_33' title="bbox 1824 1725 3393 1805; baseline -0.007 -14"><span class='ocrx_word' id='word_1_234' title='bbox 1824 1750 1990 1791; x_wconf 87' lang='lat' dir='ltr'><strong>causa</strong></span> <span class='ocrx_word' id='word_1_235' title='bbox 2029 1733 2266 1805; x_wconf 90' lang='lat' dir='ltr'><strong>patiendi</strong></span> <span class='ocrx_word' id='word_1_236' title='bbox 2307 1748 2369 1787; x_wconf 92' lang='lat' dir='ltr'><strong>ea</strong></span> <span class='ocrx_word' id='word_1_237' title='bbox 2412 1748 2506 1801; x_wconf 92' lang='lat' dir='ltr'><strong>per</strong></span> <span class='ocrx_word' id='word_1_238' title='bbox 2535 1746 2638 1785; x_wconf 90' lang='lat' dir='ltr'><strong>vos</strong></span> <span class='ocrx_word' id='word_1_239' title='bbox 2677 1729 2995 1786; x_wconf 80' lang='lat' dir='ltr'><strong>exstitisset.</strong></span> <span class='ocrx_word' id='word_1_240' title='bbox 3033 1745 3052 1778; x_wconf 78' lang='grc' dir='ltr'><strong>ι</strong></span> <span class='ocrx_word' id='word_1_241' title='bbox 3105 1725 3162 1780; x_wconf 88' lang='lat' dir='ltr'><strong>Si</strong></span> <span class='ocrx_word' id='word_1_242' title='bbox 3200 1727 3393 1780; x_wconf 88' lang='lat' dir='ltr'><strong>retice-</strong></span> 
     </span>
    </p>
   </div>
   <div class='ocr_carea' id='block_1_34' title="bbox 148 1815 1729 1897">
    <p class='ocr_par' dir='ltr' id='par_1_34' title="bbox 148 1820 1720 1897">
     <span class='ocr_line' id='line_1_34' title="bbox 148 1820 1720 1897; baseline 0.005 -26"><span class='ocrx_word' id='word_1_243' title='bbox 148 1820 302 1873; x_wconf 77' lang='grc' dir='ltr'>αὐτοὶ</span> <span class='ocrx_word' id='word_1_244' title='bbox 332 1823 638 1894; x_wconf 83' lang='grc' dir='ltr'>παρέσχετε</span> <span class='ocrx_word' id='word_1_245' title='bbox 664 1827 760 1878; x_wconf 84' lang='grc' dir='ltr'><strong>τοῦ</strong></span> <span class='ocrx_word' id='word_1_246' title='bbox 800 1826 1027 1881; x_wconf 82' lang='grc' dir='ltr'>τοιαῦτα</span> <span class='ocrx_word' id='word_1_247' title='bbox 1055 1827 1266 1881; x_wconf 77' lang='grc' dir='ltr'>παθεῖν.</span> <span class='ocrx_word' id='word_1_248' title='bbox 1304 1845 1323 1879; x_wconf 82' lang='grc' dir='ltr'><strong>ι</strong></span> <span class='ocrx_word' id='word_1_249' title='bbox 1344 1829 1408 1881; x_wconf 72' lang='lat' dir='ltr'><strong>Et</strong></span> <span class='ocrx_word' id='word_1_250' title='bbox 1436 1843 1720 1897; x_wconf 83' lang='grc' dir='ltr'>παρασιω-</span> 
     </span>
    </p>
   </div>
   <div class='ocr_carea' id='block_1_35' title="bbox 1835 1815 3400 1897">
    <p class='ocr_par' dir='ltr' id='par_1_35' title="bbox 1835 1815 3400 1891">
     <span class='ocr_line' id='line_1_35' title="bbox 1835 1815 3400 1891; baseline -0.011 -9"><span class='ocrx_word' id='word_1_251' title='bbox 1835 1833 1958 1882; x_wconf 67' lang='grc' dir='ltr'>ωιτη</span> <span class='ocrx_word' id='word_1_252' title='bbox 1986 1826 2051 1879; x_wconf 84' lang='lat' dir='ltr'><strong>ad</strong></span> <span class='ocrx_word' id='word_1_253' title='bbox 2090 1824 2338 1878; x_wconf 83' lang='lat' dir='ltr'><strong>feminas.</strong></span> <span class='ocrx_word' id='word_1_254' title='bbox 2381 1842 2398 1873; x_wconf 75' lang='grc' dir='ltr'><strong>ι</strong></span> <span class='ocrx_word' id='word_1_255' title='bbox 2438 1820 2624 1891; x_wconf 86' lang='lat' dir='ltr'><strong>Neque</strong></span> <span class='ocrx_word' id='word_1_256' title='bbox 2647 1818 2890 1889; x_wconf 78' lang='lat' dir='ltr'><strong>profecto</strong></span> <span class='ocrx_word' id='word_1_257' title='bbox 2918 1817 2972 1871; x_wconf 93' lang='lat' dir='ltr'><strong>in</strong></span> <span class='ocrx_word' id='word_1_258' title='bbox 3015 1816 3191 1870; x_wconf 87' lang='lat' dir='ltr'><strong>medio</strong></span> <span class='ocrx_word' id='word_1_259' title='bbox 3241 1815 3400 1869; x_wconf 67' lang='lat' dir='ltr'><strong>leini-</strong></span> 
     </span>
    </p>
   </div>
   <div class='ocr_carea' id='block_1_36' title="bbox 148 1912 1719 1989">
    <p class='ocr_par' dir='ltr' id='par_1_36' title="bbox 148 1912 1719 1989">
     <span class='ocr_line' id='line_1_36' title="bbox 148 1912 1719 1989; baseline 0.001 -22"><span class='ocrx_word' id='word_1_260' title='bbox 148 1912 417 1982; x_wconf 80' lang='grc' dir='ltr'>πήσονται</span> <span class='ocrx_word' id='word_1_261' title='bbox 441 1916 502 1969; x_wconf 75' lang='grc' dir='ltr'>ιν</span> <span class='ocrx_word' id='word_1_262' title='bbox 526 1914 820 1987; x_wconf 77' lang='grc' dir='ltr'>θηλείαις.»</span> <span class='ocrx_word' id='word_1_263' title='bbox 857 1920 935 1988; x_wconf 90' lang='lat' dir='ltr'><strong>(p.</strong></span> <span class='ocrx_word' id='word_1_264' title='bbox 960 1919 1083 1989; x_wconf 66' lang='lat'><strong>1.90)</strong></span> <span class='ocrx_word' id='word_1_265' title='bbox 1116 1921 1190 1973; x_wconf 84' lang='grc' dir='ltr'><strong>Οὐ</strong></span> <span class='ocrx_word' id='word_1_266' title='bbox 1215 1920 1311 1989; x_wconf 86' lang='grc' dir='ltr'>μὲν</span> <span class='ocrx_word' id='word_1_267' title='bbox 1338 1918 1459 1972; x_wconf 80' lang='grc' dir='ltr'>οὐδὲ</span> <span class='ocrx_word' id='word_1_268' title='bbox 1485 1920 1543 1972; x_wconf 84' lang='grc' dir='ltr'>ὲν</span> <span class='ocrx_word' id='word_1_269' title='bbox 1568 1917 1719 1987; x_wconf 83' lang='grc' dir='ltr'>μέσῳ</span> 
     </span>
    </p>
   </div>
   <div class='ocr_carea' id='block_1_37' title="bbox 148 2007 1722 2081">
    <p class='ocr_par' dir='ltr' id='par_1_37' title="bbox 148 2007 1722 2081">
     <span class='ocr_line' id='line_1_37' title="bbox 148 2007 1722 2081; baseline -0.001 -22"><span class='ocrx_word' id='word_1_270' title='bbox 148 2007 381 2076; x_wconf 81' lang='grc' dir='ltr'>θηλειῶν</span> <span class='ocrx_word' id='word_1_271' title='bbox 413 2008 567 2061; x_wconf 87' lang='grc' dir='ltr'>ῖπποι</span> <span class='ocrx_word' id='word_1_272' title='bbox 588 2009 892 2077; x_wconf 82' lang='grc' dir='ltr'>γεγονότες,</span> <span class='ocrx_word' id='word_1_273' title='bbox 932 2009 1163 2081; x_wconf 77' lang='grc' dir='ltr'>ἡσυχίαν</span> <span class='ocrx_word' id='word_1_274' title='bbox 1207 2010 1481 2078; x_wconf 74' lang='grc' dir='ltr'>ἀγάγοιεν,</span> <span class='ocrx_word' id='word_1_275' title='bbox 1515 2022 1722 2075; x_wconf 82' lang='grc' dir='ltr'>παρου-</span> 
     </span>
    </p>
   </div>
   <div class='ocr_carea' id='block_1_38' title="bbox 150 2097 1716 2172">
    <p class='ocr_par' dir='ltr' id='par_1_38' title="bbox 150 2097 1716 2172">
     <span class='ocr_line' id='line_1_38' title="bbox 150 2097 1716 2172; baseline 0 -22"><span class='ocrx_word' id='word_1_276' title='bbox 150 2098 258 2150; x_wconf 84' lang='grc' dir='ltr'><strong>σῶν</strong></span> <span class='ocrx_word' id='word_1_277' title='bbox 282 2098 394 2151; x_wconf 85' lang='grc' dir='ltr'><strong>τῶν</strong></span> <span class='ocrx_word' id='word_1_278' title='bbox 419 2098 788 2171; x_wconf 63' lang='grc' dir='ltr'>δέξασθαιτί-ιν</span> <span class='ocrx_word' id='word_1_279' title='bbox 806 2101 864 2166; x_wconf 78' lang='grc' dir='ltr'>ἐξ</span> <span class='ocrx_word' id='word_1_280' title='bbox 885 2100 1061 2153; x_wconf 79' lang='grc' dir='ltr'>αὐτῶν</span> <span class='ocrx_word' id='word_1_281' title='bbox 1075 2101 1252 2172; x_wconf 78' lang='grc' dir='ltr'>ὁρμὴν</span> <span class='ocrx_word' id='word_1_282' title='bbox 1278 2100 1403 2153; x_wconf 76' lang='grc' dir='ltr'>οἴων</span> <span class='ocrx_word' id='word_1_283' title='bbox 1420 2116 1480 2151; x_wconf 87' lang='grc' dir='ltr'><strong>τε</strong></span> <span class='ocrx_word' id='word_1_284' title='bbox 1518 2097 1716 2150; x_wconf 83' lang='grc' dir='ltr'>οὐσῶν·</span> 
     </span>
    </p>
   </div>
   <div class='ocr_carea' id='block_1_39' title="bbox 149 2188 1720 2261">
    <p class='ocr_par' dir='ltr' id='par_1_39' title="bbox 149 2188 1720 2261">
     <span class='ocr_line' id='line_1_39' title="bbox 149 2188 1720 2261; baseline 0 -21"><span class='ocrx_word' id='word_1_285' title='bbox 149 2188 290 2241; x_wconf 85' lang='grc' dir='ltr'>ῶστε</span> <span class='ocrx_word' id='word_1_286' title='bbox 310 2188 434 2240; x_wconf 82' lang='grc' dir='ltr'>οὐδὲ</span> <span class='ocrx_word' id='word_1_287' title='bbox 470 2189 597 2252; x_wconf 80' lang='grc' dir='ltr'>τοὺς</span> <span class='ocrx_word' id='word_1_288' title='bbox 623 2189 911 2259; x_wconf 88' lang='grc' dir='ltr'>πολεμίους</span> <span class='ocrx_word' id='word_1_289' title='bbox 939 2190 1169 2261; x_wconf 83' lang='grc' dir='ltr'>ἡσυχίαν</span> <span class='ocrx_word' id='word_1_290' title='bbox 1193 2191 1421 2257; x_wconf 84' lang='grc' dir='ltr'>ἀγαγεῖν</span> <span class='ocrx_word' id='word_1_291' title='bbox 1462 2188 1548 2258; x_wconf 74' lang='grc' dir='ltr'><strong>ἐφ’</strong></span> <span class='ocrx_word' id='word_1_292' title='bbox 1591 2189 1720 2259; x_wconf 87' lang='grc' dir='ltr'>ὑμῖν</span> 
     </span>
    </p>
   </div>
   <div class='ocr_carea' id='block_1_40' title="bbox 148 2280 1722 2352">
    <p class='ocr_par' dir='ltr' id='par_1_40' title="bbox 148 2280 1722 2352">
     <span class='ocr_line' id='line_1_40' title="bbox 148 2280 1722 2352; baseline 0.001 -20"><span class='ocrx_word' id='word_1_293' title='bbox 148 2280 394 2342; x_wconf 77' lang='grc' dir='ltr'>δυνατὸν,</span> <span class='ocrx_word' id='word_1_294' title='bbox 433 2281 531 2352; x_wconf 78' lang='grc' dir='ltr'>τὴν</span> <span class='ocrx_word' id='word_1_295' title='bbox 568 2280 821 2352; x_wconf 79' lang='grc' dir='ltr'>ἀφορμὴν</span> <span class='ocrx_word' id='word_1_296' title='bbox 858 2281 946 2336; x_wconf 74' lang='grc' dir='ltr'>διὰ</span> <span class='ocrx_word' id='word_1_297' title='bbox 979 2283 1077 2351; x_wconf 81' lang='grc' dir='ltr'>τῆς</span> <span class='ocrx_word' id='word_1_298' title='bbox 1120 2280 1462 2352; x_wconf 79' lang='grc' dir='ltr'>παρανομίας</span> <span class='ocrx_word' id='word_1_299' title='bbox 1496 2280 1722 2334; x_wconf 87' lang='grc' dir='ltr'>δεδωκό-</span> 
     </span>
    </p>
   </div>
   <div class='ocr_carea' id='block_1_41' title="bbox 1821 1907 3394 1987">
    <p class='ocr_par' dir='ltr' id='par_1_41' title="bbox 1821 1907 3394 1987">
     <span class='ocr_line' id='line_1_41' title="bbox 1821 1907 3394 1987; baseline -0.01 -14"><span class='ocrx_word' id='word_1_300' title='bbox 1821 1934 2015 1974; x_wconf 88' lang='lat' dir='ltr'><strong>narum</strong></span> <span class='ocrx_word' id='word_1_301' title='bbox 2043 1917 2168 1987; x_wconf 89' lang='lat' dir='ltr'><strong>equi</strong></span> <span class='ocrx_word' id='word_1_302' title='bbox 2191 1916 2493 1985; x_wconf 89' lang='lat' dir='ltr'><strong>quiescent,</strong></span> <span class='ocrx_word' id='word_1_303' title='bbox 2521 1911 2879 1983; x_wconf 65' lang='lat' dir='ltr'><strong>praesentibus</strong></span> <span class='ocrx_word' id='word_1_304' title='bbox 2908 1909 3014 1963; x_wconf 88' lang='lat' dir='ltr'><strong>illis</strong></span> <span class='ocrx_word' id='word_1_305' title='bbox 3040 1924 3159 1977; x_wconf 65' lang='lat' dir='ltr'><strong>quae</strong></span> <span class='ocrx_word' id='word_1_306' title='bbox 3178 1907 3394 1961; x_wconf 90' lang='lat' dir='ltr'><strong>illorum</strong></span> 
     </span>
    </p>
   </div>
   <div class='ocr_carea' id='block_1_42' title="bbox 1822 1996 3394 2081">
    <p class='ocr_par' dir='ltr' id='par_1_42' title="bbox 1822 1996 3394 2081">
     <span class='ocr_line' id='line_1_42' title="bbox 1822 1996 3394 2081; baseline -0.011 -17"><span class='ocrx_word' id='word_1_307' title='bbox 1822 2011 2081 2081; x_wconf 89' lang='lat' dir='ltr'><strong>impetum</strong></span> <span class='ocrx_word' id='word_1_308' title='bbox 2114 2008 2396 2063; x_wconf 86' lang='lat' dir='ltr'><strong>admittere</strong></span> <span class='ocrx_word' id='word_1_309' title='bbox 2437 2012 2688 2077; x_wconf 88' lang='lat' dir='ltr'><strong>possunt.</strong></span> <span class='ocrx_word' id='word_1_310' title='bbox 2743 2001 2835 2056; x_wconf 90' lang='lat' dir='ltr'><strong>Sic</strong></span> <span class='ocrx_word' id='word_1_311' title='bbox 2879 2015 3057 2069; x_wconf 91' lang='lat' dir='ltr'><strong>neque</strong></span> <span class='ocrx_word' id='word_1_312' title='bbox 3090 2000 3276 2053; x_wconf 87' lang='lat' dir='ltr'><strong>hostes</strong></span> <span class='ocrx_word' id='word_1_313' title='bbox 3322 1996 3394 2049; x_wconf 84' lang='lat' dir='ltr'><strong>ad</strong></span> 
     </span>
    </p>
   </div>
   <div class='ocr_carea' id='block_1_43' title="bbox 1824 2084 3395 2168">
    <p class='ocr_par' dir='ltr' id='par_1_43' title="bbox 1824 2084 3395 2168">
     <span class='ocr_line' id='line_1_43' title="bbox 1824 2084 3395 2168; baseline -0.006 -18"><span class='ocrx_word' id='word_1_314' title='bbox 1824 2114 1918 2153; x_wconf 82' lang='lat' dir='ltr'><strong>vos</strong></span> <span class='ocrx_word' id='word_1_315' title='bbox 1970 2095 2388 2168; x_wconf 87' lang='lat' dir='ltr'><strong>aggrediendum</strong></span> <span class='ocrx_word' id='word_1_316' title='bbox 2431 2094 2636 2159; x_wconf 80' lang='lat' dir='ltr'><strong>inertes</strong></span> <span class='ocrx_word' id='word_1_317' title='bbox 2676 2098 2856 2155; x_wconf 88' lang='lat' dir='ltr'><strong>erunt,</strong></span> <span class='ocrx_word' id='word_1_318' title='bbox 2904 2088 3103 2145; x_wconf 88' lang='lat' dir='ltr'><strong>vestris</strong></span> <span class='ocrx_word' id='word_1_319' title='bbox 3148 2084 3395 2157; x_wconf 80' lang='lat' dir='ltr'><strong>peccatis</strong></span> 
     </span>
    </p>
   </div>
   <div class='ocr_carea' id='block_1_44' title="bbox 1820 2183 3391 2256">
    <p class='ocr_par' dir='ltr' id='par_1_44' title="bbox 1820 2183 3391 2256">
     <span class='ocr_line' id='line_1_44' title="bbox 1820 2183 3391 2256; baseline -0.01 -13"><span class='ocrx_word' id='word_1_320' title='bbox 1820 2189 2162 2244; x_wconf 88' lang='lat' dir='ltr'><strong>occasionem</strong></span> <span class='ocrx_word' id='word_1_321' title='bbox 2189 2184 2554 2256; x_wconf 65' lang='lat' dir='ltr'><strong>praebentibus</strong></span> <span class='ocrx_word' id='word_1_322' title='bbox 2584 2191 2642 2237; x_wconf 92' lang='lat' dir='ltr'><strong>ut</strong></span> <span class='ocrx_word' id='word_1_323' title='bbox 2666 2183 2739 2236; x_wconf 90' lang='lat' dir='ltr'><strong>ita</strong></span> <span class='ocrx_word' id='word_1_324' title='bbox 2764 2189 2956 2236; x_wconf 85' lang='lat' dir='ltr'><strong>contra</strong></span> <span class='ocrx_word' id='word_1_325' title='bbox 2984 2194 3079 2232; x_wconf 85' lang='lat' dir='ltr'><strong>vos</strong></span> <span class='ocrx_word' id='word_1_326' title='bbox 3100 2193 3159 2232; x_wconf 90' lang='lat' dir='ltr'><strong>se</strong></span> <span class='ocrx_word' id='word_1_327' title='bbox 3180 2183 3391 2246; x_wconf 85' lang='lat' dir='ltr'><strong>gerant.</strong></span> 
     </span>
    </p>
   </div>
   <div class='ocr_carea' id='block_1_45' title="bbox 1828 2266 3395 2349">
    <p class='ocr_par' dir='ltr' id='par_1_45' title="bbox 1828 2266 3395 2349">
     <span class='ocr_line' id='line_1_45' title="bbox 1828 2266 3395 2349; baseline -0.011 -14"><span class='ocrx_word' id='word_1_328' title='bbox 1828 2302 1846 2335; x_wconf 80' lang='grc' dir='ltr'><strong>ι</strong></span> <span class='ocrx_word' id='word_1_329' title='bbox 1874 2282 2012 2349; x_wconf 81' lang='lat' dir='ltr'><strong>Quia</strong></span> <span class='ocrx_word' id='word_1_330' title='bbox 2041 2278 2392 2335; x_wconf 87' lang='lat' dir='ltr'><strong>convertistis</strong></span> <span class='ocrx_word' id='word_1_331' title='bbox 2422 2276 2474 2330; x_wconf 90' lang='lat' dir='ltr'><strong>in</strong></span> <span class='ocrx_word' id='word_1_332' title='bbox 2500 2275 2739 2329; x_wconf 81' lang='lat' dir='ltr'><strong>furorem</strong></span> <span class='ocrx_word' id='word_1_333' title='bbox 2766 2271 3056 2343; x_wconf 81' lang='lat' dir='ltr'><strong>judicium,</strong></span> <span class='ocrx_word' id='word_1_334' title='bbox 3086 2276 3139 2325; x_wconf 89' lang='lat' dir='ltr'><strong>et</strong></span> <span class='ocrx_word' id='word_1_335' title='bbox 3157 2266 3395 2322; x_wconf 82' lang='lat' dir='ltr'><strong>fructum</strong></span> 
     </span>
    </p>
   </div>
   <div class='ocr_carea' id='block_1_46' title="bbox 149 2360 1729 2445">
    <p class='ocr_par' dir='ltr' id='par_1_46' title="bbox 149 2372 1718 2443">
     <span class='ocr_line' id='line_1_46' title="bbox 149 2372 1718 2443; baseline 0.001 -20"><span class='ocrx_word' id='word_1_336' title='bbox 149 2389 255 2424; x_wconf 84' lang='grc' dir='ltr'><strong>των</strong></span> <span class='ocrx_word' id='word_1_337' title='bbox 306 2372 465 2442; x_wconf 78' lang='grc' dir='ltr'>ὑμῶν</span> <span class='ocrx_word' id='word_1_338' title='bbox 510 2372 605 2426; x_wconf 81' lang='grc' dir='ltr'>τοῦ</span> <span class='ocrx_word' id='word_1_339' title='bbox 661 2372 882 2427; x_wconf 79' lang='grc' dir='ltr'>τοιαῦτα</span> <span class='ocrx_word' id='word_1_340' title='bbox 932 2372 1186 2443; x_wconf 88' lang='grc' dir='ltr'>γενέσθαι</span> <span class='ocrx_word' id='word_1_341' title='bbox 1237 2373 1368 2443; x_wconf 81' lang='grc' dir='ltr'>παρ’</span> <span class='ocrx_word' id='word_1_342' title='bbox 1416 2373 1594 2426; x_wconf 84' lang='grc' dir='ltr'>αὐτῶν</span> <span class='ocrx_word' id='word_1_343' title='bbox 1641 2373 1718 2436; x_wconf 84' lang='grc' dir='ltr'><strong>είς</strong></span> 
     </span>
    </p>
   </div>
   <div class='ocr_carea' id='block_1_47' title="bbox 1835 2360 3399 2445">
    <p class='ocr_par' dir='ltr' id='par_1_47' title="bbox 1835 2360 3399 2437">
     <span class='ocr_line' id='line_1_47' title="bbox 1835 2360 3399 2437; baseline -0.013 -9"><span class='ocrx_word' id='word_1_344' title='bbox 1835 2373 2045 2437; x_wconf 56' lang='lat' dir='ltr'><strong>iustitia:</strong></span> <span class='ocrx_word' id='word_1_345' title='bbox 2092 2371 2147 2424; x_wconf 92' lang='lat' dir='ltr'><strong>in</strong></span> <span class='ocrx_word' id='word_1_346' title='bbox 2178 2366 2618 2422; x_wconf 86' lang='lat' dir='ltr'><strong>amaritudinem.</strong></span> <span class='ocrx_word' id='word_1_347' title='bbox 2659 2383 2677 2415; x_wconf 77' lang='grc' dir='ltr'><strong>ι</strong></span> <span class='ocrx_word' id='word_1_348' title='bbox 2717 2362 2872 2418; x_wconf 87' lang='lat' dir='ltr'><strong>Nunc</strong></span> <span class='ocrx_word' id='word_1_349' title='bbox 2917 2377 3010 2424; x_wconf 91' lang='lat' dir='ltr'><strong>en,</strong></span> <span class='ocrx_word' id='word_1_350' title='bbox 3059 2360 3258 2428; x_wconf 88' lang='lat' dir='ltr'><strong>inquit,</strong></span> <span class='ocrx_word' id='word_1_351' title='bbox 3308 2375 3399 2409; x_wconf 81' lang='lat' dir='ltr'><strong>ve-</strong></span> 
     </span>
    </p>
   </div>
   <div class='ocr_carea' id='block_1_48' title="bbox 149 2463 1719 2538">
    <p class='ocr_par' dir='ltr' id='par_1_48' title="bbox 149 2463 1719 2538">
     <span class='ocr_line' id='line_1_48' title="bbox 149 2463 1719 2538; baseline 0.003 -23"><span class='ocrx_word' id='word_1_352' title='bbox 149 2464 315 2532; x_wconf 78' lang='grc' dir='ltr'>ὑμᾶς.</span> <span class='ocrx_word' id='word_1_353' title='bbox 349 2483 368 2514; x_wconf 75' lang='grc' dir='ltr'><strong>ι</strong></span> <span class='ocrx_word' id='word_1_354' title='bbox 403 2463 527 2517; x_wconf 88' lang='grc' dir='ltr'>Ὅτι</span> <span class='ocrx_word' id='word_1_355' title='bbox 558 2464 915 2537; x_wconf 76' lang='grc' dir='ltr'>ὲξεστρέψατε</span> <span class='ocrx_word' id='word_1_356' title='bbox 939 2466 1019 2529; x_wconf 85' lang='grc' dir='ltr'><strong>είς</strong></span> <span class='ocrx_word' id='word_1_357' title='bbox 1051 2465 1219 2536; x_wconf 80' lang='grc' dir='ltr'>θυμὸν</span> <span class='ocrx_word' id='word_1_358' title='bbox 1247 2468 1439 2538; x_wconf 83' lang='grc' dir='ltr'>κρῖμα,</span> <span class='ocrx_word' id='word_1_359' title='bbox 1460 2467 1553 2519; x_wconf 74' lang='grc' dir='ltr'>καὶ</span> <span class='ocrx_word' id='word_1_360' title='bbox 1580 2483 1719 2536; x_wconf 82' lang='grc' dir='ltr'>καρ-</span> 
     </span>
    </p>
   </div>
   <div class='ocr_carea' id='block_1_49' title="bbox 148 2551 1720 2624">
    <p class='ocr_par' dir='ltr' id='par_1_49' title="bbox 148 2551 1720 2624">
     <span class='ocr_line' id='line_1_49' title="bbox 148 2551 1720 2624; baseline 0 -20"><span class='ocrx_word' id='word_1_361' title='bbox 148 2552 249 2604; x_wconf 81' lang='grc' dir='ltr'><strong>πὺν</strong></span> <span class='ocrx_word' id='word_1_362' title='bbox 268 2551 623 2622; x_wconf 77' lang='grc' dir='ltr'>δικαιοσύνης</span> <span class='ocrx_word' id='word_1_363' title='bbox 649 2553 731 2616; x_wconf 82' lang='grc' dir='ltr'><strong>είς</strong></span> <span class='ocrx_word' id='word_1_364' title='bbox 766 2553 1009 2623; x_wconf 84' lang='grc' dir='ltr'>πικρίαν.</span> <span class='ocrx_word' id='word_1_365' title='bbox 1042 2572 1063 2604; x_wconf 72' lang='grc' dir='ltr'><strong>ι</strong></span> <span class='ocrx_word' id='word_1_366' title='bbox 1104 2552 1218 2605; x_wconf 79' lang='grc' dir='ltr'><strong>Νῦν</strong></span> <span class='ocrx_word' id='word_1_367' title='bbox 1246 2552 1377 2624; x_wconf 90' lang='grc' dir='ltr'><strong>γάρ,</strong></span> <span class='ocrx_word' id='word_1_368' title='bbox 1407 2552 1589 2622; x_wconf 76' lang='grc' dir='ltr'>φησὶν,</span> <span class='ocrx_word' id='word_1_369' title='bbox 1624 2551 1720 2620; x_wconf 83' lang='grc' dir='ltr'>ἀφ’</span> 
     </span>
    </p>
   </div>
   <div class='ocr_carea' id='block_1_50' title="bbox 146 2634 1723 2714">
    <p class='ocr_par' dir='ltr' id='par_1_50' title="bbox 146 2634 1723 2714">
     <span class='ocr_line' id='line_1_50' title="bbox 146 2634 1723 2714; baseline 0 -19"><span class='ocrx_word' id='word_1_370' title='bbox 146 2634 222 2695; x_wconf 79' lang='grc' dir='ltr'><strong>ὧν</strong></span> <span class='ocrx_word' id='word_1_371' title='bbox 250 2640 643 2709; x_wconf 79' lang='grc' dir='ltr'>διεπράξασθε,</span> <span class='ocrx_word' id='word_1_372' title='bbox 675 2642 927 2697; x_wconf 86' lang='grc' dir='ltr'>πείσεσθε</span> <span class='ocrx_word' id='word_1_373' title='bbox 994 2643 1239 2707; x_wconf 76' lang='grc' dir='ltr'>τοιαῦτα,</span> <span class='ocrx_word' id='word_1_374' title='bbox 1280 2645 1361 2707; x_wconf 82' lang='grc' dir='ltr'><strong>είς</strong></span> <span class='ocrx_word' id='word_1_375' title='bbox 1391 2642 1559 2714; x_wconf 83' lang='grc' dir='ltr'>ὀργὴν</span> <span class='ocrx_word' id='word_1_376' title='bbox 1595 2659 1723 2711; x_wconf 79' lang='grc' dir='ltr'>συγο</span> 
     </span>
    </p>
   </div>
   <div class='ocr_carea' id='block_1_51' title="bbox 146 2733 1719 2807">
    <p class='ocr_par' dir='ltr' id='par_1_51' title="bbox 146 2733 1719 2807">
     <span class='ocr_line' id='line_1_51' title="bbox 146 2733 1719 2807; baseline 0.001 -23"><span class='ocrx_word' id='word_1_377' title='bbox 146 2734 478 2804; x_wconf 75' lang='grc' dir='ltr'>κινήσαντες</span> <span class='ocrx_word' id='word_1_378' title='bbox 504 2734 598 2787; x_wconf 81' lang='grc' dir='ltr'>τὸν</span> <span class='ocrx_word' id='word_1_379' title='bbox 630 2733 783 2801; x_wconf 81' lang='grc' dir='ltr'>Θεὸν,</span> <span class='ocrx_word' id='word_1_380' title='bbox 814 2733 954 2789; x_wconf 83' lang='grc' dir='ltr'>ὥστε</span> <span class='ocrx_word' id='word_1_381' title='bbox 987 2735 1167 2807; x_wconf 87' lang='grc' dir='ltr'>κρῖναί</span> <span class='ocrx_word' id='word_1_382' title='bbox 1196 2751 1256 2788; x_wconf 92' lang='grc' dir='ltr'><strong>τε</strong></span> <span class='ocrx_word' id='word_1_383' title='bbox 1285 2734 1355 2788; x_wconf 88' lang='grc' dir='ltr'><strong>τά</strong></span> <span class='ocrx_word' id='word_1_384' title='bbox 1389 2734 1510 2789; x_wconf 87' lang='grc' dir='ltr'>καθ’</span> <span class='ocrx_word' id='word_1_385' title='bbox 1543 2733 1719 2804; x_wconf 81' lang='grc' dir='ltr'>ὑμᾶς·</span> 
     </span>
    </p>
   </div>
   <div class='ocr_carea' id='block_1_52' title="bbox 146 2822 1721 2897">
    <p class='ocr_par' dir='ltr' id='par_1_52' title="bbox 146 2822 1721 2897">
     <span class='ocr_line' id='line_1_52' title="bbox 146 2822 1721 2897; baseline -0.001 -19"><span class='ocrx_word' id='word_1_386' title='bbox 146 2825 244 2878; x_wconf 73' lang='grc' dir='ltr'><strong>καὶ</strong></span> <span class='ocrx_word' id='word_1_387' title='bbox 291 2824 483 2896; x_wconf 74' lang='grc' dir='ltr'>ἐπειδὴ</span> <span class='ocrx_word' id='word_1_388' title='bbox 514 2826 732 2881; x_wconf 87' lang='grc' dir='ltr'>δικαίαν</span> <span class='ocrx_word' id='word_1_389' title='bbox 776 2822 914 2881; x_wconf 81' lang='grc' dir='ltr'>οἶδεν</span> <span class='ocrx_word' id='word_1_390' title='bbox 949 2825 1244 2897; x_wconf 77' lang='grc' dir='ltr'>ὑφέξοντας</span> <span class='ocrx_word' id='word_1_391' title='bbox 1284 2826 1384 2897; x_wconf 81' lang='grc' dir='ltr'><strong>τὴν</strong></span> <span class='ocrx_word' id='word_1_392' title='bbox 1426 2823 1721 2897; x_wconf 86' lang='grc' dir='ltr'>τιμωρίαν,</span> 
     </span>
    </p>
   </div>
   <div class='ocr_carea' id='block_1_53' title="bbox 145 2915 1721 2989">
    <p class='ocr_par' dir='ltr' id='par_1_53' title="bbox 145 2915 1721 2989">
     <span class='ocr_line' id='line_1_53' title="bbox 145 2915 1721 2989; baseline 0.001 -21"><span class='ocrx_word' id='word_1_393' title='bbox 145 2915 245 2986; x_wconf 80' lang='grc' dir='ltr'>τὴν</span> <span class='ocrx_word' id='word_1_394' title='bbox 263 2916 544 2989; x_wconf 85' lang='grc' dir='ltr'>τοσαύτην</span> <span class='ocrx_word' id='word_1_395' title='bbox 562 2918 859 2987; x_wconf 64' lang='grc' dir='ltr'>ἐπαγαγεῖν</span> <span class='ocrx_word' id='word_1_396' title='bbox 878 2918 1007 2988; x_wconf 85' lang='grc' dir='ltr'>ὑμῖν</span> <span class='ocrx_word' id='word_1_397' title='bbox 1025 2918 1134 2973; x_wconf 87' lang='grc' dir='ltr'><strong>τῶν</strong></span> <span class='ocrx_word' id='word_1_398' title='bbox 1154 2916 1339 2972; x_wconf 86' lang='grc' dir='ltr'>κακῶν</span> <span class='ocrx_word' id='word_1_399' title='bbox 1355 2917 1453 2989; x_wconf 83' lang='grc' dir='ltr'>τὴν</span> <span class='ocrx_word' id='word_1_400' title='bbox 1475 2917 1721 2987; x_wconf 85' lang='grc' dir='ltr'>πικρίαν·</span> 
     </span>
    </p>
   </div>
   <div class='ocr_carea' id='block_1_54' title="bbox 148 3006 1729 3081">
    <p class='ocr_par' dir='ltr' id='par_1_54' title="bbox 148 3006 1729 3081">
     <span class='ocr_line' id='line_1_54' title="bbox 148 3006 1729 3081; baseline 0 -22"><span class='ocrx_word' id='word_1_401' title='bbox 148 3006 297 3075; x_wconf 83' lang='grc' dir='ltr'>λέγει</span> <span class='ocrx_word' id='word_1_402' title='bbox 335 3007 397 3060; x_wconf 77' lang='grc' dir='ltr'>δὲ</span> <span class='ocrx_word' id='word_1_403' title='bbox 436 3009 599 3062; x_wconf 86' lang='grc' dir='ltr'>πάλιν</span> <span class='ocrx_word' id='word_1_404' title='bbox 631 3010 725 3063; x_wconf 78' lang='grc' dir='ltr'><strong>καὶ</strong></span> <span class='ocrx_word' id='word_1_405' title='bbox 751 3008 821 3064; x_wconf 83' lang='grc' dir='ltr'>τὰ</span> <span class='ocrx_word' id='word_1_406' title='bbox 851 3011 981 3081; x_wconf 87' lang='grc' dir='ltr'>παρ’</span> <span class='ocrx_word' id='word_1_407' title='bbox 1008 3010 1186 3064; x_wconf 82' lang='grc' dir='ltr'>αὐτῶν</span> <span class='ocrx_word' id='word_1_408' title='bbox 1218 3010 1279 3063; x_wconf 83' lang='grc' dir='ltr'>οὗ</span> <span class='ocrx_word' id='word_1_409' title='bbox 1313 3008 1540 3071; x_wconf 88' lang='grc' dir='ltr'>δεόντως</span> <span class='ocrx_word' id='word_1_410' title='bbox 1581 3006 1729 3076; x_wconf 74' lang='grc' dir='ltr'>γινόο</span> 
     </span>
    </p>
   </div>
   <div class='ocr_carea' id='block_1_55' title="bbox 152 3093 1728 3173">
    <p class='ocr_par' dir='ltr' id='par_1_55' title="bbox 152 3093 1728 3173">
     <span class='ocr_line' id='line_1_55' title="bbox 152 3093 1728 3173; baseline -0.001 -20"><span class='ocrx_word' id='word_1_411' title='bbox 152 3115 313 3166; x_wconf 76' lang='grc' dir='ltr'>μενα,</span> <span class='ocrx_word' id='word_1_412' title='bbox 356 3099 501 3170; x_wconf 80' lang='grc' dir='ltr'>ὑπὲρ</span> <span class='ocrx_word' id='word_1_413' title='bbox 530 3093 605 3153; x_wconf 82' lang='grc' dir='ltr'>ὧν</span> <span class='ocrx_word' id='word_1_414' title='bbox 632 3100 697 3172; x_wconf 82' lang='grc' dir='ltr'>δὴ</span> <span class='ocrx_word' id='word_1_415' title='bbox 740 3102 809 3155; x_wconf 86' lang='grc' dir='ltr'><strong>τά</strong></span> <span class='ocrx_word' id='word_1_416' title='bbox 838 3100 1212 3173; x_wconf 70' lang='grc' dir='ltr'>προρρηθέντα</span> <span class='ocrx_word' id='word_1_417' title='bbox 1251 3099 1597 3153; x_wconf 74' lang='grc' dir='ltr'>ἐπελεύσεται</span> <span class='ocrx_word' id='word_1_418' title='bbox 1632 3098 1728 3151; x_wconf 83' lang='grc' dir='ltr'><strong>αὒ-</strong></span> 
     </span>
    </p>
   </div>
   <div class='ocr_carea' id='block_1_56' title="bbox 1822 2451 3400 2533">
    <p class='ocr_par' dir='ltr' id='par_1_56' title="bbox 1822 2451 3400 2533">
     <span class='ocr_line' id='line_1_56' title="bbox 1822 2451 3400 2533; baseline -0.014 -11"><span class='ocrx_word' id='word_1_419' title='bbox 1822 2466 1956 2522; x_wconf 86' lang='lat' dir='ltr'><strong>stris</strong></span> <span class='ocrx_word' id='word_1_420' title='bbox 1985 2462 2147 2533; x_wconf 88' lang='lat' dir='ltr'><strong>digna</strong></span> <span class='ocrx_word' id='word_1_421' title='bbox 2180 2460 2339 2514; x_wconf 76' lang='lat' dir='ltr'><strong>iactis</strong></span> <span class='ocrx_word' id='word_1_422' title='bbox 2364 2458 2480 2513; x_wconf 66' lang='lat' dir='ltr'><strong>haec</strong></span> <span class='ocrx_word' id='word_1_423' title='bbox 2510 2455 2813 2527; x_wconf 89' lang='lat' dir='ltr'><strong>patiemini,</strong></span> <span class='ocrx_word' id='word_1_424' title='bbox 2851 2453 2961 2509; x_wconf 91' lang='lat' dir='ltr'><strong>Deo</strong></span> <span class='ocrx_word' id='word_1_425' title='bbox 2989 2451 3058 2506; x_wconf 90' lang='lat' dir='ltr'><strong>ad</strong></span> <span class='ocrx_word' id='word_1_426' title='bbox 3088 2452 3224 2506; x_wconf 84' lang='lat' dir='ltr'><strong>iram</strong></span> <span class='ocrx_word' id='word_1_427' title='bbox 3249 2464 3400 2503; x_wconf 88' lang='lat' dir='ltr'><strong>com-</strong></span> 
     </span>
    </p>
   </div>
   <div class='ocr_carea' id='block_1_57' title="bbox 1823 2542 3403 2623">
    <p class='ocr_par' dir='ltr' id='par_1_57' title="bbox 1823 2542 3403 2623">
     <span class='ocr_line' id='line_1_57' title="bbox 1823 2542 3403 2623; baseline -0.012 -11"><span class='ocrx_word' id='word_1_428' title='bbox 1823 2565 1973 2612; x_wconf 90' lang='lat' dir='ltr'><strong>moto</strong></span> <span class='ocrx_word' id='word_1_429' title='bbox 2024 2563 2085 2609; x_wconf 90' lang='lat' dir='ltr'><strong>ut</strong></span> <span class='ocrx_word' id='word_1_430' title='bbox 2125 2551 2332 2623; x_wconf 86' lang='lat' dir='ltr'><strong>judicio</strong></span> <span class='ocrx_word' id='word_1_431' title='bbox 2380 2549 2449 2605; x_wconf 89' lang='lat' dir='ltr'><strong>de</strong></span> <span class='ocrx_word' id='word_1_432' title='bbox 2489 2548 2645 2605; x_wconf 85' lang='lat' dir='ltr'><strong>vobis</strong></span> <span class='ocrx_word' id='word_1_433' title='bbox 2692 2546 2977 2610; x_wconf 89' lang='lat' dir='ltr'><strong>decernat,</strong></span> <span class='ocrx_word' id='word_1_434' title='bbox 3017 2550 3074 2599; x_wconf 91' lang='lat' dir='ltr'><strong>et</strong></span> <span class='ocrx_word' id='word_1_435' title='bbox 3117 2542 3247 2612; x_wconf 88' lang='lat' dir='ltr'><strong>quia</strong></span> <span class='ocrx_word' id='word_1_436' title='bbox 3303 2555 3403 2601; x_wconf 84' lang='lat' dir='ltr'><strong>vos</strong></span> 
     </span>
    </p>
   </div>
   <div class='ocr_carea' id='block_1_58' title="bbox 1824 2633 3401 2720">
    <p class='ocr_par' dir='ltr' id='par_1_58' title="bbox 1824 2633 3401 2720">
     <span class='ocr_line' id='line_1_58' title="bbox 1824 2633 3401 2720; baseline -0.013 -15"><span class='ocrx_word' id='word_1_437' title='bbox 1824 2662 2038 2720; x_wconf 72' lang='lat' dir='ltr'><strong>ptenam</strong></span> <span class='ocrx_word' id='word_1_438' title='bbox 2084 2644 2308 2700; x_wconf 88' lang='lat' dir='ltr'><strong>meritos</strong></span> <span class='ocrx_word' id='word_1_439' title='bbox 2352 2643 2478 2709; x_wconf 86' lang='lat' dir='ltr'><strong>scit,</strong></span> <span class='ocrx_word' id='word_1_440' title='bbox 2515 2642 2655 2697; x_wconf 87' lang='lat' dir='ltr'><strong>hanc</strong></span> <span class='ocrx_word' id='word_1_441' title='bbox 2701 2639 2969 2693; x_wconf 86' lang='lat' dir='ltr'><strong>malorum</strong></span> <span class='ocrx_word' id='word_1_442' title='bbox 3009 2635 3164 2691; x_wconf 83' lang='lat' dir='ltr'><strong>vobis</strong></span> <span class='ocrx_word' id='word_1_443' title='bbox 3201 2633 3401 2691; x_wconf 66' lang='lat' dir='ltr'><strong>inferet</strong></span> 
     </span>
    </p>
   </div>
   <div class='ocr_carea' id='block_1_59' title="bbox 1824 2724 3402 2795">
    <p class='ocr_par' dir='ltr' id='par_1_59' title="bbox 1824 2724 3402 2795">
     <span class='ocr_line' id='line_1_59' title="bbox 1824 2724 3402 2795; baseline -0.013 -1"><span class='ocrx_word' id='word_1_444' title='bbox 1824 2736 2262 2795; x_wconf 85' lang='lat' dir='ltr'><strong>amaritudinem.</strong></span> <span class='ocrx_word' id='word_1_445' title='bbox 2308 2732 2431 2788; x_wconf 81' lang='lat' dir='ltr'><strong>Mox</strong></span> <span class='ocrx_word' id='word_1_446' title='bbox 2482 2731 2665 2786; x_wconf 91' lang='lat' dir='ltr'><strong>denuo</strong></span> <span class='ocrx_word' id='word_1_447' title='bbox 2710 2729 3009 2783; x_wconf 81' lang='lat' dir='ltr'><strong>inhoneste</strong></span> <span class='ocrx_word' id='word_1_448' title='bbox 3043 2725 3115 2781; x_wconf 88' lang='lat' dir='ltr'><strong>ab</strong></span> <span class='ocrx_word' id='word_1_449' title='bbox 3164 2724 3235 2779; x_wconf 91' lang='lat' dir='ltr'><strong>iis</strong></span> <span class='ocrx_word' id='word_1_450' title='bbox 3278 2731 3402 2775; x_wconf 87' lang='lat' dir='ltr'><strong>acta</strong></span> 
     </span>
    </p>
   </div>
   <div class='ocr_carea' id='block_1_60' title="bbox 1823 2811 3400 2892">
    <p class='ocr_par' dir='ltr' id='par_1_60' title="bbox 1823 2811 3400 2892">
     <span class='ocr_line' id='line_1_60' title="bbox 1823 2811 3400 2892; baseline -0.011 -11"><span class='ocrx_word' id='word_1_451' title='bbox 1823 2827 2060 2888; x_wconf 80' lang='lat' dir='ltr'><strong>reeitat,</strong></span> <span class='ocrx_word' id='word_1_452' title='bbox 2114 2835 2348 2892; x_wconf 91' lang='lat' dir='ltr'><strong>quorum</strong></span> <span class='ocrx_word' id='word_1_453' title='bbox 2408 2834 2577 2875; x_wconf 84' lang='lat' dir='ltr'><strong>causa</strong></span> <span class='ocrx_word' id='word_1_454' title='bbox 2633 2817 2895 2888; x_wconf 71' lang='lat' dir='ltr'><strong>praedicta</strong></span> <span class='ocrx_word' id='word_1_455' title='bbox 2942 2811 3087 2869; x_wconf 84' lang='lat' dir='ltr'><strong>mala</strong></span> <span class='ocrx_word' id='word_1_456' title='bbox 3129 2813 3400 2867; x_wconf 87' lang='lat' dir='ltr'><strong>evenient.</strong></span> 
     </span>
    </p>
   </div>
   <div class='ocr_carea' id='block_1_61' title="bbox 1832 2898 3404 2982">
    <p class='ocr_par' dir='ltr' id='par_1_61' title="bbox 1832 2898 3404 2982">
     <span class='ocr_line' id='line_1_61' title="bbox 1832 2898 3404 2982; baseline -0.011 -13"><span class='ocrx_word' id='word_1_457' title='bbox 1832 2936 1851 2969; x_wconf 79' lang='grc' dir='ltr'><strong>ι</strong></span> <span class='ocrx_word' id='word_1_458' title='bbox 1874 2914 1977 2982; x_wconf 86' lang='lat' dir='ltr'><strong>Qui</strong></span> <span class='ocrx_word' id='word_1_459' title='bbox 1996 2912 2143 2968; x_wconf 90' lang='lat' dir='ltr'><strong>nullo</strong></span> <span class='ocrx_word' id='word_1_460' title='bbox 2156 2913 2298 2965; x_wconf 90' lang='lat' dir='ltr'><strong>bono</strong></span> <span class='ocrx_word' id='word_1_461' title='bbox 2315 2907 2481 2964; x_wconf 88' lang='lat' dir='ltr'><strong>verbo</strong></span> <span class='ocrx_word' id='word_1_462' title='bbox 2495 2905 2773 2968; x_wconf 66' lang='lat' dir='ltr'><strong>laatamini,</strong></span> <span class='ocrx_word' id='word_1_463' title='bbox 2788 2901 3106 2973; x_wconf 89' lang='lat' dir='ltr'><strong>quidieitis:</strong></span> <span class='ocrx_word' id='word_1_464' title='bbox 3127 2898 3316 2953; x_wconf 86' lang='lat' dir='ltr'><strong>Nonne</strong></span> <span class='ocrx_word' id='word_1_465' title='bbox 3336 2913 3404 2952; x_wconf 81' lang='lat' dir='ltr'><strong>ex</strong></span> 
     </span>
    </p>
   </div>
   <div class='ocr_carea' id='block_1_62' title="bbox 1827 2988 3403 3062">
    <p class='ocr_par' dir='ltr' id='par_1_62' title="bbox 1827 2988 3403 3062">
     <span class='ocr_line' id='line_1_62' title="bbox 1827 2988 3403 3062; baseline -0.011 -1"><span class='ocrx_word' id='word_1_466' title='bbox 1827 3018 2014 3062; x_wconf 89' lang='lat' dir='ltr'><strong>nostra</strong></span> <span class='ocrx_word' id='word_1_467' title='bbox 2046 2999 2365 3057; x_wconf 79' lang='lat' dir='ltr'><strong>fortitudine</strong></span> <span class='ocrx_word' id='word_1_468' title='bbox 2390 3011 2597 3053; x_wconf 85' lang='lat' dir='ltr'><strong>cornua</strong></span> <span class='ocrx_word' id='word_1_469' title='bbox 2621 2992 2929 3049; x_wconf 81' lang='lat' dir='ltr'><strong>habemus?</strong></span> <span class='ocrx_word' id='word_1_470' title='bbox 2962 3010 2980 3042; x_wconf 73' lang='grc' dir='ltr'><strong>ι</strong></span> <span class='ocrx_word' id='word_1_471' title='bbox 3007 2988 3403 3059; x_wconf 84' lang='lat' dir='ltr'><strong>Pmphetarum</strong></span> 
     </span>
    </p>
   </div>
   <div class='ocr_carea' id='block_1_63' title="bbox 1831 3084 3407 3155">
    <p class='ocr_par' dir='ltr' id='par_1_63' title="bbox 1831 3084 3407 3155">
     <span class='ocr_line' id='line_1_63' title="bbox 1831 3084 3407 3155; baseline -0.011 -2"><span class='ocrx_word' id='word_1_472' title='bbox 1831 3096 2079 3153; x_wconf 89' lang='lat' dir='ltr'><strong>consiliis</strong></span> <span class='ocrx_word' id='word_1_473' title='bbox 2125 3110 2235 3149; x_wconf 90' lang='lat' dir='ltr'><strong>non</strong></span> <span class='ocrx_word' id='word_1_474' title='bbox 2276 3091 2443 3146; x_wconf 80' lang='lat' dir='ltr'><strong>vultis</strong></span> <span class='ocrx_word' id='word_1_475' title='bbox 2489 3088 2815 3151; x_wconf 84' lang='lat' dir='ltr'><strong>auscultare,</strong></span> <span class='ocrx_word' id='word_1_476' title='bbox 2843 3084 2936 3155; x_wconf 90' lang='lat' dir='ltr'><strong>qui</strong></span> <span class='ocrx_word' id='word_1_477' title='bbox 2985 3098 3083 3136; x_wconf 91' lang='lat' dir='ltr'><strong>vos</strong></span> <span class='ocrx_word' id='word_1_478' title='bbox 3120 3090 3407 3152; x_wconf 77' lang='lat' dir='ltr'><strong>peccantes</strong></span> 
     </span>
    </p>
   </div>
   <div class='ocr_carea' id='block_1_64' title="bbox 149 3165 1729 3267">
    <p class='ocr_par' dir='ltr' id='par_1_64' title="bbox 149 3165 1726 3267">
     <span class='ocr_line' id='line_1_64' title="bbox 149 3165 1726 3267; baseline 0.001 -23"><span class='ocrx_word' id='word_1_479' title='bbox 149 3165 262 3255; x_wconf 75' lang='grc' dir='ltr'>τοῖς</span> <span class='ocrx_word' id='word_1_480' title='bbox 286 3165 591 3247; x_wconf 39' lang='grc' dir='ltr'>κακά’-(Οἱ</span> <span class='ocrx_word' id='word_1_481' title='bbox 618 3165 1136 3267; x_wconf 42' lang='grc' dir='ltr'>εὐξρραινόμενοι-ὲπ</span> <span class='ocrx_word' id='word_1_482' title='bbox 1159 3194 1332 3249; x_wconf 80' lang='grc' dir='ltr'>οὐδενὶ</span> <span class='ocrx_word' id='word_1_483' title='bbox 1351 3192 1493 3263; x_wconf 85' lang='grc' dir='ltr'>λόγῳ</span> <span class='ocrx_word' id='word_1_484' title='bbox 1516 3190 1726 3261; x_wconf 83' lang='grc' dir='ltr'>ἀγαθῷ,</span> 
     </span>
    </p>
   </div>
   <div class='ocr_carea' id='block_1_65' title="bbox 1835 3165 3403 3267">
    <p class='ocr_par' dir='ltr' id='par_1_65' title="bbox 1835 3168 3403 3249">
     <span class='ocr_line' id='line_1_65' title="bbox 1835 3168 3403 3249; baseline -0.012 -6"><span class='ocrx_word' id='word_1_485' title='bbox 1835 3183 2354 3245; x_wconf 77' lang='lat' dir='ltr'><strong>commonefaciunt,</strong></span> <span class='ocrx_word' id='word_1_486' title='bbox 2382 3188 2546 3249; x_wconf 89' lang='lat' dir='ltr'><strong>atque</strong></span> <span class='ocrx_word' id='word_1_487' title='bbox 2576 3178 2642 3233; x_wconf 88' lang='lat' dir='ltr'><strong>ad</strong></span> <span class='ocrx_word' id='word_1_488' title='bbox 2674 3178 2965 3232; x_wconf 92' lang='lat' dir='ltr'><strong>honestum</strong></span> <span class='ocrx_word' id='word_1_489' title='bbox 2999 3178 3276 3233; x_wconf 73' lang='lat' dir='ltr'><strong>remeant,</strong></span> <span class='ocrx_word' id='word_1_490' title='bbox 3308 3168 3403 3225; x_wconf 86' lang='lat' dir='ltr'><strong>sed</strong></span> 
     </span>
    </p>
   </div>
   <div class='ocr_carea' id='block_1_66' title="bbox 149 3284 1725 3358">
    <p class='ocr_par' dir='ltr' id='par_1_66' title="bbox 149 3284 1725 3358">
     <span class='ocr_line' id='line_1_66' title="bbox 149 3284 1725 3358; baseline 0.001 -22"><span class='ocrx_word' id='word_1_491' title='bbox 149 3286 199 3336; x_wconf 84' lang='grc' dir='ltr'>οἱ</span> <span class='ocrx_word' id='word_1_492' title='bbox 223 3284 513 3352; x_wconf 83' lang='grc' dir='ltr'>λέγοντες·</span> <span class='ocrx_word' id='word_1_493' title='bbox 547 3285 662 3339; x_wconf 79' lang='grc' dir='ltr'><strong>Οὐκ</strong></span> <span class='ocrx_word' id='word_1_494' title='bbox 688 3288 745 3340; x_wconf 75' lang='grc' dir='ltr'>ἐν</span> <span class='ocrx_word' id='word_1_495' title='bbox 774 3289 839 3358; x_wconf 83' lang='grc' dir='ltr'><strong>τῇ</strong></span> <span class='ocrx_word' id='word_1_496' title='bbox 872 3286 1017 3358; x_wconf 87' lang='grc' dir='ltr'>ίσχύῖ</span> <span class='ocrx_word' id='word_1_497' title='bbox 1034 3288 1065 3357; x_wconf 82' lang='grc' dir='ltr'>ἡ</span> <span class='ocrx_word' id='word_1_498' title='bbox 1075 3286 1190 3357; x_wconf 92' lang='grc' dir='ltr'><strong>μῶν</strong></span> <span class='ocrx_word' id='word_1_499' title='bbox 1218 3285 1414 3357; x_wconf 79' lang='grc' dir='ltr'>ἔχομεν</span> <span class='ocrx_word' id='word_1_500' title='bbox 1437 3285 1676 3356; x_wconf 86' lang='grc' dir='ltr'>κέρατα;</span> <span class='ocrx_word' id='word_1_501' title='bbox 1705 3302 1725 3337; x_wconf 74' lang='grc' dir='ltr'><strong>ο</strong></span> 
     </span>
    </p>
   </div>
   <div class='ocr_carea' id='block_1_67' title="bbox 154 3376 1733 3450">
    <p class='ocr_par' dir='ltr' id='par_1_67' title="bbox 154 3376 1733 3450">
     <span class='ocr_line' id='line_1_67' title="bbox 154 3376 1733 3450; baseline 0.001 -22"><span class='ocrx_word' id='word_1_502' title='bbox 154 3377 289 3439; x_wconf 87' lang='grc' dir='ltr'>Ταῖς</span> <span class='ocrx_word' id='word_1_503' title='bbox 331 3377 437 3446; x_wconf 71' lang='grc' dir='ltr'>μὲν</span> <span class='ocrx_word' id='word_1_504' title='bbox 478 3376 589 3449; x_wconf 88' lang='grc' dir='ltr'><strong>γάρ</strong></span> <span class='ocrx_word' id='word_1_505' title='bbox 616 3378 724 3432; x_wconf 87' lang='grc' dir='ltr'><strong>τῶν</strong></span> <span class='ocrx_word' id='word_1_506' title='bbox 749 3378 1041 3449; x_wconf 79' lang='grc' dir='ltr'>προφητῶν</span> <span class='ocrx_word' id='word_1_507' title='bbox 1077 3378 1404 3450; x_wconf 82' lang='grc' dir='ltr'>συμϐουλαῖς</span> <span class='ocrx_word' id='word_1_508' title='bbox 1447 3378 1733 3450; x_wconf 85' lang='grc' dir='ltr'>προσέχειν</span> 
     </span>
    </p>
   </div>
   <div class='ocr_carea' id='block_1_68' title="bbox 154 3468 1731 3541">
    <p class='ocr_par' dir='ltr' id='par_1_68' title="bbox 154 3468 1731 3541">
     <span class='ocr_line' id='line_1_68' title="bbox 154 3468 1731 3541; baseline 0.001 -21"><span class='ocrx_word' id='word_1_509' title='bbox 154 3470 254 3521; x_wconf 81' lang='grc' dir='ltr'>οὐκ</span> <span class='ocrx_word' id='word_1_510' title='bbox 289 3468 508 3522; x_wconf 77' lang='grc' dir='ltr'>ἐθέλετε</span> <span class='ocrx_word' id='word_1_511' title='bbox 544 3469 1066 3541; x_wconf 82' lang='grc' dir='ltr'>ὑπομιμνησκόντων</span> <span class='ocrx_word' id='word_1_512' title='bbox 1115 3470 1260 3541; x_wconf 81' lang='grc' dir='ltr'>ὑμᾶς</span> <span class='ocrx_word' id='word_1_513' title='bbox 1297 3469 1731 3541; x_wconf 81' lang='grc' dir='ltr'>ἁμαρτάνοντας,</span> 
     </span>
    </p>
   </div>
   <div class='ocr_carea' id='block_1_69' title="bbox 156 3558 1736 3633">
    <p class='ocr_par' dir='ltr' id='par_1_69' title="bbox 156 3558 1736 3633">
     <span class='ocr_line' id='line_1_69' title="bbox 156 3558 1736 3633; baseline 0 -20"><span class='ocrx_word' id='word_1_514' title='bbox 156 3562 251 3613; x_wconf 70' lang='grc' dir='ltr'>καὶ</span> <span class='ocrx_word' id='word_1_515' title='bbox 282 3558 671 3627; x_wconf 79' lang='grc' dir='ltr'>ὲπαναγόντων</span> <span class='ocrx_word' id='word_1_516' title='bbox 717 3561 809 3614; x_wconf 74' lang='grc' dir='ltr'><strong>ἐπὶ</strong></span> <span class='ocrx_word' id='word_1_517' title='bbox 833 3562 895 3614; x_wconf 81' lang='grc' dir='ltr'>τὸ</span> <span class='ocrx_word' id='word_1_518' title='bbox 924 3561 1059 3615; x_wconf 86' lang='grc' dir='ltr'>δέον·</span> <span class='ocrx_word' id='word_1_519' title='bbox 1102 3564 1169 3633; x_wconf 78' lang='grc' dir='ltr'>τῇ</span> <span class='ocrx_word' id='word_1_520' title='bbox 1196 3561 1253 3615; x_wconf 85' lang='grc' dir='ltr'>δὲ</span> <span class='ocrx_word' id='word_1_521' title='bbox 1295 3560 1471 3632; x_wconf 73' lang='grc' dir='ltr'>οἰκεία</span> <span class='ocrx_word' id='word_1_522' title='bbox 1508 3561 1736 3632; x_wconf 81' lang='grc' dir='ltr'>δυνάμει</span> 
     </span>
    </p>
   </div>
   <div class='ocr_carea' id='block_1_70' title="bbox 1829 3262 3407 3343">
    <p class='ocr_par' dir='ltr' id='par_1_70' title="bbox 1829 3262 3407 3343">
     <span class='ocr_line' id='line_1_70' title="bbox 1829 3262 3407 3343; baseline -0.011 -10"><span class='ocrx_word' id='word_1_523' title='bbox 1829 3280 2027 3336; x_wconf 88' lang='lat' dir='ltr'><strong>vestris</strong></span> <span class='ocrx_word' id='word_1_524' title='bbox 2085 3275 2296 3331; x_wconf 88' lang='lat' dir='ltr'><strong>viribus</strong></span> <span class='ocrx_word' id='word_1_525' title='bbox 2362 3287 2578 3343; x_wconf 87' lang='lat' dir='ltr'><strong>semper</strong></span> <span class='ocrx_word' id='word_1_526' title='bbox 2641 3270 2944 3324; x_wconf 87' lang='lat' dir='ltr'><strong>tribuentes</strong></span> <span class='ocrx_word' id='word_1_527' title='bbox 3012 3264 3081 3320; x_wconf 91' lang='lat' dir='ltr'><strong>de</strong></span> <span class='ocrx_word' id='word_1_528' title='bbox 3155 3262 3407 3318; x_wconf 88' lang='lat' dir='ltr'><strong>hostibus</strong></span> 
     </span>
    </p>
   </div>
   <div class='ocr_carea' id='block_1_71' title="bbox 1830 3354 3408 3430">
    <p class='ocr_par' dir='ltr' id='par_1_71' title="bbox 1830 3354 3408 3430">
     <span class='ocr_line' id='line_1_71' title="bbox 1830 3354 3408 3430; baseline -0.015 0"><span class='ocrx_word' id='word_1_529' title='bbox 1830 3370 2047 3430; x_wconf 86' lang='lat' dir='ltr'><strong>cunctis</strong></span> <span class='ocrx_word' id='word_1_530' title='bbox 2073 3366 2386 3429; x_wconf 87' lang='lat' dir='ltr'><strong>victoriam,</strong></span> <span class='ocrx_word' id='word_1_531' title='bbox 2418 3362 2571 3418; x_wconf 87' lang='lat' dir='ltr'><strong>nihili</strong></span> <span class='ocrx_word' id='word_1_532' title='bbox 2600 3358 2890 3416; x_wconf 67' lang='lat' dir='ltr'><strong>aestimatis</strong></span> <span class='ocrx_word' id='word_1_533' title='bbox 2928 3356 3201 3412; x_wconf 90' lang='lat' dir='ltr'><strong>minarum</strong></span> <span class='ocrx_word' id='word_1_534' title='bbox 3232 3354 3408 3425; x_wconf 88' lang='lat' dir='ltr'><strong>gravi-</strong></span> 
     </span>
    </p>
   </div>
   <div class='ocr_carea' id='block_1_72' title="bbox 1829 3447 3410 3534">
    <p class='ocr_par' dir='ltr' id='par_1_72' title="bbox 1829 3447 3410 3534">
     <span class='ocr_line' id='line_1_72' title="bbox 1829 3447 3410 3534; baseline -0.015 -13"><span class='ocrx_word' id='word_1_535' title='bbox 1829 3475 2018 3527; x_wconf 91' lang='lat' dir='ltr'><strong>tatem,</strong></span> <span class='ocrx_word' id='word_1_536' title='bbox 2044 3462 2200 3534; x_wconf 92' lang='lat' dir='ltr'><strong>quasi</strong></span> <span class='ocrx_word' id='word_1_537' title='bbox 2235 3474 2380 3514; x_wconf 90' lang='lat' dir='ltr'><strong>nunc</strong></span> <span class='ocrx_word' id='word_1_538' title='bbox 2405 3470 2621 3528; x_wconf 91' lang='lat' dir='ltr'><strong>quoque</strong></span> <span class='ocrx_word' id='word_1_539' title='bbox 2642 3453 2911 3509; x_wconf 89' lang='lat' dir='ltr'><strong>obsistere</strong></span> <span class='ocrx_word' id='word_1_540' title='bbox 2942 3448 3194 3504; x_wconf 87' lang='lat' dir='ltr'><strong>hostibus</strong></span> <span class='ocrx_word' id='word_1_541' title='bbox 3228 3447 3410 3501; x_wconf 85' lang='lat' dir='ltr'><strong>valea-</strong></span> 
     </span>
    </p>
   </div>
   <div class='ocr_carea' id='block_1_73' title="bbox 1835 3552 2298 3624">
    <p class='ocr_par' dir='ltr' id='par_1_73' title="bbox 1835 3552 2298 3624">
     <span class='ocr_line' id='line_1_73' title="bbox 1835 3552 2298 3624; baseline -0.017 -11"><span class='ocrx_word' id='word_1_542' title='bbox 1835 3559 1926 3614; x_wconf 89' lang='lat' dir='ltr'><strong>tis.</strong></span> <span class='ocrx_word' id='word_1_543' title='bbox 1962 3556 2102 3623; x_wconf 90' lang='lat' dir='ltr'><strong>Quid</strong></span> <span class='ocrx_word' id='word_1_544' title='bbox 2128 3552 2298 3624; x_wconf 81' lang='lat' dir='ltr'><strong>ergo?</strong></span> 
     </span>
    </p>
   </div>
   <div class='ocr_carea' id='block_1_74' title="bbox 156 3629 3410 3722">
    <p class='ocr_par' dir='ltr' id='par_1_74' title="bbox 156 3629 3410 3722">
     <span class='ocr_line' id='line_1_74' title="bbox 156 3629 3410 3722; baseline -0.007 -21"><span class='ocrx_word' id='word_1_545' title='bbox 156 3646 509 3718; x_wconf 81' lang='grc' dir='ltr'>λογισάμενοι</span> <span class='ocrx_word' id='word_1_546' title='bbox 550 3647 611 3702; x_wconf 83' lang='grc' dir='ltr'>τὸ</span> <span class='ocrx_word' id='word_1_547' title='bbox 653 3649 881 3705; x_wconf 77' lang='grc' dir='ltr'>πάντοτε</span> <span class='ocrx_word' id='word_1_548' title='bbox 929 3629 1167 3705; x_wconf 24' lang='grc' dir='ltr'>πάντων.-</span> <span class='ocrx_word' id='word_1_549' title='bbox 1190 3629 1588 3722; x_wconf 76' lang='grc' dir='ltr'>κεκρατηκέναι</span> <span class='ocrx_word' id='word_1_550' title='bbox 1640 3629 1747 3703; x_wconf 80' lang='grc' dir='ltr'><strong>τῶν</strong></span> <span class='ocrx_word' id='word_1_551' title='bbox 1792 3646 2033 3719; x_wconf 72' lang='grc' dir='ltr'>ἐχθρῶν,</span> <span class='ocrx_word' id='word_1_552' title='bbox 2076 3646 2133 3698; x_wconf 80' lang='grc' dir='ltr'>ὲν</span> <span class='ocrx_word' id='word_1_553' title='bbox 2179 3641 2354 3696; x_wconf 74' lang='grc' dir='ltr'>οὐδενὶ</span> <span class='ocrx_word' id='word_1_554' title='bbox 2410 3638 2520 3694; x_wconf 82' lang='grc' dir='ltr'><strong>τῶν</strong></span> <span class='ocrx_word' id='word_1_555' title='bbox 2580 3634 2985 3707; x_wconf 84' lang='grc' dir='ltr'>ἀπειλουμένων</span> <span class='ocrx_word' id='word_1_556' title='bbox 3051 3629 3265 3683; x_wconf 87' lang='grc' dir='ltr'>τίθεσθε</span> <span class='ocrx_word' id='word_1_557' title='bbox 3309 3629 3410 3696; x_wconf 76' lang='grc' dir='ltr'>τὴν</span> 
     </span>
    </p>
   </div>
   <div class='ocr_carea' id='block_1_75' title="bbox 158 3731 2312 3815">
    <p class='ocr_par' dir='ltr' id='par_1_75' title="bbox 158 3731 2312 3815">
     <span class='ocr_line' id='line_1_75' title="bbox 158 3731 2312 3815; baseline -0.002 -21"><span class='ocrx_word' id='word_1_558' title='bbox 158 3739 462 3813; x_wconf 74' lang='grc' dir='ltr'>βαρύτητα,</span> <span class='ocrx_word' id='word_1_559' title='bbox 491 3742 567 3807; x_wconf 82' lang='grc' dir='ltr'><strong>ὡς</strong></span> <span class='ocrx_word' id='word_1_560' title='bbox 600 3742 666 3797; x_wconf 84' lang='grc' dir='ltr'>ἂν</span> <span class='ocrx_word' id='word_1_561' title='bbox 692 3743 985 3815; x_wconf 83' lang='grc' dir='ltr'>ἀρκοῦντες</span> <span class='ocrx_word' id='word_1_562' title='bbox 1027 3746 1122 3798; x_wconf 74' lang='grc' dir='ltr'>καὶ</span> <span class='ocrx_word' id='word_1_563' title='bbox 1163 3745 1257 3799; x_wconf 82' lang='grc' dir='ltr'><strong>νῦν</strong></span> <span class='ocrx_word' id='word_1_564' title='bbox 1282 3746 1593 3815; x_wconf 83' lang='grc' dir='ltr'>ἀντιστῆναι</span> <span class='ocrx_word' id='word_1_565' title='bbox 1621 3745 1732 3806; x_wconf 92' lang='grc' dir='ltr'>τοῖς</span> <span class='ocrx_word' id='word_1_566' title='bbox 1760 3739 2053 3811; x_wconf 84' lang='grc' dir='ltr'>πολεμίοις.</span> <span class='ocrx_word' id='word_1_567' title='bbox 2092 3736 2157 3790; x_wconf 87' lang='grc' dir='ltr'>Τί</span> <span class='ocrx_word' id='word_1_568' title='bbox 2183 3731 2312 3801; x_wconf 83' lang='grc' dir='ltr'>οὗν;</span> 
     </span>
    </p>
   </div>
   <div class='ocr_carea' id='block_1_76' title="bbox 226 3833 1734 3907">
    <p class='ocr_par' dir='ltr' id='par_1_76' title="bbox 226 3833 1734 3907">
     <span class='ocr_line' id='line_1_76' title="bbox 226 3833 1734 3907; baseline 0.009 -22"><span class='ocrx_word' id='word_1_569' title='bbox 226 3834 381 3901; x_wconf 79' lang='grc' dir='ltr'>Στίχ.</span> <span class='ocrx_word' id='word_1_570' title='bbox 427 3833 509 3885; x_wconf 86' lang='grc' dir='ltr'>ιδ’.</span> <span class='ocrx_word' id='word_1_571' title='bbox 532 3862 601 3871; x_wconf 92' lang='grc'><strong><em>-</em></strong></span> <span class='ocrx_word' id='word_1_572' title='bbox 629 3852 648 3886; x_wconf 77' lang='lat' dir='ltr'><strong>t</strong></span> <span class='ocrx_word' id='word_1_573' title='bbox 687 3834 830 3887; x_wconf 87' lang='grc' dir='ltr'>Διότι</span> <span class='ocrx_word' id='word_1_574' title='bbox 869 3834 976 3888; x_wconf 78' lang='grc' dir='ltr'>ίδοὺ</span> <span class='ocrx_word' id='word_1_575' title='bbox 1002 3834 1114 3903; x_wconf 73' lang='grc' dir='ltr'><strong>ἐγὼ</strong></span> <span class='ocrx_word' id='word_1_576' title='bbox 1145 3836 1416 3907; x_wconf 82' lang='grc' dir='ltr'>ὲπεγείρω</span> <span class='ocrx_word' id='word_1_577' title='bbox 1446 3835 1530 3904; x_wconf 70' lang='grc' dir='ltr'><strong>ἐφ’</strong></span> <span class='ocrx_word' id='word_1_578' title='bbox 1557 3834 1734 3904; x_wconf 64' lang='grc' dir='ltr'><strong>ὑμᾶς,</strong></span> 
     </span>
    </p>
   </div>
   <div class='ocr_carea' id='block_1_77' title="bbox 158 3919 1733 3997">
    <p class='ocr_par' dir='ltr' id='par_1_77' title="bbox 158 3919 1733 3997">
     <span class='ocr_line' id='line_1_77' title="bbox 158 3919 1733 3997; baseline 0 -21"><span class='ocrx_word' id='word_1_579' title='bbox 158 3919 308 3986; x_wconf 73' lang='grc' dir='ltr'>οἶκος</span> <span class='ocrx_word' id='word_1_580' title='bbox 353 3921 594 3994; x_wconf 77' lang='grc' dir='ltr'>Ἰσραὴλ,</span> <span class='ocrx_word' id='word_1_581' title='bbox 629 3924 762 3994; x_wconf 75' lang='grc' dir='ltr'>φησὶ</span> <span class='ocrx_word' id='word_1_582' title='bbox 793 3925 994 3995; x_wconf 81' lang='grc' dir='ltr'>Κύριος</span> <span class='ocrx_word' id='word_1_583' title='bbox 1020 3926 1050 3977; x_wconf 85' lang='grc' dir='ltr'><strong>ό</strong></span> <span class='ocrx_word' id='word_1_584' title='bbox 1081 3926 1235 3991; x_wconf 77' lang='grc' dir='ltr'>Θεὸς,</span> <span class='ocrx_word' id='word_1_585' title='bbox 1270 3925 1537 3997; x_wconf 89' lang='grc' dir='ltr'>στρατιῶν</span> <span class='ocrx_word' id='word_1_586' title='bbox 1561 3924 1733 3987; x_wconf 69' lang='grc' dir='ltr'>ἔθνος·</span> 
     </span>
    </p>
   </div>
   <div class='ocr_carea' id='block_1_78' title="bbox 161 4014 1734 4088">
    <p class='ocr_par' dir='ltr' id='par_1_78' title="bbox 161 4014 1734 4088">
     <span class='ocr_line' id='line_1_78' title="bbox 161 4014 1734 4088; baseline -0.001 -20"><span class='ocrx_word' id='word_1_587' title='bbox 161 4015 257 4068; x_wconf 76' lang='grc' dir='ltr'>καὶ</span> <span class='ocrx_word' id='word_1_588' title='bbox 286 4014 640 4083; x_wconf 68' lang='grc' dir='ltr'>ἐκθλίψουσιν</span> <span class='ocrx_word' id='word_1_589' title='bbox 670 4016 816 4085; x_wconf 73' lang='grc' dir='ltr'>ὑμᾶς</span> <span class='ocrx_word' id='word_1_590' title='bbox 857 4016 952 4069; x_wconf 85' lang='grc' dir='ltr'>τοῦ</span> <span class='ocrx_word' id='word_1_591' title='bbox 998 4016 1073 4088; x_wconf 80' lang='grc' dir='ltr'>μὴ</span> <span class='ocrx_word' id='word_1_592' title='bbox 1114 4017 1374 4071; x_wconf 83' lang='grc' dir='ltr'>εἰσελθεῖν</span> <span class='ocrx_word' id='word_1_593' title='bbox 1407 4018 1488 4081; x_wconf 83' lang='grc' dir='ltr'><strong>είς</strong></span> <span class='ocrx_word' id='word_1_594' title='bbox 1530 4014 1734 4086; x_wconf 80' lang='grc' dir='ltr'>Δίμάθ,</span> 
     </span>
    </p>
   </div>
   <div class='ocr_carea' id='block_1_79' title="bbox 162 4105 1731 4179">
    <p class='ocr_par' dir='ltr' id='par_1_79' title="bbox 162 4105 1731 4179">
     <span class='ocr_line' id='line_1_79' title="bbox 162 4105 1731 4179; baseline -0.001 -20"><span class='ocrx_word' id='word_1_595' title='bbox 162 4107 252 4175; x_wconf 85' lang='lat' dir='ltr'><strong>(p.</strong></span> <span class='ocrx_word' id='word_1_596' title='bbox 313 4105 458 4174; x_wconf 74' lang='grc'><strong>191)</strong></span> <span class='ocrx_word' id='word_1_597' title='bbox 505 4106 600 4158; x_wconf 78' lang='grc' dir='ltr'>καὶ</span> <span class='ocrx_word' id='word_1_598' title='bbox 651 4106 756 4170; x_wconf 69' lang='grc' dir='ltr'>ἕως</span> <span class='ocrx_word' id='word_1_599' title='bbox 797 4106 889 4159; x_wconf 77' lang='grc' dir='ltr'>τοῦ</span> <span class='ocrx_word' id='word_1_600' title='bbox 939 4107 1240 4179; x_wconf 77' lang='grc' dir='ltr'>χειμάρρου</span> <span class='ocrx_word' id='word_1_601' title='bbox 1284 4107 1394 4160; x_wconf 87' lang='grc' dir='ltr'><strong>τῶν</strong></span> <span class='ocrx_word' id='word_1_602' title='bbox 1434 4106 1672 4177; x_wconf 86' lang='grc' dir='ltr'>δυσμῶν.</span> <span class='ocrx_word' id='word_1_603' title='bbox 1710 4124 1731 4157; x_wconf 74' lang='grc' dir='ltr'><strong>ι</strong></span> 
     </span>
    </p>
   </div>
   <div class='ocr_carea' id='block_1_80' title="bbox 173 4195 1738 4268">
    <p class='ocr_par' dir='ltr' id='par_1_80' title="bbox 173 4195 1738 4268">
     <span class='ocr_line' id='line_1_80' title="bbox 173 4195 1738 4268; baseline -0.002 -18"><span class='ocrx_word' id='word_1_604' title='bbox 173 4196 344 4267; x_wconf 84' lang='grc' dir='ltr'>Ὑπὲρ</span> <span class='ocrx_word' id='word_1_605' title='bbox 368 4195 437 4265; x_wconf 79' lang='grc' dir='ltr'>δὴ</span> <span class='ocrx_word' id='word_1_606' title='bbox 456 4195 660 4265; x_wconf 86' lang='grc' dir='ltr'>ταύτης</span> <span class='ocrx_word' id='word_1_607' title='bbox 686 4196 861 4266; x_wconf 81' lang='grc' dir='ltr'>ὑμῶν,</span> <span class='ocrx_word' id='word_1_608' title='bbox 884 4198 1037 4267; x_wconf 78' lang='grc' dir='ltr'>φησὶ,</span> <span class='ocrx_word' id='word_1_609' title='bbox 1063 4198 1161 4267; x_wconf 83' lang='grc' dir='ltr'>τῆς</span> <span class='ocrx_word' id='word_1_610' title='bbox 1188 4196 1433 4268; x_wconf 78' lang='grc' dir='ltr'>γνώμης.</span> <span class='ocrx_word' id='word_1_611' title='bbox 1461 4198 1490 4249; x_wconf 83' lang='grc' dir='ltr'>ὁ</span> <span class='ocrx_word' id='word_1_612' title='bbox 1522 4197 1738 4250; x_wconf 83' lang='grc' dir='ltr'>πάντων</span> 
     </span>
    </p>
   </div>
   <div class='ocr_carea' id='block_1_81' title="bbox 163 4290 1738 4362">
    <p class='ocr_par' dir='ltr' id='par_1_81' title="bbox 163 4290 1738 4362">
     <span class='ocr_line' id='line_1_81' title="bbox 163 4290 1738 4362; baseline -0.002 -18"><span class='ocrx_word' id='word_1_613' title='bbox 163 4292 271 4344; x_wconf 83' lang='grc' dir='ltr'><strong>τῶν</strong></span> <span class='ocrx_word' id='word_1_614' title='bbox 302 4290 622 4362; x_wconf 74' lang='grc' dir='ltr'>ἁπανταχοῦ</span> <span class='ocrx_word' id='word_1_615' title='bbox 664 4291 908 4344; x_wconf 85' lang='grc' dir='ltr'>δυνατῶν</span> <span class='ocrx_word' id='word_1_616' title='bbox 938 4290 1160 4360; x_wconf 79' lang='grc' dir='ltr'>Κύριος,</span> <span class='ocrx_word' id='word_1_617' title='bbox 1194 4292 1447 4362; x_wconf 75' lang='grc' dir='ltr'>ἐπεγερεῖ</span> <span class='ocrx_word' id='word_1_618' title='bbox 1484 4290 1609 4351; x_wconf 81' lang='grc' dir='ltr'>τοὺς</span> <span class='ocrx_word' id='word_1_619' title='bbox 1642 4305 1738 4341; x_wconf 74' lang='grc' dir='ltr'>ποο</span> 
     </span>
    </p>
   </div>
   <div class='ocr_carea' id='block_1_82' title="bbox 161 4378 1740 4453">
    <p class='ocr_par' dir='ltr' id='par_1_82' title="bbox 161 4378 1740 4453">
     <span class='ocr_line' id='line_1_82' title="bbox 161 4378 1740 4453; baseline -0.003 -16"><span class='ocrx_word' id='word_1_620' title='bbox 161 4383 385 4452; x_wconf 85' lang='grc' dir='ltr'>λεμίους</span> <span class='ocrx_word' id='word_1_621' title='bbox 418 4383 582 4452; x_wconf 79' lang='grc' dir='ltr'>ὑμῖν,</span> <span class='ocrx_word' id='word_1_622' title='bbox 619 4383 883 4453; x_wconf 89' lang='grc' dir='ltr'>μεγίστην</span> <span class='ocrx_word' id='word_1_623' title='bbox 924 4382 1222 4445; x_wconf 77' lang='grc' dir='ltr'>ὲπάξοντας</span> <span class='ocrx_word' id='word_1_624' title='bbox 1261 4380 1371 4433; x_wconf 86' lang='grc' dir='ltr'><strong>τῶν</strong></span> <span class='ocrx_word' id='word_1_625' title='bbox 1414 4379 1599 4433; x_wconf 86' lang='grc' dir='ltr'>κακῶν</span> <span class='ocrx_word' id='word_1_626' title='bbox 1642 4378 1740 4450; x_wconf 78' lang='grc' dir='ltr'><strong>τὴν</strong></span> 
     </span>
    </p>
   </div>
   <div class='ocr_carea' id='block_1_83' title="bbox 1912 3808 3410 3887">
    <p class='ocr_par' dir='ltr' id='par_1_83' title="bbox 1912 3808 3410 3887">
     <span class='ocr_line' id='line_1_83' title="bbox 1912 3808 3410 3887; baseline -0.016 -4"><span class='ocrx_word' id='word_1_627' title='bbox 1912 3829 2077 3883; x_wconf 74' lang='lat' dir='ltr'><strong>Vsus.</strong></span> <span class='ocrx_word' id='word_1_628' title='bbox 2109 3825 2197 3880; x_wconf 72' lang='grc' dir='ltr'><strong>Η.</strong></span> <span class='ocrx_word' id='word_1_629' title='bbox 2225 3853 2296 3864; x_wconf 90' lang='grc'><strong><em>-</em></strong></span> <span class='ocrx_word' id='word_1_630' title='bbox 2323 3820 2581 3876; x_wconf 70' lang='lat' dir='ltr'><strong>«Idcirco</strong></span> <span class='ocrx_word' id='word_1_631' title='bbox 2625 3834 2694 3872; x_wconf 93' lang='lat' dir='ltr'><strong>en</strong></span> <span class='ocrx_word' id='word_1_632' title='bbox 2742 3829 2844 3887; x_wconf 89' lang='lat' dir='ltr'><strong>ego</strong></span> <span class='ocrx_word' id='word_1_633' title='bbox 2892 3810 3100 3868; x_wconf 88' lang='lat' dir='ltr'><strong>suscito</strong></span> <span class='ocrx_word' id='word_1_634' title='bbox 3144 3808 3410 3863; x_wconf 84' lang='lat' dir='ltr'><strong>adversus</strong></span> 
     </span>
    </p>
   </div>
   <div class='ocr_carea' id='block_1_84' title="bbox 1841 3898 3411 3985">
    <p class='ocr_par' dir='ltr' id='par_1_84' title="bbox 1841 3898 3411 3985">
     <span class='ocr_line' id='line_1_84' title="bbox 1841 3898 3411 3985; baseline -0.018 -8"><span class='ocrx_word' id='word_1_635' title='bbox 1841 3938 1958 3985; x_wconf 91' lang='lat' dir='ltr'><strong>vos,</strong></span> <span class='ocrx_word' id='word_1_636' title='bbox 2001 3919 2198 3975; x_wconf 89' lang='lat' dir='ltr'><strong>domus</strong></span> <span class='ocrx_word' id='word_1_637' title='bbox 2240 3914 2483 3976; x_wconf 87' lang='lat' dir='ltr'><strong>Israelis,</strong></span> <span class='ocrx_word' id='word_1_638' title='bbox 2526 3910 2766 3981; x_wconf 90' lang='lat' dir='ltr'><strong>gentium</strong></span> <span class='ocrx_word' id='word_1_639' title='bbox 2812 3903 3134 3963; x_wconf 78' lang='lat' dir='ltr'><strong>exercitum,</strong></span> <span class='ocrx_word' id='word_1_640' title='bbox 3174 3898 3267 3967; x_wconf 91' lang='lat' dir='ltr'><strong>qui</strong></span> <span class='ocrx_word' id='word_1_641' title='bbox 3312 3912 3411 3951; x_wconf 87' lang='lat' dir='ltr'><strong>vos</strong></span> 
     </span>
    </p>
   </div>
   <div class='ocr_carea' id='block_1_85' title="bbox 1840 3988 3412 4079">
    <p class='ocr_par' dir='ltr' id='par_1_85' title="bbox 1840 3988 3412 4079">
     <span class='ocr_line' id='line_1_85' title="bbox 1840 3988 3412 4079; baseline -0.02 -9"><span class='ocrx_word' id='word_1_642' title='bbox 1840 4018 2151 4073; x_wconf 75' lang='lat' dir='ltr'><strong>conterent,</strong></span> <span class='ocrx_word' id='word_1_643' title='bbox 2193 4006 2488 4079; x_wconf 90' lang='lat' dir='ltr'><strong>quominus</strong></span> <span class='ocrx_word' id='word_1_644' title='bbox 2536 3995 2922 4072; x_wconf 83' lang='lat' dir='ltr'><strong>ingrediamini</strong></span> <span class='ocrx_word' id='word_1_645' title='bbox 2975 3995 3029 4046; x_wconf 94' lang='lat' dir='ltr'><strong>in</strong></span> <span class='ocrx_word' id='word_1_646' title='bbox 3064 3988 3308 4048; x_wconf 69' lang='lat' dir='ltr'><strong>Emath,</strong></span> <span class='ocrx_word' id='word_1_647' title='bbox 3356 3996 3412 4041; x_wconf 88' lang='lat' dir='ltr'><strong>et</strong></span> 
     </span>
    </p>
   </div>
   <div class='ocr_carea' id='block_1_86' title="bbox 1844 4078 3412 4174">
    <p class='ocr_par' dir='ltr' id='par_1_86' title="bbox 1844 4078 3412 4174">
     <span class='ocr_line' id='line_1_86' title="bbox 1844 4078 3412 4174; baseline -0.018 -15"><span class='ocrx_word' id='word_1_648' title='bbox 1844 4118 2017 4174; x_wconf 90' lang='lat' dir='ltr'><strong>usque</strong></span> <span class='ocrx_word' id='word_1_649' title='bbox 2060 4100 2125 4155; x_wconf 91' lang='lat' dir='ltr'><strong>ad</strong></span> <span class='ocrx_word' id='word_1_650' title='bbox 2171 4094 2473 4153; x_wconf 85' lang='lat' dir='ltr'><strong>occidentis</strong></span> <span class='ocrx_word' id='word_1_651' title='bbox 2522 4098 2841 4147; x_wconf 87' lang='lat' dir='ltr'><strong>torrentem.</strong></span> <span class='ocrx_word' id='word_1_652' title='bbox 2880 4104 2898 4137; x_wconf 73' lang='grc' dir='ltr'><strong>ι</strong></span> <span class='ocrx_word' id='word_1_653' title='bbox 2967 4081 3128 4153; x_wconf 74' lang='lat'><strong>126</strong></span> <span class='ocrx_word' id='word_1_654' title='bbox 3174 4078 3256 4134; x_wconf 76' lang='grc' dir='ltr'>οι)</span> <span class='ocrx_word' id='word_1_655' title='bbox 3312 4079 3412 4131; x_wconf 82' lang='lat' dir='ltr'><strong>has</strong></span> 
     </span>
    </p>
   </div>
   <div class='ocr_carea' id='block_1_87' title="bbox 1841 4167 3414 4265">
    <p class='ocr_par' dir='ltr' id='par_1_87' title="bbox 1841 4167 3414 4265">
     <span class='ocr_line' id='line_1_87' title="bbox 1841 4167 3414 4265; baseline -0.019 -15"><span class='ocrx_word' id='word_1_656' title='bbox 1841 4167 1973 4265; x_wconf 71' lang='lat' dir='ltr'><strong>ergo</strong></span> <span class='ocrx_word' id='word_1_657' title='bbox 2015 4189 2375 4261; x_wconf 76' lang='lat' dir='ltr'><strong>cogitationes</strong></span> <span class='ocrx_word' id='word_1_658' title='bbox 2420 4191 2652 4245; x_wconf 88' lang='lat' dir='ltr'><strong>vestras,</strong></span> <span class='ocrx_word' id='word_1_659' title='bbox 2696 4176 2940 4234; x_wconf 91' lang='lat' dir='ltr'><strong>omnium</strong></span> <span class='ocrx_word' id='word_1_660' title='bbox 2978 4178 3247 4243; x_wconf 90' lang='lat' dir='ltr'><strong>quotquot</strong></span> <span class='ocrx_word' id='word_1_661' title='bbox 3291 4167 3414 4222; x_wconf 86' lang='lat' dir='ltr'><strong>ubi-</strong></span> 
     </span>
    </p>
   </div>
   <div class='ocr_carea' id='block_1_88' title="bbox 1844 4262 3416 4356">
    <p class='ocr_par' dir='ltr' id='par_1_88' title="bbox 1844 4262 3416 4356">
     <span class='ocr_line' id='line_1_88' title="bbox 1844 4262 3416 4356; baseline -0.017 -17"><span class='ocrx_word' id='word_1_662' title='bbox 1844 4262 1952 4356; x_wconf 40' lang='lat' dir='ltr'><strong>qu&#39;e</strong></span> <span class='ocrx_word' id='word_1_663' title='bbox 1985 4288 2114 4338; x_wconf 91' lang='lat' dir='ltr'><strong>sunt</strong></span> <span class='ocrx_word' id='word_1_664' title='bbox 2160 4274 2466 4349; x_wconf 90' lang='lat' dir='ltr'><strong>potentium</strong></span> <span class='ocrx_word' id='word_1_665' title='bbox 2500 4271 2788 4332; x_wconf 87' lang='lat' dir='ltr'><strong>Dominus,</strong></span> <span class='ocrx_word' id='word_1_666' title='bbox 2817 4268 3008 4322; x_wconf 88' lang='lat' dir='ltr'><strong>hostes</strong></span> <span class='ocrx_word' id='word_1_667' title='bbox 3038 4263 3195 4319; x_wconf 89' lang='lat' dir='ltr'><strong>vobis</strong></span> <span class='ocrx_word' id='word_1_668' title='bbox 3236 4262 3416 4317; x_wconf 77' lang='lat' dir='ltr'><strong>susci-</strong></span> 
     </span>
    </p>
   </div>
   <div class='ocr_carea' id='block_1_89' title="bbox 1845 4352 3412 4443">
    <p class='ocr_par' dir='ltr' id='par_1_89' title="bbox 1845 4352 3412 4443">
     <span class='ocr_line' id='line_1_89' title="bbox 1845 4352 3412 4443; baseline -0.018 -13"><span class='ocrx_word' id='word_1_669' title='bbox 1845 4352 2003 4439; x_wconf 75' lang='lat' dir='ltr'><strong>tabit,</strong></span> <span class='ocrx_word' id='word_1_670' title='bbox 2035 4372 2128 4443; x_wconf 92' lang='lat' dir='ltr'><strong>qui</strong></span> <span class='ocrx_word' id='word_1_671' title='bbox 2161 4370 2454 4424; x_wconf 75' lang='lat' dir='ltr'><strong>maximam</strong></span> <span class='ocrx_word' id='word_1_672' title='bbox 2494 4363 2651 4418; x_wconf 90' lang='lat' dir='ltr'><strong>vobis</strong></span> <span class='ocrx_word' id='word_1_673' title='bbox 2676 4360 2942 4415; x_wconf 88' lang='lat' dir='ltr'><strong>malorum</strong></span> <span class='ocrx_word' id='word_1_674' title='bbox 2972 4356 3080 4411; x_wconf 88' lang='lat' dir='ltr'><strong>vim</strong></span> <span class='ocrx_word' id='word_1_675' title='bbox 3116 4352 3412 4411; x_wconf 80' lang='lat' dir='ltr'><strong>adducent,</strong></span> 
     </span>
    </p>
   </div>
   <div class='ocr_carea' id='block_1_90' title="bbox 164 4444 1729 4545">
    <p class='ocr_par' dir='ltr' id='par_1_90' title="bbox 164 4444 1729 4545">
     <span class='ocr_line' id='line_1_90' title="bbox 164 4444 1729 4545; baseline -0.005 -16"><span class='ocrx_word' id='word_1_676' title='bbox 164 4444 388 4545; x_wconf 69' lang='grc' dir='ltr'>πεῖραν,</span> <span class='ocrx_word' id='word_1_677' title='bbox 421 4444 499 4535; x_wconf 67' lang='grc' dir='ltr'><strong>ῶς</strong></span> <span class='ocrx_word' id='word_1_678' title='bbox 680 4444 861 4543; x_wconf 70' lang='grc' dir='ltr'>Ᾰὶμάθ</span> <span class='ocrx_word' id='word_1_679' title='bbox 892 4471 1071 4542; x_wconf 83' lang='grc' dir='ltr'>(λέγει</span> <span class='ocrx_word' id='word_1_680' title='bbox 1102 4471 1159 4523; x_wconf 86' lang='grc' dir='ltr'>δὲ</span> <span class='ocrx_word' id='word_1_681' title='bbox 1192 4472 1357 4524; x_wconf 89' lang='grc' dir='ltr'>τόπον</span> <span class='ocrx_word' id='word_1_682' title='bbox 1400 4470 1563 4543; x_wconf 85' lang='grc' dir='ltr'>ὁρίων</span> 
     </span>
    </p>
   </div>
   <div class='ocr_carea' id='block_1_91' title="bbox 1835 4444 3411 4545">
    <p class='ocr_par' dir='ltr' id='par_1_91' title="bbox 1845 4444 3411 4524">
     <span class='ocr_line' id='line_1_91' title="bbox 1845 4444 3411 4524; baseline -0.017 -4"><span class='ocrx_word' id='word_1_683' title='bbox 1845 4467 1919 4521; x_wconf 87' lang='lat' dir='ltr'><strong>ita</strong></span> <span class='ocrx_word' id='word_1_684' title='bbox 1954 4472 2013 4518; x_wconf 91' lang='lat' dir='ltr'><strong>ut</strong></span> <span class='ocrx_word' id='word_1_685' title='bbox 2061 4463 2130 4516; x_wconf 88' lang='lat' dir='ltr'><strong>ab</strong></span> <span class='ocrx_word' id='word_1_686' title='bbox 2175 4457 2397 4514; x_wconf 65' lang='lat' dir='ltr'><strong>Emath</strong></span> <span class='ocrx_word' id='word_1_687' title='bbox 2431 4453 2591 4524; x_wconf 90' lang='lat' dir='ltr'><strong>(dicit</strong></span> <span class='ocrx_word' id='word_1_688' title='bbox 2620 4459 2803 4506; x_wconf 89' lang='lat' dir='ltr'><strong>autem</strong></span> <span class='ocrx_word' id='word_1_689' title='bbox 2854 4449 3033 4503; x_wconf 89' lang='lat' dir='ltr'><strong>locum</strong></span> <span class='ocrx_word' id='word_1_690' title='bbox 3071 4444 3411 4499; x_wconf 86' lang='lat' dir='ltr'><strong>terminalem</strong></span> 
     </span>
    </p>
   </div>
   <div class='ocr_carea' id='block_1_92' title="bbox 163 4562 1746 4637">
    <p class='ocr_par' dir='ltr' id='par_1_92' title="bbox 163 4562 1746 4637">
     <span class='ocr_line' id='line_1_92' title="bbox 163 4562 1746 4637; baseline -0.002 -17"><span class='ocrx_word' id='word_1_691' title='bbox 163 4568 423 4637; x_wconf 85' lang='grc' dir='ltr'>κείμενον</span> <span class='ocrx_word' id='word_1_692' title='bbox 449 4565 558 4619; x_wconf 89' lang='grc' dir='ltr'><strong>τῶν</strong></span> <span class='ocrx_word' id='word_1_693' title='bbox 582 4566 764 4628; x_wconf 82' lang='grc' dir='ltr'>αὐτοῖς</span> <span class='ocrx_word' id='word_1_694' title='bbox 786 4563 1203 4637; x_wconf 87' lang='grc' dir='ltr'>προσηκόντων)</span> <span class='ocrx_word' id='word_1_695' title='bbox 1224 4565 1352 4635; x_wconf 81' lang='grc' dir='ltr'>ἄχρι</span> <span class='ocrx_word' id='word_1_696' title='bbox 1375 4565 1609 4635; x_wconf 85' lang='grc' dir='ltr'>πέρατος</span> <span class='ocrx_word' id='word_1_697' title='bbox 1636 4562 1746 4617; x_wconf 89' lang='grc' dir='ltr'><strong>τῶν</strong></span> 
     </span>
    </p>
   </div>
   <div class='ocr_carea' id='block_1_93' title="bbox 163 4653 1745 4731">
    <p class='ocr_par' dir='ltr' id='par_1_93' title="bbox 163 4653 1745 4731">
     <span class='ocr_line' id='line_1_93' title="bbox 163 4653 1745 4731; baseline -0.004 -18"><span class='ocrx_word' id='word_1_698' title='bbox 163 4661 334 4731; x_wconf 81' lang='grc' dir='ltr'>ὁρίων</span> <span class='ocrx_word' id='word_1_699' title='bbox 365 4658 523 4728; x_wconf 82' lang='grc' dir='ltr'>ὑμῶν</span> <span class='ocrx_word' id='word_1_700' title='bbox 550 4658 795 4722; x_wconf 72' lang='grc' dir='ltr'>ἅπαντας</span> <span class='ocrx_word' id='word_1_701' title='bbox 824 4659 1102 4729; x_wconf 85' lang='grc' dir='ltr'>περισχεῖν</span> <span class='ocrx_word' id='word_1_702' title='bbox 1125 4656 1186 4710; x_wconf 81' lang='grc' dir='ltr'>τὸ</span> <span class='ocrx_word' id='word_1_703' title='bbox 1216 4656 1405 4710; x_wconf 87' lang='grc' dir='ltr'>κακόν·</span> <span class='ocrx_word' id='word_1_704' title='bbox 1437 4655 1585 4723; x_wconf 81' lang='grc' dir='ltr'>λέγει</span> <span class='ocrx_word' id='word_1_705' title='bbox 1615 4653 1745 4723; x_wconf 83' lang='grc' dir='ltr'>γοῦν</span> 
     </span>
    </p>
   </div>
   <div class='ocr_carea' id='block_1_94' title="bbox 165 4743 1740 4819">
    <p class='ocr_par' dir='ltr' id='par_1_94' title="bbox 165 4743 1740 4819">
     <span class='ocr_line' id='line_1_94' title="bbox 165 4743 1740 4819; baseline -0.004 -16"><span class='ocrx_word' id='word_1_706' title='bbox 165 4754 223 4803; x_wconf 78' lang='grc' dir='ltr'>ἐν</span> <span class='ocrx_word' id='word_1_707' title='bbox 274 4753 400 4812; x_wconf 86' lang='grc' dir='ltr'>ταῖς</span> <span class='ocrx_word' id='word_1_708' title='bbox 444 4748 752 4813; x_wconf 81' lang='grc' dir='ltr'>Βασιλείαις</span> <span class='ocrx_word' id='word_1_709' title='bbox 786 4749 915 4819; x_wconf 74' lang='grc' dir='ltr'>περὶ</span> <span class='ocrx_word' id='word_1_710' title='bbox 967 4746 1246 4818; x_wconf 75' lang='grc' dir='ltr'>Ἱεροϐοὰμ</span> <span class='ocrx_word' id='word_1_711' title='bbox 1274 4745 1367 4799; x_wconf 83' lang='grc' dir='ltr'>τοῦ</span> <span class='ocrx_word' id='word_1_712' title='bbox 1420 4746 1607 4809; x_wconf 73' lang='grc' dir='ltr'>Ἰωάς,</span> <span class='ocrx_word' id='word_1_713' title='bbox 1653 4743 1740 4813; x_wconf 80' lang='grc' dir='ltr'><strong>ἐφ’</strong></span> 
     </span>
    </p>
   </div>
   <div class='ocr_carea' id='block_1_95' title="bbox 164 4828 1745 4909">
    <p class='ocr_par' dir='ltr' id='par_1_95' title="bbox 164 4828 1745 4909">
     <span class='ocr_line' id='line_1_95' title="bbox 164 4828 1745 4909; baseline -0.004 -17"><span class='ocrx_word' id='word_1_714' title='bbox 164 4837 340 4909; x_wconf 74' lang='grc' dir='ltr'>οὗπερ</span> <span class='ocrx_word' id='word_1_715' title='bbox 374 4838 472 4891; x_wconf 65' lang='grc' dir='ltr'>καὶ</span> <span class='ocrx_word' id='word_1_716' title='bbox 502 4839 532 4891; x_wconf 84' lang='grc' dir='ltr'><strong>ὁ</strong></span> <span class='ocrx_word' id='word_1_717' title='bbox 562 4841 847 4909; x_wconf 80' lang='grc' dir='ltr'>προφήτης</span> <span class='ocrx_word' id='word_1_718' title='bbox 880 4836 1101 4906; x_wconf 85' lang='grc' dir='ltr'>γέγονεν</span> <span class='ocrx_word' id='word_1_719' title='bbox 1130 4828 1287 4899; x_wconf 76' lang='grc' dir='ltr'>οὗτος</span> <span class='ocrx_word' id='word_1_720' title='bbox 1330 4834 1520 4898; x_wconf 88' lang='grc' dir='ltr'>αύτός·</span> <span class='ocrx_word' id='word_1_721' title='bbox 1556 4853 1575 4886; x_wconf 77' lang='grc' dir='ltr'><strong>ι</strong></span> <span class='ocrx_word' id='word_1_722' title='bbox 1619 4835 1745 4886; x_wconf 81' lang='grc' dir='ltr'><strong>Ἀπ-</strong></span> 
     </span>
    </p>
   </div>
   <div class='ocr_carea' id='block_1_96' title="bbox 166 4925 1747 5002">
    <p class='ocr_par' dir='ltr' id='par_1_96' title="bbox 166 4925 1747 5002">
     <span class='ocr_line' id='line_1_96' title="bbox 166 4925 1747 5002; baseline -0.004 -17"><span class='ocrx_word' id='word_1_723' title='bbox 166 4932 512 5000; x_wconf 79' lang='grc' dir='ltr'>εκατέστησε</span> <span class='ocrx_word' id='word_1_724' title='bbox 541 4932 603 4985; x_wconf 83' lang='grc' dir='ltr'>τὸ</span> <span class='ocrx_word' id='word_1_725' title='bbox 635 4932 783 5002; x_wconf 84' lang='grc' dir='ltr'>ὃριον</span> <span class='ocrx_word' id='word_1_726' title='bbox 821 4928 1037 5001; x_wconf 80' lang='grc' dir='ltr'>Ἰσραὴλ</span> <span class='ocrx_word' id='word_1_727' title='bbox 1068 4927 1175 4982; x_wconf 77' lang='grc' dir='ltr'>ἀπὸ</span> <span class='ocrx_word' id='word_1_728' title='bbox 1198 4926 1402 4981; x_wconf 76' lang='grc' dir='ltr'>εἰσόδου</span> <span class='ocrx_word' id='word_1_729' title='bbox 1435 4925 1615 4997; x_wconf 80' lang='grc' dir='ltr'>Λίμάθ</span> <span class='ocrx_word' id='word_1_730' title='bbox 1639 4926 1747 4989; x_wconf 77' lang='grc' dir='ltr'>ἓως</span> 
     </span>
    </p>
   </div>
   <div class='ocr_carea' id='block_1_97' title="bbox 167 5014 1748 5094">
    <p class='ocr_par' dir='ltr' id='par_1_97' title="bbox 167 5014 1748 5094">
     <span class='ocr_line' id='line_1_97' title="bbox 167 5014 1748 5094; baseline -0.003 -20"><span class='ocrx_word' id='word_1_731' title='bbox 167 5026 268 5091; x_wconf 71' lang='grc' dir='ltr'>τῆς</span> <span class='ocrx_word' id='word_1_732' title='bbox 318 5022 599 5092; x_wconf 83' lang='grc' dir='ltr'>θαλάσσης</span> <span class='ocrx_word' id='word_1_733' title='bbox 626 5022 729 5091; x_wconf 84' lang='grc' dir='ltr'><strong>τῆς</strong></span> <span class='ocrx_word' id='word_1_734' title='bbox 775 5022 910 5094; x_wconf 79' lang='grc' dir='ltr'>πρὸς</span> <span class='ocrx_word' id='word_1_735' title='bbox 943 5022 1199 5090; x_wconf 78' lang='grc' dir='ltr'>ἑσπέραν.</span> <span class='ocrx_word' id='word_1_736' title='bbox 1227 5037 1246 5071; x_wconf 70' lang='grc' dir='ltr'><strong>ι</strong></span> <span class='ocrx_word' id='word_1_737' title='bbox 1296 5018 1384 5081; x_wconf 82' lang='grc' dir='ltr'>Ὠς</span> <span class='ocrx_word' id='word_1_738' title='bbox 1427 5017 1583 5088; x_wconf 76' lang='grc' dir='ltr'>δῆλον</span> <span class='ocrx_word' id='word_1_739' title='bbox 1610 5014 1748 5071; x_wconf 75' lang='grc' dir='ltr'>εἶναι</span> 
     </span>
    </p>
   </div>
   <div class='ocr_carea' id='block_1_98' title="bbox 169 5106 1749 5185">
    <p class='ocr_par' dir='ltr' id='par_1_98' title="bbox 169 5106 1749 5185">
     <span class='ocr_line' id='line_1_98' title="bbox 169 5106 1749 5185; baseline -0.005 -17"><span class='ocrx_word' id='word_1_740' title='bbox 169 5118 254 5169; x_wconf 76' lang='grc' dir='ltr'><strong>ὅτι</strong></span> <span class='ocrx_word' id='word_1_741' title='bbox 286 5116 500 5185; x_wconf 77' lang='grc' dir='ltr'>πέρατα</span> <span class='ocrx_word' id='word_1_742' title='bbox 524 5114 632 5168; x_wconf 89' lang='grc' dir='ltr'><strong>τῶν</strong></span> <span class='ocrx_word' id='word_1_743' title='bbox 668 5112 1075 5185; x_wconf 85' lang='grc' dir='ltr'>ἰσραηλιτικῶν</span> <span class='ocrx_word' id='word_1_744' title='bbox 1101 5111 1264 5180; x_wconf 80' lang='grc' dir='ltr'>ὁρίων</span> <span class='ocrx_word' id='word_1_745' title='bbox 1292 5106 1360 5181; x_wconf 76' lang='grc' dir='ltr'>ἦν</span> <span class='ocrx_word' id='word_1_746' title='bbox 1392 5109 1460 5163; x_wconf 80' lang='grc' dir='ltr'>τὰ</span> <span class='ocrx_word' id='word_1_747' title='bbox 1486 5111 1605 5173; x_wconf 87' lang='grc' dir='ltr'>ταῖς</span> <span class='ocrx_word' id='word_1_748' title='bbox 1634 5108 1749 5161; x_wconf 82' lang='grc' dir='ltr'>ὀνο-</span> 
     </span>
    </p>
   </div>
   <div class='ocr_carea' id='block_1_99' title="bbox 175 5200 1749 5276">
    <p class='ocr_par' dir='ltr' id='par_1_99' title="bbox 175 5200 1749 5276">
     <span class='ocr_line' id='line_1_99' title="bbox 175 5200 1749 5276; baseline -0.005 -18"><span class='ocrx_word' id='word_1_749' title='bbox 175 5206 407 5276; x_wconf 71' lang='grc' dir='ltr'>μασίαις</span> <span class='ocrx_word' id='word_1_750' title='bbox 450 5204 755 5275; x_wconf 88' lang='grc' dir='ltr'>δηλούμενα</span> <span class='ocrx_word' id='word_1_751' title='bbox 798 5202 1059 5266; x_wconf 84' lang='grc' dir='ltr'>ταύταις·</span> <span class='ocrx_word' id='word_1_752' title='bbox 1098 5201 1347 5273; x_wconf 84' lang='grc' dir='ltr'>βούλεται</span> <span class='ocrx_word' id='word_1_753' title='bbox 1392 5201 1500 5271; x_wconf 78' lang='grc' dir='ltr'><strong>γὰρ</strong></span> <span class='ocrx_word' id='word_1_754' title='bbox 1543 5200 1749 5264; x_wconf 79' lang='grc' dir='ltr'>εἰπεῖν,</span> 
     </span>
    </p>
   </div>
   <div class='ocr_carea' id='block_1_100' title="bbox 170 5290 1748 5366">
    <p class='ocr_par' dir='ltr' id='par_1_100' title="bbox 170 5290 1748 5366">
     <span class='ocr_line' id='line_1_100' title="bbox 170 5290 1748 5366; baseline -0.006 -16"><span class='ocrx_word' id='word_1_755' title='bbox 170 5300 255 5350; x_wconf 77' lang='grc' dir='ltr'>ὅτι</span> <span class='ocrx_word' id='word_1_756' title='bbox 308 5296 552 5350; x_wconf 84' lang='grc' dir='ltr'>Ἐκεῖθεν</span> <span class='ocrx_word' id='word_1_757' title='bbox 584 5295 888 5366; x_wconf 79' lang='grc' dir='ltr'>ἀρξάμενον</span> <span class='ocrx_word' id='word_1_758' title='bbox 918 5293 980 5346; x_wconf 75' lang='grc' dir='ltr'><strong>τὸ</strong></span> <span class='ocrx_word' id='word_1_759' title='bbox 1015 5292 1184 5347; x_wconf 81' lang='grc' dir='ltr'>κακὸν</span> <span class='ocrx_word' id='word_1_760' title='bbox 1226 5290 1433 5353; x_wconf 85' lang='grc' dir='ltr'>πάντας</span> <span class='ocrx_word' id='word_1_761' title='bbox 1476 5290 1619 5360; x_wconf 79' lang='grc' dir='ltr'>ὑμᾶς</span> <span class='ocrx_word' id='word_1_762' title='bbox 1652 5292 1748 5341; x_wconf 77' lang='grc' dir='ltr'><strong>ἐπ⁴</strong></span> 
     </span>
    </p>
   </div>
   <div class='ocr_carea' id='block_1_101' title="bbox 173 5378 1751 5457">
    <p class='ocr_par' dir='ltr' id='par_1_101' title="bbox 173 5378 1751 5457">
     <span class='ocr_line' id='line_1_101' title="bbox 173 5378 1751 5457; baseline -0.007 -16"><span class='ocrx_word' id='word_1_763' title='bbox 173 5387 479 5449; x_wconf 81' lang='grc' dir='ltr'>ελεύσεται,</span> <span class='ocrx_word' id='word_1_764' title='bbox 510 5387 587 5451; x_wconf 84' lang='grc' dir='ltr'>ὡς</span> <span class='ocrx_word' id='word_1_765' title='bbox 616 5386 840 5457; x_wconf 73' lang='grc' dir='ltr'>μηδενὸς</span> <span class='ocrx_word' id='word_1_766' title='bbox 869 5382 1186 5453; x_wconf 85' lang='grc' dir='ltr'>δυνηθέντος</span> <span class='ocrx_word' id='word_1_767' title='bbox 1213 5381 1322 5433; x_wconf 90' lang='grc' dir='ltr'><strong>τῶν</strong></span> <span class='ocrx_word' id='word_1_768' title='bbox 1354 5379 1626 5450; x_wconf 89' lang='grc' dir='ltr'>πολεμίων</span> <span class='ocrx_word' id='word_1_769' title='bbox 1652 5378 1751 5442; x_wconf 76' lang='grc' dir='ltr'><strong>τὰς</strong></span> 
     </span>
    </p>
   </div>
   <div class='ocr_carea' id='block_1_102' title="bbox 175 5469 1749 5548">
    <p class='ocr_par' dir='ltr' id='par_1_102' title="bbox 175 5469 1749 5548">
     <span class='ocr_line' id='line_1_102' title="bbox 175 5469 1749 5548; baseline -0.006 -18"><span class='ocrx_word' id='word_1_770' title='bbox 175 5480 366 5548; x_wconf 82' lang='grc' dir='ltr'>χεῖρας</span> <span class='ocrx_word' id='word_1_771' title='bbox 398 5477 702 5545; x_wconf 80' lang='grc' dir='ltr'>διαφυγεῖν,</span> <span class='ocrx_word' id='word_1_772' title='bbox 727 5474 786 5539; x_wconf 74' lang='grc' dir='ltr'><strong>ἐξ</strong></span> <span class='ocrx_word' id='word_1_773' title='bbox 807 5474 986 5527; x_wconf 82' lang='grc' dir='ltr'>αὐτῶν</span> <span class='ocrx_word' id='word_1_774' title='bbox 1010 5473 1117 5526; x_wconf 90' lang='grc' dir='ltr'><strong>τῶν</strong></span> <span class='ocrx_word' id='word_1_775' title='bbox 1140 5471 1477 5543; x_wconf 80' lang='grc' dir='ltr'>πραγμάτων</span> <span class='ocrx_word' id='word_1_776' title='bbox 1500 5469 1749 5538; x_wconf 71' lang='grc' dir='ltr'>αἴσθησιν</span> 
     </span>
    </p>
   </div>
   <div class='ocr_carea' id='block_1_103' title="bbox 175 5560 1744 5638">
    <p class='ocr_par' dir='ltr' id='par_1_103' title="bbox 175 5560 1744 5638">
     <span class='ocr_line' id='line_1_103' title="bbox 175 5560 1744 5638; baseline -0.005 -18"><span class='ocrx_word' id='word_1_777' title='bbox 175 5569 319 5638; x_wconf 77' lang='grc' dir='ltr'>ὑμᾶς</span> <span class='ocrx_word' id='word_1_778' title='bbox 346 5566 572 5631; x_wconf 77' lang='grc' dir='ltr'>λαϐεῖν,</span> <span class='ocrx_word' id='word_1_779' title='bbox 604 5568 687 5619; x_wconf 82' lang='grc' dir='ltr'>ὅτι</span> <span class='ocrx_word' id='word_1_780' title='bbox 724 5565 847 5621; x_wconf 76' lang='grc' dir='ltr'>οὔτε</span> <span class='ocrx_word' id='word_1_781' title='bbox 879 5563 1142 5635; x_wconf 78' lang='grc' dir='ltr'>πρότερόν</span> <span class='ocrx_word' id='word_1_782' title='bbox 1176 5580 1227 5615; x_wconf 84' lang='grc' dir='ltr'><strong>τι</strong></span> <span class='ocrx_word' id='word_1_783' title='bbox 1261 5560 1399 5616; x_wconf 80' lang='grc' dir='ltr'><strong>κατά</strong></span> <span class='ocrx_word' id='word_1_784' title='bbox 1443 5561 1551 5615; x_wconf 86' lang='grc' dir='ltr'><strong>τῶν</strong></span> <span class='ocrx_word' id='word_1_785' title='bbox 1589 5560 1744 5614; x_wconf 76' lang='grc' dir='ltr'>πολε-</span> 
     </span>
    </p>
   </div>
   <div class='ocr_carea' id='block_1_104' title="bbox 246 5741 895 5815">
    <p class='ocr_par' dir='ltr' id='par_1_104' title="bbox 246 5741 895 5815">
     <span class='ocr_line' id='line_1_104' title="bbox 246 5741 895 5815; baseline 0.003 -18"><span class='ocrx_word' id='word_1_786' title='bbox 246 5742 297 5780; x_wconf 76' lang='grc'><strong>⁸¹</strong></span> <span class='ocrx_word' id='word_1_787' title='bbox 338 5760 393 5798; x_wconf 78' lang='lat' dir='ltr'><strong>tv</strong></span> <span class='ocrx_word' id='word_1_788' title='bbox 436 5741 547 5815; x_wconf 61' lang='grc' dir='ltr'>ιι-ηε</span> <span class='ocrx_word' id='word_1_789' title='bbox 638 5761 749 5811; x_wconf 76' lang='lat' dir='ltr'><strong>xlv,</strong></span> <span class='ocrx_word' id='word_1_790' title='bbox 805 5745 895 5799; x_wconf 70' lang='lat'><strong>‘25.</strong></span> 
     </span>
    </p>
   </div>
   <div class='ocr_carea' id='block_1_105' title="bbox 1840 4534 3417 4615">
    <p class='ocr_par' dir='ltr' id='par_1_105' title="bbox 1840 4534 3417 4615">
     <span class='ocr_line' id='line_1_105' title="bbox 1840 4534 3417 4615; baseline -0.018 -3"><span class='ocrx_word' id='word_1_791' title='bbox 1840 4552 2088 4612; x_wconf 77' lang='lat' dir='ltr'><strong>ﬁnitimis</strong></span> <span class='ocrx_word' id='word_1_792' title='bbox 2130 4551 2346 4605; x_wconf 88' lang='lat' dir='ltr'><strong>illorum</strong></span> <span class='ocrx_word' id='word_1_793' title='bbox 2390 4542 2691 4615; x_wconf 78' lang='lat' dir='ltr'><strong>obiectum)</strong></span> <span class='ocrx_word' id='word_1_794' title='bbox 2741 4554 2919 4609; x_wconf 89' lang='lat' dir='ltr'><strong>usque</strong></span> <span class='ocrx_word' id='word_1_795' title='bbox 2962 4536 3031 4591; x_wconf 86' lang='lat' dir='ltr'><strong>ad</strong></span> <span class='ocrx_word' id='word_1_796' title='bbox 3089 4534 3277 4588; x_wconf 82' lang='lat' dir='ltr'><strong>[inium</strong></span> <span class='ocrx_word' id='word_1_797' title='bbox 3321 4547 3417 4585; x_wconf 88' lang='lat' dir='ltr'><strong>ve-</strong></span> 
     </span>
    </p>
   </div>
   <div class='ocr_carea' id='block_1_106' title="bbox 1840 4624 3417 4705">
    <p class='ocr_par' dir='ltr' id='par_1_106' title="bbox 1840 4624 3417 4705">
     <span class='ocr_line' id='line_1_106' title="bbox 1840 4624 3417 4705; baseline -0.018 -2"><span class='ocrx_word' id='word_1_798' title='bbox 1840 4656 2078 4705; x_wconf 87' lang='lat' dir='ltr'><strong>strorum</strong></span> <span class='ocrx_word' id='word_1_799' title='bbox 2121 4639 2544 4699; x_wconf 74' lang='lat' dir='ltr'><strong>extremitatem,</strong></span> <span class='ocrx_word' id='word_1_800' title='bbox 2591 4630 2917 4688; x_wconf 84' lang='lat' dir='ltr'><strong>universalis</strong></span> <span class='ocrx_word' id='word_1_801' title='bbox 2955 4627 3136 4681; x_wconf 81' lang='lat' dir='ltr'><strong>futura</strong></span> <span class='ocrx_word' id='word_1_802' title='bbox 3167 4625 3239 4679; x_wconf 90' lang='lat' dir='ltr'><strong>sit</strong></span> <span class='ocrx_word' id='word_1_803' title='bbox 3268 4624 3417 4678; x_wconf 84' lang='lat' dir='ltr'><strong>cala-</strong></span> 
     </span>
    </p>
   </div>
   <div class='ocr_carea' id='block_1_107' title="bbox 1848 4712 3418 4802">
    <p class='ocr_par' dir='ltr' id='par_1_107' title="bbox 1848 4712 3418 4802">
     <span class='ocr_line' id='line_1_107' title="bbox 1848 4712 3418 4802; baseline -0.018 -8"><span class='ocrx_word' id='word_1_804' title='bbox 1848 4737 2034 4794; x_wconf 84' lang='lat' dir='ltr'><strong>mitas.</strong></span> <span class='ocrx_word' id='word_1_805' title='bbox 2073 4732 2214 4802; x_wconf 86' lang='lat' dir='ltr'><strong>Ergo</strong></span> <span class='ocrx_word' id='word_1_806' title='bbox 2262 4728 2505 4799; x_wconf 90' lang='lat' dir='ltr'><strong>loquitur</strong></span> <span class='ocrx_word' id='word_1_807' title='bbox 2531 4724 2636 4780; x_wconf 91' lang='lat' dir='ltr'><strong>sub</strong></span> <span class='ocrx_word' id='word_1_808' title='bbox 2680 4720 2865 4792; x_wconf 85' lang='lat' dir='ltr'><strong>regnis</strong></span> <span class='ocrx_word' id='word_1_809' title='bbox 2906 4716 3217 4773; x_wconf 83' lang='lat' dir='ltr'><strong>Jerohoami</strong></span> <span class='ocrx_word' id='word_1_810' title='bbox 3251 4712 3418 4802; x_wconf 83' lang='lat' dir='ltr'><strong>Joaso</strong></span> 
     </span>
    </p>
   </div>
   <div class='ocr_carea' id='block_1_108' title="bbox 1850 4801 3413 4901">
    <p class='ocr_par' dir='ltr' id='par_1_108' title="bbox 1850 4801 3413 4901">
     <span class='ocr_line' id='line_1_108' title="bbox 1850 4801 3413 4901; baseline -0.019 -18"><span class='ocrx_word' id='word_1_811' title='bbox 1850 4827 2042 4901; x_wconf 91' lang='lat' dir='ltr'><strong>geniti,</strong></span> <span class='ocrx_word' id='word_1_812' title='bbox 2069 4801 2227 4892; x_wconf 84' lang='lat' dir='ltr'><strong>cujus</strong></span> <span class='ocrx_word' id='word_1_813' title='bbox 2264 4833 2459 4889; x_wconf 90' lang='lat' dir='ltr'><strong>reapse</strong></span> <span class='ocrx_word' id='word_1_814' title='bbox 2483 4823 2644 4871; x_wconf 76' lang='lat' dir='ltr'><strong>:etate</strong></span> <span class='ocrx_word' id='word_1_815' title='bbox 2678 4813 2770 4867; x_wconf 92' lang='lat' dir='ltr'><strong>hic</strong></span> <span class='ocrx_word' id='word_1_816' title='bbox 2808 4812 2925 4881; x_wconf 91' lang='lat' dir='ltr'><strong>ipse</strong></span> <span class='ocrx_word' id='word_1_817' title='bbox 2951 4806 3215 4877; x_wconf 88' lang='lat' dir='ltr'><strong>propheta</strong></span> <span class='ocrx_word' id='word_1_818' title='bbox 3247 4801 3413 4855; x_wconf 83' lang='lat' dir='ltr'><strong>vixit:</strong></span> 
     </span>
    </p>
   </div>
   <div class='ocr_carea' id='block_1_109' title="bbox 1856 4892 3417 4983">
    <p class='ocr_par' dir='ltr' id='par_1_109' title="bbox 1856 4892 3417 4983">
     <span class='ocr_line' id='line_1_109' title="bbox 1856 4892 3417 4983; baseline -0.017 -11"><span class='ocrx_word' id='word_1_819' title='bbox 1856 4892 1880 4972; x_wconf 64' lang='grc' dir='ltr'><strong>ἶ</strong></span> <span class='ocrx_word' id='word_1_820' title='bbox 1912 4914 2207 4973; x_wconf 83' lang='lat' dir='ltr'><strong>Constituit</strong></span> <span class='ocrx_word' id='word_1_821' title='bbox 2235 4910 2616 4983; x_wconf 81' lang='lat' dir='ltr'><strong>(Jeroboamus</strong></span> <span class='ocrx_word' id='word_1_822' title='bbox 2638 4903 2785 4959; x_wconf 80' lang='lat' dir='ltr'><strong>Joasi</strong></span> <span class='ocrx_word' id='word_1_823' title='bbox 2823 4899 2989 4966; x_wconf 75' lang='lat' dir='ltr'><strong>(ilius)</strong></span> <span class='ocrx_word' id='word_1_824' title='bbox 3027 4898 3163 4951; x_wconf 84' lang='lat' dir='ltr'><strong>lines</strong></span> <span class='ocrx_word' id='word_1_825' title='bbox 3198 4892 3417 4948; x_wconf 76' lang='lat' dir='ltr'><strong>lsraelis</strong></span> 
     </span>
    </p>
   </div>
   <div class='ocr_carea' id='block_1_110' title="bbox 1852 4984 3414 5066">
    <p class='ocr_par' dir='ltr' id='par_1_110' title="bbox 1852 4984 3414 5066">
     <span class='ocr_line' id='line_1_110' title="bbox 1852 4984 3414 5066; baseline -0.02 -1"><span class='ocrx_word' id='word_1_826' title='bbox 1852 5010 1921 5065; x_wconf 91' lang='lat' dir='ltr'><strong>ab</strong></span> <span class='ocrx_word' id='word_1_827' title='bbox 1949 5006 2174 5063; x_wconf 89' lang='lat' dir='ltr'><strong>introitu</strong></span> <span class='ocrx_word' id='word_1_828' title='bbox 2200 4998 2443 5064; x_wconf 71' lang='lat' dir='ltr'><strong>ABmath,</strong></span> <span class='ocrx_word' id='word_1_829' title='bbox 2465 5010 2637 5066; x_wconf 82' lang='lat' dir='ltr'><strong>usque</strong></span> <span class='ocrx_word' id='word_1_830' title='bbox 2664 4993 2731 5048; x_wconf 88' lang='lat' dir='ltr'><strong>ad</strong></span> <span class='ocrx_word' id='word_1_831' title='bbox 2754 5005 2906 5046; x_wconf 92' lang='lat' dir='ltr'><strong>mare</strong></span> <span class='ocrx_word' id='word_1_832' title='bbox 2937 4985 3275 5043; x_wconf 85' lang='lat' dir='ltr'><strong>occidentale</strong></span> <span class='ocrx_word' id='word_1_833' title='bbox 3294 4984 3361 5047; x_wconf 79' lang='lat'><strong>&quot;,</strong></span> <span class='ocrx_word' id='word_1_834' title='bbox 3395 4999 3414 5033; x_wconf 76' lang='grc' dir='ltr'><strong>ι</strong></span> 
     </span>
    </p>
   </div>
   <div class='ocr_carea' id='block_1_111' title="bbox 1857 5074 3419 5158">
    <p class='ocr_par' dir='ltr' id='par_1_111' title="bbox 1857 5074 3419 5158">
     <span class='ocr_line' id='line_1_111' title="bbox 1857 5074 3419 5158; baseline -0.019 -1"><span class='ocrx_word' id='word_1_835' title='bbox 1857 5103 1930 5158; x_wconf 86' lang='lat' dir='ltr'><strong>ita</strong></span> <span class='ocrx_word' id='word_1_836' title='bbox 1978 5105 2040 5154; x_wconf 88' lang='lat' dir='ltr'><strong>ut</strong></span> <span class='ocrx_word' id='word_1_837' title='bbox 2097 5100 2311 5152; x_wconf 90' lang='lat' dir='ltr'><strong>constet</strong></span> <span class='ocrx_word' id='word_1_838' title='bbox 2362 5091 2497 5145; x_wconf 83' lang='lat' dir='ltr'><strong>lines</strong></span> <span class='ocrx_word' id='word_1_839' title='bbox 2547 5084 2876 5142; x_wconf 82' lang='lat' dir='ltr'><strong>lsraeiiticos</strong></span> <span class='ocrx_word' id='word_1_840' title='bbox 2910 5080 3122 5143; x_wconf 76' lang='lat' dir='ltr'><strong>fuisse,</strong></span> <span class='ocrx_word' id='word_1_841' title='bbox 3176 5077 3270 5147; x_wconf 91' lang='lat' dir='ltr'><strong>qui</strong></span> <span class='ocrx_word' id='word_1_842' title='bbox 3330 5074 3419 5128; x_wconf 89' lang='lat' dir='ltr'><strong>his</strong></span> 
     </span>
    </p>
   </div>
   <div class='ocr_carea' id='block_1_112' title="bbox 1855 5165 3421 5248">
    <p class='ocr_par' dir='ltr' id='par_1_112' title="bbox 1855 5165 3421 5248">
     <span class='ocr_line' id='line_1_112' title="bbox 1855 5165 3421 5248; baseline -0.02 -1"><span class='ocrx_word' id='word_1_843' title='bbox 1855 5189 2167 5248; x_wconf 75' lang='lat' dir='ltr'><strong>nominibus</strong></span> <span class='ocrx_word' id='word_1_844' title='bbox 2220 5184 2571 5239; x_wconf 84' lang='lat' dir='ltr'><strong>denotantur.</strong></span> <span class='ocrx_word' id='word_1_845' title='bbox 2620 5176 2811 5230; x_wconf 89' lang='lat' dir='ltr'><strong>Dicere</strong></span> <span class='ocrx_word' id='word_1_846' title='bbox 2855 5180 3035 5227; x_wconf 87' lang='lat' dir='ltr'><strong>autem</strong></span> <span class='ocrx_word' id='word_1_847' title='bbox 3092 5168 3231 5231; x_wconf 74' lang='lat' dir='ltr'><strong>vult,</strong></span> <span class='ocrx_word' id='word_1_848' title='bbox 3278 5165 3421 5218; x_wconf 88' lang='lat' dir='ltr'><strong>mala</strong></span> 
     </span>
    </p>
   </div>
   <div class='ocr_carea' id='block_1_113' title="bbox 1860 5263 3419 5338">
    <p class='ocr_par' dir='ltr' id='par_1_113' title="bbox 1860 5263 3419 5338">
     <span class='ocr_line' id='line_1_113' title="bbox 1860 5263 3419 5338; baseline -0.021 0"><span class='ocrx_word' id='word_1_849' title='bbox 1860 5284 2012 5338; x_wconf 90' lang='lat' dir='ltr'><strong>illine</strong></span> <span class='ocrx_word' id='word_1_850' title='bbox 2043 5277 2202 5333; x_wconf 87' lang='lat' dir='ltr'><strong>initio</strong></span> <span class='ocrx_word' id='word_1_851' title='bbox 2232 5274 2423 5337; x_wconf 83' lang='lat' dir='ltr'><strong>ducto,</strong></span> <span class='ocrx_word' id='word_1_852' title='bbox 2448 5285 2546 5324; x_wconf 86' lang='lat' dir='ltr'><strong>vos</strong></span> <span class='ocrx_word' id='word_1_853' title='bbox 2583 5282 2800 5338; x_wconf 86' lang='lat' dir='ltr'><strong>quoque</strong></span> <span class='ocrx_word' id='word_1_854' title='bbox 2845 5276 3037 5318; x_wconf 88' lang='lat' dir='ltr'><strong>omnes</strong></span> <span class='ocrx_word' id='word_1_855' title='bbox 3076 5263 3419 5325; x_wconf 82' lang='lat' dir='ltr'><strong>correptnra,</strong></span> 
     </span>
    </p>
   </div>
   <div class='ocr_carea' id='block_1_114' title="bbox 1862 5345 3426 5444">
    <p class='ocr_par' dir='ltr' id='par_1_114' title="bbox 1862 5345 3426 5444">
     <span class='ocr_line' id='line_1_114' title="bbox 1862 5345 3426 5444; baseline -0.02 -17"><span class='ocrx_word' id='word_1_856' title='bbox 1862 5374 1988 5444; x_wconf 89' lang='lat' dir='ltr'><strong>quia</strong></span> <span class='ocrx_word' id='word_1_857' title='bbox 2027 5382 2188 5424; x_wconf 90' lang='lat' dir='ltr'><strong>nemo</strong></span> <span class='ocrx_word' id='word_1_858' title='bbox 2220 5364 2462 5419; x_wconf 90' lang='lat' dir='ltr'><strong>hostium</strong></span> <span class='ocrx_word' id='word_1_859' title='bbox 2494 5373 2689 5413; x_wconf 91' lang='lat' dir='ltr'><strong>manus</strong></span> <span class='ocrx_word' id='word_1_860' title='bbox 2724 5352 2956 5409; x_wconf 84' lang='lat' dir='ltr'><strong>evadere</strong></span> <span class='ocrx_word' id='word_1_861' title='bbox 2994 5347 3211 5418; x_wconf 87' lang='lat' dir='ltr'><strong>poterit.</strong></span> <span class='ocrx_word' id='word_1_862' title='bbox 3242 5345 3426 5413; x_wconf 84' lang='lat' dir='ltr'><strong>Atque</strong></span> 
     </span>
    </p>
   </div>
   <div class='ocr_carea' id='block_1_115' title="bbox 1860 5433 3430 5522">
    <p class='ocr_par' dir='ltr' id='par_1_115' title="bbox 1860 5433 3430 5522">
     <span class='ocr_line' id='line_1_115' title="bbox 1860 5433 3430 5522; baseline -0.024 -4"><span class='ocrx_word' id='word_1_863' title='bbox 1860 5433 1983 5518; x_wconf 68' lang='lat' dir='ltr'><strong>hinc</strong></span> <span class='ocrx_word' id='word_1_864' title='bbox 2014 5475 2077 5513; x_wconf 84' lang='lat' dir='ltr'><strong>ex</strong></span> <span class='ocrx_word' id='word_1_865' title='bbox 2117 5456 2280 5511; x_wconf 89' lang='lat' dir='ltr'><strong>rebus</strong></span> <span class='ocrx_word' id='word_1_866' title='bbox 2321 5451 2458 5522; x_wconf 91' lang='lat' dir='ltr'><strong>ipsis</strong></span> <span class='ocrx_word' id='word_1_867' title='bbox 2488 5442 2859 5516; x_wconf 83' lang='lat' dir='ltr'><strong>cognoscetis,</strong></span> <span class='ocrx_word' id='word_1_868' title='bbox 2895 5455 2963 5493; x_wconf 89' lang='lat' dir='ltr'><strong>ne</strong></span> <span class='ocrx_word' id='word_1_869' title='bbox 2990 5433 3265 5508; x_wconf 71' lang='lat' dir='ltr'><strong>praeterito</strong></span> <span class='ocrx_word' id='word_1_870' title='bbox 3295 5433 3430 5499; x_wconf 84' lang='lat' dir='ltr'><strong>qui-</strong></span> 
     </span>
    </p>
   </div>
   <div class='ocr_carea' id='block_1_116' title="bbox 1853 5522 3434 5619">
    <p class='ocr_par' dir='ltr' id='par_1_116' title="bbox 1853 5522 3434 5619">
     <span class='ocr_line' id='line_1_116' title="bbox 1853 5522 3434 5619; baseline -0.025 -7"><span class='ocrx_word' id='word_1_871' title='bbox 1853 5557 1973 5612; x_wconf 75' lang='lat' dir='ltr'><strong>dem</strong></span> <span class='ocrx_word' id='word_1_872' title='bbox 2012 5562 2254 5619; x_wconf 84' lang='lat' dir='ltr'><strong>tempore</strong></span> <span class='ocrx_word' id='word_1_873' title='bbox 2289 5541 2586 5615; x_wconf 89' lang='lat' dir='ltr'><strong>quidquam</strong></span> <span class='ocrx_word' id='word_1_874' title='bbox 2626 5550 2742 5603; x_wconf 80' lang='lat' dir='ltr'><strong>vos,</strong></span> <span class='ocrx_word' id='word_1_875' title='bbox 2786 5533 2993 5602; x_wconf 87' lang='lat' dir='ltr'><strong>absque</strong></span> <span class='ocrx_word' id='word_1_876' title='bbox 3035 5526 3129 5582; x_wconf 88' lang='lat' dir='ltr'><strong>Dei</strong></span> <span class='ocrx_word' id='word_1_877' title='bbox 3162 5522 3434 5595; x_wconf 69' lang='lat' dir='ltr'><strong>putentia.</strong></span> 
     </span>
    </p>
   </div>
  </div>
