3828 6216
466 296 570 354 287

1652 310 2000 368 THEODORI
2036 311 2518 371 MOPSUESTENI

3579 333 3670 389 283

465 416 730 473 adversus
764 418 950 474 hostes
987 421 1242 479 valuisse.
1274 422 1414 480 Ecce
1447 425 1592 482 enim
1620 444 1789 494 nunc,
1819 431 2036 486 subtra-

2145 432 2282 502 μίων
2308 433 2430 502 δίχα
2455 433 2555 503 τῆς
2586 432 2734 498 θείας
2767 437 3021 506 ἰσχύσατε
3055 438 3256 508 ῥοπῆς*
3286 438 3374 491 καὶ
3401 427 3492 494 νῦν
3516 446 3566 494 ἐν
3595 465 3660 497 τι-

466 514 558 559 cto
601 509 748 562 illius
779 513 1005 573 auxilio,
1042 514 1095 567 in
1129 523 1280 569 tanta
1321 517 1588 572 malorum
1626 537 1881 589 pressura
1917 541 2040 580 ver-

468 599 687 652 samini.
725 600 823 654 llic
854 604 1131 658 subnectit
1165 608 1427 677 propheta
1459 612 1848 668 revelationem
1876 631 2038 686 quam

468 687 625 756 vidit,
662 691 727 746 ad
759 692 1032 750 dictorum
1072 713 1299 753 suorum
1331 701 1827 759 confirmationem.

1095 848 1248 953 (ςΑιῖ.
1294 898 1402 956 νη.

546 1037 708 1096 Vens.
747 1043 933 1097 l-3.—-
959 1065 977 1097 ι
1002 1045 1124 1103 Haec
1154 1055 1392 1109 ostendit
1424 1058 1552 1112 mihi
1581 1059 1840 1118 Dominus
1874 1065 2037 1128 Deus.

471 1128 536 1178 let
553 1143 680 1182 ecce
712 1129 850 1188 fetus
873 1135 1227 1204 locustarum,
1258 1151 1313 1196 et
1337 1159 1464 1201 ecce
1483 1147 1724 1206 bruchus
1749 1157 2040 1229 unus,Gog

472 1231 588 1271 rex.
629 1217 689 1270 Et
710 1221 834 1284 erit,
858 1224 902 1278 si
947 1229 1298 1297 compleverit
1331 1250 1522 1292 vorare
1550 1238 1732 1295 fenum
1763 1253 1940 1302 terrae.
1975 1247 2041 1303 Et

464 1302 580 1357 dixi
602 1325 612 1358 :
637 1309 879 1375 Domine,
903 1311 1145 1384 Domine,
1164 1323 1426 1390 propitius
1445 1336 1582 1382 esto.
1605 1328 1738 1395 Quis
1754 1336 2040 1394 suscitabit

463 1395 728 1452 Jacobnm
747 1401 1031 1472 ?quoniam
1051 1411 1294 1468 modicus
1312 1425 1411 1470 est.
1431 1414 1776 1486 Pmnileatte,
1795 1423 2036 1491 Domine,

471 1505 637 1558 super
659 1492 760 1547 hoc
787 1511 800 1546 :
824 1494 941 1552 Non
971 1501 1096 1567 erit,
1127 1503 1264 1560 dixit
1291 1505 1552 1568 Dominus
1580 1513 1741 1573 Deus.
1777 1537 1796 1571 ι
1825 1517 2038 1578 Vidisse

469 1595 531 1632 se
563 1580 637 1634 ait
666 1583 998 1643 locustarum
1025 1592 1464 1670 bruchorumqne
1494 1605 1896 1666 multitudinem
1933 1631 1947 1667 :
1985 1622 2039 1668 et

469 1668 576 1724 illa:
613 1671 828 1740 quidem
865 1677 1143 1748 Assyrios,
1192 1685 1246 1739 hi
1285 1668 1414 1744 vero
1458 1690 1783 1765 Babylonios
1809 1699 2038 1756 denota-

471 1759 624 1825 bant,

466 1862 526 1904 et
553 1854 742 1908 bruchi
781 1865 1186 1931 consumpturi.
1226 1865 1332 1922 Sed
1361 1885 1482 1925 eum
1513 1854 1652 1940 vidi,
1677 1877 1874 1948 inquit,
1905 1884 2037 1937 mul-

469 1942 762 2000 titndinem
807 1951 968 2004 talem
1016 1956 1165 2009 omni
1210 1967 1368 2014 terrae
1414 1961 1612 2020 fructui
1643 1942 1904 2024 vastando
1938 1988 2036 2042 pa-

472 2044 623 2100 rem;
665 2038 976 2104 procidens,
1009 2043 1206 2114 inquit,
1237 2051 1449 2104 veniam
1495 2059 1765 2124 postulavi
1795 2063 2037 2129 peccatis

477 2123 633 2192 127
663 2129 868 2184 nostris
913 2131 1053 2196 dari,
1088 2149 1318 2193 cernens
1349 2123 1679 2210 perditarum
1712 2164 1891 2204 rerum
1935 2168 2036 2206 nu-

471 2217 867 2284 merositatem,
898 2231 952 2277 et
996 2231 1352 2295 superstitum
1388 2237 1734 2303 paucitatem.
1771 2243 1886 2295 lmo
1910 2259 2036 2299 vero

469 2303 539 2358 de
574 2307 928 2376 reliquiarum
954 2330 1171 2387 quoque
1199 2321 1482 2392 desperavi
1515 2329 1713 2393 salute,
1755 2333 1860 2387 nisi
1891 2332 2036 2390 Deus

469 2399 710 2463 peccatis
755 2405 962 2458 nostris
999 2409 1350 2478 propitiatus,
1395 2429 1505 2468 rem
1544 2418 1597 2470 in
1648 2421 1840 2476 melius
1883 2440 2034 2477 com-

471 2494 724 2543 mutaret.
769 2489 1155 2552 Verumtamen
1202 2516 1311 2554 non
1360 2503 1582 2559 admisit
1626 2523 1839 2576 precem
1895 2513 2036 2570 hanc

473 2573 635 2640 Deus,
685 2582 813 2648 quia
838 2585 1110 2652 majorem
1167 2599 1515 2658 peccatorum
1569 2607 1884 2656 nostrorum
1935 2620 2038 2658 nu-

474 2681 682 2719 merum
716 2670 1068 2740 existimavit,
1103 2694 1266 2747 quam
1314 2693 1375 2736 ιιι
1406 2686 1834 2745 miscricordiam
1877 2695 2036 2748 Vellet

469 2757 764 2826 impertiri.
797 2760 916 2816 Jam
951 2781 1110 2821 nemo
1162 2771 1389 2827 miretur
1415 2778 1559 2845 quod
1605 2779 1810 2852 (:ognm
1854 2800 2035 2855 regem

472 2861 736 2905 memoret
759 2869 780 2909 ,ε
815 2856 1015 2910 etenim
1048 2867 1101 2912 ct
1141 2870 1299 2918 antea
1333 2865 1597 2938 Assyriis,
1645 2881 1699 2926 et
1729 2872 2037 2946 Babyloniis

471 2947 680 3006 postea,
722 2943 878 2997 multi
902 2947 969 3001 de
998 2946 1271 3020 Scythicis
1300 2970 1519 3026 quoque
1551 2962 1768 3030 populis
1805 2943 2036 3022 auxilia-

471 3043 560 3080 res
614 3030 738 3086 belli
789 3045 964 3105 erant,
1012 3055 1247 3109 quorum
1311 3061 1405 3102 rex
1446 3058 1564 3104 erat
1613 3050 1831 3122 Gogus;
1877 3058 2036 3128 cujus

462 3115 604 3187 facit
655 3124 982 3182 mentionem
1036 3146 1145 3186 non
1202 3141 1463 3206 tanquam
1528 3141 1650 3196 belli
1698 3115 1884 3210 ducis,
1941 3115 2035 3204 sed

469 3215 729 3278 tanquam
785 3222 1167 3286 regnatoribus
1199 3228 1490 3296 suppetias
1524 3230 1767 3290 ferentis.
1819 3236 2036 3294 Scimus

469 3307 649 3354 autem
713 3304 996 3378 Assyrium
1055 3314 1231 3384 prius,
1294 3326 1349 3372 et
1400 3320 1595 3378 deinde
1656 3318 2034 3398 Babylonium,

469 3393 653 3450 multis
715 3397 1075 3468 imperavisse
1147 3411 1366 3478 populis
1408 3429 1421 3464 :
1463 3429 1602 3482 quos
1671 3433 1860 3475 omnes
1911 3437 2034 3476 cum

469 3487 704 3554 satrapis
732 3490 847 3546 suis
886 3509 979 3548 seu
1015 3497 1180 3566 regiis
1214 3500 1576 3568 praefecturis,
1613 3521 1722 3560 non
1750 3517 1834 3564 est
1869 3510 2044 3567 incre-

469 3574 636 3633 dibile
661 3579 804 3635 bello
828 3585 1008 3641 socios
1040 3587 1377 3648 interfuisse.
1410 3595 1587 3650 Aliam
1630 3613 1824 3657 rursus
1850 3605 2041 3658 recitat

468 3667 670 3722 abhinc
702 3674 1110 3735 revelationem.

468 3754 705 3822 οἰκείων,
730 3762 830 3814 εἴτ’
858 3761 950 3819 οὖν
971 3768 1276 3837 βασιλειῶν,
1305 3775 1402 3829 οὐκ
1427 3778 1653 3844 ἀπεικὸς
1679 3777 1748 3853 ἦν
1777 3783 1867 3838 καὶ
1901 3790 2134 3857 παρεῖνα

466 3849 659 3922 ἑτέραν
697 3856 1035 3930 ἀποκάλυψιν
1075 3864 1255 3934 λέγει·

538 3941 706 4001 Vens.
739 3948 856 4003 4-9.
879 3980 950 3992 -—
972 3973 989 4003 ι
1029 3954 1119 4010 Sic
1143 3959 1382 4015 ostendit
1415 3965 1544 4018 mihi
1578 3964 1839 4025 Dominus
1875 3969 2037 4028 Deus.

469 4031 535 4085 Et
561 4050 690 4091 ecce
722 4042 938 4095 vocavit
973 4043 1240 4114 judicium
1282 4051 1335 4104 in
1364 4053 1489 4122 igne
1527 4055 1820 4127 Dominus;
1857 4071 1912 4116 ct
1944 4065 2042 4119 de-

467 4123 681 4176 voravit
708 4125 965 4196 abyssum
1012 4135 1276 4203 multam;
1307 4148 1360 4194 et
1391 4142 1673 4200 devoravit
1704 4158 1931 4217 partem.
1977 4153 2040 4207 Et

467 4211 580 4266 dixi
609 4229 624 4268 :
657 4213 905 4284 Domine,
942 4222 1130 4281 desine
1152 4230 1332 4284 modo.
1365 4231 1499 4298 Quis
1538 4239 1825 4294 suscitabit
1847 4241 2035 4308 Jacob,

468 4302 596 4369 quia
622 4306 868 4365 modicus
889 4315 1012 4367 est?
1033 4315 1301 4374 Pmniteat
1325 4329 1397 4388 te,
1430 4325 1678 4392 Domine,
1705 4346 1870 4400 super
1898 4335 2030 4389 hoc!

466 4391 536 4444 At
558 4391 660 4448 hoc
704 4411 814 4451 non
866 4399 976 4466 fiet,
1026 4404 1159 4458 dicit
1198 4407 1462 4467 Dominus
1513 4391 1673 4470 Deus.
1705 4436 1723 4469 ›
1760 4391 1904 4482 vidi.
1951 4423 2034 4476 in-

465 4482 608 4550 quit,
670 4501 865 4544 rursus
912 4489 1078 4546 Deum
1133 4511 1412 4554 vocantem
1456 4503 1746 4571 judicium,
1797 4526 1905 4579 quo
1950 4528 2038 4567 res

468 4571 750 4630 hominum
797 4579 1047 4649 judicare
1098 4589 1236 4643 solet
1272 4610 1284 4644 :
1319 4607 1555 4665 namque
1603 4597 1796 4652 horum
1855 4605 2036 4656 omnia

467 4679 656 4722 severe
687 4678 739 4725 et
771 4676 939 4728 multa
974 4691 1096 4731 cum
1128 4679 1482 4750 inquisitione
1514 4691 1796 4744 scrutandi
1830 4707 1949 4748 mos
1991 4697 2040 4749 ei

467 4764 573 4810 est.
616 4759 784 4816 Porro
832 4765 883 4818 in
928 4767 1052 4838 igne
1098 4773 1330 4838 vocavit,
1361 4777 1488 4844 quia
1536 4779 1626 4833 tali
1675 4795 1835 4850 pmna
1879 4784 2040 4854 digna

470 4846 614 4904 facta
655 4855 1006 4915 existimavit.
1038 4863 1158 4928 Quo
1208 4867 1332 4936 igne
1385 4846 1752 4926 Israelitarum
1793 4875 2041 4928 multitu-

469 4939 651 4996 dinem
692 4946 874 5013 (quam
919 4952 1116 5022 abysso
1154 4967 1458 5031 comparat)
1486 4978 1610 5016 cum
1643 4966 1856 5020 absumi
1891 4966 2041 5022 vidc-

472 5045 622 5094 rem,
691 5051 882 5092 Inrsus
940 5044 1260 5114 exclamavi,
1317 5050 1742 5109 deminutionem
1803 5056 2037 5125 aliquam

473 5123 599 5175 mali
642 5129 943 5192 postulans.
977 5133 1339 5198 Nihilominus
1375 5143 1518 5200 Deus
1555 5162 1661 5201 non
1700 5149 1906 5201 annuit.
1932 5147 2035 5204 Sed

468 5219 581 5284 jam
646 5225 858 5279 tertiam
907 5245 1123 5299 quoqtte
1170 5246 1355 5290 narrat
1405 5241 1809 5296 revelationem.
1874 5261 1891 5292 ι
1945 5242 2036 5297 Sic

472 5313 710 5368 ostendit
750 5319 879 5374 milii
919 5321 1177 5381 Dominus
1221 5347 1234 5382 :
1273 5345 1401 5386 ecce
1440 5333 1525 5386 vir
1547 5342 1701 5412 stans
1727 5350 1890 5404 super
1924 5350 2040 5388 mu-

474 5419 594 5456 rum
645 5407 1069 5481 adamantinnm,
1110 5429 1163 5474 et
1217 5422 1268 5474 in
1299 5439 1462 5477 manu
1513 5409 1917 5493 ejusiadamas.
1976 5427 2041 5481 Et

474 5493 607 5547 dicit
658 5496 916 5558 Dominus
958 5507 1021 5560 ad
1059 5525 1142 5562 me
1187 5512 1371 5578 :Quid
1417 5522 1475 5570 tu
1513 5515 1680 5580 vides,
1731 5517 1935 5571 Amos?
1979 5517 2037 5572 Et

477 5584 585 5638 dixi
618 5605 628 5640 :
663 5589 1010 5650 adamantcm.
1058 5599 1217 5671 128
1243 5604 1302 5656 Et
1331 5603 1467 5659 dixit
1507 5604 1768 5661 Dominus
1813 5608 1879 5661 ad
1913 5624 1996 5662 me
2025 5627 2035 5663 :

2147 523 2316 594 σαύτῃ
2363 524 2528 596 πείρᾳ
2571 526 2867 598 κατέστητε
2905 529 3126 592 κακῶν,
3173 529 3356 598 ἐπειδὴ
3403 531 3496 602 τῆς
3527 535 3671 590 αὑτοῦ

2145 612 2396 683 βοηθείας
2418 615 2520 680 ἔξω
2539 618 2818 685 γεγόνατε·
2835 619 3043 683 τούτοις
3060 621 3387 691 ἀποκάλυψιν
3407 627 3670 697 προστίθη-

2143 719 2226 755 σιν
2251 705 2316 774 ἥν
2341 699 2482 759 εἶδεν
2506 709 2534 760 6
2555 711 2835 780 προφήτης
2851 712 2930 774 εἰς
2954 710 3240 781 βεϐαίωσιν
3255 714 3361 768 τῶν
3379 717 3670 788 εἰρημένων.

2786 925 2940 979 ΚΕΦ.
2978 928 3052 980 Z'.

2216 1070 2363 1139 Στίχ.
2394 1078 2539 1140 αὀγθ.
2563 1104 2632 1112 -
2653 1074 2726 1144 (ι).
2761 1075 2882 1147 192)
2911 1095 2932 1128 ι
2960 1076 3147 1142 υῦτως
3173 1078 3338 1146 εδειξέ
3363 1098 3447 1151 μοι
3467 1082 3669 1154 Κύριος*

2143 1161 2236 1213 καὶ
2269 1161 2377 1214 ἰδοὺ
2406 1164 2632 1236 ἐπιγονη
2661 1166 2896 1236 ἀκρίδων
2927 1169 3196 1239 ἐρχομένη
3228 1171 3438 1242 ἑωθινὴ.
3464 1175 3550 1226 καὶ
3577 1176 3671 1229 ἰδοὺ

2143 1253 2369 1324 βροῦχος
2395 1250 2494 1318 εἷς,
2530 1257 2652 1326 Γὼγ
2678 1259 2708 1310 6
2738 1259 2988 1327 βασιλεύς
3013 1277 3025 1289 ·
3059 1262 3153 1313 καὶ
3181 1261 3350 1326 ἔσται,
3383 1263 3475 1316 ἐάν
3505 1273 3674 1318 συντεέ

2141 1345 2272 1416 λέσῃ
2303 1346 2397 1398 τοῦ
2426 1351 2618 1416 φαγεῖν
2645 1349 2734 1402 τὸν
2765 1350 2955 1421 χόρτον
2983 1351 3080 1422 τῆς
3115 1352 3236 1422 γῆς·
3265 1354 3356 1406 καὶ
3383 1350 3554 1407 εἷπονο
3585 1357 3675 1409 Κύ-

2143 1455 2244 1508 ριε,
2279 1439 2468 1508 Κύριε,
2502 1440 2658 1504 ἵλεως
2682 1441 2842 1509 γενοῦ
2862 1459 2876 1472 ·
2905 1443 2990 1506 τίς
3027 1445 3317 1514 ἀναστήσει
3343 1445 3430 1497 τὸν
3480 1445 3673 1513 Ἰακὼϐ,

2139 1529 2220 1582 ὅτι
2245 1530 2518 1598 ὀλιγοστὸς
2557 1534 2706 1597 ἐστι;
2757 1533 3105 1605 μετανόησον,
3149 1535 3352 1605 Κύριε,
3388 1537 3475 1588 ἐπὶ
3500 1536 3674 1605 τούτῳ,
3772 1597 3773 1606 γ

2141 1623 2249 1674 Καὶ
2273 1621 2430 1675 τοῦτο
2458 1623 2517 1674 οὐ
2554 1623 2628 1693 μὴ
2652 1623 2880 1692 γένοιτο,
2911 1625 3057 1694 λέγει
3088 1625 3310 1695 Κύριος.
3351 1646 3369 1678 ι
3402 1628 3676 1681 Τεθεάσθαι

2141 1711 2246 1781 γὰρ
2285 1713 2520 1782 ἀκρίδων
2559 1730 2618 1766 τε
2663 1715 2756 1767 καὶ
2789 1715 3032 1785 βηρούχων
3077 1716 3226 1784 λέγει
3272 1718 3497 1787 πλῆθος,
3527 1712 3596 1770 ὧν
3623 1719 3677 1770 τὸ

666 1765 791 1833 quia
821 1771 1031 1823 venturi
1073 1785 1251 1840 erant,
1296 1785 1353 1832 et
1398 1784 1580 1838 omnia
1621 1789 1778 1855 quasi
1816 1789 2037 1847 locusta:

666 1855 741 1877 ..με
789 1872 879 1877 --μ
925 1876 931 1877 ,
981 1876 984 1877 ,
1056 1870 1067 1877 .
1151 1865 1162 1875 ι
1227 1865 1259 1877 n
1318 1869 1331 1877 .
1551 1875 1616 1877 __,

2142 1765 2240 1871 ῥιὲῦ
2268 1765 2374 1856 κέδν’
2390 1765 2551 1856 mea
2561 1765 2674 1874 ριον
2730 1765 2880 1859 ξδ’ίὲέ
2896 1765 2997 1860 Ῑτῖξ
3014 1765 3374 1861 nasorum.
3389 1808 3585 1877 ἐδήλου,
3613 1810 3676 1872 ὡς

2139 1893 2205 1948 ἂν
2231 1894 2673 1965 ἐπελευσομένων
2694 1915 2753 1950 τε
2782 1901 2876 1951 καὶ
2901 1900 3269 1968 ἀφανιούντων
3292 1902 3516 1962 ᾶπαντα,
3541 1901 3677 1972 ἀκρί-

2136 1982 2224 2046 δος
2243 2001 2300 2036 τε
2333 1985 2424 2038 καὶ
2459 1985 2686 2057 βρούχου
2715 1989 2902 2056 δίκην·
2955 1991 3094 2044 Ἀλλ’
3125 1992 3200 2055 ὠς
3239 1987 3393 2056 εἶδον,
3439 1994 3582 2062 φησι,
3626 1992 3678 2045 τὸ
3772 2047 3773 2056 η

2138 2071 2339 2142 πλῆθος
2369 2073 2640 2145 αὔταρκες
2665 2075 2723 2128 ὃν
2750 2076 2962 2131 ἅπαντα
2989 2079 3250 2147 ἀφανίσαι
3277 2082 3366 2132 τὸν
3391 2083 3453 2134 ἐκ
3480 2081 3571 2149 τῆς
3589 2083 3676 2149 γῆς

2137 2162 2512 2233 ἀναδιδόμενον
2536 2166 2765 2236 καρπὸν,
2792 2168 3134 2238 προσπεσὼν,
3162 2171 3347 2240 φησιν,
3377 2171 3544 2240 ᾔτησα
3564 2187 3677 2236 συγ-

2137 2253 2362 2323 γνώμην
2383 2254 2600 2325 δοθῆναι
2619 2260 2730 2320 τοῖς
2753 2260 3054 2328 πταίσμασι
3083 2264 3197 2324 τοῖς
3223 2260 3529 2331 ἡμετέροις,
3553 2261 3676 2330 ὁρῶν

2141 2344 2237 2412 μὲν
2269 2344 2376 2396 τῶν
2407 2345 2754 2416 ἀπολομένων
2787 2348 2846 2400 τὸ
2875 2348 3080 2418 πλῆθος
3099 2389 3113 2412 ,
3154 2351 3296 2419 ὁρῶν
3325 2351 3379 2403 δὲ
3412 2350 3514 2404 τῶν
3543 2367 3675 2418 περι-

2138 2432 2462 2501 λειφθέντων
2513 2435 2611 2505 τὴν
2657 2437 2943 2508 ὀλιγότητα
2971 2455 2984 2469 ·
3052 2441 3372 2496 ἀνέλπιστον
3415 2441 3469 2493 δὲ
3517 2441 3675 2493 λοιπὸν

2138 2523 2433 2594 ἡγούμενος
2473 2528 2568 2579 καὶ
2607 2527 2718 2580 τῶν
2767 2531 3150 2601 μεμενηκότων
3182 2531 3284 2604 τὴν
3327 2531 3600 2601 σωτηρίαν,
3634 2533 3674 2582 εἰ

2141 2613 2215 2683 μὴ
2238 2613 2368 2678 θεὸς
2395 2616 2550 2680 ἵλεως
2576 2623 2687 2682 τοῖς
2712 2620 3074 2692 ἁμαρτήμασι
3107 2622 3348 2691 γεγονὼς
3378 2626 3484 2686 τοῖς
3504 2623 3676 2692 ἡμετέ-

2141 2721 2274 2775 ροις,
2301 2706 2393 2758 ἐπὶ
2423 2706 2483 2758 τὸ
2515 2711 2758 2778 κρεῖττον
2803 2711 3098 2779 μεταϐάλοι
3135 2715 3202 2766 τά
3239 2715 3528 2784 πράγματα
3548 2728 3560 2741 ·
3590 2713 3673 2763 οὐκ

2137 2796 2352 2861 ἐδέξατο
2378 2797 2453 2858 δὲ,
2485 2799 2640 2868 φησὶ,
2670 2799 2766 2870 τὴν
2795 2801 2977 2872 δέησιν
3007 2803 3210 2874 ταύτην
3251 2806 3281 2857 6
3321 2803 3482 2868 Θεὸς,
3511 2800 3674 2870 ἐπειδὴ

2141 2885 2323 2956 μεῖζον
2359 2887 2584 2958 ἱλασμοῦ
2617 2890 2723 2943 τῶν
2763 2892 3189 2964 ἁμαρτηθέντων
3219 2896 3403 2957 αὐτοῖς
3434 2895 3600 2964 ἡγεῖτο
3625 2892 3674 2942 τὸ

2139 2976 2339 3046 πλῆθος
2359 2994 2372 3006 ⁹
2403 2980 2465 3031 οὐ
2498 2980 2602 3050 χρὴ
2629 2981 2685 3034 δὲ
2715 2981 3018 3052 θαυμάζειν
3045 2987 3094 3038 εί
3124 2983 3244 3039 εἷπε
3267 3029 3282 3052 ,
3323 3007 3340 3038 ι
3382 2986 3499 3054 Γὼγ
3530 2988 3556 3037 6
3593 2984 3673 3051 βα-

2067 3097 2107 3151 C
2143 3068 2338 3132 σιλεὺςν
2379 3088 2397 3120 ³
2441 3071 2627 3142 ἐπειδὴ
2667 3073 2762 3126 καὶ
2803 3074 3106 3146 Ἀσσυρίοις
3146 3079 3428 3147 πρότερον,
3468 3075 3673 3128 10.18a-

2143 3157 2418 3224 ϐυλωνίοις
2472 3164 2590 3231 μετ’
2634 3165 2826 3228 ἐκεῖνο,
2883 3166 3066 3219 πολλοὶ
3122 3169 3215 3221 καὶ
3269 3169 3377 3220 τῶν
3424 3164 3672 3218 Σκυθικῶν

2142 3248 2312 3302 ἐθνῶν
2341 3252 2706 3323 συνέπραττον
2735 3255 2815 3318 είς
2841 3256 2931 3311 τὸν
2958 3258 3190 3329 πόλεμον
3215 3276 3230 3290 ·
3257 3253 3437 3327 ὧνπερ
3462 3253 3548 3310 οὖν
3569 3254 3675 3308 ἐϐα-

2144 3337 2355 3393 σίλευεν
2380 3343 2408 3393 6
2435 3341 2575 3410 Γὼγ,
2603 3338 2772 3416 οὗπερ
2801 3347 3206 3416 ἐμνημόνευσεν
3234 3349 3331 3417 οὐχ
3355 3347 3428 3409 ὼς
3453 3345 3676 3415 ἄρχοντος

2141 3428 2235 3480 τοῦ
2280 3431 2514 3500 πολέμου
2557 3434 2677 3486 τότε
2700 3476 2713 3496 ,
2770 3436 2884 3488 ἀλλ’
2924 3436 3000 3500 ὡς
3050 3439 3164 3499 τοῖς
3212 3438 3437 3508 ἄρχουσι
3487 3448 3676 3502 συμμα·

2136 3518 2358 3588 χοῦντος
2378 3539 2390 3552 ·
2422 3523 2483 3574 οὐ
2513 3523 2620 3594 γὰρ
2663 3525 2855 3595 ἄδηλον
2892 3527 2975 3578 ὅτι
3007 3528 3101 3580 καὶ
3132 3529 3160 3580 6
3199 3526 3478 3600 Ἀσσύριος
3509 3523 3675 3594 πρότε-

2140 3627 2229 3679 ρον
2258 3612 2425 3666 ἐθνῶν
2454 3613 2660 3667 πολλῶν
2678 3615 2918 3686 ἐκράτει,
2945 3617 3018 3687 (p.
3051 3618 3172 3683 I93)
3194 3620 3290 3672 καὶ
3315 3618 3427 3688 μετ’
3450 3616 3637 3715 ἐκεῖνον
3653 3612 3675 3661 ὁ

2138 3700 2504 3768 Βαϐυλώνιος·
2540 3703 2632 3767 οὓς
2665 3705 2911 3769 ἅπαντας
2946 3707 3084 3778 μετά
3126 3709 3237 3762 τῶν
3264 3705 3543 3780 σατραπῶν
3580 3717 3672 3755 των

2141 3808 2156 3842 ι
2189 3793 2281 3846 καὶ
2310 3795 2680 3866 συμπράττειν
2721 3798 2917 3862 αὐτοὺς
2947 3799 3026 3869 τῷ
3060 3799 3308 3872 πολέμῳ.
3343 3795 3468 3854 Εἶτα
3489 3797 3632 3851 πάλιν

2208 3973 2356 4042 Στίχ.
2399 3971 2530 4025 δ’ρθ’.
2563 4002 2631 4012 -
2666 3991 2684 4022 ε
2722 3973 2905 4037 Οὕτως
2935 3974 3107 4040 ἕδειξέ
3141 3995 3232 4048 μοι
3267 3977 3464 4047 Κύριος
3492 3975 3518 4026 6
3541 3971 3672 4034 656;"

2138 4065 2228 4116 καὶ
2271 4065 2377 4117 ἰδοὺ
2426 4063 2683 4116 ἐκάλεσεν
2730 4065 2826 4136 τὴν
2871 4066 3027 4137 δίκην
3065 4068 3123 4120 ἐν
3159 4069 3294 4139 πυρὶ
3336 4068 3558 4137 Κύριος,
3595 4062 3674 4114 καὶ

2135 4153 2409 4222 κατέφαγε
2462 4153 2559 4222 τὴν
2608 4155 2841 4208 ἄϐυσσον
2891 4157 2990 4227 τὴν
3038 4158 3274 4229 πολλὴν,
3308 4159 3402 4212 καὶ
3433 4155 3674 4221 κατέφαγε

2135 4245 2234 4316 τὴν
2265 4246 2453 4315 μερίδα
2472 4261 2485 4275 °
2520 4247 2614 4299 καὶ
2642 4243 2814 4299 εἷπον·
2849 4249 3042 4319 Κύριε,
3069 4251 3308 4303 κόπασον
3339 4250 3401 4320 δή
3421 4266 3434 4279 ·
3458 4248 3534 4310 τίς
3563 4246 3672 4298 ἀνα-

2068 4373 2113 4431 D
2143 4337 2327 4400 στήσει
2359 4335 2448 4388 τὸν
2493 4336 2686 4390 Ἰακὼϐ
2719 4338 2800 4390 ὅτι
2842 4338 3116 4406 όλιγοστός
3149 4342 3298 4406 ἐστι;
3347 4338 3671 4431 μετανόησον,

2141 4425 2311 4496 Κύριε
2329 4466 2342 4489 ,
2369 4427 2460 4478 ἐπὶ
2481 4427 2676 4496 τούτῳ.
2698 4459 2766 4468 --
2797 4431 2906 4484 Καὶ
2935 4430 3092 4484 τοῦτο
3123 4432 3182 4484 οὐ
3205 4432 3280 4503 μὴ
3302 4433 3534 4501 γένηται,
3551 4427 3673 4492 λέγει

2137 4515 2341 4586 Κύριος
2373 4519 2400 4569 6
2430 4517 2580 4580 Θεός.
2624 4538 2641 4570 ι
2697 4519 3038 4590 Ἐθεασάμην
3067 4522 3194 4593 γὰρ,
3230 4524 3391 4592 φησι,
3426 4518 3572 4572 πάλιν
3599 4514 3675 4565 τὸν

2137 4607 2290 4670 Θεὸν,
2329 4609 2593 4662 καλοῦντα
2635 4610 2734 4678 τὴν
2767 4611 2923 4682 δίκην
2972 4613 3092 4666 καθ’
3142 4616 3208 4684 ἢν
3255 4615 3424 4669 ἅπασι
3462 4605 3674 4671 δικάζειν

2139 4698 2296 4751 εἴωθε
2331 4702 2439 4762 τοῖς
2470 4699 2794 4772 ἀνθρώποις,
2832 4703 2968 4772 μετά
2999 4705 3282 4776 ἀκριϐείας
3309 4722 3367 4757 τε
3397 4703 3486 4756 καὶ
3516 4696 3674 4764 ἐξετά-

2144 4806 2280 4847 σεως
2327 4790 2523 4860 πολλῆς
2566 4793 2636 4846 τὰ
2686 4794 2803 4846 κατ’
2856 4794 3052 4857 αὐτοὺς
3105 4798 3410 4864 οἰκονομεῖν
3461 4788 3669 4849 εἰωθώς·

2140 4880 2364 4933 ἐκάλεσε
2396 4882 2451 4933 δὲ
2475 4885 2533 4934 ἐν
2555 4884 2708 4955 πυρὶ,
2729 4885 2914 4956 ἐπειδὴ
2943 4887 3200 4957 τοιαύτης
3230 4886 3494 4958 τιμωρίας
3515 4884 3674 4952 ἡγεῖτο

2136 4972 2204 5025 τὰ
2239 4973 2632 5042 πεπραγμένα·
2663 4977 2754 5043 ἀφ’
2785 4969 2844 5028 οὗ
2880 4977 2964 5046 δὴ,
2994 4979 3149 5048 φησὶ,
3193 4979 3253 5031 τὸ
3287 4978 3394 5030 τῶν
3434 4970 3667 5045 Ἰσραηλμ

2135 5064 2246 5115 τῶν
2298 5063 2502 5132 πλῆθος
2555 5067 2773 5136 ἀϐύσσῳ
2829 5070 3123 5139 παρεοικὸς
3175 5065 3672 5161 καταναλισκόμενον

2140 5153 2284 5218 ἰδὼν,
2318 5153 2478 5207 πάλιν
2508 5156 2706 5226 ἐϐόησα
2734 5158 2986 5223 γενέσθαι
3014 5161 3133 5214 τινὰ
3164 5163 3387 5230 μείωσιν
3412 5157 3565 5211 αἰτῶν
3592 5169 3670 5204 του

2137 5244 2308 5300 κακοῦ
2331 5263 2344 5276 ’
2387 5247 2700 5316 ἀπεφήνατο
2723 5248 2776 5301 δὲ
2802 5249 3021 5302 ἔσεσθαι
3050 5251 3206 5305 τοῦτο
3233 5252 3380 5314 Θεός.
3421 5247 3565 5303 Ἀλλά
3593 5244 3670 5344 κξὶ

2135 5337 2325 5408 τρίτην
2368 5338 2707 5408 ἀποκάλυψιν
2747 5340 2927 5408 λέγει’
2973 5361 2992 5392 ι
3027 5342 3212 5406 Οῦτως
3251 5341 3416 5408 ἔδειξὲ
3458 5355 3539 5408 μοι

2139 5447 2282 5499 ριος·
2314 5429 2408 5482 καὶ
2440 5430 2547 5483 ἰδοὺ
2579 5431 2715 5500 ἀνὴρ
2754 5432 2998 5501 έστηκὼς
3043 5434 3137 5486 ἐπὶ
3169 5429 3668 5530 τείχους-ἀδαμαντιῖ

2139 5537 2229 5570 νου
2251 5537 2262 5548 ’
2291 5521 2382 5572 καὶ
2409 5521 2467 5572 ἐν
2490 5523 2555 5590 τῇ
2587 5523 2725 5590 χειρὶ
2752 5522 2916 5574 αὑτοῦ
2946 5524 3160 5592 ἀδάμας
3183 5542 3194 5552 ·
3227 5525 3320 5576 καί
3349 5521 3465 5574 εἷπε
3493 5520 3665 5582 Κύριος

2142 5610 2273 5678 πρός
2312 5627 2407 5679 με·
2430 5611 2492 5662 Τί
2518 5612 2578 5663 σὺ
2606 5614 2733 5680 ὁρᾷς
2754 5655 2766 5676 ,
2796 5613 2987 5683 Αμώς;
3024 5615 3130 5667 Καὶ
3161 5611 3316 5667 εἶπα·
3375 5609 3664 5678 Ἀδάμαντα-
