3828 6216
480 223 581 277 9M
1676 210 2029 270 THEODORI
2058 208 2411 267 MOPSUES‘I
2424 205 2535 263 ENI
3588 206 3688 259 292

480 336 649 403 dens,
680 351 700 386 ι
732 348 853 405 pro,
886 347 922 389 o
949 333 1047 404 qui
1076 332 1193 388 lucc
1231 330 1476 397 nuntias,
1509 328 1599 384 abi
1620 328 1749 385 hinc
1777 330 1832 383 in
1856 336 2057 383 terram

2167 326 2464 397 προφήτας,
2496 323 2571 386 ὡς
2599 320 2907 392 ἐξαιρέτους
2941 320 3091 384 τινάς
3112 318 3262 390 δψεις
3290 321 3403 374 κατ’
3435 319 3690 388 ἐνέργειαν

480 424 661 489 Judae.
711 441 819 496 qua
853 434 1005 481 certe
1058 426 1112 479 in
1146 425 1369 494 regione
1413 422 1747 478 constabunt
1784 421 1882 476 tibi
1930 435 2053 491 qua:

2167 415 2303 466 θείαν
2345 413 2411 466 δι’
2450 410 2843 481 ἀποκαλύψεως
2873 409 3113 480 ὁρῶντας
3167 408 3330 479 (καθά
3371 408 3459 460 καὶ
3498 408 3553 460 ἐν
3586 411 3690 468 ταῖς

482 515 629 570 dicis
657 531 673 568 :
698 514 860 569 modo
904 514 974 569 ab
1007 514 1094 569 his
1144 514 1282 569 Iocis
1322 512 1581 573 absistas,
1616 510 1709 565 ubi
1754 509 1938 564 omnia
1977 509 2045 563 ad

2167 503 2462 567 Βασιλείαις
2503 502 2692 572 φησὶν,
2726 502 2807 554 ὅτι
2840 501 2931 553 τὸν
2976 501 3260 571 προφήτην
3297 498 3473 552 ἐκάλει
3500 500 3527 550 6
3558 497 3691 560 λαὸς,

485 605 766 661 Israelitici
808 605 960 676 regni
1003 604 1096 675 jus
1144 604 1450 675 pertinent;
1492 617 1669 671 neque
1702 601 1800 658 tibi
1837 601 1918 657 las
1961 609 2048 656 est

2167 614 2179 647 ι
2207 594 2511 666 ἔμπροσθεν
2530 596 2560 647 6
2583 593 2794 663 βλέπων
2818 592 2886 662 ι),
2909 590 3206 663 εἰρωνικῶς
3224 586 3341 643 εἷπε
3367 589 3441 652 τὸ,
3473 608 3489 639 ι
3511 588 3686 657 όρῶνυ

486 696 696 751 homini
729 696 798 752 de
839 697 985 751 tribu
1025 695 1179 752 Iudae
1216 695 1308 750 hic
1344 694 1634 755 diversari.
1680 703 1735 749 et
1772 708 1869 764 pro
1900 693 2054 748 libito

2167 688 2275 742 ὶντὶ
2296 686 2413 750 τοῦ,
2432 688 2461 739 6
2481 683 2653 739 ταῦτα
2672 682 3154 754 ἐπαγγελλόμενος.
3180 681 3364 734 Ἄπιθι
3390 681 3451 751 δὴ
3470 679 3695 732 ἐντεῦθεν

487 787 662 857 loqui,
692 794 1052 856 nostrumque
1089 800 1313 857 regnum
1349 783 1699 839 conturbare.

2153 781 2233 843 είς
2258 780 2356 850 τὴν
2389 778 2557 832 Ἰούδα
2592 779 2724 846 γῆν,
2766 777 2824 828 ἐν
2856 769 2977 848 ᾖδὴ
3008 769 3163 843 χώρᾳ
3190 768 3298 834 ἔξει
3327 787 3407 823 σοι
3428 767 3591 822 ταῦτα
3616 768 3696 819 λε-

484 877 723 946 τόμεναο
773 875 881 929 τῶν
921 876 977 929 δὲ
1024 876 1253 930 ἐνταῦθα
1295 875 1475 929 τόπων
1510 874 1748 943 ἀπόσχου
1767 913 1782 939 ,
1811 870 1997 942 ἐπειδὴ
2025 872 2326 943 ἀφώρισται
2355 870 2534 924 πάντα
2558 868 2627 921 τά
2649 866 2834 921 ἐνθάδε
2850 868 2918 936 τῇ
2946 863 3040 917 τοῦ
3086 859 3300 932 Ἰσραὴλ
3323 859 3578 930 βασιλείᾳ·
3613 857 3697 911 καὶ

485 972 546 1023 οὐ
575 970 794 1041 θεμιτόν
831 988 913 1023 σοι
946 973 1010 1024 ἐκ
1033 970 1131 1041 τῆς
1168 969 1335 1024 Ἰούδα
1361 968 1532 1040 φυλῆς
1559 968 1673 1021 ὄντι
1701 965 1934 1021 ἐνταῦθα
1970 964 2222 1037 παρεῖναί
2259 982 2318 1018 τε
2358 964 2452 1017 καὶ
2491 962 2669 1031 λέγειν
2701 960 2770 1014 τὰ
2807 958 3096 1023 δοκοῦντα,
3126 955 3496 1024 διαταράττειν
3525 968 3582 1004 τε
3607 951 3698 1020 τὴν

487 1065 761 1135 βασιλείαν
799 1064 939 1118 οὕτω
972 1064 1069 1136 τὴν
1102 1064 1229 1137 παρ’
1266 1065 1415 1134 ήμῖν.

563 1155 730 1211 Vens.
807 1154 986 1210 M-l'l.
1036 1148 1240 1208 —'Ad
1293 1168 1412 1223 qua
1456 1151 1718 1223 propheta
1780 1167 1879 1223 pro
1918 1149 2059 1205 facta

487 1245 591 1299 sibi
643 1244 826 1300 divina
880 1245 1213 1300 revelatione
1271 1243 1553 1314 respondit
1592 1261 1606 1298 :
1646 1262 1665 1294 ι
1712 1241 1898 1311 Neque
1944 1255 2061 1311 pro-

490 1336 652 1404 pheta
701 1352 873 1403 eram,
919 1351 1096 1407 neque
1142 1334 1421 1405 propheta:
1476 1333 1642 1389 ﬁlius.
1697 1352 1717 1386 ι
1765 1332 1921 1387 Haud
1961 1348 2062 1403 ego

489 1429 644 1498 quasi
682 1435 860 1483 artem
888 1426 1181 1498 quamdam
1221 1442 1340 1482 eam
1387 1441 1501 1480 rem
1540 1425 1730 1491 didici,
1764 1440 1865 1480 nec
1896 1424 2062 1479 veluti

490 1514 860 1569 lueratitatem
910 1528 941 1567 a
984 1521 1143 1583 patre
1189 1513 1372 1583 accepi
1416 1530 1431 1566 :
1475 1526 1601 1565 nam
1629 1510 1828 1565 divinae
1872 1510 2059 1581 gratia:

489 1606 594 1659 hoc
642 1605 918 1675 negotium
968 1611 1074 1670 est,
1103 1609 1159 1659 et
1205 1604 1271 1658 iis
1314 1618 1454 1673 quos
1499 1601 1642 1658 Deus
1676 1602 1908 1656 voluerit
1934 1616 2060 1655 con-

2229 1146 2377 1216 Στίχ.
2418 1142 2602 1207 ιδ¹οιζ⁹.
2627 1171 2697 1185 -
2722 1140 2862 1212 Πρὸς
2889 1138 2924 1192 ἀ
2953 1138 3019 1206 δὴ
3043 1137 3071 1189 6
3099 1136 3380 1207 προφήτης
3410 1132 3544 1186 κατά
3564 1132 3699 1186 θείαν

2156 1233 2498 1303 ἀποκάλυψιν
2555 1230 2889 1300 ἀπεκρίνατο
2932 1227 3139 1279 ταῦτα·
3190 1243 3208 1276 ι
3248 1223 3385 1276 Οὔτε
3438 1226 3699 1294 προφήτης

2158 1330 2328 1400 ήμην,
2381 1324 2505 1379 οὕτε
2554 1323 2833 1393 προφήτου
2868 1319 3001 1381 υἱός.
3041 1337 3059 1368 ι
3086 1315 3223 1369 υῦτε
3274 1314 3380 1385 γὰρ
3413 1314 3486 1377 ὡς
3522 1314 3700 1383 τέχνην

2158 1419 2283 1474 τινὰ
2314 1416 2610 1489 μεμάθηκα
2641 1412 2865 1481 ταύτην,
2894 1409 3006 1464 οὔθ’
3032 1408 3109 1468 ὡς
3146 1404 3504 1478 κληρονομίαν
3533 1404 3700 1467 ἐδεξά-

2166 1528 2275 1584 μην
2329 1509 2487 1563 τοῦτο
2532 1505 2681 1578 παρά
2720 1503 2815 1557 τοῦ
2853 1501 3092 1572 πατρός·
3136 1499 3323 1584 ἐπειδὴ
3362 1497 3576 1569 χάριτός
3598 1498 3700 1549 ἐστι

2161 1583 2222 1650 τὸ
2265 1596 2425 1667 ἔργον
2467 1594 2636 1657 θείας,
2665 1594 2761 1647 καὶ¹
2805 1589 3153 1661 προσγίνεται
3179 1583 3261 1651 οἷς
3299 1588 3364 1641 ἀν
3388 1586 3513 1640 αὐτὸ
3550 1602 3702 1657 προσ-

492 1695 674 1765 tingit.
709 1712 729 1747 ι
769 1694 931 1748 Eram
968 1702 1154 1748 autem
1192 1695 1476 1764 caprarius
1527 1708 1649 1763 ego,
1685 1700 1740 1747 et
1781 1692 2058 1763 sycamina

2167 1692 2296 1744 εἶναι
2362 1686 2614 1757 βούληται
2658 1683 2809 1746 Θεός.
2844 1701 2865 1734 ι
2908 1682 3093 1752 Ἤμην
3132 1680 3191 1734 δὲ
3218 1679 3434 1741 αἰπόλος
3477 1676 3583 1745 ἐγὼ
3618 1676 3702 1729 καὶ

497 1784 777 1838 vellicans.
819 1802 839 1837 ι
867 1781 923 1837 Id
944 1793 1029 1838 est
1056 1782 1347 1853 pascendis
1374 1783 1554 1851 capris
1575 1791 1896 1850 occupatus,
1928 1796 2060 1835 nec-

499 1888 609 1926 non
662 1881 865 1927 tcrram
917 1887 1020 1942 pro
1064 1871 1323 1926 facultate
1369 1873 1575 1926 colens.
1627 1869 1916 1942 Sycamina
1963 1886 2061 1940 pro

498 1963 705 2017 licubus
754 1963 907 2029 dicit,
963 1964 1106 2018 sicut
1134 1963 1295 2019 etiam
1319 1962 1511 2018 beatus
1543 1962 1709 2017 David
1740 1981 1754 2016 :
1802 1983 1821 2015 ι
1847 1961 2062 2017 Occidit

494 2053 756 2121 grandine
788 2055 949 2109 vitem
1001 2069 1213 2118 eorum,
1258 2054 1419 2125 130
1447 2061 1502 2108 et
1543 2054 1853 2125 sycaminos
1872 2070 2060 2109 eorum

494 2145 689 2212 pruina
710 2143 817 2196 ".o
860 2143 1015 2198 Patet
1038 2152 1242 2210 autem,
1260 2160 1383 2199 cum
1401 2143 1600 2198 vitibus
1624 2159 1732 2197 non
1754 2144 2056 2215 sycamina,

493 2233 593 2289 sed
642 2234 776 2290 ﬁcus
822 2235 1067 2306 periisse,
1114 2236 1183 2290 ab
1231 2250 1298 2289 eo
1355 2234 1486 2290 dici.
1546 2232 1883 2289 Vocabulum
1932 2235 2059 2289 item

502 2345 521 2377 ι
558 2326 816 2382 vellicans
860 2343 881 2378 ι
924 2342 1025 2398 pro
1073 2328 1312 2382 sarriens
1339 2326 1475 2381 dicit
1503 2332 1558 2380 et
1585 2340 1751 2395 Opera
1784 2326 2059 2380 excoleus.

499 2415 682 2471 Voluit
728 2426 906 2472 autem
940 2417 1256 2488 particulari
1307 2416 1411 2471 bac
1456 2416 1864 2487 sycaminurum
1918 2432 2064 2471 men-

497 2509 643 2561 tione
667 2507 848 2562 dicere
880 2523 941 2563 se
972 2508 1260 2578 pascendis
1299 2508 1483 2577 capris
1516 2516 1571 2562 et
1608 2507 1809 2562 ovibus
1832 2514 1889 2561 et
1926 2507 2066 2577 agri-

497 2598 724 2651 culturae
751 2596 993 2651 deditum
1029 2611 1246 2668 semper
1278 2596 1471 2653 fuisse.
1508 2595 1895 2653 Verumtamen
1917 2596 2063 2654 Deus

500 2703 585 2741 me
617 2687 686 2741 ab
722 2687 936 2751 ovibus,
992 2687 1189 2757 inquit,
1241 2688 1576 2742 abstractum
1623 2686 1791 2759 (unde
1823 2696 2061 2753 constat,

496 2792 622 2828 cum
674 2775 875 2845 pariter
921 2791 1114 2847 capras
1158 2791 1399 2846 ovesque
1448 2777 1687 2848 pavisse)
1737 2778 2065 2848 prophetare

491 2865 681 2935 jussit,
713 2874 766 2919 et
812 2867 1066 2923 omnibus
1105 2867 1435 2938 signiﬁcare,
1486 2883 1608 2939 qua:
1658 2869 1858 2939 populo
1895 2868 2067 2923 immi-

498 2964 663 3011 neant
713 2971 745 3009 a
802 2954 912 3011 Deo
960 2975 973 3011 :
1027 2973 1146 3029 qua:
1204 2959 1422 3029 quidem
1493 2975 1602 3013 non
1656 2973 1899 3013 mearum
1946 2968 2064 3015 erat

2164 1783 2438 1851 συκάμινα
2465 1778 2664 1842 κνίζων
2690 1793 2701 1806 ·
2744 1794 2763 1828 ι
2797 1775 2886 1828 ἴνα
2946 1773 3076 1844 εἴπῃ
3106 1772 3235 1843 περὶ
3262 1771 3432 1841 νομήν
3459 1786 3516 1821 τε
3548 1768 3703 1835 αίγίῖιν

2161 1871 2577 1942 ἀσχολούμενος,
2636 1868 2730 1922 καὶ
2752 1866 2817 1937 δὴ
2847 1867 2942 1919 καὶ
2984 1865 3126 1918 κατά
3160 1863 3221 1916 τὸ
3251 1861 3591 1931 ἐνδεχόμενον
3618 1858 3703 1927 τὴν

2161 1965 2263 2032 γῆν
2279 1961 2537 2034 γεωργῶν
2555 1975 2570 1991 ⁶
2595 1959 2865 2028 συκάμινα
2883 1956 2981 2027 μὲν
2991 1956 3097 2026 γάρ
3111 1953 3230 2008 ἀντὶ
3259 1952 3352 2005 τοῦ
3385 1951 3520 2004 σῦκα
3542 1950 3702 2017 λέγει·

2162 2052 2343 2116 καθὼς
2373 2053 2465 2104 καὶ
2493 2052 2524 2103 6
2567 2049 2832 2120 μακάριος
2884 2045 3045 2099 Δαυῒδ
3092 2058 3288 2114 φησιν·
3325 2060 3342 2093 ι
3386 2041 3703 2094 ’Λπέκτεινεν

2162 2142 2220 2194 ἐν
2245 2140 2452 2211 χαλάζῃ
2502 2139 2600 2210 τὴν
2642 2137 2882 2208 ἄμπελον
2916 2134 3119 2196 αὐτῶν,
3145 2133 3242 2186 καὶ
3267 2130 3370 2194 τὰς
3398 2128 3701 2198 συκαμίνους

2162 2232 2339 2286 αὐτῶν
2360 2234 2416 2284 ὲν
2439 2232 2503 2301 τῇ
2526 2228 2734 2299 πάχνῃο
2762 2245 2781 2279 ι
2832 2224 2908 2296 (p.
2944 2223 3067 2285 197)
3105 2220 3325 2291 εὔδηλον
3353 2218 3458 2289 γάρ
3483 2218 3559 2270 ὅτι
3585 2214 3702 2284 μετὰ

2160 2325 2270 2379 τῶν
2296 2322 2555 2394 ἀμπέλων
2603 2320 2666 2373 οὐ
2722 2317 2998 2386 συκάμινα
3030 2312 3164 2367 ἀλλά
3207 2312 3380 2373 συκᾶς
3398 2306 3702 2362 ἀπολωλέναι

2162 2414 2350 2485 ἐδήλου
2366 2430 2378 2444 ο
2402 2412 2464 2465 τὸ
2477 2411 2554 2477 δὲ,
2577 2429 2597 2461 ι
2632 2407 2850 2473 κνίζων,
2872 2426 2890 2458 ι
2917 2405 3038 2459 ἀντὶ⁵
3063 2403 3154 2457 τοῦ
3182 2400 3552 2474 περισκάλλων
3575 2398 3703 2464 λέγει

2164 2504 2258 2557 καὶ
2274 2500 2558 2574 γεωργῶν·
2591 2496 2863 2568 ήϐουλήθη
2892 2494 2949 2548 δὲ
2982 2496 3045 2546 ἐκ
3075 2492 3272 2563 μέρους
3290 2489 3397 2543 τῶν
3423 2485 3703 2555 συκαμίνων

2164 2598 2358 2659 εἰπεῖν,
2392 2594 2473 2646 ὅτι
2501 2589 2592 2661 Τῷ
2612 2590 2797 2659 νέμειν
2829 2583 2988 2655 αἶγας
3015 2585 3107 2638 καὶ
3152 2583 3421 2652 γεωργεῖν
3450 2577 3703 2649 προσανεῖ-

2163 2703 2255 2756 χον
2284 2684 2390 2737 ἀεί.
2438 2680 2598 2734 ’Λλλά
2628 2696 2694 2750 με
2726 2676 2835 2731 τῶν
2863 2675 3167 2747 προϐάτων,
3193 2673 3382 2741 φησὶν,
3408 2667 3701 2756 ἀποσπάσας

2163 2754 2341 2837 sese;
2372 2772 2465 2841 (ὡς
2491 2770 2644 2841 δῆλον
2664 2764 2800 2821 εῖναι
2826 2767 2907 2820 ὃτι
2948 2764 3027 2827 τδ,
3057 2781 3075 2815 ι
3115 2762 3360 2825 αἰπόλος,
3394 2778 3412 2811 ι
3452 2754 3610 2819 εἶπεν,
3640 2756 3702 2817 ὡς

2165 2868 2231 2920 ἂν
2254 2863 2394 2919 κατά
2414 2862 2606 2915 ταυτὸν
2643 2860 2735 2913 καὶ
2757 2853 2915 2926 αἶγας
2939 2856 3033 2909 καὶ
3069 2854 3321 2926 πρόϐατα
3346 2851 3562 2921 νέμων),
3586 2863 3699 2915 προ·

2167 2954 2420 3024 φήτεύειν
2472 2950 2722 3005 ἐκέλευσε
2770 2948 2862 3001 καὶ
2911 2945 3136 3016 μηνύειν
3168 2942 3343 2996 ἅπασι
3378 2940 3448 2993 τὰ
3473 2938 3591 3007 περὶ
3626 2935 3702 2987 τὸν

501 3048 697 3100 virium
734 3056 794 3102 ut
838 3027 1057 3113 scirem,
1095 3049 1188 3104 sed
1223 3027 1406 3104 solius
1448 3048 1696 3104 docentis
1728 3047 1845 3112 Dei,
1874 3048 1946 3103 ob
1970 3049 2062 3104 dc-

2169 3046 2295 3100 λαὸν
2320 3044 2550 3115 ἐσόμενα
2583 3043 2710 3111 παρ’
2737 3038 2899 3092 αὑτοῦ
2921 3054 2934 3068 ο
2969 3036 3112 3106 ἆπερ
3135 3036 3234 3087 οὐκ
3262 3034 3397 3105 ἐμὸν
3424 3028 3488 3103 ἦν
3513 3027 3701 3086 εἰδέναι,

500 3138 910 3192 monstrandum
957 3141 1302 3195 oraculorum
1350 3141 1657 3195 veritatem.
1714 3139 1871 3195 Nunc
1914 3140 2061 3206 audi,

498 3243 620 3296 qum
655 3228 720 3281 ad
769 3237 823 3285 te
871 3231 1134 3298 attinent;
1170 3240 1226 3285 tu
1262 3231 1482 3301 quidem
1516 3231 1649 3285 mihi
1693 3231 1921 3286 mandas
1948 3240 2005 3285 ut
2034 3248 2065 3284 a

500 3318 875 3387 prophelando
914 3320 998 3375 bis
1030 3321 1083 3374 in
1118 3321 1253 3376 locis
1285 3322 1614 3386 abstineam,
1652 3335 1721 3375 ne
1752 3322 1961 3391 plebem
1996 3320 2064 3375 ad

498 3409 599 3464 has
627 3408 923 3465 audiendas
946 3411 1225 3468 doctrinas
1264 3428 1608 3485 congregem.
1646 3413 1752 3468 Sed
1792 3413 1939 3469 scias
1974 3430 2065 3467 ve—

500 3501 614 3565 lim,
645 3510 839 3556 cuncta
874 3516 906 3558 a
953 3519 1039 3559 me
1082 3503 1227 3558 dicta
1271 3505 1477 3558 exitum
1526 3504 1801 3559 habitura.
1834 3503 2067 3559 Venit-nt

494 3582 707 3655 hostes,
737 3592 828 3663 qui
857 3604 1050 3663 praeter
1084 3595 1256 3647 multa
1296 3596 1402 3649 alia
1436 3610 1556 3665 qua:
1586 3597 1883 3667 patrabunt
1901 3599 2065 3660 mala,

502 3692 591 3736 tua
614 3698 831 3755 quoque
864 3684 1157 3741 abuteutur
1184 3702 1355 3741 uxore
1402 3687 1456 3741 in
1486 3686 1664 3742 media
1700 3687 1858 3752 urbe,
1905 3687 2066 3742 inho-

501 3782 654 3827 neste
702 3790 822 3828 eam
864 3776 1134 3830 violantes
1179 3794 1192 3828 :
1237 3777 1349 3830 nati
1403 3780 1479 3831 tui
1528 3778 1849 3833 occidentur
1879 3792 2069 3833 omnes

498 3876 624 3915 cum
666 3861 786 3917 aliis
814 3863 907 3933 qui
964 3864 1080 3918 loca
1123 3865 1229 3919 ista
1283 3869 1590 3934 possessuri
1624 3874 1775 3922 sunt.
1815 3886 1834 3919 ‹
1875 3865 2069 3937 Tuque

501 3951 555 4004 in
595 3961 740 4007 terra
787 3952 1064 4008 immunda
1108 3956 1382 4011 morieris.
1445 3975 1464 4008 ι
1521 3955 1602 4010 Tu
1655 3957 1770 4026 ipse
1813 3957 2067 4012 morieris

501 4041 644 4110 apud
672 4050 962 4099 extraneos
1000 4045 1251 4101 homines
1292 4055 1347 4101 et
1396 4047 1660 4103 scelestos
1702 4048 1779 4118 (id
1806 4048 1949 4103 enim
1983 4063 2071 4102 va-

505 4134 612 4185 lent
639 4132 825 4197 verba,
871 4135 927 4187 in
972 4142 1116 4189 terra
1151 4136 1476 4205 immunda),
1513 4138 1580 4191 ad
1621 4154 1760 4208 quos
1784 4154 1906 4193 cum
1942 4140 2070 4194 reli-

502 4223 625 4291 quis
652 4223 905 4280 omuibus
946 4226 1194 4295 captivus
1220 4226 1459 4282 duceris.
1507 4226 1604 4283 His
1639 4228 1826 4293 dictis,
1856 4230 2069 4284 revela-

501 4319 703 4370 tmnem
731 4331 946 4387 quoque
967 4317 1053 4372 his
1078 4319 1145 4372 de
1169 4318 1328 4373 rebus
1354 4329 1631 4387 acceptam
1659 4319 1965 4391 subiungit.

2163 3138 2300 3191 ἀλλὰ
2352 3135 2445 3190 τοῦ
2485 3133 2824 3193 διδάσκοντος
2874 3129 3035 3199 μόνου
3066 3125 3221 3188 Θεοῦ,
3252 3127 3337 3187 εἰς
3370 3140 3433 3192 γε
3466 3117 3703 3181 ἀπόδειξιν

2164 3232 2260 3302 τῆς
2278 3229 2385 3281 τῶν
2409 3224 2712 3298 εἰρημένων
2741 3220 3017 3290 ἀληθείας.
3040 3219 3235 3270 Ἄκουε
3255 3216 3324 3286 δὴ
3346 3216 3412 3269 τὰ
3445 3212 3563 3279 περὶ
3590 3226 3702 3262 σαυ-

2164 3321 2286 3376 τοῦο
2318 3318 2479 3380 αὐτὸς
2505 3316 2600 3386 μὲν
2629 3313 2737 3384 γάρ
2769 3328 2859 3383 μοι
2888 3308 3128 3370 κελεύεις
3165 3306 3471 3373 ἀποστῆναι
3493 3302 3703 3371 1:061:90-

2166 3410 2418 3482 φητεύειν
2445 3404 2697 3464 ἐνταῦθα,
2718 3402 2793 3465 ὡς
2823 3401 2888 3455 ἂν
2911 3401 2985 3471 μὴ
3012 3398 3210 3469 δήμους
3233 3398 3330 3449 ἐπὶ
3360 3396 3456 3465 τήν
3475 3393 3705 3463 ἀκρόασιν

2164 3502 2274 3554 τῶν
2299 3498 2551 3554 τοιούτων
2584 3493 2895 3562 συλλέγοιμι
2920 3486 3445 3544 διδασκαλιῶν.Ἴσθι
3476 3485 3530 3537 δὲ
3556 3484 3705 3535 πάντα

2164 3589 2505 3661 γενησόμενα
2558 3584 2628 3638 τὰ
2681 3583 2910 3655 ρηθέντα
2961 3581 3090 3651 παρ’
3145 3579 3317 3649 ἐμοῦ·
3362 3575 3703 3630 ἐπελεύσονται

2165 3680 2274 3750 γὰρ
2300 3680 2349 3731 οἱ
2373 3676 2644 3745 πολέμιοι,
2670 3672 2719 3726 οἲ
2749 3671 2885 3743 πρὸς
2907 3670 3119 3731 πολλοῖς
3137 3669 3346 3739 ἑτέροις
3364 3662 3442 3731 οἷς
3456 3666 3704 3734 ποιήσουσι

2167 3772 2376 3834 κακοῖς,
2401 3768 2495 3821 καὶ
2521 3769 2586 3836 τῇ
2624 3766 2689 3835 σῇ
2747 3761 2965 3831 γυναικὶ
2994 3762 3291 3831 χρήσονται
3327 3759 3466 3831 μέσῃ
3498 3759 3559 3826 τῇ
3580 3753 3706 3806 πόλει

2166 3862 2374 3931 ἀτίμως
2400 3857 2770 3928 ἐξυϐρίζοντες
2799 3856 2876 3916 εἰς
2899 3852 3067 3923 αὐτήν
3091 3866 3104 3879 '
3130 3852 3177 3903 οί
3203 3851 3272 3902 ἐκ
3305 3849 3397 3903 σοῦ
3433 3864 3491 3900 τε
3521 3843 3705 3911 σφαγή·

2169 3969 2350 4006 σονται
2378 3950 2575 4011 πάντες
2613 3948 2709 4002 σὺν
2755 3945 2967 4007 πολλοῖς
3021 3941 3249 4013 ἑτέροις,
3291 3942 3325 4010 ή
3364 3935 3623 4009 προσοῦσά
3657 3932 3706 3983 ’.ἐ

2168 4065 2251 4101 σοι
2278 4046 2350 4116 γῆ
2374 4046 2430 4099 ἐν
2449 4043 2632 4115 μέτρῳ
2652 4039 3085 4112 παραδοθήσεται
3112 4035 3323 4105 ἑτέροις
3354 4036 3465 4095 τοῖς
3486 4029 3705 4102 μέλλουσι

2165 4139 2234 4191 τὰ
2266 4136 2449 4191 ἐνθάδε
2488 4134 2756 4203 κατέχειν.
2786 4149 2804 4181 ι
2837 4128 2947 4183 Καὶ
2978 4130 3041 4181 σὺ
3063 4128 3121 4181 ὲν
3140 4128 3210 4197 γῇ
3236 4125 3527 4195 ἀκαθάρτῳ
3548 4119 3705 4173 τελευ-

2167 4232 2370 4301 τήσεις.
2399 4246 2416 4278 ι
2450 4224 2805 4293 Τελευτήσεις
2827 4220 2885 4274 δὲ
2936 4217 3095 4281 αὐτὸς
3124 4215 3251 4288 παρ’
3302 4211 3601 4301 ἀλλοφύλοις
3621 4208 3704 4301 Διιιν-

2172 4297 2410 4389 θρώποις
2470 4317 2546 4385 (p.
2582 4311 2704 4382 I98)
2738 4308 2831 4363 καὶ
2876 4306 3213 4378 παρανόμοις
3245 4304 3428 4373 (τοῦτο
3460 4298 3558 4369 γὰρ
3581 4297 3705 4363 λέγει

505 4404 827 4477 «ἀκαθάρτῳ
851 4407 924 4480 ⁸).
942 4411 1020 4473 εἰς
1049 4408 1141 4472 οὓς
1177 4410 1316 4480 μετά
1340 4410 1447 4465 τῶν
1471 4412 1671 4468 λοιπῶν
1698 4390 2039 4484 αἰχμάλωτος
2060 4412 2351 4484 άπαχθήσῃ
2379 4410 2593 4465 πάντων
2612 4423 2626 4438 ’
2644 4403 2815 4459 ταῦτα
2843 4401 3096 4476 εἰρηκὼς,
3129 4398 3227 4470 τὴν
3252 4398 3347 4451 ἐπὶ
3374 4396 3567 4459 τούτοις
3583 4390 3705 4459 αὑτῴ

497 4497 795 4567 δειχθεῖσαν
830 4499 1165 4570 ἀποκάλυψιν
1191 4501 1403 4569 ἐπάγει.

1110 4591 1266 4645 CAP.
1308 4590 1444 4647 VIII.

568 4678 732 4737 Vens.
770 4682 887 4737 1-5.
920 4712 991 4723 -
1023 4701 1043 4735 ι
1090 4682 1339 4740 Ostendit
1386 4685 1531 4741 enim
1580 4686 1712 4741 mihi
1755 4684 2062 4742 Dominus:

495 4780 551 4828 et
575 4789 701 4829 ecce
735 4789 832 4830 vas
863 4776 1113 4845 aucupis.
1154 4774 1219 4830 Et
1260 4775 1397 4831 dixit
1443 4778 1705 4833 Dominus
1733 4778 1864 4831 mihi
1896 4797 1909 4832 :
1936 4777 2064 4847 quid

498 4872 556 4917 tu
588 4864 761 4927 vides,
795 4865 1001 4920 Amos?
1034 4864 1098 4920 Et
1120 4865 1233 4921 dixi
1271 4866 1420 4923 :Vas
1453 4869 1701 4940 aucupis.
1741 4887 1761 4921 ι
1790 4867 1910 4922 Jam
1940 4884 2068 4924 vero

499 4956 841 5026 signiﬁcabat
884 4957 1046 5019 visio,
1080 4955 1196 5011 l'ore
1236 4966 1296 5011 ut
1334 4960 1511 5015 instar
1550 4961 1668 5015 avis
1702 4961 1923 5027 aucupii
1952 4969 2070 5015 arte

496 5056 687 5115 captaa,
713 5046 1004 5100 universus
1033 5045 1200 5102 Israel
1246 5052 1679 5120 comprehensus
1706 5058 1869 5121 atque
1897 5052 2069 5121 capti-

500 5150 599 5188 vus
628 5135 1009 5197 abduceretur,
1033 5137 1166 5204 quin
1213 5138 1410 5208 aliquis
1432 5156 1555 5195 eum
1589 5142 1658 5196 de
1690 5157 1850 5195 manu
1880 5149 2069 5196 tenen-

498 5226 635 5279 tium
671 5225 845 5295 possit
871 5225 1114 5294 eripere;
1148 5229 1293 5297 quod
1337 5232 1382 5285 si
1417 5242 1612 5302 captus
1654 5248 1685 5287 a
1739 5234 1891 5303 131
1917 5233 2069 5287 visco

500 5330 689 5385 passer
735 5313 997 5384 aufugere
1044 5315 1155 5383 jam
1206 5333 1314 5372 non
1364 5322 1583 5389 poterit,
1644 5322 1718 5376 ita
1760 5338 1883 5377 cum
1920 5323 2070 5376 visco

499 5407 731 5462 validior
768 5406 840 5462 sit
875 5406 1306 5476 aggredientium
1342 5413 1607 5479 potentia,
1642 5413 2070 5485 comprehendet

573 5589 619 5620 ⁸⁷
660 5588 800 5643 I‘sal.
847 5605 1056 5654 Lxxvn,
1092 5591 1178 5643 47.

2821 4579 2978 4632 ΚΕΦ.
3008 4575 3090 4630 H'.

2235 4678 2381 4747 Στίχ.
2417 4681 2565 4743 α’-γ’.
2604 4703 2673 4714 ——
2708 4692 2726 4723 ι
2762 4670 2968 4733 Ἔδειξε
3004 4667 3113 4739 γάρ
3155 4684 3267 4738 μοι,
3316 4666 3466 4735 φησὶ,
3497 4661 3705 4730 Κύριος·

2165 4770 2258 4825 καὶ
2292 4769 2399 4823 ἰδοὺ
2435 4768 2601 4834 ἄγγος
2638 4760 2841 4827 ἱξευτοῦ
2865 4778 2877 4791 ³
2924 4762 3015 4813 καὶ
3044 4758 3164 4811 εἶπε
3213 4757 3417 4829 Κύριος
3462 4754 3588 4824 πρός
3617 4764 3704 4819 με’

2166 4862 2230 4914 Τί
2265 4861 2330 4913 σὺ
2360 4858 2594 4929 βλέπεις,
2639 4851 2856 4923 Ἀμὼς;
2895 4852 3001 4904 Καὶ
3017 4846 3197 4902 εἷπονο
3226 4851 3427 4916 Ἀγγος
3459 4840 3663 4911 ίξευτοῦ.
3687 4857 3701 4886 ι

2178 4953 2398 5023 Ἐδήλου
2423 4950 2528 5019 δέή
2556 4947 2679 5017 ὄψις
2694 4947 2775 4999 ὃτι
2803 4944 2955 5013 δίκην
2981 4941 3167 5013 ὀρνέου
3196 4940 3403 5005 ίξευτοῦ
3442 4935 3704 5023 ληφθέντος

2167 5021 2330 5112 τέχνῂ
2355 5040 2497 5101 ἄπας
2519 5040 2547 5089 6
2592 5034 2809 5107 Ἰσραὴλ
2844 5034 2949 5086 ύπὺ
2975 5031 3083 5085 τῶν
3111 5031 3383 5098 πολεμίων
3415 5021 3703 5094 συλληφθεὶς

2165 5135 2505 5205 αἰχμάλωτος
2564 5127 2975 5199 ἀπαχθήσεταιν
3019 5124 3232 5186 οὐδενὸς
3259 5121 3417 5175 αὺτδν
3443 5119 3545 5205 τῶΥ
3592 5129 3703 5205 κπῖῖ

2165 5228 2394 5297 εχόντων
2427 5220 2773 5292 ἀφαιρεῖσθαι
2806 5219 2915 5271 οἴου
2952 5234 3013 5269 τε
3052 5215 3203 5278 ὄντος
3226 5231 3240 5244 ·
3282 5213 3468 5282 ὥσπερ
3492 5203 3576 5261 οὖν
3602 5200 3701 5255 οὐδὲ

2165 5294 2226 5371 τό
2257 5316 2455 5385 ληφθὲν
2488 5313 2593 5368 ὑπὸ
2618 5312 2708 5365 τοῦ
2736 5310 2846 5377 ίξοῦ
2875 5307 3155 5379 στρουθίον
3187 5305 3483 5374 ἀποστῆναι
3507 5294 3701 5350 δυνατὸν

2167 5407 2369 5471 λοιπὸν,
2399 5404 2585 5472 ἐπειδὴ
2625 5402 2823 5464 παντὸς
2873 5398 2983 5464 ἰξοῦ
3015 5398 3381 5466 δυνατώτερον
3415 5394 3446 5462 ή
3479 5389 3575 5443 τῶν
3599 5387 3700 5436 ἐπι-
