3828 6216
138 184 247 239 293
1086 180 1643 238 COMMENTARIUS
1680 180 1747 235 IN
1786 181 1996 237 AMOSl
2029 182 2182 239 CAP.
2212 182 2342 239 VIII.
3283 190 3388 244 ραι

138 300 314 352 όντων
357 296 667 363 δυναστεία,
708 296 925 361 καθέξει
977 311 1039 349 τε
1108 297 1304 360 αὐτοὺς
1344 301 1439 352 καὶ
1488 298 1569 360 είς
1621 297 1722 368 τὴν

1827 295 2096 354 lsraelitas
2135 306 2189 353 et
2218 300 2271 353 in
2296 297 2579 353 servitium
2601 296 2932 369 deportabit.
2972 318 2993 353 ι
3027 300 3092 355 Et
3114 301 3251 358 dixit
3284 304 3390 359 Do-

140 389 522 460 αἰχμαλωσίαν
577 388 797 455 ἀπάξει.
859 388 1083 456 Ἐπάγει
1122 383 1287 455 γοῦν
1357 406 1377 439 t
1429 388 1537 440 Kal.
1564 382 1718 440 εἶπεν

1827 388 2008 443 minus
2048 388 2179 443 mihi
2232 406 2249 444 :
2296 388 2452 443 Venit
2497 388 2621 444 linis
2665 405 2832 461 super
2887 394 3147 463 populum
3207 412 3389 450 meum

143 483 349 551 Κύριος
408 481 545 551 πρός
590 497 658 551 με
686 496 701 510 ’
726 480 890 533 Ἦκει
935 477 997 531 τὸ
1019 479 1191 552 πέρας
1224 478 1316 530 ἐπὶ
1345 477 1437 531 τὸν
1457 477 1583 532 λαόν
1614 495 1715 548 μου

154 574 377 644 Ἰσραήλ
399 590 412 603 ·
458 572 641 626 οὐκέτι
691 572 766 642 μὴ
810 570 1030 641 προσθῶ
1075 568 1169 622 τοῦ
1198 569 1484 641 παρελθεῖν
1515 570 1712 623 αὐτόν·

142 664 234 716 καὶ
261 660 502 725 ὀλολύξει
522 661 590 713 τά
616 659 950 730 φατνώματα
970 658 1064 712 τοῦ
1093 658 1242 713 ναοῦ.
1283 678 1303 711 ι
1326 660 1443 730 Τὴν
1475 660 1583 730 γάρ
1606 661 1715 713 τῶν

139 751 460 823 δειχθέντων
506 747 625 803 εἷπε
672 750 922 821 δύναμιν.
982 750 1144 802 Ἦκει
1200 749 1402 816 τοίνυν,
1447 751 1630 821 φησὶν,
1686 753 1715 804 ό

142 844 331 914 καιρὸς
354 841 478 895 καθ’
507 841 567 895 ὃν
595 843 662 913 τῇ
684 840 927 914 τιμωρίᾳ
974 840 1444 912 παραδοθήσονται
1479 840 1678 906 πάντες
1697 858 1712 871 ’

142 937 236 988 καὶ
263 934 533 988 παύσεται
575 934 630 986 δὲ
662 934 781 1003 μετ’
820 934 1046 987 ἐκείνων
1077 950 1170 986 και
1200 934 1235 1004 ἡ
1275 932 1500 987 ἀσέϐεια
1542 934 1638 987 καὶ
1677 936 1711 1005 ή

143 1028 240 1095 τῆς
267 1026 525 1089 ἀσεϐείας
547 1025 639 1079 καὶ
668 1027 701 1096 ὴ
723 1028 824 1096 τῆς
851 1024 1194 1096 παρανομίας
1209 1024 1494 1096 ἐπιμέλεια
1510 1026 1711 1097 πάσηςο

143 1117 203 1169 ού
235 1117 347 1187 γὰρ
371 1116 453 1169 ἔτι
471 1116 730 1187 ἀνέξομαι
748 1116 1110 1187 παρατρέχειν
1134 1116 1314 1169 αὐτῶν
1334 1115 1404 1170 τά
1429 1119 1595 1181 κακά,
1619 1117 1715 1171 καὶ

142 1211 473 1280 ἀνεκδίκητα
499 1208 722 1263 τοιαῦτα
745 1208 875 1261 ὅντα
899 1207 1022 1276 ἐᾷν·
1060 1206 1266 1279 ἅψηται
1289 1207 1475 1277 μέντοι
1508 1207 1712 1261 καὶτοῦ

142 1301 267 1356 ναοῦ
295 1302 361 1355 τὸ
380 1300 567 1365 κακὸν,
599 1299 785 1371 ἐπειδὴ
814 1300 911 1352 σὺν
939 1300 1007 1369 τῇ
1052 1299 1270 1353 πάντων
1306 1297 1550 1369 ἀπωλείᾳ
1578 1297 1714 1370 πυρὶ

141 1390 586 1463 παραδοθήσεται
610 1391 705 1442 καὶ
734 1391 961 1453 ἐκεῖνος.
994 1388 1163 1459 Δῆλον
1193 1388 1249 1442 δέ
1269 1388 1437 1451 ἐστιν,
1467 1388 1497 1441 ὃ
1518 1388 1715 1443 πολλάρ

1827 1386 1964 1459 ιιιυά
2011 1389 2122 1458 jam
2172 1405 2314 1460 saape
2354 1390 2502 1455 dixi,
2562 1391 2615 1445 in
2671 1392 3024 1463 praedictione
3090 1397 3389 1459 malorum,

141 1502 227 1548 κις
254 1484 416 1554 ἔφην,
442 1485 525 1537 ὅτι
550 1483 608 1535 ὲν
639 1485 706 1553 τῇ
736 1481 963 1553 μηνύσει
996 1482 1105 1535 τῶν
1125 1480 1333 1547 κακῶν,
1360 1480 1465 1535 κᾶν
1490 1479 1561 1533 τά
1586 1480 1715 1552 περὶ

1827 1479 2034 1536 etiamsi
2075 1480 2144 1535 de
2182 1478 2380 1536 Israele
2426 1481 2497 1537 sit
2538 1497 2741 1547 sermo,
2776 1492 3014 1539 attamen
3056 1500 3086 1538 a
3128 1487 3395 1557 propheta

141 1578 230 1629 τὸν
268 1576 492 1647 Ἰσραὴλ
523 1575 676 1648 λέγῃ,
721 1574 801 1645 (p.
837 1574 959 1645 I99)
984 1574 1099 1629 ἀλλ’
1127 1574 1481 1627 ὲπισυνάπτει
1519 1574 1614 1626 καὶ⁸
1642 1571 1714 1626 τά

1827 1569 2071 1647 connecti
2106 1570 2272 1626 etiam
2322 1586 2385 1626 ea
2438 1587 2557 1641 qua:
2604 1574 2771 1628 tribui
2817 1572 2972 1628 Juda:
3015 1590 3044 1628 a
3078 1575 3393 1646 Babyloniis

143 1671 237 1740 τῆς
253 1645 426 1723 Ἰούδα
446 1645 731 1738 φυλῆςψὲπὶ
750 1667 860 1719 τῶν
873 1666 1230 1720 Βαϐυλωνίων
1257 1664 1508 1735 ἐσόμενα,
1542 1664 1630 1717 ὅτε
1655 1664 1720 1734 δὴ

1827 1658 2203 1724 imminebant,
2246 1674 2355 1729 quo
2400 1668 2644 1731 tempore
2692 1671 2747 1716 et
2802 1662 3105 1720 Jerusalem
3162 1645 3282 1736 capi
3338 1675 3395 1723 et

1825 475 2109 542 Israelem;
2140 493 2246 533 non
2273 478 2525 547 adjiciam
2550 479 2692 533 ultra
2722 488 2781 535 ut
2830 491 3198 551 pertranseam
3225 500 3390 551 eum;

1822 575 1878 621 et
1916 567 2202 622 ululabunt
2254 568 2532 623 lacunaria
2581 572 2785 639 templi.
2819 591 2838 624 ι
2884 572 3390 631 Demonstratarum

1823 658 1929 713 sibi
1960 673 2144 714 rerum
2177 659 2286 713 vim
2325 659 2478 714 dicit.
2511 660 2669 715 Venit
2711 677 2860 732 ergo,
2894 664 2990 729 ait,
3036 673 3255 734 tempus
3278 682 3391 736 quo

1821 749 1890 803 de
1930 750 2185 805 omnibus
2226 765 2405 820 pinnae
2456 761 2760 815 sumentur,
2807 764 2865 807 et
2920 769 3108 809 eorum
3152 758 3391 813 cessabit

1820 841 2049 896 libertas
2075 851 2237 912 atque
2270 844 2548 912 potentia;
2592 845 2863 915 simulque
2904 846 3116 902 desinet
3144 849 3388 916 ipsorum

1820 933 2092 1003 impietas,
2140 941 2194 988 et
2235 949 2397 990 omne
2451 935 2873 1005 irreligiositatis
2910 952 2975 992 ae
3022 941 3229 1007 peccati
3272 948 3390 996 stu-

1818 1024 2009 1079 dium:
2041 1040 2148 1079 non
2189 1026 2333 1081 enim
2374 1026 2487 1095 jam
2540 1029 2719 1096 patiar
2768 1028 3118 1085 dissimulare
3172 1032 3388 1087 illorum

1820 1116 2141 1186 nequitiam,
2202 1133 2377 1187 neque
2432 1118 2545 1173 haec
2608 1119 2778 1174 inulta
2838 1121 3035 1175 sinam.
3107 1121 3390 1193 Templum

1818 1223 2037 1279 quoque
2063 1209 2290 1280 attinget
2313 1209 2621 1277 calamitas,
2663 1212 2792 1282 quia
2831 1219 2885 1267 et
2931 1212 3108 1283 ipsum
3157 1214 3211 1270 in
3242 1230 3393 1271 com-

1818 1299 1971 1352 muni
2015 1299 2185 1353 exitio
2232 1299 2357 1369 igne
2421 1299 2868 1356 inflammabitur.
2926 1302 3095 1359 Porro
3144 1316 3390 1376 apparet,

142 1761 235 1813 καὶ
261 1758 362 1829 τὴν
391 1756 747 1829 Ἰερουσαλὴμ
779 1756 977 1810 άλῶναι
1003 1754 1210 1810 καὶτὸν
1244 1754 1369 1807 ναὸν
1394 1753 1722 1825 ἐμπρησθῆ-

140 1866 229 1904 ναι
250 1848 466 1919 συνέϐη.
480 1868 499 1899 ι
522 1847 611 1900 Ἑν
631 1848 811 1919 ἐκείνῃ
829 1851 896 1918 τῇ
924 1847 1125 1919 ἡμέρᾳ,
1145 1847 1293 1913 λέγει
1313 1845 1535 1914 Κύριος,
1559 1844 1723 1908 πολὺς

138 1939 169 1988 ὁ
191 1933 520 1997 πεπτωκὼς·
543 1935 600 1986 έν
617 1934 777 1987 παντὶ
804 1934 953 2005 τόπῳ
989 1933 1264 2005 ὲπιρρίψω
1293 1934 1525 2005 σιωπήν.
1552 1953 1570 1986 ι
1589 1922 1723 1986 Τότε

137 2026 225 2094 δὴ,
247 2024 407 2095 φησὶ,
422 2023 590 2087 πολὺς
616 2024 711 2094 μὲν
731 2023 1042 2095 ἁπανταχοῦ
1057 2025 1347 2095 γενήσεται
1366 2023 1612 2087 θάνατος,
1632 2023 1725 2077 καὶ

140 2113 504 2185 ἀναρίθμητοι
536 2114 647 2168 τῶν
677 2114 985 2168 πιπτόντων
1018 2113 1228 2167 ἔσονται
1264 2116 1319 2170 at
1361 2116 1588 2183 σφαγαὶ,
1611 2114 1721 2167 τῶν

144 2206 244 2273 μὲν
258 2206 642 2277 ἀνῃρημένων,
658 2204 1195 2276 τῶνδὲαίχμαλώτων
1210 2205 1539 2277 ληφθέντωνο
1549 2206 1726 2280 σιωπὴ

141 2298 199 2349 δὲ
224 2297 333 2349 ύπδ
358 2297 463 2367 τῆς
485 2296 626 2365 ἄγαν
657 2296 892 2369 ἐρημίας
914 2296 1128 2362 καθέξει
1145 2297 1212 2350 τά
1234 2297 1430 2352 πάντα.
1455 2292 1590 2351 Εἶτα
1623 2298 1728 2352 πά-

144 2389 226 2441 λιν
243 2388 555 2459 ὑπόμνησιν
574 2388 679 2441 τῶν
695 2388 1049 2459 παρανομιῶν
1072 2382 1148 2443 ὧν
1170 2387 1458 2443 ἐπετέλουν
1471 2390 1727 2449 ποιεῖται.

212 2479 362 2549 Στίχ.
381 2478 532 2532 δ’-ιδ’.
559 2499 657 2532 -‹
679 2479 971 2533 Ἀκούσατε
994 2480 1059 2552 δὴ
1094 2478 1290 2542 ταῦτα.
1316 2481 1365 2533 oi
1388 2479 1728 2543 ὲκθλίϐοντες

144 2571 225 2633 εἰς
258 2570 323 2622 τὸ
344 2569 493 2640 πρωῒ
516 2569 745 2641 πένητα,
778 2570 874 2624 καὶ
920 2569 1477 2633 καταδυναστεύοντες
1516 2569 1729 2639 πτωχὸν
1775 2639 1779 2643 _

144 2662 257 2714 ἀπὸ
275 2662 380 2731 τῆς
411 2662 515 2730 γῆς
542 2678 558 2693 ·
589 2663 639 2714 ot
682 2660 931 2730 λέγοντες
955 2677 968 2691 °
999 2660 1137 2714 Πότε
1179 2659 1512 2714 διελεύσεται
1535 2661 1565 2713 ό
1600 2659 1729 2730 μὴν,

148 2753 244 2806 καὶ
276 2752 702 2824 ὲμπολήσομεν;
760 2753 855 2805 καὶ
904 2753 1034 2805 πότε
1073 2750 1193 2822 ἥξει
1237 2750 1305 2805 τὰ
1339 2749 1614 2813 Σάϐϐατα,
1638 2747 1732 2801 καὶ

151 2845 439 2916 άνοίξομεν
469 2844 796 2915 θησαυροὺς,
823 2842 920 2897 τοῦ
954 2843 1177 2914 ποιῆσαι
1195 2840 1390 2913 μικρὸν
1420 2841 1481 2895 τὸ
1512 2840 1730 2912 μέτρον,

155 2941 243 2991 καὶ
270 2936 574 3008 μεγαλῦναι
628 2936 907 3007 σταθμίον,
941 2936 1035 2991 καὶ
1065 2935 1283 3005 ποιῆσαι
1330 2931 1493 3001 ζυγὸν
1528 2931 1731 2998 ἄδικον,

154 3030 243 3083 τοῦ
277 3029 515 3083 κτᾶσθαι
546 3030 603 3081 ὲν
629 3028 879 3100 ἀργυρίῳ
916 3029 1184 3097 πτωχοὺς,
1219 3026 1312 3079 καὶ
1340 3023 1594 3078 ταπεινὸν
1616 3022 1734 3076 ἀνθ’

158 3122 638 3194 ὑποδημάτων,καὶ
649 3120 756 3173 ἀπὸ
770 3120 950 3189 πάσης
960 3118 1211 3189 πράσεως
1222 3116 1248 3167 ὲ
1256 3114 1693 3186 μπορευσόμεθας
1708 3132 1726 3165 ι

158 3216 341 3269 Ταῦτα
392 3214 479 3284 δὴ,
534 3212 690 3284 φησι,
747 3210 979 3281 μάλιστα
1024 3209 1242 3262 πάντων
1287 3205 1536 3278 εἰρῆσθαι
1595 3205 1733 3276 πρὸς

1822 1750 2040 1806 incendi
2074 1750 2337 1821 templum
2363 1752 2611 1822 contigit.
2643 1771 2662 1803 ι
2701 1752 2798 1807 Illa
2819 1754 2928 1817 die,
2953 1754 3087 1810 dicit
3108 1754 3395 1823 Dominus,

1821 1843 1978 1897 multi
2009 1843 2291 1898 cadentes.
2320 1841 2381 1897 In
2402 1844 2550 1898 omni
2583 1844 2707 1899 loco
2724 1845 3008 1915 projiciam
3038 1847 3336 1902 silentium.
3368 1866 3395 1900 ›

1822 1932 1998 2003 Tune,
2036 1935 2133 1998 ait,
2170 1935 2374 2004 ubique
2398 1936 2503 1990 erit
2544 1950 2715 2000 mors,
2760 1944 2815 1991 et
2866 1937 3165 1993 innumerae
3193 1939 3395 1993 caden-

1822 2026 1955 2081 tium
2010 2033 2172 2082 erunt
2221 2024 2418 2088 caedes,
2474 2028 2675 2095 partim
2730 2028 3291 2099 occisorum,partim
3338 2031 3399 2084 in

1822 2115 2192 2187 captivitatem
2232 2116 2615 2171 abducturum.
2663 2117 2949 2172 Silentium
2991 2118 3227 2186 denique
3270 2135 3395 2189 pro-

1823 2215 1942 2278 pter
1964 2220 2231 2263 summam
2262 2207 2612 2263 solitudinem
2636 2208 2823 2262 omnia
2844 2208 3155 2279 occupabit.
3192 2208 3401 2264 Deinde

1825 2311 2019 2353 rursus
2048 2295 2420 2367 iniquitatum,
2462 2312 2600 2368 quas
2640 2296 3059 2371 frequentabant
3098 2298 3228 2354 facit
3252 2315 3399 2355 men-

1830 2387 2057 2443 tionem.

1898 2478 2063 2536 νεεδ.
2092 2480 2237 2535 4-H.
2258 2510 2329 2521 -—
2361 2500 2380 2533 ι
2418 2479 2614 2535 Audite
2638 2481 2775 2542 haec,
2808 2479 2900 2548 qui
2927 2477 3213 2536 c'onteritis
3238 2498 3402 2538 mane

1828 2585 2115 2642 pauperes,
2143 2580 2199 2627 et
2236 2570 2547 2642 Opprimitis
2592 2571 2648 2624 in
2687 2577 2833 2625 terra
2874 2585 3148 2642 egenum;
3195 2573 3287 2643 qui
3314 2574 3400 2627 di-

1828 2663 1952 2719 citis
1989 2681 2002 2717 :
2050 2662 2409 2730 Quandonam
2439 2662 2694 2718 transibit
2739 2663 2965 2729 mensis,
3003 2670 3059 2718 et
3097 2665 3401 2734 negotiabi-

1830 2756 1990 2810 mur?
2031 2754 2387 2821 Quandonam
2437 2755 2658 2809 venient
2680 2753 2941 2818 Sabbata,
2985 2756 3405 2827 aperiemusque

1832 2847 2135 2911 thesauros,
2164 2850 2225 2899 ut
2273 2844 2539 2900 faciamus
2589 2859 2900 2899 mensuram
2937 2860 3184 2915 parvam,
3214 2855 3269 2902 et
3299 2863 3402 2901 au-

1833 2952 2057 3008 geamus
2096 2935 2331 3005 pondus,
2380 2934 2754 3004 faciamusque
2803 2942 3061 2991 stateram
3117 2935 3400 3005 injustam,

1836 3038 1895 3083 ut
1928 3027 2305 3099 possideamus
2349 3026 2583 3096 pecunia
2610 3040 2901 3095 pauperes,
2949 3034 3004 3082 et
3045 3043 3277 3097 egenum
3303 3046 3409 3101 pro

1830 3118 2235 3180 calceamentis,
2271 3124 2327 3171 et
2363 3116 2513 3171 omni
2555 3115 2889 3173 venditionis
2922 3132 3120 3188 genere
3158 3125 3408 3191 negotio-

1831 3210 1985 3264 mur?
2033 3227 2052 3261 ι
2104 3206 2230 3263 Ηιεο
2282 3206 2442 3262 vobis
2492 3207 2729 3262 maxime
2776 3206 2919 3262 dicta
2952 3209 3279 3272 existimate.
3309 3213 3405 3282 qui

1830 3301 2051 3372 injuStis
2086 3314 2300 3370 semper
2343 3298 2794 3368 oppressionibus
2838 3314 3105 3369 pauperes
3146 3303 3404 3367 atteritis,

1830 3399 2210 3461 exspectantes
2234 3388 2504 3459 cujusque
2549 3388 2757 3444 mensis
2806 3387 2967 3442 finem
3004 3389 3075 3444 ob
3107 3392 3410 3462 exigendos

1832 3482 2052 3552 iniquos
2103 3496 2397 3535 usurarum
2448 3486 2754 3535 vestrarum
2797 3490 3036 3550 quaestus
3073 3501 3088 3536 :
3124 3483 3216 3553 qui
3250 3484 3410 3554 132

1831 3575 1958 3629 item
2012 3573 2344 3643 exspectatis
2406 3570 2689 3635 Sabbata,
2718 3586 2825 3626 non
2877 3578 2937 3625 ut
2986 3569 3098 3627 Deo
3140 3589 3237 3643 per
3294 3575 3409 3628 haec

1832 3664 2125 3729 feriemini,
2177 3663 2273 3719 sed
2324 3672 2384 3718 ut
2428 3662 2704 3717 utiliorem
2748 3669 3110 3717 mercaturam
3168 3664 3406 3728 faciatis,

158 3758 276 3828 θεῷ
296 3757 600 3827 ἑορτάσητε
658 3756 717 3807 ὲν
755 3754 959 3818 αὐτοῖς,
1000 3756 1077 3823 (p.
1100 3753 1227 3824 200)
1257 3752 1371 3805 ἀλλ’
1396 3753 1482 3806 ἵνα
1506 3751 1603 3823 τὴν
1634 3753 1723 3822 ὲμ-

1833 3759 2122 3813 abutentes
2164 3754 2341 3810 festali
2395 3760 2674 3822 tempore;
2716 3762 2879 3822 atque
2920 3761 2979 3806 ut
3023 3753 3258 3821 injustos
3291 3757 3409 3812 the-

162 3849 358 3919 πυρίαν
408 3844 803 3915 δαψιλεστέραν
844 3842 1166 3914 ποιήσησθε,
1191 3842 1633 3914 ἀποχρησάμενοι
1658 3841 1723 3914 τᾷ

1834 3864 2031 3907 sauros
2060 3847 2214 3902 vobis
2243 3844 2606 3909 coacervetis,
2638 3850 2692 3897 et
2722 3857 3009 3898 mensuras
3049 3851 3215 3915 atque
3245 3853 3412 3902 state-

165 3937 336 4009 καιρῷ
360 3936 465 4007 τῆς
494 3936 709 4007 ἑορτῆς,
725 3933 1030 4005 θησαυρούς
1056 3948 1117 3985 τε
1144 3933 1353 3997 ἑαυτοῖς
1376 3933 1592 3996 ἀδίκους
1614 3933 1723 3987 συλ-

1835 3959 1926 3997 ras
1983 3955 2181 4010 parvas
2243 3950 2579 4008 magnasque
2634 3933 2876 3998 faciatis,
2920 3943 2991 4009 ut
3046 3937 3295 4007 utrisque
3352 3938 3410 3992 in

164 4033 374 4103 λέξητε,
442 4031 617 4102 μέτρα
662 4045 722 4082 τε
777 4028 869 4081 καὶ
902 4026 1140 4097 σταθμία
1188 4025 1360 4098 μικρά
1399 4026 1494 4080 καὶ
1529 4026 1723 4097 μεγάλα

1840 4032 2101 4089 nundinis
2155 4027 2351 4084 vestris
2398 4023 2627 4080 utamini
2662 4039 2813 4095 :uno
2844 4026 3135 4095 pecuniam
3174 4043 3238 4081 ex
3278 4043 3412 4098 pau-

168 4120 472 4181 ποιοῦντες,
509 4118 584 4180 ὡς
623 4116 689 4170 ἂν
710 4116 989 4186 ἑκατέροις
1018 4115 1154 4186 πρὸς
1187 4114 1285 4185 τὴν
1309 4113 1519 4168 ἑαυτῶν
1542 4132 1723 4188 κεχρηι

1840 4138 2028 4194 perum
2065 4119 2422 4190 Oppressione
2458 4116 2786 4181 corradatis,
2818 4130 2885 4170 ne
2922 4131 2952 4170 a
2983 4117 3265 4173 vilissimis
3291 4121 3414 4189 qni-

172 4214 319 4283 μένοι
346 4209 672 4279 καπηλείαν,
695 4205 986 4277 συλλέξητε
1017 4205 1278 4278 ἀργύριον
1302 4206 1366 4259 ἐκ
1394 4205 1495 4276 τῆς
1512 4205 1621 4259 τῶν
1642 4224 1723 4260 πε-

1842 4214 1962 4270 dem
2029 4211 2351 4266 muneribus
2416 4208 2787 4273 abstinentes;
2859 4205 2913 4260 id
2980 4208 3128 4262 enim
3191 4208 3416 4263 denotat

171 4306 345 4376 νήτων
368 4302 604 4363 ἀδικίας,
633 4301 932 4369 λημμάτων
952 4298 1049 4369 μὲν
1069 4298 1191 4352 οὐδὲ
1212 4297 1320 4351 τῶν
1347 4297 1723 4352 εὐτελεστάτωπ

1844 4305 2035 4368 dictio,
2067 4317 2165 4371 pro
2194 4298 2617 4365 calceamentis;
2648 4305 2813 4366 atque
2846 4311 2911 4350 ex
2937 4297 3178 4365 qualibet
3204 4313 3417 4353 merca-

174 4395 499 4465 ἀπεχόμενοι
520 4409 535 4422 ·
560 4391 720 4444 τοῦτο
739 4389 1004 4461 γάρλέγει
1017 4388 1096 4453 τὸ,
1116 4408 1135 4440 ι
1160 4390 1275 4447 ἀνθ’
1294 4388 1656 4460 ὑποδημάτων
1682 4405 1696 4421 ο
1718 4408 1723 4441 1

1844 4407 1967 4451 tura
2029 4392 2233 4464 aliquid
2289 4392 2489 4446 lucrari
2553 4395 2832 4445 curantes.
2882 4386 2938 4442 Id
2984 4388 3185 4459 quippe
3234 4390 3417 4444 valent

176 4486 281 4539 ἀπὺ
326 4483 532 4545 παντὸς
573 4483 631 4535 δὲ
678 4480 1127 4551 συναλλάγματος
1171 4480 1505 4544 σκοποῦντες
1532 4481 1585 4534 τί
1621 4482 1723 4551 ὑμῖε

1844 4486 2007 4542 verba
2044 4502 2057 4539 :
2089 4482 2236 4538 omni
2277 4478 2607 4536 venditionis
2654 4492 2852 4548 genere
2886 4477 3244 4547 negotiemur.
3272 4476 3416 4531 .Jam

175 4575 615 4650 προσγενήσεται
637 4573 827 4645 κέρδος
845 4590 859 4604 ·
883 4572 1042 4626 τοῦτο
1066 4571 1175 4643 γάρ
1203 4572 1349 4641 λέγει
1377 4573 1609 4635 τὸ,(ἀπὸ
1643 4573 1720 4627 πά

1846 4578 2113 4632 adversus
2137 4573 2278 4626 lianc
2298 4578 2532 4625 vestram
2564 4567 2874 4637 superbiam
2908 4565 3242 4637 (superbiam
3268 4566 3417 4621 enim

176 4690 274 4743 σης
298 4670 557 4742 πράσεως
575 4662 1247 4737 ὲμπορευσόμεθα.»Κατά
1282 4663 1347 4734 δὴ
1364 4663 1569 4734 ταύτης
1596 4662 1723 4733 ύμῶ

1847 4667 2097 4723 nominat
2142 4661 2466 4731 injustitiam
2515 4666 2710 4713 contra
2764 4671 3053 4729 pauperes,
3089 4671 3251 4726 quam
3289 4671 3417 4725 per-

175 4767 271 4837 τῆς
297 4759 677 4833 ὑπηρεφανίας
705 4755 1105 4828 (ὑπερηφανίαν
1126 4754 1234 4826 γάρ
1262 4753 1515 4825 ὀνομάζει
1541 4754 1639 4824 τὴν
1666 4756 1723 4808 είς

1852 4757 2160 4831 petrabant,
2198 4752 2265 4808 de
2288 4751 2381 4807 Dei
2410 4750 2651 4805 vindicta
2698 4764 2806 4804 non
2838 4747 3165 4818 cogitantes)
3200 4746 3418 4803 firmum

176 4859 300 4918 τοὺς
322 4857 565 4923 πένητας
606 4849 837 4914 ἀδικίαν,
867 4847 935 4918 ἢν
982 4843 1297 4917 είργάζοντο
1340 4844 1414 4915 μὴ
1441 4843 1723 4912 συλλογιξό

1855 4849 1978 4903 tulit
2008 4845 2152 4900 Deus
2181 4843 2464 4899 decretum
2490 4848 2654 4910 atque
2677 4839 3037 4894 immutabile.
3060 4837 3193 4892 Nam
3226 4838 3417 4899 dictio.

181 4965 330 5020 μενοι
350 4945 448 4999 τοῦ
463 4943 600 4997 Θεοῦ
619 4942 715 5013 τὴν
736 4939 909 5011 δίκην)
939 4936 1213 5005 ἀπόφασιν
1239 4935 1496 5005 ἐξήνεγκε
1525 4934 1723 5004 βεϐαίαε

1849 4939 2001 5009 jurat
2050 4932 2335 4995 Dominus,
2373 4930 2478 4984 hoc
2523 4926 2812 4998 signiﬁcat,
2846 4924 2992 4996 quod
3034 4925 3259 4979 omnino
3283 4924 3422 4976 obli-

177 5014 206 5093 ὅ
231 5039 365 5101 Θεὸς
386 5036 485 5090 καὶ
510 5030 932 5105 ἀμετάπτωτον·
964 5027 1025 5080 τὸ
1049 5026 1178 5097 γὰρ,
1219 5043 1238 5076 ι
1266 5024 1456 5096 ὀμνύει
1486 5026 1711 5098 Κύριος,

1852 5029 2004 5085 vioni
2052 5042 2159 5081 non
2213 5022 2395 5078 tradet
2438 5020 2578 5075 facta
2634 5019 2851 5074 illorum
2886 5037 2900 5074 :
2931 5018 3042 5073 imo
3092 5024 3208 5071 toto
3254 5014 3421 5070 veluti

179 5132 337 5185 τοῦτο
366 5126 540 5198 δηλοῖ,
556 5103 708 5189 ἂού
723 5118 1034 5192 παραδώσει
1063 5117 1199 5189 λήθῃ
1223 5116 1502 5179 παντελῶς
1526 5116 1596 5169 τά
1618 5132 1723 5187 παρ

1854 5129 2124 5175 terrarum
2157 5113 2289 5169 orbe
2327 5116 2623 5171 commoto,
2674 5108 2844 5162 tantis
2890 5123 2986 5163 eos
3038 5122 3135 5177 per
3182 5103 3421 5160 hostium

178 5222 358 5278 αὐτῶν
409 5190 698 5290 γινόμενα·
739 5190 898 5283 μόνον
931 5210 987 5262 δὲ
1037 5208 1158 5278 οὐχὶ
1198 5209 1379 5262 πᾶσαν
1424 5208 1722 5277 συγκινήσα

1850 5206 2222 5265 incursionem
2255 5202 2453 5256 obruet
2501 5198 2680 5261 malis,
2728 5204 2787 5250 ut
2829 5210 3020 5251 omnes
3064 5195 3117 5249 in
3154 5195 3302 5247 luctu
3336 5190 3424 5245 fu—

177 5315 271 5386 τήν
285 5281 437 5384 Tﬁv;
447 5281 722 5368 τοσούτοις
742 5281 817 5373 τῇ
848 5301 954 5354 τῶν
979 5298 1251 5367 πολεμίων
1273 5296 1449 5367 ἐφόδῳ
1471 5294 1723 5368 περιϐαλε

1854 5301 1958 5355 turi
2024 5297 2156 5357 sint,
2217 5290 2593 5363 magnitudine
2649 5287 2827 5359 pressi
2877 5286 3227 5341 calamitatis.
3275 5281 3424 5336 More

176 5377 530 5471 τοῖς-κακοῖς,
559 5399 699 5453 ὥστε
730 5394 914 5449 πένθει
942 5387 1269 5459 κατέχεσθαι
1303 5388 1526 5453 πάντας,
1563 5387 1655 5441 ἐπὶ
1679 5387 1723 5439 τι

1854 5389 1997 5444 enim
2034 5382 2340 5455 Egyptiaci
2388 5380 2631 5433 fluminis
2664 5377 2981 5432 inundantis
3015 5384 3225 5429 etomox
3273 5387 3426 5426 rece-

178 5466 399 5573 μεγέθει
420 5494 521 5565 τῆς
545 5487 876 5556 ἐπελθούσης
905 5485 1088 5545 αὐτοῖς
1116 5483 1433 5573 συμφορᾶςνο
1465 5481 1620 5573 δίκην
1648 5479 1720 5548 γὰ

1854 5476 2059 5539 dentis,
2111 5474 2486 5529 invadct‘vos
2558 5468 2733 5524 hostis
2795 5466 3120 5536 generaliter
3178 5470 3423 5525 vastans,

174 5555 270 5649 Δτοῦ
322 5588 447 5647 κατ’
480 5555 766 5655 ’Ᾰῐγυπτον
808 5555 1053 5649 ποταμοῦ
1083 5572 1537 5646 πλημμυροῦντός
1570 5589 1628 5626 τε
1659 5587 1723 5624 κα

1861 5566 2436 5640 comprehcndensque
2497 5562 2745 5639 captivos
2809 5560 2874 5615 ad
2942 5572 3097 5615 suam
3148 5555 3427 5627 regionem

157 3311 298 3379 ὑμᾶς
327 3307 609 3377 νομίσατε,
636 3305 685 3358 οἳ
708 3304 794 3358 διὰ
822 3302 1020 3366 παντὸς
1035 3302 1132 3373 μὲν
1158 3302 1277 3364 ταῖς
1299 3299 1503 3362 ἀδίκοις
1529 3315 1732 3369 κεχρη-

161 3398 311 3467 μένοι
329 3395 675 3457 δυναστείαις
701 3394 779 3456 εἰς
801 3392 898 3463 τὴν
918 3392 1025 3445 τῶν
1056 3392 1300 3462 πενήτων
1341 3388 1575 3453 ἀδικίαν,
1600 3388 1732 3441 άνα-

161 3488 416 3557 μένοντες
438 3486 494 3539 δὲ
536 3484 766 3538 ἑκάστου
798 3482 965 3554 μηνὸς
986 3480 1082 3554 τὴν
1118 3481 1510 3552 συμπλήρωσιν
1540 3479 1633 3532 ἐπὶ
1654 3477 1732 3550 τῷ

158 3580 250 3641 τάς
282 3575 637 3647 παρανόμους
667 3573 775 3626 τῶν
821 3572 1038 3626 οίκείων
1076 3571 1446 3641 δανεισμάτων
1472 3570 1732 3642 ἐργασίας

161 3669 411 3733 συλλέξαι
434 3684 448 3698 ·
485 3666 781 3736 ἀναμένετε
805 3664 862 3718 δὲ
888 3664 983 3718 καὶ
1013 3662 1083 3716 τά
1113 3662 1386 3728 Σάϐϐατα,
1404 3664 1504 3733 οὐχ
1536 3662 1624 3715 ῐνα
1656 3660 1733 3731 τῷ
