3824 6224
432 220 538 288 9113

1636 212 1985 278 ἮΙΕΟΒΟΒΙ
2019 218 2498 277 MOPSUESTEM

3584 223 3683 278 296

435 338 764 410 asportabit.
801 335 958 390 Tunc
994 351 1147 403 vero,
1194 325 1394 406 inquit,
1439 333 1522 391 sol
1563 335 1792 392 meridie
1825 337 2022 392 obscu-

2126 334 2191 386 πέ
2209 335 2288 388 λιν
2308 334 2735 406 ὑποχωροῦντος,
2761 334 3115 388 ἐπελεύσεται
3149 351 3204 386 τε
3245 336 3370 404 ὑμῖν
3393 338 3420 390 ὁ
3443 338 3682 409 πολέμιος

435 444 588 488 I'attts
655 430 928 483 videbitur
999 428 1067 482 iis
1123 428 1220 498 qui
1272 428 1328 481 in
1379 427 1652 497 angustiis
1695 438 2018 492 versamur;

437 522 790 590 tenebrisque
849 534 1042 574 omnes
1113 535 1170 574 se
1233 519 1409 573 teneri
1477 520 1750 589 putabunt
1800 529 2024 589 propter

439 613 706 665 malorum
767 609 1220 678 magnitudinem.
1285 607 1440 663 Tunc
1522 609 1746 664 omissis
1805 610 2022 665 vitiosis

437 701 903 762 solemnitatibus,
959 699 1130 754 luctui
1185 699 1580 754 vacabitiszct
1636 715 1735 770 pro
1779 701 2020 771 antiquis

438 793 695 856 canticis,
729 792 882 860 largo
913 790 1064 846 ﬂetui
1093 789 1448 858 indulgebitis
1479 808 1491 844 :
1533 806 1632 860 pro
1665 791 1815 846 molli
1843 801 2017 858 veste,

435 897 604 936 caeco
638 881 941 936 induentini
993 881 1340 951 prasentium
1391 883 1661 936 maiorum
1708 883 1886 938 iudice
1919 904 1934 939 :
1965 895 2020 939 et

439 983 624 1028 vetere
667 973 867 1042 capitis
912 979 1108 1025 ornatu
1148 972 1376 1034 omisso,
1423 974 1695 1028 calvitiem
1739 976 1897 1031 malis
1927 991 2020 1031 ve-

437 1064 570 1119 stris
597 1078 894 1134 congruam
941 1078 1065 1118 esse
1114 1063 1396 1132 putabitis.
1429 1064 1647 1127 Cuncti,
1683 1075 1743 1121 ut
1774 1081 2021 1122 summa-

435 1157 536 1210 tim
605 1155 807 1218 dicam,
867 1161 1132 1224 tanquam
1189 1155 1248 1208 in
1295 1155 1445 1208 luctu
1501 1155 1688 1212 dilecti
1743 1157 2016 1228 unigeniti

437 1255 664 1316 propter
691 1247 1095 1301 excruciantem
1139 1245 1386 1300 dolorem
1423 1247 1657 1318 degetis,
1696 1249 2020 1303 incumben-

440 1340 577 1390 tium
609 1337 765 1392 vobis
799 1338 1068 1391 malorum
1099 1338 1538 1408 magnitudinem
1591 1341 2015 1410 complorantes.

441 1428 578 1481 Tum
609 1435 664 1482 ct
703 1429 812 1481 alia
840 1436 1035 1498 praeter
1070 1428 1184 1484 haec
1235 1438 1519 1494 eventura,
1569 1431 1824 1501 graviora
1861 1431 2016 1502 133

440 1517 619 1571 adhuc
661 1517 981 1586 signiﬁcans
1030 1519 1313 1589 preplteta,
1354 1517 1611 1584 Venieut,
1649 1522 1845 1591 inquit,
1876 1523 2014 1586 dies,

440 1610 644 1677 quibus
685 1625 792 1664 non
843 1612 1068 1678 penuria
1111 1619 1324 1666 tantum
1361 1612 1468 1668 cibi
1500 1622 1774 1683 potusque
1802 1614 2017 1669 labora-

2127 425 2378 488 ἅπαντας
2399 427 2543 496 ὑμᾶς
2561 424 2916 489 άπολλὺς,κα“ι
2933 424 2998 495 δὴ
3017 426 3110 479 καί
3131 424 3308 477 λαϐὼν
3326 427 3416 494 αίχ
3424 427 3687 495 μαλώτους

2121 518 2216 570 ἐπὶ
2239 518 2337 588 τὴν
2359 517 2564 572 οἰκείαν
2585 518 2780 583 ἀπάξει
2812 515 3015 589 χώραν.
3041 518 3174 571 Τότε
3203 518 3286 588 δὴ,
3320 520 3500 588 φησὶν,
3535 523 3562 573 ό
3591 523 3683 591 μὲν

2119 611 2269 680 ἥλιος
2301 613 2376 679 (p.
2414 609 2542 677 9.01)
2571 611 2628 662 ἑν
2660 609 2740 677 τῷ
2772 608 3085 679 μεσαιτάτῳ
3112 609 3213 678 τῆς
3243 609 3457 678 ἡμέρας
3483 612 3683 683 ἀφανὴς

2121 696 2261 755 εἶναι
2303 701 2445 766 δόξει
2485 705 2598 764 τοῖς
2642 703 2700 754 ὲν
2744 701 3010 770 ἀνάγκαις
3049 700 3382 754 καθεστῶσι·
3417 703 3597 766 σκότος
3632 705 3683 758 δὲ

2121 791 2366 855 ἅπαντας
2417 792 2544 855 τοὺς
2584 791 2677 845 ἐπὶ
2730 791 2831 861 τῆς
2875 792 2980 862 γῆς
3023 791 3163 858 δόξει
3195 793 3470 861 κατέχειν,
3520 793 3603 846 διά
3630 794 3688 846 τὸ

2121 883 2350 951 μέγεθος
2377 883 2485 936 τῶν
2510 884 2714 936 κακῶν.
2746 884 2855 937 Καὶ
2879 883 2975 946 τὰς
3001 884 3098 954 μὲν
3125 883 3475 954 παρανόμους
3505 885 3686 954 ἑορτάς

2118 974 2370 1042 ἀφέντες,
2399 973 2476 1046 τῷ
2510 975 2696 1029 πένθει
2721 975 3015 1046 προσέξετε
3041 992 3054 1005 ⁸
3099 976 3220 1028 ἀντὶ
3241 975 3298 1028 δὲ
3325 975 3432 1027 τῶν
3456 975 3685 1030 παλαιῶν

2119 1066 2382 1137 ᾀσμάτων
2417 1066 2600 1137 θρήνῳ
2652 1065 2923 1137 χρήσεσθε
2982 1065 3161 1134 πολλῷ
3185 1083 3198 1096 ·
3233 1066 3354 1118 ἀντὶ
3383 1065 3438 1118 δὲ
3465 1066 3560 1135 τῆς
3589 1083 3686 1135 μα-

2119 1159 2292 1230 λακῆς
2346 1159 2594 1230 ἐσθῆτος,
2645 1161 2848 1213 σάκκον
2889 1157 3250 1228 περιθήσεσθε
3283 1159 3374 1210 ἐπὶ
3407 1157 3482 1227 τῷ
3512 1157 3688 1210 πένθει

2118 1248 2226 1302 τῶν
2278 1250 2564 1319 παρόντων
2601 1247 2820 1301 κακῶν*
2858 1247 2951 1300 τοῦ
2988 1247 3046 1300 δὲ
3095 1245 3323 1300 παλαιοῦ
3365 1246 3566 1315 κόσμου
3593 1245 3688 1313 τῆς

2117 1339 2364 1409 κεφαλῆς
2410 1339 2804 1410 ἀμελήσαντες,
2850 1341 2948 1407 τὴν
2997 1337 3284 1407 ἀφαίρεσιν
3320 1336 3430 1388 τῶν
3472 1335 3684 1406 τριχῶν,

2116 1435 2192 1496 ὡς
2223 1434 2280 1484 ὲν
2305 1431 2577 1494 τοσούτοις
2600 1431 2727 1500 ὑμῖν
2757 1429 3018 1500 ἁρμόζειν
3043 1427 3292 1498 οἰήσεσθε
3323 1430 3432 1488 τοῖς
3467 1429 3649 1490 κακοῖς
3671 1444 3684 1456 ο

2117 1525 2354 1588 ἅπαντές
2380 1542 2462 1590 τε,
2505 1523 2787 1592 συντόμως
2820 1523 3016 1581 εἰπεῖν,
3048 1520 3123 1583 ὡς
3155 1521 3247 1572 ἐπὶ
3262 1518 3446 1571 πένθει
3476 1533 3688 1587 μονογεο

2117 1620 2242 1682 νοῦς
2277 1618 2394 1672 υἱοῦ
2428 1617 2790 1688 ἠγαπημένον
2817 1613 3155 1668 διατελέσετε
3178 1612 3285 1664 ὑπὸ
3311 1611 3409 1681 τῆς
3441 1609 3688 1679 κατεχού-

440 1702 594 1764 bilis,
627 1702 720 1757 sed
763 1709 817 1756 et
863 1703 1245 1772 gravissimam
1291 1704 1452 1758 aliam
1507 1705 1789 1776 patiemini
1841 1722 2012 1776 penu-

2126 1729 2223 1780 σης
2250 1711 2462 1780 ὀδύνης,
2512 1710 2620 1762 τῶν
2680 1709 3043 1780 περιεχόντων
3091 1705 3316 1767 ἑαυτοὺς
3342 1702 3526 1756 κακῶν
3563 1701 3687 1772 θρη-

442 1792 603 1858 riam,
665 1794 792 1862 quia
847 1808 1042 1862 nempe
1098 1795 1309 1848 nullutn
1362 1795 1723 1866 impetrabilis
1773 1798 2014 1852 divinum

440 1885 746 1946 oraculum.
781 1899 846 1938 ex
887 1901 1074 1938 eorum
1125 1902 1374 1950 numero,
1419 1903 1541 1956 qua:
1590 1903 1685 1958 per
1727 1890 2018 1959 prephetas

443 1975 558 2028 tieri
590 1977 858 2039 solebant,
901 1976 968 2029 ad
1017 1993 1454 2032 aerumnosorum
1504 1981 1783 2034 solatium.
1816 1984 1903 2036 Ait
1934 1984 2018 2037 ni-

440 2065 668 2128 mirum,
707 2068 852 2136 quod
900 2069 1064 2122 etiam
1100 2067 1242 2136 apud
1290 2069 1508 2121 beatum
1557 2067 1750 2124 Oseam
1785 2073 2018 2141 prophe-

445 2168 554 2211 tam
608 2159 855 2213 dicitur:
907 2177 925 2209 ι
984 2159 1261 2213 Sedebunt
1312 2161 1403 2214 lilii
1441 2161 1658 2217 lsraelis
1699 2164 1818 2220 sine
1870 2181 2017 2236 rege,

441 2251 564 2304 sine
613 2252 956 2319 magistratu,
1007 2253 1128 2306 sine
1184 2251 1479 2316 sacriﬁcio,
1518 2254 1640 2309 sine
1687 2255 1868 2321 altari,
1900 2258 2020 2313 sine

443 2341 772 2406 sacerdotio,
823 2343 944 2398 sine
989 2344 1280 2399 oraculis:
1324 2363 1341 2395 ο
1394 2347 1594 2414 quibus
1631 2349 1813 2404 verbis
1851 2349 2024 2419 signi-

446 2437 568 2486 lit-at
605 2443 800 2487 cuncta
847 2435 960 2489 lucc
1005 2437 1338 2505 captivitatis
1389 2436 1731 2508 Babylonica:
1777 2451 2020 2510 tempore

444 2525 617 2580 fuisse
648 2526 888 2580 sublata.
934 2525 1079 2580 Idem
1111 2543 1239 2581 vero
1273 2544 1418 2582 nunc
1469 2530 1734 2600 propheta
1781 2534 2017 2597 nuntiat,

442 2632 640 2684 nempe
693 2636 706 2671 :
763 2619 1027 2672 aerumnis
1082 2620 1393 2686 trademini,
1445 2634 1498 2676 et
1552 2634 1681 2676 tunc
1731 2627 2020 2693 prophetas

443 2709 719 2776 expetitis,
781 2724 920 2777 quos
968 2723 1115 2762 nunc
1180 2711 1484 2782 negligitis;
1545 2717 1687 2768 scire
1737 2716 2020 2784 cupientes

443 2818 575 2858 num
631 2804 814 2873 aliqua
865 2804 920 2857 in
975 2806 1171 2861 melius
1227 2809 1585 2861 commutatio
1631 2824 1727 2863 vos
1779 2818 2014 2864 maneat.

447 2912 469 2944 ι
511 2891 1017 2948 Colntnovebuntur
1064 2910 1222 2964 aqua:
1268 2912 1298 2948 a
1343 2897 1483 2950 mari
1520 2912 1693 2966 usque
1717 2897 1783 2951 ad
1819 2913 1971 2953 mare
2005 2918 2017 2954 :

445 3000 475 3037 a
509 2983 674 3038 borea
707 2985 774 3039 ad
799 2985 1063 3040 orientem
1095 2987 1411 3042 discurrent
1453 2998 1763 3058 quaerentes
1791 2992 2017 3044 verbum

447 3074 684 3140 Domini,
731 3091 909 3144 neque
959 3077 1010 3131 id
1071 3079 1368 3133 invenient.
1414 3095 1433 3130 ι
1481 3079 1537 3132 ld
1580 3089 1686 3144 est,
1717 3082 1900 3134 omnis
1935 3082 2026 3135 illa
2055 3074 2095 3099 "‘

444 3163 664 3219 Israelis
697 3165 983 3221 innumera
1014 3169 1310 3223 multitudo
1355 3171 1590 3239 sparsim
1624 3171 1825 3240 ubique
1854 3172 2028 3241 agita-

446 3257 614 3320 bitur,
652 3274 904 3326 quaarens
961 3276 1030 3314 an
1065 3261 1278 3331 uspiam
1323 3263 1590 3331 propheta
1626 3263 1827 3332 aliquis
1858 3280 2029 3333 appa-

446 3357 583 3414 reat,
617 3348 710 3403 Dci
743 3353 1019 3406 voluntate
1049 3354 1316 3408 nuntians
1365 3355 1468 3409 sibi
1518 3363 1824 3421 eventura;
1861 3372 2025 3426 quem

446 3449 627 3496 tamen
676 3451 807 3498 tunc
841 3459 950 3498 non
986 3444 1289 3500 invenient.
1358 3445 1584 3512 Deinde,
1648 3448 1870 3517 peribit,
1930 3449 2026 3514 ait,

447 3534 695 3588 funditus
743 3536 1007 3606 quidquid
1082 3552 1230 3590 nunc
1290 3538 1814 3607 priestantissimum
1871 3539 2030 3594 vobis

447 3625 662 3679 videtur
690 3637 744 3680 et
765 3626 1134 3682 desiderabile
1157 3629 1441 3697 :peribunt
1475 3639 1671 3684 vestra:
1704 3645 1852 3684 nunc
1879 3633 2026 3686 omni

446 3733 578 3770 cura
615 3719 906 3772 custodita:
938 3720 1176 3789 virgines
1210 3739 1223 3773 ι
1257 3721 1514 3790 peribunt
1544 3721 1708 3775 etiam
1741 3722 2030 3779 formosis-

447 3810 844 3878 simijuveues.
887 3809 1010 3865 Haec
1036 3819 1217 3865 autem
1249 3828 1412 3882 quam
1465 3813 1536 3866 ob
1579 3828 1804 3869 causam
1850 3816 2026 3884 patie-

446 3902 625 3955 miui?
669 3921 686 3952 ι
721 3901 824 3967 Qui
874 3902 1064 3971 jurant
1120 3919 1216 3972 per
1252 3904 1690 3973 propitiationem
1746 3905 2026 3971 Samariae,

447 3991 748 4059 dicuntque
785 4009 798 4044 :
839 3990 982 4043 Vivit
1019 3990 1162 4046 Deus
1213 3991 1364 4057 Dan;
1413 4003 1467 4047 et
1525 3995 1655 4047 vivit
1700 3995 1842 4048 Deus
1878 4005 2027 4059 tuus,

445 4081 720 4135 llersabea
768 4097 780 4132 :
835 4089 890 4133 et
948 4081 1166 4143 cadent,
1226 4090 1280 4135 et
1340 4097 1447 4134 nou
1495 4093 1803 4153 resurgeut.
1836 4104 1853 4136 ι
1891 4086 2028 4150 Quia

449 4171 723 4225 derelicto
755 4169 864 4224 Deo
894 4173 1137 4225 omnium
1175 4171 1427 4236 Domino,
1459 4173 1722 4229 Samaria:
1763 4178 1905 4230 idola
1943 4193 2031 4232 ve-

453 4262 632 4314 nerari
681 4264 1027 4324 studuerunt,
1075 4278 1248 4332 eaque
1288 4264 1516 4318 deorum
1567 4267 1884 4322 nominibus
1935 4286 2030 4338 ap-

2124 1803 2340 1865 νοῦντες
2357 1803 2418 1854 τὸ
2454 1800 2711 1871 μέγεθος·
2739 1799 2833 1853 καὶ
2871 1799 2940 1852 τά
2985 1798 3110 1866 ἑξῆς
3147 1796 3203 1849 δὲ
3227 1796 3320 1847 ἐπὶ
3345 1794 3554 1857 τούτοις
3581 1794 3688 1846 ἐσό-

2143 1913 2303 1966 μενα,
2329 1895 2404 1958 ὡς
2425 1893 2699 1964 βαρύτερα
2723 1891 2898 1959 δηλῶν
2921 1893 2949 1944 ὁ
2975 1892 3278 1960 προφήτης,
3315 1907 3333 1938 ι
3362 1887 3686 1957 Παρέσονται

2124 1987 2252 2057 γάρ,
2293 1986 2476 2056 φησὶν,
2508 1985 2734 2055 ἡμέραι,
2769 1985 2825 2036 ὲν
2845 1981 2933 2046 αἷς
2959 1983 3058 2034 οὐκ
3098 1981 3274 2050 ἐνδείᾳ
3302 1979 3502 2050 τροφῆς
3530 1995 3585 2030 τε
3602 1977 3687 2030 καὶ

2125 2078 2290 2131 ποτοῦ
2321 2075 2706 2148 περιπεσεῖσθε
2743 2075 2924 2144 μόνον,
2956 2071 3090 2124 ἀλλά
3127 2071 3236 2140 γάρ
3269 2069 3370 2138 τὴν
3399 2066 3686 2138 βαρυτάτην

2126 2167 2332 2221 ἔνδειαν
2393 2167 2736 2236 ὑπομενεῖτε,
2792 2162 2911 2215 οὐδὲ
2986 2161 3113 2232 μιᾶς
3169 2162 3354 2228 φωνῆς
3393 2156 3685 2226 ἀξιούμενοι

2126 2259 2299 2322 θείας,
2354 2258 2452 2328 τῆς
2505 2256 2592 2310 διὰ
2639 2253 2937 2326 προφητῶν
3000 2251 3256 2314 εἰωθυίας
3301 2247 3544 2319 γίνεσθαι
3601 2247 3685 2298 ἐπὶ

2123 2348 2450 2419 ψυχαγωγία
2472 2347 2579 2399 τῶν
2602 2348 2658 2399 ἐν
2699 2345 2891 2406 δεινοῖς
2921 2341 3286 2395 καθεστώτων
3307 2378 3321 2392 .
3339 2359 3356 2390 ι
3389 2338 3546 2406 Λέγει
3569 2333 3686 2388 δὲτὸ

2127 2441 2219 2493 καὶ
2248 2440 2400 2510 παρά
2417 2439 2493 2509 τῷ
2525 2437 2778 2510 μακαρίῳ
2804 2436 2968 2508 ῥηθὲν
3002 2433 3160 2504 Ὠσηὲ
3191 2431 3270 2503 τῷ
3291 2429 3672 2503 προφήτῃ,ι58)

2125 2533 2212 2583 ὅτι
2248 2550 2266 2580 ι
2299 2529 2644 2600 Καθήσονται
2667 2531 2715 2582 οἱ
2740 2528 2842 2580 υἱοὶ
2887 2524 3100 2597 Ἰσραὴλ
3120 2524 3222 2577 ούκ
3241 2523 3392 2584 δντος
3420 2519 3682 2592 βασιλέως,

2125 2624 2245 2676 οὐδὲ
2286 2622 2437 2685 ὄντος
2481 2622 2760 2692 ἄρχοντος,
2791 2619 2912 2672 οὐδὲ
2956 2616 3121 2686 οὔσης
3149 2615 3365 2679 θυσίας,
3401 2613 3516 2666 οὐδὲ
3550 2612 3684 2674 ὄντος

2127 2713 2531 2784 θυσιαστηρίου,
2585 2713 2705 2766 οὐδὲ
2733 2709 3160 2782 ἱερατείας,ούδὲ
3197 2707 3400 2778 δήλων·
3429 2725 3446 2758 δ
3467 2707 3541 2775 (p.
3571 2703 3683 2771 90.4.)

2127 2809 2184 2858 ὲν
2223 2801 2302 2870 οἷς
2333 2807 2585 2876 σημαίνει
2611 2805 2671 2857 τὸ
2703 2803 2840 2873 μετὰ
2863 2803 2964 2872 τὴν
2997 2800 3375 2872 αἰχμαλωσίαν
3399 2799 3493 2869 τὴν
3517 2800 3569 2850 ἐν
3590 2796 3685 2848 Ba-

2128 2899 2329 2950 ὁυλῶνι
2359 2898 2657 2969 γενομένην
2681 2897 2897 2949 ᾶπαντα
2921 2895 3101 2947 αὐτῶν
3128 2892 3493 2965 ἀφαιρεθῆναι
3511 2888 3679 2944 ταῦτα.

2073 3045 2092 3063 η
2128 2987 2201 3040 Τὸ
2227 2987 2357 3040 αύτδ
2394 2986 2457 3054 δὴ
2486 2987 2580 3038 καὶ
2604 2985 2698 3038 νῦν
2731 2985 2759 3037 ὁ
2782 2986 3066 3054 προφήτης
3087 2982 3264 3053 δηλοῖ,
3284 2983 3364 3034 ὅτι
3389 2977 3682 3052 Παραδοθή-

2131 3076 2289 3128 σεσθε
2333 3078 2446 3138 τοῖς
2502 3075 2690 3134 κακοῖς
2713 3088 2727 3102 ·
2754 3073 2874 3126 τότε
2906 3077 3030 3136 τους
3061 3073 3358 3143 προφήτας
3391 3070 3682 3140 ἐπιζητεῖτε

2127 3162 2200 3222 ὦν
2232 3169 2327 3220 νῦν
2362 3167 2645 3237 ἀμελεῖτεο
2691 3167 2784 3217 καὶ
2827 3165 3220 3236 ἐπιθυμοῦντες
3279 3165 3468 3236 μαθεῖν
3509 3161 3560 3216 εί
3580 3177 3684 3213 τινα

2132 3261 2436 3331 μεταϐολὴν
2477 3261 2570 3314 ἐπὶ
2615 3261 2675 3313 τὸ
2723 3264 2970 3332 κρεῖττον
3023 3259 3231 3324 δέξεται
3279 3258 3348 3311 τὰ
3386 3256 3504 3310 καθ’
3533 3256 3680 3326 ὑμᾶς.

2134 3373 2151 3404 ι
2192 3352 2592 3422 Σαλευθήσεται
2636 3353 2766 3423 γάρ,
2811 3353 2966 3421 φησὶ,
2994 3352 3063 3404 τά
3090 3350 3264 3403 ὕδατα
3301 3349 3409 3403 ἀπὺ
3433 3347 3683 3416 θαλάσσης

2127 3443 2233 3506 ἓως
2297 3443 2596 3513 θαλάσσης,
2653 3446 2744 3497 καὶ
2777 3443 2884 3496 ἀπὸ
2919 3442 3088 3515 βορῥά
3119 3442 3224 3504 ’έως
3259 3440 3527 3496 ἀνατολῶν
3547 3454 3684 3510 περι-

2127 3537 2458 3607 δραμοῦνται
2513 3535 2802 3607 ζητοῦντες
2852 3537 2942 3589 τὸν
2971 3536 3127 3603 λόγον
3153 3536 3385 3606 Κυρίου,
3414 3533 3503 3586 καὶ
3535 3531 3590 3584 ού
3617 3528 3682 3600 μὴ

2129 3627 2362 3698 εὕρωσιν
2391 3629 2576 3681 αὐτόν.
2609 3649 2626 3679 ι
2667 3631 2783 3682 Ἵνα
2809 3628 2935 3700 εἴπῃ
2968 3630 3050 3680 ὅτι
3074 3629 3183 3680 πᾶν
3207 3628 3267 3682 τὸ
3292 3626 3491 3696 πλῆθος
3526 3625 3681 3677 ἐκεῖνο

2128 3720 2222 3772 τοῦ
2275 3720 2493 3792 Ἰσραὴλ
2527 3721 2587 3773 τὸ
2617 3722 2842 3792 ἄπειρον
2901 3721 3159 3785 ποικίλως
3207 3719 3680 3791 διαταραχθήσεται

2128 3811 2466 3881 ἁπανταχοῦ,
2502 3811 2697 3882 ζητοῦν
2737 3813 2840 3866 ποῦ
2865 3831 2948 3877 τις
2969 3814 3256 3883 προφήτης
3291 3815 3531 3882 φανεῖται
3556 3809 3680 3863 κατὰ

2129 3905 2354 3972 γνώμην
2390 3901 2526 3958 Θεοῦ
2567 3905 2786 3974 μηνύων
2813 3907 2994 3969 αὐτοῖς
3027 3907 3095 3959 τά
3129 3907 3392 3976 ἐσόμενα·
3418 3901 3578 3975 οὗπερ
3601 3898 3679 3954 οὖν

2130 3997 2191 4049 ού
2221 3996 2497 4063 τεύξονται
2529 3998 2670 4050 τότε.
2701 3994 2854 4062 Εἶτα,
2900 3999 3084 4067 φησὶν,
3113 3999 3536 4070 ἀφανισθήσεται
3564 4012 3680 4048 πανο

2119 4088 2299 4151 ’τελῶς
2323 4090 2430 4142 πᾶν
2453 4091 2480 4142 ὃ
2505 4107 2554 4142 τι
2579 4089 2860 4144 κάλλιστον
2879 4091 3005 4160 ύμῖν
3024 4091 3271 4160 φαίνεται
3299 4091 3392 4144 νῦν
3420 4091 3507 4144 καὶ
3536 4105 3679 4141 σπου-

2130 4178 2228 4248 δῆς
2247 4178 2416 4243 ἀξιον.
2459 4179 2808 4233 ’Λπολοῦνται
2841 4182 2939 4250 μὲν
2961 4181 3068 4252 γάρ
3095 4185 3149 4234 αί
3193 4182 3330 4252 μετά
3364 4181 3550 4249 πολλῆς
3570 4181 3676 4230 ὲπι-

2137 4271 2355 4340 μελείας
2386 4270 2479 4324 νῦν
2534 4272 2996 4342 παρθενευόμεναι
3041 4275 3171 4342 παρ’
3208 4275 3355 4339 ύμῖν,
3382 4271 3676 4325 ἀπολοῦνται

453 4353 824 4421 pellaverunt;
861 4352 982 4406 ideo
1006 4363 1266 4408 corruent
1308 4355 1463 4425 lapsu
1494 4372 1722 4425 prorsus
1758 4359 2022 4429 irrepara-

2132 4363 2187 4415 δὲ
2205 4363 2299 4415 καὶ
2325 4365 2371 4416 οἱ
2391 4364 2482 4415 ἐπὶ
2503 4364 2713 4434 νεότητι
2737 4363 2971 4434 μάλιστα
3002 4363 3424 4439 θαυμαζόμενοι·
3451 4364 3677 4417 πείσεσθε

453 4443 568 4496 bili.
609 4440 810 4496 Deinde
844 4443 1005 4494 aliam
1045 4443 1237 4496 recitat
1269 4445 1657 4501 revelatiouem
1693 4463 1706 4498 :

2133 4454 2188 4506 δὲ
2215 4454 2386 4507 ταῦτα
2412 4455 2553 4526 ὑπὲρ
2578 4455 2744 4520 τίνος;
2770 4457 2860 4509 «οξ
2885 4456 3177 4525 ὀμνύοντες
3205 4459 3345 4510 κατά
3363 4459 3453 4511 τοῦ
3473 4452 3676 4524 ἱλασμοῦ

450 4533 786 4603 Σαμαρείας,
843 4535 937 4588 καὶ
987 4534 1236 4602 λέγοντες
1262 4553 1276 4567 ”
1303 4538 1377 4608 Ζῇ
1412 4540 1440 4590 ὁ
1473 4538 1594 4600 θεὸς
1622 4539 1749 4607 Δάν,
1785 4541 1878 4596 καὶ
1924 4541 1988 4613 ζῇ
2030 4545 2059 4596 ὁ
2098 4545 2218 4609 θεός
2255 4564 2348 4600 σου
2393 4548 2664 4619 Βερσαὸἐε
2687 4565 2699 4578 ’
2731 4549 2824 4601 καὶ
2858 4549 3180 4612 πεσοῦνται,
3227 4553 3321 4604 καὶ
3353 4553 3412 4604 ού
3459 4551 3530 4619 μὴ
3562 4549 3678 4602 ἀνα·

455 4628 652 4679 στῶσιν
681 4628 780 4680 ἔτι.
824 4647 841 4679 ι
875 4629 1044 4700 ’Υπὲρ
1071 4624 1146 4682 ὧν
1169 4631 1396 4699 ἀφέντες
1428 4632 1559 4687 Θεὸν
1588 4635 1677 4710 τὸν
1705 4635 1799 4688 τοῦ
1827 4637 2026 4701 παντὸς
2056 4639 2281 4711 Κύριον,
2310 4641 2378 4694 τά
2420 4643 2476 4693 ὲν
2514 4642 2798 4712 Σαμαρείᾳ
2835 4641 3025 4695 εἴδωλα
3059 4643 3382 4713 θεραπεύειν
3421 4641 3676 4694 ἔσπευδον.

450 4720 544 4770 καὶ
585 4719 758 4774 ταῦτα
804 4721 1028 4776 ἐκάλουν
1071 4725 1228 4789 θεούς
1253 4744 1268 4759 ο
1315 4727 1454 4798 ὑπὲρ
1493 4728 1698 4782 τούτων
1735 4731 2027 4786 πεσοῦνται
2064 4736 2265 4804 πτῶμα
2308 4736 2633 4806 ἀδιόρθωτον
2674 4736 2970 4799 παντελῶς.
3010 4735 3142 4791 Εἶτα
3182 4738 3342 4792 πάλιν
3368 4734 3679 4801 ἀποκάλυύνδ

451 4811 645 4884 ἑτέραν
677 4814 824 4882 λέγει
848 4833 861 4846 ο

1100 4912 1249 4966 ΟΜ).
1293 4913 1382 4970 IX.

447 5003 450 5006 ‘
530 4995 687 5066 134
712 4995 877 5051 Vens.
927 5000 1038 5054 1-5.
1077 5031 1144 5040 —
1201 5023 1217 5055 ι
1278 5004 1401 5059 Vidi
1450 5005 1735 5062 Dominum
1787 5018 2022 5065 stantem

455 5103 621 5156 super
653 5088 839 5140 altare.
892 5089 954 5144 Et
999 5093 1135 5147 dixit
1172 5114 1183 5147 :
1219 5095 1452 5153 Percute
1499 5115 1666 5168 super
1709 5104 2030 5170 propitiato-

457 5177 620 5239 rium,
647 5186 701 5228 ct
748 5181 1234 5237 commm'ebuntur
1276 5188 1566 5244 vestibula.
1614 5189 1677 5244 Et
1721 5191 1853 5252 dixit
1893 5213 1904 5245 :
1943 5194 2030 5246 lu—

448 5267 577 5319 '(-ide
610 5266 662 5319 in
697 5268 874 5336 capita
900 5271 1143 5326 omnium
1181 5293 1192 5328 :
1225 5284 1278 5329 et
1309 5278 1549 5347 reliquos
1580 5296 1645 5334 ex
1683 5282 1817 5351 ipsis
1852 5282 2030 5353 gladio

457 5359 724 5423 occidam,
776 5376 883 5412 non
940 5362 1159 5432 cll'ugiet
1192 5382 1257 5422 ex
1309 5369 1407 5435 eis,
1445 5373 1538 5442 qui
1576 5373 1812 5444 fugerit:
1860 5392 2034 5446 neque

457 5450 760 5504 salvabitur
801 5467 864 5504 ex
906 5453 1007 5518 eis,
1055 5459 1147 5523 qui
1198 5459 1490 5518 incolumis
1537 5469 1788 5522 evaserit.
1827 5488 1844 5518 ι
1885 5467 2030 5533 Vidi,

533 5624 580 5658 ⁸⁸
619 5629 744 5683 Osc.
788 5630 928 5687 nIJ.

2779 4920 2933 4973 ΚΕΦ.
2985 4917 3061 4970 6'.

2121 4997 2126 5006 Χ
2198 5014 2352 5081 Στ.χ.
2381 5009 2525 5079 α’-γ⁹.
2558 5042 2624 5053 --
2665 5031 2681 5062 ι
2722 5007 2874 5066 Εἶδον
2927 5011 3016 5064 τὸν
3045 5011 3243 5082 Κύριον
3285 5012 3557 5083 ἐφεστῶτα
3601 5007 3680 5060 ἐπὶ

2128 5103 2221 5154 τοῦ
2253 5103 2637 5172 θυσιαστηρίου
2661 5121 2672 5131 ·
2701 5104 2796 5156 καὶ
2827 5099 2945 5156 εἷπε
2973 5121 2982 5132 ⁸
3019 5104 3262 5168 ιιάταξον
3291 5105 3381 5158 ἐπὶ
3401 5104 3460 5157 τὺ
3490 5100 3679 5168 ἱλαστή-

2117 5212 2269 5267 ¹ριον,
2296 5199 2372 5264 (ρ.
2414 5195 2542 5266 9.05)
2577 5197 2670 5248 καὶ
2699 5196 3040 5265 σεισοήσεται
3069 5199 3135 5250 τὰ
3163 5197 3410 5268 πρόπυλα
3431 5215 3444 5226 ”
3477 5194 3563 5248 καὶ
3587 5191 3678 5244 διά·

2135 5287 2300 5354 κοψον
2342 5289 2421 5350 εἰς
2453 5287 2694 5356 κεφαλάς
2742 5289 2982 5352 πάντων,
3025 5288 3118 5343 καὶ
3177 5290 3303 5351 τοὺς
3345 5286 3676 5342 καταλοίπους

2093 5377 2312 5436 ,αὐτῶν
2368 5380 2424 5428 ὲν
2481 5378 2724 5448 ῥομφαίᾳ
2788 5379 3095 5430 ἀποκτενῶ·
3147 5379 3204 5431 ού
3252 5378 3326 5450 μὴ
3375 5377 3595 5444 δια-φύγῃ
3627 5371 3676 5434 ἐξ

2136 5468 2316 5522 αὐτῶν
2351 5469 2586 5540 φεύγων,
2619 5470 2709 5523 καὶ
2743 5470 2802 5522 ού
2840 5470 2913 5541 μὴ
2948 5471 3093 5541 σωθῇ
3124 5471 3181 5536 ἐξ
3220 5469 3397 5524 αὐτῶν
3431 5461 3676 5529 ἀνασωζό·
