3828 6216
137 223 239 279 297

1161 216 1714 274 COMMENTARIUS
1752 213 1816 269 IN
1856 212 2064 269 AMOSI
2091 214 2245 271 CAP.
2287 214 2374 271 IX.

3295 212 3400 269 293

141 354 319 413 μενος.
362 355 382 388 ι
431 334 776 407 Ἐθεασάμην
813 333 946 407 γὰρ,
1004 334 1190 405 φησὶν,
1244 333 1455 387 ἑστῶτα
1485 332 1584 403 μὲν
1615 330 1722 402 πρὸ

1850 329 2029 399 nquit,
2080 338 2318 385 stantem
2366 344 2532 401 super
2582 329 2755 386 altare
2793 327 2999 392 Deum;
3049 340 3214 396 super
3262 326 3400 381 illud

138 427 227 480 τοῦ
260 425 651 496 θυσιαστηρίου
705 423 798 478 τὸν
821 424 975 489 Θεὸν,
1006 423 1164 495 δῆλον
1185 425 1267 478 ὅτι
1295 423 1391 477 τοῦ
1427 425 1485 477 ἐν
1528 423 1726 494 Ἰερου-

141 520 349 589 σαλήμ·
388 517 614 585 λέγοντα
671 516 732 570 δέ
784 534 871 588 μοι
922 515 1127 586 πλῆξαι
1170 516 1231 570 τὸ
1272 516 1604 587 ἱλαστήριον,
1639 514 1726 568 ῖνα

140 609 377 683 εῖπῃ,τδ
419 609 845 679 θυσιαστήριονο
882 608 1195 679 ἱλαστήριον
1241 607 1351 679 γὰρ
1394 608 1527 662 αὐτὸ
1573 607 1728 661 καλεῖ

140 703 213 766 ὼς
261 704 356 755 ἐπί
411 703 661 772 ἱλασμοῖς
689 700 797 754 τῶν
847 699 1050 753 θυσιῶν
1086 699 1547 771 προσαγομένων
1576 699 1636 752 ὲν
1669 698 1727 751 δὲ

139 796 215 866 τῷ
249 794 612 865 κελευσθῆναι
647 792 889 858 πατάξαι
928 792 1020 846 τὸν
1045 792 1353 863 προφήτην,
1385 794 1611 863 σημεῖον
1633 787 1726 844 τοῦ

141 886 523 958 πληγήσεσθαι
550 902 612 939 τε
665 884 799 940 αὐτὸ
827 885 919 938 καὶ
951 882 1260 938 πείσεσθαι.
1306 884 1532 952 Ἑπάγει
1558 880 1692 953 γοῦν
1711 898 1727 914 ⁸

147 998 165 1029 ‹
196 979 306 1032 Καὶ
329 977 764 1047 σεισθήσεταιτά
788 976 1042 1045 πρόπυλα
1058 991 1072 1006 ⁸
1110 994 1127 1027 ι
1153 976 1238 1029 ἵνα
1260 977 1324 1029 ἐκ
1353 975 1554 1047 μέρους
1575 976 1727 1048 εἴπῃ,

143 1072 221 1124 ὃτι
264 1071 417 1133 ἄπας
464 1071 495 1122 ὁ
545 1069 671 1134 ναὸς
730 1067 1212 1140 διασαλευθήσεται
1256 1067 1373 1138 ἅμα
1416 1070 1482 1138 τῇ
1542 1065 1726 1137 πληγῇ

142 1160 311 1233 ταύτῃ
333 1175 345 1188 ·
379 1158 615 1231 ἐπείπερ
637 1159 853 1229 ἀνάγκη
883 1154 951 1229 ἦν
979 1161 1254 1212 κοινωνεῖν
1274 1159 1373 1229 τῆς
1405 1157 1610 1229 βλάϐης
1632 1156 1728 1210 τοῦ

144 1253 534 1325 θυσιαστηρίου
554 1252 647 1305 τὸν
675 1248 822 1305 οἷκον
853 1251 990 1305 ὃλον.
1028 1252 1241 1321 Σημεῖά
1266 1267 1348 1315 τε,
1378 1251 1563 1322 φησὶν,
1576 1249 1729 1314 ἔνθες

146 1344 260 1398 τινὰ
298 1346 424 1407 ταῖς
472 1343 731 1398 ἁπάντων
764 1342 1055 1412 κεφαλαῖς,
1084 1341 1160 1406 ὼς
1206 1342 1273 1395 ἂν
1305 1340 1389 1413 εἴη
1438 1341 1729 1412 γνώρισμα

145 1436 232 1490 τοῦ
252 1434 512 1490 ἐντεῦθεν
536 1435 637 1507 ἤδη
662 1433 1145 1505 κατασεσημάνθαι
1171 1434 1405 1498 πάντας,
1444 1434 1520 1497 ὡς
1548 1450 1730 1505 παρα-

146 1527 539 1598 δοθησομένους
598 1527 696 1597 μὲν
744 1528 810 1596 τῇ
846 1525 1114 1596 ἀπωλείᾳ,
1136 1524 1345 1589 οὐδενὸς
1367 1524 1424 1578 δὲ
1447 1524 1727 1593 διαφευξο-

150 1618 307 1688 μένου
328 1617 427 1669 τὸν
477 1616 722 1669 κίνδυνον
755 1616 981 1669 ἐκεῖνον.
1027 1613 1117 1679 Ὠς
1148 1616 1258 1687 γάρ
1286 1615 1346 1667 ὲν
1369 1617 1436 1686 τῇ
1466 1614 1729 1686 Αἰγύπτῳ

1824 421 2078 478 videlicet
2123 423 2267 491 quod
2322 421 2721 494 Hierosolymis
2754 427 2907 487 erat;
2951 426 3005 473 et
3053 416 3401 473 mandantem

1826 512 1959 567 mihi
1995 521 2051 568 ut
2083 514 2525 585 propitiatorium
2548 522 2912 585 percuterem,
2943 509 3088 580 quod
3117 524 3215 579 pro
3245 511 3400 564 altari

1826 604 1993 674 dicit;
2029 607 2469 678 propitiatorium
2519 622 2716 677 nempe
2771 604 3123 675 appellatum,
3155 602 3283 672 quia
3329 602 3402 657 ibi

1827 700 2098 755 sacrificia
2143 701 2344 756 ﬁebant
2399 700 2467 755 ad
2519 699 2951 771 propitiandum.
3009 694 3169 762 Quod
3220 703 3403 749 autem

1823 791 2053 861 jubetur
2103 792 2370 862 propheta
2424 791 2554 846 illud
2613 797 2921 862 percutere,
2974 788 3239 844 indicium
3286 795 3407 842 erat

1830 884 1946 939 fore
1974 892 2032 938 ut
2063 899 2255 954 reapse
2284 891 2672 955 percuteretur
2696 891 2750 938 et
2775 882 3012 937 caderet.
3038 880 3205 935 Addit
3226 894 3359 952 ergo
3388 900 3404 935 :

1835 986 1854 1021 ι
1880 967 1945 1024 Et
1960 970 2447 1027 commovebuntur
2460 970 2745 1036 veStibula,
2769 993 2787 1025 ι
2821 981 2881 1027 ut
2917 972 3202 1026 nominata
3253 980 3409 1040 parte

1829 1062 1980 1117 dicat
2008 1070 2184 1118 totum
2224 1066 2485 1136 templum
2534 1072 2855 1136 quassatum
2904 1064 2971 1118 iri
3026 1064 3130 1117 hac
3177 1078 3408 1133 percus-

1830 1155 1987 1210 sione
2022 1171 2038 1209 :
2074 1170 2302 1210 necesse
2335 1156 2478 1211 enim
2522 1164 2644 1212 erat
2687 1166 2743 1209 ut
2787 1155 2977 1211 altaris
3019 1154 3408 1210 detrimentum

1830 1248 2093 1303 universo
2138 1250 2342 1319 templo
2372 1264 2660 1304 commune
2687 1249 2859 1305 ﬁeret.
2896 1249 2964 1303 Et
2992 1250 3172 1320 signa,
3208 1246 3407 1319 inquit,

1830 1339 1886 1394 in
1933 1339 2179 1394 omnium
2234 1340 2509 1410 capitibus
2556 1356 2715 1411 pone,
2765 1349 2824 1395 ut
2874 1341 3076 1395 indicia
3124 1339 3253 1402 sint,
3294 1340 3408 1408 jam

1832 1431 2033 1486 abhinc
2066 1446 2260 1487 omnes
2294 1432 2540 1502 signatos
2586 1447 2729 1497 esse,
2787 1440 2841 1487 ut
2885 1433 3053 1486 exitio
3097 1431 3408 1493 tradantur,

1832 1524 1963 1595 quin
1998 1525 2299 1594 periculum
2330 1523 2465 1579 illud
2490 1524 2781 1595 quisquam
2808 1525 3052 1595 eﬂ'ugiat.
3087 1524 3243 1579 Sicut
3264 1524 3409 1579 enim

1833 1616 1889 1672 in
1924 1616 2160 1688 Egypto
2190 1617 2405 1687 signum
2432 1615 2578 1671 Deus
2609 1616 2757 1671 dedit
2804 1617 3126 1687 sanguinem
3160 1616 3412 1687 postibus

150 1709 374 1777 σημεῖον
401 1706 602 1759 δέδωκε
654 1704 717 1759 τὸ
760 1704 986 1758 ἐπὶτῶν
1029 1703 1199 1774 φλιῶν
1224 1703 1320 1758 τοῦ
1355 1705 1605 1775 αἵματος,
1654 1707 1731 1768 είς

1850 1708 2123 1764 lomorum
2174 1709 2393 1773 illitum,
2440 1708 2510 1763 ob
2556 1708 2974 1780 distinguendos
3009 1711 3130 1764 neci
3167 1710 3412 1765 addictos

144 1798 421 1869 διάκρισιν
442 1796 552 1849 τῶν
578 1813 639 1850 τε
675 1795 1065 1866 ἀπολλυμένων
1113 1798 1207 1849 καὶ
1231 1797 1339 1850 τῶν
1372 1795 1695 1867 σωζομένων
1716 1815 1729 1828 ο

146 1890 319 1953 οὕτως
348 1887 589 1942 ἐνταῦθα
627 1887 839 1942 κελεύει
870 1892 1095 1960 σημεῖον
1124 1890 1287 1944 αὐτόν
1306 1907 1359 1943 τι
1393 1890 1485 1943 ἐπὶ
1513 1891 1612 1961 τῆς
1638 1909 1733 1945 κε-

148 1983 322 2053 φαλῆς
348 1982 450 2053 τῆς
477 1983 737 2036 ἁπάντων
762 1983 987 2053 ποιῆσαι
1005 1983 1145 2036 κατά
1158 1983 1257 2054 τὴν
1275 1982 1619 2052 ἀποκάλυψιν
1635 1985 1735 2055 τὴν

148 2076 318 2140 θείαν,
359 2077 443 2140 είς
464 2074 742 2140 ἀπόδειξιν
797 2075 890 2129 τοῦ
943 2076 1152 2141 πάντας
1212 2076 1609 2148 παραδεδόσθαι
1658 2076 1737 2149 τῷ

149 2169 365 2239 θανάτῳ
385 2185 399 2195 ·
424 2167 501 2240 (p.
554 2167 683 2239 204)
715 2163 885 2241 οὗπερ
912 2169 1049 2239 πρὸς
1091 2169 1380 2239 βεϐαίωσιν
1412 2170 1629 2240 ἐπάγει,
1656 2172 1737 2224 ὅτι

149 2261 268 2315 Κάν
320 2264 405 2325 είς
463 2260 555 2314 τὸν
618 2259 752 2333 ᾅδην
799 2261 1234 2332 κατενεχθῶσιν,
1280 2262 1487 2317 ἐκεῖθεν
1544 2263 1738 2328 αὐτοὺς

149 2353 365 2406 ἀνέλκω
390 2370 406 2385 ο
434 2348 539 2406 κᾶν
567 2356 648 2418 εἰς
676 2352 769 2407 τὸν
791 2353 1018 2425 οὐρανὸν
1043 2354 1359 2420 ἀνέλθωσιν,
1397 2356 1515 2409 ἐκεῖ
1537 2357 1740 2420 αὐτοὺς

151 2447 384 2515 κατάγω
408 2460 423 2475 ⁸
460 2445 566 2500 κᾶν
594 2447 675 2509 είς
695 2445 793 2509 τὰς
816 2446 1088 2511 διαδύσεις
1104 2448 1350 2519 κρυϐῶσι
1381 2448 1475 2502 τοῦ
1500 2449 1739 2520 Καρμή-

148 2538 238 2591 λου
265 2538 379 2599 (ἵνα
431 2537 562 2608 εἴπῃ
610 2536 716 2589 τῶν
747 2537 910 2608 ὀρῶν,
944 2540 1007 2592 ὲκ
1057 2539 1258 2611 μέρους
1283 2538 1456 2607 λέγων
1482 2539 1545 2592 τὸ
1575 2540 1737 2609 πᾶν),

148 2630 481 2701 ἀνιχνεύσας
525 2631 723 2694 αὐτοὺς
781 2631 987 2695 πάντας
1031 2631 1341 2703 παραδώσω
1364 2634 1430 2703 τῇ
1462 2631 1742 2703 αἰχμαλω-

152 2720 279 2795 σίᾳο
318 2724 429 2776 κᾶν
459 2723 554 2775 ἐπὶ
591 2721 652 2776 τὸ
682 2722 844 2793 βάθος
878 2724 1158 2777 ἀπέλθωσι
1188 2725 1288 2795 τῆς
1317 2723 1617 2793 θαλάσσης,
1654 2722 1746 2778 διὰ

150 2817 259 2870 τῶν
292 2815 508 2870 ἐκεῖθεν
536 2817 733 2881 αὐτοὺς
747 2816 934 2870 ἀπολῶ
962 2817 1027 2887 θη
1037 2796 1165 2888 ρίὶον
1183 2832 1197 2846 ’
1230 2816 1326 2870 καὶ
1361 2815 1501 2888 μετὰ
1524 2816 1584 2869 τὸ
1607 2814 1742 2886 πλῆ-

153 2910 246 2973 θος
271 2909 332 2963 δὲ
348 2908 463 2963 τῶν
493 2909 681 2963 κακῶν
706 2902 781 2963 ὧν
803 2909 1079 2963 πείσονται
1112 2908 1314 2974 πάντες
1345 2910 1426 2972 είς
1464 2907 1748 2979 αἰχμαλω-

156 3008 279 3060 σίαν
327 3001 692 3072 ἀπαχθέντες,
742 3003 857 3055 ἐκεῖ
912 3002 1050 3055 κατά
1090 3001 1186 3072 τὴν
1229 3000 1447 3072 ἐντολὴν
1477 3000 1576 3068 τὴν
1609 2998 1749 3070 ὲμην
1774 3037 1820 3097 c

157 3096 494 3153 ἀπολοῦνται
521 3093 595 3157 ὡς
635 3093 781 3159 εἰκός
802 3110 817 3123 ο
839 3088 923 3158 οἷς
953 3093 1149 3163 ἐπάγει
1174 3108 1189 3124 ο

226 3284 381 3355 Στίχ.
399 3279 549 3345 δ’-ς’.
567 3306 636 3320 -ν
659 3299 676 3329 ι
700 3278 811 3333 Καὶ
838 3275 1043 3349 στηριῶ
1057 3275 1185 3339 τοὺς
1209 3271 1521 3344 ὀφθαλμούς
1542 3289 1643 3344 μου
1671 3272 1752 3336 εἰς

159 3378 331 3439 κακά,
369 3377 467 3431 καὶ
491 3374 593 3427 οὐκ
609 3375 685 3436 εἰς
709 3370 907 3440 ἀγαθά.
938 3388 956 3423 ι
991 3371 1138 3423 Ἀντὶ
1165 3368 1283 3434 τοῦ,
1308 3367 1579 3439 Ἐπιμενῶ
1593 3385 1758 3441 προσ-

158 3462 299 3532 έχων
315 3462 507 3522 αὐτοῖς
528 3499 544 3527 ,
570 3466 668 3536 οὐχ
683 3462 977 3526 ῶστετινὸς
993 3461 1177 3523 αὐτοῖς
1192 3458 1395 3528 ἀγαθοῦ
1410 3455 1752 3530 μεταδοῦναι,

157 3559 279 3613 ἀλλ’
307 3558 453 3612 ὥστε
477 3558 557 3619 είς
574 3556 835 3609 παντοίαν
858 3555 1054 3617 αὐτοὺς
1078 3550 1416 3621 καταστῆσαι
1436 3552 1631 3621 πεῖραν
1651 3566 1754 3603 κα-

160 3651 297 3706 κῶνυ
315 3645 887 3718 ὲπειδήπερτοιούτων
909 3644 1132 3707 ἑαυτοὺς
1152 3641 1334 3709 ἀξίους
1348 3641 1436 3694 διὰ
1453 3641 1562 3694 τῶν
1579 3640 1755 3713 ἔργων

162 3742 459 3811 ἀπέφηναν
485 3738 599 3790 τῶν
634 3736 870 3791 οἰκείων.
907 3736 1063 3787 Ἔστι
1093 3732 1221 3803 γάρ,
1258 3732 1413 3803 φησὶ,
1446 3732 1578 3794 Θεὸς
1604 3733 1635 3784 ὁ
1660 3729 1755 3783 τοῦ

165 3832 372 3894 παντὸς
389 3828 622 3900 ποιητής
637 3844 693 3879 τε
705 3828 799 3881 καὶ
815 3825 1040 3896 Κύριος,
1053 3823 1108 3887 ὃς
1129 3824 1346 3876 ἃπασαν
1364 3822 1461 3892 μὲν
1477 3820 1758 3892 αὐτάρκης

166 3920 437 3977 σαλεῦσαι
456 3918 558 3989 τὴν
595 3917 701 3988 γῆν
727 3916 815 3971 διὰ
844 3916 1011 3987 μόνης
1043 3914 1185 3983 aea;
1204 3930 1218 3944 ·
1250 3912 1308 3967 τδ
1354 3912 1488 3966 αὐτὸ
1516 3912 1573 3966 δὲ
1600 3913 1760 3966 τοῦτο

167 4014 378 4084 καὶτῆς
393 4014 500 4083 γῆς
516 4012 808 4083 ἐργάσεται
824 4006 1329 4075 ταύτης,ἀποιράσει
1345 4006 1450 4059 τινὶ
1467 4007 1647 4059 πᾶσαν
1657 4005 1758 4060 αύ-

169 4108 268 4178 τὴν
298 4104 549 4160 σαλεύων
579 4103 672 4157 καὶ
697 4100 836 4174 πρὸς
862 4100 1097 4172 ἐρημίαν
1125 4097 1325 4169 πολλὴν
1363 4096 1644 4161 καθιστὰς,
1684 4096 1761 4161 ὼς

171 4196 361 4251 πένθει
402 4194 614 4256 πάντας
651 4190 1050 4261 κατασχεθῆναι
1084 4189 1210 4252 τοὺς
1244 4186 1526 4251 οἰκοῦντας
1558 4189 1757 4259 αὑτήνο

172 4288 364 4360 ἐπειδὴ
413 4285 569 4356 δίκην
616 4283 710 4339 τοῦ
755 4283 876 4338 κατ’
917 4284 1189 4351 Αἴγυπτον
1235 4279 1483 4353 ποταμοῦ
1518 4279 1761 4334 ἐπελθὼν

1834 1817 1865 1855 a
1903 1801 2216 1857 salvandis:
2254 1802 2330 1855 ita
2373 1817 2520 1856 nunc
2552 1801 2777 1855 mandat
2808 1804 3083 1872 prophetae
3112 1810 3171 1856 ut
3196 1804 3411 1874 signum

1833 1893 2111 1965 quoddam
2142 1895 2196 1948 in
2231 1894 2411 1964 capite
2454 1893 2699 1948 omnium
2756 1894 3052 1964 imprimat,
3087 1894 3245 1963 juxta
3270 1894 3415 1949 divi-

1834 2002 1962 2042 nam
2012 1986 2420 2051 revelationem,
2476 1993 2537 2039 ut
2583 1995 2813 2041 cunctos
2849 1986 3008 2041 morti
3049 1987 3310 2041 traditum
3346 1988 3415 2041 iri

1837 2080 2192 2135 demonstret.
2242 2077 2399 2145 Quod
2453 2085 2513 2132 ut
2568 2078 2875 2143 conﬁrmet,
2928 2078 3078 2133 addit
3127 2097 3141 2133 ι
3189 2078 3419 2135 Etiamsi

1839 2187 2017 2243 usque
2034 2172 2099 2226 ad
2130 2170 2406 2227 infernum
2432 2170 2843 2231 descenderint,
2865 2169 2992 2225 inde
3014 2186 3111 2226 eos
3137 2171 3365 2226 educam
3399 2192 3414 2228 :

1839 2269 1893 2319 et
1944 2262 1990 2317 si
2036 2262 2389 2317 ascenderint
2423 2276 2599 2331 usque
2630 2261 2686 2315 in
2737 2261 2959 2325 coelum,
3015 2260 3143 2315 inde
3191 2277 3288 2318 eos
3323 2262 3422 2318 de-

1842 2355 2058 2410 traham
2096 2376 2109 2409 :
2145 2363 2199 2409 et
2244 2354 2292 2410 si
2343 2355 2399 2409 in
2443 2354 2695 2409 cavernis
2730 2354 3140 2410 abscondantur
3181 2353 3417 2411 Carmeli

1844 2449 1919 2521 (id
1946 2456 2031 2505 est
2072 2449 2360 2514 montium,
2405 2457 2612 2519 partem
2664 2448 2853 2503 dicens
2886 2463 2984 2518 pro
3017 2447 3417 2515 universitate),

1843 2558 1946 2614 ego
1979 2557 2075 2598 eos
2108 2542 2388 2613 vestigans
2436 2540 2739 2612 captivitati
2784 2540 3034 2608 tradam;
3064 2550 3118 2596 et
3154 2541 3200 2597 si
3235 2542 3288 2597 in
3312 2558 3424 2597 ma-

1842 2636 1922 2691 ris
1968 2634 2393 2706 profunditatem
2450 2634 2721 2695 abierint,
2765 2633 2959 2688 belluis
3010 2634 3085 2689 ibi
3125 2634 3423 2690 latentibus

1849 2728 2007 2800 135
2051 2744 2393 2784 consumam.
2448 2726 2517 2781 Et
2565 2739 2690 2799 post
2738 2734 2818 2781 tot
2871 2741 2993 2798 quae
3034 2726 3182 2797 passi
3223 2725 3426 2782 fuerint

1848 2820 2010 2885 mala,
2048 2818 2331 2874 turmatim
2388 2834 2580 2875 omnes
2635 2822 2690 2873 in
2750 2820 3122 2889 captivitatem
3177 2817 3423 2885 abducti,

1850 2911 1965 2966 illic
1993 2926 2116 2966 meo
2138 2909 2301 2982 jussu
2333 2910 2531 2965 merito
2571 2909 2847 2980 peribunt.
2877 2908 2974 2964 llis
3009 2908 3159 2964 addit
3185 2926 3197 2961 :

1927 3283 2091 3340 Vsus.
2134 3284 2252 3339 4-6.
2318 3283 2429 3337 «Et
2478 3284 2778 3339 obfirmalio
2822 3284 3015 3339 oculos
3062 3299 3218 3339 meos
3260 3300 3429 3353 super

1854 3378 1976 3432 illos
2007 3377 2062 3431 in
2092 3376 2258 3440 mala,
2281 3383 2335 3431 et
2364 3391 2473 3430 non
2509 3375 2563 3429 in
2599 3377 2756 3430 bona.
2788 3395 2805 3426 ι
2835 3374 2943 3429 Pro
2975 3388 3048 3429 eo
3078 3388 3144 3428 ac
3178 3375 3224 3429 si
3244 3374 3425 3431 dicat:

1854 3466 2220 3525 Perseverabo
2240 3469 2353 3524 illis
2387 3469 2617 3533 instare,
2670 3482 2771 3521 nec
2808 3465 2933 3521 boni
2974 3465 3182 3536 aliquid
3227 3466 3431 3534 imper-

1853 3561 1982 3626 tiar,
1998 3560 2092 3616 sed
2121 3574 2216 3615 eos
2245 3574 2407 3615 omne
2427 3559 2692 3614 malorum
2730 3574 2904 3630 genus
2928 3557 3128 3613 faciam
3148 3559 3383 3627 experiri
3413 3575 3430 3624 ;

1854 3652 2298 3723 quandoquidem
2369 3652 2566 3706 horum
2620 3667 2679 3707 se
2745 3652 2943 3722 dignos
3009 3650 3265 3720 operibus
3314 3653 3431 3705 suis

1856 3744 2306 3812 comprobarunt.
2342 3742 2441 3798 Est
2470 3743 2615 3799 enim
2656 3741 2798 3797 Deus
2844 3750 3059 3797 creator
3087 3742 3331 3796 omnium
3368 3757 3434 3798 ac

1858 3834 2142 3899 Dominus,
2171 3834 2263 3905 qui
2295 3834 2609 3889 universum
2633 3842 2810 3902 potest
2828 3832 2909 3885 vel
2940 3834 3057 3888 solo
3091 3841 3238 3888 tactu
3261 3849 3430 3904 quas-

1860 3940 1982 3983 sare
2010 3925 2195 3981 orbem
2226 3933 2522 3980 terrarum.
2555 3926 2731 3994 Atque
2766 3925 2867 3978 hoc
2890 3924 3031 3979 idem
3056 3924 3183 3981 huic
3212 3941 3429 3997 quoque

1861 4018 2069 4089 regioni
2096 4015 2281 4080 faciet,
2329 4016 2553 4071 decreto
2587 4015 2826 4085 quodam
2865 4024 3032 4070 totam
3075 4019 3424 4076 concutiens.

1861 4120 2024 4180 atque
2053 4110 2108 4163 in
2148 4117 2359 4164 vastam
2386 4107 2745 4162 solitudinem
2780 4108 3060 4178 redigens,
3116 4109 3191 4164 ita
3220 4117 3280 4164 ut
3307 4110 3430 4178 ejus

1863 4203 2055 4258 incolae
2079 4216 2273 4257 omnes
2305 4200 2455 4254 luctu
2484 4199 2871 4267 corripiantur.
2906 4200 3039 4255 Nam
3072 4202 3249 4257 instar
3284 4201 3435 4256 ﬂuiii

1866 4294 2197 4367 Agyptiaci,
2230 4292 2495 4348 invadens
2523 4307 2617 4346 eos
2655 4292 2850 4353 hostis.
2877 4295 3083 4347 multos
3117 4294 3432 4363 interﬁcirt,

172 4382 363 4443 αὐτοῖς
379 4381 411 4434 ὁ
437 4377 695 4448 πολέμιος
733 4376 959 4439 πολλοὺς
992 4375 1200 4441 ἀνελεῖ,
1219 4374 1316 4430 καὶ
1336 4373 1661 4446 παρασύρας
1681 4375 1730 4426 εἰ

1867 4398 1918 4446 ct
1954 4388 2198 4458 reliquos
2259 4386 2309 4439 vi
2363 4384 2688 4454 pertrahens
2725 4383 2782 4438 in
2821 4385 3191 4453 captivitatem
3236 4386 3434 4458 abiget.

171 4474 277 4546 τὴν
295 4469 678 4543 αἰχμαλωσίαν
693 4468 893 4534 ἀπάξει
913 4469 1041 4532 τοὺς
1057 4466 1294 4532 λοιπούς·
1316 4464 1530 4539 (p.205)
1555 4461 1673 4519 εἶτα
1685 4467 1764 4529 είς

176 4566 479 4636 βεϐαίωσιν
508 4562 617 4617 τῶν
649 4561 978 4634 εἰρημένων,
1009 4578 1028 4612 ι
1062 4560 1120 4614 '0
1143 4558 1440 4629 οἰκοδομῶν
1456 4558 1537 4621 είς
1561 4557 1653 4611 τὸν
1677 4558 1769 4610 ού·-

178 4660 345 4729 ρανὺν
369 4656 469 4727 τὴν
494 4655 760 4709 ἀνάϐασιν
792 4654 983 4715 αὑτοῦ,
999 4652 1093 4706 καὶ
1123 4652 1223 4723 τὴν
1251 4649 1582 4719 ἐπαγγελίαν
1602 4647 1767 4702 αὑτοῦ

175 4752 273 4805 ἐπὶ
299 4750 401 4821 τῆς
432 4749 534 4817 γῆς
557 4745 842 4818 θεμελιῶν.
870 4763 890 4798 ι
916 4737 1106 4808 Οὗτος,
1141 4744 1326 4815 φησὶν,
1348 4745 1378 4797 ὁ
1412 4744 1642 4796 πάντοτε
1670 4740 1770 4810 μὲν

175 4847 239 4898 ὲν
263 4842 487 4915 οὐρανῷ
518 4840 887 4912 δεικνύμενος,
931 4830 1102 4909 οὗπερ
1131 4837 1304 4891 ἄνεισι
1331 4853 1393 4889 τε
1429 4834 1518 4890 ἀεὶ¹
1556 4834 1651 4889 καὶ
1694 4833 1769 4887 δι-

177 4938 329 5004 άγει,
352 4935 574 4989 πάντων
593 4935 695 4987 ύπε
705 4931 1015 5004 ρκείμενος,
1028 4928 1311 4985 ἀπανταδὲ
1327 4926 1562 4998 βεϐαιῶν
1574 4927 1774 4980 ὁπόσα-

180 5046 296 5100 περ
319 5026 387 5081 ἂν
420 5026 514 5080 ἐπὶ
543 5027 646 5096 γῆς
683 5026 858 5078 ποιεῖν
889 5020 1295 5093 ἐπαγγέλληται
1331 5020 1549 5084 πάντως
1566 5036 1581 5051 ·
1621 5013 1775 5082 οὗτος

178 5123 210 5175 ό
242 5120 311 5174 τὸ
342 5120 446 5192 μιν
477 5118 622 5190 ὕδωρ
666 5116 768 5189 τῆς
810 5114 1090 5184 θαλάσσης
1116 5112 1409 5185 λαμϐάνων
1454 5128 1515 5165 τε
1560 5109 1654 5164 καὶ
1682 5109 1776 5163 ἐπὶ

180 5216 294 5284 τῆς
322 5212 534 5283 ἒκκέων
566 5212 783 5281 ἀπάσης
809 5225 825 5241 ⁸
877 5208 940 5261 τὸ
973 5207 1103 5262 αὐτὸ
1142 5207 1201 5261 δὲ
1250 5206 1348 5261 καὶ
1383 5203 1479 5258 νῦν
1508 5204 1775 5276 διαπρατ-

179 5306 442 5376 τόμενος,
471 5302 535 5358 τὸ
563 5303 656 5356 τὸν
701 5301 987 5373 Ἀσσύριον
1034 5299 1278 5370 θαλάσσῃ
1313 5297 1669 5371 προσεοικότα
1700 5295 1776 5367 τῷ

182 5391 389 5461 πλήθει
434 5392 735 5459 ἐπαγαγεῖν
784 5391 852 5460 τῇ
902 5390 975 5460 γῇ
1025 5390 1090 5460 τῇ
1124 5387 1401 5460 ὑμετέρᾳ·
1453 5386 1629 5443 ταῦτα
1668 5385 1779 5459 γὰρ

180 5482 328 5553 Ξργα
356 5479 497 5534 Θεοῦ
538 5478 633 5533 τοῦ
663 5480 882 5535 πάντων
910 5478 1120 5551 Κυρίου
1151 5494 1213 5532 τε
1245 5479 1339 5532 καὶ
1364 5480 1589 5551 ποιητοῦ
1614 5495 1628 5510 ·
1659 5474 1779 5532 εἶτα

185 5573 522 5645 βουλόμενος
548 5573 647 5644 τὴν
674 5570 1071 5644 ἀγνωμοσύνην
1105 5562 1286 5625 αὒτῶν
1314 5572 1378 5624 ὲκ
1406 5572 1504 5644 τῆς
1527 5572 1653 5643 περὶ
1677 5571 1777 5626 αύ-

182 5666 317 5729 τοὺς
350 5663 621 5729 ἐπιδεῖξαι
651 5662 876 5734 γνώμης
904 5662 1000 5717 τοῦ
1022 5662 1183 5727 θεοῦ,
1216 5663 1430 5732 ἐπάγειο

482 5759 754 5820 Ρετιιοι..
794 5760 909 5816 (in.
957 5755 1156 5817 LXVI.

1868 4478 2005 4533 Tum
2064 4476 2210 4533 dicta
2280 4475 2619 4530 conﬁrmans
2652 4492 2665 4528 :
2704 4458 2847 4539 «Qui
2897 4475 3129 4530 aediﬁcat
3178 4477 3233 4532 in
3301 4481 3441 4533 cmlo

1867 4572 2245 4627 ascensionem
2281 4582 2462 4631 suam,
2515 4574 2572 4621 et
2610 4568 3030 4637 promissionem
3070 4584 3225 4625 suam
3277 4586 3443 4640 super

1868 4670 2069 4718 terram
2123 4660 2379 4717 fundat.»
2435 4656 2556 4721 llic,
2604 4658 2700 4721 ait,
2730 4658 2825 4729 qui
2874 4674 3089 4728 semper
3118 4658 3174 4714 in
3216 4660 3358 4715 coelo
3384 4676 3447 4716 sc

1869 4749 2134 4814 ostendit,
2171 4763 2281 4819 quo
2310 4746 2561 4803 ascendit
2589 4746 2780 4818 ibique
2811 4748 2979 4819 degit,
3000 4748 3217 4804 cunctis
3249 4766 3441 4820 super-

1871 4843 2141 4907 eminens,
2193 4840 2380 4896 omnia
2418 4839 2755 4895 confirmans
2787 4855 3133 4911 quaecunque
3188 4842 3244 4896 in
3297 4850 3447 4900 terra

1874 4951 1934 4991 se
1979 4934 2205 4990 omnino
2244 4932 2521 4988 facturum
2567 4932 2887 5003 promiserit
2920 4942 2938 4989 ‘:
2973 4933 3065 4989 hic
3104 4934 3197 5005 qui
3251 4949 3449 5007 aquam

1873 5026 1942 5081 de
1976 5026 2113 5079 mari
2144 5026 2361 5080 extollit
2393 5032 2449 5079 et
2483 5025 2538 5079 in
2572 5025 2893 5081 universam
2930 5032 3132 5081 terram
3167 5025 3396 5081 eﬂ'undit
3434 5046 3448 5081 :

1874 5117 2018 5173 idem
2056 5131 2204 5172 nunc
2238 5132 2456 5188 quoque
2488 5116 2623 5188 agit,
2656 5116 2786 5171 dum
2831 5116 3145 5187 Assyrium,
3202 5118 3454 5172 multitu-

1875 5209 2003 5265 dine
2033 5223 2131 5264 sua
2170 5224 2325 5265 mare
2359 5218 2736 5281 exaequantem
2786 5208 2842 5263 in
2888 5210 3166 5279 regionem
3212 5217 3453 5266 vestram

1878 5300 2145 5357 immittit.
2200 5299 2340 5357 Sunt
2366 5301 2514 5357 enim
2565 5302 2680 5356 haec
2711 5299 2806 5357 Del
2854 5316 3018 5371 opera
3061 5300 3277 5357 Domini
3330 5302 3455 5358 univ

1890 5388 2125 5444 versalis
2164 5396 2221 5444 et
2261 5390 2546 5445 creatoris.
2565 5388 2861 5461 Deinceps,
2885 5398 2945 5445 ut
2973 5406 3039 5445 ex
3075 5391 3178 5446 hac
3205 5389 3297 5446 Dei
3322 5406 3452 5448 sen-

1882 5480 2055 5537 tentia
2095 5480 2407 5537 vecordiam
2445 5478 2818 5537 lsraelitarum
2843 5492 3128 5555 coarguat,
3157 5483 3343 5539 addit:

3060 5760 3135 5823 10
