3828 6216
404 246 504 304 εοςι
519 254 521 257 ’

1592 224 1941 285 ΤΙνΙΕΟῡΟΒΙ
1977 219 2458 280 MOPSUESTENI

3542 213 3642 266 500

471 359 642 417 Vsus.
685 355 736 410 7.
772 385 838 395 ——
873 370 891 403 ι
921 348 1184 426 Nunquid
1236 358 1294 402 ut
1345 346 1440 400 lilii
1496 343 1818 414 Ethiopum
1869 353 1969 396 vos

2142 336 2291 407 Στίχ.
2324 335 2388 401 ζ’.
2425 365 2490 376 -
2551 333 2703 426 ιοὺχ
2739 334 2816 396 ᾡς
2866 331 2971 384 υἱοὶ
2999 329 3270 382 Αἰθιόπων
3320 327 3477 397 ὑμεῖς
3524 327 3642 377 ἐστὶ

405 454 541 512 estis
567 447 832 516 mihi,iilii
858 442 1112 501 lsraelis?
1136 461 1156 494 ι
1195 439 1337 494 Num
1369 437 1576 495 similes
1599 435 1726 490 ﬁliis
1757 432 1976 488 Ethio-

409 563 534 612 pum
569 543 713 615 apud
752 555 838 595 me
870 553 968 594 vos
995 533 1306 600 constitui;
1358 531 1564 603 quibus
1602 543 1704 599 ego
1755 525 1976 596 quidem

410 638 543 695 nihil
571 634 849 706 peculiare
865 629 1171 686 contulisse
1194 626 1406 680 videor.
1443 642 1462 673 ι
1489 619 1684 676 Nonne
1720 617 1977 674 lsraelem

411 729 475 784 de
505 738 648 782 terra
680 722 903 794 Egypti
949 718 1156 774 eduxi?
1186 735 1204 768 ι
1236 714 1424 784 Neque
1452 712 1623 773 enim,
1674 708 1838 764 sicuti
1882 721 1980 760 vos

410 822 475 876 de
501 817 734 890 Egypto
786 828 1032 874 sumens,
1094 809 1292 864 acerbo
1348 807 1446 860 illo
1503 802 1733 859 servitio
1781 799 1979 860 exemi,

411 913 642 980 talisque
672 923 736 962 ac
765 913 930 961 tanta;
952 912 1005 960 et
1029 903 1163 957 nihil
1187 902 1252 956 ad
1272 915 1368 955 vos
1394 895 1720 970 pertinentis
1743 893 1982 964 regionis

409 1003 662 1059 dominos
693 999 831 1064 feci;
888 998 961 1051 ita
994 1010 1095 1066 par
1131 992 1339 1064 aliquid
1379 988 1737 1058 lEthiopibus
1784 983 1982 1040 fecisse

413 1095 561 1151 visus
593 1105 737 1147 sum.
773 1108 791 1139 ι
820 1086 886 1141 Ει
914 1087 1244 1155 alienigenas
1265 1079 1710 1152 deCappadocia,
1745 1087 1799 1131 et
1818 1076 1986 1146 Syros

415 1188 480 1241 de
504 1183 785 1238 Bothro?»
845 1180 1110 1235 Bothrum
1166 1175 1414 1232 nonnulli
1451 1173 1605 1227 aiunt
1661 1171 1822 1242 136
1876 1167 1984 1222 dici

409 1292 512 1347 pro
562 1278 630 1332 iis
674 1289 796 1346 quae
849 1288 996 1326 nunc
1048 1270 1392 1340 appellantur
1441 1267 1614 1326 Carae,
1675 1265 1810 1318 alias
1858 1277 1988 1317 vero

412 1368 680 1424 Cliarran.
738 1365 849 1435 Ego
909 1377 1037 1418 vero
1091 1366 1192 1416 hac
1267 1359 1540 1430 superﬂua
1598 1357 1988 1428 disquisitione

413 1462 638 1522 omissa,
699 1472 821 1527 quze
874 1455 1012 1510 nihil
1067 1455 1252 1508 sensui
1322 1451 1678 1521 intelligendo
1743 1446 1985 1519 prodest,

414 1549 729 1619 quicunque
751 1548 969 1600 demum
1010 1543 1098 1598 hic
1143 1544 1437 1598 denotetur
1479 1544 1656 1604 locus,
1709 1537 1990 1610 praesentis

416 1647 599 1695 textus
629 1634 995 1708 signiﬁcatum
1045 1649 1333 1704 exponam.
1384 1631 1594 1701 Quippe
1640 1629 1783 1682 haud
1817 1627 1984 1681 dicit:

417 1731 762 1802 Alienigenas
822 1742 892 1782 ex
943 1725 1289 1796 Cappadocia
1343 1725 1530 1786 eduxi,
1587 1728 1643 1776 et
1699 1720 1866 1791 Syros
1920 1733 1987 1772 ex

419 1822 652 1888 Bothro;
694 1817 790 1876 sed
811 1820 1160 1873 contrarium
1205 1816 1388 1886 potius
1413 1814 1666 1876 atlirmat,
1706 1828 1764 1868 se
1798 1825 1994 1880 nempe

420 1915 628 1971 nullum
661 1911 930 1982 ejusmodi
958 1909 1282 1965 beneficium
1313 1907 1436 1962 aliis
1461 1906 1785 1968 contulisse,
1806 1904 1992 1975 cujus-

421 2005 564 2061 modi
616 2001 915 2066 lsraelitis;
966 2001 1040 2053 ita
1081 2006 1142 2052 ut
1180 1997 1280 2053 bos
1326 1997 1664 2068 oportuisset
1699 1993 1993 2064 gratiorem

424 2114 532 2168 prae
559 2096 770 2152 czeteris
803 2093 1046 2148 animum
1081 2106 1211 2162 erga
1245 2090 1412 2146 Deum
1451 2103 1801 2144 conservare.
1823 2085 1991 2140 Nam-

419 2206 526 2262 que
557 2197 611 2246 et
649 2187 782 2242 illud
814 2185 1159 2257 exploratum
1208 2192 1314 2246 est,
1377 2181 1526 2253 quod
1554 2181 1600 2236 si
1637 2180 1780 2235 forte
1825 2177 1992 2234 etiam

423 2283 542 2336 illos
566 2279 682 2349 pari
717 2276 876 2332 modo
925 2277 980 2330 in
1019 2275 1325 2329 libertatem
1360 2272 1718 2334 vindicasset,
1767 2268 1995 2323 omnino

424 2373 819 2445 providentiam
874 2369 1170 2441 quamdam
1213 2368 1362 2422 circa
1404 2365 1624 2421 eosdem
1672 2361 1996 2417 adhibuisse

422 2468 650 2532 diceret,
706 2464 867 2533 cujus
921 2459 1279 2532 providentiae
1333 2473 1536 2528 scapus
1575 2455 1792 2510 cunctis
1835 2453 1994 2508 facile

423 2568 570 2615 esset
587 2563 930 2625 compertus.
981 2551 1088 2608 Sed
1119 2551 1267 2606 enim
1298 2549 1576 2615 lsraelem,
1633 2565 1743 2602 non
1779 2546 1994 2616 simpli-

425 2651 564 2705 citer
603 2656 820 2702 tantum
865 2661 929 2701 ex
971 2643 1208 2716 Egypto
1247 2641 1457 2707 eduxit,
1506 2640 1602 2696 sed
1655 2640 1826 2693 multa
1862 2652 1996 2694 cura

423 2744 507 2798 illi
561 2741 796 2807 adstitit,
867 2753 978 2808 quo
1026 2737 1284 2792 idoneum
1337 2734 1614 2796 redderet,
1674 2741 1736 2787 ut
1763 2749 1830 2787 ex
1875 2733 1999 2800 ipso

429 2834 577 2900 salus
610 2832 938 2890 universalis
983 2837 1270 2899 appareret
1303 2825 1559 2881 Christus
1608 2824 1889 2879 Dominus.

502 3103 640 3172 Ergo
709 3102 836 3172 quid
899 3100 1117 3155 demum
1181 3097 1349 3152 dicit?
1404 3097 1754 3166 Migrationes
1812 3097 1995 3152 multa:

423 3197 493 3252 de
526 3197 662 3250 locis
709 3196 761 3248 in
805 3193 910 3256 alia
948 3193 1064 3245 loca
1101 3190 1358 3258 fuerunt;
1398 3189 1565 3244 veluti
1610 3188 1854 3251 Tharraa,
1906 3190 2000 3259 qui

426 3287 570 3344 beati
622 3283 915 3340 Abrahami
975 3289 1127 3352 pater
1189 3280 1330 3340 fuit.
1405 3281 1606 3350 quique
1655 3281 1723 3335 de
1783 3282 2002 3351 regione

427 3377 808 3433 Chaldaaorutn
858 3387 1149 3443 egressus,
1194 3369 1250 3424 in
1293 3368 1538 3424 Cliarran
1596 3368 1881 3437 migravit,
1922 3375 2005 3421 at-

427 3485 535 3536 que
564 3469 638 3523 ibi
679 3465 877 3521 deinde
911 3472 1162 3517 mortuus
1205 3472 1308 3517 est.
1381 3459 1537 3516 Unde
1578 3469 1631 3514 et
1671 3460 1898 3531 contigit
1947 3469 2006 3514 ut

431 3565 618 3631 postea
645 3555 989 3609 Abrahamus
1021 3551 1280 3605 transiret
1302 3551 1359 3604 in
1392 3549 1754 3604 Palaestinam.
1777 3547 2006 3602 Constat

429 3653 594 3706 etiam
659 3647 876 3703 beatum
927 3643 1096 3698 Jaeob
1151 3642 1577 3708 cumuniversa
1620 3642 1879 3711 progenie
1950 3642 2007 3695 in

432 3739 727 3811 IEgyptum
786 3735 1082 3788 incolatum
1141 3747 1304 3788 suum
1361 3731 1737 3785 transtulisse.
1818 3729 2008 3785 Simile

431 3829 688 3900 quiddam
711 3833 765 3880 et
788 3825 911 3880 aliis
942 3824 1195 3893 contigit,
1235 3832 1292 3877 ut
1321 3822 1588 3877 credibile
1620 3830 1707 3876 est
1744 3841 1757 3875 :
1784 3830 1840 3877 et
1879 3821 2008 3892 qui-

433 3924 560 3979 dam
589 3919 657 3975 de
685 3916 992 3987 Capadocia
1012 3915 1238 3986 egressi,
1263 3923 1318 3970 et
1346 3915 1415 3969 ad
1438 3915 1558 3969 loca
1579 3914 2007 3984 alienigenarum

438 4016 762 4085 migrantes,
795 4009 942 4064 misti
976 4019 1104 4063 sunt
1129 4008 1258 4067 illis,
1313 4023 1548 4076 parsque
1586 4022 1776 4062 eorum
1819 4022 2010 4061 evase-

435 4114 587 4162 runt.
638 4103 715 4158 Ex
759 4101 960 4155 Botliro
1005 4100 1133 4154 item
1179 4100 1244 4154 ad
1300 4097 1469 4170 Syros
1518 4098 1611 4152 alii
1653 4100 2006 4169 transgressi,

436 4197 583 4270 apud
642 4210 740 4250 eos
806 4199 1150 4253 manserunt,
1207 4197 1415 4244 etcum
1475 4190 1611 4260 ipsis
1665 4191 2006 4244 coaluerunt.

440 4287 642 4344 Yolens
672 4287 858 4355 itaque
896 4281 1045 4337 Deus
1097 4281 1283 4335 dicere
1320 4280 1474 4350 137
1517 4281 1722 4334 nemini
1764 4296 1822 4335 se
1859 4288 2010 4334 tanta

2079 445 2190 499 μοι,
2226 427 2331 481 υἱοὶ
2373 415 2605 497 Ἰσραὴλ,
2642 424 2787 492 λέγει
2819 421 3053 494 Κύριος;
3079 439 3101 472 ›
3137 420 3210 473 Οὐ
3241 416 3642 489 παραπλησίους

2076 514 2320 584 Αἰθίοψιν
2358 514 2562 585 ἐθέμην
2602 513 2746 584 ὑμᾶς
2783 509 3040 582 ἐμαυτῷς
3090 504 3172 572 οῖς
3215 525 3278 577 γε
3313 507 3432 560 ούδέ
3469 507 3646 576 φαίνο-

2081 607 2176 676 μαί
2208 624 2260 659 τι
2293 606 2487 678 νείμας
2533 605 2811 675 ἐξαίρετον
2840 601 2970 672 ἐγώ.
3011 621 3031 653 ι
3060 602 3138 654 Οὐ
3171 600 3262 654 τὸν
3305 597 3518 669 Ἰσραὴλ
3553 599 3645 650 ἀν-

2079 701 2286 770 ήγαγον
2314 700 2378 752 ἐκ
2409 699 2514 768 γῆς
2558 696 2832 766 Αἰγύπτου
2854 712 2869 759 ;
2894 713 2913 746 ι
2961 691 3095 746 Οὐδὲ
3129 691 3240 763 γὰρ
3286 689 3474 760 ὥσπερ
3510 689 3648 759 ὑμᾶς

2081 791 2188 846 ἀπὸ
2216 791 2316 857 τῆς
2349 788 2622 858 Αἰγύπτου
2647 787 2843 850 λαϐὼν,
2883 785 2982 856 τῆς
3025 800 3084 837 τε
3110 782 3350 846 δουλείας
3375 779 3646 852 ἀπήλλαξα

2081 885 2180 956 τῆς
2212 884 2412 955 πικρᾶς
2457 882 2689 951 ἐκείνης,
2723 881 2817 933 καὶ
2860 880 2964 948 γῆς
3015 877 3270 947 ἀπέφηνα
3300 873 3564 943 τοσαύτης
3591 890 3647 925 τε

2083 977 2179 1031 καὶ
2203 975 2455 1044 τοιαύτης
2485 975 2702 1045 κυρίους
2724 972 2823 1040 τῆς
2853 973 2911 1024 ού
2935 968 3316 1043 προσηκούσης
3346 967 3494 1036 ὑμῖν,
3513 965 3649 1019 οὕτω

2083 1070 2144 1140 δή
2177 1085 2230 1120 τι
2263 1067 2390 1139 περὶ
2420 1066 2679 1128 Αἰθίοπας
2727 1063 2912 1134 ὤφθην
2954 1057 3284 1131 πεποιηκώς.
3345 1077 3364 1110 ί
3388 1057 3495 1110 Καὶ
3532 1057 3651 1119 τοὺς

2085 1159 2412 1230 ἀλλοφύλους
2437 1160 2501 1212 ἐκ
2522 1155 2939 1218 Καππαδοκίας,
2968 1154 3060 1209 καὶ
3082 1154 3208 1216 τοὺς
3231 1151 3438 1223 Σύρους
3472 1151 3535 1203 ἐκ
3558 1148 3652 1202 Βόα

2088 1255 2346 1326 θρουθθ)
2369 1271 2382 1315 ;
2409 1273 2427 1305 ι
2467 1252 2540 1305 Τὸ
2581 1253 2677 1322 μὲν
2707 1254 2770 1304 ἐκ
2799 1249 2998 1318 Βόθρου
3017 1248 3095 1318 (p.
3128 1245 3255 1312 206)
3279 1244 3426 1309 τινὲς
3454 1243 3653 1312 ἔφασαν

2087 1347 2359 1416 λέγεσθαι,
2399 1345 2694 1408 τουτέστιν,
2722 1345 2786 1396 ἐκ
2811 1340 3010 1412 Καρῶν
3042 1337 3152 1408 (50)
3175 1337 3275 1407 τῆς
3299 1336 3394 1391 νῦν
3418 1335 3555 1388 οὕτω
3572 1334 3653 1386 λε-

2089 1440 2346 1512 γομένης,
2389 1437 2516 1492 ποτὲ
2573 1437 2630 1490 δὲ
2660 1434 2882 1506 Χαρῤἀν
2912 1452 2924 1465 ·
2975 1431 3236 1504 περιττὴν
3277 1429 3334 1483 δὲ
3372 1423 3533 1482 οὖσαν
3559 1427 3656 1496 τὴν

2088 1531 2468 1604 ἀκριϐολογίαν
2491 1529 2694 1598 ταύτην
2719 1527 2896 1596 ἀφεὶς,
2938 1523 3013 1595 τῷ
3046 1523 3208 1594 μηδὲν
3242 1520 3380 1591 πρὸς
3406 1520 3466 1573 τὸ
3487 1518 3653 1589 νόημα

2094 1624 2384 1686 συντελεῖν,
2415 1623 2562 1684 ὅστις
2588 1620 2715 1673 ποτὲ
2755 1619 2820 1672 ἂν
2849 1620 2877 1670 ὁ
2901 1615 3228 1686 δηλούμενος
3248 1613 3410 1674 τόπος
3438 1613 3494 1663 ἐν
3539 1608 3656 1662 τού-

2089 1733 2201 1778 τοις
2230 1713 2286 1787 ᾗ,
2321 1715 2381 1768 τὸ
2419 1711 2813 1784 σημαινόμενον
2845 1709 2934 1761 ἐπὶ
2963 1704 3056 1758 τοῦ
3101 1704 3373 1774 παρόντος
3407 1700 3514 1772 ἐρῶ
3535 1716 3548 1729 ·
3596 1699 3654 1751 ού

2091 1811 2198 1881 γὰρ
2243 1809 2400 1861 τοῦτο
2433 1806 2601 1875 λέγει,
2632 1805 2713 1858 ὅτι
2755 1802 2894 1864 Τοὺς
2933 1797 3260 1867 ἀλλοφύλους
3299 1795 3566 1864 ἀνήγαγον
3596 1793 3656 1844 ἐκ

2091 1901 2506 1962 Καππαδοκίας,
2561 1899 2654 1950 καὶ
2695 1896 2818 1957 τοὺς
2847 1891 3050 1963 Σύρους
3087 1893 3150 1943 ἐκ
3189 1888 3393 1958 Βόθρου
3419 1903 3432 1916 ’
3466 1886 3525 1938 τὺ
3554 1885 3656 1956 γὰρ

2093 1994 2330 2050 ἐναντίον
2363 1992 2608 2063 βούλεται
2654 1986 2948 2046 δεικνῦναι,
2983 1985 3066 2036 ὅτι
3099 1982 3253 2035 ούθὲν
3282 1979 3490 2033 τοιοῦτο
3526 1995 3656 2049 παρ-

2094 2090 2324 2159 έσχηκεν
2358 2085 2582 2157 ἑτέροις,
2625 2076 2736 2135 οἷον
2771 2080 2836 2151 δὴ
2876 2077 3104 2140 τούτοις,
3147 2073 3290 2128 ὥστε
3323 2073 3540 2144 μείζονα
3571 2072 3654 2123 καὶ

2093 2181 2245 2250 παρὰ
2268 2178 2470 2232 τούτων
2498 2177 2596 2246 τὴν
2624 2171 3040 2243 εὐγνωμοσύνην
3070 2171 3149 2233 είς
3171 2167 3334 2221 αὑτὸν
3364 2165 3513 2236 παρά
3533 2163 3655 2218 πάν-

2091 2292 2190 2338 τας
2234 2273 2428 2344 χρῇναι
2475 2265 2867 2339 φυλάττεσθαι·
2920 2263 3078 2334 δήλου
3109 2278 3174 2330 γε
3206 2259 3361 2322 ὖντος
3394 2256 3654 2318 κάκείνου,

2094 2367 2169 2431 ὡς
2199 2366 2356 2436 εἴπερ
2378 2360 2667 2430 ἀναγαγὼν
2693 2355 2760 2430 ἦν
2791 2359 2884 2411 καὶ
2907 2356 3124 2427 ἐτέρους
3150 2349 3542 2424 παραπλησίως
3555 2346 3659 2400 τού-

2093 2479 2227 2524 τοις,
2253 2459 2467 2521 πάντως
2496 2456 2560 2511 ἄν
2579 2471 2698 2507 τινα
2724 2453 2819 2505 καὶ
2849 2450 3103 2522 πρόνοιαν
3131 2445 3287 2514 ἔλεγε
3314 2443 3445 2515 περὶ⁵
3467 2442 3652 2503 αὐτοὺς

2095 2549 2442 2622 γεγενῆσθαι,
2481 2546 2618 2618 μετά
2647 2543 2739 2597 τοῦ
2775 2542 2869 2597 καὶ
2913 2542 3011 2612 τῆς
3061 2537 3318 2611 προνοίας
3347 2535 3438 2588 τὸν
3474 2531 3658 2587 σκοπὸν

2097 2646 2396 2714 εὔγνωστον
2442 2642 2647 2696 ἅπασιν
2686 2633 2823 2690 εἶναι
2849 2651 2864 2664 ·
2911 2633 3031 2689 ἐπεὶ
3060 2632 3274 2684 καὶτὸν
3319 2626 3529 2699 Ἰσραὴλ
3571 2625 3658 2693 οὐχ

2099 2737 2284 2800 ἁπλῶς
2329 2734 2572 2804 ἀνήγαγε
2599 2731 2698 2801 τῆς
2727 2727 3027 2796 Αἰγύπτου,
3050 2722 3162 2777 ἀλλ’
3194 2721 3337 2774 ὥστε
3364 2721 3449 2774 διά
3477 2717 3659 2786 πολλῆς

2098 2829 2326 2900 ἀγαγὼν
2358 2829 2456 2898 τῆς
2493 2822 2832 2895 ἐπιμελείας,
2865 2813 3516 2888 ἐπιτήδειονέργάσασθαι
3539 2809 3658 2880 πρὸς

2101 2923 2162 2975 τὸ
2191 2920 2396 2975 ἐκεῖθεν
2433 2920 2533 2987 τὴν
2571 2915 2824 2970 ἀπάντων
2864 2910 3097 2980 φανῆναι
3124 2905 3420 2977 σωτηρίαν,
3451 2903 3540 2956 τὸν
3573 2903 3657 2952 Δε-

2109 3002 2313 3072 σπότην
2339 3005 2588 3078 Χριστόν.

2171 3103 2237 3156 Τί
2271 3097 2364 3155 οὖν
2405 3101 2555 3153 ἐστιν
2585 3097 2612 3151 ὅ
2641 3110 2806 3166 φησι;
2846 3092 3215 3153 Μεταστάσεις
3248 3087 3494 3140 πλεῖσται
3521 3082 3660 3153 γεγό-

2101 3212 2222 3248 νασι
2261 3195 2325 3246 ἐκ
2363 3192 2542 3244 τόπων
2583 3190 2662 3252 εἰς
2691 3187 2920 3248 τόπους·
2955 3178 3066 3249 οἷον
3099 3182 3162 3252 δή
3195 3199 3249 3233 τι
3281 3181 3375 3235 καὶ
3408 3177 3552 3250 παρὰ
3575 3174 3658 3228 τοῦ

2102 3288 2290 3356 adeps
2336 3281 2429 3336 τοῦ
2471 3278 2679 3350 πατρὸς
2705 3275 2800 3328 τοῦ
2835 3273 3103 3346 μακαρίου
3145 3270 3373 3338 γέγονεν
3410 3265 3656 3338 Ἀϐραὰμ,

2103 3376 2406 3442 ἐξελθόντος
2435 3373 2532 3443 μὲν
2579 3373 2643 3423 ἐκ
2671 3368 2774 3438 γῆς
2797 3366 3098 3427 Χαλδαίων,
3136 3362 3460 3432 ἐληλυθότος
3494 3359 3548 3412 δὲ
3591 3359 3660 3418 εἰς

2104 3466 2350 3542 Χαρρὰν,
2401 3461 2519 3518 εἶτα
2566 3458 3012 3530 τετελευτηκότος
3055 3455 3279 3510 αὐτόθι·
3329 3454 3450 3506 ὅθεν
3481 3449 3540 3520 δὴ
3577 3446 3659 3500 καὶ

2109 3559 2436 3630 μεταστῆναι
2470 3555 2657 3624 γέγονε
2691 3551 2878 3604 λοιπὸν
2901 3549 2990 3602 τὸν
3030 3547 3285 3620 Ἀϐραὰμ
3321 3545 3413 3599 ἐπὶ
3448 3543 3541 3612 τὴν
3561 3541 3660 3593 Πα-

2105 3629 2382 3718 λαιστίνην
2402 3666 2413 3676 ·
2450 3647 2549 3699 οὐκ
2581 3644 2772 3714 ἄδηλον
2795 3642 2851 3694 δὲ
2893 3641 2966 3701 ὡς
2993 3641 3086 3692 καὶ
3121 3641 3149 3692 ὁ
3179 3639 3448 3708 μακάριος
3483 3629 3661 3686 Ἰακὼϐ

2110 3741 2247 3813 μετά
2286 3742 2501 3794 πάντων
2538 3740 2613 3806 (p.
2640 3734 2767 3803 207)
2805 3733 2914 3786 τῶν
2965 3730 3354 3802 προσηκόντων
3403 3724 3545 3795 αὐτῷ
3579 3723 3660 3774 ἐπὶ

2107 3836 2205 3904 τὴν
2229 3834 2497 3900 Αἴγυπτον
2526 3827 2778 3898 μετέστη.
2807 3823 3041 3877 Τοσοῢτο
3069 3823 3129 3890 δή
3159 3839 3211 3874 τι
3228 3821 3418 3889 γέγονε
3441 3818 3528 3870 καὶ
3549 3813 3658 3882 περὶ

2109 3901 2329 3994 ἐτέρους
2355 3920 2430 3983 ὡς
2453 3919 2598 3981 εἰκός
2619 3932 2631 3944 ·
2685 3915 2780 3970 καί
2805 3930 2949 3976 τινες
2971 3913 3036 3965 ἐκ
3074 3909 3472 3968 Καππαδοκίας
3503 3901 3660 3975 ὁρμώ-

2114 4032 2282 4086 μενοι,
2315 4014 2406 4065 aut
2432 4010 2557 4072 τοὺς
2582 4007 2780 4069 τόπους
2810 4004 2917 4058 τῶν
2950 4001 3264 4072 ἀλλοφύλων
3296 3997 3656 4071 μεταστάντες,

2109 4085 2546 4174 ἐγκατεμίγησαν
2574 4097 2801 4158 ἐκείνοις
2835 4095 2929 4147 καὶ
2957 4093 3246 4161 γεγόνασιν
3270 4089 3448 4142 αὐτῶν
3481 4085 3656 4156 μέρος’

2111 4200 2174 4250 ἐκ
2191 4194 2290 4247 Βόθ
2300 4211 2390 4264 ρου
2407 4208 2464 4244 τε
2482 4189 2640 4243 πάλιν
2653 4188 2731 4249 εἰς
2748 4185 2952 4256 Σύρους
2967 4185 3141 4253 ἕτεροι
3158 4169 3659 4252 μεταστάντες,παρ’

2110 4263 2374 4347 αὐτοῖςτε
2401 4281 2692 4350 διέμειναν,
2721 4277 2811 4330 καὶ
2851 4273 2950 4345 τὴν
2994 4270 3273 4342 ἐπιμιξίαν
3307 4268 3546 4332 ἐδέξαντο
3572 4263 3659 4332 τὴν

449 4379 715 4438 beneﬁcia
751 4375 1028 4446 largitum,
1051 4379 1255 4443 quanta
1304 4372 1585 4436 lsraelitis,
1627 4373 1803 4442 primo
1842 4377 1916 4426 ait
1949 4389 1996 4427 se

2113 4376 2246 4447 πρὸς
2279 4371 2521 4432 ἐκείνους
2543 4386 2556 4400 ·
2609 4365 2931 4436 βουλόμενος
2960 4362 3139 4417 τοίνυν
3172 4362 3346 4413 εἰπεῖν
3374 4360 3404 4411 ὁ
3427 4355 3570 4416 Θεὸς,
3577 4353 3660 4460 ἔτι

439 4491 535 4531 eos
562 4472 708 4528 haud
736 4438 1224 4536 illo'ordine'apud
1247 4481 1306 4521 se
1329 4465 1608 4527 habuisse,
1630 4438 1758 4534 vquo
1788 4463 1996 4519 1Etbio-

2118 4464 2303 4537 μηδενὶ
2341 4459 2561 4514 τοιαῦτα
2612 4453 2928 4526 δεδώρηται,
2966 4451 3125 4506 ὁποῖά
3171 4467 3279 4521 περ
3321 4449 3513 4509 αὐτοῖς,
3551 4438 3657 4496 εἷπε

440 4580 557 4634 pes,
588 4578 616 4616 a
643 4569 795 4631 parte
841 4558 1052 4612 scilicet
1082 4565 1310 4612 cunctas
1351 4564 1541 4624 gentes
1573 4554 2007 4609 denotansztum

439 4657 624 4711 dicere
673 4653 851 4723 pergit
903 4667 965 4706 se
1013 4650 1222 4705 nullius
1270 4662 1458 4717 parem
1515 4661 1756 4716 unquam
1820 4661 2014 4700 curam

442 4743 707 4814 gessisse;
735 4742 894 4798 Solos
919 4743 1062 4797 enim
1085 4756 1184 4797 vos
1208 4737 1446 4809 [Egypto
1473 4737 1639 4792 eduxi
1663 4737 1852 4791 multis
1883 4751 2008 4789 cum

434 4833 720 4888 miraculis
751 4840 804 4885 ct
836 4831 1113 4899 insperato
1164 4842 1390 4899 prorsus
1434 4826 1627 4897 agendi
1669 4825 1831 4880 modo
1867 4844 1882 4880 :
1913 4825 2010 4878 de-

442 4924 682 4989 duxique
711 4923 766 4974 in
808 4923 970 4975 talem
1009 4930 1327 4989 tantamque
1374 4917 1674 4988 regionem,
1721 4917 1882 4987 cujus
1914 4932 2012 4972 vos

443 5011 695 5068 dominos
743 5010 844 5063 feci
888 5025 1198 5080 quanquam
1252 5010 1404 5064 nullo
1452 5008 1583 5079 jure
1611 5007 1680 5062 ad
1715 5023 1814 5063 vos
1849 5009 2015 5077 perti-

445 5099 651 5157 nentis.
680 5097 864 5167 Neque
894 5107 1073 5152 tamen
1103 5099 1167 5151 ad
1194 5099 1507 5168 praedictam
1535 5107 1740 5153 terram
1762 5113 1825 5152 eo
1850 5098 2016 5152 modo

452 5183 803 5258 pervenistis,
837 5201 945 5254 quo
974 5187 1289 5256 alienigena:
1307 5203 1373 5242 ex
1394 5187 1740 5259 Cappadocia
1759 5189 2015 5254 miscelli,

445 5277 532 5330 vel
560 5274 684 5346 Syri
710 5273 776 5329 de
799 5273 1021 5339 Bothro,
1045 5285 1346 5344 venerunt;
1365 5279 1567 5334 etenim
1587 5279 1643 5334 hi
1658 5279 2012 5350 migrationes

519 5387 872 5471 (39),..36999"
913 5387 1002 5457 hic.
1046 5389 1609 5471 iqleiligere‘videtur
1649 5406 2010 5471 nomen__pro-

451 5457 627 5528 pri'uui
648 5457 970 5538 Theodorus
994 5460 1326 5538 probabilius
1349 5459 1604 5538 fortasse,
1638 5477 1798 5538 quam
1823 5457 2010 5538 iliero-

453 5545 684 5599 uymns,
730 5529 819 5593 qui
854 5529 1240 5597 appellativum
1297 5530 1438 5599 apud
1468 5530 1609 5585 LXX
1631 5529 1916 5598 judicabat
1955 5534 2008 5586 in

453 5613 652 5677 tumulti.
697 5601 762 5651 ad
801 5599 944 5650 hunc
985 5600 1186 5677 locum.
1211 5670 1221 5677 _
1249 5599 1325 5653 En
1364 5602 1527 5654 verba
1559 5620 1571 5654 :
1621 5602 1729 5654 Pro
1785 5600 2004 5669 Cyrene,

451 5669 645 5732 Aquila
689 5677 735 5720 et
767 5680 947 5736 quinta
1000 5668 1163 5722 editio
1205 5670 1373 5738 ipsum
1432 5671 1639 5724 verbum
1692 5668 2006 5726 Hebraicth

2119 4557 2238 4628 μὲν,
2261 4555 2341 4607 ὅτι
2359 4553 2472 4605 Ούκ
2501 4552 2558 4602 ἐν
2575 4547 2724 4614 τάξει
2741 4547 2895 4616 ἔσχον
2923 4546 3065 4614 ὑμᾶς
3080 4543 3373 4603 Αἰθιόπων,
3391 4542 3452 4592 ἐκ
3481 4537 3658 4608 μέρους

2114 4625 2183 4702 τὰ
2213 4645 2342 4715 ἔθνη
2381 4641 2697 4713 βουλόμενος
2726 4639 2941 4692 ἅπαντα
2986 4638 3192 4689 εἰπεῖν’
3236 4635 3329 4687 καὶ
3360 4633 3439 4685 ὅτι
3477 4625 3660 4700 μηδένα

2111 4736 2221 4790 τῶν
2253 4733 2431 4788 αὐτῶν
2459 4730 2694 4796 ἀξιώσας
2708 4722 2886 4781 ὦπταί
2909 4741 3059 4780 ποτε·
3103 4726 3400 4796 ’Δνήγαγον
3420 4722 3540 4790 γὰρ.
3570 4733 3659 4784 φη-

2118 4831 2221 4891 σίν,
2253 4828 2396 4897 ὑμᾶς
2421 4824 2611 4895 μόνους
2641 4824 2705 4875 ἐκ
2730 4821 2829 4890 τῆς
2853 4819 3151 4886 Αἰγύπτου,
3191 4817 3330 4885 μετά
3358 4811 3552 4866 πολλῶν
3574 4807 3660 4879 μὲν

2115 4920 2429 4991 θαυμάτων,
2479 4914 2680 4983 πολλῆς
2703 4912 2761 4965 δὲ
2789 4911 3245 4983 παραδοξοποιίας
3263 4927 3275 4938 ·
3296 4905 3492 4978 ῆγαγόν
3510 4919 3564 4954 τε
3591 4899 3662 4958 είς

2114 5017 2215 5086 γῆν
2247 5009 2512 5078 τοσαύτην
2535 5007 2626 5069 καὶ
2650 5004 3001 5075 τηλικαύτην,
3031 4999 3096 5072 ἦς
3128 5002 3273 5071 ὑμᾶς
3301 4998 3543 5065 ἀπέφηνα
3573 5007 3656 5045 κυ-

2121 5081 2266 5177 ρίους
2289 5102 2438 5155 οὐδὲν
2468 5100 2596 5169 ὑμῖν
2624 5094 3007 5168 προσηκούσης
3029 5109 3042 5122 '
3077 5093 3139 5146 ού
3175 5093 3280 5162 μὴν
3301 5089 3418 5144 οὐδὲ
3446 5090 3519 5148 είς
3544 5081 3656 5135 ταύο

2116 5170 2217 5265 την
2258 5191 2430 5252 οὕτως
2473 5185 2792 5257 ἐληλύθατε,
2825 5183 3014 5250 ὥσπερ
3041 5183 3091 5233 οἱ
3123 5178 3404 5248 ἀλλόφυλοι
3432 5178 3492 5228 ἐκ
3518 5170 3660 5224 Καπ-

2118 5284 2381 5347 παδοκίας
2422 5277 2864 5352 ἐπιμεμιγμένοι,
2898 5275 2931 5346 ἢ
2974 5278 3036 5328 ἐκ
3068 5275 3269 5345 Βόθρου
3297 5273 3405 5333 τοῖς
3450 5265 3620 5333 Σύροις
3643 5273 3655 5286 ⁸

2116 5405 2404 5468 posuerunt
2430 5393 2586 5468 CIR:
2635 5393 2960 5468 septuaginta
2993 5391 3218 5468 foveam,
3256 5385 3310 5438 id
3351 5392 3428 5437 est

2124 5449 2410 5525 Ῠίιεέίιίοιίο
2438 5449 2723 5532 parietem}
2765 5449 3114 5530 Sjmmarhus
3138 5459 3410 5529 Cyrenem,
3451 5449 3586 5522 quem
3615 5449 3656 5496 cl

2119 5558 2213 5596 nos
2242 5542 2296 5592 in
2325 5543 2418 5590 hoc
2446 5537 2558 5588 loco
2581 5536 2744 5589 secuti
2783 5550 2984 5585 smnus.

2193 5610 2305 5681 ('50)
2341 5606 2602 5664 Videlicet
2632 5622 2695 5660 ex
2733 5603 2999 5659 llebraico
3036 5611 3158 5692 “up.
