  <div class='ocr_page' id='page_1' title='image "/cluster/home/n/w/nwhite01/storage/ocr_20150623/66/nnc1.0021886636/188.png"; bbox 0 0 3824 6224; ppageno 0'>
   <div class='ocr_carea' id='block_1_1' title="bbox 206 300 302 376">
    <p class='ocr_par' dir='ltr' id='par_1_1' title="bbox 206 300 302 376">
     <span class='ocr_line' id='line_1_1' title="bbox 206 300 302 376; baseline -0.01 0"><span class='ocrx_word' id='word_1_1' title='bbox 206 300 302 376; x_wconf 75' lang='grc' dir='ltr'><strong>εοι</strong></span> 
     </span>
    </p>
   </div>
   <div class='ocr_carea' id='block_1_2' title="bbox 1192 309 2389 370">
    <p class='ocr_par' dir='ltr' id='par_1_2' title="bbox 1192 309 2389 370">
     <span class='ocr_line' id='line_1_2' title="bbox 1192 309 2389 370; baseline -0.006 0"><span class='ocrx_word' id='word_1_2' title='bbox 1192 313 1732 370; x_wconf 76' lang='lat' dir='ltr'><strong>COMMENTARIUS</strong></span> <span class='ocrx_word' id='word_1_3' title='bbox 1772 310 1836 365; x_wconf 80' lang='lat' dir='ltr'><strong>IN</strong></span> <span class='ocrx_word' id='word_1_4' title='bbox 1876 310 2086 366; x_wconf 77' lang='lat' dir='ltr'><strong>AMOSI</strong></span> <span class='ocrx_word' id='word_1_5' title='bbox 2122 309 2271 366; x_wconf 79' lang='lat' dir='ltr'><strong>CAP.</strong></span> <span class='ocrx_word' id='word_1_6' title='bbox 2305 309 2389 363; x_wconf 75' lang='lat' dir='ltr'><strong>IX.</strong></span> 
     </span>
    </p>
   </div>
   <div class='ocr_carea' id='block_1_3' title="bbox 3344 297 3451 354">
    <p class='ocr_par' dir='ltr' id='par_1_3' title="bbox 3344 297 3451 354">
     <span class='ocr_line' id='line_1_3' title="bbox 3344 297 3451 354; baseline -0.009 0"><span class='ocrx_word' id='word_1_7' title='bbox 3344 297 3451 354; x_wconf 69' lang='lat'><strong>30?.</strong></span> 
     </span>
    </p>
   </div>
   <div class='ocr_carea' id='block_1_4' title="bbox 206 416 1777 506">
    <p class='ocr_par' dir='ltr' id='par_1_4' title="bbox 206 428 1777 506">
     <span class='ocr_line' id='line_1_4' title="bbox 206 428 1777 506; baseline -0.004 -19"><span class='ocrx_word' id='word_1_8' title='bbox 206 434 565 506; x_wconf 75' lang='grc' dir='ltr'><strong>μεταστάσεις</strong></span> <span class='ocrx_word' id='word_1_9' title='bbox 599 430 706 501; x_wconf 85' lang='grc' dir='ltr'><strong>γάρ</strong></span> <span class='ocrx_word' id='word_1_10' title='bbox 738 446 888 493; x_wconf 86' lang='grc' dir='ltr'>τινας</span> <span class='ocrx_word' id='word_1_11' title='bbox 924 429 1406 500; x_wconf 78' lang='grc' dir='ltr'>ύπομεμενήκασιν</span> <span class='ocrx_word' id='word_1_12' title='bbox 1446 431 1664 495; x_wconf 78' lang='grc' dir='ltr'>ἐκεῖνοι,</span> <span class='ocrx_word' id='word_1_13' title='bbox 1698 428 1777 480; x_wconf 75' lang='grc' dir='ltr'>ού-</span> 
     </span>
    </p>
   </div>
   <div class='ocr_carea' id='block_1_5' title="bbox 1883 416 3451 506">
    <p class='ocr_par' dir='ltr' id='par_1_5' title="bbox 1887 416 3451 496">
     <span class='ocr_line' id='line_1_5' title="bbox 1887 416 3451 496; baseline -0.007 -16"><span class='ocrx_word' id='word_1_14' title='bbox 1887 426 2151 496; x_wconf 88' lang='lat' dir='ltr'><strong>quasdam</strong></span> <span class='ocrx_word' id='word_1_15' title='bbox 2187 425 2461 484; x_wconf 87' lang='lat' dir='ltr'><strong>fecerunt,</strong></span> <span class='ocrx_word' id='word_1_16' title='bbox 2519 420 2655 475; x_wconf 85' lang='lat' dir='ltr'><strong>nihil</strong></span> <span class='ocrx_word' id='word_1_17' title='bbox 2686 418 2934 473; x_wconf 77' lang='lat' dir='ltr'><strong>mirabile</strong></span> <span class='ocrx_word' id='word_1_18' title='bbox 2959 416 3244 478; x_wconf 86' lang='lat' dir='ltr'><strong>habentes,</strong></span> <span class='ocrx_word' id='word_1_19' title='bbox 3274 430 3451 484; x_wconf 89' lang='lat' dir='ltr'><strong>neque</strong></span> 
     </span>
    </p>
   </div>
   <div class='ocr_carea' id='block_1_6' title="bbox 205 518 1784 592">
    <p class='ocr_par' dir='ltr' id='par_1_6' title="bbox 205 518 1784 592">
     <span class='ocr_line' id='line_1_6' title="bbox 205 518 1784 592; baseline -0.005 -15"><span class='ocrx_word' id='word_1_20' title='bbox 205 524 294 577; x_wconf 80' lang='grc' dir='ltr'><strong>δὲν</strong></span> <span class='ocrx_word' id='word_1_21' title='bbox 341 524 571 592; x_wconf 76' lang='grc' dir='ltr'>ἐχούσας</span> <span class='ocrx_word' id='word_1_22' title='bbox 618 520 949 591; x_wconf 80' lang='grc' dir='ltr'>παράδοξον,</span> <span class='ocrx_word' id='word_1_23' title='bbox 995 520 1116 572; x_wconf 81' lang='grc' dir='ltr'>οὐδέ</span> <span class='ocrx_word' id='word_1_24' title='bbox 1154 536 1274 571; x_wconf 87' lang='grc' dir='ltr'>τινα</span> <span class='ocrx_word' id='word_1_25' title='bbox 1322 519 1460 589; x_wconf 83' lang='grc' dir='ltr'>ἐμὴν</span> <span class='ocrx_word' id='word_1_26' title='bbox 1509 518 1784 588; x_wconf 73' lang='grc' dir='ltr'>ἐξαίρετον</span> 
     </span>
    </p>
   </div>
   <div class='ocr_carea' id='block_1_7' title="bbox 207 608 1782 684">
    <p class='ocr_par' dir='ltr' id='par_1_7' title="bbox 207 608 1782 684">
     <span class='ocr_line' id='line_1_7' title="bbox 207 608 1782 684; baseline -0.006 -16"><span class='ocrx_word' id='word_1_27' title='bbox 207 615 522 684; x_wconf 74' lang='grc' dir='ltr'>ἐπιμέλειαν</span> <span class='ocrx_word' id='word_1_28' title='bbox 559 611 845 673; x_wconf 88' lang='grc' dir='ltr'>δεικνύσας</span> <span class='ocrx_word' id='word_1_29' title='bbox 883 610 1011 680; x_wconf 80' lang='grc' dir='ltr'>περὶ</span> <span class='ocrx_word' id='word_1_30' title='bbox 1060 610 1255 673; x_wconf 86' lang='grc' dir='ltr'>αὐτούς</span> <span class='ocrx_word' id='word_1_31' title='bbox 1280 625 1295 639; x_wconf 88' lang='grc'><strong>·</strong></span> <span class='ocrx_word' id='word_1_32' title='bbox 1338 611 1471 679; x_wconf 87' lang='grc' dir='ltr'>πρὸς</span> <span class='ocrx_word' id='word_1_33' title='bbox 1495 608 1573 677; x_wconf 83' lang='grc' dir='ltr'>τῷ</span> <span class='ocrx_word' id='word_1_34' title='bbox 1604 608 1698 660; x_wconf 73' lang='grc' dir='ltr'>καὶ</span> <span class='ocrx_word' id='word_1_35' title='bbox 1725 608 1782 658; x_wconf 84' lang='grc' dir='ltr'><strong>ἐν</strong></span> 
     </span>
    </p>
   </div>
   <div class='ocr_carea' id='block_1_8' title="bbox 207 694 1780 777">
    <p class='ocr_par' dir='ltr' id='par_1_8' title="bbox 207 694 1780 777">
     <span class='ocr_line' id='line_1_8' title="bbox 207 694 1780 777; baseline -0.006 -18"><span class='ocrx_word' id='word_1_36' title='bbox 207 704 563 777; x_wconf 77' lang='grc' dir='ltr'><strong>προσηλύτων</strong></span> <span class='ocrx_word' id='word_1_37' title='bbox 586 701 735 766; x_wconf 80' lang='grc' dir='ltr'>τάξει</span> <span class='ocrx_word' id='word_1_38' title='bbox 760 702 967 768; x_wconf 78' lang='grc' dir='ltr'><strong>διάγειν</strong></span> <span class='ocrx_word' id='word_1_39' title='bbox 996 702 1211 764; x_wconf 77' lang='grc' dir='ltr'>αὐτοὺς,</span> <span class='ocrx_word' id='word_1_40' title='bbox 1244 702 1371 770; x_wconf 85' lang='grc' dir='ltr'>παρ’</span> <span class='ocrx_word' id='word_1_41' title='bbox 1397 694 1591 769; x_wconf 74' lang='grc' dir='ltr'>οἷσπέρ</span> <span class='ocrx_word' id='word_1_42' title='bbox 1612 700 1748 751; x_wconf 87' lang='grc' dir='ltr'>εἰσιν</span> <span class='ocrx_word' id='word_1_43' title='bbox 1765 714 1780 729; x_wconf 74' lang='grc' dir='ltr'><strong>ο</strong></span> 
     </span>
    </p>
   </div>
   <div class='ocr_carea' id='block_1_9' title="bbox 208 788 1784 867">
    <p class='ocr_par' dir='ltr' id='par_1_9' title="bbox 208 788 1784 867">
     <span class='ocr_line' id='line_1_9' title="bbox 208 788 1784 867; baseline -0.006 -17"><span class='ocrx_word' id='word_1_44' title='bbox 208 798 353 867; x_wconf 65' lang='grc' dir='ltr'>ὑμᾶς</span> <span class='ocrx_word' id='word_1_45' title='bbox 384 796 441 849; x_wconf 85' lang='grc' dir='ltr'>δὲ</span> <span class='ocrx_word' id='word_1_46' title='bbox 469 795 623 865; x_wconf 83' lang='grc' dir='ltr'>δῆλον</span> <span class='ocrx_word' id='word_1_47' title='bbox 652 794 751 863; x_wconf 83' lang='grc' dir='ltr'><strong>μὲν</strong></span> <span class='ocrx_word' id='word_1_48' title='bbox 796 792 910 863; x_wconf 84' lang='grc' dir='ltr'>μεθ’</span> <span class='ocrx_word' id='word_1_49' title='bbox 939 794 1077 846; x_wconf 81' lang='grc' dir='ltr'>ὅσων</span> <span class='ocrx_word' id='word_1_50' title='bbox 1120 792 1372 857; x_wconf 73' lang='grc' dir='ltr'>ἐξέϐαλον</span> <span class='ocrx_word' id='word_1_51' title='bbox 1417 790 1526 843; x_wconf 74' lang='grc' dir='ltr'>τῶν</span> <span class='ocrx_word' id='word_1_52' title='bbox 1572 788 1784 859; x_wconf 88' lang='grc' dir='ltr'>θαυμά-</span> 
     </span>
    </p>
   </div>
   <div class='ocr_carea' id='block_1_10' title="bbox 209 867 1785 953">
    <p class='ocr_par' dir='ltr' id='par_1_10' title="bbox 209 867 1785 953">
     <span class='ocr_line' id='line_1_10' title="bbox 209 867 1785 953; baseline -0.005 -13"><span class='ocrx_word' id='word_1_53' title='bbox 209 905 316 940; x_wconf 87' lang='grc' dir='ltr'>των</span> <span class='ocrx_word' id='word_1_54' title='bbox 333 905 346 916; x_wconf 93' lang='grc'><strong>·</strong></span> <span class='ocrx_word' id='word_1_55' title='bbox 384 888 529 948; x_wconf 83' lang='grc' dir='ltr'>ὅπως</span> <span class='ocrx_word' id='word_1_56' title='bbox 556 885 611 937; x_wconf 83' lang='grc' dir='ltr'>δὲ</span> <span class='ocrx_word' id='word_1_57' title='bbox 645 867 903 953; x_wconf 85' lang='grc' dir='ltr'>διήγαγον</span> <span class='ocrx_word' id='word_1_58' title='bbox 923 883 1021 953; x_wconf 83' lang='grc' dir='ltr'>τὴν</span> <span class='ocrx_word' id='word_1_59' title='bbox 1047 881 1271 953; x_wconf 83' lang='grc' dir='ltr'>ἔρημον,</span> <span class='ocrx_word' id='word_1_60' title='bbox 1306 882 1454 943; x_wconf 86' lang='grc' dir='ltr'>ὅπως</span> <span class='ocrx_word' id='word_1_61' title='bbox 1477 879 1532 932; x_wconf 83' lang='grc' dir='ltr'>δὲ</span> <span class='ocrx_word' id='word_1_62' title='bbox 1561 881 1785 950; x_wconf 84' lang='grc' dir='ltr'>εἰσήγα-</span> 
     </span>
    </p>
   </div>
   <div class='ocr_carea' id='block_1_11' title="bbox 208 970 1782 1046">
    <p class='ocr_par' dir='ltr' id='par_1_11' title="bbox 208 970 1782 1046">
     <span class='ocr_line' id='line_1_11' title="bbox 208 970 1782 1046; baseline -0.006 -15"><span class='ocrx_word' id='word_1_63' title='bbox 208 996 306 1045; x_wconf 86' lang='grc' dir='ltr'><strong>γον</strong></span> <span class='ocrx_word' id='word_1_64' title='bbox 354 980 433 1041; x_wconf 87' lang='grc' dir='ltr'>εἱς</span> <span class='ocrx_word' id='word_1_65' title='bbox 473 977 571 1046; x_wconf 77' lang='grc' dir='ltr'>τὴν</span> <span class='ocrx_word' id='word_1_66' title='bbox 619 976 721 1046; x_wconf 79' lang='grc' dir='ltr'>γῆν</span> <span class='ocrx_word' id='word_1_67' title='bbox 766 974 868 1043; x_wconf 79' lang='grc' dir='ltr'>τῆς</span> <span class='ocrx_word' id='word_1_68' title='bbox 910 973 1260 1040; x_wconf 84' lang='grc' dir='ltr'>ἐπαγγελίας,</span> <span class='ocrx_word' id='word_1_69' title='bbox 1301 971 1377 1042; x_wconf 90' lang='lat' dir='ltr'><strong>(p.</strong></span> <span class='ocrx_word' id='word_1_70' title='bbox 1409 970 1535 1040; x_wconf 74' lang='lat'><strong>208)</strong></span> <span class='ocrx_word' id='word_1_71' title='bbox 1569 971 1697 1039; x_wconf 83' lang='grc' dir='ltr'>ὅσης</span> <span class='ocrx_word' id='word_1_72' title='bbox 1724 970 1782 1023; x_wconf 78' lang='grc' dir='ltr'>δὲ</span> 
     </span>
    </p>
   </div>
   <div class='ocr_carea' id='block_1_12' title="bbox 209 1062 1781 1138">
    <p class='ocr_par' dir='ltr' id='par_1_12' title="bbox 209 1062 1781 1138">
     <span class='ocr_line' id='line_1_12' title="bbox 209 1062 1781 1138; baseline -0.004 -18"><span class='ocrx_word' id='word_1_73' title='bbox 209 1070 355 1138; x_wconf 81' lang='grc' dir='ltr'>ὑμᾶς</span> <span class='ocrx_word' id='word_1_74' title='bbox 379 1068 481 1136; x_wconf 77' lang='grc' dir='ltr'>γῆς</span> <span class='ocrx_word' id='word_1_75' title='bbox 509 1065 788 1135; x_wconf 88' lang='grc' dir='ltr'>πεποίηκα</span> <span class='ocrx_word' id='word_1_76' title='bbox 812 1064 1051 1135; x_wconf 85' lang='grc' dir='ltr'><strong>κυρίους,</strong></span> <span class='ocrx_word' id='word_1_77' title='bbox 1083 1064 1329 1124; x_wconf 69' lang='grc' dir='ltr'>ἅπαντας</span> <span class='ocrx_word' id='word_1_78' title='bbox 1350 1064 1473 1125; x_wconf 70' lang='grc' dir='ltr'>τοὺς</span> <span class='ocrx_word' id='word_1_79' title='bbox 1502 1062 1588 1114; x_wconf 76' lang='grc' dir='ltr'><strong>ἐπ’</strong></span> <span class='ocrx_word' id='word_1_80' title='bbox 1613 1062 1781 1132; x_wconf 83' lang='grc' dir='ltr'>αὐτῆς</span> 
     </span>
    </p>
   </div>
   <div class='ocr_carea' id='block_1_13' title="bbox 209 1153 1782 1231">
    <p class='ocr_par' dir='ltr' id='par_1_13' title="bbox 209 1153 1782 1231">
     <span class='ocr_line' id='line_1_13' title="bbox 209 1153 1782 1231; baseline -0.004 -20"><span class='ocrx_word' id='word_1_81' title='bbox 209 1160 474 1231; x_wconf 84' lang='grc' dir='ltr'>πρότερον</span> <span class='ocrx_word' id='word_1_82' title='bbox 494 1158 654 1218; x_wconf 77' lang='grc' dir='ltr'>ὄντας</span> <span class='ocrx_word' id='word_1_83' title='bbox 682 1153 885 1210; x_wconf 85' lang='grc' dir='ltr'>ἀνελών</span> <span class='ocrx_word' id='word_1_84' title='bbox 905 1172 918 1186; x_wconf 76' lang='grc' dir='ltr'><strong>ο</strong></span> <span class='ocrx_word' id='word_1_85' title='bbox 954 1155 1083 1221; x_wconf 85' lang='grc' dir='ltr'>ὅσης</span> <span class='ocrx_word' id='word_1_86' title='bbox 1116 1153 1172 1206; x_wconf 79' lang='grc' dir='ltr'>δὲ</span> <span class='ocrx_word' id='word_1_87' title='bbox 1198 1156 1292 1207; x_wconf 73' lang='grc' dir='ltr'><strong>καὶ</strong></span> <span class='ocrx_word' id='word_1_88' title='bbox 1313 1154 1583 1207; x_wconf 81' lang='grc' dir='ltr'>διετέλεσα</span> <span class='ocrx_word' id='word_1_89' title='bbox 1618 1170 1782 1222; x_wconf 87' lang='grc' dir='ltr'>μετα-</span> 
     </span>
    </p>
   </div>
   <div class='ocr_carea' id='block_1_14' title="bbox 208 1244 1777 1320">
    <p class='ocr_par' dir='ltr' id='par_1_14' title="bbox 208 1244 1777 1320">
     <span class='ocr_line' id='line_1_14' title="bbox 208 1244 1777 1320; baseline -0.005 -17"><span class='ocrx_word' id='word_1_90' title='bbox 208 1252 385 1313; x_wconf 75' lang='grc' dir='ltr'>διδοὺς</span> <span class='ocrx_word' id='word_1_91' title='bbox 428 1251 553 1320; x_wconf 80' lang='grc' dir='ltr'>ὑμῖν</span> <span class='ocrx_word' id='word_1_92' title='bbox 602 1247 917 1317; x_wconf 76' lang='grc' dir='ltr'><strong>ἐπιμελείας</strong></span> <span class='ocrx_word' id='word_1_93' title='bbox 966 1244 1115 1316; x_wconf 84' lang='grc' dir='ltr'>παρὰ</span> <span class='ocrx_word' id='word_1_94' title='bbox 1160 1245 1362 1308; x_wconf 81' lang='grc' dir='ltr'>πάντας</span> <span class='ocrx_word' id='word_1_95' title='bbox 1424 1244 1777 1314; x_wconf 82' lang='grc' dir='ltr'>ἀνθρώπους·</span> 
     </span>
    </p>
   </div>
   <div class='ocr_carea' id='block_1_15' title="bbox 209 1334 1781 1414">
    <p class='ocr_par' dir='ltr' id='par_1_15' title="bbox 209 1334 1781 1414">
     <span class='ocr_line' id='line_1_15' title="bbox 209 1334 1781 1414; baseline -0.008 -17"><span class='ocrx_word' id='word_1_96' title='bbox 209 1344 353 1414; x_wconf 79' lang='grc' dir='ltr'>ὑπὲρ</span> <span class='ocrx_word' id='word_1_97' title='bbox 370 1336 444 1395; x_wconf 84' lang='grc' dir='ltr'>ὧν</span> <span class='ocrx_word' id='word_1_98' title='bbox 472 1343 608 1408; x_wconf 81' lang='grc' dir='ltr'>ἄγαν</span> <span class='ocrx_word' id='word_1_99' title='bbox 632 1338 935 1407; x_wconf 79' lang='grc' dir='ltr'>ὀφείλοντες</span> <span class='ocrx_word' id='word_1_100' title='bbox 966 1336 1100 1389; x_wconf 84' lang='grc' dir='ltr'><strong>αἰδῶ</strong></span> <span class='ocrx_word' id='word_1_101' title='bbox 1120 1354 1208 1407; x_wconf 91' lang='grc' dir='ltr'><strong>μοι</strong></span> <span class='ocrx_word' id='word_1_102' title='bbox 1232 1338 1415 1405; x_wconf 89' lang='grc' dir='ltr'>νέμειν</span> <span class='ocrx_word' id='word_1_103' title='bbox 1438 1334 1579 1399; x_wconf 78' lang='grc' dir='ltr'>τινὰ,</span> <span class='ocrx_word' id='word_1_104' title='bbox 1594 1334 1781 1386; x_wconf 78' lang='grc' dir='ltr'>οὐδένα</span> 
     </span>
    </p>
   </div>
   <div class='ocr_carea' id='block_1_16' title="bbox 207 1429 1781 1505">
    <p class='ocr_par' dir='ltr' id='par_1_16' title="bbox 207 1429 1781 1505">
     <span class='ocr_line' id='line_1_16' title="bbox 207 1429 1781 1505; baseline -0.006 -14"><span class='ocrx_word' id='word_1_105' title='bbox 207 1438 365 1505; x_wconf 85' lang='grc' dir='ltr'>λόγον</span> <span class='ocrx_word' id='word_1_106' title='bbox 397 1436 505 1489; x_wconf 82' lang='grc' dir='ltr'><strong>τῶν</strong></span> <span class='ocrx_word' id='word_1_107' title='bbox 535 1434 594 1498; x_wconf 79' lang='grc' dir='ltr'>ἐξ</span> <span class='ocrx_word' id='word_1_108' title='bbox 626 1433 756 1504; x_wconf 79' lang='grc' dir='ltr'>ἐμοῦ</span> <span class='ocrx_word' id='word_1_109' title='bbox 793 1432 1172 1503; x_wconf 81' lang='grc' dir='ltr'>γεγενημένων</span> <span class='ocrx_word' id='word_1_110' title='bbox 1220 1433 1297 1494; x_wconf 87' lang='grc' dir='ltr'>εἰς</span> <span class='ocrx_word' id='word_1_111' title='bbox 1339 1432 1481 1501; x_wconf 80' lang='grc' dir='ltr'>ὑμᾶς</span> <span class='ocrx_word' id='word_1_112' title='bbox 1524 1429 1781 1483; x_wconf 74' lang='grc' dir='ltr'>ἐπιδεδει-</span> 
     </span>
    </p>
   </div>
   <div class='ocr_carea' id='block_1_17' title="bbox 208 1515 936 1596">
    <p class='ocr_par' dir='ltr' id='par_1_17' title="bbox 208 1515 936 1596">
     <span class='ocr_line' id='line_1_17' title="bbox 208 1515 936 1596; baseline -0.011 -15"><span class='ocrx_word' id='word_1_113' title='bbox 208 1527 400 1596; x_wconf 82' lang='grc' dir='ltr'>γμένοι</span> <span class='ocrx_word' id='word_1_114' title='bbox 423 1515 696 1594; x_wconf 72' lang='grc' dir='ltr'>φαίνεσθε.</span> <span class='ocrx_word' id='word_1_115' title='bbox 726 1523 789 1575; x_wconf 90' lang='grc' dir='ltr'>Τί</span> <span class='ocrx_word' id='word_1_116' title='bbox 816 1519 936 1586; x_wconf 80' lang='grc' dir='ltr'>οὖν;</span> 
     </span>
    </p>
   </div>
   <div class='ocr_carea' id='block_1_18' title="bbox 282 1701 1777 1781">
    <p class='ocr_par' dir='ltr' id='par_1_18' title="bbox 282 1701 1777 1781">
     <span class='ocr_line' id='line_1_18' title="bbox 282 1701 1777 1781; baseline -0.007 -18"><span class='ocrx_word' id='word_1_117' title='bbox 282 1711 428 1781; x_wconf 87' lang='grc' dir='ltr'>Στίχ.</span> <span class='ocrx_word' id='word_1_118' title='bbox 464 1713 601 1779; x_wconf 84' lang='grc' dir='ltr'><strong>η’-ι’.</strong></span> <span class='ocrx_word' id='word_1_119' title='bbox 630 1739 699 1748; x_wconf 93' lang='lat'><strong>——</strong></span> <span class='ocrx_word' id='word_1_120' title='bbox 723 1726 743 1758; x_wconf 76' lang='grc' dir='ltr'><strong>ι</strong></span> <span class='ocrx_word' id='word_1_121' title='bbox 774 1706 902 1759; x_wconf 77' lang='grc' dir='ltr'>Ἰδοὺ</span> <span class='ocrx_word' id='word_1_122' title='bbox 932 1707 979 1757; x_wconf 88' lang='grc' dir='ltr'>οἱ</span> <span class='ocrx_word' id='word_1_123' title='bbox 1002 1704 1270 1773; x_wconf 71' lang='grc' dir='ltr'>ὀφθαλμοὶ</span> <span class='ocrx_word' id='word_1_124' title='bbox 1298 1703 1500 1773; x_wconf 85' lang='grc' dir='ltr'>Κυρίου</span> <span class='ocrx_word' id='word_1_125' title='bbox 1526 1701 1616 1754; x_wconf 73' lang='grc' dir='ltr'>τοῦ</span> <span class='ocrx_word' id='word_1_126' title='bbox 1644 1701 1777 1754; x_wconf 74' lang='grc' dir='ltr'>Θεοῦ</span> 
     </span>
    </p>
   </div>
   <div class='ocr_carea' id='block_1_19' title="bbox 211 1793 1781 1874">
    <p class='ocr_par' dir='ltr' id='par_1_19' title="bbox 211 1793 1781 1874">
     <span class='ocr_line' id='line_1_19' title="bbox 211 1793 1781 1874; baseline -0.007 -17"><span class='ocrx_word' id='word_1_127' title='bbox 211 1805 306 1857; x_wconf 72' lang='grc' dir='ltr'>ἐπὶ</span> <span class='ocrx_word' id='word_1_128' title='bbox 332 1804 429 1874; x_wconf 80' lang='grc' dir='ltr'>τὴν</span> <span class='ocrx_word' id='word_1_129' title='bbox 462 1799 734 1870; x_wconf 87' lang='grc' dir='ltr'>βασιλείαν</span> <span class='ocrx_word' id='word_1_130' title='bbox 766 1798 861 1867; x_wconf 80' lang='grc' dir='ltr'><strong>τὴν</strong></span> <span class='ocrx_word' id='word_1_131' title='bbox 900 1796 1221 1866; x_wconf 82' lang='grc' dir='ltr'>ἁμαρτωλὸν</span> <span class='ocrx_word' id='word_1_132' title='bbox 1243 1812 1257 1824; x_wconf 75' lang='grc' dir='ltr'><strong>ο</strong></span> <span class='ocrx_word' id='word_1_133' title='bbox 1297 1793 1389 1846; x_wconf 81' lang='grc' dir='ltr'><strong>καὶ</strong></span> <span class='ocrx_word' id='word_1_134' title='bbox 1411 1793 1586 1864; x_wconf 80' lang='grc' dir='ltr'>ἐξαρῶ</span> <span class='ocrx_word' id='word_1_135' title='bbox 1614 1795 1781 1864; x_wconf 78' lang='grc' dir='ltr'>αὐτὴν</span> 
     </span>
    </p>
   </div>
   <div class='ocr_carea' id='block_1_20' title="bbox 210 1885 1782 1963">
    <p class='ocr_par' dir='ltr' id='par_1_20' title="bbox 210 1885 1782 1963">
     <span class='ocr_line' id='line_1_20' title="bbox 210 1885 1782 1963; baseline -0.008 -15"><span class='ocrx_word' id='word_1_136' title='bbox 210 1895 321 1948; x_wconf 79' lang='grc' dir='ltr'>ἀπὸ</span> <span class='ocrx_word' id='word_1_137' title='bbox 362 1892 649 1963; x_wconf 82' lang='grc' dir='ltr'>προσώπου</span> <span class='ocrx_word' id='word_1_138' title='bbox 686 1891 783 1960; x_wconf 75' lang='grc' dir='ltr'><strong>τῆς</strong></span> <span class='ocrx_word' id='word_1_139' title='bbox 829 1889 933 1957; x_wconf 85' lang='grc' dir='ltr'><strong>γῆς</strong></span> <span class='ocrx_word' id='word_1_140' title='bbox 954 1905 968 1919; x_wconf 90' lang='grc'>⁶</span> <span class='ocrx_word' id='word_1_141' title='bbox 1023 1887 1162 1958; x_wconf 81' lang='grc' dir='ltr'>πλὴν</span> <span class='ocrx_word' id='word_1_142' title='bbox 1195 1888 1275 1938; x_wconf 85' lang='grc' dir='ltr'><strong>ὅτι</strong></span> <span class='ocrx_word' id='word_1_143' title='bbox 1305 1888 1383 1948; x_wconf 84' lang='grc' dir='ltr'>εἰς</span> <span class='ocrx_word' id='word_1_144' title='bbox 1414 1885 1563 1947; x_wconf 85' lang='grc' dir='ltr'>τέλος</span> <span class='ocrx_word' id='word_1_145' title='bbox 1615 1885 1675 1936; x_wconf 86' lang='grc' dir='ltr'><strong>ού</strong></span> <span class='ocrx_word' id='word_1_146' title='bbox 1708 1885 1782 1956; x_wconf 82' lang='grc' dir='ltr'>μὴ</span> 
     </span>
    </p>
   </div>
   <div class='ocr_carea' id='block_1_21' title="bbox 211 1974 1782 2053">
    <p class='ocr_par' dir='ltr' id='par_1_21' title="bbox 211 1974 1782 2053">
     <span class='ocr_line' id='line_1_21' title="bbox 211 1974 1782 2053; baseline -0.007 -15"><span class='ocrx_word' id='word_1_147' title='bbox 211 1985 392 2053; x_wconf 82' lang='grc' dir='ltr'>ἐξαρῶ</span> <span class='ocrx_word' id='word_1_148' title='bbox 418 1984 507 2036; x_wconf 81' lang='grc' dir='ltr'><strong>τὸν</strong></span> <span class='ocrx_word' id='word_1_149' title='bbox 542 1979 686 2035; x_wconf 80' lang='grc' dir='ltr'>οἷκον</span> <span class='ocrx_word' id='word_1_150' title='bbox 726 1978 942 2042; x_wconf 79' lang='grc' dir='ltr'>Ἰακὼϐ,</span> <span class='ocrx_word' id='word_1_151' title='bbox 978 1977 1125 2046; x_wconf 83' lang='grc' dir='ltr'>λέγει</span> <span class='ocrx_word' id='word_1_152' title='bbox 1159 1977 1381 2047; x_wconf 87' lang='grc' dir='ltr'>Κύριος.</span> <span class='ocrx_word' id='word_1_153' title='bbox 1411 1995 1429 2026; x_wconf 72' lang='grc' dir='ltr'><strong>ι</strong></span> <span class='ocrx_word' id='word_1_154' title='bbox 1485 1974 1655 2045; x_wconf 77' lang='grc' dir='ltr'>’Υπὲρ</span> <span class='ocrx_word' id='word_1_155' title='bbox 1685 1974 1782 2045; x_wconf 83' lang='grc' dir='ltr'><strong>μὲν</strong></span> 
     </span>
    </p>
   </div>
   <div class='ocr_carea' id='block_1_22' title="bbox 211 2066 1781 2142">
    <p class='ocr_par' dir='ltr' id='par_1_22' title="bbox 211 2066 1781 2142">
     <span class='ocr_line' id='line_1_22' title="bbox 211 2066 1781 2142; baseline 0.02 -15"><span class='ocrx_word' id='word_1_156' title='bbox 211 2072 304 2127; x_wconf 76' lang='grc' dir='ltr'><strong>οὖν</strong></span> <span class='ocrx_word' id='word_1_157' title='bbox 330 2074 529 2142; x_wconf 80' lang='grc' dir='ltr'>ταύτης</span> <span class='ocrx_word' id='word_1_158' title='bbox 551 2072 646 2142; x_wconf 81' lang='grc' dir='ltr'>τῆς</span> <span class='ocrx_word' id='word_1_159' title='bbox 666 2068 1053 2139; x_wconf 71' lang='grc' dir='ltr'>ἀγνωμοσύνης</span> <span class='ocrx_word' id='word_1_160' title='bbox 1072 2067 1255 2135; x_wconf 67' lang='grc' dir='ltr'>ἀφελῶ</span> <span class='ocrx_word' id='word_1_161' title='bbox 1276 2084 1334 2118; x_wconf 74' lang='grc' dir='ltr'>τε</span> <span class='ocrx_word' id='word_1_162' title='bbox 1361 2068 1502 2135; x_wconf 70' lang='grc' dir='ltr'><strong>ὑμᾶς</strong></span> <span class='ocrx_word' id='word_1_163' title='bbox 1530 2066 1626 2135; x_wconf 67' lang='grc' dir='ltr'><strong>τῆς</strong></span> <span class='ocrx_word' id='word_1_164' title='bbox 1657 2066 1781 2136; x_wconf 65' lang='grc' dir='ltr'><strong>γῆς’</strong></span> 
     </span>
    </p>
   </div>
   <div class='ocr_carea' id='block_1_23' title="bbox 213 2156 1780 2234">
    <p class='ocr_par' dir='ltr' id='par_1_23' title="bbox 213 2156 1780 2234">
     <span class='ocr_line' id='line_1_23' title="bbox 213 2156 1780 2234; baseline -0.007 -15"><span class='ocrx_word' id='word_1_165' title='bbox 213 2166 307 2219; x_wconf 74' lang='grc' dir='ltr'>καὶ</span> <span class='ocrx_word' id='word_1_166' title='bbox 344 2167 421 2228; x_wconf 80' lang='grc' dir='ltr'><strong>είς</strong></span> <span class='ocrx_word' id='word_1_167' title='bbox 454 2161 827 2234; x_wconf 80' lang='grc' dir='ltr'>αἰχμαλωσίαν</span> <span class='ocrx_word' id='word_1_168' title='bbox 856 2159 1047 2224; x_wconf 83' lang='grc' dir='ltr'>ἀπάξω</span> <span class='ocrx_word' id='word_1_169' title='bbox 1069 2158 1165 2226; x_wconf 81' lang='grc' dir='ltr'>τὴν</span> <span class='ocrx_word' id='word_1_170' title='bbox 1194 2157 1333 2210; x_wconf 78' lang='grc' dir='ltr'>οὕτω</span> <span class='ocrx_word' id='word_1_171' title='bbox 1361 2156 1598 2227; x_wconf 83' lang='grc' dir='ltr'>πονηρὰν</span> <span class='ocrx_word' id='word_1_172' title='bbox 1626 2158 1780 2226; x_wconf 87' lang='grc' dir='ltr'>βασι-</span> 
     </span>
    </p>
   </div>
   <div class='ocr_carea' id='block_1_24' title="bbox 212 2246 1782 2322">
    <p class='ocr_par' dir='ltr' id='par_1_24' title="bbox 212 2246 1782 2322">
     <span class='ocr_line' id='line_1_24' title="bbox 212 2246 1782 2322; baseline -0.005 -16"><span class='ocrx_word' id='word_1_173' title='bbox 212 2255 359 2307; x_wconf 83' lang='grc' dir='ltr'>λείαν</span> <span class='ocrx_word' id='word_1_174' title='bbox 383 2272 394 2283; x_wconf 93' lang='grc'><strong>·</strong></span> <span class='ocrx_word' id='word_1_175' title='bbox 415 2254 475 2306; x_wconf 82' lang='grc' dir='ltr'><strong>ού</strong></span> <span class='ocrx_word' id='word_1_176' title='bbox 506 2252 607 2322; x_wconf 82' lang='grc' dir='ltr'><strong>μὴν</strong></span> <span class='ocrx_word' id='word_1_177' title='bbox 634 2250 891 2320; x_wconf 75' lang='grc' dir='ltr'>ἀνέξομαι</span> <span class='ocrx_word' id='word_1_178' title='bbox 922 2247 1159 2317; x_wconf 87' lang='grc' dir='ltr'>παντελῆ</span> <span class='ocrx_word' id='word_1_179' title='bbox 1188 2247 1276 2300; x_wconf 79' lang='grc' dir='ltr'><strong>τὸν</strong></span> <span class='ocrx_word' id='word_1_180' title='bbox 1300 2247 1603 2316; x_wconf 81' lang='grc' dir='ltr'>ἀφανισμὸν</span> <span class='ocrx_word' id='word_1_181' title='bbox 1626 2248 1655 2298; x_wconf 86' lang='grc' dir='ltr'>ὑ</span> <span class='ocrx_word' id='word_1_182' title='bbox 1664 2246 1782 2316; x_wconf 85' lang='grc' dir='ltr'><strong>μῶν</strong></span> 
     </span>
    </p>
   </div>
   <div class='ocr_carea' id='block_1_25' title="bbox 210 2338 1781 2416">
    <p class='ocr_par' dir='ltr' id='par_1_25' title="bbox 210 2338 1781 2416">
     <span class='ocr_line' id='line_1_25' title="bbox 210 2338 1781 2416; baseline -0.004 -17"><span class='ocrx_word' id='word_1_183' title='bbox 210 2344 647 2416; x_wconf 83' lang='grc' dir='ltr'>ἀπεργάσεσθαι,</span> <span class='ocrx_word' id='word_1_184' title='bbox 711 2340 1057 2411; x_wconf 85' lang='grc' dir='ltr'>μεμνημένος</span> <span class='ocrx_word' id='word_1_185' title='bbox 1106 2340 1202 2409; x_wconf 83' lang='grc' dir='ltr'>τῆς</span> <span class='ocrx_word' id='word_1_186' title='bbox 1249 2338 1474 2409; x_wconf 81' lang='grc' dir='ltr'>γνώμης</span> <span class='ocrx_word' id='word_1_187' title='bbox 1510 2339 1607 2409; x_wconf 83' lang='grc' dir='ltr'>τῆς</span> <span class='ocrx_word' id='word_1_188' title='bbox 1643 2339 1781 2410; x_wconf 79' lang='grc' dir='ltr'>ἐμῆς</span> 
     </span>
    </p>
   </div>
   <div class='ocr_carea' id='block_1_26' title="bbox 216 2426 1779 2507">
    <p class='ocr_par' dir='ltr' id='par_1_26' title="bbox 216 2426 1779 2507">
     <span class='ocr_line' id='line_1_26' title="bbox 216 2426 1779 2507; baseline -0.006 -17"><span class='ocrx_word' id='word_1_189' title='bbox 216 2437 331 2507; x_wconf 84' lang='grc' dir='ltr'>μεθ’</span> <span class='ocrx_word' id='word_1_190' title='bbox 356 2430 425 2507; x_wconf 81' lang='grc' dir='ltr'>ἦς</span> <span class='ocrx_word' id='word_1_191' title='bbox 449 2433 713 2502; x_wconf 80' lang='grc' dir='ltr'>τοσαύτην</span> <span class='ocrx_word' id='word_1_192' title='bbox 742 2431 931 2500; x_wconf 81' lang='grc' dir='ltr'>ἔνειμα</span> <span class='ocrx_word' id='word_1_193' title='bbox 960 2430 1055 2500; x_wconf 84' lang='grc' dir='ltr'>τὴν</span> <span class='ocrx_word' id='word_1_194' title='bbox 1078 2427 1410 2498; x_wconf 81' lang='grc' dir='ltr'>ἐπιμέλειαν.</span> <span class='ocrx_word' id='word_1_195' title='bbox 1458 2446 1476 2477; x_wconf 74' lang='grc' dir='ltr'><strong>ι</strong></span> <span class='ocrx_word' id='word_1_196' title='bbox 1503 2426 1644 2478; x_wconf 85' lang='grc' dir='ltr'>Διότι</span> <span class='ocrx_word' id='word_1_197' title='bbox 1669 2427 1779 2480; x_wconf 80' lang='grc' dir='ltr'>ἰδοὺ</span> 
     </span>
    </p>
   </div>
   <div class='ocr_carea' id='block_1_27' title="bbox 210 2518 1779 2594">
    <p class='ocr_par' dir='ltr' id='par_1_27' title="bbox 210 2518 1779 2594">
     <span class='ocr_line' id='line_1_27' title="bbox 210 2518 1779 2594; baseline -0.004 -16"><span class='ocrx_word' id='word_1_198' title='bbox 210 2526 320 2594; x_wconf 73' lang='grc' dir='ltr'><strong>ἐγὼ</strong></span> <span class='ocrx_word' id='word_1_199' title='bbox 363 2525 696 2594; x_wconf 74' lang='grc' dir='ltr'>ἐντέλλομαι.</span> <span class='ocrx_word' id='word_1_200' title='bbox 742 2524 836 2577; x_wconf 72' lang='grc' dir='ltr'><strong>καὶ</strong></span> <span class='ocrx_word' id='word_1_201' title='bbox 879 2523 1129 2594; x_wconf 78' lang='grc' dir='ltr'>λικμήσω</span> <span class='ocrx_word' id='word_1_202' title='bbox 1172 2523 1228 2574; x_wconf 83' lang='grc' dir='ltr'><strong>δὲ</strong></span> <span class='ocrx_word' id='word_1_203' title='bbox 1266 2518 1411 2575; x_wconf 81' lang='grc' dir='ltr'>οἶκον</span> <span class='ocrx_word' id='word_1_204' title='bbox 1457 2520 1671 2592; x_wconf 76' lang='grc' dir='ltr'>Ἰσραὴλ</span> <span class='ocrx_word' id='word_1_205' title='bbox 1724 2522 1779 2573; x_wconf 84' lang='grc' dir='ltr'>ἐν</span> 
     </span>
    </p>
   </div>
   <div class='ocr_carea' id='block_1_28' title="bbox 209 2612 1775 2686">
    <p class='ocr_par' dir='ltr' id='par_1_28' title="bbox 209 2612 1775 2686">
     <span class='ocr_line' id='line_1_28' title="bbox 209 2612 1775 2686; baseline -0.004 -15"><span class='ocrx_word' id='word_1_206' title='bbox 209 2620 347 2673; x_wconf 82' lang='grc' dir='ltr'>πᾶσι</span> <span class='ocrx_word' id='word_1_207' title='bbox 374 2619 485 2680; x_wconf 89' lang='grc' dir='ltr'>τοῖς</span> <span class='ocrx_word' id='word_1_208' title='bbox 528 2616 755 2680; x_wconf 82' lang='grc' dir='ltr'>ἔθνεσιν,</span> <span class='ocrx_word' id='word_1_209' title='bbox 786 2616 844 2668; x_wconf 83' lang='grc' dir='ltr'>ὃν</span> <span class='ocrx_word' id='word_1_210' title='bbox 872 2615 1069 2686; x_wconf 86' lang='grc' dir='ltr'>τρόπον</span> <span class='ocrx_word' id='word_1_211' title='bbox 1096 2614 1353 2684; x_wconf 83' lang='grc' dir='ltr'>λικμᾶται</span> <span class='ocrx_word' id='word_1_212' title='bbox 1385 2615 1441 2666; x_wconf 81' lang='grc' dir='ltr'><strong>ἐν</strong></span> <span class='ocrx_word' id='word_1_213' title='bbox 1461 2613 1537 2683; x_wconf 83' lang='grc' dir='ltr'><strong>τῷ</strong></span> <span class='ocrx_word' id='word_1_214' title='bbox 1566 2612 1775 2683; x_wconf 84' lang='grc' dir='ltr'>λικμῷ·</span> 
     </span>
    </p>
   </div>
   <div class='ocr_carea' id='block_1_29' title="bbox 208 2702 1778 2777">
    <p class='ocr_par' dir='ltr' id='par_1_29' title="bbox 208 2702 1778 2777">
     <span class='ocr_line' id='line_1_29' title="bbox 208 2702 1778 2777; baseline -0.001 -19"><span class='ocrx_word' id='word_1_215' title='bbox 208 2708 303 2759; x_wconf 76' lang='grc' dir='ltr'><strong>καί</strong></span> <span class='ocrx_word' id='word_1_216' title='bbox 330 2707 389 2758; x_wconf 83' lang='grc' dir='ltr'><strong>ού</strong></span> <span class='ocrx_word' id='word_1_217' title='bbox 420 2706 493 2776; x_wconf 81' lang='grc' dir='ltr'>μὴ</span> <span class='ocrx_word' id='word_1_218' title='bbox 521 2705 663 2777; x_wconf 81' lang='grc' dir='ltr'>πέσῃ</span> <span class='ocrx_word' id='word_1_219' title='bbox 691 2704 1004 2775; x_wconf 81' lang='grc' dir='ltr'>σύντριμμα</span> <span class='ocrx_word' id='word_1_220' title='bbox 1023 2704 1114 2756; x_wconf 73' lang='grc' dir='ltr'><strong>ἐπὶ</strong></span> <span class='ocrx_word' id='word_1_221' title='bbox 1135 2705 1232 2773; x_wconf 83' lang='grc' dir='ltr'>τὴν</span> <span class='ocrx_word' id='word_1_222' title='bbox 1267 2704 1387 2773; x_wconf 79' lang='grc' dir='ltr'>γῆν.</span> <span class='ocrx_word' id='word_1_223' title='bbox 1418 2724 1436 2753; x_wconf 76' lang='grc' dir='ltr'><strong><em>ι</em></strong></span> <span class='ocrx_word' id='word_1_224' title='bbox 1479 2704 1643 2772; x_wconf 87' lang='grc' dir='ltr'>Δίκην</span> <span class='ocrx_word' id='word_1_225' title='bbox 1670 2702 1778 2776; x_wconf 83' lang='grc' dir='ltr'><strong>γὰρ</strong></span> 
     </span>
    </p>
   </div>
   <div class='ocr_carea' id='block_1_30' title="bbox 208 2794 1776 2865">
    <p class='ocr_par' dir='ltr' id='par_1_30' title="bbox 208 2794 1776 2865">
     <span class='ocr_line' id='line_1_30' title="bbox 208 2794 1776 2865; baseline -0.002 -16"><span class='ocrx_word' id='word_1_226' title='bbox 208 2798 319 2849; x_wconf 84' lang='grc' dir='ltr'><strong>τῶν</strong></span> <span class='ocrx_word' id='word_1_227' title='bbox 350 2796 671 2865; x_wconf 83' lang='grc' dir='ltr'>λικμώντων</span> <span class='ocrx_word' id='word_1_228' title='bbox 715 2794 895 2848; x_wconf 78' lang='grc' dir='ltr'>ἆλωνα</span> <span class='ocrx_word' id='word_1_229' title='bbox 934 2795 1027 2848; x_wconf 75' lang='grc' dir='ltr'><strong>καὶ</strong></span> <span class='ocrx_word' id='word_1_230' title='bbox 1061 2794 1396 2865; x_wconf 79' lang='grc' dir='ltr'>χωριζὸντων</span> <span class='ocrx_word' id='word_1_231' title='bbox 1438 2795 1532 2848; x_wconf 77' lang='grc' dir='ltr'>τοῦ</span> <span class='ocrx_word' id='word_1_232' title='bbox 1575 2794 1776 2865; x_wconf 86' lang='grc' dir='ltr'>ἀχύρου</span> 
     </span>
    </p>
   </div>
   <div class='ocr_carea' id='block_1_31' title="bbox 208 2886 1778 2958">
    <p class='ocr_par' dir='ltr' id='par_1_31' title="bbox 208 2886 1778 2958">
     <span class='ocr_line' id='line_1_31' title="bbox 208 2886 1778 2958; baseline -0.001 -17"><span class='ocrx_word' id='word_1_233' title='bbox 208 2888 299 2941; x_wconf 84' lang='grc' dir='ltr'><strong>τὸν</strong></span> <span class='ocrx_word' id='word_1_234' title='bbox 328 2891 490 2951; x_wconf 83' lang='grc' dir='ltr'>σῖτον,</span> <span class='ocrx_word' id='word_1_235' title='bbox 527 2886 831 2957; x_wconf 87' lang='grc' dir='ltr'>παραδώσω</span> <span class='ocrx_word' id='word_1_236' title='bbox 863 2888 958 2957; x_wconf 87' lang='grc' dir='ltr'><strong>μὲν</strong></span> <span class='ocrx_word' id='word_1_237' title='bbox 984 2888 1126 2957; x_wconf 79' lang='grc' dir='ltr'>ὑμᾶς</span> <span class='ocrx_word' id='word_1_238' title='bbox 1165 2887 1242 2949; x_wconf 86' lang='grc' dir='ltr'><strong>είς</strong></span> <span class='ocrx_word' id='word_1_239' title='bbox 1264 2888 1636 2958; x_wconf 85' lang='grc' dir='ltr'>αἰχμαλωσίαν</span> <span class='ocrx_word' id='word_1_240' title='bbox 1668 2890 1778 2951; x_wconf 84' lang='grc' dir='ltr'>τοῖς</span> 
     </span>
    </p>
   </div>
   <div class='ocr_carea' id='block_1_32' title="bbox 209 2976 1776 3049">
    <p class='ocr_par' dir='ltr' id='par_1_32' title="bbox 209 2976 1776 3049">
     <span class='ocr_line' id='line_1_32' title="bbox 209 2976 1776 3049; baseline 0.001 -19"><span class='ocrx_word' id='word_1_241' title='bbox 209 2976 388 3031; x_wconf 71' lang='grc' dir='ltr'>ἔθνεσι</span> <span class='ocrx_word' id='word_1_242' title='bbox 412 2993 425 3005; x_wconf 80' lang='grc'>³</span> <span class='ocrx_word' id='word_1_243' title='bbox 460 2977 700 3047; x_wconf 88' lang='grc' dir='ltr'>παντελῆ</span> <span class='ocrx_word' id='word_1_244' title='bbox 735 2978 791 3030; x_wconf 84' lang='grc' dir='ltr'>δὲ</span> <span class='ocrx_word' id='word_1_245' title='bbox 823 2977 976 3047; x_wconf 82' lang='grc' dir='ltr'>ὑμῶν</span> <span class='ocrx_word' id='word_1_246' title='bbox 1016 2979 1107 3031; x_wconf 85' lang='grc' dir='ltr'><strong>τὸν</strong></span> <span class='ocrx_word' id='word_1_247' title='bbox 1141 2979 1443 3048; x_wconf 77' lang='grc' dir='ltr'>ἀφανισμὸν</span> <span class='ocrx_word' id='word_1_248' title='bbox 1480 2979 1580 3032; x_wconf 78' lang='grc' dir='ltr'><strong>οὐκ</strong></span> <span class='ocrx_word' id='word_1_249' title='bbox 1610 2979 1776 3049; x_wconf 61' lang='grc' dir='ltr'><strong>ἐργά-⁹</strong></span> 
     </span>
    </p>
   </div>
   <div class='ocr_carea' id='block_1_33' title="bbox 214 3067 1777 3141">
    <p class='ocr_par' dir='ltr' id='par_1_33' title="bbox 214 3067 1777 3141">
     <span class='ocr_line' id='line_1_33' title="bbox 214 3067 1777 3141; baseline 0.001 -19"><span class='ocrx_word' id='word_1_250' title='bbox 214 3088 399 3141; x_wconf 89' lang='grc' dir='ltr'>σομαι,</span> <span class='ocrx_word' id='word_1_251' title='bbox 436 3070 753 3140; x_wconf 80' lang='grc' dir='ltr'>περισώζων</span> <span class='ocrx_word' id='word_1_252' title='bbox 789 3067 881 3132; x_wconf 84' lang='grc' dir='ltr'><strong>οὓς</strong></span> <span class='ocrx_word' id='word_1_253' title='bbox 923 3069 987 3122; x_wconf 88' lang='grc' dir='ltr'><strong>ἂν</strong></span> <span class='ocrx_word' id='word_1_254' title='bbox 1029 3069 1209 3136; x_wconf 78' lang='grc' dir='ltr'>ἀξίους</span> <span class='ocrx_word' id='word_1_255' title='bbox 1249 3071 1527 3140; x_wconf 86' lang='grc' dir='ltr'>δοκιμάσω</span> <span class='ocrx_word' id='word_1_256' title='bbox 1557 3070 1651 3123; x_wconf 81' lang='grc' dir='ltr'>τοῦ</span> <span class='ocrx_word' id='word_1_257' title='bbox 1680 3072 1777 3141; x_wconf 83' lang='grc' dir='ltr'><strong>τῆς</strong></span> 
     </span>
    </p>
   </div>
   <div class='ocr_carea' id='block_1_34' title="bbox 213 3160 1777 3232">
    <p class='ocr_par' dir='ltr' id='par_1_34' title="bbox 213 3160 1777 3232">
     <span class='ocr_line' id='line_1_34' title="bbox 213 3160 1777 3232; baseline -0.001 -18"><span class='ocrx_word' id='word_1_258' title='bbox 213 3162 484 3232; x_wconf 84' lang='grc' dir='ltr'>σωτηρίας</span> <span class='ocrx_word' id='word_1_259' title='bbox 508 3161 708 3230; x_wconf 82' lang='grc' dir='ltr'>ταύτης</span> <span class='ocrx_word' id='word_1_260' title='bbox 738 3162 937 3229; x_wconf 87' lang='grc' dir='ltr'>τυχεῖν.</span> <span class='ocrx_word' id='word_1_261' title='bbox 978 3180 994 3208; x_wconf 78' lang='grc' dir='ltr'><strong>ι</strong></span> <span class='ocrx_word' id='word_1_262' title='bbox 1016 3160 1103 3211; x_wconf 85' lang='grc' dir='ltr'>Ἑν</span> <span class='ocrx_word' id='word_1_263' title='bbox 1134 3160 1375 3232; x_wconf 75' lang='grc' dir='ltr'>ῥομφαίᾳ</span> <span class='ocrx_word' id='word_1_264' title='bbox 1400 3162 1777 3232; x_wconf 86' lang='grc' dir='ltr'>τελευτήσουσι</span> 
     </span>
    </p>
   </div>
   <div class='ocr_carea' id='block_1_35' title="bbox 211 3246 1777 3319">
    <p class='ocr_par' dir='ltr' id='par_1_35' title="bbox 211 3246 1777 3319">
     <span class='ocr_line' id='line_1_35' title="bbox 211 3246 1777 3319; baseline -0.003 -16"><span class='ocrx_word' id='word_1_265' title='bbox 211 3254 411 3312; x_wconf 80' lang='grc' dir='ltr'>πάντες</span> <span class='ocrx_word' id='word_1_266' title='bbox 450 3248 760 3319; x_wconf 73' lang='grc' dir='ltr'>ἁμαρτωλοὶ</span> <span class='ocrx_word' id='word_1_267' title='bbox 792 3247 886 3300; x_wconf 78' lang='grc' dir='ltr'><strong>τοῦ</strong></span> <span class='ocrx_word' id='word_1_268' title='bbox 926 3246 1052 3299; x_wconf 82' lang='grc' dir='ltr'>λαοῦ</span> <span class='ocrx_word' id='word_1_269' title='bbox 1088 3265 1210 3317; x_wconf 85' lang='grc' dir='ltr'>μου,</span> <span class='ocrx_word' id='word_1_270' title='bbox 1251 3252 1326 3316; x_wconf 91' lang='lat' dir='ltr'><strong>(p.</strong></span> <span class='ocrx_word' id='word_1_271' title='bbox 1366 3248 1490 3317; x_wconf 69' lang='lat'><strong>209)</strong></span> <span class='ocrx_word' id='word_1_272' title='bbox 1520 3250 1568 3300; x_wconf 85' lang='lat' dir='ltr'><strong>oi</strong></span> <span class='ocrx_word' id='word_1_273' title='bbox 1594 3248 1777 3316; x_wconf 87' lang='grc' dir='ltr'>λέγον-</span> 
     </span>
    </p>
   </div>
   <div class='ocr_carea' id='block_1_36' title="bbox 210 3338 1771 3411">
    <p class='ocr_par' dir='ltr' id='par_1_36' title="bbox 210 3338 1771 3411">
     <span class='ocr_line' id='line_1_36' title="bbox 210 3338 1771 3411; baseline -0.003 -15"><span class='ocrx_word' id='word_1_274' title='bbox 210 3361 323 3405; x_wconf 86' lang='grc' dir='ltr'>τες,</span> <span class='ocrx_word' id='word_1_275' title='bbox 357 3342 431 3393; x_wconf 82' lang='grc' dir='ltr'><strong>Οὐ</strong></span> <span class='ocrx_word' id='word_1_276' title='bbox 465 3341 538 3411; x_wconf 79' lang='grc' dir='ltr'>μὴ</span> <span class='ocrx_word' id='word_1_277' title='bbox 570 3339 763 3409; x_wconf 79' lang='grc' dir='ltr'>ὲγγίσῃ</span> <span class='ocrx_word' id='word_1_278' title='bbox 790 3339 908 3391; x_wconf 79' lang='grc' dir='ltr'>οὐδὲ</span> <span class='ocrx_word' id='word_1_279' title='bbox 945 3339 1017 3408; x_wconf 81' lang='grc' dir='ltr'><strong>μὴ</strong></span> <span class='ocrx_word' id='word_1_280' title='bbox 1045 3338 1172 3410; x_wconf 80' lang='grc' dir='ltr'>ἔλθῃ</span> <span class='ocrx_word' id='word_1_281' title='bbox 1196 3339 1280 3408; x_wconf 74' lang='grc' dir='ltr'><strong>ἐφ’</strong></span> <span class='ocrx_word' id='word_1_282' title='bbox 1299 3341 1444 3409; x_wconf 83' lang='grc' dir='ltr'>ἡμᾶς</span> <span class='ocrx_word' id='word_1_283' title='bbox 1476 3340 1544 3392; x_wconf 80' lang='grc' dir='ltr'>τὰ</span> <span class='ocrx_word' id='word_1_284' title='bbox 1570 3340 1732 3395; x_wconf 87' lang='grc' dir='ltr'>κακά.</span> <span class='ocrx_word' id='word_1_285' title='bbox 1754 3360 1771 3391; x_wconf 77' lang='grc' dir='ltr'><strong>ι</strong></span> 
     </span>
    </p>
   </div>
   <div class='ocr_carea' id='block_1_37' title="bbox 224 3430 1780 3502">
    <p class='ocr_par' dir='ltr' id='par_1_37' title="bbox 224 3430 1780 3502">
     <span class='ocr_line' id='line_1_37' title="bbox 224 3430 1780 3502; baseline -0.003 -15"><span class='ocrx_word' id='word_1_286' title='bbox 224 3434 461 3502; x_wconf 59' lang='grc' dir='ltr'>Ἀψανιῶ</span> <span class='ocrx_word' id='word_1_287' title='bbox 483 3432 591 3502; x_wconf 84' lang='grc' dir='ltr'>γὰρ</span> <span class='ocrx_word' id='word_1_288' title='bbox 621 3430 698 3501; x_wconf 84' lang='grc' dir='ltr'>τῷ</span> <span class='ocrx_word' id='word_1_289' title='bbox 738 3430 956 3500; x_wconf 82' lang='grc' dir='ltr'>πολέμῳ</span> <span class='ocrx_word' id='word_1_290' title='bbox 984 3432 1111 3493; x_wconf 80' lang='grc' dir='ltr'>τοὺς</span> <span class='ocrx_word' id='word_1_291' title='bbox 1142 3430 1276 3499; x_wconf 77' lang='grc' dir='ltr'>πρὸς</span> <span class='ocrx_word' id='word_1_292' title='bbox 1309 3430 1369 3482; x_wconf 85' lang='grc' dir='ltr'><strong>τὸ</strong></span> <span class='ocrx_word' id='word_1_293' title='bbox 1404 3433 1581 3499; x_wconf 89' lang='grc' dir='ltr'>χεῖρον</span> <span class='ocrx_word' id='word_1_294' title='bbox 1603 3431 1780 3484; x_wconf 81' lang='grc' dir='ltr'>νεύον-</span> 
     </span>
    </p>
   </div>
   <div class='ocr_carea' id='block_1_38' title="bbox 212 3521 1778 3593">
    <p class='ocr_par' dir='ltr' id='par_1_38' title="bbox 212 3521 1778 3593">
     <span class='ocr_line' id='line_1_38' title="bbox 212 3521 1778 3593; baseline -0.004 -15"><span class='ocrx_word' id='word_1_295' title='bbox 212 3544 331 3588; x_wconf 83' lang='grc' dir='ltr'>τας,</span> <span class='ocrx_word' id='word_1_296' title='bbox 357 3524 453 3578; x_wconf 80' lang='grc' dir='ltr'><strong>καὶ</strong></span> <span class='ocrx_word' id='word_1_297' title='bbox 476 3524 575 3577; x_wconf 82' lang='grc' dir='ltr'><strong>οὐκ</strong></span> <span class='ocrx_word' id='word_1_298' title='bbox 611 3524 886 3593; x_wconf 76' lang='grc' dir='ltr'>οἰομένους</span> <span class='ocrx_word' id='word_1_299' title='bbox 912 3521 1051 3575; x_wconf 87' lang='grc' dir='ltr'>κατὰ</span> <span class='ocrx_word' id='word_1_300' title='bbox 1086 3521 1181 3584; x_wconf 78' lang='grc' dir='ltr'>τὰς</span> <span class='ocrx_word' id='word_1_301' title='bbox 1210 3522 1315 3573; x_wconf 85' lang='grc' dir='ltr'><strong>τῶν</strong></span> <span class='ocrx_word' id='word_1_302' title='bbox 1349 3522 1642 3592; x_wconf 82' lang='grc' dir='ltr'>προφητῶν</span> <span class='ocrx_word' id='word_1_303' title='bbox 1674 3540 1778 3593; x_wconf 81' lang='grc' dir='ltr'>μη-</span> 
     </span>
    </p>
   </div>
   <div class='ocr_carea' id='block_1_39' title="bbox 213 3613 1779 3681">
    <p class='ocr_par' dir='ltr' id='par_1_39' title="bbox 213 3613 1779 3681">
     <span class='ocr_line' id='line_1_39' title="bbox 213 3613 1779 3681; baseline -0.003 -10"><span class='ocrx_word' id='word_1_304' title='bbox 213 3621 396 3681; x_wconf 75' lang='grc' dir='ltr'>νύσεις</span> <span class='ocrx_word' id='word_1_305' title='bbox 422 3615 805 3669; x_wconf 80' lang='grc' dir='ltr'>ὲπελεύσεσθαί</span> <span class='ocrx_word' id='word_1_306' title='bbox 824 3632 875 3667; x_wconf 90' lang='grc' dir='ltr'><strong>τι</strong></span> <span class='ocrx_word' id='word_1_307' title='bbox 904 3614 1010 3667; x_wconf 86' lang='grc' dir='ltr'><strong>τῶν</strong></span> <span class='ocrx_word' id='word_1_308' title='bbox 1034 3613 1342 3666; x_wconf 88' lang='grc' dir='ltr'>λυπούντων</span> <span class='ocrx_word' id='word_1_309' title='bbox 1375 3613 1589 3676; x_wconf 87' lang='grc' dir='ltr'>αὐτούς.</span> <span class='ocrx_word' id='word_1_310' title='bbox 1626 3613 1779 3666; x_wconf 78' lang='grc' dir='ltr'>Οὕτω</span> 
     </span>
    </p>
   </div>
   <div class='ocr_carea' id='block_1_40' title="bbox 212 3703 1776 3775">
    <p class='ocr_par' dir='ltr' id='par_1_40' title="bbox 212 3703 1776 3775">
     <span class='ocr_line' id='line_1_40' title="bbox 212 3703 1776 3775; baseline -0.004 -13"><span class='ocrx_word' id='word_1_311' title='bbox 212 3709 300 3762; x_wconf 52' lang='grc' dir='ltr'>δή</span> <span class='ocrx_word' id='word_1_312' title='bbox 320 3709 537 3761; x_wconf 83' lang='grc' dir='ltr'>πάντων</span> <span class='ocrx_word' id='word_1_313' title='bbox 563 3706 630 3759; x_wconf 80' lang='grc' dir='ltr'><strong>τά</strong></span> <span class='ocrx_word' id='word_1_314' title='bbox 665 3706 1063 3775; x_wconf 80' lang='grc' dir='ltr'>ἐπελευσόμενα</span> <span class='ocrx_word' id='word_1_315' title='bbox 1084 3703 1159 3774; x_wconf 84' lang='grc' dir='ltr'>τῷ</span> <span class='ocrx_word' id='word_1_316' title='bbox 1180 3704 1293 3774; x_wconf 88' lang='grc' dir='ltr'>λαῷ</span> <span class='ocrx_word' id='word_1_317' title='bbox 1342 3703 1583 3774; x_wconf 88' lang='grc' dir='ltr'>μηνύσας</span> <span class='ocrx_word' id='word_1_318' title='bbox 1610 3703 1776 3766; x_wconf 82' lang='grc' dir='ltr'>κακὰ,</span> 
     </span>
    </p>
   </div>
   <div class='ocr_carea' id='block_1_41' title="bbox 214 3794 1778 3868">
    <p class='ocr_par' dir='ltr' id='par_1_41' title="bbox 214 3794 1778 3868">
     <span class='ocr_line' id='line_1_41' title="bbox 214 3794 1778 3868; baseline -0.004 -15"><span class='ocrx_word' id='word_1_319' title='bbox 214 3803 308 3854; x_wconf 82' lang='grc' dir='ltr'>ᾶτε</span> <span class='ocrx_word' id='word_1_320' title='bbox 335 3799 487 3868; x_wconf 82' lang='grc' dir='ltr'>παρὰ</span> <span class='ocrx_word' id='word_1_321' title='bbox 530 3798 639 3851; x_wconf 83' lang='grc' dir='ltr'>τῶν</span> <span class='ocrx_word' id='word_1_322' title='bbox 687 3796 985 3867; x_wconf 84' lang='grc' dir='ltr'>Ἀσσυρίων</span> <span class='ocrx_word' id='word_1_323' title='bbox 1009 3796 1135 3864; x_wconf 78' lang='grc' dir='ltr'>περὶ</span> <span class='ocrx_word' id='word_1_324' title='bbox 1184 3795 1280 3857; x_wconf 80' lang='grc' dir='ltr'><strong>τὰς</strong></span> <span class='ocrx_word' id='word_1_325' title='bbox 1308 3794 1440 3847; x_wconf 87' lang='grc' dir='ltr'>δέκα</span> <span class='ocrx_word' id='word_1_326' title='bbox 1466 3794 1778 3864; x_wconf 85' lang='grc' dir='ltr'>συμϐαίνειν</span> 
     </span>
    </p>
   </div>
   <div class='ocr_carea' id='block_1_42' title="bbox 212 3886 1780 3962">
    <p class='ocr_par' dir='ltr' id='par_1_42' title="bbox 212 3886 1780 3962">
     <span class='ocr_line' id='line_1_42' title="bbox 212 3886 1780 3962; baseline -0.004 -18"><span class='ocrx_word' id='word_1_327' title='bbox 212 3892 411 3962; x_wconf 64' lang='grc' dir='ltr'>ἤμελλε</span> <span class='ocrx_word' id='word_1_328' title='bbox 442 3891 633 3959; x_wconf 81' lang='grc' dir='ltr'>φυλὰς,</span> <span class='ocrx_word' id='word_1_329' title='bbox 653 3890 747 3943; x_wconf 57' lang='lat' dir='ltr'><strong>ac:</strong></span> <span class='ocrx_word' id='word_1_330' title='bbox 777 3887 926 3959; x_wconf 82' lang='grc' dir='ltr'>παρὰ</span> <span class='ocrx_word' id='word_1_331' title='bbox 952 3887 1059 3939; x_wconf 86' lang='grc' dir='ltr'><strong>τῶν</strong></span> <span class='ocrx_word' id='word_1_332' title='bbox 1081 3886 1430 3939; x_wconf 88' lang='grc' dir='ltr'>Βαϐυλωνίων</span> <span class='ocrx_word' id='word_1_333' title='bbox 1453 3886 1675 3957; x_wconf 77' lang='grc' dir='ltr'>ὕστερον</span> <span class='ocrx_word' id='word_1_334' title='bbox 1700 3889 1780 3950; x_wconf 84' lang='grc' dir='ltr'><strong>είς</strong></span> 
     </span>
    </p>
   </div>
   <div class='ocr_carea' id='block_1_43' title="bbox 211 3974 1779 4048">
    <p class='ocr_par' dir='ltr' id='par_1_43' title="bbox 211 3974 1779 4048">
     <span class='ocr_line' id='line_1_43' title="bbox 211 3974 1779 4048; baseline -0.003 -15"><span class='ocrx_word' id='word_1_335' title='bbox 211 3982 337 4043; x_wconf 72' lang='grc' dir='ltr'>τοὺς</span> <span class='ocrx_word' id='word_1_336' title='bbox 360 3979 599 4042; x_wconf 79' lang='grc' dir='ltr'>λοιποὺς,</span> <span class='ocrx_word' id='word_1_337' title='bbox 651 3974 839 4047; x_wconf 90' lang='grc' dir='ltr'>μηνύει</span> <span class='ocrx_word' id='word_1_338' title='bbox 869 3977 962 4029; x_wconf 78' lang='grc' dir='ltr'>καὶ</span> <span class='ocrx_word' id='word_1_339' title='bbox 988 3975 1086 4044; x_wconf 81' lang='grc' dir='ltr'>τὴν</span> <span class='ocrx_word' id='word_1_340' title='bbox 1114 3976 1206 4028; x_wconf 80' lang='grc' dir='ltr'><strong>ἐπὶ</strong></span> <span class='ocrx_word' id='word_1_341' title='bbox 1241 3976 1301 4028; x_wconf 71' lang='grc' dir='ltr'>τὸ</span> <span class='ocrx_word' id='word_1_342' title='bbox 1329 3978 1572 4048; x_wconf 86' lang='grc' dir='ltr'>κρεῖττον</span> <span class='ocrx_word' id='word_1_343' title='bbox 1601 3976 1779 4028; x_wconf 85' lang='grc' dir='ltr'>αὐτῶν</span> 
     </span>
    </p>
   </div>
   <div class='ocr_carea' id='block_1_44' title="bbox 216 4067 1234 4142">
    <p class='ocr_par' dir='ltr' id='par_1_44' title="bbox 216 4067 1234 4142">
     <span class='ocr_line' id='line_1_44' title="bbox 216 4067 1234 4142; baseline -0.008 -17"><span class='ocrx_word' id='word_1_344' title='bbox 216 4073 334 4142; x_wconf 80' lang='grc' dir='ltr'>μετ’</span> <span class='ocrx_word' id='word_1_345' title='bbox 362 4073 535 4123; x_wconf 79' lang='grc' dir='ltr'>έκεῖνο</span> <span class='ocrx_word' id='word_1_346' title='bbox 570 4068 886 4139; x_wconf 82' lang='grc' dir='ltr'>μεταϐολὴν,</span> <span class='ocrx_word' id='word_1_347' title='bbox 915 4067 1009 4119; x_wconf 73' lang='grc' dir='ltr'>καὶ</span> <span class='ocrx_word' id='word_1_348' title='bbox 1037 4068 1197 4135; x_wconf 82' lang='grc' dir='ltr'>φησίν</span> <span class='ocrx_word' id='word_1_349' title='bbox 1220 4082 1234 4097; x_wconf 79' lang='grc' dir='ltr'><strong>ο</strong></span> 
     </span>
    </p>
   </div>
   <div class='ocr_carea' id='block_1_45' title="bbox 285 4155 1779 4232">
    <p class='ocr_par' dir='ltr' id='par_1_45' title="bbox 285 4155 1779 4232">
     <span class='ocr_line' id='line_1_45' title="bbox 285 4155 1779 4232; baseline -0.005 -17"><span class='ocrx_word' id='word_1_350' title='bbox 285 4162 430 4232; x_wconf 87' lang='grc' dir='ltr'>Στίχ.</span> <span class='ocrx_word' id='word_1_351' title='bbox 465 4166 552 4224; x_wconf 85' lang='grc' dir='ltr'>ια’,</span> <span class='ocrx_word' id='word_1_352' title='bbox 592 4157 677 4228; x_wconf 81' lang='grc' dir='ltr'><strong>ιβ’.</strong></span> <span class='ocrx_word' id='word_1_353' title='bbox 709 4189 774 4199; x_wconf 94' lang='lat'><strong>——</strong></span> <span class='ocrx_word' id='word_1_354' title='bbox 802 4177 819 4209; x_wconf 80' lang='grc' dir='ltr'><strong>ι</strong></span> <span class='ocrx_word' id='word_1_355' title='bbox 855 4158 943 4210; x_wconf 89' lang='grc' dir='ltr'><strong>Ἐν</strong></span> <span class='ocrx_word' id='word_1_356' title='bbox 974 4160 1040 4228; x_wconf 83' lang='grc' dir='ltr'>τῇ</span> <span class='ocrx_word' id='word_1_357' title='bbox 1073 4158 1254 4228; x_wconf 79' lang='grc' dir='ltr'>ἡμέρᾳ</span> <span class='ocrx_word' id='word_1_358' title='bbox 1290 4157 1468 4227; x_wconf 78' lang='grc' dir='ltr'>ἐκείνῃ</span> <span class='ocrx_word' id='word_1_359' title='bbox 1497 4155 1779 4225; x_wconf 84' lang='grc' dir='ltr'>ἀναστήσω</span> 
     </span>
    </p>
   </div>
   <div class='ocr_carea' id='block_1_46' title="bbox 213 4248 1778 4325">
    <p class='ocr_par' dir='ltr' id='par_1_46' title="bbox 213 4248 1778 4325">
     <span class='ocr_line' id='line_1_46' title="bbox 213 4248 1778 4325; baseline -0.003 -20"><span class='ocrx_word' id='word_1_360' title='bbox 213 4255 309 4325; x_wconf 76' lang='grc' dir='ltr'>τὴν</span> <span class='ocrx_word' id='word_1_361' title='bbox 340 4252 540 4323; x_wconf 75' lang='grc' dir='ltr'>σκηνὴν</span> <span class='ocrx_word' id='word_1_362' title='bbox 562 4250 723 4304; x_wconf 78' lang='grc' dir='ltr'>Δαυῒδ</span> <span class='ocrx_word' id='word_1_363' title='bbox 746 4251 845 4320; x_wconf 84' lang='grc' dir='ltr'>τὴν</span> <span class='ocrx_word' id='word_1_364' title='bbox 874 4254 1241 4314; x_wconf 74' lang='grc' dir='ltr'>πεπτωκυῖαν,</span> <span class='ocrx_word' id='word_1_365' title='bbox 1264 4251 1357 4302; x_wconf 70' lang='grc' dir='ltr'><strong>καὶ</strong></span> <span class='ocrx_word' id='word_1_366' title='bbox 1378 4248 1778 4319; x_wconf 79' lang='grc' dir='ltr'>ἀνοικοδομήσω</span> 
     </span>
    </p>
   </div>
   <div class='ocr_carea' id='block_1_47' title="bbox 210 4337 1778 4415">
    <p class='ocr_par' dir='ltr' id='par_1_47' title="bbox 210 4337 1778 4415">
     <span class='ocr_line' id='line_1_47' title="bbox 210 4337 1778 4415; baseline -0.004 -18"><span class='ocrx_word' id='word_1_367' title='bbox 210 4344 406 4415; x_wconf 82' lang='grc' dir='ltr'>αὐτὴν,</span> <span class='ocrx_word' id='word_1_368' title='bbox 436 4341 615 4405; x_wconf 83' lang='grc' dir='ltr'>καθὼς</span> <span class='ocrx_word' id='word_1_369' title='bbox 651 4343 706 4393; x_wconf 88' lang='grc' dir='ltr'><strong>αί</strong></span> <span class='ocrx_word' id='word_1_370' title='bbox 736 4341 935 4411; x_wconf 78' lang='grc' dir='ltr'>ἡμέραι</span> <span class='ocrx_word' id='word_1_371' title='bbox 976 4340 1069 4393; x_wconf 73' lang='grc' dir='ltr'>τοῦ</span> <span class='ocrx_word' id='word_1_372' title='bbox 1099 4339 1292 4402; x_wconf 85' lang='grc' dir='ltr'>αἰῶνος</span> <span class='ocrx_word' id='word_1_373' title='bbox 1318 4355 1329 4367; x_wconf 76' lang='grc'><strong><em>⁸</em></strong></span> <span class='ocrx_word' id='word_1_374' title='bbox 1371 4340 1518 4402; x_wconf 82' lang='grc' dir='ltr'>ὅπως</span> <span class='ocrx_word' id='word_1_375' title='bbox 1549 4337 1778 4410; x_wconf 75' lang='grc' dir='ltr'>ἐκζητή-</span> 
     </span>
    </p>
   </div>
   <div class='ocr_carea' id='block_1_48' title="bbox 1884 506 3444 584">
    <p class='ocr_par' dir='ltr' id='par_1_48' title="bbox 1884 506 3444 584">
     <span class='ocr_line' id='line_1_48' title="bbox 1884 506 3444 584; baseline -0.009 -12"><span class='ocrx_word' id='word_1_376' title='bbox 1884 518 2051 572; x_wconf 90' lang='lat' dir='ltr'><strong>ullum</strong></span> <span class='ocrx_word' id='word_1_377' title='bbox 2092 532 2270 571; x_wconf 88' lang='lat' dir='ltr'><strong>meum</strong></span> <span class='ocrx_word' id='word_1_378' title='bbox 2294 528 2406 584; x_wconf 67' lang='lat' dir='ltr'><strong>prae</strong></span> <span class='ocrx_word' id='word_1_379' title='bbox 2438 527 2497 569; x_wconf 89' lang='lat' dir='ltr'><strong>se</strong></span> <span class='ocrx_word' id='word_1_380' title='bbox 2541 511 2778 567; x_wconf 81' lang='lat' dir='ltr'><strong>ferentes</strong></span> <span class='ocrx_word' id='word_1_381' title='bbox 2810 508 3137 580; x_wconf 84' lang='lat' dir='ltr'><strong>peculiarem</strong></span> <span class='ocrx_word' id='word_1_382' title='bbox 3171 506 3444 561; x_wconf 83' lang='lat' dir='ltr'><strong>favorem:</strong></span> 
     </span>
    </p>
   </div>
   <div class='ocr_carea' id='block_1_49' title="bbox 1883 597 3450 679">
    <p class='ocr_par' dir='ltr' id='par_1_49' title="bbox 1883 597 3450 679">
     <span class='ocr_line' id='line_1_49' title="bbox 1883 597 3450 679; baseline -0.008 -18"><span class='ocrx_word' id='word_1_383' title='bbox 1883 616 2244 679; x_wconf 60' lang='lat' dir='ltr'><strong>praeterquam</strong></span> <span class='ocrx_word' id='word_1_384' title='bbox 2267 605 2413 676; x_wconf 92' lang='lat' dir='ltr'><strong>quod</strong></span> <span class='ocrx_word' id='word_1_385' title='bbox 2452 605 2542 659; x_wconf 91' lang='lat' dir='ltr'><strong>isti</strong></span> <span class='ocrx_word' id='word_1_386' title='bbox 2577 605 2633 659; x_wconf 91' lang='lat' dir='ltr'><strong>in</strong></span> <span class='ocrx_word' id='word_1_387' title='bbox 2676 602 3072 673; x_wconf 86' lang='lat' dir='ltr'><strong>proselytorum</strong></span> <span class='ocrx_word' id='word_1_388' title='bbox 3103 597 3293 652; x_wconf 88' lang='lat' dir='ltr'><strong>ordine</strong></span> <span class='ocrx_word' id='word_1_389' title='bbox 3318 605 3450 651; x_wconf 88' lang='lat' dir='ltr'><strong>sunt</strong></span> 
     </span>
    </p>
   </div>
   <div class='ocr_carea' id='block_1_50' title="bbox 1884 690 3442 770">
    <p class='ocr_par' dir='ltr' id='par_1_50' title="bbox 1884 690 3442 770">
     <span class='ocr_line' id='line_1_50' title="bbox 1884 690 3442 770; baseline -0.006 -17"><span class='ocrx_word' id='word_1_390' title='bbox 1884 702 2025 770; x_wconf 90' lang='lat' dir='ltr'><strong>apud</strong></span> <span class='ocrx_word' id='word_1_391' title='bbox 2081 701 2227 764; x_wconf 91' lang='lat' dir='ltr'><strong>illos,</strong></span> <span class='ocrx_word' id='word_1_392' title='bbox 2275 697 2602 767; x_wconf 89' lang='lat' dir='ltr'><strong>quibuscum</strong></span> <span class='ocrx_word' id='word_1_393' title='bbox 2670 704 2981 749; x_wconf 77' lang='lat' dir='ltr'><strong>versantur.</strong></span> <span class='ocrx_word' id='word_1_394' title='bbox 3035 691 3105 744; x_wconf 84' lang='lat' dir='ltr'><strong>At</strong></span> <span class='ocrx_word' id='word_1_395' title='bbox 3148 690 3294 745; x_wconf 86' lang='lat' dir='ltr'><strong>enim</strong></span> <span class='ocrx_word' id='word_1_396' title='bbox 3344 704 3442 744; x_wconf 90' lang='lat' dir='ltr'><strong>vos</strong></span> 
     </span>
    </p>
   </div>
   <div class='ocr_carea' id='block_1_51' title="bbox 1882 776 3437 862">
    <p class='ocr_par' dir='ltr' id='par_1_51' title="bbox 1882 776 3437 862">
     <span class='ocr_line' id='line_1_51' title="bbox 1882 776 3437 862; baseline -0.006 -16"><span class='ocrx_word' id='word_1_397' title='bbox 1882 793 2102 862; x_wconf 75' lang='lat' dir='ltr'><strong>quantis</strong></span> <span class='ocrx_word' id='word_1_398' title='bbox 2134 807 2234 862; x_wconf 91' lang='lat' dir='ltr'><strong>ego</strong></span> <span class='ocrx_word' id='word_1_399' title='bbox 2265 776 2526 860; x_wconf 83' lang='lat' dir='ltr'><strong>prodigiis</strong></span> <span class='ocrx_word' id='word_1_400' title='bbox 2552 783 3287 848; x_wconf 86' lang='lat' dir='ltr'><strong>liberaverim,notissimum</strong></span> <span class='ocrx_word' id='word_1_401' title='bbox 3322 790 3437 837; x_wconf 90' lang='lat' dir='ltr'><strong>est:</strong></span> 
     </span>
    </p>
   </div>
   <div class='ocr_carea' id='block_1_52' title="bbox 1882 874 3444 954">
    <p class='ocr_par' dir='ltr' id='par_1_52' title="bbox 1882 874 3444 954">
     <span class='ocr_line' id='line_1_52' title="bbox 1882 874 3444 954; baseline -0.006 -16"><span class='ocrx_word' id='word_1_402' title='bbox 1882 883 2159 954; x_wconf 87' lang='lat' dir='ltr'><strong>quomodo</strong></span> <span class='ocrx_word' id='word_1_403' title='bbox 2206 898 2304 953; x_wconf 89' lang='lat' dir='ltr'><strong>per</strong></span> <span class='ocrx_word' id='word_1_404' title='bbox 2358 882 2637 936; x_wconf 90' lang='lat' dir='ltr'><strong>desertum</strong></span> <span class='ocrx_word' id='word_1_405' title='bbox 2688 878 3031 939; x_wconf 80' lang='lat' dir='ltr'><strong>deduxerim,</strong></span> <span class='ocrx_word' id='word_1_406' title='bbox 3078 874 3355 947; x_wconf 87' lang='lat' dir='ltr'><strong>quomodo</strong></span> <span class='ocrx_word' id='word_1_407' title='bbox 3386 875 3444 929; x_wconf 91' lang='lat' dir='ltr'><strong>in</strong></span> 
     </span>
    </p>
   </div>
   <div class='ocr_carea' id='block_1_53' title="bbox 1882 969 3445 1045">
    <p class='ocr_par' dir='ltr' id='par_1_53' title="bbox 1882 969 3445 1045">
     <span class='ocr_line' id='line_1_53' title="bbox 1882 969 3445 1045; baseline -0.006 -17"><span class='ocrx_word' id='word_1_408' title='bbox 1882 976 2211 1045; x_wconf 84' lang='lat' dir='ltr'><strong>promissam</strong></span> <span class='ocrx_word' id='word_1_409' title='bbox 2253 980 2455 1028; x_wconf 90' lang='lat' dir='ltr'><strong>terram</strong></span> <span class='ocrx_word' id='word_1_410' title='bbox 2518 969 2932 1030; x_wconf 70' lang='lat' dir='ltr'><strong>introduxerint,</strong></span> <span class='ocrx_word' id='word_1_411' title='bbox 2993 974 3048 1021; x_wconf 88' lang='lat' dir='ltr'><strong>et</strong></span> <span class='ocrx_word' id='word_1_412' title='bbox 3101 973 3317 1036; x_wconf 63' lang='lat' dir='ltr'><strong>quantae</strong></span> <span class='ocrx_word' id='word_1_413' title='bbox 3347 978 3445 1018; x_wconf 89' lang='lat' dir='ltr'><strong>vos</strong></span> 
     </span>
    </p>
   </div>
   <div class='ocr_carea' id='block_1_54' title="bbox 1884 1057 3444 1138">
    <p class='ocr_par' dir='ltr' id='par_1_54' title="bbox 1884 1057 3444 1138">
     <span class='ocr_line' id='line_1_54' title="bbox 1884 1057 3444 1138; baseline -0.008 -16"><span class='ocrx_word' id='word_1_414' title='bbox 1884 1082 2233 1138; x_wconf 83' lang='lat' dir='ltr'><strong>possessores</strong></span> <span class='ocrx_word' id='word_1_415' title='bbox 2298 1065 2537 1136; x_wconf 79' lang='lat' dir='ltr'><strong>regionis</strong></span> <span class='ocrx_word' id='word_1_416' title='bbox 2582 1063 2829 1125; x_wconf 84' lang='lat' dir='ltr'><strong>fecerim,</strong></span> <span class='ocrx_word' id='word_1_417' title='bbox 2884 1060 3140 1114; x_wconf 89' lang='lat' dir='ltr'><strong>omnibus</strong></span> <span class='ocrx_word' id='word_1_418' title='bbox 3169 1058 3264 1127; x_wconf 92' lang='lat' dir='ltr'><strong>qui</strong></span> <span class='ocrx_word' id='word_1_419' title='bbox 3296 1057 3444 1111; x_wconf 85' lang='lat' dir='ltr'><strong>illam</strong></span> 
     </span>
    </p>
   </div>
   <div class='ocr_carea' id='block_1_55' title="bbox 1883 1149 3445 1225">
    <p class='ocr_par' dir='ltr' id='par_1_55' title="bbox 1883 1149 3445 1225">
     <span class='ocr_line' id='line_1_55' title="bbox 1883 1149 3445 1225; baseline -0.004 -15"><span class='ocrx_word' id='word_1_420' title='bbox 1883 1169 2043 1212; x_wconf 90' lang='lat' dir='ltr'><strong>antea</strong></span> <span class='ocrx_word' id='word_1_421' title='bbox 2076 1157 2389 1211; x_wconf 72' lang='lat' dir='ltr'><strong>incolebant</strong></span> <span class='ocrx_word' id='word_1_422' title='bbox 2429 1154 2724 1225; x_wconf 86' lang='lat' dir='ltr'><strong>peremptis</strong></span> <span class='ocrx_word' id='word_1_423' title='bbox 2754 1171 2767 1206; x_wconf 88' lang='lat'><strong>:</strong></span> <span class='ocrx_word' id='word_1_424' title='bbox 2795 1159 3055 1221; x_wconf 88' lang='lat' dir='ltr'><strong>quantam</strong></span> <span class='ocrx_word' id='word_1_425' title='bbox 3083 1149 3317 1218; x_wconf 90' lang='lat' dir='ltr'><strong>denique</strong></span> <span class='ocrx_word' id='word_1_426' title='bbox 3349 1163 3445 1203; x_wconf 85' lang='lat' dir='ltr'><strong>vo-</strong></span> 
     </span>
    </p>
   </div>
   <div class='ocr_carea' id='block_1_56' title="bbox 1882 1244 3441 1316">
    <p class='ocr_par' dir='ltr' id='par_1_56' title="bbox 1882 1244 3441 1316">
     <span class='ocr_line' id='line_1_56' title="bbox 1882 1244 3441 1316; baseline -0.006 -17"><span class='ocrx_word' id='word_1_427' title='bbox 1882 1246 1965 1301; x_wconf 86' lang='lat' dir='ltr'><strong>bis</strong></span> <span class='ocrx_word' id='word_1_428' title='bbox 1998 1262 2110 1316; x_wconf 88' lang='lat' dir='ltr'><strong>prae</strong></span> <span class='ocrx_word' id='word_1_429' title='bbox 2154 1246 2370 1301; x_wconf 87' lang='lat' dir='ltr'><strong>cunctis</strong></span> <span class='ocrx_word' id='word_1_430' title='bbox 2428 1244 2741 1299; x_wconf 89' lang='lat' dir='ltr'><strong>hominibus</strong></span> <span class='ocrx_word' id='word_1_431' title='bbox 2793 1250 2847 1296; x_wconf 91' lang='lat' dir='ltr'><strong>et</strong></span> <span class='ocrx_word' id='word_1_432' title='bbox 2890 1256 3051 1309; x_wconf 86' lang='lat' dir='ltr'><strong>quam</strong></span> <span class='ocrx_word' id='word_1_433' title='bbox 3098 1245 3441 1293; x_wconf 86' lang='lat' dir='ltr'><strong>constantem</strong></span> 
     </span>
    </p>
   </div>
   <div class='ocr_carea' id='block_1_57' title="bbox 1881 1335 3443 1408">
    <p class='ocr_par' dir='ltr' id='par_1_57' title="bbox 1881 1335 3443 1408">
     <span class='ocr_line' id='line_1_57' title="bbox 1881 1335 3443 1408; baseline -0.007 -16"><span class='ocrx_word' id='word_1_434' title='bbox 1881 1354 2067 1392; x_wconf 89' lang='lat' dir='ltr'><strong>curam</strong></span> <span class='ocrx_word' id='word_1_435' title='bbox 2105 1337 2484 1408; x_wconf 85' lang='lat' dir='ltr'><strong>impenderim.</strong></span> <span class='ocrx_word' id='word_1_436' title='bbox 2522 1336 2765 1402; x_wconf 85' lang='lat' dir='ltr'><strong>Quorum</strong></span> <span class='ocrx_word' id='word_1_437' title='bbox 2806 1335 3049 1387; x_wconf 90' lang='lat' dir='ltr'><strong>omnium</strong></span> <span class='ocrx_word' id='word_1_438' title='bbox 3090 1346 3279 1394; x_wconf 90' lang='lat' dir='ltr'><strong>causa,</strong></span> <span class='ocrx_word' id='word_1_439' title='bbox 3320 1346 3443 1383; x_wconf 83' lang='lat' dir='ltr'><strong>Clllll</strong></span> 
     </span>
    </p>
   </div>
   <div class='ocr_carea' id='block_1_58' title="bbox 1879 1426 3442 1496">
    <p class='ocr_par' dir='ltr' id='par_1_58' title="bbox 1879 1426 3442 1496">
     <span class='ocr_line' id='line_1_58' title="bbox 1879 1426 3442 1496; baseline -0.005 -11"><span class='ocrx_word' id='word_1_440' title='bbox 1879 1431 2139 1485; x_wconf 79' lang='lat' dir='ltr'><strong>eximium</strong></span> <span class='ocrx_word' id='word_1_441' title='bbox 2173 1431 2303 1484; x_wconf 88' lang='lat' dir='ltr'><strong>mihi</strong></span> <span class='ocrx_word' id='word_1_442' title='bbox 2336 1429 2609 1485; x_wconf 86' lang='lat' dir='ltr'><strong>deberetis</strong></span> <span class='ocrx_word' id='word_1_443' title='bbox 2638 1427 2982 1496; x_wconf 87' lang='lat' dir='ltr'><strong>obsequium,</strong></span> <span class='ocrx_word' id='word_1_444' title='bbox 3020 1426 3230 1480; x_wconf 92' lang='lat' dir='ltr'><strong>nullum</strong></span> <span class='ocrx_word' id='word_1_445' title='bbox 3266 1435 3442 1483; x_wconf 86' lang='lat' dir='ltr'><strong>tamen</strong></span> 
     </span>
    </p>
   </div>
   <div class='ocr_carea' id='block_1_59' title="bbox 1886 1522 3443 1592">
    <p class='ocr_par' dir='ltr' id='par_1_59' title="bbox 1886 1522 3443 1592">
     <span class='ocr_line' id='line_1_59' title="bbox 1886 1522 3443 1592; baseline -0.006 -15"><span class='ocrx_word' id='word_1_446' title='bbox 1886 1522 2279 1577; x_wconf 83' lang='lat' dir='ltr'><strong>beneﬁciorum</strong></span> <span class='ocrx_word' id='word_1_447' title='bbox 2325 1537 2452 1592; x_wconf 85' lang='lat' dir='ltr'><strong>erga</strong></span> <span class='ocrx_word' id='word_1_448' title='bbox 2496 1536 2592 1575; x_wconf 82' lang='lat' dir='ltr'><strong>vos</strong></span> <span class='ocrx_word' id='word_1_449' title='bbox 2624 1535 2867 1574; x_wconf 89' lang='lat' dir='ltr'><strong>meorum</strong></span> <span class='ocrx_word' id='word_1_450' title='bbox 2916 1525 3221 1587; x_wconf 87' lang='lat' dir='ltr'><strong>respectum</strong></span> <span class='ocrx_word' id='word_1_451' title='bbox 3266 1525 3443 1570; x_wconf 82' lang='lat' dir='ltr'><strong>osten-</strong></span> 
     </span>
    </p>
   </div>
   <div class='ocr_carea' id='block_1_60' title="bbox 1878 1612 2455 1683">
    <p class='ocr_par' dir='ltr' id='par_1_60' title="bbox 1878 1612 2455 1683">
     <span class='ocr_line' id='line_1_60' title="bbox 1878 1612 2455 1683; baseline -0.002 -16"><span class='ocrx_word' id='word_1_452' title='bbox 1878 1616 2059 1667; x_wconf 90' lang='lat' dir='ltr'><strong>distis.</strong></span> <span class='ocrx_word' id='word_1_453' title='bbox 2091 1612 2233 1679; x_wconf 86' lang='lat' dir='ltr'><strong>Quid</strong></span> <span class='ocrx_word' id='word_1_454' title='bbox 2287 1613 2455 1683; x_wconf 83' lang='lat' dir='ltr'><strong>ergo?</strong></span> 
     </span>
    </p>
   </div>
   <div class='ocr_carea' id='block_1_61' title="bbox 1948 1700 3444 1767">
    <p class='ocr_par' dir='ltr' id='par_1_61' title="bbox 1948 1700 3444 1767">
     <span class='ocr_line' id='line_1_61' title="bbox 1948 1700 3444 1767; baseline -0.006 -9"><span class='ocrx_word' id='word_1_455' title='bbox 1948 1703 2109 1759; x_wconf 72' lang='lat' dir='ltr'><strong>Vsus.</strong></span> <span class='ocrx_word' id='word_1_456' title='bbox 2127 1704 2376 1758; x_wconf 73' lang='lat' dir='ltr'><strong>8-lO.—¢</strong></span> <span class='ocrx_word' id='word_1_457' title='bbox 2399 1702 2533 1756; x_wconf 84' lang='lat' dir='ltr'><strong>Ecce</strong></span> <span class='ocrx_word' id='word_1_458' title='bbox 2547 1702 2686 1755; x_wconf 91' lang='lat' dir='ltr'><strong>oculi</strong></span> <span class='ocrx_word' id='word_1_459' title='bbox 2712 1701 2920 1755; x_wconf 88' lang='lat' dir='ltr'><strong>Domini</strong></span> <span class='ocrx_word' id='word_1_460' title='bbox 2936 1700 3028 1753; x_wconf 87' lang='lat' dir='ltr'><strong>Dei</strong></span> <span class='ocrx_word' id='word_1_461' title='bbox 3044 1712 3207 1767; x_wconf 88' lang='lat' dir='ltr'><strong>super</strong></span> <span class='ocrx_word' id='word_1_462' title='bbox 3222 1712 3444 1766; x_wconf 84' lang='lat' dir='ltr'><strong>regnum</strong></span> 
     </span>
    </p>
   </div>
   <div class='ocr_carea' id='block_1_62' title="bbox 1817 1780 3445 1865">
    <p class='ocr_par' dir='ltr' id='par_1_62' title="bbox 1817 1780 3445 1865">
     <span class='ocr_line' id='line_1_62' title="bbox 1817 1780 3445 1865; baseline -0.007 -14"><span class='ocrx_word' id='word_1_463' title='bbox 1817 1780 1854 1835; x_wconf 71' lang='grc' dir='ltr'><strong>Β</strong></span> <span class='ocrx_word' id='word_1_464' title='bbox 1885 1811 2139 1865; x_wconf 85' lang='lat' dir='ltr'><strong>peccans,</strong></span> <span class='ocrx_word' id='word_1_465' title='bbox 2187 1804 2241 1850; x_wconf 86' lang='lat' dir='ltr'><strong>et</strong></span> <span class='ocrx_word' id='word_1_466' title='bbox 2275 1794 2515 1848; x_wconf 82' lang='lat' dir='ltr'><strong>auferam</strong></span> <span class='ocrx_word' id='word_1_467' title='bbox 2572 1793 2705 1846; x_wconf 88' lang='lat' dir='ltr'><strong>illud</strong></span> <span class='ocrx_word' id='word_1_468' title='bbox 2739 1808 2766 1844; x_wconf 86' lang='lat' dir='ltr'><strong>a</strong></span> <span class='ocrx_word' id='word_1_469' title='bbox 2802 1792 2941 1845; x_wconf 84' lang='lat' dir='ltr'><strong>facie</strong></span> <span class='ocrx_word' id='word_1_470' title='bbox 2971 1799 3133 1844; x_wconf 68' lang='lat' dir='ltr'><strong>terra:</strong></span> <span class='ocrx_word' id='word_1_471' title='bbox 3178 1808 3191 1842; x_wconf 88' lang='lat'><strong>:</strong></span> <span class='ocrx_word' id='word_1_472' title='bbox 3229 1804 3445 1843; x_wconf 89' lang='lat' dir='ltr'><strong>verum-</strong></span> 
     </span>
    </p>
   </div>
   <div class='ocr_carea' id='block_1_63' title="bbox 1884 1879 3442 1942">
    <p class='ocr_par' dir='ltr' id='par_1_63' title="bbox 1884 1879 3442 1942">
     <span class='ocr_line' id='line_1_63' title="bbox 1884 1879 3442 1942; baseline -0.004 -3"><span class='ocrx_word' id='word_1_473' title='bbox 1884 1894 2062 1940; x_wconf 88' lang='lat' dir='ltr'><strong>tamen</strong></span> <span class='ocrx_word' id='word_1_474' title='bbox 2100 1902 2206 1939; x_wconf 89' lang='lat' dir='ltr'><strong>non</strong></span> <span class='ocrx_word' id='word_1_475' title='bbox 2240 1885 2294 1938; x_wconf 91' lang='lat' dir='ltr'><strong>in</strong></span> <span class='ocrx_word' id='word_1_476' title='bbox 2335 1884 2494 1938; x_wconf 86' lang='lat' dir='ltr'><strong>finem</strong></span> <span class='ocrx_word' id='word_1_477' title='bbox 2520 1882 2763 1937; x_wconf 89' lang='lat' dir='ltr'><strong>auferam</strong></span> <span class='ocrx_word' id='word_1_478' title='bbox 2809 1881 3027 1936; x_wconf 90' lang='lat' dir='ltr'><strong>domum</strong></span> <span class='ocrx_word' id='word_1_479' title='bbox 3063 1879 3252 1942; x_wconf 90' lang='lat' dir='ltr'><strong>Jacob,</strong></span> <span class='ocrx_word' id='word_1_480' title='bbox 3307 1879 3442 1934; x_wconf 76' lang='lat' dir='ltr'><strong>dicrt</strong></span> 
     </span>
    </p>
   </div>
   <div class='ocr_carea' id='block_1_64' title="bbox 1883 1972 3443 2045">
    <p class='ocr_par' dir='ltr' id='par_1_64' title="bbox 1883 1972 3443 2045">
     <span class='ocr_line' id='line_1_64' title="bbox 1883 1972 3443 2045; baseline -0.006 -15"><span class='ocrx_word' id='word_1_481' title='bbox 1883 1976 2164 2030; x_wconf 84' lang='lat' dir='ltr'><strong>Dominus.</strong></span> <span class='ocrx_word' id='word_1_482' title='bbox 2198 1996 2215 2026; x_wconf 77' lang='grc' dir='ltr'><strong>ι</strong></span> <span class='ocrx_word' id='word_1_483' title='bbox 2251 1975 2475 2045; x_wconf 81' lang='lat' dir='ltr'><strong>PrOpter</strong></span> <span class='ocrx_word' id='word_1_484' title='bbox 2514 1975 2662 2029; x_wconf 91' lang='lat' dir='ltr'><strong>hunc</strong></span> <span class='ocrx_word' id='word_1_485' title='bbox 2696 1989 2827 2028; x_wconf 87' lang='lat' dir='ltr'><strong>sane</strong></span> <span class='ocrx_word' id='word_1_486' title='bbox 2857 1973 3132 2042; x_wconf 81' lang='lat' dir='ltr'><strong>ingratum</strong></span> <span class='ocrx_word' id='word_1_487' title='bbox 3179 1972 3443 2033; x_wconf 87' lang='lat' dir='ltr'><strong>animum,</strong></span> 
     </span>
    </p>
   </div>
   <div class='ocr_carea' id='block_1_65' title="bbox 1883 2063 3438 2136">
    <p class='ocr_par' dir='ltr' id='par_1_65' title="bbox 1883 2063 3438 2136">
     <span class='ocr_line' id='line_1_65' title="bbox 1883 2063 3438 2136; baseline -0.004 -15"><span class='ocrx_word' id='word_1_488' title='bbox 1883 2070 2121 2123; x_wconf 86' lang='lat' dir='ltr'><strong>auferam</strong></span> <span class='ocrx_word' id='word_1_489' title='bbox 2155 2083 2252 2123; x_wconf 88' lang='lat' dir='ltr'><strong>vos</strong></span> <span class='ocrx_word' id='word_1_490' title='bbox 2282 2068 2350 2122; x_wconf 91' lang='lat' dir='ltr'><strong>de</strong></span> <span class='ocrx_word' id='word_1_491' title='bbox 2385 2077 2551 2131; x_wconf 90' lang='lat' dir='ltr'><strong>terra,</strong></span> <span class='ocrx_word' id='word_1_492' title='bbox 2592 2076 2647 2121; x_wconf 90' lang='lat' dir='ltr'><strong>et</strong></span> <span class='ocrx_word' id='word_1_493' title='bbox 2685 2067 2738 2121; x_wconf 92' lang='lat' dir='ltr'><strong>in</strong></span> <span class='ocrx_word' id='word_1_494' title='bbox 2772 2067 3133 2136; x_wconf 88' lang='lat' dir='ltr'><strong>captivitatem</strong></span> <span class='ocrx_word' id='word_1_495' title='bbox 3175 2063 3438 2133; x_wconf 79' lang='lat' dir='ltr'><strong>expellam</strong></span> 
     </span>
    </p>
   </div>
   <div class='ocr_carea' id='block_1_66' title="bbox 1881 2157 3437 2230">
    <p class='ocr_par' dir='ltr' id='par_1_66' title="bbox 1881 2157 3437 2230">
     <span class='ocr_line' id='line_1_66' title="bbox 1881 2157 3437 2230; baseline -0.003 -16"><span class='ocrx_word' id='word_1_496' title='bbox 1881 2170 1989 2214; x_wconf 89' lang='lat' dir='ltr'><strong>tam</strong></span> <span class='ocrx_word' id='word_1_497' title='bbox 2038 2175 2268 2229; x_wconf 89' lang='lat' dir='ltr'><strong>nequam</strong></span> <span class='ocrx_word' id='word_1_498' title='bbox 2309 2175 2535 2230; x_wconf 90' lang='lat' dir='ltr'><strong>regnum</strong></span> <span class='ocrx_word' id='word_1_499' title='bbox 2569 2176 2585 2225; x_wconf 87' lang='lat'><strong>;</strong></span> <span class='ocrx_word' id='word_1_500' title='bbox 2631 2174 2739 2213; x_wconf 88' lang='lat' dir='ltr'><strong>non</strong></span> <span class='ocrx_word' id='word_1_501' title='bbox 2781 2166 2959 2212; x_wconf 87' lang='lat' dir='ltr'><strong>tamen</strong></span> <span class='ocrx_word' id='word_1_502' title='bbox 3011 2158 3185 2228; x_wconf 87' lang='lat' dir='ltr'><strong>patiar</strong></span> <span class='ocrx_word' id='word_1_503' title='bbox 3220 2157 3437 2225; x_wconf 90' lang='lat' dir='ltr'><strong>plenum</strong></span> 
     </span>
    </p>
   </div>
   <div class='ocr_carea' id='block_1_67' title="bbox 1880 2250 3441 2315">
    <p class='ocr_par' dir='ltr' id='par_1_67' title="bbox 1880 2250 3441 2315">
     <span class='ocr_line' id='line_1_67' title="bbox 1880 2250 3441 2315; baseline -0.001 -10"><span class='ocrx_word' id='word_1_504' title='bbox 1880 2254 2047 2307; x_wconf 85' lang='lat' dir='ltr'><strong>vestri</strong></span> <span class='ocrx_word' id='word_1_505' title='bbox 2124 2252 2496 2307; x_wconf 89' lang='lat' dir='ltr'><strong>consummari</strong></span> <span class='ocrx_word' id='word_1_506' title='bbox 2554 2252 2807 2315; x_wconf 78' lang='lat' dir='ltr'><strong>exitium,</strong></span> <span class='ocrx_word' id='word_1_507' title='bbox 2879 2266 3089 2306; x_wconf 88' lang='lat' dir='ltr'><strong>memor</strong></span> <span class='ocrx_word' id='word_1_508' title='bbox 3143 2250 3441 2303; x_wconf 82' lang='lat' dir='ltr'><strong>voluntatis</strong></span> 
     </span>
    </p>
   </div>
   <div class='ocr_carea' id='block_1_68' title="bbox 1881 2340 3438 2416">
    <p class='ocr_par' dir='ltr' id='par_1_68' title="bbox 1881 2340 3438 2416">
     <span class='ocr_line' id='line_1_68' title="bbox 1881 2340 3438 2416; baseline -0.003 -17"><span class='ocrx_word' id='word_1_509' title='bbox 1881 2362 2033 2407; x_wconf 69' lang='lat' dir='ltr'><strong>meaz,</strong></span> <span class='ocrx_word' id='word_1_510' title='bbox 2070 2361 2178 2416; x_wconf 91' lang='lat' dir='ltr'><strong>qua</strong></span> <span class='ocrx_word' id='word_1_511' title='bbox 2208 2354 2413 2400; x_wconf 89' lang='lat' dir='ltr'><strong>tantam</strong></span> <span class='ocrx_word' id='word_1_512' title='bbox 2452 2344 2607 2399; x_wconf 86' lang='lat' dir='ltr'><strong>vobis</strong></span> <span class='ocrx_word' id='word_1_513' title='bbox 2650 2359 2839 2398; x_wconf 87' lang='lat' dir='ltr'><strong>curam</strong></span> <span class='ocrx_word' id='word_1_514' title='bbox 2888 2342 3145 2413; x_wconf 89' lang='lat' dir='ltr'><strong>impendi.</strong></span> <span class='ocrx_word' id='word_1_515' title='bbox 3180 2361 3199 2393; x_wconf 76' lang='grc' dir='ltr'><strong>ι</strong></span> <span class='ocrx_word' id='word_1_516' title='bbox 3232 2340 3308 2395; x_wconf 82' lang='grc' dir='ltr'>Εη</span> <span class='ocrx_word' id='word_1_517' title='bbox 3337 2356 3438 2410; x_wconf 87' lang='lat' dir='ltr'><strong>ego</strong></span> 
     </span>
    </p>
   </div>
   <div class='ocr_carea' id='block_1_69' title="bbox 1879 2432 3436 2505">
    <p class='ocr_par' dir='ltr' id='par_1_69' title="bbox 1879 2432 3436 2505">
     <span class='ocr_line' id='line_1_69' title="bbox 1879 2432 3436 2505; baseline -0.003 -16"><span class='ocrx_word' id='word_1_518' title='bbox 1879 2437 2211 2505; x_wconf 67' lang='lat' dir='ltr'><strong>praecipiam,</strong></span> <span class='ocrx_word' id='word_1_519' title='bbox 2240 2445 2294 2490; x_wconf 91' lang='lat' dir='ltr'><strong>et</strong></span> <span class='ocrx_word' id='word_1_520' title='bbox 2324 2436 2594 2491; x_wconf 90' lang='lat' dir='ltr'><strong>ventilabo</strong></span> <span class='ocrx_word' id='word_1_521' title='bbox 2623 2434 2842 2488; x_wconf 91' lang='lat' dir='ltr'><strong>domum</strong></span> <span class='ocrx_word' id='word_1_522' title='bbox 2890 2433 3132 2495; x_wconf 88' lang='lat' dir='ltr'><strong>lsraelis,</strong></span> <span class='ocrx_word' id='word_1_523' title='bbox 3171 2432 3436 2502; x_wconf 91' lang='lat' dir='ltr'><strong>quemad-</strong></span> 
     </span>
    </p>
   </div>
   <div class='ocr_carea' id='block_1_70' title="bbox 1881 2521 3437 2587">
    <p class='ocr_par' dir='ltr' id='par_1_70' title="bbox 1881 2521 3437 2587">
     <span class='ocr_line' id='line_1_70' title="bbox 1881 2521 3437 2587; baseline -0.002 -10"><span class='ocrx_word' id='word_1_524' title='bbox 1881 2525 2099 2578; x_wconf 86' lang='lat' dir='ltr'><strong>modum</strong></span> <span class='ocrx_word' id='word_1_525' title='bbox 2152 2525 2447 2578; x_wconf 84' lang='lat' dir='ltr'><strong>ventilatur</strong></span> <span class='ocrx_word' id='word_1_526' title='bbox 2506 2523 2563 2578; x_wconf 88' lang='lat' dir='ltr'><strong>in</strong></span> <span class='ocrx_word' id='word_1_527' title='bbox 2616 2523 2942 2587; x_wconf 90' lang='lat' dir='ltr'><strong>ventilabro,</strong></span> <span class='ocrx_word' id='word_1_528' title='bbox 3006 2530 3061 2577; x_wconf 89' lang='lat' dir='ltr'><strong>et</strong></span> <span class='ocrx_word' id='word_1_529' title='bbox 3115 2536 3225 2575; x_wconf 89' lang='lat' dir='ltr'><strong>non</strong></span> <span class='ocrx_word' id='word_1_530' title='bbox 3281 2521 3437 2575; x_wconf 83' lang='lat' dir='ltr'><strong>cadet</strong></span> 
     </span>
    </p>
   </div>
   <div class='ocr_carea' id='block_1_71' title="bbox 1882 2611 3433 2685">
    <p class='ocr_par' dir='ltr' id='par_1_71' title="bbox 1882 2611 3433 2685">
     <span class='ocr_line' id='line_1_71' title="bbox 1882 2611 3433 2685; baseline -0.001 -18"><span class='ocrx_word' id='word_1_531' title='bbox 1882 2616 2242 2685; x_wconf 81' lang='lat' dir='ltr'><strong>fragmentum</strong></span> <span class='ocrx_word' id='word_1_532' title='bbox 2279 2632 2443 2684; x_wconf 89' lang='lat' dir='ltr'><strong>super</strong></span> <span class='ocrx_word' id='word_1_533' title='bbox 2474 2624 2699 2670; x_wconf 86' lang='lat' dir='ltr'><strong>terram.</strong></span> <span class='ocrx_word' id='word_1_534' title='bbox 2725 2634 2743 2666; x_wconf 73' lang='grc' dir='ltr'><strong>ι</strong></span> <span class='ocrx_word' id='word_1_535' title='bbox 2782 2614 2907 2669; x_wconf 81' lang='lat' dir='ltr'><strong>Ritu</strong></span> <span class='ocrx_word' id='word_1_536' title='bbox 2955 2613 3328 2668; x_wconf 87' lang='lat' dir='ltr'><strong>ventilantium</strong></span> <span class='ocrx_word' id='word_1_537' title='bbox 3378 2611 3433 2665; x_wconf 87' lang='lat' dir='ltr'><strong>in</strong></span> 
     </span>
    </p>
   </div>
   <div class='ocr_carea' id='block_1_72' title="bbox 1878 2704 3438 2777">
    <p class='ocr_par' dir='ltr' id='par_1_72' title="bbox 1878 2704 3438 2777">
     <span class='ocr_line' id='line_1_72' title="bbox 1878 2704 3438 2777; baseline -0.003 -17"><span class='ocrx_word' id='word_1_538' title='bbox 1878 2722 2027 2770; x_wconf 91' lang='lat' dir='ltr'><strong>area,</strong></span> <span class='ocrx_word' id='word_1_539' title='bbox 2075 2717 2132 2762; x_wconf 91' lang='lat' dir='ltr'><strong>et</strong></span> <span class='ocrx_word' id='word_1_540' title='bbox 2188 2709 2589 2763; x_wconf 83' lang='lat' dir='ltr'><strong>secernentium</strong></span> <span class='ocrx_word' id='word_1_541' title='bbox 2632 2724 2663 2761; x_wconf 90' lang='lat' dir='ltr'><strong>a</strong></span> <span class='ocrx_word' id='word_1_542' title='bbox 2715 2708 2867 2777; x_wconf 90' lang='lat' dir='ltr'><strong>palea</strong></span> <span class='ocrx_word' id='word_1_543' title='bbox 2922 2705 3185 2768; x_wconf 81' lang='lat' dir='ltr'><strong>triticum,</strong></span> <span class='ocrx_word' id='word_1_544' title='bbox 3226 2704 3438 2758; x_wconf 90' lang='lat' dir='ltr'><strong>tradam</strong></span> 
     </span>
    </p>
   </div>
   <div class='ocr_carea' id='block_1_73' title="bbox 1878 2797 3432 2870">
    <p class='ocr_par' dir='ltr' id='par_1_73' title="bbox 1878 2797 3432 2870">
     <span class='ocr_line' id='line_1_73' title="bbox 1878 2797 3432 2870; baseline -0.002 -18"><span class='ocrx_word' id='word_1_545' title='bbox 1878 2815 1975 2854; x_wconf 91' lang='lat' dir='ltr'><strong>vos</strong></span> <span class='ocrx_word' id='word_1_546' title='bbox 2008 2802 2260 2870; x_wconf 90' lang='lat' dir='ltr'><strong>gentibus</strong></span> <span class='ocrx_word' id='word_1_547' title='bbox 2294 2802 2351 2855; x_wconf 82' lang='lat' dir='ltr'><strong>in</strong></span> <span class='ocrx_word' id='word_1_548' title='bbox 2377 2800 2742 2869; x_wconf 82' lang='lat' dir='ltr'><strong>captivitatem</strong></span> <span class='ocrx_word' id='word_1_549' title='bbox 2767 2798 2946 2865; x_wconf 88' lang='lat' dir='ltr'><strong>;baud</strong></span> <span class='ocrx_word' id='word_1_550' title='bbox 2977 2813 3104 2852; x_wconf 89' lang='lat' dir='ltr'><strong>vero</strong></span> <span class='ocrx_word' id='word_1_551' title='bbox 3127 2797 3432 2851; x_wconf 85' lang='lat' dir='ltr'><strong>absolutam</strong></span> 
     </span>
    </p>
   </div>
   <div class='ocr_carea' id='block_1_74' title="bbox 1878 2889 3437 2961">
    <p class='ocr_par' dir='ltr' id='par_1_74' title="bbox 1878 2889 3437 2961">
     <span class='ocr_line' id='line_1_74' title="bbox 1878 2889 3437 2961; baseline -0.001 -18"><span class='ocrx_word' id='word_1_552' title='bbox 1878 2891 2045 2944; x_wconf 88' lang='lat' dir='ltr'><strong>vestri</strong></span> <span class='ocrx_word' id='word_1_553' title='bbox 2098 2891 2392 2959; x_wconf 87' lang='lat' dir='ltr'><strong>perniciem</strong></span> <span class='ocrx_word' id='word_1_554' title='bbox 2456 2891 2616 2961; x_wconf 76' lang='lat'><strong>138</strong></span> <span class='ocrx_word' id='word_1_555' title='bbox 2660 2889 2875 2955; x_wconf 90' lang='lat' dir='ltr'><strong>faciam,</strong></span> <span class='ocrx_word' id='word_1_556' title='bbox 2936 2904 3265 2945; x_wconf 82' lang='lat' dir='ltr'><strong>conservans</strong></span> <span class='ocrx_word' id='word_1_557' title='bbox 3312 2889 3437 2943; x_wconf 89' lang='lat' dir='ltr'><strong>illos</strong></span> 
     </span>
    </p>
   </div>
   <div class='ocr_carea' id='block_1_75' title="bbox 1879 2981 3434 3053">
    <p class='ocr_par' dir='ltr' id='par_1_75' title="bbox 1879 2981 3434 3053">
     <span class='ocr_line' id='line_1_75' title="bbox 1879 2981 3434 3053; baseline -0.001 -17"><span class='ocrx_word' id='word_1_558' title='bbox 1879 2998 2016 3052; x_wconf 88' lang='lat' dir='ltr'><strong>quos</strong></span> <span class='ocrx_word' id='word_1_559' title='bbox 2066 2983 2205 3037; x_wconf 89' lang='lat' dir='ltr'><strong>hanc</strong></span> <span class='ocrx_word' id='word_1_560' title='bbox 2263 2984 2587 3053; x_wconf 86' lang='lat' dir='ltr'><strong>impetrandi</strong></span> <span class='ocrx_word' id='word_1_561' title='bbox 2647 2984 2876 3038; x_wconf 91' lang='lat' dir='ltr'><strong>salutem</strong></span> <span class='ocrx_word' id='word_1_562' title='bbox 2918 2983 3110 3051; x_wconf 84' lang='lat' dir='ltr'><strong>dignos</strong></span> <span class='ocrx_word' id='word_1_563' title='bbox 3155 2981 3434 3052; x_wconf 73' lang='lat' dir='ltr'><strong>iudicabo.</strong></span> 
     </span>
    </p>
   </div>
   <div class='ocr_carea' id='block_1_76' title="bbox 1805 3072 3435 3167">
    <p class='ocr_par' dir='ltr' id='par_1_76' title="bbox 1805 3072 3435 3167">
     <span class='ocr_line' id='line_1_76' title="bbox 1805 3072 3435 3167; baseline 0 -43"><span class='ocrx_word' id='word_1_564' title='bbox 1805 3110 1847 3167; x_wconf 59' lang='grc' dir='ltr'>ϐ</span> <span class='ocrx_word' id='word_1_565' title='bbox 1885 3092 1903 3124; x_wconf 76' lang='grc' dir='ltr'>σ</span> <span class='ocrx_word' id='word_1_566' title='bbox 1940 3073 2130 3128; x_wconf 90' lang='lat' dir='ltr'><strong>Gladio</strong></span> <span class='ocrx_word' id='word_1_567' title='bbox 2171 3074 2471 3128; x_wconf 90' lang='lat' dir='ltr'><strong>morientur</strong></span> <span class='ocrx_word' id='word_1_568' title='bbox 2514 3088 2703 3128; x_wconf 91' lang='lat' dir='ltr'><strong>omnes</strong></span> <span class='ocrx_word' id='word_1_569' title='bbox 2734 3081 3045 3142; x_wconf 89' lang='lat' dir='ltr'><strong>peccatores</strong></span> <span class='ocrx_word' id='word_1_570' title='bbox 3092 3072 3272 3142; x_wconf 68' lang='grc' dir='ltr'>μοι)ιηί</span> <span class='ocrx_word' id='word_1_571' title='bbox 3308 3073 3435 3136; x_wconf 91' lang='lat' dir='ltr'><strong>mei,</strong></span> 
     </span>
    </p>
   </div>
   <div class='ocr_carea' id='block_1_77' title="bbox 1880 3164 3440 3235">
    <p class='ocr_par' dir='ltr' id='par_1_77' title="bbox 1880 3164 3440 3235">
     <span class='ocr_line' id='line_1_77' title="bbox 1880 3164 3440 3235; baseline 0.001 -18"><span class='ocrx_word' id='word_1_572' title='bbox 1880 3166 1971 3234; x_wconf 87' lang='lat' dir='ltr'><strong>qui</strong></span> <span class='ocrx_word' id='word_1_573' title='bbox 2024 3165 2212 3218; x_wconf 92' lang='lat' dir='ltr'><strong>dicunt</strong></span> <span class='ocrx_word' id='word_1_574' title='bbox 2263 3185 2275 3219; x_wconf 94' lang='lat'><strong>:</strong></span> <span class='ocrx_word' id='word_1_575' title='bbox 2307 3164 2425 3219; x_wconf 83' lang='lat' dir='ltr'><strong>Non</strong></span> <span class='ocrx_word' id='word_1_576' title='bbox 2464 3166 2973 3235; x_wconf 83' lang='lat' dir='ltr'><strong>appropinquabunt</strong></span> <span class='ocrx_word' id='word_1_577' title='bbox 3014 3182 3188 3235; x_wconf 90' lang='lat' dir='ltr'><strong>neque</strong></span> <span class='ocrx_word' id='word_1_578' title='bbox 3223 3166 3440 3221; x_wconf 88' lang='lat' dir='ltr'><strong>venient</strong></span> 
     </span>
    </p>
   </div>
   <div class='ocr_carea' id='block_1_78' title="bbox 1880 3255 3441 3332">
    <p class='ocr_par' dir='ltr' id='par_1_78' title="bbox 1880 3255 3441 3332">
     <span class='ocr_line' id='line_1_78' title="bbox 1880 3255 3441 3332; baseline 0.005 -22"><span class='ocrx_word' id='word_1_579' title='bbox 1880 3271 2043 3325; x_wconf 89' lang='lat' dir='ltr'><strong>super</strong></span> <span class='ocrx_word' id='word_1_580' title='bbox 2067 3270 2167 3310; x_wconf 92' lang='lat' dir='ltr'><strong>nos</strong></span> <span class='ocrx_word' id='word_1_581' title='bbox 2200 3255 2358 3309; x_wconf 90' lang='lat' dir='ltr'><strong>mala.</strong></span> <span class='ocrx_word' id='word_1_582' title='bbox 2382 3275 2400 3307; x_wconf 77' lang='grc' dir='ltr'><strong>ι</strong></span> <span class='ocrx_word' id='word_1_583' title='bbox 2436 3255 2582 3310; x_wconf 89' lang='lat' dir='ltr'><strong>Bello</strong></span> <span class='ocrx_word' id='word_1_584' title='bbox 2610 3257 2755 3310; x_wconf 88' lang='lat' dir='ltr'><strong>enim</strong></span> <span class='ocrx_word' id='word_1_585' title='bbox 2798 3274 2893 3312; x_wconf 90' lang='lat' dir='ltr'><strong>eos</strong></span> <span class='ocrx_word' id='word_1_586' title='bbox 2924 3260 3164 3328; x_wconf 86' lang='lat' dir='ltr'><strong>perdam,</strong></span> <span class='ocrx_word' id='word_1_587' title='bbox 3209 3265 3301 3332; x_wconf 88' lang='lat' dir='ltr'><strong>qui</strong></span> <span class='ocrx_word' id='word_1_588' title='bbox 3334 3267 3441 3318; x_wconf 86' lang='lat' dir='ltr'><strong>im-</strong></span> 
     </span>
    </p>
   </div>
   <div class='ocr_carea' id='block_1_79' title="bbox 1880 3347 3437 3422">
    <p class='ocr_par' dir='ltr' id='par_1_79' title="bbox 1880 3347 3437 3422">
     <span class='ocr_line' id='line_1_79' title="bbox 1880 3347 3437 3422; baseline 0.007 -23"><span class='ocrx_word' id='word_1_589' title='bbox 1880 3347 2135 3417; x_wconf 87' lang='lat' dir='ltr'><strong>probitati</strong></span> <span class='ocrx_word' id='word_1_590' title='bbox 2167 3356 2294 3401; x_wconf 90' lang='lat' dir='ltr'><strong>sunt</strong></span> <span class='ocrx_word' id='word_1_591' title='bbox 2326 3347 2517 3412; x_wconf 90' lang='lat' dir='ltr'><strong>dediti,</strong></span> <span class='ocrx_word' id='word_1_592' title='bbox 2568 3356 2619 3400; x_wconf 91' lang='lat' dir='ltr'><strong>et</strong></span> <span class='ocrx_word' id='word_1_593' title='bbox 2651 3363 2756 3400; x_wconf 93' lang='lat' dir='ltr'><strong>non</strong></span> <span class='ocrx_word' id='word_1_594' title='bbox 2782 3349 3013 3403; x_wconf 86' lang='lat' dir='ltr'><strong>credunt</strong></span> <span class='ocrx_word' id='word_1_595' title='bbox 3039 3351 3153 3406; x_wconf 88' lang='lat' dir='ltr'><strong>fore</strong></span> <span class='ocrx_word' id='word_1_596' title='bbox 3182 3361 3242 3406; x_wconf 91' lang='lat' dir='ltr'><strong>ut</strong></span> <span class='ocrx_word' id='word_1_597' title='bbox 3280 3354 3437 3422; x_wconf 77' lang='lat' dir='ltr'><strong>juxta</strong></span> 
     </span>
    </p>
   </div>
   <div class='ocr_carea' id='block_1_80' title="bbox 1882 3437 3433 3510">
    <p class='ocr_par' dir='ltr' id='par_1_80' title="bbox 1882 3437 3433 3510">
     <span class='ocr_line' id='line_1_80' title="bbox 1882 3437 3433 3510; baseline 0.007 -22"><span class='ocrx_word' id='word_1_598' title='bbox 1882 3437 2265 3507; x_wconf 87' lang='lat' dir='ltr'><strong>prophetarum</strong></span> <span class='ocrx_word' id='word_1_599' title='bbox 2300 3439 2558 3494; x_wconf 89' lang='lat' dir='ltr'><strong>vaticinia</strong></span> <span class='ocrx_word' id='word_1_600' title='bbox 2616 3439 2771 3494; x_wconf 89' lang='lat' dir='ltr'><strong>triste</strong></span> <span class='ocrx_word' id='word_1_601' title='bbox 2815 3440 3019 3510; x_wconf 86' lang='lat' dir='ltr'><strong>aliquid</strong></span> <span class='ocrx_word' id='word_1_602' title='bbox 3066 3443 3168 3498; x_wconf 91' lang='lat' dir='ltr'><strong>sibi</strong></span> <span class='ocrx_word' id='word_1_603' title='bbox 3200 3448 3433 3501; x_wconf 88' lang='lat' dir='ltr'><strong>eveniat.</strong></span> 
     </span>
    </p>
   </div>
   <div class='ocr_carea' id='block_1_81' title="bbox 1880 3529 3429 3604">
    <p class='ocr_par' dir='ltr' id='par_1_81' title="bbox 1880 3529 3429 3604">
     <span class='ocr_line' id='line_1_81' title="bbox 1880 3529 3429 3604; baseline 0.006 -23"><span class='ocrx_word' id='word_1_604' title='bbox 1880 3529 2177 3597; x_wconf 89' lang='lat' dir='ltr'><strong>Postquam</strong></span> <span class='ocrx_word' id='word_1_605' title='bbox 2227 3529 2308 3583; x_wconf 90' lang='lat' dir='ltr'><strong>sic</strong></span> <span class='ocrx_word' id='word_1_606' title='bbox 2362 3529 2650 3594; x_wconf 88' lang='lat' dir='ltr'><strong>hactenus,</strong></span> <span class='ocrx_word' id='word_1_607' title='bbox 2722 3539 2980 3586; x_wconf 88' lang='lat' dir='ltr'><strong>eventura</strong></span> <span class='ocrx_word' id='word_1_608' title='bbox 3048 3536 3243 3604; x_wconf 85' lang='lat' dir='ltr'><strong>populo</strong></span> <span class='ocrx_word' id='word_1_609' title='bbox 3291 3540 3429 3591; x_wconf 83' lang='lat' dir='ltr'><strong>mala</strong></span> 
     </span>
    </p>
   </div>
   <div class='ocr_carea' id='block_1_82' title="bbox 1882 3617 3431 3695">
    <p class='ocr_par' dir='ltr' id='par_1_82' title="bbox 1882 3617 3431 3695">
     <span class='ocr_line' id='line_1_82' title="bbox 1882 3617 3431 3695; baseline 0.01 -26"><span class='ocrx_word' id='word_1_610' title='bbox 1882 3617 2148 3687; x_wconf 85' lang='lat' dir='ltr'><strong>propheta</strong></span> <span class='ocrx_word' id='word_1_611' title='bbox 2202 3617 2473 3689; x_wconf 76' lang='lat' dir='ltr'><strong>praedixit,</strong></span> <span class='ocrx_word' id='word_1_612' title='bbox 2531 3627 2644 3673; x_wconf 93' lang='lat' dir='ltr'><strong>tum</strong></span> <span class='ocrx_word' id='word_1_613' title='bbox 2676 3636 2796 3689; x_wconf 69' lang='lat' dir='ltr'><strong>qua:</strong></span> <span class='ocrx_word' id='word_1_614' title='bbox 2846 3621 2915 3676; x_wconf 90' lang='lat' dir='ltr'><strong>ab</strong></span> <span class='ocrx_word' id='word_1_615' title='bbox 2959 3623 3197 3695; x_wconf 81' lang='lat' dir='ltr'><strong>Assyriis</strong></span> <span class='ocrx_word' id='word_1_616' title='bbox 3245 3627 3431 3684; x_wconf 89' lang='lat' dir='ltr'><strong>decem</strong></span> 
     </span>
    </p>
   </div>
   <div class='ocr_carea' id='block_1_83' title="bbox 1882 3708 3429 3788">
    <p class='ocr_par' dir='ltr' id='par_1_83' title="bbox 1882 3708 3429 3788">
     <span class='ocr_line' id='line_1_83' title="bbox 1882 3708 3429 3788; baseline 0.01 -29"><span class='ocrx_word' id='word_1_617' title='bbox 1882 3708 2058 3762; x_wconf 89' lang='lat' dir='ltr'><strong>tribus</strong></span> <span class='ocrx_word' id='word_1_618' title='bbox 2101 3723 2343 3778; x_wconf 86' lang='lat' dir='ltr'><strong>passurae</strong></span> <span class='ocrx_word' id='word_1_619' title='bbox 2380 3719 2555 3776; x_wconf 88' lang='lat' dir='ltr'><strong>erant,</strong></span> <span class='ocrx_word' id='word_1_620' title='bbox 2612 3722 2726 3764; x_wconf 89' lang='lat' dir='ltr'><strong>tum</strong></span> <span class='ocrx_word' id='word_1_621' title='bbox 2765 3729 2885 3781; x_wconf 67' lang='lat' dir='ltr'><strong>qua:</strong></span> <span class='ocrx_word' id='word_1_622' title='bbox 2920 3724 3107 3784; x_wconf 83' lang='lat' dir='ltr'><strong>postea</strong></span> <span class='ocrx_word' id='word_1_623' title='bbox 3153 3719 3345 3788; x_wconf 85' lang='lat' dir='ltr'><strong>reliqui</strong></span> <span class='ocrx_word' id='word_1_624' title='bbox 3399 3736 3429 3773; x_wconf 88' lang='lat' dir='ltr'><strong>a</strong></span> 
     </span>
    </p>
   </div>
   <div class='ocr_carea' id='block_1_84' title="bbox 1883 3798 3423 3877">
    <p class='ocr_par' dir='ltr' id='par_1_84' title="bbox 1883 3798 3423 3877">
     <span class='ocr_line' id='line_1_84' title="bbox 1883 3798 3423 3877; baseline 0.008 -27"><span class='ocrx_word' id='word_1_625' title='bbox 1883 3798 2215 3869; x_wconf 86' lang='lat' dir='ltr'><strong>Babyloniis,</strong></span> <span class='ocrx_word' id='word_1_626' title='bbox 2280 3800 2523 3869; x_wconf 70' lang='lat' dir='ltr'><strong>praedicit</strong></span> <span class='ocrx_word' id='word_1_627' title='bbox 2573 3805 2735 3856; x_wconf 85' lang='lat' dir='ltr'><strong>etiam</strong></span> <span class='ocrx_word' id='word_1_628' title='bbox 2785 3804 3026 3873; x_wconf 88' lang='lat' dir='ltr'><strong>ipsorum</strong></span> <span class='ocrx_word' id='word_1_629' title='bbox 3075 3815 3197 3877; x_wconf 88' lang='lat' dir='ltr'><strong>post</strong></span> <span class='ocrx_word' id='word_1_630' title='bbox 3232 3808 3323 3863; x_wconf 90' lang='lat' dir='ltr'><strong>illa</strong></span> <span class='ocrx_word' id='word_1_631' title='bbox 3371 3811 3423 3863; x_wconf 91' lang='lat' dir='ltr'><strong>in</strong></span> 
     </span>
    </p>
   </div>
   <div class='ocr_carea' id='block_1_85' title="bbox 1882 3890 2788 3964">
    <p class='ocr_par' dir='ltr' id='par_1_85' title="bbox 1882 3890 2788 3964">
     <span class='ocr_line' id='line_1_85' title="bbox 1882 3890 2788 3964; baseline 0.009 -21"><span class='ocrx_word' id='word_1_632' title='bbox 1882 3890 2077 3946; x_wconf 89' lang='lat' dir='ltr'><strong>melius</strong></span> <span class='ocrx_word' id='word_1_633' title='bbox 2105 3892 2537 3959; x_wconf 89' lang='lat' dir='ltr'><strong>conversionem,</strong></span> <span class='ocrx_word' id='word_1_634' title='bbox 2569 3898 2748 3964; x_wconf 86' lang='lat' dir='ltr'><strong>aitque</strong></span> <span class='ocrx_word' id='word_1_635' title='bbox 2777 3914 2788 3950; x_wconf 89' lang='lat'><strong>:</strong></span> 
     </span>
    </p>
   </div>
   <div class='ocr_carea' id='block_1_86' title="bbox 1950 4158 3431 4232">
    <p class='ocr_par' dir='ltr' id='par_1_86' title="bbox 1950 4158 3431 4232">
     <span class='ocr_line' id='line_1_86' title="bbox 1950 4158 3431 4232; baseline 0.01 -16"><span class='ocrx_word' id='word_1_636' title='bbox 1950 4158 2117 4218; x_wconf 75' lang='lat' dir='ltr'><strong>Vens.</strong></span> <span class='ocrx_word' id='word_1_637' title='bbox 2150 4163 2236 4229; x_wconf 80' lang='grc' dir='ltr'>Η,</span> <span class='ocrx_word' id='word_1_638' title='bbox 2261 4162 2345 4217; x_wconf 74' lang='grc'><strong>19..</strong></span> <span class='ocrx_word' id='word_1_639' title='bbox 2366 4192 2435 4204; x_wconf 90' lang='grc'><strong>--</strong></span> <span class='ocrx_word' id='word_1_640' title='bbox 2455 4183 2471 4214; x_wconf 80' lang='grc' dir='ltr'><strong>ι</strong></span> <span class='ocrx_word' id='word_1_641' title='bbox 2493 4162 2589 4219; x_wconf 83' lang='lat' dir='ltr'><strong>Die</strong></span> <span class='ocrx_word' id='word_1_642' title='bbox 2618 4163 2707 4218; x_wconf 86' lang='lat' dir='ltr'><strong>illa</strong></span> <span class='ocrx_word' id='word_1_643' title='bbox 2730 4167 3005 4223; x_wconf 87' lang='lat' dir='ltr'><strong>suscitabo</strong></span> <span class='ocrx_word' id='word_1_644' title='bbox 3026 4169 3431 4232; x_wconf 88' lang='lat' dir='ltr'><strong>tabernaculum</strong></span> 
     </span>
    </p>
   </div>
   <div class='ocr_carea' id='block_1_87' title="bbox 1882 4252 3439 4324">
    <p class='ocr_par' dir='ltr' id='par_1_87' title="bbox 1882 4252 3439 4324">
     <span class='ocr_line' id='line_1_87' title="bbox 1882 4252 3439 4324; baseline 0.012 -19"><span class='ocrx_word' id='word_1_645' title='bbox 1882 4252 2101 4309; x_wconf 80' lang='lat' dir='ltr'><strong>Davidis</strong></span> <span class='ocrx_word' id='word_1_646' title='bbox 2127 4253 2268 4324; x_wconf 91' lang='lat' dir='ltr'><strong>quod</strong></span> <span class='ocrx_word' id='word_1_647' title='bbox 2297 4253 2513 4318; x_wconf 91' lang='lat' dir='ltr'><strong>cecidit,</strong></span> <span class='ocrx_word' id='word_1_648' title='bbox 2533 4263 2586 4309; x_wconf 89' lang='lat' dir='ltr'><strong>et</strong></span> <span class='ocrx_word' id='word_1_649' title='bbox 2619 4256 2958 4313; x_wconf 71' lang='lat' dir='ltr'><strong>reaedificabo</strong></span> <span class='ocrx_word' id='word_1_650' title='bbox 2988 4261 3116 4315; x_wconf 90' lang='lat' dir='ltr'><strong>illud</strong></span> <span class='ocrx_word' id='word_1_651' title='bbox 3153 4264 3293 4318; x_wconf 86' lang='lat' dir='ltr'><strong>sicut</strong></span> <span class='ocrx_word' id='word_1_652' title='bbox 3322 4269 3439 4324; x_wconf 89' lang='lat' dir='ltr'><strong>dies</strong></span> 
     </span>
    </p>
   </div>
   <div class='ocr_carea' id='block_1_88' title="bbox 1881 4344 3433 4428">
    <p class='ocr_par' dir='ltr' id='par_1_88' title="bbox 1881 4344 3433 4428">
     <span class='ocr_line' id='line_1_88' title="bbox 1881 4344 3433 4428; baseline 0.012 -31"><span class='ocrx_word' id='word_1_653' title='bbox 1881 4344 2087 4405; x_wconf 71' lang='lat' dir='ltr'><strong>sazculi,</strong></span> <span class='ocrx_word' id='word_1_654' title='bbox 2118 4356 2177 4399; x_wconf 94' lang='lat' dir='ltr'><strong>ut</strong></span> <span class='ocrx_word' id='word_1_655' title='bbox 2206 4345 2490 4413; x_wconf 84' lang='lat' dir='ltr'><strong>exquirant</strong></span> <span class='ocrx_word' id='word_1_656' title='bbox 2510 4360 2597 4399; x_wconf 88' lang='lat' dir='ltr'><strong>me</strong></span> <span class='ocrx_word' id='word_1_657' title='bbox 2624 4348 2815 4417; x_wconf 88' lang='lat' dir='ltr'><strong>reliqui</strong></span> <span class='ocrx_word' id='word_1_658' title='bbox 2856 4350 3157 4419; x_wconf 89' lang='lat' dir='ltr'><strong>hominum,</strong></span> <span class='ocrx_word' id='word_1_659' title='bbox 3177 4366 3433 4428; x_wconf 82' lang='lat' dir='ltr'><strong>etgentes</strong></span> 
     </span>
    </p>
   </div>
   <div class='ocr_carea' id='block_1_89' title="bbox 216 4427 1777 4513">
    <p class='ocr_par' dir='ltr' id='par_1_89' title="bbox 216 4427 1775 4504">
     <span class='ocr_line' id='line_1_89' title="bbox 216 4427 1775 4504; baseline -0.004 -17"><span class='ocrx_word' id='word_1_660' title='bbox 216 4434 350 4487; x_wconf 85' lang='grc' dir='ltr'>σωσί</span> <span class='ocrx_word' id='word_1_661' title='bbox 387 4450 451 4504; x_wconf 85' lang='grc' dir='ltr'><strong>με</strong></span> <span class='ocrx_word' id='word_1_662' title='bbox 475 4435 520 4485; x_wconf 79' lang='lat' dir='ltr'><strong>oi</strong></span> <span class='ocrx_word' id='word_1_663' title='bbox 553 4431 869 4484; x_wconf 83' lang='grc' dir='ltr'>κατάλοιποι</span> <span class='ocrx_word' id='word_1_664' title='bbox 901 4431 1008 4483; x_wconf 80' lang='grc' dir='ltr'><strong>τῶν</strong></span> <span class='ocrx_word' id='word_1_665' title='bbox 1034 4427 1354 4500; x_wconf 84' lang='grc' dir='ltr'>ἀνθρώπων,</span> <span class='ocrx_word' id='word_1_666' title='bbox 1386 4429 1479 4481; x_wconf 59' lang='grc' dir='ltr'><strong>καὶ⁹</strong></span> <span class='ocrx_word' id='word_1_667' title='bbox 1510 4429 1685 4481; x_wconf 90' lang='grc' dir='ltr'>πάντα</span> <span class='ocrx_word' id='word_1_668' title='bbox 1709 4428 1775 4480; x_wconf 80' lang='grc' dir='ltr'>τὰ</span> 
     </span>
    </p>
   </div>
   <div class='ocr_carea' id='block_1_90' title="bbox 1883 4427 3431 4513">
    <p class='ocr_par' dir='ltr' id='par_1_90' title="bbox 1883 4427 3431 4513">
     <span class='ocr_line' id='line_1_90' title="bbox 1883 4427 3431 4513; baseline 0.011 -26"><span class='ocrx_word' id='word_1_669' title='bbox 1883 4449 2090 4495; x_wconf 88' lang='lat' dir='ltr'><strong>omnes,</strong></span> <span class='ocrx_word' id='word_1_670' title='bbox 2129 4450 2294 4503; x_wconf 89' lang='lat' dir='ltr'><strong>super</strong></span> <span class='ocrx_word' id='word_1_671' title='bbox 2321 4436 2521 4505; x_wconf 87' lang='lat' dir='ltr'><strong>quibus</strong></span> <span class='ocrx_word' id='word_1_672' title='bbox 2548 4437 2857 4491; x_wconf 87' lang='lat' dir='ltr'><strong>invocatum</strong></span> <span class='ocrx_word' id='word_1_673' title='bbox 2879 4449 2964 4494; x_wconf 90' lang='lat' dir='ltr'><strong>est</strong></span> <span class='ocrx_word' id='word_1_674' title='bbox 2996 4457 3190 4498; x_wconf 88' lang='lat' dir='ltr'><strong>nomen</strong></span> <span class='ocrx_word' id='word_1_675' title='bbox 3228 4427 3431 4513; x_wconf 87' lang='lat' dir='ltr'><strong>meum,</strong></span> 
     </span>
    </p>
   </div>
   <div class='ocr_carea' id='block_1_91' title="bbox 214 4518 1774 4594">
    <p class='ocr_par' dir='ltr' id='par_1_91' title="bbox 214 4518 1774 4594">
     <span class='ocr_line' id='line_1_91' title="bbox 214 4518 1774 4594; baseline -0.003 -19"><span class='ocrx_word' id='word_1_676' title='bbox 214 4524 341 4594; x_wconf 72' lang='grc' dir='ltr'>ἔθνη</span> <span class='ocrx_word' id='word_1_677' title='bbox 371 4524 454 4591; x_wconf 73' lang='grc' dir='ltr'><strong>ἐφ’</strong></span> <span class='ocrx_word' id='word_1_678' title='bbox 478 4522 514 4575; x_wconf 78' lang='grc' dir='ltr'><strong>ἆ.</strong></span> <span class='ocrx_word' id='word_1_679' title='bbox 549 4521 898 4592; x_wconf 77' lang='grc' dir='ltr'>ἐπικέκληται</span> <span class='ocrx_word' id='word_1_680' title='bbox 929 4521 988 4572; x_wconf 80' lang='grc' dir='ltr'>τὸ</span> <span class='ocrx_word' id='word_1_681' title='bbox 1014 4520 1181 4590; x_wconf 78' lang='grc' dir='ltr'>ὄνομά</span> <span class='ocrx_word' id='word_1_682' title='bbox 1207 4537 1308 4590; x_wconf 89' lang='grc' dir='ltr'><strong>μου</strong></span> <span class='ocrx_word' id='word_1_683' title='bbox 1333 4521 1420 4571; x_wconf 78' lang='grc' dir='ltr'><strong>ἐπ’</strong></span> <span class='ocrx_word' id='word_1_684' title='bbox 1444 4519 1601 4580; x_wconf 76' lang='grc' dir='ltr'>αὐτὰ,</span> <span class='ocrx_word' id='word_1_685' title='bbox 1627 4518 1774 4586; x_wconf 87' lang='grc' dir='ltr'>λέγει</span> 
     </span>
    </p>
   </div>
   <div class='ocr_carea' id='block_1_92' title="bbox 215 4610 1776 4686">
    <p class='ocr_par' dir='ltr' id='par_1_92' title="bbox 215 4610 1776 4686">
     <span class='ocr_line' id='line_1_92' title="bbox 215 4610 1776 4686; baseline -0.003 -19"><span class='ocrx_word' id='word_1_686' title='bbox 215 4614 465 4686; x_wconf 82' lang='grc' dir='ltr'>Κύριοςὸ</span> <span class='ocrx_word' id='word_1_687' title='bbox 501 4612 669 4665; x_wconf 83' lang='grc' dir='ltr'>ποιῶν</span> <span class='ocrx_word' id='word_1_688' title='bbox 705 4614 879 4666; x_wconf 89' lang='grc' dir='ltr'>πάντα</span> <span class='ocrx_word' id='word_1_689' title='bbox 910 4612 1096 4665; x_wconf 81' lang='grc' dir='ltr'>ταῦτα.</span> <span class='ocrx_word' id='word_1_690' title='bbox 1120 4632 1138 4662; x_wconf 74' lang='grc' dir='ltr'><strong>ι</strong></span> <span class='ocrx_word' id='word_1_691' title='bbox 1193 4612 1351 4664; x_wconf 79' lang='grc' dir='ltr'>Ἀλλὰ</span> <span class='ocrx_word' id='word_1_692' title='bbox 1374 4611 1480 4682; x_wconf 80' lang='grc' dir='ltr'><strong>γάρ</strong></span> <span class='ocrx_word' id='word_1_693' title='bbox 1515 4611 1650 4681; x_wconf 77' lang='grc' dir='ltr'>μετά</span> <span class='ocrx_word' id='word_1_694' title='bbox 1678 4610 1776 4681; x_wconf 82' lang='grc' dir='ltr'><strong>τὴν</strong></span> 
     </span>
    </p>
   </div>
   <div class='ocr_carea' id='block_1_93' title="bbox 209 4700 1777 4772">
    <p class='ocr_par' dir='ltr' id='par_1_93' title="bbox 209 4700 1777 4772">
     <span class='ocr_line' id='line_1_93' title="bbox 209 4700 1777 4772; baseline -0.001 -18"><span class='ocrx_word' id='word_1_695' title='bbox 209 4702 321 4754; x_wconf 84' lang='grc' dir='ltr'>τῶν</span> <span class='ocrx_word' id='word_1_696' title='bbox 351 4701 608 4772; x_wconf 81' lang='grc' dir='ltr'>λυπηρῶν</span> <span class='ocrx_word' id='word_1_697' title='bbox 650 4703 841 4772; x_wconf 85' lang='grc' dir='ltr'>πεῖραν</span> <span class='ocrx_word' id='word_1_698' title='bbox 880 4700 1163 4771; x_wconf 86' lang='grc' dir='ltr'>μεταϐαλῶ</span> <span class='ocrx_word' id='word_1_699' title='bbox 1198 4701 1371 4754; x_wconf 86' lang='grc' dir='ltr'>πάντα</span> <span class='ocrx_word' id='word_1_700' title='bbox 1396 4700 1487 4752; x_wconf 77' lang='grc' dir='ltr'><strong>ὲπὶ</strong></span> <span class='ocrx_word' id='word_1_701' title='bbox 1514 4701 1573 4753; x_wconf 87' lang='grc' dir='ltr'>τὸ</span> <span class='ocrx_word' id='word_1_702' title='bbox 1599 4702 1777 4770; x_wconf 78' lang='grc' dir='ltr'>κρεῖτ-</span> 
     </span>
    </p>
   </div>
   <div class='ocr_carea' id='block_1_94' title="bbox 210 4791 1779 4863">
    <p class='ocr_par' dir='ltr' id='par_1_94' title="bbox 210 4791 1779 4863">
     <span class='ocr_line' id='line_1_94' title="bbox 210 4791 1779 4863; baseline -0.001 -16"><span class='ocrx_word' id='word_1_703' title='bbox 210 4811 325 4857; x_wconf 83' lang='grc' dir='ltr'>τον,</span> <span class='ocrx_word' id='word_1_704' title='bbox 368 4793 464 4847; x_wconf 76' lang='grc' dir='ltr'><strong>καὶ</strong></span> <span class='ocrx_word' id='word_1_705' title='bbox 500 4792 744 4863; x_wconf 83' lang='grc' dir='ltr'>άνεγερῶ</span> <span class='ocrx_word' id='word_1_706' title='bbox 781 4791 873 4846; x_wconf 80' lang='grc' dir='ltr'><strong>τοῦ</strong></span> <span class='ocrx_word' id='word_1_707' title='bbox 914 4791 1076 4845; x_wconf 79' lang='grc' dir='ltr'>Δαυῒδ</span> <span class='ocrx_word' id='word_1_708' title='bbox 1114 4791 1209 4862; x_wconf 80' lang='grc' dir='ltr'><strong>τὴν</strong></span> <span class='ocrx_word' id='word_1_709' title='bbox 1248 4794 1596 4845; x_wconf 86' lang='grc' dir='ltr'>πεπτωκυῖαν</span> <span class='ocrx_word' id='word_1_710' title='bbox 1632 4791 1779 4862; x_wconf 84' lang='grc' dir='ltr'>βασι-</span> 
     </span>
    </p>
   </div>
   <div class='ocr_carea' id='block_1_95' title="bbox 210 4881 1777 4953">
    <p class='ocr_par' dir='ltr' id='par_1_95' title="bbox 210 4881 1777 4953">
     <span class='ocr_line' id='line_1_95' title="bbox 210 4881 1777 4953; baseline -0.001 -17"><span class='ocrx_word' id='word_1_711' title='bbox 210 4884 399 4937; x_wconf 85' lang='grc' dir='ltr'>λείαν·</span> <span class='ocrx_word' id='word_1_712' title='bbox 451 4885 545 4936; x_wconf 76' lang='grc' dir='ltr'>καὶ</span> <span class='ocrx_word' id='word_1_713' title='bbox 589 4883 749 4937; x_wconf 87' lang='grc' dir='ltr'>πάλιν</span> <span class='ocrx_word' id='word_1_714' title='bbox 796 4882 856 4946; x_wconf 75' lang='grc' dir='ltr'><strong>ἐξ</strong></span> <span class='ocrx_word' id='word_1_715' title='bbox 887 4882 1055 4952; x_wconf 83' lang='grc' dir='ltr'>αὐτῆς</span> <span class='ocrx_word' id='word_1_716' title='bbox 1098 4884 1395 4953; x_wconf 80' lang='grc' dir='ltr'>ἡγούμενον</span> <span class='ocrx_word' id='word_1_717' title='bbox 1423 4881 1576 4935; x_wconf 89' lang='grc' dir='ltr'>δώσω</span> <span class='ocrx_word' id='word_1_718' title='bbox 1615 4884 1777 4936; x_wconf 81' lang='grc' dir='ltr'>παντὶ</span> 
     </span>
    </p>
   </div>
   <div class='ocr_carea' id='block_1_96' title="bbox 207 4974 1774 5045">
    <p class='ocr_par' dir='ltr' id='par_1_96' title="bbox 207 4974 1774 5045">
     <span class='ocr_line' id='line_1_96' title="bbox 207 4974 1774 5045; baseline 0 -18"><span class='ocrx_word' id='word_1_719' title='bbox 207 4975 290 5045; x_wconf 83' lang='grc' dir='ltr'>τῷ</span> <span class='ocrx_word' id='word_1_720' title='bbox 316 4975 428 5045; x_wconf 83' lang='grc' dir='ltr'>λαῷ</span> <span class='ocrx_word' id='word_1_721' title='bbox 451 4992 467 5006; x_wconf 87' lang='grc'><strong>·</strong></span> <span class='ocrx_word' id='word_1_722' title='bbox 506 4975 581 5038; x_wconf 86' lang='grc' dir='ltr'>ὠς</span> <span class='ocrx_word' id='word_1_723' title='bbox 624 4975 700 5045; x_wconf 81' lang='grc' dir='ltr'>μὴ</span> <span class='ocrx_word' id='word_1_724' title='bbox 749 4974 907 5044; x_wconf 86' lang='grc' dir='ltr'>μόνον</span> <span class='ocrx_word' id='word_1_725' title='bbox 938 4974 1142 5027; x_wconf 88' lang='grc' dir='ltr'>τούτων</span> <span class='ocrx_word' id='word_1_726' title='bbox 1183 4975 1308 5037; x_wconf 76' lang='grc' dir='ltr'>τοὺς</span> <span class='ocrx_word' id='word_1_727' title='bbox 1338 4974 1774 5041; x_wconf 79' lang='grc' dir='ltr'>ὑπολειφθέντας,</span> 
     </span>
    </p>
   </div>
   <div class='ocr_carea' id='block_1_97' title="bbox 210 5065 1759 5137">
    <p class='ocr_par' dir='ltr' id='par_1_97' title="bbox 210 5065 1759 5137">
     <span class='ocr_line' id='line_1_97' title="bbox 210 5065 1759 5137; baseline -0.001 -18"><span class='ocrx_word' id='word_1_728' title='bbox 210 5066 347 5119; x_wconf 79' lang='grc' dir='ltr'>ἀλλὰ</span> <span class='ocrx_word' id='word_1_729' title='bbox 375 5066 483 5137; x_wconf 86' lang='grc' dir='ltr'>γὰρ</span> <span class='ocrx_word' id='word_1_730' title='bbox 510 5068 603 5119; x_wconf 75' lang='grc' dir='ltr'><strong>καὶ</strong></span> <span class='ocrx_word' id='word_1_731' title='bbox 628 5065 854 5128; x_wconf 78' lang='grc' dir='ltr'>πολλοὺς</span> <span class='ocrx_word' id='word_1_732' title='bbox 880 5065 988 5118; x_wconf 85' lang='grc' dir='ltr'>τῶν</span> <span class='ocrx_word' id='word_1_733' title='bbox 1017 5066 1272 5119; x_wconf 72' lang='grc' dir='ltr'>ἐναντίων</span> <span class='ocrx_word' id='word_1_734' title='bbox 1301 5065 1405 5118; x_wconf 81' lang='grc' dir='ltr'><strong>ὑπὸ</strong></span> <span class='ocrx_word' id='word_1_735' title='bbox 1436 5065 1536 5135; x_wconf 81' lang='grc' dir='ltr'>τῆς</span> <span class='ocrx_word' id='word_1_736' title='bbox 1562 5066 1759 5136; x_wconf 69' lang='grc' dir='ltr'>γινομέι</span> 
     </span>
    </p>
   </div>
   <div class='ocr_carea' id='block_1_98' title="bbox 210 5156 1775 5228">
    <p class='ocr_par' dir='ltr' id='par_1_98' title="bbox 210 5156 1775 5228">
     <span class='ocr_line' id='line_1_98' title="bbox 210 5156 1775 5228; baseline -0.001 -17"><span class='ocrx_word' id='word_1_737' title='bbox 210 5176 319 5211; x_wconf 87' lang='grc' dir='ltr'><strong>νων</strong></span> <span class='ocrx_word' id='word_1_738' title='bbox 371 5158 683 5228; x_wconf 78' lang='grc' dir='ltr'>ἐκπλήξεως</span> <span class='ocrx_word' id='word_1_739' title='bbox 738 5159 1082 5227; x_wconf 87' lang='grc' dir='ltr'>κινουμένους</span> <span class='ocrx_word' id='word_1_740' title='bbox 1127 5157 1258 5210; x_wconf 85' lang='grc' dir='ltr'>Θεὸν</span> <span class='ocrx_word' id='word_1_741' title='bbox 1307 5157 1638 5226; x_wconf 79' lang='grc' dir='ltr'>ὁμολογῆσαι</span> <span class='ocrx_word' id='word_1_742' title='bbox 1682 5156 1775 5209; x_wconf 82' lang='grc' dir='ltr'><strong>τὸν</strong></span> 
     </span>
    </p>
   </div>
   <div class='ocr_carea' id='block_1_99' title="bbox 208 5247 1779 5319">
    <p class='ocr_par' dir='ltr' id='par_1_99' title="bbox 208 5247 1779 5319">
     <span class='ocr_line' id='line_1_99' title="bbox 208 5247 1779 5319; baseline -0.003 -14"><span class='ocrx_word' id='word_1_743' title='bbox 208 5250 305 5304; x_wconf 79' lang='grc' dir='ltr'>τοῦ</span> <span class='ocrx_word' id='word_1_744' title='bbox 330 5248 527 5311; x_wconf 80' lang='grc' dir='ltr'>παντὸς</span> <span class='ocrx_word' id='word_1_745' title='bbox 558 5250 785 5319; x_wconf 85' lang='grc' dir='ltr'>ποιητήν</span> <span class='ocrx_word' id='word_1_746' title='bbox 826 5266 885 5303; x_wconf 87' lang='grc' dir='ltr'><strong>τε</strong></span> <span class='ocrx_word' id='word_1_747' title='bbox 913 5249 1006 5302; x_wconf 76' lang='grc' dir='ltr'><strong>καὶ</strong></span> <span class='ocrx_word' id='word_1_748' title='bbox 1038 5247 1239 5319; x_wconf 80' lang='grc' dir='ltr'>Κύριον</span> <span class='ocrx_word' id='word_1_749' title='bbox 1258 5264 1272 5278; x_wconf 75' lang='grc' dir='ltr'><strong>ο</strong></span> <span class='ocrx_word' id='word_1_750' title='bbox 1299 5247 1469 5300; x_wconf 78' lang='grc' dir='ltr'>ταῦτα</span> <span class='ocrx_word' id='word_1_751' title='bbox 1496 5248 1603 5318; x_wconf 86' lang='grc' dir='ltr'>γὰρ</span> <span class='ocrx_word' id='word_1_752' title='bbox 1640 5249 1779 5300; x_wconf 77' lang='grc' dir='ltr'>ἀπο-</span> 
     </span>
    </p>
   </div>
   <div class='ocr_carea' id='block_1_100' title="bbox 211 5335 1774 5408">
    <p class='ocr_par' dir='ltr' id='par_1_100' title="bbox 211 5335 1774 5408">
     <span class='ocr_line' id='line_1_100' title="bbox 211 5335 1774 5408; baseline -0.002 -17"><span class='ocrx_word' id='word_1_753' title='bbox 211 5339 458 5408; x_wconf 61' lang='grc' dir='ltr'>φαίνεται</span> <span class='ocrx_word' id='word_1_754' title='bbox 482 5340 511 5391; x_wconf 83' lang='grc' dir='ltr'><strong>ὁ</strong></span> <span class='ocrx_word' id='word_1_755' title='bbox 543 5338 636 5390; x_wconf 79' lang='grc' dir='ltr'>καὶ</span> <span class='ocrx_word' id='word_1_756' title='bbox 664 5337 800 5407; x_wconf 84' lang='grc' dir='ltr'>πρὸς</span> <span class='ocrx_word' id='word_1_757' title='bbox 829 5337 999 5405; x_wconf 82' lang='grc' dir='ltr'>πέρας</span> <span class='ocrx_word' id='word_1_758' title='bbox 1019 5336 1159 5401; x_wconf 79' lang='grc' dir='ltr'>ἄξων</span> <span class='ocrx_word' id='word_1_759' title='bbox 1190 5336 1328 5389; x_wconf 84' lang='grc' dir='ltr'>αὐτά</span> <span class='ocrx_word' id='word_1_760' title='bbox 1352 5335 1506 5399; x_wconf 85' lang='grc' dir='ltr'>Θεός·</span> <span class='ocrx_word' id='word_1_761' title='bbox 1545 5336 1774 5389; x_wconf 74' lang='grc' dir='ltr'>ἐνταῦθα</span> 
     </span>
    </p>
   </div>
   <div class='ocr_carea' id='block_1_101' title="bbox 211 5427 1774 5502">
    <p class='ocr_par' dir='ltr' id='par_1_101' title="bbox 211 5427 1774 5502">
     <span class='ocr_line' id='line_1_101' title="bbox 211 5427 1774 5502; baseline -0.003 -19"><span class='ocrx_word' id='word_1_762' title='bbox 211 5432 314 5502; x_wconf 77' lang='grc' dir='ltr'>μὲν</span> <span class='ocrx_word' id='word_1_763' title='bbox 348 5427 441 5485; x_wconf 76' lang='grc' dir='ltr'><strong>οὖν</strong></span> <span class='ocrx_word' id='word_1_764' title='bbox 465 5428 535 5483; x_wconf 80' lang='grc' dir='ltr'><strong>τά</strong></span> <span class='ocrx_word' id='word_1_765' title='bbox 576 5430 718 5483; x_wconf 83' lang='grc' dir='ltr'>κατά</span> <span class='ocrx_word' id='word_1_766' title='bbox 760 5431 859 5500; x_wconf 84' lang='grc' dir='ltr'><strong>τὴν</strong></span> <span class='ocrx_word' id='word_1_767' title='bbox 893 5429 1146 5482; x_wconf 73' lang='grc' dir='ltr'>ἐπάνοδον</span> <span class='ocrx_word' id='word_1_768' title='bbox 1194 5429 1293 5499; x_wconf 83' lang='grc' dir='ltr'><strong>τὴν</strong></span> <span class='ocrx_word' id='word_1_769' title='bbox 1327 5428 1435 5481; x_wconf 82' lang='grc' dir='ltr'>ἀπὸ</span> <span class='ocrx_word' id='word_1_770' title='bbox 1460 5428 1774 5491; x_wconf 81' lang='grc' dir='ltr'>Βαϐυλῶνος</span> 
     </span>
    </p>
   </div>
   <div class='ocr_carea' id='block_1_102' title="bbox 205 5519 1773 5591">
    <p class='ocr_par' dir='ltr' id='par_1_102' title="bbox 205 5519 1773 5591">
     <span class='ocr_line' id='line_1_102' title="bbox 205 5519 1773 5591; baseline -0.002 -17"><span class='ocrx_word' id='word_1_771' title='bbox 205 5523 377 5590; x_wconf 79' lang='grc' dir='ltr'>λέγει,</span> <span class='ocrx_word' id='word_1_772' title='bbox 400 5522 481 5575; x_wconf 85' lang='grc' dir='ltr'>ὅτι</span> <span class='ocrx_word' id='word_1_773' title='bbox 501 5521 564 5591; x_wconf 82' lang='grc' dir='ltr'>δὴ</span> <span class='ocrx_word' id='word_1_774' title='bbox 586 5521 809 5591; x_wconf 79' lang='grc' dir='ltr'>βασιλέα</span> <span class='ocrx_word' id='word_1_775' title='bbox 834 5522 896 5573; x_wconf 75' lang='grc' dir='ltr'>ὲκ</span> <span class='ocrx_word' id='word_1_776' title='bbox 916 5520 1009 5573; x_wconf 83' lang='grc' dir='ltr'>τοῦ</span> <span class='ocrx_word' id='word_1_777' title='bbox 1032 5519 1195 5573; x_wconf 80' lang='grc' dir='ltr'>Δανῒδ</span> <span class='ocrx_word' id='word_1_778' title='bbox 1215 5519 1342 5573; x_wconf 82' lang='grc' dir='ltr'>ὄντα</span> <span class='ocrx_word' id='word_1_779' title='bbox 1369 5520 1459 5573; x_wconf 82' lang='grc' dir='ltr'><strong>τὸν</strong></span> <span class='ocrx_word' id='word_1_780' title='bbox 1473 5520 1773 5590; x_wconf 87' lang='grc' dir='ltr'>Ζοροϐάϐελ</span> 
     </span>
    </p>
   </div>
   <div class='ocr_carea' id='block_1_103' title="bbox 206 5612 1770 5683">
    <p class='ocr_par' dir='ltr' id='par_1_103' title="bbox 206 5612 1770 5683">
     <span class='ocr_line' id='line_1_103' title="bbox 206 5612 1770 5683; baseline 0.001 -18"><span class='ocrx_word' id='word_1_781' title='bbox 206 5613 522 5675; x_wconf 73' lang='grc' dir='ltr'>ἐπανιόντες</span> <span class='ocrx_word' id='word_1_782' title='bbox 566 5613 656 5663; x_wconf 75' lang='grc' dir='ltr'>ἐπὶ</span> <span class='ocrx_word' id='word_1_783' title='bbox 682 5614 749 5665; x_wconf 83' lang='grc' dir='ltr'><strong>τά</strong></span> <span class='ocrx_word' id='word_1_784' title='bbox 800 5614 973 5665; x_wconf 84' lang='grc' dir='ltr'>οἰκεῖα</span> <span class='ocrx_word' id='word_1_785' title='bbox 1023 5612 1252 5683; x_wconf 69' lang='grc' dir='ltr'>ἤμελλον</span> <span class='ocrx_word' id='word_1_786' title='bbox 1303 5612 1537 5676; x_wconf 76' lang='grc' dir='ltr'>ἅπαντες</span> <span class='ocrx_word' id='word_1_787' title='bbox 1590 5613 1770 5683; x_wconf 75' lang='grc' dir='ltr'>ἔχειν·</span> 
     </span>
    </p>
   </div>
   <div class='ocr_carea' id='block_1_104' title="bbox 205 5699 1770 5779">
    <p class='ocr_par' dir='ltr' id='par_1_104' title="bbox 205 5699 1770 5779">
     <span class='ocr_line' id='line_1_104' title="bbox 205 5699 1770 5779; baseline 0.004 -28"><span class='ocrx_word' id='word_1_788' title='bbox 205 5706 286 5771; x_wconf 87' lang='lat' dir='ltr'><strong>(p.</strong></span> <span class='ocrx_word' id='word_1_789' title='bbox 304 5699 431 5768; x_wconf 69' lang='grc'><strong>210)</strong></span> <span class='ocrx_word' id='word_1_790' title='bbox 448 5702 476 5753; x_wconf 83' lang='grc' dir='ltr'><strong>ὁ</strong></span> <span class='ocrx_word' id='word_1_791' title='bbox 494 5699 735 5770; x_wconf 83' lang='grc' dir='ltr'>μέντοιγε</span> <span class='ocrx_word' id='word_1_792' title='bbox 748 5702 1017 5772; x_wconf 77' lang='grc' dir='ltr'>μακάριος</span> <span class='ocrx_word' id='word_1_793' title='bbox 1050 5701 1300 5766; x_wconf 77' lang='grc' dir='ltr'>Ἰάκωϐος</span> <span class='ocrx_word' id='word_1_794' title='bbox 1317 5703 1374 5755; x_wconf 76' lang='grc' dir='ltr'>ἐν</span> <span class='ocrx_word' id='word_1_795' title='bbox 1392 5706 1507 5766; x_wconf 77' lang='grc' dir='ltr'>ταῖς</span> <span class='ocrx_word' id='word_1_796' title='bbox 1536 5704 1770 5779; x_wconf 78' lang='grc' dir='ltr'>Ιῐράξεσι</span> 
     </span>
    </p>
   </div>
   <div class='ocr_carea' id='block_1_105' title="bbox 1820 4523 3437 4605">
    <p class='ocr_par' dir='ltr' id='par_1_105' title="bbox 1820 4523 3437 4605">
     <span class='ocr_line' id='line_1_105' title="bbox 1820 4523 3437 4605; baseline 0.009 -27"><span class='ocrx_word' id='word_1_797' title='bbox 1820 4586 1823 4587; x_wconf 21' lang='grc' dir='ltr'><strong>ν</strong></span> <span class='ocrx_word' id='word_1_798' title='bbox 1882 4524 2016 4579; x_wconf 91' lang='lat' dir='ltr'><strong>dicit</strong></span> <span class='ocrx_word' id='word_1_799' title='bbox 2060 4523 2323 4580; x_wconf 91' lang='lat' dir='ltr'><strong>Dominus</strong></span> <span class='ocrx_word' id='word_1_800' title='bbox 2380 4530 2471 4596; x_wconf 89' lang='lat' dir='ltr'><strong>qui</strong></span> <span class='ocrx_word' id='word_1_801' title='bbox 2524 4526 2639 4581; x_wconf 57' lang='lat' dir='ltr'><strong>haec</strong></span> <span class='ocrx_word' id='word_1_802' title='bbox 2667 4530 2849 4581; x_wconf 90' lang='lat' dir='ltr'><strong>omnia</strong></span> <span class='ocrx_word' id='word_1_803' title='bbox 2894 4530 3042 4584; x_wconf 85' lang='lat' dir='ltr'><strong>facit.</strong></span> <span class='ocrx_word' id='word_1_804' title='bbox 3076 4553 3094 4584; x_wconf 72' lang='grc' dir='ltr'><strong><em>ι</em></strong></span> <span class='ocrx_word' id='word_1_805' title='bbox 3136 4534 3247 4605; x_wconf 80' lang='lat' dir='ltr'><strong>Age</strong></span> <span class='ocrx_word' id='word_1_806' title='bbox 3300 4554 3437 4593; x_wconf 90' lang='lat' dir='ltr'><strong>vero</strong></span> 
     </span>
    </p>
   </div>
   <div class='ocr_carea' id='block_1_106' title="bbox 1883 4616 3440 4687">
    <p class='ocr_par' dir='ltr' id='par_1_106' title="bbox 1883 4616 3440 4687">
     <span class='ocr_line' id='line_1_106' title="bbox 1883 4616 3440 4687; baseline 0.011 -18"><span class='ocrx_word' id='word_1_807' title='bbox 1883 4624 2005 4685; x_wconf 92' lang='lat' dir='ltr'><strong>post</strong></span> <span class='ocrx_word' id='word_1_808' title='bbox 2024 4616 2398 4670; x_wconf 90' lang='lat' dir='ltr'><strong>molestiarum</strong></span> <span class='ocrx_word' id='word_1_809' title='bbox 2431 4617 2865 4687; x_wconf 86' lang='lat' dir='ltr'><strong>perpessionem,</strong></span> <span class='ocrx_word' id='word_1_810' title='bbox 2922 4624 3102 4677; x_wconf 89' lang='lat' dir='ltr'><strong>omnia</strong></span> <span class='ocrx_word' id='word_1_811' title='bbox 3159 4626 3213 4679; x_wconf 90' lang='lat' dir='ltr'><strong>in</strong></span> <span class='ocrx_word' id='word_1_812' title='bbox 3244 4631 3440 4686; x_wconf 85' lang='lat' dir='ltr'><strong>melius</strong></span> 
     </span>
    </p>
   </div>
   <div class='ocr_carea' id='block_1_107' title="bbox 1883 4707 3433 4782">
    <p class='ocr_par' dir='ltr' id='par_1_107' title="bbox 1883 4707 3433 4782">
     <span class='ocr_line' id='line_1_107' title="bbox 1883 4707 3433 4782; baseline 0.012 -23"><span class='ocrx_word' id='word_1_813' title='bbox 1883 4707 2123 4770; x_wconf 90' lang='lat' dir='ltr'><strong>mutabo,</strong></span> <span class='ocrx_word' id='word_1_814' title='bbox 2142 4714 2194 4761; x_wconf 92' lang='lat' dir='ltr'><strong>et</strong></span> <span class='ocrx_word' id='word_1_815' title='bbox 2224 4717 2554 4776; x_wconf 89' lang='lat' dir='ltr'><strong>prostratum</strong></span> <span class='ocrx_word' id='word_1_816' title='bbox 2604 4708 2823 4765; x_wconf 89' lang='lat' dir='ltr'><strong>Davidis</strong></span> <span class='ocrx_word' id='word_1_817' title='bbox 2880 4727 3102 4782; x_wconf 82' lang='lat' dir='ltr'><strong>regnum</strong></span> <span class='ocrx_word' id='word_1_818' title='bbox 3133 4720 3383 4777; x_wconf 79' lang='lat' dir='ltr'><strong>excitabo</strong></span> <span class='ocrx_word' id='word_1_819' title='bbox 3418 4742 3433 4778; x_wconf 75' lang='grc' dir='ltr'><strong>ι</strong></span> 
     </span>
    </p>
   </div>
   <div class='ocr_carea' id='block_1_108' title="bbox 1882 4798 3432 4879">
    <p class='ocr_par' dir='ltr' id='par_1_108' title="bbox 1882 4798 3432 4879">
     <span class='ocr_line' id='line_1_108' title="bbox 1882 4798 3432 4879; baseline 0.014 -32"><span class='ocrx_word' id='word_1_820' title='bbox 1882 4810 2182 4865; x_wconf 88' lang='lat' dir='ltr'><strong>rursusque</strong></span> <span class='ocrx_word' id='word_1_821' title='bbox 2208 4812 2275 4850; x_wconf 81' lang='lat' dir='ltr'><strong>ex</strong></span> <span class='ocrx_word' id='word_1_822' title='bbox 2307 4798 2428 4867; x_wconf 91' lang='lat' dir='ltr'><strong>ipso</strong></span> <span class='ocrx_word' id='word_1_823' title='bbox 2461 4798 2601 4853; x_wconf 90' lang='lat' dir='ltr'><strong>dabo</strong></span> <span class='ocrx_word' id='word_1_824' title='bbox 2652 4801 2845 4855; x_wconf 90' lang='lat' dir='ltr'><strong>ducem</strong></span> <span class='ocrx_word' id='word_1_825' title='bbox 2888 4804 3140 4859; x_wconf 86' lang='lat' dir='ltr'><strong>universo</strong></span> <span class='ocrx_word' id='word_1_826' title='bbox 3178 4812 3376 4879; x_wconf 89' lang='lat' dir='ltr'><strong>populo</strong></span> <span class='ocrx_word' id='word_1_827' title='bbox 3420 4833 3432 4868; x_wconf 91' lang='lat'>:</span> 
     </span>
    </p>
   </div>
   <div class='ocr_carea' id='block_1_109' title="bbox 1882 4886 3436 4962">
    <p class='ocr_par' dir='ltr' id='par_1_109' title="bbox 1882 4886 3436 4962">
     <span class='ocr_line' id='line_1_109' title="bbox 1882 4886 3436 4962; baseline 0.012 -23"><span class='ocrx_word' id='word_1_828' title='bbox 1882 4887 1957 4940; x_wconf 91' lang='lat' dir='ltr'><strong>ita</strong></span> <span class='ocrx_word' id='word_1_829' title='bbox 2003 4897 2063 4939; x_wconf 88' lang='lat' dir='ltr'><strong>ut</strong></span> <span class='ocrx_word' id='word_1_830' title='bbox 2096 4902 2204 4939; x_wconf 90' lang='lat' dir='ltr'><strong>non</strong></span> <span class='ocrx_word' id='word_1_831' title='bbox 2237 4886 2291 4942; x_wconf 85' lang='lat' dir='ltr'><strong>lti</strong></span> <span class='ocrx_word' id='word_1_832' title='bbox 2350 4888 2526 4943; x_wconf 90' lang='lat' dir='ltr'><strong>solum</strong></span> <span class='ocrx_word' id='word_1_833' title='bbox 2574 4890 2746 4944; x_wconf 72' lang='lat' dir='ltr'><strong>ruinae</strong></span> <span class='ocrx_word' id='word_1_834' title='bbox 2791 4896 3134 4962; x_wconf 79' lang='lat' dir='ltr'><strong>superstites,</strong></span> <span class='ocrx_word' id='word_1_835' title='bbox 3198 4900 3291 4954; x_wconf 92' lang='lat' dir='ltr'><strong>sed</strong></span> <span class='ocrx_word' id='word_1_836' title='bbox 3344 4903 3436 4957; x_wconf 91' lang='lat' dir='ltr'><strong>alii</strong></span> 
     </span>
    </p>
   </div>
   <div class='ocr_carea' id='block_1_110' title="bbox 1880 4978 3438 5049">
    <p class='ocr_par' dir='ltr' id='par_1_110' title="bbox 1880 4978 3438 5049">
     <span class='ocr_line' id='line_1_110' title="bbox 1880 4978 3438 5049; baseline 0.011 -19"><span class='ocrx_word' id='word_1_837' title='bbox 1880 4978 2035 5031; x_wconf 89' lang='lat' dir='ltr'><strong>multi</strong></span> <span class='ocrx_word' id='word_1_838' title='bbox 2059 4978 2126 5033; x_wconf 90' lang='lat' dir='ltr'><strong>de</strong></span> <span class='ocrx_word' id='word_1_839' title='bbox 2157 4994 2385 5034; x_wconf 92' lang='lat' dir='ltr'><strong>numero</strong></span> <span class='ocrx_word' id='word_1_840' title='bbox 2423 4981 2846 5047; x_wconf 89' lang='lat' dir='ltr'><strong>contrariorum,</strong></span> <span class='ocrx_word' id='word_1_841' title='bbox 2887 5000 3065 5039; x_wconf 87' lang='lat' dir='ltr'><strong>rerum</strong></span> <span class='ocrx_word' id='word_1_842' title='bbox 3097 4988 3286 5045; x_wconf 84' lang='lat' dir='ltr'><strong>harum</strong></span> <span class='ocrx_word' id='word_1_843' title='bbox 3321 5001 3438 5049; x_wconf 84' lang='lat' dir='ltr'><strong>stu-</strong></span> 
     </span>
    </p>
   </div>
   <div class='ocr_carea' id='block_1_111' title="bbox 1879 5069 3435 5142">
    <p class='ocr_par' dir='ltr' id='par_1_111' title="bbox 1879 5069 3435 5142">
     <span class='ocr_line' id='line_1_111' title="bbox 1879 5069 3435 5142; baseline 0.013 -20"><span class='ocrx_word' id='word_1_844' title='bbox 1879 5084 2007 5132; x_wconf 81' lang='lat' dir='ltr'><strong>pore</strong></span> <span class='ocrx_word' id='word_1_845' title='bbox 2027 5070 2282 5139; x_wconf 90' lang='lat' dir='ltr'><strong>perculsi,</strong></span> <span class='ocrx_word' id='word_1_846' title='bbox 2312 5069 2478 5124; x_wconf 82' lang='lat' dir='ltr'><strong>Deum</strong></span> <span class='ocrx_word' id='word_1_847' title='bbox 2509 5071 2818 5129; x_wconf 86' lang='lat' dir='ltr'><strong>confessuri</strong></span> <span class='ocrx_word' id='word_1_848' title='bbox 2855 5076 3218 5137; x_wconf 83' lang='lat' dir='ltr'><strong>sintuniversi</strong></span> <span class='ocrx_word' id='word_1_849' title='bbox 3249 5089 3435 5142; x_wconf 90' lang='lat' dir='ltr'><strong>mundi</strong></span> 
     </span>
    </p>
   </div>
   <div class='ocr_carea' id='block_1_112' title="bbox 1878 5156 3438 5238">
    <p class='ocr_par' dir='ltr' id='par_1_112' title="bbox 1878 5156 3438 5238">
     <span class='ocr_line' id='line_1_112' title="bbox 1878 5156 3438 5238; baseline 0.013 -28"><span class='ocrx_word' id='word_1_850' title='bbox 1878 5156 2137 5213; x_wconf 81' lang='lat' dir='ltr'><strong>factorem</strong></span> <span class='ocrx_word' id='word_1_851' title='bbox 2173 5176 2234 5212; x_wconf 89' lang='lat' dir='ltr'><strong>ac</strong></span> <span class='ocrx_word' id='word_1_852' title='bbox 2269 5159 2573 5216; x_wconf 90' lang='lat' dir='ltr'><strong>Dominum.</strong></span> <span class='ocrx_word' id='word_1_853' title='bbox 2607 5165 2819 5235; x_wconf 81' lang='lat' dir='ltr'><strong>Quippe</strong></span> <span class='ocrx_word' id='word_1_854' title='bbox 2849 5165 2963 5222; x_wconf 67' lang='lat' dir='ltr'><strong>haec</strong></span> <span class='ocrx_word' id='word_1_855' title='bbox 2997 5170 3171 5238; x_wconf 90' lang='lat' dir='ltr'><strong>palam</strong></span> <span class='ocrx_word' id='word_1_856' title='bbox 3196 5173 3438 5231; x_wconf 88' lang='lat' dir='ltr'><strong>decernit</strong></span> 
     </span>
    </p>
   </div>
   <div class='ocr_carea' id='block_1_113' title="bbox 1882 5249 3438 5333">
    <p class='ocr_par' dir='ltr' id='par_1_113' title="bbox 1882 5249 3438 5333">
     <span class='ocr_line' id='line_1_113' title="bbox 1882 5249 3438 5333; baseline 0.012 -32"><span class='ocrx_word' id='word_1_857' title='bbox 1882 5251 1930 5302; x_wconf 86' lang='lat' dir='ltr'><strong>is</strong></span> <span class='ocrx_word' id='word_1_858' title='bbox 1960 5249 2052 5318; x_wconf 88' lang='lat' dir='ltr'><strong>qui</strong></span> <span class='ocrx_word' id='word_1_859' title='bbox 2084 5249 2272 5304; x_wconf 83' lang='lat' dir='ltr'><strong>eadem</strong></span> <span class='ocrx_word' id='word_1_860' title='bbox 2315 5250 2381 5303; x_wconf 91' lang='lat' dir='ltr'><strong>ad</strong></span> <span class='ocrx_word' id='word_1_861' title='bbox 2404 5252 2607 5306; x_wconf 83' lang='lat' dir='ltr'><strong>exitum</strong></span> <span class='ocrx_word' id='word_1_862' title='bbox 2641 5256 2900 5324; x_wconf 90' lang='lat' dir='ltr'><strong>perducet</strong></span> <span class='ocrx_word' id='word_1_863' title='bbox 2930 5259 3096 5315; x_wconf 65' lang='lat' dir='ltr'><strong>Deus.</strong></span> <span class='ocrx_word' id='word_1_864' title='bbox 3151 5260 3250 5317; x_wconf 91' lang='lat' dir='ltr'><strong>Hic</strong></span> <span class='ocrx_word' id='word_1_865' title='bbox 3274 5264 3438 5333; x_wconf 87' lang='lat' dir='ltr'><strong>igitur</strong></span> 
     </span>
    </p>
   </div>
   <div class='ocr_carea' id='block_1_114' title="bbox 1878 5338 3435 5425">
    <p class='ocr_par' dir='ltr' id='par_1_114' title="bbox 1878 5338 3435 5425">
     <span class='ocr_line' id='line_1_114' title="bbox 1878 5338 3435 5425; baseline 0.013 -35"><span class='ocrx_word' id='word_1_866' title='bbox 1878 5352 1967 5392; x_wconf 87' lang='lat' dir='ltr'><strong>res</strong></span> <span class='ocrx_word' id='word_1_867' title='bbox 1992 5338 2135 5392; x_wconf 88' lang='lat' dir='ltr'><strong>circa</strong></span> <span class='ocrx_word' id='word_1_868' title='bbox 2168 5341 2396 5394; x_wconf 85' lang='lat' dir='ltr'><strong>reditum</strong></span> <span class='ocrx_word' id='word_1_869' title='bbox 2434 5340 2707 5413; x_wconf 83' lang='lat' dir='ltr'><strong>Babylone</strong></span> <span class='ocrx_word' id='word_1_870' title='bbox 2731 5348 2968 5415; x_wconf 83' lang='lat' dir='ltr'><strong>agendas</strong></span> <span class='ocrx_word' id='word_1_871' title='bbox 3002 5349 3163 5418; x_wconf 87' lang='lat' dir='ltr'><strong>dicit;</strong></span> <span class='ocrx_word' id='word_1_872' title='bbox 3191 5361 3245 5406; x_wconf 88' lang='lat' dir='ltr'><strong>et</strong></span> <span class='ocrx_word' id='word_1_873' title='bbox 3290 5357 3435 5425; x_wconf 89' lang='lat' dir='ltr'><strong>quod</strong></span> 
     </span>
    </p>
   </div>
   <div class='ocr_carea' id='block_1_115' title="bbox 1880 5430 3435 5502">
    <p class='ocr_par' dir='ltr' id='par_1_115' title="bbox 1880 5430 3435 5502">
     <span class='ocr_line' id='line_1_115' title="bbox 1880 5430 3435 5502; baseline 0.013 -20"><span class='ocrx_word' id='word_1_874' title='bbox 1880 5444 2058 5499; x_wconf 84' lang='lat' dir='ltr'><strong>regem</strong></span> <span class='ocrx_word' id='word_1_875' title='bbox 2113 5430 2316 5485; x_wconf 86' lang='lat' dir='ltr'><strong>Davide</strong></span> <span class='ocrx_word' id='word_1_876' title='bbox 2357 5432 2648 5487; x_wconf 90' lang='lat' dir='ltr'><strong>oriundum</strong></span> <span class='ocrx_word' id='word_1_877' title='bbox 2708 5435 3096 5495; x_wconf 86' lang='lat' dir='ltr'><strong>Zorohabelem</strong></span> <span class='ocrx_word' id='word_1_878' title='bbox 3139 5457 3329 5501; x_wconf 85' lang='lat' dir='ltr'><strong>omnes</strong></span> <span class='ocrx_word' id='word_1_879' title='bbox 3382 5448 3435 5502; x_wconf 91' lang='lat' dir='ltr'><strong>in</strong></span> 
     </span>
    </p>
   </div>
   <div class='ocr_carea' id='block_1_116' title="bbox 1881 5521 3433 5602">
    <p class='ocr_par' dir='ltr' id='par_1_116' title="bbox 1881 5521 3433 5602">
     <span class='ocr_line' id='line_1_116' title="bbox 1881 5521 3433 5602; baseline 0.012 -31"><span class='ocrx_word' id='word_1_880' title='bbox 1881 5521 2097 5589; x_wconf 87' lang='lat' dir='ltr'><strong>propria</strong></span> <span class='ocrx_word' id='word_1_881' title='bbox 2148 5521 2375 5575; x_wconf 88' lang='lat' dir='ltr'><strong>reduces</strong></span> <span class='ocrx_word' id='word_1_882' title='bbox 2425 5523 2659 5578; x_wconf 88' lang='lat' dir='ltr'><strong>habituri</strong></span> <span class='ocrx_word' id='word_1_883' title='bbox 2709 5528 2838 5582; x_wconf 90' lang='lat' dir='ltr'><strong>sint.</strong></span> <span class='ocrx_word' id='word_1_884' title='bbox 2885 5528 3104 5586; x_wconf 88' lang='lat' dir='ltr'><strong>Beatum</strong></span> <span class='ocrx_word' id='word_1_885' title='bbox 3140 5535 3433 5602; x_wconf 84' lang='lat' dir='ltr'><strong>quinetiam</strong></span> 
     </span>
    </p>
   </div>
   <div class='ocr_carea' id='block_1_117' title="bbox 1876 5612 3436 5690">
    <p class='ocr_par' dir='ltr' id='par_1_117' title="bbox 1876 5612 3436 5690">
     <span class='ocr_line' id='line_1_117' title="bbox 1876 5612 3436 5690; baseline 0.01 -24"><span class='ocrx_word' id='word_1_886' title='bbox 1876 5612 2136 5667; x_wconf 86' lang='lat' dir='ltr'><strong>Jacobum</strong></span> <span class='ocrx_word' id='word_1_887' title='bbox 2185 5615 2241 5667; x_wconf 91' lang='lat' dir='ltr'><strong>in</strong></span> <span class='ocrx_word' id='word_1_888' title='bbox 2293 5625 2606 5673; x_wconf 86' lang='lat' dir='ltr'><strong>sanctorum</strong></span> <span class='ocrx_word' id='word_1_889' title='bbox 2661 5623 3031 5690; x_wconf 89' lang='lat' dir='ltr'><strong>apostolorum</strong></span> <span class='ocrx_word' id='word_1_890' title='bbox 3079 5626 3307 5681; x_wconf 83' lang='lat' dir='ltr'><strong>Actibus</strong></span> <span class='ocrx_word' id='word_1_891' title='bbox 3369 5628 3436 5682; x_wconf 89' lang='lat' dir='ltr'><strong>de</strong></span> 
     </span>
    </p>
   </div>
   <div class='ocr_carea' id='block_1_118' title="bbox 1876 5704 3437 5774">
    <p class='ocr_par' dir='ltr' id='par_1_118' title="bbox 1876 5704 3437 5774">
     <span class='ocr_line' id='line_1_118' title="bbox 1876 5704 3437 5774; baseline 0.01 -15"><span class='ocrx_word' id='word_1_892' title='bbox 1876 5704 2094 5762; x_wconf 85' lang='lat' dir='ltr'><strong>Christo</strong></span> <span class='ocrx_word' id='word_1_893' title='bbox 2135 5705 2359 5761; x_wconf 84' lang='lat' dir='ltr'><strong>Domino</strong></span> <span class='ocrx_word' id='word_1_894' title='bbox 2403 5708 2543 5763; x_wconf 90' lang='lat' dir='ltr'><strong>hanc</strong></span> <span class='ocrx_word' id='word_1_895' title='bbox 2594 5711 2839 5767; x_wconf 84' lang='lat' dir='ltr'><strong>eamdem</strong></span> <span class='ocrx_word' id='word_1_896' title='bbox 2886 5716 3211 5772; x_wconf 81' lang='lat' dir='ltr'><strong>locutionem</strong></span> <span class='ocrx_word' id='word_1_897' title='bbox 3275 5735 3437 5774; x_wconf 75' lang='lat' dir='ltr'><strong>usur-</strong></span> 
     </span>
    </p>
   </div>
  </div>
