3828 6216
404 270 531 374 505'
1595 313 1943 369 THEODOBI

2077 315 2466 374 PSFESTENI

3518 320 3611 374 ὅθι

405 423 562 479 pusse
590 414 811 478 apparet
828 408 894 466 ⁸⁸,
948 423 1206 477 quoniam
1242 422 1302 460 ea
1352 422 1537 462 verum
1583 410 1788 462 exitum
1832 416 1962 462 tunc

2077 409 2177 463 τῶν
2204 412 2373 481 ἁγίων
2396 411 2709 469 ἀποστόλων
2734 410 2848 484 (59)
2879 408 2971 463 έπί
3000 406 3087 462 τοῦ
3114 408 3377 462 Δεσπότου
3398 410 3611 481 Χριστοῦ

403 501 667 555 habuerat
714 513 838 553 eum
888 512 1081 567 reapse
1130 498 1431 567 collapsum
1475 497 1698 553 Davidis
1733 513 1959 568 regnum

405 590 726 657 resurrexit,
784 590 1046 661 omnique
1116 598 1299 645 vetere
1350 591 1656 660 corruptela
1728 590 1962 659 ahjecta,

403 682 699 755 perfectum
723 692 920 737 Statum
949 682 1312 751 recuperavit.
1368 681 1523 735 Tune
1562 682 1841 737 enimvero
1876 696 1968 735 ce-

407 776 481 846 pit
511 792 732 846 regnum
782 787 1127 845 posterorum
1162 775 1381 831 Davidis
1415 775 1745 838 firmitatem,
1779 788 1965 843 parem

284 920 289 923 ,
402 868 592 923 diebus
622 869 859 931 a-teruis,
893 867 1051 937 139
1085 867 1212 936 quia
1237 874 1557 937 perpetuum
1595 877 1795 922 statum
1824 867 1969 922 obti-

402 960 541 1015 nuit.
569 959 833 1015 Praeterea
854 969 908 1012 et
942 959 1029 1015 Dei
1049 975 1265 1030 quoque
1294 959 1543 1013 notitiam
1563 960 1705 1030 apud
1726 960 1967 1029 reliquos

405 1052 653 1106 homines
700 1061 1041 1121 cunctasque
1097 1061 1287 1121 gentes
1333 1052 1739 1107 diﬂ‘undendam
1777 1052 1964 1115 fuisse,

404 1159 492 1198 res
523 1144 655 1213 ipsa:
686 1153 850 1213 gesta:
879 1159 1064 1198 verum
1088 1145 1556 1200 demonstrarunt.
1597 1144 1964 1211 Quamobrem

404 1237 679 1307 prophetae
720 1235 937 1305 quidem
967 1251 1068 1291 vox
1096 1252 1181 1291 res
1225 1245 1349 1307 post
1392 1239 1625 1292 reditum
1679 1248 1970 1294 eventuras

405 1329 669 1382 hactenus
699 1326 836 1383 dixit
872 1344 886 1381 :
935 1336 1174 1383 attamen
1219 1328 1490 1383 dictorum
1533 1330 1755 1394 veritas,
1797 1337 1851 1383 et
1880 1329 1972 1383 ﬁr-

406 1419 588 1479 mitas,
627 1427 679 1472 et
729 1418 1103 1481 inuuobilitas,
1162 1432 1227 1472 ac
1258 1420 1617 1489 perpetuitas,
1655 1421 1710 1475 in
1752 1420 1972 1475 Christo

403 1509 634 1565 Demiuo
676 1518 895 1566 ostensa
924 1519 977 1566 et
1007 1511 1340 1577 consistens,
1371 1512 1577 1582 justam
1608 1512 1748 1569 beati
1782 1510 1971 1569 Jacobi

407 1603 557 1659 dicto
587 1604 964 1658 auctoritatem
998 1604 1244 1673 pmbuit.

2066 503 2311 572 φαίνεται
2329 507 2394 577 τῇ
2424 509 2574 580 φωνῇ
2606 502 3048 578 συγκεχρημένος
3073 499 3267 572 ταύτῃ,
3292 498 3383 553 ἅτε
3415 502 3503 554 καὶ
3527 504 3613 572 τὴν

2068 594 2288 651 ἔκϐασιν
2318 598 2491 669 ἀληθῆ
2523 598 2762 670 λαϐούσῃ
2787 595 2909 651 τότε
2945 593 3177 666 ὁπηνίκα
3223 592 3388 657 ὅντως
3413 595 3445 664 ἡ
3475 594 3614 663 βασι-

2067 686 2186 740 λεία
2216 692 2535 743 πεπτωκυῖα
2555 690 2649 744 τοῦ
2674 688 2839 743 Δαυῖδ
2865 687 3084 755 ἀνέστη,
3110 683 3206 739 καὶ
3230 685 3404 738 πᾶσαν
3430 686 3617 737 ἀποϐα-

2068 780 2232 834 λοῦσα
2280 782 2549 854 σάθρωσιν
2570 784 2627 835 ὲν
2654 780 2948 851 τελειότητι
2972 777 3205 847 κατέστη
3226 790 3240 804 ·
3294 774 3411 829 τότε
3446 775 3505 845 δὴ
3532 777 3616 831 καὶ

2069 872 2165 943 τὴν
2186 872 2471 942 βεϐαίωσιν
2497 873 2715 944 εἴληφεν
2736 874 2768 942 ἡ
2794 870 3036 941 βασιλεία
3050 869 3149 940 τῆς
3165 867 3259 921 τοῦ
3279 865 3435 921 Δαυτδ
3459 867 3618 920 διαδο-

2071 966 2194 1036 χῆς,
2227 966 2614 1038 παραπλησίαν
2630 968 2751 1029 ταῖς
2768 963 2861 1017 τοῦ
2885 962 3076 1026 αἰῶνος
3096 960 3350 1032 ἡμέραις,
3373 960 3554 1031 ὅτεπερ
3566 962 3620 1013 ἐν

2070 1058 2309 1130 διηνεκεῖ
2350 1061 2449 1130 τὴν
2496 1060 2756 1113 σύστασιν
2807 1052 2983 1127 εἶχενο
3035 1054 3130 1108 καὶ
3174 1052 3271 1124 μὲν
3312 1053 3402 1106 καὶ
3432 1051 3490 1105 τὸ
3528 1056 3619 1123 τὴν

2075 1151 2366 1218 ἐπίγνωσιν
2395 1152 2495 1223 τὴν
2526 1151 2675 1206 θείαν
2704 1147 3021 1217 ἐγγενέσθαι
3040 1148 3154 1209 τοῖς
3181 1145 3381 1207 λοιποῖς
3406 1142 3509 1197 τῶν
3536 1144 3621 1195 ἀν-

2069 1238 2302 1310 θρώπιον
2344 1240 2437 1293 καὶ
2480 1242 2615 1293 πᾶσι
2648 1239 2703 1291 δὲ
2738 1241 2849 1301 τοῖς
2875 1236 3102 1296 ἔθνεσιν,
3147 1235 3230 1287 ἐπ’
3265 1226 3623 1286 αὐτῶνῶπται

2067 1330 2175 1384 τῶν
2203 1332 2544 1402 πραγμάτων
2571 1331 2633 1384 τὸ
2656 1330 2853 1400 ἀληθές
2872 1345 2886 1359 ·
2917 1328 3056 1381 ὥστε
3081 1324 3329 1397 εἰρῆσθαι
3362 1324 3457 1394 μὲν
3484 1341 3589 1391 παρ
3604 1326 3623 1373 ἰ

2066 1421 2162 1475 τοῦ
2202 1425 2481 1494 προφήτου
2510 1424 2607 1494 τὴν
2642 1422 2824 1493 φωνὴν
2850 1421 2919 1474 τὰ
2949 1420 3089 1473 κατὰ
3118 1418 3216 1489 τὴν
3242 1416 3489 1471 ἐπάνοδον
3512 1416 3622 1468 ἐσός

2072 1532 2207 1585 μενα
2252 1516 2543 1586 μηνύοντος
2572 1515 2707 1578 τέως
2725 1531 2739 1545 ο
2795 1514 2856 1567 τὸ
2884 1513 2941 1566 δὲ
2970 1512 3077 1565 τῶν
3112 1510 3412 1582 εἰρημένων
3442 1508 3626 1577 ἀληθὲς

2070 1607 2163 1660 καὶ
2195 1606 2410 1677 βέϐαιον
2444 1610 2537 1661 καὶ
2562 1607 2854 1661 ἀσάλευτον
2883 1605 2975 1658 ἐπὶ
2998 1604 3089 1658 τοῦ
3112 1603 3381 1656 Δεσπότου
3404 1598 3626 1672 Χριστοῦ

402 1695 745 1767 δεικνύμενόν
766 1714 827 1750 τε
860 1697 953 1749 καὶ
992 1696 1189 1750 συστὰν
1217 1696 1429 1751 δικαίαν
1458 1697 1733 1769 εἰληφέναι
1759 1701 1823 1752 ὲκ
1849 1698 1943 1753 τοῦ
1968 1700 2236 1772 μακαρίου
2280 1699 2535 1754 Ἰακώϐου
2570 1701 2670 1770 τῆς
2704 1700 2888 1770 φωνῆς
2915 1699 3015 1771 τὴν
3051 1698 3244 1769 χρῆσιν
3262 1696 3342 1760 (51
3360 1698 3395 1755 ).

477 1789 677 1844 Deinde
704 1795 756 1843 et
784 1787 1109 1859 generaliter
1135 1788 1433 1856 przedicens
1467 1804 1588 1859 qua:
1621 1800 1752 1844 tunc
1785 1791 1964 1844 Israe-

2140 1789 2272 1845 Εἶτα
2320 1792 2412 1844 καὶ⁸
2459 1790 2682 1845 καθόλου
2733 1790 2950 1861 μηνύων
3000 1789 3071 1842 τὰ
3104 1789 3223 1842 τότε
3271 1787 3450 1848 αὐτοῖς
3487 1802 3630 1852 περι-

404 1883 515 1938 litis
544 1888 816 1937 eventura:
846 1889 1004 1934 erant
1047 1880 1463 1950 prosperitates,
1500 1889 1825 1936 czeterormn
1856 1884 1966 1938 ritu

2077 1884 2300 1954 εσόμενα
2325 1882 2486 1945 καλὰ,
2522 1882 2920 1954 παραπλησίως
2961 1883 3071 1943 τοῖς
3104 1880 3310 1941 λοιποῖς
3340 1880 3633 1949 προφήταις

404 1975 786 2045 prephetarum
814 1971 969 2035 dicit,
993 1971 1183 2027 adfore
1212 1971 1320 2026 illis
1347 1973 1716 2027 omnimodam
1748 1973 1962 2044 frugum

402 2064 639 2133 copiam,
691 2060 764 2115 ita
801 2067 860 2113 ut
890 2067 1241 2114 coacervatas
1279 2074 1422 2114 areae
1459 2058 1641 2130 fruges
1673 2068 1967 2131 exceptura

403 2154 474 2209 sit
501 2151 795 2215 vindemia,
830 2151 1061 2204 maturis
1097 2164 1315 2220 semper
1343 2152 1623 2206 concessis
1654 2150 1963 2220 fructibus;

380 2251 457 2317 ,et
483 2245 617 2312 ipsis
645 2242 1031 2313 propemodum
1073 2243 1350 2297 montibus
1382 2243 1725 2314 collibusque
1754 2244 1965 2314 copiam

404 2333 900 2408 suppeditantibus.
966 2342 1021 2387 et
1050 2332 1198 2387 omni
1264 2348 1323 2387 re
1384 2334 1528 2388 bona
1597 2333 1973 2389 afﬂuentibus.

404 2427 781 2496 Captivitatem
839 2425 1021 2494 populi
1068 2424 1390 2488 dissolvam,
1440 2432 1499 2478 ut
1538 2426 1719 2480 securi
1753 2427 1883 2487 sint,
1923 2433 1975 2479 et

406 2516 740 2586 postliminio
788 2514 1058 2577 fruantur,
1118 2522 1171 2567 et
1211 2529 1341 2569 suas
1393 2514 1557 2570 urbes
1592 2514 1648 2569 in
1694 2515 1975 2584 antiquam

410 2610 636 2661 formam
665 2613 999 2667 restaurent,
1063 2613 1118 2658 et
1146 2606 1399 2675 agricolae
1426 2613 1585 2661 terra:
1631 2621 1661 2659 a
1700 2621 1758 2662 se
1813 2608 1975 2661 culta:

408 2701 619 2756 fructus
652 2700 974 2771 percipiant.
1016 2695 1268 2752 Firmiter
1295 2714 1387 2752 eos
1419 2700 1473 2753 in
1514 2712 1612 2753 sua
1651 2698 1824 2768 patria
1860 2708 1975 2753 sta-

408 2797 625 2859 biliam;
659 2794 711 2847 id
743 2794 885 2847 enim
917 2798 1076 2846 sonat
1127 2790 1330 2845 dictio:
1353 2791 1731 2859 «Etplantabo
1771 2805 1867 2845 eos
1920 2791 1975 2845 in

380 2922 383 2925 λ
411 2895 557 2939 terra
582 2897 809 2948 eorum;
833 2893 1031 2939 ietnon
1062 2880 1237 2935 sinam
1288 2882 1515 2935 ulterius
1548 2889 1703 2937 extra
1742 2885 1972 2953 patriam

412 2977 686 3045 regionem
721 2973 862 3035 fieri,
892 2974 1049 3041 cujus
1085 2972 1234 3042 ipsos
1275 2974 1344 3028 ab
1371 2974 1526 3028 initio
1556 2974 1808 3030 dominos
1845 2975 1972 3030 feci.

2071 1976 2217 2045 λέγει
2244 1976 2306 2029 τὸ
2337 1975 2430 2029 καὶ⁵
2460 1975 2568 2029 τῶν
2600 1974 2822 2046 καρπῶν
2852 1974 2951 2043 τὴν
2982 1970 3242 2041 ἀφθονίαν
3269 1971 3450 2033 αὐτοῖς
3477 1986 3631 2039 προσ-

2076 2066 2295 2119 έσεσθαι
2324 2066 2618 2131 παντελῶς,
2642 2067 2718 2129 ὡς
2748 2066 2871 2129 τοὺς
2900 2066 2958 2129 ἐξ
2990 2065 3193 2128 ἅλωνος
3223 2061 3636 2133 συλλεγομένους

2076 2157 2321 2228 καρποὺς
2349 2156 2684 2228 διαδέχεσθαι
2710 2156 2809 2228 τὴν
2840 2156 3067 2228 τρύγην,
3089 2156 3315 2226 ὼρίμων
3338 2154 3435 2223 μὲν
3463 2153 3635 2213 αὐτοῖς

2076 2248 2470 2320 ἀποδιδομένων
2510 2248 2617 2302 τῶν
2655 2248 2902 2321 καρπῶν,
2948 2252 3022 2318 (p.
3064 2248 3190 2317 2H)
3235 2248 3397 2317 μόνον
3435 2246 3488 2298 δὲ
3525 2246 3635 2314 οὐχὶ

2073 2341 2166 2393 καὶ
2197 2341 2305 2395 τῶν
2351 2340 2493 2413 ὀρῶν
2541 2341 2634 2394 καί
2676 2341 2783 2394 τῶν
2815 2340 3018 2411 βουνῶν
3059 2339 3257 2409 πολλὴν
3292 2339 3471 2400 αὐτοῖς
3501 2352 3635 2405 παρ-

2072 2433 2302 2504 εχόντων
2346 2435 2445 2505 τὴν
2502 2434 2779 2503 ἀφθονίαν,
2834 2432 3061 2487 πλεῖστά
3100 2450 3160 2485 τε
3202 2433 3304 2484 ὅσα
3341 2429 3638 2499 έκφυόντων

2073 2526 2240 2580 καλά.
2278 2527 2386 2581 Καὶ
2430 2527 2529 2596 τὴν
2580 2527 2676 2596 μὲν
2716 2526 3087 2596 αἰχμαλωσίαν
3142 2524 3312 2588 λύσω,
3350 2524 3527 2592 φησιν,
3565 2519 3638 2587 τῷ

2071 2616 2205 2687 λαῷ,
2234 2616 2374 2669 ὥστε
2397 2615 2657 2678 λαϐόντας
2683 2632 2742 2668 τε
2771 2615 2974 2681 ἄδειαν,
3006 2615 3099 2669 καὶ
3128 2614 3423 2681 γεγονότας
3451 2614 3507 2663 ὲν
3536 2611 3639 2670 τοῖς

2073 2708 2314 2771 οἰκείοις,
2343 2709 2436 2762 καὶ
2467 2709 2565 2771 τὰς
2595 2708 2772 2771 οἰκίας
2817 2708 2954 2761 κατὰ
2992 2706 3051 2759 τὸ
3092 2705 3319 2759 παλαιὸν
3345 2702 3637 2772 ἀνορθῶσαι

2075 2801 2282 2872 σχῆμα,
2328 2802 2419 2854 καὶ
2451 2800 2547 2871 τὴν
2562 2801 2666 2869 γῆν
2694 2798 3207 2871 κατεργασαμένους
3252 2796 3347 2855 τὸν
3389 2794 3449 2858 ἐξ
3481 2791 3641 2861 αὐτῆς

2072 2891 2389 2961 κομίζεσθαι
2421 2890 2651 2961 καρπόν.
2682 2885 2769 2941 Ἐν
2785 2889 2981 2959 βεϐαίῳ
3005 2904 3062 2941 τε
3096 2888 3295 2949 αὐτοὺς
3329 2883 3643 2951 καταστήσω

2073 2982 2171 3053 τῆς
2199 2981 2402 3046 οἰκείας
2431 2982 2533 3052 γῆς
2552 2998 2566 3011 ·
2596 2980 2752 3034 τοῦτο
2779 2982 2888 3051 γὰρ
2916 2980 3061 3048 λέγει
3080 2979 3160 3045 τὸ,
3191 2997 3209 3029 ι
3245 2972 3647 3045 Καταφυτεύσω

407 3065 545 3121 Nam
578 3066 763 3130 verba,
797 3084 815 3117 ι
854 3064 919 3119 Et
946 3080 1051 3120 nou
1086 3066 1388 3120 evellentur
1418 3066 1561 3119 ultra
1590 3066 1657 3121 de
1674 3074 1818 3120 terra
1845 3082 1965 3129 sua,

2077 3071 2270 3135 αὐτοὺς
2295 3073 2351 3124 ἐν
2390 3072 2457 3141 τῇ
2482 3074 2552 3142 γῇ
2597 3070 2792 3134 αὐτῶν,
2821 3090 2842 3125 ι
2865 3072 2960 3127 καὶ
2980 3070 3079 3122 οὐκ
3115 3069 3262 3121 ὲάσω
3304 3066 3409 3137 τῆς
3452 3063 3645 3123 οἰκείας

410 3171 573 3227 quam
592 3154 674 3211 eis
696 3154 843 3220 dedi,
868 3173 887 3206 ›
910 3154 1013 3209 hoc
1034 3155 1362 3223 signiﬁcant;
1384 3154 1435 3207 id
1455 3163 1539 3209 est
1558 3158 1745 3227 procul
1762 3158 1852 3211 illa
1869 3173 1977 3214 non

410 3248 868 3311 amandabuntur,
888 3256 1047 3316 prout
1064 3256 1194 3300 tunc
1208 3256 1596 3302 eveneratcum
1610 3250 1826 3319 propria
1845 3264 1977 3320 cap-

410 3341 623 3395 tivitate
638 3347 902 3410 tanquam
922 3340 1187 3393 velamine
1203 3338 1468 3409 impediti,
1495 3356 1563 3395 ne
1585 3341 1827 3409 aspicere
1849 3342 1974 3411 qui-

408 3434 529 3488 dem
553 3433 785 3502 patriam
810 3446 965 3485 suam
998 3437 1272 3500 poterant.
1297 3429 1411 3485 Hoc
1427 3438 1532 3497 est,
1558 3432 1755 3500 inquit,
1781 3432 1973 3505 decre-

406 3534 522 3580 tum
542 3539 789 3595 opusque
807 3522 903 3578 Dei
923 3537 1100 3578 rerum
1118 3522 1361 3578 omnium
1376 3523 1641 3578 creatoris
1659 3539 1721 3579 ac
1736 3523 1970 3579 Domini.

2075 3162 2179 3228 ἔξω
2212 3161 2461 3230 γενέσθαι
2493 3162 2670 3233 χώρας
2714 3161 2815 3224 ἔτι,
2856 3156 3035 3232 ἧσπερ
3067 3155 3160 3213 οὖν
3199 3160 3401 3221 αὐτοὺς
3436 3155 3646 3225 κυρίους

2076 3252 2329 3323 ἀπέφηνα
2375 3254 2470 3323 τὴν
2498 3254 2702 3324 ἀρχήν·
2736 3252 2797 3305 τὸ
2826 3253 2953 3323 γὰρ,
3001 3270 3019 3302 ι
3057 3252 3132 3305 Οὐ
3164 3252 3239 3321 μὴ
3279 3245 3648 3304 ἐπισπασθῶσιν

2076 3345 2258 3398 οὐκέτι
2289 3345 2396 3399 ἀπὸ
2434 3345 2529 3415 τῆς
2563 3345 2665 3414 γῆς
2696 3344 2873 3397 αὐτῶν
2907 3340 2975 3415 ἦς
3005 3342 3180 3396 ἔδωκα
3214 3342 3422 3404 αὐτοῖς,
3458 3357 3476 3391 ι
3502 3336 3650 3390 τοῦτο

2078 3436 2256 3507 δηλοῖ·
2290 3436 2375 3489 ἵνα
2402 3436 2531 3510 εἴπῃ
2562 3439 2642 3490 ὅτι
2682 3437 2742 3488 οὐ
2774 3437 3088 3506 γενήσονται
3115 3435 3287 3505 αὐτῆς
3323 3434 3405 3487 ἐτι
3438 3431 3616 3500 πόρῤω
3638 3443 3649 3455 ⁸

2080 3527 2219 3581 ὥστε
2247 3531 2312 3599 τῇ
2336 3529 2681 3600 αἰχμαλωσίᾳ
2723 3529 2909 3598 ὥσπερ
2934 3528 3041 3579 τινὶ
3072 3525 3430 3597 κατεχόμενοι
3463 3521 3649 3590 σκέπῃ.

417 3619 551 3692 μηδὲ
586 3619 718 3690 ὁρᾷν
740 3615 995 3672 δύνασθαι
1024 3616 1122 3689 τὴν
1150 3616 1356 3672 οἰκείαν
1390 3616 1517 3689 γῆν,
1564 3616 1752 3673 Ταῦτα
1792 3621 2059 3691 δὲ,φησὶν,
2102 3622 2372 3694 ἀπόφασίς
2398 3641 2457 3677 τε
2487 3624 2580 3677 καὶ
2616 3623 2773 3695 ἔργον
2798 3623 2932 3676 Θεοῦ
2969 3621 3062 3675 τοῦ
3093 3620 3321 3692 ποιητοῦ
3351 3635 3412 3673 τε
3445 3615 3653 3670 πάντων

416 3716 511 3770 καὶ
539 3714 766 3787 Κυρίου.

488 3832 530 3864 ι’
556 3831 676 3886 Act.
708 3846 800 3895 xv,
836 3829 917 3884 l6.

486 3944 598 4016 (Si)
631 3942 749 4016 llic,
772 3949 826 3995 et
860 3942 1008 4016 alibi,
1037 3951 1091 4016 et
1112 3940 1407 4011 praesertim
1449 3941 1503 3995 in
1535 3940 1762 4016 Profuge
1796 3940 1867 3993 ad
1878 3945 1989 4016 AJo—
2089 3943 2184 4000 sed
2230 3944 2617 4016 prophetarum
2668 3942 2739 3998 de
2772 3940 2993 3998 Christo
3044 3940 3307 3995 vaticinia
3367 3948 3655 4009 agnoscere

418 4010 849 4077 nain,'videmus
890 4010 1233 4064 Theodorum
1268 4019 1515 4065 nostrqu
1560 4012 1703 4065 haud
1747 4014 1820 4066 ita
1877 4013 1987 4065 ἰου-

416 4084 709 4155 δαιόφρονα
731 4097 873 4144 esse,
897 4088 955 4134 ut
984 4079 1312 4150 quibusdam
1360 4080 1631 4136 interdum
1686 4082 1835 4137 visus
1870 4088 1993 4154 fuit,

2087 4023 2141 4071 et
2177 4014 2473 4085 explicare.

553 4359 3650 4406 Μ

1014 4560 1578 4655 ΕΡΜΗΝΕΙΑ
1638 4556 1971 4647 ΑΒΔΙΟ

2109 4559 2336 4646 ΤΟΥ
2399 4552 3049 4645 ΠΡΟΦΗΤΟΥ.

555 4982 1681 5105 COMMENTARIUS
1763 4964 1907 5097 ΙΝ
1982 4979 2525 5096 ABDIAM
2612 4977 3532 5107 PROPHETAM.

500 5432 881 5509 lwlnimici
912 5429 1121 5499 jamdiu
1152 5426 1518 5482 lsraelitarum
1549 5426 1771 5481 Idumaei
1802 5435 1990 5492 erant,

2180 5421 2454 5492 ’Ᾱπεχθῶς
2498 5420 2700 5476 ἄνωθεν
2734 5420 3017 5489 Ἰδουμαῖοι
3080 5417 3214 5490 πρὸς
3243 5416 3374 5479 τοὺς
3411 5414 3663 5484 Ἰσραηλι-

426 5503 689 5598 valde—que
751 5525 806 5579 hi
866 5522 1126 5593 optabant
1188 5519 1404 5574 illorum
1458 5518 1753 5581 excidium,
1824 5526 1971 5588 atqui

2094 5531 2192 5578 τας
2244 5512 2419 5583 ἔσχον,
2462 5514 2589 5584 περὶ
2640 5511 2834 5565 πολλοῦ
2882 5528 2941 5563 τε
2980 5509 3160 5563 αὐτῶν
3212 5507 3532 5576 ποιούμενοι
3578 5503 3665 5568 τὴν

426 5592 740 5673 earumdem
781 5592 1023 5667 adversis
1048 5609 1270 5665 casibus
1314 5606 1677 5662 laetabantur:
1711 5605 1821 5662 imo
1865 5621 1971 5662 cun

2096 5604 2389 5667 ἀπώλειαν,
2424 5604 2518 5657 καὶ
2551 5604 2645 5657 ἐπὶ
2667 5606 2787 5666 ταῖς
2816 5602 3311 5674 προσγιγνομέναις
3342 5598 3525 5659 αὐτοῖς
3553 5592 3664 5662 ηδὸ-

427 5710 669 5779 ipsorum
717 5718 931 5778 quoque
980 5703 1229 5761 hostibus
1275 5707 1538 5773 perpetuo
1582 5698 1967 5771 conspirabant

2101 5713 2251 5766 μενοι
2299 5696 2623 5766 συμφοραῖς,
2675 5693 2815 5747 ὥστε
2869 5693 2961 5746 καὶ
3014 5689 3394 5761 συμπράττειν
3439 5690 3517 5756 (p.
3550 5681 3667 5749 ειν)
