1922 3111
127 167 181 195 365

716 168 993 199 οωιιΕΝΤΑιιιῦδ
1009 169 1043 198 IN
1058 167 1197 197 ABDIAM.

1705 167 1758 196 306

131 224 197 260 πρὸς
220 222 329 251 ἅπαντα
349 224 406 256 τοῖς
427 224 550 252 ιπιοῦσιν
573 224 675 258 αὐτοῖς,
698 225 748 261 ἤδη
764 226 831 255 ποτὶ
853 226 924 255 κατὰ

977 232 1119 263 postquam
1134 225 1189 253 Deo
1203 224 1378 261 permittente
1391 223 1520 253 Israelita:
1534 222 1619 252 variis
1633 222 1758 253 cladibus

127 270 204 296 θείαν
220 269 393 312 συγχύῳησιν
408 270 437 297 ὲν
453 270 536 306 πείρᾳ
549 270 709 298 καθίσταντο
723 273 832 300 κακῶν·
842 273 922 308 γεγό-

128 325 209 343 νεσαν
224 316 280 352 γὰρ
295 316 459 352 Ἰσραηλῖται
474 317 524 353 μὲν
535 319 568 345 ικ
580 317 627 345 τοῦ
643 317 742 345 Ἰακὼϐ
758 319 922 354 κατάγοντες

129 361 160 389 -ιδ
179 362 270 395 γένος.
291 361 433 397 Ἰδουμαῖοι
457 362 488 390 δὲ
516 363 549 390 ὲκ
571 362 619 390 τοῦ
635 362 734 395 Ἠσαῦ,
761 364 871 399 ἀδελφοὶ
892 365 922 392 δὲ

128 405 199 443 ἦσαν
219 403 292 434 οὗτοι
319 407 372 434 uici.
394 407 441 434 τοῦ
462 409 570 435 Ἰσαάκ·
595 409 642 435 καὶ
654 409 747 444 ἐπειδὴ
763 410 832 436 κατὰ
848 410 921 437 θείαν

130 453 221 488 κρίσιν
241 453 295 480 τῶν
319 453 510 489 πρωτοτοκίων
532 454 578 480 ἐπὶ
596 454 641 480 τὸν
660 454 757 481 Ἰακὼϐ
776 455 921 491 μετεληλυ-

131 499 227 530 θότων,
255 499 299 526 διὰ
324 499 419 534 μίσους
441 507 470 526 τε
499 498 572 534 εἶχεν
603 499 685 527 αὑτὸν
709 501 724 527 ὁ
751 501 846 534 Ἡσαῦ,
874 501 923 528 καὶ

131 545 234 572 ἀνελεῖν
259 545 356 581 καιροῦ
381 545 530 581 λαϐόμενος
554 545 694 581 ἠϐούλετο,
718 547 923 582 παρασκευάζει

133 590 182 625 μὲν
199 590 244 616 τὸν
262 590 360 617 Ἰακὼϐ
375 591 415 622 είς
432 591 480 626 τὴν
499 591 611 628 Χαρρὰν
634 591 760 618 ἀπελθεῖν
782 593 799 627 ὴ
820 592 922 627 μήτηρ,

130 637 168 668 ὡς
182 637 215 663 ἃν
231 637 325 672 πόρρω
337 637 477 671 γεγονότος
486 637 636 672 λωφήσειεν
652 639 668 674 ὴ
683 639 751 674 ὀργὴ
764 639 812 665 τοῦ
828 639 922 666 Ἡσαῦ·

131 682 180 709 καὶ
193 682 225 718 δὴ
244 682 291 710 καὶ
307 682 382 714 θείας
407 684 535 719 προνοίας
556 684 682 717 ἀξιωθεὶς
707 684 722 711 ὀ
740 685 836 712 Ἰακὼϐ
857 682 924 712 παυ-

130 728 215 760 τελῶς
227 728 338 763 διέφυγε
360 729 406 756 τοῦ
421 729 536 765 ἀδελφοῦ
556 731 606 766 τὴν
623 730 741 766 βλάϐην·
760 731 924 766 μετελήλυθε

129 775 159 801 δὲ
174 775 248 809 ὅμως
263 775 303 807 εἰς
317 775 381 807 τοὺς
397 775 427 808 ἐξ
442 776 532 803 αὐτῶν
550 777 567 812 ὴ
587 776 682 813 ἔχθρα·
701 777 839 812 διέμεινάν
854 786 883 804 τε
900 779 923 804 οἱ

131 822 164 847 ὲκ
182 820 229 847 τοῦ
248 820 332 848 Ἦσαῦ
349 824 512 857 κατάγοντες
534 822 564 849 τὸ
586 823 664 857 γένος
681 823 826 859 Ἰδουμαῖοι
846 824 925 850 πολε-

133 866 201 900 μίως
223 867 291 901 πρὸς
311 868 374 899 τοὺς
403 868 574 903 Ἰσραηλίτας
587 868 694 904 ἔχοντες
713 869 745 895 ὲκ
759 869 806 895 τοῦ
827 868 923 896 Ἰακὼϐ

131 913 342 948 καταγομένους,
367 913 404 946 ὡς
427 913 496 950 ἔφην
517 915 581 950 ήδη·
607 914 736 947 ποικίλως
757 915 846 942 τοίνυν
874 916 924 951 τὴν

132 959 194 985 κατ’
208 959 297 985 αὐτῶν
312 959 412 995 ἔχθραν
435 960 660 996 ἐπιδεικνύμενοι,
677 961 754 987 οὐθὲν
775 960 855 997 ἦττον
875 962 924 997 τὴν

131 1003 217 1039 αὐτὴν
232 1004 403 1036 ἐπεδείξαντο
415 1005 528 1041 γνώμην
544 1006 590 1032 καὶ
604 1005 673 1032 κατὰ
687 1006 733 1032 τδν
745 1006 842 1041 καιρὸν
854 1007 925 1032 ἐκεῖ-

132 1057 186 1082 νον,
203 1049 263 1076 καθ’
276 1049 305 1076 ὃν
325 1050 484 1086 Ἀσσυρίους
506 1060 535 1077 τε
559 1052 748 1087 Ἰσραηλίταις,
771 1052 818 1079 καὶ
839 1052 925 1079 Βαϐυ-

133 1093 246 1127 λωνίους
262 1095 374 1131 ὕστερον
399 1098 431 1132 τῇ
457 1105 488 1124 τε
517 1098 692 1133 Ἰερουσαλὴμ
715 1098 763 1125 καὶ
792 1099 847 1130 τοῖς
875 1099 925 1133 τῆς

139 1139 224 1167 Ἰούδα
249 1141 335 1177 φυλῆς
362 1141 483 1169 ἐπελθεῖν
512 1143 626 1178 συνέϐησ
647 1143 717 1170 ὥστε
739 1143 786 1170 καὶ
811 1143 925 1170 πλεῖστα

132 1186 183 1213 ὅσα
195 1185 241 1212 ἐπί
260 1186 354 1213 τετῶν
377 1187 510 1214 Ἰουδαίων
529 1187 652 1223 ἀπωλείᾳ
674 1190 729 1220 τοῖς
746 1188 926 1220 Βαϐυλωνίοις

134 1232 293 1266 συμπράξαι
303 1239 310 1247 ”
325 1233 447 1260 ἐντεῦθεν
460 1234 474 1259 ὁ
491 1234 622 1269 μακάριος
634 1234 714 1260 Δαυτδ
728 1234 763 1261 τὰ
785 1235 854 1262 κατὰ
870 1235 925 1262 Βα-

134 1277 240 1305 ϐυλῶνα
250 1278 426 1314 προφητεύων
443 1280 519 1315 λέγει
529 1279 589 1315 μέν·
601 1279 623 1314 ζ(
634 1277 708 1313 Ἐπὶ,
715 1280 772 1308 τῶν
796 1281 925 1316 ποταμῶν

135 1322 294 1355 Βαϐυλῶνος
317 1324 375 1350 ἐκεῖ
396 1324 560 1360 ὲκαθίσαμεν
583 1326 629 1352 καὶ
649 1325 830 1361 ὲκλαύσαμεν,
851 1335 860 1351 ι
879 1326 926 1353 καὶ

134 1367 169 1394 τὰ
184 1368 265 1402 ἑξῆς·
289 1368 321 1395 δι’
336 1366 374 1396 ὧν
393 1369 498 1396 ἐδείκνυ
526 1370 560 1397 τὰ
578 1371 648 1398 κατὰ
671 1371 720 1407 τὴν
739 1371 926 1406 αἰχμαλωσίαν

135 1414 243 1449 ἐκείνην
257 1415 346 1446 αὐτοῖς
365 1415 555 1450 συμϐεϐηκότα
578 1418 665 1444 κακά·
683 1418 720 1452 (p.
746 1417 809 1451 215)
832 1418 926 1454 ὲπ;ιδὴ

134 1460 163 1486 δὲ
175 1460 222 1486 καὶ
235 1459 284 1495 τὴν
298 1460 344 1487 ἐπὶ
365 1460 396 1487 τὸ
417 1462 539 1496 κρεῖττον
552 1463 641 1489 αὐτῶν
663 1463 810 1499 μεταϐολὴν
827 1464 926 1499 ἤμελλε

137 1504 270 1540 μηνύειν,
298 1506 408 1540 ἐπάγει·
427 1515 436 1532 ι
456 1507 598 1543 Μνήσθητι
611 1529 618 1541 ,
647 1508 752 1544 Κύριε,
779 1509 833 1536 τῶν
861 1510 926 1537 υἱῶν

973 271 1042 299 adici
1059 273 1198 307 ceperant.
1215 269 1302 297 Porro
1321 269 1450 298 Israelita;
1472 276 1486 296 a
1501 268 1586 297 Jacob
1602 276 1689 305 genus
1700 273 1759 297 ιη-

972 317 1085 349 hebant,
1105 316 1213 344 Idumaei
1233 316 1268 343 ab
1286 314 1368 348 Esau,
1381 315 1426 351 qui
1448 316 1546 343 fratres
1569 317 1648 343 erant
1666 314 1760 343 lsaaco

972 363 1069 400 geniti.
1091 361 1151 390 1am
1167 362 1231 397 quia
1255 361 1348 389 divino
1371 361 1475 397 judicio
1488 360 1534 396 jus
1550 364 1616 388 natu
1645 360 1760 396 majoris

973 410 1006 437 ad
1023 408 1108 436 Jacob
1122 408 1277 440 transierat,
1303 411 1385 442 atque
1399 407 1434 434 ob
1451 407 1477 434 id
1502 407 1621 434 invisum
1643 406 1760 433 habebat

973 455 1105 482 Iacobum
1126 453 1207 486 Esau,
1229 461 1344 488 eumque
1359 452 1523 485 interﬁcere,
1545 452 1568 480 si
1584 452 1694 479 occasio
1714 456 1760 479 tu-

975 503 1061 533 lisset.
1084 502 1256 533 moliebatur.
1287 500 1362 529 dedit
1376 507 1486 534 operam
1516 503 1604 527 mater
1625 503 1655 526 ut
1675 498 1760 526 Jacob

974 547 1094 575 Charras
1114 547 1342 582 peregrinaretur,
1370 546 1435 573 dum
1454 545 1563 572 interim
1584 552 1616 572 eo
1634 545 1761 572 submoto

975 594 1128 629 quiesceret
1156 592 1226 620 Esau
1255 591 1340 618 furor.
1370 590 1403 617 Et
1426 590 1511 618 Jacob
1530 590 1640 626 quidem
1668 589 1761 617 divina

975 641 1144 676 providentia
1156 643 1244 667 tectus
1266 639 1345 674 plane
1365 638 1461 665 vitavit
1481 637 1642 672 impendens
1662 644 1677 663 a
1700 644 1762 672 ger-

975 694 1056 713 mano
1085 685 1213 717 exitium;
1241 684 1288 712 sed
1315 687 1405 711 tamen
1423 683 1543 710 manavit
1572 682 1599 710 in
1637 686 1762 715 posteros

975 731 1072 758 horum
1112 731 1204 758 odium
1228 739 1234 757 :
1256 729 1482 763 retinueruntque
1517 728 1587 755 Esau
1617 727 1761 763 progenies

976 777 1085 805 ldumazi
1112 776 1226 804 hostiles
1255 775 1361 802 animos
1383 774 1529 801 adversum
1561 772 1699 800 lsraelitas
1728 771 1763 799 de

975 823 1070 854 Jacob,
1102 828 1131 848 ut
1144 821 1212 851 dixi.
1244 820 1412 856 progenitos.
1434 819 1558 853 Cumque
1584 818 1762 852 multifariam

972 870 1027 903 jam
1044 867 1228 903 prodidissent
1244 866 1409 894 simultatem
1428 865 1577 897 illam,tum
1590 864 1671 891 etiam
1686 871 1764 890 men-

976 919 1029 943 tem
1047 922 1124 942 sualn
1140 918 1306 948 aperuerunt
1320 919 1374 946 quo
1395 915 1518 946 tempore
1542 911 1647 946 Assyrii
1666 914 1763 937 contra

976 960 1163 995 Hierosolyma
1176 958 1308 992 Judaeque
1324 957 1437 990 tribum,
1466 955 1665 990 expeditionem
1689 954 1762 983 fece-

975 1011 1048 1034 runt.
1068 1006 1145 1032 Tunc
1162 1012 1228 1032 sane
1251 1003 1368 1039 plurima
1385 1002 1418 1029 ad
1435 1001 1591 1029 Judaaorum
1613 1000 1762 1036 perniciem

977 1053 1110 1081 fecerunt.
1134 1058 1196 1078 cum
1223 1048 1381 1085 Babyloniis
1409 1047 1610 1082 censpirantes.
1631 1045 1722 1079 Quare
1735 1048 1763 1072 et

977 1100 1071 1126 beatus
1088 1096 1171 1124 David
1186 1103 1230 1123 res
1247 1094 1425 1131 Babylonicas
1442 1092 1593 1128 pnedicens
1608 1092 1646 1119 ait
1660 1100 1667 1118 :
1687 1100 1696 1116 ‹
1710 1089 1762 1117 Su-

977 1153 1024 1181 per
1038 1143 1148 1171 ﬁumina
1162 1142 1317 1178 Babylonis,
1340 1139 1395 1167 illic
1411 1139 1534 1166 ﬁevimus
1549 1137 1583 1170 “,
1593 1149 1602 1165 »
1613 1136 1761 1172 etreliqua.

976 1191 1081 1225 Quibus
1101 1189 1189 1216 verbis
1210 1188 1280 1214 mala
1301 1194 1349 1221 per
1369 1186 1441 1212 illam
1466 1184 1650 1219 captivitatem
1661 1182 1763 1209 ludatis

976 1241 1106 1265 eventura
1120 1234 1295 1270 signiﬁcavit.
1327 1230 1595 1264 Verumtamenquia
1618 1229 1761 1256 meliorem

976 1290 1084 1319 quoque
1095 1289 1185 1309 rerum
1202 1280 1324 1308 ordinem
1341 1277 1539 1306 restituendum
1548 1277 1674 1303 dicturus
1685 1278 1744 1302 erat
1753 1294 1760 1306 ,

977 1329 1082 1357 addidit
1096 1337 1103 1356 :
1123 1326 1276 1354 «Memento
1291 1325 1404 1352 Domine
1420 1324 1537 1350 liliorum
1555 1321 1663 1355 Edonii,
1676 1322 1722 1356 qui
1735 1322 1763 1349 in

977 1375 1021 1403 die
1043 1374 1294 1408 llierosolymowm
1321 1371 1453 1397 aiebant:
1496 1366 1638 1395 Exinanite
1655 1389 1662 1400 ,
1683 1365 1760 1401 14],

978 1421 1114 1449 exinanite
1131 1427 1146 1446 a
1165 1417 1349 1446 fundamentis
1376 1416 1481 1443 urbem.
1496 1422 1505 1439 ι
1524 1411 1701 1447 Perspicuum
1721 1416 1763 1439 est

979 1467 1048 1494 ﬁlios
1062 1464 1157 1492 Edonii
1172 1471 1187 1490 a
1203 1462 1303 1489 Davide
1315 1460 1428 1496 intelligi
1451 1459 1598 1493 Idumaeos,
1623 1459 1667 1493 qui
1686 1460 1763 1483 utra-

978 1520 1030 1547 que
1045 1510 1226 1546 appellatione
1243 1508 1400 1539 utebantur,
1421 1509 1450 1533 ut
1465 1512 1652 1540 szepenumero
1673 1511 1707 1530 ex
1722 1502 1764 1529 di-

141 1550 231 1599 'E6tb_y.
243 1551 291 1599 τὴν
307 1552 412 1599 ἡμέραν
431 1553 617 1590 Ἰερουσαλὴμ,
633 1555 687 1581 τῶν
703 1555 845 1589 λεγόντων·
864 1557 926 1583 Ἐκ-

981 1559 1042 1585 vina
1065 1557 1206 1591 Scriptura
1234 1560 1401 1590 cognoscere
1432 1552 1512 1585 licet;
1539 1555 1567 1579 et
1589 1550 1699 1586 quidem
1730 1556 1762 1576 el

135 1596 255 1628 κενοῦτε,
271 1597 412 1624 ὲκκενοῦτε
433 1599 485 1630 ἕως
506 1599 560 1627 τῶν
582 1600 714 1635 θεμελίων
733 1601 817 1636 αὐτῆς
829 1610 837 1618 ·
857 1613 865 1628 ι
881 1602 927 1629 εὕ-

136 1642 215 1677 δηλον
232 1642 286 1679 γὰρ
305 1643 346 1670 ἆτι
371 1644 444 1676 υίοὺς
464 1645 552 1681 Ἐδὼμ
575 1646 638 1679 τοὺς
659 1647 824 1682 Ἰδουμαίους
842 1648 926 1682 λέγει,

136 1687 306 1723 ἀμφοτέραις
320 1688 432 1721 ταύταις
451 1690 632 1725 καλουμένους
647 1693 706 1724 ταῖς
722 1694 927 1730 προσηγορίαις,

136 1732 176 1764 ὡς
189 1733 322 1769 πολλαχοῦ
337 1743 368 1761 τε
383 1737 415 1762 ἐκ
426 1736 476 1771 τῆς
491 1737 566 1769 θείας
585 1737 671 1765 ἔνεστι
689 1740 785 1773 μαθεῖν
799 1741 909 1776 Γραφῆς
919 1748 926 1756 ’

137 1777 185 1804 καὶ
197 1777 273 1805 οὐδὲν
286 1775 366 1814 ἧττον
379 1780 410 1806 ἐκ
433 1780 482 1816 τῆς
492 1780 547 1808 τῶν
564 1782 710 1809 Βασιλειῶν
732 1775 869 1820 ἱστοριῶν,
886 1787 927 1812 ὅτι

143 1823 274 1859 Ἀμεσίας
288 1825 405 1858 ἐπάταξε
424 1827 470 1853 τὸν
491 1827 579 1863 Ἐδὼμ
595 1829 624 1855 ἐν
644 1829 769 1866 πολέμῳ·
793 1829 853 1858 εἶτα
874 1832 928 1859 ἀπ-

139 1869 242 1896 έστειλε
267 1870 316 1906 μὲν
328 1872 397 1907 πρὸς
409 1873 455 1899 τὸν
480 1873 588 1908 Ἰσραὴλ
611 1874 733 1909 βασιλέα,
745 1876 791 1902 ἐπὶ
811 1878 928 1914 πόλεμον

138 1916 220 1943 αὐτὸν
231 1916 444 1953 ἐκκαλούμενος·
458 1918 472 1944 6
487 1919 516 1945 δὲ
535 1919 698 1955 ὑϐριστικῶς
713 1922 929 1959 ἀποκρινάμενος

139 1961 208 1996 πρὸς
222 1962 390 1998 amem-imo;
407 1965 464 1996 τοῖς
481 1963 583 1996 λοιποῖς
604 1964 650 1992 καὶ
666 1966 743 1993 τοῦτό
760 1976 841 2004 φησι·
859 1970 929 1996 «Πα-

138 2006 222 2039 τάξας
234 2007 367 2040 ἐπάταξες
378 2009 427 2044 τὴν
448 2008 599 2044 Ἰδουμαίαν
608 2019 614 2025 ·
631 2011 676 2037 καὶ
690 2012 776 2047 ἐπῆρε
791 2021 819 2039 σε
832 2015 848 2049 ὴ
863 2023 929 2050 καρ-

138 2052 184 2079 δία
200 2061 247 2080 σου
263 2055 280 2089 ή
295 2054 404 2089 βαρεῖα·
422 2064 431 2080 ι
446 2053 492 2086 οὓς
510 2055 538 2081 ἐν
559 2057 614 2087 τοῖς
637 2057 781 2093 ἀνωτέροις
799 2057 866 2086 εἶναι
882 2060 928 2087 τοῦ

146 2099 235 2133 Ἐδὼμ
257 2099 319 2135 ἔφη,
341 2100 504 2135 Ἰδουμαίους
530 2102 559 2127 ὲν
580 2101 683 2134 τούτοις
709 2103 808 2130 εἰπών·
855 2106 930 2141 Μνή-

141 2145 219 2180 σθητι
235 2145 333 2178 τοίνυν,
354 2148 430 2182 φησὶ,
445 2147 499 2174 τῶν
521 2147 687 2183 Ἰδουμαίων,
710 2150 788 2177 ὁποῖα
813 2151 844 2186 δὴ
868 2152 929 2179 καθ’

140 2191 220 2226 ἡμῶν
233 2192 423 2226 πεποιήκασιν,
436 2192 461 2219 οῖ
478 2193 523 2219 τὸν
542 2194 636 2229 καιρὸν
653 2194 702 2229 τῆς
722 2197 863 2232 συμφορᾶς
881 2198 930 2233 τῆς

979 1605 1134 1640 Regnorum
1147 1601 1224 1629 libris
1234 1599 1416 1628 historicis“.
1434 1597 1537 1631 Quarta
1555 1597 1627 1625 enim
1649 1595 1764 1622 historia

978 1651 1044 1679 dicit
1057 1651 1090 1676 ab
1112 1647 1223 1675 Amesia
1245 1653 1345 1674 caesum
1372 1644 1457 1672 fuisse
1478 1644 1505 1670 in
1529 1643 1588 1670 acie
1619 1641 1763 1672 Edomum,

978 1696 1075 1725 deinde
1090 1695 1200 1722 missam
1215 1693 1249 1721 ab
1264 1700 1298 1720 eo
1314 1691 1475 1728 legationem
1485 1689 1519 1717 ad
1536 1689 1644 1716 Israelis
1659 1694 1762 1723 regem,

978 1747 1009 1771 ut
1022 1742 1056 1770 ad
1072 1741 1194 1777 prmlium
1208 1747 1269 1767 eum
1283 1741 1463 1774 provocaret;
1498 1736 1571 1763 hunc
1595 1739 1686 1761 autem
1701 1740 1764 1760 cum

979 1789 1120 1816 stomacho
1143 1784 1318 1821 respondisse
1340 1783 1378 1810 illi
1407 1783 1478 1810 inter
1497 1785 1593 1808 caetera
1610 1788 1617 1806 :
1638 1787 1648 1804 σ
1661 1778 1766 1805 Extulit

979 1839 1006 1863 te
1021 1833 1150 1869 superbia
1176 1830 1268 1859 cordis
1281 1831 1332 1862 tui,
1361 1833 1505 1864 propterea
1520 1826 1593 1862 quod
1605 1825 1684 1852 clade
1700 1824 1766 1851 atfe-

979 1882 1049 1910 ceris
1059 1880 1213 1907 ldumaeam.
1229 1888 1237 1903 ι
1254 1876 1364 1910 Quosin
1381 1872 1567 1909 superioribus
1583 1872 1651 1900 ditit
1670 1870 1765 1897 Edomi

981 1928 1062 1959 ﬁlios.
1077 1933 1150 1953 nunc
1164 1924 1297 1952 Idumaeos
1318 1922 1384 1949 dicit
1406 1920 1533 1949 historia.
1556 1918 1649 1953 Itaque
1669 1916 1764 1948 David,

981 1974 1126 2003 Memento,
1141 1972 1189 2002 ait,
1205 1974 1306 2005 quanta
1321 1968 1429 1996 idumaei
1441 1972 1537 1994 centra
1562 1973 1611 1993 nos
1633 1964 1761 1994 fecerint,

980 2018 1025 2054 qui
1039 2016 1199 2045 calamitatis
1215 2019 1314 2042 nostrae
1325 2017 1448 2048 tempore
1469 2011 1618 2038 abusisunt
1636 2013 1766 2044 tanquam

981 2070 1046 2090 ansa
1059 2062 1090 2089 ad
1108 2069 1185 2088 suam
1197 2059 1411 2094 expromendam
1430 2056 1576 2088 malitiam;
1591 2055 1692 2090 quique
1703 2055 1768 2081 hos-

981 2107 1054 2133 tibus
1082 2104 1185 2132 nostris
1214 2104 1286 2131 vires
1309 2103 1484 2133 addiderunt,
1513 2105 1543 2128 ut
1564 2101 1721 2128 universam
1751 2106 1766 2125 a

982 2152 1165 2180 fundamentis
1177 2153 1303 2178 eruerent
1312 2150 1416 2181 urbem,
1425 2148 1546 2183 nihilque
1555 2147 1582 2174 in
1593 2154 1624 2174 ea
1633 2146 1766 2180 reliquum

981 2207 1042 2226 esse
1057 2201 1227 2233 paterentur.
1240 2196 1405 2231 Addiditque
1418 2203 1425 2221 :
1441 2203 1450 2220 ι
1463 2194 1531 2221 Filia
1555 2192 1699 2228 Babylonis
1715 2191 1767 2218 mi-

141 2235 289 2272 ἡμετέρας,
301 2237 437 2272 πρόφασιν
453 2237 503 2273 τῆς
523 2238 625 2265 ἑαυτῶν
639 2239 800 2275 ἐποιήσαντο
816 2242 926 2274 κακίας·

982 2245 1060 2272 sera!
1095 2243 1168 2270 Felix
1196 2243 1242 2277 qui
1269 2242 1364 2268 reddet
1385 2240 1434 2267 tibi
1458 2238 1665 2267 retributionem
1685 2243 1766 2271 quam

141 2280 212 2307 ὥστε
235 2283 292 2313 τοῖς
312 2281 503 2317 ὲπεληλυθόσιν
524 2283 589 2318 ἡμῖν
610 2285 809 2320 συνεπισχύειν,
830 2286 857 2312 εί
872 2296 930 2319 πως

142 2327 252 2354 ἅπασαν
265 2328 298 2354 ἐκ
314 2327 420 2363 βάθρων
434 2328 617 2356 ἀνασπάσειαν
630 2331 678 2364 τὴν
695 2331 781 2362 πόλιν,
797 2332 843 2358 καὶ
862 2333 930 2368 μηδὲ

142 2372 267 2406 λείψανον
317 2373 399 2409 αὐτῆς
418 2383 444 2401 τι
468 2375 640 2402 καταλίποιεν
661 2375 717 2402 ἐτι·
744 2377 791 2403 καὶ
812 2378 924 2413 ἐπάγει-

145 2415 288 2451 «Θυγάτηρ
297 2416 453 2449 Βαϐυλῶνος
462 2419 478 2454 ἡ
489 2418 670 2455 ταλαίπωρος,
683 2422 816 2457 μακάριος
823 2423 852 2455 ὂς
865 2425 929 2450 ἀντ-

142 2460 277 2489 αποδώσει
291 2471 331 2489 σοι
343 2463 373 2489 τὸ
389 2464 563 2501 ἀνταπόδομά
577 2474 634 2499 σου,
657 2468 694 2501 (p.
714 2467 777 2503 2H)
793 2469 807 2495 ὃ
823 2469 927 2496 ἀνταπ-

142 2507 247 2540 έδωκας
266 2509 347 2544 ἡμῖν·
371 2520 380 2536 ι
397 2511 501 2544 δεικνὺς
527 2512 568 2539 δτι
590 2512 651 2539 τότε
665 2513 696 2549 δὴ
710 2514 757 2541 καὶ
773 2515 930 2551 Ἰδουμαίοις

141 2552 213 2588 ὑπὲρ
236 2553 285 2589 τῆς
309 2555 421 2591 γνώμης
443 2557 549 2593 ἐκείνης
576 2557 670 2590 ἑπάξει
692 2559 742 2594 τὴν
767 2561 899 2596 τιμωρίαν
916 2563 930 2589 ό

142 2597 223 2630 Θεός·
236 2600 354 2636 6πηνίκα
369 2601 401 2637 δὴ
424 2602 472 2638 τὴν
490 2603 540 2638 μὲν
562 2603 737 2631 Βαϐυλωνίων
761 2608 930 2635 κατασπάσει

142 2645 312 2691 δυναστείαν.
326 2646 374 2682 τὴν
391 2647 602 2684 βασιλευομένην
616 2649 692 2676 πόλιν
711 2650 800 2678 αὐτῶν
818 2652 876 2688 ἅμα
895 2655 932 2691 τῷ

984 2290 1063 2317 nobis
1079 2289 1249 2316 retribuisti‘.
1265 2297 1273 2313 ι
1291 2286 1449 2322 signiﬁcans
1465 2284 1523 2312 fore
1538 2287 1567 2310 ut
1584 2283 1678 2311 eodem
1699 2285 1769 2308 tem-

984 2343 1048 2370 pore
1060 2334 1184 2362 ldumaeis
1197 2340 1306 2368 quoque
1322 2333 1357 2359 ob
1371 2331 1528 2366 hujusmodi
1545 2330 1668 2364 ipsorum
1690 2335 1768 2354 men-

983 2388 1037 2410 tem
1063 2390 1157 2417 poenas
1178 2382 1248 2409 Deus
1278 2381 1429 2414 imponeret
1446 2388 1452 2406 :
1468 2378 1597 2406 nimirum
1621 2383 1675 2412 quo
1698 2379 1769 2402 tem-

983 2435 1048 2464 pore
1059 2427 1130 2455 Deus
1144 2426 1355 2461 Babyloniorum
1374 2424 1517 2460 imperium
1531 2429 1679 2451 eversurus
1698 2423 1767 2452 erat,

983 2473 1140 2509 regiamque
1155 2472 1252 2499 horum
1271 2471 1364 2498 urbem
1383 2478 1444 2497 cum
1467 2476 1530 2504 rege
1547 2467 1709 2501 cunctisque
1725 2466 1768 2492 in-

983 2518 1064 2548 colis,
1082 2516 1226 2544 Persarum
1250 2515 1379 2551 potestati
1400 2514 1563 2545 traditurus,
1585 2516 1615 2539 ut
1629 2511 1663 2538 ab
1681 2511 1722 2537 his
1737 2516 1770 2536 eo

981 2562 1043 2598 jure
1057 2567 1249 2593 tractarentur,
1276 2561 1347 2596 quod
1367 2560 1418 2595 ipsi
1442 2559 1544 2594 pridem
1559 2562 1654 2585 contra
1674 2555 1770 2583 lliero-

985 2610 1089 2645 solyma
1105 2611 1283 2636 exercuerant
1302 2617 1308 2635 :
1328 2607 1462 2642 expeditis
1477 2605 1586 2633 interim
1613 2603 1771 2639 captivitate

986 2656 1118 2683 Israclitis
1131 2659 1213 2690 atque
1228 2655 1255 2681 in
1270 2654 1385 2688 patriam
1400 2651 1546 2680 restitutis.

143 2696 174 2746 ξε
190 2689 297 2746 βασιλεῖ
306 2692 443 2746 ’και-πᾶσι
454 2695 509 2746 τοῖς
522 2693 640 2721 οἰκοῦσιν
656 2694 739 2730 αὐτὴν
751 2698 886 2732 παραδοὺς
896 2703 952 2733 τοῖς
964 2703 1080 2737 Πέρσαις
1094 2700 1235 2736 (5Ξδ,‹”ἷ›στε
1251 2700 1298 2727 καὶ
1314 2699 1408 2726 παθεῖν
1420 2698 1483 2733 παρ’
1494 2696 1582 2724 αὐτῶν
1594 2695 1684 2722 ἐκεῖνα
1700 2694 1771 2728 ἆτιερ

143 2737 191 2764 "Vw
206 2737 276 2765 κατὰ
289 2738 340 2774 τῆς
359 2739 535 2778 Ἰερουσαλὴμ
551 2742 735 2770 πεποιήκεσαν
756 2743 820 2779 ἤδη·
841 2746 1007 2783 Ἰσραηλίτας
1020 2749 1047 2775 δὲ
1062 2749 1110 2784 τῆς
1127 2747 1292 2783 κατεχούσης
1305 2746 1462 2779 ἀπαλλάξας
1472 2743 1658 2781 αἰχμαλωσίας
1671 2743 1709 2774 εἷς
1721 2742 1780 2777 τὴνι

143 2784 246 2812 οίκιίαν
256 2785 348 2822 χώραν
357 2787 517 2824 ἐπαναγάγῃ
528 2789 618 2816 πάλιν.

179 2845 205 2862 ⁸⁸
233 2845 305 2875 Psal.
325 2856 438 2882 cum,
459 2849 485 2878 i.
525 2852 545 2868 "
566 2850 599 2878 IV
612 2850 678 2888 Reg.
699 2860 755 2885 xlv,
776 2851 819 2880 10.
858 2854 880 2869 ⁸³
898 2852 926 2880 Pi

981 2861 1090 2885 cuni,
1110 2856 1136 2880 ὅ.

183 2891 240 2928 (32)
257 2892 314 2922 Sub
332 2895 412 2929 Cyro.
