3844 6222
367 301 474 357 607

374 508 516 560 mala
567 510 952 578 prophetarum
1002 530 1096 570 ore
1147 532 1292 587 saepe
1341 520 1707 588 praziiixerat,
1761 525 1938 592 primo

373 593 592 662 quidem
629 599 698 652 ab
730 599 969 671 Assyriis
1003 605 1326 674 imponenda
1351 651 1366 676 ,
1407 609 1602 664 iterum
1635 629 1663 665 a
1707 612 1939 684 Babylo-

374 685 481 740 niis
498 704 623 741 cum
655 691 941 749 universus
972 693 1136 752 lsrael
1161 699 1396 768 migrare
1418 703 1594 769 patria
1611 703 1797 771 jussus
1823 715 1936 771 est;

373 785 425 830 et
449 779 576 846 quia
599 781 753 838 valde
775 825 791 848 ,
817 793 873 837 ut
923 786 1036 840 dixi
1061 829 1075 853 ,
1104 804 1200 858 per
1225 791 1277 844 id
1316 800 1531 862 tempus
1562 793 1780 849 Idumaei
1813 811 1936 849 cum

373 867 622 925 hostibus
666 886 1090 943 consenserunt,
1130 881 1258 934 dum
1301 883 1547 939 idoneam
1605 887 1744 940 nacti
1781 901 1940 940 occa-

374 959 585 1014 sionem
647 978 708 1018 se
763 967 1049 1023 crederent
1117 973 1381 1041 perdendi
1455 975 1700 1033 funditus
1750 994 1938 1032 onmes

374 1051 686 1122 quicunque
718 1054 785 1110 de
817 1057 1113 1114 Israelitica
1147 1063 1316 1130 stirpe
1343 1073 1526 1121 essent
1556 1067 1696 1137 (qua
1720 1069 1774 1121 in
1806 1084 1866 1123 re
1885 1076 1940 1123 et

372 1137 592 1197 ldumzei
639 1145 760 1199 sine
785 1146 952 1202 duhio
997 1151 1102 1206 Deo
1141 1152 1612 1222 adversabantur,
1653 1159 1743 1227 qui
1779 1157 1939 1212 Jaco-

372 1229 500 1285 bum
542 1232 766 1301 majoris
793 1245 921 1291 natu
973 1241 1256 1312 privilegio
1286 1244 1543 1314 dignatus
1573 1246 1749 1301 fuerat
1782 1247 1937 1319 142

371 1329 706 1392 cunctosque
724 1326 886 1396 hujus
907 1338 1158 1399 posteros
1180 1336 1443 1403 peculiari
1470 1353 1773 1408 magnaque
1807 1353 1938 1392 cura

371 1416 872 1487 «amplectebatur;
932 1432 985 1477 et
1055 1425 1209 1496 ipsos
1276 1427 1555 1484 lsraelitas
1613 1446 1939 1502 magnopere

373 1519 604 1561 maerere
655 1525 754 1578 par
795 1520 933 1577 erat,
973 1517 1099 1583 quia
1181 1520 1382 1585 posteri
1437 1520 1558 1588 ejus
1613 1522 1706 1590 qui
1756 1523 1938 1576 divino

372 1595 592 1651 decreto
647 1601 993 1672 primogeniti
1054 1607 1254 1662 tulerat
1317 1610 1773 1674 benedictionem,
1824 1613 1938 1666 haec

373 1690 719 1758 patiebantur
738 1695 806 1749 ab
829 1696 896 1751 iis
921 1700 1012 1766 qui
1040 1715 1162 1753 cum
1181 1715 1282 1755 suo
1319 1713 1541 1771 parente
1563 1703 1937 1758 benedictione

1489 327 1491 332 '
1533 314 1875 371 ΤΗΕοῡοΒί
1907 314 2382 374 BIOPSUESTENI

445 416 897 490 Quandoquidem
937 438 1067 496 ergo
1114 425 1258 483 Deus
1299 439 1617 499 correptura
1660 432 1927 487 Israelitas
1961 441 2012 493 Α

3516 321 3620 375 308

2120 435 2336 507 Ἐπειδὴ
2361 435 2539 488 τοίνυν
2568 434 2823 499 πολλάκις
2857 435 2943 489 διὰ
2977 435 3086 488 τῶν
3112 433 3410 506 προφητῶν
3440 435 3468 487 6
3492 435 3620 500 Θεὸς

2047 525 2114 578 τὰ
2149 526 2570 597 καταληψόμενα
2606 527 2730 588 τοὺς
2767 525 3102 596 Ἰσραηλίτας
3148 525 3250 596 ἔφη
3296 525 3458 591 κακὰ,
3489 527 3617 597 πρό-

2045 634 2202 687 τερον
2241 616 2340 686 μὲν
2377 617 2482 670 ὑπὸ
2516 617 2829 685 Ἀσσυρίων,
2879 617 2984 670 ὑπὸ
3027 615 3380 670 Βαϐυλωνίων
3414 615 3469 668 δὲ
3509 619 3619 687 μετ’

2044 709 2242 771 ἐκεῖνο,
2286 708 2367 760 ὅτι
2419 723 2478 758 τε
2532 707 2870 776 αἰχμάλωτος
2924 706 3068 769 ἅπας
3114 708 3144 759 6
3187 705 3400 776 Ἰσραὴλ
3437 705 3622 759 τοῦτον

2045 797 2420 868 ἀπαχθήσεται
2468 797 2557 850 τὸν
2607 798 2842 868 τρόπον·
2876 796 3075 867 πολλὴν
3116 795 3195 858 δὲ,
3234 795 3311 859 ὡς
3347 795 3502 866 ἔφην,
3531 795 3620 848 ἐπὶ

2043 890 2153 942 τῶν
2197 890 2403 961 καιρῶν
2443 890 2663 943 ἐκείνων
2685 890 2784 958 τὴν
2822 888 3028 942 οἰκείαν
3071 887 3408 954 ἐπεδείξαντο
3437 903 3621 958 συνερ-

2043 981 2168 1049 γίαν
2202 982 2516 1052 Ἰδουμαῖοι,
2558 981 2747 1052 καιρὸν
2802 980 3103 1050 ἐπιτήδειον
3141 979 3417 1048 εἰληφέναι
3468 977 3618 1048 νομί-

2047 1089 2236 1136 σαντες
2281 1074 2360 1135 εἰς
2396 1073 2457 1125 τὸ
2506 1072 2812 1142 πανωλεθρὶ
2843 1070 3047 1135 πάντας
3087 1070 3342 1123 ἀπολέσαι
3391 1070 3516 1132 τοὺς
3559 1070 3622 1122 ἐκ

2043 1162 2142 1231 τῆς
2201 1161 2594 1232 Ἰσραηλιτικῆς
2658 1162 3018 1232 ὡρμημένους
3075 1159 3426 1228 συγγενείας·
3482 1159 3616 1229 ὅπερ

2041 1249 2108 1324 ἦν
2140 1252 2258 1323 Θεῷ
2286 1251 2662 1322 πολεμούντων
2691 1250 2990 1321 προδήλως,
3015 1250 3074 1313 ὃς
3097 1249 3188 1302 τόν
3217 1266 3272 1302 τε
3307 1246 3499 1302 Ἰακὼϐ
3520 1247 3620 1316 τῆς

2039 1345 2150 1398 τῶν
2180 1345 2557 1414 πρωτοτοκίων
2586 1342 2816 1412 ἠξίωσεν
2850 1340 3117 1410 εὐλογίας,
3153 1341 3245 1394 καὶ
3277 1341 3490 1395 πάντων
3512 1339 3621 1390 τῶν

2044 1437 2249 1490 ἐκεῖθεν
2301 1435 2687 1503 καταγομένων
2748 1432 2948 1502 πολλήν
3017 1449 3140 1486 τινα
3197 1432 3287 1484 καὶ
3349 1431 3621 1501 ἐξαίρετον

2043 1527 2409 1598 πεποιημένος
2435 1524 2769 1579 διατετέλεκε
2785 1524 2882 1596 τὴν
2913 1523 3228 1594 ἐπιμέλειαν
3245 1540 3263 1554 ο
3305 1523 3532 1593 ἀθυμεῖν
3559 1537 3619 1574 τε

2044 1621 2136 1674 ἐπὶ
2163 1620 2370 1683 τούτοις
2394 1619 2538 1682 εἰκὸς
2575 1613 2644 1688 ῆν
2681 1618 2808 1680 τοὺς
2846 1615 3202 1686 Ἰσραηλίτας,
3233 1614 3282 1666 εἰ
3312 1615 3375 1666 ἐκ
3407 1613 3499 1666 τοῦ
3521 1614 3620 1684 τὴν

2043 1712 2290 1779 εὐλογίαν
2322 1711 2429 1764 τῶν
2465 1707 2844 1780 πρωτοτοκίων
2882 1707 3023 1760 κατὰ
3071 1705 3220 1758 θείαν
3253 1703 3618 1775 κομισαμένου

371 1781 556 1835 divina
611 1785 970 1856 exciderant),
1016 1792 1086 1844 ob
1143 1792 1276 1856 haic,
1319 1795 1563 1863 inquam,
1626 1795 1936 1850 necessario

2044 1803 2212 1872 ψῆφον
2245 1802 2624 1872 καταγόμενοι,
2660 1799 2735 1871 (p.
2756 1799 2884 1867 215)
2927 1796 3151 1851 τοιαῦτα
3194 1797 3449 1865 πάσχοιεν
3474 1795 3621 1864 παρὰ

372 1869 516 1927 Deus
568 1874 786 1929 beatum
832 1878 1150 1947 prophetam
1204 1883 1460 1938 excitavit
1518 1885 1784 1950 Abdiam,
1839 1887 1932 1955 qui

372 1965 631 2019 universo
663 1982 762 2022 suo
785 1970 1046 2025 vaticinio
1077 1981 1396 2027 eventuram
1428 1973 1679 2029 idumaeis
1717 1991 1930 2044 ptenam

372 2053 724 2123 signiﬁcaret,
764 2071 890 2111 cum
942 2058 1051 2114 Deo
1090 2061 1389 2131 aliquando
1432 2065 1609 2118 visum
1662 2064 1800 2118 foret
1846 2081 1934 2120 res

371 2141 740 2202 lsraelitarum
774 2150 829 2202 in
859 2151 1148 2220 pristinam
1178 2156 1597 2225 prosperitatem
1633 2156 1932 2224 vindicare;

371 2255 400 2292 a
446 2242 669 2296 servitio
716 2243 926 2298 scilicet
980 2245 1255 2315 expedire,
1304 2264 1526 2318 suaaque
1569 2250 1759 2318 patria:
1814 2251 1936 2305 red-

370 2333 522 2395 dere,
581 2341 639 2386 ut
705 2333 1078 2408 Hierosolyma
1134 2338 1506 2395 instaurarent
1565 2343 1936 2412 templumque

372 2423 658 2479 reficerent
684 2443 696 2479 :
735 2427 790 2480 in
823 2443 934 2496 quo
964 2433 1202 2484 maxime
1234 2432 1464 2487 decebat
1489 2434 1690 2487 iterum
1711 2449 1936 2504 congre-

372 2515 488 2584 gari
523 2530 639 2578 eos,
681 2525 740 2570 ut
781 2518 855 2572 ibi
890 2521 1147 2589 legitimis
1188 2539 1318 2593 erga
1359 2523 1528 2578 Deum
1582 2525 1937 2595 religionibus

371 2617 750 2675 operarentur.
787 2608 852 2662 Et
883 2611 1099 2679 quidem
1137 2629 1284 2668 nunc
1313 2614 1457 2669 haud
1485 2615 1683 2686 exiguo
1709 2630 1940 2670 mceren-

373 2699 522 2754 tibus
570 2701 767 2755 solatio
834 2710 953 2757 erat
1017 2703 1213 2759 horum
1283 2716 1574 2760 eventuum
1626 2707 1936 2776 praedictio;

374 2800 490 2844 tum
518 2807 650 2847 vero
703 2803 826 2863 post
861 2795 1244 2851 vaticiniorum
1295 2797 1503 2852 exitum
1548 2801 1721 2854 multo
1765 2802 1939 2870 magis

373 2880 632 2936 credituri
672 2892 866 2944 erant,
894 2885 1009 2939 haec
1041 2886 1170 2940 olim
1207 2885 1299 2941 Dei
1337 2889 1615 2943 voluntate
1646 2890 1900 2960 praedicta
1923 2934 1938 2955 ,

372 2984 426 3026 et
469 2973 666 3030 deinde
707 2976 873 3032 verba
934 2978 991 3032 in
1044 2993 1156 3032 rem
1204 2979 1402 3033 collata
1451 2979 1638 3036 fuisse.
1683 2981 1814 3048 Quae
1853 2999 1940 3039 res

375 3072 605 3134 utraque
648 3068 1038 3137 comprobahat
1073 3068 1167 3124 Dei
1199 3086 1330 3140 erga
1371 3087 1467 3126 eos
1499 3075 1894 3142 providentiam
1923 3097 1936 3146 ;

372 3157 743 3228 certioresque
775 3161 995 3215 eosdem
1025 3159 1260 3215 faciebat
1281 3201 1296 3224 ,
1328 3163 1443 3218 haec
1468 3180 1501 3217 ο
1541 3164 1648 3220 Deo
1678 3169 1935 3223 vaticinia

2039 1895 2143 1947 τῶν
2182 1896 2244 1947 ἐκ
2285 1893 2378 1945 τοῦ
2424 1892 2761 1962 προπάτορος
2801 1890 3000 1942 οἰκείου
3039 1888 3137 1957 τῆς
3177 1887 3434 1954 εὐλογίας
3486 1887 3615 1938 ἀπο-

2036 1980 2338 2050 ϐληθέντων
2363 1979 2461 2049 τῆς
2501 1979 2648 2042 Θείας
2667 1996 2680 2008 ο
2710 1979 3025 2048 ἀναγκαίως
3063 1976 3156 2030 τὸν
3193 1976 3459 2046 μακάριον
3486 1991 3617 2044 προ-

2037 2074 2211 2143 φήτην
2251 2071 2460 2124 Ἀϐδίαν
2510 2070 2600 2122 ἐπὶ
2645 2069 2817 2139 τούτῳ
2862 2069 3150 2138 κεκίνηκεν
3185 2068 3214 2119 6
3239 2066 3391 2130 Θεὸς,
3431 2066 3508 2128 ὡς
3555 2064 3619 2118 ἂν

2035 2163 2122 2218 διὰ
2165 2164 2345 2234 πάσης
2385 2161 2548 2216 αὑτοῦ
2587 2161 2688 2229 τῆς
2725 2161 3077 2232 προρρήσεως
3109 2159 3208 2229 τὴν
3233 2155 3616 2227 καταληψομέ-

2035 2273 2132 2326 νην
2165 2254 2491 2324 Ἰδουμαίους
2524 2253 2812 2324 μηνύσειεν
2843 2251 3110 2323 τιμωρίαν
3128 2269 3142 2282 ο
3170 2251 3404 2321 ὁπηνίκα
3427 2250 3494 2304 ἂν
3522 2250 3610 2302 ἐπὶ

2036 2349 2096 2402 τὸ
2148 2350 2390 2419 κρεῖττον
2452 2347 2776 2416 μεταγαγεῖν
2839 2344 2909 2397 τὰ
2951 2344 3296 2415 Ἰσραηλιτῶν
3346 2343 3615 2416 δοκιμάσῃ

2037 2441 2187 2505 Θεὸς,
2212 2437 2570 2507 ἐπαναγαγὼν
2588 2455 2646 2490 τε
2680 2437 2876 2500 αὐτοὺς
2901 2438 2964 2490 ἐκ
3003 2438 3100 2506 τῆς
3125 2436 3502 2506 αἰχμαλωσίας
3525 2435 3614 2489 καὶ

2036 2537 2102 2604 τῇ
2138 2532 2289 2604 χώρα
2320 2531 2482 2586 πάλιν
2526 2529 2809 2592 ἀποδιδοὺς
2849 2531 2915 2598 τῇ
2965 2527 3159 2597 οἰκείᾳ,
3206 2526 3346 2580 ὥστε
3389 2527 3488 2580 καὶ
3524 2526 3619 2596 τήν

2047 2623 2398 2696 Ἰερουσαλὴμ
2439 2621 2875 2691 ἀνοικοδομῆσαι,
2918 2620 3012 2673 καὶ
3056 2620 3146 2672 τὸν
3195 2618 3322 2672 ναὸν
3373 2619 3434 2670 ἐν
3483 2618 3615 2688 αύτῇ

2039 2715 2463 2777 κατασκευάσαι,
2510 2715 2569 2766 ἐν
2616 2709 2661 2780 ᾧ
2705 2711 2769 2782 δὴ
2817 2710 3049 2783 μάλιστα
3103 2708 3379 2779 προσῆκεν
3425 2708 3619 2771 αὐτοὺς

2041 2807 2276 2861 συνιέναι
2328 2806 2522 2867 πάλιν,
2580 2805 2678 2874 τὴν
2733 2803 3079 2874 καθήκουσαν
3130 2803 3194 2854 ἐκ
3240 2801 3338 2870 τῆς
3391 2801 3617 2870 νομικῆς

2038 2898 2329 2965 διατάξεως
2361 2894 2811 2967 ἀποπληροῦντας
2835 2893 3022 2946 αὐτόθι
3055 2890 3131 2962 τῷ
3164 2890 3281 2961 Θεῷ
3303 2890 3620 2961 θρησκείαν

2041 2989 2134 3044 νῦν
2163 3008 2222 3043 τε
2263 2989 2369 3058 γὰρ
2398 2989 2458 3040 ού
2504 2985 2705 3058 μικράν
2735 2987 2769 3054 ἡ
2804 2985 3010 3039 τούτων
3053 2986 3282 3054 μήνυσις
3318 2982 3419 3052 τὴν
3449 2983 3617 3052 ψυχασ

2042 3082 2245 3151 γωγίαν
2285 3079 2572 3150 παρείχετο
2617 3080 2728 3140 τοῖς
2773 3076 3176 3147 ἀδικουμένοις’
3217 3073 3311 3128 καὶ
3349 3073 3491 3141 μετά
3523 3073 3616 3142 τήν

2039 3175 2146 3229 τῶν
2199 3171 2537 3243 μηνυθέντων
2586 3169 2842 3230 ἔκϐασιν,
2891 3168 2970 3220 έτι
3007 3166 3203 3237 μᾶλλον
3239 3163 3518 3217 ἐπείθοντο
3559 3163 3617 3214 τὸ

375 3247 546 3304 fuisse
581 3251 729 3305 edita
777 3251 958 3322 gentis
1003 3253 1199 3322 gratia,
1237 3254 1305 3308 de
1351 3255 1510 3324 cujus
1564 3259 1936 3318 incolumitate

2044 3264 2232 3334 γνώμῃ
2254 3261 2389 3314 Θεοῦ
2413 3259 2576 3314 πάλαι
2618 3276 2677 3310 τε
2723 3258 2889 3312 ταῦτα
2921 3255 3169 3328 εἰρῆσθαι
3191 3272 3206 3284 ·
3237 3254 3331 3307 καὶ
3368 3253 3507 3325 πρὸς
3531 3252 3616 3322 ἐρ-

373 3355 645 3410 magnam,
680 3351 739 3398 ut
767 3358 910 3413 saepe
937 3345 1067 3408 dixi,
1105 3361 1292 3399 curam
1322 3349 1562 3416 gerebat.

2044 3372 2136 3424 γον
2179 3353 2402 3423 ὕστερον
2454 3349 2830 3419 ἐκϐεϐηκέναι,
2878 3348 3020 3417 άπερ
3058 3343 3125 3418 ἦν
3165 3346 3333 3415 ἄμφω
3363 3345 3463 3414 τῆς
3495 3345 3615 3414 περί

371 3431 566 3495 αὐτοὺς
593 3432 912 3504 κηδεμονίας
944 3434 1158 3506 ἔλεγχος
1186 3437 1278 3489 τοῦ
1313 3438 1448 3491 Θεοῦ
1467 3457 1484 3475 ο
1510 3440 1648 3494 ὥστε
1678 3443 1778 3498 ούκ
1813 3447 2005 3518 ἄδηλον
2033 3441 2169 3500 εἶναι
2199 3445 2280 3496 ὅτι
2305 3439 2614 3512 προμηθείᾳ
2639 3439 2732 3493 τοῦ
2762 3437 2890 3492 λαοῦ
2913 3439 3006 3492 καὶ
3032 3437 3233 3506 ταύτην
3261 3437 3496 3487 ἐποιεῖτο
3521 3434 3612 3504 τὴν

375 3527 636 3597 μήνυσιν·
676 3522 738 3582 οῦ
780 3528 843 3598 δὴ
878 3529 1074 3600 πολλὴν
1105 3532 1246 3602 ὑπὲρ
1282 3537 1379 3604 τῆς
1412 3539 1702 3608 σωτηρίας,
1742 3541 1816 3605 ὡς
1851 3543 2107 3605 πολλάκις
2134 3540 2286 3610 ἔφην,
2323 3538 2556 3590 ἐποιεῖτο
2587 3535 2684 3606 τὴν
2713 3534 3027 3605 ἐπιμέλειαν
3055 3535 3083 3585 6
3115 3531 3269 3594 Θεός.

445 3619 612 3677 Vens.
640 3623 690 3676 l.
715 3651 785 3662 -——
805 3641 824 3674 ι
859 3622 1010 3679 Visio
1038 3626 1245 3681 Abdiae.
1281 3648 1299 3680 ι
1320 3627 1466 3684 Nihil
1493 3629 1659 3701 hujus
1682 3637 1934 3691 vocabuli

373 3713 456 3770 vis
483 3713 661 3769 differt
689 3729 718 3768 a
749 3714 987 3771 dictione
1028 3736 1041 3772 :
1089 3737 1108 3770 ‹
1143 3720 1336 3774 Sermo
1373 3720 1607 3777 Domini.
1650 3744 1670 3776 ι
1728 3726 1937 3797 Quippe

373 3820 681 3860 sermonem
731 3805 1014 3878 Scriptura
1065 3811 1300 3880 appellat
1343 3827 1464 3868 eam
1511 3816 1809 3886 virtutem,
1843 3835 1938 3888 per

372 3911 534 3967 quam
577 3899 805 3967 Spiritali
845 3915 1070 3956 munere
1113 3904 1362 3958 notitiam
1399 3921 1582 3962 rerum
1626 3908 1935 3966 futurarum

374 3990 651 4058 propheta:
690 3993 1056 4060 excipiebant.
1100 3993 1381 4050 Visionem
1427 3998 1638 4056 scilicet
1667 4001 1802 4056 dicit
1839 4018 1938 4073 pro

373 4079 555 4133 divina
598 4081 929 4136 revelatione
949 4122 963 4145 ,
995 4084 1154 4152 cujus
1183 4100 1286 4156 ope
1321 4086 1429 4141 illis
1461 4090 1804 4160 contingebat
1831 4130 1846 4153 ,
1880 4099 1940 4146 ut

377 4186 700 4226 arcanorum
737 4175 1021 4228 scientiam
1051 4190 1534 4247 consequerentur.
1568 4179 1701 4234 Nam
1732 4184 1858 4252 quia
1883 4190 1938 4238 et

379 4263 618 4318 theorias
644 4265 909 4335 quasdam
943 4266 1389 4322 inenarrabiliter
1417 4270 1649 4339 spiritali
1687 4287 1850 4342 opera
1879 4273 1933 4327 in

378 4355 613 4408 animam
645 4356 994 4426 excipiebant
1032 4359 1343 4428 prophetae,
1384 4368 1495 4414 tum
1530 4361 1692 4415 etiam
1732 4363 1934 4417 doctri-

377 4459 502 4499 nam
541 4444 842 4499 futurarum
869 4461 1048 4500 rerum
1079 4456 1338 4518 tanquam
1363 4450 1432 4503 ab
1470 4450 1652 4520 aliquo
1686 4451 1938 4520 loquente

2111 3635 2256 3703 Στίχ.
2286 3639 2354 3685 α’.
2391 3659 2460 3669 -—
2497 3649 2515 3680 ι
2557 3629 2784 3700 ’Όρασις
2826 3626 3058 3681 ’Λϐδιοῦ.
3097 3647 3114 3678 ι
3145 3627 3311 3680 Οὐδὲν
3348 3626 3494 3680 κατά
3523 3625 3613 3696 τὴν

2039 3725 2263 3794 δύναμιν
2312 3720 2615 3776 διαλλάττει
2673 3718 2848 3784 τοῦτο,
2903 3720 2977 3788 (p.
3035 3719 3161 3790 216)
3215 3720 3331 3785 τοῦ,
3377 3738 3400 3772 ι
3449 3720 3614 3786 Λόγος

2041 3816 2271 3886 Κυρίουρ
2319 3833 2337 3865 ι
2377 3813 2547 3880 Λόγον
2573 3812 2678 3882 γάρ
2715 3829 2773 3864 τε
2806 3811 3009 3879 Κυρίου
3054 3812 3152 3881 τὴν
3190 3813 3470 3884 ἐνέργειαν
3505 3811 3613 3863 ὀνο-

2047 3906 2207 3979 μάζει
2236 3903 2328 3957 τοῦ
2352 3903 2528 3964 Θεοῦ,
2554 3903 2674 3956 καθ’
2717 3903 2784 3972 ἢν
2816 3905 2881 3973 τῇ
2928 3906 3266 3973 πνευματικῇ
3312 3905 3494 3973 χάριτι
3519 3903 3612 3962 τάς

2043 3997 2407 4066 ἀποκαλύψεις
2451 3997 2500 4048 οἱ
2549 3996 2817 4065 προφῆται
2859 3993 2967 4046 τῶν
3023 3995 3293 4064 ἐσομένων
3344 3994 3608 4063 ἐδέχοντο’

2043 4089 2134 4141 καὶ
2171 4089 2356 4158 ὅρασιν
2384 4085 2443 4137 τὸ
2489 4083 2622 4136 αὐτὸ
2657 4083 2718 4152 δὴ
2753 4081 2910 4134 τοῦτο
2952 4083 3104 4135 καλεῖ
3150 4086 3248 4154 τὴν
3277 4083 3612 4150 ἀποκάλυψιν

2039 4180 2138 4250 τὴν
2177 4177 2345 4241 θείαν,
2401 4176 2522 4229 καθ’
2569 4174 2636 4244 ἣν
2679 4174 2896 4240 ἐγένετο
2939 4175 3121 4237 αὐτοῖς
3147 4174 3254 4228 τῶν
3282 4175 3491 4245 ἀδήλων
3531 4172 3612 4225 δέ-

2041 4270 2226 4342 χεσθαι
2265 4269 2361 4339 τὴν
2399 4267 2632 4336 γνῶσιν·
2669 4264 2854 4336 ἐπειδὴ
2893 4265 2998 4333 γὰρ
3045 4267 3136 4318 καὶ
3185 4265 3415 4337 θεωρίας
3462 4264 3606 4326 τινὰς

2041 4364 2364 4436 ἀπορῤήτως
2403 4360 2492 4414 διὰ
2527 4361 2625 4431 τῆς
2654 4359 3025 4428 πνευματικῆς
3066 4359 3338 4429 ἐνεργείας
3380 4359 3471 4410 ἐπὶ
3509 4357 3602 4425 τῆς

2040 4455 2218 4526 ψυχῆς
2264 4453 2506 4524 ἐδέχοντο
2550 4451 2648 4522 τῆς
2696 4450 2902 4512 οἰκείας
2949 4451 2998 4502 οἱ
3049 4451 3340 4519 προφῆται,
3369 4449 3462 4502 καὶ
3509 4450 3601 4518 τὴν

377 4535 691 4602 audiebant,
743 4553 842 4606 pro
885 4538 1062 4592 sancti
1115 4537 1355 4608 Spiritus
1385 4550 1577 4609 agente
1619 4542 1672 4595 in
1714 4542 1778 4597 iis
1822 4544 1935 4597 vir-

2044 4545 2379 4600 διδασκαλίαν
2402 4542 2508 4597 τῶν
2535 4543 2806 4612 ἐρομένων
2849 4539 2924 4602 ὡς
2959 4542 3108 4611 παρά
3147 4557 3289 4603 τινος
3331 4539 3605 4600 λαλοῦντος

375 4636 529 4696 tute;
558 4628 762 4686 idcirco
789 4638 843 4683 et
871 4630 1137 4686 visionem
1162 4632 1298 4687 dicit
1330 4633 1612 4702 Scriptura
1647 4643 1701 4690 et
1727 4651 1938 4691 sermo-

377 4733 499 4773 nem
524 4717 736 4777 Domini
760 4737 776 4788 ;
803 4720 913 4778 imo
931 4721 1117 4784 etiam,
1144 4728 1205 4775 ut
1234 4720 1364 4776 mihi
1388 4723 1624 4788 videtur,
1648 4725 1889 4780 auditum
1919 4743 1932 4778 :

374 4819 664 4880 propterea
686 4810 832 4880 quod
867 4810 1023 4883 143
1078 4813 1343 4882 spiritalis
1367 4813 1634 4870 doctrinm
1665 4818 1934 4883 notitiam,

375 4900 669 4956 auditionis
710 4902 1000 4971 cujusdam
1055 4903 1272 4972 instar,
1351 4906 1704 4976 recipiebant.
1759 4909 1938 4976 Quare

376 4990 568 5044 beatus
595 5005 812 5060 quoque
846 4990 1014 5048 Isaias
1045 4995 1310 5064 propheta
1339 4997 1416 5049 ait
1448 5013 1462 5048 :
1503 5016 1521 5048 ι
1550 5002 1939 5073 nomine,qttis

377 5080 610 5135 credidit
645 5081 854 5135 auditui
885 5091 1076 5138 nostro
1106 5084 1191 5142 9'?
1228 5105 1249 5137 ι
1291 5102 1488 5157 nempe
1516 5091 1721 5143 notitiae
1753 5105 1937 5144 rerum

377 5173 536 5229 nobis
595 5171 1116 5239 demonstratarum,
1172 5183 1226 5230 et
1266 5193 1406 5246 quas
1445 5179 1711 5236 divinitus
1759 5180 1936 5235 edocti

377 5280 587 5320 smnus.
617 5265 1145 5321 Convenientissime
1176 5267 1304 5322 item
1345 5270 1539 5325 beatus
1571 5270 1776 5328 Paulus
1796 5272 1940 5326 hanc

377 5355 639 5412 divinitus
677 5356 904 5426 protulit
927 5357 1320 5425 llocutionem:
1367 5377 1385 5410 ι
1427 5359 1586 5417 Fides
1615 5378 1680 5416 ex
1725 5363 1936 5428 auditu,

377 5445 599 5502 auditus
649 5454 829 5502 autem
874 5461 968 5520 per
1010 5449 1237 5506 verbum
1278 5449 1371 5503 Dei
1418 5450 1506 5505 “z
1547 5470 1566 5503 ι
1609 5452 1934 5522 signiﬁcans

378 5536 523 5593 haud
569 5537 728 5595 aliter
770 5537 1020 5595 accidere
1071 5553 1234 5610 posse
1279 5542 1558 5612 prophetis
1606 5545 1938 5602 auditionem

449 5718 495 5756 ⁸³
532 5717 635 5778 lia.
674 5735 790 5786 un,
833 5723 877 5777 l.
957 5722 997 5754 "‘
1031 5719 1185 5776 Horn.
1230 5737 1282 5785 ι,
1329 5722 1408 5779 Π.

2043 4640 2334 4708 ὑπήκουον,
2389 4634 2530 4688 κατά
2567 4634 2666 4705 τὴν
2715 4633 3068 4702 ἐγγινομένην
3109 4633 3289 4694 αὐτοῖς
3337 4632 3608 4699 ἐνέργειαν

2044 4730 2148 4785 ὑπὸ
2179 4729 2272 4782 τοῦ
2301 4727 2612 4798 Πνεύματος
2641 4727 2734 4780 τοῦ
2763 4725 2918 4794 ἁγίου
2938 4742 2952 4755 '
2982 4725 3068 4778 διὰ
3109 4725 3266 4778 τοῦτο
3306 4726 3397 4778 καὶ
3427 4726 3607 4794 ὅρασιν

2043 4820 2175 4874 αὐτὸ
2205 4819 2300 4872 καὶ
2325 4819 2478 4887 λόγον
2508 4817 2713 4888 Κυρίου
2741 4816 2923 4870 καλεῖ’
2955 4815 3048 4868 καὶ
3073 4815 3239 4887 ἀκοὴν
3268 4815 3324 4868 δέ
3346 4816 3420 4879 ὡς
3445 4815 3605 4881 εἰκὸς,

2044 4908 2139 4962 ἅτε
2169 4910 2266 4978 τῆς
2295 4907 2666 4977 πνευματικῆς
2705 4905 3068 4970 διδασκαλίας,
3095 4904 3280 4976 ὥσπερ
3318 4906 3451 4976 ἀκοῇ
3486 4921 3602 4967 τινι,

2043 4999 2342 5070 δεχομένων
2370 4998 2466 5070 τὴν
2495 4997 2694 5066 γνῶσιν
2715 5013 2728 5026 ·
2757 4996 2878 5050 ὅθεν
2903 4997 2994 5049 καὶ
3023 4999 3050 5048 6
3085 4995 3347 5068 μακάριος
3385 4996 3603 5058 Ἡσαΐας

2044 5091 2072 5142 6
2142 5093 2422 5166 προφήτης
2465 5093 2634 5165 φησί’
2683 5112 2702 5145 ι
2748 5091 2920 5164 Κύριε
2945 5125 2966 5159 ,
2997 5090 3078 5151 τίς
3095 5089 3376 5142 ἐπίστευσε
3392 5092 3455 5158 τῇ
3473 5090 3599 5157 ἀκοῇ

2044 5180 2233 5249 ὴμῶν;
2258 5199 2276 5229 ι
2303 5179 2388 5230 ἵνα
2409 5178 2556 5247 εἴπῃ,
2584 5180 2650 5249 τῇ
2682 5179 2877 5247 γνώσει
2892 5180 2997 5231 τῶν
3019 5179 3332 5249 δειχθέντων
3349 5184 3498 5251 ἡμῖν,
3517 5179 3602 5232 καὶ

2045 5264 2119 5325 ὧν
2151 5269 2501 5340 ἐδιδάχθημεν
2528 5270 2730 5322 θειόθεν
2751 5288 2764 5300 ·
2810 5270 3201 5324 ἀκολουθότατα
3234 5271 3288 5324 δέ
3333 5273 3421 5326 καὶ
3454 5273 3480 5322 ὀ
3507 5286 3599 5340 μα-

2045 5360 2234 5432 κάριος
2267 5357 2472 5421 Παῦλος
2499 5358 2702 5430 ταύτην
2739 5376 2796 5413 τε
2830 5359 3022 5422 θεῖκῶς
3051 5359 3147 5428 τὴν
3193 5359 3372 5430 φωνὴν
3401 5360 3601 5428 ἐπήγαο

2043 5469 2158 5521 γεν·
2205 5474 2224 5508 ι
2262 5453 2406 5530 ’Ἄρα
2441 5449 2476 5518 ἡ
2508 5449 2687 5517 πίστις
2728 5450 2786 5517 ἐξ
2817 5453 3011 5526 ἀκοῆς,
3056 5449 3160 5518 ήδέ
3177 5449 3310 5519 ἀκοὴ
3335 5447 3418 5502 διὰ
3433 5450 3599 5518 ῥήμα-

2045 5561 2134 5607 τος
2164 5541 2296 5598 Θεοῦ
2314 5560 2359 5596 ἰ
2401 5542 2612 5607 δεικνὺς
2643 5542 2724 5596 ὅτι
2751 5541 2850 5596 οὐκ
2872 5540 3044 5602 ἄλλως
3070 5537 3291 5595 δυνατὸν
3316 5537 3411 5609 τὴν
3429 5533 3596 5591 τοιού-
