3844 6222
197 323 304 381 509

1406 328 1952 386 COMMENTARIUS
1976 331 2039 383 ΙΝ
2065 323 2341 386 ABDIAM.

3312 326 3417 381 310

194 460 292 511 την
323 439 491 512 ἀκοὴν
539 443 918 513 προσγίνεσθαι
954 446 1064 509 τοῖς
1116 445 1439 517 προφήταις,
1470 444 1583 497 ἀλλ’
1613 444 1646 514 ἦ
1684 443 1771 496 διὰ

1892 445 2207 512 iujusmodi,
2250 446 2361 501 nisi
2408 459 2439 498 a
2492 441 2668 499 sancti
2726 441 2927 496 virtute
2982 438 3240 510 Spiritus.
3297 440 3439 494 Tum

199 535 293 603 τῆς
320 532 414 586 τοῦ
445 534 601 601 ἁγίου
630 535 939 605 Πνεύματος
969 536 1274 607 ἐνεργείας·
1300 535 1392 587 καὶ
1432 537 1462 589 ὁ
1506 535 1772 606 μακάριος

198 626 253 679 δέ
283 641 413 695 φησι
435 626 632 678 Δαυῖδσ
699 644 716 676 ι
766 623 945 677 Κλινῶ
993 624 1071 685 είς
1127 626 1439 698 παραϐολὴν
1454 622 1619 689 τὸοῦς
1645 643 1770 696 μου,

199 716 391 781 ἁνοίξω
419 719 475 769 ἐν
502 716 784 787 ψαλτηρίῳ
819 716 880 770 τὸ
912 716 1199 787 πρόσλημά
1229 711 1495 787 μου-»ἶνα
1511 717 1660 790 εἴπῃ,
1694 719 1773 770 ὄτι

211 807 463 871 ’Υποθεὶς
490 809 590 879 τὴν
631 808 794 878 ἀκοὴν
822 808 914 861 καὶ
963 807 1251 876 δεξάμενος
1279 807 1481 860 θειόθεν
1510 808 1605 880 τὴν
1636 809 1770 877 γνῶ-

202 916 303 961 σιν,
335 899 754 969 διαπορθμεύσω
785 902 896 962 τοῖς
927 899 1226 969 ἀνθρώποις
1257 898 1364 950 τῶν
1395 901 1774 970 προσηκόντων

201 991 295 1060 τὴν
323 989 687 1043 διδασκαλίαν·
720 988 994 1043 κάνταῦθα
1018 989 1193 1043 τοίνυν
1217 990 1403 1061 ἐπειδὴ
1429 988 1579 1045 εἶπεν
1608 992 1776 1062 ’Ὁρα-

202 1097 283 1143 σις
319 1080 549 1144 Ἀϐδιοῦ,
590 1081 669 1152 (p.
712 1081 836 1151 217)
865 1081 893 1134 ὃ
926 1082 1213 1152 προγραφή
1260 1099 1345 1145 τις
1383 1084 1774 1154 παραπλησίως

200 1174 308 1236 τοῖς
333 1172 535 1235 λοιποῖς
563 1168 631 1243 ἦν
662 1172 755 1226 τοῦ
798 1173 999 1242 βιϐλίου
1031 1173 1258 1244 δήλωσιν
1306 1173 1520 1244 ἔχοντος
1571 1170 1775 1239 οὗτινος

200 1255 266 1328 ἦν
286 1259 357 1312 τὰ
386 1258 672 1329 λεγόμενα,
704 1261 849 1323 ὅπως
877 1278 935 1313 τε
966 1260 1058 1313 τοῦ
1100 1260 1324 1314 τοιαῦτα
1349 1262 1524 1330 λέγειν
1549 1264 1775 1335 δύναμιν

198 1349 506 1421 είληφότος,
556 1350 781 1422 ἄρχεται
827 1352 936 1404 τῶν
985 1351 1087 1422 τῆς
1130 1353 1463 1424 προφητείας
1516 1358 1775 1426 ῥημάτων

200 1440 392 1505 οὕτως’

280 1549 298 1582 ι
344 1530 481 1585 Τάδε
516 1531 663 1600 λέγει
692 1533 894 1605 Κύριος
926 1536 953 1587 ὁ
983 1534 1115 1599 Θεὸς
1145 1540 1212 1608 τῇ
1258 1537 1549 1609 Ἰδουμαίᾳ.
1606 1558 1624 1590 ι
1676 1540 1775 1610 Δη-

204 1621 312 1673 λῶν
343 1623 469 1694 περὶ
495 1616 569 1676 ὧν
590 1626 623 1694 ἡ
646 1626 948 1696 προφητεία
980 1627 1241 1694 γίγνεται.
1280 1648 1299 1678 ι
1348 1630 1539 1701 Ἀκοὴν
1569 1630 1776 1700 ἤκουσα

208 1712 358 1783 παρά
396 1714 487 1768 τοῦ
534 1714 755 1787 Κυρίου.
800 1736 817 1763 ι
858 1716 977 1771 Τῶν
1011 1718 1067 1769 δὲ
1101 1720 1394 1789 ἐσομένων,
1427 1722 1581 1793 φησὶ,
1640 1722 1776 1776 κατά

1872 539 2037 590 etiam
2069 538 2262 595 beatus
2294 538 2461 592 David
2493 537 2568 591 ait
2605 555 2619 590 :
2659 533 2983 588 «inclinabo
3015 532 3081 586 ad
3120 531 3439 602 parabolam

1874 643 2059 682 aurem
2105 644 2302 694 meam,
2335 628 2575 699 aperiam
2606 628 2659 680 in
2683 626 2944 696 psalterio
3009 622 3439 693 propositionem

1877 734 2049 773 meam
2094 720 2138 750 ⁸⁸
2176 714 2664 788 :mempe,Quam
2712 732 2845 770 aure
2903 714 3130 785 praebita
3174 711 3441 767 divinitus

1876 811 2111 865 hausere
2149 811 2537 880 cognitionem,
2577 824 2697 864 eam
2748 821 2878 862 mox
2926 806 2994 859 ad
3031 805 3282 859 homines
3314 817 3445 871 per-

1877 902 2066 968 feram,
2094 912 2152 957 ut
2180 902 2479 956 ciliciorum
2516 902 2608 955 fiat
2637 901 2949 969 disciplina.
2978 897 3149 967 igitur
3183 897 3329 967 quod
3357 897 3443 949 hic

1877 994 2078 1048 dicitur
2104 992 2287 1049 (Visio
2311 992 2520 1056 Abdiaa,
2556 1010 2576 1044 ι
2605 992 2653 1046 is
2682 998 2765 1045 est
2792 988 3016 1059 quidam
3045 988 3129 1059 (ut
3149 988 3207 1041 in
3230 986 3445 1040 caeteris

1876 1085 2156 1155 prophetis
2192 1083 2474 1153 usuvenit)
2516 1082 2707 1135 titulus
2747 1082 2911 1144 libri,
2951 1078 3046 1148 qui
3088 1092 3287 1132 nomen
3325 1075 3446 1145 ejus

1880 1192 1991 1246 pra:
2030 1191 2088 1231 se
2122 1175 2225 1229 fert
2264 1190 2293 1227 a
2336 1189 2445 1244 quo
2482 1173 2589 1228 ista
2624 1172 2918 1235 dicuntur,
2955 1170 3229 1238 simulque
3267 1167 3445 1221 innuit

1876 1282 2112 1337 quanam
2156 1272 2347 1320 auctOr
2395 1266 2595 1318 virtute
2640 1262 2898 1331 loquendi
2947 1261 3211 1324 imbutus,
3247 1260 3445 1313 verbo-

1879 1374 1999 1412 rum
2034 1357 2475 1427 propbeticorum
2508 1357 2609 1408 hoc
2637 1355 2850 1407 initium
2882 1352 3083 1407 faciat:

1955 1554 1970 1583 ι
2012 1532 2134 1587 llaec
2183 1532 2319 1587 dicit
2363 1532 2626 1585 Dominus
2662 1530 2806 1586 Deus
2846 1528 3114 1583 Idumam.
3165 1547 3183 1578 ι
3225 1526 3444 1597 Signifi-

1879 1634 2076 1679 cantur
2119 1625 2174 1688 ii,
2228 1625 2297 1680 de
2337 1624 2540 1694 quibus
2586 1624 2872 1693 prophetia
2916 1622 2995 1676 fit.
3033 1641 3051 1672 ι
3100 1622 3445 1676 Auditionem

1880 1717 2060 1771 audivi
2113 1733 2142 1769 a
2194 1716 2444 1771 Domino.
2508 1736 2527 1768 ι
2586 1715 2858 1770 Adversus
2941 1714 3188 1768 Idumam
3245 1730 3444 1773 casus,

205 1782 309 1875 τὴν
345 1782 642 1876 Ἰδουμαίαν
660 1807 867 1879 ἀδήλων
890 1810 986 1878 μὲν
997 1809 1163 1862 ὄντων
1180 1782 1276 1863 ἀνθ
1286 1782 1504 1881 ρώποις,
1528 1782 1664 1883 μετὰ
1680 1831 1775 1866 πο-

1888 1823 2109 1862 arcanos
2135 1808 2314 1862 adhuc
2338 1807 2786 1872 hominibus,sed
2818 1816 2998 1861 tamen
3023 1813 3147 1876 post
3172 1804 3445 1858 diutinum

205 1894 303 1948 λὺν
327 1894 384 1948 δὲ
409 1897 680 1967 ἐσομένων
706 1898 797 1951 τὸν
823 1900 1031 1969 χρόνον,
1062 1900 1211 1971 παρά
1236 1902 1328 1954 τοῦ
1359 1902 1492 1955 Θεοῦ
1521 1903 1774 1973 δέδεγμαι

206 1984 307 2052 τὴν
335 1984 680 2040 διδασκαλίαν
700 2004 713 2016 ·
743 1983 860 2042 εἷτα
887 1990 970 2052 τίς
1008 1991 1182 2061 ἀκοή;
1221 2008 1238 2042 ι
1276 1992 1386 2043 Καὶ
1417 1992 1673 2063 περιοχὴν
1698 1994 1776 2057 εἰς

207 2078 277 2129 τὰ
301 2077 429 2148 ἔθνη
457 2077 820 2145 ἐξαπέστειλε.
866 2098 886 2132 ι
934 2082 1200 2153 Περιοχὴν
1228 2083 1372 2152 λέγει
1402 2083 1462 2134 τὸ
1507 2084 1688 2154 κύκλῳ
1725 2101 1777 2136 τι

208 2167 481 2239 περιέχον,
526 2164 635 2223 οἷον
668 2172 846 2241 τεῖχος
886 2172 921 2242 ή
955 2189 1010 2226 τι
1056 2174 1297 2228 τοιοῦτοο
1349 2175 1491 2229 οὕτω
1524 2176 1667 2245 λέγει
1694 2176 1775 2244 τὸ,

213 2279 235 2312 ι
281 2259 376 2323 Τίς
403 2260 598 2325 ἀπάξει
624 2279 692 2333 με
726 2265 806 2330 είς
838 2264 992 2318 πόλιν
1038 2264 1302 2337 περιοχῆς
1339 2281 1356 2333 ;
1419 2285 1438 2318 ι
1484 2268 1571 2321 ἵνα
1625 2268 1774 2340 εἴπῃ,

207 2352 306 2415 El;
350 2352 503 2405 πόλιν
549 2354 979 2425 τετειχισμένην,
1005 2357 1246 2410 τουτέστι
1288 2358 1779 2430 περιεχομένηντῷ

207 2442 379 2512 τείχει
408 2443 592 2514 κύκλῳ
609 2461 623 2474 ·
644 2440 859 2515 Ταύτην
876 2441 988 2511 οῦν,
1012 2449 1195 2517 φησιν,
1228 2448 1436 2518 ἥκουσα
1457 2450 1553 2519 τὴν
1578 2450 1774 2519 ἀκοὴν,

208 2536 295 2588 ὅτι
341 2533 531 2606 ὥσπερ
566 2548 688 2589 τινα
739 2536 999 2609 περιοχὴν
1064 2538 1125 2592 τὸ
1180 2540 1507 2610 πρόσταγμα
1582 2541 1781 2607 ἐξαπέ-

212 2625 389 2679 στειλε
450 2627 511 2678 τὸ
542 2627 739 2680 οἰκεῖον
797 2631 877 2691 εἰς
906 2629 973 2683 τά
999 2628 1128 2699 ἔθνη
1157 2632 1181 2680 ἐ
1221 2630 1371 2695 Θεὸς,
1406 2630 1651 2696 ἅπαντας
1686 2635 1782 2687 αῦ-

208 2718 339 2779 τοὺς
398 2717 456 2769 ἐν
517 2715 702 2788 κύκλῳ
766 2718 908 2771 κατά
970 2719 1072 2788 τῆς
1139 2719 1440 2790 Ἰδουμαίας
1485 2721 1776 2790 συλλέγων.

214 2825 235 2858 ι
302 2806 596 2879 Ἀνάστητε
630 2808 725 2861 καὶ
757 2808 1139 2881 ἐξαναστῶμεν
1186 2811 1273 2864 ἐπ’
1303 2812 1471 2883 αὐτὴν
1506 2814 1585 2876 είς
1627 2813 1783 2866 πόλε-

213 2914 339 2967 μον.
385 2917 405 2951 ι
440 2899 595 2953 Κατά
622 2899 999 2973 ἀποσιώπησιν
1036 2902 1095 2955 τὸ
1123 2919 1141 2953 ι
1169 2901 1344 2970 λέγων
1384 2921 1404 2954 ι
1438 2906 1658 2965 νοεῖται,
1695 2904 1782 2958 ἵνα

207 2986 249 3062 ᾖ
274 3027 289 3052 ,
328 2988 439 3042 Καὶ
482 2990 741 3061 περιοχὴν
776 2991 856 3054 είς
898 2990 967 3043 τὰ
1005 2990 1130 3063 ἔθνη
1173 2992 1548 3058 ἐξαπέστειλεν
1586 2994 1778 3062 λέγων’

1875 1906 2091 1970 tempus
2140 1908 2454 1962 eventuros,
2502 1914 2532 1952 a
2572 1898 2682 1953 Deo
2722 1898 2952 1953 edoctus
2982 1913 3121 1952 sum.
3162 1895 3284 1950 Jam
3330 1912 3451 1965 quae

1876 2006 1967 2047 res
1995 1990 2220 2046 audita?
2245 2010 2263 2041 ι
2293 1992 2358 2043 Et
2380 1998 2595 2059 septum
2619 1993 2759 2044 inter
2778 1997 2965 2060 gentes
2996 1988 3163 2043 misit.
3195 1987 3447 2057 )Septum

1877 2083 2009 2138 dicit
2041 2096 2149 2151 quo
2180 2080 2385 2150 aliquid
2419 2079 2889 2141 circumcluditur,
2923 2093 3141 2131 murum
3178 2085 3326 2145 puta,
3359 2085 3450 2127 aut

1879 2167 2083 2237 aliquid
2112 2166 2449 2236 hujusmodi.
2481 2165 2573 2220 Sic
2604 2166 2682 2219 ait.
2707 2166 2989 2236 Scriptura
3016 2183 3030 2219 :
3066 2184 3085 2216 ι
3126 2164 3260 2231 Quis
3285 2165 3449 2217 deduc

1879 2268 1966 2314 eet
1999 2274 2083 2313 me
2106 2260 2159 2312 in
2184 2258 2371 2313 urbem
2405 2259 2542 2326 septi
2573 2253 2748 2310 “?)id
2774 2266 2859 2312 est
2879 2258 3135 2312 inurbem
3161 2258 3448 2313 munitam.

1881 2367 1977 2407 seu
2035 2366 2192 2405 muro
2249 2350 2665 2405 circumdatam.
2713 2349 2859 2419 Ergo
2907 2350 3070 2415 hanc,
3124 2348 3221 2413 ait,
3269 2348 3449 2402 audivi

1882 2442 2240 2506 auditionem,
2275 2457 2305 2495 a
2326 2440 2435 2497 Deo
2459 2442 2668 2496 scilicet
2690 2441 2918 2496 missurn
2946 2448 3276 2510 praeceptum
3307 2439 3450 2503 ejus.

1880 2537 2021 2605 septi
2053 2534 2264 2606 instar,
2294 2534 2360 2588 ad
2394 2544 2620 2590 cunctas
2660 2532 3005 2588 orbiculatim
3042 2540 3229 2603 gentes
3263 2542 3449 2586 contra

1882 2626 2172 2681 Idumaeam
2205 2625 2638 2696 eongregandas.
2678 2644 2697 2677 ι
2739 2625 2957 2693 Surgite
2985 2633 3042 2679 et
3078 2625 3452 2680 consistamus

1882 2728 2074 2773 contra
2112 2732 2232 2772 eam
2275 2717 2677 2786 belligerantes.
2718 2734 2738 2766 ›
2777 2716 2892 2771 Sub
2924 2716 3210 2771 reticentia
3252 2716 3452 2770 intelli-

1883 2810 2029 2881 gitur
2067 2827 2085 2860 ι
2119 2809 2327 2871 dicens,
2367 2827 2385 2860 ι
2428 2822 2619 2876 nempe
2648 2816 2862 2877 septum
2900 2802 3041 2862 inter
3068 2814 3255 2877 gentes
3282 2807 3452 2872 misit,

1884 2899 2072 2953 dicens
2109 2917 2122 2953 :
2168 2916 2187 2949 ι
2225 2897 2443 2968 Surgite
2463 2909 2514 2952 et
2537 2899 2908 2953 consistamus
2932 2905 3123 2953 contra
3150 2913 3269 2954 eam
3295 2897 3453 2953 belli-

1883 3000 2154 3062 gerentes.
2200 3009 2219 3042 ι
2270 2989 2554 3059 Tanquam
2597 2989 2644 3043 si
2698 2988 2857 3061 144
2901 2989 3043 3045 Deus
3088 2989 3202 3045 inec
3251 2990 3454 3044 diceret

215 3098 237 3128 ι
295 3078 587 3150 ’Δνάστητε
621 3082 715 3135 καὶ
760 3081 1143 3153 ἐξαναστῶμεν
1186 3086 1272 3137 ἐπ’
1314 3085 1482 3156 αὐτὴν
1514 3087 1594 3149 είς
1625 3086 1783 3139 πόλε-

1888 3081 2232 3151 iuberetque,
2281 3091 2336 3136 et
2392 3083 2629 3152 undique
2673 3093 2864 3138 contra
2921 3081 3211 3139 ldumaeam
3266 3092 3454 3155 gentes

215 3185 348 3238 μανο
380 3188 399 3220 ι
436 3172 511 3239 (ρ.
544 3171 671 3240 218)
704 3171 903 3226 ὡσανεὶ
941 3172 1033 3226 τοῦ
1072 3172 1207 3227 Θεοῦ
1254 3175 1424 3228 ταῦτα
1449 3175 1694 3245 λέγοντός
1725 3195 1784 3230 τε

1888 3174 2183 3243 colligeret,
2235 3172 2345 3226 imo
2392 3174 2515 3228 belli
2551 3173 2773 3243 gerendi
2810 3175 3003 3231 ducem
3056 3191 3115 3231 se
3168 3176 3285 3231 fore
3322 3176 3456 3230 reei-

212 3264 311 3317 καὶ
341 3264 671 3330 κελεύοντος,
701 3268 795 3321 καὶ
831 3268 1167 3339 πανταχόθεν
1211 3272 1298 3322 ἐπ’
1343 3270 1510 3342 αὐτὴν
1554 3273 1622 3326 τὰ
1659 3272 1785 3343 ἔθνη

213 3353 567 3424 συλλέγοντος
586 3374 600 3388 ⁸
639 3359 734 3411 καὶ
762 3358 827 3429 δὴ
870 3362 964 3412 καὶ
998 3365 1321 3431 στρατηγεῖν
1349 3364 1532 3427 αὐτοῖς
1570 3364 1788 3435 μέλλον-

210 3460 308 3508 τος
344 3446 405 3498 ἐν
452 3450 562 3510 τοῖς
607 3450 745 3503 κατά
785 3452 884 3520 τῆς
928 3451 1230 3520 Ἰδουμαίας
1259 3452 1546 3524 πολέμοις·
1583 3450 1693 3508 οἷόν
1719 3473 1772 3509 τι

215 3536 315 3589 καὶ
367 3538 394 3590 ὁ
457 3540 720 3610 μακάριος
772 3540 967 3594 Δαυῒδ·
1005 3560 1021 3591 ι
1061 3541 1154 3603 Τίς
1185 3542 1380 3608 ἀπάξει
1419 3561 1484 3614 με
1519 3548 1596 3608 είς
1636 3546 1787 3599 πόλιν

217 3628 515 3699 περιοχῆς;
551 3631 644 3683 καὶ
669 3630 754 3693 τίς
795 3631 1051 3702 ὁδηγήσει
1090 3649 1155 3702 με
1186 3633 1289 3695 ἕως
1316 3634 1415 3704 τῆς
1455 3635 1787 3706 Ἰδουμαίαςς

217 3718 343 3788 οὐχὶ
390 3721 454 3772 σὺ
490 3722 519 3773 ὁ
559 3720 689 3783 Θεὸς
719 3722 749 3773 ὁ
793 3722 1151 3792 ἀπωσάμενος
1181 3724 1361 3793 ήμᾶςς
1390 3748 1411 3783 ι
1439 3722 1682 3794 ῖναεῖπῃ.
1707 3727 1789 3780 ὃτι

234 3798 295 3854 Ὀ
319 3804 458 3871 Θεός
481 3807 797 3877 μοιείςτοὺς
812 3808 954 3862 κατὰ
969 3812 1071 3880 τῆς
1096 3812 1395 3882 Ἰδουμαίας
1424 3818 1788 3888 στρατηγήσει

221 3892 525 3965 πολέμους
576 3897 767 3968 ἰδίωμα
804 3898 861 3952 δὲ
900 3900 1058 3955 τοῦτο
1102 3904 1196 3957 καὶ
1231 3907 1380 3978 παρὰ
1416 3907 1493 3972 τῷ
1541 3911 1791 3981 μακαρίῳ

220 3985 386 4040 Δαυῖδ
423 3987 572 4059 εὖροι
601 4007 684 4053 τις
713 3989 935 4047 ἂνκατά
952 3994 1325 4067 ἀποσιώπησιν
1349 4000 1703 4069 σημαίνεσθαι
1733 4001 1793 4054 τὸ

228 4094 248 4127 ι
264 4077 440 4145 λέγων
462 4079 532 4150 »ἢ
560 4099 581 4131 ι
600 4081 844 4151 λέγοντες
869 4105 886 4137 ι
926 4086 1028 4156 ἧτι
1053 4086 1262 4141 τοιοῦτο
1282 4102 1299 4120 θ
1341 4084 1452 4145 οἷόν
1512 4088 1637 4144 ἐστι
1702 4095 1762 4149 τὸ
1775 4132 1797 4154 ,η

228 4169 382 4223 (Ἵνα
410 4172 462 4224 τί
487 4173 761 4244 ἐφρύαξαν
794 4175 918 4247 ἔθνη
958 4179 1051 4230 καὶ
1078 4178 1197 4231 λαοὶ⁸
1227 4179 1558 4250 ἐμελέτησαν
1615 4185 1783 4248 κενάς

222 4265 274 4319 οἱ
308 4263 546 4333 βασιλεῖς
573 4266 671 4336 τῆς
702 4269 825 4337 γῆς,
858 4269 950 4322 καὶ
969 4271 1017 4322 οἱ
1041 4268 1297 4341 ἄρχοντες
1320 4271 1663 4342 συνήχθησαν
1701 4274 1794 4326 ἐπὶ

223 4355 287 4408 τὸ
322 4355 452 4407 αὐτὸ
478 4356 619 4408 κατὰ
657 4356 749 4410 τοῦ
780 4358 984 4428 Κυρίου
1016 4361 1109 4412 κα)⁵
1143 4359 1282 4413 κατά
1303 4359 1396 4413 τοῦ
1433 4361 1668 4432 Χριστοῦ
1695 4364 1793 4416 αὐ-

224 4445 321 4499 τοῦ
343 4463 356 4476 ⁸
405 4447 788 4519 Διαρῤήξωμεν
819 4450 944 4513 τοὺς
979 4451 1211 4521 δεσμοὺς
1241 4450 1439 4518 αὖτῶνν
1488 4452 1581 4507 καὶ
1620 4454 1794 4527 ἀποῤ⁹
1824 4437 1872 4498 D

227 4538 475 4608 ῥίψωμεν
501 4540 591 4607 ἀφ’
623 4539 777 4610 ἡμῶν
802 4541 891 4595 τὸν
912 4541 1073 4612 ζυγὸν
1105 4543 1281 4597 αὐτῶν
1299 4561 1310 4574 ·
1351 4563 1369 4596 ι
1409 4545 1504 4599 καὶ
1529 4546 1637 4618 γὰρ
1664 4548 1798 4601 κάν-

226 4628 402 4682 ταῦθα
444 4630 585 4682 κατὰ
603 4630 980 4703 ἀποσιώπησιν
1004 4634 1066 4686 τὸ
1108 4653 1127 4685 ι
1147 4634 1394 4703 λέγοντες
1431 4654 1449 4685 ›
1475 4640 1695 4702 νοεῖται,
1718 4640 1799 4703 είς

228 4721 461 4795 δήλωσιν
492 4722 592 4791 τῆς
617 4722 861 4795 γνώμης,
888 4725 1005 4795 μεθ’
1035 4721 1104 4797 ἦς
1124 4726 1221 4797 τὴν
1241 4728 1553 4799 παράνομον
1586 4731 1798 4802 ἐκείνην

228 4810 543 4883 εἰργάζοντο
586 4814 811 4883 πρᾶξινσ
849 4816 1090 4871 τοιοῦτόν
1133 4820 1251 4869 ἐστι
1306 4820 1398 4871 καὶ
1442 4820 1521 4884 τὸ,
1588 4840 1606 4871 ι
1658 4822 1800 4893 Πρὸς

231 4902 429 4973 Κύριον
455 4906 512 4957 ἐν
536 4903 614 4975 τῷ
646 4905 920 4960 θλίϐεσθαι
957 4924 1024 4977 με
1062 4908 1357 4980 ἐκέκραξα,
1391 4911 1486 4964 καὶ
1515 4914 1800 4983 είσήκουσέ

230 5014 337 5067 μου
359 5013 371 5025 ·
404 4995 594 5065 Κύριε,
629 4996 790 5067 ῥῦσαι
816 4998 913 5069 τὴν
944 4999 1123 5069 ψυχήν
1162 5018 1261 5071 μου
1303 5003 1411 5056 ἀπὸ
1437 5004 1658 5073 χειλέων
1684 5005 1799 5060 ἀδί-

230 5105 345 5140 κων
363 5086 455 5140 καὶ
471 5087 577 5139 ἀπὸ
595 5088 845 5159 γλώσσης
861 5089 1041 5153 δολίας
1058 5106 1071 5118 ·
1102 5110 1121 5140 ι
1144 5092 1285 5144 κατὰ
1299 5082 1677 5166 ἀποσιώπησιν
1692 5096 1800 5167 γὰρ

230 5176 512 5231 κάνταῦθά
549 5195 679 5249 φησι
728 5180 788 5232 τὸ
818 5199 836 5231 ι
873 5178 1067 5247 λέγων,
1102 5200 1121 5233 ι
1160 5182 1246 5235 ἵνα
1372 5201 1390 5234 ι
1430 5184 1571 5255 Πρὸς
1600 5185 1801 5256 Κύριον

232 5274 291 5325 ἐν
332 5271 409 5340 τῷ
441 5271 715 5325 θλίϐεσθαί
751 5289 820 5343 με
849 5272 1122 5344 ἐκέκραξα
1156 5274 1360 5344 λέγων·
1407 5277 1599 5347 Κύριε,
1643 5277 1803 5347 ῥῦσαι

231 5361 331 5433 τὴν
357 5362 534 5433 ψυχήν
558 5379 658 5433 μου
680 5363 787 5415 ἀπὸ
813 5362 1031 5433 χειλέων
1057 5364 1255 5418 ἀδίκων
1291 5368 1386 5419 καὶ
1413 5368 1520 5421 ἀπὸ
1553 5366 1805 5439 γλώσσης

231 5454 446 5517 δολίας’
487 5474 506 5507 ι
540 5454 765 5525 (ρ.219)
790 5456 851 5509 τὸ
886 5456 995 5528 γὰρ
1033 5475 1051 5508 ι
1095 5458 1667 5529 είσὴκουσέμου,ιδιὰ
1711 5459 1808 5530 μέ-

234 5558 331 5596 σου
377 5544 519 5596 κατά
568 5544 922 5599 ἀνταπόδοσιν
963 5547 1178 5617 εἴρηται
1220 5549 1315 5603 τοῦ
1369 5552 1594 5613 παντός·
1635 5551 1806 5615 οὕτως

1887 3270 2056 3332 peret.
2089 3260 2267 3316 Veluti
2298 3263 2461 3316 etiam
2492 3262 2684 3316 beatus
2709 3262 2877 3318 David
2911 3282 2924 3317 :
2967 3284 2983 3314 ι
3009 3264 3144 3331 Quis
3170 3280 3257 3319 me
3279 3272 3456 3319 trans-

1882 3353 2025 3409 feret
2062 3354 2115 3407 iu
2158 3353 2344 3407 urbem
2395 3354 2572 3423 septi?
2633 3356 2756 3423 quis
2806 3370 2891 3409 me
2936 3354 3168 3410 deducet
3198 3371 3372 3426 usque
3402 3355 3455 3410 in

1887 3445 2218 3501 Idunueam?
2262 3460 2445 3500 nonne
2489 3454 2582 3507 tu,
2628 3446 2791 3513 Deus,
2819 3448 2911 3518 qui
2967 3462 3066 3502 nos
3113 3448 3399 3518 repulisti?
3434 3469 3452 3499 ι

1887 3536 2090 3606 Nempe
2143 3537 2236 3601 ait,
2277 3535 2444 3590 Deum
2496 3537 2600 3591 sibi
2644 3537 2837 3592 ducem
2893 3537 3136 3592 futurum
3194 3538 3457 3594 bellorum

1889 3637 2080 3683 contra
2103 3626 2412 3681 Idumaeam.
2448 3627 2604 3683 Hunc
2631 3628 2887 3698 loquendi
2912 3628 3129 3683 modum
3158 3629 3456 3685 observare

1891 3720 2014 3774 licet
2075 3718 2217 3788 apud
2267 3719 2483 3773 beatum
2540 3721 2788 3773 eumdem
2841 3719 3132 3786 Davidem,
3191 3735 3314 3775 cum
3368 3734 3464 3790 per

1891 3812 2232 3866 reticentiam
2294 3812 2646 3881 intelligitur,
2690 3831 2707 3863 ι
2745 3813 2934 3867 dicens
2961 3813 3117 3869 »ινειτι
3138 3811 3404 3877 dicentes,
3438 3832 3456 3864 ι

1892 3911 1987 3955 aut
2039 3902 2241 3955 locutio
2288 3901 2577 3969 ejusmodi.
2632 3902 3076 3971 Velutithuare
3126 3907 3463 3960 fremuerunt

1894 4002 2104 4065 gentes,
2138 4002 2192 4049 et
2222 3994 2411 4065 populi
2453 3995 2703 4049 meditati
2750 4006 2878 4051 sunt
2908 3999 3137 4051 inania?
3172 4000 3465 4053 astiterunt

1892 4103 2050 4157 reges
2103 4096 2281 4151 terrae,
2335 4096 2390 4141 et
2444 4088 2719 4158 principes
2762 4098 3133 4146 convenerunt
3183 4091 3235 4144 in
3294 4107 3463 4145 unum

1894 4180 2158 4235 adversus
2217 4178 2503 4235 Dominum
2551 4191 2605 4237 et
2670 4183 2930 4239 adversus
2976 4182 3253 4238 Christum
3319 4183 3461 4251 ejus.

1896 4272 2279 4341 Dirumpamus
2307 4273 2523 4327 vincula
2554 4290 2767 4341 eorum,
2789 4282 2845 4329 et
2864 4275 3216 4345 projiciamus
3245 4289 3273 4325 a
3308 4275 3467 4328 nobis

1894 4364 2081 4435 jugum
2124 4364 2367 4433 ipsorum
2393 4366 2460 4420 ‘7.
2510 4384 2530 4416 ι
2566 4364 2703 4419 Nam
2746 4374 2800 4422 et
2849 4366 2937 4420 hie
2990 4381 3086 4435 per
3130 4366 3467 4419 reticentiam

1898 4473 2002 4513 vox
2036 4475 2055 4506 ι
2085 4455 2328 4513 dicentes
2355 4475 2372 4507 ι
2407 4456 2748 4526 intelligitur,
2792 4457 2857 4510 ad
2894 4456 3108 4510 consilii
3148 4457 3468 4527 patefactio-

1899 4565 2045 4613 nem,
2078 4565 2187 4618 quo
2216 4550 2441 4620 impium
2472 4550 2601 4603 illud
2628 4556 2990 4619 susceperunt
3014 4547 3245 4603 facinus.
3281 4549 3469 4604 Simile

1898 4649 1952 4696 et
1977 4640 2107 4694 illud
2146 4658 2157 4693 :
2198 4658 2216 4689 ι
2263 4638 2341 4693 Ad
2378 4639 2666 4693 Dominum
2702 4656 2825 4693 eum
2870 4640 3164 4693 lribularer
3209 4639 3465 4702 clamavi,

1898 4741 1955 4788 et
1992 4730 2269 4786 exaudivit
2309 4745 2416 4785 me.
2458 4729 2710 4793 Domine,
2738 4730 2910 4784 libera
2954 4731 3190 4783 animam
3230 4746 3404 4785 meam
3437 4746 3467 4784 a

1896 4823 2058 4879 labiis
2102 4823 2306 4893 iniquis
2348 4829 2399 4877 et
2432 4837 2461 4875 a
2488 4822 2671 4892 lingua
2696 4821 2905 4877 dolosa.
2938 4840 2956 4873 ι
2997 4820 3095 4877 Hic
3122 4838 3340 4893 quoque
3369 4823 3472 4878 sub

1897 4913 2176 4968 reticentia
2231 4914 2478 4969 innuitur
2537 4933 2554 4965 ι
2602 4912 2807 4968 dicens.
2867 4932 2886 4966 ι
2936 4911 3202 4968 Nimirum
3266 4934 3278 4969 ι
3332 4933 3350 4966 ι
3388 4916 3471 4969 Ad

1897 5005 2184 5059 Dominum
2210 5022 2333 5061 cum
2354 5006 2647 5060 tribularer
2672 5006 2924 5069 clamavi,
2956 5007 3146 5062 dicens
3175 5026 3187 5061 :
3220 5006 3467 5072 Domine,

1896 5097 2067 5152 libera
2104 5098 2338 5151 animam
2381 5112 2555 5153 meam
2605 5113 2636 5151 a
2678 5097 2838 5153 labiis
2878 5098 3084 5168 iniquis
3125 5105 3180 5153 et
3211 5113 3241 5152 a
3286 5100 3470 5169 lingua

1903 5188 2114 5244 dolosa.
2162 5208 2181 5241 ι
2214 5187 2346 5242 Nam
2379 5188 2522 5257 quod
2560 5190 2799 5244 medium
2850 5189 3216 5259 interponitur
3247 5209 3265 5242 ι
3306 5168 3473 5246 exau-
3506 5168 3512 5183 ’

1896 5279 2040 5334 divit
2069 5295 2174 5343 me,
2217 5300 2234 5332 ι
2268 5280 2321 5334 id
2348 5282 2565 5349 utrique
2587 5280 2833 5335 membro
2868 5282 3286 5350 responsionem
3320 5282 3473 5337 facit.

1908 5368 2001 5423 Sic
2050 5370 2217 5438 igitur
2270 5369 2375 5423 hoc
2429 5369 2548 5423 loco
2601 5369 2804 5430 dicit”
2835 5372 3253 5440 congregavisse
3304 5371 3474 5427 Deum

1910 5467 2119 5529 gentes,
2140 5480 2157 5514 ι
2179 5477 2275 5517 ceu
2289 5476 2421 5517 voce
2441 5459 2697 5531 quadam,
2723 5469 2998 5531 praecepto
3031 5477 3151 5526 suo,
3178 5477 3382 5532 easque
3411 5463 3475 5517 ad

1914 5552 2111 5607 bellum
2160 5551 2405 5608 Idumam:
2455 5553 2796 5608 inferendum
2838 5554 3221 5609 concitavisse.
3278 5552 3478 5609 Deinde

306 5742 353 5775 “
394 5740 540 5797 Psal.
600 5760 788 5815 ιινιιι,
825 5747 878 5802 5.
957 5748 999 5780 ⁸⁸
1052 5744 1335 5815 I'sal.evu,
1376 5746 1462 5800 ll.
1538 5745 1582 5777 ⁸⁷
1622 5744 1765 5800 I‘sal.
1801 5761 1859 5810 ιι,
1902 5746 1953 5801 1.
