3828 6216
460 350 555 404 5H

1630 350 1978 410 THEODORI
2016 354 2499 413 MOPSUESTENI

3592 356 3691 413 542

463 471 605 525 bello
635 469 802 525 veluti
833 468 1058 534 indicto,
1100 472 1277 542 pergit
1320 471 1467 541 loqui
1502 479 1694 526 contra
1722 472 2031 531 Idumaeam.

2140 473 2230 530 οὖν
2274 475 2551 529 κάνταῦθα
2594 474 2776 543 λέγει·
2826 490 2847 526 ι
2912 473 3034 527 Ὀτι
3071 469 3346 535 συνέλεξεν
3396 472 3424 525 ό
3465 470 3590 536 Θεὸς
3630 474 3693 526 τὰ

465 561 588 629 ἔθνη
611 602 625 625 ,
649 560 863 634 »ὥσπερ
897 562 1002 615 τινὶ
1039 564 1188 633 φωνῇ
1230 561 1307 632 τῷ
1351 563 1680 634 ἐπιτάγματι
1722 564 1801 635 τῷ
1837 566 2019 637 οἰκείῳ
2051 564 2329 637 διεγείρων
2352 565 2549 628 αὐτοὺς
2578 566 2659 628 εἰς
2684 564 2774 618 τὸν
2803 562 2943 617 κατὰ
2984 563 3083 634 τῆς
3122 560 3419 633 Ἰδουμαίας
3451 559 3688 632 πόλεμον

463 650 584 706 εἶτα
617 653 692 716 ὡς
721 652 811 706 τὸν
845 652 1078 725 πόλεμον
1112 652 1376 725 δηλώσας,
1409 654 1604 723 ἐπάγει
1630 656 1767 728 πρὸς
1792 657 1889 729 τὴν
1929 657 2232 729 Ἰδουμαίαν
2266 658 2457 728 αὐτήν.

537 748 705 804 Vens.
736 748 855 803 2-4.
884 780 953 791 --
986 768 1004 800 ι
1045 747 1185 804 Ecce
1214 750 1493 805 minimam
1519 749 1643 805 dedi
1688 760 1742 807 te
1774 753 1829 806 in
1860 753 2036 822 genti-

462 841 599 908 bus;
640 840 989 897 vehementer
1031 848 1340 910 contempta
1376 856 1458 897 es.
1504 860 1526 896 ι
1558 841 1747 913 Magna
1796 843 1911 906 tui,
1949 844 2037 899 in-

465 933 620 1002 quit,
649 932 795 987 caede
828 931 1005 996 edita,
1041 931 1109 986 ad
1141 932 1410 987 modicam
1444 941 1496 989 te
1521 946 1735 1004 gentem
1770 933 2033 1005 redigam,

466 1023 541 1078 ita
582 1030 642 1078 ut
679 1024 922 1079 omnium
978 1024 1202 1078 minima
1256 1023 1376 1089 ﬁas,
1420 1026 1700 1096 multaque
1738 1026 2035 1097 ignominia

467 1116 712 1179 noteris;
747 1114 985 1169 hostium
1016 1131 1245 1171 numero
1274 1130 1557 1187 oppressa,
1587 1124 1751 1189 atque
1781 1118 2033 1175 innume-

464 1208 543 1262 ris
586 1208 745 1262 malis
779 1207 995 1262 obruta.
1032 1205 1291 1273 Quaenam
1335 1224 1499 1279 porro
1553 1210 1633 1265 rei
1681 1224 1849 1265 causa
1892 1208 2037 1264 fuit?

472 1319 488 1346 ε
528 1297 790 1379 Superbia
817 1298 999 1354 cordis
1040 1300 1119 1354 tui
1149 1308 1201 1356 te
1232 1300 1425 1355 extulit
1454 1301 1777 1357 incolentem
1812 1304 2030 1374 rupium

468 1388 623 1460 145
665 1404 884 1460 specus,
921 1391 975 1445 in
1016 1391 1237 1446 sublimi
1265 1392 1581 1447 habitaculo
1616 1400 1875 1457 stantem,
1910 1393 2032 1448 ani-

466 1496 661 1550 moque
701 1490 795 1537 tuo
832 1482 1184 1537 volutantem.
1214 1481 1350 1550 Quis
1393 1500 1478 1539 me
1515 1484 1569 1538 in
1604 1491 1804 1539 terram
1844 1483 2029 1538 detra-

466 1572 593 1627 het?
621 1593 637 1624 ι
688 1572 1139 1643 Quandoquidem
1172 1573 1390 1630 Idumaei
1422 1585 1683 1630 montana
1716 1575 1772 1630 in
1810 1575 2031 1646 regione

464 1663 755 1735 degebant,
784 1666 886 1720 hoc
911 1664 1027 1721 fere
1048 1666 1219 1721 dicit:
1253 1666 1504 1737 Ingentes
1532 1666 1823 1722 admodum
1864 1668 2031 1738 spiri-

467 1764 556 1811 tus
576 1756 740 1826 geris,
765 1756 891 1826 quia
913 1758 1262 1827 scopulorum
1292 1772 1543 1813 recessus
1566 1772 1825 1827 occupas,
1851 1758 2034 1827 ibique

468 1845 768 1913 spatiosam
802 1858 867 1898 ac
893 1844 1207 1909 maximam,
1240 1852 1303 1897 ut
1329 1850 1476 1899 certe
1502 1843 1811 1907 arbitraris,
1844 1846 2034 1900 statio-

467 1950 595 1990 nem
651 1943 847 1991 tenes:
892 1946 946 1990 et
988 1950 1123 1991 sane
1154 1935 1428 1990 neminem
1474 1934 1591 1990 fore
1629 1936 1808 1991 credis
1847 1937 1943 2007 qui
1983 1946 2036 1992 te

472 2026 731 2097 prmsenti
771 2026 1134 2097 prosperitate
1163 2026 1399 2095 dejicere
1437 2032 1622 2095 queat.
1668 2025 2032 2090 Quamobrem

467 2133 589 2187 qua
641 2118 783 2172 dicta
821 2128 970 2181 sunt,
1020 2117 1273 2188 patieris;
1306 2127 1364 2172 ut
1394 2116 1598 2173 sentias
1639 2116 1840 2171 frustra
1872 2126 2033 2172 temet

468 2207 678 2277 aliquid
702 2223 825 2264 esse
852 2216 1093 2279 putasse,
1120 2208 1286 2262 invita
1312 2207 1407 2263 Dei
1433 2208 1728 2263 voluntate.
1761 2226 1778 2259 σ
1810 2206 2033 2262 Etiamsi

467 2300 662 2370 aquilae
691 2299 863 2355 instar
890 2299 997 2354 alta
1038 2308 1191 2369 petas
1213 2338 1230 2363 ,
1265 2306 1320 2354 et
1354 2299 1400 2353 si
1430 2298 1623 2353 mediis
1667 2298 1723 2352 in
1752 2297 1915 2353 astris
1945 2299 2033 2352 ni-

466 2389 597 2445 dum
627 2398 872 2455 statuas,
907 2390 1058 2445 illinc
1092 2404 1190 2461 ego
1240 2398 1293 2445 te
1333 2388 1649 2452 detraham,
1691 2386 1825 2443 dicit
1856 2387 2035 2442 Domi-

468 2498 590 2537 nus.
636 2501 655 2534 ι
691 2482 951 2538 Sublimis
1013 2482 1206 2536 feraris
1255 2482 1405 2547 licet,
1464 2482 1661 2552 aquila:
1705 2495 1857 2535 more
1913 2495 2034 2550 quae

468 2578 680 2628 montes
707 2573 1062 2642 supervolare
1091 2571 1283 2643 procul
1310 2570 1483 2638 solet;
1521 2571 1576 2625 in
1608 2569 1801 2625 mediis
1840 2584 2035 2640 quam-

470 2663 551 2719 vis
580 2663 855 2719 sideribus
884 2664 1070 2736 gloria:
1096 2670 1205 2718 tuae
1236 2660 1554 2733 magnitudo
1595 2668 1648 2716 te
1670 2660 1919 2727 collocet,
1950 2660 2034 2715 vi-

468 2755 621 2809 ribus
644 2754 782 2811 meis
816 2754 1042 2810 minime
1069 2753 1330 2818 obsistes,
1358 2753 1544 2809 statim
1574 2766 1639 2807 ac
1668 2759 1721 2807 te
1742 2752 2034 2808 deturbare

467 2845 708 2900 voluero.

2213 753 2358 823 Στίχ.
2389 752 2531 823 β¹οδ¹.
2558 781 2632 792 --
2665 769 2685 803 ι
2737 750 2867 805 Ἰδοὺ
2901 748 3174 817 ὀλιγοστὸν
3192 748 3397 801 δέδωκά
3418 764 3474 799 σε
3502 748 3557 800 ἐν
3588 749 3692 811 τοῖς

2142 846 2385 900 ἔθνεσινο
2427 844 2769 917 ἠτιμωμένος
2802 838 2853 896 εἴ
2904 842 2969 895 σὺ
3013 841 3235 912 σφόδρα.
3284 859 3301 896 ι
3347 839 3547 910 Πολλήν
3583 856 3689 904 σου,

2143 937 2296 1008 φησὶ,
2334 934 2421 988 διὰ
2460 935 2569 988 τῶν
2608 932 2881 1003 πολεμίων
2925 931 3023 1003 τὴν
3066 930 3278 1000 σφαγὴν
3314 929 3689 1001 ἐργασάμενος,

2139 1030 2220 1093 εἰς
2259 1027 2469 1097 ὀλίγους
2513 1042 2607 1078 σου
2644 1024 2958 1097 περιστήσω
2991 1021 3052 1074 τὸ
3092 1020 3277 1084 ἔθνος·
3315 1020 3455 1073 ὥστε
3490 1020 3692 1073 πάντων

2140 1122 2427 1185 ἐλάττονας
2471 1116 2610 1174 εἶναι
2654 1121 2750 1172 καὶ
2785 1121 2843 1172 ἐν
2885 1117 3079 1190 ἀτιμίᾳ
3130 1115 3457 1170 καθεστάναι
3501 1114 3688 1185 πολλῇ·

2136 1212 2213 1278 ὡς
2239 1213 2343 1265 ὑπὸ
2373 1212 2584 1266 πολλῶν
2613 1228 2672 1265 τε
2707 1208 3206 1280 πεπολιορκημένον
3244 1208 3337 1260 καὶ
3363 1205 3569 1277 μυρίοις
3603 1222 3693 1258 πε-

2141 1301 2463 1374 ριϐληθέντα
2501 1303 2723 1365 κακοῖςο
2767 1294 2884 1353 εἶτα
2924 1297 3008 1362 τίς
3064 1299 3097 1368 ή
3135 1297 3315 1361 αἰτία;
3355 1313 3376 1347 ι
3423 1294 3485 1348 Ἦ
3536 1295 3692 1362 ὑπερ-

2136 1394 2343 1466 ηφανία
2373 1392 2474 1463 τῆς
2498 1390 2724 1462 καρδίας
2756 1406 2849 1442 σου
2895 1388 3065 1458 ἐπῆρε
3087 1401 3147 1439 σε
3168 1380 3606 1454 κατασκηνούντα
3640 1382 3691 1433 ἐν

2137 1489 2257 1549 ταῖς
2282 1485 2441 1548 ὀπαῖς
2459 1482 2567 1537 τῶν
2593 1481 2826 1553 πετρῶν,
2864 1479 3011 1550 ὑψῶν
3048 1479 3148 1551 τήν
3185 1475 3462 1531 κατοικίαν
3500 1471 3655 1527 αὐτοῦ
3674 1488 3688 1503 ·

2136 1576 2308 1647 λέγων
2341 1579 2399 1629 ἐν
2429 1577 2496 1647 τῇ
2533 1573 2727 1645 καρδίᾳ
2760 1570 2951 1627 αὐτοῦ’
2972 1562 3077 1633 ’Τίς
3113 1586 3181 1640 με
3219 1567 3442 1633 κατάξει
3478 1566 3567 1618 ἐπὶ
3600 1563 3689 1635 τήν
3772 1620 3773 1623 η

2136 1669 2275 1740 γῆν;
2310 1688 2331 1722 ι
2363 1665 2575 1736 Ἐπειδὴ
2593 1665 2701 1735 γὰρ
2725 1663 2898 1734 ὄρειον
2918 1660 3093 1733 ᾤκουν
3117 1659 3300 1732 χώραν
3325 1660 3375 1713 οἱ
3401 1658 3689 1727 Ἰδουμαῖοι,

2138 1760 2337 1830 μᾶλλον
2369 1758 2524 1812 τοῦτο
2541 1756 2705 1825 λέγει.
2745 1756 2825 1809 ὅτι
2858 1754 3136 1824 Ἀμέτρως
3166 1749 3417 1822 ἐπήρθης
3449 1748 3543 1819 τήν
3577 1746 3687 1800 διάο

2134 1867 2302 1914 νοιαν,
2340 1850 2398 1902 ἐν
2427 1847 2751 1903 καταδύσεσι
2787 1846 2883 1916 μὲν
2920 1843 3085 1897 οἰκῶν
3121 1842 3359 1912 πετρῶν,
3408 1838 3597 1909 πολλὴν
3639 1837 3689 1890 δέ

2135 1958 2230 1995 σου
2264 1940 2357 1994 καὶ
2399 1940 2680 2011 μεγίστην,
2713 1939 2789 2002 ὼς
2816 1937 2947 2007 ᾤου,
2973 1932 3289 2005 πεποιηκὼς
3326 1931 3424 2003 τήν
3454 1932 3651 1999 οἴκησιν
3672 1944 3687 1960 ο

2134 2035 2228 2088 καὶ
2246 2034 2311 2103 δὴ
2339 2034 2433 2086 καὶ
2451 2032 2693 2102 οἰόμενος
2722 2031 2818 2083 οὐκ
2853 2031 2917 2085 ἄν
2952 2044 3087 2081 ποτε
3120 2025 3338 2080 ἔσεσθαι
3362 2025 3452 2076 τὸν
3478 2021 3690 2091 δυνάμε-

2134 2125 2222 2179 νόν
2250 2142 2309 2178 σε
2340 2125 2436 2196 τῆς
2458 2122 2767 2193 προσούσης
2798 2120 3046 2173 ἐκϐαλεῖν
3070 2116 3376 2185 εὐπραγίας
3396 2131 3411 2144 ο
3458 2113 3590 2183 ὑπὲρ
3623 2103 3689 2163 ὧν

2132 2217 2196 2287 δὴ
2218 2216 2380 2287 πείσῃ
2404 2215 2473 2268 τὰ
2492 2213 2780 2285 εἰρημένα,
2805 2212 2890 2265 ἵνα
2910 2209 3073 2282 αἴσθῃ
3096 2209 3272 2280 μάτην
3308 2207 3547 2275 οἰόμενος
3566 2198 3687 2255 εἶναί

2132 2326 2184 2362 τι
2222 2306 2371 2370 θείας
2410 2305 2876 2377 ἀντιπραττούσης
2925 2302 3140 2374 βουλῆς.
3188 2300 3264 2371 (p.
3313 2298 3439 2367 220)
3492 2315 3508 2348 ι
3575 2294 3687 2347 Ἐὰν

2136 2397 2505 2469 μετεωρισθῇς
2562 2398 2637 2459 ῶς
2690 2396 2865 2460 ἀετὸς,
2926 2394 3020 2448 καὶ
3068 2391 3161 2445 ἐὰν
3223 2391 3326 2444 ἀνὰ
3389 2390 3545 2459 μέσον
3590 2384 3687 2437 τῶν

2133 2491 2347 2561 ἄστρων
2385 2488 2483 2559 θῇς
2526 2487 2745 2540 νοσσιὰν
2777 2504 2893 2550 σου,
2933 2484 3139 2538 ἐκεῖθεν
3188 2479 3408 2547 κατάξω
3443 2496 3519 2543 σε,
3557 2476 3688 2544 λέγει

2132 2581 2355 2652 Κύριος.
2394 2599 2413 2632 ι
2446 2580 2607 2633 Ὥστε
2641 2577 2743 2632 κᾶν
2771 2576 2926 2631 ἀετοῦ
2948 2576 3102 2645 δίκην
3139 2576 3218 2637 εἰς
3248 2572 3382 2642 ὕψος
3417 2570 3603 2642 ἁρθῇς,
3638 2566 3690 2628 δι’

2134 2673 2268 2726 πολὺ
2306 2671 2414 2725 τῶν
2449 2669 2592 2741 ὀρῶν
2631 2667 3032 2740 ύπερίπτασθαι
3066 2667 3298 2734 πέφυκε,
3332 2665 3424 2717 καὶ
3456 2664 3511 2715 ἐν
3554 2658 3685 2731 μέσῳ

2132 2764 2241 2819 τῶν
2260 2764 2472 2834 ἄστρων
2491 2763 2578 2816 διὰ
2594 2762 2693 2835 τὴν
2708 2760 3012 2833 ὑπερϐολὴν
3026 2759 3124 2829 τῆς
3141 2754 3493 2827 περιφανείας
3514 2750 3686 2805 σαυτὸν

2132 2856 2511 2925 καταστήσῃς,
2558 2855 2659 2907 οὐκ
2705 2853 2960 2924 ἀρκέσεις
3007 2850 3143 2919 πρὸς
3190 2850 3292 2919 τὴν
3342 2847 3567 2915 δύναμιν
3600 2840 3685 2910 τήν

2132 2946 2293 3018 ἐμήν,
2322 2947 2396 3000 ὅτ’
2423 2946 2488 3001 ἄν
2517 2961 2576 2998 σε
2605 2944 2889 3014 κατασπᾷν
2929 2940 3113 2995 ἐθέλω.

539 3030 707 3086 Vens.
742 3028 861 3086 5-7.
884 3056 956 3068 —
987 3044 1007 3078 ι
1050 3024 1108 3081 Si
1147 3026 1295 3082 fures
1318 3026 1385 3081 ad
1426 3034 1478 3083 te
1500 3026 1776 3083 venissent
1808 3035 2034 3082 noctur-

2204 3039 2351 3108 Στιχ.
2390 3035 2529 3101 ε’-ζκ
2569 3065 2641 3075 —-
2677 3053 2697 3086 ι
2748 3035 2811 3087 Εἰ
2840 3033 3066 3087 κλέπται
3102 3028 3350 3100 εἰσῆλθον
3390 3025 3522 3097 πρὸς
3548 3023 3617 3087 σὲ,
3645 3023 3685 3072 εἰ

468 3124 594 3179 nive
648 3123 922 3186 latrones,
983 3119 1203 3173 ubinam
1255 3117 1495 3188 projecta
1560 3118 1803 3174 fuisses?
1853 3133 2035 3173 nonne

469 3215 634 3272 furati
672 3219 856 3269 essent
904 3209 1231 3268 suﬂicientia
1254 3210 1401 3266 sibi?
1433 3209 1497 3263 Et
1534 3208 1581 3263 si
1611 3209 2035 3266 vindemiatores

469 3307 537 3362 ad
572 3314 625 3362 te
659 3304 891 3375 ingressi
936 3303 1202 3367 fuissent,
1236 3317 1417 3357 nonne
1451 3301 1549 3356 tibi
1598 3316 1875 3357 racemum
1910 3302 2037 3357 reli-

468 3401 717 3471 quissent
737 3398 759 3452 ?
781 3394 1066 3463 Quomodo
1087 3395 1351 3449 lustratus
1369 3401 1453 3449 est
1478 3391 1644 3459 Esau,
1669 3392 2035 3462 deprehensa-

468 3507 575 3561 que
631 3497 760 3546 sunt
806 3488 1020 3543 occulta
1059 3485 1272 3555 ejus?»
1310 3482 1368 3539 Si
1432 3482 1581 3539 fures
1636 3482 1839 3553 aliqui,
1894 3483 2035 3537 clam

469 3593 633 3637 noctu
683 3580 854 3635 furari
906 3577 1055 3634 soliti
1094 3576 1151 3631 in
1203 3574 1426 3629 domum
1479 3581 1628 3628 tuam
1684 3574 2033 3643 irrupissent,

473 3671 661 3740 paucis
704 3669 933 3740 direptis
991 3666 1226 3722 fortasse
1271 3664 1695 3733 discessissent;
1747 3673 1803 3719 tu
1854 3672 2035 3719 tamen

469 3761 891 3832 haudquaquam
922 3757 1130 3813 aedibus
1173 3756 1364 3826 pulsus
1399 3754 1633 3822 fuisses;
1668 3755 1777 3810 tuis
1807 3754 1954 3810 enim
1985 3762 2037 3809 te

471 3854 677 3909 laribus
722 3853 755 3906 ii
806 3852 901 3922 qui
951 3850 1099 3904 furto
1131 3846 1490 3903 tumultuario
1534 3846 1743 3918 aliquid
1772 3846 2039 3916 diripiunt

472 3946 709 4017 spoliare
748 3960 858 3999 non
904 3951 1147 4014 passent.
1196 3941 1327 3997 Item
1370 3940 1516 4011 siqui
1553 3940 1839 3996 vindemia
1869 3954 2038 3994 causa

470 4040 688 4092 vineam
736 4035 1080 4097 introissent,
1131 4033 1491 4089 nihilominus
1540 4039 1747 4101 partem
1797 4031 2037 4101 aliquam

472 4128 685 4184 fructus
720 4127 775 4181 in
812 4125 918 4181 vite
947 4124 1321 4196 reliquissent.
1371 4121 1755 4177 Verumtamen
1784 4123 1861 4176 rei
1889 4134 2040 4176 nunc

472 4222 574 4277 tibi
609 4230 884 4276 eventura:
925 4217 1032 4272 alia
1078 4217 1219 4272 ratio
1262 4223 1346 4271 est
1386 4233 1400 4269 :
1446 4213 1831 4284 supervenient
1891 4215 2039 4269 enim

471 4315 691 4379 hostes,
724 4313 818 4384 qui
854 4319 1138 4382 tantopere
1185 4310 1266 4364 tui
1306 4310 1618 4380 potientur,
1649 4319 1708 4363 ut
1731 4307 1915 4362 omnia
1946 4316 2039 4363 tua

2135 3129 2330 3200 luctati.
2366 3127 2580 3194 νυκτὸς,
2621 3125 2722 3180 ποῦ
2757 3124 2823 3179 ἂν
2863 3124 3206 3195 ἀπερρίφης;
3252 3120 3354 3173 οὐκ
3381 3118 3446 3173 ἃν
3476 3115 3685 3184 ἔκλεψαν

2135 3221 2205 3274 τὰ
2227 3219 2387 3274 ἱκανὰ
2419 3219 2638 3284 αύτοῖς;
2666 3216 2761 3271 καὶ
2796 3217 2844 3268 εἰ
2877 3213 3143 3287 τρυγηταὶ
3180 3209 3431 3279 εἰσῆλθον
3453 3207 3581 3279 πρὸς
3613 3203 3683 3264 σὲ,

2135 3314 2235 3367 οὐκ
2288 3312 2355 3366 ἂν
2412 3311 2734 3365 ὑπελίποντο
2800 3305 3147 3375 ἐπιφυλλίδα;
3206 3304 3326 3367 πῶς
3389 3296 3685 3372 ἐξερευνήθη

2147 3404 2341 3468 Ἡσαῦ,
2368 3406 2461 3459 καὶ
2500 3401 2811 3474 κατελήφθη
2852 3400 3016 3453 αὑτοῦ
3055 3398 3121 3452 τὰ
3159 3395 3548 3468 κεκρυμμένοις
3588 3408 3605 3441 ι
3632 3388 3685 3440 Εἰ

2139 3496 2237 3567 μὲν
2269 3491 2361 3549 οὖν
2390 3494 2616 3549 κλέπται
2651 3493 2793 3556 τινὲς
2822 3494 2871 3545 οἰ
2894 3490 3190 3562 λεληθότως
3216 3491 3275 3543 ἐν
3301 3491 3422 3551 ταῖς
3458 3484 3569 3547 νυξὶ
3604 3480 3685 3551 λῃ-

2139 3587 2347 3641 στεύειν
2385 3586 2629 3650 εἰωθότες
2654 3586 2732 3648 εἰς
2764 3583 2861 3656 τὴν
2916 3582 3089 3636 οἰκίαν
3128 3579 3451 3649 ἐπεισῆλθον
3469 3575 3560 3646 τήν
3582 3572 3683 3642 σὴν.

2136 3679 2345 3751 βραχέα
2377 3677 2499 3731 τινὰ
2540 3676 2815 3739 λαϐόντες,
2852 3674 3013 3745 τυχὸν
3042 3671 3265 3741 ἐξῆλθον
3299 3671 3365 3724 ἄν
3386 3687 3401 3701 ’
3442 3668 3503 3720 σὺ
3523 3665 3577 3717 δέ
3600 3663 3685 3716 οὐκ

2139 3771 2205 3825 ἂν
2241 3770 2551 3842 ἀπερρίφης
2586 3768 2683 3835 τῆς
2722 3767 2919 3832 οἰκίας,
2966 3763 3154 3833 ἐπειδὴ
3187 3763 3287 3833 τῆς
3337 3756 3594 3829 οἰκήσεώς
3634 3769 3683 3806 σε

2137 3864 2456 3933 ἀποστερεῖν
2496 3861 2543 3914 οἰ
2577 3860 2664 3914 διὰ
2707 3858 2958 3931 λῃστείας
2993 3856 3061 3910 τὰ
3106 3853 3480 3927 προστυχόντα
3517 3845 3682 3917 ἀφελό-

2142 3971 2291 4025 μενοι
2342 3954 2443 4006 οὐκ
2482 3951 2776 4021 ἠδύναντο·
2818 3949 2914 4003 καὶ
2955 3947 3046 4001 ἐπὶ
3088 3945 3297 4017 τρύγην
3356 3944 3407 3997 δέ
3448 3957 3582 4003 τινες
3618 3937 3685 3997 εἰς

2139 4044 2439 4118 ἀμπελῶνα
2486 4042 2912 4114 εἰσεληλυθότες,
2941 4042 3176 4102 ίπάντως
3228 4041 3295 4093 ἄν
3350 4053 3469 4090 τινα
3498 4028 3684 4102 καρπὸν

2140 4139 2428 4193 κατέλιπον
2461 4141 2519 4191 ἐν
2546 4140 2665 4200 ταῖς
2688 4135 2950 4207 ἀμπέλοις
2969 4148 2985 4163 ’
3013 4132 3074 4186 τὸ
3100 4133 3157 4186 δέ
3183 4148 3247 4199 γε
3270 4130 3366 4184 νῦν
3386 4146 3466 4181 σοι
3495 4122 3683 4195 συμϐη-

2142 4229 2367 4299 σόμενον
2409 4227 2469 4280 ού
2516 4225 2756 4280 τοιοῦτον
2785 4224 2935 4278 ἔσται
2954 4241 2970 4257 ο
2998 4221 3378 4275 ἐπελεύσονται
3413 4216 3515 4287 γὰρ
3547 4210 3684 4265 πολέ-

2147 4335 2257 4391 μιοι
2284 4319 2333 4372 οἳ
2360 4317 2612 4373 τοσοῦτόν
2642 4334 2735 4369 σου
2767 4315 3296 4386 κατακρατήσουσιν,
3330 4310 3467 4363 ὥστε
3493 4307 3683 4361 ᾶπαντα

472 4406 727 4469 scrutati,
751 4404 890 4459 nihil
914 4404 1033 4468 tibi,
1062 4401 1407 4458 reconditum
1433 4400 1580 4464 licet,
1610 4400 1886 4455 incolume
1912 4414 2036 4457 esse

2142 4386 2590 4481 ἐξερευνήσαντες
2616 4409 2685 4462 τὰ
2710 4407 2981 4481 προσόντα
3009 4423 3112 4469 σοι,
3163 4403 3298 4475 μηδέ
3331 4402 3437 4455 τῶν
3460 4411 3681 4467 κεκρυμ-

470 4500 677 4556 sinant.
731 4496 878 4553 Adeo
924 4502 1126 4551 cuncta
1168 4495 1225 4548 in
1266 4508 1457 4549 eorum
1503 4499 1827 4562 potestatem
1876 4492 2039 4547 deve—

472 4592 646 4657 nient,
678 4589 772 4661 qui
806 4587 1070 4660 quidquid
1098 4586 1315 4640 libitum
1348 4583 1513 4641 fuerit
1540 4583 1887 4654 depopulati,
1921 4593 2037 4639 tum

472 4684 691 4739 demum
760 4680 1077 4736 abscedent.
1133 4677 1339 4733 Deinde
1407 4680 1479 4732 ob
1531 4677 1659 4731 mali
1718 4677 2040 4745 gravitatem

472 4773 854 4831 declarandam
878 4774 955 4827 ait
988 4790 1004 4827 :
1041 4789 1061 4824 ι
1093 4771 1281 4840 Usque
1311 4768 1381 4824 ad
1414 4769 1682 4824 terminos
1717 4775 1842 4823 tuos
1879 4768 2042 4823 dimi-

474 4873 664 4920 serunt
690 4871 741 4917 te
766 4863 871 4918 viri
906 4877 1100 4917 omnes
1133 4860 1357 4917 foederis
1392 4861 1512 4927 tui;
1540 4860 1878 4915 obsisterunt
1910 4860 2038 4925 tibi;

475 4958 622 5011 vires
646 4971 775 5011 suas
806 4963 1000 5010 contra
1034 4962 1087 5009 te
1125 4954 1500 5009 intenderunt.
1539 4969 1558 5003 ι
1592 4950 1694 5017 Qui
1725 4951 1850 5021 jure
1885 4948 2043 5020 146

476 5047 729 5101 amicitia:
776 5046 1061 5115 mutuique
1100 5044 1339 5115 praesidii
1393 5053 1571 5098 tecum
1607 5049 1766 5097 antea
1804 5042 2040 5111 copulati

474 5147 656 5205 erant,
688 5137 871 5195 statim
908 5152 971 5193 ac
998 5137 1325 5193 calamitatis
1361 5144 1467 5191 tua:
1493 5136 1811 5207 gravitatem
1853 5149 2042 5189 sense-

475 5230 610 5293 rint,
658 5226 727 5285 ad
772 5227 1011 5284 hostium
1060 5236 1242 5297 partes
1285 5228 1627 5293 transibunt;
1673 5241 1908 5296 cumque
1954 5224 2040 5280 his

477 5318 864 5388 conspirantes
889 5317 1091 5372 ﬁnibus
1121 5317 1231 5373 tuis
1260 5328 1313 5373 te
1343 5318 1646 5388 propellent
1664 5357 1679 5381 ,
1708 5317 1836 5372 dum
1873 5315 2043 5370 hosti—

477 5410 583 5466 bus
619 5408 1015 5479 gratiﬁcantur,
1046 5418 1209 5479 atque
1242 5408 1297 5463 in
1320 5408 1689 5478 captivitatem
1721 5408 2037 5464 extrudent.

475 5501 544 5556 IIi
575 5501 705 5557 totis
729 5501 938 5557 viribus
963 5501 1420 5565 adversabuntur,
1451 5510 1615 5571 atque
1641 5500 1893 5556 hostibus
1916 5516 2041 5571 sup-

478 5595 653 5664 petias
679 5592 874 5649 ferent.
911 5592 969 5649 Id
992 5594 1169 5663 ipsum
1206 5593 1336 5647 alibi
1370 5592 1553 5647 denuo
1587 5592 1759 5647 dicit:
1798 5611 1815 5642 ι
1850 5591 2037 5646 llomi-

482 5702 580 5741 nes
630 5687 709 5741 tui
750 5686 997 5758 pacifici,
1054 5685 1149 5756 qui
1190 5693 1369 5740 tecum
1409 5685 1586 5756 epulis
1622 5683 2039 5748 accumbebant,

484 5775 715 5832 insidias
770 5776 868 5833 tibi
924 5776 1349 5832 collocaverunt.
1404 5773 1562 5829 Nulla
1616 5783 1699 5831 est
1753 5774 2041 5845 prudentia

2146 4502 2321 4573 μένων
2359 4502 2614 4571 ἀκέραιον
2649 4498 2865 4569 ἀφεῖναί
2904 4514 2959 4551 τι
3006 4496 3160 4567 παρὰ
3207 4495 3321 4547 σοί·
3359 4492 3497 4546 οὕτω
3527 4488 3682 4542 πάντα

2139 4594 2248 4647 ὑπὸ
2277 4595 2378 4666 τὴν
2427 4593 2674 4659 ἐξουσίαν
2709 4591 2860 4644 ἔσται
2904 4588 3002 4661 τὴν
3045 4588 3288 4649 ἐκείνων.
3333 4586 3406 4656 (p.
3453 4580 3571 4649 221)
3601 4577 3681 4631 καὶ

2142 4685 2319 4739 πάντα
2367 4682 2627 4738 δοκοῦντα
2686 4679 3077 4735 ἀπελεύσονται
3126 4679 3413 4741 λαϐόντες·
3462 4670 3572 4727 εἶτα
3616 4671 3681 4729 εἰς

2141 4777 2361 4847 ἔλεγχον
2403 4776 2503 4845 τῆς
2551 4774 2855 4837 ἐπιτάσεως
2913 4772 3008 4826 τοῦ
3066 4771 3270 4825 κακοῦ·
3328 4788 3347 4820 ι
3403 4768 3541 4829 Ἕως
3589 4760 3681 4814 τῶν

2143 4868 2307 4938 ὁρίων
2334 4884 2426 4919 σου
2461 4864 2843 4931 ἐξαπέστειλαν
2874 4880 2933 4915 σε
2960 4863 3158 4925 πάντες
3182 4863 3229 4914 οἱ
3263 4860 3449 4930 ἄνδρες
3473 4855 3561 4924 τῆς
3579 4852 3681 4905 δια·

2146 4955 2319 5026 θήκης
2351 4969 2475 5008 σου⁶
2513 4954 2845 5023 ἀντέστησαν
2879 4969 2981 5016 σοι,
3021 4950 3362 5021 ἠδυνήθησαν
3399 4944 3527 5016 πρὸς
3547 4941 3618 4994 σέ.
3659 4956 3676 4988 ι

2145 5048 2256 5101 Καὶ
2303 5047 2410 5116 γὰρ
2448 5047 2541 5100 καὶ
2587 5049 2633 5099 οἰ
2678 5046 2940 5117 πρότερον
2978 5044 3265 5113 συνθήκας,
3290 5040 3467 5111 φιλίας
3510 5053 3563 5089 τε
3602 5031 3681 5086 καὶ

2146 5137 2458 5208 συμμαχίας
2477 5136 2689 5207 ἔχοντες
2708 5136 2845 5208 πρὸς
2872 5136 2950 5200 σὲ,
2972 5132 3294 5205 θεασάμενοί
3323 5148 3416 5184 σου
3437 5130 3528 5198 τῆς
3555 5141 3679 5192 συμ-

2146 5228 2319 5297 φορᾶς
2342 5226 2402 5279 τδ
2438 5227 2683 5296 μέγεθος,
2732 5227 2873 5280 οὕτω
2901 5226 3001 5297 τῆς
3047 5210 3156 5277 τῶν
3199 5222 3448 5277 ἐναντίων
3490 5218 3679 5272 ἔσονται

2149 5321 2361 5390 μοίρας,
2395 5318 2533 5372 ὥστε
2581 5335 2640 5371 σε
2673 5320 2768 5372 σὺν
2802 5318 3028 5381 ἐκείνοις
3058 5317 3272 5371 πάντων
3305 5313 3558 5382 ἐξωθῆναι
3585 5306 3677 5360 τῶν

2142 5411 2305 5480 ὁρίων
2334 5410 2442 5464 τῶν
2470 5410 2597 5475 σῶν,
2619 5412 2802 5483 χάριτι
2831 5408 3229 5480 τῶνπολεμίων
3257 5409 3349 5461 ἐπὶ
3380 5408 3475 5478 τὴν
3502 5405 3678 5473 αἰχμα-

2145 5504 2344 5558 λωσίαν
2392 5502 2700 5566 ὠθοῦντας⁸
2759 5503 2808 5556 οἳ
2860 5505 2956 5556 καὶ
3007 5501 3411 5571 ἀντιστήσονταί
3450 5516 3552 5561 σοι,
3599 5493 3674 5547 καὶ

2145 5594 2463 5664 δυνήσονται
2492 5597 2602 5657 τοῖς
2639 5593 2913 5665 πολεμίοις
2941 5593 3379 5665 συμπράττοντες
3419 5586 3526 5650 τοῖς
3550 5586 3651 5645 σοῖς
3662 5598 3673 5612 ⁹

2149 5687 2242 5739 καὶ
2268 5685 2328 5738 τὸ
2357 5686 2487 5739 αὐτὸ
2520 5685 2681 5739 πάλιν
2709 5688 2912 5757 ἑτέρως
2953 5685 3152 5754 λέγων·
3193 5704 3211 5736 ι
3256 5683 3474 5751 Ἀνδρες
3500 5679 3676 5746 εἰρηνι-

2150 5775 2235 5830 κοί
2268 5792 2360 5830 σου
2389 5778 2435 5830 οἱ
2467 5776 2835 5841 συνεσθίοντὲς
2863 5793 2965 5843 σοι,
3001 5776 3203 5846 ἔθηκαν
3238 5773 3424 5844 ἕνεδρα
3449 5764 3675 5823 ὑποκάτω
