3844 6222
416 305 524 363 515

1559 306 1912 371 THEODORI
1951 314 2440 381 MOPSUESTENI

3556 329 3672 388 5N}

419 425 567 479 tibus
595 425 838 486 tradens.
873 425 984 484 Hoc
1006 430 1154 487 enim
1179 433 1469 504 signilicat,
1500 453 1520 485 ι
1546 433 1732 506 Neque
1763 439 1982 495 steteris

2095 440 2406 514 πορίζεσθαι
2455 440 2896 514 προσδοκῶντες,
2955 443 3050 496 καὶ
3097 439 3322 506 τούτους
3377 441 3666 499 ἀπολλύειν

421 515 476 569 in
519 517 762 573 exitibus
795 535 1007 585 eorum,
1042 528 1099 576 ut
1128 525 1418 580 evadentes
1450 527 1662 595 perdas.
1695 544 1871 598 neque
1893 530 1981 585 fu-

418 621 539 672 gain
581 622 768 662 eorum
818 610 1082 680 impedias
1121 614 1174 668 in
1215 613 1304 668 die
1351 616 1676 672 calamitatis
1703 634 1910 673 eorum.
1957 637 1978 670 ι

418 697 598 764 Atque
654 699 846 754 horum
894 701 1166 757 dictorum
1225 704 1499 773 generalis
1547 707 1818 760 sententia
1867 707 1982 761 haec

418 793 522 849 est,
555 789 680 856 quia
720 789 950 845 fratrum
994 801 1212 848 tuorum
1245 793 1611 850 lsraelitarum
1640 797 1808 851 exitio
1831 797 1984 852 laeta-

421 887 508 934 tus
545 895 639 945 es;
690 883 818 952 quia
864 887 1142 955 suppetias
1195 887 1446 942 hostibus
1497 897 1687 943 contra
1731 890 1854 944 illos
1897 900 1982 944 tuo

423 969 570 1033 listi,
610 972 876 1043 malisque
921 977 1235 1032 eorumdem
1276 979 1496 1048 gavisus
1546 994 1645 1045 es;
1680 987 1843 1050 atque
1886 994 1982 1034 eos

421 1073 521 1127 pro
556 1059 817 1119 facultate
846 1077 936 1120 tua
971 1067 1309 1125 detrimentis
1349 1070 1614 1137 affecisti;
1646 1071 1854 1126 idcirco
1885 1086 1980 1142 pa-

423 1158 598 1206 ratum
641 1155 735 1208 tibi
765 1159 879 1211 lues
902 1160 1250 1228 supplicium.
1280 1160 1460 1226 Quare
1488 1163 1638 1225 addit
1665 1181 1678 1217 :

2083 532 2408 598 ἐσπούδαζες
2432 573 2448 597 ,
2479 532 2986 604 συλλαμϐανόμενός
3027 550 3088 585 τε
3117 534 3244 596 τοὺς
3272 530 3570 602 φεύγοντας
3603 536 3666 601 ἐξ

2082 618 2260 672 αὐτῶν
2286 623 2378 673 καὶ
2408 622 2738 692 παραδιδοὺς
2781 622 3042 693 τιμωρίᾳ·
3085 621 3244 675 τοῦτο
3274 622 3384 694 γὰρ
3413 623 3558 692 λέγει
3575 629 3661 687 τὸ,

2089 729 2108 761 ι
2153 709 2243 781 Μὴ
2276 713 2502 784 ἐπιστῇς
2528 714 2620 767 ἐπὶ
2641 714 2740 777 τὰς
2767 713 3050 777 διεκϐολὰς
3070 713 3248 766 αὐτῶν
3283 713 3664 786 ἐξολοθρεῦσαι

2081 801 2206 864 τοὺς
2229 803 2672 874 ἀνασωζομένους
2701 803 2759 870 ἐξ
2787 804 3069 875 αὑτῶν,(ρ.
3095 804 3221 874 224)
3252 805 3385 876 μηδὲ
3411 806 3664 874 συγκλεί-

2087 907 2186 964 σῃς
2238 895 2362 958 τοὺς
2389 895 2688 965 φεύγοντας
2733 896 2913 951 αὐτῶν
2943 898 3000 949 ἐν
3037 897 3222 968 ἡμέρᾳ
3259 896 3510 967 θλίψεωςο
3537 915 3558 949 ι
3593 898 3666 950 δι’

2085 983 2219 1037 ὅλων
2245 984 2562 1058 βουλόμενος
2594 989 2785 1055 εἰπεῖν,
2816 990 2896 1042 ὅτι
2945 988 3111 1061 Ὑπὲρ
3147 982 3221 1043 ὧν
3252 989 3425 1060 ἥσθης
3477 992 3570 1044 ἐπὶ
3593 993 3665 1062 τῇ

2083 1074 2192 1126 τῶν
2237 1077 2584 1148 Ἰσραηλιτῶν
2617 1080 2861 1152 ἀπωλείᾳ
2887 1079 3128 1150 ἀδελφῶν
3184 1081 3353 1136 ὄντων
3395 1080 3524 1146 σῶν,
3569 1084 3671 1136 καὶ

2097 1165 2161 1237 δὴ
2195 1169 2291 1221 καὶ
2319 1173 2430 1233 τοῖς
2458 1171 2734 1242 πολεμίοις
2784 1170 3126 1244 συνέπραξας
3160 1173 3282 1225 κατ’
3315 1173 3524 1236 αὐτῶν,
3567 1174 3670 1227 καί

425 1237 599 1312 ἣσθης
633 1244 726 1295 ἐπὶ
769 1246 883 1306 τοῖς
925 1246 1104 1298 αὐτῶν
1153 1251 1376 1313 κακοῖς,
1427 1250 1704 1321 διαφόροις
1745 1267 1804 1302 τε
1839 1250 2037 1314 αὐτοὺς
2079 1255 2173 1307 καὶ
2218 1258 2378 1322 αὐτὸς
2421 1261 2562 1314 κατὰ
2594 1237 2711 1331 ’τὴν
2757 1237 2968 1316 οἰκείαν
3003 1262 3232 1334 δύναμιν
3265 1264 3670 1337 περιϐέϐληκας

424 1336 536 1397 τοῖς
575 1337 763 1397 κακοῖς
781 1373 795 1397 ,
829 1335 968 1405 ὑπὲρ
1000 1336 1203 1391 τούτων
1233 1339 1296 1410 δὴ
1323 1339 1418 1409 τὴν
1463 1341 1759 1412 μέλλουσαν
1788 1341 2076 1410 ὑπομενεῖς
2103 1348 2390 1419 τιμωρίαν.
2423 1349 2583 1404 Ὅθεν
2609 1353 2801 1421 ἐπάγει
2819 1368 2835 1384 ο

499 1427 658 1500 148
687 1427 852 1483 Vsus.
901 1431 1078 1485 15-17.
1113 1462 1180 1472 —
1208 1451 1226 1484 ι
1263 1433 1400 1498 Quia
1432 1451 1599 1505 prope
1630 1443 1713 1491 est
1740 1435 1856 1490 dies
1887 1434 1990 1488 Do-

2157 1441 2305 1512 Στίχ.
2338 1443 2516 1509 ιε’-ιζ’.
2545 1476 2616 1485 —
2665 1463 2685 1498 ι
2720 1446 2862 1500 Διότι
2887 1446 3055 1515 ἐγγὺς
3091 1447 3276 1518 ἡμέρα
3318 1448 3524 1518 Κυρίου
3567 1450 3668 1504 ἐπὶ

423 1522 555 1573 mini
585 1536 747 1589 super
775 1539 965 1577 omnes
995 1533 1202 1594 gentes.
1237 1525 1367 1591 Quae
1401 1527 1525 1581 aliis
1558 1526 1761 1591 fecisti,
1795 1526 1983 1581 eadem

2095 1531 2260 1586 πάντα
2283 1534 2350 1588 τὰ
2383 1535 2531 1605 έθνη’
2561 1536 2620 1591 ὃν
2642 1539 2841 1607 τρόπον
2870 1538 3153 1610 ἐποίησας,
3181 1537 3324 1592 οὕτω
3361 1539 3513 1593 ἔσται
3544 1557 3654 1595 σοι’

425 1610 524 1663 tibi
583 1609 751 1674 ﬁent;
819 1614 1106 1669 retributio
1169 1625 1259 1670 tua
1318 1617 1648 1672 retribuetur
1714 1618 1769 1672 in
1822 1624 1988 1687 caput

2095 1623 2144 1677 τὸ
2163 1625 2508 1698 ἀνταπόδομά
2541 1645 2633 1681 σου
2663 1609 3153 1702 ἀνταποδοθήσεται
3184 1646 3267 1683 σοι
3309 1633 3389 1694 είς
3420 1632 3669 1704 κεφαλήν

424 1712 600 1756 tuum.
641 1722 659 1754 ι
696 1703 864 1759 Adest
896 1708 1038 1760 enim
1074 1715 1288 1777 tempus
1321 1725 1430 1779 quo
1473 1709 1616 1767 Deus
1651 1711 1840 1781 puniet
1876 1726 1989 1765 om-

2095 1733 2200 1769 που.
2239 1737 2258 1768 ι
2298 1719 2459 1773 Ἤκει
2499 1721 2606 1792 γὰρ
2639 1723 2667 1774 ό
2699 1723 2890 1793 καιρὸς
2923 1721 3046 1775 καθ’
3086 1722 3146 1776 ὃν
3177 1723 3422 1786 ἅπαντας
3453 1725 3550 1794 μὲν
3577 1703 3670 1778 τι·

423 1809 525 1848 nes
585 1795 677 1864 qui
744 1795 1039 1864 aliquando
1099 1798 1358 1855 lsraclitis
1407 1803 1547 1857 male
1600 1801 1867 1857 fecerunt.
1922 1800 1987 1854 Et

2095 1810 2403 1881 μωρήσεται
2429 1813 2553 1875 τοὺς
2600 1814 2884 1884 ὁτιδήποτε
2932 1815 3287 1885 πεπραχότας
3312 1815 3393 1878 είς
3422 1816 3625 1880 αὐτοὺς
3650 1859 3666 1881 ,

425 1883 641 1952 quidem
676 1884 770 1938 tibi
819 1901 928 1954 prae
961 1888 1173 1943 caeteris
1211 1904 1426 1958 gravem
1467 1892 1708 1961 imponet
1747 1909 1984 1963 poenam,

2095 1898 2323 1974 μάλιστα
2348 1901 2404 1954 δὲ
2428 1902 2642 1956 πάντων
2673 1883 2897 1975 βαρεῖαν
2925 1883 3114 1970 ἐπάξει
3137 1921 3218 1956 σοι
3246 1902 3341 1974 τὴν
3363 1905 3665 1974 τιμωρίαν,

427 1989 723 2043 paremque
755 1976 1030 2031 maleficiis
1060 1994 1180 2047 quae
1217 1981 1269 2032 in
1319 1979 1514 2036 fratres
1547 1992 1672 2038 tuos
1708 1985 1989 2039 commisi-

2095 1992 2348 2060 ἀνάλογόν
2387 2011 2467 2046 σοι
2509 1994 2604 2064 τὴν
2647 1993 2931 2066 συμφορὰν
2975 1995 3197 2062 ἐπάγων
3242 1988 3322 2058 οἷς
3357 1995 3670 2066 πεποίηκας

428 2064 519 2118 sti.
574 2083 592 2114 ι
624 2063 764 2130 Quia
815 2067 1272 2136 quemadmodum
1318 2070 1500 2126 bibisti
1543 2089 1704 2142 super
1749 2086 1988 2131 montem

2095 2083 2208 2136 κατ’
2237 2085 2436 2140 αὐτῶν.
2474 2104 2494 2137 ‹
2528 2063 2745 2140 Διότιὸν
2776 2063 2976 2158 τρόπον
3009 2086 3164 2149 έπιες
3189 2087 3282 2140 ἐπὶ
3317 2087 3378 2140 τὸ
3397 2087 3523 2158 ὅρος
3544 2063 3667 2158 *μου

429 2165 678 2210 sanctum
724 2173 924 2225 meum,
966 2161 1046 2215 sic
1093 2161 1276 2216 bibent
1306 2177 1499 2220 omnes
1542 2168 1725 2236 populi
1757 2168 1985 2223 vinum:

427 2247 613 2300 bibent
642 2255 695 2301 et
725 2249 1056 2316 ascendent;
1086 2262 1354 2322 eruntque
1384 2256 1530 2310 sicut
1571 2272 1679 2312 non
1721 2260 1991 2316 exsisten-

427 2345 529 2391 tes.
564 2357 582 2388 ι
614 2335 748 2391 Nam
785 2348 839 2394 et
875 2343 989 2410 ipse
1017 2352 1301 2412 propterea
1337 2347 1482 2417 quod
1524 2358 1715 2404 contra
1749 2361 1989 2408 montem

430 2443 606 2482 meum
644 2430 963 2502 incolasque
1007 2435 1125 2502 ejus
1160 2437 1406 2494 invectus
1449 2455 1529 2507 es,
1573 2443 1848 2511 supplicio
1883 2459 1991 2498 non

427 2521 662 2579 carebis.
695 2524 796 2589 Qui
831 2529 1115 2581 sententiae
1161 2537 1265 2582 tua:
1297 2529 1671 2602 factorumque
1701 2535 1993 2605 participes

430 2608 650 2679 fuerint,
697 2614 857 2669 iidem
890 2631 1066 2686 paena:
1102 2634 1321 2690 quoque
1351 2622 1488 2676 socii
1537 2632 1719 2690 erunt,
1751 2624 1993 2681 interne-

429 2701 552 2755 civo
591 2705 775 2760 traditi
810 2708 997 2766 exitio.
1048 2709 1120 2763 ita
1153 2721 1212 2764 ut
1260 2712 1328 2766 ab
1368 2712 1435 2768 iis
1470 2729 1578 2768 non
1609 2715 1861 2771 differant
1899 2719 1991 2788 qui

431 2793 565 2847 nulli
617 2805 766 2850 sunt.
817 2796 952 2852 Nam
1005 2803 1168 2855 verba
1221 2820 1239 2852 ι
1273 2803 1456 2858 bibisti
1494 2824 1512 2856 ι
1560 2815 1615 2861 et
1666 2825 1686 2858 ‹
1722 2808 1928 2874 bibent,
1968 2829 1988 2862 ι

427 2881 958 2941 animadversionem
995 2890 1302 2958 significant
1349 2893 1402 2948 in
1434 2893 1718 2950 Idumaeam
1749 2899 1993 2968 aliosque

430 2971 614 3028 hostes
653 2980 1097 3044 expromendam.
1127 2981 1326 3048 Veluti,
1361 3004 1380 3035 ‹
1415 2986 1567 3041 Calix
1596 2988 1649 3042 in
1697 3004 1861 3044 manu
1891 2990 1994 3045 Do-

427 3061 561 3115 mini
607 3064 800 3132 plenus
852 3068 1032 3122 misto.
1072 3071 1135 3124 Et
1177 3073 1460 3128 inclinavit
1499 3091 1562 3130 ex
1614 3077 1716 3132 hoc
1756 3079 1810 3132 in
1855 3080 1990 3148 hoc;

2088 2175 2148 2228 τὸ
2179 2174 2360 2243 ἀγιον,
2397 2177 2608 2232 πίονται
2643 2178 2823 2233 πάντα
2860 2179 2928 2232 τὰ
2957 2178 3084 2249 ἔθνη
3119 2175 3281 2232 οἶνον·
3321 2179 3536 2233 πίονται
3569 2181 3671 2234 καὶ

2089 2268 2468 2338 ἀναϐήσονται,
2503 2271 2597 2323 καὶ
2635 2270 2848 2325 ἔσονται
2877 2270 3061 2333 καθὼς
3093 2271 3192 2341 οὐχ
3241 2271 3600 2342 ὑπάρχοντες.
3643 2291 3664 2325 ι

2091 2360 2260 2423 Αὐτός
2287 2377 2346 2413 τε
2384 2360 2491 2434 γὰρ
2523 2362 2662 2432 ὑπὲρ
2692 2355 2770 2415 ὧν
2801 2363 2880 2422 είς
2912 2363 2972 2416 τὸ
2999 2362 3123 2433 ὅρος
3149 2363 3210 2416 τὸ
3249 2363 3380 2434 ἐμὸν
3409 2363 3536 2426 τοὺς
3583 2364 3670 2417 oi-

2093 2451 2321 2515 κοῢντας
2367 2454 2425 2504 ἐν
2459 2452 2606 2523 αὐτῷ
2645 2453 2872 2506 τοιαῦτα
2914 2453 3287 2525 τετόλμηκας,
3321 2453 3527 2518 δέδεξαι
3551 2455 3670 2524 τὴν

2092 2544 2378 2615 τιμωρίαψ
2404 2546 2453 2599 οἱ
2484 2545 2908 2617 κοινωνήσαντές
2933 2546 2994 2599 τέ
3031 2563 3112 2599 σοι
3150 2549 3248 2618 τῆς
3275 2547 3499 2618 γνώμης
3531 2546 3668 2600 ταύ-

2091 2651 2191 2700 της
2229 2635 2458 2690 καὶτῶν
2507 2636 2779 2708 πράξεων,
2829 2638 2905 2700 ὼς
2953 2638 3098 2701 είκδς
3145 2639 3533 2710 κοινωνήσουσι
3570 2638 3672 2708 τῆς

2091 2726 2380 2797 τιμωρίας,
2409 2729 2662 2781 παντελεῖ
2692 2728 2988 2800 ληφθέντες
3017 2729 3284 2800 ἀπωλείᾳ,
3316 2728 3394 2800 (p.
3431 2729 3559 2801 2‘25)
3594 2729 3671 2792 ὡς

2096 2817 2259 2887 μηδὲν
2291 2818 2605 2873 ἀπεοικέναι
2649 2820 2755 2874 τῶν
2785 2820 3036 2888 καθάπαξ
3086 2821 3187 2875 οὐκ
3228 2821 3420 2875 ὄντων*
3467 2821 3529 2874 τὸ
3567 2823 3672 2890 μὲν

2093 2908 2201 2980 γὰρ
2221 2929 2240 2960 ι
2271 2909 2422 2973 ἔπιες
2459 2929 2478 2961 ι
2501 2912 2593 2964 καὶ
2619 2930 2638 2961 ι
2667 2912 2902 2978 πίονται,
2931 2930 2948 2963 ι
2983 2911 3081 2984 τὴν
3110 2912 3538 2986 τιμωρίανδηλοῖ
3566 2912 3673 2982 τὴν

2091 2999 2276 3062 αὐτοῖς
2316 3016 2377 3052 τε
2416 3001 2867 3074 ὲπαχθησομένην
2901 3003 2994 3056 καὶ
3037 3005 3148 3066 τοῖς
3188 3002 3392 3066 λοιποῖς
3415 3017 3428 3030 ⁸
3471 3003 3549 3067 ὡς
3582 3005 3667 3066 τὸ,

2107 3103 2128 3137 ι
2167 3086 2432 3160 Ποτήριον
2473 3089 2532 3144 ἐν
2579 3088 2726 3161 χειρὶ
2781 3091 3167 3162 Κυρίου,οί’νου
3183 3092 3671 3164 ἀκράτου,πλῆρες

429 3163 802 3212 verumtamen
837 3159 943 3240 faex
989 3163 1108 3230 ejus
1157 3181 1263 3219 non
1311 3178 1393 3222 est
1436 3170 1711 3226 exinanita
1759 3173 1989 3230 :bibent

2095 3159 2457 3253 κεράσματος·
2491 3159 2816 3236 καῖέκλινεν
2845 3159 2910 3236 ἐκ
2934 3184 3124 3238 τούτου
3155 3186 3235 3247 είς
3254 3159 3439 3239 τοῦτο’
3469 3159 3617 3257 πλην
3642 3188 3670 3238 ό

426 3257 620 3300 omnes
656 3261 968 3315 peccatores
1005 3263 1160 3310 terra:
1183 3256 1245 3311 ⁸⁸.
1280 3277 1298 3309 ι
1332 3258 1593 3315 Memorat
1625 3272 1803 3318 autem
1840 3281 1994 3320 mon-

428 3345 535 3390 tem
585 3349 836 3395 sanctum
892 3359 1076 3408 suum.
1141 3349 1463 3419 significans
1506 3353 1622 3410 fore
1667 3363 1725 3410 ut
1774 3365 1994 3428 propter

427 3428 661 3485 crimina
720 3432 984 3491 adversus
1033 3454 1156 3492 eum
1211 3451 1450 3497 montem
1514 3446 1832 3517 incolasque
1874 3450 1994 3518 ejus

428 3526 661 3587 patrata.
715 3537 889 3591 paenae
928 3527 1150 3582 obnoxii
1198 3531 1328 3585 fiant
1355 3532 1570 3590 idumaai
1601 3557 1614 3590 :
1646 3546 1699 3592 et
1733 3539 1825 3609 qui
1869 3555 1991 3594 cum

426 3624 618 3665 eorum
665 3616 911 3670 consiliis
969 3619 1240 3690 rebusque
1292 3627 1461 3693 gestis
1519 3614 1990 3698 conspiraverunt,

429 3699 591 3754 iidem
624 3703 691 3756 ad
714 3706 969 3774 supplicii
1004 3711 1321 3767 societatem
1354 3726 1637 3781 vocentur,
1667 3721 1994 3790 capitalique

428 3793 663 3848 vindicta
707 3799 1023 3866 puniantur.
1065 3823 1084 3854 ‹
1115 3803 1171 3858 In
1227 3805 1358 3860 Sion
1391 3819 1569 3865 autem
1622 3821 1804 3868 monte
1844 3817 1993 3873 salus

427 3886 532 3939 erit
556 3895 606 3942 et
642 3891 925 3957 sanctitas,
957 3905 1010 3947 et
1045 3897 1345 3963 possidebit
1373 3897 1544 3956 Jacob
1570 3903 1662 3972 qui
1709 3921 1767 3960 se
1801 3923 1992 3975 posse-

429 3976 639 4031 derant.
682 3997 702 4029 ι
755 3977 925 4036 Vobis
976 3986 1158 4054 itaque
1197 3989 1470 4058 sociisque
1504 3995 1857 4049 consiliorum
1905 4014 1994 4052 ve—

431 4071 668 4118 strorum
719 4067 832 4122 ltazc
890 4073 1157 4128 accident.
1204 4075 1502 4132 Incolumes
1558 4093 1735 4135 autem
1797 4095 1990 4149 erunt,

402 4143 593 4223 atque
638 4157 783 4209 onmi
829 4159 1157 4218 adversitate
1211 4167 1476 4220 carebunt
1518 4169 1570 4223 in
1623 4180 1804 4228 monte
1864 4174 1994 4230 Sion

429 4245 522 4314 qui
551 4255 710 4300 antea
753 4247 908 4304 bellis
944 4257 1380 4322 appetebantur:
1411 4268 1575 4329 atque
1610 4262 1683 4315 ita
1715 4279 1872 4320 mons
1903 4268 1994 4322 ille

431 4345 653 4406 prapter
680 4337 875 4394 horum
903 4345 1252 4399 securitatem
1288 4358 1513 4405 sanctus
1542 4352 1815 4407 videbitur
1842 4373 1855 4408 :
1883 4357 1992 4412 imo

429 4443 560 4484 vero
593 4432 806 4487 cunctis
841 4434 1290 4502 dominabuntur,
1329 4440 1444 4510 qui-
1468 4457 1526 4497 se
1575 4453 1734 4498 antea
1772 4447 1988 4503 device-

430 4531 575 4582 rant,
623 4518 793 4575 Jacob
839 4526 1072 4592 posteri;
1123 4528 1322 4596 quibus
1372 4528 1629 4585 nimirum
1672 4549 1771 4587 vos
1818 4552 1993 4608 nuper-

429 4609 706 4679 vestrique
739 4614 871 4666 socii
905 4615 1118 4670 molesti
1148 4617 1316 4673 armis
1347 4618 1552 4676 fuistis.

503 4703 664 4757 Vsus.
706 4704 894 4762 18-21.
926 4737 996 4748 —
1022 4726 1040 4759 ι
1083 4708 1148 4762 Ει
1171 4711 1274 4764 erit
1323 4711 1518 4769 domus
1552 4712 1722 4771 Iacob
1751 4716 1916 4787 ignis,
1941 4727 1996 4774 et

427 4792 623 4850 domus
666 4793 866 4868 Joseph
907 4797 1160 4858 ﬂamma:
1215 4812 1267 4856 et
1317 4804 1510 4860 domus
1555 4805 1697 4861 Esau
1745 4809 1989 4879 stipula:

432 4883 592 4955 149
621 4893 674 4940 et
722 4891 1120 4945 succendentur
1163 4893 1217 4946 in
1261 4895 1363 4958 eis,
1404 4897 1782 4967 vorabuntque
1817 4917 1932 4956 eos.
1969 4921 1987 4953 ι

429 4973 545 5039 Sic,
580 4976 776 5046 inquit,
813 4979 1077 5037 Idumaeos
1103 5000 1294 5040 omnes
1333 4989 1670 5057 superabunt
1709 4990 1988 5059 Israelitaa,

429 5072 489 5118 ut
519 5067 696 5121 instar
737 5070 878 5139 ignis
907 5072 1163 5142 stipulam
1199 5078 1557 5145 absumentis,
1598 5082 1817 5137 eosdem
1865 5085 1988 5139 belli

426 5157 479 5211 vi
513 5156 741 5212 deleturi
772 5161 904 5215 sint.
957 5180 979 5214 ι
1015 5163 1077 5218 Et
1123 5181 1228 5219 non
1269 5169 1373 5221 erit
1411 5168 1715 5241 flammiger
1760 5174 1813 5226 in
1845 5173 1989 5228 Esau

425 5249 607 5315 domo,
638 5252 764 5320 quia
790 5251 1053 5310 Dominus
1075 5257 1288 5313 loculus
1317 5267 1421 5315 est.
1462 5280 1479 5311 ι
1515 5261 1782 5327 Quoniam
1812 5265 1990 5334 ignem

425 5341 562 5396 dixit
583 5341 834 5400 israelem
867 5343 1009 5400 Esau
1047 5345 1180 5413 fore,
1225 5351 1390 5404 veluti
1422 5353 1463 5406 si
1499 5369 1688 5410 omnes
1717 5360 1837 5426 ejus
1859 5372 1990 5427 opes

425 5432 566 5486 iwllo
595 5442 742 5488 esset
772 5447 1221 5508 consumpturus,
1252 5441 1456 5498 idcirco
1484 5461 1595 5499 non
1626 5447 1750 5511 erit,
1791 5449 1987 5518 inquit,

424 5517 726 5593 Ilmnniger
770 5525 824 5579 in
880 5523 1022 5582 Esau
1049 5528 1252 5587 domo:
1290 5532 1340 5587 id
1387 5541 1470 5588 est
1509 5534 1710 5590 nemini
1755 5517 1988 5593 Μαιηωο

501 5741 545 5774 ⁸⁸
585 5737 750 5797 Ρδςιὶο·
777 5761 918 5809 utr,
961 5749 1010 5802 9.

2092 3274 2317 3346 τρυγίας
2334 3274 2496 3328 αὐτοῦ
2512 3273 2610 3328 οὐκ
2625 3274 2943 3345 ἐξεκενώθη·
2971 3274 3176 3329 πίονται
3205 3275 3403 3338 πάντες
3421 3277 3470 3329 oi
3487 3277 3670 3347 ἀμαρ-

2092 3365 2252 3418 τωλοὶ
2277 3365 2374 3433 τῆς
2401 3365 2525 3435 γῆς·
2562 3385 2580 3416 ι
2611 3365 2670 3418 τὸ
2691 3367 2748 3419 δὲ
2771 3385 2788 3418 ι
2815 3367 2905 3419 ἐπὶ
2931 3366 2991 3419 τὸ
3019 3368 3140 3437 ὅρος
3165 3385 3264 3438 μου
3278 3368 3336 3420 τὸ
3349 3366 3555 3435 ἀγιον.»
3583 3371 3670 3423 ἵνα

2093 3453 2243 3524 είπῃο
2282 3453 2451 3523 ’Υπὲρ
2475 3446 2549 3506 ὧν
2570 3455 2648 3516 είς
2662 3453 2723 3506 τὸ
2743 3454 2865 3519 ὅρος
2885 3454 2946 3507 τὸ
2967 3455 3098 3526 ἐμὸν
3123 3457 3203 3518 είς
3226 3474 3285 3509 τε
3300 3458 3426 3515 τοὺς
3455 3458 3670 3512 οἰκοῦν-

2093 3558 2192 3604 τας
2215 3541 2440 3612 ἐναὺτῷ
2462 3541 2685 3596 τοιαῦτα
2707 3542 3077 3614 τετολμήκατε
3097 3585 3112 3610 ,
3139 3544 3345 3609 δέδεξαι
3369 3546 3465 3618 τὴν
3496 3564 3666 3617 τιμον

2097 3635 2234 3705 ρίαν·
2273 3635 2322 3686 οἱ
2366 3633 2792 3705 κοινωνήσαντές
2828 3633 2890 3686 τέ
2924 3652 3005 3688 σοι
3043 3637 3142 3706 τῆς
3186 3635 3410 3707 γνώμης
3453 3637 3666 3709 ταύτης

2094 3721 2188 3775 καὶ
2211 3719 2318 3774 τῶν
2347 3720 2625 3791 πράξεων,
2655 3721 2730 3783 ὡς
2758 3720 2902 3784 εἰκὸς
2933 3724 3316 3790 κοινωνήσουσι
3353 3726 3452 3794 τῆς
3489 3743 3664 3794 τιμω-

2096 3809 2252 3880 ρίας,
2299 3807 2551 3860 παντελεῖ
2591 3807 2884 3876 ληφθέντες
2928 3808 3194 3881 ἀπωλείᾳ.
3250 3828 3266 3861 ι
3345 3812 3429 3863 Ἐν
3484 3811 3540 3865 δὲ
3589 3814 3667 3881 τῷ

2093 3895 2209 3966 δρει
2254 3894 2388 3947 Σιὼν
2440 3894 2588 3948 ἔσται
2636 3895 2954 3964 ήσωτηρία,
3003 3897 3096 3948 καὶ
3143 3895 3295 3949 ἔσται
3341 3898 3517 3966 ἅγιον,
3570 3897 3668 3952 καὶ

2093 3987 2723 4058 κατακληρονομήσουσιν
2773 3988 2802 4039 ὁ
2847 3984 2992 4051 οἶκος
3045 3987 3238 4041 Ἰακὼϐ
3278 3989 3404 4053 τοὺς
3463 3989 3662 4061 κληρο-

2093 4082 2425 4150 νομήσοντας
2483 4079 2698 4141 αὐτούς.
2738 4097 2756 4130 ι
2816 4079 2952 4149 Περὶ
3000 4079 3100 4149 μὲν
3146 4075 3237 4133 οὖν
3282 4081 3421 4150 ὑμᾶς
3463 4097 3522 4132 τε
3572 4082 3666 4134 καὶ

2091 4171 2217 4232 τοὺς
2249 4170 2709 4240 κεκοινωνηκότας
2750 4170 2879 4239 ὑμῖν
2926 4170 3023 4239 τῆς
3065 4171 3310 4240 γνώμης,
3360 4171 3532 4224 ταῦτα
3572 4189 3636 4240 γε

2093 4261 2332 4328 νήσεται·
2395 4257 2857 4327 περισωθήσονται
2925 4258 2981 4309 δὲ
3037 4260 3132 4310 καὶ
3191 4259 3371 4329 πάσης
3417 4260 3666 4330 ἀνάγκης

2095 4348 2198 4414 ἔξω
2225 4347 2542 4416 γενήσονται
2575 4347 2632 4398 ἐν
2660 4344 2737 4415 τῷ
2771 4345 2886 4416 ὄρει
2911 4346 2989 4416 τῷ
3032 4345 3169 4400 Σιὼν
3204 4349 3468 4419 πρότερον
3498 4348 3665 4401 πολε-

2099 4439 2378 4509 μηθέντεςο
2406 4435 2545 4488 ὥστε
2573 4435 2739 4500 ὅντως
2773 4438 2904 4491 αὑτὸ
2933 4437 3021 4490 διὰ
3056 4439 3155 4508 τῆς
3175 4440 3379 4494 τούτων
3410 4441 3663 4512 βοηθείας

2097 4530 2247 4599 ἅγιον
2274 4527 2526 4598 φανῆναι·
2561 4529 2682 4580 ἐπεὶ
2711 4529 2803 4581 καὶ
2829 4528 3031 4592 πάντας
3053 4531 3179 4592 τοὺς
3199 4531 3460 4603 πρότερον
3484 4532 3662 4586 αὐτῶν

2093 4621 2500 4691 κεκρατηκότας
2550 4620 2892 4691 ὑποχειρίους
2927 4620 3140 4686 ἕξουσιν
3179 4625 3227 4676 oi
3273 4623 3530 4691 ἀπόγονοι
3563 4623 3660 4676 τοῦ

2105 4712 2318 4774 Ἰακὼϐ,
2342 4711 2434 4776 οὓς
2450 4714 2764 4782 ἐπολεμεῖτε
2787 4712 2938 4765 ἔνθεν
2958 4713 3118 4782 ὑμεῖς
3145 4713 3282 4783 μετά
3304 4715 3412 4767 τῶν
3436 4714 3657 4767 λοιπῶν.

2160 4805 2306 4875 Στίχ.
2344 4811 2551 4876 ιη’-κα’.
2579 4838 2646 4846 —
2685 4825 2702 4857 ι
2737 4807 2845 4858 Καὶ
2878 4805 3032 4859 ἔσται
3057 4807 3085 4858 ὁ
3113 4801 3260 4868 οἶκος
3299 4806 3492 4860 Ἰακὼϐ
3527 4807 3658 4878 πῦρ,

2090 4897 2183 4950 καὶ
2205 4897 2233 4948 ὁ
2261 4891 2407 4960 οἶκος
2451 4896 2647 4965 Ἰωσὴφ
2683 4895 2832 4964 φλὸξ,
2858 4897 2884 4948 ὁ
2910 4895 2966 4947 δὲ
2991 4891 3139 4958 οἶκος
3178 4894 3348 4949 Ἦσαῦ
3383 4897 3462 4958 είς
3485 4895 3654 4950 καλά-

2096 5004 2222 5059 μην·
2255 4987 2348 5040 καὶ
2377 4987 2806 5056 ἐκκαυθήσονται
2845 4987 2923 5048 είς
2944 4986 3162 5049 αὐτοὺς,
3191 4987 3285 5039 καὶ
3319 4988 3652 5056 καταφάγον-

2091 5097 2180 5131 ται
2210 5078 2426 5141 αὐτούς.
2459 5098 2477 5128 ›
2522 5079 2598 5148 (p.
2630 5077 2754 5146 226)
2784 5075 2938 5130 Οὕτω
2971 5077 3079 5149 γὰρ
3108 5080 3466 5148 κρατήσουσιν
3489 5081 3654 5134 ἀπάν-

2091 5189 2198 5224 των
2221 5174 2269 5224 οί
2305 5172 2630 5242 Ἰσραηλῖται
2652 5171 2760 5223 τῶν
2795 5169 3121 5241 Ἰδουμαίων,
3148 5170 3286 5223 ὥστε
3307 5171 3461 5241 δίκην
3489 5174 3656 5243 πυρὸς

2093 5261 2343 5333 καλάμην
2371 5261 2750 5324 ἀναλίσκοντος
2795 5260 3041 5321 ἅπαντας
3072 5261 3268 5324 αὐτοὺς
3295 5262 3551 5330 ἀφανίσαι
3579 5263 3656 5329 τῷ

2095 5354 2285 5424 κράτει
2319 5353 2410 5405 τοῦ
2445 5353 2701 5422 πολέμου.
2754 5372 2771 5403 ι
2823 5353 2930 5404 Καὶ
2961 5352 3060 5405 οὑκ
3087 5352 3239 5429 ἔσται
3269 5354 3544 5424 πυρφόρος
3580 5353 3656 5424 τῷ

2094 5445 2227 5514 οίκῳ
2278 5441 2473 5508 Ἠσαῦ,
2505 5443 2586 5496 ὅτι
2622 5443 2826 5512 Κύριος
2873 5441 3158 5512 ἐλάλησεν.
3214 5461 3233 5495 ι
3285 5442 3505 5512 Ἐπειδὴ
3547 5443 3655 5514 πῦρ

2093 5536 2196 5607 ἔφη
2224 5536 2314 5590 τὸν
2351 5537 2566 5608 Ἰσραὴλ
2597 5536 2811 5591 ἔσεσθαι
2851 5534 2928 5607 τῷ
2968 5534 3160 5604 Ἡσαῦ,
3198 5536 3328 5590 ὡσεὶ
3358 5537 3562 5603 πάντας
3591 5537 3654 5592 ἂν
