3828 6216
96 328 187 391 517

1246 326 1789 385 COMMENTARIUS
1821 328 1886 384 IN
1914 326 2157 384 JONAM.

3231 323 3337 384 5l8

98 445 280 509 αὖτοὺς
319 444 633 498 ἀναλίσκειν
665 444 925 515 μέλλοντα
965 444 1042 515 τῷ
1077 445 1330 517 πολέμῳ,
1369 447 1457 499 διὰ
1502 444 1659 499 τοῦτο

1775 448 1945 512 Licebit
1976 447 2116 501 male
2144 446 2327 499 facere
2349 443 2614 499 lsraelitis
2640 461 2654 510 ;
2686 442 2781 499 sed
2811 442 2885 497 illi
2917 441 3138 513 quidem
3161 446 3228 498 ab
3254 446 3336 501 his

94 537 183 587 οὐκ
208 536 365 588 ἔσται
392 535 690 605 πυρφόρος,
723 537 874 605 φησὶ,
898 534 975 605 τῷ
1002 537 1135 607 οἴκῳ
1179 537 1368 591 Ἡσαῦν
1402 539 1520 591 ἀντὶ
1544 536 1661 601 τοῦ,

98 626 275 689 Οὑθεὶς
310 625 468 679 ἔσται
495 629 551 679 ὲν
584 628 766 690 αὐτοῖς
790 628 847 691 ὃς
876 627 1137 681 διαθεῖναί
1162 645 1212 681 τι
1233 629 1518 699 δυνήσεται
1539 631 1665 693 τοὺς

109 717 441 786 Ἰσραηλίτας
488 718 675 769 κακόψ
709 718 843 771 ἀλλὰ
883 720 1159 773 πείσονται
1195 722 1291 791 μὲν
1318 724 1447 793 παρ’
1486 720 1664 775 αὐτῶν

97 807 151 858 οὗ
180 809 243 859 τὰ
271 809 529 876 τυχόντα’
561 806 766 877 ἀμύναι
792 809 848 861 δὲ
877 810 1106 875 ἑαυτοῖς,
1141 810 1173 881 ἢ
1200 812 1422 880 ποιῆσαί
1449 829 1500 863 τι
1529 812 1666 881 πρὸς

99 898 288 968 βλάϐην
329 899 577 962 ἐκείνων,
625 900 685 952 ού
723 900 1038 970 δυνήσονται
1069 900 1321 966 καθάπαξ
1345 903 1513 956 οὐδέν·
1540 902 1575 956 ἃ
1602 903 1665 974 δὴ

97 992 261 1042 πάντα
293 993 588 1059 γενήσεται
621 992 859 1055 πάντως,
894 993 1079 1063 ἐπειδὴ
1116 992 1245 1056 Θεός
1272 997 1417 1047 ἐστιν
1454 996 1481 1047 6
1526 997 1665 1048 ἀπο-

98 1081 401 1149 φηνάμενος
425 1081 696 1148 γενέσθαι·
723 1084 815 1135 καὶ
842 1084 1138 1155 ἐπειδήπερ
1163 1086 1219 1136 ὲν
1238 1088 1349 1149 τοῖς
1373 1087 1665 1155 ἀνωτέροις

100 1172 191 1242 ἔφη
230 1174 315 1225 ὅτι
359 1174 1001 1244 κατακληρονομήσουσιν
1044 1178 1071 1229 6
1107 1172 1253 1239 οἶκος
1307 1176 1499 1230 Ἰακὼϐ
1539 1180 1667 1242 τοὺς

101 1263 743 1334 κατακληρονομήσοντας
772 1267 987 1331 αὐτοὺς,
1024 1267 1355 1338 πλατύτερον
1381 1269 1511 1322 αὐτὸ
1543 1269 1665 1338 βου-

98 1355 310 1424 λόμενος
336 1358 535 1417 εἰπεῖν,
563 1357 708 1425 λέγει
740 1360 818 1411 ὅτι
840 1361 887 1411 οί
918 1360 1016 1430 μὲν
1040 1362 1095 1413 έν
1118 1361 1305 1429 Ναγὲϐ
1340 1361 1666 1431 Ἰσραηλῖται

95 1446 699 1517 κατακληρονομήσουσι
750 1449 874 1512 τοὺς
920 1451 1295 1521 προσήκοντας
1339 1452 1538 1515 τόπους
1588 1451 1667 1522 τῷ

106 1536 289 1588 Ἡσαῦ·
313 1539 364 1588 οί
395 1540 454 1589 ὲν
479 1538 685 1609 Σιφηλᾷ
700 1539 755 1591 δὲ
779 1540 902 1602 τοὺς
928 1540 1035 1592 τῶν
1057 1540 1386 1608 ἀλλοφύλων·
1408 1541 1665 1611 κομιοῦν-

97 1644 181 1679 ται
210 1629 266 1680 δὲ
300 1630 395 1681 καὶ
428 1629 525 1699 τὴν
557 1631 763 1683 οἰκείαν
804 1629 987 1701 χώραν
1023 1631 1098 1694 ὡς
1130 1632 1275 1695 εἰκός
1298 1651 1311 1663 ·
1347 1632 1395 1686 οἱ
1439 1634 1537 1703 μὲν
1571 1632 1665 1687 τοῦ

109 1718 343 1789 Ἐφραῖμ
376 1719 437 1771 τὸ
469 1719 572 1788 τῆς
602 1721 913 1791 Σαμαρείας
958 1721 1134 1775 πεδίον
1157 1740 1171 1754 ο
1216 1723 1314 1794 τὴν
1347 1724 1666 1776 Γαλααδῖτιν

1767 540 2025 609 quaelibet
2065 537 2460 608 perpetientur,
2490 536 2621 606 quin
2660 543 2837 590 tamen
2873 535 3105 603 injurias
3143 537 3337 592 ulcisci

1765 638 1988 696 queant,
2021 629 2103 681 vel
2136 627 2435 696 quidquam
2463 626 2529 679 ad
2560 626 2775 679 illorum
2807 626 3098 696 perniciem
3133 626 3333 680 moliri.

1767 717 1892 771 Haec
1918 718 2249 773 adamussim
2279 718 2460 771 omnia
2494 716 2657 783 ﬁent;
2686 716 2777 771 Dei
2806 717 2950 770 enim
2994 717 3219 771 oraculo
3254 716 3337 771 lu—

1766 819 1890 864 tura
1942 825 2064 865 esse
2113 810 2392 863 dicuntur.
2445 807 2512 861 Et
2558 809 2815 877 quoniam
2862 808 2916 861 in
2962 807 3336 877 superioribus

1769 902 1925 964 dixit,
1976 901 2091 954 fore
2118 908 2177 954 ut
2223 900 2422 955 domus
2451 898 2623 953 Jacob
2673 915 2768 953 eos
2810 898 3107 968 possudeat,
3143 899 3234 968 qui
3277 913 3336 951 se

1771 992 2164 1063 possederant;
2195 992 2521 1061 explicatius
2559 991 2671 1060 jam
2709 991 2761 1043 id
2801 990 2984 1044 dicere
3018 990 3207 1044 volens
3237 990 3333 1055 ait,

1770 1084 2045 1137 Israelitas
2084 1080 2286 1151 Nagebi
2332 1082 2541 1135 incolas
2580 1080 3055 1149 haereditatisjure
3079 1087 3334 1148 capturos

1771 1174 2051 1244 proximos
2078 1173 2222 1227 Esau
2246 1172 2427 1239 locos;
2454 1170 2685 1241 Siphelaa
2710 1170 2837 1223 item
2863 1170 3010 1223 cives
3037 1167 3330 1229 lsraelitas.

1769 1267 2046 1336 regionem
2074 1265 2501 1333 alienigenarum
2533 1272 2894 1333 occupaturos
2923 1281 2934 1315 :
2975 1271 3330 1331 praeterquam

1767 1356 1912 1426 quod
1947 1355 2176 1426 patriam
2215 1368 2434 1423 quoque
2469 1352 2765 1421 regionem,
2808 1350 2884 1403 uti
2921 1365 3018 1419 par
3058 1357 3163 1412 est,
3201 1348 3338 1402 obti-

1768 1445 2009 1511 nebunt;
2067 1458 2261 1513 nempe
2308 1441 2660 1512 Ephraimilae
2709 1438 2970 1493 Samaria;
3020 1437 3330 1508 planitiem,

1768 1536 2082 1605 Benjamita‘:
2123 1531 2540 1587 Galaaditidem.
2578 1529 2833 1585 Jamvero
2880 1528 3192 1599 postliminii
3243 1543 3332 1581 en-

1768 1644 1888 1682 rum
1940 1627 2153 1680 initium
2199 1624 2347 1693 regio
2391 1621 2632 1692 Sareptae
2684 1623 2808 1686 erit,
2860 1622 2982 1677 linis
3031 1619 3330 1689 Ephrathu.

1768 1718 1971 1787 Nempe
2029 1716 2105 1767 ait
2152 1728 2504 1783 possessuros
2551 1727 2648 1766 eos
2691 1709 3069 1765 intermediam
3120 1723 3333 1761 onmem

97 1812 148 1864 δὲ
189 1815 216 1864 ὁ
245 1813 527 1883 Βενιαμίν
568 1814 667 1883 τῆς
700 1780 777 1866 τε¹
815 1815 1089 1884 μετοικίας
1127 1780 1302 1867 αὐτῶν
1344 1815 1443 1883 τῆς
1473 1816 1564 1867 ἐπὶ
1600 1816 1668 1869 τὰ

1775 1809 2205 1863 Chananaeorutn
2266 1804 2564 1874 regionem.
2606 1803 2844 1856 Cunctas
2890 1801 3017 1855 item
3081 1799 3336 1853 ﬁnitimas

95 1907 282 1965 οἰκεῖα,
314 1905 458 1974 ἀρχὴ
490 1905 587 1973 μὲν
609 1907 788 1969 αὐτοῖς
807 1906 1093 1976 γενήσεται
1119 1909 1151 1977 ἡ
1178 1906 1471 1977 Σαρεφθῶν
1492 1906 1664 1977 χώραο

96 1995 240 2056 τέλος
268 1994 324 2047 δὲ
366 1996 399 2063 ἡ
453 1995 716 2064 Ἐφραθά.’
750 1996 995 2065 βούλεται
1036 1996 1092 2049 δὲ
1131 1998 1305 2048 εἰπεῖν
1333 1997 1414 2049 ὅτι
1458 1997 1667 2060 πάντας

96 2085 200 2137 τῶν
224 2085 550 2139 Χαναναίων
577 2088 701 2148 τοὺς
732 2088 788 2139 ὲν
821 2088 968 2159 μέσῳ
998 2088 1283 2151 καθέξουσι
1308 2089 1526 2152 τόπους,
1550 2087 1670 2140 οὕσ-

97 2189 198 2241 περ
228 2168 323 2225 οὖν
353 2175 448 2225 καὶ
485 2173 749 2245 πρότερον
777 2174 940 2245 εἶχον*
967 2177 1042 2246 (p.
1068 2177 1192 2247 2'27)
1215 2177 1356 2230 οὕτω
1379 2177 1434 2229 δὲ
1460 2177 1551 2230 καὶ
1571 2177 1669 2242 τὰς

101 2264 156 2313 ἓν
189 2261 380 2328 Ναγὲϐ
408 2262 590 2325 πόλεις
624 2264 831 2315 ἑαυτῶν
861 2250 1203 2329 ὑποδέξονται
1235 2266 1450 2327 ἁπάσας
1492 2265 1669 2318 ᾶπαν-

95 2370 202 2416 τες.
237 2354 519 2424 συντόμως
545 2358 737 2419 εἰπεῖν,
763 2357 811 2409 οἱ
840 2357 918 2427 τῷ
948 2356 1085 2410 Σιὼν
1117 2357 1232 2429 ὄρει
1268 2360 1634 2429 προσήκοντες
1654 2400 1668 2423 ,

98 2447 182 2498 καὶ
204 2447 306 2517 τὴν
325 2447 517 2500 αὐτόθι
548 2449 625 2519 τῷ
654 2448 772 2519 Θεῷ
800 2452 1178 2521 προσήκουσαν
1200 2451 1494 2522 θρησκείαν
1525 2455 1672 2505 ὲκτε-

95 2537 329 2601 λοῦντεςο
388 2539 540 2592 αὐτοί
585 2557 645 2592 τε
691 2541 871 2611 πάσης
913 2541 1188 2605 τεύξονται
1230 2544 1519 2613 σωτηρίας·
1576 2545 1671 2597 καὶ⁴

98 2630 361 2701 μεγίστην
398 2632 521 2683 τινὰ
548 2634 662 2694 τοῖς
688 2631 782 2684 τοῦ
824 2631 993 2685 Ἡσαῦ
1021 2632 1118 2703 τὴν
1142 2633 1412 2704 τιμωρίαν
1438 2633 1671 2698 ἐπάξου-

96 2738 192 2788 σιν,
242 2723 365 2777 ἀνθ’
396 2718 475 2776 ὧν
512 2723 843 2777 πεπόνθασιν
883 2725 1014 2796 παρ’
1035 2726 1235 2779 αὐτῶν·
1272 2721 1353 2788 οἷς
1390 2728 1669 2796 ἐπήγαγεν

96 2814 293 2866 Ξιπασιν
326 2816 387 2866 ὲν
412 2815 561 2883 αύτῷ
602 2816 957 2885 συμπεράνας
986 2816 1083 2887 τὴν
1112 2817 1469 2889 προφητείαν
1507 2836 1526 2867 ‹
1560 2818 1669 2870 Καὶ

94 2906 238 2957 ἔσται
282 2904 369 2975 τῷ
419 2906 609 2976 Κυρίῳ
646 2908 679 2977 ἡ
719 2906 984 2975 βασιλεία.
1026 2926 1046 2959 ι
1100 2908 1218 2961 Ἵνα
1260 2908 1426 2979 εἴπῃ,
1461 2908 1544 2960 ὅτι
1577 2908 1665 2961 διὰ

1774 1900 1974 1970 Nagebi
2010 1900 2175 1953 urbes
2214 1898 2616 1967 recuperabunt
2647 1910 2839 1949 omnes
2877 1896 2951 1959 hi,
3002 1901 3062 1947 ut
3097 1906 3339 1947 summa-

1774 1994 1868 2045 tim
1901 1990 2100 2052 dicam,
2142 1990 2234 2059 qui
2286 1990 2419 2041 Sion
2468 1988 2636 2041 monti
2685 1995 2813 2041 sunt
2852 1986 3105 2056 proximi,
3155 1986 3337 2054 ibique

1776 2084 2076 2155 legitimam
2126 2058 2449 2151 persolvunt
2503 2079 2612 2134 Deo
2660 2080 2998 2149 religionem.
3055 2080 3233 2146 Atque
3281 2077 3334 2131 hi
3414 2058 3417 2065 V

1777 2172 2047 2232 summam
2078 2175 2308 2228 salutem
2339 2171 2539 2240 adepti,
2566 2170 2828 2223 maximas
2852 2170 2919 2223 ab
2940 2168 3080 2222 Esau
3106 2172 3337 2230 posteris

1775 2264 2102 2333 injuriarum
2137 2270 2380 2317 veterum
2419 2269 2701 2330 reposcent
2730 2274 2940 2328 prunas.
2973 2258 3181 2323 Quibus
3223 2273 3341 2312 om-

1773 2356 1937 2411 nibus
1965 2354 2113 2408 addit
2140 2352 2439 2423 prophetia:
2465 2351 2766 2406 clausulam
2796 2368 2811 2403 :
2844 2368 2863 2399 ε
2893 2348 2958 2403 Et
2979 2351 3081 2404 erit
3112 2348 3339 2403 Domino

1773 2464 2025 2519 regnum.
2059 2466 2076 2498 ι
2109 2446 2377 2500 Videlicet
2410 2454 2522 2497 tum
2556 2442 2924 2498 lsraelitarum
2956 2444 3337 2512 prosperitate,

1773 2551 1887 2596 tum
1939 2544 2231 2610 impiorum
2284 2539 2524 2594 hostium
2573 2535 2861 2608 supplicio,
2903 2533 3044 2589 Deus
3074 2549 3200 2588 vere
3243 2548 3337 2587 rex

1773 2633 2244 2704 comprobabitur,
2299 2631 2673 2698 Dominusque
2722 2638 2775 2682 et
2821 2636 3033 2681 creator
3073 2626 3340 2687 omnium,

1775 2723 1868 2794 qui
1919 2739 2015 2778 seu
2053 2738 2304 2784 suorum,
2341 2737 2436 2776 seu
2483 2720 2648 2775 etiam
2684 2718 2921 2781 illorum,
2955 2715 3048 2784 qui
3089 2716 3341 2769 videnlur

1774 2818 1955 2880 alieni,
1984 2831 2081 2886 pro
2111 2830 2223 2871 suae
2248 2813 2546 2871 voluntatis
2575 2811 2823 2875 arbitrio,
2855 2810 3016 2864 vitam
3076 2808 3343 2863 fortunas-

1770 2923 1878 2978 que
1909 2914 2196 2976 temperat.

96 2999 313 3051 πάντων
344 2991 423 3050 ὧν
449 3016 510 3051 τε
534 2995 593 3053 εὖ
624 3000 927 3071 πάσχουσιν
963 3002 1289 3072 Ἰσραηλῖται
1316 3002 1409 3055 καὶ
1438 2996 1513 3055 ὧν
1554 3002 1907 3074 ὑπομένουσι,
1937 3003 2092 3065 δίκας
2121 3001 2357 3063 διδόντες
2401 3002 2446 3053 οξ
2484 2997 2991 3071 παρανενομηκότες
3017 2996 3096 3059 είς
3124 2995 3340 3057 αὐτοὺς,

96 3094 341 3155 φανεῖται
377 3090 626 3160 βασιλεὺς
646 3093 847 3164 ἀληθὴς
868 3095 897 3147 6
926 3094 1075 3160 Θεὸς,
1119 3097 1147 3148 6
1177 3094 1380 3167 Κύριός
1418 3113 1477 3149 τε
1514 3098 1610 3148 καὶ
1644 3097 1873 3168 ποιητὴς
1899 3095 2006 3148 τῶν
2036 3095 2313 3159 ἁπάντων,
2355 3093 2472 3146 κατ’
2511 3092 2754 3158 ἐξουσίαν
2777 3090 2812 3143 ἃ.
2845 3088 3091 3160 βούλεται
3123 3086 3246 3155 περί
3281 3100 3342 3137 τε

94 3183 210 3244 tab;
232 3181 472 3244 οἰκείους
509 3185 604 3237 καὶ
632 3186 759 3256 περὶ
786 3187 910 3249 τοὺς
935 3185 1246 3257 ἀλλοτρίους
1274 3183 1409 3240 εἷναι
1438 3187 1726 3251 δοκοῦντας
1756 3190 1942 3241 ποιῶν.

1837 3414 2187 3426 ---.---ρ

1748 3418 1827 3429 -ι

792 3563 1359 3653 ΕΡΜΗΝΕΙΑ
1425 3564 1686 3650 ΙΩΝΑ
1764 3564 1990 3649 ΤΟΥ
2039 3558 2679 3648 ΠΡΟΦΗΤΟΥ.

254 3943 1399 4060 COMMENTARIUS
1497 3943 1643 4055 IN
1738 3938 2204 4055 JONAM
2267 3930 3181 4049 PROPHETAM.

1686 4206 1767 4221 —

167 4356 263 4424 Εἷς
284 4360 387 4415 καὶ
416 4361 446 4413 6
469 4359 629 4420 αὐτὸς
647 4358 745 4427 τῆς
770 4376 828 4411 τε
848 4359 1089 4421 Παλαιᾶς
1119 4358 1213 4411 καὶ
1239 4359 1385 4420 Νέας
1411 4358 1671 4429 Διαθήκης

1860 4354 2021 4424 150
2054 4352 2208 4408 Unus
2239 4351 2489 4419 idemque
2516 4346 2723 4402 Veteris
2750 4362 2814 4401 ac
2842 4345 2976 4401 Novi
3001 4346 3333 4403 Testamenti

104 4453 368 4523 ὑπάρχων
390 4451 521 4513 Θεὸς
540 4453 569 4504 6
593 4451 867 4520 Δεσπότης
890 4451 983 4503 καὶ
1014 4451 1250 4520 Ποιητὴς
1276 4449 1384 4502 τῶν
1402 4450 1678 4514 ἁπάντων,

102 4545 234 4613 πρὸς
263 4545 367 4595 ἕνα
396 4542 598 4595 σκοπὸν
619 4540 781 4611 ὁρῶν,
807 4542 875 4594 τά
901 4558 961 4594 τε
990 4543 1111 4594 κατ’
1128 4540 1342 4611 ἐκείνην
1367 4540 1679 4610 ᾡκονόμησε

103 4638 193 4689 καί
236 4634 310 4688 τὰ
350 4634 471 4688 κατ’
511 4632 701 4703 αὐτήν·
738 4633 904 4685 πάλαι
942 4633 1040 4701 μὲν
1079 4631 1216 4701 ἔχων
1256 4630 1681 4701 βεϐουλευμένον

100 4729 227 4796 παρ’
276 4724 460 4793 ἑαυτῷ
495 4724 559 4777 τὸ
589 4724 688 4794 τὴν
727 4723 1024 4792 μέλλουσαν
1056 4723 1285 4791 ἐκφῆναι
1324 4721 1678 4784 κατάστασιν,

100 4818 172 4885 (p.
206 4816 341 4887 228)
376 4810 556 4885 ἧσπερ
588 4815 688 4883 τὴν
717 4813 889 4883 ἀρχὴν
928 4815 985 4865 ὲν
1014 4816 1079 4882 τῇ
1112 4812 1252 4865 κατὰ
1288 4811 1376 4864 τὸν
1410 4812 1681 4880 Δεσπότην

99 4907 337 4976 Χριστὸν
362 4904 630 4969 ἀνέδειξεν
666 4902 967 4972 οἰκονομίᾳ·
996 4903 1290 4968 ἀναγκαῖον
1330 4901 1385 4953 δὲ
1414 4902 1643 4971 νομίσας
1663 4940 1677 4961 ,

99 4999 154 5048 ἐν
179 4994 361 5063 ταύτῃ
400 4992 565 5063 ηδὴ,τῇ
593 4990 843 5063 παρούσῃ
867 4991 1031 5059 λέγω,
1061 4992 1322 5061 πρότερον
1351 4992 1496 5061 ἡμᾶς
1532 4991 1682 5058 γενέ-

102 5086 248 5149 σθαι,
279 5080 389 5138 εἷθ’
420 5082 643 5153 ὕστερον
666 5085 742 5145 είς
775 5082 988 5153 ὲηίνην
1025 5083 1353 5152 μεταστῆναι
1379 5081 1465 5134 διὰ
1487 5084 1580 5150 τῆς
1617 5084 1681 5133 ὲκ

102 5177 314 5247 νεκρῶν
364 5175 735 5236 ἀναστάσεως·
791 5174 864 5237 ὡς
911 5172 976 5227 ἂν
1008 5174 1071 5225 ὲκ
1102 5173 1454 5245 παραθέσεως
1482 5173 1680 5242 μᾶλλον

99 5269 247 5338 γνοίη
258 5285 367 5337 μεν
394 5265 502 5318 τῶν
528 5282 589 5318 τε
617 5265 1050 5337 δειχθήσομένων
1075 5266 1134 5318 τὸ
1162 5265 1388 5335 μέγεθος
1433 5265 1677 5333 ὰγαθῶνο

99 5354 195 5411 εἷθ’
224 5358 305 5421 ὡς
342 5356 411 5411 ἂν
440 5356 597 5410 τοῦτο
620 5356 842 5427 γένηται
873 5356 1052 5427 δῆλον,
1076 5358 1170 5410 καὶ
1195 5358 1270 5428 μὴ
1303 5356 1486 5409 καινόν
1517 5373 1567 5407 τι
1596 5373 1681 5407 νο-

105 5449 312 5517 μίζοιτο
350 5446 578 5517 ὕστερον
628 5446 1015 5517 βεϐουλεῦσθαί
1047 5464 1107 5499 τε
1140 5447 1233 5499 καὶ
1267 5446 1678 5516 δεδοκιμακέναι

103 5540 225 5610 περὶ
256 5538 446 5609 ήμῶν,
479 5537 567 5589 διὰ
605 5536 815 5589 πολλῶν
858 5537 955 5607 μὲν
985 5537 1085 5607 ἤδη
1115 5537 1206 5589 καὶ
1241 5536 1440 5606 ἐτέρων
1503 5534 1676 5587 ἐναπ-

101 5628 251 5682 έθετο
275 5632 394 5690 τοίς
414 5626 723 5698 άνθρῴποις
743 5628 837 5681 τοῦ
863 5628 1130 5680 Δεσπότου
1153 5626 1385 5697 Χριστοῦ
1408 5625 1502 5695 τὴν
1527 5644 1669 5695 παρ-

97 5723 311 5786 ουσίαν,
343 5720 484 5775 ὦστε
517 5720 721 5783 πάντας
770 5719 1051 5781 Ἰουδαίους
1086 5718 1362 5790 πόρρωθεν
1393 5718 1679 5790 ἀπεκδέχεο

1782 4445 1945 4511 Deus,
1980 4443 2243 4496 Dominus
2259 4448 2313 4495 et
2348 4450 2561 4493 creator
2596 4439 2862 4499 omnium,
2894 4452 3003 4491 uno
3050 4452 3214 4507 scopo
3237 4437 3341 4492 sibi

1783 4534 2087 4607 proposito,
2108 4532 2253 4586 illius
2287 4530 2487 4599 pariter
2505 4536 2667 4597 atque
2694 4527 2856 4596 hujus
2877 4527 3134 4593 temporis
3155 4540 3340 4578 curam

1783 4629 1993 4698 gessit:
2029 4626 2159 4681 olim
2204 4623 2424 4694 quidem
2471 4622 2677 4676 habens
2712 4618 2926 4673 ﬁrmum
2961 4617 3101 4687 apud
3131 4633 3188 4672 se
3215 4633 3341 4687 pro-

1784 4719 2022 4790 positum
2059 4715 2303 4770 futurum
2346 4729 2525 4768 rerum
2559 4719 2759 4768 slatum
2805 4710 2871 4763 ad
2903 4709 3105 4763 exitum
3144 4710 3343 4779 perdu-

1783 4807 1976 4872 cendi;
2022 4805 2181 4873 cujus
2226 4804 2439 4856 initium
2471 4800 2672 4856 Christi
2707 4798 2918 4853 Domini
2968 4798 3344 4851 incarnatione

1786 4897 1958 4953 fecit:
2001 4896 2371 4951 necessarium
2434 4902 2612 4946 tamen
2659 4890 2960 4959 judicavit,
3021 4897 3340 4958 praesentem

1784 4996 1942 5044 antea
1987 4988 2355 5043 conditionem
2406 5000 2507 5039 nos
2550 4984 2807 5052 experiri,
2840 4992 2952 5036 tum
2994 4986 3059 5035 ad
3106 4980 3340 5034 futuram

1783 5080 2069 5136 transferri
2101 5094 2196 5147 per
2226 5076 2688 5132 resurrectionem
2717 5089 2745 5126 a
2776 5074 3027 5135 mortuis,
3061 5086 3254 5140 nempe
3284 5079 3344 5123 ut

1781 5191 1848 5230 ex
1871 5172 2281 5243 comparatione
2314 5169 2486 5235 magis
2517 5168 2677 5222 nobis
2708 5169 3071 5220 innotesceret
3108 5165 3343 5233 promis-

1782 5280 1966 5319 sorum
2001 5261 2315 5333 magnitudo
2353 5261 2640 5315 bonorum.
2688 5257 2886 5313 Deinde
2915 5271 3022 5326 quo
3062 5255 3116 5308 id
3165 5254 3347 5309 consi-

1781 5355 1911 5408 lium
1949 5354 2124 5423 palam
2170 5350 2343 5414 ﬁeret,
2380 5364 2556 5419 neque
2586 5348 2789 5416 aliquid
2825 5347 2948 5399 novi
2979 5344 3344 5413 excogitatqu

1781 5453 1965 5515 postea
2001 5445 2387 5511 decretumque
2437 5441 2733 5505 videretur,
2791 5439 2915 5492 aliis
2965 5452 3185 5507 quoque
3222 5450 3319 5505 per

1779 5536 1969 5590 multis
1998 5534 2216 5590 indiciis
2236 5533 2441 5588 Christi
2464 5531 2677 5586 Domini
2710 5532 3002 5586 adventum
3028 5529 3344 5585 hominibus

1785 5626 2165 5699 portenderat,
2221 5625 2296 5680 ita
2362 5634 2420 5680 ut
2478 5622 2649 5679 Judaei
2699 5638 2887 5679 omnes
2943 5623 3089 5677 hunc
3127 5622 3339 5691 jamdiu

1782 5724 2181 5790 exspectarent.
2222 5714 2408 5785 Neque
2458 5714 2511 5769 id
2558 5715 2739 5770 minus
2778 5730 2843 5770 ex
2893 5715 3131 5771 oraculis
3167 5713 3342 5768 Δίκας
