3844 6222
1636 290 1990 350 THEODOBI
2064 285 2549 347 IIOPSUES’I’ENI

3630 280 3737 337 39.0

486 416 649 471 hamo
694 415 997 489 Davidique
1037 415 1203 474 editis
1237 411 1651 475 conficiebatur,
1696 409 1898 481 quibus
1929 422 2055 478 pro-

2180 403 2279 458 rﬂat
2323 403 2548 475 ταύτηνο
2582 398 2796 463 οὐδενὸς
2837 397 2896 451 δέ
2927 392 3092 469 ἦττον
3120 395 3185 449 ἐκ
3231 411 3291 449 τε
3319 393 3429 450 τῶν
3474 394 3615 449 κατὰ
3646 396 3739 449 τὸν

485 508 744 575 miserat;
792 508 868 564 illi
910 508 1155 579 quidem,
1189 505 1305 561 fore
1346 511 1409 559 ut
1442 515 1632 556 omnes
1662 507 1852 571 gentes
1891 498 1946 552 in
1980 513 2062 553 se-

487 598 636 653 mine
679 599 802 666 ejus
860 599 1354 662 benedicerentur;
1398 595 1527 649 huic
1564 606 1772 657 autem,
1829 590 1948 645 fore
2002 597 2062 645 ut

487 689 724 755 posteris
784 692 905 759 ejus
970 696 1292 760 perpetuum
1353 700 1581 756 regnum
1643 683 2058 737 attribueretur.

488 777 620 845 Quae
663 782 850 851 itaque
903 781 1203 836 secundum
1238 778 1424 848 pepuli
1478 775 1943 831 existimationem
1990 773 2067 826 si-

491 870 822 938 gniﬁcabant
873 872 1048 934 illum,
1097 869 1256 937 cujus
1298 882 1465 923 causa
1511 866 1594 920 hae
1643 880 1730 919 res
1773 861 2065 918 eﬂicienda:

492 970 671 1024 erant,
720 976 783 1015 ea
834 976 1027 1031 reapse
1070 961 1124 1014 in
1179 959 1381 1014 Christi
1425 956 1640 1011 Domini
1691 956 2068 1009 incarnatione

493 1058 773 1119 comperta
802 1058 930 1104 sunt
968 1050 1173 1104 exitum
1200 1048 1401 1103 habere
1429 1064 1442 1101 :
1481 1046 1536 1100 in
1567 1061 1675 1114 quo
1701 1045 1866 1099 etiam
1895 1042 2066 1113 genti-

494 1142 598 1195 bus
639 1156 764 1196 vere
810 1142 1039 1211 contigit
1076 1140 1348 1200 benedici,
1404 1148 1459 1192 et
1510 1144 1833 1207 perpetuum
1877 1136 2069 1189 incon-

493 1244 829 1300 cussumque
864 1231 1083 1301 generis
1121 1245 1346 1300 regnum
1397 1228 1534 1283 ﬁeri.
1574 1228 1869 1297 Propterea
1903 1226 2065 1280 etiam

496 1319 591 1375 Dei
624 1323 964 1392 providentia
995 1323 1142 1377 circa
1167 1320 1427 1392 populum
1459 1320 1629 1375 multa
1655 1318 1780 1382 fuit,
1808 1318 2067 1388 quoniam

495 1427 687 1467 omnes
720 1412 1149 1482 promissionum
1192 1411 1462 1467 dictarum
1505 1424 1800 1475 memores,
1845 1416 2071 1479 exopta-

496 1512 613 1558 tum
669 1503 874 1561 Christi
937 1503 1156 1559 Domini
1228 1502 1688 1574 praestolabantur
1754 1499 2067 1555 adventum.

495 1595 678 1665 Atque
710 1594 824 1649 haec
866 1610 1033 1651 causa
1075 1594 1197 1658 fuit,
1236 1610 1335 1649 cur
1368 1594 1603 1665 plurima
1648 1593 1704 1649 in
1730 1591 1927 1648 Vetere
1963 1592 2071 1647 Te-

2174 495 2431 568 Ἀϐραὰμ
2459 496 2552 548 καὶ
2586 493 2680 547 τὸν
2724 490 2886 545 Δαυῖδ
2919 489 3205 562 εἴργασται
3245 486 3425 553 τοῦτο,
3466 486 3605 557 πρὸς
3643 483 3738 549 οὓς

2161 586 2488 655 ἐπαγγελίας
2519 585 2832 655 ἐποιήσατο,
2870 581 2960 635 τὸν
2992 581 3110 652 μὲν,
3141 581 3223 634 ὅτι
3307 576 3735 648 ἐνευλογηθήσε-

2162 696 2252 733 ται
2282 682 2339 731 ἐν
2367 678 2442 748 τῷ
2472 677 2745 748 σπέρματι
2771 673 2936 728 αὑτοῦ
2963 673 3139 727 πάντα
3158 671 3226 725 τὰ
3254 669 3402 740 ἔθνηο
3439 669 3529 722 τὸν
3553 670 3630 732 δὲ,
3655 669 3735 722 ὅτι

2163 770 2386 842 διηνεκῆ
2420 767 2648 840 παρέξει
2675 770 2785 831 τοῖς
2814 765 2872 831 ἐξ
2918 762 3081 818 αὑτοῦ
3119 763 3218 834 τὴν
3251 760 3550 832 βασιλείαν·
3593 760 3736 831 ἅπερ

2163 855 2257 912 οὖν
2291 858 2367 930 τῷ
2404 857 2501 929 μὲν
2535 858 2710 911 δοκεῖν
2759 856 2849 909 τὸν
2891 855 3019 907 λαὸν
3066 854 3269 923 ἐμήνυε
3307 850 3398 904 τὸν
3452 850 3536 920 ἐφ’
3573 844 3743 921 οὗπερ

2164 946 2341 1001 ταῦτα
2384 944 2721 1019 πληροῦσθαι
2768 943 3023 1015 ἧμελλεν-
3075 942 3109 1012 ή
3158 940 3215 994 δὲ
3253 938 3362 993 τῶν
3401 940 3743 1010 πραγμάτων

2168 1038 2393 1110 ἀλήθεια
2420 1040 2513 1091 ἐπὶ
2540 1036 2648 1090 τῶν
2677 1035 2819 1089 κατὰ
2856 1034 2945 1088 τὸν
2972 1033 3247 1103 Δεσπότην
3270 1032 3508 1103 Χριστὸν
3537 1033 3745 1084 οἰκονο-

2172 1132 2452 1204 μηθὲντων
2492 1129 2764 1183 ἐδείκνυτο
2808 1126 3048 1180 λαϐοῦσα
3088 1125 3149 1177 τὸ
3199 1123 3393 1195 πέρας,
3435 1124 3519 1191 ἐφ’
3568 1114 3742 1192 οὗπερ

2168 1225 2264 1278 καὶ
2307 1224 2367 1277 τὸ
2396 1220 2816 1291 ἐνευλογηθῆναι
2859 1218 2928 1272 τὰ
2954 1218 3081 1289 ἔθνη
3110 1217 3333 1286 γέγονεν
3365 1215 3580 1288 άληθῶς
3601 1256 3619 1281 ,
3652 1217 3749 1269 καὶ

2168 1315 2388 1386 διηνεκῆ
2413 1314 2469 1367 δέ
2506 1313 2598 1366 καὶ
2619 1311 2915 1366 ἀσάλευτον
2938 1305 3077 1363 εἶναι
3106 1308 3183 1380 τῷ
3215 1309 3492 1379 σπέρματι
3519 1306 3622 1378 τὴν
3664 1306 3753 1377 βα-

2172 1407 2399 1463 σιλείανο
2440 1406 2527 1459 διὰ
2560 1404 2618 1458 δὲ
2641 1403 2796 1458 τοῦτο
2835 1404 2930 1457 καὶ
2966 1404 3000 1474 ἡ
3032 1402 3161 1474 περὶ
3185 1401 3275 1455 τὸν
3309 1400 3437 1454 λαὸν
3462 1400 3752 1471 ἐπιμέλεια

2170 1501 2264 1554 τοῦ
2295 1498 2429 1553 Θεοῦ
2464 1496 2632 1568 πολλή
2661 1513 2745 1560 τις
2770 1495 3011 1565 γέγονεν,
3043 1496 3120 1566 (p.
3154 1477 3308 1564 2‘29).
3329 1492 3514 1564 ἐπειδὴ
3553 1492 3758 1555 πάντες

2172 1592 2264 1645 ἐπὶ
2289 1592 2411 1654 ταῖς
2441 1587 2795 1657 ἐπαγγελίαις
2830 1586 3223 1657 φυλαττόμενοι
3250 1587 3371 1648 ταῖς
3413 1584 3758 1656 εἰρημέναις,

497 1693 772 1742 stamento
799 1688 939 1743 Deus
972 1686 1277 1743 secundum
1304 1685 1575 1755 ejusmodi
1602 1684 2072 1741 administraverit

2180 1686 2275 1757 τὴν
2305 1682 2759 1755 προσδοκωμένην
2784 1679 3088 1752 παρουσίαν
3130 1679 3393 1750 ἀνέμενον
3426 1676 3520 1731 τοῦ
3547 1677 3732 1731 Δεσπό

498 1779 768 1835 rationem
815 1797 829 1833 :
875 1779 949 1833 ita
1004 1787 1065 1834 ut
1111 1786 1266 1848 gesta
1320 1750 1414 1833 illa
1472 1785 1588 1832 tum
1642 1776 1761 1847 ejus
1816 1778 2073 1847 temporis

2180 1750 2270 1831 του
2319 1750 2761 1845 Ῑίριστοῦονάλλὰ
2800 1750 2911 1844 γάρ
2959 1771 3165 1841 ταύτης
3204 1770 3389 1824 ἕνεκεν
3436 1770 3537 1840 τῆς
3573 1769 3760 1832 αἰτίας

502 1866 657 1938 151
685 1869 1001 1926 hominibus
1051 1871 1343 1924 maximam
1392 1871 1700 1939 praeberent
1756 1868 2070 1933 utilitatem,
2112 1910 2115 1913 γ

499 1967 616 2014 tum
680 1963 844 2015 etiam
899 1962 1352 2033 signiﬁcationem
1407 1960 1673 2017 haberent
1711 1959 2071 2031 gerendarum

499 2061 686 2124 postea
733 2070 917 2109 rerum
962 2072 977 2111 :
1029 2062 1386 2125 prmterquam
1435 2054 1579 2124 quod
1623 2053 1946 2109 excellentia
1998 2052 2074 2107 si-

500 2144 614 2197 mul
662 2159 825 2215 quam
870 2144 1105 2214 plurima
1148 2142 1283 2199 Novi
1334 2159 1445 2214 prae
1492 2141 1687 2198 Vetere
1724 2142 2072 2197 Testamento

500 2235 813 2303 apparitura
845 2242 984 2289 erat.
1030 2233 1380 2305 Compertum
1425 2241 1511 2289 est
1552 2233 1722 2305 igitur
1755 2234 1859 2288 hoc
1886 2232 2070 2299 modo,

502 2330 689 2378 vetera
721 2338 844 2379 esse
868 2332 1056 2396 typum
1088 2326 1380 2394 quemdam
1405 2324 1790 2395 posteriorum,
1824 2340 1932 2379 non
1954 2323 2075 2379 sine

502 2414 682 2484 aliqua
730 2417 1047 2471 earumdem
1090 2416 1416 2481 imitatione,
1462 2422 1518 2471 et
1550 2430 1676 2470 cum
1712 2415 1911 2471 idoneo
1951 2415 2071 2471 suis

501 2505 842 2575 temporibus
888 2523 992 2562 usu
1026 2526 1040 2562 :
1071 2507 1166 2563 sed
1210 2514 1393 2562 tamen
1430 2522 1488 2562 re
1528 2506 1646 2577 ipsa
1689 2506 2073 2563 demonstran-

502 2594 599 2659 tia,
625 2606 963 2669 quantopere
993 2597 1085 2653 illa
1113 2598 1478 2669 praesentibus
1509 2598 1725 2653 minora
1752 2598 1980 2655 fuerint.

573 2879 716 2935 Deus
746 2880 914 2951 igitur
937 2896 1001 2936 ex
1030 2880 1263 2953 Egypto
1297 2881 1549 2938 Israelem
1580 2883 1789 2949 eduxit,
1822 2885 2080 2956 omnique

506 2971 598 3027 illa
623 2974 815 3028 acerba
842 2974 1108 3029 servitute
1130 2976 1435 3047 expedivit;
1459 2977 1713 3046 editaque
1733 2979 1939 3048 ingenti
1965 2981 2080 3049 pri-

505 3067 903 3134 mogenitorum
935 3066 1113 3133 caade,
1161 3068 1288 3122 hinc
1318 3083 1432 3122 rem
1462 3069 1817 3125 lsraeliticam
1859 3070 2082 3139 integrae

505 3155 667 3209 saluti
705 3157 974 3211 restituit:
1014 3173 1154 3228 quos
1188 3159 1421 3229 populos
1462 3160 1731 3213 miraculo
1774 3160 1941 3217 etiam
1970 3162 2085 3217 dis-

504 3248 850 3312 criminavit,
890 3248 1020 3303 dum
1057 3249 1341 3315 Hebraeos,
1391 3251 1527 3305 nihil
1577 3252 1755 3307 simile
1804 3250 2085 3324 :Egyptiis

505 3343 618 3409 pati
650 3341 855 3396 voluit:
890 3341 945 3396 id
977 3342 1124 3412 quod
1155 3343 1358 3398 accidit
1389 3342 1459 3399 ob
1493 3344 1710 3401 cruoris
1745 3344 1801 3400 in
1837 3347 2086 3416 postibus

504 3433 898 3502 aspersionem.
953 3432 1110 3501 Haec,
1163 3435 1417 3507 inquam,
1460 3438 1693 3492 multum
1738 3438 1861 3504 ejus
1908 3443 2086 3497 aetatis

504 3525 769 3581 lsraelitis
789 3528 1215 3582 emolumentum
1233 3530 1811 3605 exhibuerunt,quibus
1833 3534 2081 3604 ejusmo-

500 3611 1029 3673 dibonofrnidatum
1061 3618 1182 3675 fuit.
1228 3618 1284 3674 Id
1324 3628 1504 3676 autem
1550 3621 1940 3689 portendebat,
1971 3623 2085 3694 typi

506 3704 716 3759 scilicet
765 3708 961 3772 instar,
995 3706 1111 3762 fore
1142 3717 1202 3762 ut
1227 3708 1479 3765 Christus
1521 3707 1786 3766 Dominus
1830 3711 2087 3767 liberaret

506 3809 606 3848 nos
636 3793 776 3849 haud
805 3812 869 3850 ex
900 3794 1115 3868 Egypti
1153 3796 1401 3858 servitio,
1432 3796 1526 3852 sed
1553 3798 1744 3852 mortis
1774 3806 1939 3869 atque
1960 3812 2086 3868 pec-

507 3882 647 3937 rati:
679 3884 824 3953 quod
857 3884 1075 3954 quidem
1119 3885 1275 3940 nobis
1315 3885 1566 3941 Christus
1600 3888 1852 3956 praestitit
1883 3888 2083 3958 proprii

504 3975 790 4045 sanguinis
824 3977 1161 4045 aspersione.
1209 3975 1322 4030 Hoc
1372 3978 1517 4031 enim
1550 3978 1642 4033 ille
1681 3993 1782 4048 pro
1827 3979 2085 4036 omnibus

506 4064 651 4128 fuso,
684 4076 737 4118 et
765 4082 898 4121 nece
929 4082 1025 4129 pro
1055 4068 1211 4122 nobis
1233 4068 1403 4132 obita,
1434 4079 1776 4126 mortuorum
1804 4085 2084 4127 resurrec-

506 4155 705 4209 tiOnem
740 4156 1005 4225 patravit;
1040 4154 1281 4226 fecitque
1305 4165 1365 4212 ut
1392 4174 1493 4215 nos
1516 4160 1664 4215 omni
1695 4160 1797 4215 hac
1825 4162 2087 4218 servitute

504 4246 691 4310 soluti,
718 4245 1146 4307 immortalitatis
1167 4261 1220 4306 et
1241 4252 1781 4322 incorruptibilitatis
1806 4263 1861 4311 et
1889 4256 2086 4325 impec-

502 4335 700 4391 cantia‘.
733 4337 936 4394 bonum
976 4341 1387 4412 reciperemus:
1430 4359 1540 4414 quo
1579 4346 1891 4416 impetrato,
1939 4349 2083 4405 haud

2179 1869 2407 1923 πλεῖστα
2438 1867 2539 1921 ὅσα
2567 1866 2660 1918 ἐπὶ
2686 1867 2786 1936 τῆς
2811 1865 3054 1927 Παλαιᾶς
3077 1863 3352 1934 Διαθήκης
3384 1860 3525 1915 κατὰ
3552 1861 3748 1914 τοῦτον

2180 1960 2498 2033 ᾡκονόμησε
2522 1959 2612 2012 τὸν
2637 1958 2858 2028 τρόπον,
2885 1957 2961 2021 ὡς
2984 1956 3050 2011 ἂν
3072 1957 3169 2011 καὶ
3196 1959 3309 2020 τοῖς
3340 1955 3460 2009 τότε
3497 1955 3760 2027 μεγίστην

2179 2051 2249 2105 τά
2288 2051 2551 2121 γινόμενα
2584 2050 2876 2121 παρέχοιτο
2913 2048 3012 2119 τὴν
3051 2047 3339 2115 ὠφέλειαν,
3380 2047 3477 2100 καὶ
3524 2046 3761 2118 μήνυσιν

2179 2159 2301 2197 τινα
2318 2142 2427 2195 τῶν
2451 2142 2794 2212 πραγμάτων
2816 2140 2914 2212 ἔχῃ
2929 2139 3036 2195 τῶν
3059 2139 3283 2210 ὕστερον
3302 2136 3760 2208 δειχθησομένων·
3810 2200 3811 2211 γ

2175 2234 2312 2306 μετὰ
2355 2231 2448 2287 τοῦ
2476 2234 2568 2287 καὶ
2610 2232 2710 2303 τὴν
2759 2232 3036 2303 ὑπεροχὴν
3073 2230 3182 2284 τῶν
3228 2230 3496 2299 δευτέρων
3529 2228 3671 2300 πρὸς
3694 2230 3762 2281 τὰ

2169 2328 2412 2399 πρότερα
2438 2325 2692 2396 πλείστην
2717 2324 2839 2378 τινὰ
2869 2322 3205 2393 φανήσεσθαι
3241 2319 3426 2376 οὖσαν·
3478 2318 3763 2392 εὑρίσκετο

2168 2438 2228 2473 τε
2254 2421 2394 2474 κατὰ
2420 2419 2609 2474 τοῦτον
2638 2417 2731 2471 τὸν
2763 2417 2961 2488 τρόπον
2985 2415 3156 2479 τύπος
3191 2432 3283 2479 τις
3326 2416 3397 2468 τά
3425 2415 3635 2468 παλαιὰ
3657 2413 3761 2467 τῶν

2170 2513 2420 2587 ὕστερον,
2460 2512 2654 2583 ἔχοντα
2700 2510 2801 2581 μέν
2822 2528 2941 2565 τινα
2977 2510 3210 2581 μίμησιν
3238 2508 3374 2579 πρὸς
3406 2507 3602 2571 ταῦτα,
3630 2506 3763 2579 μετὰ

2180 2605 2274 2658 τοῦ
2302 2604 2399 2659 καί⁸
2437 2603 2625 2676 χρείαν
2656 2603 2714 2655 ἐν
2741 2605 2855 2665 τοῖς
2889 2600 3113 2663 οἰκείοις
3158 2599 3496 2671 παρέχεσθαι
3521 2603 3757 2672 καιροὶςο

2180 2694 2482 2768 δηλούμενα
2507 2693 2564 2747 δέ
2594 2691 2654 2758 ἐξ
2680 2691 2856 2747 αὐτῶν
2885 2690 2994 2745 τῶν
3020 2690 3364 2763 πραγμάτων
3383 2690 3581 2745 ὁπόσον
3601 2690 3765 2763 ἠλάτ-

2185 2804 2382 2841 τωνται
2410 2785 2602 2840 ταῦτα.
3552 2774 3555 2781 ’

2268 2880 2559 2950 Ἐξήγαγεε
2590 2877 2688 2949 μὲν
2741 2871 2834 2930 οὖν
2876 2875 2976 2946 τῆς
3023 2874 3304 2943 Αἰγύπτου
3349 2874 3440 2930 τὸν
3490 2874 3711 2947 Ἰσραὴλ
3739 2876 3764 2927 ό

2185 2971 2317 3036 Θεὸς
2346 2972 2441 3025 καὶ
2473 2971 2654 3041 πάσης
2681 2972 2780 3041 τῆς
2818 2970 3022 3040 πικρᾶς
3068 2968 3283 3040 ἐκείνης
3329 2968 3609 3040 ἀπήλλαξε
3649 2968 3763 3023 δου-

2187 3065 2355 3128 λείας·
2383 3064 2751 3135 ἐργασάμενος
2776 3061 2833 3116 δὲ
2873 3062 3102 3115 θάνατον
3142 3060 3250 3115 τῶν
3280 3061 3647 3134 πρωτοτόκων
3680 3079 3766 3114 πο-

2188 3156 2303 3221 λὺν,
2330 3153 2419 3208 διὰ
2444 3152 2602 3207 τοῦτο
2621 3152 2688 3206 τὰ
2711 3152 2818 3206 τῶν
2857 3150 3211 3223 Ἰσραηλιτῶν
3240 3150 3544 3223 περιέσωσε
3569 3168 3766 3205 παντε-

2186 3248 2314 3313 λῶς·
2359 3248 2501 3318 ἆπερ
2539 3240 2632 3299 οὖν
2671 3244 2765 3299 καὶ
2805 3243 3015 3314 σημείῳ
3048 3243 3280 3315 διέκρινε
3324 3243 3460 3313 πρὸς
3497 3243 3558 3297 τὸ
3602 3245 3765 3315 μηδὲν

2188 3340 2568 3413 παραπλήσιον
2603 3340 2716 3401 τοῖς
2744 3337 3062 3405 Αἰγυπτίοις
3096 3335 3307 3389 παθεῖν’
3338 3331 3406 3407 ἦν
3449 3336 3506 3389 δὲ
3539 3337 3707 3391 τοῦτο
3734 3338 3765 3407 ή

2185 3428 2279 3481 ἐπὶ
2305 3427 2415 3481 τῶν
2452 3424 2621 3496 φλιῶν
2651 3423 2747 3478 τοῦ
2786 3424 3020 3495 αἵματος
3048 3424 3245 3496 χρίσις·
3275 3424 3449 3480 ταῦτα
3477 3424 3532 3478 δὲ
3566 3426 3766 3497 πολλὴν

2191 3518 2289 3590 μὲν
2315 3521 2427 3581 τοῖς
2478 3515 2838 3590 Ἰσραηλίταις
2883 3516 3143 3587 γινόμενα
3192 3518 3313 3571 τότε
3347 3520 3644 3589 παρείχετο
3672 3520 3766 3587 τὴν

2187 3610 2484 3682 ὠφέλειαν,
2513 3612 2624 3673 τοῖς
2653 3626 2719 3679 γε
2748 3610 2843 3663 καὶ
2884 3610 2942 3662 ἐν
2982 3608 3278 3664 ἀπολαύσει
3316 3610 3572 3664 τοιούτων
3637 3615 3759 3666 καθ·

2188 3704 2518 3775 ισταμένοις·
2540 3719 2743 3774 προεση
2754 3701 2975 3773 μαίνετο
2994 3702 3050 3755 δέ
3069 3719 3187 3767 πως
3207 3702 3281 3767 ὠς
3305 3704 3361 3756 ἐν
3385 3703 3579 3767 τύποις
3600 3705 3664 3758 τδ
3681 3706 3769 3759 καὶ

2184 3797 2277 3849 τὸν
2332 3794 2607 3865 Δεσπότην
2650 3792 2883 3866 Χριστὸν
2940 3792 3113 3857 οὕτως
3158 3795 3308 3863 ἡμᾶς
3358 3795 3765 3866 ἀφαιρήσεσθαι

2184 3886 2246 3940 ού
2277 3886 2375 3956 τῆς
2401 3884 2678 3955 Αἰγύπτου
2712 3884 2978 3949 δουλείας,
3010 3884 3145 3938 ἀλλὰ
3185 3885 3287 3955 τῆς
3323 3902 3381 3938 τε
3408 3886 3503 3939 τοῦ
3532 3886 3765 3941 θανάτου

2186 3978 2280 4033 καὶ
2311 3977 2411 4048 τῆς
2441 3976 2737 4047 ἁμαρτιας·
2770 3977 2845 4046 (p.
2877 3976 3006 4041 230)
3041 3977 3185 4047 ειπερ
3212 3970 3310 4030 οὖν
3352 3978 3482 4047 ἡμῖν
3522 3980 3767 4050 παρέσχε

2184 4073 2250 4141 τῇ
2293 4068 2471 4140 χρίσει
2508 4068 2602 4121 τοῦ
2647 4068 2880 4139 αἵματος
2911 4065 3003 4121 τοῦ
3037 4068 3260 4121 οἰκείου·
3296 4068 3454 4122 τοῦτο
3482 4070 3593 4140 γὰρ
3632 4071 3767 4141 ὑπὲρ

2184 4163 2442 4215 ἁπάντων
2471 4161 2689 4231 ἐκχέας,
2721 4161 2815 4212 καὶ
2845 4159 2935 4213 τὸν
2964 4159 3190 4213 θάνατον
3221 4161 3461 4223 ὑποστὰς
3492 4161 3584 4214 τὸν
3630 4163 3767 4233 ὑπὲρ

2186 4252 2363 4323 ήμῶν,
2398 4250 2694 4323 εἰργάσατό
2722 4268 2782 4303 τε
2818 4250 2923 4303 τῶν
2955 4249 3163 4321 νεκρῶν
3190 4250 3288 4321 τὴν
3327 4250 3644 4317 ἀνάστασιν,
3677 4254 3767 4306 καὶ

2187 4343 2460 4414 παρέσχεν
2489 4342 2691 4396 ἅπασιν
2717 4343 2854 4412 ἡμῖν
2897 4340 2982 4405 τὸ,
3018 4341 3198 4413 πάσης
3238 4342 3338 4412 τῆς
3366 4342 3604 4397 ἐνταῦθα
3648 4343 3768 4397 δουο

500 4428 612 4497 jam
645 4432 970 4499 promissam
1000 4441 1227 4503 terram,
1264 4445 1324 4492 ut
1353 4437 1455 4505 illi,
1483 4439 1870 4506 incoleremus,
1904 4444 1999 4498 sed
2027 4445 2073 4499 in

2188 4433 2338 4498 λείας
2371 4433 2782 4503 ἀπαλλαγεῖσιν,
2816 4433 3211 4504 ἁπεκδέχεσθαι
3236 4434 3335 4505 τῆς
3365 4452 3425 4489 τε
3463 4435 3766 4500 ἀθανασίας

503 4540 671 4599 regno
699 4544 1046 4585 versaremur
1077 4531 1361 4586 caelorum.
1394 4531 1513 4589 Jam
1553 4543 1819 4605 quantum
1861 4537 1975 4592 haec
2009 4540 2077 4594 ab

504 4619 612 4675 illis
643 4619 934 4675 diﬂ'erunt!
966 4620 1234 4677 Israelitae
1266 4622 1334 4677 ad
1356 4624 1520 4679 breve
1549 4626 1811 4694 temporis
1842 4628 2075 4697 spatium

502 4711 644 4767 bona
679 4712 769 4767 illa
791 4714 1301 4784 consequebantur;
1326 4730 1426 4769 nos
1454 4715 1587 4781 haec,
1614 4732 1735 4786 quae
1759 4719 1925 4772 multa
1948 4726 2078 4773 sunt

501 4812 555 4858 et
581 4805 839 4871 maxima,
864 4821 989 4861 cum
1019 4816 1223 4861 atterna
1253 4807 1489 4861 utilitate
1518 4814 1802 4863 tenemus:
1841 4808 1893 4864 id
1930 4810 2077 4881 quod

502 4912 568 4949 ex
599 4897 746 4951 omni
775 4912 954 4952 rerum
984 4899 1228 4969 ipsarum
1260 4908 1456 4954 natura
1483 4910 1819 4971 compertum
1843 4910 1947 4957 est:
1982 4902 2075 4958 Sic

504 4987 664 5041 etiam
699 4996 987 5058 peccantes
1028 4989 1083 5043 in
1122 5005 1305 5045 eremo
1339 4989 1613 5045 Israelitas
1634 5007 1806 5061 paenae
1845 4995 2081 5062 subjecit

503 5077 670 5145 Deus,
705 5089 765 5135 ut
798 5079 884 5134 his
916 5080 1084 5136 veluti
1121 5082 1533 5152 exemplaribus
1573 5092 1922 5154 peccatorum
1966 5086 2078 5139 l'or-

504 5170 763 5225 midinem
792 5171 951 5227 nobis
973 5172 1266 5238 incuteret,
1301 5189 1533 5243 quorum
1564 5190 1732 5231 causa
1762 5177 1815 5230 in
1845 5176 2079 5233 deterio-

503 5275 617 5314 rem
650 5261 889 5316 solemus
926 5262 1293 5318 conditionem
1327 5264 1588 5321 incidere.

2180 4526 2274 4580 καὶ
2318 4527 2415 4598 τῆς
2442 4524 2753 4595 ἀφθαρσίας
2792 4526 2887 4579 καὶ
2920 4525 3022 4595 τῆς
3051 4527 3466 4597 ἁναμαρτησίας
3507 4529 3606 4599 τὴν
3638 4530 3766 4582 ἀπό-

2180 4619 2391 4672 λαυσιν*
2420 4617 2537 4689 μεθ’
2581 4612 2656 4671 ὧν
2696 4617 2757 4670 οὐ
2806 4619 2909 4688 γῆν
2950 4618 3283 4685 ἐπαγγελίας
3322 4621 3642 4689 οἰκήσομεν,
3690 4621 3763 4684 ὡς

2180 4711 2399 4773 ἐκεῖνοι,
2439 4710 2552 4763 ἀλλ’
2583 4711 2640 4761 ἐν
2670 4712 2737 4780 τῇ
2775 4708 2885 4762 τῶν
2926 4709 3174 4780 οὐρανῶν
3215 4710 3450 4779 ἐσόμεθα
3491 4711 3760 4783 βασιλεία·

2179 4804 2374 4858 ὁπόσον
2400 4801 2456 4855 δὲ
2485 4800 2690 4854 τούτων
2722 4801 2859 4871 πρὸς
2888 4802 3065 4855 ἐκεῖνο
3112 4801 3172 4855 τὸ
3211 4801 3486 4873 διάφορον,
3536 4806 3632 4857 καὶ
3681 4807 3761 4859 δτι
3810 4870 3811 4873 η

2180 4894 2404 4948 ἐκείνων
2432 4893 2529 4963 μὲν
2555 4893 2642 4946 ἐπ’
2675 4893 2855 4962 ὀλίγον
2883 4894 3100 4963 ἐγένετο
3137 4892 3196 4947 τὸ
3217 4894 3429 4964 κέρδος,
3461 4895 3667 4948 τούτων
3704 4896 3760 4949 δὲ

2183 4986 2454 5058 μεγίστων
2498 5002 2558 5039 τε
2601 4985 2768 5039 ὄντων
2798 4987 2892 5040 καὶ
2922 4986 3133 5041 πολλῶν
3161 4986 3411 5057 διηνεκὴς
3456 4991 3487 5058 ἡ
3524 4988 3759 5057 ὠφέλεια

2174 5079 2565 5144 τοῖςιλαϐοὖσιν
2596 5079 2912 5151 προσέσται,
2944 5079 3003 5145 ἐξ
3032 5080 3208 5133 αὐτῶν
3246 5081 3416 5135 ἅπασι
3445 5080 3601 5152 δῆλον
3632 5083 3756 5135 καθ·

2180 5174 2378 5242 έστηκε
2425 5172 2534 5225 τῶν
2568 5173 2931 5243 πραγμάτων·
2964 5171 3106 5225 οὕτω
3142 5174 3235 5226 καὶ
3264 5173 3390 5236 τοὺς
3430 5175 3758 5239 ἐπταικότας

2178 5266 2287 5318 τῶν
2334 5263 2683 5336 Ἰσραηλιτῶν
2714 5264 3007 5338 τιμωρίαις
3045 5264 3310 5317 ἐπέόαλεν
3356 5266 3448 5318 ἐπὶ
3491 5266 3587 5337 τῆς
3630 5270 3759 5337 ἐρή-

507 5373 629 5428 μου·
659 5357 734 5422 ὠς
769 5359 834 5412 ἂν
863 5358 919 5411 ἐν
946 5375 1054 5413 τισι
1085 5359 1275 5424 τύποις
1298 5361 1567 5417 παιδεύων
1600 5363 1748 5433 ἡμᾶς
1785 5362 2079 5417 δεδοικέναι
2115 5360 2214 5434 τὴν
2235 5362 2532 5434 ἁμαρτίαν,
2557 5361 2632 5425 ὡς
2658 5362 2850 5431 ἱκανήν
2875 5377 2933 5413 τε
2991 5355 3155 5413 οὖσαν
3192 5361 3303 5423 τοῖς
3327 5360 3565 5431 χείροσιν
3610 5363 3760 5433 ἡμεῖς

503 5467 569 5503 πε
581 5448 837 5521 ριϐαλεῖν.

579 5541 734 5612 152
774 5540 830 5597 Id
870 5542 1018 5615 quod
1062 5542 1253 5602 beatus
1303 5545 1465 5602 docet
1516 5545 1720 5603 Paulus
1777 5547 1905 5604 dum
1958 5549 2070 5605 ait:

511 5652 529 5684 ι
560 5632 685 5689 Ilaec
729 5634 912 5690 omnia
974 5634 1082 5692 illis
1119 5637 1173 5692 in
1217 5637 1454 5710 imagine
1489 5640 1911 5712 contingebant;
1946 5642 2078 5696 scri-

507 5736 598 5796 pta
646 5734 823 5782 autem
867 5734 996 5791 sunt
1035 5725 1101 5783 ad
1146 5729 1505 5787 eruditionem
1553 5741 1818 5799 nostram,
1861 5732 1914 5788 in
1939 5748 2077 5800 quos

2249 5540 2422 5596 Τοῦτο
2444 5537 2501 5592 δὲ
2529 5538 2557 5592 ὁ
2585 5536 2851 5609 μακάριος
2874 5534 3024 5608 δηλοῖ
3048 5536 3257 5613 Παῦλος
3276 5534 3477 5603 λέγων·
3521 5552 3541 5585 σ
3569 5532 3755 5587 Ταῦτα

2179 5638 2237 5693 δὲ
2264 5635 2439 5689 πάντα
2466 5632 2627 5687 τύποι
2652 5629 2964 5684 συνέϐαινον
2987 5629 3236 5692 ἐκείνοις·
3279 5627 3492 5699 ἐγράφη
3530 5626 3586 5681 δὲ
3618 5626 3753 5698 πρὸς

2180 5727 2459 5785 νουθεσίαν
2492 5724 2670 5797 ήμῶν,
2705 5723 2787 5790 εἰς
2809 5721 2903 5787 οὓς
2929 5720 3000 5777 τά
3023 5720 3154 5792 τέλη
3174 5720 3283 5775 τῶν
3317 5717 3526 5774 αἰώνων
3554 5719 3753 5789 κατήν-
