3844 6222
130 295 231 351 321

1323 288 1875 348 COMMENTARIUS
1909 290 1975 344 IN
2012 291 2259 349 JONAM.

3295 306 3399 363 32‘)

132 428 326 483 τησεν.
360 429 379 463 ι
426 411 583 465 Οὕτω
623 411 712 466 διὰ
746 412 845 483 τῆς
873 410 1103 483 νομικῆς
1132 410 1457 477 διατάξεως,
1487 412 1609 471 ταῖς
1648 425 1707 461 τε

1819 411 2027 465 termini
2059 412 2383 467 saeculorum
2409 411 2837 470 devenerunt".
2866 435 2883 467 ι
2911 415 3087 487 Atque
3115 417 3189 471 ita
3215 416 3399 489 legali-

136 502 355 566 θυσίαις
383 503 478 555 καί⁵
501 502 579 572 τῷ
602 503 797 573 αἵματι
822 502 930 556 τῶν
950 502 1160 570 ἀλόγων
1183 500 1339 566 ζώων
1362 500 1550 567 ἔταξεν
1572 499 1715 568 ὠφε-

135 594 349 647 λεῖσθαι
369 594 495 657 τοὺς
522 593 858 664 χρωμένους·
889 593 963 663 (p.
997 594 1123 663 251)
1151 593 1216 645 ἵν’
1249 593 1315 644 ὲκ
1359 590 1716 662 παραθέσεως

136 687 273 757 ἡμῖν
315 686 375 738 τὸ
419 684 695 738 πιστεύειν
743 684 1006 754 μειζόνως
1050 687 1262 754 προσῇ,
1310 684 1391 735 ὅτι
1443 682 1714 752 μεγίστων

136 779 363 847 ἀγαθῶν
393 779 449 831 ὲν
479 776 557 847 τῷ
591 777 786 846 αἰματι
811 775 1112 846 τευξόμεθα
1150 774 1246 828 τοῦ
1278 774 1547 827 Δεσπότου
1582 774 1716 843 Χρι·

139 871 294 923 στοῦ·
322 868 443 922 ὅθεν
480 869 509 920 6
557 868 826 937 μακάριος
869 868 1018 935 λέγει
1072 866 1282 930 Παῦλος
1306 884 1320 898 ο
1360 885 1378 918 ι
1424 867 1487 919 Ei
1517 865 1624 936 γὰρ
1655 866 1715 919 τὸ

138 954 285 1028 αἷμα
319 959 535 1029 ταύρων
564 961 657 1011 καὶ
688 959 905 1028 τράγων
944 957 1038 1010 καὶ
1065 956 1257 1018 σποδὸς
1286 955 1567 1026 δαμάλεως
1590 957 1716 1024 ραν-

138 1050 370 1117 τίζουσα
396 1052 521 1114 τοὺς
567 1050 996 1120 κεκοινωμένους
1038 1047 1254 1116 ἁγιάζει
1302 1048 1436 1118 πρὸς
1476 1048 1574 1118 τήν
1617 1047 1715 1116 τῆς

141 1144 348 1213 σαρκὸς
377 1143 741 1215 καθαρότητα.
768 1143 917 1210 πόσῳ
947 1140 1144 1209 μᾶλλον
1176 1139 1236 1191 τὸ
1273 1135 1411 1208 αἷμα
1439 1138 1531 1191 τοῦ
1584 1137 1715 1209 Χρι-

143 1235 296 1298 στοῦ,
328 1235 387 1297 ὃς
412 1236 500 1287 διὰ
526 1235 828 1304 πνεύματος
853 1230 1069 1287 αἰωνίου
1086 1231 1311 1302 ἄμωμον
1336 1230 1524 1283 ἑαυτὸν
1544 1246 1714 1300 προσ-

138 1331 345 1400 ήνεγκε
386 1325 466 1399 τῷ
504 1325 643 1396 Θεῷ,
677 1325 937 1397 καθαριεῖ
965 1325 1063 1396 τὴν
1094 1324 1395 1395 συνείδησιν
1428 1323 1584 1394 ήμῶν
1608 1322 1716 1376 ἀπὸ

138 1416 355 1489 νεκρῶν
387 1417 593 1487 ἐργων;
614 1413 740 1468 »Ἐκ
766 1416 873 1487 γὰρ
911 1415 1009 1485 τῆς
1040 1415 1135 1468 τοῦ
1170 1414 1439 1467 Δεσπότου
1478 1411 1714 1483 Χριστοῦ

138 1508 406 1578 διαφορᾶς
441 1508 577 1578 πρὸς
609 1507 677 1560 τά
713 1506 881 1576 ἄλογα
912 1506 1046 1573 ζῶα,
1082 1505 1393 1577 ἀρκούντως
1416 1507 1564 1577 ἡμᾶς
1597 1506 1718 1557 ἐπι-

142 1598 421 1663 στώσατο,
471 1600 552 1651 ὅτι
602 1599 780 1668 πολλῷ
834 1598 995 1653 πλέον
1039 1600 1184 1670 ήμᾶς
1210 1597 1421 1661 τούτοις
1472 1596 1716 1668 προσῆκε

1812 500 1919 555 bus
1940 500 2210 557 institutis
2234 503 2467 567 curavit,
2496 511 2556 558 ut
2581 504 2659 558 illi
2688 520 2812 559 cum
2839 504 3044 574 fructu,
3078 508 3317 565 victimis
3343 520 3398 564 et

1814 589 2103 646 brutorum
2126 592 2482 648 animantium
2500 596 2766 665 sanguine
2790 605 3109 655 uterentur:
3136 607 3299 671 atque
3332 613 3390 655 ut

1811 693 1879 734 eo
1906 681 2157 752 exemplo
2184 681 2317 738 iides
2353 694 2540 739 nostra
2574 686 2950 751 roboraretur,
2986 688 3099 744 fore
3126 690 3385 745 nimirum

1813 778 1873 824 ut
1924 770 2068 825 bona
2121 773 2355 827 maxima
2408 789 2504 844 per
2545 774 2751 831 Christi
2792 777 3007 833 Domini
3065 781 3389 851 sanguinem

1813 875 2299 934 consequeremur.
2326 866 2507 932 Quare
2529 867 2721 923 beatus
2750 870 2826 925 ait
2850 868 3084 927 Paulus:
3125 891 3143 923 ι
3170 872 3227 927 Si
3247 875 3393 929 enim

1814 954 2041 1024 sanguis
2072 962 2353 1009 taurorum
2383 964 2436 1010 et
2476 956 2774 1025 hircorum,
2809 966 2864 1013 et
2902 960 3044 1015 cinis
3080 961 3263 1017 vitula:
3299 978 3393 1017 as-

1816 1056 2034 1113 persus,
2066 1043 2160 1114 qui
2194 1058 2260 1098 eo
2297 1052 2524 1099 utuntur
2555 1046 2858 1101 sanctiﬁcat
2888 1048 2953 1102 ad
2988 1050 3171 1105 carnis
3202 1065 3395 1105 emuno

1817 1133 2130 1191 dationem:
2165 1142 2371 1203 quanto
2415 1136 2587 1205 magis
2623 1139 2843 1207 sanguis
2888 1137 3132 1203 Christi,
3171 1141 3261 1210 qui
3298 1156 3395 1211 per

1816 1232 2079 1279 aeternum
2131 1226 2381 1296 spiritum
2420 1224 2532 1280 Deo
2580 1242 2639 1281 se
2691 1228 2888 1282 obtulit
2944 1230 3389 1295 immaculatum,

1814 1316 2203 1371 conscientiam
2242 1326 2485 1372 nostram
2526 1333 2556 1371 a
2595 1320 2825 1374 mortuis
2863 1321 3123 1389 operibus
3160 1337 3395 1391 perpur-

1814 1404 2062 1478 gabit"?
2093 1426 2112 1459 ι
2157 1406 2291 1461 Nam
2332 1408 2476 1464 Deus
2517 1425 2610 1480 per
2646 1410 2852 1465 Christi
2891 1410 3106 1468 Domini
3147 1429 3177 1467 a
3219 1416 3393 1469 brutis

1816 1499 2185 1555 animantibus
2224 1500 2585 1557 diﬂcrentiam
2620 1504 2755 1557 satis
2786 1517 2884 1559 nos
2925 1503 3056 1559 facit
3098 1508 3389 1568 certiores,

1817 1591 1991 1644 multo
2025 1605 2127 1646 nos
2162 1592 2332 1662 magis
2361 1595 2517 1648 novis
2547 1594 2632 1648 his
2668 1594 2866 1649 debere
2896 1595 3189 1659 conlidere,
3224 1612 3389 1667 quam

142 1688 423 1741 πιστεύειν
450 1688 481 1758 ἢ
507 1688 590 1741 ἐπ’
619 1688 846 1751 ἐκείνοις
879 1688 1162 1740 ἐπίστευον
1195 1687 1243 1739 oi
1269 1686 1389 1739 τότε
1410 1702 1424 1716 ·
1460 1685 1553 1738 καὶ
1575 1683 1713 1738 κατά

1820 1678 1897 1735 illi
1946 1680 2219 1737 veteribus
2276 1682 2640 1737 conﬁdebant.
2687 1681 2805 1736 Jam
2856 1699 2981 1736 cum
3028 1682 3290 1739 Israelita:
3337 1683 3391 1737 in

140 1781 242 1851 τὴν
276 1752 481 1851 ἔρημον
518 1780 573 1832 δὲ
615 1779 721 1833 τῶν
783 1778 1134 1850 Ἰσραηλιτῶν
1169 1778 1237 1832 δι’
1283 1776 1565 1831 ἀπείθειαν
1593 1779 1711 1840 ταῖς

1819 1787 1998 1828 eremo
2055 1780 2277 1843 prepter
2329 1788 2484 1829 suam
2542 1773 2977 1828 incredulitatem
3031 1776 3387 1828 colubrorum

140 1871 254 1925 τῶν
288 1870 465 1941 ὄφεων
502 1870 885 1941 ἀπολλυμένων
916 1870 1172 1941 πληγαῖς,
1201 1869 1484 1923 ἐκέλευσεν
1515 1869 1544 1921 6
1580 1866 1713 1931 Θεὸς

139 1960 222 2032 τῷ
257 1960 510 2031 μακαρίῳ
538 1962 706 2030 Μωσῇ
743 1960 975 2030 χαλκοῦν
1004 1958 1419 2029 ἀπεργάσασθαι
1456 1958 1600 2025 ὅφιν,
1634 1955 1710 2020 ὡς

138 2051 211 2105 ἀν
241 2051 328 2106 ἐπ’
367 2052 528 2105 αὑτὸν
554 2051 954 2115 ἀποϐλέποντες
986 2055 1041 2109 oi
1072 2049 1426 2122 πληττόμενοι
1449 2050 1549 2118 τῆς
1588 2048 1714 2119 βλά-

140 2142 249 2214 σης
285 2142 395 2195 τῶν
428 2142 774 2213 πληττόντων
811 2142 996 2214 ῥᾳδίαν
1028 2141 1264 2211 δέχοιντο
1291 2140 1390 2211 τὴν
1420 2138 1593 2193 λύσιν·
1623 2139 1715 2193 δυ·

140 2232 380 2303 ναμὲνου
415 2233 511 2303 μὲν
546 2230 643 2285 τοῦ
672 2231 807 2285 Θεοῦ
839 2231 933 2285 καὶ⁵
960 2230 1053 2283 τοῦ
1081 2228 1410 2301 πλήττεσθαι
1437 2226 1713 2292 παντελῶς

140 2326 251 2391 ἔξω
282 2325 528 2395 ποιῆσαι,
554 2326 588 2396 ῆ
626 2324 818 2395 ἑτέραν
846 2324 976 2393 γοῦν
1003 2340 1127 2377 τινα
1157 2322 1417 2394 εὑρέσθαι
1443 2322 1545 2391 τῆς
1573 2322 1713 2390 πλη-

137 2419 246 2487 γῆς
286 2416 553 2487 ἰατρείαν·
591 2416 939 2487 βουληθέντος
977 2416 1036 2468 δὲ
1080 2417 1137 2468 ὲν
1165 2414 1581 2489 άπεικονίσματι
1608 2413 1716 2467 τῶν

139 2509 491 2580 πληττόντων
517 2509 616 2578 τῆς
649 2506 849 2577 βλάὅης
888 2505 1136 2575 δέχεσθαι
1170 2505 1366 2569 αὐτοὺς
1399 2505 1497 2576 τὴν
1539 2504 1712 2559 λύσιν·

139 2604 230 2656 ἵνα
259 2601 336 2672 μὴ
371 2600 576 2669 σφόδρα
624 2597 991 2669 θαυμάζωμεν
1033 2597 1082 2649 εί
1114 2596 1192 2668 τῷ
1230 2597 1444 2668 θανάτῳ
1477 2596 1571 2651 τοῦ
1621 2602 1718 2649 Δε-
1744 2585 1757 2598 ’

149 2695 357 2747 σπότου
404 2690 641 2762 Χριστοῦ
671 2689 813 2742 λύων
848 2689 937 2741 τὸν
968 2687 1195 2741 θάνατον
1225 2689 1255 2741 6
1286 2687 1449 2753 Θεὸς,
1483 2690 1560 2758 (p.
1589 2687 1714 2757 252)

136 2784 414 2838 ἀθάνατον
448 2784 578 2853 ἡμῖν
620 2780 707 2834 διὰ
742 2780 841 2850 τῆς
889 2779 1236 2842 ἀναστάσεως
1282 2778 1579 2851 παρέχεται
1618 2778 1717 2851 τὴν

138 2873 316 2945 ζωήν·
342 2872 466 2927 ὅθεν
493 2871 586 2927 καὶ
626 2873 655 2925 6
684 2870 887 2941 Κύριός
921 2884 1074 2939 φησι·
1108 2889 1127 2922 ι
1170 2870 1277 2923 Καὶ
1308 2869 1486 2933 καθὼς
1513 2870 1718 2939 Μωσῆς

139 2964 332 3035 ῦψωσε
355 2965 448 3019 τὸν
476 2964 599 3035 ὅφιν
640 2965 697 3017 ἐν
726 2965 792 3035 τῇ
828 2962 1041 3034 ἐρήμῳ,
1106 2961 1277 3026 οὕτως
1319 2962 1596 3035 ὑψωθῆναι
1641 2963 1721 3015 δεῖ

136 3057 237 3111 τδν
258 3057 389 3110 Υίδν
413 3055 507 3110 τοῦ
530 3052 841 3127 ἀνθρώπου,
872 3054 958 3107 ἵνα
979 3054 1128 3117 πᾶςό
1151 3054 1420 3107 πιστεύων
1449 3054 1537 3107 ἐπ’
1556 3052 1717 3107 αὑτὸν

145 3149 225 3220 μὴ
248 3147 537 3218 ἀπόληται,
584 3146 699 3202 ἀλλ’
737 3145 836 3219 ἔχῃ
869 3146 1013 3219 ζωὴν
1052 3146 1287 3200 αἰώνιον·
1330 3165 1351 3196 ι
1386 3146 1599 3209 δεικνὺς
1635 3146 1716 3199 δτι

139 3241 319 3311 ὅνπερ
364 3237 563 3311 τρόπον
594 3235 714 3291 τότε
742 3236 851 3291 τῶν
884 3237 1225 3309 πληττόντων
1254 3237 1315 3289 τὸ
1364 3237 1588 3306 μίμημα
1620 3234 1721 3307 τὴν

140 3328 259 3383 ἀπὸ
296 3328 398 3398 τῆς
441 3326 655 3398 πληγῆς
686 3326 802 3379 ἰᾶτο
835 3325 1059 3399 βλάϐην,
1102 3326 1194 3381 τὸν
1222 3325 1383 3379 αὐτὸν
1424 3324 1489 3396 δὴ
1521 3324 1722 3396 τρόπον

140 3421 244 3473 καὶ
276 3418 373 3473 νῦν
396 3420 424 3472 6
450 3418 658 3482 πάντας
693 3416 1018 3489 ἀνθρώπους
1048 3417 1441 3489 ὲπινεμόμενος
1466 3416 1715 3482 θάνατος,

142 3514 243 3568 ἰπὶ
273 3510 367 3565 τοῦ
398 3509 669 3563 Δεσπότου
695 3508 929 3579 Χριστοῦ
955 3510 1214 3579 γεγονὼς,
1240 3510 1340 3562 οὐκ
1365 3508 1513 3578 αύτῷ
1538 3507 1720 3578 μόνον,

144 3604 288 3660 ἀλλά
314 3602 423 3675 γὰρ
448 3601 544 3657 καὶ
572 3602 738 3655 πᾶσιν
762 3600 1072 3672 ἀνθρώποις
1104 3600 1196 3655 τοῦ
1227 3601 1457 3656 θανάτου
1496 3600 1723 3673 παρέξει

271 3692 446 3746 λύσιν.

271 3692 446 3746 λύσιν.

144 3692 378 3837 {iiIi-3w
400 3782 457 3836 δὲ
489 3780 584 3835 καὶ
614 3781 683 3836 τά
708 3781 848 3835 κατά
876 3782 967 3836 τὸν
995 3783 1261 3855 μακάριον
1284 3782 1506 3853 γέγονεν
1537 3784 1724 3839 ’Ῑωνᾶν

144 3876 244 3931 τὸν
267 3876 575 3947 προφήτην,
604 3872 689 3938 δν,
723 3874 990 3928 Ἰουδαίων
1001 3874 1369 3929 ἀπειθούντων
1390 3877 1484 3930 καὶ
1506 3877 1726 3948 προσίε-

149 3967 281 4023 σθαι
310 3968 408 4030 τάς
463 3965 795 4038 προφητείας
846 3966 947 4019 οὐκ
996 3966 1311 4032 ἐθελόντων,
1356 3968 1449 4022 ἐπὶ
1491 3969 1562 4023 τά
1598 3968 1724 4040 ἔθνη

155 4056 432 4127 μετελθεῖν
466 4055 879 4128 παρεσκεύασεν
917 4056 947 4108 6
973 4055 1104 4120 Θεός
1131 4074 1145 4087 ·
1189 4054 1306 4111 εἶτα
1334 4058 1423 4111 διά
1465 4057 1634 4130 τριῶν
1665 4076 1724 4111 τε

151 4153 186 4219 ἡ
196 4150 376 4221 μερῶν
398 4150 490 4203 καὶ
512 4147 722 4202 νυκτῶν
742 4148 1060 4220 παραδόξως
1080 4149 1172 4202 ἐπὶ
1198 4149 1292 4203 τοῦ
1326 4151 1528 4222 κήτους
1563 4151 1725 4206 αὐτὸν

150 4240 447 4307 διασώσας,
481 4240 657 4311 ῆγαγέ
676 4256 735 4293 τε
760 4242 841 4304 είς
866 4241 965 4310 τὴν
992 4239 1144 4294 πόλιν
1169 4240 1266 4311 τήν
1309 4242 1515 4314 μυρίων
1542 4242 1723 4315 πλήρη

152 4331 371 4386 κακῶν·
398 4330 494 4384 καὶ
531 4328 909 4401 παρεσκεύασε
940 4327 1250 4400 κηρύξαντα
1270 4331 1371 4403 τὴν
1415 4330 1723 4402 μετάνοιαν,

1811 1866 2088 1920 morsibus
2121 1866 2439 1933 interirent,
2472 1866 2747 1921 mandavit
2788 1866 2931 1921 Deus
2965 1867 3123 1921 beato
3170 1866 3338 1938 Moysi
3375 1906 3391 1925 .

1812 1970 1872 2010 ut
1901 1972 2109 2010 ameum
2140 1955 2401 2011 conﬂaret
2431 1957 2750 2024 colubrum;
2784 1972 2941 2028 quem
2982 1959 3076 2027 qui
3113 1959 3381 2012 vulnerati

1811 2045 2170 2114 respicerent,
2202 2046 2384 2101 damni
2412 2048 2494 2100 sui
2522 2047 2846 2101 medicinam
2875 2045 3091 2102 facilem
3114 2048 3389 2117 recepturi

1810 2148 1987 2193 erant.
2022 2139 2187 2208 Atqui
2232 2153 2356 2192 cum
2390 2139 2505 2193 Deo
2538 2139 2727 2194 liceret
2758 2138 2842 2195 vel
2875 2138 3151 2195 lsraeIitas
3182 2153 3214 2194 a
3248 2154 3394 2193 mor-

1812 2230 1966 2285 sibus
1990 2230 2212 2284 omnino
2237 2229 2550 2295 defendere,
2579 2230 2663 2285 vel
2683 2230 2845 2284 aliam
2867 2230 3167 2300 quamlibet
3194 2245 3395 2300 suppe-

1813 2322 1989 2378 ditare
2046 2322 2190 2378 ictus
2240 2322 2541 2389 medelam;
2595 2321 2953 2377 nihilominus
2997 2337 3094 2377 eos
3147 2322 3317 2376 voluit
3361 2336 3393 2376 a

1814 2412 2178 2468 mordentium
2198 2414 2433 2483 imagine
2455 2412 2753 2468 remedium
2779 2412 3017 2467 referre:
3042 2428 3152 2482 quo
3173 2413 3395 2467 minime

1815 2506 2167 2568 miraremur,
2199 2506 2243 2560 si
2287 2513 2457 2559 morte
2490 2503 2694 2559 Christi
2729 2502 2942 2557 Domini
2978 2503 3121 2558 Deus
3156 2511 3391 2558 mortem

1814 2595 2121 2660 destruens,
2153 2596 2515 2650 immortalem
2555 2595 2717 2650 nobis
2748 2610 2843 2664 per
2874 2610 3165 2663 corporum
3203 2610 3393 2649 resur—

1815 2689 2116 2744 rectionem
2194 2697 2540 2758 compararet
2586 2690 2772 2743 vilam.
2806 2687 2988 2753 Quare
3034 2698 3088 2743 et
3133 2686 3393 2743 Dominus

1817 2778 1931 2831 ait:
1978 2797 1997 2830 ι
2026 2777 2199 2833 Sicuti
2246 2777 2460 2850 Moyses
2488 2778 2750 2832 exaltavit
2775 2788 3083 2849 serpentem
3115 2778 3169 2832 in
3201 2778 3396 2833 solitu-

1817 2870 1965 2934 dine,
1998 2871 2069 2925 ita
2094 2870 2321 2925 exaltari
2354 2878 2568 2940 oportet
2595 2868 2792 2925 Filium
2826 2872 3085 2938 hominis,
3124 2879 3185 2924 ut
3211 2873 3393 2926 omnis

1818 2963 1909 3033 qui
1941 2963 2117 3018 credit
2143 2963 2197 3016 in
2238 2962 2389 3017 illum
2436 2978 2544 3017 non
2592 2970 2796 3033 pereat,
2840 2964 2933 3018 sed
2983 2964 3179 3018 habeat
3225 2964 3392 3018 vitam

1819 3047 2152 3109 aeternam".
2184 3072 2203 3106 ι
2238 3052 2448 3120 Quibus
2481 3055 2661 3109 verbis
2689 3055 2869 3119 docet,
2901 3057 3046 3110 sicut
3077 3056 3206 3109 olim
3240 3070 3393 3111 mor-

1821 3143 2064 3199 dentium
2113 3142 2292 3213 imago
2314 3144 2573 3198 damnum
2606 3144 2847 3199 vulneris
2895 3146 3260 3215 persanabat,
3314 3146 3394 3200 sic

1820 3249 1968 3288 nunc
1999 3241 2250 3299 mortem,
2282 3249 2403 3305 qua:
2436 3248 2626 3289 omnes
2658 3235 2907 3291 homines
2944 3236 3099 3306 153
3131 3237 3395 3306 depasce-

1821 3325 2001 3392 batur,
2036 3333 2321 3396 postquam
2356 3340 2418 3380 ea
2464 3324 2689 3381 Christo
2736 3325 2967 3381 Domino
3018 3328 3237 3389 accidit,
3284 3342 3395 3382 non

1823 3415 1952 3471 huic
1974 3417 2168 3482 solum,
2198 3416 2292 3472 sed
2309 3418 2523 3472 cunctis
2544 3416 2859 3473 hominibus
2881 3416 3073 3473 mortis
3095 3416 3396 3473 remedium

1823 3523 1945 3565 esse
1979 3509 2288 3564 allaturam.

1856 3790 1990 3846 "Sic
2021 3789 2183 3846 etiam
2217 3788 2445 3860 contigit
2480 3788 2641 3844 beato
2685 3789 2964 3860 propheta:
3005 3787 3179 3857 Jonas,
3232 3778 3396 3862 quem

1821 3878 2027 3935 Iudaeis
2051 3878 2371 3942 incredulis,
2398 3891 2577 3947 neque
2597 3876 2717 3945 ejus
2738 3878 2958 3932 oracula
2985 3877 3393 3948 recipientibus,

1825 3971 1891 4026 ad
1907 3979 2093 4043 gentes
2110 3969 2414 4039 transgredi
2429 3968 2598 4039 jussit
2612 3969 2751 4025 Deus
2766 3986 2782 4036 ;
2798 3968 2993 4025 deinde
3010 3969 3187 4026 tribus
3201 3969 3396 4027 diebus

1824 4062 2163 4132 totidemque
2202 4061 2459 4116 noctibus
2498 4062 2819 4117 mirabiliter
2863 4061 3005 4116 intra
3040 4070 3220 4118 cetum
3258 4078 3396 4119 con-

1825 4156 2063 4213 servavit
2095 4154 2422 4209 incolumem
2445 4190 2462 4217 ,
2506 4152 2868 4224 perduxitque
2908 4152 2966 4207 in
2998 4153 3188 4209 urbem
3232 4153 3392 4209 innu-

1826 4246 1994 4301 meris
2032 4242 2329 4300 sceleribus
2375 4240 2768 4296 redundantem
2804 4262 2817 4296 :
2858 4256 3051 4311 nempe
3090 4250 3150 4296 ut
3199 4242 3249 4297 is
3275 4256 3391 4312 pa:-

1826 4336 2111 4391 nitentiam
2169 4332 2501 4405 praedicans,
2576 4330 2898 4387 conciliator
2952 4333 3143 4388 salutis
3198 4333 3394 4388 incolis

153 4422 429 4493 σωτηρίας
475 4420 645 4475 ἀπασι
676 4422 787 4484 τοῖς
821 4419 1007 4472 αὐτόθι
1040 4419 1298 4491 πρόξενον
1333 4420 1589 4490 γενέσθαι
1618 4437 1632 4452 ·
1656 4420 1718 4475 ἶν’

1832 4428 1982 4483 ﬂeret
2008 4444 2023 4493 ;
2056 4440 2157 4480 nos
2190 4433 2370 4480 autem
2407 4425 2512 4480 hoc
2544 4424 2793 4494 exemplo
2825 4422 3024 4478 eruditi
3050 4423 3276 4478 minime
3303 4439 3395 4478 nc-

151 4516 220 4568 ὲκ
249 4512 607 4584 παραθέσεως
641 4512 715 4583 μὴ
747 4512 1107 4582 ἀπιστοίημεν
1127 4551 1142 4576 ,
1173 4513 1222 4565 εί
1256 4512 1349 4565 καὶ
1387 4515 1417 4567 6
1446 4513 1721 4585 Δεσπότης

150 4606 388 4678 Χριστὸς
413 4604 503 4659 διὰ
534 4605 642 4658 τῶν
667 4604 795 4659 ἴσων
821 4603 1029 4677 καιρῶν
1058 4604 1381 4676 ἀδιάφθορος
1406 4604 1717 4676 φυλαχθεὶς,

151 4698 251 4753 καὶ
309 4698 374 4750 ὲκ
424 4696 635 4768 νεκρῶν
668 4696 935 4758 ἀναστὰς,
969 4696 1027 4749 ὲν
1080 4695 1331 4765 ἀθανάτῳ
1378 4695 1489 4766 ζωῇ
1537 4696 1722 4765 κοινὴν

154 4794 327 4843 ἅπασι
358 4790 467 4851 τοῖς
514 4787 712 4852 ἔθνεσι,
748 4788 841 4841 καὶ
868 4785 1044 4839 ταῦτά
1086 4803 1149 4855 γε
1192 4786 1557 4839 ἀπειθούντων
1594 4786 1725 4838 ’1ου-

151 4879 340 4945 δαίων,
358 4877 456 4949 τὴν
473 4878 537 4930 ὲκ
550 4876 648 4947 τῆς
667 4875 954 4947 μετανοίας
971 4875 1271 4946 παρέχεται
1289 4875 1582 4945 σωτηρίαν·
1599 4874 1723 4927 ὅθεν

151 4972 248 5026 καὶ
268 4972 297 5024 6
318 4969 522 5040 Κύριος
556 4968 684 5021 ποτὲ
711 4968 809 5039 μέν
836 4984 1000 5038 φησιν
1025 4981 1040 4997 °
1071 4985 1089 5018 ι
1121 4968 1330 5038 Ὠσπερ
1349 4968 1458 5037 γάρ
1483 4969 1512 5020 6
1541 4967 1723 5030 Ἰωνᾶς

151 5066 211 5118 εν
242 5065 309 5135 τῇ
344 5062 523 5133 κοιλίᾳ
553 5060 647 5114 τοῦ
678 5063 877 5129 κήτους
922 5061 1072 5131 τρεῖς
1104 5059 1317 5130 ἡμέρας
1354 5059 1575 5130 ἐποίησε
1625 5059 1720 5111 καὶ

150 5158 301 5227 τρεῖς
314 5155 537 5217 νύκτας,
557 5152 633 5223 (p.
652 5152 779 5222 255)
797 5152 939 5205 οὕτω
958 5152 1038 5205 δεῖ
1051 5151 1142 5205 τὸν
1164 5151 1292 5205 Υίὸν
1308 5150 1402 5203 τοῦ
1433 5136 1720 5221 ἀνθρώπου

151 5250 211 5301 ἐν
233 5249 299 5318 τῇ
332 5246 529 5317 καρδίᾳ
548 5246 648 5313 τῆς
682 5243 785 5315 γῆς
817 5247 1037 5315 ποιῆσαι
1060 5246 1208 5314 τρεῖς
1229 5241 1439 5315 ἡμέρας
1467 5244 1556 5295 καὶ
1576 5246 1725 5313 τρεῖς

150 5340 353 5402 νύκτας
373 5355 421 5390 ἰ
449 5338 577 5390 ποτὲ
601 5337 657 5390 δέ
684 5352 699 5367 ·
731 5354 749 5388 ι
766 5336 989 5407 Ἄνδρες
1019 5335 1295 5389 Νινευῗται
1332 5336 1725 5407 ἀναστήσονται

152 5430 247 5484 καὶ
268 5426 653 5499 κατακρινοῦσι
683 5426 780 5498 τήν
798 5427 989 5495 γενεάν
1009 5426 1234 5497 ταύτην,
1264 5426 1346 5480 ὅτι
1375 5426 1609 5496 ἥκουσαν
1627 5426 1722 5480 τοῦ

153 5521 506 5594 κηρύγματος
558 5520 714 5573 Ἰωνᾶ
750 5533 763 5547 ⁸
794 5519 886 5573 καὶ
922 5518 1027 5572 ἰδοὺ
1086 5518 1267 5573 πλεῖον
1317 5519 1468 5571 Ἰωνᾶ
1516 5513 1618 5574 ὧδε
1641 5534 1658 5552 ο
1696 5535 1717 5572 ι

1829 4530 2106 4587 garemus,
2138 4512 2419 4569 Christum
2437 4512 2735 4568 Dominum
2767 4511 2883 4581 pari
2914 4512 3179 4581 temporis
3213 4514 3393 4580 spatio

1828 4610 1947 4664 sine
1972 4607 2326 4677 corruptione
2357 4612 2676 4669 servatum;
2710 4601 2804 4672 qui
2836 4615 2961 4655 mox
2994 4615 3025 4655 e
3060 4602 3292 4655 mortuis
3324 4604 3393 4658 ad

1827 4698 2193 4755 immortalem
2239 4696 2407 4750 vitam
2456 4702 2769 4760 revocatus,
2803 4709 3146 4749 communem
3177 4696 3395 4749 cunctis

1825 4787 2067 4845 ethnicis
2114 4785 2340 4850 (Judzeis
2374 4786 2592 4843 interim
2628 4786 3061 4842 incredulitatem
3102 4787 3391 4842 retinenti-

1827 4880 1951 4948 bus)
1980 4877 2313 4949 pamiteutia:
2354 4876 2551 4932 merito
2582 4879 2815 4933 salutem
2840 4877 3114 4933 exhibuit.
3146 4876 3303 4932 Unde
3339 4884 3394 4932 et

1828 4970 2093 5025 Dominus
2124 4968 2421 5040 aliquando
2454 4968 2591 5023 dixit
2622 4987 2637 5025 :
2697 4987 2717 5021 ι
2765 4967 2921 5024 Sicut
2961 4970 3106 5025 enim
3134 4967 3303 5025 Jonas
3338 4970 3393 5023 in

1825 5072 2015 5120 ventre
2042 5062 2145 5118 ceti
2194 5070 2309 5116 tres
2333 5059 2452 5115 dies
2492 5059 2827 5131 totidemque
2870 5069 3064 5117 noctes
3094 5063 3393 5132 transegit:

1826 5154 1902 5209 ita
1940 5147 2360 5224 oportetFilium
2390 5148 2632 5205 hominis
2666 5156 2780 5205 tres
2814 5149 2933 5206 dies
2969 5149 3023 5205 in
3048 5149 3210 5205 corde
3239 5161 3397 5206 terra:

1826 5244 2165 5314 totidemque
2207 5248 2398 5297 noctes
2435 5255 2657 5297 manere
2688 5241 2757 5294 ⁷³.
2807 5258 2828 5293 ι
2861 5240 3171 5312 Aliquando
3211 5257 3343 5297 vero
3376 5261 3391 5297 :

1831 5355 1853 5390 ι
1885 5335 2002 5391 Viri
2051 5334 2309 5389 Ninivita:
2340 5338 2699 5404 consurgent,
2729 5339 2784 5387 ct
2810 5333 3217 5405 generationem
3254 5333 3396 5388 hanc

1826 5430 2307 5493 condemnabunt;
2353 5436 2641 5498 propterea
2679 5425 2825 5495 quod
2854 5426 2959 5497 ipsi
3000 5440 3205 5497 pronas
3233 5439 3397 5480 aures

1828 5522 2145 5595 praedicanti
2189 5518 2341 5576 Jonas
2390 5517 2738 5589 prabuerunt
2780 5535 2795 5574 :
2860 5532 2991 5574 ecce
3042 5526 3221 5573 autem
3272 5517 3396 5590 plus

231 5717 274 5750 ⁶⁹
309 5716 486 5773 lCor.
547 5732 602 5785 x,
644 5717 728 5771 ll.
804 5717 849 5749 ⁷⁸
888 5714 1050 5773 llebr.
1100 5733 1175 5781 ιι,
1228 5718 1317 5773 15.
1390 5720 1435 5752 ⁷⁸
1507 5719 1667 5779 Joan.

1854 5724 1907 5779 4.
1981 5723 2028 5755 ’⁸
2063 5721 2252 5777 Matth.
2281 5736 2379 5789 xtl,
2410 5721 2501 5777 60.
