3844 6222
471 267 576 322 525

1629 262 1976 319 TIIEODORI
2019 259 2508 317 MOPSL'ESTENI

3627 267 3731 322 εει

471 397 634 450 quam
674 380 846 437 Jonas
892 379 982 434 hic
1033 387 1138 434 est.
1181 398 1198 429 ι
1247 376 1417 432 Porro
1449 394 1631 432 rerum
1669 379 1902 432 imitatio
1935 377 2048 431 evi-

2153 375 2312 444 δῆλον
2341 377 2421 427 ὅτι
2443 374 2558 426 ἔστι
2596 374 2697 444 μέν
2716 391 2798 437 τις
2823 374 3053 444 μίμησις
3083 374 3190 426 τῶν
3219 377 3578 447 πραγμάτων,
3598 381 3731 434 πολὺ

469 475 662 530 denter
692 483 940 538 constat;
975 487 1288 542 quanquam
1338 473 1506 526 multa
1551 481 1635 526 est
1675 471 1982 541 priscarum
2017 483 2049 522 a

473 567 631 620 novis
654 566 1046 634 discrepantia.
1081 564 1330 619 Profecto
1356 563 1529 618 Juda'i
1556 573 1872 631 praesentes,
1901 561 2048 616 haud

471 673 634 714 secus
681 673 843 727 quam
879 658 952 710 illi
999 667 1232 720 veteres,
1272 657 1325 710 in
1373 655 1755 710 incredulitate
1794 668 2052 724 perseve—

474 757 629 815 rant;
659 747 790 802 dun:
843 748 1136 802 salutarem
1169 755 1358 815 gentes
1396 745 1669 814 recipiunt
1700 742 2049 812 praedicatio-

472 854 620 892 nem.
667 836 1090 892 Hisevidenter
1119 837 1187 890 de
1217 835 1403 890 causis
1450 835 1595 890 beati
1627 833 1778 888 Jonte
1811 846 2052 903 persona

470 928 705 984 excitata
760 935 866 981 est.
924 926 1143 996 Alioqui
1195 925 1342 978 enim
1402 939 1508 978 non
1568 934 1676 977 tam
1735 921 2051 976 incredulus

405 1027 408 1032 '
473 1019 586 1076 Deo
631 1021 964 1091 perstitisset
1007 1018 1296 1089 propheta,
1340 1025 1397 1070 ut
1439 1017 1574 1069 nihil
1613 1031 1802 1070 eorum
1848 1013 2052 1068 faceret

473 1129 593 1182 qua:
621 1112 940 1180 jubebatur,
982 1111 1285 1179 praesertim
1333 1123 1500 1177 quum
1536 1105 1600 1160 ad
1647 1113 1726 1161 tot
1767 1105 2049 1158 hominum

471 1208 768 1260 curandam
799 1205 1030 1260 salutem
1065 1205 1393 1256 mitteretur.
1429 1199 1536 1254 Sed
1570 1214 1746 1267 neque
1776 1197 1848 1251 ita
1883 1198 2054 1251 incre-

470 1293 660 1346 dttlum
691 1292 928 1362 experiri
961 1308 1085 1346 eum
1120 1307 1257 1360 opus
1284 1299 1404 1345 erat
1433 1289 1701 1344 marinam
1730 1288 1876 1340 illam
1903 1287 2052 1340 cala-

471 1383 746 1447 mitatem,
802 1391 925 1437 ceto
979 1383 1239 1436 nimirum
1300 1381 1487 1448 objici,
1545 1379 1859 1449 prodigiose
1900 1379 2047 1431 intra

473 1475 620 1528 hunc
643 1474 877 1540 servari,
911 1474 1086 1526 multo
1118 1487 1246 1526 vero
1268 1472 1638 1541 prodigiosius
1664 1471 1817 1523 illinc
1843 1470 2050 1524 exitum

473 1567 749 1621 nancisci.
785 1565 1001 1634 Quippe
1042 1563 1152 1618 Deo
1182 1565 1382 1618 licebat
1409 1565 1568 1618 aliter
1599 1563 1666 1616 ad
1699 1561 1936 1616 ofﬁcium
1963 1575 2054 1615 co-

471 1677 604 1732 gere
646 1669 964 1717 renuentem
1011 1659 1471 1728 increduluntque
1507 1656 1867 1726 prophetam:
1905 1655 2051 1709 sicut

2152 467 2210 520 δὲ
2239 467 2300 520 τὸ
2324 467 2581 538 διάφορον
2623 467 2824 520 τούτων
2881 467 3014 536 πρὸς
3069 466 3251 520 ἐκεῖνα
3285 484 3299 497 ·
3333 469 3426 522 καὶ
3455 470 3534 522 ὅτι
3557 487 3727 543 παραυ

2157 561 2403 631 πλησίως
2437 561 2538 631 μὲν
2561 554 2708 613 οῦτοι
2742 563 2856 623 τοῖς
2899 559 3020 612 τότε
3064 559 3336 622 Ἰουδαίοις
3381 563 3732 626 ἀπιστοῦντες

2152 653 2392 724 μενοῦσι,
2437 651 2648 717 δέξεται
2677 651 2734 704 δὲ
2759 651 2825 704 τὰ.
2850 650 2975 721 ἑθνη
3023 650 3121 720 τὴν
3154 653 3216 704 ἐκ
3258 652 3352 705 τοῦ
3384 653 3733 724 κηρύγματος

2152 745 2453 814 σωτηρίαν.
2502 743 2626 796 Ἐπὶ
2669 742 2734 813 δὴ
2775 742 2983 804 τούτοις
3016 742 3202 810 σαφῶς
3232 744 3259 793 ό
3299 745 3567 814 μακάριος
3603 761 3734 814 προ.

2152 835 2411 906 ϐέϐληται
2459 834 2643 898 Ἰωνᾶς
2672 851 2686 865 ο
2719 834 2840 886 οὐδὲ
2886 833 2997 903 γὰρ
3048 832 3115 886 ἂν
3148 835 3178 885 ὁ
3226 835 3511 906 προφήτης
3559 834 3733 899 οὕτως

2150 927 2362 997 ἔμεινεν
2387 926 2615 996 ἀπειθὴς
2650 925 2730 996 τῷ
2756 925 2896 995 Θεῷ,
2927 925 3002 990 ὡς
3041 925 3114 996 μὴ
3161 926 3378 980 ἑλέσθαι
3408 945 3460 981 τι
3507 931 3734 1000 ποιῆσαι

2149 1017 2258 1071 τῶν
2285 1017 2591 1088 εἰρημένων
2617 1016 2765 1086 αὐτῷ
2785 1034 2798 1048 ·
2827 1018 2920 1070 καὶ
2947 1017 3120 1071 ταῦτα
3143 1019 3234 1070 ἐπὶ
3258 1019 3500 1090 σωτηρία
3520 1037 3584 1088 γε
3611 1037 3738 1074 τοσ-

2150 1105 2321 1160 ούτων
2355 1107 2706 1176 πεμπόμενος
2739 1106 3068 1178 ἀνθρώπων·
3103 1108 3221 1160 ἀλλ’
3249 1108 3368 1162 οὐδὲ
3407 1110 3738 1164 ἀπειθοῦντα

2152 1198 2478 1270 πειραθῆναι
2500 1197 2719 1260 πάντως
2737 1197 2844 1250 τῶν
2868 1198 3008 1250 κατὰ
3027 1198 3124 1269 τὴν
3141 1198 3412 1252 θάλατταν
3432 1197 3499 1270 ἦν
3517 1201 3734 1271 ἀνάγκη

2151 1289 2355 1344 κακῶψ
2377 1289 2626 1343 ὥστεκαὶ
2643 1287 2978 1360 ἐμϐληθῆναι
3005 1291 3179 1360 κήτει,
3211 1291 3304 1344 καὶ
3330 1292 3416 1342 ἐπ’
3435 1291 3548 1361 (55)
3569 1291 3736 1345 αὑτοῦ

2151 1381 2468 1452 παραδόξως
2489 1381 2750 1450 σωθῆναι,
2775 1383 2868 1434 καὶ
2893 1382 3320 1453 παραδοξότερον
3351 1383 3428 1435 ἔτι
3461 1383 3562 1454 τὴν
3591 1385 3737 1436 ἐκεῖ·

2151 1475 2242 1528 θεν
2267 1475 2524 1528 ἀνάδυσιν
2553 1477 2868 1546 ὑπομεῖναν
2900 1477 3197 1546 δυναμένου
3229 1493 3290 1543 γε
3323 1476 3417 1528 τοῦ
3449 1476 3583 1529 Θεοῦ
3613 1477 3738 1529 ἑτέ-

2153 1582 2262 1636 ρως
2295 1564 2558 1618 ὀκνοῦντα
2591 1565 2684 1618 καὶ
2714 1565 3042 1620 ἀπειθοῦντα
3082 1566 3175 1618 τὸν
3210 1567 3496 1636 προφήτην
3533 1567 3626 1620 ἐπὶ
3672 1566 3740 1618 τὸ

2150 1657 2268 1709 δέον
2297 1657 2502 1726 ἐγεῖραι
2537 1673 2550 1686 ·
2589 1656 2778 1728 ὥσπερ
2809 1653 2901 1710 οὖν
2948 1655 3111 1710 αύτδν
3147 1656 3239 1710 ἐπί
3267 1673 3328 1709 τε
3365 1655 3459 1708 τοῦ
3484 1655 3736 1719 Μωσέως

473 1726 542 1808 ab
566 1768 633 1808 eo
661 1751 970 1806 factitatum
1003 1751 1256 1805 novimus
1291 1751 1357 1813 ⁷³,
1382 1726 1510 1819 ἠριιο
1547 1757 1791 1818 tempore
1839 1745 2048 1817 Moyses

2153 1749 2399 1819 ἔγνωμεν
2433 1749 2686 1802 ποιοῦντα
2707 1726 2990 1812 ὀκνοῦντος
3019 1747 3154 1820 πρὸς
3181 1749 3280 1820 τὴν
3307 1749 3608 1818 ὑπουργίαν
3628 1748 3734 1818 τῆς

472 1846 816 1916 apostolatus
841 1844 1208 1898 ministerium
1231 1841 1393 1913 155
1419 1841 1730 1903 devitabat;
1761 1839 2056 1909 itidemque

473 1953 598 1992 cum
629 1936 898 1992 Jeremias
927 1935 1174 2003 ejusdem
1229 1933 1411 2003 operis
1445 1931 1882 2003 magnitudinem
1916 1931 2058 1985 exti-

474 2031 754 2088 mescebat
801 2030 870 2084 ⁷⁸.
912 2028 1080 2083 Plane
1131 2027 1298 2095 igitur
1339 2033 1576 2089 constat,
1631 2024 1843 2078 libitum
1888 2022 2058 2078 fuisse

475 2125 588 2181 Deo
643 2131 757 2178 tam
815 2123 1060 2178 insolitis
1111 2126 1333 2190 tamque
1388 2117 1547 2171 miris
1589 2117 1812 2170 casibus
1855 2113 2050 2169 Jonam

471 2229 752 2279 exercere,
805 2228 917 2283 quo
951 2223 1136 2282 typum
1185 2225 1308 2265 eum
1358 2209 1639 2263 exhiberet
1689 2205 2048 2275 gerendarum

471 2309 529 2362 in
555 2306 777 2362 Christo
817 2304 1052 2358 Domino
1087 2316 1293 2363 rerum,
1331 2300 1406 2353 ita
1439 2307 1499 2354 ut
1541 2299 1683 2352 hanc
1723 2297 1795 2352 ob
1823 2310 2048 2350 causam

473 2412 567 2468 per
605 2406 714 2451 tam
761 2393 1140 2449 incredibilem
1181 2390 1482 2444 novitatem
1523 2387 1814 2447 deductus,
1848 2384 2046 2453 dignus

473 2489 579 2543 tide
613 2487 892 2550 evaderet,
920 2491 1210 2554 prapterea
1242 2481 1389 2550 quod
1423 2480 1563 2534 tanti
1603 2480 1787 2549 operis
1813 2479 2044 2547 ﬁguram

471 2584 528 2636 in
556 2580 850 2649 semetipso
880 2579 1120 2648 gerebat.

540 2669 878 2738 Praecipuam
911 2667 1096 2735 itaque
1128 2663 1523 2734 prodigiorum,
1558 2677 1680 2732 quae
1704 2661 1865 2716 beato
1895 2659 2046 2716 Jonz

473 2763 817 2823 acciderunt,
862 2773 1088 2813 causam
1121 2757 1263 2810 hanc
1305 2755 1491 2810 dicere
1524 2755 1690 2809 licet:
1739 2753 2041 2823 proximam

473 2855 723 2916 alteram,
748 2865 868 2922 quae
890 2851 956 2904 de
979 2858 1108 2920 typo
1130 2847 1384 2901 similiter
1413 2853 1618 2900 manat.
1646 2842 1880 2899 Necesse
1899 2843 2043 2898 enim

472 2953 595 3000 erat
623 2943 765 2999 haud
792 2941 1146 2997 mediocriter
1176 2939 1421 2992 animum
1450 2935 1791 3006 despondere
1812 2935 2045 3005 prophe-

473 3048 582 3101 tas,
613 3034 706 3104 qui
735 3033 1080 3087 continenter
1113 3028 1178 3081 ad
1206 3028 1464 3096 populum
1491 3040 1522 3078 a
1543 3023 1653 3079 Deo
1675 3023 1827 3078 missi
1865 3021 2045 3076 futura

474 3125 764 3189 canebant,
806 3119 1271 3191 imponendasqtte
1309 3130 1503 3187 ptenas
1535 3113 1948 3178 minitabantur,
1990 3119 2046 3168 et

475 3218 742 3289 quidquid
777 3216 996 3270 demum
1036 3210 1396 3267 emendandis
1418 3207 1664 3264 moribus
1693 3206 2043 3271 conduceret,

480 3319 672 3375 magna
701 3303 992 3359 sedulitate
1025 3299 1399 3371 praestabant:
1432 3297 1725 3366 caateroqui
1760 3297 1890 3350 nihil
1918 3310 2047 3365 pro-

481 3398 753 3462 ticiebant,
795 3395 1078 3450 obtinente
1125 3391 1491 3446 lsraelitarum
1540 3391 1748 3444 malitia
1783 3389 2047 3443 adversus

472 3508 534 3545 ca
567 3489 748 3547 studia
796 3488 1207 3559 prophetarum,
1257 3499 1398 3556 quos
1429 3483 1578 3538 Deus
1624 3483 1840 3538 illorum
1879 3496 2046 3536 causa

473 3583 827 3636 excitaverat.
877 3577 1244 3644 Quamobrem
1296 3576 1350 3629 hi
1412 3573 1609 3628 merito
1657 3572 1768 3642 jam
1800 3571 2045 3626 inutiletn

473 3673 862 3732 existimabant
893 3671 1133 3726 laborem
1167 3683 1348 3728 suum,
1395 3681 1456 3721 ac
1490 3665 1556 3720 de
1600 3664 1762 3719 rebus
1793 3660 2047 3716 humanis

477 3780 704 3837 prorsus
734 3763 1121 3834 desperabant,
1162 3775 1374 3830 nempe,
1419 3758 1546 3828 quia
1590 3754 1793 3810 ethnici
1826 3752 2046 3822 quidem

477 3861 532 3914 in
568 3858 702 3911 vitia
747 3862 1069 3910 constanter
1109 3860 1369 3912 ruerent;
1424 3850 1513 3902 ille
1563 3855 1744 3900 autem
1787 3845 2046 3914 populus,

473 3949 570 4020 qui
601 3947 670 4002 ad
702 3946 940 4000 divinam
967 3945 1268 4014 Lvidebatur
1306 3942 1554 3996 delectus
1597 3939 1908 4003 scientiam,
1940 3936 2046 3989 im-

477 4043 679 4113 pietate
707 4048 762 4092 et
795 4051 1008 4092 morum
1054 4034 1290 4089 colluvie
1334 4030 1480 4086 haud
1525 4030 1758 4085 ethnicis
1805 4026 2044 4082 cederet.

479 4133 704 4186 Mmstos
751 4131 934 4199 itaque
982 4126 1126 4182 Deus
1170 4125 1465 4196 prophetas
1514 4132 1572 4179 ut
1619 4127 1912 4185 recrearet,
1951 4117 2044 4188 qtti

477 4221 725 4277 omnium
765 4220 952 4289 utique
974 4217 1256 4272 hominum
1282 4215 1507 4270 multam
1545 4215 1684 4284 gerit
1719 4225 1933 4275 curam,
1961 4224 2050 4279 pe-

475 4311 743 4368 culiarem
774 4318 959 4365 tamen
987 4307 1385 4379 providentiam
1415 4306 1605 4360 electis
1629 4301 1912 4374 impendit,
1947 4316 2048 4356 sa:-

2150 1842 2456 1911 ἀποστολῆς
2478 1857 2492 1872 ο
2528 1841 2622 1894 ἐπί
2660 1857 2717 1893 τε
2762 1840 2854 1894 τοῦ
2903 1841 3164 1912 Ἱερεμίου
3201 1841 3490 1910 φεύγοντος
3528 1840 3737 1910 ὁμοίως

2151 1933 2408 1987 κάκείνου
2437 1931 2538 2001 τῆς
2582 1931 2881 2002 ὑπουργίας
2911 1931 2973 1984 τὸ
3033 1930 3261 2001 μέγεθος
3283 1947 3300 1960 ·
3331 1933 3406 1999 (p.
3437 1929 3566 2000 254)
3593 1928 3738 1982 ἀλλά

2153 2025 2260 2096 γάρ
2292 2023 2380 2078 διὰ
2405 2023 2746 2094 πραγμάτων
2787 2021 2928 2076 οὓτω
2969 2022 3173 2076 καινῶν
3200 2039 3260 2074 τε
3287 2023 3382 2075 καὶ
3411 2020 3736 2092 παραδόξων

2154 2116 2434 2188 προδήλως
2481 2115 2574 2168 τὸν
2631 2114 2897 2185 μακάριον
2935 2115 3118 2166 Ἰωνᾶν
3161 2114 3387 2182 ἀγαγεῖν
3436 2111 3732 2182 ἐϐουλήθη,

2151 2207 2338 2278 ἐπειδὴ
2375 2207 2541 2260 τύπον
2571 2206 2733 2260 αὐτὸν
2761 2204 2870 2258 τῶν
2906 2205 3050 2259 κατά
3080 2204 3171 2258 τὸν
3201 2205 3476 2274 Δεσπότην
3496 2205 3734 2275 Χριστὸν

2150 2299 2382 2372 ἤμελλεν
2398 2298 2718 2366 ἀποφαίνειν
2744 2313 2758 2327 ο
2782 2298 2858 2360 ὡς
2889 2297 3093 2366 ταύτης
3118 2296 3305 2349 ἕνεκεν
3323 2295 3424 2365 τῆς
3443 2295 3620 2357 αίτίας
3640 2293 3731 2346 διὰ

2149 2389 2418 2458 τοσαύτης
2469 2392 2697 2443 ἀπίστου
2743 2391 3058 2459 καινότητος
3104 2389 3378 2460 ἐνεχθεὶς,
3413 2389 3730 2455 ἀξιόπιστος

2149 2485 2381 2553 γένοιτο,
2402 2483 2496 2536 τοῦ
2518 2483 2770 2536 τοσούτου
2796 2483 3118 2554 πράγματος
3145 2482 3238 2534 τὸν
3264 2481 3432 2534 τύπον
3452 2479 3730 2549 ὲκφαίνων

2149 2576 2208 2626 ὲν
2230 2573 2397 2644 αύτῷ.

2221 2665 2644 2736 ΙΙροηγουμένην
2679 2663 2777 2734 μὲν
2829 2658 2922 2716 οὖν
2967 2662 3075 2716 τῶν
3127 2663 3268 2716 κατά
3315 2663 3406 2716 τὸν
3461 2660 3730 2732 μακάριον

2163 2757 2346 2811 Ἰωνᾶν
2391 2755 2562 2819 οὕτως
2597 2754 2914 2826 παραδόξων
2967 2755 3265 2823 γεγονότων
3311 2753 3513 2824 ταύτην
3551 2754 3732 2809 αἰτίαν

2150 2850 2294 2903 εἴποι
2319 2866 2403 2912 τις
2437 2848 2500 2901 ἀν
2519 2865 2533 2878 ·
2571 2847 2844 2918 ἑπομένην
2865 2846 2922 2899 δὲ
2947 2847 3204 2916 κάκείνην
3225 2847 3291 2898 ὲκ
3319 2845 3414 2898 τοῦ
3437 2845 3610 2898 τύπου
3633 2846 3732 2916 τὴν

2148 2940 2322 3010 ἀρχὴν
2341 2939 2636 2993 λαϐοῦσαν⁸
2670 2939 2898 3008 ἀθυμεῖν
2928 2938 3037 3009 γὰρ
3069 2939 3166 3008 οὐχ
3188 2937 3264 3001 ὡς
3289 2937 3478 3008 ἔτυχεν
3515 2937 3731 3004 ἀνάγκτι

2077 3053 2119 3108 C
2149 3033 2274 3096 τοὺς
2300 3035 2579 3104 προφήτας
2611 3027 2680 3102 ἦν
2699 3069 2713 3094 ,
2743 3032 2826 3084 ὅτι
2869 3031 3105 3100 συνεχῶς
3131 3029 3267 3101 πρὸς
3294 3029 3385 3082 τὸν
3417 3029 3542 3083 λαὸν
3576 3031 3731 3100 παρᾶ

2149 3122 2244 3176 τοῦ
2277 3123 2411 3176 Θεοῦ
2447 3123 2810 3194 πεμπόμενοι,
2829 3122 3060 3193 ὲμήνυόν
3083 3138 3141 3173 τε
3169 3121 3350 3184 αὐτοῖς
3372 3120 3441 3173 τά
3472 3121 3731 3190 ἐσόμενα.

2151 3215 2246 3268 καὶ
2301 3215 2400 3277 τὰς
2455 3214 2902 3285 ὲπαχθησομένας
2968 3213 3238 3286 τιμωρίας
3295 3212 3554 3281 ἠπείλουν
3584 3227 3598 3241 ·
3641 3214 3732 3266 ua."

2151 3306 2328 3358 πάντα
2349 3305 2412 3376 δὴ
2447 3305 2513 3357 τά
2543 3305 2676 3376 πρὸς
2699 3305 2982 3375 διόρθωσιν
3005 3304 3184 3357 αὐτῶν
3211 3303 3560 3358 συντελοῦντα
3589 3304 3732 3358 κατὰ

2153 3397 2353 3467 πολλῆς
2395 3396 2782 3466 διεπράττοντο
2825 3397 2925 3466 τῆς
2974 3395 3242 3465 σπουδῆς·
3276 3397 3436 3466 ἤνυον
3467 3397 3524 3449 δὲ
3567 3396 3728 3449 πλέοι

2152 3489 2322 3552 οὐδὲν,
2344 3487 2445 3557 τῆς
2489 3487 2598 3541 τῶν
2643 3487 2990 3560 Ἰσραηλιτῶν
3023 3487 3220 3550 κακίας
3262 3487 3732 3558 ἀντιπραττούσης

2152 3583 2218 3652 τῇ
2251 3580 2338 3634 διά
2365 3580 2474 3633 τῶν
2510 3580 2806 3652 προφητῶν
2834 3579 3132 3650 ὲπιμελείᾳ-
3149 3579 3299 3650 παρὰ
3322 3580 3416 3633 τοῦ
3441 3579 3577 3632 Θεοῦ
3603 3578 3734 3652 περῑ

2153 3673 2351 3735 αὐτοὺς
2379 3671 2662 3744 γινομένῃ⁹
2708 3672 2802 3740 ἀφ’
2828 3663 2890 3723 οὗ
2918 3671 2982 3741 δὴ
3023 3672 3118 3724 καὶ
3160 3671 3414 3739 περιττὸν
3459 3671 3535 3734 ὡς
3579 3673 3731 3734 εἰκὸς

2152 3763 2320 3834 ᾤοντο
2371 3762 2460 3816 τὸν
2505 3763 2710 3816 ἑαυτῶν
2761 3757 2900 3815 εἶναι
2952 3761 3112 3815 πόνον
3146 3779 3160 3793 ⁸
3193 3763 3286 3816 καί⁵
3333 3762 3397 3833 δὴ
3449 3764 3544 3816 καὶ
3592 3765 3732 3833 πρὸ.

2153 3855 2461 3923 ἀπόγνωσιν
2493 3855 2729 3925 παντελῆ
2763 3853 2874 3908 τῶν
2921 3852 3274 3924 ἀνθρωπείων
3307 3852 3544 3924 ἐχώρουν
3585 3869 3710 3924 πρα

2151 3946 2411 4016 γμάτων·
2442 3945 2517 4010 ὼς
2554 3945 2660 3997 τῶν
2708 3944 2806 4014 μὲν
2861 3941 3030 3996 ἐθνῶν
3084 3942 3219 4013 πρὸς
3257 3941 3320 3995 τὸ
3358 3946 3540 4014 χεῖρον
3577 3943 3731 3996 ἅπαξ

2153 4037 2439 4100 νευόντων,
2489 4035 2598 4088 τῶν
2645 4035 2941 4088 δοκούντων
2987 4035 3044 4086 δὲ
3081 4035 3163 4096 εἰς
3208 4035 3307 4104 τὴν
3341 4033 3542 4102 γνῶσιν
3587 4033 3738 4098 ἐξει-

2155 4130 2342 4200 λέχθαι
2364 4129 2463 4199 τὴν
2497 4127 2666 4192 θείαν,
2691 4129 2766 4197 (p.
2794 4127 2922 4193 255)
2956 4127 3108 4180 οὐδὲν
3151 4125 3554 4196 ἐλαττουμένων
3575 4128 3647 4196 τῇ
3675 4143 3731 4177 τε

2154 4221 2378 4293 ἀσεϐείᾳ
2415 4221 2507 4274 καὶ
2532 4223 2596 4291 τῇ
2623 4220 2730 4273 τῶν
2762 4220 2978 4291 τρόπων
3011 4219 3280 4292 μοχθηρία
3306 4219 3524 4272 ἐκείνων
3545 4235 3560 4249 ο
3583 4217 3732 4272 οὕτω

2153 4315 2220 4386 δὴ
2245 4313 2622 4384 διακειμένους
2661 4313 2858 4375 αὐτοὺς
2902 4312 3298 4382 ψυχαγωγῆσαι
3350 4310 3676 4382 βουλόμενος
3709 4312 3737 4361 ὁ

478 4416 777 4475 penumero
820 4400 1148 4472 signiﬁcavit
1183 4399 1292 4453 illis
1339 4397 1578 4452 futuram
1608 4397 1665 4450 in
1709 4395 1911 4448 Christi
1941 4393 2048 4448 Do-

2153 4406 2315 4469 Θεὸς,
2351 4407 2380 4458 ὁ
2413 4404 2611 4474 πολλὴν
2649 4404 2748 4474 μὲν
2795 4404 3014 4457 πάντων
3063 4402 3365 4474 ἀνθρώπων
3410 4399 3730 4470 ἐπιμέλειαν

475 4495 613 4550 mini
657 4493 890 4548 adventu
926 4491 1340 4546 conversionem
1385 4490 1748 4543 humanorttm
1791 4500 2044 4540 morum:

475 4599 589 4656 quo
621 4594 862 4654 tempore
889 4598 1083 4638 omnes
1113 4581 1312 4636 divina:
1345 4582 1532 4652 gratia:
1562 4579 1825 4635 instinctu
1862 4593 1893 4631 a
1915 4578 2050 4632 vitio

477 4676 547 4732 ad
586 4677 846 4731 virtutem
878 4674 1189 4745 respecturi
1235 4681 1414 4727 erant.
1451 4670 1588 4726 Tum
1633 4670 1702 4724 ad
1743 4676 2047 4724 extremum

481 4773 584 4826 hoc
621 4785 840 4840 quoque
887 4769 1208 4824 admirabile
1240 4767 1295 4820 in
1343 4766 1604 4836 propheta
1645 4763 1784 4818 Jona
1813 4761 2050 4832 patravit

477 4876 619 4930 opus
660 4861 728 4915 ad
763 4861 1005 4915 omnium
1039 4860 1430 4930 prophetarum
1479 4856 1845 4912 eruditionem
1886 4861 2049 4923 atque

399 4981 405 4998 ι
480 4955 780 5009 solatium:
809 4969 948 5023 quos
978 4968 1038 5008 re
1084 4955 1202 5023 ipsa
1246 4951 1510 5007 certiores
1549 4949 1674 5003 fecit
1709 4948 1778 5003 de
1817 4947 2048 5002 indubio

479 5043 684 5098 Christi
710 5041 868 5113 155
893 5042 1151 5107 adventu,
1183 5049 1240 5097 et
1266 5041 1335 5096 de
1363 5043 1606 5096 omnium
1644 5040 1925 5094 hominum
1956 5052 2051 5108 per

483 5136 536 5191 id
567 5145 784 5205 tempus
817 5133 885 5188 ad
926 5134 1125 5188 bonam
1167 5134 1376 5205 frugem
1409 5133 1619 5200 reditu;
1657 5130 1859 5186 Iudaeis
1904 5132 2047 5185 inte-

485 5232 584 5283 rim
612 5227 771 5282 valde
795 5227 862 5281 ad
896 5227 1026 5281 vitia
1061 5226 1527 5291 incumbentibus,
1574 5224 1683 5280 Deo
1721 5225 1794 5279 ita
1831 5223 2052 5291 permit-

483 5325 630 5373 tente
651 5318 724 5372 ob
763 5316 1252 5374 demonstrandum
1293 5319 1494 5373 mentis
1535 5318 1789 5372 humana:
1817 5317 2047 5371 liberum

483 5412 770 5465 arbitrium
809 5425 871 5466 ac
900 5410 1248 5483 fragilitatem
1275 5427 1290 5473 ;
1327 5410 1420 5466 sed
1450 5409 1687 5481 deniqu
1721 5412 1825 5468 sub
1850 5409 2048 5466 Christi

553 5549 599 5576 "
631 5543 896 5616 Εχοὰέλιι,
939 5552 963 5604 l
1077 5554 1122 5584 ⁷⁸
1158 5552 1269 5606 Jer.
1316 5566 1353 5614 ι,
1395 5555 1448 5604 ti.

556 5685 666 5750 (55)
707 5683 782 5738 Ita
821 5687 939 5742 cod.
968 5704 1072 5742 non
1101 5689 1212 5745 ὑπ’.

2151 4496 2494 4567 ποιούμενος,
2532 4495 2811 4567 ἐξαίρετον
2836 4494 2893 4548 δέ
2931 4511 3052 4547 τινα
3089 4494 3269 4564 νέμων
3289 4495 3402 4556 τοῖς
3433 4491 3597 4546 αὑτοῦ
3631 4493 3730 4564 τὴν

2150 4587 2499 4658 κηδεμονίαν,
2535 4584 2794 4647 πολλάκις
2829 4583 2928 4654 μὲν
2968 4583 3234 4655 ἐδήλωσεν
3273 4583 3453 4646 αὐτοῖς
3502 4581 3601 4653 τὴν
3639 4581 3731 4633 ἐπὶ

2147 4679 2250 4749 τῆς
2269 4677 2486 4742 δείξεως
2516 4677 2610 4730 τοῦ
2644 4676 2915 4729 Δεσπότου
2952 4675 3190 4747 Χριστοῦ
3217 4674 3590 4745 γενησομένην
3625 4689 3723 4744 μευ

2149 4769 2382 4842 ταδολὴν
2413 4768 2521 4822 τῶν
2544 4768 2897 4840 ἀνθρωπείων
2927 4769 3291 4838 πραγμάτων,
3315 4768 3402 4821 ὅτε
3439 4766 3504 4837 δὴ
3526 4767 3729 4828 πάντες

2151 4863 2384 4935 ήμελλον
2422 4865 2488 4917 ὲκ
2529 4861 2624 4916 τοῦ
2673 4861 2914 4934 χείρονος
2955 4862 3076 4934 θείᾳ
3106 4863 3288 4934 χάριτι
3329 4861 3504 4916 νεύειν
3547 4861 3644 4914 ἐπὶ
3670 4861 3732 4912 τὸ

2151 4958 2401 5027 κρεῖττον
2436 4971 2452 4986 ο
2491 4956 2796 5008 τελευταῖον
2823 4955 2880 5007 δὲ
2918 4955 3012 5008 καὶ
3042 4953 3141 5026 τὴν
3189 4952 3489 5024 παράδοξον
3520 4953 3728 5022 ταύτην

2152 5047 2416 5117 ἐργασίαν
2446 5047 2545 5118 τὴν
2581 5046 2723 5100 κατά
2744 5045 2834 5100 τὸν
2867 5046 3155 5117 προφήτην
3202 5045 3385 5099 Ἰωνᾶν
3411 5045 3727 5113 πεποίηται,

2154 5141 2234 5202 είς
2269 5138 2616 5192 διδασκαλίαν
2665 5155 2727 5191 τε
2784 5139 2879 5191 καὶ
2933 5137 3292 5208 ψυχαγωγίαν
3348 5137 3568 5190 πάντων
3619 5135 3728 5186 τῶν

2154 5229 2459 5302 προφητῶν
2491 5230 2558 5283 δι’
2591 5223 2666 5283 ὧν
2712 5229 2894 5300 ἔργοις
2943 5229 3156 5282 ἔπειθεν
3200 5229 3417 5291 αὐτοὺς,
3450 5226 3525 5290 ὡς
3551 5221 3726 5293 ἀληθῆ

2159 5321 2256 5392 μὲν
2288 5319 2441 5373 ἔσται
2482 5319 2552 5373 τὰ
2581 5321 2722 5374 κατὰ
2764 5320 2856 5373 τὸν
2895 5320 3172 5392 Δεσπότην
3209 5317 3444 5390 Χριστόν
3467 5335 3480 5348 ·
3508 5315 3596 5369 καὶ
3646 5315 3728 5368 ὅτι

2158 5413 2356 5478 πάντες
2385 5412 2658 5484 ἄνθρωποι
2680 5413 2798 5485 θείᾳ
2820 5413 3000 5485 χάριτι
3023 5413 3141 5466 τότε
3165 5410 3573 5483 μετελεύσονται
3591 5404 3726 5480 πρὸς
