3844 6222
171 274 282 329 5‘35

1336 268 1885 326 COMMENTARIUS
1924 272 1992 325 IN
2035 271 2277 327 JONAM.

3320 280 3430 339 326

172 403 232 439 το
277 388 395 440 δέον
416 403 432 419 ·
463 386 559 439 νῦν
594 387 691 457 μὲν
728 384 992 439 Ἰουδαίων
1019 384 1307 448 ἀνενδότως
1349 385 1579 455 ἐχόντων
1631 388 1738 457 περ

1860 386 2171 450 adventum,
2199 402 2310 457 quo
2340 395 2586 457 tempore
2621 405 2778 445 suam
2817 389 2960 447 Deus
3002 392 3233 463 gratiam
3277 404 3427 464 pate-

172 479 269 543 τὴν
298 477 393 531 τοῦ
430 478 671 549 χείρονος
697 476 928 545 αἵρεσιν,
959 474 1049 527 διὰ
1075 474 1136 526 τὸ
1164 478 1466 545 συγχωρεῖν
1493 474 1635 527 οὕτω
1659 475 1749 527 τὸν

173 567 342 628 Θεὸν,
371 570 450 629 είς
484 568 702 637 ἔλεγχον
735 567 831 637 τῆς
884 566 1229 636 ἀνθρωπίνης
1285 564 1653 637 προαιρέσεώς
1689 582 1749 617 τε

175 658 272 708 καὶ
303 657 622 720 ἀσθενείας·
672 657 765 710 ἐπὶ
817 656 874 709 δὲ
924 658 1022 727 τῆς
1061 656 1154 710 τοῦ
1204 659 1475 709 Δεσπότου
1511 656 1748 727 Χριστοῦ

174 754 481 822 παρουσίας
530 754 612 805 ὃτι
664 753 730 805 ἂν
783 754 881 822 τὴν
914 753 1119 805 οἰκείαν
1174 751 1429 822 βούληται
1480 752 1749 805 δεικνῦναι

173 845 336 914 χάριν
375 846 403 897 ό
432 844 585 910 Θεὸς,
641 843 895 897 ἁπάντων
949 843 1249 912 ἀνθρώπων
1295 845 1403 897 τῶν
1460 842 1751 904 διαπαντὸς

173 936 311 1007 πρὸς
362 935 614 989 ἀσέϐειαν
666 935 950 997 νευόντων,
981 933 1077 1005 τὴν
1112 935 1206 987 ἐπὶ
1244 935 1306 987 τὸ
1340 938 1588 1005 κρεῖττον
1621 934 1752 1002 λαμ-

1854 476 2103 533 facturus
2145 488 2280 541 erat,
2312 481 2494 533 cuncti
2546 480 2815 546 homines,
2865 482 2958 552 qui
3005 498 3151 537 nunc
3196 498 3426 554 prorsus

1856 568 2121 638 impietati
2144 569 2311 623 dediti
2334 578 2513 634 erant,
2545 570 2612 624 ad
2636 572 2888 626 virtutem
2916 588 3141 629 cursum
3165 574 3423 629 directuri

1854 670 2029 715 erant.
2067 660 2247 726 Quare
2289 665 2453 716 etiam
2489 664 2680 719 beatus
2716 664 2920 722 Paulus
2949 668 3046 733 ait,
3087 668 3426 723 conclusisse

1855 750 2022 805 Deum
2068 754 2250 807 omnia
2289 754 2393 813 sub
2439 764 2682 824 peccato,
2725 765 2783 811 ut
2826 757 2929 812 [ide
2964 758 3422 827 justiiicemur",

1849 846 2165 915 signiﬁcans
2211 848 2670 915 quemadmodum
2697 864 2728 902 a
2776 850 3079 918 majoribus
3113 852 3319 906 nostris
3351 857 3423 906 ad

1849 935 2106 989 sectanda
2139 936 2271 991 vitia
2310 937 2557 992 inclinati
2597 938 2900 1007 fuerimus;
2933 956 3044 1010 quo
3086 941 3295 996 scilicet
3324 957 3423 996 co-

170 1026 443 1078 ϐανόντων
482 1027 686 1097 ῥοπήν·
726 1027 801 1090 ὡς
853 1028 948 1079 καὶ
980 1030 1007 1079 ὁ
1044 1029 1310 1098 μακάριος
1326 1022 1537 1087 nam;
1566 1040 1738 1094 cpno'tv1

1852 1041 2246 1095 gnosceremus
2271 1029 2448 1097 gratia
2481 1030 2640 1086 nobis
2668 1046 2805 1101 opus
2838 1048 2957 1087 esse
3000 1032 3066 1086 ad
3098 1032 3422 1088 discernen-

170 1116 257 1168 ὅτι
296 1134 316 1166 ι
366 1117 718 1170 Συνέκλεισεν
750 1120 783 1187 ἡ
812 1118 1001 1189 Γραφὴ
1030 1120 1098 1172 τὰ
1127 1120 1301 1174 πάντα
1323 1120 1427 1171 ὑπὸ
1454 1119 1738 1186 ἁμαρτίαν1

1853 1116 1977 1169 dam
2007 1124 2171 1185 atque
2205 1120 2642 1189 anteponendam
2677 1123 2853 1178 cuivis
2890 1124 2965 1177 rei
2999 1125 3278 1178 virtutem.

169 1211 261 1264 ἵνα
281 1212 345 1263 ἐκ
374 1213 607 1275 πίστεως
632 1213 1007 1283 δικαιωθῶμεν
1039 1230 1051 1243 ·
1092 1232 1111 1265 ι
1145 1214 1221 1283 (ρ.
1252 1213 1377 1283 256)
1400 1215 1612 1275 δεικνὺς
1637 1214 1719 1265 ὅτι
1761 1214 1823 1265 ἐκ
1856 1212 1962 1263 τῶν
2002 1213 2403 1284 προειληφότων
2438 1216 2537 1287 τὴν
2564 1217 2655 1270 ἐπὶ
2685 1217 2747 1269 τὸ
2766 1221 2945 1289 χεῖρον
2979 1218 3087 1270 τῶν
3122 1216 3424 1288 ἀνθρώπων

168 1303 568 1373 ἐπαιδεύθημεν
598 1304 788 1375 ῥοπὴν,
818 1306 902 1358 ἵνα
928 1304 1187 1376 μάθωμεν
1230 1307 1311 1359 ὅτι
1349 1306 1497 1370 θείας
1537 1307 1754 1376 χάριτος
1801 1304 2032 1374 δεόμεθα
2064 1307 2198 1375 πρὸς
2251 1307 2311 1360 τὸ
2342 1307 2631 1378 διαγνῶναί
2665 1326 2724 1363 τε
2769 1311 2863 1364 καὶ
2900 1308 3176 1380 προθεῖναι
3206 1309 3426 1362 πάντων

165 1395 228 1448 τὸ
261 1399 523 1464 κρεῖττον.
3418 1409 3423 1415 ’

239 1487 443 1541 Τούτου
472 1504 535 1555 γε
562 1489 831 1554 ἀπόδειξιν
864 1489 1110 1560 αὐτάρκη
1146 1487 1446 1559 παρέσχετο
1478 1491 1588 1550 τοῖς
1608 1506 1738 1559 προ-

1916 1490 2157 1553 Quarum
2189 1503 2370 1541 rerum
2398 1486 2646 1540 idi-neam
2679 1487 2732 1540 in
2779 1486 3034 1556 prmsenti
3076 1484 3422 1541 demonstra-

167 1578 367 1647 φήταις
392 1579 460 1630 τὰ
492 1580 755 1649 παρόντα,
787 1583 843 1633 ἐν
874 1584 986 1643 τοῖς
1004 1582 1143 1633 κατὰ
1164 1580 1253 1632 τὸν
1292 1581 1472 1633 Ἰωνᾶν
1508 1578 1738 1650 μάλιστα

1845 1582 2046 1635 tionem
2074 1580 2351 1649 prophetis
2366 1580 2632 1643 exhibuit,
2653 1594 2772 1634 eam
2807 1579 3016 1633 scilicet
3045 1594 3209 1647 quam
3237 1578 3294 1632 in
3321 1574 3419 1632 Jo-

166 1667 325 1719 τοῦτο
357 1668 550 1738 χρῆναι
579 1669 853 1738 δειχθῆναι
880 1669 1140 1740 νομίζων·
1170 1669 1228 1732 ὃς
1270 1670 1443 1721 τύπον
1478 1670 1534 1720 ἐν
1565 1668 1738 1739 ἐαυτῷ

1846 1688 1929 1726 ηαξ
1981 1672 2253 1741 praecipue
2304 1672 2526 1726 casibus
2575 1671 2988 1740 exprimendam
3029 1671 3275 1733 curavit,
3323 1669 3417 1738 qui

166 1775 289 1811 τινα
322 1759 429 1812 τῶν
466 1760 595 1829 περὶ
625 1760 716 1812 τὸν
753 1761 1027 1831 Δεσπότην
1066 1761 1337 1831 ἐσομένων
1384 1761 1622 1832 παρέσχε
1653 1761 1738 1813 τὸν

1847 1766 2138 1835 quamdam
2178 1779 2361 1817 rerum
2401 1765 2454 1817 in
2481 1764 2701 1819 Christo
2751 1762 2983 1816 Domino
3014 1761 3416 1816 eilieiendarum

167 1850 409 1921 Χριστόν
433 1866 445 1881 ·
479 1850 797 1904 ἀποστέλλει
832 1853 930 1922 μὲν
962 1854 1069 1922 γὰρ
1101 1852 1264 1906 αὐτὸν
1308 1855 1388 1916 είς
1417 1853 1616 1924 Νινευὴ
1647 1851 1744 1921 τὴν

165 1945 347 2007 πόλιν,
390 1945 630 2016 μεγάλην
686 1942 846 1999 οὖσαν
886 1946 979 1998 καὶ
1032 1945 1605 2017 πολυανθρωποτάτην,
1651 1945 1745 1999 καὶΙ

164 2037 276 2090 τῶν
300 2037 360 2088 ἐν
402 2037 706 2108 Ἀσσυρίοις
763 2037 1008 2107 βασιλίδα
1040 2038 1417 2107 τυγχάνουσαν
1436 2058 1448 2071 ·
1475 2039 1532 2091 ἐν
1616 2040 1745 2091 πάν-

164 2146 256 2191 τες
286 2127 427 2199 πρὸς
474 2128 731 2182 ἀσέϐειάν
761 2145 819 2181 τε
856 2127 1077 2200 ἐώρων,
1110 2130 1206 2183 καὶ
1251 2129 1508 2201 μοχθηρῷ
1567 2148 1738 2201 προσ-

173 2223 397 2290 ανεῖχον
449 2221 569 2291 βίῳ,
600 2224 830 2291 τρυφαῖς
854 2238 915 2273 τε
948 2222 1040 2275 καὶ
1067 2223 1282 2275 ἀνέσεσι
1308 2224 1400 2276 καὶ
1431 2223 1742 2287 ἀκολασίαις

164 2311 263 2361 καὶ
309 2309 459 2380 πάσῃ
492 2311 761 2375 συζῶντες
811 2313 1124 2385 παρανομίᾳ
1147 2331 1161 2345 ο
1197 2314 1405 2367 κελεύει
1440 2314 1496 2368 δὲ
1518 2314 1615 2385 τὴν
1643 2315 1742 2385 τῆς

164 2402 379 2465 πόλεως
406 2402 641 2472 μηνύσαι
672 2404 1013 2476 καθαίρεσιν,
1051 2408 1100 2459 εί
1131 2406 1204 2476 μὴ
1234 2406 1483 2460 νεύσειαν
1513 2406 1648 2478 πρὸς
1680 2406 1741 2459 τὸ

161 2496 284 2547 δέον
305 2512 321 2526 ·
354 2492 474 2548 εἶτα
503 2498 879 2567 παρεσκεύασε
909 2498 1118 2561 πάντας
1143 2499 1384 2562 ἐκείνους
1417 2498 1609 2570 ἀθρόον
1630 2517 1740 2567 φω-

162 2587 261 2655 νῆς
284 2585 592 2654 ἀκηκοότας
622 2585 716 2639 τοῦ
746 2588 1045 2659 προφήτου,
1080 2587 1139 2641 ὃν
1184 2589 1281 2658 οὐχ
1321 2589 1466 2650 ὅστις
1503 2584 1570 2659 ἦν
1608 2588 1737 2657 ἡπί-

162 2692 385 2738 σταντο,
412 2675 528 2729 ἀλλ’
584 2676 704 2729 οὐδὲ
752 2680 889 2745 μετά
944 2678 1235 2749 θαυμάτων
1288 2679 1523 2748 φανέντα
1579 2676 1737 2745 εἶδον,

159 2768 308 2821 ὥστε
336 2768 596 2838 ἔκπληξιν
635 2768 797 2822 αὑτοῦ
848 2786 971 2822 τινα
1002 2770 1186 2824 λαϐεῖν
1207 2787 1219 2798 ·
1246 2770 1492 2824 ἐντεῦθεν
1515 2772 1741 2843 μεταθεο

163 2858 368 2923 μένους
399 2858 501 2927 τῆς
544 2859 774 2929 πρόσθεν
801 2857 1026 2931 γνώμης
1052 2860 1160 2915 ἀπὸ
1193 2862 1361 2932 μόνης
1387 2862 1484 2933 τῆς
1514 2862 1740 2933 ἀπειλῆς

341 2950 402 3003 τὸ
434 2952 681 3020 κρεῖττον
716 2951 861 3015 ἰδεῖν,
893 2950 1136 3015 ἐθνικούς
1162 2969 1222 3004 τε
1262 2952 1424 3015 ὄντας
1453 2954 1545 3006 καὶ
1590 2955 1740 3007 οὐδὲν

1845 1857 2134 1927 imaginem
2178 1857 2233 1910 in
2284 1872 2345 1910 se
2390 1856 2508 1926 ipso
2558 1856 2811 1925 gestavit.
2866 1855 3035 1908 Mittit
3090 1856 3235 1909 enim
3290 1871 3414 1909 eum

1844 1947 1988 2001 Deus
2018 1949 2071 2000 in
2123 1960 2371 2016 magnam
2409 1946 2598 2001 urbem
2631 1945 2882 2011 Niniven,
2918 1947 3119 2016 populo
3148 1947 3417 2015 copiosis-

1844 2038 2064 2100 simam,
2106 2037 2458 2108 Assyriorum
2502 2036 2707 2107 regiam
2755 2036 2977 2101 sedem;
3031 2035 3189 2105 cujus
3232 2037 3413 2090 cuncti

1844 2129 1991 2184 cives
2033 2142 2141 2182 non
2180 2129 2299 2183 sine
2348 2128 2627 2197 religionis
2674 2135 2989 2197 contemptu
3031 2143 3257 2198 pravum
3291 2128 3416 2181 vitm

1844 2235 2015 2290 genus
2040 2219 2338 2289 agitabant,
2365 2220 2497 2283 otio,
2523 2221 2757 2285 luxuria,
2784 2221 3227 2291 intemperantia,
3246 2230 3416 2291 atque

1842 2312 2173 2367 omnimodis
2228 2312 2381 2366 vitiis
2430 2312 2785 2368 diﬂluentes:
2841 2312 3103 2381 jubetque
3150 2322 3211 2366 ut
3263 2314 3416 2368 urbis

1842 2405 2111 2458 excidium
2158 2405 2394 2467 nuntiet,
2427 2404 2534 2463 nisi
2569 2404 2764 2459 incolae
2802 2403 2870 2457 ad
2915 2404 3151 2459 otiicium
3183 2421 3417 2479 conven-

1842 2501 2051 2547 tantur.
2101 2493 2237 2547 Exin
2289 2491 2502 2548 curavit
2552 2491 2715 2554 Deus,
2749 2499 2807 2545 ut
2852 2493 2891 2546 ii
2942 2502 3166 2562 repente
3220 2509 3415 2550 omnes

1840 2586 2027 2639 audita
2072 2584 2354 2654 prophetae
2400 2598 2531 2637 voce
2564 2583 2745 2652 (quem
2774 2591 2932 2637 antea
2976 2585 3201 2638 minime
3248 2600 3417 2639 nove-

1840 2688 1986 2743 rant,
2014 2693 2189 2747 neque
2218 2692 2363 2732 nunc
2386 2675 2651 2746 prodigiis
2673 2675 3064 2731 communitum
3092 2677 3409 2738 cernebant,

1838 2771 1915 2824 ita
1944 2777 2005 2823 ut
2027 2770 2148 2839 ejus
2175 2768 2535 2823 admiratione
2562 2767 2745 2837 aliqua
2776 2768 3403 2839 pereellerentur),eura-

1837 2862 1937 2923 vit,
1970 2862 2211 2930 inquam,
2248 2860 2391 2914 Deus
2414 2866 2475 2913 ut
2508 2860 2692 2929 priore
2723 2858 2943 2929 ingenio
2981 2866 3208 2926 mutato,
3237 2860 3413 2914 mina-

1842 2967 2075 3021 rumque
2118 2952 2167 3005 vi
2222 2950 2465 3021 impulsi,
2523 2951 2591 3006 ad
2633 2951 2858 3006 saniora
2907 2951 3136 3005 consilia
3175 2960 3410 3006 mentem

162 3040 511 3103 διδασκαλίας
551 3036 689 3103 εἶδος
722 3044 802 3104 εἰς
853 3040 1161 3095 θεοσέϐειαν
1195 3043 1435 3115 ἡκούσης
1476 3046 1736 3116 πρότερον

1843 3044 2185 3100 intenderent
2208 3042 2560 3130 quantumvis
2587 3041 2810 3108 ethnici,
2837 3051 2895 3097 et
2930 3041 3021 3111 qui
3062 3042 3272 3096 nullam
3314 3058 3412 3096 ve-

161 3133 539 3201 δεδειγμένους
576 3149 590 3163 ·
622 3132 697 3195 ὡς
726 3132 791 3185 ἂν
840 3131 1132 3204 δηλώσειεν
1176 3136 1240 3186 ἐκ
1285 3134 1393 3188 τῶν
1435 3135 1737 3206 παρόντων,

162 3226 245 3291 (p.
275 3225 408 3293 257)
451 3225 532 3277 ὃτι
588 3224 731 3277 κατά
781 3226 967 3278 τοῦτον
1005 3228 1096 3277 τὸν
1138 3225 1337 3297 τρόπον
1368 3228 1460 3280 ἐπὶ
1502 3228 1600 3297 τῆς
1644 3228 1738 3280 τοῦ

162 3314 439 3367 Δεσπότου
490 3315 728 3386 Χριστοῦ
782 3318 1084 3387 παρουσίας
1130 3318 1343 3372 ἅπαντα
1394 3321 1462 3374 τὰ
1499 3321 1624 3391 ἔθνη
1671 3325 1737 3393 τῇ

160 3405 343 3475 οἰκείᾳ
363 3406 543 3476 χάριτι
575 3406 760 3459 νεῦσαι
797 3410 1211 3480 παρασκευάσει
1237 3411 1370 3483 πρὸς
1393 3412 1452 3464 τὸ
1474 3417 1736 3481 κρεῖττον,

162 3498 269 3550 κᾶν
320 3497 567 3551 ἀπειθεῖν
616 3497 873 3552 ἐθέλωσιν
916 3502 1156 3555 Ἰουδαῖοι
1197 3506 1263 3574 τῇ
1318 3504 1416 3566 τῖπς
1462 3505 1739 3569 εὐσεϐείας

160 3590 496 3659 διδασκαλίᾳ.

250 3681 528 3734 Ἐντεῦθεν
559 3682 588 3734 ὁ
624 3682 891 3755 μακάριος
920 3685 1205 3756 προφήτης
1232 3685 1294 3739 ἐκ
1321 3703 1380 3739 τε
1401 3685 1508 3738 τῶν
1538 3687 1737 3758 παρόν-

164 3790 275 3826 των
311 3773 562 3838 συνειδὼς
590 3775 664 3837 ὡς
694 3776 791 3846 τῆς
836 3778 1069 3848 ἐσχάτης
1091 3779 1227 3842 ἄξιοι
1264 3777 1553 3847 φανοῦνται
1576 3796 1739 3847 τιμω-

168 3866 294 3935 ρίας
336 3865 596 3930 Ἰουδαῖοι,
642 3867 711 3919 ἐκ
756 3869 1023 3939 τοσαύτης
1074 3870 1419 3933 διδασκαλίας
1472 3870 1736 3941 μηδεμίαν

161 3957 447 4027 δεξάμενοι
477 3958 783 4029 διόρθωσιν,
822 3961 871 4013 εί
912 3960 1190 4014 Νινευῗται
1217 3962 1437 4033 ἀσεϐείᾳ
1471 3961 1736 4026 συζῶντες

164 4050 261 4102 καὶ
296 4050 680 4120 στρεφόμενοι,
717 4050 910 4122 ἀθρόον
945 4054 1009 4104 ἐκ
1052 4052 1335 4122 μηνύσεως
1366 4053 1531 4123 μόνης
1568 4070 1731 4123 μετα-

166 4141 381 4211 θέμενοι
420 4141 690 4210 φαίνοιντο
737 4142 873 4213 πρδς
897 4142 957 4195 τὸ
981 4146 1229 4213 κρεῖττον
1258 4160 1272 4174 ·
1298 4144 1389 4197 καί⁹
1424 4145 1505 4197 ὅτι
1533 4145 1735 4199 τούτων

161 4233 229 4301 δὴ
256 4232 394 4301 πρὸς
418 4232 690 4296 ἀπόδειξιν
717 4233 1051 4303 γιγνομένων
1087 4234 1196 4287 τῶν
1236 4235 1375 4287 κατά
1412 4235 1504 4288 τὸν
1528 4237 1733 4289 Δεσπό-

1840 3152 1915 3191 rae
1957 3134 2172 3205 pietatis
2213 3135 2449 3202 speciem
2481 3133 2745 3188 hactenus
2776 3148 2886 3202 pm
2924 3148 2985 3188 se
3012 3134 3272 3188 tulerant.
3303 3132 3411 3188 Res

1839 3241 1966 3296 ergo
2003 3240 2242 3296 praesens
2268 3223 2518 3286 docebat,
2556 3221 2673 3278 fore
2711 3231 2773 3277 ut
2798 3222 2984 3278 eadem
3028 3224 3239 3279 ratione
3261 3225 3410 3279 circa

1842 3316 2053 3370 Domini
2079 3315 2283 3370 Christi
2325 3314 2618 3369 adventum
2662 3314 2848 3384 populi
2885 3329 3098 3377 omnes,
3144 3315 3193 3369 vi
3223 3315 3411 3385 gratiae

1839 3409 1977 3478 ejus,
2035 3408 2105 3463 de
2156 3407 2375 3462 virtutis
2421 3405 2604 3461 studio
2660 3408 2993 3476 cogitarent:
3047 3405 3250 3462 Judaeis
3283 3408 3410 3462 licet

1838 3503 2117 3557 obstinata
2145 3497 2531 3554 incredulitate
2560 3496 2864 3551 doctrinam
2895 3498 3113 3568 pietatis
3148 3514 3410 3570 respuen-

1839 3593 2005 3646 tibus.
2968 3602 2971 3609 '

1915 3682 2078 3754 156
2119 3681 2485 3749 Quamobrem
2532 3679 2725 3735 beatus
2750 3684 3011 3750 propheta
3044 3697 3109 3735 ex
3154 3682 3405 3751 praesenti

1837 3793 1895 3831 re
1922 3777 2305 3845 cognoscebat,
2352 3774 2468 3830 [ore
2493 3784 2555 3829 ut
2584 3782 2828 3829 extremo
2857 3773 3171 3827 viderentur
3199 3774 3407 3844 suppli‘

1837 3870 1924 3923 cio
1952 3869 2100 3938 digni
2125 3867 2319 3932 Judaei,
2350 3867 2445 3936 qui
2482 3876 2638 3921 tanto
2657 3880 2687 3918 a
2714 3864 3029 3935 magisterio
3054 3864 3257 3918 nullam
3284 3864 3412 3918 vitae

1836 3959 2269 4014 emendationem
2299 3964 2722 4021 contraxerant;
2751 3956 2879 4011 dum
2913 3956 3131 4010 interim
3153 3954 3410 4010 Ninivita-

1834 4051 1985 4104 omni
2023 4048 2299 4119 quondam
2346 4047 2694 4117 improbitate
2741 4045 2934 4117 polluti
2967 4060 3032 4101 ac
3070 4046 3405 4106 volutantes.

1835 4145 2019 4199 statim
2051 4143 2168 4197 solo
2203 4140 2609 4211 praedicationis
2633 4148 2843 4193 terrore
2881 4139 2948 4193 ad
2986 4139 3265 4192 meliorem
3292 4137 3405 4192 [ru-

1835 4250 1953 4306 gem
2013 4233 2249 4287 traducti
2308 4230 2564 4286 fuissent.
2628 4229 2875 4300 Cumque
2920 4229 3034 4284 haec
3077 4230 3404 4301 intelligeret

161 4340 268 4392 την
323 4324 601 4394 ἐσομένων
662 4324 926 4394 Χριστὸν,
956 4326 1018 4378 τὸ
1064 4326 1195 4379 αὐτὸ
1246 4327 1303 4380 δὲ
1348 4327 1502 4381 τοῦτο
1552 4328 1734 4400 πολλῷ

1843 4326 1976 4391 ﬁeri,
2003 4325 2074 4379 ob
2106 4339 2169 4378 ea
2200 4321 2557 4390 signiﬁcanda
2596 4338 2718 4391 quae
2759 4322 2903 4375 eirea
2943 4320 3150 4375 Christi
3191 4321 3403 4375 Domini

168 4414 328 4468 πλέον
351 4415 712 4485 συμϐήσεται,
729 4414 878 4467 ὁπότ’
899 4415 965 4468 ἂν
990 4417 1060 4469 τά
1094 4416 1193 4485 μὲν
1222 4416 1351 4487 ἔθνη
1381 4420 1445 4489 τῇ
1481 4418 1599 4490 θείᾳ
1633 4436 1734 4472 κα-

166 4506 405 4576 λούμενα
453 4507 634 4577 χάριτι
672 4507 812 4576 ῥέπῃ
842 4505 978 4577 πρὸς
1004 4506 1104 4576 τὴν
1155 4507 1456 4571 εὐσέϐειαν,
1499 4509 1738 4562 Ἰουδαῖοι

160 4600 221 4652 δὲ
252 4598 491 4667 μένωσιν
516 4596 761 4659 ἀπειθεῖς
795 4598 886 4651 καὶ
924 4599 997 4668 μὴ
1035 4597 1310 4669 δεχόμενοι
1334 4599 1426 4652 τὸν
1461 4601 1737 4672 Δεσπότην

163 4689 420 4761 Χριστὸν,
439 4681 500 4740 οὗ
530 4688 629 4759 τὴν
658 4690 887 4758 μήνυσιν
914 4690 1007 4741 καὶ
1038 4690 1135 4760 τὴν
1162 4690 1507 4744 διδασκαλίαν
1534 4692 1738 4746 ἀνωθεν

162 4783 475 4854 φερομένην
504 4779 650 4851 εἶχον
681 4784 809 4853 παρ’
842 4784 1085 4846 ἑαυτοῖς·
1109 4784 1191 4836 ὅτι
1224 4801 1282 4835 τε
1330 4784 1578 4837 ἐντεῦθεν
1610 4786 1737 4856 κλη-

165 4874 386 4946 ρονόμοι
425 4874 524 4944 μὲν
569 4874 1046 4946 ἀποφανθήσονται
1086 4878 1182 4942 τῆς
1213 4875 1487 4944 βασιλείας
1509 4877 1618 4929 τῶν
1646 4877 1736 4930 οὐ·

163 4970 343 5041 ρανῶν
375 4969 425 5021 οἱ
472 4968 749 5038 πανταχοῦ
789 4969 891 5038 γῆς
938 4968 1215 5031 οἰκοῦντες
1258 4969 1567 5040 ἄνθρωποι,
1603 4970 1735 5036 ἐξω-

162 5054 455 5132 σθήσονται
505 5062 561 5114 δὲ
603 5063 701 5133 τῆς
746 5062 954 5132 δωρεᾶς
1000 5062 1203 5133 ταύτης
1250 5062 1337 5116 διὰ
1383 5062 1481 5133 τὴν
1529 5062 1733 5116 οίκείαν

159 5149 444 5203 ἀπείθειαν
462 5167 521 5202 τε
549 5152 641 5203 καὶ
674 5151 931 5203 ἀσέϐειαν
964 5150 1221 5215 Ἰουδαῖοι,
1252 5151 1428 5205 καίτοι
1454 5168 1517 5220 γε
1545 5152 1730 5217 δόξαν·

157 5257 253 5303 τες
284 5241 344 5292 ἐν
381 5238 619 5310 τοσαύτῃ
652 5238 971 5311 διδασκαλίᾳ
1014 5240 1108 5292 τοῦ
1157 5240 1462 5312 κρείττονος
1508 5241 1734 5310 γεγενῆ-

160 5332 311 5394 σθαι,
341 5330 656 5397 ἀναγκαίως
692 5330 913 5401 ⁴Ιιδθύμει,
946 5330 1172 5394 πένθους
1200 5332 1350 5397 ἀξιον
1396 5332 1732 5402 πανταχόθεν

159 5422 304 5493 ὁρῶν
328 5421 390 5473 τὸ
422 5423 673 5491 πρᾶγμα,
703 5424 798 5475 καὶ
830 5423 1111 5492 συναλγῶν
1146 5429 1244 5495 μὲν
1277 5425 1553 5489 Ἰουδαίοις
1591 5426 1733 5478 εἰκό-

154 5531 297 5575 τως,
330 5514 407 5580 (p.
464 5512 592 5579 258)
631 5513 880 5569 τοιούτου
942 5532 1001 5569 τε
1038 5511 1154 5570 οὖσι
1194 5516 1286 5570 καὶ
1326 5515 1559 5570 τοσαῦτα
1609 5516 1734 5588 μέλ-

240 5685 281 5718 ’δ
322 5687 459 5741 Rau:
524 5706 597 5756 xi,
630 5689 720 5747 5‘2.

1839 4419 2125 4473 adventum
2158 4414 2339 4469 futura
2361 4422 2548 4479 erant;
2576 4430 2685 4469 rem
2712 4414 2886 4468 multo
2909 4413 3212 4483 graviorem
3241 4429 3405 4469 even-

1838 4519 2015 4563 turam
2063 4508 2307 4571 videbat,
2352 4521 2475 4559 cum
2527 4505 2733 4559 ethnici
2777 4504 2971 4563 divina.
3002 4503 3179 4573 gratia
3229 4504 3404 4558 vocati

1839 4601 1905 4655 ad
1935 4601 2187 4670 pietatem
2219 4596 2589 4656 conﬂuerent;
2619 4595 2822 4650 Judaais
2846 4593 3203 4649 nihilominus
3226 4594 3405 4648 inere-

1834 4693 2120 4747 dulitatem
2149 4704 2301 4743 suam
2352 4686 2646 4740 retiuentih
2689 4701 2738 4752 s,
2774 4700 2948 4753 neque
2979 4684 3259 4739 Christum
3300 4686 3406 4740 Do-

1841 4785 2049 4838 minum
2077 4779 2487 4849 recipientibus,
2530 4778 2689 4846 cujus
2724 4776 3016 4844 ceteroqui
3046 4776 3403 4845 signiﬁcatio-

1841 4891 1964 4930 nem
1999 4883 2163 4944 atque
2210 4871 2514 4927 doctrinam
2566 4870 2781 4925 coalitus
2822 4868 3119 4923 immissam
3163 4870 3304 4938 apud
3344 4885 3407 4925 se

1843 4966 2149 5031 habebant;
2201 4971 2364 5034 atque
2403 4962 2531 5016 hinc
2559 4960 2712 5031 regni
2760 4960 2994 5015 cmicstis
3034 4960 3273 5015 haeredcs
3305 4962 3403 5017 de-

1841 5059 2109 5113 claratum
2146 5057 2210 5110 iri
2243 5056 2515 5117 homines,
2544 5054 2639 5123 qui
2670 5053 2869 5122 ubique
2896 5060 3164 5107 terrarum
3195 5052 3406 5107 habita-

1835 5158 2000 5216 rent;
2047 5149 2327 5203 exclusura
2364 5154 2544 5200 autem
2580 5146 2646 5201 iri
2696 5147 2765 5199 ab
2803 5145 2906 5199 hac
2944 5145 3235 5199 donatione
3280 5161 3380 5214 pro

1840 5249 1961 5312 pter
1993 5255 2147 5294 suam
2191 5239 2626 5292 incredulitatem
2672 5236 3117 5306 impietatcmque
3164 5235 3403 5300 Jmimos,

1840 5333 1934 5404 qui
1974 5341 2155 5385 tamen
2188 5330 2514 5385 videbantur
2561 5329 2615 5382 in
2660 5338 2769 5381 tam
2806 5328 3008 5400 inclyto
3037 5330 3254 5384 virtutis
3291 5345 3411 5382 ma-

1841 5424 2065 5495 gisterio
2094 5420 2325 5476 versari.
2360 5419 2486 5474 Haac
2517 5421 2831 5475 necessario
2862 5420 3135 5489 pr0phetaa
3164 5421 3404 5473 animum

1840 5515 2203 5587 torquebant,
2278 5514 2583 5568 luctuosum
2666 5527 3058 5583 usquequaque
3128 5513 3403 5583 negotiqu
