3828 6216
438 249 539 304 δ’ἔἾ

1624 234 1979 290 τιιεοῡοιιι
2012 232 2493 291 MOPSUESTENI

3556 238 3647 294 323

436 360 735 425 cernentis,
774 359 1057 428 vicemque
1089 354 1400 413 Iudaeorum
1429 362 1489 408 ut
1522 367 1621 424 par
1659 363 1779 407 erat
1815 351 2008 406 dolen-

2137 368 2264 404 .ouat
2326 349 2651 420 ὑπομένειν
2679 347 2999 422 ὀδυρόμενος
3046 347 3103 401 δὲ
3156 348 3205 401 εί
3238 348 3331 401 καλ⁵
3360 347 3449 401 νῦν
3475 351 3533 404 ὲκ
3567 359 3654 426 τῆς

437 455 535 517 tis,
574 454 669 524 qui
715 459 865 506 tanta
899 449 1166 521 dignitate
1208 459 1335 504 cum
1380 455 1587 509 essent,
1633 443 1689 497 in
1737 443 1868 496 talia
1901 441 2019 495 rui-

443 546 553 601 turi
593 551 772 600 erant.
822 542 1037 597 Rursus
1069 540 1334 611 propheta
1382 537 1666 598 maerebat,
1714 534 1843 604 quia
1883 549 2020 602 prae-

445 636 586 693 scuti
634 633 996 689 Ninivitarum
1062 629 1469 702 comparatione
1522 626 1798 695 digniores
1859 639 2021 695 paena

446 727 645 783 fiebant
669 724 843 781 Judaei
876 744 889 779 :
929 733 1044 779 tum
1088 723 1143 777 in
1176 731 1456 792 posterum
1503 717 1755 773 districto
1793 716 2020 784 repudio

443 816 759 873 dimittendi
816 821 994 876 erant,
1045 828 1156 884 pra:
1203 811 1429 881 reliquis
1487 808 1689 878 ubique
1750 815 2021 862 terrarum

445 908 836 963 cxsistentihus
872 906 1090 976 p0pulis
1130 903 1196 959 ad
1229 901 1510 972 religionis
1538 914 1680 953 verre
1712 898 2021 951 doctrinam

446 997 774 1051 accessuris.
806 994 942 1047 Nam
972 992 1019 1046 si
1066 994 1258 1047 beatus
1304 989 1506 1044 Paulus
1536 989 1684 1058 luget
1710 1002 1900 1041 eorum
1933 1001 2022 1040 re-

439 1088 755 1157 jectionem,
807 1102 871 1141 ac
911 1100 1169 1155 supremo
1220 1099 1281 1139 se
1330 1097 1693 1137 occursurum
1753 1079 2024 1150 supplicio

445 1180 681 1234 libenter
723 1193 913 1232 eorum
959 1192 1127 1233 causa
1160 1176 1257 1238 ait,
1298 1183 1359 1229 ut
1386 1175 1474 1229 his
1500 1173 1566 1228 ad
1604 1171 1842 1226 oﬂicium
1869 1186 2026 1225 revo-

444 1271 583 1328 catis
625 1270 861 1325 eﬂiceret
898 1284 1006 1325 non
1050 1268 1298 1323 inutilem
1344 1276 1553 1320 tantam
1594 1263 1687 1343 Dei
1736 1262 2027 1336 providen-

444 1364 576 1418 tiam
605 1381 619 1418 :
664 1380 683 1412 σ
718 1360 857 1416 Vere
905 1362 1051 1415 enim
1103 1360 1159 1413 in
1192 1357 1414 1413 Christo
1447 1356 1590 1418 dico,
1625 1370 1734 1410 non
1766 1354 2023 1415 mentior,

452 1453 828 1509 testimonium
871 1452 1188 1522 perhibente
1237 1450 1371 1504 mibi
1422 1446 1760 1504 conscientia
1806 1459 1925 1500 mea
1969 1442 2025 1497 in

451 1545 658 1613 Spiritu
690 1554 902 1608 sancto,
952 1544 1210 1614 quoniam
1265 1541 1490 1597 tristitia
1540 1548 1623 1594 est
1657 1536 1791 1592 mihi
1830 1549 2025 1606 magna

450 1648 507 1694 et
535 1638 832 1693 continuus
859 1637 1014 1691 dolor
1057 1636 1208 1690 cordi
1251 1648 1391 1690 meo.
1440 1630 1704 1701 Optabam
1745 1626 1889 1682 enim
1925 1640 2025 1695 ego

451 1733 569 1804 ipse
602 1734 896 1789 anathema
933 1748 1056 1788 esse
1093 1749 1123 1785 a
1156 1731 1377 1785 Christo
1428 1742 1525 1798 pro
1573 1724 1836 1780 fratribus
1866 1721 2024 1787 meis,

450 1829 544 1897 qui
584 1839 712 1883 sunt
737 1826 956 1897 cognati
1002 1825 1107 1880 mei
1145 1822 1448 1878 secundum
1484 1833 1730 1879 carnem,
1773 1814 1865 1884 qui
1894 1820 2027 1869 sunt

451 1917 744 1979 Israelita;
792 1932 1023 1988 quorum
1064 1914 1220 1985 157
1268 1911 1488 1982 adoptio
1536 1916 1620 1965 est
1660 1909 1713 1961 in
1765 1906 1926 1968 filios,
1973 1911 2030 1958 et

452 2010 624 2080 gloria
671 2018 726 2064 et
776 2014 1161 2063 testamentum
1213 2012 1268 2059 et
1319 2001 1586 2073 legislatio
1630 2007 1685 2054 et
1734 1998 1916 2051 cultus
1976 2002 2031 2049 et

453 2101 892 2171 promissiones;
941 2112 1176 2169 quorum
1232 2102 1437 2166 patres,
1477 2102 1533 2147 et
1580 2106 1647 2145 ex
1699 2088 1899 2158 quibus
1948 2090 2030 2140 est

452 2193 705 2248 Christus
743 2192 1042 2249 secundum
1078 2203 1323 2249 carnem,
1364 2186 1458 2256 qui
1504 2191 1591 2239 est
1636 2194 1801 2250 super
1839 2176 2025 2232 omnia

453 2283 597 2340 Deus
654 2284 978 2341 benedictus
1028 2282 1085 2336 in
1148 2280 1389 2343 saecula,
1435 2291 1594 2330 amen
1638 2274 1707 2327 ".
1759 2288 1779 2323 ι
1834 2267 2028 2323 Nonne

454 2378 583 2431 hinc
615 2384 852 2440 constat,
901 2375 1196 2447 prophetas
1227 2384 1446 2441 quoque
1478 2366 1668 2422 eadem
1698 2360 1865 2417 animi
1897 2356 2028 2410 affe-

2116 440 2224 494 τῶν
2244 440 2537 494 Νινευῖτῶν
2554 440 2922 511 παραθέσεως,
2941 440 3209 511 τιμωρίας
3230 438 3367 504 ἄξιοι
3388 442 3652 509 φαίνοιντο·

2119 532 2211 584 ml.
2239 530 2377 600 μετά
2405 528 2563 582 τοῦτό
2587 547 2649 598 γε
2674 528 2908 599 παντελῆ
2930 528 3026 600 τὴν
3052 528 3320 599 ἀποϐολὴν
3342 529 3652 601 ὑπομένοιεν,

2120 620 2417 692 παραθέσει
2440 621 2549 674 τῶν
2579 637 2636 672 τε
2666 620 2972 690 ἁπανταχοῦ
3003 620 3102 691 γῆς
3122 620 3291 673 ὄντων
3322 621 3482 675 ἐθνῶν
3508 642 3656 694 προσ-

2125 710 2262 765 ιέναι
2290 714 2356 782 τῇ
2399 711 2498 782 τῆς
2550 710 2831 774 εὐσεϐείας
2889 710 3189 781 μελλόντων
3242 711 3546 783 διδασκαλίᾳ
3573 732 3585 745 ·
3617 718 3657 768 εἰ

2120 803 2228 873 γὰρ
2256 806 2283 857 6
2323 804 2590 873 μακάριος
2635 802 2845 866 Παῦλος
2879 802 3131 875 ὀδύρεται
3186 803 3363 855 αὐτῶν
3392 805 3657 876 ἀποϐολὴν,

2121 895 2217 949 καὶ
2244 896 2343 955 τὴν
2374 896 2607 965 ἐσχάτην
2636 894 2841 963 ἔφασκε
2870 895 3139 966 τιμωρίαν
3169 895 3458 965 ὑπομενεῖν
3489 896 3659 967 ήδέως,

2122 986 2263 1041 ὥστε
2293 985 2515 1049 τούτους
2552 985 2688 1057 πρὸς
2714 984 2775 1038 τὸ
2795 985 2913 1037 δέον
2946 985 3172 1048 ἰδόντας,
3202 984 3276 1055 μὴ
3297 986 3394 1055 τὴν
3419 985 3662 1055 τοσαύτην

2096 1078 2209 1130 ἐπ’
2254 1077 2435 1139 αὐτοῖς
2490 1077 2856 1146 γεγενημένην
2894 1075 3209 1147 ἐπιμέλειαν
3238 1075 3388 1145 παρὰ
3418 1074 3506 1128 τοῦ
3544 1076 3664 1129 Θεοῦ

2124 1167 2383 1239 περιττὴν
2426 1168 2764 1239 ἀποφῆναιοι
2808 1167 3089 1238 Ἀλήθειαν
3135 1168 3242 1239 γὰρ
3288 1169 3424 1236 λέγω
3462 1171 3515 1222 ἐν
3546 1171 3665 1238 Χρι-

2127 1258 2256 1329 στῷ,
2292 1260 2353 1313 οὐ
2404 1258 2689 1331 ψεύδομαι,
2724 1261 3219 1332 συμμαρτυρούσης
3259 1277 3348 1330 μοι
3375 1259 3471 1328 τῆς
3508 1277 3665 1313 συνει-

2125 1350 2329 1423 δήσεώς
2362 1370 2463 1422 μου
2514 1354 2570 1404 ἐν
2624 1351 2899 1422 Πνεύματι
2932 1352 3197 1422 ἁγίῳ,ὃτι
3246 1351 3389 1422 λύπη
3438 1369 3523 1422 μοι
3565 1352 3668 1405 ἐστὶ

2129 1443 2342 1515 μεγάλη
2370 1444 2462 1497 καὶ
2492 1444 2830 1507 ἀδιάλειπτος
2860 1444 3017 1515 ὀδύνη
3050 1447 3116 1514 τῇ
3139 1443 3333 1515 καρδίᾳ
3366 1460 3463 1513 μου
3487 1457 3499 1469 ·
3525 1443 3671 1513 ηὐχό-

2131 1553 2235 1606 μην
2254 1536 2361 1607 γάρ
2393 1536 2640 1607 ἀνάθεμα
2672 1532 2809 1590 εἶναι
2855 1536 3014 1600 αὐτὸς
3052 1535 3163 1604 ἐγὼ
3191 1535 3298 1588 ἀπὸ
3334 1534 3425 1588 τοῦ
3457 1534 3668 1606 Χριστοῦ

2129 1623 2268 1695 ὑπὲρ
2284 1624 2390 1677 τῶν
2411 1625 2654 1694 ἀδελφῶν
2670 1643 2771 1696 μου
2791 1625 2899 1679 τῶν
2919 1624 3194 1695 συγγενῶν
3220 1642 3319 1695 μου
3338 1624 3474 1678 κατά
3490 1625 3669 1695 σάρκα,
3756 1616 3757 1619 “

2126 1714 2319 1779 οἵτινές
2347 1717 2482 1769 εἰσιν
2528 1717 2854 1788 Ἰσραηλῖται
2885 1732 2899 1744 ·
2937 1709 3011 1770 ὧν
3053 1717 3086 1786 ἡ
3114 1714 3351 1769 υἱοθεσία
3382 1716 3529 1784 καὶὴ
3561 1714 3672 1778 δόξα

2128 1807 2221 1858 καὶ
2246 1806 2278 1876 ἡ
2309 1805 2539 1878 διαθήκη
2569 1811 2663 1861 καὶ
2692 1811 2726 1880 ή
2749 1810 3039 1882 νομοθεσία
3068 1811 3218 1881 καὶὴ
3260 1811 3480 1882 λατρεία
3508 1812 3595 1864 καὶ
3624 1811 3673 1862 εί

2129 1898 2450 1966 ἐπαγγελίαι
2468 1915 2482 1928 ·
2510 1896 2584 1955 ὧν
2617 1903 2666 1955 οἱ
2705 1903 2961 1976 πατέρες,
2991 1904 3084 1957 καὶ
3116 1903 3175 1968 ἐξ
3202 1898 3277 1958 ὧν
3304 1906 3332 1956 6
3376 1903 3593 1973 Χριστὸς
3621 1902 3673 1953 τὸ

2129 1990 2272 2043 κατά
2313 1992 2489 2062 σάρκα
2509 2032 2525 2058 ,
2551 1995 2579 2046 6
2608 1993 2683 2047 ὣν
2724 1995 2817 2048 ἐπὶ
2870 1995 3089 2049 πάντων
3136 1995 3266 2059 Θεὸς
3298 1992 3578 2063 εὐλογητὸς
3606 1995 3675 2056 εἰς

2128 2081 2254 2145 τοὺς
2278 2081 2687 2155 αἰῶναςιάμήν·
2725 2105 2745 2138 ι
2782 2086 2901 2152 πῶς
2935 2088 2995 2141 οὐ
3042 2088 3308 2160 πρόδηλον
3342 2091 3422 2143 ὅτι
3459 2086 3550 2156 τὴν
3591 2085 3676 2137 αύ-

2130 2170 2230 2243 τὴν
2268 2172 2480 2243 ἔχοντες
2508 2177 2602 2228 καὶ
2633 2178 2680 2230 oi
2730 2179 3004 2250 προφῆται
3047 2180 3292 2251 γνώμην,
3331 2177 3589 2251 ὠδύροντό
3626 2193 3677 2230 τι

2132 2264 2224 2317 ἐπὶ
2247 2265 2454 2331 τούτοις
2479 2270 2571 2323 καὶ
2594 2269 2854 2343 ἐθρήνουν
2872 2311 2888 2331 .
2935 2274 3046 2326 εἴτε
3082 2274 3190 2327 τῶν
3210 2275 3334 2327 τότε
3370 2270 3677 2343 γιγνομένων

2131 2353 2337 2422 ἕνεκεν,
2368 2358 2477 2411 εἴτε
2509 2360 2734 2415 καὶτῶν
2766 2364 3115 2434 μηνυομένων
3143 2364 3361 2418 ἔσεσθαι
3392 2364 3623 2433 ὕστερον.

453 2469 632 2525 ctione
663 2469 938 2537 praeditos,
980 2465 1311 2535 ingemuisse
1340 2477 1504 2532 super
1539 2459 1627 2512 bis
1667 2464 1833 2524 atque
1869 2448 2097 2511 luxisse,
2133 2447 2248 2504 sive
2279 2451 2349 2505 ob
2381 2467 2445 2507 ea
2483 2468 2603 2524 quae
2634 2464 2947 2519 evenerant,
2999 2456 3113 2511 sive
3140 2457 3211 2512 ob
3240 2472 3304 2512 ea
3332 2472 3452 2528 qua:
3479 2464 3679 2527 parte“-

455 2558 754 2614 dehantur?

528 2650 755 2720 Propter
789 2649 891 2703 hoc
934 2646 1114 2717 fugam
1146 2660 1366 2717 quoque
1406 2640 1670 2713 propheta
1707 2631 2025 2693 maturavit,

460 2758 692 2814 sperans
721 2756 781 2797 se
810 2741 1194 2795 necessitatem
1221 2738 1519 2791 vitaturum
1552 2727 1814 2787 facienda:
1844 2724 1910 2778 ad
1931 2721 2029 2776 Ni-

461 2836 659 2891 nivitas
696 2833 1087 2904 praedictionis,
1117 2842 1281 2901 atque
1316 2830 1441 2883 hinc
1477 2822 1865 2894 impediturum
1894 2831 2032 2886 quo-

2214 2628 2385 2700 ’Υπὲρ
2417 2630 2524 2702 γὰρ
2567 2632 2754 2685 τούτου
2802 2633 2895 2686 καὶ
2938 2633 3035 2703 τὴν
3063 2633 3241 2703 φυγὴν
3262 2635 3290 2687 6
3320 2633 3593 2703 προφήτης
3615 2630 3681 2683 εἴ·

2132 2721 2275 2787 λετο,
2304 2722 2546 2794 οἰόμενος
2568 2722 2951 2792 διαφεύξεσθαι
2977 2741 3032 2777 τε
3053 2725 3151 2794 τὴν
3174 2724 3311 2794 πρὸς
3341 2724 3463 2787 τοὺς
3492 2720 3680 2775 Νινευῖ-

2133 2828 2231 2876 τας
2261 2814 2509 2883 μήνυσιν,
2542 2813 2635 2867 καὶ
2674 2813 2935 2867 κωλύσειν
2978 2812 3045 2867 τὰ
3074 2814 3323 2867 ἐντεῦθεν
3346 2813 3587 2882 ἐσόμενα,
3614 2810 3680 2879 (ιι.

462 2928 645 2982 minus
678 2941 741 2980 ea
790 2926 1190 2994 contingerent,
1222 2936 1344 2991 qua:
1400 2917 1745 2973 manifestam
1797 2909 2033 2966 Iudaica:

2137 2902 2263 2975 239)
2296 2905 2388 2974 ἀφ’
2420 2897 2492 2956 ὧν
2514 2903 2577 2975 δὴ
2611 2905 2796 2974 σαφῶς
2836 2907 2868 2975 ή
2899 2904 3005 2958 τῶν
3051 2905 3325 2959 Ἰουδαίων
3366 2903 3683 2957 ἐπεδείκνυτο

461 3020 682 3076 malitia:
706 3016 1123 3087 patefactionem
1155 3013 1387 3067 allatura
1417 3016 1593 3065 erant.
1621 3004 1741 3059 Jam
1768 3016 1890 3073 quae
1909 3014 2038 3055 con-

461 3121 649 3168 secuta
681 3119 830 3171 sunt,
875 3106 1041 3160 dictis
1090 3105 1226 3159 meis
1250 3101 1567 3171 suffragium
1605 3094 1833 3150 addunt.
1872 3089 2039 3145 Nam-

460 3219 568 3274 que
605 3201 874 3265 Ninivitae,
906 3198 998 3268 qui
1036 3204 1184 3249 tanta
1213 3194 1496 3248 alacritate
1522 3189 1589 3244 ad
1612 3188 1867 3242 virtutem
1895 3197 2042 3236 men-

461 3303 572 3350 tem
604 3298 1012 3352 converterant,
1060 3287 1313 3341 bellicam
1344 3280 1746 3353 expeditionem
1775 3275 2039 3330 adversus

463 3385 741 3439 lsraelitas
797 3380 959 3450 paulo
1029 3386 1156 3447 post
1218 3376 1624 3443 susceperunt;
1705 3364 2041 3435 reliquisque

460 3478 624 3532 etiam
658 3476 713 3529 in
740 3473 1112 3543 captivitatem
1144 3467 1375 3532 abactis,
1402 3476 1619 3520 summa
1648 3460 1701 3514 vi
1728 3457 2039 3513 vastitatem

463 3566 859 3637 Hierosolymis
900 3563 1036 3633 ipsis
1090 3558 1296 3614 inferre
1328 3553 1512 3611 conati
1555 3560 1685 3608 sunt
1721 3568 1735 3605 :
1771 3563 1933 3619 quam
1969 3546 2040 3601 ob

464 3676 577 3715 rem
605 3636 797 3730 patrias
825 3670 1045 3726 quoque
1069 3652 1336 3707 maximas
1366 3647 1476 3702 Deo
1506 3646 1748 3708 luerunt,
1785 3655 1923 3711 quas
1944 3636 2038 3709 qui

463 3752 786 3824 praedixerat
811 3747 1095 3803 Nahumus
1121 3737 1629 3815 propheta,scriptis
1648 3748 1866 3806 quoque
1889 3747 2040 3786 com-

464 3843 762 3899 mendavit.
814 3839 983 3909 Igitur
1021 3836 1175 3892 lunae
1227 3831 1530 3905 pr0phetia,
1576 3841 1789 3883 necnon
1827 3839 1891 3879 ea
1919 3835 2041 3894 qua:

464 3951 561 4007 per
597 3935 651 3989 id
684 3944 900 4002 tempus
944 3930 1203 3985 Ninivitis
1229 3926 1567 3983 acciderunt.
1615 3915 2039 4007 significationes

466 4006 668 4081 divinae
696 4024 886 4095 gratiae
926 4022 1169 4086 fuerunt,
1211 4017 1373 4086 cujus
1421 4013 1660 4083 impulsu
1690 4018 1798 4063 tam
1841 4006 2040 4077 procli-

468 4131 585 4170 vem
609 4114 791 4169 cuncti
824 4114 893 4168 ad
917 4112 1176 4166 virtutem
1203 4104 1619 4162 conversionem
1647 4099 1860 4169 experti
1888 4103 2036 4152 sunt.

466 4206 700 4262 Nahumi
733 4220 865 4261 vero
900 4202 1186 4275 prophetia
1226 4200 1570 4255 demonstrat
1599 4191 1916 4249 eorumdem
1944 4188 2039 4243 Ni-

2140 2997 2306 3051 κακία
2330 3014 2341 3027 ⁸
2369 2998 2585 3068 ἐλεγχος
2613 2998 2669 3052 δὲ
2707 2999 2813 3052 τῶν
2849 3000 3151 3071 εἰρημένων
3187 2999 3256 3053 τὰ
3304 2999 3442 3070 μετὰ
3488 2996 3680 3051 ταῦτα’

2139 3087 2414 3142 Νινευῗται
2442 3088 2549 3159 γὰρ
2582 3091 2629 3141 οἱ
2664 3089 2798 3160 μετὰ
2826 3089 3090 3157 τοσαύτης
3124 3089 3471 3160 ἑτοιμότητος
3495 3086 3585 3157 τὴν
3606 3083 3684 3135 ἐπὶ

2138 3181 2199 3235 τὸ
2227 3184 2472 3254 κρεῖττον
2510 3178 2794 3251 δεξάμενοι
2828 3179 3148 3251 μεταϐολὴν,
3185 3176 3611 3252 ἐπεπράτευσάν
3636 3192 3684 3225 τε

2143 3274 2259 3343 μετ’
2284 3272 2345 3326 ού
2380 3272 2512 3325 πολὺ
2544 3276 2658 3337 τοῖς
2702 3272 3080 3344 Ἰσραηλίταις,
3098 3272 3192 3325 καὶ
3225 3274 3353 3335 τοὺς
3377 3270 3585 3332 λοιποὺς
3617 3269 3687 3319 αἱ·

2139 3364 2455 3434 χμαλώτους
2503 3364 2775 3429 λαϐόντες,
2818 3364 3075 3435 πλείστην
3103 3364 3258 3434 ἔσχον
3311 3365 3406 3418 καὶ
3438 3362 3503 3415 τὰ
3540 3361 3685 3430 'Ispo-

2141 3455 2348 3526 σόλυμα
2390 3455 2659 3527 πορθῆσαι
2711 3455 2974 3526 σπουδήνο
3010 3454 3149 3526 ὑπὲρ
3181 3451 3255 3506 ὧν
3308 3453 3374 3525 δὴ
3408 3452 3499 3505 καὶ
3537 3465 3687 3517 τιμω⁹

2143 3547 2263 3618 ρίαν
2312 3546 2557 3612 ἐδέξαντο
2590 3547 2739 3619 παρὰ
2759 3546 2853 3599 τοῦ
2910 3545 3044 3599 Θεοῦ
3076 3545 3373 3616 μεγίστην,
3408 3544 3472 3614 ἢν
3515 3540 3688 3606 Ναοὺμ

2137 3642 2167 3694 6
2216 3641 2500 3711 προφήτης
2546 3637 2874 3710 μεμηνυκὼς
2919 3620 3307 3691 καταλέλοιπεν
3348 3637 3405 3688 ἐν
3444 3629 3649 3702 βιϐλίοις
3673 3640 3686 3654 ⁸

2138 3729 2279 3786 ὥστε
2327 3731 2425 3802 τὴν
2470 3730 2568 3801 μὲν
2614 3730 2709 3783 τοῦ
2756 3731 2909 3783 Ἰωνᾶ
2951 3728 3288 3801 προφητείαν
3313 3767 3328 3791 ,
3361 3728 3455 3780 καὶ
3491 3724 3555 3775 τὰ
3585 3719 3688 3772 τότά

2140 3825 2269 3893 περὶ
2321 3825 2447 3887 τοὺς
2491 3824 2784 3888 Νινευττας
2833 3822 3111 3891 γεγονότα,
3159 3822 3390 3892 μήνυσιν
3428 3820 3522 3886 τῆς
3561 3812 3689 3870 Θείας

2138 3916 2357 3987 χάριτος
2389 3910 2545 3980 εἶναι,
2573 3915 2692 3968 καθ’
2716 3916 2782 3985 ἢν
2810 3913 2952 3967 οὕτω
2977 3913 3164 3984 ῥᾳδίαν
3188 3913 3288 3984 τὴν
3313 3911 3406 3964 ἐπὶ
3437 3908 3494 3961 τὸ
3531 3904 3691 3976 κρεῖτ-

2137 4025 2227 4061 τον
2268 4007 2568 4078 μεταϐολὴν
2610 4007 2855 4072 ἐδέξαντο
2901 4006 3099 4068 πάντες
3121 4023 3133 4036 ·
3176 4006 3275 4074 τὴν
3305 4005 3363 4057 δὲ
3397 4000 3486 4055 τοῦ
3517 3994 3689 4061 Ναοὺμ

2137 4100 2366 4164 δήλωσιν
2421 4100 2565 4171 ἔχειν
2618 4100 2715 4171 τῆς
2753 4100 2932 4152 αὐτῶν
2964 4099 3185 4152 ἐκείνων
3239 4093 3573 4167 μοχθηρίας,
3609 4078 3689 4153 ἀφ’

2137 4189 2205 4267 ἦς
2226 4194 2669 4265 ὲπικεχειρήκασί
2690 4211 2750 4246 τε
2777 4192 3050 4255 τοσούτοις
3079 4194 3292 4255 κακοῖς,
3326 4189 3421 4242 καὶ
3443 4181 3690 4255 τιμωρίαν

469 4299 762 4355 nivitarum
796 4271 1222 4367 improbitatem,
1250 4294 1407 4361 cujus
1438 4288 1693 4344 instinctu
1720 4294 1867 4340 tanta
1896 4283 2033 4338 mala

2142 4288 2282 4359 ὑπὲρ
2322 4288 2571 4341 ἁπάντων
2622 4286 2865 4351 ὲδέξω-ν·εο
2898 4286 2993 4356 τὴν
3045 4284 3200 4348 ἀξίαν
3231 4300 3245 4316 '
3282 4283 3379 4337 καὶ
3414 4277 3577 4333 ταῦτα
3608 4271 3690 4343 μὲν

469 4391 906 4462 capessiverunt,
936 4389 1223 4458 iustasque
1245 4386 1461 4440 demum
1492 4381 1758 4437 scelerum
1796 4376 2039 4432 omnium

469 4499 661 4554 pinnas
695 4483 1095 4538 sustinuerunt.
1138 4477 1317 4547 Atque
1350 4478 1485 4539 haec,
1526 4488 1647 4543 qua:
1694 4472 1855 4526 beato
1891 4467 2043 4523 Jonae

469 4576 598 4631 olim
627 4575 966 4635 acciderunt,
1002 4573 1083 4626 vel
1123 4570 1192 4625 de
1213 4569 1403 4623 eodem
1450 4567 1595 4621 dicta
1638 4571 1786 4622 sunt.
1826 4576 1915 4625 ea.
1953 4560 2039 4613 in-

469 4679 654 4733 quam,
684 4664 864 4717 omnia
883 4662 939 4715 in
960 4658 1109 4713 Novo
1130 4666 1316 4729 postea
1348 4660 1699 4710 Testamento
1717 4653 2042 4715 instaurata,

470 4755 634 4810 sicuti
664 4754 778 4821 jam
837 4751 975 4816 dixi,
1026 4751 1149 4819 jure
1184 4748 1490 4816 meritoque
1540 4745 1729 4801 videre
1777 4751 1882 4798 est.
1934 4744 2046 4812 Age

472 4862 604 4901 vero
638 4861 729 4900 res
763 4844 911 4910 illas,
950 4858 1071 4912 quae
1099 4852 1231 4896 tunc
1260 4849 1426 4912 gesta:
1448 4838 1737 4907 lihelloque
1766 4849 2046 4891 commen-

472 4938 612 4993 datae
643 4937 887 5001 fuerunt,
922 4942 976 4990 et
1004 4951 1124 5005 quae
1160 4934 1210 4989 ei
1247 4931 1477 5002 tempori
1510 4930 1803 5000 plurimum
1838 4927 2047 4983 emolu-

476 5037 714 5084 mentum
751 5036 915 5097 atque
948 5041 1107 5080 usum
1142 5025 1532 5089 exhibuerunt,
1582 5037 1648 5076 ex
1681 5020 1886 5076 eisdem
1931 5016 2047 5073 sin-

474 5120 710 5189 gillatim
762 5132 1178 5187 cognoscemus.
1226 5131 1459 5185 quarum
1490 5115 1604 5185 jam
1644 5109 2048 5180 interpretatio‘

476 5223 599 5263 nem
634 5207 742 5262 Deo
775 5207 1000 5276 auspice
1032 5204 1435 5275 aggrediemur.

1145 5295 1299 5350 CAP.
1342 5293 1382 5351 I.

551 5388 712 5459 158
739 5386 904 5442 Vens.
957 5386 1008 5442 1.
1043 5390 1099 5441 2.
1134 5416 1205 5427 —-
1258 5403 1277 5439 ‹
1327 5385 1392 5439 Et
1439 5384 1641 5440 factum
1688 5394 1774 5440 est
1826 5382 2050 5437 verbum

481 5481 690 5536 Domini
732 5481 797 5536 ad
831 5479 1024 5534 Jonam
1059 5478 1277 5533 Amathi
1310 5477 1479 5537 filium
1514 5477 1706 5532 dicens
1737 5493 1751 5530 :
1788 5473 1962 5545 Surge
1999 5481 2054 5527 et

478 5575 615 5629 vade
646 5574 874 5629 Niniven
896 5574 949 5627 in
975 5574 1163 5627 urbem
1198 5586 1473 5644 magnam,
1496 5578 1660 5641 atque
1690 5569 1761 5623 ibi
1790 5568 2053 5638 praedica-

549 5691 595 5725 "
622 5689 779 5747 Rom.
813 5705 892 5755 xl,
921 5691 942 5746 l
981 5704 1103 5759 sqq.

2147 4379 2207 4445 ἐξ
2232 4380 2483 4434 ἁπάντων
2519 4380 2625 4431 τῶν
2664 4378 2793 4449 περὶ
2833 4376 2925 4430 τὸν
2975 4376 3243 4447 μακάριον
3291 4373 3473 4427 Ἰωνᾶν
3501 4362 3693 4436 γεγονό-

2144 4486 2253 4522 των
2303 4486 2362 4522 τε
2414 4468 2676 4539 πρότερον
2721 4466 2813 4519 καὶ
2853 4464 3179 4537 εἰρημένων,
3211 4463 3438 4533 ὕστερον
3471 4457 3559 4509 ἐπὶ
3608 4449 3694 4517 τῆς

2145 4561 2354 4632 Καινῆς
2387 4559 2681 4630 Διαθήκης,
2700 4556 2841 4611 καθὰ
2873 4555 3105 4627 πρόσθεν
3130 4554 3465 4623 ἐδείκνυμεν,
3496 4544 3694 4599 εἰκότως

2146 4652 2299 4723 γνοίη
2329 4669 2412 4715 τις
2443 4651 2508 4706 ἄν
2528 4667 2541 4681 ο
2569 4650 2639 4704 τὰ
2670 4650 2737 4702 δέ
2755 4666 2817 4719 γε
2841 4650 2960 4702 τότε
2983 4648 3244 4717 γεγονότα
3278 4663 3337 4698 τε
3371 4642 3465 4695 καὶ
3496 4634 3578 4691 διά
3610 4633 3694 4723 τῆ

2124 4742 2240 4819 ’τοῦ
2288 4721 2492 4813 βιϐλίου
2532 4740 2834 4812 δηλούμενα
2889 4737 3235 4809 συγγραφῆς.
3274 4736 3311 4789 ἃ
3350 4735 3413 4803 δὴ
3451 4729 3542 4783 καὶ
3575 4721 3697 4819 κατὰ

2148 4834 2240 4888 τὸν
2268 4809 2458 4904 καιρὸν
2506 4809 2712 4886 ἐκεῖνον
2743 4829 3004 4901 μεγίστην
3052 4831 3163 4889 τοῖς
3200 4825 3321 4878 τότε
3346 4824 3445 4893 τήν
3478 4834 3533 4871 τε
3569 4809 3695 4904 ὠφὲ

2148 4925 2299 4979 λειαν
2330 4902 2632 4997 παρέσχετο
2663 4923 2756 4977 καὶ
2789 4922 2999 4994 χρείαν,
3030 4919 3088 4985 ἐξ
3119 4918 3297 4973 αὐτῶν
3323 4902 3696 4999 εἰσόμεθαμτὼῗ

2150 5018 2293 5073 κατά
2322 5019 2506 5089 μέρος,
2526 5011 2709 5087 ὧνπερ
2728 5010 2820 5069 οὖν
2846 5013 2937 5067 καὶ
2973 5010 3261 5082 ἑρμηνείας
3304 5002 3549 5077 ἁψόμεθα
3578 4996 3695 5049 Θεοῦ

2153 5111 2405 5173 διδόντος.

2803 5282 2962 5335 ΚΕΦ.
2995 5282 3072 5335 A'.

2225 5377 2371 5448 Στίχ-
2397 5383 2463 5442 σι’,
2492 5376 2631 5446 βὐα-
2660 5375 2734 5446 (p.
2765 5374 2893 5445 240)
2922 5393 2940 5424 ι
2964 5371 3074 5426 Καὶ
3095 5370 3307 5439 ἐγένετο
3338 5365 3493 5433 λόγος
3514 5354 3696 5448 Κυρίον

2155 5470 2291 5541 πρὸς
2322 5444 2514 5522 Vw.
2548 5467 2637 5520 τὸν
2671 5444 2768 5520 τοῦ
2814 5444 3008 5535 Ἀμαθὶ
3041 5461 3246 5530 λέγων·
3294 5451 3578 5521 Ἀνάστηθι
3620 5444 3701 5541 και

2157 5533 2450 5636 πορεύθητι
2497 5560 2575 5623 εἰς
2627 5556 2827 5625 Νινευὴ
2881 5533 2979 5625 τὴν
3012 5554 3166 5607 πόλιν
3194 5551 3293 5621 τὴν
3340 5544 3592 5621 μεγάλην,
3620 5533 3701 5590 καὶ
