1914 3108
78 94 129 122 329

603 95 881 123 COMMENTARIUS
898 96 933 123 ΙΝ
952 96 1049 124 IGNE
1068 97 1145 125 CAP.
1160 97 1178 125 l.

1658 99 1710 127 330

81 153 199 188 κήρυξον
213 153 243 179 ‘sv
259 153 385 188 αὖτῇ,ὃτι
397 153 479 189 ἀνέὃη
495 153 605 188 κραυγὴ
617 154 666 189 τῆς
679 154 778 185 κακίας
786 155 872 181 αὐτῶν

928 163 971 187 ca,
987 155 1058 190 quod
1074 156 1134 189 ejus
1149 156 1283 183 scelerum
1302 155 1405 182 clamor
1422 156 1456 183 ad
1474 164 1516 184 me
1539 164 1624 191 usque
1643 165 1710 185 cono

79 199 147 233 πρός
166 207 211 233 με.
239 209 248 223 ι
269 199 452 234 ’Ᾱποκάλυψιν
471 199 546 225 θείαν
565 199 685 232 ἐδέξατο,
706 200 798 235 φησὶν,
817 200 874 226 Ὶω-

80 245 128 275 vi;
143 245 159 271 ὁ
179 245 323 279 προφήτης
347 245 387 276 εἰς
402 244 505 280 Νινευὴ
528 245 578 279 τὴν
597 245 674 272 πόλιν
696 245 824 272 ἀπελθεῖν
843 254 873 272 τε

80 290 126 316 καὶ
143 289 264 325 κηρύξαι
281 291 308 316 ὲν
322 289 408 325 αὐτῇ,
421 290 459 321 ὡς
482 290 588 325 μεγάλα
611 298 643 324 γε
665 290 755 316 αὐτῶν
783 299 873 326 παρα-

79 336 248 370 νομούντων,
262 335 308 362 καὶ
327 335 439 362 τοιαῦτα
454 333 498 363 οἶα
523 336 603 362 ἱκανὰ.
626 335 665 371 τῷ
682 335 792 371 μεγέθει
806 345 873 370 συγ-

79 381 192 415 κινῆσαι
206 381 252 406 τὸν
269 380 350 406 Θεόν·
371 380 502 415 μεγίστην
518 380 546 406 δὲ
568 380 637 414 ἄγαν
656 378 738 406 οὖσαν
759 380 809 416 τὴν
823 381 873 407 πό-

80 425 121 451 λιν
136 426 186 451 καὶ
199 424 252 451 ὑπὸ
275 424 393 459 πλήθους
418 424 686 460 στενοχωρουμένην.
704 425 751 452 καὶ
773 425 828 451 τῶν
844 427 874 452 ὲν

87 471 242 506 Ἀσσυρίοις
251 470 364 497 ἁπασῶν
376 471 435 496 τὸτε
446 479 478 496 πε
484 472 625 506 ριφανεστέ
629 480 678 507 ραν
687 469 779 502 οὖσαν,
792 473 874 506 ἀναγ-

80 519 158 543 καῖον
173 515 208 552 ἦν
222 517 250 549 ἐξ
265 517 348 551 ἀκοῆς
366 518 422 548 τοῖς
439 518 510 543 κατὰ
525 517 574 552 τὴν
590 517 717 543 Ἰουδαίαν
727 518 871 551 ἐγνῶσθαι·

81 563 142 587 ἕθεν
155 562 188 596 δὴ
199 562 246 587 καὶ
258 561 296 593 ὡς
311 562 357 587 ἐπὶ
371 562 512 596 γνωρίμην
522 562 603 588 αὑτὸν
613 562 771 588 ἀποστέλλει
784 563 872 593 πόλιν,

78 608 118 638 ὡς
140 608 192 634 οὐκ
206 607 266 641 Mat
285 616 317 641 γε
338 607 394 633 ἀλλ’
413 608 481 642 ἀκοῇ
503 607 583 642 μόνον
610 608 694 644 αὐτὴν
712 609 813 635 εὶδότα’
831 610 873 635 ὲν-

80 655 169 680 ταῦθα
185 656 234 689 μὲν
247 652 294 681 οὖν
316 654 395 680 τοῦτο
410 654 489 689 μόνον
507 654 599 689 φησὶν,
618 656 658 682 δτι
676 665 685 680 ι
703 655 825 691 Κήρυξον
845 656 873 681 ἐν

80 701 151 736 αὑτῇ
161 710 168 716 -
189 710 198 725 ι
211 700 291 735 δῆλον
303 700 331 726 δὲ
345 700 383 732 ὡς
397 700 442 726 ἐπὶ
465 701 552 736 τούτῳ
567 709 598 735 γε
616 701 766 736 ἐπέμπετο,
775 702 820 727 ἐπὶ
834 701 873 736 τῷ

81 749 128 772 7.2':
143 746 192 782 τὴν
206 747 397 782 καταστροφὴν
417 747 563 782 ἀπειλῆσαι
588 748 620 782 τῇ
640 747 732 779 πόλει,
754 749 799 773 καὶ
814 756 873 774 νου-

81 792 195 826 θετῆσαι
222 793 286 823 τοὺς
310 793 451 824 οἰκοῦντας
475 794 597 825 ἅπαντας
632 794 699 829 πρὸς
728 794 873 829 μετάνοιαν

924 200 1073 227 scenderit.
1091 209 1100 226 ι
1118 199 1277 231 OraCulum,
1293 200 1394 235 inquit,
1411 201 1533 228 divinum
1547 200 1632 229 Jonas
1647 210 1712 238 pro-

923 245 1002 280 pheta
1022 246 1138 280 accepit,
1156 250 1186 273 ut
1203 239 1291 274 abiret
1313 246 1342 273 in
1361 247 1455 274 urbem
1476 247 1604 279 Niniven.
1620 249 1713 283 ibique

922 290 1104 325 praedicaret;
1123 291 1203 325 cujus
1218 291 1295 318 cives
1312 295 1455 327 tantopere
1471 297 1582 328 tamque
1592 293 1713 328 graviter

923 335 1084 369 peccabaut,
1104 340 1133 362 ut
1155 335 1204 363 Dei
1222 336 1394 364 iracundiam
1416 338 1626 365 commoverim.
1651 337 1712 366 Jam

923 389 986 407 cum
1004 381 1050 408 illa
1067 381 1133 408 urbs
1155 381 1273 408 maxima
1288 386 1361 409 esset
1377 385 1405 409 et
1425 383 1526 417 populo
1540 382 1712 411 confertissi-

924 435 978 459 ma,
993 432 1074 462 atque
1088 428 1299 463 Assyriacarum
1315 429 1437 455 omnium
1453 429 1651 462 illustrissima,
1665 437 1713 457 ne-

923 482 1000 501 cesse
1015 479 1074 501 erat
1090 482 1150 501 eam
1166 474 1238 501 fama
1255 474 1357 503 ludatis
1375 475 1529 503 innotuisse
1551 485 1558 502 :
1583 483 1668 510 quare
1685 479 1712 503 et

924 518 996 546 Deus
1015 519 1175 554 prophetam
1191 520 1276 547 veluti
1293 520 1326 547 ad
1345 521 1483 555 cognitam
1503 521 1597 548 urbem
1617 521 1711 555 mittit,

923 565 995 592 haud
1017 565 1076 592 visu
1097 569 1188 592 tamen
1206 566 1254 593 sed
1277 566 1371 593 auditu
1394 567 1584 594 tantummodo
1607 572 1711 595 notam.

924 609 973 636 llic
987 613 1076 635 autem
1090 618 1174 636 unum
1194 610 1244 637 hoc
1261 610 1339 642 dicit,
1360 618 1458 645 nempe
1476 615 1504 638 ut
1521 612 1546 639 in
1564 620 1594 639 ea
1611 612 1712 647 praedi-

923 656 977 679 cet.
996 653 1078 687 Atqui
1099 653 1212 688 insuper
1228 659 1336 682 eonstat
1353 656 1467 682 missum
1486 663 1549 683 eum
1574 656 1659 684 fuisse
1678 656 1712 683 ad

924 698 1106 725 minitandum
1133 707 1243 734 quoque
1266 700 1326 728 urbi
1341 700 1490 733 excidium,
1508 701 1711 729 admonendos-

923 752 977 777 que
1005 743 1110 772 incolas
1129 752 1236 777 omnes,
1264 749 1294 773 ut
1317 745 1351 773 de
1366 747 1527 781 paenitentia
1548 747 1710 782 cogitarent.

925 798 974 816 "eu
993 789 1016 816 si
1037 790 1088 817 hoc
1103 795 1183 825 pacto
1199 791 1277 818 urbis
1291 793 1461 819 eversionem
1483 793 1591 819 vitaturi
1610 798 1712 820 essent.

82 838 159 864 ἰδεῖν.
173 838 210 869 ὡς
225 837 296 864 οὕτω
308 846 339 871 γε
359 838 555 873 κερδανοῦντας
572 839 621 873 τῆς
643 839 748 870 πόλεως
761 839 809 872 τὴν
825 847 872 865 κα-

927 836 1022 863 Solent
1037 837 1110 863 enim
1128 836 1228 864 divina!
1243 836 1392 872 Scriptum
1406 838 1491 864 multa
1507 839 1656 874 congestim
1671 838 1713 865 di-

80 885 240 919 ταςτροςήν
252 892 258 899 ·
270 884 319 919 τῆς
336 883 409 915 θείας
432 885 543 919 Γρεῳῆς
559 885 594 911 τὰ
610 885 695 911 πολλὰ
717 886 874 921 συντέμνειν

79 929 222 960 εἰωθυίας,
231 930 269 955 ὅτ’
281 929 313 956 ἂν
325 931 381 960 τοῖς
391 929 607 964 ἀναγινώσκουσι
618 930 651 956 τὰ
666 931 799 958 ἀκόλουθα
813 931 874 957 συλ-

80 974 239 1007 λογίζεσθαι
253 975 365 1001 δυνατὸν
376 976 484 1012 ὑπάρχῃ
495 985 501 991 ·
511 976 571 1002 οὗτε
583 976 637 1011 γὰρ
650 976 741 1012 ἐπειδὴ
759 976 874 1003 ἐνταῦθα

80 1018 154 1051 εἷπε,
173 1029 182 1044 ι
200 1019 326 1055 Κήρυξον
345 1020 374 1045 ἐν
392 1019 472 1054 αὐτῇ.
488 1029 498 1045 ο
517 1020 659 1046 ἀπέστειλε
674 1021 718 1046 τὺν
733 1022 875 1057 προφήτην

80 1066 163 1091 τοῦτο
182 1066 261 1099 μόνον
291 1063 377 1091 εἰπὼν
390 1064 405 1089 ὁ
422 1064 497 1095 Θεὸς,
520 1065 556 1099 (p.
574 1064 636 1098 241)
651 1065 698 1091 καὶ
721 1066 751 1091 οὺ
767 1065 874 1098 διδάξας

80 1112 95 1136 Ξ
110 1119 137 1136 τι
159 1110 225 1135 ποτέε
249 1108 366 1145 κηρύξαι
388 1109 525 1143 προσῆκον
547 1106 580 1143 ἦν
605 1109 700 1136 αὐτόν·
719 1109 775 1136 οὔθ’
787 1110 826 1136 ὅτ’
841 1110 874 1137 ἂν

79 1156 162 1191 λέγῃ,
181 1164 190 1180 ι
210 1155 270 1181 Ἔτι
286 1155 361 1189 τρεῖς
380 1154 492 1188 ἡμέραι,
514 1154 560 1180 καὶ
578 1154 679 1188 Νινευὴ
694 1155 874 1189 κατασκαφὴ-

81 1210 178 1230 astat.
195 1211 204 1226 ι
223 1201 310 1227 ἐκεῖνο
327 1200 406 1235 μόνον
421 1201 508 1226 εἰπεῖν
520 1200 534 1226 ὁ
555 1201 698 1235 προφήτης
717 1200 873 1235 ἐκελεύσθη,

77 1248 139 1274 ἀλλ’
151 1247 224 1273 ὥστε
234 1248 268 1281 τῇ
282 1246 396 1281 μηνύσει
409 1246 459 1280 τῆς
471 1247 662 1281 καταστροφῆς
675 1246 811 1281 βελτίονας
827 1247 875 1273 αὑ-

77 1295 144 1324 τοῂς
173 1291 384 1327 ἀπεργάσασθαι
401 1300 408 1307 ·
429 1292 524 1318 ἐλπίδα
539 1291 671 1323 λαϐόντας
682 1291 740 1323 τοῦ,
756 1293 780 1318 εἰ
792 1301 875 1327 μετα-

77 1339 239 1374 με).ηθείεν,
258 1338 385 1373 κερδᾶναι
398 1338 446 1372 τὴν
467 1337 582 1372 ἀπειλήν
593 1345 600 1352 ·
615 1338 676 1363 ἐπεὶ
690 1337 737 1364 καὶ
747 1338 875 1373 περιττὸν

76 1386 111 1421 ἦν
127 1386 256 1413 ἀπειλεῖν
277 1385 326 1421 τὴν
349 1384 551 1420 καταστροφὴν,
568 1386 592 1411 εί
614 1385 741 1419 γενέσθαι
765 1386 875 1418 πάντως

76 1432 169 1467 αὐτὴν
181 1431 276 1466 ὲχρῆνί
288 1430 366 1457 οὐθὲν
375 1431 424 1465 τῆς
441 1430 557 1465 ἀπειλῆς
581 1430 686 1466 κέρδοςο
706 1430 777 1458 ὥστε
792 1431 809 1467 ἢ
827 1440 874 1466 με-

75 1478 284 1511 ταϐαλομένους
307 1477 374 1511 γοῦν
403 1476 530 1513 κερδᾶναι
552 1477 601 1513 τὴν
624 1477 775 1513 τιμωρίαν,
795 1478 812 1514 ἢ
838 1477 874 1513 μὴ

79 1523 315 1558 μεταϐαλομένοις
329 1523 440 1554 δικαίως
450 1523 533 1558 αὐτὴν
545 1523 709 1559 ἐπαχθεῖσαν
722 1524 796 1560 παρᾶ
807 1524 874 1550 Θεοῦ

76 1574 111 1597 ὲκ
123 1571 176 1605 τῆς
192 1569 281 1596 αὐτῶν
295 1569 450 1596 δείκνυσθαι
467 1569 576 1599 κακίας.

115 1615 194 1650 Στίχ.
220 1618 255 1649 γ’.
280 1629 315 1634 --
338 1614 431 1640 Ταῦτα
454 1614 481 1640 δὲ.
510 1613 556 1640 καὶ
577 1614 592 1639 ὁ
617 1614 760 1649 προφήτης
787 1613 874 1644 εἰδὼς,

77 1661 223 1696 Θαρσεῖς.
248 1661 346 1695 ῳησὶν,
367 1660 479 1694 ἔφυγεν
500 1659 534 1685 ἐκ
559 1659 721 1692 προσώπου
744 1659 855 1692 Κυρίου
868 1667 874 1673 ·

75 1709 131 1733 ob:
147 1707 183 1733 ἄν
197 1715 229 1740 γε
244 1706 323 1733 τοῦτο
338 1704 494 1740 πεποιηκὼς
511 1706 535 1730 εἰ
547 1704 596 1739 τὴν
611 1704 800 1740 καταστροφὴν
815 1705 876 1730 ἐσο-

79 1752 172 1787 μένην
189 1752 298 1782 πάντως
309 1750 453 1786 ἠπίστατο,
470 1750 517 1776 καὶ
530 1750 575 1776 ἐπὶ
590 1749 676 1785 τούτῳ
690 1758 721 1783 γε
741 1749 877 1776 ἀπεστάλ-

76 1798 138 1829 θαι,
153 1797 193 1828 ὡς
206 1797 238 1823 ἂν
254 1796 396 1831 μηνύσειεν
415 1796 493 1831 μόνον
508 1796 635 1829 ἐσόμενον
656 1794 687 1820 τὸ
700 1794 811 1821 τοσοῦτο
827 1802 877 1820 κα-

77 1845 141 1876 κὸν,
160 1843 270 1874 οὐθενὸς
294 1843 422 1878 ἐσομένου
443 1841 570 1874 καθάπαξ
594 1841 727 1876 βελτίονος
742 1840 876 1867 ἐντεῦθεν.

79 1890 204 1926 Θαρσεῖς
218 1889 247 1915 δὲ
261 1889 286 1915 οἱ
302 1889 350 1923 μὲν
365 1888 469 1922 ἔφασαν
482 1887 610 1921 λέγεσθαι
625 1887 675 1922 τὴν
689 1886 805 1921 Ταρσὸν,
822 1885 878 1912 ἀπὺ

80 1935 134 1968 τῆς
147 1933 220 1959 κατὰ
233 1932 282 1967 τὴν
294 1932 447 1967 ὲκφωνησιν
456 1933 615 1966 ὲγγυτητος,
625 1931 663 1963 ὡς
676 1931 759 1963 ἔοικε,
771 1932 872 1965 πλανη-

81 1980 190 2011 θέντες,
213 1977 318 2011 Ταρσὸς
341 1977 390 2012 μὲν
411 1976 466 2011 γὰρ
490 1976 698 2012 παραθαλασσία
723 1977 799 2008 πόλις
823 1978 872 2003 οὐκ

82 2026 161 2051 ἐστιν
172 2033 179 2039 ·
194 2024 243 2058 τὴν
256 2024 284 2050 δὲ
295 2022 481 2058 προσηγορίαν
495 2022 596 2054 ταύτην
605 2024 644 2055 εἰς
657 2023 772 2058 δήλωσιν
788 2032 872 2059 παρα-

89 2070 249 2097 θαλασσίων
268 2070 371 2096 πόλεων
388 2069 482 2096 εἴωθεν
496 2070 513 2103 ἡ
529 2068 588 2095 θεία
601 2069 688 2102 λέγειν
703 2069 798 2105 Γραφή
810 2078 817 2085 ·
836 2070 873 2101 ὡς

82 2116 164 2151 παρὰ
181 2115 221 2150 τῷ
244 2115 370 2150 μακαρίῳ
392 2114 473 2141 Δαυῗδ
488 2115 527 2146 τὸ,
550 2115 601 2141 Ἑν
621 2116 766 2149 πνεύματι
783 2116 873 2148 ,βιαίῳ

81 2161 267 2194 συν-τρίψεις
284 2160 378 2187 ,πλοῖα
396 2159 538 2193 Θαρσεῖς·
557 2160 625 2194 ὅπερ
638 2158 684 2186 οὖν
699 2161 745 2186 ἐπὶ
760 2161 810 2195 μὲν
823 2162 873 2196 τῆς
892 2178 912 2205 D

83 2206 308 2242 παραθαλασσίου
329 2207 384 2241 (54)
404 2206 507 2237 πόλεως
519 2206 565 2232 καὶ
581 2207 646 2242 παρ’
660 2206 744 2241 αὐτὴν
759 2206 872 2242 ἐχούσης

84 2254 196 2279 ἑστῶτα
209 2254 243 2278 τὰ
257 2253 336 2279 πλοῖα
352 2254 388 2287 (p.
409 2253 473 2285 252)
494 2252 619 2286 λέγεσθαι
636 2253 755 2283 δυνατὸν,
777 2253 823 2279 ἐπὶ
844 2253 872 2279 δὲ

83 2299 134 2332 τῆς
151 2298 348 2332 ἀπῳκισμένης
361 2298 422 2324 ὅσον
436 2306 488 2332 περ
504 2298 521 2332 ἡ
533 2297 638 2331 Ταρσὸς
650 2298 793 2331 ἀφεστῶσα
808 2298 870 2333 φαί-

84 2352 165 2371 νεται
186 2344 236 2377 τῆς
257 2344 404 2378 θαλάσσης.
429 2343 554 2377 οὐδαμῶς
575 2343 723 2378 ἁρμόττον·
744 2344 831 2379 ἕτεροι
844 2344 872 2370 δὲ

83 2393 135 2424 τίν
160 2390 249 2415 Ῥόδον
261 2390 365 2423 ἔφασαν
376 2398 383 2404 ·
398 2390 454 2416 ἀλλ’
467 2389 553 2424 ἔγωγε
566 2390 654 2416 πᾶσαν
666 2389 714 2424 τὴν
733 2389 874 2426 ἁκριξολο-

83 2436 150 2468 γίαν
169 2436 272 2470 ταύτην
288 2435 417 2470 περιττὴν
436 2432 506 2460 εἶναι
521 2434 588 2469 πρὸς
601 2434 632 2460 τὸ
643 2434 821 2469 προκείμενον
834 2443 873 2461 νο-

86 2481 174 2515 μίζω,
190 2481 237 2507 ᾶτε
250 2480 297 2506 τοῦ
314 2480 384 2507 κατὰ
397 2480 441 2506 τὸν
456 2481 597 2515 προφήτην
614 2479 778 2514 διηγήματος
793 2479 874 2515 ἐρῤωι

86 2528 175 2562 μένου
192 2527 224 2561 δὴ
248 2527 356 2557 πάντως
371 2526 484 2560 ὁμοίως,
498 2526 594 2560 ἦντινα
603 2525 701 2559 δήποτε
713 2525 740 2551 εἴ
750 2533 791 2556 τις
804 2524 873 2552 εἶναι

85 2573 196 2608 νομίζοι
209 2573 257 2607 τὴν
274 2572 351 2599 πόλιν
363 2580 370 2586 ·
392 2571 591 2606 ἐπισημαντέον
612 2571 642 2598 δὲ
659 2573 747 2598 ὲκεῖνο
765 2571 872 2606 μᾶλλον,

84 2621 129 2645 ἐτι
141 2619 193 2645 οὐκ
205 2616 292 2649 εἶπεν,
312 2618 432 2652 Ἐφυγεν
454 2617 487 2643 ἐκ
500 2616 544 2643 τοῦ
561 2617 640 2649 Θεοῦ,
651 2617 708 2644 ἀλλ’
727 2618 774 2644 Ἐκ
782 2625 874 2651 προσ-

81 2665 173 2692 ώπου
196 2664 322 2697 Kvplcv'
338 2663 368 2689 οὺ
390 2662 444 2698 γὰρ
469 2662 536 2689 Θεὸν
564 2662 672 2697 φεύγειν
693 2664 707 2690 ὁ
732 2664 874 2699 προφήτης

138 2742 163 2757 ’⁷
176 2741 249 2769 Psal.
270 2749 351 2771 χιι-ιι,
368 2741 394 2766 8.

120 2810 181 2844 (<54)
198 2810 235 2837 ita
253 2809 297 2836 hic
313 2808 373 2835 cod.
392 2817 440 2834 ιου.
458 2809 491 2834 AI.
507 2815 588 2842 supra
610 2815 642 2833 ιιι.

255 2855 390 2883 ΡΑι-ιιοι..
409 2852 468 2882 Gn.
486 2852 593 2882 LXVl.

925 889 1001 913 cere,
1019 883 1238 917 quotiescunque
1256 883 1410 917 legentibus
1424 883 1570 910 ratiocinio
1585 883 1714 918 colligere

924 929 1119 963 consequentia
1144 929 1217 957 licet.
1245 929 1338 964 Neque
1362 937 1429 957 sane
1452 937 1515 957 cum
1534 930 1560 957 in
1584 930 1712 965 νυκτερικὶ

925 973 1006 1004 dixit,
1021 982 1031 999 ι
1044 972 1169 1007 Przedica,
1181 983 1191 1000 ι
1205 974 1256 1002 hoc
1271 983 1324 1003 uno
1336 975 1419 1003 verba
1433 977 1590 1011 prophetam
1609 977 1713 1004 instru-

925 1024 998 1045 ctum
1014 1019 1089 1046 misit
1104 1018 1188 1049 Deus.
1204 1018 1270 1053 quin
1287 1018 1369 1046 simul
1392 1020 1513 1051 doceret.
1536 1029 1660 1056 quaenam
1676 1023 1713 1050 ab

926 1072 959 1091 eo
974 1065 1102 1099 posthinc
1127 1064 1300 1098 praedicanda
1321 1069 1425 1092 essent.
1444 1065 1535 1100 Neque
1551 1075 1614 1094 cum
1631 1067 1712 1100 dixit,

924 1122 932 1137 ι
945 1112 1012 1138 Tres
1021 1112 1108 1139 adhuc
1119 1112 1184 1143 dies,
1199 1114 1226 1137 et
1237 1108 1331 1137 Ninive
1340 1110 1518 1142 subvertetur,
1531 1121 1540 1136 ι
1551 1112 1575 1139 id
1593 1118 1714 1140 tantum-

925 1156 1005 1183 modo
1020 1157 1153 1191 propheta
1168 1156 1261 1184 dicere
1272 1157 1368 1191 jussus
1385 1157 1446 1190 fuit,
1458 1158 1505 1185 sed
1519 1157 1586 1185 dare
1600 1166 1712 1193 operam

926 1206 955 1227 nt
978 1201 1154 1236 praedictione
1181 1202 1280 1229 excidii
1297 1202 1331 1229 ad
1360 1203 1496 1231 saniorem
1523 1211 1571 1231 eos
1596 1210 1713 1231 mentem

926 1251 1083 1280 revocaret;
1106 1255 1154 1282 spe
1169 1248 1272 1280 oblata.
1296 1249 1319 1276 si
1335 1250 1410 1284 ipsos
1433 1250 1586 1285 poaniteret,
1602 1249 1662 1277 {ore
1685 1254 1715 1276 ut

925 1293 1014 1320 minas
1031 1293 1124 1320 irritas
1141 1294 1300 1321 redderent.
1316 1295 1425 1330 Alioqui
1440 1296 1536 1323 inutile
1553 1295 1650 1323 fuisset
1666 1295 1716 1322 tui-

925 1340 1007 1367 nitari
1034 1341 1159 1372 exitium,
1183 1340 1205 1368 si
1231 1340 1257 1367 id
1280 1341 1437 1368 necessario
1458 1346 1618 1369 eventurum
1643 1346 1713 1369 erat.

925 1385 974 1412 llic
989 1390 1049 1412 erat
1061 1394 1125 1420 ergo
1141 1386 1277 1412 minarum
1302 1385 1419 1417 fructus,
1441 1394 1538 1421 nempe
1552 1381 1586 1414 ut
1597 1386 1639 1414 vel
1657 1394 1715 1422 pte-

925 1432 1044 1459 r.itentes
1058 1432 1189 1459 ultionem
1205 1432 1365 1467 eﬂ‘ugerent,
1384 1432 1425 1459 vel
1441 1433 1597 1467 pertinaces
1610 1440 1714 1467 cogno-

926 1483 1035 1505 scerent
1053 1478 1129 1512 juste
1145 1477 1264 1505 inﬂictas
1278 1485 1293 1504 a
1308 1477 1364 1505 Deo
1380 1485 1476 1513 poenas
1490 1479 1526 1506 ob
1540 1478 1611 1506 hanc
1627 1479 1713 1514 ipsam

927 1525 1034 1551 illorum
1050 1524 1265 1559 improbitatem.

964 1612 1044 1647 159
1061 1612 1144 1639 Vens.
1167 1612 1193 1638 3.
1212 1627 1244 1633 --
1267 1611 1381 1644 Harum,
1410 1612 1510 1647 inquit,
1534 1620 1626 1639 rerum
1650 1619 1714 1647 pro—

927 1657 1007 1691 pheta
1024 1664 1137 1689 gnarus.
1160 1668 1169 1683 ι
1182 1657 1300 1694 fugiebat
1313 1666 1326 1685 a
1343 1658 1408 1685 facie
1420 1657 1523 1684 Domini
1538 1657 1565 1683 in
1580 1656 1690 1685 Tharsis
1702 1668 1711 1683 l

928 1702 1013 1730 Porro
1034 1703 1060 1729 id
1077 1703 1189 1729 onmino
1205 1711 1260 1729 non
1277 1703 1467 1734 factitavisset,
1488 1703 1510 1730 si
1526 1703 1639 1730 exitium
1656 1703 1716 1730 sine

926 1748 1011 1775 dubio
1026 1748 1148 1775 futurum
1165 1753 1268 1779 nosset,
1291 1753 1317 1774 et
1342 1750 1364 1775 si
1389 1749 1468 1776 unice
1487 1749 1520 1775 ad
1533 1748 1715 1785 calamitatem

928 1795 1105 1822 nuntiandam
1120 1796 1221 1822 missus
1235 1795 1342 1825 fuisset.
1361 1795 1396 1821 ita
1410 1799 1439 1821 ut
1454 1795 1523 1821 nihil
1540 1794 1604 1821 boni
1616 1801 1716 1821 conse-

927 1845 1069 1874 queretur.
1091 1839 1149 1866 Jatn
1175 1840 1290 1867 Tharsis
1314 1840 1438 1866 nonnulli
1463 1840 1539 1866 aiunt
1561 1839 1717 1875 signiﬁcare

927 1884 1056 1914 Tarsum.
1078 1884 1197 1912 nominis
1210 1885 1414 1919 propinquitate
1437 1888 1466 1911 ut
1479 1884 1589 1912 videtur
1599 1883 1714 1919 decepti.

928 1930 1033 1958 Tarsus
1046 1930 1118 1957 enim
1138 1930 1211 1957 haud
1235 1935 1277 1957 est
1295 1931 1431 1957 maritima
1453 1931 1517 1958 urbs
1535 1940 1542 1958 :
1562 1930 1609 1957 illo
1624 1935 1716 1957 autem

927 1976 1038 2003 nomine
1051 1976 1203 2004 marititnas
1220 1976 1302 2003 urbes
1316 1976 1461 2011 designare
1479 1977 1620 2011 Scriptura
1636 1977 1715 2006 solet.

928 2021 1014 2049 veluti
1031 2021 1102 2056 apud
1120 2021 1231 2048 beatum
1247 2021 1374 2048 Davitlem
1391 2030 1399 2050 :
1420 2031 1428 2046 ι
1446 2021 1532 2049 Vento
1551 2022 1640 2048 valido
1654 2030 1717 2048 con-

929 2073 1002 2095 teres
1018 2075 1103 2094 naves
1115 2066 1229 2094 That-sis
1243 2067 1263 2082 ⁷⁷
1277 2077 1284 2094 ι
1303 2076 1313 2092 ι
1332 2067 1357 2093 id
1372 2067 1444 2102 quod
1455 2067 1488 2094 de
1497 2068 1636 2094 maritima
1649 2068 1716 2095 urbe

928 2121 1012 2141 naves
1033 2113 1106 2147 apud
1122 2120 1152 2140 se
1166 2112 1285 2140 habente
1302 2112 1356 2139 dici
1368 2117 1476 2147 potest;
1493 2118 1603 2140 remota:
1614 2117 1716 2144 autent.

927 2168 977 2187 ceu
992 2159 1096 2186 Tarsus
1112 2163 1164 2190 est,
1183 2165 1197 2184 a
1209 2159 1349 2191 mari,non
1371 2159 1508 2193 congruit.
1524 2159 1576 2185 Alii
1589 2157 1716 2185 Rhodum

928 2205 1099 2239 intelligunt.
1129 2204 1184 2238 Ego
1207 2211 1272 2230 vero
1297 2211 1405 2231 omnem
1433 2203 1503 2230 hanc
1530 2204 1716 2231 curiositatem

931 2252 1062 2278 existimo
1090 2256 1332 2284 supervacaneam,
1355 2257 1388 2276 ac
1409 2249 1548 2283 propheta:
1577 2249 1716 2276 historiam

929 2303 1006 2330 atque
1022 2295 1139 2325 lirmatn,
1160 2294 1312 2329 quamlibet
1324 2293 1441 2328 quisque
1454 2294 1591 2321 civitatem
1603 2294 1716 2328 cogitet.

930 2341 996 2368 illud
1016 2340 1106 2375 potius
1123 2339 1359 2367 animadversione
1373 2339 1485 2373 ilignum
1502 2343 1556 2370 est,
1571 2338 1643 2374 quod
1663 2345 1716 2365 non

930 2387 1040 2418 dixerit,
1065 2385 1146 2421 Fugit
1168 2394 1183 2412 a
1209 2385 1274 2416 Deo.
1293 2385 1352 2417 sed,
1369 2394 1385 2411 ιι
1400 2385 1469 2417 facie
1491 2385 1606 2412 Domini.
1625 2384 1718 2418 Neque

928 2433 1000 2460 enim
1016 2433 1147 2467 propheta
1170 2439 1200 2459 se
1220 2439 1235 2458 a
1257 2431 1312 2459 Deo
1335 2431 1428 2466 fugere
1447 2432 1621 2467 opinabatur.
1634 2442 1716 2468 quem

928 2480 1049 2507 omnium
1080 2479 1224 2505 Dominum
1254 2483 1460 2514 creatorentque
1493 2480 1607 2511 sciebat.
1635 2485 1718 2516 atque

928 2526 1030 2560 ubique
1043 2528 1207 2559 praesentem
1231 2525 1368 2552 credebat.
1387 2524 1439 2552 Sed
1454 2526 1581 2559 quoniatn
1605 2526 1631 2553 in
1650 2526 1717 2554 Sion

928 2575 1020 2598 tnonte
1036 2571 1194 2598 universum
1218 2570 1270 2597 sibi
1292 2571 1396 2597 cnllnm
1419 2571 1540 2599 adhiberi
1566 2571 1637 2599 Deus
1654 2572 1717 2607 jus-

928 2621 1011 2648 serat.
1024 2617 1152 2651 opinione
1167 2616 1286 2650 quadam
1306 2615 1408 2644 Iudaeis
1431 2617 1566 2650 immissa,
1584 2618 1663 2653 quasi
1679 2618 1716 2645 ibi

928 2662 1069 2694 incoleret,
1101 2670 1234 2698 suumque
1266 2662 1366 2690 ibidem
1405 2668 1547 2691 asoectum
1584 2665 1718 2691 ι-ενυιει-ςι

1520 2854 1554 2884 ll
