3828 6216
443 166 539 228 53f

1595 174 1945 232 TllEODORI
1976 176 2459 234 MOPSUES’I'ENI

3566 187 3663 246 3'52

441 292 633 362 (quare
677 297 731 346 et
774 289 1148 361 Hierosolyma
1201 299 1254 343 et
1303 289 1450 359 regio
1509 289 1689 344 omnis
1737 292 2008 359 promissa

2127 290 2268 363 ’ῖ›ετο,
2299 296 2515 347 πάντων
2554 293 2716 346 αὐτὸν
2743 294 3019 365 Δεσπότην
3049 295 3141 349 καὶ
3175 296 3396 370 ποιητὴν
3432 296 3560 355 εἶναι
3582 323 3661 352 νο.

440 383 729 440 dicebatur
775 383 848 437 ob
887 398 1004 437 eam
1061 397 1285 435 causam
1340 381 1633 435 tentorium
1673 379 1788 443 Dei,
1837 397 1935 436 ceu
1968 382 2012 435 si

441 477 586 530 hanc
619 477 928 530 universam
958 485 1250 544 occuparet
1273 474 1511 528 incolatu
1539 489 1640 527 suo
1677 473 1839 537 Deus,
1867 489 2018 528 eam—

441 569 675 637 demque
704 569 882 622 oeulis
954 568 1369 638 perlustraret);
1413 566 1620 621 idcirco
1663 581 1691 620 a
1728 566 1868 622 facie
1910 565 2019 620 Do-

441 661 576 714 mini
618 661 823 730 fugisse
861 660 1177 730 prophetam
1209 661 1283 712 ait
1317 658 1619 728 Scriptura,
1652 663 1747 730 qui
1776 676 2020 715 excesse-

439 760 528 806 rat
589 767 653 806 ea
723 752 964 823 regione,
1027 751 1079 804 in
1139 766 1246 820 qua
1311 758 1484 806 semet
1529 750 1672 806 Deus
1721 752 2014 806 revelabat.

441 842 645 914 Nempe
677 845 761 898 bis
797 843 979 898 verbis
1023 844 1076 897 in
1117 843 1275 895 aliam
1323 842 1572 910 quamvis
1614 851 1878 898 remotam
1911 854 2020 898 ter—

444 952 558 990 ram
593 917 898 991 secessisse.
928 936 1189 1005 propheta
1225 933 1428 988 dicitur
1462 953 1474 988 :
1508 936 1600 1004 qui
1633 951 1822 1006 reapse
1855 937 1926 990 ita
1960 953 2019 990 se

442 1035 708 1095 gesserat,
736 1041 835 1081 ceu
865 1026 910 1080 si
944 1027 998 1080 in
1026 1025 1245 1094 judaica
1281 1027 1506 1094 regione
1535 1029 1774 1081 manenti
1802 1030 2022 1097 appari-

445 1129 601 1173 turus
626 1120 853 1174 omnino
901 1118 1039 1173 Deus
1078 1125 1244 1181 esset,
1280 1132 1446 1186 seque
1484 1118 1550 1171 ad
1589 1118 1743 1187 jussa
1775 1117 2017 1172 facienda

441 1213 825 1265 excitaturus:
855 1223 1042 1264 contra
1091 1211 1133 1262 si
1180 1210 1366 1278 procul
1411 1211 1583 1271 tit-ret.
1626 1211 1926 1263 cariturum
1962 1227 2020 1264 se

445 1303 693 1357 molestia
741 1302 993 1371 sperabat
1041 1319 1053 1354 :
1097 1301 1256 1370 160
1292 1301 1450 1370 quasi
1506 1302 1763 1355 nimirum
1807 1302 1930 1357 aliis
1965 1303 2019 1356 in

446 1395 583 1449 locis
618 1393 760 1449 Deus
784 1401 956 1448 semet
981 1393 1225 1447 revelare
1257 1407 1365 1445 non
1401 1398 1700 1462 pateretur.
1736 1391 1914 1462 Atque
1939 1379 2019 1446 ita

441 1481 637 1547 Judaei,
673 1484 801 1539 dum
843 1485 1040 1554 captivi
1084 1483 1480 1543 detinerentur,
1511 1483 1860 1538 victimarum
1884 1498 2022 1552 quo-

443 1592 550 1645 que
575 1577 656 1630 vel
686 1577 933 1646 cujusvis
974 1576 1252 1646 religionis
1304 1574 1416 1629 Deo
1448 1575 1766 1629 exhibenda:
1810 1575 2017 1628 nullum

447 1671 685 1723 fructum
727 1684 850 1723 esse
886 1670 1150 1738 putabant
1184 1686 1197 1721 :
1240 1683 1338 1721 ceu
1389 1668 1433 1721 si
1482 1665 1624 1721 Deus
1658 1666 1766 1720 illis
1797 1667 1851 1719 in
1885 1666 2018 1720 locis

444 1775 621 1829 neque
670 1775 934 1830 apparere
991 1775 1168 1829 neque
1219 1759 1475 1812 honorem
1539 1757 1853 1828 religiosum
1912 1759 2018 1812 sibi

445 1852 748 1906 adhibitum
777 1852 975 1905 soleret
1005 1851 1306 1905 admittere.
1355 1849 1714 1919 Perspicuum
1745 1864 1912 1919 porro
1934 1858 2017 1904 est

445 1943 764 2014 prophetam
827 1943 894 1996 ad
945 1941 999 1997 id
1058 1943 1332 2013 negotium
1385 1943 1674 2012 torpuisse.
1731 1949 2016 2011 propterea

445 2033 589 2104 quod
624 2050 746 2088 eum
781 2033 921 2090 Deus
953 2034 1171 2104 quidem
1206 2050 1312 2088 non
1337 2034 1456 2087 sine
1481 2035 1742 2104 prmclara
1773 2050 1869 2103 spe
1892 2034 2021 2087 mit-

445 2127 594 2182 tebat
626 2127 825 2197 (neque
871 2127 1016 2181 enim
1055 2127 1216 2180 unius
1260 2127 1460 2180 excidii
1518 2141 1684 2180 causa
1739 2125 2026 2179 nuntiandi

448 2218 712 2282 misisset,
752 2219 858 2274 nisi
908 2219 1037 2272 hinc
1076 2234 1293 2288 quoque
1339 2217 1466 2272 boui
1504 2217 1708 2287 aliquid
1743 2218 2029 2272 moliretur

445 2310 801 2380 extundere);
845 2310 939 2365 sed
983 2321 1163 2364 tamen
1199 2310 1316 2380 ipse
1351 2309 1507 2364 valde
1542 2310 1841 2365 absurdum
1871 2317 2029 2379 puta-

449 2403 561 2462 bat,
596 2402 640 2456 si
676 2401 816 2457 forte
862 2402 1027 2456 homo
1067 2401 1251 2456 subito
1294 2402 1685 2471 superveniens
1719 2401 1805 2457 his
1832 2404 1926 2471 qui
1963 2417 2023 2456 se

447 2505 606 2548 antea
637 2509 746 2548 non
791 2504 1075 2558 noverant,
1109 2494 1369 2549 continuo
1402 2494 1694 2549 nebuIOnis
1735 2493 2021 2562 cujusdam

447 2592 503 2636 rt
533 2584 883 2638 circulatoris
933 2583 1130 2636 famam
1162 2584 1515 2638 contraheret
1543 2601 1556 2637 :
1604 2582 1656 2635 id
1704 2581 1848 2652 quod
1881 2583 2027 2651 ipse—

449 2682 558 2729 met
616 2675 669 2728 in
736 2675 1201 2746 consequentibus
1272 2690 1396 2729 mox
1473 2675 1822 2729 sermonibus
1887 2674 2024 2728 satis

447 2764 710 2820 ostendit.

2121 387 2312 455 μίζων,
2345 387 2437 439 καὶ
2470 387 2744 457 πανταχοῦ
2781 390 3033 458 παρεῖναι
3067 390 3369 444 πιστεύων·
3412 393 3582 466 ἐπειδὴ
3612 397 3665 450 δὲ

2118 476 2210 529 ἐπὶ
2240 477 2334 529 τοῦ
2366 475 2504 529 Σιὼν
2553 477 2714 549 ὅρους
2757 478 2973 533 ἃπασαν
3001 480 3147 552 αὐτῷ
3179 482 3538 553 προσάγεσθαι
3578 489 3672 556 τὴν

2117 569 2373 639 λατρείαν
2407 570 2738 641 προσέταξεν
2766 574 2794 624 ὁ
2824 572 2976 636 Θεὸς,
3011 575 3263 629 ὑπόνοιαν
3303 576 3566 642 Ἰουδαίοις
3589 581 3668 632 ἐν-

2116 660 2378 726 τεθεικὼς
2405 661 2479 726 ὡς
2509 663 2696 716 αὐτόθι
2723 681 2786 732 γε
2819 665 2913 718 καὶ
2937 667 3101 719 οἰκῶν
3132 668 3224 720 καὶ
3251 667 3347 738 τὴν
3370 670 3672 736 ἐπιφάνειαν

2119 753 2438 824 ποιούμενος
2459 754 2560 825 τὴν
2587 756 2807 810 οἰκείαν·
2839 758 2931 810 καὶ
2963 759 3221 827 σκήνωμα
3244 760 3298 812 δὲ
3325 760 3419 813 τοῦ
3446 761 3572 814 Θεοῦ
3594 763 3674 816 διὰ

2119 846 2321 919 ταύτην
2354 848 2451 920 τήν
2494 851 2674 902 αἰτίαν
2707 850 2741 921 ἦ
2776 867 2833 904 τε
2866 851 3017 914 πόλις
3061 851 3411 924 Ἰερουσαλὴμ
3451 854 3672 923 ἐλέγετο,

2122 936 2212 990 καὶ
2243 939 2276 1008 ή
2303 937 2375 1008 γῆ
2403 938 2458 991 δὲ
2489 941 2637 992 πᾶσα
2669 939 2767 1010 τῆς
2794 936 3142 1009 ἐπαγγελίας,
3214 941 3289 1004 ὡς
3319 942 3382 996 ἂν
3408 942 3464 996 ἐν
3500 943 3676 1016 ἁπάσῃ

2119 1045 2177 1082 τε
2206 1027 2482 1091 οἰκοῦντος
2510 1029 2604 1081 τοῦ
2639 1028 2775 1082 Θεοῦ
2806 1031 2900 1082 καὶ
2933 1032 3111 1082 πᾶσαν
3141 1029 3310 1100 αὐτὴν
3355 1031 3642 1102 ἐφορῶντος
3661 1050 3672 1060 ·

2118 1120 2206 1172 διά
2233 1118 2388 1172 τοῦτο
2417 1120 2481 1172 ἐκ
2516 1118 2804 1190 προσώπου
2836 1119 2928 1173 τοῦ
2959 1119 3163 1188 Κυρίου
3191 1119 3515 1186 πεφευγέναι
3543 1119 3679 1186 λέγει

2119 1211 2212 1262 τον
2269 1210 2574 1281 προφήτην,
2627 1211 2718 1263 τὸν
2777 1211 2874 1280 τῆς
2929 1211 3113 1280 χώρας
3176 1210 3391 1280 ἐκείνης
3438 1210 3495 1261 ἐν
3546 1204 3680 1282 ᾗπερ

2121 1303 2355 1354 ἐποιεῖτο
2389 1301 2488 1372 τὴν
2517 1301 2723 1354 οἰκείαν
2756 1301 3076 1370 ἐπιφάνειαν
3107 1303 3136 1354 ό
3165 1300 3296 1365 Θεὸς
3325 1301 3576 1361 ἐκϐάντα,
3608 1301 3679 1363 εἰς

2123 1395 2314 1464 ἑτέραν
2345 1393 2465 1446 τινά
2495 1393 2588 1446 καὶ
2629 1393 3024 1463 ἀπῳκισμένην
3056 1391 3239 1464 χώραν
3269 1392 3519 1445 ἀπελθεῖν
3551 1391 3683 1444 οὔτω

2121 1486 2294 1556 δηλῶν
2331 1505 2344 1517 ο
2389 1485 2547 1538 τοῦτο
2581 1485 2691 1555 γάρ
2719 1486 2746 1537 ὁ
2776 1485 3061 1555 προφήτης
3095 1485 3287 1537 ἐποίει·
3320 1483 3396 1547 ὼς
3437 1484 3559 1552 ἄχρι
3591 1482 3682 1551 μὲν

2122 1580 2181 1630 ἐν
2247 1577 2427 1648 ἐκείνῃ
2483 1577 2633 1646 διῆγε
2679 1580 2748 1647 τῇ
2807 1577 2957 1647 χώρᾳ
3011 1574 3430 1645 ἐπιφαινομένου
3478 1575 3681 1635 πάντως
3770 1613 3777 1620 .

2125 1668 2200 1735 (p.
2225 1667 2354 1737 245)
2399 1665 2549 1735 αὐτῷ
2586 1665 2679 1719 τοῦ
2711 1665 2844 1719 Θεοῦ
2888 1667 2979 1719 καὶ
3009 1664 3364 1736 διεγείροντος
3409 1663 3566 1716 αὐτὸν
3605 1665 3682 1730 ἐφ’

2123 1761 2259 1830 ὅπερ
2297 1759 2578 1812 ἐϐούλετο·
2623 1762 2670 1812 εἰ
2698 1759 2754 1812 δὲ
2787 1760 2975 1830 πόρρω
3002 1759 3228 1827 γένοιτο,
3261 1756 3554 1828 κερδαίνων
3591 1756 3684 1825 τὴν

2125 1849 2402 1918 ἐνόχλησιν
2431 1849 2676 1918 ἐκείνην·
2709 1847 2784 1911 ὼς
2817 1848 2882 1902 ἂν
2918 1847 3048 1918 μηδέ
3085 1845 3465 1915 ἐπιφαίνεσθαι
3490 1847 3545 1898 ἐν
3572 1846 3682 1898 ἐτέ-

2127 1957 2242 2012 ροις
2265 1941 2449 2001 τόποις
2477 1941 2802 2010 ἀνεχομένου
2831 1939 2924 1992 τοῦ
2949 1940 3124 1992 Θείου·
3153 1938 3295 1992 οὓτω
3326 1939 3422 1992 καὶ
3458 1938 3680 1991 Ἰουδαῖοι

2124 2033 2218 2086 ἐπὶ
2262 2033 2360 2102 τῆς
2403 2032 2780 2102 αἰχμαλωσίας
2811 2032 2962 2094 ὄντες
2985 2073 2999 2095 ,
3053 2032 3312 2102 περιττὰς
3347 2032 3571 2103 ήγοῦντο
3595 2031 3683 2084 καὶ

2123 2123 2222 2186 τὰς
2269 2123 2459 2186 θυσίας
2508 2125 2600 2177 καὶ
2646 2124 2745 2195 τὴν
2773 2124 3029 2194 λατρείαν
3058 2125 3276 2177 ἃπασαν
3323 2125 3424 2192 τὴν
3459 2123 3534 2194 τῷ
3573 2121 3681 2191 Θεῷ

2125 2215 2562 2286 προσαγομένην,
2597 2215 2672 2279 ώς
2711 2216 2877 2269 αὐτοῦ
2933 2217 3006 2287 μὴ
3053 2215 3435 2284 ἐπιφαίνεσθαι
3483 2215 3538 2267 ἐν
3581 2217 3682 2278 τοῖς

2126 2309 2241 2358 ἐκεῖ
2265 2306 2468 2371 τόποις,
2509 2308 2642 2378 μηδέ
2677 2308 2928 2378 δέχεσθαι
2963 2307 3033 2361 τά
3064 2307 3250 2360 αὐτόθι
3295 2309 3376 2371 εἰς
3405 2308 3502 2377 τὴν
3533 2305 3682 2364 αὐτοῦ

2125 2398 2473 2470 πληρούμενα
2500 2399 2666 2470 τιμὴν
2696 2400 3039 2470 ἀνεχομένου·
3074 2400 3230 2469 δῆλος
3255 2399 3312 2452 δὲ
3341 2396 3409 2470 ἦν
3435 2399 3463 2450 ὁ
3491 2399 3685 2466 προφή-

2123 2506 2222 2560 της
2251 2489 2386 2559 πρὶς
2413 2488 2474 2541 τὸ
2506 2491 2736 2559 πρᾶγμα
2773 2489 2945 2542 ὀκνῶν
2969 2531 2982 2554 ,
3031 2490 3117 2542 διὰ
3146 2490 3207 2543 τὸ
3241 2493 3472 2560 συνορᾷν
3504 2489 3594 2558 μὲν
3618 2487 3684 2550 ώς

2125 2577 2217 2628 ἐπί
2237 2592 2376 2628 τισιν
2407 2577 2566 2630 αὐτὸν
2587 2577 2905 2630 ἀποστέλλει
2935 2579 3151 2643 πάντως
3181 2583 3447 2652 χρησταῖς
3469 2578 3682 2633 ἐλπίσιν·

2129 2668 2229 2720 οὐκ
2261 2669 2326 2722 ἄν
2352 2686 2414 2736 γε
2444 2670 2534 2721 ἐπὶ
2567 2669 2628 2739 δὴ
2667 2670 2832 2739 μόνης
2861 2669 3080 2740 πέμψας
3113 2672 3271 2724 αὐτὸν
3299 2670 3685 2742 καταστροφῆς.

2133 2763 2179 2814 εἰ
2217 2763 2288 2831 μή
2319 2779 2372 2813 τι
2407 2763 2500 2815 καὶ
2545 2762 2746 2830 ἀγαθὸν
2777 2762 3024 2816 ἐντεῦθεν
3063 2766 3368 2833 οἰκονομεῖν
3415 2763 3682 2816 ἐϐούλετο·

446 2859 556 2913 τῶν
592 2858 732 2925 ἄγαν
766 2857 823 2911 δὲ
885 2856 1101 2912 ἀτόπων
1149 2853 1287 2909 εἶναι
1362 2855 1590 2927 νομίσας
1637 2854 1685 2906 εἰ
1739 2851 1951 2922 πρῶτον
2025 2850 2334 2923 ἀνθρώποις
2379 2851 2560 2922 ὀφθεὶς
2602 2856 2711 2916 τοῖς
2769 2855 2828 2906 οὐ
2883 2854 3144 2925 πρότερον
3207 2855 3368 2907 αὐτὸν,
3415 2849 3688 2922 ἐπισταμέ-

446 2970 579 3017 νοις,
613 2953 742 3008 εὐθύ
775 2968 919 3015 τινος
943 2950 1177 3020 ψεύστου
1209 2951 1303 3002 καὶ
1325 2948 1636 3012 ἀπατεῶνος
1663 2947 2022 3014 ἀπενέγκοιτο
2049 2946 2223 3012 δόξαν·
2252 2949 2409 3002 τοῦτο
2451 2949 2506 3001 δὲ
2547 2949 2638 3003 καὶ
2665 2950 2825 3013 αὐτὸς
2866 2952 2924 3003 ἐν
2958 2952 3070 3011 τοῖς
3128 2949 3422 3020 μετέπειτα
3463 2951 3547 3004 διὰ
3592 2949 3687 3002 τῶν

447 3044 664 3098 οἰκείων
696 3043 870 3114 δηλῶν
899 3042 1149 3112 φαίνεται
1180 3042 1460 3113 ῥημάτων.

521 3136 689 3194 Vens.
735 3137 854 3191 4-6.
883 3167 955 3176 -
991 3134 1105 3189 liae
1156 3135 1224 3189 de
1265 3149 1432 3188 causa
1486 3132 1773 3188 descendit
1819 3131 2024 3202 Joppeu

2203 3130 2350 3200 Στίχ.
2383 3130 2521 3193 δ’-ς’.
2571 3157 2638 3166 -
2664 3126 2888 3194 Κατέϐη
2919 3126 3018 3192 μὲν
3046 3123 3140 3179 οὖν
3165 3126 3246 3189 εἰς
3280 3126 3382 3196 τὴν
3427 3127 3635 3194 Ἰόππην
3663 3125 3690 3176 6

450 3232 738 3303 prepbela,
767 3229 1215 3300 deprehensaque
1243 3230 1367 3284 navi
1408 3227 1637 3283 Tharsis
1679 3242 1871 3282 versus
1906 3235 2026 3280 ten-

449 3326 630 3390 dente,
671 3324 895 3378 naulum
947 3324 1178 3378 exsolvit
1232 3324 1591 3376 eootumacize
1631 3336 1771 3381 sum;
1806 3325 1859 3373 et
1904 3333 2025 3372 cum

451 3416 663 3485 reliqua
695 3415 851 3469 turba
901 3413 1276 3469 conscendens
1313 3411 1543 3466 Tharsis
1585 3411 1895 3480 navigabat,
1929 3424 2026 3462 ceu

454 3509 500 3562 si
533 3509 604 3562 ibi
632 3507 813 3562 divina
843 3508 1094 3561 molestia
1127 3505 1260 3560 liber
1288 3513 1434 3560 esset
1463 3503 1701 3565 futurus,
1728 3501 1856 3572 quia
1885 3499 2029 3554 Deus

455 3601 650 3655 alienis
672 3600 726 3654 in
757 3599 1073 3669 regionibus
1105 3598 1328 3652 minime
1367 3595 1470 3652 sibi
1497 3609 1832 3650 occursurus
1862 3603 2028 3656 esset,

453 3710 631 3764 neque
657 3695 1043 3748 necessitatem
1084 3692 1214 3746 certi
1253 3691 1357 3744 loci
1383 3690 1615 3744 adeundi
1648 3687 2028 3758 impositurus.

449 3783 571 3839 Jam
610 3784 700 3838 ubi
745 3783 800 3837 in
854 3784 1024 3838 altum
1075 3795 1401 3852 progressus
1453 3779 1570 3843 fuit,
1625 3776 1920 3832 declaravit
1953 3775 2030 3829 illi

452 3875 598 3931 Deus
638 3892 800 3946 quam
849 3875 1098 3928 inutilem
1137 3888 1411 3942 quamque
1459 3871 1679 3925 stultam
1723 3867 1903 3936 fugam
1939 3881 2031 3918 ca-

451 3969 808 4039 pessivisset;
846 3968 1150 4037 graviorem
1200 3966 1342 4019 enim
1398 3976 1750 4015 commovens
1787 3965 2026 4020 ventum,

454 4069 661 4114 tantam
693 4062 749 4113 in
794 4059 929 4112 mari
961 4057 1217 4110 conflavit
1253 4053 1568 4123 procellam,
1597 4062 1655 4104 ut
1683 4048 1904 4118 infringi
1934 4063 2032 4101 na-

452 4155 538 4208 vis
563 4151 990 4222 periclitaretur,
1040 4163 1161 4217 quae
1195 4149 1300 4201 vim
1337 4146 1597 4200 fluctuum
1647 4160 1753 4197 non
1802 4142 2026 4197 ferebat.

453 4245 596 4298 Hinc
625 4259 795 4314 pavor
828 4242 1166 4311 navigantes,
1219 4248 1276 4293 ut
1325 4255 1421 4309 par
1469 4245 1607 4299 erat,
1651 4235 1946 4304 corripuit,
1977 4241 2031 4287 et

457 4337 599 4409 apud
629 4351 791 4392 suum
838 4336 1070 4405 quisque
1113 4333 1380 4386 credittim
1437 4326 1615 4392 deum,
1662 4343 1821 4398 quem
1857 4326 2030 4396 patria

456 4429 723 4498 religione
773 4429 1024 4491 colebat,
1075 4439 1314 4495 praesens
1361 4423 1482 4477 vitae
1526 4421 1822 4476 discrimen
1870 4417 2032 4472 elatis

2131 3224 2415 3294 προφήτης
2444 3219 2644 3289 ταύτης
2673 3218 2835 3270 ἕνεκα
2867 3218 2963 3286 τῆς
2994 3217 3190 3280 αἰτίας·
3229 3217 3417 3270 αὐτόθι
3445 3216 3499 3268 δέ
3524 3216 3686 3268 πλοῖον

2131 3315 2224 3366 ἐ.πί⁵
2262 3314 2492 3383 Θαρσεῖς
2531 3311 2691 3363 ἀπιδν
2725 3309 2918 3379 εὑρὼν,
2950 3307 3043 3360 τόν
3073 3325 3132 3360 τε
3165 3307 3358 3378 μισθὸν
3377 3307 3573 3361 δέδωκε
3599 3305 3686 3371 τῆς

2130 3405 2385 3466 ἀπονοίας
2410 3445 2423 3464 ,
2461 3403 2554 3455 καὶ
2593 3401 2766 3472 ἐμϐὰς
2803 3401 2939 3472 μετά
2964 3400 3071 3452 τῶν
3103 3398 3302 3452 λοιπῶν
3354 3403 3428 3468 (p.
3451 3400 3573 3467 2-H)
3605 3397 3687 3449 ἐπὶ

2131 3497 2363 3566 Θαρσεῖς
2409 3491 2656 3557 ἐξέπλει·
2699 3491 2774 3556 ώς
2811 3492 2877 3545 ἂν
2905 3491 3089 3544 αὐτόθι
3134 3490 3231 3561 τὴν
3267 3491 3545 3560 ἐνόχλησιν
3575 3488 3687 3558 μέλ-

2129 3587 2236 3640 λων
2265 3585 2528 3638 ἐκκλίνειν
2558 3582 2655 3653 τὴν
2683 3583 2851 3647 θείαν,
2891 3583 2989 3635 οὐκ
3023 3581 3447 3652 ἐπιφαινομένου
3473 3598 3527 3634 τε
3556 3577 3687 3647 αὐτῷ

2131 3682 2190 3732 ἐν
2233 3679 2528 3749 ἀλλοτρίοις
2571 3679 2757 3740 τόποις
2801 3676 2894 3729 τοῦ
2949 3675 3105 3737 Θεοῦ,
3145 3676 3236 3728 καὶ
3267 3675 3574 3742 ἐπείγοντος
3603 3672 3687 3723 ἐπὶ

2131 3772 2190 3824 τὸ
2221 3770 2576 3844 προκείμενον
2601 3767 2875 3821 ἀπελθεῖν·
2908 3766 3094 3836 ἐπειδὴ
3120 3767 3176 3818 δὲ
3210 3767 3356 3819 κατὰ
3384 3766 3481 3835 τὴν
3507 3763 3686 3818 θάλατ-

2130 3882 2226 3916 ταν
2258 3864 2471 3932 ἐγένετο
2501 3858 2698 3923 πλέων,
2728 3859 2882 3929 δῆλον
2909 3859 3071 3910 αὐτὸν
3109 3858 3219 3910 οἷον
3259 3857 3375 3928 (35)
3414 3860 3441 3910 6
3466 3855 3588 3916 Θεὸς
3614 3855 3685 3905 ὅτι

2132 3956 2389 4024 περιττήν
2421 3970 2541 4005 τινα
2569 3951 2661 4004 καὶ
2693 3949 2922 4021 ματαίαν
2954 3948 3191 4020 ὑπέμενε
3226 3947 3326 4018 τὴν
3354 3947 3546 4017 φυγὴν,
3574 3959 3687 4011 σφο-

2130 4046 2256 4117 δρὸν
2305 4043 2520 4114 πνεῦμα
2567 4043 2815 4111 κινήσας,
2858 4040 3108 4094 τοσοῦτον
3142 4040 3234 4092 ἐπὶ
3284 4039 3384 4110 τῆς
3435 4037 3685 4104 θαλάσσης

2132 4140 2424 4211 εἰργάσατο
2465 4138 2556 4190 τὸν
2590 4136 2855 4195 κλύδωνα,
2892 4133 3031 4186 ὥστε
3065 4134 3158 4187 καὶ
3198 4132 3545 4203 συντριϐῆναι
3585 4146 3686 4181 κιν-

2131 4232 2372 4285 δυνεύειν
2405 4229 2463 4282 τὸ
2491 4227 2672 4280 πλοῖον
2700 4227 2758 4279 οὐ
2803 4227 2968 4297 φέρον
2995 4224 3102 4277 τῶν
3132 4225 3396 4294 κυμάτων
3419 4223 3513 4294 τὴν
3540 4221 3649 4290 βίαν
3668 4231 3685 4249 ·

2135 4323 2295 4392 φόϐος
2339 4323 2402 4374 ἐκ
2445 4317 2635 4371 τούτου
2683 4319 2806 4378 τοὺς
2849 4319 2907 4369 ἐν
2952 4314 3098 4384 αὐτῷ
3131 4314 3355 4383 εἴληφεν
3401 4313 3476 4376 ὡς
3518 4310 3683 4369 εἰκός·

2133 4414 2358 4474 ἕκαστός
2385 4429 2442 4464 τε
2473 4411 2605 4481 πρὸς
2638 4410 2696 4462 ὃν
2726 4411 2908 4479 ἡγεῖτο
2947 4408 3084 4468 θεὸν,
3121 4407 3214 4460 καὶ
3257 4399 3414 4476 ᾧπερ
3441 4399 3712 4474 θρησκεύ-⁵

456 4521 794 4577 clamoribus
821 4519 1237 4590 deprecabatur.
1271 4508 1409 4567 Tum
1459 4529 1518 4567 se
1561 4511 1873 4566 intendente
1903 4524 2024 4580 pro-

2135 4524 2216 4560 ειν
2247 4505 2446 4570 εἰώθει,
2475 4506 2540 4572 τῇ
2572 4503 2718 4571 φωνῇ
2755 4498 3089 4569 κεχρημένος
3116 4497 3440 4568 ἀπαλλαγὴν
3467 4495 3580 4565 ᾔτει
3603 4487 3683 4544 τοῦ

457 4613 618 4679 cella,
651 4613 900 4668 sarcinas
935 4625 1153 4680 quoque
1185 4613 1454 4677 quotquot
1502 4605 1774 4673 impositae
1816 4601 2032 4655 fuerant

458 4703 526 4759 de
559 4719 709 4758 more
739 4704 794 4756 in
821 4717 970 4757 mare
1012 4699 1313 4770 jaciebant,
1359 4698 1402 4751 si
1455 4693 1594 4749 forte
1636 4709 1803 4748 onere
1861 4694 2032 4745 levata

460 4795 615 4851 navis
662 4795 967 4865 periculum
1023 4793 1297 4848 evaderet.
1350 4788 1447 4846 His
1493 4788 1643 4843 addit
1699 4785 2033 4856 Scriptura:

464 4885 685 4940 «Jonas
740 4897 921 4940 autem
979 4885 1033 4939 in
1095 4885 1363 4939 sentinam
1425 4881 1580 4935 navis
1627 4879 2032 4939 descenderat,

461 4974 650 5042 ibique
695 4973 971 5028 dormiens
999 4973 1151 5044 161
1189 4980 1469 5038 stertebat.
1511 4990 1529 5022 ι
1564 4968 1682 5024 Non
1722 4968 1864 5037 quod
1913 4974 2034 5036 post.

461 5074 795 5119 commotam
841 5073 1218 5134 tempestatem
1253 5065 1308 5117 in
1344 5063 1601 5118 inferiora
1634 5062 1789 5115 navis
1828 5058 2034 5115 dormi-

464 5165 579 5208 tum
625 5155 1011 5210 descenderit:
1046 5163 1194 5220 esset
1244 5155 1389 5208 enim
1438 5153 1754 5212 ridiculum,
1801 5151 1846 5205 si
1879 5158 2031 5203 tanta

465 5242 875 5315 perturbatione
927 5252 1132 5305 coorta,
1185 5245 1512 5313 cunctisque
1551 5243 1618 5297 de
1665 5243 1843 5298 salute
1883 5242 2029 5310 peri-

463 5334 804 5397 clitantibus,
853 5335 970 5403 ipse
1018 5349 1210 5389 somno
1250 5350 1310 5390 se
1363 5335 1727 5389 tradidisset:
1761 5343 2031 5386 verumta-

395 5452 398 5454 -
465 5442 591 5482 mea
642 5425 710 5479 id'
749 5433 935 5495 egerat
989 5426 1170 5481 statim
1221 5440 1285 5481 ac
1323 5428 1507 5482 navim
1575 5424 1935 5490 conscendit;
1981 5431 2036 5479 at

539 5605 748 5679 (55pm
786 5603 917 5663 Cod.

2132 4598 2394 4668 παρόντος
2440 4592 2690 4664 γενέσθαι
2739 4592 2981 4644 κινδύνου
3007 4607 3020 4622 ο
3073 4590 3480 4659 ἐπιτεινομένου
3512 4586 3565 4638 δὲ
3598 4583 3681 4634 τοῦ

2132 4690 2398 4751 κλύδωνος
2419 4729 2432 4749 ,
2482 4687 2574 4739 καὶ
2600 4687 2670 4736 τά
2701 4684 2889 4737 ἐνόντα
2920 4681 2996 4752 τῷ
3031 4682 3199 4751 πλοίῳ
3232 4681 3372 4733 κατὰ
3404 4679 3465 4731 τὸ
3513 4674 3684 4735 εἰωθὸς

2130 4783 2242 4842 τοῖς
2270 4776 2685 4849 χειμαζομένοις
2725 4772 3034 4845 ἀπέρριψαν
3075 4774 3156 4834 εἰς
3192 4772 3291 4842 τὴν
3323 4771 3604 4828 θάλασσαν,
3642 4763 3690 4816 ετ

2133 4889 2250 4934 πως
2272 4867 2559 4937 κουφισθέν
2584 4865 2832 4934 διαφύγοι
2862 4864 2951 4917 τὸν
2977 4863 3220 4915 κίνδυνον
3250 4863 3310 4914 τὸ
3340 4862 3537 4914 πλοῖον.
3567 4854 3686 4909 Τού-

2138 4981 2252 5026 τοις
2293 4960 2506 5028 ἐπάγει·
2569 4976 2584 5007 ι
2625 4957 2802 5017 Ἰωνᾶς
2831 4955 2884 5006 δὲ
2918 4953 3119 5022 κατέϐη
3153 4955 3233 5016 εἰς
3263 4952 3360 5022 τὴν
3405 4949 3585 5018 κοίλην
3602 4942 3685 4997 τοῦ

2139 5055 2345 5116 πλοίου,
2373 5051 2467 5103 καὶ
2492 5047 2778 5101 ἐκάθευδεν
2819 5047 2936 5098 ἐκεῖ
2977 5046 3069 5097 καὶ
3107 5044 3353 5115 έρεγχεν.
3395 5063 3412 5092 ι
3474 5040 3579 5108 Οὐχ
3614 5036 3686 5086 ὅτι

2142 5145 2279 5218 μετὰ
2305 5143 2365 5198 τὸ
2394 5143 2574 5195 ἐκεῖνα
2603 5138 2853 5207 γενέσθαι
2877 5139 2954 5200 εἰς
2985 5138 3043 5189 τὸ
3077 5136 3259 5190 πλοῖον
3283 5131 3553 5188 κατελθὼν
3573 5128 3686 5181 ἐκά-

2138 5237 2344 5292 θευδεν·
2377 5233 2583 5303 γελοῖον
2619 5230 2728 5300 γὰρ
2760 5231 2808 5282 εἰ
2841 5229 3085 5300 ταραχῆς
3117 5227 3387 5296 τοσαύτης
3414 5219 3684 5293 γενομένης

2141 5330 2236 5383 καὶ
2269 5329 2483 5382 πάντων
2527 5324 2655 5395 περὶ
2696 5324 2795 5393 τῆς
2836 5322 3106 5392 σωτηρίας
3149 5319 3555 5373 κινδυνευόντων
3595 5310 3684 5379 τῆς

2141 5421 2364 5484 οἰκείας,
2399 5419 2476 5481 εἰς
2516 5415 2681 5469 ὕπνον
2715 5412 2905 5468 ἐαυτὸν
2937 5415 3142 5476 ἐκεῖνος
3173 5411 3338 5465 ἐδίδου
3364 5425 3378 5439 ·
3432 5404 3560 5463 ἀλλὰ
3589 5399 3685 5471 γὰρ
