3828 6216
160 214 273 274 ιεε

1222 218 1767 275 COMMENTARIUS
1804 219 1874 273 ιΝ
1900 218 2092 275 ῙΟΝΑΞ
2132 218 2283 274 CAP.
2328 234 2366 273 ι.

3309 215 3418 270 εει

161 338 330 393 τοῦτο
358 338 455 409 μὲν
488 336 649 401 εὐθὺς
695 336 890 398 ἐπιϐὰς
930 338 1195 408 πεποίηκε
1226 339 1320 390 τοῦ
1364 339 1547 392 πλοίου
1575 356 1584 366 ·
1622 341 1655 408 ἡ
1689 338 1743 389 δὲ

1865 335 2135 406 Scriptura
2181 345 2467 407 postquam
2502 337 2797 407 procellam
2831 336 3096 401 narravit,
3142 344 3421 405 postremo

165 428 364 500 Γραφὴ
406 429 475 480 τὰ
498 427 639 481 κατά
666 426 755 479 τὸν
790 427 1033 480 κλύδωνα
1064 428 1442 498 διηγησαμένη
1462 467 1478 491 ,
1522 428 1745 497 ὕστερον

166 522 419 590 ἐπήγαγε
449 520 517 572 τά
548 519 693 589 παρὰ
720 518 813 571 τοῦ
842 521 1120 590 προφήτου
1150 522 1268 572 κατ’
1298 522 1500 572 ἐκεῖνον
1526 524 1599 590 (p.
1620 518 1745 587 245)

169 612 439 679 γενόμενα
459 611 551 663 τὸν
579 610 787 679 καιρόν·
814 612 896 663 ὄτι
928 628 986 664 τε
1015 615 1043 664 ὁ
1078 613 1329 682 πρωρεὺς
1351 612 1424 674 ὡς
1457 615 1514 665 ἐν
1534 615 1745 682 ταραχῇ

167 701 409 773 τοσαύτῃ
432 701 762 755 καθεύδοντα
786 702 879 755 τὸν
910 704 1195 773 προφήτην
1222 704 1348 756 ίδεῖν
1374 703 1747 774 ἀπεληλυθὼς,

167 793 416 863 διήγειρέ
449 810 505 844 τε
534 793 718 858 αὐτὸν,
747 794 843 846 καὶ
870 792 1176 863 ἐθαύμαζεν
1206 795 1286 846 ὅτι
1320 793 1574 847 τοσούτου
1603 811 1750 861 γινο-

173 881 341 950 μένου
402 881 574 935 κακοῦ
599 922 614 946 ,
676 882 941 953 μηδεμίαν
1002 883 1254 951 αἴσθησιν
1308 883 1421 952 ἔχοι
1465 883 1573 934 τῶν
1614 900 1748 937 κατ-

171 973 405 1042 εχόντων
428 973 625 1036 αὐτοὺς
645 974 857 1037 κακῶν,
888 974 1002 1027 ἀλλ’
1030 976 1104 1039 ὡς
1133 975 1285 1048 ἀδείᾳ
1314 975 1479 1045 πολλῇ
1502 975 1750 1029 καθεύδει

169 1080 230 1114 τε
267 1064 361 1114 καί
391 1064 597 1132 ῥέγχειο
636 1064 1021 1134 ὑπεμίμνησκε
1053 1066 1110 1118 δέ
1139 1066 1302 1119 αὑτὸν
1330 1067 1637 1120 ἀναστάντα
1659 1066 1751 1119 τὸν

166 1154 296 1206 θεὸν
324 1154 506 1207 καλεῖν
536 1158 626 1206 τὸν
662 1155 814 1219 ἴδιον,
850 1158 901 1209 εί
927 1174 1045 1220 πως
1070 1157 1160 1211 ὑπ’
1201 1159 1363 1211 αὑτοῦ
1394 1159 1521 1225 γοῦν
1552 1159 1751 1211 διασω-

177 1245 345 1299 θεῖεν.

242 1339 393 1407 Στίχ.
441 1338 575 1404 ζ’-θ¹.
617 1369 688 1380 -
719 1332 818 1392 Ὧν
862 1340 918 1392 δὲ
960 1345 987 1393 ὁ
1028 1341 1124 1410 μὲν
1161 1348 1443 1413 προφήτης
1483 1342 1637 1395 οὐδὲν
1676 1343 1753 1395 δι-

164 1429 507 1500 απράττεται
548 1430 755 1483 τοι-λῦτο
788 1431 1059 1502 σφαλερὸν
1105 1427 1244 1484 εἶναι
1285 1433 1518 1502 νομίζων
1543 1433 1754 1502 δεήσεις

174 1521 470 1590 προσάγειν
500 1520 673 1591 τούτῳ
692 1514 870 1592 οὗπερ
899 1523 1182 1590 πεφεύγει.
1224 1524 1556 1576 Ἐπετείνετο
1579 1525 1635 1576 δέ
1659 1523 1753 1576 τοῦ

174 1609 445 1673 κλύδωνος
490 1611 551 1662 τὸ
594 1610 763 1663 κακόν
790 1628 803 1639 ·
833 1610 1162 1680 ἐδοκίμασαν
1192 1611 1379 1664 λοιπὸν
1421 1611 1606 1681 κλήρῳ
1640 1612 1754 1665 δια-

1848 430 1967 482 loco
2007 428 2166 493 dixit,
2213 445 2333 497 qua:
2378 431 2645 501 prepheta
2677 430 2860 498 priore
2903 437 3147 497 tempore
3192 426 3416 480 fecerat.

1846 520 2029 589 Pergit
2072 536 2236 589 porro
2273 521 2478 584 dicere,
2525 529 2583 575 ut
2618 522 2953 591 gubernator
2981 521 3049 575 ad
3098 519 3421 591 prophetam

1849 612 2140 666 videndum
2181 614 2412 673 venerit,
2455 613 2548 683 qui
2596 614 2647 665 in
2699 623 2848 666 tanta
2895 612 3138 666 omnium
3181 611 3421 680 trepida-

1849 704 1997 755 tione
2031 703 2376 768 dormiebat;
2416 719 2653 773 eumque
2695 703 3039 764 excitaverit,
3084 702 3423 768 miratusque

1853 794 2035 854 fuerit,
2066 794 2210 863 quod
2249 797 2302 847 in
2335 809 2399 847 eo
2440 796 2723 862 procinctu
2762 796 2971 848 nullum
3011 796 3126 864 ipse
3163 794 3423 863 ingruen-

1853 886 1987 938 tium
2033 885 2299 937 malornm
2331 900 2553 939 sensum
2584 887 2926 954 perciperet;
2979 883 3073 938 sed
3108 882 3268 935 veluti
3296 896 3422 951 pro-

1857 977 2025 1030 funda
2087 977 2387 1030 securitate
2443 984 2681 1031 stertens
2731 977 3015 1031 dormiret.
3080 975 3221 1045 Ergo
3272 975 3422 1027 illum

1852 1070 2155 1131 admonuit,
2202 1078 2260 1121 ut
2288 1068 2678 1138 expergiscens
2716 1068 2874 1121 deum
2921 1083 3079 1121 suum
3123 1068 3422 1131 invocaret,

1854 1164 1898 1215 si
1928 1163 2065 1216 lion-te
2096 1163 2168 1214 ab
2200 1176 2265 1215 eo
2291 1168 2665 1214 servarentur.

1927 1338 2096 1394 Vens.
2131 1339 2245 1393 7-9.
2271 1368 2331 1377 —
2362 1337 2466 1393 Sed
2497 1338 2641 1393 enim
2670 1353 2793 1393 cum
2823 1338 3082 1408 propheta
3118 1336 3251 1390 nihil
3275 1338 3425 1403 ejus-

1857 1429 2002 1483 modi
2054 1439 2256 1499 agcrrt,
2314 1431 2441 1499 quia
2491 1430 2727 1481 intutum
2780 1428 3125 1482 existimabat
3169 1428 3425 1497 precibus

1857 1538 1981 1577 eum
2028 1524 2330 1577 obtundere
2376 1538 2405 1574 a
2447 1536 2557 1590 quo
2596 1520 2869 1589 fugiebat;
2902 1536 3139 1589 cumque
3182 1521 3262 1575 vis
3297 1528 3429 1573 tem-

1861 1616 2084 1683 pestatis
2124 1622 2471 1685 augesceret,
2523 1615 2881 1668 decreverunt
2926 1621 3122 1675 nautae.
3174 1614 3428 1682 quisnam

172 1700 376 1767 γνῶναι
406 1701 497 1752 τὸν
520 1699 615 1752 τοῦ
636 1700 898 1771 παρόντος
927 1703 1098 1754 αἴτιον
1135 1701 1325 1754 κακοῦ·
1358 1702 1516 1754 τοῦτο
1544 1702 1605 1754 δὲ
1636 1703 1759 1773 ἐδή-

1865 1716 2009 1760 essct
2036 1707 2156 1774 ejus
2190 1706 2317 1759 mali
2350 1715 2562 1768 auctor,
2601 1706 2795 1759 sortito
2822 1705 3131 1772 exquirere.
3163 1702 3302 1758 Hinc
3334 1719 3427 1759 sa-

170 1792 267 1843 λου
314 1792 390 1861 μὴ
432 1791 605 1844 κοινὸν
636 1792 777 1843 κατὰ
814 1794 994 1862 πάσης
1034 1792 1308 1862 θαλάσσης
1340 1788 1477 1846 εἶναι
1520 1792 1608 1845 τὸν
1642 1810 1754 1861 χει-

174 1884 348 1952 μῶνα,
371 1883 507 1935 ἀλλὰ
522 1885 651 1955 περὶ
667 1884 798 1936 αὑτό
832 1901 892 1950 γε
927 1884 1083 1953 μόνον
1110 1884 1169 1936 τὸ
1202 1884 1383 1936 πλοῖον
1411 1884 1511 1955 τὴν
1538 1884 1755 1953 σύμπα-

173 1995 273 2028 σαν
302 1977 547 2047 ταραχὴν
577 1978 862 2030 κινεῖσθαιο
894 1978 985 2045 ἀφ’
1013 1972 1181 2048 οὗπερ
1208 1978 1256 2029 σί
1283 1979 1340 2029 ἐν
1367 1976 1514 2047 αὐτῷ
1541 1976 1753 2044 λογιζό-

173 2085 327 2134 μενοι
356 2067 455 2136 τὴν
474 2068 676 2131 αἰτίαν,
698 2068 883 2139 κλήρῳ
907 2066 1282 2135 διαγινώσκειν
1309 2068 1399 2120 τὸν
1418 2068 1587 2121 αἴτιον
1607 2067 1756 2120 ἐϐού-

170 2160 326 2212 λοντο
350 2162 455 2212 τῶν
478 2160 681 2213 κακῶν·
704 2162 862 2231 τυχὸν
883 2162 977 2214 καὶ
995 2160 1087 2214 τοῦ
1108 2160 1375 2213 Δεσπόταδ
1398 2160 1531 2213 Θεοῦ
1553 2160 1755 2231 ταύτην

167 2252 355 2314 αὐτοῖς
388 2251 786 2321 ἐμϐεϐληκότος
826 2252 925 2323 τὴν
960 2252 1227 2317 διάνοιαν,
1260 2253 1333 2315 ῶς
1362 2253 1427 2306 ἂν
1451 2254 1756 2315 ἀκολούθως

169 2343 239 2395 τά
268 2344 437 2396 λοιπά
458 2360 519 2410 γε
547 2343 836 2415 πραχθείη·
859 2345 909 2396 οἱ
933 2346 1029 2414 μὲν
1047 2344 1155 2415 γὰρ
1178 2347 1480 2416 ἐχρήσαντο
1499 2348 1608 2408 τοῖς
1634 2346 1757 2416 κλή-

172 2451 309 2502 per;
346 2435 617 2488 ἐδείκνυτο
650 2436 706 2488 δέ
734 2439 762 2488 ὁ
800 2437 1067 2508 μακάριος
1107 2437 1291 2498 Ἰωνᾶς
1318 2436 1427 2489 τῶν
1458 2435 1756 2505 γεγονότων

168 2527 367 2590 αἴτιος*
402 2528 487 2594 ἐφ’
582 2526 647 2598 δὴ
673 2528 765 2580 καὶ
788 2526 1164 2597 θαυμάσαντες
1195 2528 1243 2579 οἱ
1273 2530 1515 2581 ναυτικοὶ
1547 2526 1753 2591 λοιπὸν,

166 2620 217 2671 εἰ
252 2617 471 2671 τοιοῦτό
504 2636 557 2671 τι
593 2619 979 2689 πεπραγμένον
1012 2618 1162 2689 αὑτῴ
1202 2619 1457 2688 τυγχάνοι
1495 2618 1632 2671 ὥστε
1664 2619 1757 2671 καὶ

164 2711 430 2766 τοσοῦτον
460 2711 717 2781 γεννῆσαι
751 2711 941 2773 κακὸν,
984 2710 1122 2782 μετά
1168 2712 1400 2781 σφοδρᾶς
1444 2711 1543 2781 τῆς
1584 2712 1758 2763 ἐπιτι-

172 2806 402 2874 μήσεως
421 2804 524 2856 ,καὶ
570 2803 849 2872 μονονουχὶ
881 2801 1179 2872 δικαστικῷ
1211 2802 1394 2854 λοιπὸν
1428 2803 1756 2872 κεχρημένοι

166 2897 246 2967 τῷ
280 2900 548 2966 σχήματι,
586 2900 662 2964 (p.
691 2894 817 2962 246)
861 2895 935 2957 ῶς
961 2894 1026 2947 ἂν
1061 2894 1193 2964 πρὸς
1221 2893 1503 2965 ἄνθρωπον
1534 2893 1758 2945 καταδε-

163 2985 506 3054 δικασμένος)
552 2985 650 3055 ἠδη
702 2984 778 3054 τῷ
826 2984 1011 3055 κλήρῳ
1058 2983 1464 3053 διαλεγόμενοι,
1514 2984 1755 3054 ἀπῄτουν

169 3079 375 3147 μαθεῖν
403 3079 432 3130 ὅ
450 3078 501 3129 τί
526 3093 631 3145 περ
661 3076 806 3146 αὐτῷ
832 3076 1215 3147 πεπραγμένον
1239 3078 1345 3146 εἴη,
1372 3075 1424 3128 τί
1444 3076 1498 3129 δὲ
1521 3077 1613 3129 καὶ
1634 3078 1756 3129 ἐπι-

166 3170 423 3239 τήδευμα
451 3168 660 3237 μετῄει,
688 3166 806 3219 ὅθεν
830 3183 887 3220 τε
922 3166 1149 3238 ἔρχοιτο,
1184 3168 1276 3220 καὶ
1314 3168 1435 3220 ὅποι
1474 3185 1579 3239 περ
1606 3169 1759 3222 ἄπει-

170 3279 277 3325 σιν,
332 3263 398 3311 ἐκ
444 3261 602 3323 ποίας
647 3278 704 3313 τε
742 3261 978 3331 ὁρμᾶται
1023 3258 1236 3329 χώρας,
1283 3262 1376 3313 καὶ
1421 3253 1571 3327 ᾧτινι
1618 3260 1758 3313 ἔθνει.

170 3354 428 3425 προσῆκε
450 3352 556 3405 τῶν
577 3351 898 3422 ἀνθρώπων
928 3351 1063 3421 πρὸς
1086 3350 1179 3414 οῦς
1209 3352 1391 3419 σαφῶς
1414 3350 1756 3421 ἀπεκρίνετο·

173 3467 194 3497 ι
218 3446 426 3508 Δοῦλος
462 3444 668 3515 Κυρίου
707 3443 817 3511 ἐγώ
847 3446 980 3513 είμι,
1019 3444 1112 3496 καὶ
1144 3444 1348 3514 Κύριον
1376 3443 1466 3497 τὸν
1500 3442 1630 3496 Θεὸν
1665 3443 1759 3495 τοῦ

167 3536 416 3609 οὐρανοῦ
447 3536 560 3604 ἐγὼ
592 3535 843 3604 σέϐομαι,
875 3535 931 3597 ὃς
966 3534 1188 3605 ἐποίησε
1235 3534 1332 3603 τὴν
1362 3534 1636 3587 θάλασσαν
1666 3534 1761 3586 καὶ

170 3631 274 3699 τὴν
304 3629 501 3698 ξηράν.
530 3647 549 3680 ι
594 3627 682 3689 Ὧς
708 3626 814 3695 γὰρ
854 3627 1077 3678 ἐκείνων
1113 3626 1241 3696 περὶ
1284 3624 1476 3678 εἴδωλα
1507 3625 1759 3694 ἐχόντων,

171 3722 341 3785 αὐτὸς
386 3722 447 3774 τὸ
477 3721 578 3790 τῆς
618 3721 823 3783 οἰκείας
853 3719 1150 3791 θρησκείας
1179 3716 1452 3788 ἐξαίρετον
1490 3717 1760 3788 ἐδήλωσεν

174 3815 354 3868 εἰπὼν
396 3816 479 3866 ὅτι
526 3813 707 3877 δοῦλος
748 3811 835 3881 εἴη
882 3813 976 3863 τοῦ
1022 3809 1157 3862 Θεοῦ
1184 3850 1197 3871 ,
1222 3809 1466 3861 τουτέστι
1511 3808 1762 3878 φροντίδα

173 3907 337 3976 ἔχων
354 3909 534 3959 πᾶσαν
560 3906 657 3976 τῆς
688 3903 981 3975 θεραπείας
1011 3901 1387 3972 ἐπιμελεῖσθαι
1420 3902 1514 3953 τοῦ
1555 3900 1719 3954 αὑτοῦ
1746 3917 1758 3929 ⁸

174 3997 237 4049 οὐ
267 3998 382 4066 γάρ
410 3995 475 4065 δὴ
511 3994 653 4049 κατά
687 3994 749 4047 τὸ
778 3993 953 4047 κοινὸν
995 3988 1135 4056 εἷπε,
1172 3993 1418 4059 Δοῦλος,
1450 3993 1570 4045 καθ’
1608 3994 1636 4046 ὃ
1669 3994 1763 4045 καὶ

177 4092 306 4152 τοὺς
348 4088 549 4150 ναύτας
580 4084 648 4157 ἦν
692 4087 905 4156 ἀνάγκη
948 4084 1166 4146 δούλους
1216 4080 1353 4137 εἶναι
1382 4085 1477 4137 τοῦ
1508 4084 1643 4137 Θεοῦ
1672 4087 1762 4138 ὑπ’

178 4183 351 4236 αὑτοῦ
385 4179 697 4248 γεγονόταςο
727 4173 846 4231 εἶτα
872 4178 967 4231 καὶ
992 4178 1052 4229 τὸ
1086 4177 1283 4241 ἰδιάζον
1303 4176 1474 4244 λέγων
1505 4176 1598 4230 τοῦ
1627 4177 1761 4230 Θεοῦ

178 4274 238 4326 ὃν
280 4272 583 4342 ἐθρήσκευε
609 4309 624 4330 ,
674 4270 778 4321 Τὸν
811 4267 904 4321 τοῦ
946 4268 1167 4331 παντὸς,
1212 4269 1365 4338 φησὶ.
1399 4268 1623 4338 ποιητὴν
1654 4268 1764 4333 ἐγὼ

1857 1796 1929 1849 tis
1971 1795 2322 1865 intelligimus
2368 1794 2511 1849 haud
2553 1796 2870 1865 generalem
2918 1797 3085 1850 fuisse
3127 1803 3240 1849 toto
3291 1795 3427 1848 mari

1858 1887 2172 1957 procellam,
2219 1887 2312 1943 sed
2354 1890 2499 1945 circa
2547 1890 2677 1944 illud
2723 1903 2890 1943 unum
2943 1887 3215 1958 navigium
3258 1885 3430 1939 unda-

1857 1995 1977 2034 rum
2020 1980 2310 2049 strepitum
2334 1981 2628 2038 desaavisse
2664 2000 2677 2034 :
2714 1998 2821 2051 qua
2853 1996 2910 2035 re
2947 1980 3013 2033 ad
3040 1979 3428 2050 suspicandam

1856 2084 2080 2123 causam
2142 2073 2401 2126 commoti
2466 2080 2666 2134 nautaa,
2722 2070 3052 2125 calamitatis
3108 2069 3228 2137 ejus
3276 2083 3430 2123 reum

1857 2160 1957 2214 sibi
2012 2160 2436 2217 discernendum
2488 2164 2731 2219 sortibus
2772 2170 3097 2233 putaverunt
3148 2180 3160 2215 :
3202 2160 3432 2215 Domino

1859 2254 2093 2308 fortasse
2139 2252 2249 2308 Deo
2287 2255 2427 2310 hanc
2468 2257 2576 2312 illis
2606 2256 2991 2325 cogitationem
3032 2254 3335 2324 ingerente,
3373 2262 3431 2304 ut

1856 2355 2265 2416 consequenter
2289 2349 2501 2418 reliqua
2529 2354 2940 2419 peragerentur.
2975 2345 3116 2417 Ergo
3146 2362 3268 2400 cum
3299 2360 3431 2398 nau-

1858 2444 1926 2488 tae
1956 2446 2135 2491 sortes
2165 2437 2455 2505 jecissent.
2488 2438 2679 2492 beatus
2716 2436 2886 2491 Jonas
2931 2437 3217 2505 praesentis
3246 2435 3433 2488 adver-

1858 2528 2038 2583 sitatis
2093 2543 2264 2583 causa
2316 2530 2728 2584 demonstratus
2785 2540 2887 2583 est.
2941 2527 2993 2581 Id
3048 2528 3191 2597 quod
3238 2527 3434 2581 deinde

1858 2625 2038 2672 nautae
2075 2617 2362 2680 mirantes,
2414 2617 2689 2688 quodnam
2738 2618 2950 2672 scilicet
2983 2618 3076 2672 ille
3123 2625 3233 2671 tam
3270 2633 3435 2687 grave

1861 2707 2080 2762 facinus
2105 2708 2443 2771 admisisset,
2480 2717 2537 2762 ut
2564 2709 2701 2762 tanti
2737 2709 2863 2762 mali
2897 2716 3090 2763 auctor
3120 2711 3432 2772 exsisteret,

1856 2806 1910 2850 et
1944 2796 2056 2865 jam
2093 2797 2400 2852 vehementi
2448 2797 2832 2867 objurgatione
2864 2813 2928 2855 ac
2970 2814 3137 2869 prope
3182 2799 3434 2868 judiciali

1858 2887 2099 2942 formula
2154 2897 2389 2954 utentes,
2438 2899 2602 2959 atque
2652 2889 2928 2944 hominem
2989 2906 3089 2944 ceu
3131 2890 3243 2960 jam
3286 2901 3435 2946 sorte

1858 2980 2175 3033 datnnatmn
2246 2993 2573 3050 arguentes,
2646 2982 2909 3035 certiores
2972 2980 3084 3036 fieri
3144 2984 3433 3048 volebant,

1864 3073 2125 3141 quidnam
2158 3074 2272 3142 ipse
2313 3079 2605 3142 patrasset,
2650 3088 2815 3143 quam
2847 3083 3017 3128 artem
3064 3074 3433 3144 profiteretur,

1863 3163 2008 3217 unde
2055 3162 2451 3233 digrederetur,
2500 3178 2737 3233 quonam
2792 3166 3059 3229 tenderet,
3099 3183 3206 3235 qua
3258 3171 3435 3239 patria

1863 3255 2133 3309 oriundus
2164 3263 2330 3317 esset,
2369 3256 2453 3309 vel
2481 3257 2570 3310 cui
2602 3256 2885 3311 hominum
2908 3259 3054 3328 genti
3076 3259 3273 3315 allinis.
3304 3259 3436 3327 Qui-

1863 3346 1965 3400 bus
2010 3346 2101 3400 illo
2148 3353 2334 3415 aperte
2377 3345 2662 3417 respondit
2702 3365 2716 3401 :
2756 3366 2774 3399 ‹
2812 3346 3015 3403 Servus
3071 3348 3285 3404 Domini
3337 3367 3438 3422 ego

1862 3454 2004 3499 sum,
2035 3436 2323 3492 Dominum
2359 3437 2525 3493 Deum
2548 3440 2672 3495 caeli
2701 3440 2841 3505 colo,
2885 3441 2977 3509 qui
3013 3440 3170 3511 162
3204 3457 3355 3496 mare
3382 3455 3437 3497 ct

1866 3528 2076 3582 aridam
2112 3527 2257 3583 fecit.
2292 3548 2311 3579 ι
2346 3529 2481 3584 Nam
2516 3532 2644 3600 quia
2679 3531 2757 3585 illi
2792 3531 3095 3585 idololatrae
3120 3542 3299 3601 erant,
3344 3551 3439 3603 pes

1865 3617 2128 3671 culiarem
2158 3618 2276 3687 ipse
2302 3619 2619 3688 religionem
2664 3635 2820 3674 suam
2851 3620 3174 3687 declaravit,
3213 3621 3343 3677 dum
3377 3642 3437 3679 se

1866 3707 1959 3761 Dei
2021 3723 2237 3761 servum
2283 3708 2457 3773 dixit;
2510 3712 2816 3765 studiosum
2863 3727 3055 3781 nempe
3092 3729 3441 3784 summopere

1864 3802 2068 3861 cultus,
2105 3801 2198 3870 qui
2235 3817 2358 3855 eum
2408 3801 2655 3864 decebat,
2708 3803 3023 3871 praestandi.
3060 3802 3246 3875 Neque
3294 3812 3440 3861 enim

1866 3889 2105 3957 generali
2138 3890 2374 3959 quadam
2429 3891 2641 3946 ratione
2689 3909 2748 3947 se
2785 3893 2922 3948 dixit
2954 3911 2973 3945 ι
3012 3910 3254 3961 servum,
3293 3917 3311 3947 ι
3350 3914 3444 3952 cu-

1860 3977 2104 4046 jusmodi
2151 3978 2290 4034 alios
2334 3994 2550 4048 quoque
2591 3990 2787 4037 nautas
2836 3998 2974 4053 opus
3009 3994 3127 4039 erat
3176 3985 3271 4042 Dei
3317 4005 3442 4043 esse

1868 4085 2077 4135 servos,
2103 4086 2133 4123 a
2171 4087 2280 4140 quo
2307 4070 2524 4126 fuerant
2557 4074 2750 4128 creati.
2786 4074 2989 4131 Deinde
3015 4085 3069 4132 et
3107 4078 3437 4149 singularem

1870 4162 2146 4217 notionem
2169 4162 2341 4217 edidit
2366 4162 2487 4231 ejus
2518 4162 2606 4218 Dei
2629 4166 2719 4219 cui
2748 4176 2867 4220 erat
2888 4168 3146 4235 devotus;
3180 4172 3438 4226 nimirum

1869 4255 1941 4308 ait
1992 4271 2052 4311 se
2113 4256 2291 4311 colere
2332 4255 2499 4313 Deum
2561 4274 2590 4312 a
2627 4275 2737 4328 quo
2788 4263 3007 4325 malum,
3052 4271 3218 4324 terra,
3266 4278 3437 4326 mare,

182 4365 441 4433 σέϐομαι,
493 4362 551 4425 ὃς
598 4361 692 4416 καὶ
731 4358 962 4431 οὐρανοῦ
989 4360 1082 4414 καὶ
1110 4359 1383 4422 θαλάσσης
1419 4359 1513 4412 καὶ
1548 4360 1764 4413 πάντων
1797 4376 1843 4433 ι)
1872 4362 2066 4416 ιέείιυε
2093 4363 2284 4402 omnes
2313 4359 2511 4403 οτεθιέε
2538 4350 2776 4405 [uerum-

182 4460 417 4529 ποιητής
446 4459 614 4509 ἐστιν.

258 4557 411 4625 Στίχ.
446 4560 599 4622 ι’-ιγ’.
647 4584 713 4594 --
752 4553 1123 4624 Ἐφοϐήθησαν
1156 4555 1204 4607 oi
1249 4554 1439 4625 ἄνδρες
1472 4555 1769 4623 ἀκηκοότες

181 4646 383 4706 ταῦτα,
407 4643 482 4707 ὡς
507 4643 572 4695 ἂν
597 4642 691 4695 τοῦ
718 4643 931 4696 πάντων
960 4642 1182 4712 ποιητοῦ
1209 4643 1328 4695 κατ’
1351 4642 1530 4695 αὐτῶν
1552 4660 1769 4712 κεκινη-

185 4739 359 4807 μένου
386 4751 400 4763 ⁸
433 4734 555 4787 ὅθεν
601 4736 697 4788 καὶ
739 4736 830 4788 τὸν
880 4736 1160 4805 προφήτην
1208 4734 1467 4805 ἠρώτων·
1502 4734 1566 4786 Τί
1614 4734 1771 4786 τοῦτο

183 4829 493 4897 ﬁrmius“;
524 4828 619 4881 καὶ
643 4827 938 4899 ἐπειδήπερ
965 4827 1206 4894 ἔγνωσαν
1237 4826 1396 4880 αὐτὸν
1425 4828 1490 4879 ἐκ
1516 4825 1609 4878 τοῦ
1634 4824 1770 4878 Θεοῦ

183 4918 523 4987 πεφευγέναι
579 4919 678 4991 τὴν
727 4920 1031 4989 ὑπόμνησιν
1074 4917 1386 4971 ἐκκλίνοντα
1415 4917 1512 4988 τὴν
1543 4917 1770 4981 ἐκεῖθεν,

186 5010 314 5064 εἶτα
356 5010 435 5079 τῷ
484 5012 707 5082 παρόντι
740 5010 835 5063 σὺν
864 5011 1045 5071 αὐτοῖς
1077 5010 1555 5081 περιπεπτωκέναι
1595 5008 1770 5079 κακῷ,

190 5103 271 5169 (p.
296 5100 431 5170 247)
460 5099 535 5163 ὡς
567 5101 632 5154 ἆν
663 5100 814 5171 γνοίη
849 5100 1122 5170 πανταχοῦ
1154 5100 1396 5171 παρόντα
1422 5117 1481 5153 τε
1506 5100 1596 5153 τὸν
1618 5099 1772 5162 Θεὸν,

188 5192 290 5244 καὶ
315 5191 518 5260 ὁμοίως
550 5191 859 5263 ἁπανταχοῦ
886 5192 953 5244 τὰ
982 5191 1240 5245 δοκοῦντα
1266 5192 1648 5263 ἐργαζόμενον,
1680 5191 1775 5244 καὶ

190 5283 339 5352 μηδὲ
386 5276 495 5335 οἷόν
534 5300 593 5337 τε
619 5279 757 5337 εἶναι
785 5286 975 5352 φυγεῖν
1004 5284 1093 5336 τὸν
1124 5283 1365 5337 τοιοῦτον
1391 5301 1405 5314 ο
1448 5282 1585 5353 πρὸς
1614 5283 1775 5337 αὑτὸν

187 5372 256 5443 δὴ
286 5374 478 5427 λοιπὸν
506 5374 596 5428 τὸν
629 5377 917 5446 προφήτην
951 5373 1113 5443 φασίν
1132 5392 1146 5405 ’
1205 5394 1224 5425 ι
1252 5374 1317 5426 Τί
1344 5390 1425 5426 σοι
1453 5375 1771 5442 ποιήσομεν,

189 5466 293 5518 καί
323 5464 556 5518 κοπάσει
591 5465 625 5535 ή
657 5464 899 5519 θάλασσα
931 5466 1023 5533 ἀφ’
1057 5464 1247 5534 ἡμῶνς
1282 5484 1301 5515 ι
1372 5465 1465 5517 Ἐκ
1508 5463 1614 5534 γάρ
1667 5465 1774 5517 τῶν

191 5555 511 5625 εἰρημένων
540 5558 607 5611 τά
640 5557 768 5627 περὶ
795 5556 958 5609 αὑτὸν
990 5555 1311 5623 ἐγνωκότες.
1340 5557 1434 5608 καὶ
1456 5556 1538 5609 ὅτι
1566 5556 1778 5626 ὑπηρέ-

187 5660 297 5715 της
332 5661 395 5698 τε
428 5647 521 5699 καὶ
569 5647 856 5718 προφήτης
900 5647 1014 5700 ἐστὶ
1042 5645 1133 5699 τοῦ
1177 5646 1332 5711 Θεοῦ,
1364 5646 1457 5699 καὶ
1490 5646 1555 5718 δὴ
1584 5648 1676 5700 καὶ
1708 5645 1777 5699 τά

1942 4541 2107 4597 Vens.
2156 4544 2343 4601 10-15.
2365 4577 2431 4585 -
2453 4545 2572 4611 Quo
2610 4547 2817 4613 audito,
2892 4561 3229 4619 expaverunt
3262 4552 3443 4608 homi-

1872 4652 2007 4699 nes,
2070 4639 2215 4707 quod
2279 4639 2535 4692 nimirmn
2591 4640 2861 4694 universae
2920 4651 3129 4698 natura:
3188 4647 3441 4701 conditor

1872 4739 2065 4783 contra
2106 4744 2164 4784 se
2198 4738 2509 4785 commotus
2550 4731 2765 4786 fuisset.
2800 4732 3165 4798 Quamobrem
3204 4739 3441 4808 prophe-

1873 4829 1982 4874 tam
2033 4822 2479 4887 sciscitabantur,
2524 4824 2798 4893 quodnam
2843 4826 3049 4881 crimen
3095 4831 3442 4895 patravisset.

1881 4912 1999 4966 Μαι
2041 4913 2130 4967 ubi
2169 4914 2313 4968 hunc
2344 4914 2528 4986 fugere
2558 4933 2587 4969 a
2622 4916 2731 4972 Deo
2752 4932 3142 4987 cognoverunt,
3183 4928 3347 4991 atque
3373 4925 3445 4978 ab

1872 5005 1993 5073 ejus
2024 5005 2486 5061 admonitionibus
2511 5007 2815 5073 declinare;
2858 5009 3088 5079 ideoque
3119 5011 3173 5064 in
3202 5027 3446 5081 praesen-

1879 5105 1988 5150 tem
2038 5111 2163 5149 cum
2200 5096 2338 5166 ipsis
2378 5099 2742 5152 calamitatem
2787 5100 3107 5164 incurrisse,
3142 5111 3200 5155 ut
3241 5120 3447 5174 cogno-

1876 5198 2055 5241 sceret
2100 5187 2268 5242 Deum
2313 5188 2511 5258 ubique
2553 5190 2837 5252 interesse,
2882 5192 3144 5263 nulloque
3187 5193 3309 5248 loco
3334 5211 3443 5249 non

1877 5293 1976 5333 sua
2024 5280 2223 5348 placita
2275 5279 2472 5342 facere,
2501 5296 2677 5350 neque
2712 5281 2823 5337 fieri
2875 5299 3058 5353 posse,
3103 5295 3162 5340 ut
3197 5289 3448 5342 mortalis

1876 5371 2164 5439 quisquam
2216 5372 2286 5426 ab
2326 5373 2447 5440 ejus
2486 5382 2755 5443 potestate
2800 5374 3080 5443 discedat;
3121 5380 3443 5448 prophetam

1877 5464 2075 5518 deinde
2118 5473 2295 5518 nautae
2342 5467 2642 5535 rogabant:
2687 5486 2704 5517 ι
2735 5466 2875 5533 Quid
2926 5468 3021 5522 tibi
3076 5463 3338 5525 faciemus
3390 5478 3450 5524 ut

1878 5569 2027 5607 mare
2079 5554 2237 5610 nobis
2294 5556 2555 5609 sedetur?
2600 5575 2619 5608 ι
2684 5555 2821 5611 Nam
2879 5575 2942 5612 ex
3008 5559 3175 5615 dictis
3228 5565 3448 5631 COgnita

1881 5646 2116 5703 hominis
2142 5663 2396 5717 persona,
2441 5664 2631 5719 nempe
2659 5652 2800 5720 quod
2835 5651 3070 5707 famulus
3101 5661 3151 5707 ct
3186 5655 3448 5726 propheta
