3844 6222
368 250 473 304 535

1558 245 1908 302 'f'IIEODOBl
1948 245 2432 303 MOPSUESTENI
3520 246 3627 301 336

374 363 464 418 Dei
508 373 685 428 esset;
737 379 860 420 cum
893 364 1033 418 facta
1090 379 1313 434 quoque
1357 363 1538 418 verbis
1585 373 1953 420 consentanea

2061 367 2356 437 πράγματα
2381 363 2670 433 συνᾴδοντα
2691 366 2801 428 τοῖς
2827 363 3137 436 λεγομένοις
3157 364 3475 432 ἐγνωκότες,
3499 369 3632 434 παρ’

371 459 795 529 comperissent,
838 458 906 512 ah
933 473 998 512 eo
1037 455 1252 511 discere
1281 456 1594 519 voluerunt,
1641 457 1774 526 quid
1823 471 1853 510 a
1895 473 1954 512 se

374 549 499 604 fieri
521 558 797 621 oporteret
826 553 898 604 ob
927 548 1320 619 impetrandam
1369 548 1658 619 praesentis
1695 548 1820 601 mali
1871 547 1956 600 fu-

367 657 518 710 gam.
560 638 732 693 Porro
781 639 932 694 addit
990 637 1314 707 Scriptura,
1367 652 1517 690 mare
1572 636 1953 691 vehementius

376 733 666 794 ferbuisse,
702 731 1010 800 ﬂuctusque
1042 730 1281 798 majores
1312 730 1616 795 extulisse;
1654 737 1952 798 tempesta-

375 824 443 877 tis
487 822 699 877 scilicet
745 823 1136 874 incrementum
1188 819 1529 889 significans,
1582 820 1742 888 cujus
1785 835 1954 874 causa

374 929 488 966 rem
535 912 810 981 negligere
841 917 1020 964 nautae
1055 924 1162 963 non
1198 917 1473 979 poterant.
1509 908 1716 964 Deinde
1755 909 1906 963 addit
1936 929 1949 964 :

380 1021 397 1051 ε
431 1000 684 1070 Dixitque
721 1001 799 1054 eis
830 995 1232 1056 Jonas.Toilitc
1257 1015 1342 1053 me
1378 1008 1432 1052 et
1469 997 1640 1067 jacite
1681 999 1735 1052 in
1779 1015 1950 1060 mare,

373 1090 519 1158 quod
553 1089 699 1142 illico
735 1088 893 1142 vobis
940 1087 1255 1142 sedabitur:
1303 1089 1428 1142 novi
1469 1089 1613 1144 enim
1655 1089 1950 1158 procellam

377 1180 649 1250 ingentem
694 1179 831 1232 hanc
864 1181 968 1233 mei
1002 1194 1169 1233 causa
1211 1180 1367 1234 vobis
1405 1182 1719 1234 excitatam.
1755 1201 1774 1233 ι
1822 1181 1950 1252 Ego,

374 1271 575 1340 inquit,
615 1273 811 1325 horum
859 1272 1016 1325 vobis
1067 1272 1222 1341 origo
1271 1274 1537 1326 maiorum
1586 1289 1751 1327 sum:
1786 1289 1954 1343 quare

369 1362 580 1418 suadeo
627 1372 685 1416 ut
727 1378 812 1417 me
863 1363 918 1416 in
959 1361 1290 1431 profundum
1343 1365 1634 1434 mergatis,
1679 1380 1788 1433 quo
1835 1379 1952 1434 pa:-

373 1470 473 1508 nas
506 1454 628 1508 dem
668 1455 840 1524 culpae
891 1469 1025 1509 meae
1075 1454 1128 1508 in
1180 1454 1370 1518 Deum,
1423 1472 1629 1525 vosque
1668 1456 1820 1510 necis
1870 1457 1952 1509 la-

373 1561 516 1614 queo
563 1545 948 1616 expediamini.
1006 1543 1392 1600 Verumtamen
1452 1546 1527 1598 illi
1586 1547 1953 1615 periculosum

372 1636 536 1708 163
563 1636 940 1690 existimantes
974 1635 1136 1688 talem
1179 1635 1354 1688 virum
1392 1635 1596 1703 Deique
1627 1634 1953 1688 familiarem

2056 459 2221 511 αὑτοῦ
2271 457 2463 528 μαθεῖν
2509 457 2876 528 ἐϐουλήθησαν
2918 458 2970 511 τί
3015 458 3078 529 δὴ
3128 460 3402 529 προσῆκεν
3435 457 3631 521 αὐτοὺς

2055 549 2454 619 διαπράξασθαι
2483 549 2576 602 καὶ
2603 549 2981 621 ἀπαλλαγῆναι
3014 550 3106 603 τοῦ
3141 550 3407 621 παρόντος
3433 547 3630 602 κακοῦ.

2055 645 2162 698 Καὶ
2185 645 2396 711 ἐπάγει·
2429 644 2510 696 ὅτι
2539 663 2557 692 ι
2598 643 2653 696 Ἠ
2679 643 2922 697 Θάλασσα
2948 642 3236 714 ἐπορεύετο
3263 644 3357 696 καὶ
3383 641 3632 713 ἐξήγειρε

2061 736 2261 805 μᾶλλον
2297 734 2557 787 κλύδωνα·
2591 755 2607 785 ι
2639 735 2850 797 δεικνὺς
2883 735 2963 786 ὃτι
2991 733 3306 804 προσθήκην
3337 733 3424 784 ἀεὶ
3447 731 3514 784 τά
3536 731 3631 783 τοῦ

2054 826 2320 896 χειμῶνος
2369 827 2598 895 ἐδέχετο,
2627 825 2701 888 ὡς
2747 826 2812 879 ἂν
2865 819 2940 896 μὴ
2983 828 3037 878 ἐν
3071 823 3299 895 ἀμελείᾳ
3328 824 3376 875 οἱ
3406 822 3544 876 κατὰ
3570 821 3634 874 τὸ

2057 918 2235 970 πλοῖον
2270 917 2411 970 θεῖεν
2451 917 2511 969 τὸ
2544 917 2844 988 γινόμενον.
2899 911 3032 970 Εἶτά
3073 934 3204 986 φησι
3229 931 3242 942 ’
3286 934 3304 965 ι
3333 915 3444 968 Καὶ
3479 911 3634 966 εἶπεν

2068 1011 2253 1075 Ἰωνᾶς
2279 1011 2414 1081 πρὸς
2447 1011 2660 1072 αὐτούς·
2695 1012 2895 1080 ’Ἄρατε
2927 1010 3019 1061 καὶ
3045 1007 3306 1078 ἐμϐάλετέ
3337 1023 3403 1076 με
3429 1008 3508 1069 είς
3533 1004 3634 1074 τῆν

2055 1103 2329 1157 θάλασσαν
2349 1143 2364 1165 ,
2412 1103 2506 1155 καὶ
2539 1103 2766 1155 κοπάσει
2799 1104 2830 1169 ἡ
2864 1101 3102 1154 θάλασσα
3133 1101 3224 1168 ἀφ’
3257 1099 3409 1168 ὑμῶν
3436 1114 3450 1127 ο
3499 1097 3633 1150 διότι

2054 1194 2266 1262 ἔγνωκα
2295 1193 2403 1262 ἐγὼ
2434 1195 2515 1246 ὅτι
2543 1194 2606 1246 δι’
2639 1193 2736 1262 ἐμὲ
2770 1195 2798 1245 6
2821 1192 3024 1244 κλύδων
3053 1184 3207 1254 οὗτος
3233 1192 3260 1243 ό
3290 1189 3462 1259 μέγας
3482 1188 3634 1240 ἐστὶν

2055 1287 2138 1353 ἐφ’
2172 1286 2335 1355 ὑμᾶς.
2362 1305 2380 1337 ι
2431 1285 2571 1353 Ἐγὼ
2601 1286 2697 1355 μὲν
2727 1283 2854 1354 γὰρ,
2893 1285 3047 1351 φησι,
3083 1282 3284 1334 τούτων
3313 1282 3482 1342 αἴτιος
3503 1280 3634 1348 ὑμῖν

2055 1378 2171 1446 είμι
2199 1377 2308 1428 τῶν
2338 1377 2523 1430 κακῶν
2549 1395 2561 1408 ο
2616 1375 2967 1446 συμϐουλεύω
2997 1375 3053 1426 δέ
3086 1375 3214 1444 ύμῖν
3260 1374 3414 1442 ῥῖψαί
3449 1391 3515 1443 με
3550 1374 3634 1434 είς

2053 1467 2154 1538 τὴν
2176 1467 2472 1532 θάλασσαν,
2506 1467 2581 1529 ὡς
2620 1466 2684 1520 ἂν
2713 1466 2823 1534 ἐγὼ
2849 1467 2999 1536 δοίην
3026 1466 3182 1527 δίκας
3209 1466 3348 1534 ὑπὲρ
3381 1464 3416 1517 ἃ
3445 1465 3631 1534 ἥμαρ-

2053 1577 2144 1612 τον
2172 1561 2249 1622 εἰς
2278 1559 2429 1622 Θεὸν,
2461 1560 2611 1613 αὐτοί
2637 1575 2696 1611 τε
2735 1559 2886 1611 λύσιν
2913 1558 3019 1610 τῶν
3049 1556 3382 1626 κατεχόντων
3414 1555 3632 1608 λάϐοιτε

2056 1653 2240 1706 κακῶν
2267 1669 2280 1682 ·
2336 1653 2451 1705 ἀλλ’
2497 1652 2691 1704 ἐκεῖνοί
2732 1668 2796 1719 γε
2848 1650 3112 1720 σφαλερὸν
3151 1645 3288 1702 εἶναι
3317 1647 3632 1718 νομίζοντες

378 1737 432 1785 in
470 1745 620 1785 mare
664 1739 868 1785 temere
911 1729 1174 1798 abjicere,
1212 1729 1416 1782 dabant
1450 1736 1672 1783 strenue
1701 1742 1946 1797 Operam,

2060 1743 2218 1813 ἄνδρα
2260 1742 2511 1796 τοσοῦτον
2557 1743 2650 1796 καὶ
2695 1741 2814 1813 Θεῷ
2850 1741 3192 1812 προσήκοντα
3237 1741 3316 1802 είς
3360 1738 3631 1792 θάλατταν

372 1825 421 1876 si
471 1822 584 1875 fieri
617 1831 801 1891 posset
834 1828 891 1875 ut
940 1819 1007 1874 ad
1047 1821 1176 1874 litus
1213 1821 1389 1874 navim
1440 1821 1796 1890 appellentes,
1827 1834 1951 1886 pro-

375 1914 589 1981 phetam
627 1921 984 1983 exponerent.
1042 1910 1149 1966 Sed
1203 1928 1326 1967 cum
1381 1911 1433 1966 id
1490 1913 1709 1982 assequi
1749 1911 1948 1980 ncqui-

375 2005 604 2069 vissent,
638 2004 964 2075 graviorque
990 2004 1158 2057 maris
1177 2011 1344 2058 aestus
1369 2003 1542 2067 fieret,
1567 2003 1776 2072 przefati
1805 2003 1948 2073 apud

377 2097 544 2149 Deum
587 2097 688 2160 rei,
737 2110 898 2164 quam
936 2095 1115 2149 acturi
1165 2103 1344 2156 erant,
1397 2096 1832 2156 excusationem,
1876 2095 1947 2148 ita

372 2189 591 2241 demum
615 2187 934 2258 prophetam
968 2186 1024 2240 in
1049 2201 1197 2240 mare
1219 2184 1561 2254 dejecerunt.

447 2477 614 2532 Vens.
652 2477 842 2531 H-lli.
876 2505 946 2516 —-
983 2475 1197 2545 Quippe
1220 2475 1296 2528 ait
1326 2472 1647 2540 Scriptura:
1692 2491 1710 2522 ι
1749 2473 1948 2527 Εκοῐδο

373 2574 664 2621 mavernnt
692 2565 758 2618 ad
790 2563 1078 2618 Dominum
1115 2561 1231 2618 :Ne
1261 2577 1564 2633 pereamus,
1597 2561 1846 2627 Domine,
1879 2563 1950 2617 ob

377 2659 539 2725 hujus
569 2655 805 2710 hominis
836 2656 1022 2719 vitam,
1061 2669 1236 2723 neque
1280 2653 1600 2723 sanguinem
1652 2653 1948 2707 innocuum

378 2752 536 2805 nobis
566 2749 822 2819 imputes,
853 2748 982 2817 quia
1013 2755 1090 2811 tu,
1125 2746 1374 2806 Domine,
1407 2756 1567 2816 prout
1600 2746 1696 2801 tibi
1733 2746 1946 2800 libitum

377 2844 476 2896 fuit
511 2857 624 2895 rem
649 2841 887 2909 gessisti.
926 2859 944 2891 i
981 2838 1058 2893 Ne
1098 2853 1310 2908 poenas,
1351 2839 1627 2907 inquiunt,
1679 2838 1747 2892 de
1788 2838 1949 2893 nobis

377 2946 585 2991 sumas.
611 2929 763 2997 quasi
808 2928 1078 2981 hominem
1107 2926 1316 2994 justum
1359 2927 1478 2979 sine
1501 2942 1668 2980 causa
1701 2927 1754 2979 in
1801 2941 1949 2980 mare

373 3023 704 3094 jecerimus;
745 3021 904 3076 nobis
933 3021 1076 3073 enim
1095 3034 1424 3089 magnopere
1450 3022 1505 3074 in
1532 3021 1674 3075 votis
1705 3028 1820 3074 erat
1854 3021 1949 3073 ho-

2059 1833 2242 1896 ἀπλῶς
2274 1835 2572 1905 ἐκρίπτειν,
2605 1834 2965 1903 ἐφιλονείκουν
2994 1832 3047 1883 εἴ
3071 1849 3187 1894 πως
3212 1825 3322 1884 οἷόν
3340 1848 3398 1883 τε
3421 1831 3512 1884 ἐπὶ
3529 1829 3632 1900 τὴν

2057 1928 2159 1997 γῆν
2195 1926 2595 1989 ἐπανελθόντες,
2641 1924 2813 1988 οὕτως
2844 1924 2936 1976 τοῦ
2989 1924 3172 1976 πλοίου
3208 1922 3296 1976 τὸν
3348 1923 3635 1994 προφήτην

2057 2012 2370 2081 ἐξαγαγεῖν·
2435 2015 2452 2067 ί
2477 2029 2528 2082 p.
2563 2013 2706 2081 248)
2761 2012 2946 2082 ἐπειδὴ
2998 2012 3054 2064 δέ
3107 2011 3265 2064 τοῦτο
3308 2014 3478 2064 ποιεῖν
3525 2012 3630 2063 οὐκ

2054 2105 2316 2176 ἠδύναντο
2361 2104 2734 2176 ἐπιτεινούσης
2776 2106 2960 2167 αὐτοῖς
3001 2103 3092 2156 τὸν
3129 2102 3370 2173 χειμῶνά
3399 2103 3498 2173 τῆς
3529 2103 3631 2156 θα-

2056 2199 2291 2269 λάσσης,
2344 2198 2809 2267 άπολογησάμενοι
2851 2197 2926 2265 τῷ
2967 2195 3084 2266 Θεῷ
3112 2195 3253 2268 ὑπὲρ
3281 2190 3340 2248 οὗ
3367 2196 3428 2267 δὴ
3459 2200 3631 2268 πράτ-

2054 2307 2170 2342 τειν
2213 2290 2476 2361 ἧμελλον,
2527 2289 2668 2343 οὓτω
2699 2291 2764 2359 τῇ
2810 2288 3054 2362 θαλάσσῃ
3097 2288 3190 2341 τὸν
3227 2290 3510 2361 προφήτην
3540 2291 3628 2341 ἐν.

2056 2382 2268 2436 ἐϐαλον.

2125 2472 2272 2541 Στίχ.
2301 2471 2495 2535 ιδ’-ις’.
2521 2502 2590 2511 -
2612 2471 2774 2539 Λέγει
2798 2472 2907 2543 γὰρ
2935 2470 3128 2534 οὕτως’
3164 2471 3303 2524 «Καὶ
3331 2469 3634 2539 ἀνεϐόησαν

2056 2564 2192 2634 πρὸς
2220 2561 2423 2634 Κύριον
2469 2563 2562 2615 καὶ
2607 2559 2786 2615 εἶπαν·
2823 2563 3124 2634 Μηδαμῶς.
3158 2563 3349 2634 Κύριε,
3389 2564 3461 2633 μὴ
3494 2563 3635 2614 ἀπο-

2055 2652 2271 2722 λὼμεθα
2303 2653 2488 2704 ἕνεκεν
2515 2654 2614 2721 τῆς
2641 2651 2819 2722 ψυχῆς
2848 2652 2938 2705 τοῦ
2967 2651 3254 2723 ἀνθρώπου
3283 2651 3490 2714 τούτου,
3533 2650 3632 2704 καί⁵

2059 2745 2132 2815 μὴ
2156 2744 2296 2813 δῴης
2330 2745 2412 2811 ἐφ’
2443 2744 2591 2813 ἡμᾶς
2619 2738 2757 2813 αἷμα
2782 2743 2990 2796 δίκαιον
3011 2761 3022 2775 υ
3062 2743 3194 2796 διότι
3230 2745 3314 2806 σὺ,
3348 2741 3534 2813 Κύριε,
3567 2741 3635 2794 ὃν

2054 2837 2250 2906 τρόπον
2279 2835 2498 2888 ἐϐούλου
2527 2835 2848 2906 πεποίηκας.
2877 2855 2896 2888 ι
2933 2835 3024 2905 Μὴ
3045 2837 3153 2905 γὰρ
3175 2835 3260 2906 δὴ,
3291 2835 3444 2905 φησὶ,
3465 2852 3638 2904 τιμω-

2059 2927 2178 2998 ρίαν
2208 2929 2338 2997 ήμῖν
2366 2928 2676 2997 ἐπαγάγῃς,
2707 2927 2783 2990 ὼς
2813 2927 2878 2981 ἂν
2907 2927 3111 2980 δίκαιον
3140 2927 3315 2997 μάτην
3345 2927 3636 2997 ῥίπτουσιν

2057 3022 2135 3083 εἰς
2165 3020 2458 3083 θάλασσαν,
2489 3021 2674 3090 ἐπειδὴ
2699 3022 2830 3090 ἡμῖν
2859 3020 2956 3090 μὲν
2983 3016 3050 3091 ἦν
3084 3020 3210 3089 περὶ
3240 3020 3490 3072 πλείστου
3521 3035 3630 3071 σω-

376 3117 574 3171 minem
598 3129 963 3170 conservare:
1005 3111 1100 3167 sed
1141 3112 1299 3166 aliter
1327 3112 1422 3165 tibi
1455 3113 1629 3167 visum
1670 3113 1796 3168 inde
1817 3127 1950 3166 con-

2060 3111 2211 3181 θῆναι
2236 3110 2328 3163 τὸν
2353 3112 2540 3181 ἄνδρα·
2573 3112 2632 3164 ού
2662 3113 2849 3181 γέγονε
2876 3112 2932 3165 δέ
2961 3111 3137 3176 τοῦτο,
3169 3112 3244 3174 ὡς
3268 3109 3410 3163 ἔοικέ
3439 3128 3519 3163 σοι
3551 3110 3630 3181 μὴ

374 3216 506 3270 stat,
539 3207 684 3277 quod
732 3215 890 3260 aucta
927 3205 1188 3275 procella,
1219 3203 1365 3256 haud
1415 3219 1518 3257 nos
1559 3205 1733 3259 sivisti
1789 3205 1950 3259 saluti

378 3299 614 3354 hominis
643 3299 948 3352 consulere.
983 3296 1078 3352 llis
1109 3313 1206 3366 pro
1241 3313 1298 3350 se
1332 3295 1474 3364 apud
1502 3294 1672 3348 Deum
1714 3312 1954 3365 perora—

375 3393 466 3452 tis,
495 3389 689 3443 .Ionatn
739 3389 874 3442 mari
911 3396 1254 3453 merserunt;
1290 3397 1454 3457 atque
1513 3389 1657 3441 illico
1702 3391 1954 3457 proter-liae

377 3479 757 3534 omnisfervor
781 3481 1022 3550 quievit:
1049 3480 1194 3534 unde
1224 3488 1276 3532 ct
1306 3479 1454 3548 gravi
1485 3487 1696 3533 terrore
1718 3479 1954 3549 correpti

377 3583 503 3628 sunt
537 3579 802 3637 vectores,
833 3573 1070 3642 supremi
1106 3571 1319 3624 Domini
1368 3571 1608 3639 potentia
1631 3572 1832 3641 agnita.
1861 3571 1952 3640 qui

378 3680 528 3719 mare
553 3679 653 3733 pro
686 3664 838 3718 Iibito
865 3673 1268 3727 commoverat,
1309 3663 1608 3733 eodemque
1642 3679 1763 3716 mox
1801 3663 1954 3718 libito

377 3759 624 3828 quietum
660 3756 1009 3826 praestiterat.
1060 3755 1198 3810 Exin
1233 3755 1471 3822 additur,
1509 3754 1653 3824 quod
1693 3772 1710 3804 ι
1757 3763 1810 3807 et
1847 3753 1952 3804 Do-

378 3852 530 3904 mino
585 3849 1033 3910 sacriﬁcaverint.
1083 3856 1137 3904 et
1189 3858 1309 3903 vota
1359 3849 1732 3916 conceperint.
1764 3865 1782 3897 ι
1835 3844 1954 3899 Νοη

379 3942 523 4012 quod
554 3941 624 3995 ibi
659 3942 840 3996 statim
864 3940 1096 3995 Domino
1127 3956 1282 3995 sacra
1312 3939 1575 4002 fecerint;
1605 3954 1780 4007 neque
1809 3938 1952 3992 enim

383 4033 436 4086 in
476 4031 602 4085 navi
639 4032 850 4086 hostias
888 4031 1123 4085 oblaturi
1151 4039 1306 4086 erant
1344 4051 1355 4084 :
1401 4030 1495 4084 sed
1541 4028 1823 4099 Scriptura
1875 4029 1954 4083 si-

381 4123 620 4194 gniﬁcat,
653 4131 898 4178 vectores
936 4123 1058 4177 illos
1080 4123 1238 4192 plane
1278 4122 1343 4176 ab
1367 4121 1526 4176 idolis
1547 4119 1836 4181 defecisse,
1873 4135 1956 4175 se-

381 4231 488 4283 quo
522 4214 612 4268 Dei
643 4214 813 4268 cultui
847 4212 1160 4279 addixisse;
1195 4213 1299 4269 tide
1334 4213 1480 4277 data,
1517 4227 1576 4267 se
1605 4213 1860 4281 deinceps
1900 4213 1952 4267 in

380 4309 502 4376 cjus
531 4306 791 4360 famulatu
834 4306 1070 4366 futuros.
1098 4307 1418 4376 debitasque
1462 4304 1711 4359 victimas
1755 4305 1954 4360 immo-

382 4403 610 4456 laturos.
645 4401 700 4455 Id
732 4403 874 4455 enim
911 4400 1182 4470 significat
1210 4408 1334 4452 vola
1358 4397 1668 4466 concipere.

2054 3202 2244 3256 δοκοῦν
2265 3243 2279 3266 ,
2316 3205 2407 3272 ἀφ’
2439 3197 2513 3257 ὧν
2537 3205 2942 3275 ἐπιτεινόμενος
2975 3207 3004 3257 ό
3037 3204 3242 3257 κλύδων
3271 3206 3444 3256 ποιεῖν
3475 3205 3629 3274 ἡμᾶς

2054 3295 2121 3348 τά
2152 3299 2230 3358 είς
2262 3297 2532 3365 σωτηρίαν
2558 3296 2652 3349 τοῦ
2683 3296 2970 3367 ἀνθρώπου
2997 3298 3096 3350 οὐκ
3123 3298 3210 3350 εἷα
3233 3314 3246 3326 ·
3280 3296 3420 3349 οὕτω
3452 3313 3510 3348 τε
3537 3297 3629 3349 διὰ

2055 3387 2261 3438 τούτων
2312 3386 2836 3455 ἀπολογησόμενοι
2880 3387 2960 3453 τῷ
3009 3385 3130 3452 Θεῷ
3185 3387 3292 3440 τῶν
3343 3387 3629 3457 ῥημάτων,

2055 3477 2307 3531 ἐνέϐαλον
2349 3477 2438 3530 τὸν
2484 3478 2664 3531 Ἱωνᾶν
2713 3481 2793 3542 είς
2819 3480 2914 3550 τὴν
2951 3479 3256 3533 θάλασσαν’
3286 3479 3379 3531 καὶ
3413 3477 3572 3540 εὐθὺς
3599 3478 3632 3530 6

2055 3567 2260 3621 κλύδων
2289 3569 2430 3630 ἅπας
2457 3569 2732 3624 ἐπαύσατο
2755 3587 2767 3600 ·
2811 3571 2951 3624 ὥστε
2985 3571 3080 3624 καὶ
3110 3573 3257 3643 φόϐῳ
3283 3571 3500 3641 μεγάλῳ
3528 3589 3633 3624 κα-

2054 3661 2381 3731 τασχεθῆναι
2419 3663 2541 3723 τοὺς
2574 3663 2802 3733 ἄνδρας,
2846 3663 3213 3734 θεασαμένους
3246 3664 3344 3736 τὴν
3378 3664 3632 3728 ἐξουσίαν

2053 3752 2147 3804 τού
2179 3753 2393 3805 πάντων
2423 3755 2648 3826 Κυρίου,
2675 3755 2732 3817 ὃς
2763 3756 2854 3808 καὶ
2885 3756 3200 3828 συνεκίνησε
3229 3757 3326 3826 τὴν
3352 3755 3628 3810 θάλασσαν

2055 3844 2130 3908 ὡς
2159 3845 2406 3898 ἐϐούλετο
2430 3886 2444 3908 ,
2491 3848 2586 3899 καὶ
2617 3846 2896 3917 βουληθεὶς
2925 3848 3094 3918 αὐτὴν
3139 3849 3266 3902 εὐθὺ
3311 3849 3401 3901 καὶ
3447 3865 3633 3919 παρα-

2056 3938 2244 4008 χρῆμα
2272 3939 2450 3991 πᾶσαν
2485 3940 2564 4002 είς
2597 3939 2836 4012 γαλήνην
2874 3941 3217 4012 μετέστησεν.
3253 3937 3387 3994 Εἶτα
3411 3943 3630 4008 ἐπάγει,

2055 4033 2135 4084 ὃτι
2177 4051 2193 4082 ι
2226 4033 2334 4084 Καὶ
2360 4031 2557 4085 ἔθυσαν
2590 4034 2668 4102 τῷ
2714 4034 2903 4105 Κυρίῳ
2949 4037 3042 4087 καὶ
3085 4033 3316 4105 ηὔξαντο
3360 4035 3521 4106 εὐχάς
3547 4052 3561 4066 ·
3607 4057 3626 4087 ι

2053 4123 2151 4192 οὐχ
2179 4124 2259 4175 ὃτι
2292 4126 2441 4194 παρὰ
2475 4125 2614 4176 αὐτὰ
2640 4125 2838 4180 ἔθυσαν
2860 4127 2938 4196 τῷ
2966 4127 3154 4198 Κυρίῳ
3186 4127 3360 4194 λέγων
3378 4145 3392 4160 ο
3435 4128 3496 4180 ού
3521 4129 3633 4200 γὰρ

2055 4215 2148 4268 ἐπὶ
2184 4215 2276 4268 τοῦ
2309 4215 2495 4268 πλοίου
2533 4216 2722 4280 θυσίας
2756 4218 2987 4287 ἤμελλον
3038 4218 3304 4271 ἐπιτελεῖν
3330 4235 3342 4248 ·
3392 4217 3504 4271 ἀλλ’
3541 4219 3634 4274 ἵνα

2058 4306 2186 4376 εἴπῃ
2232 4306 2313 4358 ὅτι
2357 4306 2465 4358 τῶν
2515 4308 2747 4361 εἰδώλων
2797 4308 3074 4370 παντελῶς
3122 4308 3450 4370 ἀποστάντες
3473 4347 3488 4370 ,
3538 4308 3635 4360 ἀν-

2057 4399 2248 4455 έθεσαν
2297 4402 2494 4466 αὐτοὺς
2537 4404 2602 4472 τῇ
2632 4399 2725 4453 τοῦ
2777 4399 2912 4452 Θεοῦ
2959 4400 3214 4471 λατρεία,
3265 4399 3488 4470 (ρ.249)
3535 4401 3634 4452 καὶ

380 4499 678 4567 ὑπέσχοντο
700 4495 793 4548 τοῦ
823 4495 1009 4549 λοιποῦ
1033 4497 1130 4565 τῆς
1157 4495 1320 4548 αὑτοῦ
1348 4492 1590 4555 δουλείας
1618 4490 1956 4558 ἀνθέξεσθαι,
1991 4495 2139 4555 αύτῷ
2174 4513 2232 4550 τε
2262 4499 2355 4550 καὶ
2385 4497 2484 4558 τάς
2515 4494 2862 4565 καθηκούσας
2899 4495 3190 4566 προσάξειν
3219 4493 3404 4556 θυσίας
3428 4511 3443 4526 ⁸
3472 4493 3636 4546 τοῦτο

381 4595 488 4664 γὰρ
516 4593 664 4661 λέγει
694 4592 776 4655 τὸ,
811 4592 1084 4656 Ηῦξαντο
1120 4589 1323 4659 εὐχάς.

1037 4683 1191 4736 CAP.
1215 4681 1277 4736 Il.

455 4775 602 4829 Vens
625 4774 736 4826 1-7.
765 4803 835 4814 -
863 4772 1034 4828 Porro
1060 4771 1228 4828 Jonas
1254 4774 1388 4827 mari
1414 4775 1602 4842 perdiu
1625 4773 1952 4846 jactabatur,

385 4864 559 4918 donec
601 4861 744 4917 Deus
766 4869 888 4916 ceto
937 4863 1128 4932 grandi
1165 4862 1471 4927 mandavit,
1517 4873 1578 4918 ut
1629 4862 1952 4930 naufragum

385 4957 706 5010 devoraret:
761 4953 920 5021 cujus
970 4955 1024 5006 in
1064 4964 1252 5009 ventre
1292 4964 1406 5010 tres
1456 4956 1574 5011 dies
1603 4955 1804 5010 mansit
1831 4963 1966 5008 tres-

387 5062 492 5115 que
513 5053 705 5100 noctes
740 5043 1090 5114 incorruptus
1122 5045 1280 5113 plane
1311 5047 1614 5117 propheta:
1656 5049 1727 5101 ita
1764 5054 1824 5100 ut
1850 5047 1965 5115 ipse

389 5140 602 5192 mirans
625 5152 779 5192 suam
812 5137 954 5190 intra
989 5137 1616 5192 cetumlncolumitatem
1651 5147 1704 5193 et
1727 5138 1959 5207 integri-

388 5239 578 5292 tatem,
628 5227 787 5300 164
836 5227 964 5281 dum
1007 5229 1077 5281 ibi
1113 5243 1210 5281 ceu
1253 5229 1307 5283 in
1357 5229 1685 5284 domuncula
1728 5230 1963 5300 quadam

392 5333 504 5377 tute
527 5321 700 5392 degit,
731 5334 1031 5375 conversus
1062 5319 1127 5372 ad
1164 5335 1356 5388 preces
1399 5331 1506 5385 est,
1556 5339 1696 5393 quas
1729 5339 1794 5378 ex
1851 5323 1958 5376 ceti

390 5423 578 5469 ventre
613 5413 680 5467 ad
707 5412 876 5467 Deum
925 5411 1063 5465 fudit
1094 5430 1106 5466 :
1139 5427 1372 5482 quarum
1401 5430 1624 5485 precum
1658 5417 1771 5470 haec
1794 5415 1959 5470 verba

393 5512 523 5560 sunt
545 5521 560 5558 :
581 5523 599 5556 ι
631 5503 873 5559 Clamavi
910 5501 979 5559 ad
1005 5501 1297 5558 Dominum
1328 5504 1493 5560 Deum
1526 5522 1727 5571 meum,
1755 5507 1846 5576 qui
1873 5523 1960 5562 me

389 5596 706 5652 exaudivit:
741 5595 998 5651 emissam
1032 5595 1100 5650 de
1133 5605 1324 5651 ventre
1365 5595 1526 5652 inferi
1557 5586 1812 5652 clamoris
1855 5597 1956 5652 mei

392 5703 575 5742 vocem
607 5687 948 5743 auscultasti.
986 5706 1002 5738 ι
1043 5685 1378 5744 Gravissima
1410 5703 1666 5758 pressura
1690 5689 1956 5752 irretitus,

2711 4678 2867 4728 ΚΕΦ.
2911 4677 2986 4729 B'.

2133 4772 2278 4842 Στίχ.
2313 4773 2448 4837 α’-ζ’.
2474 4802 2541 4810 --
2581 4772 2636 4824 '0
2672 4772 2767 4841 μὲν
2796 4767 2888 4824 οὖν
2931 4772 3111 4834 Ἰωνᾶς
3143 4771 3235 4823 ἐπὶ
3265 4769 3511 4824 πλεῖστον
3541 4771 3638 4823 ἐπὶ

2063 4863 2162 4932 τῆς
2197 4863 2470 4933 θαλάσσης
2501 4863 2724 4932 ἐφέρετο
2749 4879 2764 4894 ο
2814 4861 3113 4932 προσέταξε
3143 4862 3199 4915 δὲ
3243 4863 3272 4914 6
3311 4862 3444 4925 Θεὸς
3477 4864 3637 4932 κήτει

2065 4955 2284 5026 μεγάλῳ
2326 4956 2417 5008 ἐπὶ
2444 4955 2542 5024 τῆς
2581 4954 2854 5024 θαλάσσης
2905 4956 3202 5025 φερόμενον
3230 4959 3515 5008 καταπιεῖν
3541 4956 3638 5008 τὸν

2074 5045 2276 5109 Ἰωνᾶν,
2308 5041 2476 5118 οὗπερ
2510 5047 2568 5098 ἐν
2599 5049 2666 5115 τῇ
2699 5045 2876 5117 κοιλίᾳ
2904 5049 3050 5118 τρεῖς
3082 5046 3294 5117 ἡμέρας
3330 5064 3390 5100 τε
3419 5047 3514 5100 καὶ⁸
3538 5045 3635 5099 νύ-

2063 5155 2194 5200 κτοις
2240 5139 2535 5208 πεποίηκεν
2577 5138 2898 5209 ἀδιάφθορος
2928 5138 3205 5199 παντελῶς
3247 5139 3275 5190 ό
3303 5141 3590 5208 προφήτης
3619 5155 3633 5167 ·

2063 5229 2202 5281 ὥστε
2241 5230 2335 5282 καὶ
2367 5229 2526 5281 αὑτὸν
2555 5228 2911 5298 θαυμάσαντα
2934 5272 2946 5293 ,
2997 5229 3077 5281 ὅτι
3112 5245 3217 5297 περ
3260 5227 3500 5298 ἀϐλαϐὴς
3543 5229 3639 5282 ἐπὶ

2065 5320 2156 5374 τοῦ
2199 5322 2395 5390 κήτους
2442 5321 2782 5389 πεφύλακται
2830 5322 2923 5375 καὶ
2971 5321 3292 5392 ἀδιάφθορος
3337 5320 3636 5386 παντελῶς,

2067 5415 2141 5478 ὼς
2187 5416 2245 5467 ἐν
2293 5414 2521 5486 οἰκίσκῳ
2565 5417 2670 5468 τινὶ
2723 5415 2861 5486 μετά
2910 5415 3108 5486 πολλῆς
3157 5417 3493 5487 τυγχάνοντα
3539 5417 3640 5483 τῆς

2065 5506 2383 5576 ἀσφαλείας,
2409 5507 2499 5559 ἐπὶ
2529 5507 2836 5578 προσευχὴν
2864 5509 3132 5578 τραπῆναι
3154 5549 3168 5567 ,
3203 5508 3271 5578 ἢν
3296 5509 3358 5560 ἐκ
3403 5509 3500 5580 τῆς
3532 5527 3640 5563 κοι·

2065 5597 2186 5662 λίας
2205 5598 2297 5651 τοῦ
2329 5600 2525 5669 κήτους
2542 5600 2822 5670 ἀνέπεμπε
2845 5601 2920 5670 τῷ
2947 5601 3082 5671 Θεῷ.
3114 5601 3195 5655 Τὰ
3214 5601 3269 5654 δὲ
3285 5601 3386 5672 τῆς
3408 5619 3650 5674 προσευ-Ι

2066 5687 2168 5758 χῆς
2197 5689 2417 5759 ῥήματα
2442 5689 2626 5743 τοῦτον
2655 5689 2767 5759 ἔχει
2795 5691 2884 5744 τὸν
2910 5691 3108 5760 τρόπον
3130 5707 3143 5722 ο
3197 5710 3217 5743 ‹
3239 5690 3469 5762 Ἐδόησα
3501 5689 3640 5762 πρὸς
