3844 6222
209 390 324 448 357

1275 394 1832 452 COMMENTARIUS
1869 395 1934 449 IN
1959 394 2151 451 ,ΙΟΝᾹΞ
2189 398 2342 453 CAP.
2384 397 2449 453 Ιί.

3377 389 3483 442 ὄἊ

216 515 426 585 Κύριον
453 513 543 567 τὸν
566 513 697 567 Θεόν
727 532 852 585 μου,
891 515 986 568 καὶ
1025 515 1309 586 είσήκομσέ
1341 532 1463 586 μου·
1496 518 1560 570 ἐκ
1593 517 1799 580 κοιλίας

1910 525 2067 586 atque
2102 517 2156 570 in
2182 517 2316 587 ipsis
2351 519 2565 582 inferis,
2590 515 2898 585 desperatis
2928 512 3140 568 scilicet
3166 509 3345 570 malis,
3369 524 3463 564 ver

212 605 348 676 ᾅδου
378 607 626 676 κραυγῆς
663 622 764 675 μου
790 607 1048 676 ῆκουσας,
1077 606 1260 674 φωνῆς
1291 622 1413 676 μου.
1437 625 1456 658 ›
1509 607 1597 659 Ἐν
1629 607 1798 676 βαρυ-

213 710 358 768 τάτῃ
378 696 556 765 θλίψει
580 697 862 767 τυγχάνων
885 698 978 750 καὶ
1002 699 1059 750 ἐν
1083 697 1230 766 αὑτῷ
1250 715 1312 765 γε
1338 699 1414 769 τῷ
1441 698 1541 771 ᾅδῃ
1564 699 1802 768 γεγονὼς

213 791 283 858 τῇ
319 788 425 840 τῶν
453 789 637 842 κακῶν
659 787 984 858 ἀπογνώσει,
1016 788 1218 859 ἐϐόησά
1247 809 1304 843 τε
1335 792 1472 862 πρὸς
1504 792 1562 844 σὲ
1589 792 1683 844 καὶ
1703 792 1803 844 οὑκ

216 879 492 948 ἀπέτυχον
525 878 634 932 τῶν
663 881 951 950 αἰτήσεων.
1005 897 1024 929 ι
1065 878 1402 950 Ἀπέρῤιψάς
1437 897 1503 950 με
1552 882 1630 942 εἰς
1663 879 1801 950 βάθη

220 971 450 1042 καρδίας
507 971 827 1041 θαλάσσης,
885 972 978 1025 καὶ
1027 971 1262 1041 ποταμοί
1331 989 1396 1042 με
1451 971 1798 1025 ἐκύκλωσαν·

219 1064 423 1126 πάντες
469 1064 518 1116 οἱ
556 1065 924 1134 μετεωρισμοί
956 1080 1049 1116 σου
1090 1064 1185 1118 καὶ
1226 1065 1293 1118 τά
1323 1065 1547 1134 κύματά
1581 1081 1674 1117 σου
1715 1066 1802 1117 ἐπ’

217 1158 323 1228 ἐμὲ
349 1155 581 1227 διῆλθον.
613 1176 633 1208 ι
685 1156 1061 1224 Ἀποφυγόντα
1089 1157 1199 1228 γὰρ
1237 1157 1335 1226 τὴν
1376 1158 1677 1228 ὑπουργίαν
1704 1158 1804 1228 τὴν

220 1251 344 1319 σὴν,
372 1250 638 1319 ἐμπεσεῖν
670 1264 729 1300 τε
759 1250 826 1318 τῇ
854 1247 1093 1320 θαλάττῃ
1124 1250 1452 1318 πεποίηκας,
1483 1250 1578 1301 καὶ
1606 1247 1803 1301 πολλοῦ

218 1358 368 1404 τινος
401 1340 726 1412 πειραθῆναι
752 1339 844 1392 τοῦ
888 1340 1155 1404 κλύδωνος
1183 1359 1196 1372 ·
1247 1342 1335 1409 ὑφ’
1363 1336 1424 1394 οὗ
1461 1341 1526 1412 δὴ
1552 1340 1688 1408 ἄγαν
1711 1358 1804 1394 τα-

219 1431 562 1502 ραττομένης
600 1431 699 1499 τῆς
739 1431 1006 1502 θαλάττης
1056 1432 1314 1502 ποταμῶν
1357 1431 1511 1502 δίκην
1555 1431 1805 1484 ἐντεῦθεν

218 1523 449 1594 ἐπέρρει
487 1540 576 1592 μοι
607 1523 715 1576 τῶν
754 1525 1013 1594 κυμάτων
1041 1524 1111 1576 τά
1140 1523 1327 1576 ὕδατα.
1372 1526 1448 1592 (ρ.
1481 1524 1608 1593 250)
1643 1541 1660 1573 ι
1696 1523 1806 1576 Καὶ

218 1613 335 1681 ἐγὼ
367 1611 517 1666 εἷπον
543 1631 556 1644 ·
597 1614 882 1685 ’Λπῶσμαι
913 1614 973 1679 ἐξ
1008 1615 1302 1684 ὀφθαλμῶν
1334 1632 1427 1667 σου
1450 1632 1463 1645 ·
1497 1611 1604 1686 ἆρα
1635 1630 1802 1685 προσ-

221 1705 376 1776 θήσω
421 1705 513 1758 τοῦ
538 1705 824 1774 ἐπιϐλέψαι
848 1707 982 1776 πρὸς
1007 1707 1130 1761 ναὸν
1152 1707 1242 1760 τὸν
1264 1709 1418 1776 ἆγιόν
1444 1725 1535 1761 σου
1557 1724 1571 1772 ;
1607 1727 1625 1758 ι
1670 1707 1806 1760 Ὑπὸ

218 1801 354 1867 γοῦν
383 1801 480 1868 τῆς
505 1800 614 1851 τῶν
642 1800 827 1852 κακῶν
841 1801 1150 1872 ἀμηχανίας
1177 1800 1538 1872 ἐκϐεϐλῆσθαι
1561 1804 1659 1871 τῆς
1681 1819 1808 1872 προ-

1906 625 2054 674 sans,
2114 611 2344 665 clamavi
2397 609 2466 664 ad
2497 619 2590 674 te;
2629 623 2808 678 neque
2843 606 3000 660 irrita
3038 603 3141 659 fuit
3189 601 3485 674 postulatio

1906 715 2046 754 mea.
2085 720 2104 751 ι
2141 700 2431 771 Projecisti
2463 715 2550 755 me
2576 702 2630 752 in
2665 697 2996 769 profundum
3022 694 3192 749 maris
3227 708 3345 757 eor,
3386 708 3486 745 un-

1905 791 2095 860 daeque
2129 806 2215 845 tne
2235 791 2668 855 concluserunt;
2702 801 2895 841 omnes
2919 793 3086 841 aestus
3132 785 3210 838 tui
3257 782 3486 837 ﬂuctus-

1906 897 2012 950 que
2033 897 2200 950 super
2230 897 2317 937 me
2348 882 2704 937 transierunt.
2737 900 2755 931 ι
2800 879 2904 944 Qui
2952 877 3179 948 perfuga
3226 890 3376 930 eram
3416 874 3487 928 ah

1906 972 2215 1027 obedientia
2244 983 2358 1039 tua,
2397 972 2605 1027 curasti
2641 979 2700 1024 ut
2728 969 2783 1023 in
2816 984 2968 1023 mare
3004 967 3327 1031 inciderem,
3377 965 3486 1020 ibi-

1905 1083 2011 1136 que
2031 1067 2302 1136 ingentem
2336 1065 2613 1134 experirer
2652 1061 2947 1131 procellam
2977 1075 2990 1110 :
3022 1074 3131 1129 qua
3149 1057 3280 1112 dum
3312 1071 3484 1116 mare,

1907 1159 2147 1213 ﬂuminis
2175 1158 2369 1220 instar,
2402 1157 2658 1226 agitatur,
2701 1168 2802 1222 ego
2833 1151 3053 1220 quidem
3078 1165 3342 1219 aquarum
3374 1165 3488 1200 voi-

1907 1251 2108 1305 ticibus
2144 1263 2556 1319 quaqueversus
2585 1246 2875 1298 obrnehar.
2916 1263 2934 1293 ‹
2977 1242 3041 1295 Et
3062 1257 3163 1312 ego
3193 1240 3306 1295 dixi
3337 1259 3350 1294 :
3380 1237 3488 1293 Re-

1902 1337 2082 1413 fectus
2113 1359 2234 1397 sum
2264 1341 2453 1412 praeul
2499 1338 2677 1393 oculis
2722 1339 2848 1390 tuis.
2887 1334 3033 1394 Num
3081 1337 3262 1389 denuo
3295 1333 3488 1388 videbo

1908 1437 2165 1504 templum
2219 1443 2469 1488 sanctum
2521 1429 2719 1484 tuum?
2772 1448 2790 1480 ι
2849 1427 2946 1483 His
3004 1443 3090 1482 me
3152 1427 3311 1480 malis
3360 1441 3484 1478 cum

1905 1526 2162 1598 expedire
2218 1525 2546 1596 nequirem,
2597 1524 2880 1578 exclusum
2948 1537 3034 1574 me
3090 1521 3410 1588 reputabam
3457 1534 3488 1568 a

1908 1618 2247 1689 providentia
2279 1625 2407 1682 tua;
2447 1616 2765 1684 nullamque
2819 1623 3078 1683 praeterea
3122 1626 3274 1680 spem
3342 1610 3489 1664 l'o~e—

1907 1714 2055 1776 bam,
2099 1713 2214 1766 fore
2251 1721 2308 1764 ut
2349 1710 2405 1763 in
2459 1709 2721 1778 templum
2759 1718 2911 1761 tuum
2942 1720 3196 1760 reversus
3251 1703 3487 1773 legitima

1909 1803 2268 1872 perfungerer
2334 1799 2620 1869 religione.
2695 1796 2906 1867 Quippe
2959 1797 3111 1850 illinc
3172 1795 3488 1864 longissime

217 1893 373 1955 νοίας
405 1891 563 1962 ᾠμην
603 1892 703 1962 τῆς
735 1894 852 1963 σῆς,
891 1895 985 1946 καὶ
1015 1894 1272 1964 οὐδεμίαν
1308 1891 1450 1965 εἶχον
1476 1894 1665 1947 ἐλπίδα
1692 1895 1804 1946 λοι-

1910 1895 2149 1956 abcram,
2185 1892 2529 1964 gravissimis
2557 1891 2854 1959 implicutus
2879 1887 3306 1943 calamitatibus.
3351 1906 3369 1935 ι
3395 1884 3475 1938 0|-

217 1985 325 2035 πὸν
343 1984 434 2036 τοὺ
470 1985 760 2054 γενόμενος
790 1986 848 2036 ἐν
876 1985 1088 2056 τῷναῷ
1121 2003 1211 2039 σου
1240 1985 1318 2056 τῷ
1351 1987 1490 2056 ἁγίῳ
1514 1985 1610 2056 τὴν
1641 1985 1806 2056 καθή⁴

217 2093 423 2129 κουσαν
448 2077 702 2130 ἀποτῖσαί
733 2095 814 2130 σοι
849 2077 1145 2150 θρησκείαν
1165 2095 1177 2108 ·
1208 2078 1302 2132 ἆτε
1338 2079 1526 2150 πόρρω
1555 2095 1613 2130 τε
1639 2076 1806 2129 αὑτοῦ

215 2169 530 2238 τυγχάνων,
560 2171 654 2222 καὶ
681 2170 1002 2240 βαρυτάτοις
1034 2170 1567 2241 περιεστοιχισμένος
1588 2172 1803 2232 κακοῖς.

224 2279 243 2310 ι
274 2259 580 2332 Περιεχύθη
609 2279 698 2331 μοι
731 2260 876 2333 ὕδωρ
901 2261 1004 2325 ἐως
1038 2259 1216 2332 ψυχῆς
1256 2279 1378 2331 μου.
1412 2281 1430 2312 ι
1492 2261 1670 2331 Αὐτῆς
1704 2278 1806 2330 μου

213 2355 321 2424 τῆς
349 2353 526 2424 ψυχῆς
571 2353 830 2408 καθίκετο
876 2353 984 2407 τῶν
1022 2353 1531 2425 περικεχυμένωνή
1571 2355 1804 2426 ταραχή.

223 2466 242 2496 ‹
271 2447 540 2509 Ἀϐυσσος
571 2445 849 2499 ἐκύκλωσέ
879 2463 944 2516 με
971 2445 1198 2516 ἐσχάτη.
1225 2465 1243 2496 ι
1283 2446 1355 2498 Τὸ
1387 2445 1690 2500 τελευταῖον
1715 2447 1806 2499 ὑπ’

216 2537 392 2606 αὑτῆς
421 2536 728 2608 κατεπόθην
760 2536 854 2606 τῆς
886 2536 1143 2590 ἀϐύσσου.
1190 2554 1208 2587 ι
1241 2536 1367 2588 Ἕδυ
1403 2539 1436 2606 ἡ
1464 2536 1672 2606 κεφαλή
1705 2552 1806 2606 μου

218 2632 304 2690 εἰς
349 2628 585 2699 σχισμάς
636 2628 827 2695 ὀρέων.
865 2647 883 2679 ι
937 2627 1252 2681 Διαλάττειν
1297 2645 1356 2680 τε
1400 2629 1550 2681 οὑδέν
1592 2628 1810 2681 ἐδόκουν

218 2719 446 2793 ἐμαυτῷ
481 2719 574 2774 τοῦ
625 2720 681 2772 ἐν
732 2719 1061 2791 διαιρέσεσιν
1116 2720 1287 2791 ὀρέων
1339 2719 1669 2790 βαρυτάταις
1709 2721 1806 2792 λη-

219 2813 470 2884 φθέντος,
507 2807 626 2864 εἶτα
660 2813 768 2864 τῶν
802 2813 972 2883 ὀρέων
1009 2813 1101 2864 ἐπὶ
1125 2812 1320 2864 ταυτὸν
1349 2811 1808 2881 συνεληλυθότων,

217 2903 478 2974 οὐδεμίαν
507 2902 797 2972 ἀποφυγῆς
835 2903 1142 2972 εὑρίσκοντι
1168 2900 1354 2954 λοιπὸν
1387 2903 1596 2957 ἐλπίδα.
1625 2923 1642 2954 ι
1670 2905 1812 2957 Κατ·

220 2997 356 3068 έϐην
388 2999 466 3060 εἰς
493 2996 619 3066 γῆν,
657 2991 725 3066 ἦς
764 2997 811 3048 οί
863 2995 1050 3065 μοχλοὶ
1079 2995 1247 3067 αὑτῆς
1282 2995 1501 3066 κάτοχοι
1533 2995 1759 3053 αἰώνιοι.
1786 3017 1805 3049 ι

222 3084 360 3141 Εἶτα
394 3086 600 3140 ἐκεῖθεν
646 3086 914 3152 διεδέξατό
947 3104 1012 3156 με
1063 3086 1123 3138 τὸ
1160 3087 1325 3156 κῆτος
1350 3129 1364 3152 ,
1420 3088 1512 3140 καὶ
1556 3089 1658 3160 γῆν
1691 3105 1812 3142 τινα

218 3182 395 3233 οἰκεῖν
445 3179 698 3243 ἐδόκουν,
756 3177 816 3240 ἐξ
866 3175 933 3248 ἦς
967 3179 1267 3246 ἀποφυγεῖν
1323 3177 1402 3249 τῷ
1457 3181 1810 3249 κατεχομένῳ

1911 1989 2044 2042 fusa:
2083 1987 2216 2038 mihi
2242 1994 2372 2039 sunt
2403 2000 2558 2054 aqua:
2604 1999 2776 2054 usque
2804 1984 2871 2036 ad
2899 1983 3159 2035 animam.
3188 1999 3207 2030 ι
3248 1981 3490 2032 Circum-

1909 2079 2175 2132 stantium
2225 2079 2496 2130 malorum
2539 2085 2782 2131 terrores
2808 2076 2875 2129 ad
2916 2075 3089 2144 ipsam
3122 2072 3364 2126 animam
3395 2087 3488 2139 pe-

1910 2178 2287 2224 netraverunt.
2321 2170 2469 2221 «lina
2492 2184 2577 2222 me
2619 2168 2840 2220 vallavit
2877 2168 3132 2236 abyssus.
3178 2184 3197 2215 ι
3238 2163 3484 2233 Denique

1908 2264 2126 2332 gurgite
2160 2261 2456 2330 absorptus
2479 2276 2622 2312 sum.
2669 2278 2686 2310 ‹
2729 2260 2904 2328 Caput
2940 2273 3119 2313 memn
3166 2258 3220 2310 in
3265 2259 3492 2310 lissnras

1909 2357 2178 2408 montium
2212 2354 2512 2407 demissum
2543 2360 2648 2406 est.
2687 2373 2704 2403 ι
2750 2351 2898 2405 Nihil
2930 2351 3064 2404 mihi
3093 2350 3313 2404 diﬂ'erre
3346 2349 3493 2403 vide-

1909 2449 2010 2502 bar
2031 2448 2099 2500 ah
2134 2446 2202 2500 iis
2241 2445 2333 2516 qui
2374 2445 2429 2498 in
2466 2445 2719 2498 cavernis
2763 2443 3031 2498 montium
3073 2442 3356 2496 altissimis
3394 2439 3492 2493 de-

1911 2536 2175 2597 tinentur,
2217 2535 2291 2588 ita
2333 2542 2392 2588 ut
2432 2535 2757 2590 coeuntibus
2787 2534 2842 2587 iit
2899 2549 2959 2588 se
3006 2532 3307 2596 montibus,
3345 2534 3492 2585 nulla

1911 2643 2037 2698 Spes
2078 2626 2345 2682 evadendi
2400 2627 2612 2695 reliqua
2665 2627 2758 2680 sit.
2805 2644 2824 2676 ι
2873 2624 3142 2680 Descendi
3196 2626 3340 2678 intra
3390 2629 3492 2676 hu-

1911 2736 2083 2784 mum,
2120 2719 2280 2790 cujus
2307 2728 2493 2774 vectes
2533 2727 2736 2772 aeterna
2764 2718 3067 2772 retinacula
3106 2726 3256 2772 sunt.
3299 2737 3318 2768 ι
3356 2715 3493 2770 Tum

1911 2815 1985 2868 ibi
2017 2829 2105 2868 me
2143 2813 2357 2884 excepit
2405 2825 2584 2878 cetus,
2643 2813 2791 2865 intra
2837 2826 2998 2880 quem
3055 2817 3256 2864 terram
3313 2825 3493 2877 quam-

1911 2907 2038 2960 dam
2081 2905 2308 2960 videbar
2355 2905 2632 2968 incolere,
2685 2902 2828 2958 unde
2867 2903 3101 2957 evadere
3139 2901 3361 2955 detento
3399 2901 3493 2953 ho-

1911 2995 2046 3049 mini
2111 3010 2342 3065 prorsus
2393 3010 2504 3048 non
2566 2995 2786 3049 licebat.
2853 2992 3162 3064 Caeteroqui
3201 2992 3494 3046 incolumis

1912 3089 2062 3144 intus
2103 3089 2289 3142 divino
2329 3096 2466 3141 nutu
2506 3102 2727 3151 servor,
2769 3101 3084 3156 quanquam
3130 3097 3334 3140 emtum
3375 3086 3490 3138 nul-

1915 3180 2026 3234 lum
2069 3183 2382 3235 nanciscor.

221 3275 448 3327 δυνατὸν
482 3270 731 3342 οὑδαμῶς
774 3270 1012 3342 ὑπῆρξεν
1037 3287 1049 3299 °
1091 3270 1332 3342 ἀϐλαϐὴς
1375 3271 1472 3337 μὲν
1507 3269 1652 3323 ἔνδον
1680 3275 1745 3342 τῇ
1777 3271 1896 3343 θείᾳ
1947 3275 2174 3345 προνοίᾳ
2207 3272 2628 3344 φυλαττόμενος,
2671 3269 2768 3342 τὴν
2801 3268 3010 3322 ἐκεῖθέν
3037 3285 3097 3320 τε
3129 3267 3347 3321 ἔκδυσιν
3379 3269 3496 3339 ἥτις

233 3367 304 3420 ἂν
334 3366 545 3432 γένοιτο
588 3365 685 3434 οὑχ
728 3363 1022 3434 εὑρίσκων.

297 3457 445 3526 Στίχ.
469 3462 652 3526 η’-ια’.
684 3485 755 3494 —
789 3473 806 3506 ι
847 3456 956 3507 Καὶ
994 3453 1253 3525 ἀναϐήτω
1283 3455 1347 3506 ἐκ
1377 3455 1583 3524 φθορᾶς
1621 3457 1654 3526 ἡ
1695 3455 1807 3526 ζωή

1990 3453 2147 3524 165
2182 3451 2345 3506 Vens.
2378 3440 2532 3505 8-H.
2559 3481 2628 3490 —
2664 3467 2682 3501 ι
2707 3450 2930 3505 Utinam
2965 3464 3022 3503 se
3051 3458 3296 3519 emergat
3322 3465 3353 3502 a
3383 3465 3500 3502 cor-

225 3567 332 3621 μου
360 3549 494 3620 πρὸς
531 3549 609 3610 σὲ,
645 3547 840 3618 Κύριε,
867 3549 894 3598 ὁ
915 3547 1045 3609 Θεός
1080 3564 1204 3616 μου.
1247 3567 1265 3598 ι
1305 3547 1465 3599 Ἀλλά
1498 3549 1606 3617 γάρ
1639 3550 1805 3618 μόνης

222 3643 326 3712 τῆς
382 3642 480 3712 σῆς
525 3643 641 3693 ἐστι
689 3639 970 3710 δυνάμεως
1014 3641 1113 3708 τῆς
1163 3639 1575 3710 ὑπειλημμένης
1619 3641 1806 3694 αὑτόθι

228 3735 438 3804 φθορᾶς
483 3733 789 3798 ἀπαλλάξαι
845 3748 947 3801 μου
980 3731 1079 3802 τὴν
1122 3729 1288 3802 ζωήν.
1349 3733 1421 3801 (p.
1477 3732 1605 3800 251)
1649 3752 1666 3784 ι
1719 3734 1806 3786 Ἐν

225 3825 308 3894 τῷ
355 3823 626 3876 ἐκλείπειν
661 3823 754 3875 ἀπ’
790 3820 922 3892 ἐμοῦ
951 3821 1050 3891 τὴν
1081 3820 1258 3893 ψυχήν
1311 3839 1412 3892 μου
1436 3864 1450 3886 ,
1480 3823 1574 3875 τοῦ
1603 3824 1806 3894 Κυρίου

228 3913 533 3986 ἐμνήσθην.
581 3935 599 3965 ι
637 3913 843 3984 Μικροῦ
879 3914 988 3984 γὰρ
1016 3916 1197 3982 ἀφιεὶς
1236 3917 1300 3984 τῇ
1335 3914 1540 3984 ἀπορία
1574 3916 1671 3985 τὴν
1700 3915 1804 3982 ψυ-

228 4007 352 4078 χὴν,
389 4007 486 4074 τὴν
519 4006 616 4076 σὴν
639 4005 800 4075 ᾔτουν
834 4006 1103 4077 βοήθειαν.
1145 4026 1163 4056 t
1204 4007 1313 4059 Kal.
1340 4006 1484 4059 ἔλθοι
1518 4007 1654 4078 πρὸς
1690 4008 1808 4080 σέή

229 4098 512 4167 προσευχὴ
551 4115 651 4167 μου
695 4099 774 4160 εἰς
815 4096 940 4150 ναὸν
980 4097 1133 4166 ἅγιόν
1179 4115 1292 4151 σου.
1334 4117 1352 4147 ι
1392 4100 1562 4162 Αὑτός
1604 4099 1664 4151 τέ
1705 4117 1807 4170 μου

227 4187 378 4251 δέξαι
400 4189 497 4257 τὴν
523 4189 826 4258 προσευχὴν
854 4191 911 4241 ἐν
940 4188 1017 4260 τῷ
1044 4189 1156 4259 ναις)
1185 4189 1467 4254 καθεστὼς
1493 4192 1572 4261 τῷ
1601 4193 1806 4262 οἰκείῳ,

229 4280 390 4333 οὐθέν
431 4297 491 4332 σε
543 4281 642 4350 τῆς
694 4281 1030 4346 διαστάσεως
1069 4283 1178 4336 τῶν
1221 4284 1400 4336 τόπων
1450 4285 1678 4354 ἀμύνειν
1720 4303 1810 4356 μοι

230 4371 568 4442 κωλυούσης.
601 4392 618 4422 ι
652 4372 1053 4442 Φυλασσόμενοι
1079 4375 1284 4443 μάταια
1312 4375 1406 4427 καὶ
1437 4374 1631 4445 ψεύδη,
1663 4375 1810 4427 ἔλεον

229 4463 413 4518 αὑτῶν
447 4463 827 4531 ἐγκατέλιπον.
871 4485 888 4515 ι
922 4468 984 4518 Οἱ
1017 4468 1113 4536 μὲν
1146 4466 1255 4536 γάρ
1287 4468 1387 4536 τὴν
1419 4467 1676 4538 ναυτικὴν
1713 4483 1811 4536 με-

229 4553 436 4610 τιόντες
477 4554 760 4625 ἐργασίαν,
813 4555 988 4608 καίτοι
1026 4573 1089 4624 γε
1129 4555 1366 4620 εἰδώλοις
1421 4558 1809 4628 προσέχοντες,

229 4653 326 4701 καὶ
356 4649 482 4718 περὶ
514 4649 612 4720 τὴν
642 4649 858 4719 ἀπάτην
890 4649 1104 4719 ἐκείνην
1139 4649 1503 4719 ἠσχολημένοι
1529 4689 1545 4713 ,
1577 4649 1809 4721 ἠϐουλή-

230 4743 405 4813 θησάν
459 4741 559 4812 μού
605 4759 727 4794 τινα
776 4741 1102 4810 ποιήσασθαι
1149 4741 1352 4810 φειδῶ⁹
1408 4741 1720 4812 νικηθέντες
1754 4743 1812 4795 δέ

1909 3552 2161 3617 raptione
2185 3549 2293 3600 vita
2321 3560 2439 3600 mea
2463 3547 2530 3598 ad
2561 3553 2633 3610 te,
2661 3543 2885 3598 Domine
2921 3541 3062 3598 Deus
3087 3558 3240 3598 meus
3265 3544 3276 3595 !
3309 3561 3328 3594 ι
3369 3541 3496 3597 Tua:

1909 3642 2156 3712 profecto
2185 3638 2566 3694 tantummodo
2589 3638 2808 3691 virtutis
2824 3643 2930 3699 est,
2962 3651 2991 3686 a
3016 3636 3194 3690 tenaci
3215 3635 3308 3688 illo
3329 3636 3497 3690 exitio

1907 3738 2120 3804 eripere
2171 3734 2407 3786 animam
2462 3744 2660 3784 meam.
2701 3748 2718 3779 ι
2747 3728 2884 3782 Cum
2927 3728 3041 3797 jam
3096 3744 3182 3782 me
3215 3727 3498 3783 desereret

1909 3828 2140 3897 Spiritus
2193 3839 2370 3890 meus,
2412 3822 2626 3878 Domini
2675 3836 2882 3875 memor
2919 3822 3016 3874 l'ui.
3047 3841 3065 3872 ι
3113 3823 3250 3874 Cum
3291 3823 3404 3890 jam
3441 3825 3496 3876 iit

1911 3919 2180 3990 angustiis
2232 3919 2470 3971 animam
2526 3930 2764 3985 agerem,
2826 3923 2973 3966 tuam
3033 3914 3253 3983 poposci
3310 3931 3492 3983 Opem.

1917 4030 1934 4061 ι
1962 4007 2156 4064 Veniat
2179 4009 2386 4061 utinam
2409 4005 2475 4059 ad
2501 4015 2552 4059 te
2570 4007 2621 4058 in
2648 4007 2908 4074 templum
2928 4013 3078 4057 tuum
3099 4004 3276 4058 oratio
3299 4006 3446 4060 mea!
3471 4027 3489 4057 ι

1909 4097 2029 4169 lpse
2057 4098 2315 4168 excepisti
2368 4111 2559 4166 preces
2586 4110 2735 4150 meas
2763 4103 2856 4149 tuo
2887 4095 2940 4148 in
2969 4095 3171 4163 templo
3207 4096 3454 4150 residens
3478 4115 3493 4163 ;

1911 4193 2049 4247 nihil
2097 4202 2148 4246 te
2199 4195 2448 4247 locorum
2500 4187 2782 4252 distantia,
2818 4188 3114 4258 quominus
3156 4188 3288 4240 mihi
3323 4188 3494 4243 ferres

1912 4299 2094 4354 opem,
2147 4282 2452 4354 prohibuit.
2505 4279 2648 4346 «Qui
2683 4279 3024 4333 vanitatibus
3075 4277 3210 4332 dant
3269 4293 3493 4347 operam

1913 4384 2077 4444 atque
2131 4371 2458 4434 mendaciis,
2515 4369 2951 4424 misericordiam
3007 4369 3487 4438 dereliquerunt.»

1913 4463 1978 4518 Hi
2003 4464 2096 4533 qui
2124 4463 2400 4516 nauticam
2429 4462 2595 4514 vitam
2619 4447 2878 4515 exercent
2907 4468 2961 4512 et
2995 4458 3134 4514 idola
3167 4461 3487 4525 observant,

1913 4569 2076 4627 atque
2107 4555 2379 4626 ejusmodi
2412 4554 2801 4608 fraudulentiis
2837 4563 3054 4619 vacant,
3084 4562 3345 4623 optarunt
3374 4561 3496 4626 qui-

1915 4649 2039 4704 dem
2079 4649 2210 4702 mihi
2237 4645 2642 4717 quodammodo
2681 4661 2910 4716 parcere
2938 4664 2951 4698 :
2986 4655 3363 4701 verumtamen
3393 4651 3458 4703 ad
3477 4682 3492 4690 -

1915 4744 2176 4798 versitate
2212 4741 2364 4802 victi,
2404 4741 2473 4794 de
2499 4740 2772 4795 sententia
2813 4755 2911 4793 sua
2945 4739 3340 4795 decesserunt:
3375 4758 3496 4796 cer-

229 4835 338 4888 ὑπὸ
370 4834 478 4886 τῶν
517 4833 735 4898 κακῶν,
789 4836 888 4904 τῆς
933 4832 1158 4904 γνώμης
1191 4833 1508 4904 ἀπέστησαν
1559 4835 1806 4904 ἐκείνης,

1917 4837 2086 4890 tiores
2122 4834 2252 4888 facti
2289 4833 2434 4888 haud
2476 4833 2580 4887 sibi
2620 4833 2785 4885 vitam
2837 4831 3268 4901 snperfuturam,
3328 4835 3434 4890 nisi
3464 4853 3494 4887 a

229 4928 466 4998 ὁρῶντες
497 4927 594 4979 οὑκ
634 4928 690 4978 ἐν
729 4927 911 4988 αὑτοῖς
942 4924 1156 4994 βιωτὸν,
1199 4927 1246 4976 εἰ
1283 4924 1357 4996 μὴ
1388 4926 1485 4994 τῆς
1512 4925 1811 4996 ἐγγύτητος

227 5018 596 5087 ἀπαλλαγεῖεν
627 5018 726 5088 τῆς
760 5018 922 5087 ἐμῆς.
963 5036 980 5068 t
1033 5016 1174 5084 Ἐγὼ
1205 5016 1261 5070 δὲ
1291 5017 1430 5088 μετά
1459 5020 1641 5088 φωνῆς
1669 5019 1814 5072 αἰνέ-

231 5129 373 5174 σεως
398 5113 492 5163 καὶ
514 5111 954 5181 ἐξομολογησεως
979 5107 1124 5161 θύσω
1150 5126 1254 5172 σοι,
1285 5110 1384 5162 ὃσα
1403 5108 1655 5180 ηὐξάμην
1685 5111 1816 5163 ἀποο

229 5203 391 5257 δώσω
419 5219 499 5256 σοι
526 5205 605 5266 είς
637 5204 904 5274 σωτήριον
933 5201 1010 5272 τῷ
1039 5202 1246 5272 Κυρίῳ.
1289 5220 1306 5251 ι
1347 5201 1506 5254 Ἀλλὰ
1539 5201 1648 5272 γὰρ
1675 5219 1812 5255 παν-

228 5297 461 5367 ταχόθεν
498 5297 634 5368 μόνῃ
681 5298 748 5367 τῇ
778 5298 962 5366 χάριτι
995 5299 1062 5365 τῇ
1095 5298 1158 5366 σῇ
1191 5294 1486 5364 φυλαχθεὶς
1511 5334 1526 5357 ,
1570 5294 1667 5346 καὶ
1712 5294 1812 5365 τὴν

229 5389 557 5461 ἀπαλλαγὴν
589 5390 684 5442 τοῦ
725 5389 955 5442 θανάτου
996 5388 1212 5450 λαϐὼν,
1249 5387 1450 5458 ὑμνους
1485 5405 1544 5440 τε
1587 5389 1680 5441 καὶ
1725 5387 1814 5440 εὑ-

232 5484 521 5556 χαριστίας
554 5484 794 5537 ἀποτίσω
841 5501 922 5536 σοι
950 5525 965 5550 ,
997 5483 1136 5552 ὑπὲρ
1161 5475 1237 5536 ὧν
1267 5485 1332 5552 τῇ
1368 5481 1594 5552 προνοίᾳ
1631 5481 1812 5534 διασέ-

236 5592 460 5645 σωσμαι
493 5579 557 5646 τῇ
591 5579 678 5647 σῇ.
716 5576 796 5628 Τά
841 5578 938 5648 μὲν
969 5576 1034 5647 δὴ
1071 5577 1172 5645 τῆς
1209 5576 1374 5646 εὑχῆς
1406 5575 1498 5627 τοῦ
1530 5578 1811 5646 προφήτου

239 5669 464 5738 ῥήματα
493 5667 684 5721 ταῦτα·
711 5667 773 5720 τὸ
796 5668 853 5720 δέ
883 5668 1045 5740 κῆτος
1067 5667 1339 5736 Πνεύματι
1363 5667 1492 5738 θείῳ
1513 5667 1604 5720 τὸν
1630 5669 1813 5720 Ἰωνᾶν

234 5758 332 5810 ἐπὶ
362 5758 462 5826 τὴν
491 5759 913 5836 ξηράνιῆμεσεν,
952 5757 1132 5821 καθὼς
1171 5759 1345 5812 ἐδόκει
1370 5759 1528 5811 τοῦτο
1558 5759 1812 5827 γενέσθαι

234 5850 314 5920 τῷ
338 5849 487 5921 Θεῷ·
515 5851 610 5920 τῆς
641 5851 745 5921 γάρ
767 5851 1000 5920 ἐσχάτης
1026 5850 1171 5903 ἐστὶν
1198 5849 1382 5912 ἀνοίας
1411 5849 1677 5902 τοσούτων
1707 5849 1813 5902 τῶν

1921 4942 2040 4979 mea
2088 4941 2148 4980 se
2181 4923 2380 4979 vicinia
2415 4923 2789 4992 sejungerent.
2849 4941 2865 4971 ε
2896 4921 3008 4991 Ego
3037 4938 3166 4976 vero
3195 4939 3320 4978 cum
3364 4941 3495 4979 voce

1915 5015 2096 5070 laudis
2128 5025 2290 5085 atque
2323 5014 2582 5086 praeconii
2618 5014 2943 5068 sacriﬁcabo
2992 5014 3116 5067 tibi:
3150 5030 3494 5088 quaecunque

1916 5112 2037 5165 vovi
2075 5113 2306 5174 solvam,
2361 5125 2461 5180 pro
2500 5111 2679 5164 salute
2735 5118 2975 5178 recepta,
3029 5109 3149 5174 tibi,
3188 5109 3438 5167 Domine.
3469 5132 3486 5164 ι

1917 5203 2183 5273 Equidem
2207 5211 2297 5255 tua
2321 5205 2435 5258 sola
2463 5201 2641 5273 gratia
2672 5211 2926 5256 servatus
2959 5209 3014 5256 et
3044 5211 3219 5256 tuorte
3248 5215 3490 5274 ereptus.

1921 5297 2152 5367 hymnos
2206 5296 2302 5349 tibi
2343 5303 2398 5349 et
2449 5295 2749 5364 gratiarum
2803 5294 3048 5348 actiones
3097 5293 3344 5360 reddam,
3399 5299 3491 5366 qui

1921 5406 2068 5443 curae
2100 5398 2207 5442 tuae
2245 5389 2480 5444 salutem
2528 5397 2808 5457 acceptam
2845 5387 2980 5442 fero.
3023 5388 3201 5457 Atque
3245 5388 3361 5442 haec
3392 5387 3493 5442 fuit

1919 5482 2198 5552 pmphetaa
2239 5482 2436 5535 oratio.
2474 5480 2641 5536 Cetus
2672 5490 2854 5536 autem
2882 5498 2912 5534 a
2940 5489 3133 5536 sancto
3163 5479 3369 5552 Spiritu
3403 5483 3491 5536 iii-

1914 5579 2147 5630 stinctus
2179 5573 2370 5630 Jonam
2409 5575 2463 5628 in
2500 5575 2683 5629 littore
2710 5574 2971 5638 evomuit,
2997 5575 3157 5628 sicuti
3184 5573 3293 5629 Deo
3313 5575 3491 5629 visum

1913 5676 2033 5722 erat
2063 5676 2120 5720 ut
2147 5668 2316 5722 ﬁeret.
2357 5665 2598 5720 Summae
2625 5669 2771 5721 enim
2803 5667 3033 5721 insania!
3074 5667 3232 5732 foret,
3269 5675 3392 5736 post
3413 5675 3494 5720 tut

1913 5761 2060 5816 circa
2105 5760 2296 5816 Jonam
2346 5771 2559 5832 patrata
2609 5761 2892 5824 miracula,
2936 5761 3316 5830 praecipueque
3371 5774 3493 5830 post

1915 5861 2181 5909 retentam
2214 5853 2356 5908 intra
2379 5854 2483 5908 ceti
2514 5854 2723 5908 viscera
2753 5852 2938 5917 vitam,
2971 5852 3244 5921 prophetat
3271 5851 3488 5907 demum
