3844 6222
367 325 470 382 339

370 532 500 592 lem,
544 543 637 585 aut
667 543 853 588 nostra
888 551 1022 592 voce
1051 539 1449 609 cxplicabilem,
1478 555 1750 615 reputare.

1566 341 1927 402 THEODORI.
1952 347 2441 411 MOPSUES'PENI‘

369 441 558 495 eodem
593 457 656 495 cx
699 450 822 498 ceto
852 444 1057 500 exitum
1095 446 1335 504 humano
1368 450 1588 522 ingenio
1637 456 1954 530 intelligibi-
1982 471 2024 524 Α
2057 468 2174 536 περῖ

3514 364 3622 422 διο

2169 470 2184 519 ί
2227 470 2389 523 αὐτὸν
2421 471 2738 543 παραδόξως
2785 477 3104 543 γεγονότων,
3145 494 3238 530 και
3275 479 3506 548 μάλιστα
3555 498 3620 547 γε

2057 559 2270 613 πάντων
2298 562 2396 630 τῆς
2423 565 2481 616 ὲν
2508 561 2585 634 τῷ
2625 567 2781 637 κήτει
2810 566 3102 637 σωτηρίας,
3138 569 3214 639 (p.
3255 568 3398 638 252)
3425 570 3524 640 τὴν
3556 573 3623 623 ὲκ

370 624 466 677 τοῦ
501 627 698 697 κήτους
748 627 925 693 ἔξοδον
963 632 1440 706 πολυπραγμονεῖν
1479 639 1575 693 τοῦ
1607 644 1912 713 προφήτου,
1944 646 2188 722 λογισμῷ
2225 672 2283 707 τε
2323 657 2527 712 οἴεσθαι
2557 657 2991 729 καταλαμϐάνειν
3028 661 3374 732 ἀνθρωπίνῳ,
3405 662 3499 714 καὶ
3531 661 3624 714 διὰ

372 716 551 786 φωνῆς
577 717 675 787 τῆς
703 719 976 790 ἡμετέρας
1007 722 1185 792 λέγειν
1206 725 1353 790 ὅπως
1375 728 1614 796 ἐγένετο.

1025 812 1181 868 CAP.
1209 812 1302 868 111.

444 892 609 948 Vens.
642 896 759 952 1-4.
787 926 854 938 -ο
886 898 1004 954 J'am
1041 903 1134 956 ubi
1174 904 1228 958 in
1265 905 1445 962 littore
1476 911 1737 980 propheta
1774 916 1944 977 stetit,

368 1000 588 1040 rursum
615 987 754 1044 Deus
781 995 1036 1064 praecepit
1067 998 1142 1050 illi
1176 1007 1234 1051 ut
1258 997 1487 1056 Niniven
1523 1003 1647 1067 iret,
1680 1006 1841 1076 idque
1873 1008 1946 1062 ibi

373 1080 696 1145 praedicaret
726 1084 869 1150 quod
893 1085 1067 1140 eidem
1095 1097 1254 1143 antea
1299 1091 1353 1144 in
1386 1095 1658 1150 mandatis
1703 1097 1946 1152 dederat.

376 1167 529 1224 Unde
562 1175 908 1239 potissimum
959 1177 1395 1247 demonstratur,
1433 1185 1593 1256 166
1627 1187 1769 1242 haud
1809 1190 1948 1244 sim-

373 1261 589 1329 pliciter
614 1262 766 1319 Jona:
791 1265 955 1322 Deum
983 1272 1332 1328 mandavisse
1362 1283 1421 1328 ut
1453 1277 1774 1345 pradicaret
1794 1281 1955 1335 uAd-

373 1354 481 1404 huc
517 1361 627 1408 tres
673 1355 812 1419 dies,
847 1366 901 1412 et
939 1358 1130 1418 Ninive
1167 1364 1518 1421 subvertelur
1552 1385 1572 1418 ι
1617 1371 1950 1439 (quanquam

372 1445 425 1500 id
469 1447 706 1502 breviter
757 1451 835 1504 sic
885 1452 1098 1506 videtur
1142 1453 1426 1526 Scriptura
1473 1459 1700 1530 dicere);
1753 1477 1944 1518 verum

371 1537 535 1590 etiam
573 1547 630 1592 ut
653 1541 941 1596 minaciter
971 1559 1091 1612 qum
1114 1555 1374 1600 eventura
1400 1558 1558 1602 erant
1588 1551 1942 1620 signiﬁcaret,

373 1627 478 1680 nisi
520 1629 846 1695 poeniteutes
898 1633 1046 1688 cives
1077 1648 1107 1686 a
1156 1635 1304 1690 vitiis
1334 1638 1682 1694 recederent.
1737 1641 1946 1696 Idcirco

2705 828 2861 881 ΚΕΦ.
2904 829 2977 883 Γ’.

2122 916 2278 984 Στίχ,
2301 913 2440 968 α’-δ⁴.
2465 944 2536 954 ——
2558 917 2756 968 Μέντοι
2784 933 2846 984 γε
2879 917 3009 978 Θεὸς
3040 917 3133 969 ἐπὶ
3153 916 3252 987 τῆς
3279 917 3450 988 ξηρᾶς
3469 934 3630 986 γεγο-

2053 1004 2166 1056 νότι
2193 1003 2271 1074 τῷ
2302 1005 2558 1077 προφήτῃ
2594 1005 2754 1058 πάλιν
2783 1005 3038 1060 ἀπελθεῖν
3059 1009 3140 1070 είς
3163 1007 3261 1077 τὴν
3291 1007 3490 1077 Νινευὴ
3523 1024 3621 1060 κε-

2052 1094 2219 1158 λεύει,
2244 1097 2337 1149 καὶ
2363 1098 2596 1169 κηρύξαι
2629 1098 2694 1169 δὴ
2725 1100 2907 1152 ἐκεῖνα
2933 1098 2968 1154 ἃ
3000 1099 3231 1171 πρόσθεν
3255 1099 3402 1169 αὐτῷ
3434 1101 3631 1170 εἴρητο

2052 1182 2183 1253 παρ’
2222 1183 2386 1237 αὑτοῦ
2411 1204 2424 1214 ·
2474 1187 2567 1254 ἀφ’
2601 1181 2660 1240 οὗ
2691 1186 2766 1256 δη
2804 1186 3038 1256 μάλιστα
3086 1187 3356 1241 δείκνυται
3403 1191 3485 1242 ὅτι
3517 1190 3622 1258 οὐχ

2051 1272 2239 1336 ἁπλῶς
2262 1269 2417 1328 εἶπεν
2438 1276 2588 1346 αὐτῷ
2609 1277 2841 1346 κηρύττε
2851 1292 2948 1330 ινί
2965 1277 3084 1330 Ἔτι
3107 1282 3255 1348 τρεῖς
3271 1279 3495 1350 ἡμέραι,
3523 1281 3624 1330 καὶ

2052 1362 2261 1433 Νινευὴ
2290 1368 2804 1436 καταστραφήσεται
2824 1382 2837 1396 ⁸
2885 1386 2905 1418 ι
2939 1369 2990 1419 εί
3023 1367 3118 1420 καὶ
3153 1369 3292 1438 μετὰ
3327 1370 3622 1440 συντομίας

2052 1452 2185 1506 αὐτὸ
2212 1452 2390 1522 λέγειν
2433 1453 2606 1519 οὕτως
2656 1459 2690 1526 ἡ
2727 1456 2846 1510 θεία
2876 1457 3024 1510 δοκεῖ
3059 1458 3100 1510 Γ
3104 1463 3248 1530 ραφή
3276 1477 3288 1489 ’
3320 1459 3434 1514 ἁλλ’
3477 1461 3622 1513 ὥστε

2051 1543 2146 1596 καὶ
2189 1543 2429 1615 δηλῶσαι
2463 1546 2545 1598 ὅτι
2584 1547 2803 1599 ἀπειλεῖ
2827 1547 2997 1599 ταῦτα
3032 1547 3422 1619 συμὸήσεσθαι,
3457 1551 3506 1601 εί
3541 1551 3626 1623 μὴ

2054 1635 2474 1706 μεταμεληθεῖεν
2504 1638 2836 1700 ἀποστάντες
2862 1637 2955 1690 τοῦ
2989 1638 3259 1708 χείρονοςτ
3301 1639 3382 1692 διό
3431 1656 3617 1710 φησιν·

373 1718 481 1770 ait:
525 1719 804 1774 «Prredica
854 1723 926 1776 ibi
977 1724 1450 1794 prazdicationem,
1499 1729 1568 1785 de
1611 1746 1719 1801 qua
1763 1741 1943 1788 tecum

2066 1745 2073 1775 l
2113 1725 2360 1798 Κήρυξον
2391 1731 2448 1779 ἐν
2473 1729 2612 1798 αύτῇ
2637 1729 2778 1782 κατὰ
2804 1728 2863 1781 τὸ
2889 1732 3151 1800 κήρυγμα
3178 1729 3239 1780 τὸ
3265 1729 3568 1801 ἔμπροσθεν
3590 1732 3623 1784 ὃ

374 1817 534 1864 antea
569 1812 781 1867 locutus
821 1830 961 1868 sum.
991 1836 1018 1866 ι-
1049 1816 1259 1882 Quibus
1310 1822 1489 1877 verbis
1521 1821 1833 1879 universam
1868 1827 1947 1880 illi

374 1903 679 1956 doctrinam
731 1907 930 1974 immit,
982 1925 1088 1978 qua
1145 1913 1430 1980 superiore
1461 1929 1715 1971 sermone
1743 1932 1944 1986 praece-

375 2001 528 2061 perat
559 2002 618 2048 ut
644 1993 911 2052 Ninivitas
944 1998 1232 2054 imbueret.
1270 2000 1442 2057 Porro
1469 2016 1650 2059 autem
1685 2006 1949 2076 propheta

372 2083 709 2152 experientia
743 2101 924 2141 rerum
971 2091 1080 2157 jam
1128 2091 1375 2147 eruditus
1411 2093 1709 2148 festinabat
1743 2105 1798 2148 ut
1855 2098 1947 2150 Dei

370 2174 544 2244 jussis
587 2177 1008 2248 obtemperaret.
1065 2179 1155 2234 Ait
1205 2198 1334 2236 vero
1382 2183 1664 2255 Scriptura
1710 2188 1946 2240 «urbem

379 2266 533 2317 illam
567 2267 736 2321 fuisse
768 2270 1059 2322 maximam
1091 2286 1276 2326 coram
1311 2273 1452 2330 Deo:
1479 2294 1498 2327 ι
1557 2293 1749 2346 nempe
1781 2279 1950 2349 signi-

377 2358 523 2417 lieat,
557 2372 675 2411 eam
698 2358 882 2412 divina
910 2361 1250 2429 providentia
1282 2363 1452 2419 fuisse
1477 2378 1692 2419 auctam
1718 2385 1732 2420 :
1788 2379 1951 2438 atque

379 2449 454 2501 ita
493 2463 597 2504 nos
625 2449 806 2513 docet,
851 2453 1149 2520 quominus
1183 2455 1479 2510 humanum
1518 2459 1815 2528 quidquam
1849 2477 1949 2530 pu-

379 2549 557 2594 temus
589 2539 646 2594 in
688 2541 923 2610 gloriam
944 2547 1128 2600 venire
1157 2561 1339 2616 posse,
1394 2548 1500 2602 nisi
1560 2550 1611 2602 id
1645 2549 1787 2606 Deus
1819 2567 1950 2605 cura

378 2644 477 2685 sua
499 2632 769 2702 dignetur.
807 2652 825 2684 ι
854 2634 981 2689 Erat
1011 2646 1217 2700 autem,
1241 2639 1441 2710 inquit,
1468 2641 1633 2696 veluti
1657 2643 1763 2697 iter
1784 2645 1948 2696 trium

379 2723 588 2776 dierum
616 2741 675 2778 ε)
712 2725 855 2781 haud
888 2744 1021 2784 sane
1052 2729 1360 2800 intelligens
1392 2740 1596 2786 tantam
1632 2735 1753 2802 ejus
1783 2736 1952 2790 fuisse

380 2815 811 2884 longitudinem;
850 2819 944 2873 sed
974 2821 1121 2890 quod
1174 2829 1255 2875 tot
1285 2822 1479 2878 diebus
1529 2839 1670 2894 opus
1713 2835 1856 2880 esset
1883 2826 1952 2879 ad

379 2919 499 2957 eam
539 2906 1004 2975 circumeundam,
1045 2919 1208 2982 atque
1235 2912 1302 2966 ad
1328 2915 1570 2983 ejusdem
1602 2918 1867 2986 speciem,
1903 2919 1951 2973 si

381 2995 505 3063 quis
558 2995 739 3058 vellet,
794 3000 1013 3054 curiose
1069 3001 1493 3057 observandam.
1536 3003 1734 3060 Subdit
1788 3024 1947 3078 ergo:

2053 1815 2164 1882 ἐγὼ
2215 1817 2453 1887 ἐλάλησα
2491 1819 2627 1889 πρὸς
2680 1819 2768 1871 σέο
2814 1838 2832 1870 ι
2873 1819 3090 1872 ἃπασαν
3139 1820 3287 1889 αὐτῷ
3338 1824 3622 1891 σημαίνων

2052 1909 2150 1979 τὴν
2178 1909 2526 1962 διδασκαλίαν
2569 1913 2635 1981 ἢν
2660 1911 2920 1977 ἐπέταξεν
2959 1915 3017 1966 ἐν
3059 1916 3169 1976 τοῖς
3207 1914 3438 1983 πρόσθεν
3471 1913 3630 1984 αὐτῷ

2053 1999 2190 2069 πρὸς
2227 2000 2350 2061 τοὺς
2382 2001 2666 2064 Νινευῒτας
2697 2000 3044 2072 ποιήσασθαι.
3095 2001 3153 2053 '0
3188 2001 3285 2070 μὲν
3311 2001 3374 2072 δὴ
3405 2005 3620 2072 προφήο

2052 2107 2151 2161 της
2178 2091 2272 2143 ἆτε
2301 2094 2367 2162 τῇ
2396 2092 2562 2162 πείρα
2589 2091 2773 2145 λοιπὸν
2797 2091 3183 2162 σωφρονισθείς
3207 2093 3462 2161 ἠπείγετο
3484 2093 3626 2162 πρὸς

2055 2183 2231 2252 πέρας
2263 2183 2490 2250 ἀγαγεῖν
2518 2181 2586 2234 τὰ
2629 2183 2782 2253 παρὰ
2825 2181 2920 2234 τοῦ
2967 2180 3104 2234 Θεοῦ
3163 2182 3571 2254 προσταχθέντα
3604 2198 3619 2210 ·

2057 2273 2207 2342 λέγει
2239 2274 2296 2326 δὲ
2330 2275 2411 2326 ὅτι
2432 2275 2498 2344 si)
2528 2274 2682 2336 πόλις
2709 2270 2776 2345 ἦν
2809 2276 3042 2344 μεγίστη
3073 2274 3150 2346 τῷ
3172 2275 3339 2347 Θεῷοι
3365 2274 3447 2327 ἵνα
3489 2273 3632 2344 ,εἴπῃι

2055 2365 2136 2416 ὃτι
2163 2366 2230 2434 τῇ
2257 2363 2378 2435 θείᾳ.
2409 2365 2641 2436 προνοίᾳ
2664 2367 2742 2428 είς
2768 2364 2994 2434 μέγεθος
3024 2364 3316 2434 αὐξηθεῖσα
3343 2379 3354 2390 ·
3378 2363 3452 2425 ὡς
3476 2363 3655 2415 διδά-.

2057 2455 2196 2521 ξειεν
2220 2456 2285 2508 ἂν
2319 2457 2464 2526 ἡμᾶς
2497 2456 2662 2526 μηδὲν
2705 2455 2913 2509 οἴεσθαι
2939 2455 3160 2508 δυνατὸν
3187 2451 3327 2507 εἶναι
3357 2455 3500 2507 κατὰ
3527 2454 3623 2506 τὸν

2059 2547 2170 2617 βίον
2199 2548 2274 2618 (p.
2301 2547 2428 2617 255)
2451 2547 2638 2601 τοῦτον
2671 2549 2750 2610 είς
2775 2545 3132 2617 περιφάνειαν
3161 2545 3516 2614 καταστῆναι,
3545 2542 3640 2614 μὴ

2056 2641 2189 2694 Θεοῦ
2229 2640 2559 2711 παρέχοντος
2589 2644 2686 2710 τὴν
2717 2641 2924 2693 οἰκείαν
2958 2638 3304 2710 κηδεμονίαν.
3359 2657 3376 2686 σ
3414 2635 3518 2690 Ἦν
3543 2636 3628 2699 δὲ,

2059 2732 2243 2803 φησὶν,
2274 2731 2403 2784 ὡσεὶ
2422 2733 2457 2801 ἡ
2488 2730 2682 2800 πορεία
2707 2728 2829 2783 ὁδοῦ
2854 2730 3074 2800 ἡμερῶν
3117 2729 3305 2800 τριῶν.
3345 2749 3363 2783 ι
3403 2728 3535 2797 Ούχὶ
3562 2725 3637 2780 τὰ

2062 2826 2232 2896 μῆκος
2257 2825 2425 2895 αὐτῆς
2449 2822 2702 2876 τοσοῦτον
2731 2817 2871 2876 εἶναι
2897 2822 3091 2890 λέγων,
3116 2821 3230 2874 ἀλλ’
3251 2821 3325 2882 ὡς
3354 2817 3628 2872 τοσούτων

2061 2916 2278 2988 ἡμερῶν
2295 2916 2552 2986 δεομένου
2574 2913 2669 2968 τοῦ
2695 2915 2870 2967 πᾶσαν
2901 2913 3067 2982 αὐτὴν
3097 2911 3466 2983 ἐκπεριελθεῖν
3483 2928 3542 2964 τε
3565 2913 3630 2964 ὲν

2061 3009 2246 3078 κύκλῳ
2278 3008 2373 3061 καὶ
2397 3007 2636 3061 κατιδεῖν
2657 3008 2745 3060 οῖα
2772 3007 2856 3070 τίς
2885 3006 3033 3060 ἐστιν
3067 3003 3389 3076 βουλομένου
3417 3004 3633 3072 σαφῶς.

388 3106 411 3136 ο
429 3087 711 3158 Caepitque
736 3087 906 3146 J-onas
926 3094 1178 3163 progredi
1204 3096 1342 3149 intra
1365 3096 1554 3150 urbem
1579 3100 1737 3168 quasi
1761 3099 1955 3156 itinere

2076 3100 2301 3166 Ἐπάγει
2327 3098 2457 3167 γοῦν
2481 3113 2493 3126 ·
2527 3119 2545 3149 ι
2587 3100 2696 3152 Καὶ
2727 3098 2930 3170 ἤρξατο
2967 3098 3150 3160 Ἰωνᾶς
3181 3096 3276 3149 τοῦ
3309 3097 3632 3168 είσπορεύεο

385 3180 548 3234 unius
580 3181 703 3235 diei.
732 3201 749 3231 ι
793 3181 990 3238 Narrat
1017 3186 1247 3250 scilicet,
1281 3187 1599 3257 prophetam
1642 3191 1832 3245 urbem
1867 3192 1954 3246 in-

384 3287 653 3340 gressum,
685 3282 848 3344 atque
879 3275 940 3329 in
969 3276 1225 3347 ejusdem
1237 3287 1392 3348 parte
1408 3279 1641 3349 quadam
1661 3283 1959 3351 praedicare

383 3374 594 3427 orsum,
635 3363 956 3420 circumisse
989 3365 1196 3430 tandiu,
1253 3368 1428 3422 donec
1455 3383 1620 3422 unam
1671 3371 1838 3425 veluti
1873 3373 1957 3426 in-

385 3455 621 3524 sumpsit
647 3457 812 3520 diem,
840 3473 951 3527 prae
973 3458 1142 3514 licans
1163 3467 1326 3529 atque
1345 3459 1533 3515 dicens
1558 3479 1573 3515 :
1596 3461 1819 3518 «Adhuc
1845 3473 1956 3522 tres

384 3545 522 3613 dies,
555 3555 610 3600 et
653 3545 848 3603 Ninive
893 3550 1312 3615 subvertetur;-n
1350 3558 1404 3606 et
1429 3552 1641 3623 reliqua
1693 3570 1954 3625 quaecun-

387 3653 493 3704 que
526 3639 594 3692 ab
620 3654 686 3694 eo
723 3640 830 3694 dici
865 3657 964 3712 par
992 3650 1111 3698 erat
1161 3643 1214 3697 in
1259 3643 1493 3714 singulis
1525 3645 1677 3702 urbis
1708 3649 1958 3716 partibus

389 3730 454 3781 ad
485 3730 688 3784 civium
722 3733 1110 3788 eruditionem.

465 4005 629 4059 Vens.
655 4008 774 4062 5-9.
804 4039 872 4047 —-
906 4007 1001 4065 His
1037 4011 1185 4065 addit
1213 4031 1225 4066 :
1259 4032 1278 4063 ‹
1304 4011 1369 4066 Et
1399 4015 1747 4068 crediderunt
1773 4016 1963 4070 incolae

391 4093 645 4150 Ninivitaa
671 4097 799 4152 Deo.
825 4119 844 4151 ι
883 4101 1072 4170 Coepta
1123 4117 1219 4172 per
1270 4105 1587 4173 prophetam
1621 4107 1673 4159 in
1725 4107 1960 4176 quadam

393 4187 546 4242 urbis
579 4197 733 4258 parte
767 4191 1167 4259 praedicatione,
1215 4195 1466 4249 celeriter
1493 4197 1785 4251 admodum
1818 4200 1960 4253 inter

391 4292 584 4334 omnes
615 4279 818 4336 diditus
855 4297 1036 4337 sermo
1070 4284 1442 4353 signiﬁcatur;
1477 4287 1549 4340 ita
1581 4297 1641 4340 ut
1679 4289 1837 4359 vulgo
1859 4290 1958 4343 ho-

396 4372 570 4426 mines
617 4384 823 4427 certain
875 4390 938 4429 ex
984 4375 1147 4430 dictis
1197 4379 1559 4448 suscipientes
1609 4383 1960 4444 sententiam,

2062 3191 2186 3243 σθαι
2230 3191 2308 3252 είς
2353 3188 2452 3260 τὴν
2503 3188 2657 3241 πόλιν
2703 3188 2836 3241 ὼσεὶ
2878 3185 3103 3256 πορείαν
3142 3183 3355 3255 ἡμέρας
3403 3184 3572 3253 μιᾶς·
3604 3201 3632 3235 ι

2062 3279 2145 3332 ἵνα
2169 3280 2316 3349 εἴπῃ,
2351 3279 2433 3331 ὃτι
2461 3275 2820 3348 είσεληλυθὼς
2851 3279 2931 3341 είς
2951 3277 3050 3346 τὴν
3078 3274 3234 3327 πόλιν
3260 3277 3288 3327 ό
3317 3275 3636 3345 προφήτης,

2061 3371 2156 3424 καὶ
2199 3372 2343 3424 κατά
2372 3388 2516 3434 τινος
2565 3371 2767 3441 μέρους
2813 3369 3117 3440 ἀρξάμενος
3149 3367 3249 3437 τῆς
3294 3366 3500 3428 πόλεως
3539 3367 3636 3420 ὲκο

2062 3465 2278 3536 περιῄει
2323 3481 2378 3516 τε
2428 3463 2615 3534 αὐτὴν,
2645 3463 2740 3516 καὶ
2771 3462 2904 3515 ὡσεὶ
2957 3461 3086 3532 μίαν
3118 3463 3330 3530 ἡμέραν
3364 3459 3636 3528 πεποίηκε

2062 3554 2348 3624 κηρύττων
2377 3570 2435 3606 τε
2461 3554 2555 3605 καὶ
2579 3552 2774 3620 λέγων,
2797 3552 2880 3604 ὃτι
2916 3571 2934 3601 ι
2976 3550 3094 3603 Ἔτι
3122 3552 3268 3620 τρεῖς
3307 3547 3512 3618 ἡμέραι
3537 3546 3636 3599 καὶ

2063 3645 2260 3718 Νινευὴ
2300 3644 2844 3718 καταστραφήσεται,
2897 3660 2915 3693 ι
2951 3640 3131 3694 καὶτὰ
3165 3639 3328 3692 λοιπὰ
3368 3638 3433 3708 δὴ
3460 3636 3640 3690 ὁπόσα

2063 3737 2240 3804 λέγειν
2269 3735 2430 3787 αὐτὸν
2456 3733 2793 3787 καθέκαστον
2817 3733 2981 3804 μέρος
3003 3731 3102 3801 τῆς
3124 3731 3328 3792 πόλεως
3353 3728 3490 3800 πρὸς
3509 3729 3640 3792 τοὺς

2059 3827 2327 3896 παρόντας
2366 3825 2458 3878 ἐπὶ
2485 3823 2801 3892 διδασκαλίᾳ
2847 3822 2954 3875 τῶν
2983 3821 3290 3874 ἀκουόντων
3325 3817 3644 3882 ἀκολούθως,

2060 3916 2205 3985 ἐνῆν.

2129 4007 2276 4076 Στίχ.
2318 4006 2450 4059 ε’-θ’.
2479 4036 2547 4044 —
2588 4004 2811 4068 Τούτοις
2841 4004 3041 4072 ἐπάγει
3062 4019 3074 4032 °
3114 4022 3131 4054 ι
3177 4003 3284 4056 Καὶ
3309 4001 3644 4055 ἐπίστευσαν

2059 4103 2109 4153 οἱ
2133 4101 2323 4172 ἄνδρες
2354 4100 2558 4169 Νινευὴ
2588 4099 2665 4169 τῷ
2691 4097 2810 4168 Θεῷ
2834 4112 2848 4126 '
2889 4118 2906 4149 ι
2939 4098 3152 4159 δεικνὺς
3186 4097 3266 4172 ὅτι
3294 4097 3359 4148 ὲκ
3406 4093 3501 4147 τοῦ
3537 4092 3634 4165 μέ-

2073 4210 2196 4264 ρους
2223 4193 2324 4262 τῆς
2349 4191 2556 4253 πόλεως
2581 4191 2892 4262 ἀρξαμένου
2933 4189 3027 4242 τοῦ
3056 4189 3336 4259 προφήτου
3364 4185 3642 4240 ποιεῖσθαι

2067 4287 2128 4338 τὸ
2167 4285 2465 4355 κήρυγμα,
2510 4284 2590 4344 εἰς
2629 4281 2876 4344 ἅπαντάς
2914 4299 2972 4334 τε
3003 4283 3031 4333 ό
3067 4281 3221 4347 λόγος
3253 4278 3460 4348 διεδόθη
3498 4276 3642 4347 μετὰ

2072 4376 2268 4430 πολλοῦ
2291 4375 2386 4428 τοῦ
2419 4375 2614 4445 τάχους
2635 4391 2648 4404 ·
2699 4375 2790 4427 καὶ
2822 4373 2887 4443 δὴ
2922 4373 3119 4436 πάντες
3149 4370 3513 4441 ἁναμφίϐολον
3543 4370 3642 4424 ἐπὶ

393 4465 728 4518 consternati
795 4481 1121 4535 magnopere
1174 4468 1395 4524 monitis
1439 4464 1956 4541 ‘obtemperaverint.

2070 4471 2180 4532 τοῖς
2212 4467 2522 4536 λεγομένοις
2555 4467 2654 4536 τὴν
2679 4464 2903 4536 γνώμην
2951 4464 3232 4534 δεξάμενοι
3274 4462 3413 4566 μετὰ
3442 4459 3646 4566 πολλοιῖι

397 4554 682 4612 Praeterea.
723 4555 866 4624 quod
915 4554 1167 4609 Ninivilze
1213 4559 1361 4613 cives
1383 4559 1491 4614 Deo
1521 4561 1873 4626 crediderint,
1911 4565 1963 4616 id

400 4645 536 4698 satis
559 4645 780 4707 iudicat,
834 4645 976 4700 haud
1021 4647 1344 4716 simpliciter
1389 4650 1599 4706 dixisse
1624 4655 1962 4723 prophetam,

402 4757 419 4786 ο
447 4737 635 4791 Adhuc
687 4745 798 4792 tres
854 4739 1008 4804 dies,
1049 4739 1206 4811 167
1240 4750 1294 4794 et
1328 4741 1519 4798 Ninive
1552 4747 1916 4801 subvertetur.
1943 4766 1961 4798 ι

397 4827 582 4898 Nedue
619 4831 760 4883 enim
797 4831 869 4885 ob
902 4831 1045 4885 hanc
1080 4846 1242 4886 unam
1294 4835 1542 4888 voculam
1593 4837 1817 4892 credere
1855 4836 1967 4892 Deo

400 4931 671 4990 poterant,
718 4923 762 4976 si
795 4923 960 4978 homo
1003 4926 1322 4994 peregrinus
1351 4928 1596 4997 ipsisque
1623 4944 1860 4998 prorsus,
1885 4932 1969 4984 iu-

399 5016 652 5082 cognitus
689 5014 912 5067 exitium
959 5015 1198 5072 minatus
1229 5028 1394 5080 esset,
1448 5020 1584 5074 nihil
1614 5030 1794 5077 autem
1831 5039 1969 5093 pne-

402 5113 550 5157 terca
601 5105 936 5160 addidisset:
977 5123 1154 5176 neque
1195 5110 1471 5167 docuisset
1517 5114 1811 5176 auditores.
1862 5131 1969 5182 quo

404 5196 653 5250 mittente
683 5197 941 5252 venisset.
993 5199 1098 5253 Sed
1137 5203 1280 5255 enim
1315 5205 1652 5274 exploratum
1682 5216 1787 5272 est,
1843 5223 1972 5278 pro-

404 5286 618 5356 phetam
665 5296 718 5343 et
748 5287 840 5344 Dei
886 5293 1198 5349 meminisse
1241 5298 1483 5350 omnium
1515 5296 1752 5368 Domini,
1809 5310 1863 5356 et
1913 5317 1972 5358 se

403 5396 632 5435 nussum
683 5382 752 5436 ab
778 5398 844 5436 eo
870 5385 1313 5442 cuntirmavisse:
1369 5401 1423 5444 et
1460 5393 1790 5460 praeconium
1818 5395 1970 5448 exitii

404 5472 618 5537 iecisse,
673 5481 845 5543 atque
889 5477 963 5530 ad
996 5478 1376 5546 paenitentiam
1424 5497 1546 5537 esse
1589 5483 1968 5539 adhortatum:

405 5579 635 5632 quarum
685 5581 866 5622 rerum
917 5569 1112 5623 notitiae
1145 5571 1369 5637 imbuti,
1428 5575 1621 5629 merito
1668 5577 1802 5631 dicti
1846 5586 1977 5633 sunt

405 5657 705 5715 credidisse
750 5658 898 5729 Deo;
953 5663 1112 5732 cujus
1158 5664 1434 5720 decretum
1494 5668 1974 5739 magisteriumque

408 5750 761 5820 excipientes,
797 5754 1081 5825 prophetae
1105 5759 1590 5825 vocenuntiatum,
1621 5761 1684 5816 ad
1717 5762 1968 5817 virtutem

2069 4563 2161 4612 τού
2215 4558 2378 4627 φόϐου
2424 4560 2538 4620 τοῖς
2578 4556 2889 4626 λεγομένοις
2941 4556 3218 4608 ἐπείθοντο
3243 4571 3255 4583 ⁸
3290 4554 3534 4606 δείκνυσι
3585 4553 3645 4606 δὲ

2070 4656 2163 4706 καὶ
2191 4652 2271 4716 τὸ,
2303 4671 2321 4703 ι
2344 4653 2702 4705 Ἐπίστευσαν
2730 4652 2780 4703 oi
2810 4649 2998 4722 ἄνδρες
3020 4649 3220 4718 Νινευὴ
3249 4647 3325 4718 τῷ
3352 4646 3492 4717 Θεῷ,
3513 4666 3530 4697 ι
3561 4648 3645 4699 ὅτι

2069 4742 2165 4812 οὐχ
2194 4741 2378 4804 ἁπλῶς
2400 4743 2556 4794 τοῦτο
2580 4742 2739 4812 μόνον
2760 4740 2963 4808 ἔλεγεν,
2984 4740 3068 4792 ὃτι
3089 4758 3107 4788 ι
3124 4740 3241 4792 Ἔτι
3270 4740 3418 4808 τρεῖς
3438 4737 3648 4807 ἡμέραι

2070 4834 2163 4885 καὶ
2187 4832 2388 4902 Νινευὴ
2431 4833 2948 4902 καταστραφήσεται
2975 4845 2988 4859 ·
3032 4849 3049 4880 ι
3090 4829 3151 4881 οὐ
3187 4829 3291 4899 γὰρ
3331 4829 3438 4881 ἀπὸ
3477 4827 3648 4896 μόνης

2069 4927 2274 4997 ταύτης
2303 4926 2401 4996 τῆς
2429 4925 2610 4995 φωνῆς
2643 4923 2920 4978 πιστεύειν
2959 4917 3104 4993 εἶχον
3127 4922 3205 4992 τῷ
3225 4920 3364 4991 Θεῷ,
3405 4922 3482 4990 (p.
3515 4920 3647 4987 254)

2069 5021 2260 5090 ἀνδρὸς
2285 5019 2435 5081 ξένου
2469 5018 2564 5071 καὶ⁹
2582 5017 2863 5085 ἀγνώστου
2886 5018 3070 5078 αύτοῖς
3097 5012 3370 5076 παντελῶς
3396 5012 3495 5082 τὴν
3548 5030 3648 5067 κα-

2072 5110 2373 5182 ταστροφὴν
2397 5111 2496 5183 μὲν
2539 5109 2914 5173 ἀπειλοῦντος,
2963 5106 3342 5179 προστιθέντος
3372 5104 3430 5158 δὲ
3467 5105 3644 5169 οὐδὲν,

2069 5205 2176 5258 οὐδ’
2201 5206 2290 5274 ὑφ’
2316 5205 2438 5258 ὅτου
2464 5220 2568 5275 περ
2596 5201 3002 5271 ἀπεσταλμένος
3029 5200 3116 5268 εἴη
3147 5196 3492 5259 διδάσκοντος
3514 5196 3646 5257 τοὺς

2070 5296 2366 5357 ἀκούοντας
2387 5311 2401 5324 ο
2437 5294 2552 5348 ἀλλ’
2585 5292 2806 5362 εὔδηλον
2833 5291 2914 5343 ὅτι
2944 5289 3038 5342 καὶ
3070 5287 3207 5342 Θεοῦ
3236 5287 3515 5358 ἐμέμνητο
3545 5284 3644 5339 τοῦ

2073 5387 2290 5442 πάντων
2313 5384 2517 5456 Κυρίου
2537 5423 2551 5447 ,
2581 5382 2674 5436 καὶ
2703 5380 3038 5434 ἀπεστάλθαι
3076 5378 3228 5447 ἔλεγε
3265 5377 3396 5447 παρ’
3434 5373 3601 5428 αὐτοῦ
3627 5387 3646 5405 °

2073 5481 2167 5534 καὶ
2205 5479 2267 5530 τὸ
2309 5480 2573 5548 κήρυγμα
2621 5474 2857 5526 ἐποιεῖτο
2887 5473 2986 5542 τῆς
3033 5471 3453 5540 καταστροφῆς,
3506 5465 3645 5536 πρὸς

2077 5570 2439 5642 μεταμέλειαν
2465 5568 2660 5628 αὐτοὺς
2681 5563 3112 5634 ὲκκαλούμενος’
3148 5555 3334 5632 ὧνπερ
3372 5556 3464 5614 οὖν
3494 5557 3647 5624 δεξά-

2078 5681 2227 5735 μενοι
2269 5662 2365 5732 τὴν
2396 5659 2761 5722 διδασκαλίαν,
2800 5657 3022 5719 εἰκότως
3073 5652 3350 5708 πιστεύειν
3394 5649 3646 5717 ἐλέγοντο

2079 5755 2156 5828 τῷ
2188 5755 2306 5826 Θεῷ
2327 5771 2338 5782 ·
2370 5748 2430 5808 οὗ
2473 5753 2570 5824 τήν
2614 5768 2671 5805 τε
2711 5750 2986 5820 ἀπόφασιν
3024 5749 3118 5803 καὶ
3154 5747 3253 5818 τὴν
3294 5741 3646 5801 διδασκαλίαι
