3844 6222
154 325 251 379 3M

1189 325 1745 384 COMMENTARIUS
1782 325 1848 380 ΙΝ
1882 324 2077 381 ιΟΝίΕ
2108 324 2258 381 CAP.
2298 325 2391 381 iV.

3301 321 3409 379 362

155 438 436 507 δεξάμενοι
471 440 612 496 κατὰ
664 441 762 513 τὴν
811 442 904 496 τοῦ
942 443 1219 515 προφήτου
1267 444 1450 514 φωνήν
1494 444 1629 514 πρὸς
1669 444 1764 504 τὸ⁴

1872 439 2200 508 esipuerunt,
2238 439 2313 493 ita
2347 447 2404 492 ut
2438 438 2621 492 multa:
2656 436 3101 506 vehementisquc
3133 437 3403 506 paeniten-

158 532 406 598 κρεῖττον
448 526 587 583 εἶδον
608 549 620 561 ·
660 531 799 585 ὥστε
840 532 935 585 καὶ
964 533 1163 603 πολλήν
1200 550 1320 585 τινα
1349 535 1444 587 καὶ
1483 534 1732 586 σύντονον

157 621 264 689 τὴν
300 622 661 690 μεταμέλειαν
712 623 1116 687 ἐπιδείξασθαι·
1170 628 1423 696 νηστείαν
1478 626 1587 696 γὰρ
1631 625 1734 677 ἀνὰ

158 712 258 780 τὴν
283 713 435 767 ⁴ιεόλιν
461 713 753 785 ἐκήρυξαν,
774 716 848 778 ὥς
870 734 1021 786 φησι,
1050 718 1143 770 καὶ
1174 718 1410 779 σάκκους
1435 719 1632 780 πάντες
1653 719 1733 769 ἐν·

160 801 453 870 δυσάμενοι
478 804 662 871 μικροί
684 821 742 856 τε
765 806 859 856 καὶ
880 806 1123 874 μεγάλοι,
1144 804 1383 874 πενθικῷ
1405 804 1735 874 κεχρημένοι

162 890 242 960 τῷ
274 894 531 962 σχήματι,
557 894 683 947 ἵλεω
710 897 960 963 γενέσθαι
988 896 1080 948 τὸν
1113 896 1244 949 Θεὸν
1273 898 1457 959 αὐτοῖς
1490 895 1732 965 ἐξῄτουν·

166 983 356 1054 ἐπειδὴ
384 984 441 1037 δὲ
478 985 572 1037 καὶ
602 985 727 1057 ἄχρι
771 986 864 1039 τοῦ
902 987 1165 1056 βασιλέως
1194 988 1468 1058 ἐληλυθὼς
1501 989 1528 1038 6
1558 988 1734 1054 λόγος,

165 1071 287 1124 οὐδὲ
310 1074 515 1135 ἐκεῖνος
539 1074 818 1144 ἀμελήσας
840 1077 1086 1144 φαίνεται
1107 1077 1199 1129 τοῦ
1222 1077 1545 1147 πράγματος
1565 1093 1577 1106 ·
1601 1075 1739 1129 ἀλλά

169 1164 347 1231 μικρά
381 1162 474 1216 τοῦ
521 1164 800 1233 βασιλικοῦ
834 1170 1125 1237 φροντίσας
1152 1168 1459 1237 ἀξιώματος
1484 1209 1497 1231 ,
1546 1169 1637 1221 τόν
1680 1184 1739 1219 τε

168 1249 361 1319 θρόνον
406 1252 565 1317 ἀφεὶς
610 1254 701 1305 τὸν
740 1256 958 1317 οίκεῖον,
993 1257 1087 1309 καὶ
1118 1256 1215 1325 τὴν
1243 1255 1524 1326 βασιλικὴν
1550 1256 1741 1325 στολὴν

167 1340 500 1411 ἀπορρίψας,
532 1343 733 1397 σάκκον
758 1346 852 1397 καὶ
875 1346 1039 1408 αὐτὸς
1068 1346 1446 1417 περιθέμενος,
1480 1350 1572 1400 ἐπὶ
1605 1366 1739 1401 σπο-

168 1431 261 1482 δοῦ
314 1432 675 1501 καθεξόμενος
727 1433 989 1487 διετέλει·
1054 1436 1457 1507 προστάγματα
1507 1455 1565 1490 τε
1618 1437 1743 1506 ἑξῆς

172 1522 325 1591 παρά
335 1540 394 1575 τε
408 1524 499 1575 τοῦ
514 1523 773 1592 βασιλέως
788 1528 881 1578 καὶ
899 1525 1005 1578 τῶν
1020 1529 1139 1580 κατ’
1155 1529 1220 1580 αὐ
1230 1529 1326 1598 τὴν
1343 1530 1453 1598 (56)
1471 1531 1748 1600 ἀρχόντων

173 1613 398 1683 ἐξετέθη
430 1614 522 1666 τοῦ
555 1614 628 1685 μὴ
665 1618 789 1679 τοὺς
818 1616 1135 1688 ἀνθρώπους
1178 1618 1358 1689 μόνον,
1391 1619 1525 1672 ἀλλά
1560 1622 1651 1674 καὶ
1681 1621 1749 1673 τὰ

174 1705 316 1775 πρός
348 1707 652 1777 ὑπηρεσίαν
682 1709 863 1772 αὐτοῖς
896 1711 1207 1781 τεταγμένα
1240 1711 1357 1775 ζῶα
1398 1713 1657 1774 παντοίας
1688 1730 1747 1764 τε

1830 535 1921 588 tiae
1950 535 2105 604 signa
2140 532 2427 588 ediderint.
2466 531 2743 602 Jejunium
2790 532 2935 587 enim
2962 546 3059 601 per
3101 531 3399 596 civitatem,
3438 544 3445 545 ί

1832 633 1892 679 ut
1941 626 2035 691 ait,
2071 625 2404 690 indixerunt,
2453 640 2780 695 saccumque
2829 624 3010 679 omnis
3041 633 3172 680 tetas
3201 624 3395 685 induit.

1834 714 2047 784 lugubri
2072 716 2257 770 habitu
2286 716 2379 770 Dei
2405 716 2745 771 clementiam
2765 716 3135 785 implorantes.
3163 714 3407 784 Cumque

1835 806 1903 859 ad
1962 806 2137 877 ipsum
2193 823 2367 876 usque
2406 822 2586 875 regem
2633 822 2813 861 sermo
2865 807 3196 871 devenisset,
3254 819 3324 861 ne
3363 804 3409 857 is

1836 897 2057 966 quidem
2083 913 2195 952 rem
2230 900 2380 968 parvi
2412 897 2578 962 fecit;
2607 898 2700 952 sed
2735 899 2881 969 regia
2913 910 3089 966 spreta
3124 897 3407 966 dignitate,

1837 991 2038 1045 throno
2069 992 2281 1057 relicto,
2331 993 2607 1063 regalique
2641 1004 2789 1048 veste
2819 994 3049 1063 ahjecta,
3104 1008 3326 1048 saccum
3356 1001 3413 1049 et

1840 1079 1960 1150 ipse
1992 1080 2189 1147 induit,
2244 1094 2407 1152 atque
2437 1084 2492 1138 in
2541 1086 2725 1138 cinere
2754 1084 2932 1139 Sedit:
2977 1086 3351 1153 scriptumque
3382 1100 3412 1137 a

1842 1190 1968 1243 rege
1996 1175 2233 1229 edictum
2270 1184 2354 1229 est
2387 1184 2440 1229 et
2474 1192 2501 1229 a
2537 1178 2775 1231 civitatis
2815 1178 3172 1247 principibus,
3211 1185 3270 1230 ut
3303 1192 3413 1231 non

1844 1265 2019 1319 solum
2052 1265 2325 1328 homines,
2355 1282 2542 1320 verum
2574 1268 2737 1321 etiam
2778 1266 3024 1335 jumenta
3057 1266 3273 1319 illorum
3303 1280 3421 1318 ser-

1843 1354 1977 1409 vitio
2005 1356 2219 1410 addicta
2248 1359 2395 1410 omni
2428 1359 2626 1427 pabulo
2656 1368 2894 1429 potuque
2923 1366 3197 1413 carerent.
3232 1355 3418 1426 Neque

1848 1450 2112 1503 hactenus
2155 1448 2370 1503 illorum
2405 1451 2721 1518 poenitentia
2748 1452 2931 1517 stetit;
2989 1450 3082 1504 sed
3116 1450 3261 1504 omni
3296 1458 3423 1503 ante

1850 1546 1985 1591 acta:
2010 1536 2135 1591 vita:
2159 1536 2426 1591 maleﬁcio
2451 1538 2677 1599 omisso,
2712 1539 3026 1607 mutuisque
3053 1535 3304 1605 imposito
3334 1535 3420 1588 in-

1848 1629 2010 1700 juriis
2054 1628 2180 1694 ﬁne,
2213 1644 2543 1700 magnopere
2571 1616 3030 1699 sperabant,fore
3064 1636 3123 1681 ut
3146 1628 3263 1698 ipse
3291 1642 3426 1696 quo-

1855 1736 1961 1788 que
1986 1719 2128 1774 Deus
2154 1720 2426 1789 pmnitens
2451 1721 2718 1789 perlatum
2749 1720 3024 1773 decretum
3058 1717 3305 1771 [tunditus
3333 1732 3429 1769 an-

172 1796 382 1865 τροφῆς
406 1798 495 1848 καὶ
518 1798 681 1850 ποτοῦ
702 1798 976 1868 διαμένειν
1005 1802 1162 1863 ἐκτός
1182 1818 1194 1830 ·
1222 1803 1313 1854 καὶ
1342 1802 1400 1853 οὑ
1434 1804 1595 1872 μέχρι
1623 1801 1746 1855 τού-

1872 1814 2113 1880 .iquaret.
2153 1830 2170 1861 ‹
2199 1810 2335 1877 Quis
2360 1811 2531 1874 enim,
2574 1811 2749 1880 inquit
2780 1810 3081 1879 Scriptura,
3117 1807 3267 1863 novit
3298 1824 3425 1861 num

173 1904 287 1939 των
318 1898 392 1956 (p.
419 1888 545 1958 355)
568 1890 801 1961 ἔστησαν
820 1893 917 1962 τὴν
947 1893 1329 1963 μεταμέλειαν,
1359 1894 1493 1946 ἀλλά
1522 1894 1629 1963 γὰρ
1655 1894 1749 1945 καὶ

174 1980 289 2034 τῶν
322 1981 488 2033 πάλαι
529 1982 715 2045 κακῶς
755 1985 936 2045 αὐτοῖς
973 1985 1361 2054 πραττομένων
1395 1984 1748 2046 ἀποστάντες,

175 2073 363 2140 πάσης
385 2089 444 2123 τε
473 2072 572 2141 τῆς
594 2074 672 2135 είς
703 2074 923 2142 ἑτέρους
944 2075 1157 2137 ἀδικίας
1180 2075 1509 2144 χωρίσαντες
1532 2075 1748 2139 αὐτοὺς,

179 2162 390 2231 σφόδρα
420 2180 482 2232 γε
516 2165 774 2234 ἀνέμενον
801 2166 861 2217 τὸ
901 2166 995 2218 καλ⁸
1023 2166 1113 2218 τὸν
1140 2166 1271 2218 Θεὸν
1308 2166 1392 2235 ἐφ’
1426 2162 1507 2229 οἷς
1539 2168 1753 2237 ἀπεφή-

178 2269 314 2304 νατο
344 2254 464 2305 κατ’
494 2253 671 2307 αὐτῶν
712 2254 1047 2325 μεταγνόντα
1078 2254 1235 2308 λῦσαι
1266 2255 1361 2324 τὴν
1382 2256 1752 2325 ἐξενεχθεῖσαν

178 2344 461 2412 ἀπόφασιν
488 2345 765 2408 παντελῶς
791 2364 802 2377 ·
853 2365 872 2396 ι
904 2346 1000 2409 Τίς
1036 2346 1161 2417 γὰρ,
1200 2343 1533 2417 φησὶν,οἷδεν
1578 2349 1625 2398 εἰ
1660 2365 1754 2417 με·

178 2437 441 2504 τανοήσει
471 2437 565 2490 καὶ
592 2438 1071 2509 παρακληθήσεται
1107 2440 1136 2489 ὁ
1170 2439 1323 2502 Θεὸς,
1352 2440 1446 2492 καὶ
1476 2440 1753 2510 ἀποστρέ-

1848 1907 1988 1956 forte
2021 1905 2341 1956 immutetur
2376 1904 2761 1973 mitigeturque
2788 1901 3147 1969 Deus,_atque
3190 1900 3258 1953 ab
3290 1908 3427 1953 testu

1850 1992 2053 2046 furoris
2090 1994 2174 2046 sui
2200 1994 2438 2058 recedat,
2473 1995 2632 2049 nobis
2659 1993 3062 2048 incolumibus?
3090 2011 3108 2046 ι
3142 1989 3274 2056 Quae
3299 2005 3432 2046 sane

1851 2081 1959 2134 dici
1992 2082 2061 2134 ab
2088 2083 2169 2135 eis
2197 2098 2302 2135 non
2346 2091 2662 2152 potuerunt,
2700 2083 2802 2135 nisi
2838 2080 3171 2151 propheticis
3203 2077 3433 2132 vocibus

1852 2169 2087 2225 fuissent
2122 2171 2333 2225 edocti:
2390 2172 2444 2225 id
2491 2171 2635 2241 quod
2690 2186 2882 2239 reapse
2926 2170 3126 2222 factum
3169 2165 3433 2237 propheta

1858 2264 2012 2318 dicit.
2046 2263 2166 2317 Jam
2200 2275 2491 2334 postquam
2521 2281 2614 2319 eos
2644 2265 2895 2337 cognovit
2930 2262 3069 2316 Deus
3098 2262 3244 2316 vitiis
3268 2261 3435 2314 omis-

1860 2355 1937 2409 sis
1961 2355 2028 2407 ad
2052 2355 2307 2409 virtutem
2326 2357 2570 2419 tendere,
2600 2356 2877 2411 decretum
2906 2355 3018 2425 ipse
3045 2367 3261 2423 quoque
3290 2351 3435 2420 quod

1861 2446 1915 2498 iu
1952 2461 2047 2501 eos
2078 2447 2280 2501 tulerat
2307 2449 2611 2518 abrogavit.
2958 2460 2963 2463 ‘

176 2528 277 2598 ψει
313 2530 421 2581 ἀπὸ
447 2530 615 2599 ὀργῆς
653 2529 823 2600 θυμοῦ
852 2530 1036 2592 αὑτοῦ,
1066 2533 1160 2583 καὶ
1201 2532 1260 2583 ού
1310 2532 1382 2601 μὴ
1412 2530 1778 2599 ἀπολώμεθας
1814 2553 1831 2584 ι
1874 2536 2018 2608 ἅπερ
2052 2536 2145 2593 οὖν
2180 2541 2281 2611 οὐχ
2312 2536 2425 2594 οἶόν
2458 2559 2516 2593 τε
2552 2542 2729 2609 λέγειν
2759 2540 2954 2601 αὐτοὺς
2988 2536 3062 2607 μὴ
3104 2537 3167 2587 ἐκ
3197 2533 3304 2587 τῶν
3345 2531 3438 2586 τοῦ

177 2626 468 2695 προφήτου
527 2624 935 2695 δεδιδαγμένους
982 2626 1201 2694 φωνῶν·
1259 2626 1415 2679 τοῦτο
1482 2627 1546 2696 δὴ
1604 2628 1697 2679 καὶ
1742 2632 2069 2702 γεγενῆσθαί
2119 2652 2285 2705 φησιν
2338 2638 2366 2688 6
2425 2639 2745 2708 προφήτης·
2806 2635 2898 2688 καὶ
2958 2632 3255 2701 ἐπειδήπερ
3302 2623 3440 2682 εἶδεν

180 2713 388 2773 αὐτοὺς
414 2713 445 2763 ὁ
468 2711 599 2775 Θεὸς
621 2714 962 2778 ἀποστάντας
994 2715 1093 2785 μὲν
1120 2716 1229 2768 τῶν
1259 2716 1538 2787 χειρόνων,
1576 2716 1875 2782 νεύσαντας
1903 2721 1958 2773 δὲ
1991 2724 2125 2793 πρὸς
2150 2726 2211 2777 τὸ
2241 2729 2507 2796 κρεῖττον,
2537 2726 2692 2780 ἔλυσε
2723 2727 2815 2780 καὶ
2843 2726 3002 2789 αὐτὸς
3030 2725 3127 2793 τὴν
3170 2720 3441 2789 ἀπόφασιν

176 2805 369 2873 ἥνπερ
397 2800 489 2856 οὖν
516 2804 819 2876 ἐξενηνόχει
847 2807 968 2859 κατ’
1004 2808 1200 2861 αὐτῶν.

843 2898 998 2950 ΚΕΦ.
1036 2901 1107 2951 Δ’.

262 2988 412 3057 Στίχ.
444 2986 584 3042 «al-8'.
611 3020 681 3029 ——
713 3008 732 3040 ι
798 2990 918 3042 Ἐπὶ
952 2989 1162 3053 τούτοις
1202 2990 1445 3060 ἐλυπήθη
1465 3033 1478 3055 ,
1510 2990 1697 3059 φησὶν,
1733 2990 1761 3041 6

1943 2984 2103 3055 168
2135 2984 2301 3041 Vens.
2336 2987 2447 3040 1-4.
2472 2900 2927 3058 -Ῡῖῗίίἐζέειίε,
2960 2990 3135 3060 pergit
3158 2986 3440 3059 Scriptura

197 3079 393 3143 Ἰωνᾶς
437 3080 615 3150 λύπην
673 3081 915 3150 μεγάλην
960 3082 1055 3134 καὶ
1097 3080 1384 3152 συνεχύθη.
1426 3100 1444 3131 ι
1489 3080 1764 3140 Εἰκότως·

1872 3074 2071 3134 dicere.
2111 3091 2367 3146 maguum
2414 3082 2690 3133 contraxit
2722 3078 2893 3135 Jonas
2925 3096 3241 3142 uitiatorem,
3284 3080 3445 3150 eique

182 3171 573 3241 διεταράττετο
601 3170 709 3240 γάρ
741 3173 816 3233 ὡς
862 3172 1178 3234 ἀπατεῶνος
1214 3172 1307 3224 καὶ
1331 3169 1569 3238 ψεύστου
1604 3167 1766 3231 δόξαν

191 3264 415 3335 μέλλων
461 3263 831 3333 ἀποφέρεσθαι
876 3265 1007 3332 παρ’
1048 3263 1236 3325 αὐτοῖς
1260 3304 1274 3327 ,
1315 3263 1396 3314 ὅτι
1434 3263 1463 3314 6
1506 3261 1603 3330 μὲν
1640 3259 1771 3312 εἴσω

185 3355 368 3427 τριῶν
398 3353 622 3425 ἡμερῶν
653 3354 945 3423 ἠπείλησεν
975 3353 1192 3406 ἔσεσθαι
1225 3354 1325 3423 τὴν
1349 3351 1731 3422 καταστροφήν
1754 3367 1767 3381 ·

190 3446 418 3513 ἐγένετο
457 3446 513 3497 δὲ
546 3445 725 3498 οὐδέν·
758 3442 877 3498 εἶτα
907 3448 998 3498 καὶ
1026 3446 1160 3515 πρὸς
1187 3444 1276 3498 τὸν
1305 3444 1435 3497 Θεὸν
1464 3444 1772 3513 ἀποϐλέψας

192 3538 390 3603 ελεγεν
415 3553 427 3564 ·
466 3556 486 3587 r
523 3538 633 3606 Οὐχ
656 3532 797 3590 οὗτοι
822 3538 872 3589 οἱ
904 3536 1051 3604 λόγοι
1084 3554 1183 3606 μου
1216 3532 1355 3607 ἦσαν
1386 3536 1466 3587 ἔτι
1491 3536 1641 3597 ὄντος
1673 3552 1773 3604 μου

194 3632 259 3681 ἐν
294 3631 362 3697 τῇ
392 3630 461 3698 γῇ
493 3645 628 3698 μου;
675 3629 762 3680 διὰ
789 3628 946 3680 τοῦτο
987 3627 1312 3697 προέφθασα
1340 3627 1434 3679 τοῦ
1477 3629 1665 3695 φυγεῖν
1696 3627 1775 3687 είς

200 3720 475 3788 Θαρσεῖς,
505 3720 639 3771 διότι
677 3720 846 3787 ἔγνων
878 3720 958 3772 ὅτι
987 3722 1050 3772 σὺ
1075 3720 1323 3789 ἐλεήμων
1357 3715 1408 3771 εἴ
1433 3720 1525 3771 καὶ
1572 3718 1778 3786 οἰκτίρ-

206 3829 351 3879 μων,
396 3810 745 3880 μακρόθυμος
784 3810 878 3862 καὶ
912 3810 1199 3872 πολυέλεος
1228 3812 1320 3863 καὶ
1371 3808 1644 3877 μετανοῶν
1687 3810 1778 3860 ἐπὶ

200 3902 327 3957 ταῖς
360 3900 597 3960 κακίαις.
653 3918 671 3950 ι
706 3898 897 3966 Σαφῶς
940 3900 1046 3968 γὰρ
1078 3898 1345 3966 ἐδήλωσεν
1379 3898 1460 3948 ὃτι
1498 3895 1656 3947 τοῦτο
1686 3894 1780 3945 καὶ

204 3993 308 4060 τῆς
338 3992 517 4059 φέγῆς
544 3988 692 4059 αὐτῷ
719 3990 939 4056 γέγονεν
989 3990 1177 4049 αἴτιον,
1220 3987 1297 4057 (ρ.
1343 3986 1469 4056 956)
1495 3985 1557 4037 τὸ
1584 3984 1781 4036 εἰδέναι

203 4083 294 4133 ὅτι
324 4079 698 4148 φιλάνθρωπος
745 4078 840 4139 ὢν,
899 4080 945 4130 εί
984 4076 1453 4147 μεταϐαλομένους
1502 4075 1634 4139 ἴδοι,
1682 4074 1782 4143 τὴν

209 4170 489 4238 ἀπόφασιν
526 4168 741 4232 πάντως
786 4168 1004 4233 ἀλλάξει
1042 4168 1141 4237 τὴν
1184 4167 1390 4220 οἰκείαν
1414 4181 1427 4194 ·
1478 4166 1560 4218 ὅτι
1598 4182 1658 4216 τε
1695 4165 1783 4215 ἐν·

209 4262 402 4314 τεῦθεν
443 4260 592 4330 αὐτῷ
631 4260 912 4329 περιέσται
946 4258 1005 4310 τὸ
1048 4256 1282 4325 ψεύστου
1330 4257 1472 4319 τινὸς
1503 4258 1595 4308 καὶ
1644 4255 1784 4306 ἀπα-

208 4352 415 4415 τεῶνος
463 4352 618 4416 δόξαν
670 4351 853 4405 λαϐεῖν
913 4352 1043 4420 παρ’
1098 4351 1281 4413 αὐτοῖς
1308 4367 1322 4381 ·
1376 4349 1497 4401 ὃθεν
1551 4348 1780 4414 ἐπάγει·

218 4466 239 4497 ε
285 4412 805 4506 ΚαὶννῦνξΔέσποτα
830 4412 1020 4513 Κύριε,
1050 4442 1181 4495 λάϐε
1213 4443 1310 4511 τὴν
1336 4440 1513 4510 ψυχήν
1561 4412 1782 4509 μουήάπ’
1815 4412 1860 4467 D

210 4537 352 4605 ἐμοῦ
375 4578 390 4599 ,
419 4537 501 4588 ὅτι
526 4537 686 4588 καλόν
728 4553 815 4605 μοι
846 4536 906 4587 τὸ
947 4536 1237 4588 ἀποθανεῖν
1283 4551 1350 4604 με
1388 4533 1588 4602 μᾶλλον
1622 4531 1654 4601 ἢ
1687 4528 1784 4599 ζῇν

218 4648 309 4699 με.
350 4648 368 4678 ι
408 4628 507 4680 Διά
540 4628 595 4680 δὲ
621 4628 810 4680 τούτου
832 4671 845 4692 ,
873 4629 1028 4698 φησὶ,
1058 4628 1149 4680 τὸν
1176 4628 1402 4681 θάνατον
1427 4623 1786 4695 αἱρετώτερον

213 4720 389 4791 κρινῶ
434 4719 531 4772 τοῦ
580 4721 717 4790 μετὰ
758 4720 916 4789 δόξης
950 4719 1205 4789 τοιαύτης
1238 4718 1337 4787 ζῇν
1381 4717 1532 4787 παρά
1560 4717 1672 4777 τοῖς
1703 4715 1789 4766 ἀν-

212 4812 479 4881 θρώποις.
500 4810 557 4864 Ὀ
585 4812 679 4880 μὲν
706 4807 796 4863 οὖν
824 4810 955 4874 Θεὸς
984 4813 1013 4863 ὁ
1040 4811 1135 4863 καὶ
1161 4810 1293 4880 πρὸς
1314 4809 1439 4869 τοὺς
1469 4805 1790 4877 μετανοοῦν-

214 4921 318 4964 τας
374 4901 758 4973 φιλάνθρωπος
804 4901 901 4953 καὶ
945 4902 1058 4963 τοῖς
1109 4900 1329 4961 οἰκείοις
1376 4899 1583 4968 ἥμερος
1629 4897 1789 4962 ἄγαν,

214 4992 589 5062 ὲντρεπτικῶς
646 4992 917 5060 ἐπιτιμῶν
965 4991 1043 5060 τῷ
1094 4994 1348 5063 προφήτῃ
1397 4989 1591 5059 φησίν·
1653 5005 1671 5037 ‹
1731 4988 1793 5039 Ei

218 5087 430 5158 σφόδρα
478 5085 821 5156 λελύπησαι;
872 5104 890 5137 ι
942 5085 1065 5137 ἀντὶ
1117 5086 1210 5138 τοῦ
1239 5126 1252 5147 ,
1298 5085 1521 5145 Ἔοικας
1558 5081 1791 5150 ἀθυμεῖν

216 5177 495 5230 τοσούτων
556 5177 915 5247 σεσωσμένων
934 5194 948 5207 ·
985 5178 1103 5229 δέον
1132 5177 1457 5247 ἀντισηκοῦν
1489 5178 1555 5245 τῇ
1586 5171 1791 5243 ὑπολή-

216 5271 313 5338 ψει
333 5271 399 5338 τῇ
432 5268 629 5319 σαυτοῦ
651 5270 748 5337 τὴν
770 5269 986 5322 πάντων
1011 5270 1303 5339 σωτηρίαν,
1323 5269 1415 5320 καὶ
1438 5266 1793 5338 αἱρετώτερον

218 5361 468 5431 νομίζειν
498 5359 657 5412 αὐτόν
688 5377 745 5412 σε
773 5360 1011 5413 τοιοῦτον
1043 5360 1440 5430 ὑποληφθῆναι,
1470 5360 1501 5429 ἢ
1527 5358 1793 5411 τοσούτω)

220 5452 506 5507 ἀπώλειαν
539 5452 885 5519 γεγενῆσθαι.

298 5543 450 5611 Στίχ.
485 5544 628 5611 ε¹οη’.
670 5573 738 5583 -
789 5546 844 5597 ὐ
890 5546 945 5597 δέ
987 5547 1271 5616 προφήτης
1324 5542 1653 5613 ἐξεληλυθὼς
1703 5544 1800 5612 τῆς

297 5730 417 5799 {36)
454 5728 526 5780 lta
556 5729 673 5783 cotL

1870 3165 2087 3219 animus
2112 3168 2460 3235 perturbatus
2481 3176 2582 3221 est.
2614 3189 2633 3220 ι
2668 3167 2852 3239 Neque
2880 3169 3169 3223 immerito.
3200 3168 3447 3223 Timebat

1870 3254 2014 3308 enim
2050 3271 2119 3309 ne
2147 3256 2272 3309 vani
2296 3264 2349 3309 et
2378 3257 2655 3311 mendacis
2675 3257 2986 3327 opinionem
3010 3256 3153 3327 apud
3178 3256 3446 3313 Ninivitas

1873 3346 2214 3414 acquireret:
2276 3348 2714 3418 quandoquidem
2770 3350 2885 3418 ipse
2926 3349 3146 3419 quidem
3200 3348 3445 3403 futurum

1875 3438 2113 3492 minatus
2140 3448 2259 3492 erat
2289 3439 2431 3493 intra
2463 3448 2575 3495 tres
2598 3440 2714 3495 dies
2742 3440 3012 3495 excidium
3036 3458 3054 3507 ;
3108 3440 3243 3494 nihil
3270 3448 3447 3496 autem

1875 3528 2001 3583 inde
2020 3538 2377 3583 consecutum
2399 3540 2501 3584 est.
2535 3529 2654 3583 Mox
2690 3528 2854 3582 Deutn
2896 3528 3202 3598 suspiciens
3230 3529 3407 3583 aiebat
3432 3548 3445 3582 :

1882 3638 1900 3671 ι
1940 3618 2134 3675 Nonne
2165 3621 2250 3675 hic
2273 3630 2390 3675 erat
2412 3637 2592 3676 sermo
2623 3636 2796 3685 meus,
2831 3620 2958 3675 dum
2988 3620 3166 3676 adhuc
3189 3621 3243 3675 in
3280 3624 3453 3691 patria

1876 3712 2097 3781 regione
2146 3714 2435 3767 versarer?
2495 3712 2726 3783 ideoque
2759 3715 2939 3784 fugam
2974 3716 3028 3768 in
3079 3713 3305 3769 Tharsis
3336 3731 3453 3767 ma-

1878 3811 2185 3857 turaveram
2212 3822 2226 3864 ;
2259 3804 2387 3874 quia
2425 3812 2480 3858 te
2509 3804 2829 3859 clementem
2866 3821 3121 3860 noveram
3150 3813 3204 3859 et
3235 3806 3455 3860 miseri-

1879 3895 2124 3956 cordem,
2151 3896 2443 3963 patientem
2469 3894 2762 3948 admodum
2785 3904 2839 3950 et
2873 3896 3264 3965 indulgentem,
3291 3902 3455 3964 atque

1880 3972 2267 4041 obliviscendis
2303 3986 2519 4056 injuriis
2570 3985 2805 4041 facilem.
2835 4006 2853 4038 ι
2890 3986 3185 4056 Pcrspicue
3228 3986 3457 4041 demon—

1881 4087 2020 4133 strat
2052 4078 2193 4132 hanc
2228 4078 2331 4133 sibi
2365 4078 2503 4146 fugae
2537 4092 2760 4131 causam
2802 4077 2994 4144 fuisse,
3025 4079 3148 4147 quia
3180 4087 3452 4131 mutatum

1883 4172 1948 4225 iri
1976 4171 2253 4226 decretum
2286 4180 2532 4234 noverat,
2572 4172 2620 4225 si
2676 4170 2817 4226 Deus
2864 4172 3322 4225 clementissimus
3348 4171 3443 4223 im‘

1885 4263 2085 4316 mutari
2118 4263 2342 4319 vidisset
2388 4264 2668 4329 homines;
2730 4279 2789 4317 se
2819 4278 2946 4316 vero
2968 4263 3186 4317 fallacis
3220 4261 3456 4315 hominis

1887 4369 1951 4408 ac
1976 4355 2282 4424 deceptoris
2340 4354 2537 4407 famam
2607 4364 3023 4422 aucupalut'um.
3104 4354 3283 4418 Quare
3340 4354 3452 4405 ait:

1898 4464 1913 4492 ι
1940 4442 2116 4507 Nunc,
2148 4452 2338 4511 potens
2372 4441 2621 4504 Domine,
2655 4442 2906 4510 spirituum
2932 4440 3078 4492 mihi
3109 4441 3278 4509 eripe.
3329 4439 3458 4509 quia

1894 4537 2030 4591 mori
2053 4536 2185 4589 mihi
2216 4550 2378 4604 quam
2402 4536 2584 4589 vivere
2605 4535 2777 4588 satius
2802 4542 2901 4588 est.
2938 4552 2956 4584 ι
2995 4531 3293 4601 Optabilior
3315 4534 3457 4585 enim

1896 4628 2048 4689 tuihi,
2112 4627 2307 4695 inquit,
2358 4642 2504 4680 mors
2546 4636 2648 4688 est,
2703 4639 2864 4693 quam
2916 4625 2970 4677 in
3020 4623 3123 4676 hac
3181 4624 3459 4677 hominum

1896 4721 2151 4789 opinione
2197 4719 2421 4773 \ersari.
2460 4717 2595 4772 Tum
2629 4716 2773 4772 Deus
2815 4716 3195 4786 pwnitentium
3231 4724 3461 4780 amator,

1898 4814 2122 4881 suisque
2152 4810 2442 4864 admodum
2475 4811 2641 4871 mitis,
2696 4811 2955 4879 pudorem
2985 4807 3137 4862 Iona:
3170 4807 3462 4868 incutiens,

1900 4902 2171 4970 increpuit
2200 4903 2421 4957 dicens:
2464 4922 2481 4951 ε
2502 4900 2639 4953 Num
2673 4902 2769 4954 tibi
2816 4915 3143 4972 magquere
3174 4899 3319 4953 dolet
3348 4900 3466 4953 ani--

1901 5013 2022 5051 mus
2044 4998 2102 5048 ‘2:
2134 4996 2337 5066 Nempe
2353 5010 2582 5050 merere
2598 4993 2820 5056 videris,
2841 4994 2989 5064 quod
3019 5001 3168 5046 tanta
3186 4991 3465 5046 hominum

1900 5089 2191 5143 multitudo
2217 5097 2538 5143 conservata
2561 5089 2651 5143 sit.
2680 5085 2840 5158 Atqui
2874 5087 3100 5142 deberes
3125 5099 3465 5141 communem

1899 5182 2128 5235 salutem
2157 5182 2295 5250 aequi
2331 5180 2569 5250 bonique
2597 5181 2882 5234 consulere
2907 5194 3018 5249 prae
3047 5178 3186 5231 fama
3212 5185 3336 5241 tua;
3368 5175 3464 5229 tui-

1899 5285 2005 5339 que
2035 5270 2585 5334 nominismaculam,
2617 5284 2778 5339 quam
2806 5277 2884 5323 tot
2906 5270 3185 5324 hominum
3216 5267 3464 5329 exitium,

1901 5364 2078 5418 malle.

1974 5545 2140 5600 Vens.
2171 5546 2291 5601 5-8.
2325 5576 2390 5586 -—
2424 5545 2575 5599 Tuuc
2655 5545 2790 5600 urbe
2853 5543 3112 5614 propheta
3185 5551 3462 5612 cgressﬂs,
