3828 6216
428 359 538 418 313

1628 363 1976 421 TIIEODORI
2009 363 2488 420 MOPSUESTEM

3575 359 3677 414 ΞΗ

425 471 610 511 coram
658 454 882 519 resedit,
943 453 1214 524 tuguriolo
1268 454 1354 516 ibi
1389 466 1707 511 constructo
1744 476 1754 510 :
1794 459 1847 510 iu
1891 473 2000 527 quo

2104 456 2329 520 πόλεως,
2377 453 2665 517 ἐκαθέζετο
2693 453 3046 523 κατάντικρυ,
3079 451 3285 524 σκηνὴν
3312 449 3490 522 ἑαυτῷ
3515 454 3678 520 ποιή-

428 566 676 616 manens,
719 548 962 619 nunquid
997 556 1259 618 praetcrea
1301 550 1506 603 civitati
1539 550 1711 615 fieret,
1747 553 2005 605 observa-

429 640 559 693 bat:
609 640 879 692 miuarum
922 639 1066 692 enim
1117 637 1437 707 gravitatem
1484 654 1668 693 secum
1720 650 2000 710 reputans,

430 721 778 774 existimabat
810 721 936 774 hinc
969 720 1176 789 aliquid
1207 729 1654 776 consecuturum.
1689 721 1806 774 Mox
1836 723 2005 790 jussit

427 801 572 856 Deus
604 812 662 856 ut
703 805 986 858 cucurbita
1016 813 1234 872 repente
1263 811 1389 856 nata
1415 806 1691 872 tugurium
1718 813 1910 864 totum,
1947 807 1999 859 in

425 900 536 956 quo
585 886 846 954 propheta
889 887 1226 949 versabatur,
1265 887 1456 940 umbra
1493 888 1803 954 obtegeret:
1843 887 2006 958 169

426 985 596 1037 quare
636 967 804 1023 Jonas
843 970 1067 1038 putabat
1103 968 1392 1038 quamdam
1430 984 1489 1022 sc
1537 969 1755 1022 domum
1805 972 2002 1024 habere

425 1052 695 1106 densitate
725 1051 975 1104 foliorum
1011 1052 1454 1121 circumseptam.
1486 1050 1549 1103 Et
1571 1052 1790 1120 quidem
1841 1069 2001 1123 υυιιιιι

425 1149 641 1204 quoque
677 1133 877 1186 affatim
912 1135 1152 1203 undique
1171 1135 1533 1204 dependentia
1559 1137 1850 1189 maximam
1882 1138 2004 1188 aui-

424 1232 515 1272 mo
557 1218 867 1286 praebebant
911 1218 1355 1272 oblectationem.
1401 1217 1530 1281 llis,
1578 1220 1832 1288 inquam,
1871 1237 1999 1290 pro-

425 1301 586 1371 pheta
637 1315 969 1369 magnopere
1024 1301 1324 1354 tatabatur.
1393 1301 1496 1354 Sed
1560 1305 1704 1353 enim
1759 1304 1885 1354 dum
1937 1321 2003 1356 eo

423 1384 713 1445 miraculo,
756 1384 941 1452 reique
975 1395 1192 1452 aspectu
1234 1393 1395 1452 atque
1457 1399 1558 1438 usu
1595 1382 1815 1447 fruitur,
1872 1387 2000 1438 dum

423 1467 594 1520 multa
655 1465 728 1520 ob
779 1465 832 1520 id
891 1466 1164 1535 voluptate
1241 1466 1626 1535 perfunditur,
1689 1475 1852 1538 atque
1901 1467 2005 1521 hac

423 1548 529 1602 sibi
595 1548 932 1602 recreatione
993 1549 1185 1602 beatus
1230 1549 1494 1615 videtur;
1533 1549 1721 1604 divino
1784 1559 2004 1620 repente

425 1639 557 1684 nutu
621 1631 959 1685 vermiculus
1027 1632 1227 1701 planta:
1287 1633 1546 1696 innatus,
1624 1633 1764 1686 hanc
1815 1633 2004 1688 confe-

425 1714 551 1767 stim
605 1714 854 1782 corrupit
891 1721 1054 1783 atque
1091 1714 1409 1768 exsiccavit.
1469 1712 1589 1767 lam
1631 1714 1778 1768 hunc
1804 1717 2005 1769 vermi-

2106 566 2225 613 σας,
2251 550 2344 602 καὶ
2376 548 2480 600 ὑπὸ
2510 547 2713 618 ταύτην
2739 547 2960 614 διάγων,
2991 547 3149 617 ἄχρις
3188 545 3283 597 ῐδοι
3318 545 3372 596 τί
3413 561 3541 597 ποτε
3573 544 3679 614 ἄρα

2103 640 2310 708 γένοιτο
2335 639 2496 692 πλέον
2515 638 2646 709 περὶ
2665 638 2762 707 τὴν
2784 639 2954 691 πόλινο
2985 638 3082 708 τῆς
3103 637 3211 706 γὰρ
3242 634 3471 704 ἀπειλῆς
3499 634 3560 686 τὸ
3583 635 3678 702 μέ-

2106 730 2265 798 γεθος
2291 730 2739 799 ἀναλογιζόμενος
2762 728 3105 798 ὑπελάμϐανε
3126 744 3178 778 τι
3195 725 3254 778 τὸ
3271 726 3428 795 τυχὸν
3445 725 3539 777 καὶ
3559 724 3678 776 ἐσε-

2109 821 2232 874 σθαι
2263 822 2400 891 μετὰ
2428 819 2612 873 τοῦτο·
2651 815 2769 872 εἶτα
2798 818 3125 890 προσέταξεν
3147 819 3175 869 6
3195 817 3326 879 Θεὸς
3347 815 3681 869 κολόκυνθαν

2107 912 2300 983 ἀθρόον
2333 915 2648 980 ἐκφυεῖσαν,
2687 911 2904 964 ἃπασαν
2937 910 3032 980 τὴν
3063 908 3265 978 σκηνὴν
3297 910 3354 959 ἐν
3379 901 3526 980 ᾗπερ
3549 902 3619 976 ἧν
3648 907 3682 958 6

2102 1001 2388 1071 προφήτης
2434 1000 2720 1070 πληρῶσαι
2755 1001 2910 1060 σκιᾶς
2933 1014 2946 1028 ·
2983 1005 3000 1066 (
3026 1015 3078 1067 p.
3105 998 3205 1050 257
3231 999 3248 1065 )
3279 997 3352 1059 ὡς
3386 997 3481 1050 καὶ
3512 995 3682 1048 αὑτὸν

2101 1093 2279 1145 δοκεῖν
2306 1092 2482 1154 οἰκίας
2509 1091 2650 1154 τινὸς
2679 1092 2886 1162 σκέπην
2914 1091 3057 1159 ἔχειν
3086 1088 3164 1158 τῷ
3190 1089 3381 1158 πλήθει
3407 1087 3514 1141 τῶν
3543 1086 3674 1155 φύλ-

2107 1182 2212 1235 λων
2232 1198 2245 1212 ·
2278 1182 2370 1235 καὶ
2395 1182 2458 1253 δὴ
2489 1183 2583 1236 καί
2625 1183 2715 1234 τὸν
2742 1182 2950 1252 καρπὸν
2987 1180 3322 1250 πανταχόθεν
3363 1180 3557 1252 ἁθρόον
3585 1180 3683 1231 ἐκ-

2107 1272 2476 1346 κρεμάμενον,
2515 1273 2773 1342 πλείστην
2801 1272 2923 1325 τινὰ
2950 1272 3210 1342 παρέχειν
3237 1269 3383 1339 αὐτῷ
3411 1271 3510 1339 τὴν
3533 1268 3680 1337 ψυχσ-

2103 1363 2384 1432 αγωγίαν⁶
2439 1359 2540 1436 ἧσε
2589 1365 2748 1417 τοῦτο
2793 1365 2884 1417 τὸν
2926 1365 3210 1433 προφήτην
3250 1361 3324 1424 ὼς
3365 1361 3512 1421 εἰκὸς
3547 1375 3682 1428 τερε-

2105 1455 2305 1524 φθέντα
2329 1454 2408 1526 τῷ
2432 1455 2717 1526 παραδόξῳ
2740 1456 2836 1524 τῆς
2861 1471 2920 1507 τε
2951 1455 3076 1516 θέας
3105 1454 3201 1506 καὶ
3237 1452 3337 1521 τῆς
3365 1452 3550 1521 χρείας
3579 1451 3688 1504 τοῦ

2104 1547 2385 1615 γεγονότος
2407 1564 2422 1578 ο
2449 1547 2525 1610 ὡς
2545 1547 2603 1600 δὲ
2639 1548 2838 1618 πολλὴν
2873 1548 2965 1600 ἐπὶ
2995 1546 3073 1617 τῷ
3115 1545 3400 1616 πράγματι
3428 1542 3526 1614 τὴν
3554 1543 3683 1612 ἡδο-

2103 1637 2200 1708 νὴν
2227 1637 2376 1707 ἔσχε,
2405 1639 2496 1691 καὶ
2527 1637 2800 1707 ἀρκοῦσαν
2842 1655 2964 1691 τινα
3000 1635 3316 1708 κομίζεσθαι
3364 1634 3467 1704 τὴν
3505 1634 3684 1704 ψυχα-

2104 1729 2313 1797 γωγίαν
2361 1727 2610 1781 ἐντεῦθεν
2648 1727 2861 1795 ἐδόκει,
2894 1727 3088 1798 ἀθρόον
3129 1726 3292 1779 πάλιν
3337 1725 3686 1794 ἐπιτάγματι

424 1795 608 1849 culum
631 1795 916 1865 Scriptura
934 1796 1258 1849 matutinum
1279 1805 1457 1860 vocat,
1477 1807 1532 1849 ut
1549 1797 1816 1868 signiﬁcet
1833 1813 2000 1868 genus

2106 1795 2234 1888 θείῳ
2260 1817 2476 1889 σκώληξ
2519 1817 2822 1886 ἐγγεγονὼς
2845 1816 2923 1887 τῷ
2961 1795 3111 1886 (ρυτῷ
3140 1817 3285 1868 ἆπαν
3319 1813 3512 1884 ἀθρόον
3541 1813 3681 1865 αὐτὸ

425 1886 696 1954 serpentis
727 1885 1001 1938 matutino
1033 1892 1277 1954 tempore
1312 1884 1422 1940 Deo
1453 1888 1666 1941 volente
1715 1887 1769 1940 in
1806 1888 2002 1943 arbore

425 1971 614 2041 geniti,
649 1971 787 2026 hanc
815 1974 1033 2043 penitus
1065 1974 1436 2030 exsiccavisse
1461 1992 1473 2026 :
1531 1974 1605 2028 ita
1633 1981 1693 2028 ut
1722 1983 1845 2030 orto
1874 1990 1997 2031 mox

425 2060 560 2122 sole,
594 2058 888 2115 vehemens
921 2060 975 2113 in
1032 2057 1225 2114 Ionam
1256 2061 1454 2117 solaris
1482 2059 1712 2116 flamma:
1750 2063 2002 2117 inciderit

425 2146 631 2201 radius.
681 2145 864 2217 Pergit
912 2145 1199 2218 Scriptura
1238 2148 1462 2204 dicere:
1504 2148 1808 2219 «Praecepit
1860 2149 2000 2206 Deus

423 2234 640 2304 spiritui
669 2235 854 2290 calido
877 2237 1054 2290 urenti
1085 2244 1145 2290 ut
1171 2237 1385 2292 saeviret
1414 2237 1467 2291 in
1497 2236 1648 2292 Jonae
1673 2246 1871 2307 caput;
1906 2239 1999 2308 qui

421 2321 604 2376 animo
647 2323 945 2378 concidens
969 2323 1082 2393 jam
1129 2324 1299 2378 vitam
1345 2326 1658 2394 respuebat.
1685 2344 1706 2377 ι
1748 2326 1825 2379 Ita
1874 2341 2000 2381 vero

421 2409 780 2479 intelligimus
822 2409 967 2465 haud
995 2422 1320 2466 consuetum
1361 2411 1507 2466 hunc
1547 2411 1717 2466 fuisse
1737 2413 1997 2478 calorem,

422 2495 518 2551 sed
556 2495 827 2550 ﬂammam
864 2497 1244 2566 gravissimam
1281 2497 1468 2552 divino
1503 2499 1734 2553 consilio
1790 2500 2001 2554 innuis-

422 2597 576 2650 sam;
609 2583 766 2653 cujus
794 2597 964 2638 causa
986 2586 1246 2653 majorem
1284 2585 1446 2639 solito
1486 2586 1701 2654 patiens
1729 2587 1998 2656 propheta

421 2686 667 2735 sensum,
703 2673 1074 2728 vehementius
1108 2673 1430 2744 angebatur,
1468 2689 1770 2745 parumque
1791 2676 1998 2741 aberat,

423 2760 556 2829 quin
583 2761 748 2814 vitam
775 2761 1049 2816 amitteret
1074 2761 1127 2816 vi
1162 2761 1386 2827 caloris,
1418 2760 1532 2816 Hoc
1555 2763 1698 2817 enim
1730 2763 2000 2834 signiﬁcat

427 2865 450 2900 ο
477 2850 637 2902 vitam
683 2850 999 2919 respuebat.
1027 2869 1047 2902 ι
1084 2850 1173 2904 Ait
1214 2849 1377 2921 igitur
1413 2850 1561 2907 Deo:
1603 2851 1835 2908 cilelius
1866 2854 1998 2908 mihi

422 2941 561 2993 mori
591 2955 756 3008 quam
816 2941 1017 2995 vivere.
1041 2959 1065 2991 ι
1095 2939 1308 3005 Quibus
1356 2941 1538 2996 verbis
1589 2941 1692 2995 hoc
1732 2942 1998 3011 quodam-

426 3027 588 3082 modo
615 3028 855 3083 aiebatz.
883 3027 1148 3082 Malorum
1207 3029 1337 3082 mihi
1373 3029 1620 3083 solamen
1673 3029 1786 3083 haec
1819 3033 1998 3100 planta

422 3112 558 3180 fuit;
606 3114 703 3169 sed
730 3115 916 3170 eadem
950 3130 1075 3170 mox
1109 3113 1334 3169 defecit.
1368 3113 1481 3186 Ego
1517 3130 1646 3170 vero
1682 3124 1876 3185 praeter
1919 3116 2000 3171 fa-

2104 1908 2381 1978 ἀνήλωσὲν
2403 1926 2462 1962 τε
2488 1908 2580 1960 καλ⁵
2615 1909 2872 1978 ἐξήρανεν
2911 1906 3184 1968 παντελῶς
3207 1922 3222 1937 ο
3253 1904 3314 1956 τὸ
3341 1903 3449 1974 γὰρ
3477 1922 3495 1954 ι
3535 1901 3685 1954 σκώ-

2103 1999 2228 2070 ληκι
2260 2002 2454 2070 ἑωθινῇ
2488 2018 2506 2051 i
2540 1999 2708 2066 λέγει,
2732 1999 2817 2052 ἵνα
2835 1998 2962 2068 εἴπῃ
2988 1999 3070 2050 ὅτι
3099 1995 3267 2049 ἕωθεν
3289 1991 3681 2065 προστάγματι

2104 2089 2230 2160 θείῳ
2264 2087 2480 2161 σκώληξ
2520 2088 2714 2159 ἁθρόον
2761 2087 2982 2156 ἐκφυεὶς
3011 2087 3102 2137 ἐπὶ
3131 2083 3226 2136 τοῦ
3267 2082 3434 2151 φυτοῦ
3464 2081 3681 2152 ἀπεξήο

2105 2196 2264 2249 ρανεν
2299 2179 2476 2233 ἅπαν·
2507 2177 2648 2231 ὥστε
2682 2177 3061 2239 ἀνατείλαντος
3106 2173 3201 2228 τοῦ
3248 2173 3399 2244 ἡλίου
3445 2171 3680 2242 σφοδρο-

2101 2273 2269 2341 τὰτην
2303 2271 2452 2342 αὑτῷ
2485 2270 2578 2324 τοῦ
2631 2269 2857 2341 ἡλιακοῦ
2913 2269 3194 2329 καύσωνος
3237 2267 3518 2318 ἐπιπεσεῖν
3576 2262 3684 2332 τήν

2101 2364 2313 2417 ἀκτῖνα.
2356 2362 2520 2430 Λέγει
2558 2362 2711 2430 γοῦν,
2747 2361 2830 2413 ὃτι
2866 2379 2884 2412 ι
2923 2356 3261 2430 Προσέταξεν
3292 2358 3321 2409 6
3348 2355 3479 2417 Θεὸς
3508 2353 3680 2408 πνεύ-

2105 2472 2236 2524 ματι
2285 2453 2562 2514 καύσωνος
2620 2451 2951 2521 συγκαίοντι,
2997 2448 3092 2502 καὶ
3120 2445 3391 2510 ἐπάταξεν
3436 2446 3529 2498 ἐπὶ
3576 2446 3684 2516 τὴν

2102 2545 2344 2616 κεφαλὴν
2398 2545 2568 2606 Ἰωνᾶ,
2603 2543 2697 2596 καὶ
2728 2540 3074 2611 ὠλιγοψύχει,
3109 2539 3204 2593 καὶ
3238 2538 3534 2606 ἀπελέγετο
3575 2537 3679 2607 τήν

2101 2637 2276 2707 ψυχὴν
2315 2634 2479 2690 αὑτοῦ
2503 2651 2516 2665 ·
2562 2654 2580 2686 ι
2615 2633 2827 2696 δεικνὺς
2855 2632 2937 2686 ὅτι
2975 2632 3035 2684 οὐ
3069 2630 3210 2684 κατὰ
3247 2629 3310 2682 τὸ
3335 2627 3523 2689 εἰωθὸς
3549 2627 3681 2680 οὐδὲ

2100 2730 2130 2780 6
2163 2727 2378 2780 καύσων
2406 2725 2640 2793 ἐγένετο,
2677 2723 2815 2776 ἀλλὰ
2853 2721 3236 2794 προστάγματι
3280 2717 3410 2788 θείῳ
3440 2717 3680 2787 βαρυτά-

2101 2834 2199 2887 την
2233 2814 2379 2884 αὐτῷ
2423 2814 2519 2884 τήν
2559 2813 2733 2881 φλόγα
2763 2810 3031 2880 ἐπεμψεν,
3085 2811 3160 2871 ὡς
3205 2808 3270 2861 ἂν
3317 2807 3538 2878 μείζονα
3581 2805 3680 2859 τοῦ

2104 2908 2410 2980 συμϐάντος
2437 2906 2534 2976 τήν
2555 2903 2806 2973 αἴσθησιν
2837 2901 3014 2955 λαϐὼν
3044 2901 3122 2953 ἔτι
3152 2899 3351 2969 μᾶλλον
3381 2898 3680 2964 ἀλγήσειεν

2099 3001 2128 3051 6
2169 2998 2481 3068 προφήτης,
2535 2993 2730 3063 μικροῦ
2773 2991 2904 3060 γοῦν
2953 2991 3171 3060 ἀφιέναι
3215 2988 3315 3057 τήν
3352 2986 3530 3056 ψυχὴν
3571 2984 3684 3037 ὑπὸ

2100 3089 2194 3142 τοῦ
2223 3092 2496 3148 καύσωνος
2536 3083 2859 3138 κινδυνεύων
2883 3102 2894 3114 ο
2926 3082 3084 3134 τοῦτο
3105 3082 3214 3151 γάρ
3241 3081 3357 3131 ἐστι
3387 3077 3471 3144 τὸ,
3508 3095 3526 3128 ι
3565 3076 3682 3129 Καὶ

606 3163 703 3169 _-_
733 3163 916 3170 ν----η
950 3163 1075 3170 --η-
1115 3163 1329 3169 _---__--
1368 3163 1475 3186 Ἴ-
1530 3163 1643 3170 η--
1682 3163 1863 3185 Γπ--.
1919 3163 1972 3171 --

424 3217 565 3255 mam
593 3203 906 3272 pessimam,
931 3203 1134 3258 caloris
1157 3217 1377 3272 quoque
1406 3203 1708 3257 molestiam
1731 3215 1784 3258 et
1809 3203 2000 3260 discri-

2104 3186 2401 3253 ἁπελέγετο
2432 3182 2530 3253 τὴν
2552 3180 2726 3251 ψυχὴν
2753 3179 2938 3234 αὐτοῦ.
2983 3198 3006 3231 ι
3038 3179 3184 3248 Ἔφη
3216 3174 3351 3247 πρὸς
3384 3175 3476 3226 τὸν
3499 3173 3640 3224 Θεόν
3663 3189 3678 3204 ο

423 3303 546 3343 men
588 3295 784 3360 patior.
817 3290 1015 3357 Quidni
1049 3291 1212 3362 igitur
1233 3289 1372 3344 mori
1393 3290 1575 3343 malim
1597 3306 1762 3359 quam
1791 3293 1992 3362 vivere,

422 3383 517 3446 qui
550 3379 716 3432 tantis
743 3379 1019 3433 obtuudor
1051 3379 1257 3434 malis?

2107 3300 2126 3332 ι
2166 3280 2337 3333 Καλόν
2377 3296 2466 3348 μοι
2492 3277 2552 3330 τὸ
2588 3275 2876 3328 ἀποθανεῖν
2903 3275 2936 3346 ἢ
2964 3274 3086 3346 ζῇν.
3131 3293 3150 3324 ι
3185 3271 3260 3342 (p.
3299 3269 3424 3339 258)
3450 3266 3680 3321 Τοιοῦτό

2098 3395 2154 3432 τι
2178 3378 2372 3445 λέγων,
2394 3377 2478 3429 ὅτι
2498 3375 2870 3443 Ψυχαγωγίαν
2889 3374 3009 3426 τινὰ
3035 3371 3141 3424 τῶν
3167 3367 3496 3438 συνεχόντων
3518 3365 3684 3430 ἔδοξα

424 3474 608 3528 κακῶν
635 3475 776 3546 ἔχειν
803 3477 864 3528 τὸ
892 3476 1058 3544 φυτόν
1079 3493 1090 3506 ·
1121 3473 1240 3528 εἶτα
1273 3475 1466 3547 ἁθρόον
1491 3475 1552 3528 τὸ
1590 3476 1688 3544 μὲν
1716 3475 2072 3547 ἀπελήλυθεν,
2106 3476 2216 3542 ἐγὼ
2246 3473 2303 3526 δὲ
2329 3475 2396 3544 τῇ
2425 3472 2696 3543 μοχθηρίᾳ
2722 3472 2819 3541 τῆς
2850 3467 3170 3539 ὑπολήψεως
3209 3462 3679 3535 προσεκτησὰμην

423 3564 516 3618 τοῦ
536 3564 815 3629 καύσωνος
839 3567 938 3636 τὴν
961 3565 1240 3637 βαρύτητα
1271 3565 1476 3618 καὶτὸν
1502 3565 1818 3635 ἐνοχλοῦντα
1841 3568 2082 3621 κίνδυνον
2109 3563 2377 3618 ἐντεῦθεν·
2410 3563 2526 3626 πῶς
2567 3560 2658 3615 οὖν
2696 3562 2755 3615 ού
2790 3560 2883 3614 τοῦ
2923 3561 3019 3630 ζῇν
3045 3559 3252 3629 βέλτιον
3275 3555 3336 3607 τὸ
3357 3553 3682 3618 ἀποθανεῖν,

423 3658 471 3710 ti
490 3657 764 3721 τοσούτοις
795 3656 1042 3729 μέλλοιμι
1067 3657 1316 3712 παλαίειν
1347 3660 1572 3719 κακοῖ;;

498 3750 663 3808 Vens.
706 3753 957 3807 9-H.'——
979 3752 1346 3819 Quamobrem
1381 3752 1460 3806 ait
1495 3752 1574 3806 illi
1605 3751 1753 3806 Deus
1780 3770 1792 3805 :
1815 3771 1833 3802 ι
1855 3749 1996 3803 Num

422 3851 484 3896 tu
535 3858 866 3913 inagimpere
915 3858 1118 3898 maeres
1159 3838 1378 3913 propter
1413 3843 1803 3898 cucurbitam?
1833 3861 1854 3894 ι
1889 3857 2000 3912 quo

2168 3744 2316 3814 Στίχ.
2357 3743 2525 3796 (λ’-ια’.
2559 3773 2628 3782 ——
2657 3740 2747 3793 Διὸ
2784 3739 2846 3812 δή
2893 3756 3025 3809 φησι
3075 3737 3210 3809 πρὸς
3245 3738 3403 3792 αὑτὸν
3431 3739 3462 3790 6
3503 3740 3638 3799 θεός
3661 3755 3675 3769 ⁸

2101 3853 2120 3886 ι
2153 3835 2215 3888 Ei
2246 3835 2447 3905 σφόδρα
2475 3832 2774 3902 λελύπησαι
2805 3830 2896 3884 ἐπὶ
2928 3833 2993 3900 τῇ
3034 3828 3368 3897 κολοκύνθη;
3407 3848 3426 3879 ι
3467 3829 3682 3882 Τούτου

424 3936 828 4004 respondente,
871 3951 930 3989 se
967 3935 1272 3990 mortiferis
1313 3935 1438 4005 angi
1485 3934 1772 3990 doloribus
1819 3934 2000 4006 (adeo

2104 3926 2150 3978 δὲ
2199 3924 2475 3989 εἰπόντος,
2531 3923 2636 3985 ’έως
2683 3921 2912 3975 θανάτου
2959 3919 3244 3974 λυπεῖσθαι
3290 3919 3486 3984 (οὕτως
3526 3919 3678 3988 αὐτῷ

419 4025 723 4096 jucundam
764 4027 966 4081 fecerat
1008 4027 1288 4097 praplietre
1320 4029 1576 4082 arborem
1613 4028 1789 4094 Deus,
1823 4027 2000 4082 idem-

2104 4016 2190 4068 καὶ
2236 4015 2498 4085 ἐράσμιον
2527 4012 2693 4076 ἔδειξε
2715 4012 2776 4064 τὸ
2807 4011 2971 4080 φυτὸν
2992 4013 3020 4063 6
3048 4010 3200 4074 Θεὸς,
3223 4011 3316 4063 καὶ
3344 4011 3444 4080 τὴν
3479 4011 3574 4062 ἐπὶ
3604 4013 3675 4081 τῇ

425 4134 535 4189 que
563 4126 774 4173 tantam
804 4118 872 4172 de
900 4118 1048 4172 illius
1075 4119 1242 4173 exitio
1272 4119 1550 4172 tristitiam
1577 4126 1862 4174 creaverat
1888 4159 1903 4182 ,
1936 4129 1996 4172 ut

426 4210 532 4266 hoc
568 4211 824 4280 exemplo
858 4223 1151 4264 maerorem
1191 4209 1430 4264 hominis
1455 4209 1522 4264 de
1553 4209 1790 4264 civitatis
1820 4210 1997 4264 salute

425 4301 852 4370 injustissimum
907 4301 1290 4370 coargueret);
1356 4299 1542 4354 subdit
1591 4297 1736 4353 Deus
1781 4314 1795 4350 :
1840 4299 1998 4367 170

431 4413 452 4448 ι
470 4393 625 4449 Tune
644 4400 926 4462 tantopere
957 4391 1261 4446 cucurbitae
1275 4406 1444 4445 causa
1463 4404 1682 4451 maeres,
1703 4389 1793 4458 qui
1819 4389 1993 4443 eidem

2101 4105 2344 4175 ἀπωλείᾳ
2385 4104 2477 4157 τοῦ
2521 4103 2688 4171 φυτοῦ
2721 4102 2897 4172 λύπην
2933 4102 3078 4172 αύτῷ
3109 4101 3332 4172 μείζονα
3371 4103 3676 4171 πεποίηκεν

2101 4195 2448 4266 ἐγγενέσθαι,
2495 4196 2589 4248 ἐπὶ
2619 4195 2696 4265 τῷ
2726 4194 3022 4264 παραθέσει
3078 4193 3338 4262 μειζόνως
3379 4193 3546 4244 αὑτοῦ
3578 4192 3677 4262 τὴν

2102 4289 2198 4341 ἐπὶ
2225 4291 2294 4358 τῇ
2341 4287 2582 4356 σωτηρία
2623 4285 2720 4355 τῆς
2750 4286 2955 4348 πόλεως
2988 4285 3163 4354 λύπην
3189 4285 3405 4352 ἐλέγξαι
3436 4287 3682 4339 κάκιστα

2103 4379 2492 4449 γεγενημένην)
2510 4416 2524 4439 ,
2550 4377 2762 4444 ἐπάγει’
2796 4394 2814 4426 ι
2840 4372 2971 4427 Εἶτα
3003 4376 3065 4427 σὺ
3092 4377 3212 4444 μὲν,
3242 4376 3393 4445 φησὶ,
3419 4377 3678 4429 τοσοῦτον

423 4485 738 4541 excolendae
753 4484 960 4537 nullum
983 4484 1220 4537 laborem
1241 4482 1556 4553 impendisti
1569 4482 1594 4535 ?
1609 4497 1715 4535 una
1733 4481 1878 4536 enim
1898 4497 1998 4535 no-

2104 4471 2242 4541 ύπέρ
2271 4471 2368 4540 τῆς
2407 4468 2734 4539 κολοκύνθης
2779 4467 3040 4537 ήλγησας,
3087 4467 3275 4519 οὐδένα
3314 4469 3562 4537 κάματον
3599 4472 3679 4531 εἰς

425 4587 511 4633 rte
540 4584 761 4646 repente
802 4584 950 4637 nata,
998 4575 1150 4630 illico
1178 4588 1286 4627 una
1319 4581 1480 4628 nocte
1515 4573 1797 4628 interitum
1837 4588 1998 4641 passa

425 4674 550 4734 est;
579 4682 665 4721 me
703 4680 832 4720 vero
869 4680 970 4720 cur
1000 4667 1174 4736 magis
1206 4681 1314 4719 non
1341 4664 1523 4719 decuit
1554 4663 1806 4719 miserari
1838 4661 1994 4717 Nini-

426 4775 559 4823 ven,
599 4760 732 4813 tanti
775 4758 958 4829 populi
999 4758 1310 4820 civitatem,
1350 4763 1410 4808 ut
1447 4755 1733 4811 duodecim
1773 4755 1847 4810 ibi
1889 4756 2001 4809 sint

428 4848 703 4920 myriades
724 4849 1027 4912 hominum,
1044 4847 1137 4918 qui
1161 4847 1347 4902 laevam
1366 4861 1396 4899 a
1418 4846 1642 4900 dextera
1659 4861 1767 4898 non
1793 4845 2001 4900 discer-

430 4952 567 4995 nunt
591 4941 617 4992 ?
641 4960 659 4992 ι
687 4941 848 4995 Pueri
880 4941 1144 4995 nimirum
1176 4937 1420 4993 infantes
1454 4937 1794 5006 intelligendi
1829 4943 2000 4999 sunt,

429 5031 523 5096 qui
552 5047 745 5100 reapse
774 5031 918 5085 laevae
939 5031 1252 5101 dextraeque
1277 5030 1571 5085 discrimen
1602 5028 1808 5082 nullum
1832 5043 2003 5095 agno-

433 5131 636 5179 scunt:
673 5123 877 5191 quique
915 5123 986 5176 ob
1023 5124 1203 5178 anatis
1245 5123 1619 5176 infirmitatem
1655 5120 1806 5174 nulla
1840 5119 1906 5174 de
1944 5135 2002 5173 re

429 5212 680 5282 judicare
720 5218 970 5280 queunt;
1027 5211 1262 5280 ideoque
1314 5227 1383 5266 ne
1421 5210 1595 5278 culpa:
1648 5208 1868 5279 quidem
1905 5209 2003 5262 ob-

435 5301 582 5355 noxii
615 5299 874 5364 fuerunt,
905 5307 1065 5354 aetate
1095 5300 1336 5354 nondum
1371 5302 1637 5370 patiente.
1683 5297 1776 5353 Sic
1816 5308 2001 5353 autem

435 5391 581 5447 Deus
609 5392 826 5445 locutus
856 5399 939 5446 est
954 5391 1024 5444 ob
1037 5391 1415 5445 declarandam
1448 5392 1745 5446 incolarum
1765 5391 2000 5459 copiam.

443 5478 536 5535 tibi
570 5481 716 5535 enim
748 5481 1036 5535 infantium
1067 5490 1253 5537 tantus
1278 5489 1397 5536 erat
1428 5496 1691 5536 numerus
1713 5520 1726 5544 ,
1759 5489 2003 5550 quantus

443 5571 657 5625 demum
681 5571 989 5626 adulterum
1012 5573 1334 5643 cogitandus
1356 5574 1472 5628 est?
1491 5571 1607 5627 Jam
1633 5572 1848 5627 caeteris
1872 5586 2006 5639 pra:-

443 5660 713 5716 termissis
736 5701 749 5726 ,
791 5660 932 5716 Deus
965 5664 1278 5718 lactentium
1308 5658 1644 5719 'memoravit
1678 5677 1964 5716 numerum
1987 5700 2001 5724 ,

445 5766 676 5821 quorum
731 5751 848 5808 sine
898 5753 1064 5808 dubio
1100 5763 1322 5826 propter
1371 5756 1745 5811 innocentiam
1788 5754 2002 5810 nullum

2101 4562 2201 4632 τὴν
2227 4563 2484 4614 σύστασιν
2505 4559 2672 4628 αὐτῆς
2696 4557 3016 4625 εἰσενεγκὼν
3037 4573 3052 4622 ;
3083 4561 3141 4610 ἐν
3165 4561 3319 4611 νυκτὶ
3346 4559 3456 4630 γὰρ
3481 4561 3680 4631 ἁθρόον

2101 4655 2387 4720 γεγονυῖα,
2437 4652 2630 4722 ἁθρόον
2674 4654 2730 4703 ἐν
2785 4650 2942 4702 νυκτὶ
2985 4649 3079 4702 καὶ
3131 4650 3228 4719 τὴν
3283 4650 3565 4704 ἀπώλειαν
3596 4651 3680 4704 δέ-

2100 4746 2319 4797 δεκται⁸
2372 4745 2493 4814 ἐμοὶ
2525 4744 2581 4796 δέ
2628 4742 2744 4806 πῶς
2795 4743 2854 4794 ού
2910 4741 3130 4795 πλείονα
3187 4743 3458 4813 ἁρμόττον
3507 4742 3680 4810 φειδὼ

2101 4836 2302 4907 Νινευὴ
2349 4837 2448 4907 τῆς
2500 4835 2704 4897 πόλεως
2745 4835 2910 4906 ἒχειν,
2957 4835 3058 4904 τῆς
3105 4835 3247 4887 οὕτω
3279 4835 3567 4903 μεγίστης,
3603 4835 3680 4897 ὡς

2101 4927 2308 4982 δώδεκα
2343 4926 2606 4996 μυριάδας
2634 4927 2803 4997 αὐτὴν
2836 4911 3002 4978 οίκεῖν
3025 4925 3328 4996 ἀνθρώπων
3370 4925 3471 4977 οὐκ
3505 4927 3680 4992 ἐγνω-

2103 5021 2274 5074 κότων
2306 5017 2508 5088 δεξιὰή
2538 5018 2830 5089 ἀριστερᾶς
2865 5037 2884 5071 ι
2913 5019 3000 5070 ἵνα
3039 5017 3191 5088 εἴπῃ,
3220 5016 3478 5085 Νηπίωνο
3499 5015 3680 5068 τοιού-

2101 5128 2226 5174 τους
2273 5109 2380 5180 γὰρ
2421 5111 2521 5163 οὐκ
2564 5110 2869 5178 ἐγνωκότας
2925 5109 3134 5179 δεξιὰῆ
3177 5107 3442 5180 ἀριστερὰ
3493 5108 3678 5174 λέγει,

2103 5202 2227 5264 τοὺς
2251 5201 2338 5254 διὰ
2371 5200 2666 5272 νηπιότητα
2695 5201 2794 5253 οὐκ
2822 5201 3020 5271 ἀκριϐῆ
3057 5199 3165 5252 τῶν
3194 5199 3536 5269 πραγμάτων
3558 5200 3677 5252 διά.-

2105 5309 2280 5362 κρισιν
2326 5291 2568 5361 ἔχοντας,
2599 5291 2720 5344 οὐδὲ
2770 5292 2828 5344 ἐν
2859 5292 3155 5361 ἁμαρτίαις
3189 5291 3318 5343 ποτὲ
3349 5291 3425 5354 ὡς
3451 5289 3647 5358 γεγονό
3668 5317 3679 5326 -

2103 5399 2221 5447 τας,
2266 5383 2360 5436 διτε
2389 5385 2486 5451 τῆς
2529 5382 2743 5452 ἡλικίας
2767 5383 2829 5435 οὐ
2861 5382 3156 5452 δεχομένης
3195 5382 3383 5435 τοῦτο’
3413 5382 3500 5452 (p.
3534 5382 3678 5448 259)

2104 5472 2251 5538 λέγει
2281 5472 2379 5541 μὲν
2411 5471 2519 5543 γὰρ
2555 5472 2682 5524 αὐτὸ
2715 5473 2794 5535 εἰς
2841 5471 3112 5536 ἀπόδειξιν
3139 5471 3233 5522 τοῦ
3277 5470 3517 5541 πλήθους
3568 5469 3678 5522 τῶν

2105 5563 2392 5617 οἰκούντων
2428 5563 2525 5634 τὴν
2559 5563 2712 5616 πόλιν
2731 5580 2745 5593 ο
2786 5562 2914 5616 ἔνθα
2937 5562 3045 5634 γὰρ
3073 5562 3298 5615 τοσοῦτο
3333 5562 3438 5614 τῶν
3463 5563 3678 5632 νηπίων

2104 5652 2172 5725 ἦν
2212 5658 2272 5709 τὸ
2305 5657 2504 5727 πλῆθος
2525 5699 2538 5720 ,
2573 5658 2736 5710 πόσον
2777 5658 2840 5728 δὴ
2873 5657 2932 5710 τὸ
2964 5658 3072 5709 τῶν
3102 5657 3326 5710 τελείων
3372 5655 3677 5727 ἀνθρώπων

2109 5741 2206 5817 ἦνς
2235 5747 2370 5810 Τοὺς
2398 5747 2454 5798 δέ
2484 5764 2542 5816 γε
2578 5747 2794 5812 λοιποὺς
2841 5748 3081 5811 ἅπαντας
3110 5746 3433 5819 παραλιπὼν
3460 5747 3491 5798 6
3518 5746 3675 5809 Θεὸς,
