3828 6216
133 361 242 420 543

1130 351 1678 412 COMMENTARIUS
1715 351 1782 408 IN
1815 348 2127 408 MICHEE
2166 345 2326 403 CAP.
2357 347 2402 402 Ι.

3294 343 3401 399 5m

132 482 228 532 τὸν
274 477 387 530 τῶν
432 477 639 548 νηπίων
685 473 837 531 εἶπεν
875 476 1141 548 ἀριθμόν·
1191 477 1240 530 οἳ
1279 473 1728 546 ὁμολογουμένως

1872 481 1951 524 rat
1987 483 2166 540 poenae
2201 467 2477 522 meritum.
2528 461 2698 518 Nemo
2743 467 2896 515 certe
2940 457 3140 513 dixerit
3189 457 3404 527 simpli-

137 568 459 637 ἐφαίνοντο,
511 570 612 620 οὐκ
659 568 810 632 ὄντες
857 568 996 634 ἄξιοι
1032 568 1127 621 τοῦ
1179 586 1231 621 τι
1276 567 1447 622 κακὸν
1501 565 1721 628 παθεῖν,

140 659 237 711 an
271 657 411 728 μηδὲ
435 658 814 728 ἡμαρτηκότες
848 675 900 710 τι
940 658 1106 720 τέως·
1161 658 1221 710 οὐ
1267 657 1377 728 γὰρ
1405 657 1489 726 δὴ,
1538 657 1724 725 φησὶν,

139 749 321 811 είποις
363 749 431 801 ἂν
473 748 554 801 ὅτι
601 750 696 802 καὶ
737 749 986 802 τοσοῦτον
1045 748 1276 820 ἀριθμὸν
1322 748 1528 820 νηπίων
1572 747 1726 800 οὐθὲν

140 841 548 911 ἡμαρτηκότων
593 840 890 894 ἀπολέσθαι
930 840 1207 912 προσῆκον
1250 836 1345 911 ἦν·
1377 839 1516 892 ὥστε
1549 839 1652 892 κᾶν
1678 840 1726 891 εἰ

146 931 222 1001 μὴ
252 931 364 982 τῶν
396 929 619 983 τελείων
653 930 838 999 φειδὼ,
868 929 999 998 γοῦν
1035 929 1143 984 τῶν
1183 931 1391 1002 νηπίων
1425 930 1725 999 μνησθῆναι

149 1022 350 1092 μᾶλλον
378 1021 564 1091 ἐχρῆν,
590 1022 682 1074 ἐπὶ
707 1021 787 1092 τῷ
812 1021 976 1092 μηδὲν
1004 1020 1173 1076 κακὸν
1197 1022 1294 1091 τὴν
1321 1021 1475 1075 πόλιν
1509 1020 1724 1074 παθεῖν.

146 1109 468 1182 Προσέθηκε
494 1110 553 1162 δὲ
580 1109 661 1174 τὸ,
712 1127 731 1160 ι
774 1110 867 1162 καὶ
895 1111 1068 1180 κτήνη
1111 1109 1310 1164 πολλά·
1354 1128 1372 1160 ι
1409 1109 1485 1170 ὼς
1529 1108 1594 1162 ἂν
1633 1109 1728 1161 καὶ

145 1201 350 1254 τούτων
399 1199 654 1254 ἀϐλαϐὦν
700 1200 1066 1269 φυλάττεσθαι
1125 1199 1450 1269 ὀφειλόντων
1505 1199 1730 1263 δικαίως

146 1296 256 1356 τοῖς
282 1293 376 1345 ἐπὶ
428 1292 532 1362 τῆς
575 1291 783 1355 πόλεως
818 1291 1237 1362 διασωζομένοις
1268 1289 1377 1343 τῶν
1403 1287 1728 1360 ἀνθρώπων.

1828 563 1973 617 cium
2014 559 2370 631 parvulorum
2407 564 2613 609 tantam
2655 550 3060 607 multitudinem
3093 564 3250 619 aequo
3278 549 3406 618 jure

1830 654 2002 708 fuisse
2037 651 2392 722 perdendam.
2425 647 2792 715 Quamobrem
2822 644 3038 700 etiamsi
3073 642 3405 696 forteadnl-

1831 753 2013 798 torum
2062 743 2210 796 nulla
2257 740 2455 796 fuisset
2500 736 2821 800 miseratio,
2863 734 3166 805 puellorum
3216 734 3408 801 utique

1833 836 2153 890 meminisse
2190 833 2477 902 oportuit,
2533 845 2644 899 quo
2692 828 2828 883 nihil
2880 827 3007 881 mali
3059 824 3180 878 urbi
3231 826 3405 878 lierct.

1832 926 2049 994 Διηοεὶι
2090 923 2234 978 Deus
2258 962 2273 986 ,
2309 941 2327 971 ι
2363 929 2418 975 et
2449 922 2697 990 jumenta
2743 917 2952 985 multa;
2988 937 3006 968 ι
3039 930 3138 970 ceu
3193 915 3238 969 si
3296 930 3408 969 me-

1832 1016 1940 1069 rito
1975 1016 2091 1069 haec
2125 1029 2345 1084 quoque
2380 1012 2588 1067 servari
2621 1010 2916 1064 incolumia
2953 1008 3308 1070 debuissent,
3340 1007 3410 1060 ob

1834 1108 2073 1175 civium,
2105 1108 2310 1178 quibus
2338 1113 2455 1162 erat
2490 1103 2762 1174 parcitum
2783 1141 2799 1167 ,
2831 1100 3301 1156 commoditatem.

501 1494 3390 1530 ww.
1218 1523 1290 1530 ___
1295 1521 1670 1530 ___.

152 1524 534 1537 ___—-

720 1711 1286 1800 EPMHNEIA
1356 1708 1743 1795 MIXAIC

1912 1709 2141 1796 ΤΟΥ
2211 1704 2854 1798 ΠΡΟΦΗΤΟΥ.

155 2133 1308 2249 COMMENTARIUS
1421 2135 1564 2247 IN
1674 2132 2386 2250 MlCHfEAM
2495 2124 3414 2242 PROPHETAM.

823 2596 978 2649 ΚΕΦ.
1020 2597 1092 2651 A'.

224 2685 384 2756 Στίχ.
425 2692 496 2751 α’,
534 2684 599 2755 β’.
637 2685 1094 2758 -Παραπλήσια
1132 2685 1246 2752 τοῖς
1287 2688 1415 2760 περί
1467 2705 1526 2741 τε
1591 2689 1748 2758 Ὠσηὲ

157 2778 253 2830 καὶ
303 2776 488 2846 ’Δμὼς
534 2777 626 2830 καὶ
670 2779 798 2842 τοὺς
844 2779 1063 2842 λοιποὺς
1095 2780 1285 2833 ὁπόσοι
1322 2781 1499 2834 ταυτα
1540 2781 1748 2845 τούτοις

157 2872 601 2941 προεφήτευσαν,
650 2869 806 2942 δῆλός
850 2873 966 2924 ἐστι
1000 2872 1097 2923 καὶ
1142 2873 1171 2924 6
1223 2873 1493 2944 μακάριος
1543 2889 1755 2944 προφη-

155 2963 338 3016 τεύων
365 2963 608 3034 Μιχαίας
627 2981 641 2994 ο
675 2965 743 3017 τὰ
776 2966 882 3036 γὰρ
909 2966 1040 3037 περὶ
1067 2965 1156 3018 τὸν
1189 2964 1316 3019 λαὸν
1341 2965 1577 3036 ἐσόμενα
1604 2966 1755 3034 παρά

155 3071 217 3107 τε
259 3053 376 3106 τῶν
416 3054 717 3125 Ἀσσυρίων
757 3057 851 3108 καὶ
884 3056 992 3108 τῶν
1020 3055 1376 3110 Βαϐυλωνίων
1411 3057 1753 3127 πνευματικῇ

159 3146 485 3217 κινούμενος
525 3149 592 3216 τῇ
624 3147 805 3218 χάριτι
852 3148 944 3200 καὶ
991 3148 1154 3210 αὐτὸς
1198 3149 1589 3220 προαγορεύειν
1638 3165 1757 3200 πει-

164 3243 356 3310 ρᾶται,
399 3238 565 3302 εὐθὺς
591 3240 656 3291 ἐκ
692 3239 991 3310 προοιμίων
1038 3241 1217 3294 κοινὸν
1264 3241 1392 3311 περὶ
1426 3239 1625 3302 παντὸς
1663 3237 1756 3290 τοῦ

174 3331 403 3403 Ἰσραὴλ
437 3333 455 3401 (
477 3346 528 3400 p.
555 3329 698 3400 260)
725 3330 1050 3401 ποιούμενος
1083 3332 1174 3384 τὸν
1201 3332 1379 3400 λόγον,
1415 3331 1522 3385 τῶν
1547 3349 1605 3383 τε
1632 3331 1762 3384 δέκα

161 3424 318 3493 λέγω
358 3422 564 3492 φυλῶν,
601 3414 676 3474 ὧν
705 3422 804 3491 τὴν
833 3423 1148 3495 Σαμάρειαν
1181 3425 1430 3496 ἐξάρχειν
1458 3423 1758 3488 συνέϐαινε,

164 3520 262 3571 καὶ
294 3517 406 3568 τῶν
439 3515 532 3568 δύο
561 3509 745 3584 ὧνπερ
788 3510 882 3567 οὖν
923 3517 956 3585 ἡ
998 3517 1353 3587 Ἰερουσαλὴμ
1387 3519 1602 3588 ἡγεῖτο·
1640 3516 1759 3584 φαί-

166 3626 330 3661 νεται
357 3609 416 3661 δὲ
444 3608 540 3660 καὶ
574 3608 716 3661 κατὰ
765 3609 891 3672 τοὺς
918 3610 1116 3671 αὐτοὺς
1147 3610 1372 3679 καιροὺς
1409 3607 1764 3679 προφητεύων

169 3704 442 3765 ἐκείνοις,
466 3701 752 3755 τουτέστιν
801 3703 859 3755 ἐν
891 3702 1132 3776 ἡμέραις
1173 3700 1412 3771 Ἰωὰθαμ
1462 3701 1556 3753 καὶ
1594 3700 1767 3770 Ἀχαζ

170 3796 270 3848 καὶ
313 3794 559 3859 Ἐζεκίου
591 3793 698 3845 τῶν
740 3791 1000 3863 βασιλέων
1061 3792 1252 3845 Ἰούδα.
1302 3810 1321 3844 ι
1367 3793 1457 3845 Ἐν
1503 3792 1610 3865 γὰρ
1640 3792 1768 3844 ταύ-

172 3906 297 3953 ταις
333 3891 456 3949 ταῖς
498 3887 736 3957 ἡμέραις
780 3884 1106 3956 γεγενῆσθαι
1163 3886 1320 3954 λόγον
1353 3885 1559 3956 Κυρίου
1631 3876 1764 3949 φησὶ

177 3982 320 4054 πρὸς
345 3982 587 4050 Μιχαίαν
620 3983 708 4035 τὸν
737 3981 1070 4052 Μοραῖθίτην
1089 3995 1101 4006 ·
1135 3997 1154 4028 ι
1190 3976 1465 4030 τουτέστιν
1491 3973 1769 4046 ἐνεργείας

180 4073 574 4142 τετευχηκέναι
608 4071 778 4134 θείας.
821 4072 975 4133 Τίνος
1011 4070 1227 4132 ἕνεκεν;
1270 4085 1289 4115 ι
1337 4066 1508 4137 ’Υπὲρ
1541 4061 1615 4118 ὧν
1663 4059 1772 4118 εἶδε

182 4168 316 4236 περὶ
349 4165 666 4234 Σαμαρείας
706 4163 801 4216 καὶ
839 4164 967 4233 περὶ
1009 4159 1399 4231 Ἰερουσαλήμ·
1441 4180 1458 4210 ι
1495 4159 1581 4211 ’ίνα
1610 4158 1771 4231 εἴπῃ,

184 4257 398 4320 Παντὸς
455 4255 550 4308 τοῦ
607 4253 1004 4326 Ἰσραηλιτικοῡ
1050 4251 1211 4315 λαοῦ,
1255 4252 1356 4320 τῆς
1391 4267 1451 4302 τε
1501 4249 1776 4320 βασιλείας

182 4351 294 4403 τῶν
327 4348 462 4400 δέκα
501 4346 702 4415 φυλῶν,
736 4345 830 4397 καὶ
873 4346 970 4416 τῆς
1023 4342 1130 4395 τῶν
1171 4341 1266 4395 δύο
1308 4335 1493 4413 ὧνπερ
1527 4338 1776 4410 ἡγεῖσθαι

183 4443 284 4511 τὴν
329 4438 500 4492 Ἰούδα
548 4437 830 4490 συνέϐαινε
864 4436 1060 4506 φυλὴν,
1091 4435 1200 4487 τῶν
1249 4437 1313 4486 ἐκ
1353 4431 1450 4486 τοῦ
1505 4430 1776 4504 μακαρίου

185 4533 355 4586 Δαυῗδ
386 4532 530 4585 κατά
559 4533 657 4602 τὴν
699 4530 834 4600 πρὸς
860 4527 1022 4580 αὑτὸν
1048 4525 1420 4597 γεγενημένην
1451 4523 1778 4593 ἐπαγγελίαν

188 4624 588 4696 βασιλευόντων
628 4623 797 4692 αὐτῆς
819 4639 832 4652 ·
887 4621 1028 4690 ὑπὲρ
1059 4619 1124 4690 δὴ
1165 4618 1368 4671 τούτων
1395 4618 1490 4670 καὶ
1517 4616 1623 4669 τῶν
1653 4617 1781 4685 περὶ

189 4719 392 4779 αὐτοὺς
423 4717 696 4785 ἐσομένων
718 4712 969 4783 ἐνεργείᾳ
991 4711 1114 4782 θείᾳ
1136 4710 1236 4780 τὴν
1265 4708 1602 4777 ἀποκάλυψιν
1631 4706 1782 4770 δεξά-

195 4824 360 4879 μενος
404 4808 434 4857 6
463 4804 703 4874 Μιχαίας
743 4802 892 4870 λέγει
926 4801 1100 4854 ταῦτα
1124 4843 1138 4864 ,
1171 4800 1313 4870 ἅπερ
1349 4795 1442 4852 οὖν
1488 4801 1658 4851 εἰπεῖν
1692 4798 1784 4850 ἐπὶ

188 4899 292 4966 τῆς
317 4894 715 4963 ἀποκαλύψεως
755 4890 1005 4963 ἐδιδάχθη
1035 4892 1132 4960 τῆς
1162 4890 1331 4954 θείας,
1363 4888 1667 4960 ἀρξάμενος
1695 4887 1786 4940 οὕ-

189 5005 324 5050 τως·
375 5007 393 5038 ¢
460 4985 794 5046 Ἀκούσατε,
846 4982 968 5036 λαοὶ
1009 4981 1243 5046 πάντες,
1274 4981 1486 5050 λόγους.
1549 4999 1566 5030 ι
1630 4978 1788 5030 Ἀκο-

191 5081 406 5142 ito-50¢»;
435 5079 495 5132 τὸ
524 5097 544 5130 ε
585 5077 704 5130 λαοὶ⁸
731 5077 953 5138 πάντες,
997 5093 1015 5125 ι
1056 5074 1144 5126 ἵνα
1174 5074 1324 5142 εἴπῃ,
1362 5073 1476 5135 Πᾶς
1505 5071 1533 5123 6
1573 5069 1786 5140 Ἰσραὴλ

192 5179 223 5231 ὁ
274 5177 399 5237 ταῖς
453 5172 548 5225 δύο
590 5170 890 5242 βασιλείαις
938 5167 1268 5239 προσήκων·
1325 5163 1449 5216 ὅθεν
1502 5163 1783 5231 ἐπήγαγε·

201 5292 220 5322 ι
269 5268 386 5321 Καὶ
446 5263 759 5337 προσεχέτω
803 5262 838 5331 ἡ
882 5259 956 5328 γῆ
998 5259 1092 5310 καὶ
1125 5261 1322 5318 πάντες
1367 5257 1418 5307 οἱ
1462 5257 1519 5306 ἐν
1551 5255 1722 5324 αὐτῇ’
1765 5271 1783 5303 ι

193 5363 484 5420 τουτέστιν
522 5360 557 5428 ἡ
612 5352 981 5428 Ἰσραηλιτικὴ
1033 5350 1186 5423 χώρα
1241 5351 1420 5402 πᾶσα·
1462 5350 1558 5400 εἴτ’
1603 5344 1694 5399 οὖν
1743 5348 1791 5398 οἱ

195 5459 410 5528 ταύτην
450 5452 747 5516 οἰκοῦντες,
783 5447 989 5504 ἄνωθεν
1019 5447 1082 5498 ὲκ
1108 5445 1205 5514 τῆς
1238 5443 1373 5514 πρὸς
1398 5442 1524 5504 τοὺς
1551 5439 1792 5508 πατέρας

198 5548 543 5619 ἐπαγγελίας
588 5545 683 5598 τοῦ
737 5541 873 5595 Θεοῦ
918 5539 1208 5610 δεδομένης
1253 5537 1456 5598 αὐτοῖς.
1514 5534 1601 5606 (p.
1647 5531 1792 5602 9.61)

207 5664 227 5697 ι
267 5643 378 5697 Καὶ
404 5641 559 5694 ἔσται
599 5636 803 5708 Κύριος
832 5636 861 5687 6
883 5633 1014 5694 Θεὸς
1046 5633 1104 5683 ὲν
1143 5631 1270 5698 ὑμῖν
1297 5630 1378 5691 είς
1419 5626 1733 5698 μαρτύριον.
1773 5645 1790 5674 ι

202 5733 530 5799 Διαλέγεται
552 5729 610 5782 δὲ
627 5769 641 5793 ,
681 5727 866 5796 φησὶν,
894 5724 1024 5794 ὑμῖν
1047 5721 1113 5773 δι’
1146 5720 1301 5790 ἡμῶν
1325 5721 1353 5771 6
1381 5718 1532 5782 Θεὸς,
1557 5717 1795 5788 διαμαρ-

213 5828 399 5901 τυρίαν
441 5826 568 5881 τινα
613 5821 747 5895 περὶ
781 5818 889 5873 τῶν
921 5813 1195 5887 ἐσομένων
1225 5813 1574 5882 ποιούμενος·
1610 5807 1797 5880 ἐπειδὴ

2529 2592 2680 2648 CAP.
2723 2591 2762 2646 Ι.

1925 2687 2089 2743 Vsus.
2126 2689 2178 2751 l,
2201 2684 2566 2740 2.——Similia
2596 2681 2754 2738 Osea:
2786 2691 2840 2737 et
2857 2687 3059 2737 Amoso
3099 2689 3154 2736 et
3186 2682 3432 2752 reliquis,

1853 2790 2121 2851 quotquot
2155 2781 2239 2834 bis
2271 2778 2421 2847 paria
2451 2778 2934 2846 prophetaverunt,
2959 2781 3181 2844 apparet
3216 2775 3434 2827 beatum

1855 2891 2072 2946 quoque
2110 2870 2400 2927 vaticinari
2441 2869 2741 2923 Micbzeam.
2782 2866 2994 2920 Etenim
3037 2876 3296 2920 eventura
3340 2881 3436 2935 pn-

1857 2969 1986 3038 pulo
2028 2966 2098 3022 ab
2127 2965 2370 3037 Assyriis
2414 2973 2576 3033 atque
2611 2961 2764 3030 171
2810 2959 3122 3031 Babyloniis
3166 2960 3440 3028 spirituali

1858 3066 2138 3130 permotus
2168 3057 2340 3130 gratia
2373 3057 2492 3126 ipse
2523 3070 2740 3125 quoque
2772 3052 3063 3123 praedicere
3094 3052 3304 3116 nititur,
3330 3060 3443 3106 sta-

1859 3155 1953 3208 tim
1981 3154 2047 3206 ab
2072 3152 2297 3207 exordio
2326 3163 2669 3204 communem
2705 3148 2772 3202 de
2804 3147 3062 3201 universo
3096 3145 3297 3199 lsraele
3331 3159 3444 3198 ser-

1861 3261 2073 3300 monem
2123 3244 2450 3306 instituens,
2503 3240 2571 3296 de
2617 3239 2888 3298 tribubus,
2925 3239 3170 3308 inquam,
3216 3235 3441 3296 decem,

1861 3349 2092 3405 quarum
2131 3332 2281 3403 regni
2330 3337 2492 3400 caput
2538 3337 2655 3384 erat
2699 3326 2979 3385 Samaria.
3028 3333 3082 3378 et
3122 3325 3188 3377 de
3232 3323 3446 3376 duabus

1863 3441 2093 3496 quarum
2119 3423 2435 3492 metmpolis
2467 3420 2826 3474 Hierusalem.
2855 3416 3010 3471 Patet
3042 3426 3220 3470 autem
3252 3412 3444 3468 iisdem

1865 3517 2066 3586 quibus
2095 3515 2407 3584 superiores
2438 3511 2849 3582 prophetavisse
2879 3505 3219 3576 temporibus
3239 3548 3253 3570 ,
3283 3505 3334 3557 id
3363 3513 3450 3559 est

1867 3610 2060 3663 diebus
2084 3605 2356 3659 Joatbami
2382 3645 2397 3669 ,
2429 3600 2663 3655 Achaazi
2683 3641 2697 3664 ,
2735 3607 2791 3653 et
2823 3597 3027 3651 Ezeci-ae
3056 3609 3238 3665 regum
3259 3591 3448 3658 Iudae;

1867 3700 2067 3754 etenim
2107 3718 2124 3748 ι
2147 3697 2234 3752 bis
2259 3697 2452 3750 diebus
2483 3695 2560 3747 ait
2589 3691 2791 3746 factum
2826 3704 2947 3743 esse
2976 3687 3201 3741 verbum
3233 3682 3452 3739 Domini

1871 3793 1936 3846 ad
1975 3791 2252 3846 Michaeam
2295 3785 2680 3846 Moraithitem,
2717 3800 2733 3832 ι
2759 3781 2815 3835 id
2853 3786 2938 3834 est
2978 3793 3038 3832 se
3077 3776 3316 3830 divinam
3357 3788 3454 3827 ex-

1876 3895 2082 3958 pertum
2109 3897 2232 3938 esse
2259 3878 2652 3950 operationem.
2677 3873 2820 3928 Cur?
2846 3889 2864 3921 ι
2894 3870 2977 3924 Ob
3006 3883 3068 3923 ea
3087 3883 3206 3938 quae
3227 3864 3361 3918 vidit
3387 3863 3456 3918 de

1875 3953 2120 4031 Samaria
2146 3984 2198 4028 et
2225 3969 2582 4026 Hierusalem,
2611 3984 2630 4016 ι
2655 3965 2722 4019 de
2755 3963 3014 4017 universo
3051 3958 3262 4013 scilicet
3284 3953 3458 4008 Israe-

1874 4072 2021 4126 litico
2050 4065 2250 4138 popqu
2273 4104 2286 4126 ,
2320 4078 2414 4117 seu
2451 4060 2516 4114 de
2554 4059 2743 4113 decem
2787 4057 3025 4109 tribuum
3067 4065 3270 4120 regno,
3304 4055 3358 4100 et
3390 4045 3458 4099 de

1874 4165 2086 4219 duabus
2111 4174 2339 4231 quarum
2371 4154 2736 4226 principatum
2765 4149 2985 4204 tenebat
3013 4146 3130 4216 ipsa
3158 4139 3310 4197 Juda:
3353 4141 3456 4192 tri-

1877 4257 1999 4322 bus,
2036 4253 2178 4309 beati
2216 4250 2437 4304 Davidis
2467 4244 2698 4317 posteris
2723 4243 2879 4312 juxta
2912 4239 3005 4292 Dei
3041 4235 3370 4308 promissum
3401 4233 3459 4286 in

1876 4362 1939 4400 ea
1961 4342 2313 4413 regnantibus
2339 4359 2352 4394 :
2377 4337 2444 4392 de
2465 4336 2666 4406 quibus
2696 4345 2997 4399 eorumque
3023 4329 3209 4387 rebus,
3238 4331 3461 4393 accepta

1877 4435 2140 4492 divinitus
2170 4430 2502 4486 revelatione
2529 4427 2783 4481 Micbaeas
2808 4426 2923 4477 haec
2954 4421 3120 4483 dicit,
3155 4432 3276 4486 qua:
3305 4415 3453 4476 Deo,

1881 4537 1939 4583 ut
1992 4526 2265 4586 diximus,
2317 4521 2596 4575 revelante
2639 4516 2936 4577 didicerat,
2992 4511 3073 4565 sic
3126 4506 3460 4562 exordiens:

1886 4640 1904 4671 ι
1948 4615 2146 4672 Audite
2201 4613 2406 4676 verba,
2470 4607 2656 4680 populi
2711 4619 2925 4660 omnes.
2980 4621 2999 4654 ι
3040 4601 3460 4654 Conscutanee,

1891 4730 1905 4760 (
1934 4706 2113 4781 populi
2133 4716 2340 4767 omnes,
2368 4722 2384 4752 ι
2413 4709 2469 4754 ut
2497 4699 2800 4753 universum
2832 4693 3075 4748 lsraelem
3107 4693 3327 4747 denotet
3366 4688 3460 4758 qui

1884 4805 1953 4858 ad
2011 4814 2182 4872 regna
2235 4797 2346 4852 duo
2404 4793 2734 4865 pertinebat.
2791 4786 3154 4855 Quamobrem
3211 4781 3458 4835 addidit:

1889 4914 1908 4947 ι
1941 4871 2310 4962 Attendatque
2347 4899 2512 4951 terra,
2543 4896 2597 4941 ct
2635 4899 2826 4940 omnes
2856 4880 2948 4950 qui
2985 4879 3038 4931 in
3072 4891 3134 4930 ea
3166 4882 3314 4936 sunt,
3353 4892 3368 4923 ι
3408 4871 3464 4925 id

1885 4995 1970 5042 est
2002 4981 2304 5041 Israelitica
2341 4989 2453 5034 tota
2483 4979 2669 5048 regio,
2726 4979 2840 5030 sive
2883 4973 3003 5039 ejus
3057 4969 3284 5028 incolae,
3333 4981 3472 5033 (μω-

1888 5093 2008 5134 rum
2066 5078 2158 5131 illa
2209 5076 2461 5145 patribus
2514 5071 2702 5125 divino
2756 5066 3028 5136 promisso
3081 5060 3285 5114 tradita
3343 5055 3464 5110 fuit.

1894 5190 1912 5224 ι
1947 5170 2013 5224 Et
2059 5171 2164 5224 erit
2211 5167 2498 5220 Dominus'
2525 5162 2669 5217 Deus
2713 5159 2868 5213 vobis
2915 5158 2969 5210 in
3007 5151 3412 5210 testimonium.
3448 5165 3469 5198 ι

1898 5262 2169 5332 Loquitur
2199 5258 2358 5312 vobis
2396 5271 2492 5327 per
2526 5270 2629 5309 nos
2665 5251 2839 5314 Deus,
2880 5245 3259 5303 testimonium
3297 5240 3475 5309 quod-

1900 5357 2023 5411 dam
2058 5353 2224 5407 rebus
2257 5349 2462 5404 futuris
2492 5346 2670 5412 dans;
2704 5359 2771 5397 ex
2805 5358 2915 5409 quo
2953 5355 3052 5394 vos
3086 5353 3231 5406 saepe
3270 5335 3334 5387 ad
3378 5333 3478 5385 lio-

1902 5453 2055 5502 nesta
2092 5444 2450 5501 adhortatus,
2491 5438 2697 5492 nullam
2732 5435 2786 5488 in
2823 5433 3020 5486 melius
3062 5426 3479 5482 conversionem

1901 5536 2202 5609 perspexit.
2243 5532 2424 5599 Quare
2464 5536 2692 5599 apparet
2732 5527 2884 5579 illum
2927 5523 3150 5592 quidem
3193 5517 3327 5571 nihil
3385 5530 3478 5566 ve-

1904 5643 2028 5687 strae
2058 5625 2314 5682 utilitatis
2344 5637 2515 5677 causa
2547 5636 2657 5674 non
2692 5618 2983 5678 molitum,
3017 5627 3114 5666 vos
3141 5624 3272 5664 vero
3309 5605 3484 5661 nibilo

1907 5719 2158 5774 meliores
2207 5715 2322 5770 ﬁeri
2367 5711 2637 5773 voluisse,
2684 5707 2778 5764 sed
2829 5706 2968 5759 mala
3013 5704 3068 5757 in
3101 5716 3200 5756 vos
3236 5706 3486 5752 tantum-

1906 5810 2069 5866 modo
2091 5821 2441 5881 provocasse.
2466 5824 2485 5856 ι
2513 5802 2779 5861 Dominus
2805 5800 2870 5856 de
2894 5798 3056 5854 domo
3086 5800 3275 5850 sancta
3305 5804 3407 5846 sua
3466 5809 3476 5836 ε
