3828 6216
397 285 508 342 5-H

1606 289 1955 349 THEODORI
1977 293 2454 351 MDPSUESTENI

3544 292 3654 348 δίε

403 402 779 458 Necessarium
803 405 1230 459 additamentum
1260 425 1278 457 ε
1306 413 1522 476 sancta;
1550 428 1568 470 η
1595 426 1716 464 nam
1735 412 1859 481 quia
1880 427 1966 483 ge-

2076 414 2331 476 πολλάκις
2362 414 2488 484 ὑμῖν
2517 413 2584 466 τὰ
2628 413 2976 483 προσήκοντα
3001 410 3318 480 διαλεχθεὶς,
3359 411 3478 464 οὐδὲ
3510 413 3650 482 μίαν

404 495 636 549 neratim
678 511 866 551 omnes
900 498 1214 566 alloquitur,
1249 501 1450 555 Inultus
1475 509 1653 555 autem
1677 513 1796 557 erat
1827 505 1972 573 apud

401 588 592 643 decem
623 587 798 640 tribus
841 586 1108 642 idolorum
1157 592 1374 654 cultus,
1420 592 1582 659 cujus
1621 608 1788 649 causa
1829 595 1972 650 fanis

399 682 566 731 etiam
602 681 936 734 constructis
958 720 972 742 ,
1006 681 1282 736 dremoues
1316 683 1618 740 honoribus
1645 686 1848 741 divinis
1874 702 1972 741 co-

401 769 594 824 lendos
638 771 923 835 curabant,
953 782 1097 828 recte
1143 775 1279 828 dixit
1310 794 1322 828 :
1363 777 1518 846 172
1550 797 1569 829 ι
1599 777 1859 834 Dominus
1901 781 1969 836 de

401 863 562 913 domo
584 869 775 915 sancta
803 877 923 920 sua.
949 882 969 914 ι
997 863 1379 920 demonstrans
1406 884 1464 921 se
1494 869 1560 921 ad
1593 885 1783 923 onmes
1813 885 1967 924 com-

394 950 640 1004 muniter
666 953 826 1007 verba
859 951 1068 1016 facere,
1101 955 1172 1007 ob
1203 955 1255 1009 id
1287 971 1315 1008 a
1354 956 1462 1011 Deo
1491 958 1694 1014 missus
1723 961 1816 1028 qui
1850 959 1968 1014 Hie-

400 1043 690 1112 rosolymis
749 1044 967 1098 domum
1029 1046 1190 1101 habet
1242 1065 1434 1115 suam,
1490 1066 1654 1119 quam
1713 1063 1962 1107 sanctam

397 1141 618 1200 propter
652 1132 871 1186 insitam
905 1137 955 1188 ei
987 1135 1242 1190 virtutem
1277 1138 1486 1193 definit.
1538 1139 1735 1195 Postea
1783 1143 1961 1214 pergit

395 1228 606 1282 dicere:

2074 505 2376 577 μεταϐολὴν
2419 505 2742 576 δεξαμένους
2782 505 2875 557 ἐπὶ
2901 503 2963 556 τὸ
2993 506 3235 572 κρεῖττον
3267 498 3405 557 εἶδεν
3425 520 3440 533 ·
3468 503 3546 568 ώς
3578 504 3648 558 ἂν

2071 599 2312 667 φαίνοιτο
2339 599 2368 650 ὁ
2408 597 2506 667 μὲν
2549 597 2726 650 πάντα
2760 596 2829 649 τὰ
2863 595 2999 666 πρὸς
3030 595 3300 665 ὑμετέραν
3328 595 3649 665 πεποιηκὼς

2067 689 2368 758 ὠφέλειαν,
2411 689 2568 758 ὑμεῖς
2606 687 2662 738 δὲ
2693 687 2841 739 οὐδὲν
2870 685 3194 756 θελήσαντες
3242 685 3448 738 ἑαυτῶν
3485 685 3648 752 γενέ-

2077 779 2198 832 σθαι
2233 779 2505 849 βελτίους,
2546 776 2971 847 ὲφελκυσάμενοι
3010 776 3067 828 δὲ
3109 777 3265 846 μόνον
3308 777 3392 844 ἐφ’
3418 777 3648 837 ἑαυτοὺς

2073 875 2140 924 τά
2169 871 2333 924 κακά.
2359 887 2377 920 ‹
2412 869 2611 938 Κύριος
2639 867 2697 934 ἐξ
2723 867 2872 920 οῐκου
2895 867 3051 936 ἀγίου
3083 866 3266 920 αὐτοῦ.
3299 885 3317 918 ι
3347 866 3651 935 Ἀναγκαία

2072 963 2105 1030 ή
2148 960 2458 1031 προσθήκη·
2506 959 2690 1028 ἐπειδὴ
2731 959 2840 1030 γὰρ
2872 959 3006 1029 πρὸς
3047 959 3294 1022 ἅπαντας
3335 963 3488 1029 κοινῇ
3523 959 3649 1012 δια-

2071 1052 2323 1118 λέγεται,
2377 1050 2547 1120 πολλὴ
2588 1049 2645 1103 δὲ
2693 1045 2760 1120 ἦν
2806 1052 2839 1120 ἡ
2874 1051 3002 1122 περί
3041 1051 3109 1103 τά
3149 1051 3343 1104 εἴδωλα
3367 1051 3474 1103 τῶν
3511 1050 3652 1104 δέκα

2071 1142 2254 1212 φυλῶν
2281 1141 2565 1213 Θεραπεία,
2597 1143 2682 1210 ἐφ’
2785 1142 2875 1194 καὶ
2904 1141 3087 1204 οἴκους
3116 1142 3648 1204 κατασκευάσαντες,

2071 1235 2146 1297 ώς
2197 1233 2353 1296 θεοὺς
2399 1234 2486 1286 διά
2532 1233 2642 1286 τῶν
2697 1231 2926 1286 εἰδώλων
2969 1232 3294 1303 θεραπεύειν
3345 1233 3649 1304 ἐπειρῶντο

396 1319 520 1382 τοὺς
538 1320 813 1392 δαίμονας,
838 1323 1015 1386 καλῶς
1035 1325 1339 1396 προσέθηκε
1362 1327 1442 1384 τὸ.
1481 1348 1498 1378 ι
1526 1329 1728 1401 Κύριος
1764 1328 1823 1393 ἐξ
1844 1329 1994 1382 οἴκου
2030 1329 2184 1396 ἁγίου
2216 1327 2401 1380 αὑτοῦ·
2443 1347 2460 1378 ι
2489 1327 2661 1396 δηλῶν
2682 1327 2763 1381 ὄτι
2794 1329 2944 1398 κοινῇ
2996 1327 3132 1398 πρὸς
3184 1327 3427 1391 ἅπαντας
3471 1330 3646 1380 ποιεῖ-

395 1427 484 1464 ται
531 1414 654 1475 τοὺς
693 1413 909 1481 λόγους,
941 1415 1089 1485 παρὰ
1117 1415 1248 1468 Θεοῦ
1278 1417 1451 1472 ταῦτα
1477 1422 1648 1472 εἰπεῖν
1685 1419 2092 1489 ἀπεσταλμένος
2133 1418 2225 1470 τοῦ
2266 1419 2324 1469 ὲν
2356 1417 2707 1488 Ἰερουσαλήμ
2751 1416 2842 1470 τὸν
2890 1411 3038 1470 οἷκον
3069 1415 3287 1486 ἔχοντος
3329 1416 3421 1468 τὸν
3470 1416 3644 1468 ἴδιον·

394 1509 451 1560 ὃν
480 1510 571 1561 καὶ
604 1508 759 1576 ἅγιον
786 1510 873 1564 διά
898 1511 999 1580 τῆς
1025 1514 1300 1582 ἐνεργείας
1329 1515 1574 1587 ἀπέφηνε
1599 1518 1698 1588 τῆς
1721 1517 1947 1579 οἰκείας.
1993 1513 2124 1568 Εἶτα
2157 1515 2251 1567 καὶ
2284 1513 2628 1584 προστίθησι·

474 1595 638 1651 Vens.
675 1598 796 1653 5-5.
822 1629 891 1638 —-
914 1619 932 1651 ι
971 1602 1108 1666 Quia
1143 1619 1270 1658 ecce
1303 1603 1564 1662 Dominus
1594 1607 1867 1677 egreditur
1897 1607 1966 1662 de

398 1693 518 1745 loco
547 1707 650 1746 suo
679 1711 692 1746 :
725 1701 781 1746 et
812 1694 1110 1750 descendet
1159 1707 1323 1769 atque
1361 1703 1622 1758 ascendet
1671 1720 1839 1774 super
1871 1722 1968 1759 ex-

2142 1605 2290 1674 Στίχ.
2320 1603 2458 1671 γ’-ε’.
2485 1631 2558 1644 -
2587 1621 2605 1653 ι
2639 1602 2782 1655 Διότι
2825 1601 2932 1655 ἰδοὺ
2961 1601 3165 1671 Κύριος
3193 1600 3545 1668 ἐκπορεύεται
3579 1603 3652 1654 ἐκ

2070 1693 2162 1747 τοῦ
2210 1694 2375 1746 τόπου
2419 1692 2616 1746 αὐτοῦ·
2667 1695 2760 1746 καὶ
2790 1693 3159 1764 καταϐήσεται
3198 1693 3291 1746 καὶ
3329 1693 3651 1763 ἐπιϐήσεται

394 1783 540 1836 celsa
575 1791 754 1838 terrae.
790 1784 853 1837 Et
873 1790 1362 1846 commovebuntur
1380 1808 1591 1850 montes
1614 1797 1797 1851 subter
1819 1813 1966 1861 eum,

2071 1784 2162 1838 ἐπὶ
2183 1784 2252 1837 τὰ
2281 1785 2389 1854 ὕψη
2418 1784 2516 1853 τῆς
2545 1785 2648 1854 γῆς
2675 1801 2685 1810 ·
2721 1785 2816 1838 καὶ
2843 1785 3230 1856 σαλευθήσεται
3270 1786 3339 1839 τὰ
3376 1786 3477 1857 δρή
3508 1788 3649 1840 ὑπο-

392 1880 448 1927 et
482 1874 649 1929 valles
684 1875 987 1944 liquescent
1019 1879 1161 1934 sicut
1189 1897 1313 1935 cera
1342 1898 1370 1936 a
1403 1873 1538 1938 facie
1570 1886 1734 1955 ignis,
1757 1895 1811 1941 et
1832 1887 1974 1942 sicut

395 1980 537 2034 aqua
573 1983 692 2035 quae
739 1969 981 2022 decurrit
1027 1971 1080 2024 in
1127 1988 1384 2044 prmceps.
1421 1995 1439 2027 ι
1468 1975 1774 2033 Procedens
1821 1980 1968 2034 enim

394 2075 458 2112 ex
491 2060 618 2116 illo.
656 2061 863 2130 inquit,
904 2073 1086 2117 monte
1125 2064 1268 2121 Deus
1292 2107 1306 2131 ,
1341 2067 1698 2124 habitationis
1738 2071 1852 2124 suae
1888 2072 1970 2124 lo-

395 2162 520 2202 cum
561 2153 842 2218 ostendit,
891 2169 1125 2223 cumque
1156 2157 1428 2211 universae
1475 2159 1846 2212 lsraelitarum
1886 2175 1972 2215 re-

401 2243 550 2311 gioni
586 2245 859 2298 dominari
905 2247 1075 2308 dicit,
1119 2263 1282 2316 quam
1335 2250 1595 2318 propheta
1644 2251 1966 2321 alloquitur.

393 2333 752 2388 Conturbabit
773 2345 953 2390 autem
975 2354 1227 2408 proceres
1257 2341 1377 2409 ejus
1403 2359 1417 2408 ;
1452 2343 1550 2396 hos
1579 2342 1724 2396 enim
1756 2352 1970 2397 montes

393 2427 466 2479 ob
498 2443 650 2480 suam
683 2430 1034 2490 eminentiam
1071 2433 1344 2502 appellat;
1380 2450 1589 2488 necnon
1629 2443 1684 2488 et
1731 2435 1970 2504 reliquos

395 2531 587 2572 onmes
618 2537 632 2571 :
672 2535 795 2572 nam
829 2520 998 2574 valles
1026 2523 1258 2578 classem
1297 2523 1576 2577 hominum
1618 2525 1967 2578 humiliorum

394 2611 658 2662 nominat.
692 2609 844 2664 Patet
875 2619 1064 2665 autem
1102 2613 1241 2666 haud
1275 2614 1494 2668 divisim
1534 2614 1716 2668 dicere
1756 2625 1970 2669 montes

395 2709 704 2755 commotos
732 2709 785 2754 et
817 2702 1140 2771 liquefactas
1173 2704 1338 2758 valles
1362 2743 1376 2766 ,
1411 2704 1504 2758 sed
1539 2703 1806 2760 Hebraico
1831 2706 1971 2760 idio-

396 2789 560 2844 tismo
604 2806 767 2859 quem
818 2806 961 2860 szepe
1011 2791 1332 2858 docuimus,
1380 2809 1476 2863 per
1527 2793 1797 2850 diatresim
1837 2795 1971 2850 dicit

397 2894 718 2944 commune,
751 2881 900 2950 quod
932 2897 1125 2952 nempe
1157 2899 1349 2938 ouilies
1383 2899 1639 2954 proceres
1674 2887 1970 2956 reliquam-

396 2987 506 3039 que
536 2971 748 3040 plebem
793 2972 977 3025 divina
1018 2973 1097 3026 ira
1134 2975 1424 3043 corripiet,
1474 2990 1824 3031 commovens
1873 2977 1969 3031 de-

397 3071 725 3132 struensque
753 3079 892 3118 cera:
920 3078 1070 3118 more
1109 3065 1218 3134 igni
1259 3065 1530 3119 admotae:
1575 3067 1969 3137 pertrabetque

2076 1875 2315 1929 κάτωθεν
2353 1876 2543 1929 αὑτοῦ·
2589 1877 2682 1930 καὶ
2714 1879 2768 1928 αἱ
2801 1875 3044 1940 κοιλάδες
3085 1879 3412 1948 τακήσονται
3440 1878 3513 1942 ώς
3543 1895 3650 1950 κη-

2075 1967 2168 2039 ρὸς
2212 1967 2319 2020 ἀπὸ
2377 1967 2668 2038 προσώπου
2711 1969 2880 2039 πυρὸς
2935 1970 3018 2038 (p.
3069 1968 3209 2038 262)
3258 1969 3350 2022 καὶ
3392 1969 3465 2032 ώς
3499 1969 3649 2041 ὕδωρ

2074 2060 2512 2130 καταφερόμενον
2561 2061 2618 2112 ὲν
2663 2061 2978 2113 καταϐάσει.
3015 2081 3034 2112 ι
3083 2059 3297 2128 Προϊὼν
3323 2061 3430 2134 γὰρ
3457 2063 3521 2114 ὲκ
3545 2062 3650 2117 τοῦ

2071 2151 2229 2219 δρους
2279 2151 2524 2215 ἐκείνου,
2568 2153 2764 2223 φησὶν,
2824 2155 2852 2204 ὁ
2899 2138 3203 2222 Θεὸς,’τῆς
3245 2153 3508 2223 οἰκήσεως
3544 2153 3647 2224 τῆς

2071 2243 2272 2305 οἰκείας
2316 2243 2478 2295 τόπον
2525 2243 2826 2312 ἀπέφηνεν,
2862 2244 3078 2314 ἁπάσης
3111 2244 3211 2315 μὲν
3237 2247 3648 2316 κατακρατήσει

2073 2333 2169 2401 τῆς
2199 2333 2299 2402 γῆς
2323 2333 2418 2404 τῆς
2458 2333 2876 2404 ἰσραηλιτικῆς,
2922 2331 3117 2399 λέγων,
3161 2333 3298 2403 πρὸς
3324 2334 3390 2402 ἢν
3425 2339 3453 2386 ὁ
3488 2334 3647 2402 λόγος

2071 2422 2250 2494 αὐτῷ,
2285 2426 2342 2475 ὲν
2384 2427 2592 2494 ταραχῇ
2626 2423 2682 2475 δὲ
2726 2425 2849 2486 τοὺς
2877 2425 2933 2476 ὲν
2960 2425 3094 2493 αὐτῇ
3127 2426 3457 2494 καταστήσει
3481 2425 3645 2477 δυνα-

2069 2515 2224 2578 τοὺς,
2267 2514 2489 2577 τούτους
2521 2517 2629 2586 γὰρ
2656 2516 2755 2586 ὄρη
2797 2515 2885 2568 διὰ
2924 2516 2986 2567 τὺ
3033 2515 3298 2586 ὑπερέχον
3335 2515 3512 2578 καλεῖ,
3548 2518 3647 2569 καὶ

2069 2608 2194 2669 τοὺς
2220 2606 2438 2669 λοιποὺς
2462 2606 2519 2658 δὲ
2560 2608 2803 2668 ἅπαντας
2821 2625 2834 2638 ·
2867 2606 3115 2670 κοιλάδας
3160 2607 3267 2676 γάρ
3297 2610 3421 2670 τοὺς
3447 2625 3644 2660 ταπει-

2070 2693 2322 2764 νοτέρους
2366 2695 2657 2764 ὀνομάζει,
2702 2695 2857 2765 δίκην
2909 2696 3077 2766 κηροῦ
3121 2697 3252 2766 πυρὶ
3293 2697 3643 2768 προσωμιλη-

2072 2785 2225 2847 κότος
2255 2786 2668 2839 καταναλίσκων
2697 2788 2892 2850 αὐτούς
2913 2805 2928 2818 ·
2955 2787 3116 2857 δήλου
3150 2805 3211 2856 γε
3239 2789 3389 2850 ὄντος
3420 2789 3501 2842 ὅτι
3537 2790 3640 2844 οὐκ

2072 2876 2310 2941 ἐκείνους
2363 2878 2463 2947 μὲν
2521 2877 2841 2931 σαλεύεσθαι
2908 2877 3088 2946 λέγει,
3143 2879 3239 2942 τὰς
3291 2878 3540 2941 κοιλάδας
3579 2879 3636 2933 δὲ

2069 2965 2348 3037 τήκεσθαι,
2377 2967 2513 3021 ἀλλὰ
2535 2967 2676 3020 κατὰ
2707 2967 2767 3020 τὸ
2803 2968 2997 3038 ἰδίωμα
3018 2969 3076 3021 τὸ
3109 2968 3415 3040 Ἐϐραῐκὸν,
3448 2970 3476 3022 ὃ
3510 2970 3642 3022 πολ-

2071 3057 2225 3121 λάκις
2253 3057 2642 3128 ἀπεδείξαμεν,
2675 3058 2818 3111 κατά
2849 3059 3108 3130 διαίρεσιν
3140 3059 3311 3127 λέγων
3334 3059 3394 3112 τὸ
3439 3063 3640 3122 κοινὸν,

401 3151 469 3204 ad
507 3168 721 3222 pinnam
757 3155 930 3208 instar
978 3169 1131 3224 aquae
1174 3155 1518 3211 vehementis
1559 3158 1862 3226 impetuose
1897 3174 1962 3213 ex

2071 3153 2150 3204 ὅτι
2196 3150 2400 3212 πάντας
2439 3151 2532 3203 καὶ
2571 3151 2828 3214 δυνατοὺς
2862 3153 2954 3204 καί
2991 3151 3081 3204 τὸν
3126 3151 3306 3205 λοιπὸν
3345 3153 3511 3223 δῆμον
3537 3155 3640 3207 ἐπ-

397 3247 512 3299 alto
539 3247 606 3300 ad
637 3247 898 3301 inferiora
927 3250 1157 3307 ruentis.
1193 3248 1395 3304 llorum
1432 3261 1612 3305 autem
1649 3268 1814 3308 causa
1840 3260 1962 3308 est:

403 3357 422 3389 ι
452 3337 684 3409 Propter
714 3341 895 3395 scelus
926 3340 1096 3396 Jacoh
1127 3345 1241 3396 haec
1269 3345 1452 3396 omnia
1472 3384 1487 3406 ,
1519 3353 1574 3398 et
1605 3332 1824 3415 propter
1850 3363 1970 3416 pec-

394 3438 580 3483 catum
635 3431 854 3493 domus,
882 3432 1115 3488 lsraelis.
1167 3455 1185 3485 ι
1222 3433 1340 3488 Mox
1396 3436 1590 3490 addit:
1627 3457 1644 3488 ι
1680 3438 1965 3502 Quodnam

391 3523 582 3577 scelus
608 3521 820 3577 Jacob?
851 3539 1036 3579 nonne
1067 3525 1359 3580 Samaria?
1411 3527 1475 3580 Et
1515 3530 1790 3597 quodnam
1838 3544 1964 3598 pec-

395 3624 578 3667 catum
611 3614 809 3670 domus
836 3614 988 3669 Judae
1015 3616 1038 3669 ?
1073 3631 1253 3671 nonne
1286 3617 1622 3672 Hierusalem
1646 3619 1669 3672 ?
1699 3638 1718 3669 ι
1746 3618 1963 3672 Illorum

394 3707 614 3775 quidem
651 3708 939 3762 manifesta
973 3716 1090 3762 erat
1118 3709 1368 3779 impietas
1404 3711 1499 3780 qui
1536 3709 1796 3766 Samaria:
1829 3728 1966 3766 con-

393 3796 757 3866 gregabantur
793 3798 858 3852 ad
896 3799 1167 3852 idolorum
1205 3801 1452 3864 cultum,
1495 3803 1658 3870 cujus
1695 3805 1968 3873 prmcipue

393 3903 562 3942 causa
601 3887 711 3942 illic
741 3889 1004 3944 aedificata
1047 3891 1170 3945 fana
1205 3892 1499 3950 habebant.
1537 3894 1643 3948 Sed
1677 3905 1733 3949 et
1761 3895 1954 3950 horum

396 3979 662 4048 iniquitas
694 3981 838 4034 haud
873 3982 1053 4036 minus
1083 3986 1408 4048 constabat,
1443 3987 1534 4055 qui
1571 3985 1963 4058 Hierosolymis

393 4070 652 4138 templum
692 4072 833 4140 apud
877 4087 935 4126 se
966 4072 1264 4138 habentes,
1303 4075 1405 4130 hoc
1439 4077 1729 4146 despecto,
1752 4079 1820 4132 ab
1851 4079 1964 4134 ido-

392 4159 568 4212 lorum
617 4161 765 4212 cultu
823 4175 930 4215 non
984 4161 1352 4218 abstinebant.
1401 4167 1605 4223 Deinde
1652 4171 1965 4238 punitiones

392 4264 718 4304 enumerans
750 4268 762 4303 2

2073 3242 2346 3296 ελεύσεται
2387 3245 2420 3313 ή
2452 3243 2588 3312 ὀργὴ
2623 3244 2655 3312 ἡ
2690 3242 2828 3310 Θεία,
2865 3242 3162 3296 σαλεύουσά
3205 3259 3265 3296 τε
3313 3245 3505 3308 αὐτοὺς
3543 3247 3640 3298 καὶ

2027 3323 2030 3326 ’
2073 3333 2408 3401 ἀφανίζουσα
2438 3333 2593 3402 δίκην
2628 3331 2798 3404 κηροῦ
2833 3333 2968 3403 πυρί
2999 3334 3501 3404 προσωμιληκότος·
3536 3352 3639 3388 κα-

2073 3428 2337 3480 τασπάσει
2367 3443 2424 3478 τε
2451 3427 2644 3488 αὐτοὺς
2680 3429 2757 3489 εἰς
2784 3427 3072 3497 τιμωρίαν,
3106 3426 3258 3498 δίκην
3288 3427 3476 3490 ὓδατος
3504 3444 3636 3496 atpo-

2073 3517 2201 3588 δροῦ
2252 3535 2308 3570 τε
2352 3517 2446 3569 καὶ
2498 3517 2754 3586 ῥαγδαίου
2811 3517 2869 3582 ἐξ
2917 3516 3084 3586 ὕψους
3116 3518 3207 3570 ἐπὶ
3256 3518 3323 3570 τά
3355 3517 3640 3589 κατώτερα

2065 3609 2384 3678 φερομένου.
2426 3608 2489 3661 Ἠ
2521 3607 2576 3660 δὲ
2605 3607 2808 3660 τούτων
2844 3608 2992 3660 αἰτία
3015 3648 3030 3672 ,
3067 3627 3086 3658 ‹
3125 3609 3201 3660 Δι’
3234 3607 3489 3661 ἀσέϐειαν
3532 3609 3636 3661 Ἰα·

2065 3699 2178 3754 κὼϐ
2206 3700 2382 3753 πάντα
2411 3699 2583 3751 ταῦτα
2601 3741 2616 3763 ,
2645 3700 2740 3752 καὶ
2763 3700 2826 3752 δι’
2853 3699 3122 3770 ἁμαρτίαν
3147 3699 3293 3752 οἴκου
3333 3699 3569 3769 Ἰσραήλ.
3611 3718 3628 3750 ι

2067 3787 2200 3844 Εἶτα
2235 3790 2447 3858 ἐπάγει·
2484 3809 2501 3840 ι
2539 3790 2687 3861 Τίςή
2718 3791 2937 3843 ἀσέϐεια
2988 3790 3216 3856 Ἰακτὶι6;
3247 3791 3343 3860 οὐχ
3373 3792 3405 3860 ἡ
3453 3791 3636 3860 Σαμά-

2070 3899 2221 3955 ρεια;
2253 3884 2347 3936 καί
2377 3882 2459 3946 τίς
2485 3885 2516 3953 ή
2548 3883 2793 3954 ἁμαρτία
2812 3882 2961 3935 οἴκου
3005 3882 3206 3948 Ίούδα;
3237 3883 3334 3954 οὐχ
3368 3885 3400 3952 ἡ
3439 3883 3636 3954 Ἰερου-

2071 3975 2284 4046 σαλήμ;
2321 3993 2339 4026 ι
2381 3975 2635 4026 Ἐκείνων
2664 3991 2722 4025 τε
2758 3973 2863 4045 γὰρ
2887 3976 2918 4044 ή
2947 3974 3170 4027 ἀσέϐεια
3193 3974 3327 4045 δήλη
3356 3976 3415 4027 ἐν
3445 3976 3633 4043 Σαμα-

2074 4066 2193 4136 ρείᾳ
2215 4064 2618 4135 συλλεγομένων
2668 4065 2760 4117 ἐπὶ
2789 4067 2854 4134 τῇ
2905 4065 3012 4117 τῶν
3051 4065 3282 4118 εἰδώλων
3325 4067 3629 4138 θεραπείᾳ,

2069 4153 2130 4210 οὗ
2174 4157 2238 4228 δὴ
2288 4157 2520 4226 μάλιστα
2567 4158 2690 4219 τοὺς
2741 4157 2832 4209 ἐπὶ
2881 4156 3052 4226 τούτῳ
3102 4159 3631 4228 κατεσκευασμένους

2071 4250 2212 4320 εἶχον
2253 4247 2439 4312 ναούς·
2476 4249 2570 4300 καὶ
2612 4246 2812 4300 τούτων
2845 4249 2902 4300 δὲ
2927 4250 2961 4317 ή
3002 4249 3316 4318 παρανομία
3342 4250 3439 4320 οὐχ
3467 4243 3630 4319 ἦττον

389 4339 541 4408 δήλη,
569 4341 614 4392 οἱ
647 4338 744 4409 τὴν
779 4340 1132 4412 Ἰερουσαλὴμ
1165 4341 1377 4412 ἔχοντες
1404 4343 1461 4395 ἐν
1499 4344 1729 4410 ἑαυτοῖς,
1759 4346 1995 4417 (p.265)
2035 4347 2153 4401 οὐδὲ
2195 4344 2288 4396 τὸν
2338 4340 2461 4393 ναὸν
2501 4341 2874 4410 αἰσχυνόμενοι
2911 4340 3009 4409 τῆς
3051 4340 3158 4392 τῶν
3198 4340 3427 4393 εἰδώλων
3470 4342 3630 4394 άπείο

387 4447 542 4501 χοντο
588 4429 906 4498 θεραπείας·
956 4429 1075 4486 εἶτα
1133 4433 1230 4496 τὰς
1275 4435 1544 4505 τιμωρίας
1601 4437 2100 4510 ἀπαριθμούμενος·

466 4521 620 4590 173
647 4519 810 4575 Vens.
837 4522 952 4577 6-9.
975 4553 1044 4563 —
1082 4541 1101 4574 ι
1143 4523 1208 4577 Et
1236 4540 1433 4595 ponam
1465 4524 1767 4581 Samariam
1803 4529 1960 4598 quasi

2132 4529 2282 4597 Στίχ.
2313 4533 2393 4592 ς’·
2421 4524 2485 4581 θ’.
2509 4555 2576 4564 -
2604 4544 2622 4576 ι
2657 4524 2766 4576 Καὶ
2789 4522 3024 4593 θήσομαι
3048 4524 3354 4594 Σαμάρειαν
3378 4527 3456 4586 εἰς
3485 4528 3631 4578 ὀπω-

390 4627 675 4681 pomorum
707 4614 1034 4675 custodiam,
1060 4619 1290 4686 etquasi
1321 4617 1708 4686 plantationem
1742 4635 1916 4674 vineae
1945 4640 1957 4674 :

391 4713 446 4758 et
470 4704 749 4758 detraham
781 4707 835 4760 in
880 4708 1193 4778 voraginem
1243 4709 1449 4779 lapides
1487 4710 1607 4778 ejus
1659 4720 1713 4765 et
1766 4710 1963 4765 funda-

389 4803 574 4850 menta
613 4797 733 4865 ejus
780 4799 1050 4854 revelabo.
1105 4819 1124 4852 ι
1167 4801 1512 4856 Constituam
1559 4801 1859 4857 Samariam
1911 4803 1962 4855 in

394 4889 738 4943 solitudinem
758 4900 986 4957 vastam,
1021 4896 1094 4946 ita
1130 4901 1188 4947 ut
1216 4895 1390 4964 campi
1445 4895 1619 4950 instar
1652 4895 1706 4948 in
1729 4910 1791 4948 ea
1822 4895 1966 4965 agri-

392 4981 623 5046 coletur,
653 4990 705 5035 et
728 4985 941 5052 tuguria
969 4984 1042 5039 ibi
1066 4985 1190 5040 ﬁant
1217 4988 1288 5042 ob
1309 5003 1590 5056 pomorum
1617 4987 1920 5044 custodiam
1950 5007 1962 5042 :

393 5071 596 5125 etenim
640 5086 741 5140 ego
771 5072 996 5126 aedificia
1028 5074 1147 5143 ejus
1174 5079 1357 5132 omnia
1391 5077 1669 5132 destruam
1705 5094 1734 5132 a
1768 5078 1969 5132 funda-

393 5162 592 5216 mentis
615 5173 894 5227 evertens,
927 5179 993 5217 ex
1023 5181 1132 5234 quo
1155 5167 1242 5220 illa
1272 5168 1455 5222 omnia
1485 5178 1798 5239 sequentur.
1831 5188 1848 5219 ι
1899 5168 1966 5222 Et

394 5253 578 5306 omnia
618 5254 887 5323 sculptilia
937 5256 1057 5323 ejus
1103 5258 1481 5314 concidentur.
1544 5279 1562 5313 ι
1598 5261 1755 5315 Tunc
1800 5262 1961 5315 etiam

398 5357 658 5396 vanorum
690 5345 1031 5414 Opiﬁciorum
1051 5361 1273 5400 suorum
1294 5350 1565 5403 excidium
1597 5361 1843 5411 cernent.
1869 5352 1964 5405 dc-

398 5434 506 5487 ieta
542 5435 749 5491 scilicet
768 5445 993 5492 cernent
1046 5439 1114 5491 ab
1149 5439 1396 5497 hostibus
1425 5459 1544 5513 qua:
1566 5443 1967 5499 labricaverant

399 5526 566 5579 idola.
600 5544 618 5576 ι
646 5527 708 5581 Et
747 5543 935 5585 omnes
987 5532 1264 5588 mercedes
1287 5535 1404 5603 ejus
1475 5535 1599 5605 igne
1653 5536 1972 5591 comburen-

398 5625 508 5670 tur.
553 5636 572 5668 ι
610 5617 875 5674 Exuretur
909 5622 1030 5693 igne
1061 5633 1286 5680 ornatus
1329 5626 1506 5680 omnis
1539 5625 1698 5680 idolis
1732 5628 1966 5682 circum-

404 5709 611 5780 positas
647 5721 805 5783 atque
860 5715 1092 5784 templis.
1132 5733 1290 5787 quem
1337 5717 1409 5770 illi
1458 5719 1610 5788 quasi
1663 5720 1962 5776 mercedem

2067 4619 2389 4690 ροφυλάκιον
2420 4617 2610 4688 ἀγροῦ,
2655 4617 2745 4668 καὶ
2785 4617 2865 4676 εἰς
2900 4615 3122 4684 φυτείαν
3155 4617 3468 4684 ἀμπελῶνος
3490 4635 3503 4647 ·
3539 4619 3630 4671 καὶ

2065 4715 2398 4768 κατασπάσω
2424 4715 2502 4775 εἰς
2553 4713 2682 4782 χάος
2714 4712 2840 4773 τοὺς
2881 4710 3059 4774 λίθους
3099 4713 3286 4782 αὐτῆς,
3322 4711 3416 4763 καὶ
3447 4711 3514 4763 τά
3545 4710 3633 4763 θε-

2069 4806 2228 4876 μέλια
2253 4805 2420 4874 αὐτῆς
2447 4802 2802 4871 ἀποκαλύψω.
2834 4822 2852 4854 ι
2879 4803 3220 4872 Καταστήσω
3243 4803 3296 4855 δὲ
3321 4803 3635 4873 Σαμάρειαν

2067 4898 2145 4958 εἰς
2166 4896 2445 4965 ἐρήμωσιν
2474 4891 2693 4961 πολλὴν,
2717 4891 2856 4944 ὥστε
2879 4891 3062 4962 χώρας
3081 4891 3234 4961 δίκην
3252 4893 3632 4962 γεωργεῖσθαι,

2069 4987 2271 5056 σκηνάς
2317 5002 2377 5037 τε
2403 4985 2488 5036 ἐπ’
2524 4984 2693 5052 αὐτῆς
2741 4983 2908 5036 θεῖναι
2957 4985 3049 5036 ἐπὶ
3095 4983 3308 5054 φυλακῇ
3349 4984 3457 5036 τῶν
3495 5003 3633 5056 καρ-

2068 5077 2221 5129 πῶν·
2256 5075 2468 5144 ἀφανιῶ
2515 5076 2623 5146 γὰρ
2668 5076 2836 5146 αὐτῆς
2882 5075 2978 5138 τάς
3024 5075 3309 5145 οἰκοδομὰς
3356 5077 3634 5141 παντελῶς

2067 5172 2131 5221 ὲκ
2183 5166 2397 5238 βάθρων
2444 5168 2612 5231 αὐτάς
2667 5168 3017 5230 ἀνασπάσας·
3066 5169 3155 5235 ἀφ’
3189 5162 3248 5221 οὗ
3296 5168 3358 5238 δὴ
3417 5169 3630 5231 πάντως

2065 5261 2253 5328 ἕψεται
2301 5261 2546 5314 κάκεῖνα.
2584 5277 2602 5311 ι
2637 5261 2747 5312 Καὶ
2795 5261 2967 5313 πάντα
2994 5260 3063 5313 τὰ
3095 5260 3306 5328 γλυπτά
3337 5261 3505 5330 αὐτῆς
3534 5277 3633 5314 κα-

2066 5351 2376 5420 τακόψουσι.
2419 5372 2436 5403 ι
2467 5352 2599 5404 Τότε
2635 5351 2698 5422 δὴ
2743 5353 2838 5404 καὶ
2870 5351 2978 5404 τῶν
3013 5354 3258 5422 ματαίων
3304 5352 3481 5405 πόνων
3508 5354 3634 5404 tau-

2068 5441 2176 5493 τῶν
2219 5440 2436 5509 δψονται
2481 5441 2578 5507 τὴν
2613 5441 2907 5504 ἀπώλειαν,
2943 5441 3344 5511 καθαιρούμενα
3377 5441 3479 5493 ὑπὸ
3523 5441 3634 5493 τῶν

2071 5531 2341 5601 πολεμίων
2389 5531 2622 5603 ὁρῶντες
2672 5530 2707 5584 ἀ
2759 5531 3168 5584 κατεσκεύασαν
3215 5531 3425 5588 εἴδωλα.
3464 5549 3482 5581 ι
3525 5531 3634 5584 Καὶ

2071 5625 2248 5676 πάντα
2273 5622 2341 5675 τά
2373 5621 2695 5693 μισθώματα
2726 5624 2897 5691 αὐτῆς
2925 5623 3298 5693 ἐμπρήσουσιν
3327 5623 3384 5673 ὲν
3416 5621 3565 5689 πυρί.
3609 5639 3631 5671 ι

2077 5710 2260 5769 Πάντα
2286 5714 2374 5768 τὸν
2405 5715 2603 5787 κόσμον
2642 5714 2732 5768 τὸν
2761 5715 3138 5786 περικείμενον
3171 5716 3279 5776 τοῖς
3307 5730 3364 5766 τε
3398 5713 3634 5784 εἰδώλοις
