3828 6216
112 338 217 395 319

1151 345 1705 405 COMMENTARIUS
1741 350 1810 405 ΙΝ
1850 351 2159 410 ΜῘΟΗΛΕΙΕ
2197 354 2348 410 CAP.
2391 356 2434 411 Ι.

3277 357 3381 412 ’550

119 457 214 508 καὶ
258 457 375 518 τοῖς
404 457 548 519 ναοῖς
593 455 913 525 ἀφανιοῦσιν
961 458 1019 511 ἐν
1054 464 1207 531 πυρὶ,
1250 463 1309 515 ὃν
1358 463 1547 536 ὥσπερ
1581 466 1701 520 τινά

1829 471 2093 540 [uamdam
2137 472 2478 527 daemonibus
2537 471 2940 542 persolvebant.
2993 489 3012 524 ι
3066 470 3130 525 Et
3198 472 3381 526 omnia

128 545 321 614 μισθὸν
346 545 558 599 ἐτέλουν
591 550 703 610 τοῖς
744 547 980 618 δαίμοσι.
1013 568 1030 600 ι
1065 551 1174 603 Καὶ
1198 552 1374 606 πάντα
1397 556 1466 608 τὰ
1507 556 1702 609 εἴδωλα

125 639 301 707 αὐτῆς
329 639 564 708 θήσομαι
597 640 678 700 εἰς
703 639 1007 710 ἀφανισμόν
1031 655 1045 668 ⁸
1077 641 1211 694 διότι
1239 644 1303 696 ἐκ
1334 645 1704 716 μισθωμάτων

126 730 335 799 πόρνης
362 733 658 799 συνήγαγε,
710 729 804 781 καὶ
839 733 902 782 ἐκ
937 730 1305 803 μισθωμάτων
1347 735 1551 806 πόρνης
1583 754 1706 791 συν-

123 819 380 888 έστρεψε.
416 837 435 868 ι
458 819 696 889 Πορνικῇ
728 819 836 890 γάρ
864 820 1198 892 χρησάμενοι
1220 822 1433 895 γνώμῃ.
1456 827 1552 879 καὶ
1572 827 1707 881 ἀπο-

126 910 353 973 στάντες
383 909 482 979 μὲν
512 909 669 980 ἐμοῦ,
717 910 1003 974 νεύσαντες
1031 911 1087 964 δέ
1113 912 1247 984 πρὸς
1269 914 1340 966 τά
1365 914 1579 979 εἴδωλα,
1619 935 1707 986 μι-

127 1001 391 1070 σθώματά
419 1017 540 1053 τινα
559 1001 662 1071 τῆς
688 1002 893 1054 ἑαυτῶν
905 1002 1244 1073 ἀθροίζοντες
1257 1005 1531 1077 πορνείας,
1548 1024 1708 1079 προσ-

128 1094 325 1162 έφερον
351 1094 534 1146 ἐκεῖνα
566 1095 632 1163 τῇ
675 1092 782 1145 τῶν
817 1093 1046 1145 εἰδώλων
1069 1093 1355 1166 θεραπείᾳ,
1385 1096 1424 1149 ἃ.
1441 1097 1504 1168 δὴ
1531 1099 1708 1151 πάντα

127 1183 270 1235 κατά
318 1184 514 1235 ταυτὸν
564 1185 797 1260 ἀφανιῶ.
834 1205 852 1232 ι
875 1185 1100 1237 ’Ἕνεκεν
1144 1185 1332 1240 τούτου
1361 1187 1580 1256 κόψεται
1613 1191 1708 1242 καὶ

130 1273 303 1342 θρηνή
313 1291 415 1335 σει,
432 1274 753 1344 πορεύσεται
770 1274 1092 1339 ἀνυπόδετος
1106 1277 1200 1330 καὶ
1219 1280 1424 1348 γυμνή.
1448 1298 1466 1329 ι
1489 1283 1563 1349 (p.
1579 1281 1707 1349 264)

139 1366 227 1416 Ἕν
257 1364 477 1435 θρήνοις
515 1366 666 1419 ἐσται
697 1368 791 1418 καὶ
831 1371 1080 1430 κοπετοῖς
1127 1371 1475 1442 αἰχμαλωσίᾳ
1525 1390 1678 1444 παρα

125 1455 342 1508 δοθεῖσα
376 1457 644 1528 μεγίστῃι
674 1457 831 1512 τοῦτο
869 1459 976 1530 γὰρ
1023 1460 1169 1528 λέγει
1209 1461 1289 1527 τὸ,
1330 1483 1346 1512 ι
1396 1467 1576 1534 γυμνὴ
1617 1467 1711 1519 καὶ

130 1547 476 1612 ἀνυπόδετος,
521 1567 542 1598 ›
578 1549 663 1601 ὅτι
715 1548 887 1613 οὕτως
920 1551 1266 1620 αἰχμάλωτος
1310 1555 1709 1626 ἀπαχθησεται,

133 1641 332 1701 παντὸς
387 1640 751 1712 ἀφαιρεθεῖσα
802 1641 896 1694 τοῦ
945 1644 1238 1713 προσόντος
1290 1646 1430 1717 αὐτῇ
1481 1649 1708 1718 κόσμου.

137 1751 154 1780 ι
187 1731 489 1800 Ποιήσεται
525 1732 753 1785 κοπετὸν
801 1733 876 1796 ὡς
911 1733 1242 1804 δρακόντων,
1278 1739 1372 1790 καὶ
1418 1739 1609 1802 πένθος
1637 1742 1711 1804 ὡς

131 1824 452 1894 θυγατέρων
503 1827 808 1894 σειρὴνων*
860 1825 941 1877 ὅτι
984 1826 1394 1898 κατεκράτησεν
1440 1832 1472 1897 ἡ
1529 1830 1711 1902 πληγὴ

129 1916 335 1984 αὐτ-ἦς’
370 1914 502 1967 διότι
534 1910 698 1984 ἦλθεν
721 1915 824 1977 ἓως
871 1913 1061 1980 Ἰούδα,
1084 1916 1176 1969 καὶ
1206 1918 1381 1986 ἥψατο
1404 1919 1507 1981 ἓως
1539 1919 1712 1990 πύλης

127 2004 260 2057 λαοῦ
297 2021 401 2072 μου
433 2004 538 2068 ἓως
572 2006 944 2076 Ἰερουσαλήμ.
976 2025 994 2057 ι
1026 2006 1099 2058 Τὸ
1134 2025 1152 2058 ι
1187 2009 1262 2070 ὡς
1283 2008 1588 2078 δρακόντων
1619 2014 1712 2065 καὶ

130 2096 401 2164 σειρὴνων
434 2115 452 2145 ι
477 2094 623 2162 λέγει
641 2096 782 2147 κατά
809 2096 866 2147 τὸ
885 2096 1346 2167 μυθολογούμενον
1365 2100 1495 2171 παρ’
1519 2102 1649 2154 ἐνίοι
1664 2123 1679 2164 g
1694 2121 1708 2135 ο

131 2184 290 2236 τοῦτο
344 2186 669 2256 βουλόμενος
703 2188 896 2250 εἰπεῖν,
934 2187 1013 2239 ὃτι
1055 2190 1239 2240 ἐκεῖνα
1267 2188 1330 2260 δὴ
1362 2194 1430 2243 τὰ
1467 2193 1524 2243 ἐν
1564 2192 1718 2265 μύθῳ

1803 563 1946 616 idola
1974 565 2093 633 ejus
2127 579 2324 635 ponam
2353 567 2406 618 in
2459 563 2839 634 perditionem,
2893 563 3021 634 quia
3063 579 3127 619 ex
3169 578 3382 617 merce-

1805 651 1968 707 dibus
1992 654 2294 708 meretricis
2316 654 2683 723 congregavit,
2712 661 2770 707 et
2798 667 2864 708 ex
2896 651 3242 707 mercedibus
3265 665 3381 704 me-

1807 744 2024 800 retricis
2055 745 2341 799 convertit.
2375 763 2392 795 ι
2427 727 2728 797 Meretricia
2752 750 2932 798 mente
2961 757 2992 794 a
3017 757 3102 796 me
3121 740 3383 796 receden-

1807 844 1909 899 tes,
1939 843 1992 889 et
2019 835 2086 888 ad
2129 835 2271 888 idola
2323 834 2664 900 accedentes,
2715 833 2994 888 mercedes
3019 831 3283 902 quasdam
3314 845 3382 885 ex

1809 927 2052 994 ipsorum
2081 933 2469 980 coacervantes
2499 923 2881 990 fornicatione,
2912 923 3182 978 idolorum
3211 922 3385 978 cultui

1808 1015 2108 1069 offerebant
2140 1032 2153 1066 :
2179 1029 2300 1083 qua:
2322 1027 2422 1083 ego
2441 1013 2623 1067 omnia
2645 1012 2807 1067 simul
2837 1010 3169 1081 disperdam.
3197 1028 3216 1061 ‹
3249 1009 3386 1064 Pro-

1810 1114 1930 1177 pter
1969 1105 2072 1160 hoc
2109 1105 2327 1175 planget
2364 1113 2420 1159 et
2458 1104 2861 1168 latnentabitur,
2904 1102 3004 1156 ibit
3054 1101 3386 1157 discalceata

1809 1205 1863 1252 et
1893 1196 2056 1251 nuda.
2098 1213 2116 1247 ι
2171 1194 2230 1248 lu
2261 1195 2514 1250 lamentis
2562 1196 2667 1249 erit
2701 1203 2755 1248 et
2785 1194 3026 1248 luctibus
3077 1193 3386 1264 captivitati

1811 1290 2058 1342 maxima:
2079 1286 2305 1354 tradita;
2330 1285 2381 1340 id
2403 1287 2547 1341 enim
2576 1285 2884 1356 signiﬁcant
2914 1284 3080 1339 verba
3112 1301 3132 1334 ι
3168 1284 3312 1339 nuda
3332 1293 3390 1340 et

1810 1381 2172 1445 discalceata;
2217 1397 2234 1428 ι
2277 1392 2472 1447 nempe
2510 1375 2658 1447 quod
2692 1376 2796 1430 hoc
2833 1374 2996 1430 modo
3035 1376 3246 1446 captiva
3295 1376 3389 1428 ah-

1811 1471 2059 1536 ducetur,
2112 1469 2259 1523 omni
2310 1484 2410 1523 suo
2458 1478 2778 1523 ornamento
2828 1467 3081 1538 spoliata.
3133 1485 3152 1518 ι
3206 1465 3392 1520 Faciet

1812 1563 2087 1632 planctum
2113 1559 2610 1630 quasidraconum,
2649 1567 2702 1614 et
2736 1560 2941 1613 luctum
2967 1558 3125 1628 quasi
3157 1558 3390 1612 ﬁliarum

1813 1653 2138 1706 sirenarum.
2187 1669 2205 1700 ι
2244 1647 2414 1703 Verba
2441 1648 2596 1717 quasi
2627 1649 2924 1702 draconum
2953 1655 3008 1700 et
3058 1647 3390 1708 sirenarum,

1813 1743 1892 1796 ait
1923 1741 2224 1797 secundum
2283 1738 2670 1793 nonnullorum
2709 1737 2951 1803 fabulas;
2996 1736 3177 1790 dicere
3209 1736 3398 1790 volens

1745 1810 1786 1866 Β
1819 1834 1934 1886 l'ore
1984 1839 2043 1884 ut
2078 1830 2170 1884 illa
2199 1844 2321 1899 qua:
2367 1831 2421 1882 in
2451 1828 2651 1883 fabulis
2689 1828 2830 1896 apud
2869 1827 3396 1893 multosjactantur,

1818 1925 1921 1995 ipsi
1946 1938 2002 1978 re
2025 1937 2151 1976 vera
2189 1921 2517 1985 sustineant,
2543 1919 2670 1972 dum
2692 1933 2792 1987 ego
2826 1933 3042 1986 gravem
3081 1917 3147 1970 iis
3182 1931 3394 1985 poenam

1819 2013 2115 2082 imponam,
2145 2026 2267 2080 quae
2299 2024 2328 2062 a
2357 2008 2606 2062 Samaria
2642 2008 2931 2075 incipiens,
2955 2003 3020 2056 ad
3053 2002 3245 2058 Judam
3276 2019 3398 2073 per-

1819 2103 2019 2166 veniet;
2042 2111 2098 2157 et
2133 2103 2307 2171 ipsam
2350 2101 2578 2169 attinget
2609 2097 2986 2161 Hierusalem;
3043 2096 3300 2165 quoniam
3343 2103 3402 2148 et

1827 2196 1968 2249 hanc
2000 2205 2274 2264 postremo
2309 2191 2593 2262 Babylonii
2621 2198 2905 2258 ceperunt.

131 2279 286 2349 παρά
313 2278 422 2330 τῶν
455 2276 666 2330 πολλῶν
703 2277 991 2348 λεγόμενα,
1031 2280 1116 2332 ἐπ’
1148 2282 1328 2334 αὐτῶν
1353 2283 1682 2352 ὑπομενοῦσι
1715 2287 1822 2340 τῶν
1859 2287 2054 2357 ἔργων,
2078 2287 2156 2355 τῷ
2187 2285 2408 2354 βαρεῖαν
2435 2283 2618 2344 αὐτοῖς
2649 2281 2949 2352 ἐπαχθῆναι
2980 2281 3109 2351 παρ’
3140 2278 3274 2348 ἐμοῦ
3301 2280 3400 2350 τὴν

130 2369 370 2438 πληγὴν,
407 2369 528 2438 ἣτις
560 2367 667 2420 ἀπὸ
704 2368 804 2436 τῆς
838 2368 1152 2439 Σαμαρείας
1191 2371 1474 2442 ἀρξαμένη
1503 2374 1596 2425 ἐπὶ
1630 2374 1722 2428 τὸν
1757 2375 1959 2428 Ἰούδαν
2005 2374 2386 2446 μετελεύσεται
2426 2370 2705 2442 ἁπτομένη
2753 2370 2847 2424 καὶ
2880 2370 2978 2439 τῆς
3020 2367 3398 2438 Ἰερουσαλήμ·

131 2463 254 2516 ἐπεὶ
277 2461 538 2528 κάκείνην
564 2459 790 2530 ὕστερον
817 2454 960 2513 εἷλον
990 2461 1337 2516 Βαϐυλώνιοι.

205 2555 357 2624 Στίχ.
403 2560 560 2621 ι’-ιγ¹.
592 2583 663 2592 --
699 2573 716 2603 ι
757 2555 820 2606 Οἱ
852 2557 910 2607 ἐν
940 2555 1068 2618 Γέθ,
1095 2555 1170 2626 μὴ
1206 2555 1593 2626 μεγαλύνεσθε,
1629 2559 1726 2612 καὶ

129 2649 183 2702 οἱ
205 2650 263 2699 ἐν
289 2647 508 2716 Ἀκεὶμ,
533 2647 610 2716 μὴ
636 2646 1033 2716 ἀνοικοδομείτε
1063 2646 1123 2710 ἐξ
1137 2647 1285 2700 οίκου
1313 2649 1717 2716 καταγέλωτα.»

142 2738 272 2790 Ἐπὶ
304 2739 433 2800 τοὺς
482 2739 794 2807 περιοίκους
825 2739 930 2791 τῶν
961 2739 1130 2792 ἐθνῶν
1175 2741 1367 2810 τρέπει
1405 2742 1497 2793 τὸν
1527 2741 1684 2810 λόγον
1708 2759 1724 2775 ο

133 2832 268 2896 περὶ
295 2823 372 2882 ὧν
401 2831 496 2883 καὶ
515 2831 545 2882 ὁ
577 2829 846 2900 μακάριος
890 2829 1070 2899 Ἀμὼς
1093 2830 1218 2901 ἔφη,
1247 2832 1322 2894 ὡς
1348 2833 1418 2886 τὰ
1443 2834 1584 2887 αὑτά
1612 2840 1724 2897 τοῖς

147 2924 520 2993 Ἰσραηλίταις
576 2923 914 2992 πεισομένων
959 2923 1064 2975 ὑπὸ
1109 2923 1216 2975 τῶν
1273 2924 1574 2995 Ἀσσυρίων
1619 2928 1721 2977 κά-

134 3015 361 3065 κείνων·
387 3016 452 3068 Οἱ
484 3013 685 3075 τοίνυν,
711 3013 895 3083 φησὶν,
925 3016 981 3066 ἐν
1006 3014 1239 3076 ἐκείναις
1265 3016 1383 3077 ταῖς
1409 3015 1616 3078 πόλεσι,
1648 3017 1722 3086 μὴ

1897 2554 2056 2626 174
2090 2553 2254 2610 Vens.
2289 2553 2468 2609 10—15.
2499 2581 2569 2592 —
2607 2570 2626 2602 ι
2672 2549 2773 2616 Qui
2809 2550 2861 2603 in
2887 2548 3047 2609 Getli,
3079 2547 3248 2600 nolite
3282 2560 3401 2599 ma-

1822 2649 2110 2718 gnilicari;
2148 2655 2204 2700 et
2261 2645 2352 2714 qui
2388 2645 2444 2698 in
2490 2643 2669 2706 Acini,
2733 2641 2903 2695 nolite
2952 2636 3284 2692 remdiﬁcare
3334 2651 3404 2689 ex

1820 2741 2066 2796 domoin
2122 2740 2316 2793 risum.
2373 2755 2393 2788 ι
2440 2733 2730 2788 Finitimos
2781 2730 3010 2801 populos
3044 2728 3129 2782 hic
3171 2726 3401 2796 respicit

1822 2848 2024 2894 sermo,
2057 2836 2123 2885 de
2166 2829 2368 2899 quibus
2415 2826 2592 2884 etiam
2625 2824 2819 2878 beatus
2857 2824 3023 2875 Oseas
3047 2817 3252 2879 aiebat,
3279 2814 3397 2869 fore

1829 2937 1886 2982 ut
1914 2928 2063 2997 paria
2097 2924 2355 2980 Israelitis
2386 2922 2419 2975 ii
2445 2935 2664 2989 quoque
2691 2918 2761 2972 ab
2785 2913 3025 2986 Assyriis
3065 2919 3402 2982 paterentur.

1829 3019 1930 3085 Qui
1953 3034 2102 3085 ergo.
2133 3016 2325 3084 inquit,
2355 3014 2408 3066 in
2451 3012 2677 3065 urbibus
2718 3007 2828 3062 illis
2853 3003 3171 3063 versamini,
3205 3017 3272 3054 ne
3311 3015 3406 3053 su-

137 3105 358 3174 μεγάλα
393 3106 664 3173 φρονεῖτε,
688 3104 787 3166 τὰς
812 3102 1016 3155 τούτων
1041 3104 1272 3172 ὁρῶντες
1297 3106 1601 3174 συμφορὰς,
1625 3122 1721 3174 μη-

1831 3111 2093 3180 pcrbiatis
2118 3110 2245 3162 dum
2281 3104 2648 3160 lsraclitarum
2693 3111 2968 3152 aerumnas
2994 3093 3274 3163 spectatis,
3309 3105 3406 3142 ne-

133 3196 200 3247 δὲ
232 3195 404 3263 πολὴν
445 3195 535 3246 ἐπ’
568 3195 750 3256 αὐτοῖς
801 3195 1044 3266 ἐγείρετε
1076 3195 1310 3262 γέλωτα.
1347 3214 1364 3245 ι
1407 3197 1514 3265 Γῆν
1552 3213 1721 3248 κατα-

1829 3220 1932 3272 que
1967 3203 2136 3254 altum
2166 3197 2494 3252 cachinnum
2527 3206 2692 3262 super
2713 3191 2798 3244 his
2841 3187 3135 3242 extollatis.
3177 3201 3197 3234 ι
3237 3181 3407 3235 Terra

137 3288 429 3341 σπάσασθε
454 3289 532 3350 εἰς
559 3287 932 3355 καταγέλωτα.
965 3307 984 3338 ι
1030 3289 1322 3358 Ἀρμόττον
1349 3288 1454 3357 γὰρ
1481 3288 1608 3357 ὑμῖν
1635 3305 1728 3340 κα-

134 3380 530 3433 τασπάσασθαι
560 3380 727 3443 κόνιν,
762 3380 818 3449 (p
865 3379 989 3449 265)
1031 3380 1168 3451 ὑπὲρ
1199 3372 1273 3431 ὧν
1297 3379 1503 3449 ἑτέροις
1539 3379 1725 3430 ἔσεσθε

135 3472 340 3541 γέλως.
380 3471 507 3533 Πῶς
561 3471 656 3523 καὶ
709 3470 830 3523 τίνα
883 3471 973 3522 τὸν
1017 3471 1256 3541 τρόπον;
1299 3488 1317 3520 ι
1356 3469 1728 3538 Κατοικούσης

138 3561 351 3623 καλῶς,
397 3558 610 3612 καθελῶ
641 3559 741 3620 τὰς
781 3558 962 3621 πόλεις
1004 3559 1191 3628 αὐτῆς.
1229 3577 1246 3609 ι
1285 3559 1471 3620 Ὅπως
1515 3558 1623 3628 γάρ
1660 3559 1726 3611 ἂν

139 3653 410 3722 νομίσητε
441 3647 502 3704 εὖ
530 3650 626 3714 τὰς
660 3651 840 3713 πόλεις
864 3653 1033 3703 οἰκεῖν
1059 3651 1158 3713 τὰς
1204 3651 1340 3712 ἰδίας
1363 3650 1437 3713 ὡς
1471 3651 1528 3702 ἐν
1554 3652 1731 3718 ἀσφα-

139 3742 226 3794 λεῖ
249 3741 618 3803 καθεστῶτες,
643 3739 839 3808 ὄψεσθε
859 3739 1048 3792 πασῶν
1073 3740 1170 3808 τὴν
1202 3739 1541 3810 καθαίρεσιν.
1571 3758 1587 3789 ι
1618 3741 1732 3792 Οὐκ

141 3835 342 3902 ἐξῆλθε
400 3832 730 3886 κατοικοῦσα
769 3833 936 3884 Αίνάν
981 3830 1239 3900 κόψεσθαι
1270 3824 1415 3884 οἶκον
1475 3831 1731 3900 ἐχόμενον

145 3927 342 3992 αὐτῆς.
390 3945 410 3977 ι
462 3924 623 3977 Ἀλλὰ
666 3925 927 3982 κάκεῖνοι,
961 3924 1144 3991 φησὶν,
1175 3922 1408 3991 ὁρῶντες
1457 3923 1520 3975 ἐκ
1551 3923 1731 3990 γειτό-

149 4036 255 4069 νων
302 4017 467 4078 ὄντας
497 4017 624 4078 τοὺς
666 4013 1020 4086 Ἰσραηλίτας,
1056 4014 1149 4065 καὶ
1194 4012 1457 4075 τοιούτοις
1503 4029 1732 4082 περιπε-

151 4110 447 4172 πτωκότας
482 4111 697 4173 κακοῖς,
724 4109 824 4159 ούκ
847 4107 1219 4177 ἐϐουλήθησαν
1250 4105 1603 4176 προελθόντες
1625 4104 1734 4156 τῶν

152 4200 320 4254 ἰδίων.
358 4198 686 4268 κοινωνῆσαι
729 4197 821 4251 τοῦ
865 4196 1094 4259 πένθους
1140 4197 1346 4262 αὐτοῖς,
1379 4195 1630 4266 ἡδόμενοι
1677 4193 1735 4246 δὲ

152 4294 246 4342 ἐπὶ
282 4293 405 4352 ταῖς
461 4291 764 4360 συμφοραῖς
801 4287 980 4341 αὐτῶν
1027 4287 1294 4340 διετέλουν
1354 4288 1621 4340 κάκεῖνοι.
1671 4285 1736 4338 Τί

150 4379 277 4444 οὗν;
334 4400 351 4433 ι
387 4379 639 4451 Λήψεσθε
690 4379 750 4444 ἐξ
797 4378 950 4448 ὑμῶν
1002 4378 1216 4448 πληγὴν
1272 4376 1482 4446 ὀδύνης.
1532 4396 1550 4428 ι
1597 4376 1734 4428 Ἀλλ’

152 4473 347 4542 ἐπειδὴ
377 4475 489 4533 τοῖς
517 4470 816 4540 ἀλλοτρίοις
842 4470 903 4522 οὐ
929 4468 1299 4539 συνηλγήσατε
1331 4470 1542 4531 κακοῖς,
1573 4468 1733 4520 αὐτοὶ

151 4564 369 4634 πληγὴν
393 4563 657 4632 ὀδυνηρὰν
683 4561 985 4630 δεξάμενοι,
1011 4559 1164 4628 δίκην
1194 4558 1391 4610 δώσετε
1412 4559 1510 4628 τῆς
1536 4558 1738 4629 μοχθη-

151 4659 254 4727 ρᾶς
281 4654 509 4724 γνώμης
538 4653 772 4722 ἐκείνης,
805 4650 927 4704 καθ’
957 4653 1023 4720 ἢν
1064 4653 1176 4713 τοῖς
1208 4650 1508 4721 ἀλλοτρίοις
1546 4650 1738 4719 ἐφήδε-

154 4747 250 4799 σθε
280 4748 491 4806 κακοῖς.
535 4763 554 4794 ι
593 4744 687 4805 Τίς
721 4743 921 4813 ἤρξατο
946 4744 1024 4803 εἰς
1052 4740 1230 4808 ἀγαθὰ
1261 4741 1584 4810 κατοικούσῃ
1618 4740 1737 4791 όδύ-

150 4856 288 4902 νας;
330 4857 349 4888 ι
382 4838 490 4889 Καὶ
534 4835 642 4905 γάρ
674 4835 794 4887 οῦδέ
821 4830 932 4886 οἷόν
963 4850 1020 4885 τε
1053 4833 1256 4900 ἀγαθοῦ
1303 4849 1446 4895 τινος
1485 4834 1731 4902 μετέχειν

152 4934 282 4994 τοὺς
316 4934 372 4982 ἐν
401 4928 612 4990 ὀδύναις
641 4926 962 4987 οἰκοῦντας.,
1005 4926 1092 4978 διὰ
1131 4925 1192 4976 τὺ
1224 4923 1450 4995 μέγεθος
1494 4923 1600 4975 τῶν
1632 4925 1732 4976 ἐπ·

152 5022 486 5093 ενεχθέντων
537 5021 719 5082 αὐτοῖς
774 5017 982 5072 κακῶν.
1029 5014 1162 5070 Εἶτα
1214 5020 1292 5081 είς
1339 5017 1610 5083 ἀπόδειξιν
1641 5015 1734 5069 τοῦ

154 5117 421 5188 ῥηθέντος
451 5131 465 5146 ο
508 5133 525 5164 ι
570 5113 692 5164 Ὅτι
745 5111 948 5179 κατέϐη
1000 5111 1144 5163 καικά
1186 5111 1334 5180 παρά
1386 5111 1589 5180 Κυρίου
1645 5110 1738 5161 ἐπὶ

156 5211 361 5271 πύλαις
405 5204 781 5278 Ἰερουσαλὴμ,
826 5203 997 5273 ψόφος
1041 5201 1300 5271 ἁρμάτων
1339 5203 1432 5254 καὶ
1479 5202 1734 5252 ἱππευόν-

1833 3291 2108 3360 aspergite
2148 3289 2478 3342 derisionem
2526 3293 2783 3338 vestram.
2822 3299 2839 3330 ι
2883 3277 3194 3345 Congruuin
3254 3274 3408 3327 vobis

1827 3383 2100 3450 aspergite
2146 3379 2448 3448 pulverem,
2485 3373 2611 3444 quia
2647 3371 2862 3426 caeteris
2903 3368 3036 3421 risui
3070 3365 3245 3420 eritis.
3271 3363 3405 3426 Cur,

1831 3481 1925 3526 aut
1952 3468 2260 3541 quomodo?
2289 3487 2306 3518 ι
2347 3466 2630 3520 llestruain
2665 3460 2916 3515 civitates
2943 3459 3084 3525 ejus,
3111 3472 3231 3524 qua:
3271 3457 3410 3508 bene

1830 3565 2060 3618 habitat.
2103 3581 2120 3612 ι
2160 3560 2264 3626 Qui
2295 3559 2430 3612 bene
2455 3554 2679 3609 creditis
2708 3551 2960 3606 civitates
2991 3556 3204 3601 vestras
3252 3545 3408 3598 habi-

1830 3667 1966 3718 tare,
2015 3654 2172 3723 quasi
2203 3661 2321 3706 tuto
2347 3650 2399 3703 in
2433 3649 2551 3701 loco
2593 3643 2900 3701 constituti,
2939 3641 3129 3694 harum
3161 3638 3406 3692 omnium

1830 3745 2255 3802 destructionem
2312 3739 2587 3794 videbitis.
2639 3757 2657 3787 ι
2693 3735 2809 3788 Νοιι
2851 3743 2935 3789 cst
2979 3749 3196 3802 egressii
3257 3731 3411 3784 habi-

1833 3841 1996 3893 tatrix
2036 3835 2215 3892 Euan
2239 3874 2253 3898 ,
2294 3833 2580 3901 deplorare
2619 3828 2838 3882 domum
2881 3826 3182 3895 proximam
3219 3824 3343 3876 sibi.
3386 3841 3404 3873 ι

1832 3926 1913 3979 11Ιί
1970 3924 2187 3995 quidem
2235 3921 2478 3975 videntes
2533 3917 2868 3988 propinquos
2919 3929 3050 3968 suos
3103 3912 3407 3972 Israelitas,

1833 4017 1998 4071 tantis
2048 4013 2206 4068 malis
2255 4025 2504 4073 mersos,
2553 4008 2636 4062 his
2692 4007 3028 4077 gratulantes
3072 4005 3409 4073 perstabant.

1833 4108 1972 4174 Quid
2000 4106 2162 4176 ergo?
2192 4123 2208 4154 ι
2248 4101 2543 4171 Acripietis
2573 4114 2637 4153 cx
2680 4099 2834 4152 vobis
2882 4097 3090 4165 plagam
3117 4094 3342 4146 doioris.
3385 4111 3405 4141 ι

1837 4200 1940 4254 Sed
1960 4199 2085 4268 quia
2109 4195 2302 4249 alienis
2327 4208 2438 4246 non
2467 4189 2829 4244 condoluistis
2852 4187 3030 4247 malis,
3055 4186 3156 4254 ipsi
3189 4199 3413 4252 quoque

1836 4292 2085 4345 acerbam
2127 4287 2459 4355 accipientes
2484 4283 2718 4350 plagam,
2752 4293 2942 4347 ptenas
2978 4277 3237 4345 improbae
3267 4273 3415 4328 illius

1837 4380 2036 4434 mentis
2061 4378 2286 4441 dabitis,
2318 4391 2424 4443 qua
2448 4372 2641 4426 alienis
2657 4369 2828 4439 gavisi
2857 4368 2990 4421 estis
3026 4367 3201 4419 malis.
3232 4383 3250 4414 ι
3281 4365 3416 4428 Quis

1841 4468 2002 4524 faciet
2050 4468 2320 4521 bonorum
2362 4464 2597 4527 initium,
2629 4462 2674 4513 si
2706 4459 2911 4512 habitet
2947 4458 3000 4510 in
3030 4455 3352 4508 doloribus?
3388 4473 3407 4504 ι

1840 4559 2092 4614 Profecto
2139 4556 2251 4609 lieri
2289 4554 2494 4622 nequit,
2550 4559 2610 4604 ut
2659 4550 2697 4602 ii
2731 4549 2914 4617 aliquo
2956 4547 3098 4600 bono
3133 4545 3410 4607 fruantur,

1837 4653 1930 4722 qui
1968 4651 2020 4703 in
2056 4647 2335 4701 doloribus
2362 4651 2670 4701 versantur,
2703 4638 3053 4692 incumbente
3077 4637 3210 4706 ipsis
3240 4637 3415 4688 mal-i-

1838 4760 1956 4798 rum
1993 4743 2153 4795 niolc.
2187 4737 2308 4791 Mox
2343 4737 2487 4790 dicta
2531 4735 2863 4788 conﬁrmans
2896 4745 2910 4781 :
2945 4748 2963 4780 ι
3001 4730 3140 4795 Quia
3182 4730 3412 4815 descen-

1835 4837 2031 4888 derunt
2059 4831 2194 4883 mala
2230 4843 2259 4880 a
2287 4825 2514 4879 Domino
2575 4825 2627 4876 in
2660 4829 2844 4891 portas
2892 4816 3253 4881 Hierusalem,
3281 4824 3416 4869 stre-

1839 4929 1986 4998 pitus
2011 4938 2268 4978 curruum
2297 4927 2344 4974 et
2371 4919 2666 4985 equitatus.
2711 4935 2728 4967 ι
2754 4915 2950 4976 'i'anta,
2972 4910 3167 4980 inquit,
3201 4909 3413 4979 ingruet

1842 5021 1894 5072 in
1924 5031 2112 5071 omnes
2149 5015 2227 5066 ira
2263 5011 2374 5072 Dei,
2413 5017 2471 5062 ut
2519 5023 2587 5060 ne
2611 5002 3005 5074 Hierosolymis
3038 5000 3257 5070 quidem
3290 5014 3417 5070 par-

1843 5109 2072 5164 cendum
2106 5108 2197 5169 sit,
2224 5105 2477 5160 curribus
2504 5109 2557 5156 et
2607 5101 2852 5170 equitatu
2882 5106 2937 5152 et
2973 5098 3120 5153 omni
3150 5097 3331 5150 hostili
3364 5095 3414 5147 vi

1843 5201 2103 5256 obsessis.

149 5326 284 5360 των.
323 5324 342 5356 ι
369 5302 616 5372 Τοσαύτη
643 5301 770 5370 γὰρ,
801 5300 985 5370 φησὶν,
1014 5297 1106 5350 ἐπί
1129 5299 1335 5361 πάντας
1370 5297 1520 5350 ἔσται
1558 5300 1592 5368 ἡ
1632 5299 1767 5368 ὀργὴ
1809 5297 1900 5350 τοῦ
1938 5294 2092 5358 Θεοῦ,
2129 5293 2266 5345 ὥστε
2308 5289 2441 5361 μηδέ
2485 5288 2582 5358 τῆς
2627 5283 2979 5356 Ἰερουσαλὴμ
3017 5283 3138 5336 τότε
3168 5277 3418 5346 γενέσθαι

156 5399 330 5469 φειδὼ
359 5396 739 5465 κυκλουμένης
770 5395 872 5447 ὑπό
893 5410 952 5446 τε
988 5391 1247 5463 ἁρμάτων
1278 5392 1372 5444 καὶ
1406 5391 1586 5444 ἵππων
1611 5393 1706 5444 καὶ
1739 5391 1918 5459 πάσης
1946 5388 2047 5456 τῆς
2073 5384 2332 5454 πολεμίας
2358 5384 2558 5452 χειρός.

230 5496 381 5563 Στίχ.
406 5499 590 5560 ιγ’-ιε’.
609 5519 677 5530 --
701 5490 774 5560 (p.
793 5488 920 5558 266)
951 5482 1086 5541 Εἶτα
1115 5487 1446 5556 ἀποστρέφει
1471 5487 1560 5539 τὸν
1583 5485 1739 5554 λόγον

159 5589 256 5642 ἐπὶ
285 5587 385 5656 τὴν
416 5585 616 5653 Λάχεις
644 5582 796 5634 πόλιν
824 5576 984 5633 οὖσαν
1012 5579 1111 5648 τῆς
1149 5578 1320 5630 Ἰούδα
1344 5577 1618 5645 βασιλείας
1646 5578 1740 5630 καὶ

431 5671 784 5745 παρανομιῶν
842 5669 1064 5742 μεστὴν,
1116 5669 1208 5721 καί
1255 5683 1449 5737 φησιν·
1481 5686 1498 5716 ι
1537 5669 1737 5727 K110:-

162 5769 345 5828 κοῦσαι
373 5769 595 5838 Λάχεις,
624 5763 863 5837 ἀρχηγὸς
901 5762 1175 5834 ἁμαρτίας
1205 5760 1350 5829 αῦτη
1386 5760 1500 5812 ἐστὶ
1545 5760 1617 5828 τῇ
1647 5757 1739 5810 θυ-

1920 5483 2084 5537 Vens.
2110 5479 2293 5534 15-15.
2335 5506 2405 5517 —-
2435 5475 2627 5530 Postea
2682 5485 2986 5529 sermonem
3039 5468 3308 5523 convertit
3346 5466 3416 5522 ad

1845 5577 2044 5632 Lachis
2075 5575 2261 5628 urbem
2304 5569 2451 5641 regni
2481 5567 2656 5631 Judac,
2687 5573 3034 5636 peccatorum
3065 5561 3422 5615 multitudine

1846 5667 2261 5726 redundantem.
2302 5663 2522 5731 aitque:
2553 5680 2569 5710 ι
2608 5659 2739 5724 Qua:
2771 5657 2981 5711 habitas
3015 5653 3228 5715 Lachis,
3267 5653 3419 5720 prin-

1845 5775 1971 5832 ceps
2005 5757 2204 5828 peccati
2243 5757 2354 5810 haec
2375 5762 2456 5808 est
2483 5752 2604 5806 lilia:
2641 5750 2851 5814 Sionis;
2873 5745 3000 5817 quia
3037 5744 3090 5799 in
3117 5755 3169 5798 te
3192 5743 3421 5796 inventa
