3828 6216
467 263 567 321 Z5!

1653 271 2001 330 THEODORI
2039 273 2520 334 MOPSUESTENI

3608 289 3707 344 552

471 388 600 432 sunt
625 377 833 434 scelera
866 377 1104 437 Israelis.
1143 401 1163 434 ι
1188 381 1336 439 Scito
1373 393 1424 440 et
1459 395 1538 450 tu,
1568 388 1774 458 inquit,
1796 405 1917 459 quae
1940 391 2036 445 tibi

2152 394 2304 465 γατρὶ
2363 393 2532 448 Σιών·
2561 396 2642 449 ὃτι
2671 396 2728 446 ἐν
2781 396 2861 448 σοὶ
2907 396 3210 468 εὑρέθησαν
3246 400 3300 452 αί
3345 400 3590 455 ἁσέϐειαι
3617 405 3704 456 τοῦ

475 470 633 553 175
659 471 910 527 evenient
955 475 1094 527 mala
1117 514 1132 538 ,
1179 491 1300 546 quae
1335 477 1549 533 malitia:
1586 481 1696 534 dux
1718 482 1869 537 fuisti
1920 482 2040 537 urbi

471 561 809 618 Hierusalem
857 566 1026 636 (nam
1088 567 1252 621 ﬁliam
1292 567 1472 625 Sionis
1533 572 1675 626 hanc
1734 575 2037 646 nominat),

473 653 888 713 nihildill'erens
916 658 1216 713 aSamaria
1263 663 1459 717 mentis
1506 672 1612 718 tuae
1665 668 2040 736 perversitate.

477 763 497 796 ι
544 743 834 818 Propterea
877 750 1034 806 dabis
1079 753 1397 808 emissarios
1437 749 1603 825 super
1671 758 2042 813 [nereditatem

473 835 630 897 Gelli,
665 840 857 894 domos
886 857 1050 898 vanas
1098 862 1111 897 :
1173 846 1367 901 donius
1421 863 1682 904 vanorum
1719 850 1772 904 in
1814 866 2042 904 vacuum

473 928 628 982 facta!
657 939 784 984 sunt
817 933 1036 1002 regibus
1074 933 1312 992 lsraelis.
1351 957 1369 990 ι
1402 938 1699 1008 Eapropter
1741 951 1794 994 tu
1826 958 2045 1012 quoque

472 1021 841 1088 captivitatem
892 1028 1170 1091 sustines;
1225 1044 1348 1082 nam
1388 1048 1406 1081 ι
1461 1031 1615 1085 dabis
1667 1034 1982 1089 emissarios
2019 1056 2038 1087 ι

473 1110 603 1163 dicit
629 1127 744 1181 pro,
781 1113 942 1168 Mittis
971 1118 1024 1168 in
1055 1118 1446 1186 captivitatem,
1483 1122 1559 1174 tui
1589 1138 1755 1176 causa
1782 1125 1930 1192 paria
1962 1125 2045 1179 in-

471 1201 607 1252 colis
662 1199 797 1254 Gelh
842 1218 1093 1271 passura,
1151 1207 1367 1264 cunctis
1425 1226 1546 1280 qua:
1597 1212 1664 1264 ad
1713 1214 2042 1283 impietatem

469 1291 714 1344 sti-inisti
761 1292 1004 1349 aedificiis
1041 1297 1134 1350 tibi
1168 1301 1523 1366 pereuntihus
1548 1319 1562 1366 ;
1587 1304 2043 1371 quemadmodum

471 1381 613 1449 apud
647 1382 945 1440 Samariam
971 1403 1185 1458 quoque
1204 1391 1414 1460 dejecta
1436 1403 1563 1448 sunt
1597 1394 1720 1449 fana
1750 1398 2042 1454 idolorum.

476 1491 494 1522 ι
542 1472 724 1544 Usque
757 1479 822 1530 ad
847 1478 1087 1534 haeredes
1115 1491 1238 1536 tuos
1265 1491 1318 1537 te
1347 1485 1634 1540 adducam.
1677 1507 1696 1539 ι
1735 1488 1860 1544 [late
1894 1498 2047 1559 pate-

470 1566 567 1627 ris,
596 1583 681 1621 me
709 1569 804 1622 tibi
842 1571 1026 1627 hostes
1065 1575 1388 1642 adducente,
1434 1580 1524 1648 qui
1561 1580 1636 1634 tui
1675 1590 1835 1636 erunt
1875 1583 2046 1638 haere-

469 1657 586 1712 des.
643 1677 660 1710 ι
703 1661 834 1726 Quae
880 1663 1090 1719 habitas
1143 1666 1357 1735 Lachis,
1427 1671 1715 1728 haereditas
1755 1691 1929 1743 usque
1978 1676 2043 1730 ad

2159 483 2394 556 Ἰσραήλ.
2436 504 2456 538 ι
2491 486 2628 539 Ἰσθι
2661 487 2725 557 δὴ
2772 489 2864 539 καὶ
2896 489 2981 551 σὺ,
3019 489 3174 559 φησὶ,
3213 489 3281 542 τὰ
3327 491 3708 562 συμὸησόμενά

2147 593 2230 628 σοι
2278 577 2444 640 κακὰ,
2477 578 2511 648 ἢ
2558 581 2623 649 τῇ
2671 579 3021 650 Ἰερουσαλὴμ
3079 581 3375 652 (θυγατέρα
3424 582 3533 654 γὰρ
3577 584 3706 639 Σιὼν

2143 668 2348 739 ταύτην
2380 669 2656 739 ὀνομάζει)
2705 671 2925 741 ἡγεμὼν
2969 668 3111 742 ἦσθα
3145 672 3253 725 τῶν
3301 675 3512 739 κακῶν,
3564 679 3706 729 οὐδὲν

2145 759 2533 813 διαλλάττουσα
2564 761 2672 815 τῶν
2705 763 2831 833 περὶ
2858 761 2954 833 τὴν
2999 764 3310 834 Σαμάρειαν
3341 768 3405 836 τῇ
3437 766 3536 836 τῆς
3585 769 3706 821 ἀσε-

2147 851 2296 914 ϐείας
2326 851 2538 924 γνώμῃ.
2581 871 2600 903 ι
2631 851 2729 904 Διά
2759 851 2915 906 τοῦτο
2939 853 3126 916 δώσεις
3157 852 3708 928 ἐξαποστελλομένους

2146 941 2249 1005 ἕως
2273 942 2636 1014 κληρονομίας
2651 943 2774 1010 Γέθ,
2799 945 2980 1008 οἴκους
3000 946 3258 1016 ματαίους
3275 966 3288 979 ·
3311 945 3451 1002 οἶκοι
3477 951 3709 1019 ματαίων

2146 1037 2226 1098 εἰς
2255 1035 2408 1088 κενὸν
2443 1036 2690 1102 ἐγένοντο
2717 1038 2830 1098 τοῖς
2854 1036 3161 1106 βασιλεῦσιν
3201 1039 3438 1111 Ἰσραήλ.
3483 1060 3501 1092 ι
3547 1043 3709 1111 Ὑπὲρ

2145 1125 2210 1196 δὴ
2242 1124 2444 1179 τούτων
2465 1126 2562 1197 τὴν
2587 1127 2759 1196 αὐτὴν
2788 1128 3164 1196 αἰχμαλωσίαν
3194 1130 3485 1200 ὑπομένεις
3508 1132 3600 1184 καὶ
3628 1132 3706 1185 σύ·

2145 1215 2206 1268 τὸ
2237 1217 2344 1285 γὰρ
2373 1234 2390 1266 ι
2422 1214 2611 1278 δώσεις
2639 1214 3213 1288 ἐξαποστελλομένους,
3247 1218 3432 1286 »λέγει
3460 1221 3579 1274 ἀντὶ
3600 1222 3705 1284 τοῦ,

2159 1306 2528 1370 Ἀποστέλλεις
2560 1309 2641 1369 είς
2687 1307 3078 1377 αἰχμαλωσίαν,
3117 1308 3176 1372 ἐξ
3217 1311 3418 1380 ἑαυτῆς
3463 1311 3531 1363 τὰ
3580 1313 3708 1364 αὐτὰ

2149 1399 2248 1468 μὲν
2284 1398 2581 1468 πεισομένη
2615 1402 2726 1461 τοῖς
2754 1400 2850 1468 τὴν
2871 1400 2908 1451 Γ
2911 1400 2968 1453 se
3004 1401 3265 1464 οἰκοῦσιν,
3299 1403 3519 1455 πάντων
3543 1404 3596 1455 δέ
3634 1422 3708 1458 σοι

2146 1487 2254 1556 τῶν
2287 1487 2372 1540 ἐπ’
2401 1488 2624 1558 ἀσεϐείᾳ
2657 1490 3178 1559 κατεσκευασμένων
3211 1491 3374 1543 οἴκων
3417 1492 3708 1561 διαφθειρο-
3752 1535 3754 1538 .

2151 1579 2354 1649 μένων·
2385 1579 2550 1649 ὅνπερ
2577 1579 2639 1650 δὴ
2669 1581 2868 1649 τρόπον
2898 1583 2990 1633 καὶ
3021 1583 3070 1633 οἱ
3101 1582 3240 1636 κατὰ
3271 1585 3370 1654 τὴν
3410 1584 3707 1654 Σαμάρειαν

2145 1667 2510 1740 διεφθάρησαν
2555 1664 2692 1722 οἶκοι
2722 1669 2828 1722 τῶν
2879 1670 3133 1724 εἰδώλων.
3181 1691 3199 1721 ι
3245 1671 3394 1736 "Em;
3440 1674 3564 1736 τοὺς
3588 1673 3708 1743 κλη-

471 1752 718 1805 Oilollam
780 1756 982 1822 veniet,
1023 1762 1193 1828 gloria
1245 1763 1365 1816 tiliae
1409 1761 1609 1819 Sionis.
1651 1786 1669 1816 ι
1725 1767 1785 1820 Hi
1849 1767 2044 1826 Lachis

2152 1762 2408 1832 ρονόμους
2455 1762 2647 1830 ἀγάγω
2683 1779 2798 1815 σου.
2839 1781 2856 1812 ι
2902 1763 3227 1832 ’Υπομένεις
3263 1762 3328 1832 δὴ
3365 1763 3540 1816 ταῦτα
3583 1764 3703 1833 ἐμοῦ

471 1843 644 1911 ipsam
689 1847 968 1916 tenebunt,
1016 1861 1069 1905 et
1125 1869 1298 1923 usque
1342 1857 1408 1910 ad
1458 1856 1703 1912 Odollam
1751 1863 2045 1918 extendcnt

472 1934 844 2000 limreditatem
873 1956 1050 2003 suam.
1083 1944 1133 1998 id
1169 1954 1254 2000 est
1306 1955 1476 2001 totam
1526 1951 1876 2020 occupabunt
1915 1969 2041 2023 pro-

471 2028 692 2082 missam
725 2035 1018 2113 regionem.
1047 2037 1109 2090 Et
1129 2052 1292 2106 super
1320 2039 1457 2104 haec,
1494 2041 1582 2094 illa
1614 2043 1774 2096 etiam
1799 2044 2041 2113 gloriosa

471 2129 693 2189 propter
721 2112 994 2180 conditum
1020 2129 1072 2180 in
1113 2143 1174 2183 ea
1210 2132 1488 2202 templum,
1518 2135 1764 2204 capietur
1787 2112 2047 2190 Hierusa-

472 2213 598 2267 lem.

2145 1854 2271 1916 τοὺς
2300 1853 2590 1922 πολεμίους
2618 1853 2861 1922 ἄγοντος,
2897 1853 2946 1905 οἳ
2983 1855 3090 1906 τῶν
3123 1853 3229 1907 σῶν
3259 1855 3482 1922 ἀγαθῶν
3511 1855 3706 1908 ἔσονται

2147 1945 2487 2016 κληρονόμοι.
2527 1964 2546 1996 ι
2594 1947 2935 1999 Κατοικοῦσα
2982 1947 3203 2017 Λάχεις,
3246 1948 3579 2018 κληρονομία
3614 1948 3705 2011 ἓως

2159 2037 2419 2106 Ὀδολλὰμ
2440 2038 2578 2106 ἥξει,
2605 2037 2730 2103 δόξα
2757 2039 2854 2107 τῆς
2885 2037 3152 2106 θυγατρὸς
3178 2037 3336 2091 Σιών.
3374 2058 3393 2090 ι
3426 2039 3488 2091 Οἳ
3516 2041 3602 2092 καὶ
3619 2040 3705 2109 τὴν

2146 2129 2344 2199 Λάχεις
2381 2133 2689 2201 κτήσονται,
2724 2131 2817 2182 καὶ
2849 2129 3006 2200 ἄχρις
3045 2129 3308 2200 Ὀδολλὰμ
3339 2130 3440 2200 τὴν
3469 2129 3705 2200 κληρονο-

2157 2223 2286 2292 μίαν
2319 2223 2596 2276 ἐκτενοῦσι
2644 2221 2744 2293 τὴν
2789 2223 3026 2275 οἰκείαν·
3064 2220 3148 2274 ἴνα
3189 2223 3340 2295 εἴπῃ,
3367 2223 3549 2277 Πᾶσαν
3592 2223 3704 2274 καθ-

446 2307 647 2373 έξουσι
687 2312 786 2383 τὴν
834 2313 938 2383 γῆν
981 2313 1080 2384 τῆς
1122 2315 1484 2384 ἐπαγγελίαςο
1518 2318 1591 2388 (ρ.
1627 2318 1755 2388 267)
1803 2319 1937 2388 πρὸς
1977 2313 2059 2381 οἷς
2108 2317 2200 2368 καὶ
2244 2317 2277 2386 ἡ
2319 2315 2562 2380 ἐπίδοξος
2602 2310 2738 2369 εἶναι
2783 2313 3014 2368 δοκοῦσα
3056 2313 3144 2367 διὰ
3179 2313 3272 2366 τὸν
3307 2315 3366 2366 ἐν
3414 2315 3547 2385 αὐτῇ
3593 2316 3702 2367 ναὸν

469 2403 805 2477 ληφθήσεται
840 2410 871 2479 ἠ
911 2409 1287 2481 Ἰερουσαλήμ.

541 2501 794 2556 Nonnulli
839 2504 1110 2570 dixerunt,
1149 2508 1260 2562 hare
1301 2510 1442 2579 loqui
1487 2510 1802 2580 prophetam
1855 2521 2044 2565 contra

470 2591 687 2656 Lachis,
725 2597 851 2664 quia
882 2611 1057 2664 regem
1089 2597 1387 2653 Amessiam
1429 2601 1703 2654 occiderat
1736 2620 1748 2654 :
1783 2615 1906 2655 nam
1939 2603 2042 2670 pri-

471 2698 560 2737 mo
587 2685 853 2752 ejusmodi
899 2687 950 2740 in
983 2689 1068 2740 illa
1111 2689 1246 2744 urbe
1276 2691 1488 2745 facinus
1534 2691 1634 2744 fuit
1665 2694 1866 2762 proprii
1900 2694 2045 2758 regis

472 2776 785 2844 occidendi;
825 2793 948 2832 cum
990 2780 1131 2848 apud
1183 2781 1368 2835 decem
1427 2783 1666 2838 tribuum
1721 2802 1939 2854 regnum
1992 2787 2046 2840 id

473 2883 616 2937 saepe
651 2869 764 2938 jam
805 2871 1114 2927 accidisset.
1157 2874 1317 2942 Atqui
1361 2875 1464 2929 hoc
1510 2884 1681 2930 totum
1733 2877 2040 2932 fabulosum

473 2962 780 3030 falsumque
806 2962 988 3016 videre
1024 2973 1138 3027 est,
1172 2964 1240 3016 ab
1280 2965 1346 3020 iis
1389 2967 1751 3035 excogitatum
1782 2968 1874 3037 qui
1919 2985 2046 3037 pro-

447 3053 686 3122 phetica
730 3056 892 3107 verba
927 3070 1033 3107 non
1076 3056 1475 3110 intellexerunt.
1507 3056 1639 3110 Nam
1691 3073 1792 3113 nec
1837 3060 2044 3130 primus

2213 2502 2369 2564 Τινὲς
2397 2501 2452 2553 δὲ
2484 2501 2690 2569 ane-av
2713 2501 2848 2572 πρὸς
2875 2501 2973 2571 τὴν
3002 2500 3200 2570 Λάχεις
3231 2501 3411 2570 λέγειν
3433 2501 3595 2554 ταῦτα
3620 2499 3698 2552 τὸν

2145 2593 2451 2662 προφήτην,
2479 2590 2554 2652 ώς
2579 2591 2667 2642 τὸν
2712 2589 3001 2660 Ἀμεσσίαν
3027 2589 3320 2643 ἀνελοῦσαν
3344 2591 3434 2643 τὸν
3463 2589 3696 2660 βασιλέα·

2143 2683 2330 2753 ἐπειδὴ
2355 2682 2510 2735 τοῦτο
2542 2682 2753 2753 πρῶτον
2785 2681 3052 2752 ἐτολμήθη
3085 2685 3214 2753 παρ’
3239 2685 3426 2746 αὐτοῖς
3447 2683 3506 2735 τὸ
3524 2685 3697 2734 οἰκεῖον

2143 2777 2348 2830 ἀνελεῖν
2379 2777 2620 2846 βασιλέα,
2655 2776 2918 2847 πρότερόν
2957 2793 3016 2845 γε
3059 2778 3116 2828 ἐν
3151 2778 3215 2845 τῇ
3248 2775 3357 2828 τῶν
3389 2776 3516 2828 δέκα
3542 2772 3697 2842 φυλῶν

2149 2867 2394 2938 βασιλεία
2422 2867 2609 2920 τούτου
2637 2867 2918 2935 γεγονότος
2952 2866 3211 2930 πολλάκις
3229 2883 3242 2895 ⁸
3276 2867 3394 2918 ἔστι
3422 2867 3476 2918 δέ
3518 2881 3696 2918 παντα-

2149 2958 2305 3027 χόθεν
2339 2959 2504 3028 μῦθον
2538 2961 2630 3011 καὶ
2672 2959 2897 3027 πλάσμα
2928 2958 2988 3010 τὸ
3030 2958 3190 3027 ρηθέν
3237 2957 3389 3020 ἰδεῖν,
3422 2957 3695 3028 ηὑρημένον

2151 3049 2259 3102 ἀπὸ
2309 3049 2416 3102 τῶν
2461 3049 2560 3120 τὴν
2623 3051 2968 3120 προφητικὴν
2997 3045 3073 3101 ὀύ
3127 3050 3464 3119 νενοηκότων
3510 3050 3692 3116 φωνήν·

469 3142 624 3199 Judae
647 3145 820 3200 tribus
850 3162 1034 3215 regum
1075 3147 1351 3202 Amessias
1395 3149 1697 3211 proditione
1737 3126 1851 3202 fuit’
1877 3151 2044 3203 inter-

2152 3139 2268 3192 οὔτε
2297 3142 2403 3210 γάρ
2448 3142 2737 3212 Ἀμεσσίας
2775 3141 2989 3212 πρῶτος
3031 3143 3096 3195 ἐκ
3142 3141 3248 3195 τῶν
3287 3144 3388 3212 τῆς
3426 3141 3584 3194 Ἰούδα
3612 3139 3694 3208 βα-

449 3248 718 3307 emptus;
770 3253 893 3291 nam
933 3236 1129 3293 Joasus
1171 3246 1324 3308 pater
1367 3240 1486 3308 ejus
1529 3249 1686 3294 antea
1739 3241 1841 3296 hoc
1887 3241 2046 3296 modo

472 3331 652 3384 fuerat
681 3331 1016 3395 exstinctus,
1048 3338 1104 3383 ut
1147 3329 1352 3399 Regum
1385 3332 1613 3386 historia
1656 3335 1821 3386 tradit
1858 3335 1923 3397 ⁷⁸,
1963 3335 2047 3388 di-

473 3437 604 3475 cens
636 3439 648 3474 :
684 3441 701 3472 ι
744 3421 1159 3476 insurrexerunt
1198 3424 1336 3476 servi
1380 3421 1548 3486 Joasi,
1581 3433 1635 3478 et
1673 3425 2048 3493 conjuratione

450 3517 530 3571 'in
553 3528 675 3569 eum
717 3523 944 3576 structa,
982 3525 1371 3584 percusserunt
1395 3532 1517 3569 eum
1556 3535 1568 3568 :
1609 3535 1627 3566 ι
1664 3532 1801 3586 quos
1829 3519 2045 3586 quidem

473 3608 592 3676 ipse
639 3606 937 3669 Amessias,
987 3606 1134 3660 illius
1169 3607 1331 3669 filius,
1389 3622 1559 3676 regno
1606 3611 1808 3676 politus
1861 3616 2046 3676 postea

473 3697 636 3765 cepit,
666 3703 870 3764 patrem
897 3711 1053 3749 suum
1077 3695 1346 3750 ulciscens
1373 3711 1386 3748 :
1418 3697 1482 3750 de
1506 3712 1615 3766 quo
1634 3697 1751 3766 ipso
1764 3698 1838 3749 ait
1864 3696 2049 3765 Scrip—

473 3797 596 3840 tura
624 3802 638 3838 :
669 3789 734 3840 Lt
766 3786 966 3839 factum
997 3793 1101 3849 est,
1135 3795 1418 3855 postquam
1446 3803 1673 3856 regnum
1707 3789 1758 3841 in
1787 3790 2048 3844 Amessia:

473 3893 636 3930 manu
665 3879 1046 3929 confirmatum
1101 3877 1223 3939 fuit,
1257 3879 1529 3946 percussit
1571 3893 1758 3934 servos
1793 3896 1921 3935 suos
1954 3880 2046 3952 qui

475 3968 650 4037 ipsius
691 3967 850 4035 176
885 3976 1268 4034 percusserant
1311 3968 1378 4018 7’.
1435 3966 1699 4023 Praeterea
1742 3971 2045 4027 Amessiam

476 4075 586 4112 non
638 4059 891 4110 videntur
939 4057 1135 4110 Lachis
1197 4059 1344 4111 cives
1394 4059 1681 4113 occidisse.
1749 4061 1838 4115 Sic
1903 4067 2045 4116 enim

477 4151 740 4220 scriptum
772 4157 905 4204 est:
958 4147 1019 4201 Et
1059 4150 1303 4202 revoluta
1355 4161 1438 4202 est
1485 4152 1742 4204 contritio
1789 4156 2048 4211 adversus

475 4244 777 4299 Aiuessiam
844 4243 897 4295 in
947 4240 1306 4307 Hierihalem,
1373 4243 1463 4311 qui
1529 4243 1664 4313 fugit
1727 4247 1779 4298 in
1831 4245 2044 4302 Lachis.

476 4338 738 4406 Missique
794 4342 923 4389 sunt
976 4342 1098 4404 post
1127 4350 1250 4386 eum
1304 4334 1553 4389 homines
1587 4337 1652 4388 ad
1696 4335 1912 4403 Lachis,
1955 4341 2047 4408 qui

2149 3232 2508 3286 σιλευσάντων
2538 3233 2711 3303 φυλῆς
2742 3233 2801 3297 ἐξ
2828 3232 3118 3303 ἐπιϐουλῆς
3142 3233 3404 3305 ἀνῃρέθη,
3450 3233 3590 3294 Ἰώας
3617 3229 3694 3282 τοῦ

2147 3325 2353 3394 πατρὸς
2401 3325 2565 3378 αὐτοῦ
2618 3325 2882 3395 πρότερον
2921 3326 3296 3396 ἀναιρεθέντος
3348 3325 3534 3387 οὕτως,
3566 3323 3692 3392 ώςή

2146 3417 2253 3469 τῶν
2271 3416 2565 3469 Βασιλειῶν
2588 3416 2796 3486 ἱστορία
2818 3417 2966 3485 δηλοῖ
2986 3415 3235 3484 λέγουσα,
3255 3417 3337 3468 ὅτι
3361 3435 3379 3465 ι
3402 3415 3694 3483 Ἀνέστησαν

2147 3509 2195 3559 oi
2230 3507 2405 3560 δοῦλοι
2453 3507 2546 3559 τοῦ
2599 3506 2769 3570 ἰώας,
2819 3507 2910 3559 καὶ
2960 3509 3222 3577 ἐποίησαν
3269 3507 3578 3576 σύνδεσμον,
3616 3504 3694 3556 καὶ

2151 3603 2390 3672 συνῆψαν
2408 3603 2493 3653 ἐπ’
2511 3600 2692 3666 αὑτὸν,
2713 3601 2805 3654 καὶ
2817 3601 3090 3666 ἐπάταξαν
3105 3601 3285 3654 αὐτόν·
3307 3600 3513 3670 οὕσπερ
3525 3594 3694 3650 οὖνκαὶ

2163 3693 2453 3764 Ἀμεσσίας
2482 3696 2510 3746 ὁ
2537 3691 2725 3745 τούτου
2749 3694 2861 3754 υίὸς
2889 3691 3170 3763 παρελθὼν
3200 3695 3278 3755 εἰς
3315 3695 3414 3762 τὴν
3445 3689 3690 3760 βασιλείαν

2147 3780 2291 3837 εἷλεν
2344 3784 2588 3855 ὕστερον,
2625 3784 2715 3836 τὸν
2763 3785 2920 3852 φόνον
2965 3782 3193 3836 ἐκδικῶν
3231 3783 3326 3835 τοῦ
3376 3783 3570 3852 πατρὸς
3614 3777 3692 3830 τοῦ

2148 3877 2382 3930 οἰκείου·
2439 3877 2566 3949 περὶ
2617 3870 2677 3929 οὗ
2717 3877 2809 3928 καὶ
2843 3874 3006 3928 αὐτοῦ
3041 3892 3172 3946 φησι
3199 3893 3210 3904 ·
3251 3877 3363 3928 Καὶ
3410 3877 3609 3943 ἐγένετο
3632 3871 3692 3931 ib;

2149 3967 2490 4037 ἐκραταιώθη
2517 3971 2549 4038 ἠ
2580 3967 2826 4037 βασιλεία
2860 3970 2918 4019 ἐν
2952 3970 3016 4038 τῇ
3052 3970 3197 4037 χειρὶ⁸
3243 3967 3548 4037 Ἀμεσσίου,
3581 3965 3693 4014 ἐπάι-

2149 4062 2274 4127 ταξε
2297 4064 2422 4124 τοὺς
2453 4063 2648 4125 παῖδας
2674 4063 2838 4115 αὑτοῦ
2867 4065 2992 4125 τοὺς
3023 4063 3369 4128 πατάξαντας
3398 4063 3484 4114 τὸν
3507 4060 3690 4127 πατέρα

2149 4155 2342 4209 αὐτοῦ’
2388 4156 2482 4209 καὶ
2529 4157 2619 4209 τὸν
2667 4155 2958 4226 Ἀμεσσίαν
3005 4155 3062 4208 δὲ
3094 4157 3190 4225 οὐχ
3228 4158 3275 4207 οἱ
3314 4157 3371 4209 ἐν
3405 4155 3588 4222 Λάχεις
3617 4152 3692 4202 ἀν-

2149 4248 2356 4311 ελόντες
2390 4248 2686 4316 φαίνονταν
2715 4247 2861 4315 λέγει
2883 4246 2988 4318 γάρ
3011 4246 3200 4309 οὕτως’
3240 4248 3351 4299 Καὶ
3379 4244 3688 4313 συνεστράλεη

2149 4339 2461 4410 σύντριμμα
2489 4339 2582 4391 ἐπὶ
2633 4339 2921 4407 Ἀμεσσίαν
2951 4341 3006 4391 ἐν
3047 4337 3431 4410 Ἰερουσαλήμο
3473 4337 3691 4400 xuii-139':-

475 4431 652 4499 ipsum
709 4428 781 4482 ibi
824 4428 1246 4491 interfecerunt,
1315 4426 1698 4497 sublatumque
1771 4429 1823 4483 in
1881 4447 2044 4500 equo,

2152 4448 2243 4497 γεν
2273 4431 2352 4492 εἰς
2378 4429 2594 4498 Λάχεις,
2621 4429 2716 4480 καὶ
2739 4428 3084 4481 ἐθανάτωσαν
3110 4430 3269 4480 αὑτὸν
3296 4431 3438 4481 ἐκεῖ·
3463 4429 3548 4479 καὶ
3569 4421 3688 4495 ἦραν

474 4520 868 4590 Hierosolymis
896 4520 1244 4588 sepelierunt.
1302 4518 1377 4572 Ex
1407 4537 1513 4589 quo
1544 4523 1832 4576 manifeste
1859 4533 2046 4579 osten-

473 4613 623 4666 ditur
667 4614 1079 4667 consurrexisse
1145 4614 1406 4668 adversus
1473 4630 1595 4668 eum
1647 4616 1912 4684 quosdam
1979 4619 2046 4673 de

475 4703 889 4776 lli.rosolymis.
944 4705 1348 4774 fugientemque
1400 4705 1452 4758 in
1484 4704 1680 4761 Lachis
1722 4709 1906 4762 missis
1955 4711 2044 4764 ho-

474 4792 715 4850 rninibus
745 4798 1033 4851 occidisse.
1059 4795 1149 4849 Sic
1171 4812 1301 4866 ergo
1323 4798 1547 4851 evidens
1580 4798 1759 4852 fabula
1791 4801 2041 4854 convicta

473 4898 577 4943 εει.
619 4889 786 4941 Porro
814 4887 1008 4942 Lachis
1031 4889 1290 4956 propheta
1331 4889 1644 4958 alloquitur,
1696 4890 1748 4943 in
1784 4892 1902 4960 ejus
1946 4909 2045 4945 no-

473 4983 640 5045 mine,
670 4990 926 5049 tanquam
962 4983 1015 5034 in
1050 4993 1227 5050 parte,
1256 4997 1342 5036 res
1372 4981 1525 5036 Iudae
1556 4999 1722 5052 regno
1755 4995 2043 5042 eventuras

475 5089 706 5128 narrans
737 5091 749 5125 :
780 5073 1232 5140 quemadmodum
1259 5082 1312 5127 et
1345 5075 1410 5126 de
1433 5074 1676 5128 Samaria
1713 5076 2043 5148 loculusest;

477 5174 660 5236 utpote
690 5164 779 5232 qui
803 5163 868 5216 de
903 5172 1132 5231 utroque
1162 5165 1324 5218 simul
1376 5180 1545 5232 regno
1579 5176 1632 5219 et
1667 5167 1932 5222 visionem
1964 5171 2043 5222 vi-

475 5260 631 5312 derat
668 5267 722 5312 et
754 5256 1092 5324 loquebatur,
1147 5256 1288 5309 sicut
1329 5257 1566 5311 vaticinii
1609 5260 1892 5313 evordium
1925 5277 2051 5328 per-

479 5350 664 5420 spicue
693 5347 950 5404 ostendit.
981 5345 1098 5400 Jam
1129 5347 1196 5401 de
1227 5346 1424 5402 Lachis
1453 5350 1532 5402 sic
1575 5349 1750 5420 pergit
1787 5353 2047 5421 propheta

476 5441 656 5496 dicere
688 5464 701 5500 :

555 5529 714 5584 Vens.
771 5528 855 5582 16.
905 5559 976 5568 -
1021 5546 1039 5578 ι
1105 5527 1422 5582 Decalvator
1471 5534 1523 5581 ct
1580 5530 2048 5604 tondetor-super

547 5707 592 5739 "
617 5706 682 5761 ιν
719 5708 847 5780 Ιιυε.
885 5723 981 5772 ιιι,
1011 5707 1082 5760 ‘20
1188 5707 1234 5738 ’⁷³
1265 5706 1329 5760 ιν
1361 5704 1492 5776 Reg.
1522 5721 1632 5770 xw,
1663 5705 1711 5760 5.

2151 4522 2243 4573 ἐπὶ
2267 4521 2360 4574 τὸν
2389 4521 2586 4586 ἵππον,
2630 4520 2705 4590 (ρ.
2736 4519 2862 4589 268)
2909 4520 3002 4572 καὶ
3039 4519 3209 4590 ἐτάφη
3247 4521 3304 4571 ἐν
3345 4517 3685 4591 Ἰερουσαλήμ·

2153 4611 2338 4680 σαφῶς
2365 4610 2611 4682 δηλώσας
2639 4612 2720 4663 ὅτι
2754 4612 3130 4681 ἐπανέστησαν
3158 4610 3304 4681 αὐτῷ
3336 4628 3474 4673 τινες
3502 4609 3585 4661 ἐπὶ
3609 4607 3687 4674 τῆς

2161 4705 2533 4775 Ἰερουσαλὴμ,
2565 4703 2614 4755 οἳ
2675 4704 3056 4771 καταφυγόντα
3088 4705 3164 4765 εἰς
3207 4703 3305 4772 τὴν
3342 4701 3531 4771 Λάχεις
3577 4699 3689 4749 ἀπο·

2151 4795 2453 4858 στείλαντες
2484 4794 2712 4848 ἀνεῖλον.
2748 4795 2915 4847 Τοῦτο
2942 4796 3040 4865 μὲν
3067 4791 3158 4847 οὖν
3192 4794 3444 4864 ἄντικρυς
3472 4791 3686 4860 φαίνεται

2150 4889 2406 4958 πλάσμα·
2439 4887 2573 4958 πρὸς
2623 4887 2680 4939 δέ
2716 4889 2814 4957 τὴν
2865 4888 3064 4956 Λάχεις
3092 4887 3119 4938 ὁ
3169 4887 3448 4955 προφήτης
3485 4882 3685 4934 ποιεῖται

2149 4980 2240 5031 τὸν
2285 4980 2461 5045 λόγον,
2503 4978 2562 5043 ἐξ
2615 4981 2826 5050 ἐκείνης
2853 4981 2924 5042 ibi;
2963 4979 3068 5031 απὸ
3102 4979 3298 5049 μέρους
3351 4979 3415 5030 τά
3448 4975 3564 5044 περὶ
3604 4970 3683 5038 τὴν

2164 5071 2332 5125 Ἰούδα
2359 5072 2632 5142 βασιλείαν
2656 5073 3042 5142 συμϐησόμενα
3070 5073 3240 5139 λέγων
3258 5089 3269 5099 ·
3290 5074 3449 5139 ὅνπερ
3476 5063 3557 5118 οὖν
3579 5059 3681 5131 τρό-

2148 5183 2248 5218 πον
2287 5167 2378 5218 καὶ
2407 5165 2475 5218 τὰ
2502 5167 2624 5236 περὶ
2656 5165 2967 5234 Σαμάρειαν
2990 5161 3138 5216 εἶπεν
3160 5181 3171 5190 ·
3209 5163 3283 5225 ὡς
3312 5162 3446 5230 ὑπὲρ
3478 5150 3682 5226 ἀμφοτέ-

2153 5274 2260 5326 ρων
2309 5258 2400 5309 καὶ
2438 5256 2718 5325 ἑωρακὼς,
2756 5258 2847 5307 καὶ
2901 5254 3095 5323 λέγων,
3145 5247 3284 5307 καθά
3329 5251 3388 5303 τὸ
3432 5245 3680 5318 προοίμιον

2149 5346 2338 5415 ἐδήλου
2408 5347 2627 5414 σαφῶς·
2682 5346 2816 5415 πρὸς
2872 5347 2938 5417 ἢν
2999 5345 3301 5398 ἀκολουθῶν
3355 5345 3382 5396 ὁ
3436 5336 3680 5410 προφήτης

2149 5439 2324 5509 ἐαυτῷ
2359 5455 2491 5509 φησι
2511 5455 2524 5468 ·

2225 5532 2374 5602 Στίχ,
2413 5531 2873 5604 ις’.-ι-Ξύρησαι
2902 5531 2995 5585 καὶ
3027 5533 3206 5601 κεῖραι
3235 5529 3322 5580 ἐπὶ
3348 5526 3409 5579 τὰ
3437 5536 3579 5577 τεκνα
3601 5527 3676 5568 σου
