3828 6216
112 229 207 243 σου

111 250 209 283 οδ.)

1091 227 1639 285 COMMENTARIUS
1677 227 1744 284 IN
1782 227 2089 287 MICHIEIE
2124 231 2276 288 CAP.
2321 235 2387 290 ll.

3258 230 3365 286 εει

108 345 173 395 τὰ
203 340 482 411 τρυφερά·
518 340 855 410 ὲμπλάτυνον
882 342 982 413 τὴν
1016 342 1241 413 ξύρησίν
1274 362 1367 398 σου
1397 346 1472 409 ὡς
1506 345 1684 409 ἀετὸς,

1795 347 1932 400 tilios
1957 348 2219 402 delicatos
2247 357 2407 404 tuos:
2452 345 2615 402 dilata
2676 326 2950 398 calvitium
2987 352 3162 411 tuum,
3217 346 3364 400 sicut

108 435 189 486 ὅτι
228 433 733 503 ᾐχμαλωτεύθησαν
782 434 890 486 ἀπὸ
939 434 1054 489 σοῦ.
1104 455 1122 486 ι
1162 436 1386 491 Πενθεῖν
1428 438 1536 508 γάρ
1584 453 1686 501 σοι,

110 527 296 595 φησὶν,
331 525 597 593 ἁρμόττον
622 526 718 597 τὴν
744 526 1120 596 αἰχμαλωσίαν
1161 528 1269 580 τῶν
1299 527 1406 581 σῶν
1430 541 1444 555 ⁶
1473 527 1525 581 οἳ
1556 528 1689 597 πρό-

108 632 266 686 τερον
318 616 414 684 μὲν
446 615 521 677 ὡς
572 618 628 667 ὲν
669 618 887 678 οἰκείοις
929 617 1065 686 μετὰ
1125 617 1326 687 πολλῆς
1366 617 1547 687 διῆγον
1590 619 1691 686 τῆς

107 708 341 777 τρυφῆς,
369 706 464 759 νῦν
502 707 557 759 δὲ
599 707 707 759 τῶν
738 711 835 778 τῆς
856 709 1230 778 αἰχμαλωσίας
1269 710 1688 781 πειραθήσονται

108 799 296 850 κακῶν
315 816 325 826 ·
344 799 406 849 τὸ
428 798 503 861 δὲ,
546 818 563 848 ι
595 799 866 852 Πλάτυνον
888 800 985 870 τὴν
1016 800 1239 871 ξύρησίν
1258 818 1350 853 σου
1376 801 1451 865 ὡς
1475 800 1682 863 ἀετὸς,»

112 889 283 956 λέγει,
317 890 505 959 ἐπειδὴ
533 890 748 942 ἃπαντα
775 890 915 944 κατά
960 892 1149 964 καιρὸν
1186 892 1509 945 ἀποϐάλλειν
1540 893 1691 945 τουτὶ

108 981 168 1031 το
200 983 384 1051 ὄρνεον
428 982 496 1033 τά
530 982 704 1032 οίκεῖα
750 981 964 1048 λέγεται
992 983 1183 1052 πτερά.
1216 978 1349 1036 Εἶτα
1395 982 1488 1035 καὶ
1518 983 1687 1051 λέγει,

112 1075 253 1126 κατὰ
280 1073 341 1125 τὸ
368 1072 577 1137 εἰωθὸς,
611 1072 719 1125 τῶν
745 1072 927 1126 κακῶν
959 1074 1055 1143 τὴν
1090 1074 1290 1129 αἰτίαν.

762 1167 919 1218 ΚΕΦ.
963 1166 1035 1217 B’.

176 1256 328 1325 Στίχ.
384 1264 535 1324 α’-γ¹.
582 1287 651 1296 ——
692 1275 711 1308 ι
756 1258 1030 1325 Ἐγένοντο
1068 1259 1405 1330 λογιζόμενοι
1464 1260 1686 1324 κόπους,

108 1348 197 1397 καὶ
252 1348 613 1418 ἐργαζόμενοι
656 1348 803 1401 κακά
836 1351 893 1400 ἐν
925 1351 1043 1412 ταῖς
1093 1352 1300 1414 κοίταις
1342 1350 1518 1403 αὐτῶν
1545 1368 1558 1382 ’
1595 1351 1690 1404 καὶ

110 1440 221 1500 ἃμα
268 1440 336 1507 τῇ
389 1438 573 1509 ἡμέρα
625 1438 939 1490 συνετέλουν
989 1440 1162 1493 αὐτάο
1204 1459 1221 1490 ι
1275 1442 1348 1510 (p.
1403 1440 1527 1509 269)
1569 1441 1690 1493 ἀντὶ

107 1529 219 1589 τοῦ,
257 1530 544 1582 Διετέλουν
574 1531 828 1594 τοιαύτας
852 1533 908 1583 ὲν
939 1532 1150 1596 ἑαυτοῖς
1182 1533 1573 1604 συστρέφοντες
1598 1534 1688 1587 ὲν-

107 1620 273 1683 νοίας,
310 1623 406 1687 ἀφ’
446 1617 521 1674 ὧν
559 1622 776 1686 τούτους
805 1624 1016 1686 ἑαυτοῖς
1041 1625 1415 1695 ἀπεγέννησαν
1443 1625 1568 1688 τοὺς
1594 1626 1688 1678 κό-

108 1730 259 1776 πους,
292 1714 690 1777 ἀνατυποῦντες
723 1715 822 1782 μὲν
844 1718 934 1769 ἐπὶ
966 1719 1062 1787 τῆς
1085 1716 1268 1785 κοίτης
1292 1716 1393 1783 τῆς
1419 1716 1553 1779 ἰδίας
1580 1715 1687 1769 τῶν

108 1807 325 1858 ἀτόπων
363 1806 463 1876 τὴν
503 1809 763 1877 ἐργασίαν
785 1824 798 1837 ·
830 1810 1038 1879 ἡμέρας
1068 1809 1123 1860 δὲ
1160 1809 1478 1879 γενομένης,
1518 1807 1687 1878 πέρας

106 1900 211 1959 τοῖς
242 1897 541 1968 μοχθηροῖς
567 1898 745 1951 αὐτῶν
767 1898 1098 1962 ἐπιτιθέντες
1121 1899 1468 1969 βουλεύμασι.
1498 1918 1517 1951 ι
1544 1898 1689 1951 Διότι

104 1988 204 2038 οὐκ
235 1982 380 2056 ἦραν
409 1987 548 2058 πρὸς
582 1990 672 2041 τὸν
715 1989 845 2041 Θεὸν
894 1992 1079 2061 χεῖρας
1123 1990 1301 2043 αὐτῶν
1327 2006 1340 2020 ⁸
1370 1989 1465 2043 καὶ
1495 1988 1690 2042 ὲπεθύ-

109 2094 242 2145 μουν
275 2080 505 2148 ἀγροὺς,
544 2081 637 2133 καὶ
679 2080 974 2150 διήρπαζον
1019 2082 1309 2153 ὀρφανοὺς,
1362 2080 1458 2134 καὶ
1506 2080 1690 2142 οἴκους

106 2169 592 2234 κατεδυνάστευον,
624 2173 718 2224 καὶ
750 2172 1045 2241 διήρπαζον
1073 2172 1261 2247 ἄνδρα,
1289 2172 1384 2226 καὶ
1418 2172 1510 2225 τὸν
1543 2167 1689 2224 οἷκον

106 2261 293 2323 αὐτοῦ,
320 2262 489 2333 ἄνδρα
524 2265 617 2315 καὶ
638 2264 736 2334 τὴν
760 2264 1120 2336 κληρονομίαν
1142 2264 1331 2319 αὑτοῦ.
1367 2283 1385 2315 ι
1419 2263 1563 2333 Πρὸς
1591 2264 1689 2333 μὲν

106 2354 214 2421 γὰρ
246 2352 381 2404 Θεὸν
405 2354 616 2424 ἀφορᾷν
642 2355 741 2407 οὐκ
772 2355 1072 2417 ἐϐούλοντο,
1102 2356 1221 2408 οὐδέ
1249 2373 1370 2409 τινα
1397 2356 1552 2423 λόγον
1582 2354 1689 2408 τῶν

107 2446 239 2515 παρ’
268 2444 437 2496 αὑτοῦ
467 2445 973 2517 νενομοθετημένων
1008 2447 1307 2501 ποιεῖσθαι·
1342 2447 1470 2519 περὶ
1503 2446 1559 2499 δὲ
1586 2445 1689 2508 τὰς

105 2535 215 2588 τῶν
237 2536 538 2606 ἀλλοτρίων
562 2538 854 2607 ἐπιθυμίας
886 2538 1230 2608 ἠσχολοῦντο,
1257 2539 1352 2593 καὶ
1384 2538 1490 2592 τῶν
1515 2539 1687 2609 ἀπρο-

112 2631 457 2682 στασιάστων
494 2631 588 2683 καὶ
620 2633 867 2702 πενήτων
899 2631 1197 2703 διήρπαζον
1226 2632 1294 2685 τά
1315 2633 1589 2702 κτήματα,
1611 2631 1691 2693 εἰς

105 2722 309 2774 ἄτοπον
337 2725 405 2792 τῇ
437 2721 646 2775 ἑαυτῶν
675 2723 1144 2793 κατακεχρημένοι
1181 2722 1487 2792 δυναστείᾳ.
1523 2740 1540 2773 ι
1593 2723 1691 2774 Διά

104 2811 265 2865 τοῦτο
297 2815 427 2867 τάδε
482 2814 628 2883 λέγει
677 2815 908 2886 Κύριος·
950 2815 1077 2869 Ἰδοὺ
1126 2814 1236 2883 ἐγὼ
1280 2815 1565 2884 λογίζομαι
1597 2814 1691 2867 ἐπὶ

102 2905 205 2973 τὴν
231 2905 410 2976 φυλὴν
442 2907 643 2977 ταύτην
676 2908 839 2971 κακὰ,
859 2906 917 2972 ἐξ
933 2902 1006 2959 ὦν
1026 2908 1085 2960 οὐ
1108 2907 1181 2977 μὴ
1201 2908 1370 2978 ἄρητε
1399 2908 1525 2969 τοὺς
1554 2922 1689 2977 τρα-

1793 436 1994 504 aquila.
2029 438 2285 506 quoniam
2337 436 2535 507 captivi
2570 434 2789 490 abducti
2818 442 3038 488 suntex
3063 442 3135 490 te.
3180 453 3199 485 ι
3254 427 3367 488 ιυὲ

1790 544 1916 597 gere
1944 528 2087 582 enim
2120 537 2171 583 te
2195 536 2409 598 oportet
2434 530 2800 599 captivitatem
2818 539 3055 589 tuorum,
3082 529 3174 598 qui
3204 538 3364 584 antea

1797 628 2052 687 tanquam
2087 619 2141 673 in
2200 621 2372 688 patria
2428 618 2658 674 delicate
2699 621 2973 683 vivebant,
3030 637 3175 675 nunc
3233 637 3366 677 vero

1792 711 2120 778 captivitatis
2157 711 2296 763 mala
2328 712 2643 780 gustabunt.
2671 713 2811 776 Jam,
2848 731 2864 764 ι
2891 711 3056 766 Dilata
3084 713 3365 767 calvitium

1792 810 1943 855 tuum
1980 810 2039 855 ut
2077 803 2281 873 aquila,
2313 822 2331 854 ι
2366 805 2459 869 ait,
2490 805 2619 873 quia
2647 804 2763 857 hzrc
2801 806 2917 860 avis
2939 811 3093 859 certo‘
3119 813 3208 859 ten
3234 821 3368 875 pore

1792 903 2018 949 cunctas
2071 911 2200 950 suas
2253 897 2487 965 abjieere
2542 897 2776 950 traditur
2827 913 3036 966 pmnas.
3096 898 3364 969 Deinceps

1792 1001 1943 1042 more
1971 1003 2070 1042 suo
2104 1003 2324 1043 causam
2354 989 2619 1042 malorum
2653 990 2864 1043 recitat.

2461 1170 2613 1228 CAP.
2657 1173 2743 1227 III.

1862 1260 2025 1316 Vens.
2056 1264 2167 1318 1-5.
2196 1294 2257 1303 -—
2292 1281 2311 1315 ι
2345 1262 2495 1318 Facti
2534 1275 2662 1319 sunt
2690 1265 2993 1334 cogitantes
3029 1267 3261 1326 labores.
3308 1274 3363 1322 et

1791 1364 2079 1423 operantes
2108 1356 2247 1408 mala
2282 1356 2336 1409 in
2369 1356 2640 1411 cubilibus
2690 1358 2825 1419 suis,
2853 1366 2905 1411 et
2946 1360 3063 1412 luce
3099 1360 3363 1413 matutina

1791 1450 2245 1534 consummabant
2278 1464 2360 1504 ea.
2414 1468 2433 1500 ι
2473 1449 2529 1503 ld
2563 1459 2675 1516 est,
2720 1450 2817 1505 has
2854 1451 3036 1504 animo
3076 1454 3366 1506 versabant

1791 1538 2172 1605 cogitationes,
2204 1540 2345 1595 unde
2384 1540 2517 1610 ipsis
2550 1540 2602 1593 hi
2636 1542 2774 1610 parti
2807 1550 2936 1594 sunt
2966 1541 3203 1604 labores,
3230 1544 3366 1595 ima-

1791 1631 2038 1699 ginantes
2077 1633 2130 1684 in
2166 1632 2301 1685 lecto
2353 1648 2453 1687 suo
2482 1643 2763 1702 protervos
2795 1641 2968 1694 actus,
3005 1643 3058 1687 et
3089 1650 3210 1687 mox
3244 1634 3367 1689 illu-

1792 1728 2044 1775 cescente
2074 1720 2161 1775 die
2184 1722 2410 1775 consilia
2441 1722 2685 1791 improba
2716 1723 2768 1775 in
2791 1739 2901 1777 rem
2933 1722 3363 1779 conferentibus.

1799 1831 1817 1862 ι
1855 1810 2119 1877 Quoniam
2153 1828 2258 1866 non
2288 1813 2600 1867 extulerunt
2633 1814 2696 1866 ad
2724 1813 2889 1867 Deum
2914 1830 3108 1869 manus
3136 1830 3287 1879 suas,
3313 1822 3368 1870 et

1792 1904 2185 1974 concupiebant
2208 1920 2388 1973 agros,
2414 1913 2466 1960 et
2489 1904 2816 1974 diripiebant
2848 1906 3020 1960 virum
3052 1922 3115 1961 ac
3143 1908 3365 1962 domum

1793 1994 1931 2059 ejus,
1964 1994 2159 2058 virum,
2194 1996 2349 2065 177
2388 1995 2629 2065 inquam,
2664 2004 2717 2049 et
2756 1997 3118 2052 hazreditatem
3156 1997 3297 2066 ejus.
3340 2016 3361 2050 ι

1792 2083 2038 2154 Namque
2070 2086 2133 2139 ad
2170 2085 2336 2139 Deum
2368 2088 2639 2156 respicere
2671 2088 2945 2150 nolebant,
2990 2104 3166 2159 neque
3200 2090 3363 2142 ullam

1794 2176 2175 2231 mandatorum
2209 2177 2328 2246 ejus
2360 2179 2625 2232 rationem
2655 2179 2947 2243 habebant,
2978 2191 3031 2234 et
3062 2180 3251 2233 alienaa
3287 2180 3362 2234 rei

1794 2269 2107 2334 inhiabant,
2148 2277 2201 2322 et
2261 2285 2556 2338 pauperum
2604 2286 2665 2323 ac
2716 2272 3018 2341 patrocinio
3062 2273 3366 2325 carentium

1794 2358 2076 2415 facultates
2103 2360 2451 2429 diripiebant,
2488 2362 2723 2430 potentia
2766 2378 2864 2417 sua
2911 2362 2977 2415 ad
3026 2363 3371 2432 iniquitatem

1794 2450 2098 2505 abutentes.
2138 2468 2157 2501 ι
2209 2449 2500 2519 Propterea
2561 2452 2676 2505 haec
2720 2451 3132 2506 dicitDominus
3182 2452 3373 2507 :Ecce

1793 2554 1893 2610 ego
1922 2540 2100 2609 cogito
2128 2556 2291 2609 super
2323 2542 2524 2594 tribum
2556 2540 2714 2595 istam
2733 2543 2894 2606 mala,
2918 2557 2981 2595 ex
3017 2542 3219 2610 quibus
3256 2557 3373 2596 non-

1794 2636 2052 2689 auferetis
2108 2636 2247 2689 colla
2301 2644 2500 2699 vestra,
2550 2645 2603 2691 et
2650 2651 2757 2689 non
2801 2637 3149 2690 atubulabitis
3198 2637 3373 2690 erect'r

1794 2728 1996 2790 subito,
2028 2727 2153 2796 quia
2215 2728 2413 2780 malum
2448 2736 2661 2797 tempus
2707 2738 2809 2782 est.
2851 2748 2867 2779 ι
2909 2727 3132 2798 Propter
3187 2736 3372 2783 vestra

1794 2816 1909 2869 haac
1931 2817 2159 2870 consilia
2205 2826 2260 2870 et
2294 2826 2469 2880 actus,
2516 2819 2678 2872 talem
2706 2819 2859 2872 vobis
2890 2834 3102 2886 poenam
3134 2818 3376 2885 edicam,

1792 2923 1857 2960 ex
1892 2923 1998 2977 qua
2030 2908 2302 2976 respirare
2328 2908 2482 2963 vobis
2512 2924 2621 2962 non
2681 2910 2899 2974 licebit;
2938 2909 3031 2963 sed
3062 2911 3213 2963 curvi
3248 2925 3370 2963 om-

102 2996 307 3065 χήλους
331 2998 510 3067 ὑμῶν,
545 2999 639 3052 καὶ
663 2999 724 3051 ού
752 2998 826 3069 μὴ
855 2999 1158 3070 πορευθῆτε
1187 2999 1336 3069 ὀρθοί
1361 3016 1375 3029 ο
1406 2998 1687 3067 ἐξαίφνης,

1795 3006 1925 3052 nino
1975 3001 2265 3055 manebitis
2292 3008 2348 3055 et
2393 3001 2560 3055 humo
2598 3003 2756 3071 proni
2796 3002 2898 3056 sub
2930 3002 3375 3056 incumbentium

100 3088 187 3140 ὅτι
221 3090 417 3160 καιρὸς
442 3091 675 3161 πονηρός
714 3092 879 3145 ἐστιν.
916 3110 933 3143 ι
978 3091 1148 3160 ’Υπὲρ
1174 3090 1237 3161 δὴ
1282 3090 1486 3143 τούτων
1532 3089 1685 3159 ὑμῶν

1793 3092 2059 3144 malorum
2098 3090 2354 3161 pondere.

100 3180 215 3234 τῶν
240 3199 302 3234 τε
355 3182 738 3252 βουλευμάτων
780 3184 873 3236 καὶ
897 3184 1003 3236 τῶν
1041 3182 1292 3253 πράξεων
1342 3181 1594 3252 τοιαύτην
1627 3183 1754 3253 ὑμῖν
1781 3182 1983 3235 ὲποίσω
2009 3183 2300 3254 τιμωρίαν,
2342 3184 2435 3252 ἀφ’
2463 3179 2531 3255 ἧς
2575 3184 2699 3237 οὐδὲ
2740 3186 3033 3239 ἀνανεῦσαι
3067 3184 3193 3255 ὑμῖν
3219 3186 3375 3239 ἐστατ

99 3274 361 3329 δυνατόν’
407 3273 710 3342 διαμενείτε
749 3272 805 3325 δὲ
856 3272 1299 3343 συγκεκαμμένοι
1334 3270 1610 3335 παντελῶς
1674 3271 1768 3324 καὶ
1798 3271 1946 3325 κάτω
1989 3272 2235 3336 νεύοντες
2278 3273 2383 3326 ὑπὸ
2428 3273 2521 3327 τοῦ
2560 3275 2822 3344 μεγέθους
2861 3276 2970 3328 τῶν
3008 3278 3381 3347 ἐπικειμένων·

102 3384 312 3420 κακῶν.

178 3460 332 3529 Στίχ.
364 3455 427 3522 δ’,
451 3462 512 3509 ε’.
539 3484 611 3495 -
649 3472 666 3505 ι
709 3453 798 3507 Ἑν
822 3456 887 3524 τῇ
925 3453 1111 3524 ἡμέρα
1148 3452 1329 3524 ἐκείνῃ
1354 3450 1688 3523 ληφθήσεται

99 3552 194 3622 ἐφ’
237 3551 390 3621 ὑμᾶς
451 3545 736 3618 παραϐολὴ
785 3546 881 3598 καὶ
912 3544 1314 3616 θρηνηθήσεται
1370 3542 1585 3615 θρῆνος,
1631 3544 1690 3595 ὲν

104 3644 266 3716 μέλει
291 3642 580 3709 λεγόντωνο
623 3637 978 3708 Ταλαιπωρία
1012 3636 1558 3707 ὲταλαιπωρήσαμεν,
1593 3650 1691 3705 με·

104 3740 192 3803 ρ’ἰς
229 3734 366 3789 λαοῦ
398 3751 499 3805 μου
536 3730 919 3802 κατεμετρήθη
950 3731 1023 3798 (p.
1054 3729 1180 3798 270)
1213 3731 1269 3782 ὲν
1314 3726 1559 3799 σχοινίῳ·
1596 3726 1692 3779 καὶ

99 3830 207 3883 οὐκ
246 3822 321 3898 ἦν
354 3828 383 3878 ὁ
416 3824 675 3877 κωλύσων
706 3822 867 3874 αὐτὸν
905 3819 999 3873 τοῦ
1038 3820 1411 3889 ἀποστρέψαι’
1440 3821 1488 3871 οί
1531 3817 1692 3890 ἀγροὶ

105 3920 263 3988 ὑμῶν
294 3916 752 3987 διεμετρήθησαν.
786 3932 805 3966 ι
842 3913 977 3966 Τότε
1010 3911 1076 3983 δὴ
1110 3910 1305 3983 θρῆνος
1337 3913 1463 3982 ὑμῖν
1500 3910 1692 3981 ὀδυνηο

109 4014 201 4081 ρος
219 4010 480 4080 ἁρμόσειθ
499 4007 561 4059 τὸ
579 4007 687 4077 γὰρ
714 4025 732 4056 ι
752 4008 808 4057 έν
831 4004 980 4076 μέλει
1004 4023 1022 4054 ι
1046 4004 1202 4057 τοῦτο
1224 4004 1391 4072 λέγει.
1420 4005 1518 4057 Ὃν
1540 4004 1693 4073 ποιήε-

110 4102 269 4155 σεσθε
284 4100 381 4171 τὴν
397 4099 607 4152 ἑαυτῶν
622 4098 648 4149 θ
658 4096 939 4169 ρηνοῦντες
950 4096 1577 4167 ταλαιπωρίαν,ὁρῶντες
1590 4095 1689 4166 τὴν

111 4190 305 4261 μερίδα
349 4188 449 4257 τὴν
474 4186 700 4251 οἰκείαν,
732 4187 974 4239 τουτέστι
1006 4185 1103 4257 τὴν
1134 4187 1262 4255 ὑμῖν
1306 4186 1687 4257 προσήκουσαν

107 4280 209 4349 γῆν
238 4278 348 4331 ὑπὸ
392 4275 688 4346 ἀλλοτρίων
736 4274 1106 4345 κατεχομένην
1143 4292 1201 4328 τε
1246 4277 1344 4329 καὶ
1379 4276 1688 4348 διαιρουμέ-

108 4388 205 4440 νην
227 4368 448 4431 οὐδενὸς
462 4368 613 4430 ὄντος
642 4366 735 4420 τοῦ
767 4366 994 4420 κωλύειν
1014 4366 1186 4420 ταῦτα
1214 4368 1511 4439 γιγνόμενα
1530 4370 1685 4423 δυνα-

1865 3448 2033 3504 Vsus.
2064 3450 2119 3514 4,
2158 3451 2212 3504 5.
2247 3480 2316 3489 —
2351 3467 2369 3501 ι
2410 3450 2504 3503 Illa
2536 3450 2626 3505 die
2665 3459 2911 3505 sumetur
2956 3466 3120 3520 super
3152 3468 3249 3506 vos
3274 3469 3373 3521 pa-

1795 3540 2004 3601 rabola,
2043 3547 2097 3594 et
2136 3540 2388 3608 planctus
2423 3541 2708 3610 plangetnr
2732 3541 2786 3594 in
2823 3542 3061 3604 cantico.
3087 3543 3321 3599 dicendo
3352 3566 3366 3600 :

1796 3632 2013 3686 Miseria
2044 3633 2229 3686 miseri
2271 3632 2395 3685 facti
2428 3648 2618 3687 sumus
2646 3652 2658 3687 :
2696 3649 2820 3702 pars
2864 3634 3048 3703 populi
3085 3636 3188 3689 mei
3220 3635 3370 3691 funi-

1796 3724 1920 3779 culo
1950 3722 2196 3777 dimensa
2234 3732 2336 3785 est,
2389 3736 2442 3777 et
2473 3739 2580 3777 non
2624 3733 2740 3778 erat
2767 3724 2861 3793 qui
2896 3724 3205 3793 prohiberet
3243 3742 3365 3780 eum

1791 3826 1851 3870 ut
1887 3822 2240 3870 averteretur.
2271 3815 2397 3884 Agri
2449 3815 2612 3869 vestri
2672 3814 2831 3869 divisi
2872 3814 3113 3870 fuerunt.
3156 3835 3174 3867 ι
3208 3816 3367 3870 Tum:

1788 3920 1886 3959 vos
1917 3904 2111 3957 acerba
2148 3902 2458 3960 lamentatio
2483 3902 2730 3958 decebit:
2755 3919 2877 3959 nam
2910 3924 2927 3956 ι
2951 3903 3217 3959 canticum
3241 3924 3258 3957 ι
3311 3907 3365 3961 id

1789 3996 2030 4059 denotat,
2087 3995 2232 4063 quod
2261 3996 2553 4050 cantabitis
2592 4003 2829 4050 vestram
2868 3996 3212 4066 deplorantes
3266 4000 3368 4052 mi-

1790 4087 2010 4150 seriam,
2052 4085 2357 4156 portioncm
2391 4097 2628 4140 vestram
2679 4086 2949 4152 videntes,
2986 4088 3037 4142 id
3065 4097 3150 4143 est
3197 4090 3364 4143 vestri

1790 4180 1931 4249 juris
1964 4180 2257 4250 regionem,
2308 4177 2376 4231 ab
2421 4178 2613 4231 alienis
2665 4188 2982 4248 occupatam
3020 4188 3184 4248 atque
3226 4182 3369 4236 divi-

1794 4287 1933 4335 sam,
1974 4270 2193 4325 nemine
2238 4268 2292 4323 id
2347 4270 2635 4337 prohibere
2664 4271 2913 4336 valente;
2948 4281 3002 4325 et
3033 4287 3193 4342 agros
3224 4288 3383 4340 quos

1793 4372 2156 4435 praepotentcr
2189 4362 2576 4426 obtinueratis,
2612 4362 2769 4417 vobis
2792 4370 3009 4431 ereptos
3051 4372 3359 4423 cernentes,

112 4464 293 4531 μένου,
310 4462 440 4525 τούς
458 4480 515 4517 τε
527 4461 726 4534 ἀγροὺς
738 4460 889 4529 ὑμῶν
904 4459 997 4523 οὒς
1016 4464 1078 4514 ἐκ
1101 4461 1409 4526 πλεονεξίας
1433 4470 1688 4538 κατεσχή-

1795 4464 1849 4509 et
1884 4455 2021 4508 alios
2081 4453 2333 4507 dominos
2385 4460 2566 4507 vestra
2627 4452 2729 4506 sibi
2786 4454 3103 4521 partientes.
3160 4452 3366 4508 Deinde

109 4572 266 4620 κατε,
281 4552 519 4623 ὁρῶντες
536 4553 565 4604 ὑ
574 4552 687 4621 μῶν
713 4553 809 4622 μὲν
828 4553 1281 4623 ἀφαιρουμένους,
1302 4554 1359 4605 ὲν
1381 4554 1609 4631 διανομῇ
1635 4561 1692 4615 δὲ

106 4646 321 4715 ἑτέροις
350 4643 828 4714 παραδιδομένους.
850 4640 984 4697 Εἶτα
1006 4646 1199 4714 ἐπάγει
1220 4662 1233 4675 ·
1270 4647 1399 4700 (Διὰ
1420 4647 1578 4702 τοῦτο
1593 4653 1694 4705 οὐκ

107 4739 264 4791 ἔσται
297 4755 381 4790 σοι
408 4737 616 4807 βάλλων
645 4738 876 4807 σχοινίον
900 4739 1107 4809 κλήρῳ.
1142 4757 1160 4790 ι
1210 4738 1427 4812 Ἐπειδὴ
1462 4743 1523 4795 τὺ
1551 4761 1695 4814 σχοι-

107 4829 221 4881 νίον
249 4830 347 4881 ἐπὶ
376 4828 479 4897 τῆς
506 4828 912 4900 διαμετρήσεως
943 4829 1101 4881 εἴωθε
1130 4828 1329 4897 λέγειν,
1356 4832 1462 4885 ἀπὸ
1493 4832 1602 4885 τῶν
1635 4837 1693 4887 ἐν

102 4920 187 4990 τῷ
210 4924 432 4991 μετρεῖν
465 4924 575 4984 τιῖς
596 4922 825 4991 σχοίνοις
840 4922 1193 4992 κεχρημένων
1212 4937 1226 4952 °
1250 4922 1322 4986 ὼς
1340 4924 1415 4977 ὅτ’
1433 4925 1498 4978 ἂν
1521 4924 1653 4995 λέγῃ
1673 4944 1687 4957 ο

112 5031 131 5062 ι
155 5012 380 5081 Σχοινία
405 5012 672 5065 ἐπέπεσόν
699 5029 789 5083 μοι
817 5014 873 5066 ὲν
890 5016 1002 5075 τοῖς
1031 5014 1363 5082 κρατίστοις·
1387 5034 1404 5065 ι
1427 5016 1510 5068 ἵνα
1539 5017 1688 5090 εἴπῃ,

103 5105 191 5155 ὃτι
221 5103 563 5175 Διεμετρήθη
608 5122 697 5173 μοι
725 5105 820 5157 καὶ
860 5105 1122 5174 ὲπέλαχεν
1154 5107 1211 5158 ὲν
1243 5105 1428 5177 κλήρῳ
1465 5108 1524 5160 τὸ
1553 5108 1686 5161 κάλ-

104 5193 288 5246 λιστον
333 5192 501 5261 μέρος
536 5194 634 5264 τῆς
667 5193 804 5264 γῆς’
837 5196 994 5248 τοῦτο
1034 5194 1201 5263 λέγει,
1241 5196 1323 5249 ὅτι
1355 5196 1587 5266 Ὄψεσθε
1618 5198 1690 5251 τὰ

103 5286 353 5356 ὑμέτερα
406 5286 625 5359 ἑτέρους
665 5285 763 5357 μὲν
796 5286 1171 5357 λαμϐάνοντας
1208 5288 1301 5340 καὶ
1328 5287 1689 5359 ,διαμετροῦν-

101 5392 225 5439 τας,
256 5376 524 5445 ὑμέτερον
545 5377 599 5429 δὲ
631 5377 687 5443 ἐξ
720 5377 972 5430 ἁπάντων
1001 5378 1242 5447 ὑπάρχον
1275 5377 1453 5430 οὐδέν·
1480 5380 1537 5430 ὲν
1560 5378 1686 5447 ὑμῖν

101 5462 197 5519 οὖν
221 5468 399 5529 οὐδεὶς
420 5468 572 5520 ἔσται
599 5469 830 5540 μετρῶν,
856 5469 974 5523 οὐδὲ
999 5466 1203 5553 κλῆρον
1230 5467 1437 5523 ϐάλλων
1454 5486 1466 5495 ·
1499 5468 1685 5540 ἐπειδὴ

166 5646 213 5677 ⁸⁸
247 5643 393 5701 Psal.
433 5660 520 5711 xv,
547 5645 603 5704 6.

1793 4547 1942 4603 addit
1969 4563 1986 4599 :
2021 4565 2040 4598 ι
2086 4544 2210 4601 Ideo
2240 4560 2347 4599 non
2386 4545 2490 4598 erit
2518 4543 2672 4598 vobis
2700 4545 2910 4610 jaciens
2942 4546 2995 4599 in
3048 4545 3366 4602 haereditate

1792 4637 2117 4692 funiculum.
2182 4654 2200 4685 ι
2254 4634 2521 4700 Quoniam
2575 4633 2850 4687 funiculus
2920 4633 2973 4686 in
3024 4634 3367 4689 dimensione

1790 4730 1895 4783 dici
1929 4729 2086 4786 solet.
2143 4727 2268 4793 quia
2299 4726 2391 4778 illo
2426 4733 2655 4778 utuntur
2701 4724 2950 4779 homines
2972 4723 3038 4778 ad
3068 4726 3363 4780 dimetien-

1790 4824 1951 4885 dum;
1984 4819 2129 4871 velut
2158 4819 2234 4870 ait
2279 4815 2613 4871 Psalmista:
2653 4834 2670 4866 ι
2712 4814 2965 4869 Funiculi
2993 4815 3123 4869 mihi
3151 4817 3369 4871 cecide-

1791 4922 1920 4966 runt
1946 4910 2000 4963 in
2030 4909 2250 4978 optimis
2274 4908 2357 4971 ⁸ος
2424 4926 2442 4958 ι
2471 4921 2535 4960 ac
2600 4907 2644 4962 si
2671 4906 2847 4961 dicat:
2874 4905 3185 4961 Dimensum
3231 4906 3365 4960 mihi

1792 5006 1913 5069 fuit,
1943 5012 1997 5058 et
2022 5003 2227 5072 eptima
2250 5008 2408 5055 terrae
2432 5014 2558 5069 pars
2579 4998 2880 5052 haereditati
2908 4996 3135 5066 obtigit;
3158 4996 3369 5052 idcirco

1792 5097 1906 5151 ait:
1940 5095 2085 5148 Bona
2132 5103 2310 5148 vestra
2359 5090 2595 5145 cernetis
2636 5089 2705 5143 ab
2734 5088 2858 5143 aliis
2890 5088 3009 5157 capi
3045 5096 3208 5159 atque
3252 5089 3369 5143 dis-

1791 5186 2169 5255 tribui;vobis
2191 5195 2367 5238 autem
2403 5183 2538 5236 nihil
2578 5197 2701 5237 esse
2730 5180 3023 5250 reliquum.
3084 5178 3175 5233 Sic
3200 5180 3372 5250 igitur

1791 5294 1953 5335 nemo
1976 5279 2117 5331 inter
2137 5291 2236 5331 vos
2257 5276 2363 5329 erit
2390 5275 2481 5343 qui
2540 5272 2856 5327 dimetiatur
2895 5271 2977 5325 vel
3042 5280 3243 5325 sortem
3286 5272 3369 5339 ja—

1793 5371 1922 5434 ciat,
1945 5368 2070 5437 quia
2099 5375 2276 5420 vestra
2322 5364 2503 5416 omnia
2547 5361 2885 5422 auferentur,
2925 5369 2980 5415 ct
3008 5360 3183 5415 aliena
3216 5359 3367 5415 fient.

1794 5460 1926 5519 Vos.
1949 5461 2195 5531 inquam,
2222 5472 2287 5510 ex
2309 5463 2388 5510 tot
2407 5455 2605 5525 opibus
2631 5453 2837 5509 nullius
2860 5451 2935 5505 rei
2966 5451 3369 5521 possessionem
