  <div class='ocr_page' id='page_1' title='image "/cluster/home/n/w/nwhite01/storage/ocr_20150623/66/nnc1.0021886636/215.png"; bbox 0 0 3844 6222; ppageno 0'>
   <div class='ocr_carea' id='block_1_1' title="bbox 461 204 574 264">
    <p class='ocr_par' dir='ltr' id='par_1_1' title="bbox 461 204 574 264">
     <span class='ocr_line' id='line_1_1' title="bbox 461 204 574 264; baseline 0.018 -2"><span class='ocrx_word' id='word_1_1' title='bbox 461 204 574 264; x_wconf 71' lang='lat'><strong>355</strong></span> 
     </span>
    </p>
   </div>
   <div class='ocr_carea' id='block_1_2' title="bbox 1623 212 2488 270">
    <p class='ocr_par' dir='ltr' id='par_1_2' title="bbox 1623 212 2488 270">
     <span class='ocr_line' id='line_1_2' title="bbox 1623 212 2488 270; baseline -0.001 0"><span class='ocrx_word' id='word_1_2' title='bbox 1623 212 1970 270; x_wconf 78' lang='lat' dir='ltr'><strong>THEODORI</strong></span> <span class='ocrx_word' id='word_1_3' title='bbox 2007 212 2488 270; x_wconf 77' lang='lat' dir='ltr'><strong>MOPSUESTENI</strong></span> 
     </span>
    </p>
   </div>
   <div class='ocr_carea' id='block_1_3' title="bbox 3618 205 3724 266">
    <p class='ocr_par' dir='ltr' id='par_1_3' title="bbox 3618 205 3724 266">
     <span class='ocr_line' id='line_1_3' title="bbox 3618 205 3724 266; baseline -0.057 0"><span class='ocrx_word' id='word_1_4' title='bbox 3618 205 3724 266; x_wconf 67' lang='grc' dir='ltr'><strong>75ῗί6</strong></span> 
     </span>
    </p>
   </div>
   <div class='ocr_carea' id='block_1_4' title="bbox 462 321 2035 398">
    <p class='ocr_par' dir='ltr' id='par_1_4' title="bbox 462 321 2035 396">
     <span class='ocr_line' id='line_1_4' title="bbox 462 321 2035 396; baseline 0.004 -22"><span class='ocrx_word' id='word_1_5' title='bbox 462 321 792 383; x_wconf 74' lang='lat' dir='ltr'><strong>retinebitis.</strong></span> <span class='ocrx_word' id='word_1_6' title='bbox 822 322 916 378; x_wconf 88' lang='lat' dir='ltr'><strong>sed</strong></span> <span class='ocrx_word' id='word_1_7' title='bbox 942 323 1125 377; x_wconf 83' lang='lat' dir='ltr'><strong>omnia</strong></span> <span class='ocrx_word' id='word_1_8' title='bbox 1154 323 1207 376; x_wconf 93' lang='lat' dir='ltr'><strong>in</strong></span> <span class='ocrx_word' id='word_1_9' title='bbox 1244 323 1474 377; x_wconf 90' lang='lat' dir='ltr'><strong>aliorum</strong></span> <span class='ocrx_word' id='word_1_10' title='bbox 1508 325 1670 396; x_wconf 75' lang='lat'><strong>178</strong></span> <span class='ocrx_word' id='word_1_11' title='bbox 1699 327 2035 380; x_wconf 77' lang='lat' dir='ltr'><strong>dominatum</strong></span> 
     </span>
    </p>
   </div>
   <div class='ocr_carea' id='block_1_5' title="bbox 2141 321 3722 398">
    <p class='ocr_par' dir='ltr' id='par_1_5' title="bbox 2144 323 3722 398">
     <span class='ocr_line' id='line_1_5' title="bbox 2144 323 3722 398; baseline -0.003 -19"><span class='ocrx_word' id='word_1_12' title='bbox 2144 328 2324 382; x_wconf 85' lang='grc' dir='ltr'>πάντα</span> <span class='ocrx_word' id='word_1_13' title='bbox 2356 329 2454 398; x_wconf 82' lang='grc' dir='ltr'><strong>μὲν</strong></span> <span class='ocrx_word' id='word_1_14' title='bbox 2494 325 2647 398; x_wconf 83' lang='grc' dir='ltr'>ὑμῶν</span> <span class='ocrx_word' id='word_1_15' title='bbox 2689 325 3147 398; x_wconf 76' lang='grc' dir='ltr'>ἀφαιρηθήσεται.</span> <span class='ocrx_word' id='word_1_16' title='bbox 3197 323 3348 376; x_wconf 79' lang='grc' dir='ltr'>ἔσται</span> <span class='ocrx_word' id='word_1_17' title='bbox 3374 324 3429 377; x_wconf 79' lang='grc' dir='ltr'>δὲ</span> <span class='ocrx_word' id='word_1_18' title='bbox 3477 323 3722 395; x_wconf 88' lang='grc' dir='ltr'>ἐτέρων·</span> 
     </span>
    </p>
   </div>
   <div class='ocr_carea' id='block_1_6' title="bbox 459 411 2040 485">
    <p class='ocr_par' dir='ltr' id='par_1_6' title="bbox 459 411 2040 485">
     <span class='ocr_line' id='line_1_6' title="bbox 459 411 2040 485; baseline 0.004 -21"><span class='ocrx_word' id='word_1_19' title='bbox 459 411 700 466; x_wconf 82' lang='lat' dir='ltr'><strong>transire</strong></span> <span class='ocrx_word' id='word_1_20' title='bbox 724 411 976 467; x_wconf 74' lang='lat' dir='ltr'><strong>videbitis</strong></span> <span class='ocrx_word' id='word_1_21' title='bbox 1002 431 1014 466; x_wconf 89' lang='lat'><strong>:</strong></span> <span class='ocrx_word' id='word_1_22' title='bbox 1045 413 1203 472; x_wconf 86' lang='lat' dir='ltr'><strong>alios.</strong></span> <span class='ocrx_word' id='word_1_23' title='bbox 1260 413 1508 482; x_wconf 88' lang='lat' dir='ltr'><strong>inquam,</strong></span> <span class='ocrx_word' id='word_1_24' title='bbox 1559 429 1655 484; x_wconf 84' lang='lat' dir='ltr'><strong>pro</strong></span> <span class='ocrx_word' id='word_1_25' title='bbox 1681 431 1782 471; x_wconf 90' lang='lat' dir='ltr'><strong>suo</strong></span> <span class='ocrx_word' id='word_1_26' title='bbox 1815 418 2040 485; x_wconf 67' lang='lat' dir='ltr'><strong>quaesito</strong></span> 
     </span>
    </p>
   </div>
   <div class='ocr_carea' id='block_1_7' title="bbox 456 501 1527 572">
    <p class='ocr_par' dir='ltr' id='par_1_7' title="bbox 456 501 1527 572">
     <span class='ocr_line' id='line_1_7' title="bbox 456 501 1527 572; baseline 0.005 -16"><span class='ocrx_word' id='word_1_27' title='bbox 456 501 608 572; x_wconf 75' lang='lat' dir='ltr'><strong>jure,</strong></span> <span class='ocrx_word' id='word_1_28' title='bbox 633 505 770 559; x_wconf 90' lang='lat' dir='ltr'><strong>bona</strong></span> <span class='ocrx_word' id='word_1_29' title='bbox 795 513 974 560; x_wconf 88' lang='lat' dir='ltr'><strong>vestra</strong></span> <span class='ocrx_word' id='word_1_30' title='bbox 1003 506 1145 561; x_wconf 89' lang='lat' dir='ltr'><strong>inter</strong></span> <span class='ocrx_word' id='word_1_31' title='bbox 1176 522 1236 562; x_wconf 85' lang='lat' dir='ltr'><strong>se</strong></span> <span class='ocrx_word' id='word_1_32' title='bbox 1267 508 1527 562; x_wconf 90' lang='lat' dir='ltr'><strong>tribuere.</strong></span> 
     </span>
    </p>
   </div>
   <div class='ocr_carea' id='block_1_8' title="bbox 537 787 2041 852">
    <p class='ocr_par' dir='ltr' id='par_1_8' title="bbox 537 787 2041 852">
     <span class='ocr_line' id='line_1_8' title="bbox 537 787 2041 852; baseline 0.007 -11"><span class='ocrx_word' id='word_1_33' title='bbox 537 787 704 843; x_wconf 71' lang='lat' dir='ltr'><strong>Vens.</strong></span> <span class='ocrx_word' id='word_1_34' title='bbox 733 789 787 852; x_wconf 85' lang='lat'><strong>6,</strong></span> <span class='ocrx_word' id='word_1_35' title='bbox 815 789 864 845; x_wconf 92' lang='lat'><strong>7.</strong></span> <span class='ocrx_word' id='word_1_36' title='bbox 893 821 962 831; x_wconf 92' lang='lat'><strong>—-</strong></span> <span class='ocrx_word' id='word_1_37' title='bbox 1014 811 1032 842; x_wconf 78' lang='grc' dir='ltr'><strong>ι</strong></span> <span class='ocrx_word' id='word_1_38' title='bbox 1071 791 1126 846; x_wconf 90' lang='lat' dir='ltr'><strong>In</strong></span> <span class='ocrx_word' id='word_1_39' title='bbox 1158 791 1398 848; x_wconf 85' lang='lat' dir='ltr'><strong>Ecclesia</strong></span> <span class='ocrx_word' id='word_1_40' title='bbox 1456 792 1667 848; x_wconf 86' lang='lat' dir='ltr'>Domini</span> <span class='ocrx_word' id='word_1_41' title='bbox 1715 795 1882 850; x_wconf 91' lang='lat' dir='ltr'><strong>nolite</strong></span> <span class='ocrx_word' id='word_1_42' title='bbox 1913 795 2041 852; x_wconf 83' lang='lat' dir='ltr'><strong>ﬂere</strong></span> 
     </span>
    </p>
   </div>
   <div class='ocr_carea' id='block_1_9' title="bbox 463 881 2038 955">
    <p class='ocr_par' dir='ltr' id='par_1_9' title="bbox 463 881 2038 955">
     <span class='ocr_line' id='line_1_9' title="bbox 463 881 2038 955; baseline 0.005 -22"><span class='ocrx_word' id='word_1_43' title='bbox 463 881 743 949; x_wconf 72' lang='lat' dir='ltr'><strong>lacrym-is,</strong></span> <span class='ocrx_word' id='word_1_44' title='bbox 772 897 949 950; x_wconf 90' lang='lat' dir='ltr'><strong>neque</strong></span> <span class='ocrx_word' id='word_1_45' title='bbox 977 883 1346 954; x_wconf 82' lang='lat' dir='ltr'><strong>lacrymentur</strong></span> <span class='ocrx_word' id='word_1_46' title='bbox 1375 901 1540 955; x_wconf 79' lang='lat' dir='ltr'><strong>super</strong></span> <span class='ocrx_word' id='word_1_47' title='bbox 1593 887 1710 950; x_wconf 87' lang='lat' dir='ltr'><strong>his;</strong></span> <span class='ocrx_word' id='word_1_48' title='bbox 1746 904 1850 941; x_wconf 86' lang='lat' dir='ltr'><strong>non</strong></span> <span class='ocrx_word' id='word_1_49' title='bbox 1894 890 2038 943; x_wconf 84' lang='lat' dir='ltr'><strong>enim</strong></span> 
     </span>
    </p>
   </div>
   <div class='ocr_carea' id='block_1_10' title="bbox 464 972 2038 1042">
    <p class='ocr_par' dir='ltr' id='par_1_10' title="bbox 464 972 2038 1042">
     <span class='ocr_line' id='line_1_10' title="bbox 464 972 2038 1042; baseline 0.008 -20"><span class='ocrx_word' id='word_1_50' title='bbox 464 972 686 1036; x_wconf 77' lang='lat' dir='ltr'><strong>alijiriet</strong></span> <span class='ocrx_word' id='word_1_51' title='bbox 731 974 1021 1041; x_wconf 89' lang='lat' dir='ltr'><strong>opprobria</strong></span> <span class='ocrx_word' id='word_1_52' title='bbox 1055 976 1146 1042; x_wconf 88' lang='lat' dir='ltr'><strong>qui</strong></span> <span class='ocrx_word' id='word_1_53' title='bbox 1171 975 1304 1028; x_wconf 80' lang='lat' dir='ltr'><strong>dicit</strong></span> <span class='ocrx_word' id='word_1_54' title='bbox 1348 994 1360 1030; x_wconf 94' lang='lat'>:</span> <span class='ocrx_word' id='word_1_55' title='bbox 1395 976 1595 1032; x_wconf 89' lang='lat' dir='ltr'><strong>Domus</strong></span> <span class='ocrx_word' id='word_1_56' title='bbox 1622 977 1790 1034; x_wconf 83' lang='lat' dir='ltr'><strong>Jacob</strong></span> <span class='ocrx_word' id='word_1_57' title='bbox 1813 980 1878 1034; x_wconf 86' lang='lat' dir='ltr'><strong>ad</strong></span> <span class='ocrx_word' id='word_1_58' title='bbox 1904 981 2038 1035; x_wconf 86' lang='lat' dir='ltr'><strong>iram</strong></span> 
     </span>
    </p>
   </div>
   <div class='ocr_carea' id='block_1_11' title="bbox 463 1061 2040 1136">
    <p class='ocr_par' dir='ltr' id='par_1_11' title="bbox 463 1061 2040 1136">
     <span class='ocr_line' id='line_1_11' title="bbox 463 1061 2040 1136; baseline 0.009 -26"><span class='ocrx_word' id='word_1_59' title='bbox 463 1061 778 1127; x_wconf 84' lang='lat' dir='ltr'><strong>provocavit</strong></span> <span class='ocrx_word' id='word_1_60' title='bbox 804 1062 1065 1131; x_wconf 85' lang='lat' dir='ltr'><strong>Spiritum</strong></span> <span class='ocrx_word' id='word_1_61' title='bbox 1094 1062 1330 1118; x_wconf 81' lang='lat' dir='ltr'><strong>Domini.</strong></span> <span class='ocrx_word' id='word_1_62' title='bbox 1372 1084 1390 1116; x_wconf 73' lang='grc' dir='ltr'><strong>ι</strong></span> <span class='ocrx_word' id='word_1_63' title='bbox 1422 1064 1600 1120; x_wconf 81' lang='lat' dir='ltr'><strong>Nolite</strong></span> <span class='ocrx_word' id='word_1_64' title='bbox 1633 1083 1764 1136; x_wconf 81' lang='lat' dir='ltr'><strong>ergo</strong></span> <span class='ocrx_word' id='word_1_65' title='bbox 1787 1069 1839 1122; x_wconf 92' lang='lat' dir='ltr'><strong>in</strong></span> <span class='ocrx_word' id='word_1_66' title='bbox 1883 1071 2040 1124; x_wconf 73' lang='lat' dir='ltr'><strong>coeti-</strong></span> 
     </span>
    </p>
   </div>
   <div class='ocr_carea' id='block_1_12' title="bbox 463 1147 2039 1223">
    <p class='ocr_par' dir='ltr' id='par_1_12' title="bbox 463 1147 2039 1223">
     <span class='ocr_line' id='line_1_12' title="bbox 463 1147 2039 1223; baseline 0.008 -21"><span class='ocrx_word' id='word_1_67' title='bbox 463 1147 567 1203; x_wconf 87' lang='lat' dir='ltr'><strong>bus</strong></span> <span class='ocrx_word' id='word_1_68' title='bbox 599 1151 798 1205; x_wconf 84' lang='lat' dir='ltr'><strong>vestris</strong></span> <span class='ocrx_word' id='word_1_69' title='bbox 825 1151 1114 1223; x_wconf 87' lang='lat' dir='ltr'><strong>lacrymari</strong></span> <span class='ocrx_word' id='word_1_70' title='bbox 1138 1153 1258 1209; x_wconf 88' lang='lat' dir='ltr'><strong>sine</strong></span> <span class='ocrx_word' id='word_1_71' title='bbox 1301 1156 1640 1223; x_wconf 65' lang='lat' dir='ltr'><strong>paenitentia,</strong></span> <span class='ocrx_word' id='word_1_72' title='bbox 1670 1157 1764 1212; x_wconf 88' lang='lat' dir='ltr'><strong>sed</strong></span> <span class='ocrx_word' id='word_1_73' title='bbox 1793 1159 2039 1215; x_wconf 85' lang='lat' dir='ltr'><strong>dolentes</strong></span> 
     </span>
    </p>
   </div>
   <div class='ocr_carea' id='block_1_13' title="bbox 463 1242 2040 1318">
    <p class='ocr_par' dir='ltr' id='par_1_13' title="bbox 463 1242 2040 1318">
     <span class='ocr_line' id='line_1_13' title="bbox 463 1242 2040 1318; baseline 0.008 -27"><span class='ocrx_word' id='word_1_74' title='bbox 463 1243 840 1296; x_wconf 73' lang='lat' dir='ltr'><strong>tantummodo</strong></span> <span class='ocrx_word' id='word_1_75' title='bbox 872 1242 940 1298; x_wconf 90' lang='lat' dir='ltr'><strong>de</strong></span> <span class='ocrx_word' id='word_1_76' title='bbox 970 1245 1235 1298; x_wconf 89' lang='lat' dir='ltr'><strong>malorum</strong></span> <span class='ocrx_word' id='word_1_77' title='bbox 1266 1257 1570 1300; x_wconf 87' lang='lat' dir='ltr'><strong>vestrorum</strong></span> <span class='ocrx_word' id='word_1_78' title='bbox 1617 1250 1885 1318; x_wconf 78' lang='lat' dir='ltr'><strong>gravitate</strong></span> <span class='ocrx_word' id='word_1_79' title='bbox 1936 1267 1952 1306; x_wconf 89' lang='lat'><strong>:</strong></span> <span class='ocrx_word' id='word_1_80' title='bbox 1985 1259 2040 1306; x_wconf 83' lang='lat' dir='ltr'><strong>et</strong></span> 
     </span>
    </p>
   </div>
   <div class='ocr_carea' id='block_1_14' title="bbox 460 1331 2035 1406">
    <p class='ocr_par' dir='ltr' id='par_1_14' title="bbox 460 1331 2035 1406">
     <span class='ocr_line' id='line_1_14' title="bbox 460 1331 2035 1406; baseline 0.009 -24"><span class='ocrx_word' id='word_1_81' title='bbox 460 1345 586 1383; x_wconf 88' lang='lat' dir='ltr'><strong>cum</strong></span> <span class='ocrx_word' id='word_1_82' title='bbox 634 1331 742 1386; x_wconf 91' lang='lat' dir='ltr'><strong>Deo</strong></span> <span class='ocrx_word' id='word_1_83' title='bbox 784 1335 1178 1402; x_wconf 84' lang='lat' dir='ltr'><strong>propemodum</strong></span> <span class='ocrx_word' id='word_1_84' title='bbox 1243 1339 1660 1406; x_wconf 82' lang='lat' dir='ltr'><strong>expostulando,</strong></span> <span class='ocrx_word' id='word_1_85' title='bbox 1717 1341 1960 1396; x_wconf 80' lang='lat' dir='ltr'><strong>dicentes</strong></span> <span class='ocrx_word' id='word_1_86' title='bbox 2021 1359 2035 1396; x_wconf 88' lang='lat'><strong>:</strong></span> 
     </span>
    </p>
   </div>
   <div class='ocr_carea' id='block_1_15' title="bbox 463 1419 2038 1498">
    <p class='ocr_par' dir='ltr' id='par_1_15' title="bbox 463 1419 2038 1498">
     <span class='ocr_line' id='line_1_15' title="bbox 463 1419 2038 1498; baseline 0.01 -26"><span class='ocrx_word' id='word_1_87' title='bbox 463 1419 582 1474; x_wconf 62' lang='lat' dir='ltr'><strong>Non</strong></span> <span class='ocrx_word' id='word_1_88' title='bbox 627 1437 730 1477; x_wconf 87' lang='lat' dir='ltr'><strong>nos</strong></span> <span class='ocrx_word' id='word_1_89' title='bbox 758 1425 856 1477; x_wconf 92' lang='lat' dir='ltr'><strong>soli</strong></span> <span class='ocrx_word' id='word_1_90' title='bbox 895 1422 1061 1478; x_wconf 89' lang='lat' dir='ltr'><strong>Deum</strong></span> <span class='ocrx_word' id='word_1_91' title='bbox 1114 1425 1469 1490; x_wconf 78' lang='lat' dir='ltr'><strong>irritavimus,</strong></span> <span class='ocrx_word' id='word_1_92' title='bbox 1495 1445 1670 1498; x_wconf 86' lang='lat' dir='ltr'><strong>neque</strong></span> <span class='ocrx_word' id='word_1_93' title='bbox 1708 1447 1806 1486; x_wconf 91' lang='lat' dir='ltr'><strong>nos</strong></span> <span class='ocrx_word' id='word_1_94' title='bbox 1830 1441 2038 1487; x_wconf 90' lang='lat' dir='ltr'><strong>tantum</strong></span> 
     </span>
    </p>
   </div>
   <div class='ocr_carea' id='block_1_16' title="bbox 461 1515 2040 1590">
    <p class='ocr_par' dir='ltr' id='par_1_16' title="bbox 461 1515 2040 1590">
     <span class='ocr_line' id='line_1_16' title="bbox 461 1515 2040 1590; baseline 0.006 -25"><span class='ocrx_word' id='word_1_95' title='bbox 461 1527 498 1581; x_wconf 85' lang='lat' dir='ltr'><strong>p</strong></span> <span class='ocrx_word' id='word_1_96' title='bbox 527 1526 626 1566; x_wconf 84' lang='lat' dir='ltr'><strong>ave</strong></span> <span class='ocrx_word' id='word_1_97' title='bbox 678 1529 777 1568; x_wconf 89' lang='lat' dir='ltr'><strong>nos</strong></span> <span class='ocrx_word' id='word_1_98' title='bbox 815 1516 1101 1582; x_wconf 72' lang='lat' dir='ltr'><strong>gessimus.</strong></span> <span class='ocrx_word' id='word_1_99' title='bbox 1142 1515 1281 1581; x_wconf 85' lang='lat' dir='ltr'><strong>Quid</strong></span> <span class='ocrx_word' id='word_1_100' title='bbox 1311 1517 1333 1570; x_wconf 91' lang='lat'><strong>?</strong></span> <span class='ocrx_word' id='word_1_101' title='bbox 1376 1518 1572 1572; x_wconf 58' lang='lat' dir='ltr'><strong>Creteri</strong></span> <span class='ocrx_word' id='word_1_102' title='bbox 1601 1520 1817 1588; x_wconf 87' lang='lat' dir='ltr'><strong>quidem</strong></span> <span class='ocrx_word' id='word_1_103' title='bbox 1851 1537 1950 1590; x_wconf 90' lang='lat' dir='ltr'><strong>pro</strong></span> <span class='ocrx_word' id='word_1_104' title='bbox 1975 1523 2040 1575; x_wconf 85' lang='lat' dir='ltr'><strong>li-</strong></span> 
     </span>
    </p>
   </div>
   <div class='ocr_carea' id='block_1_17' title="bbox 462 1601 2038 1676">
    <p class='ocr_par' dir='ltr' id='par_1_17' title="bbox 462 1601 2038 1676">
     <span class='ocr_line' id='line_1_17' title="bbox 462 1601 2038 1676; baseline 0.004 -21"><span class='ocrx_word' id='word_1_105' title='bbox 462 1601 576 1656; x_wconf 88' lang='lat' dir='ltr'><strong>bilo</strong></span> <span class='ocrx_word' id='word_1_106' title='bbox 613 1617 710 1658; x_wconf 88' lang='lat' dir='ltr'><strong>nos</strong></span> <span class='ocrx_word' id='word_1_107' title='bbox 745 1613 964 1666; x_wconf 76' lang='lat' dir='ltr'><strong>vexant,</strong></span> <span class='ocrx_word' id='word_1_108' title='bbox 986 1619 1084 1659; x_wconf 90' lang='lat' dir='ltr'><strong>nos</strong></span> <span class='ocrx_word' id='word_1_109' title='bbox 1107 1619 1233 1658; x_wconf 90' lang='lat' dir='ltr'><strong>vero</strong></span> <span class='ocrx_word' id='word_1_110' title='bbox 1254 1605 1354 1659; x_wconf 90' lang='lat' dir='ltr'><strong>soli</strong></span> <span class='ocrx_word' id='word_1_111' title='bbox 1381 1607 1624 1674; x_wconf 86' lang='lat' dir='ltr'><strong>passivi?</strong></span> <span class='ocrx_word' id='word_1_112' title='bbox 1652 1607 1814 1676; x_wconf 79' lang='lat' dir='ltr'><strong>Atqui</strong></span> <span class='ocrx_word' id='word_1_113' title='bbox 1845 1623 1909 1661; x_wconf 79' lang='lat' dir='ltr'><strong>ex</strong></span> <span class='ocrx_word' id='word_1_114' title='bbox 1953 1609 2038 1664; x_wconf 85' lang='lat' dir='ltr'><strong>his</strong></span> 
     </span>
    </p>
   </div>
   <div class='ocr_carea' id='block_1_18' title="bbox 2141 413 3725 487">
    <p class='ocr_par' dir='ltr' id='par_1_18' title="bbox 2141 413 3725 487">
     <span class='ocr_line' id='line_1_18' title="bbox 2141 413 3725 487; baseline -0.001 -18"><span class='ocrx_word' id='word_1_115' title='bbox 2141 419 2233 470; x_wconf 67' lang='grc' dir='ltr'><strong>καὶ</strong></span> <span class='ocrx_word' id='word_1_116' title='bbox 2279 419 2435 486; x_wconf 82' lang='grc' dir='ltr'>ὑμεῖς</span> <span class='ocrx_word' id='word_1_117' title='bbox 2473 416 2574 487; x_wconf 83' lang='grc' dir='ltr'><strong>μὲν</strong></span> <span class='ocrx_word' id='word_1_118' title='bbox 2619 418 2683 469; x_wconf 84' lang='grc' dir='ltr'><strong>ἐκ</strong></span> <span class='ocrx_word' id='word_1_119' title='bbox 2730 415 2941 468; x_wconf 80' lang='grc' dir='ltr'>πολλῶν</span> <span class='ocrx_word' id='word_1_120' title='bbox 2995 414 3286 486; x_wconf 76' lang='grc' dir='ltr'><strong>κτημάτων</strong></span> <span class='ocrx_word' id='word_1_121' title='bbox 3321 413 3505 466; x_wconf 76' lang='grc' dir='ltr'>ἔσεσθε</span> <span class='ocrx_word' id='word_1_122' title='bbox 3547 414 3725 486; x_wconf 86' lang='grc' dir='ltr'>κύριοι</span> 
     </span>
    </p>
   </div>
   <div class='ocr_carea' id='block_1_19' title="bbox 2139 505 3724 577">
    <p class='ocr_par' dir='ltr' id='par_1_19' title="bbox 2139 505 3724 577">
     <span class='ocr_line' id='line_1_19' title="bbox 2139 505 3724 577; baseline -0.003 -17"><span class='ocrx_word' id='word_1_123' title='bbox 2139 507 2378 571; x_wconf 80' lang='grc' dir='ltr'>οὐδενὸς,</span> <span class='ocrx_word' id='word_1_124' title='bbox 2418 510 2502 576; x_wconf 85' lang='lat' dir='ltr'><strong>(p.</strong></span> <span class='ocrx_word' id='word_1_125' title='bbox 2544 507 2682 577; x_wconf 70' lang='lat'><strong>27!)</strong></span> <span class='ocrx_word' id='word_1_126' title='bbox 2722 506 2921 577; x_wconf 74' lang='grc' dir='ltr'>ὄψεσθε</span> <span class='ocrx_word' id='word_1_127' title='bbox 2967 507 3024 560; x_wconf 83' lang='grc' dir='ltr'><strong>δέ</strong></span> <span class='ocrx_word' id='word_1_128' title='bbox 3059 506 3199 560; x_wconf 80' lang='grc' dir='ltr'>αὐτὰ</span> <span class='ocrx_word' id='word_1_129' title='bbox 3230 505 3335 558; x_wconf 73' lang='grc' dir='ltr'>ὑπὸ</span> <span class='ocrx_word' id='word_1_130' title='bbox 3377 505 3476 576; x_wconf 79' lang='grc' dir='ltr'><strong>τὴν</strong></span> <span class='ocrx_word' id='word_1_131' title='bbox 3519 507 3724 576; x_wconf 87' lang='grc' dir='ltr'>ἐτέρων</span> 
     </span>
    </p>
   </div>
   <div class='ocr_carea' id='block_1_20' title="bbox 2140 596 3726 670">
    <p class='ocr_par' dir='ltr' id='par_1_20' title="bbox 2140 596 3726 670">
     <span class='ocr_line' id='line_1_20' title="bbox 2140 596 3726 670; baseline -0.002 -18"><span class='ocrx_word' id='word_1_132' title='bbox 2140 600 2436 670; x_wconf 87' lang='grc' dir='ltr'>γιγνόμενα</span> <span class='ocrx_word' id='word_1_133' title='bbox 2454 600 2770 653; x_wconf 81' lang='grc' dir='ltr'>δεσποτείαν</span> <span class='ocrx_word' id='word_1_134' title='bbox 2790 641 2805 665; x_wconf 89' lang='grc'><strong>,</strong></span> <span class='ocrx_word' id='word_1_135' title='bbox 2830 599 2923 652; x_wconf 77' lang='grc' dir='ltr'><strong>καὶ</strong></span> <span class='ocrx_word' id='word_1_136' title='bbox 2947 598 3167 669; x_wconf 86' lang='grc' dir='ltr'>ἐτέρους</span> <span class='ocrx_word' id='word_1_137' title='bbox 3195 598 3317 650; x_wconf 72' lang='grc' dir='ltr'>κατ’</span> <span class='ocrx_word' id='word_1_138' title='bbox 3338 596 3590 663; x_wconf 73' lang='grc' dir='ltr'><strong>ἐξουσίαν</strong></span> <span class='ocrx_word' id='word_1_139' title='bbox 3615 597 3726 650; x_wconf 81' lang='grc' dir='ltr'>δια·</span> 
     </span>
    </p>
   </div>
   <div class='ocr_carea' id='block_1_21' title="bbox 2143 689 2868 761">
    <p class='ocr_par' dir='ltr' id='par_1_21' title="bbox 2143 689 2868 761">
     <span class='ocr_line' id='line_1_21' title="bbox 2143 689 2868 761; baseline -0.001 -19"><span class='ocrx_word' id='word_1_140' title='bbox 2143 691 2477 760; x_wconf 81' lang='grc' dir='ltr'><strong>νεμομένους</strong></span> <span class='ocrx_word' id='word_1_141' title='bbox 2507 690 2573 743; x_wconf 83' lang='grc' dir='ltr'>τὰ</span> <span class='ocrx_word' id='word_1_142' title='bbox 2609 689 2868 761; x_wconf 89' lang='grc' dir='ltr'>ὑμέτερα.</span> 
     </span>
    </p>
   </div>
   <div class='ocr_carea' id='block_1_22' title="bbox 2212 779 3725 851">
    <p class='ocr_par' dir='ltr' id='par_1_22' title="bbox 2212 779 3725 851">
     <span class='ocr_line' id='line_1_22' title="bbox 2212 779 3725 851; baseline -0.001 -19"><span class='ocrx_word' id='word_1_143' title='bbox 2212 781 2357 851; x_wconf 89' lang='grc' dir='ltr'>Στίχ.</span> <span class='ocrx_word' id='word_1_144' title='bbox 2386 788 2459 845; x_wconf 81' lang='grc' dir='ltr'>ς’,</span> <span class='ocrx_word' id='word_1_145' title='bbox 2483 779 2546 844; x_wconf 76' lang='grc' dir='ltr'><strong>ζ’.</strong></span> <span class='ocrx_word' id='word_1_146' title='bbox 2566 811 2630 820; x_wconf 91' lang='lat'><strong>—</strong></span> <span class='ocrx_word' id='word_1_147' title='bbox 2658 799 2677 832; x_wconf 77' lang='grc' dir='ltr'><strong>ι</strong></span> <span class='ocrx_word' id='word_1_148' title='bbox 2700 782 2786 833; x_wconf 84' lang='grc' dir='ltr'>Ἐν</span> <span class='ocrx_word' id='word_1_149' title='bbox 2820 779 3111 850; x_wconf 75' lang='grc' dir='ltr'>Ἐκκλησία</span> <span class='ocrx_word' id='word_1_150' title='bbox 3136 781 3339 850; x_wconf 77' lang='grc' dir='ltr'>Κυρίου</span> <span class='ocrx_word' id='word_1_151' title='bbox 3365 779 3439 850; x_wconf 77' lang='grc' dir='ltr'>μὴ</span> <span class='ocrx_word' id='word_1_152' title='bbox 3457 779 3725 848; x_wconf 76' lang='grc' dir='ltr'><strong>δακρύετε</strong></span> 
     </span>
    </p>
   </div>
   <div class='ocr_carea' id='block_1_23' title="bbox 2139 869 3726 944">
    <p class='ocr_par' dir='ltr' id='par_1_23' title="bbox 2139 869 3726 944">
     <span class='ocr_line' id='line_1_23' title="bbox 2139 869 3726 944; baseline -0.003 -19"><span class='ocrx_word' id='word_1_153' title='bbox 2139 872 2420 943; x_wconf 87' lang='grc' dir='ltr'>δάκρυσιν,</span> <span class='ocrx_word' id='word_1_154' title='bbox 2473 872 2608 944; x_wconf 85' lang='grc' dir='ltr'><strong>μηδέ</strong></span> <span class='ocrx_word' id='word_1_155' title='bbox 2656 871 3038 943; x_wconf 87' lang='grc' dir='ltr'>δακρυέτωσαν</span> <span class='ocrx_word' id='word_1_156' title='bbox 3087 871 3178 924; x_wconf 81' lang='grc' dir='ltr'><strong>ἐπὶ</strong></span> <span class='ocrx_word' id='word_1_157' title='bbox 3227 870 3467 932; x_wconf 82' lang='grc' dir='ltr'><strong>τούτοις·</strong></span> <span class='ocrx_word' id='word_1_158' title='bbox 3509 870 3568 922; x_wconf 84' lang='grc' dir='ltr'><strong>οὑ</strong></span> <span class='ocrx_word' id='word_1_159' title='bbox 3612 869 3726 938; x_wconf 77' lang='grc' dir='ltr'>γὰρ</span> 
     </span>
    </p>
   </div>
   <div class='ocr_carea' id='block_1_24' title="bbox 2141 959 3728 1033">
    <p class='ocr_par' dir='ltr' id='par_1_24' title="bbox 2141 959 3728 1033">
     <span class='ocr_line' id='line_1_24' title="bbox 2141 959 3728 1033; baseline -0.003 -16"><span class='ocrx_word' id='word_1_160' title='bbox 2141 964 2422 1017; x_wconf 79' lang='grc' dir='ltr'><strong>ἀπώσεται</strong></span> <span class='ocrx_word' id='word_1_161' title='bbox 2449 964 2624 1033; x_wconf 82' lang='grc' dir='ltr'>ὀνείδη</span> <span class='ocrx_word' id='word_1_162' title='bbox 2661 963 2863 1030; x_wconf 80' lang='grc' dir='ltr'>λέγων·</span> <span class='ocrx_word' id='word_1_163' title='bbox 2906 959 3067 1026; x_wconf 77' lang='grc' dir='ltr'>Οἶκος</span> <span class='ocrx_word' id='word_1_164' title='bbox 3107 962 3300 1015; x_wconf 82' lang='grc' dir='ltr'>Ἰακὼϐ</span> <span class='ocrx_word' id='word_1_165' title='bbox 3371 960 3728 1032; x_wconf 87' lang='grc' dir='ltr'>παρὼργισεν</span> 
     </span>
    </p>
   </div>
   <div class='ocr_carea' id='block_1_25' title="bbox 2141 1052 3726 1126">
    <p class='ocr_par' dir='ltr' id='par_1_25' title="bbox 2141 1052 3726 1126">
     <span class='ocr_line' id='line_1_25' title="bbox 2141 1052 3726 1126; baseline -0.003 -18"><span class='ocrx_word' id='word_1_166' title='bbox 2141 1055 2365 1125; x_wconf 83' lang='grc' dir='ltr'>Πνεῦμα</span> <span class='ocrx_word' id='word_1_167' title='bbox 2421 1055 2665 1126; x_wconf 84' lang='grc' dir='ltr'><strong>Κυρίου.</strong></span> <span class='ocrx_word' id='word_1_168' title='bbox 2710 1073 2730 1106; x_wconf 72' lang='grc' dir='ltr'><strong>ι</strong></span> <span class='ocrx_word' id='word_1_169' title='bbox 2782 1053 2876 1124; x_wconf 82' lang='grc' dir='ltr'><strong>Μὴ</strong></span> <span class='ocrx_word' id='word_1_170' title='bbox 2932 1055 3111 1106; x_wconf 85' lang='grc' dir='ltr'>τοίνυν</span> <span class='ocrx_word' id='word_1_171' title='bbox 3170 1055 3443 1116; x_wconf 85' lang='grc' dir='ltr'>συνιόντες</span> <span class='ocrx_word' id='word_1_172' title='bbox 3489 1052 3726 1123; x_wconf 84' lang='grc' dir='ltr'>δάκρυσι</span> 
     </span>
    </p>
   </div>
   <div class='ocr_carea' id='block_1_26' title="bbox 2140 1143 3727 1218">
    <p class='ocr_par' dir='ltr' id='par_1_26' title="bbox 2140 1143 3727 1218">
     <span class='ocr_line' id='line_1_26' title="bbox 2140 1143 3727 1218; baseline -0.003 -18"><span class='ocrx_word' id='word_1_173' title='bbox 2140 1148 2411 1218; x_wconf 72' lang='grc' dir='ltr'><strong>κέχρησθε</strong></span> <span class='ocrx_word' id='word_1_174' title='bbox 2457 1149 2519 1200; x_wconf 84' lang='grc' dir='ltr'><strong>οὑ</strong></span> <span class='ocrx_word' id='word_1_175' title='bbox 2565 1145 2946 1216; x_wconf 80' lang='grc' dir='ltr'>μεταμελείας.</span> <span class='ocrx_word' id='word_1_176' title='bbox 2985 1145 3100 1199; x_wconf 84' lang='grc' dir='ltr'>ἀλλ’</span> <span class='ocrx_word' id='word_1_177' title='bbox 3141 1144 3433 1213; x_wconf 76' lang='grc' dir='ltr'>ἀλγοῦντες</span> <span class='ocrx_word' id='word_1_178' title='bbox 3488 1145 3586 1215; x_wconf 82' lang='grc' dir='ltr'>μὲν</span> <span class='ocrx_word' id='word_1_179' title='bbox 3628 1143 3727 1196; x_wconf 77' lang='grc' dir='ltr'>ἐπὶ</span> 
     </span>
    </p>
   </div>
   <div class='ocr_carea' id='block_1_27' title="bbox 2139 1235 3726 1308">
    <p class='ocr_par' dir='ltr' id='par_1_27' title="bbox 2139 1235 3726 1308">
     <span class='ocr_line' id='line_1_27' title="bbox 2139 1235 3726 1308; baseline -0.003 -18"><span class='ocrx_word' id='word_1_180' title='bbox 2139 1238 2217 1308; x_wconf 84' lang='grc' dir='ltr'>τῷ</span> <span class='ocrx_word' id='word_1_181' title='bbox 2250 1239 2470 1308; x_wconf 85' lang='grc' dir='ltr'>μεγέθει</span> <span class='ocrx_word' id='word_1_182' title='bbox 2500 1238 2608 1291; x_wconf 89' lang='grc' dir='ltr'><strong>τῶν</strong></span> <span class='ocrx_word' id='word_1_183' title='bbox 2646 1237 3068 1308; x_wconf 90' lang='grc' dir='ltr'>συμϐεϐηκότων</span> <span class='ocrx_word' id='word_1_184' title='bbox 3115 1237 3245 1308; x_wconf 87' lang='grc' dir='ltr'>ὑμῖν</span> <span class='ocrx_word' id='word_1_185' title='bbox 3273 1236 3479 1296; x_wconf 85' lang='grc' dir='ltr'>κακῶν,</span> <span class='ocrx_word' id='word_1_186' title='bbox 3519 1235 3726 1306; x_wconf 78' lang='grc' dir='ltr'>τρόπον</span> 
     </span>
    </p>
   </div>
   <div class='ocr_carea' id='block_1_28' title="bbox 2138 1323 3724 1398">
    <p class='ocr_par' dir='ltr' id='par_1_28' title="bbox 2138 1323 3724 1398">
     <span class='ocr_line' id='line_1_28' title="bbox 2138 1323 3724 1398; baseline -0.003 -18"><span class='ocrx_word' id='word_1_187' title='bbox 2138 1327 2197 1380; x_wconf 86' lang='grc' dir='ltr'><strong>δέ</strong></span> <span class='ocrx_word' id='word_1_188' title='bbox 2238 1345 2355 1380; x_wconf 89' lang='grc' dir='ltr'>τινα</span> <span class='ocrx_word' id='word_1_189' title='bbox 2392 1329 2486 1380; x_wconf 75' lang='grc' dir='ltr'>καὶ</span> <span class='ocrx_word' id='word_1_190' title='bbox 2529 1327 2766 1381; x_wconf 88' lang='grc' dir='ltr'>αἰτίασιν</span> <span class='ocrx_word' id='word_1_191' title='bbox 2817 1327 3181 1398; x_wconf 82' lang='grc' dir='ltr'>προσάγοντες</span> <span class='ocrx_word' id='word_1_192' title='bbox 3211 1325 3289 1396; x_wconf 84' lang='grc' dir='ltr'><strong>τῷ</strong></span> <span class='ocrx_word' id='word_1_193' title='bbox 3320 1325 3460 1394; x_wconf 82' lang='grc' dir='ltr'>Θεῷ,</span> <span class='ocrx_word' id='word_1_194' title='bbox 3486 1324 3580 1378; x_wconf 72' lang='grc' dir='ltr'><strong>καὶ</strong></span> <span class='ocrx_word' id='word_1_195' title='bbox 3629 1323 3724 1375; x_wconf 87' lang='grc' dir='ltr'><strong>λέ-</strong></span> 
     </span>
    </p>
   </div>
   <div class='ocr_carea' id='block_1_29' title="bbox 2139 1416 3726 1490">
    <p class='ocr_par' dir='ltr' id='par_1_29' title="bbox 2139 1416 3726 1490">
     <span class='ocr_line' id='line_1_29' title="bbox 2139 1416 3726 1490; baseline -0.003 -18"><span class='ocrx_word' id='word_1_196' title='bbox 2139 1437 2349 1488; x_wconf 89' lang='grc' dir='ltr'>γοντες,</span> <span class='ocrx_word' id='word_1_197' title='bbox 2372 1421 2452 1472; x_wconf 83' lang='grc' dir='ltr'><strong>ὅτι</strong></span> <span class='ocrx_word' id='word_1_198' title='bbox 2475 1422 2586 1490; x_wconf 85' lang='grc' dir='ltr'><strong>Οὑχ</strong></span> <span class='ocrx_word' id='word_1_199' title='bbox 2606 1421 2766 1490; x_wconf 80' lang='grc' dir='ltr'>ἡμεῖς</span> <span class='ocrx_word' id='word_1_200' title='bbox 2796 1421 2954 1490; x_wconf 91' lang='grc' dir='ltr'>μόνον</span> <span class='ocrx_word' id='word_1_201' title='bbox 2976 1419 3108 1473; x_wconf 79' lang='grc' dir='ltr'>Θεὸν</span> <span class='ocrx_word' id='word_1_202' title='bbox 3131 1417 3582 1490; x_wconf 82' lang='grc' dir='ltr'>παρωργίσαμεν,</span> <span class='ocrx_word' id='word_1_203' title='bbox 3597 1416 3726 1469; x_wconf 72' lang='grc' dir='ltr'>οὐδὲ</span> 
     </span>
    </p>
   </div>
   <div class='ocr_carea' id='block_1_30' title="bbox 2142 1506 3724 1582">
    <p class='ocr_par' dir='ltr' id='par_1_30' title="bbox 2142 1506 3724 1582">
     <span class='ocr_line' id='line_1_30' title="bbox 2142 1506 3724 1582; baseline -0.005 -18"><span class='ocrx_word' id='word_1_204' title='bbox 2142 1513 2269 1582; x_wconf 80' lang='grc' dir='ltr'>παρ’</span> <span class='ocrx_word' id='word_1_205' title='bbox 2315 1511 2473 1581; x_wconf 75' lang='grc' dir='ltr'>ἡμῶν</span> <span class='ocrx_word' id='word_1_206' title='bbox 2503 1511 2676 1580; x_wconf 87' lang='grc' dir='ltr'>μόνων</span> <span class='ocrx_word' id='word_1_207' title='bbox 2716 1509 2786 1562; x_wconf 89' lang='grc' dir='ltr'><strong>τά</strong></span> <span class='ocrx_word' id='word_1_208' title='bbox 2825 1510 3002 1563; x_wconf 79' lang='grc' dir='ltr'>ἄτοπα</span> <span class='ocrx_word' id='word_1_209' title='bbox 3052 1509 3388 1579; x_wconf 83' lang='grc' dir='ltr'>πέπρακται.</span> <span class='ocrx_word' id='word_1_210' title='bbox 3422 1507 3486 1558; x_wconf 88' lang='grc' dir='ltr'><strong>Τί</strong></span> <span class='ocrx_word' id='word_1_211' title='bbox 3529 1506 3724 1576; x_wconf 77' lang='grc' dir='ltr'>δήποτ’</span> 
     </span>
    </p>
   </div>
   <div class='ocr_carea' id='block_1_31' title="bbox 2140 1599 3725 1674">
    <p class='ocr_par' dir='ltr' id='par_1_31' title="bbox 2140 1599 3725 1674">
     <span class='ocr_line' id='line_1_31' title="bbox 2140 1599 3725 1674; baseline -0.004 -17"><span class='ocrx_word' id='word_1_212' title='bbox 2140 1600 2262 1668; x_wconf 78' lang='grc' dir='ltr'>οῦνς</span> <span class='ocrx_word' id='word_1_213' title='bbox 2295 1604 2472 1674; x_wconf 77' lang='grc' dir='ltr'>ἕτεροι</span> <span class='ocrx_word' id='word_1_214' title='bbox 2527 1603 2625 1674; x_wconf 83' lang='grc' dir='ltr'><strong>μὲν</strong></span> <span class='ocrx_word' id='word_1_215' title='bbox 2675 1601 2746 1654; x_wconf 89' lang='grc' dir='ltr'><strong>τά</strong></span> <span class='ocrx_word' id='word_1_216' title='bbox 2796 1600 3054 1655; x_wconf 87' lang='grc' dir='ltr'>δοκοῦντα</span> <span class='ocrx_word' id='word_1_217' title='bbox 3113 1600 3360 1653; x_wconf 90' lang='grc' dir='ltr'>ποιοῦσιν</span> <span class='ocrx_word' id='word_1_218' title='bbox 3411 1600 3490 1661; x_wconf 89' lang='grc' dir='ltr'><strong>εἰς</strong></span> <span class='ocrx_word' id='word_1_219' title='bbox 3541 1599 3725 1667; x_wconf 74' lang='grc' dir='ltr'>ἡμᾶς.</span> 
     </span>
    </p>
   </div>
   <div class='ocr_carea' id='block_1_32' title="bbox 460 1687 2035 1766">
    <p class='ocr_par' dir='ltr' id='par_1_32' title="bbox 460 1694 2033 1766">
     <span class='ocr_line' id='line_1_32' title="bbox 460 1694 2033 1766; baseline 0.004 -19"><span class='ocrx_word' id='word_1_220' title='bbox 460 1694 644 1748; x_wconf 83' lang='lat' dir='ltr'><strong>verbis</strong></span> <span class='ocrx_word' id='word_1_221' title='bbox 699 1694 902 1747; x_wconf 88' lang='lat' dir='ltr'><strong>nullam</strong></span> <span class='ocrx_word' id='word_1_222' title='bbox 956 1708 1050 1747; x_wconf 87' lang='lat' dir='ltr'><strong>vos</strong></span> <span class='ocrx_word' id='word_1_223' title='bbox 1117 1695 1400 1748; x_wconf 87' lang='lat' dir='ltr'><strong>utilitatem</strong></span> <span class='ocrx_word' id='word_1_224' title='bbox 1449 1697 1706 1765; x_wconf 85' lang='lat' dir='ltr'><strong>capietis;</strong></span> <span class='ocrx_word' id='word_1_225' title='bbox 1739 1712 1915 1766; x_wconf 89' lang='lat' dir='ltr'><strong>neque</strong></span> <span class='ocrx_word' id='word_1_226' title='bbox 1963 1699 2033 1752; x_wconf 91' lang='lat' dir='ltr'><strong>ob</strong></span> 
     </span>
    </p>
   </div>
   <div class='ocr_carea' id='block_1_33' title="bbox 2141 1687 3724 1766">
    <p class='ocr_par' dir='ltr' id='par_1_33' title="bbox 2141 1687 3724 1764">
     <span class='ocr_line' id='line_1_33' title="bbox 2141 1687 3724 1764; baseline -0.006 -18"><span class='ocrx_word' id='word_1_227' title='bbox 2141 1695 2294 1764; x_wconf 78' lang='grc' dir='ltr'>ἡμεῖς</span> <span class='ocrx_word' id='word_1_228' title='bbox 2320 1694 2378 1747; x_wconf 80' lang='grc' dir='ltr'>δὲ</span> <span class='ocrx_word' id='word_1_229' title='bbox 2406 1695 2685 1764; x_wconf 81' lang='grc' dir='ltr'>πάσχομεν</span> <span class='ocrx_word' id='word_1_230' title='bbox 2723 1691 2916 1761; x_wconf 85' lang='grc' dir='ltr'>μόνον;</span> <span class='ocrx_word' id='word_1_231' title='bbox 2945 1691 3080 1745; x_wconf 84' lang='grc' dir='ltr'>Οὑδὲ</span> <span class='ocrx_word' id='word_1_232' title='bbox 3107 1691 3216 1761; x_wconf 78' lang='grc' dir='ltr'><strong>γὰρ</strong></span> <span class='ocrx_word' id='word_1_233' title='bbox 3244 1688 3397 1742; x_wconf 79' lang='grc' dir='ltr'>ἐσται</span> <span class='ocrx_word' id='word_1_234' title='bbox 3428 1706 3502 1753; x_wconf 89' lang='grc' dir='ltr'><strong>τι,</strong></span> <span class='ocrx_word' id='word_1_235' title='bbox 3528 1687 3724 1757; x_wconf 71' lang='grc' dir='ltr'>φησὶν,</span> 
     </span>
    </p>
   </div>
   <div class='ocr_carea' id='block_1_34' title="bbox 463 1784 2036 1856">
    <p class='ocr_par' dir='ltr' id='par_1_34' title="bbox 463 1784 2036 1856">
     <span class='ocr_line' id='line_1_34' title="bbox 463 1784 2036 1856; baseline 0.001 -18"><span class='ocrx_word' id='word_1_236' title='bbox 463 1784 604 1840; x_wconf 87' lang='lat' dir='ltr'><strong>hanc</strong></span> <span class='ocrx_word' id='word_1_237' title='bbox 656 1786 930 1854; x_wconf 85' lang='lat' dir='ltr'><strong>querelam</strong></span> <span class='ocrx_word' id='word_1_238' title='bbox 979 1785 1221 1840; x_wconf 86' lang='lat' dir='ltr'><strong>vitabitis</strong></span> <span class='ocrx_word' id='word_1_239' title='bbox 1267 1787 1533 1840; x_wconf 89' lang='lat' dir='ltr'><strong>malorum</strong></span> <span class='ocrx_word' id='word_1_240' title='bbox 1585 1788 2036 1856; x_wconf 79' lang='lat' dir='ltr'><strong>experimentum,</strong></span> 
     </span>
    </p>
   </div>
   <div class='ocr_carea' id='block_1_35' title="bbox 459 1876 2040 1946">
    <p class='ocr_par' dir='ltr' id='par_1_35' title="bbox 459 1876 2040 1946">
     <span class='ocr_line' id='line_1_35' title="bbox 459 1876 2040 1946; baseline 0.002 -16"><span class='ocrx_word' id='word_1_241' title='bbox 459 1884 627 1945; x_wconf 84' lang='lat' dir='ltr'><strong>atque</strong></span> <span class='ocrx_word' id='word_1_242' title='bbox 649 1890 678 1928; x_wconf 87' lang='lat' dir='ltr'><strong>a</strong></span> <span class='ocrx_word' id='word_1_243' title='bbox 707 1876 1077 1931; x_wconf 84' lang='lat' dir='ltr'><strong>maledicendo</strong></span> <span class='ocrx_word' id='word_1_244' title='bbox 1098 1878 1169 1933; x_wconf 89' lang='lat' dir='ltr'><strong>ob</strong></span> <span class='ocrx_word' id='word_1_245' title='bbox 1203 1880 1636 1946; x_wconf 86' lang='lat' dir='ltr'><strong>supervenientia</strong></span> <span class='ocrx_word' id='word_1_246' title='bbox 1685 1879 1823 1932; x_wconf 90' lang='lat' dir='ltr'><strong>mala</strong></span> <span class='ocrx_word' id='word_1_247' title='bbox 1853 1895 2040 1935; x_wconf 85' lang='lat' dir='ltr'><strong>cessa-</strong></span> 
     </span>
    </p>
   </div>
   <div class='ocr_carea' id='block_1_36' title="bbox 461 1965 2042 2036">
    <p class='ocr_par' dir='ltr' id='par_1_36' title="bbox 461 1965 2042 2036">
     <span class='ocr_line' id='line_1_36' title="bbox 461 1965 2042 2036; baseline 0.003 -16"><span class='ocrx_word' id='word_1_248' title='bbox 461 1966 612 2021; x_wconf 89' lang='lat' dir='ltr'><strong>bitis.</strong></span> <span class='ocrx_word' id='word_1_249' title='bbox 654 1965 799 2028; x_wconf 72' lang='lat' dir='ltr'><strong>Haec,</strong></span> <span class='ocrx_word' id='word_1_250' title='bbox 842 1967 1039 2036; x_wconf 87' lang='lat' dir='ltr'><strong>inquit,</strong></span> <span class='ocrx_word' id='word_1_251' title='bbox 1077 1967 1246 2022; x_wconf 89' lang='lat' dir='ltr'><strong>nolite</strong></span> <span class='ocrx_word' id='word_1_252' title='bbox 1267 1966 1464 2023; x_wconf 82' lang='lat' dir='ltr'><strong>facere.</strong></span> <span class='ocrx_word' id='word_1_253' title='bbox 1507 1987 1526 2018; x_wconf 72' lang='grc' dir='ltr'><strong>ι</strong></span> <span class='ocrx_word' id='word_1_254' title='bbox 1569 1967 1624 2022; x_wconf 89' lang='lat' dir='ltr'><strong>Si</strong></span> <span class='ocrx_word' id='word_1_255' title='bbox 1658 1969 1740 2023; x_wconf 76' lang='lat' dir='ltr'><strong>hze</strong></span> <span class='ocrx_word' id='word_1_256' title='bbox 1768 1979 1898 2024; x_wconf 92' lang='lat' dir='ltr'><strong>sunt</strong></span> <span class='ocrx_word' id='word_1_257' title='bbox 1950 1986 2042 2024; x_wconf 90' lang='lat' dir='ltr'><strong>or-</strong></span> 
     </span>
    </p>
   </div>
   <div class='ocr_carea' id='block_1_37' title="bbox 461 2060 2038 2130">
    <p class='ocr_par' dir='ltr' id='par_1_37' title="bbox 461 2060 2038 2130">
     <span class='ocr_line' id='line_1_37' title="bbox 461 2060 2038 2130; baseline 0.001 -16"><span class='ocrx_word' id='word_1_258' title='bbox 461 2060 772 2114; x_wconf 91' lang='lat' dir='ltr'><strong>dinationes</strong></span> <span class='ocrx_word' id='word_1_259' title='bbox 795 2060 936 2128; x_wconf 81' lang='lat' dir='ltr'><strong>eius,</strong></span> <span class='ocrx_word' id='word_1_260' title='bbox 968 2076 1148 2113; x_wconf 82' lang='lat' dir='ltr'><strong>nonne</strong></span> <span class='ocrx_word' id='word_1_261' title='bbox 1170 2060 1295 2113; x_wconf 93' lang='lat' dir='ltr'><strong>boni</strong></span> <span class='ocrx_word' id='word_1_262' title='bbox 1320 2068 1447 2114; x_wconf 90' lang='lat' dir='ltr'><strong>sunt</strong></span> <span class='ocrx_word' id='word_1_263' title='bbox 1468 2077 1750 2116; x_wconf 87' lang='lat' dir='ltr'><strong>sermones</strong></span> <span class='ocrx_word' id='word_1_264' title='bbox 1767 2060 1888 2130; x_wconf 88' lang='lat' dir='ltr'><strong>ejus</strong></span> <span class='ocrx_word' id='word_1_265' title='bbox 1913 2078 2038 2116; x_wconf 92' lang='lat' dir='ltr'><strong>cum</strong></span> 
     </span>
    </p>
   </div>
   <div class='ocr_carea' id='block_1_38' title="bbox 462 2151 2038 2222">
    <p class='ocr_par' dir='ltr' id='par_1_38' title="bbox 462 2151 2038 2222">
     <span class='ocr_line' id='line_1_38' title="bbox 462 2151 2038 2222; baseline 0.001 -16"><span class='ocrx_word' id='word_1_266' title='bbox 462 2153 604 2222; x_wconf 86' lang='lat' dir='ltr'><strong>ipso,</strong></span> <span class='ocrx_word' id='word_1_267' title='bbox 636 2153 875 2222; x_wconf 88' lang='lat' dir='ltr'><strong>rectique</strong></span> <span class='ocrx_word' id='word_1_268' title='bbox 895 2151 1237 2222; x_wconf 88' lang='lat' dir='ltr'><strong>procedunt?</strong></span> <span class='ocrx_word' id='word_1_269' title='bbox 1263 2172 1279 2202; x_wconf 72' lang='grc' dir='ltr'><strong>ι</strong></span> <span class='ocrx_word' id='word_1_270' title='bbox 1305 2151 1438 2206; x_wconf 90' lang='lat' dir='ltr'><strong>Illud</strong></span> <span class='ocrx_word' id='word_1_271' title='bbox 1459 2154 1639 2222; x_wconf 87' lang='lat' dir='ltr'><strong>potius</strong></span> <span class='ocrx_word' id='word_1_272' title='bbox 1673 2153 2038 2216; x_wconf 87' lang='lat' dir='ltr'><strong>considerate,</strong></span> 
     </span>
    </p>
   </div>
   <div class='ocr_carea' id='block_1_39' title="bbox 462 2245 2038 2314">
    <p class='ocr_par' dir='ltr' id='par_1_39' title="bbox 462 2245 2038 2314">
     <span class='ocr_line' id='line_1_39' title="bbox 462 2245 2038 2314; baseline 0 -16"><span class='ocrx_word' id='word_1_273' title='bbox 462 2245 630 2299; x_wconf 89' lang='lat' dir='ltr'><strong>Deum</strong></span> <span class='ocrx_word' id='word_1_274' title='bbox 657 2245 749 2314; x_wconf 81' lang='lat' dir='ltr'><strong>qui</strong></span> <span class='ocrx_word' id='word_1_275' title='bbox 776 2245 902 2298; x_wconf 90' lang='lat' dir='ltr'><strong>talia</strong></span> <span class='ocrx_word' id='word_1_276' title='bbox 926 2245 1080 2299; x_wconf 88' lang='lat' dir='ltr'><strong>vobis</strong></span> <span class='ocrx_word' id='word_1_277' title='bbox 1114 2245 1318 2308; x_wconf 84' lang='lat' dir='ltr'><strong>intulit,</strong></span> <span class='ocrx_word' id='word_1_278' title='bbox 1343 2245 1476 2298; x_wconf 88' lang='lat' dir='ltr'><strong>nihil</strong></span> <span class='ocrx_word' id='word_1_279' title='bbox 1494 2245 1741 2299; x_wconf 88' lang='lat' dir='ltr'><strong>debitum</strong></span> <span class='ocrx_word' id='word_1_280' title='bbox 1763 2245 2038 2312; x_wconf 89' lang='lat' dir='ltr'><strong>omisisse;</strong></span> 
     </span>
    </p>
   </div>
   <div class='ocr_carea' id='block_1_40' title="bbox 461 2336 2041 2404">
    <p class='ocr_par' dir='ltr' id='par_1_40' title="bbox 461 2336 2041 2404">
     <span class='ocr_line' id='line_1_40' title="bbox 461 2336 2041 2404; baseline -0.001 -11"><span class='ocrx_word' id='word_1_281' title='bbox 461 2338 556 2393; x_wconf 86' lang='lat' dir='ltr'><strong>sed</strong></span> <span class='ocrx_word' id='word_1_282' title='bbox 583 2345 638 2392; x_wconf 93' lang='lat' dir='ltr'><strong>et</strong></span> <span class='ocrx_word' id='word_1_283' title='bbox 667 2337 876 2392; x_wconf 90' lang='lat' dir='ltr'><strong>idoneis</strong></span> <span class='ocrx_word' id='word_1_284' title='bbox 924 2338 1105 2392; x_wconf 84' lang='lat' dir='ltr'><strong>verbis</strong></span> <span class='ocrx_word' id='word_1_285' title='bbox 1159 2353 1256 2392; x_wconf 90' lang='lat' dir='ltr'><strong>vos</strong></span> <span class='ocrx_word' id='word_1_286' title='bbox 1287 2352 1411 2392; x_wconf 89' lang='lat' dir='ltr'><strong>esse</strong></span> <span class='ocrx_word' id='word_1_287' title='bbox 1453 2336 1775 2398; x_wconf 89' lang='lat' dir='ltr'><strong>allocutmn,</strong></span> <span class='ocrx_word' id='word_1_288' title='bbox 1806 2345 1863 2390; x_wconf 92' lang='lat' dir='ltr'><strong>et</strong></span> <span class='ocrx_word' id='word_1_289' title='bbox 1898 2351 2041 2404; x_wconf 64' lang='lat' dir='ltr'><strong>saepe</strong></span> 
     </span>
    </p>
   </div>
   <div class='ocr_carea' id='block_1_41' title="bbox 459 2427 2041 2498">
    <p class='ocr_par' dir='ltr' id='par_1_41' title="bbox 459 2427 2041 2498">
     <span class='ocr_line' id='line_1_41' title="bbox 459 2427 2041 2498; baseline 0.002 -18"><span class='ocrx_word' id='word_1_290' title='bbox 459 2427 694 2482; x_wconf 80' lang='lat' dir='ltr'><strong>ofﬁcium</strong></span> <span class='ocrx_word' id='word_1_291' title='bbox 741 2428 1014 2490; x_wconf 87' lang='lat' dir='ltr'><strong>docuisse,</strong></span> <span class='ocrx_word' id='word_1_292' title='bbox 1067 2438 1122 2482; x_wconf 84' lang='lat' dir='ltr'><strong>et</strong></span> <span class='ocrx_word' id='word_1_293' title='bbox 1167 2427 1361 2483; x_wconf 66' lang='lat' dir='ltr'><strong>futurae</strong></span> <span class='ocrx_word' id='word_1_294' title='bbox 1409 2443 1584 2497; x_wconf 67' lang='lat' dir='ltr'><strong>paenae</strong></span> <span class='ocrx_word' id='word_1_295' title='bbox 1627 2429 1980 2498; x_wconf 66' lang='lat' dir='ltr'><strong>praedictione</strong></span> <span class='ocrx_word' id='word_1_296' title='bbox 2010 2445 2041 2483; x_wconf 91' lang='lat' dir='ltr'><strong>a</strong></span> 
     </span>
    </p>
   </div>
   <div class='ocr_carea' id='block_1_42' title="bbox 461 2518 2045 2575">
    <p class='ocr_par' dir='ltr' id='par_1_42' title="bbox 461 2518 2045 2575">
     <span class='ocr_line' id='line_1_42' title="bbox 461 2518 2045 2575; baseline 0.001 -3"><span class='ocrx_word' id='word_1_297' title='bbox 461 2518 744 2574; x_wconf 77' lang='lat' dir='ltr'><strong>maleficiis</strong></span> <span class='ocrx_word' id='word_1_298' title='bbox 775 2535 873 2574; x_wconf 91' lang='lat' dir='ltr'><strong>vos</strong></span> <span class='ocrx_word' id='word_1_299' title='bbox 901 2519 1177 2575; x_wconf 84' lang='lat' dir='ltr'><strong>retrahere</strong></span> <span class='ocrx_word' id='word_1_300' title='bbox 1202 2519 1462 2574; x_wconf 90' lang='lat' dir='ltr'><strong>voluisse.</strong></span> <span class='ocrx_word' id='word_1_301' title='bbox 1511 2524 1580 2572; x_wconf 81' lang='lat' dir='ltr'><strong>At</strong></span> <span class='ocrx_word' id='word_1_302' title='bbox 1624 2534 1721 2574; x_wconf 91' lang='lat' dir='ltr'><strong>vos</strong></span> <span class='ocrx_word' id='word_1_303' title='bbox 1759 2519 1920 2573; x_wconf 82' lang='lat' dir='ltr'><strong>dictis</strong></span> <span class='ocrx_word' id='word_1_304' title='bbox 1953 2536 2045 2573; x_wconf 85' lang='lat' dir='ltr'><strong>au—</strong></span> 
     </span>
    </p>
   </div>
   <div class='ocr_carea' id='block_1_43' title="bbox 457 2610 2042 2677">
    <p class='ocr_par' dir='ltr' id='par_1_43' title="bbox 457 2610 2042 2677">
     <span class='ocr_line' id='line_1_43' title="bbox 457 2610 2042 2677; baseline 0 -12"><span class='ocrx_word' id='word_1_305' title='bbox 457 2611 697 2666; x_wconf 85' lang='lat' dir='ltr'><strong>scultare</strong></span> <span class='ocrx_word' id='word_1_306' title='bbox 731 2620 1046 2677; x_wconf 85' lang='lat' dir='ltr'><strong>renuentes,</strong></span> <span class='ocrx_word' id='word_1_307' title='bbox 1096 2611 1386 2666; x_wconf 85' lang='lat' dir='ltr'><strong>verborum</strong></span> <span class='ocrx_word' id='word_1_308' title='bbox 1423 2610 1516 2664; x_wconf 88' lang='lat' dir='ltr'><strong>Dei</strong></span> <span class='ocrx_word' id='word_1_309' title='bbox 1568 2611 1956 2667; x_wconf 89' lang='lat' dir='ltr'><strong>rectitudinem</strong></span> <span class='ocrx_word' id='word_1_310' title='bbox 1988 2623 2042 2665; x_wconf 91' lang='lat' dir='ltr'><strong>et</strong></span> 
     </span>
    </p>
   </div>
   <div class='ocr_carea' id='block_1_44' title="bbox 459 2702 2042 2773">
    <p class='ocr_par' dir='ltr' id='par_1_44' title="bbox 459 2702 2042 2773">
     <span class='ocr_line' id='line_1_44' title="bbox 459 2702 2042 2773; baseline 0.001 -17"><span class='ocrx_word' id='word_1_311' title='bbox 459 2702 768 2772; x_wconf 71' lang='lat' dir='ltr'><strong>aequitatem</strong></span> <span class='ocrx_word' id='word_1_312' title='bbox 791 2702 1081 2758; x_wconf 81' lang='lat' dir='ltr'><strong>manifeste</strong></span> <span class='ocrx_word' id='word_1_313' title='bbox 1113 2703 1538 2773; x_wconf 84' lang='lat' dir='ltr'><strong>comprobastis,</strong></span> <span class='ocrx_word' id='word_1_314' title='bbox 1581 2703 1673 2772; x_wconf 91' lang='lat' dir='ltr'><strong>qui</strong></span> <span class='ocrx_word' id='word_1_315' title='bbox 1708 2703 1885 2772; x_wconf 90' lang='lat' dir='ltr'><strong>primo</strong></span> <span class='ocrx_word' id='word_1_316' title='bbox 1916 2705 2042 2773; x_wconf 88' lang='lat' dir='ltr'><strong>qni-</strong></span> 
     </span>
    </p>
   </div>
   <div class='ocr_carea' id='block_1_45' title="bbox 2140 1777 3726 1853">
    <p class='ocr_par' dir='ltr' id='par_1_45' title="bbox 2140 1777 3726 1853">
     <span class='ocr_line' id='line_1_45' title="bbox 2140 1777 3726 1853; baseline -0.004 -17"><span class='ocrx_word' id='word_1_317' title='bbox 2140 1787 2205 1838; x_wconf 89' lang='grc' dir='ltr'><strong>ἐκ</strong></span> <span class='ocrx_word' id='word_1_318' title='bbox 2245 1783 2447 1836; x_wconf 88' lang='grc' dir='ltr'>τούτων</span> <span class='ocrx_word' id='word_1_319' title='bbox 2490 1783 2599 1836; x_wconf 86' lang='grc' dir='ltr'><strong>τῶν</strong></span> <span class='ocrx_word' id='word_1_320' title='bbox 2642 1782 2898 1853; x_wconf 78' lang='grc' dir='ltr'>ῥημάτων</span> <span class='ocrx_word' id='word_1_321' title='bbox 2931 1781 3120 1850; x_wconf 75' lang='grc' dir='ltr'>ὄφελος</span> <span class='ocrx_word' id='word_1_322' title='bbox 3151 1782 3310 1852; x_wconf 86' lang='grc' dir='ltr'>ὑμῖν,</span> <span class='ocrx_word' id='word_1_323' title='bbox 3343 1780 3465 1833; x_wconf 81' lang='grc' dir='ltr'>οὐδὲ</span> <span class='ocrx_word' id='word_1_324' title='bbox 3512 1782 3576 1832; x_wconf 86' lang='grc' dir='ltr'><strong>ἐκ</strong></span> <span class='ocrx_word' id='word_1_325' title='bbox 3616 1777 3726 1845; x_wconf 83' lang='grc' dir='ltr'>τῆς</span> 
     </span>
    </p>
   </div>
   <div class='ocr_carea' id='block_1_46' title="bbox 2141 1869 3727 1947">
    <p class='ocr_par' dir='ltr' id='par_1_46' title="bbox 2141 1869 3727 1947">
     <span class='ocr_line' id='line_1_46' title="bbox 2141 1869 3727 1947; baseline -0.006 -17"><span class='ocrx_word' id='word_1_326' title='bbox 2141 1877 2430 1941; x_wconf 81' lang='grc' dir='ltr'>αἰτιάσεως</span> <span class='ocrx_word' id='word_1_327' title='bbox 2473 1876 2678 1947; x_wconf 84' lang='grc' dir='ltr'>ταύτης</span> <span class='ocrx_word' id='word_1_328' title='bbox 2703 1874 3054 1944; x_wconf 68' lang='grc' dir='ltr'>διαφεύξεσθε</span> <span class='ocrx_word' id='word_1_329' title='bbox 3114 1875 3212 1944; x_wconf 84' lang='grc' dir='ltr'><strong>μὲν</strong></span> <span class='ocrx_word' id='word_1_330' title='bbox 3242 1873 3350 1925; x_wconf 90' lang='grc' dir='ltr'><strong>τῶν</strong></span> <span class='ocrx_word' id='word_1_331' title='bbox 3392 1871 3579 1926; x_wconf 84' lang='grc' dir='ltr'>κακῶν</span> <span class='ocrx_word' id='word_1_332' title='bbox 3620 1869 3727 1939; x_wconf 79' lang='grc' dir='ltr'>τὴν</span> 
     </span>
    </p>
   </div>
   <div class='ocr_carea' id='block_1_47' title="bbox 2141 1960 3726 2039">
    <p class='ocr_par' dir='ltr' id='par_1_47' title="bbox 2141 1960 3726 2039">
     <span class='ocr_line' id='line_1_47' title="bbox 2141 1960 3726 2039; baseline -0.006 -17"><span class='ocrx_word' id='word_1_333' title='bbox 2141 1973 2357 2039; x_wconf 86' lang='grc' dir='ltr'>πεῖραν,</span> <span class='ocrx_word' id='word_1_334' title='bbox 2386 1968 2659 2022; x_wconf 82' lang='grc' dir='ltr'>παύσεσθε</span> <span class='ocrx_word' id='word_1_335' title='bbox 2687 1968 2742 2021; x_wconf 84' lang='grc' dir='ltr'><strong>δέ</strong></span> <span class='ocrx_word' id='word_1_336' title='bbox 2770 1967 2860 2020; x_wconf 77' lang='grc' dir='ltr'><strong>ἐπὶ</strong></span> <span class='ocrx_word' id='word_1_337' title='bbox 2897 1970 3007 2031; x_wconf 87' lang='grc' dir='ltr'>τοῖς</span> <span class='ocrx_word' id='word_1_338' title='bbox 3039 1966 3440 2037; x_wconf 85' lang='grc' dir='ltr'>συμϐεϐηκόσιν</span> <span class='ocrx_word' id='word_1_339' title='bbox 3458 1960 3726 2026; x_wconf 76' lang='grc' dir='ltr'>ὀνειδιζό-</span> 
     </span>
    </p>
   </div>
   <div class='ocr_carea' id='block_1_48' title="bbox 2145 2055 3726 2131">
    <p class='ocr_par' dir='ltr' id='par_1_48' title="bbox 2145 2055 3726 2131">
     <span class='ocr_line' id='line_1_48' title="bbox 2145 2055 3726 2131; baseline -0.003 -18"><span class='ocrx_word' id='word_1_340' title='bbox 2145 2077 2294 2131; x_wconf 89' lang='grc' dir='ltr'>μενοι</span> <span class='ocrx_word' id='word_1_341' title='bbox 2337 2064 2559 2122; x_wconf 76' lang='grc' dir='ltr'>κακοίςο</span> <span class='ocrx_word' id='word_1_342' title='bbox 2589 2059 2758 2113; x_wconf 89' lang='grc' dir='ltr'>ταῦτα</span> <span class='ocrx_word' id='word_1_343' title='bbox 2802 2060 2903 2130; x_wconf 83' lang='grc' dir='ltr'>μὲν</span> <span class='ocrx_word' id='word_1_344' title='bbox 2926 2055 3038 2122; x_wconf 78' lang='grc' dir='ltr'>οὖν,</span> <span class='ocrx_word' id='word_1_345' title='bbox 3075 2058 3227 2127; x_wconf 74' lang='grc' dir='ltr'>φησί,</span> <span class='ocrx_word' id='word_1_346' title='bbox 3277 2058 3350 2127; x_wconf 85' lang='grc' dir='ltr'>μὴ</span> <span class='ocrx_word' id='word_1_347' title='bbox 3395 2057 3620 2107; x_wconf 84' lang='grc' dir='ltr'>ποιεῖτε.</span> <span class='ocrx_word' id='word_1_348' title='bbox 3651 2055 3726 2108; x_wconf 88' lang='grc' dir='ltr'>Τί</span> 
     </span>
    </p>
   </div>
   <div class='ocr_carea' id='block_1_49' title="bbox 2141 2147 3726 2223">
    <p class='ocr_par' dir='ltr' id='par_1_49' title="bbox 2141 2147 3726 2223">
     <span class='ocr_line' id='line_1_49' title="bbox 2141 2147 3726 2223; baseline -0.004 -17"><span class='ocrx_word' id='word_1_349' title='bbox 2141 2153 2233 2217; x_wconf 86' lang='grc' dir='ltr'>δέ;</span> <span class='ocrx_word' id='word_1_350' title='bbox 2275 2172 2292 2204; x_wconf 87' lang='grc' dir='ltr'><strong>ι</strong></span> <span class='ocrx_word' id='word_1_351' title='bbox 2327 2154 2390 2206; x_wconf 91' lang='grc' dir='ltr'>Εἰ</span> <span class='ocrx_word' id='word_1_352' title='bbox 2431 2152 2602 2206; x_wconf 89' lang='grc' dir='ltr'>ταῦτα</span> <span class='ocrx_word' id='word_1_353' title='bbox 2644 2151 3051 2223; x_wconf 83' lang='grc' dir='ltr'>ἐπιτηδεύματα</span> <span class='ocrx_word' id='word_1_354' title='bbox 3093 2151 3256 2204; x_wconf 86' lang='grc' dir='ltr'>αὑτοῦ</span> <span class='ocrx_word' id='word_1_355' title='bbox 3308 2151 3478 2210; x_wconf 82' lang='grc' dir='ltr'>ἐστιν,</span> <span class='ocrx_word' id='word_1_356' title='bbox 3511 2148 3631 2217; x_wconf 76' lang='grc' dir='ltr'>ούχὶ</span> <span class='ocrx_word' id='word_1_357' title='bbox 3666 2147 3726 2200; x_wconf 76' lang='grc' dir='ltr'>οι</span> 
     </span>
    </p>
   </div>
   <div class='ocr_carea' id='block_1_50' title="bbox 2142 2241 3728 2314">
    <p class='ocr_par' dir='ltr' id='par_1_50' title="bbox 2142 2241 3728 2314">
     <span class='ocr_line' id='line_1_50' title="bbox 2142 2241 3728 2314; baseline -0.002 -17"><span class='ocrx_word' id='word_1_358' title='bbox 2142 2245 2288 2314; x_wconf 90' lang='grc' dir='ltr'>λόγοι</span> <span class='ocrx_word' id='word_1_359' title='bbox 2316 2243 2481 2298; x_wconf 85' lang='grc' dir='ltr'>αὑτοῦ</span> <span class='ocrx_word' id='word_1_360' title='bbox 2512 2243 2668 2298; x_wconf 89' lang='grc' dir='ltr'>καλοί</span> <span class='ocrx_word' id='word_1_361' title='bbox 2705 2246 2809 2297; x_wconf 89' lang='grc' dir='ltr'>εἰσι</span> <span class='ocrx_word' id='word_1_362' title='bbox 2858 2244 2973 2314; x_wconf 81' lang='grc' dir='ltr'>μετ’</span> <span class='ocrx_word' id='word_1_363' title='bbox 3011 2242 3196 2304; x_wconf 87' lang='grc' dir='ltr'>αὑτοῦ,</span> <span class='ocrx_word' id='word_1_364' title='bbox 3229 2242 3322 2295; x_wconf 75' lang='grc' dir='ltr'><strong>καὶ</strong></span> <span class='ocrx_word' id='word_1_365' title='bbox 3353 2241 3503 2312; x_wconf 76' lang='grc' dir='ltr'>ὀρθοὶ</span> <span class='ocrx_word' id='word_1_366' title='bbox 3547 2241 3728 2294; x_wconf 84' lang='grc' dir='ltr'>πεπό-</span> 
     </span>
    </p>
   </div>
   <div class='ocr_carea' id='block_1_51' title="bbox 2145 2332 3728 2410">
    <p class='ocr_par' dir='ltr' id='par_1_51' title="bbox 2145 2332 3728 2410">
     <span class='ocr_line' id='line_1_51' title="bbox 2145 2332 3728 2410; baseline -0.003 -20"><span class='ocrx_word' id='word_1_367' title='bbox 2145 2355 2394 2410; x_wconf 87' lang='grc' dir='ltr'>ρευνται;</span> <span class='ocrx_word' id='word_1_368' title='bbox 2426 2357 2444 2389; x_wconf 66' lang='lat'><strong>9</strong></span> <span class='ocrx_word' id='word_1_369' title='bbox 2482 2338 2689 2390; x_wconf 80' lang='grc' dir='ltr'>Ἐκεῖνο</span> <span class='ocrx_word' id='word_1_370' title='bbox 2707 2336 2764 2390; x_wconf 84' lang='grc' dir='ltr'>δὲ</span> <span class='ocrx_word' id='word_1_371' title='bbox 2791 2335 2987 2406; x_wconf 79' lang='grc' dir='ltr'>μᾶλλον</span> <span class='ocrx_word' id='word_1_372' title='bbox 3009 2335 3369 2404; x_wconf 75' lang='grc' dir='ltr'>ἀποϐλέψατε.</span> <span class='ocrx_word' id='word_1_373' title='bbox 3387 2335 3468 2386; x_wconf 75' lang='grc' dir='ltr'>ὅτι</span> <span class='ocrx_word' id='word_1_374' title='bbox 3495 2335 3522 2386; x_wconf 81' lang='grc' dir='ltr'><strong>ό</strong></span> <span class='ocrx_word' id='word_1_375' title='bbox 3543 2332 3728 2386; x_wconf 87' lang='grc' dir='ltr'>ταῦτα</span> 
     </span>
    </p>
   </div>
   <div class='ocr_carea' id='block_1_52' title="bbox 2144 2427 3724 2498">
    <p class='ocr_par' dir='ltr' id='par_1_52' title="bbox 2144 2427 3724 2498">
     <span class='ocr_line' id='line_1_52' title="bbox 2144 2427 3724 2498; baseline -0.001 -17"><span class='ocrx_word' id='word_1_376' title='bbox 2144 2429 2365 2497; x_wconf 88' lang='grc' dir='ltr'>ἐπάγων</span> <span class='ocrx_word' id='word_1_377' title='bbox 2400 2431 2527 2498; x_wconf 90' lang='grc' dir='ltr'>ὑμῖν</span> <span class='ocrx_word' id='word_1_378' title='bbox 2557 2428 2710 2492; x_wconf 81' lang='grc' dir='ltr'>Θεὸς.</span> <span class='ocrx_word' id='word_1_379' title='bbox 2744 2427 2897 2481; x_wconf 85' lang='grc' dir='ltr'>οὑδέν</span> <span class='ocrx_word' id='word_1_380' title='bbox 2925 2427 3291 2498; x_wconf 89' lang='grc' dir='ltr'>παραλέλοιπε</span> <span class='ocrx_word' id='word_1_381' title='bbox 3326 2427 3432 2480; x_wconf 90' lang='grc' dir='ltr'><strong>τῶν</strong></span> <span class='ocrx_word' id='word_1_382' title='bbox 3458 2427 3687 2480; x_wconf 78' lang='grc' dir='ltr'>δεόντων</span> <span class='ocrx_word' id='word_1_383' title='bbox 3709 2447 3724 2458; x_wconf 87' lang='grc'><strong>·</strong></span> 
     </span>
    </p>
   </div>
   <div class='ocr_carea' id='block_1_53' title="bbox 2143 2519 3730 2591">
    <p class='ocr_par' dir='ltr' id='par_1_53' title="bbox 2143 2519 3730 2591">
     <span class='ocr_line' id='line_1_53' title="bbox 2143 2519 3730 2591; baseline -0.003 -16"><span class='ocrx_word' id='word_1_384' title='bbox 2143 2522 2278 2575; x_wconf 86' lang='grc' dir='ltr'><strong>ἀλλά</strong></span> <span class='ocrx_word' id='word_1_385' title='bbox 2324 2521 2418 2575; x_wconf 72' lang='grc' dir='ltr'><strong>καὶ</strong></span> <span class='ocrx_word' id='word_1_386' title='bbox 2467 2519 2648 2588; x_wconf 88' lang='grc' dir='ltr'>λόγοις</span> <span class='ocrx_word' id='word_1_387' title='bbox 2703 2521 2970 2591; x_wconf 84' lang='grc' dir='ltr'>ἐχρήσατο</span> <span class='ocrx_word' id='word_1_388' title='bbox 3022 2521 3133 2583; x_wconf 86' lang='grc' dir='ltr'>τοῖς</span> <span class='ocrx_word' id='word_1_389' title='bbox 3191 2520 3528 2591; x_wconf 84' lang='grc' dir='ltr'>προσήκουσι</span> <span class='ocrx_word' id='word_1_390' title='bbox 3582 2520 3730 2591; x_wconf 69' lang='grc' dir='ltr'>πρὸς</span> 
     </span>
    </p>
   </div>
   <div class='ocr_carea' id='block_1_54' title="bbox 2145 2611 3730 2685">
    <p class='ocr_par' dir='ltr' id='par_1_54' title="bbox 2145 2611 3730 2685">
     <span class='ocr_line' id='line_1_54' title="bbox 2145 2611 3730 2685; baseline -0.003 -17"><span class='ocrx_word' id='word_1_391' title='bbox 2145 2616 2316 2685; x_wconf 73' lang='grc' dir='ltr'>ὑμᾶς·</span> <span class='ocrx_word' id='word_1_392' title='bbox 2353 2615 2446 2667; x_wconf 79' lang='grc' dir='ltr'>καὶ</span> <span class='ocrx_word' id='word_1_393' title='bbox 2477 2611 2714 2678; x_wconf 81' lang='grc' dir='ltr'>ἐδίδαξεν</span> <span class='ocrx_word' id='word_1_394' title='bbox 2754 2613 2898 2682; x_wconf 82' lang='grc' dir='ltr'>ὑμᾶς</span> <span class='ocrx_word' id='word_1_395' title='bbox 2923 2611 3180 2674; x_wconf 86' lang='grc' dir='ltr'>πολλάκις</span> <span class='ocrx_word' id='word_1_396' title='bbox 3207 2611 3243 2664; x_wconf 79' lang='grc' dir='ltr'>ἃ.</span> <span class='ocrx_word' id='word_1_397' title='bbox 3278 2611 3359 2665; x_wconf 87' lang='grc' dir='ltr'><strong>δεῖ</strong></span> <span class='ocrx_word' id='word_1_398' title='bbox 3384 2614 3588 2665; x_wconf 84' lang='grc' dir='ltr'>ποιεῖν·</span> <span class='ocrx_word' id='word_1_399' title='bbox 3624 2613 3730 2665; x_wconf 77' lang='grc' dir='ltr'><strong>καὶ</strong></span> 
     </span>
    </p>
   </div>
   <div class='ocr_carea' id='block_1_55' title="bbox 2143 2703 3730 2776">
    <p class='ocr_par' dir='ltr' id='par_1_55' title="bbox 2143 2703 3730 2776">
     <span class='ocr_line' id='line_1_55' title="bbox 2143 2703 3730 2776; baseline -0.001 -17"><span class='ocrx_word' id='word_1_400' title='bbox 2143 2711 2209 2776; x_wconf 78' lang='grc' dir='ltr'>τῇ</span> <span class='ocrx_word' id='word_1_401' title='bbox 2249 2705 2476 2776; x_wconf 81' lang='grc' dir='ltr'>μηνύσει</span> <span class='ocrx_word' id='word_1_402' title='bbox 2505 2706 2604 2775; x_wconf 81' lang='grc' dir='ltr'><strong>τῆς</strong></span> <span class='ocrx_word' id='word_1_403' title='bbox 2640 2703 2938 2775; x_wconf 82' lang='grc' dir='ltr'>μελλούσης</span> <span class='ocrx_word' id='word_1_404' title='bbox 2984 2705 3250 2774; x_wconf 82' lang='grc' dir='ltr'>τιμωρίας</span> <span class='ocrx_word' id='word_1_405' title='bbox 3291 2703 3602 2774; x_wconf 80' lang='grc' dir='ltr'>ἀποστῆσαι</span> <span class='ocrx_word' id='word_1_406' title='bbox 3622 2705 3730 2774; x_wconf 85' lang='grc' dir='ltr'><strong>τῆς</strong></span> 
     </span>
    </p>
   </div>
   <div class='ocr_carea' id='block_1_56' title="bbox 458 2791 2035 2868">
    <p class='ocr_par' dir='ltr' id='par_1_56' title="bbox 458 2791 2035 2864">
     <span class='ocr_line' id='line_1_56' title="bbox 458 2791 2035 2864; baseline 0.001 -17"><span class='ocrx_word' id='word_1_407' title='bbox 458 2791 584 2847; x_wconf 87' lang='lat' dir='ltr'><strong>dem</strong></span> <span class='ocrx_word' id='word_1_408' title='bbox 617 2792 909 2848; x_wconf 79' lang='lat' dir='ltr'><strong>euiendare</strong></span> <span class='ocrx_word' id='word_1_409' title='bbox 927 2809 1026 2849; x_wconf 92' lang='lat' dir='ltr'><strong>vos</strong></span> <span class='ocrx_word' id='word_1_410' title='bbox 1054 2793 1226 2848; x_wconf 86' lang='lat' dir='ltr'><strong>voluit</strong></span> <span class='ocrx_word' id='word_1_411' title='bbox 1249 2793 1696 2863; x_wconf 67' lang='lat' dir='ltr'><strong>prtedictionibus</strong></span> <span class='ocrx_word' id='word_1_412' title='bbox 1733 2811 1749 2856; x_wconf 86' lang='lat'><strong>;</strong></span> <span class='ocrx_word' id='word_1_413' title='bbox 1774 2794 1868 2850; x_wconf 93' lang='lat' dir='ltr'><strong>sed</strong></span> <span class='ocrx_word' id='word_1_414' title='bbox 1893 2803 2035 2864; x_wconf 88' lang='lat' dir='ltr'><strong>post-</strong></span> 
     </span>
    </p>
   </div>
   <div class='ocr_carea' id='block_1_57' title="bbox 2141 2791 3730 2868">
    <p class='ocr_par' dir='ltr' id='par_1_57' title="bbox 2146 2794 3730 2868">
     <span class='ocr_line' id='line_1_57' title="bbox 2146 2794 3730 2868; baseline -0.003 -16"><span class='ocrx_word' id='word_1_415' title='bbox 2146 2799 2524 2868; x_wconf 84' lang='grc' dir='ltr'>κακοπραγίας</span> <span class='ocrx_word' id='word_1_416' title='bbox 2555 2798 2702 2868; x_wconf 76' lang='grc' dir='ltr'>ὑμᾶς</span> <span class='ocrx_word' id='word_1_417' title='bbox 2755 2795 3065 2866; x_wconf 76' lang='grc' dir='ltr'>ἠϐουλήθηο</span> <span class='ocrx_word' id='word_1_418' title='bbox 3099 2795 3258 2866; x_wconf 88' lang='grc' dir='ltr'>ὑμεῖς</span> <span class='ocrx_word' id='word_1_419' title='bbox 3289 2794 3345 2847; x_wconf 89' lang='grc' dir='ltr'><strong>δέ</strong></span> <span class='ocrx_word' id='word_1_420' title='bbox 3390 2795 3491 2848; x_wconf 89' lang='grc' dir='ltr'><strong>οὑκ</strong></span> <span class='ocrx_word' id='word_1_421' title='bbox 3532 2795 3730 2866; x_wconf 78' lang='grc' dir='ltr'>ἐθελή-</span> 
     </span>
    </p>
   </div>
   <div class='ocr_carea' id='block_1_58' title="bbox 457 2885 2035 2960">
    <p class='ocr_par' dir='ltr' id='par_1_58' title="bbox 457 2885 2035 2956">
     <span class='ocr_line' id='line_1_58' title="bbox 457 2885 2035 2956; baseline 0.002 -19"><span class='ocrx_word' id='word_1_422' title='bbox 457 2899 624 2952; x_wconf 79' lang='lat' dir='ltr'><strong>qnam</strong></span> <span class='ocrx_word' id='word_1_423' title='bbox 653 2900 761 2939; x_wconf 90' lang='lat' dir='ltr'><strong>non</strong></span> <span class='ocrx_word' id='word_1_424' title='bbox 792 2885 1234 2954; x_wconf 87' lang='lat' dir='ltr'><strong>obtemperastis,</strong></span> <span class='ocrx_word' id='word_1_425' title='bbox 1254 2885 1570 2941; x_wconf 88' lang='lat' dir='ltr'><strong>necessario</strong></span> <span class='ocrx_word' id='word_1_426' title='bbox 1603 2886 1757 2941; x_wconf 85' lang='lat' dir='ltr'><strong>vobis</strong></span> <span class='ocrx_word' id='word_1_427' title='bbox 1783 2901 1893 2940; x_wconf 89' lang='lat' dir='ltr'><strong>non</strong></span> <span class='ocrx_word' id='word_1_428' title='bbox 1927 2901 2035 2956; x_wconf 75' lang='lat' dir='ltr'><strong>pa:-</strong></span> 
     </span>
    </p>
   </div>
   <div class='ocr_carea' id='block_1_59' title="bbox 2141 2885 3727 2960">
    <p class='ocr_par' dir='ltr' id='par_1_59' title="bbox 2147 2886 3727 2960">
     <span class='ocr_line' id='line_1_59' title="bbox 2147 2886 3727 2960; baseline -0.001 -16"><span class='ocrx_word' id='word_1_429' title='bbox 2147 2908 2336 2954; x_wconf 88' lang='grc' dir='ltr'>σαντες</span> <span class='ocrx_word' id='word_1_430' title='bbox 2371 2890 2657 2960; x_wconf 84' lang='grc' dir='ltr'>προσέχειν</span> <span class='ocrx_word' id='word_1_431' title='bbox 2686 2891 2798 2950; x_wconf 82' lang='grc' dir='ltr'>τοῖς</span> <span class='ocrx_word' id='word_1_432' title='bbox 2825 2887 3167 2958; x_wconf 85' lang='grc' dir='ltr'>λεγομένοις,</span> <span class='ocrx_word' id='word_1_433' title='bbox 3198 2890 3284 2956; x_wconf 82' lang='lat' dir='ltr'><strong>(p.</strong></span> <span class='ocrx_word' id='word_1_434' title='bbox 3313 2886 3450 2957; x_wconf 71' lang='grc'><strong>272)</strong></span> <span class='ocrx_word' id='word_1_435' title='bbox 3483 2887 3595 2940; x_wconf 89' lang='grc' dir='ltr'><strong>τῶν</strong></span> <span class='ocrx_word' id='word_1_436' title='bbox 3622 2889 3727 2942; x_wconf 80' lang='grc' dir='ltr'><strong>τοῦ</strong></span> 
     </span>
    </p>
   </div>
   <div class='ocr_carea' id='block_1_60' title="bbox 461 2974 2035 3050">
    <p class='ocr_par' dir='ltr' id='par_1_60' title="bbox 461 2974 2035 3050">
     <span class='ocr_line' id='line_1_60' title="bbox 461 2974 2035 3050; baseline 0.007 -24"><span class='ocrx_word' id='word_1_437' title='bbox 461 2974 756 3031; x_wconf 89' lang='lat' dir='ltr'><strong>nitentibus</strong></span> <span class='ocrx_word' id='word_1_438' title='bbox 798 2977 1080 3032; x_wconf 86' lang='lat' dir='ltr'><strong>veritatem</strong></span> <span class='ocrx_word' id='word_1_439' title='bbox 1101 2976 1369 3033; x_wconf 91' lang='lat' dir='ltr'><strong>dictorum</strong></span> <span class='ocrx_word' id='word_1_440' title='bbox 1396 2995 1618 3034; x_wconf 87' lang='lat' dir='ltr'><strong>suorum</strong></span> <span class='ocrx_word' id='word_1_441' title='bbox 1643 2980 2035 3050; x_wconf 79' lang='lat' dir='ltr'><strong>comprobavit.</strong></span> 
     </span>
    </p>
   </div>
   <div class='ocr_carea' id='block_1_61' title="bbox 2141 2974 3732 3050">
    <p class='ocr_par' dir='ltr' id='par_1_61' title="bbox 2146 2977 3732 3050">
     <span class='ocr_line' id='line_1_61' title="bbox 2146 2977 3732 3050; baseline -0.003 -16"><span class='ocrx_word' id='word_1_442' title='bbox 2146 2981 2281 3034; x_wconf 82' lang='grc' dir='ltr'>Θεοῦ</span> <span class='ocrx_word' id='word_1_443' title='bbox 2322 2980 2494 3045; x_wconf 86' lang='grc' dir='ltr'>λόγων</span> <span class='ocrx_word' id='word_1_444' title='bbox 2531 2978 2626 3050; x_wconf 82' lang='grc' dir='ltr'>τὴν</span> <span class='ocrx_word' id='word_1_445' title='bbox 2650 2978 2916 3048; x_wconf 81' lang='grc' dir='ltr'>ὀρθότητα</span> <span class='ocrx_word' id='word_1_446' title='bbox 2949 2979 3042 3030; x_wconf 75' lang='grc' dir='ltr'>καὶ</span> <span class='ocrx_word' id='word_1_447' title='bbox 3080 2977 3177 3047; x_wconf 83' lang='grc' dir='ltr'>τὴν</span> <span class='ocrx_word' id='word_1_448' title='bbox 3204 2977 3599 3047; x_wconf 86' lang='grc' dir='ltr'>δικαιοκρισίαν</span> <span class='ocrx_word' id='word_1_449' title='bbox 3625 2979 3732 3030; x_wconf 82' lang='grc' dir='ltr'>ἐπ-</span> 
     </span>
    </p>
   </div>
   <div class='ocr_carea' id='block_1_62' title="bbox 456 3069 3728 3148">
    <p class='ocr_par' dir='ltr' id='par_1_62' title="bbox 456 3069 3728 3148">
     <span class='ocr_line' id='line_1_62' title="bbox 456 3069 3728 3148; baseline 0.002 -26"><span class='ocrx_word' id='word_1_450' title='bbox 456 3069 692 3134; x_wconf 79' lang='grc' dir='ltr'>ιδείξατε</span> <span class='ocrx_word' id='word_1_451' title='bbox 721 3071 924 3141; x_wconf 83' lang='grc' dir='ltr'>σαφῶς,</span> <span class='ocrx_word' id='word_1_452' title='bbox 947 3073 996 3126; x_wconf 87' lang='grc' dir='ltr'>οἳ</span> <span class='ocrx_word' id='word_1_453' title='bbox 1030 3075 1291 3145; x_wconf 90' lang='grc' dir='ltr'>πρότερον</span> <span class='ocrx_word' id='word_1_454' title='bbox 1320 3074 1416 3144; x_wconf 87' lang='grc' dir='ltr'>μὲν</span> <span class='ocrx_word' id='word_1_455' title='bbox 1441 3074 1470 3126; x_wconf 90' lang='grc' dir='ltr'><strong>ὑ</strong></span> <span class='ocrx_word' id='word_1_456' title='bbox 1480 3075 1584 3145; x_wconf 84' lang='grc' dir='ltr'>μᾶς</span> <span class='ocrx_word' id='word_1_457' title='bbox 1617 3074 1858 3144; x_wconf 89' lang='grc' dir='ltr'>βελτιοῦν</span> <span class='ocrx_word' id='word_1_458' title='bbox 1883 3074 2170 3146; x_wconf 75' lang='grc' dir='ltr'>ἠϐούλοντο</span> <span class='ocrx_word' id='word_1_459' title='bbox 2215 3079 2283 3147; x_wconf 84' lang='grc' dir='ltr'>τῇ</span> <span class='ocrx_word' id='word_1_460' title='bbox 2331 3075 2577 3148; x_wconf 81' lang='grc' dir='ltr'>μηνύσει,</span> <span class='ocrx_word' id='word_1_461' title='bbox 2623 3073 2808 3145; x_wconf 78' lang='grc' dir='ltr'>ἐπειδὴ</span> <span class='ocrx_word' id='word_1_462' title='bbox 2837 3073 2894 3125; x_wconf 85' lang='grc' dir='ltr'>δὲ</span> <span class='ocrx_word' id='word_1_463' title='bbox 2921 3075 3020 3126; x_wconf 88' lang='grc' dir='ltr'><strong>οὑκ</strong></span> <span class='ocrx_word' id='word_1_464' title='bbox 3063 3072 3372 3143; x_wconf 80' lang='grc' dir='ltr'>ἐπείσθητε,</span> <span class='ocrx_word' id='word_1_465' title='bbox 3407 3075 3728 3142; x_wconf 84' lang='grc' dir='ltr'>ἀναγκαίως</span> 
     </span>
    </p>
   </div>
   <div class='ocr_carea' id='block_1_63' title="bbox 457 3159 2291 3236">
    <p class='ocr_par' dir='ltr' id='par_1_63' title="bbox 457 3159 2291 3236">
     <span class='ocr_line' id='line_1_63' title="bbox 457 3159 2291 3236; baseline 0.005 -25"><span class='ocrx_word' id='word_1_466' title='bbox 457 3162 589 3228; x_wconf 74' lang='grc' dir='ltr'>ὑμῖν</span> <span class='ocrx_word' id='word_1_467' title='bbox 621 3159 682 3212; x_wconf 82' lang='grc' dir='ltr'><strong>οὐ</strong></span> <span class='ocrx_word' id='word_1_468' title='bbox 725 3160 1145 3232; x_wconf 77' lang='grc' dir='ltr'>μεταμεληθεῖσι</span> <span class='ocrx_word' id='word_1_469' title='bbox 1185 3163 1284 3234; x_wconf 82' lang='grc' dir='ltr'><strong>τὴν</strong></span> <span class='ocrx_word' id='word_1_470' title='bbox 1318 3162 1576 3232; x_wconf 87' lang='grc' dir='ltr'>ἀλήθειαν</span> <span class='ocrx_word' id='word_1_471' title='bbox 1619 3164 1901 3229; x_wconf 80' lang='grc' dir='ltr'>ἐπέδειξαν</span> <span class='ocrx_word' id='word_1_472' title='bbox 1929 3164 2028 3236; x_wconf 82' lang='grc' dir='ltr'>τὴν</span> <span class='ocrx_word' id='word_1_473' title='bbox 2065 3166 2291 3221; x_wconf 88' lang='grc' dir='ltr'>οἰκείαν.</span> 
     </span>
    </p>
   </div>
   <div class='ocr_carea' id='block_1_64' title="bbox 526 3250 2035 3328">
    <p class='ocr_par' dir='ltr' id='par_1_64' title="bbox 526 3250 2023 3326">
     <span class='ocr_line' id='line_1_64' title="bbox 526 3250 2023 3326; baseline 0.005 -23"><span class='ocrx_word' id='word_1_474' title='bbox 526 3250 692 3306; x_wconf 74' lang='lat' dir='ltr'><strong>Vens.</strong></span> <span class='ocrx_word' id='word_1_475' title='bbox 727 3253 954 3308; x_wconf 76' lang='lat'><strong>8-10.—</strong></span> <span class='ocrx_word' id='word_1_476' title='bbox 978 3255 1178 3310; x_wconf 88' lang='lat' dir='ltr'><strong>Deinde</strong></span> <span class='ocrx_word' id='word_1_477' title='bbox 1210 3256 1476 3326; x_wconf 90' lang='lat' dir='ltr'><strong>amplians</strong></span> <span class='ocrx_word' id='word_1_478' title='bbox 1499 3257 1883 3321; x_wconf 80' lang='lat' dir='ltr'><strong>invectiouem,</strong></span> <span class='ocrx_word' id='word_1_479' title='bbox 1911 3259 1986 3312; x_wconf 89' lang='lat' dir='ltr'><strong>ait</strong></span> <span class='ocrx_word' id='word_1_480' title='bbox 2011 3277 2023 3311; x_wconf 90' lang='lat'><strong>:</strong></span> 
     </span>
    </p>
   </div>
   <div class='ocr_carea' id='block_1_65' title="bbox 2141 3250 3723 3328">
    <p class='ocr_par' dir='ltr' id='par_1_65' title="bbox 2201 3252 3723 3328">
     <span class='ocr_line' id='line_1_65' title="bbox 2201 3252 3723 3328; baseline -0.003 -17"><span class='ocrx_word' id='word_1_481' title='bbox 2201 3260 2347 3328; x_wconf 86' lang='grc' dir='ltr'>Στίχ.</span> <span class='ocrx_word' id='word_1_482' title='bbox 2394 3263 2529 3326; x_wconf 77' lang='grc' dir='ltr'>ἠ’-ι’.</span> <span class='ocrx_word' id='word_1_483' title='bbox 2565 3285 2622 3296; x_wconf 90' lang='grc'><strong><em>-</em></strong></span> <span class='ocrx_word' id='word_1_484' title='bbox 2653 3252 2784 3310; x_wconf 77' lang='grc' dir='ltr'>Εἶτα</span> <span class='ocrx_word' id='word_1_485' title='bbox 2805 3257 2898 3309; x_wconf 70' lang='grc' dir='ltr'><strong>καὶ</strong></span> <span class='ocrx_word' id='word_1_486' title='bbox 2927 3254 3182 3307; x_wconf 81' lang='grc' dir='ltr'>ἐκτείνων</span> <span class='ocrx_word' id='word_1_487' title='bbox 3214 3255 3312 3326; x_wconf 76' lang='grc' dir='ltr'><strong>τὴν</strong></span> <span class='ocrx_word' id='word_1_488' title='bbox 3348 3257 3685 3326; x_wconf 84' lang='grc' dir='ltr'>κατηγορίαν</span> <span class='ocrx_word' id='word_1_489' title='bbox 3705 3273 3723 3287; x_wconf 84' lang='grc'><strong>·</strong></span> 
     </span>
    </p>
   </div>
   <div class='ocr_carea' id='block_1_66' title="bbox 465 3341 2033 3415">
    <p class='ocr_par' dir='ltr' id='par_1_66' title="bbox 465 3341 2033 3415">
     <span class='ocr_line' id='line_1_66' title="bbox 465 3341 2033 3415; baseline 0.007 -21"><span class='ocrx_word' id='word_1_490' title='bbox 465 3361 485 3394; x_wconf 79' lang='grc' dir='ltr'><strong>ι</strong></span> <span class='ocrx_word' id='word_1_491' title='bbox 524 3341 588 3395; x_wconf 83' lang='lat' dir='ltr'><strong>Et</strong></span> <span class='ocrx_word' id='word_1_492' title='bbox 644 3353 801 3398; x_wconf 88' lang='lat' dir='ltr'><strong>antea</strong></span> <span class='ocrx_word' id='word_1_493' title='bbox 838 3346 1070 3415; x_wconf 90' lang='lat' dir='ltr'><strong>populus</strong></span> <span class='ocrx_word' id='word_1_494' title='bbox 1124 3362 1275 3400; x_wconf 89' lang='lat' dir='ltr'><strong>meus</strong></span> <span class='ocrx_word' id='word_1_495' title='bbox 1313 3364 1436 3401; x_wconf 87' lang='lat' dir='ltr'><strong>cum</strong></span> <span class='ocrx_word' id='word_1_496' title='bbox 1504 3349 1787 3403; x_wconf 85' lang='lat' dir='ltr'><strong>inimicitia</strong></span> <span class='ocrx_word' id='word_1_497' title='bbox 1833 3351 2033 3405; x_wconf 89' lang='lat' dir='ltr'><strong>restitit</strong></span> 
     </span>
    </p>
   </div>
   <div class='ocr_carea' id='block_1_67' title="bbox 455 3436 2030 3506">
    <p class='ocr_par' dir='ltr' id='par_1_67' title="bbox 455 3436 2030 3506">
     <span class='ocr_line' id='line_1_67' title="bbox 455 3436 2030 3506; baseline 0.004 -18"><span class='ocrx_word' id='word_1_498' title='bbox 455 3442 646 3490; x_wconf 89' lang='lat' dir='ltr'><strong>contra</strong></span> <span class='ocrx_word' id='word_1_499' title='bbox 681 3451 866 3504; x_wconf 86' lang='lat' dir='ltr'><strong>pacem</strong></span> <span class='ocrx_word' id='word_1_500' title='bbox 918 3452 1094 3490; x_wconf 87' lang='lat' dir='ltr'><strong>suam.</strong></span> <span class='ocrx_word' id='word_1_501' title='bbox 1140 3456 1158 3489; x_wconf 75' lang='grc' dir='ltr'><strong>ι</strong></span> <span class='ocrx_word' id='word_1_502' title='bbox 1195 3436 1299 3492; x_wconf 90' lang='lat' dir='ltr'><strong>Sed</strong></span> <span class='ocrx_word' id='word_1_503' title='bbox 1337 3455 1434 3493; x_wconf 92' lang='lat' dir='ltr'><strong>vos</strong></span> <span class='ocrx_word' id='word_1_504' title='bbox 1470 3439 1582 3506; x_wconf 89' lang='lat' dir='ltr'><strong>jam</strong></span> <span class='ocrx_word' id='word_1_505' title='bbox 1613 3440 1742 3493; x_wconf 90' lang='lat' dir='ltr'><strong>olim</strong></span> <span class='ocrx_word' id='word_1_506' title='bbox 1792 3441 2030 3496; x_wconf 88' lang='lat' dir='ltr'><strong>inimici-</strong></span> 
     </span>
    </p>
   </div>
   <div class='ocr_carea' id='block_1_68' title="bbox 457 3523 2029 3597">
    <p class='ocr_par' dir='ltr' id='par_1_68' title="bbox 457 3523 2029 3597">
     <span class='ocr_line' id='line_1_68' title="bbox 457 3523 2029 3597; baseline 0.006 -21"><span class='ocrx_word' id='word_1_507' title='bbox 457 3523 587 3578; x_wconf 78' lang='lat' dir='ltr'><strong>tiam</strong></span> <span class='ocrx_word' id='word_1_508' title='bbox 601 3527 914 3594; x_wconf 83' lang='lat' dir='ltr'><strong>quamdam,</strong></span> <span class='ocrx_word' id='word_1_509' title='bbox 933 3525 1292 3597; x_wconf 82' lang='lat' dir='ltr'><strong>hostilemque</strong></span> <span class='ocrx_word' id='word_1_510' title='bbox 1315 3529 1580 3583; x_wconf 85' lang='lat' dir='ltr'><strong>adversus</strong></span> <span class='ocrx_word' id='word_1_511' title='bbox 1596 3546 1681 3584; x_wconf 92' lang='lat' dir='ltr'><strong>me</strong></span> <span class='ocrx_word' id='word_1_512' title='bbox 1705 3532 2029 3585; x_wconf 87' lang='lat' dir='ltr'><strong>sententiam</strong></span> 
     </span>
    </p>
   </div>
   <div class='ocr_carea' id='block_1_69' title="bbox 457 3617 2032 3693">
    <p class='ocr_par' dir='ltr' id='par_1_69' title="bbox 457 3617 2032 3693">
     <span class='ocr_line' id='line_1_69' title="bbox 457 3617 2032 3693; baseline 0.003 -19"><span class='ocrx_word' id='word_1_513' title='bbox 457 3617 800 3688; x_wconf 87' lang='lat' dir='ltr'><strong>suscepistis,</strong></span> <span class='ocrx_word' id='word_1_514' title='bbox 829 3617 1053 3672; x_wconf 87' lang='lat' dir='ltr'><strong>obedire</strong></span> <span class='ocrx_word' id='word_1_515' title='bbox 1073 3618 1236 3675; x_wconf 89' lang='lat' dir='ltr'><strong>dictis</strong></span> <span class='ocrx_word' id='word_1_516' title='bbox 1263 3621 1538 3683; x_wconf 90' lang='lat' dir='ltr'><strong>noluistis,</strong></span> <span class='ocrx_word' id='word_1_517' title='bbox 1557 3630 1859 3693; x_wconf 68' lang='lat' dir='ltr'><strong>vestraeque</strong></span> <span class='ocrx_word' id='word_1_518' title='bbox 1883 3624 2032 3692; x_wconf 77' lang='lat' dir='ltr'><strong>pacis</strong></span> 
     </span>
    </p>
   </div>
   <div class='ocr_carea' id='block_1_70' title="bbox 458 3709 2033 3781">
    <p class='ocr_par' dir='ltr' id='par_1_70' title="bbox 458 3709 2033 3781">
     <span class='ocr_line' id='line_1_70' title="bbox 458 3709 2033 3781; baseline 0.004 -18"><span class='ocrx_word' id='word_1_519' title='bbox 458 3710 650 3781; x_wconf 77' lang='lat' dir='ltr'><strong>magis,</strong></span> <span class='ocrx_word' id='word_1_520' title='bbox 674 3725 837 3780; x_wconf 89' lang='lat' dir='ltr'><strong>quam</strong></span> <span class='ocrx_word' id='word_1_521' title='bbox 871 3709 1095 3765; x_wconf 84' lang='lat' dir='ltr'><strong>alterius</strong></span> <span class='ocrx_word' id='word_1_522' title='bbox 1123 3710 1436 3780; x_wconf 88' lang='lat' dir='ltr'><strong>cujuslibet,</strong></span> <span class='ocrx_word' id='word_1_523' title='bbox 1469 3712 1764 3767; x_wconf 89' lang='lat' dir='ltr'><strong>adversarii</strong></span> <span class='ocrx_word' id='word_1_524' title='bbox 1789 3714 2033 3769; x_wconf 86' lang='lat' dir='ltr'><strong>exstitis-</strong></span> 
     </span>
    </p>
   </div>
   <div class='ocr_carea' id='block_1_71' title="bbox 455 3801 2033 3874">
    <p class='ocr_par' dir='ltr' id='par_1_71' title="bbox 455 3801 2033 3874">
     <span class='ocr_line' id='line_1_71' title="bbox 455 3801 2033 3874; baseline 0.003 -18"><span class='ocrx_word' id='word_1_525' title='bbox 455 3803 552 3856; x_wconf 88' lang='lat' dir='ltr'><strong>tis.</strong></span> <span class='ocrx_word' id='word_1_526' title='bbox 587 3801 725 3873; x_wconf 70' lang='lat' dir='ltr'><strong>Ergo</strong></span> <span class='ocrx_word' id='word_1_527' title='bbox 750 3809 943 3856; x_wconf 67' lang='lat' dir='ltr'><strong>vestrm</strong></span> <span class='ocrx_word' id='word_1_528' title='bbox 987 3803 1350 3858; x_wconf 63' lang='lat' dir='ltr'><strong>contumaciae</strong></span> <span class='ocrx_word' id='word_1_529' title='bbox 1383 3803 1594 3857; x_wconf 86' lang='lat' dir='ltr'><strong>lucrum</strong></span> <span class='ocrx_word' id='word_1_530' title='bbox 1631 3803 1791 3874; x_wconf 79' lang='lat'><strong>179</strong></span> <span class='ocrx_word' id='word_1_531' title='bbox 1811 3805 2033 3867; x_wconf 76' lang='lat' dir='ltr'><strong>cepistis</strong></span> 
     </span>
    </p>
   </div>
   <div class='ocr_carea' id='block_1_72' title="bbox 457 3889 2035 3962">
    <p class='ocr_par' dir='ltr' id='par_1_72' title="bbox 457 3889 2035 3962">
     <span class='ocr_line' id='line_1_72' title="bbox 457 3889 2035 3962; baseline 0.002 -19"><span class='ocrx_word' id='word_1_532' title='bbox 457 3906 698 3962; x_wconf 77' lang='lat' dir='ltr'><strong>pncsens</strong></span> <span class='ocrx_word' id='word_1_533' title='bbox 759 3890 980 3944; x_wconf 90' lang='lat' dir='ltr'><strong>bellum.</strong></span> <span class='ocrx_word' id='word_1_534' title='bbox 1040 3909 1060 3942; x_wconf 78' lang='grc' dir='ltr'><strong>ι</strong></span> <span class='ocrx_word' id='word_1_535' title='bbox 1098 3889 1298 3945; x_wconf 89' lang='lat' dir='ltr'><strong>Pellem</strong></span> <span class='ocrx_word' id='word_1_536' title='bbox 1361 3891 1936 3959; x_wconf 78' lang='lat' dir='ltr'><strong>ejusexcoriaveruut,</strong></span> <span class='ocrx_word' id='word_1_537' title='bbox 1975 3903 2035 3946; x_wconf 89' lang='lat' dir='ltr'><strong>ut</strong></span> 
     </span>
    </p>
   </div>
   <div class='ocr_carea' id='block_1_73' title="bbox 458 3981 2034 4054">
    <p class='ocr_par' dir='ltr' id='par_1_73' title="bbox 458 3981 2034 4054">
     <span class='ocr_line' id='line_1_73' title="bbox 458 3981 2034 4054; baseline 0.003 -19"><span class='ocrx_word' id='word_1_538' title='bbox 458 3996 610 4052; x_wconf 88' lang='lat' dir='ltr'><strong>spem</strong></span> <span class='ocrx_word' id='word_1_539' title='bbox 643 3982 940 4050; x_wconf 81' lang='lat' dir='ltr'><strong>eriperent,</strong></span> <span class='ocrx_word' id='word_1_540' title='bbox 967 3981 1348 4037; x_wconf 89' lang='lat' dir='ltr'><strong>contritionem</strong></span> <span class='ocrx_word' id='word_1_541' title='bbox 1385 3983 1529 4038; x_wconf 87' lang='lat' dir='ltr'><strong>belli.</strong></span> <span class='ocrx_word' id='word_1_542' title='bbox 1570 4003 1589 4035; x_wconf 75' lang='grc' dir='ltr'><strong>ι</strong></span> <span class='ocrx_word' id='word_1_543' title='bbox 1629 3982 1905 4054; x_wconf 88' lang='lat' dir='ltr'><strong>Quidquid</strong></span> <span class='ocrx_word' id='word_1_544' title='bbox 1932 3985 2034 4039; x_wconf 81' lang='lat' dir='ltr'><strong>fuit</strong></span> 
     </span>
    </p>
   </div>
   <div class='ocr_carea' id='block_1_74' title="bbox 458 4073 2034 4145">
    <p class='ocr_par' dir='ltr' id='par_1_74' title="bbox 458 4073 2034 4145">
     <span class='ocr_line' id='line_1_74' title="bbox 458 4073 2034 4145; baseline 0.004 -21"><span class='ocrx_word' id='word_1_545' title='bbox 458 4073 599 4141; x_wconf 82' lang='lat' dir='ltr'><strong>apud</strong></span> <span class='ocrx_word' id='word_1_546' title='bbox 640 4087 908 4142; x_wconf 82' lang='lat' dir='ltr'><strong>pauperes</strong></span> <span class='ocrx_word' id='word_1_547' title='bbox 944 4073 1246 4144; x_wconf 87' lang='lat' dir='ltr'><strong>eripuistis,</strong></span> <span class='ocrx_word' id='word_1_548' title='bbox 1298 4090 1628 4145; x_wconf 89' lang='lat' dir='ltr'><strong>omnemque</strong></span> <span class='ocrx_word' id='word_1_549' title='bbox 1674 4076 1889 4130; x_wconf 90' lang='lat' dir='ltr'><strong>illorum</strong></span> <span class='ocrx_word' id='word_1_550' title='bbox 1939 4078 2034 4131; x_wconf 82' lang='lat' dir='ltr'><strong>bo-</strong></span> 
     </span>
    </p>
   </div>
   <div class='ocr_carea' id='block_1_75' title="bbox 460 4163 2032 4236">
    <p class='ocr_par' dir='ltr' id='par_1_75' title="bbox 460 4163 2032 4236">
     <span class='ocr_line' id='line_1_75' title="bbox 460 4163 2032 4236; baseline 0.003 -18"><span class='ocrx_word' id='word_1_551' title='bbox 460 4179 586 4218; x_wconf 85' lang='lat' dir='ltr'><strong>nam</strong></span> <span class='ocrx_word' id='word_1_552' title='bbox 617 4178 766 4232; x_wconf 88' lang='lat' dir='ltr'><strong>spem</strong></span> <span class='ocrx_word' id='word_1_553' title='bbox 787 4163 1144 4233; x_wconf 70' lang='lat' dir='ltr'><strong>praecidistis:</strong></span> <span class='ocrx_word' id='word_1_554' title='bbox 1179 4179 1342 4234; x_wconf 88' lang='lat' dir='ltr'><strong>quam</strong></span> <span class='ocrx_word' id='word_1_555' title='bbox 1371 4167 1443 4219; x_wconf 89' lang='lat' dir='ltr'><strong>oh</strong></span> <span class='ocrx_word' id='word_1_556' title='bbox 1467 4181 1690 4222; x_wconf 85' lang='lat' dir='ltr'><strong>causam</strong></span> <span class='ocrx_word' id='word_1_557' title='bbox 1712 4166 1833 4222; x_wconf 90' lang='lat' dir='ltr'><strong>belli</strong></span> <span class='ocrx_word' id='word_1_558' title='bbox 1867 4167 2032 4236; x_wconf 88' lang='lat' dir='ltr'><strong>hujus</strong></span> 
     </span>
    </p>
   </div>
   <div class='ocr_carea' id='block_1_76' title="bbox 459 4254 2036 4328">
    <p class='ocr_par' dir='ltr' id='par_1_76' title="bbox 459 4254 2036 4328">
     <span class='ocr_line' id='line_1_76' title="bbox 459 4254 2036 4328; baseline 0.001 -18"><span class='ocrx_word' id='word_1_559' title='bbox 459 4254 845 4310; x_wconf 87' lang='lat' dir='ltr'><strong>contritionem</strong></span> <span class='ocrx_word' id='word_1_560' title='bbox 864 4255 1126 4309; x_wconf 89' lang='lat' dir='ltr'><strong>adversus</strong></span> <span class='ocrx_word' id='word_1_561' title='bbox 1144 4270 1238 4309; x_wconf 90' lang='lat' dir='ltr'><strong>vos</strong></span> <span class='ocrx_word' id='word_1_562' title='bbox 1257 4257 1602 4312; x_wconf 89' lang='lat' dir='ltr'><strong>concitastis.</strong></span> <span class='ocrx_word' id='word_1_563' title='bbox 1633 4257 1762 4324; x_wconf 89' lang='lat' dir='ltr'><strong>Cur,</strong></span> <span class='ocrx_word' id='word_1_564' title='bbox 1791 4259 1876 4313; x_wconf 88' lang='lat' dir='ltr'><strong>vel</strong></span> <span class='ocrx_word' id='word_1_565' title='bbox 1895 4275 2036 4328; x_wconf 88' lang='lat' dir='ltr'><strong>quo-</strong></span> 
     </span>
    </p>
   </div>
   <div class='ocr_carea' id='block_1_77' title="bbox 461 4345 2032 4418">
    <p class='ocr_par' dir='ltr' id='par_1_77' title="bbox 461 4345 2032 4418">
     <span class='ocr_line' id='line_1_77' title="bbox 461 4345 2032 4418; baseline 0.003 -18"><span class='ocrx_word' id='word_1_566' title='bbox 461 4347 668 4401; x_wconf 85' lang='lat' dir='ltr'><strong>modo?</strong></span> <span class='ocrx_word' id='word_1_567' title='bbox 703 4365 721 4397; x_wconf 77' lang='grc' dir='ltr'><strong>ι</strong></span> <span class='ocrx_word' id='word_1_568' title='bbox 763 4345 1056 4416; x_wconf 88' lang='lat' dir='ltr'><strong>Propterea</strong></span> <span class='ocrx_word' id='word_1_569' title='bbox 1088 4347 1257 4403; x_wconf 87' lang='lat' dir='ltr'><strong>duces</strong></span> <span class='ocrx_word' id='word_1_570' title='bbox 1293 4348 1475 4418; x_wconf 90' lang='lat' dir='ltr'><strong>populi</strong></span> <span class='ocrx_word' id='word_1_571' title='bbox 1503 4351 1605 4403; x_wconf 90' lang='lat' dir='ltr'><strong>mei</strong></span> <span class='ocrx_word' id='word_1_572' title='bbox 1637 4349 1930 4417; x_wconf 83' lang='lat' dir='ltr'><strong>ejicientur</strong></span> <span class='ocrx_word' id='word_1_573' title='bbox 1965 4365 2032 4405; x_wconf 81' lang='lat' dir='ltr'><strong>ex</strong></span> 
     </span>
    </p>
   </div>
   <div class='ocr_carea' id='block_1_78' title="bbox 459 4438 2034 4511">
    <p class='ocr_par' dir='ltr' id='par_1_78' title="bbox 459 4438 2034 4511">
     <span class='ocr_line' id='line_1_78' title="bbox 459 4438 2034 4511; baseline 0.003 -18"><span class='ocrx_word' id='word_1_574' title='bbox 459 4438 668 4494; x_wconf 69' lang='lat' dir='ltr'><strong>aedibus</strong></span> <span class='ocrx_word' id='word_1_575' title='bbox 693 4439 1013 4494; x_wconf 82' lang='lat' dir='ltr'><strong>deliciarum</strong></span> <span class='ocrx_word' id='word_1_576' title='bbox 1048 4454 1293 4506; x_wconf 89' lang='lat' dir='ltr'><strong>suarum,</strong></span> <span class='ocrx_word' id='word_1_577' title='bbox 1322 4452 1541 4511; x_wconf 88' lang='lat' dir='ltr'><strong>propter</strong></span> <span class='ocrx_word' id='word_1_578' title='bbox 1570 4443 1741 4496; x_wconf 86' lang='lat' dir='ltr'><strong>malas</strong></span> <span class='ocrx_word' id='word_1_579' title='bbox 1774 4443 2034 4498; x_wconf 88' lang='lat' dir='ltr'><strong>adiuven-</strong></span> 
     </span>
    </p>
   </div>
   <div class='ocr_carea' id='block_1_79' title="bbox 460 4529 2034 4603">
    <p class='ocr_par' dir='ltr' id='par_1_79' title="bbox 460 4529 2034 4603">
     <span class='ocr_line' id='line_1_79' title="bbox 460 4529 2034 4603; baseline 0.004 -21"><span class='ocrx_word' id='word_1_580' title='bbox 460 4531 640 4584; x_wconf 88' lang='lat' dir='ltr'><strong>tioues</strong></span> <span class='ocrx_word' id='word_1_581' title='bbox 673 4545 801 4586; x_wconf 87' lang='lat' dir='ltr'><strong>suas</strong></span> <span class='ocrx_word' id='word_1_582' title='bbox 821 4529 982 4599; x_wconf 88' lang='lat' dir='ltr'><strong>ejecti</strong></span> <span class='ocrx_word' id='word_1_583' title='bbox 1013 4538 1162 4585; x_wconf 89' lang='lat' dir='ltr'><strong>sunt.</strong></span> <span class='ocrx_word' id='word_1_584' title='bbox 1201 4551 1218 4583; x_wconf 73' lang='grc' dir='ltr'><strong>ι</strong></span> <span class='ocrx_word' id='word_1_585' title='bbox 1252 4531 1451 4586; x_wconf 89' lang='lat' dir='ltr'><strong>Cuncti</strong></span> <span class='ocrx_word' id='word_1_586' title='bbox 1483 4534 1574 4602; x_wconf 89' lang='lat' dir='ltr'><strong>qui</strong></span> <span class='ocrx_word' id='word_1_587' title='bbox 1622 4533 1918 4603; x_wconf 90' lang='lat' dir='ltr'><strong>principari</strong></span> <span class='ocrx_word' id='word_1_588' title='bbox 1951 4535 2034 4588; x_wconf 92' lang='lat' dir='ltr'><strong>vi-</strong></span> 
     </span>
    </p>
   </div>
   <div class='ocr_carea' id='block_1_80' title="bbox 2145 3343 3728 3416">
    <p class='ocr_par' dir='ltr' id='par_1_80' title="bbox 2145 3343 3728 3416">
     <span class='ocr_line' id='line_1_80' title="bbox 2145 3343 3728 3416; baseline -0.001 -16"><span class='ocrx_word' id='word_1_589' title='bbox 2145 3366 2164 3399; x_wconf 68' lang='lat' dir='ltr'><strong>t</strong></span> <span class='ocrx_word' id='word_1_590' title='bbox 2205 3348 2315 3400; x_wconf 75' lang='lat' dir='ltr'><strong>Kal.</strong></span> <span class='ocrx_word' id='word_1_591' title='bbox 2336 3343 2642 3416; x_wconf 79' lang='grc' dir='ltr'>ἔμπροσθεν</span> <span class='ocrx_word' id='word_1_592' title='bbox 2665 3347 2692 3397; x_wconf 85' lang='grc' dir='ltr'>ὁ</span> <span class='ocrx_word' id='word_1_593' title='bbox 2720 3345 2846 3406; x_wconf 86' lang='grc' dir='ltr'>λαός</span> <span class='ocrx_word' id='word_1_594' title='bbox 2879 3361 2977 3414; x_wconf 88' lang='grc' dir='ltr'><strong>μου</strong></span> <span class='ocrx_word' id='word_1_595' title='bbox 3002 3346 3080 3406; x_wconf 90' lang='grc' dir='ltr'><strong>εἰς</strong></span> <span class='ocrx_word' id='word_1_596' title='bbox 3100 3343 3297 3415; x_wconf 81' lang='grc' dir='ltr'>ἔχθραν</span> <span class='ocrx_word' id='word_1_597' title='bbox 3325 3345 3554 3415; x_wconf 85' lang='grc' dir='ltr'>ἀντέστη</span> <span class='ocrx_word' id='word_1_598' title='bbox 3584 3363 3728 3398; x_wconf 79' lang='grc' dir='ltr'>κατ-</span> 
     </span>
    </p>
   </div>
   <div class='ocr_carea' id='block_1_81' title="bbox 2139 3435 3727 3509">
    <p class='ocr_par' dir='ltr' id='par_1_81' title="bbox 2139 3435 3727 3509">
     <span class='ocr_line' id='line_1_81' title="bbox 2139 3435 3727 3509; baseline 0 -18"><span class='ocrx_word' id='word_1_599' title='bbox 2139 3439 2319 3491; x_wconf 88' lang='grc' dir='ltr'>έναντι</span> <span class='ocrx_word' id='word_1_600' title='bbox 2351 3438 2448 3506; x_wconf 81' lang='grc' dir='ltr'>τῆς</span> <span class='ocrx_word' id='word_1_601' title='bbox 2480 3437 2700 3508; x_wconf 75' lang='grc' dir='ltr'>εἰρήνης</span> <span class='ocrx_word' id='word_1_602' title='bbox 2729 3435 2911 3488; x_wconf 85' lang='grc' dir='ltr'>αὑτοῦ.</span> <span class='ocrx_word' id='word_1_603' title='bbox 2943 3455 2963 3488; x_wconf 74' lang='lat' dir='ltr'><strong>t</strong></span> <span class='ocrx_word' id='word_1_604' title='bbox 3003 3435 3188 3506; x_wconf 84' lang='grc' dir='ltr'>Ὑμεῖς</span> <span class='ocrx_word' id='word_1_605' title='bbox 3212 3437 3269 3489; x_wconf 85' lang='grc' dir='ltr'><strong>δέ</strong></span> <span class='ocrx_word' id='word_1_606' title='bbox 3293 3436 3496 3491; x_wconf 81' lang='grc' dir='ltr'>ἀνωθεν</span> <span class='ocrx_word' id='word_1_607' title='bbox 3517 3437 3727 3509; x_wconf 73' lang='grc' dir='ltr'>ἔχθραν</span> 
     </span>
    </p>
   </div>
   <div class='ocr_carea' id='block_1_82' title="bbox 2139 3526 3728 3599">
    <p class='ocr_par' dir='ltr' id='par_1_82' title="bbox 2139 3526 3728 3599">
     <span class='ocr_line' id='line_1_82' title="bbox 2139 3526 3728 3599; baseline 0.001 -17"><span class='ocrx_word' id='word_1_608' title='bbox 2139 3531 2258 3583; x_wconf 73' lang='grc' dir='ltr'>τινὰ</span> <span class='ocrx_word' id='word_1_609' title='bbox 2282 3529 2375 3582; x_wconf 74' lang='grc' dir='ltr'><strong>καὶ</strong></span> <span class='ocrx_word' id='word_1_610' title='bbox 2398 3527 2661 3598; x_wconf 88' lang='grc' dir='ltr'>πολεμίαν</span> <span class='ocrx_word' id='word_1_611' title='bbox 2689 3526 2913 3597; x_wconf 86' lang='grc' dir='ltr'>γνώμην</span> <span class='ocrx_word' id='word_1_612' title='bbox 2932 3527 3136 3581; x_wconf 76' lang='grc' dir='ltr'>εἵλεσθε</span> <span class='ocrx_word' id='word_1_613' title='bbox 3162 3529 3298 3599; x_wconf 86' lang='grc' dir='ltr'>πρὸς</span> <span class='ocrx_word' id='word_1_614' title='bbox 3326 3528 3444 3598; x_wconf 81' lang='grc' dir='ltr'>ἐμὲ.</span> <span class='ocrx_word' id='word_1_615' title='bbox 3464 3529 3728 3584; x_wconf 79' lang='grc' dir='ltr'>πείθεσθε</span> 
     </span>
    </p>
   </div>
   <div class='ocr_carea' id='block_1_83' title="bbox 2143 3617 3724 3694">
    <p class='ocr_par' dir='ltr' id='par_1_83' title="bbox 2143 3617 3724 3694">
     <span class='ocr_line' id='line_1_83' title="bbox 2143 3617 3724 3694; baseline 0 -20"><span class='ocrx_word' id='word_1_616' title='bbox 2143 3623 2241 3694; x_wconf 78' lang='grc' dir='ltr'><strong>μὲν</strong></span> <span class='ocrx_word' id='word_1_617' title='bbox 2263 3623 2374 3684; x_wconf 83' lang='grc' dir='ltr'>τοῖς</span> <span class='ocrx_word' id='word_1_618' title='bbox 2404 3617 2716 3690; x_wconf 85' lang='grc' dir='ltr'>λεγομένοις</span> <span class='ocrx_word' id='word_1_619' title='bbox 2740 3619 2840 3672; x_wconf 89' lang='grc' dir='ltr'><strong>οὑκ</strong></span> <span class='ocrx_word' id='word_1_620' title='bbox 2871 3619 3160 3682; x_wconf 84' lang='grc' dir='ltr'>ἐθέλοντες,</span> <span class='ocrx_word' id='word_1_621' title='bbox 3185 3619 3546 3690; x_wconf 84' lang='grc' dir='ltr'>πολεμοῦντες</span> <span class='ocrx_word' id='word_1_622' title='bbox 3566 3621 3625 3674; x_wconf 85' lang='grc' dir='ltr'>δὲ</span> <span class='ocrx_word' id='word_1_623' title='bbox 3650 3626 3724 3693; x_wconf 81' lang='grc' dir='ltr'>τῇ</span> 
     </span>
    </p>
   </div>
   <div class='ocr_carea' id='block_1_84' title="bbox 2138 3711 3726 3785">
    <p class='ocr_par' dir='ltr' id='par_1_84' title="bbox 2138 3711 3726 3785">
     <span class='ocr_line' id='line_1_84' title="bbox 2138 3711 3726 3785; baseline -0.001 -18"><span class='ocrx_word' id='word_1_624' title='bbox 2138 3715 2314 3785; x_wconf 81' lang='grc' dir='ltr'>οἰκείᾳ</span> <span class='ocrx_word' id='word_1_625' title='bbox 2330 3715 2520 3785; x_wconf 79' lang='grc' dir='ltr'>εἰρήνῃ</span> <span class='ocrx_word' id='word_1_626' title='bbox 2548 3712 2744 3783; x_wconf 84' lang='grc' dir='ltr'>μᾶλλον</span> <span class='ocrx_word' id='word_1_627' title='bbox 2770 3711 2912 3783; x_wconf 78' lang='grc' dir='ltr'>ἤπερ</span> <span class='ocrx_word' id='word_1_628' title='bbox 2939 3712 3111 3782; x_wconf 75' lang='grc' dir='ltr'>ἑτέρῳ</span> <span class='ocrx_word' id='word_1_629' title='bbox 3131 3711 3231 3780; x_wconf 83' lang='grc' dir='ltr'><strong>τῆς</strong></span> <span class='ocrx_word' id='word_1_630' title='bbox 3257 3711 3385 3779; x_wconf 88' lang='grc' dir='ltr'>γοῦν</span> <span class='ocrx_word' id='word_1_631' title='bbox 3435 3713 3726 3776; x_wconf 84' lang='grc' dir='ltr'>ἀπειθείας</span> 
     </span>
    </p>
   </div>
   <div class='ocr_carea' id='block_1_85' title="bbox 2138 3803 3723 3877">
    <p class='ocr_par' dir='ltr' id='par_1_85' title="bbox 2138 3803 3723 3877">
     <span class='ocr_line' id='line_1_85' title="bbox 2138 3803 3723 3877; baseline 0.001 -19"><span class='ocrx_word' id='word_1_632' title='bbox 2138 3808 2234 3876; x_wconf 79' lang='grc' dir='ltr'>τῆς</span> <span class='ocrx_word' id='word_1_633' title='bbox 2273 3804 2481 3858; x_wconf 79' lang='grc' dir='ltr'>ἑαυτῶν</span> <span class='ocrx_word' id='word_1_634' title='bbox 2521 3804 2709 3873; x_wconf 88' lang='grc' dir='ltr'>κέρδος</span> <span class='ocrx_word' id='word_1_635' title='bbox 2747 3803 3004 3875; x_wconf 79' lang='grc' dir='ltr'>εἰλήφατε</span> <span class='ocrx_word' id='word_1_636' title='bbox 3053 3804 3142 3856; x_wconf 82' lang='grc' dir='ltr'><strong>τὸν</strong></span> <span class='ocrx_word' id='word_1_637' title='bbox 3186 3804 3425 3874; x_wconf 89' lang='grc' dir='ltr'>παρόντα</span> <span class='ocrx_word' id='word_1_638' title='bbox 3459 3806 3723 3877; x_wconf 87' lang='grc' dir='ltr'>πόλεμον.</span> 
     </span>
    </p>
   </div>
   <div class='ocr_carea' id='block_1_86' title="bbox 2146 3893 3724 3968">
    <p class='ocr_par' dir='ltr' id='par_1_86' title="bbox 2146 3893 3724 3968">
     <span class='ocr_line' id='line_1_86' title="bbox 2146 3893 3724 3968; baseline 0.003 -20"><span class='ocrx_word' id='word_1_639' title='bbox 2146 3917 2163 3948; x_wconf 74' lang='grc' dir='ltr'><strong>ι</strong></span> <span class='ocrx_word' id='word_1_640' title='bbox 2195 3897 2302 3968; x_wconf 75' lang='grc' dir='ltr'>Τὴν</span> <span class='ocrx_word' id='word_1_641' title='bbox 2328 3896 2490 3968; x_wconf 75' lang='grc' dir='ltr'>δορὰν</span> <span class='ocrx_word' id='word_1_642' title='bbox 2520 3895 2684 3950; x_wconf 82' lang='grc' dir='ltr'>αὑτοῦ</span> <span class='ocrx_word' id='word_1_643' title='bbox 2715 3893 3007 3965; x_wconf 78' lang='grc' dir='ltr'>ἐξέδειραν,</span> <span class='ocrx_word' id='word_1_644' title='bbox 3034 3894 3128 3948; x_wconf 86' lang='grc' dir='ltr'><strong>τοῦ</strong></span> <span class='ocrx_word' id='word_1_645' title='bbox 3173 3896 3462 3964; x_wconf 84' lang='grc' dir='ltr'>ἀφελέσθαι</span> <span class='ocrx_word' id='word_1_646' title='bbox 3502 3898 3724 3962; x_wconf 80' lang='grc' dir='ltr'>ἐλπίδα.</span> 
     </span>
    </p>
   </div>
   <div class='ocr_carea' id='block_1_87' title="bbox 2141 3987 3724 4060">
    <p class='ocr_par' dir='ltr' id='par_1_87' title="bbox 2141 3987 3724 4060">
     <span class='ocr_line' id='line_1_87' title="bbox 2141 3987 3724 4060; baseline -0.001 -18"><span class='ocrx_word' id='word_1_647' title='bbox 2141 3989 2473 4060; x_wconf 85' lang='grc' dir='ltr'>συντριμμὸν</span> <span class='ocrx_word' id='word_1_648' title='bbox 2506 3989 2762 4060; x_wconf 84' lang='grc' dir='ltr'>πολέμου.</span> <span class='ocrx_word' id='word_1_649' title='bbox 2790 4006 2808 4039; x_wconf 73' lang='grc' dir='ltr'><strong>ι</strong></span> <span class='ocrx_word' id='word_1_650' title='bbox 2832 3987 3016 4040; x_wconf 88' lang='grc' dir='ltr'>Πάντα</span> <span class='ocrx_word' id='word_1_651' title='bbox 3046 3987 3117 4039; x_wconf 79' lang='grc' dir='ltr'>τὰ</span> <span class='ocrx_word' id='word_1_652' title='bbox 3149 3988 3403 4058; x_wconf 84' lang='grc' dir='ltr'>περιόντα</span> <span class='ocrx_word' id='word_1_653' title='bbox 3419 3993 3530 4053; x_wconf 84' lang='grc' dir='ltr'>τοῖς</span> <span class='ocrx_word' id='word_1_654' title='bbox 3551 3991 3724 4059; x_wconf 82' lang='grc' dir='ltr'>πένη-</span> 
     </span>
    </p>
   </div>
   <div class='ocr_carea' id='block_1_88' title="bbox 2141 4079 3724 4151">
    <p class='ocr_par' dir='ltr' id='par_1_88' title="bbox 2141 4079 3724 4151">
     <span class='ocr_line' id='line_1_88' title="bbox 2141 4079 3724 4151; baseline 0.002 -19"><span class='ocrx_word' id='word_1_655' title='bbox 2141 4097 2226 4133; x_wconf 91' lang='grc' dir='ltr'><strong>σιν</strong></span> <span class='ocrx_word' id='word_1_656' title='bbox 2254 4080 2576 4151; x_wconf 71' lang='grc' dir='ltr'>ἀφῃρεῖσθε,</span> <span class='ocrx_word' id='word_1_657' title='bbox 2603 4080 2696 4133; x_wconf 70' lang='grc' dir='ltr'><strong>καὶ</strong></span> <span class='ocrx_word' id='word_1_658' title='bbox 2727 4081 2907 4132; x_wconf 80' lang='grc' dir='ltr'>πᾶσαν</span> <span class='ocrx_word' id='word_1_659' title='bbox 2937 4079 3117 4131; x_wconf 83' lang='grc' dir='ltr'>αὑτῶν</span> <span class='ocrx_word' id='word_1_660' title='bbox 3149 4079 3360 4150; x_wconf 79' lang='grc' dir='ltr'>ἀγαθὴν</span> <span class='ocrx_word' id='word_1_661' title='bbox 3390 4079 3724 4146; x_wconf 76' lang='grc' dir='ltr'>ἐξεκόπτετε</span> 
     </span>
    </p>
   </div>
   <div class='ocr_carea' id='block_1_89' title="bbox 2141 4167 3724 4244">
    <p class='ocr_par' dir='ltr' id='par_1_89' title="bbox 2141 4167 3724 4244">
     <span class='ocr_line' id='line_1_89' title="bbox 2141 4167 3724 4244; baseline 0.001 -20"><span class='ocrx_word' id='word_1_662' title='bbox 2141 4173 2356 4227; x_wconf 75' lang='grc' dir='ltr'>ὲλπίδα“</span> <span class='ocrx_word' id='word_1_663' title='bbox 2390 4173 2528 4244; x_wconf 83' lang='grc' dir='ltr'>ὑπὲρ</span> <span class='ocrx_word' id='word_1_664' title='bbox 2554 4167 2628 4225; x_wconf 79' lang='grc' dir='ltr'>ὧν</span> <span class='ocrx_word' id='word_1_665' title='bbox 2666 4172 2730 4242; x_wconf 78' lang='grc' dir='ltr'><strong>δὴ</strong></span> <span class='ocrx_word' id='word_1_666' title='bbox 2762 4171 2855 4224; x_wconf 84' lang='grc' dir='ltr'><strong>τοῦ</strong></span> <span class='ocrx_word' id='word_1_667' title='bbox 2888 4172 3155 4238; x_wconf 87' lang='grc' dir='ltr'>παρόντος</span> <span class='ocrx_word' id='word_1_668' title='bbox 3196 4171 3430 4242; x_wconf 83' lang='grc' dir='ltr'>πολέμου</span> <span class='ocrx_word' id='word_1_669' title='bbox 3456 4173 3556 4242; x_wconf 80' lang='grc' dir='ltr'>τὴν</span> <span class='ocrx_word' id='word_1_670' title='bbox 3588 4191 3724 4226; x_wconf 78' lang='grc' dir='ltr'>συνο</span> 
     </span>
    </p>
   </div>
   <div class='ocr_carea' id='block_1_90' title="bbox 2139 4263 3728 4335">
    <p class='ocr_par' dir='ltr' id='par_1_90' title="bbox 2139 4263 3728 4335">
     <span class='ocr_line' id='line_1_90' title="bbox 2139 4263 3728 4335; baseline 0 -19"><span class='ocrx_word' id='word_1_671' title='bbox 2139 4264 2330 4335; x_wconf 76' lang='grc' dir='ltr'>τριϐὴν</span> <span class='ocrx_word' id='word_1_672' title='bbox 2364 4264 2484 4316; x_wconf 82' lang='grc' dir='ltr'>καθ’</span> <span class='ocrx_word' id='word_1_673' title='bbox 2519 4263 2726 4316; x_wconf 78' lang='grc' dir='ltr'>ἑαυτῶν</span> <span class='ocrx_word' id='word_1_674' title='bbox 2775 4265 3124 4334; x_wconf 80' lang='grc' dir='ltr'>κεκινήκατε.</span> <span class='ocrx_word' id='word_1_675' title='bbox 3173 4263 3294 4326; x_wconf 88' lang='grc' dir='ltr'>Πῶς</span> <span class='ocrx_word' id='word_1_676' title='bbox 3340 4265 3436 4318; x_wconf 74' lang='grc' dir='ltr'><strong>καὶ</strong></span> <span class='ocrx_word' id='word_1_677' title='bbox 3473 4264 3597 4317; x_wconf 87' lang='grc' dir='ltr'>τίνα</span> <span class='ocrx_word' id='word_1_678' title='bbox 3626 4267 3728 4318; x_wconf 73' lang='grc' dir='ltr'><strong>τὸν</strong></span> 
     </span>
    </p>
   </div>
   <div class='ocr_carea' id='block_1_91' title="bbox 2137 4353 3726 4430">
    <p class='ocr_par' dir='ltr' id='par_1_91' title="bbox 2137 4353 3726 4430">
     <span class='ocr_line' id='line_1_91' title="bbox 2137 4353 3726 4430; baseline 0.002 -24"><span class='ocrx_word' id='word_1_679' title='bbox 2137 4357 2362 4426; x_wconf 56' lang='lat' dir='ltr'><strong>cpi-nov;</strong></span> <span class='ocrx_word' id='word_1_680' title='bbox 2392 4375 2408 4406; x_wconf 79' lang='grc' dir='ltr'><strong>ι</strong></span> <span class='ocrx_word' id='word_1_681' title='bbox 2439 4354 2535 4408; x_wconf 80' lang='grc' dir='ltr'>Διά</span> <span class='ocrx_word' id='word_1_682' title='bbox 2563 4354 2721 4408; x_wconf 84' lang='grc' dir='ltr'>τοῦτο</span> <span class='ocrx_word' id='word_1_683' title='bbox 2747 4357 2796 4407; x_wconf 91' lang='grc' dir='ltr'>οἱ</span> <span class='ocrx_word' id='word_1_684' title='bbox 2821 4353 3112 4426; x_wconf 82' lang='grc' dir='ltr'>ἡγούμενοι</span> <span class='ocrx_word' id='word_1_685' title='bbox 3140 4355 3232 4408; x_wconf 84' lang='grc' dir='ltr'><strong>τοῦ</strong></span> <span class='ocrx_word' id='word_1_686' title='bbox 3259 4354 3389 4408; x_wconf 90' lang='grc' dir='ltr'>λαοῦ</span> <span class='ocrx_word' id='word_1_687' title='bbox 3414 4372 3515 4425; x_wconf 85' lang='grc' dir='ltr'><strong>μου</strong></span> <span class='ocrx_word' id='word_1_688' title='bbox 3537 4358 3726 4430; x_wconf 85' lang='grc' dir='ltr'>ἀποῤ-</span> 
     </span>
    </p>
   </div>
   <div class='ocr_carea' id='block_1_92' title="bbox 2142 4447 3730 4518">
    <p class='ocr_par' dir='ltr' id='par_1_92' title="bbox 2142 4447 3730 4518">
     <span class='ocr_line' id='line_1_92' title="bbox 2142 4447 3730 4518; baseline 0.004 -20"><span class='ocrx_word' id='word_1_689' title='bbox 2142 4449 2460 4518; x_wconf 68' lang='grc' dir='ltr'>ριφήσονται</span> <span class='ocrx_word' id='word_1_690' title='bbox 2520 4450 2584 4500; x_wconf 84' lang='grc' dir='ltr'><strong>ἐκ</strong></span> <span class='ocrx_word' id='word_1_691' title='bbox 2621 4447 2730 4500; x_wconf 90' lang='grc' dir='ltr'><strong>τῶν</strong></span> <span class='ocrx_word' id='word_1_692' title='bbox 2782 4447 2967 4500; x_wconf 87' lang='grc' dir='ltr'>οἰκιῶν</span> <span class='ocrx_word' id='word_1_693' title='bbox 3017 4447 3230 4518; x_wconf 81' lang='grc' dir='ltr'>τρυφῆς</span> <span class='ocrx_word' id='word_1_694' title='bbox 3283 4448 3484 4501; x_wconf 58' lang='grc' dir='ltr'>αὐτῶν</span> <span class='ocrx_word' id='word_1_695' title='bbox 3514 4449 3607 4502; x_wconf 77' lang='grc' dir='ltr'>διὰ</span> <span class='ocrx_word' id='word_1_696' title='bbox 3649 4452 3730 4505; x_wconf 75' lang='grc' dir='ltr'><strong>τὰ</strong></span> 
     </span>
    </p>
   </div>
   <div class='ocr_carea' id='block_1_93' title="bbox 2139 4537 3725 4610">
    <p class='ocr_par' dir='ltr' id='par_1_93' title="bbox 2139 4537 3725 4610">
     <span class='ocr_line' id='line_1_93' title="bbox 2139 4537 3725 4610; baseline 0.003 -20"><span class='ocrx_word' id='word_1_697' title='bbox 2139 4539 2352 4609; x_wconf 76' lang='grc' dir='ltr'>πονηρά</span> <span class='ocrx_word' id='word_1_698' title='bbox 2385 4538 2785 4610; x_wconf 82' lang='grc' dir='ltr'>ἐπιτηδεύματα</span> <span class='ocrx_word' id='word_1_699' title='bbox 2813 4538 2994 4592; x_wconf 86' lang='grc' dir='ltr'>αὑτῶν</span> <span class='ocrx_word' id='word_1_700' title='bbox 3026 4537 3358 4608; x_wconf 78' lang='grc' dir='ltr'>ἐξώσθησαν.</span> <span class='ocrx_word' id='word_1_701' title='bbox 3397 4557 3415 4590; x_wconf 75' lang='grc' dir='ltr'><strong>ι</strong></span> <span class='ocrx_word' id='word_1_702' title='bbox 3443 4539 3725 4605; x_wconf 75' lang='grc' dir='ltr'>Ἅπαντες</span> 
     </span>
    </p>
   </div>
   <div class='ocr_carea' id='block_1_94' title="bbox 459 4619 2035 4702">
    <p class='ocr_par' dir='ltr' id='par_1_94' title="bbox 459 4621 2032 4696">
     <span class='ocr_line' id='line_1_94' title="bbox 459 4621 2032 4696; baseline 0.004 -21"><span class='ocrx_word' id='word_1_703' title='bbox 459 4621 658 4675; x_wconf 90' lang='lat' dir='ltr'><strong>dentur</strong></span> <span class='ocrx_word' id='word_1_704' title='bbox 695 4637 792 4676; x_wconf 89' lang='lat' dir='ltr'><strong>sua</strong></span> <span class='ocrx_word' id='word_1_705' title='bbox 814 4622 868 4676; x_wconf 89' lang='lat' dir='ltr'><strong>in</strong></span> <span class='ocrx_word' id='word_1_706' title='bbox 899 4623 1158 4692; x_wconf 83' lang='lat' dir='ltr'><strong>populum</strong></span> <span class='ocrx_word' id='word_1_707' title='bbox 1185 4623 1576 4690; x_wconf 88' lang='lat' dir='ltr'><strong>dominatione,</strong></span> <span class='ocrx_word' id='word_1_708' title='bbox 1605 4634 1658 4679; x_wconf 90' lang='lat' dir='ltr'><strong>et</strong></span> <span class='ocrx_word' id='word_1_709' title='bbox 1683 4627 1739 4680; x_wconf 91' lang='lat' dir='ltr'><strong>in</strong></span> <span class='ocrx_word' id='word_1_710' title='bbox 1768 4641 2032 4696; x_wconf 88' lang='lat' dir='ltr'><strong>pauperes</strong></span> 
     </span>
    </p>
   </div>
   <div class='ocr_carea' id='block_1_95' title="bbox 2141 4619 3726 4702">
    <p class='ocr_par' dir='ltr' id='par_1_95' title="bbox 2141 4629 3726 4702">
     <span class='ocr_line' id='line_1_95' title="bbox 2141 4629 3726 4702; baseline 0.001 -20"><span class='ocrx_word' id='word_1_711' title='bbox 2141 4631 2243 4701; x_wconf 81' lang='grc' dir='ltr'><strong>γάρ</strong></span> <span class='ocrx_word' id='word_1_712' title='bbox 2271 4633 2320 4683; x_wconf 83' lang='lat' dir='ltr'><strong>oi</strong></span> <span class='ocrx_word' id='word_1_713' title='bbox 2351 4630 2601 4702; x_wconf 80' lang='grc' dir='ltr'>ἐξάρχειν</span> <span class='ocrx_word' id='word_1_714' title='bbox 2636 4629 2920 4695; x_wconf 83' lang='grc' dir='ltr'>δοκοῦντες</span> <span class='ocrx_word' id='word_1_715' title='bbox 2949 4631 3038 4684; x_wconf 72' lang='grc' dir='ltr'><strong>διὰ</strong></span> <span class='ocrx_word' id='word_1_716' title='bbox 3071 4629 3170 4701; x_wconf 82' lang='grc' dir='ltr'>τὴν</span> <span class='ocrx_word' id='word_1_717' title='bbox 3207 4629 3522 4684; x_wconf 86' lang='grc' dir='ltr'>δυναστείαν</span> <span class='ocrx_word' id='word_1_718' title='bbox 3551 4631 3611 4683; x_wconf 93' lang='grc' dir='ltr'><strong>ἐν</strong></span> <span class='ocrx_word' id='word_1_719' title='bbox 3640 4632 3726 4702; x_wconf 80' lang='grc' dir='ltr'>τῷ</span> 
     </span>
    </p>
   </div>
   <div class='ocr_carea' id='block_1_96' title="bbox 458 4713 2030 4785">
    <p class='ocr_par' dir='ltr' id='par_1_96' title="bbox 458 4713 2030 4785">
     <span class='ocr_line' id='line_1_96' title="bbox 458 4713 2030 4785; baseline 0.004 -19"><span class='ocrx_word' id='word_1_720' title='bbox 458 4713 765 4783; x_wconf 83' lang='lat' dir='ltr'><strong>iniquitate,</strong></span> <span class='ocrx_word' id='word_1_721' title='bbox 793 4714 1083 4784; x_wconf 82' lang='lat' dir='ltr'><strong>ejicientur</strong></span> <span class='ocrx_word' id='word_1_722' title='bbox 1103 4715 1354 4772; x_wconf 89' lang='lat' dir='ltr'><strong>domibus</strong></span> <span class='ocrx_word' id='word_1_723' title='bbox 1377 4717 1432 4770; x_wconf 93' lang='lat' dir='ltr'><strong>in</strong></span> <span class='ocrx_word' id='word_1_724' title='bbox 1468 4717 1670 4785; x_wconf 90' lang='lat' dir='ltr'><strong>quibus</strong></span> <span class='ocrx_word' id='word_1_725' title='bbox 1692 4718 2030 4773; x_wconf 86' lang='lat' dir='ltr'><strong>deliciaban-</strong></span> 
     </span>
    </p>
   </div>
   <div class='ocr_carea' id='block_1_97' title="bbox 457 4807 2026 4877">
    <p class='ocr_par' dir='ltr' id='par_1_97' title="bbox 457 4807 2026 4877">
     <span class='ocr_line' id='line_1_97' title="bbox 457 4807 2026 4877; baseline 0.004 -18"><span class='ocrx_word' id='word_1_726' title='bbox 457 4816 566 4869; x_wconf 90' lang='lat' dir='ltr'><strong>tur,</strong></span> <span class='ocrx_word' id='word_1_727' title='bbox 599 4808 687 4860; x_wconf 78' lang='lat' dir='ltr'><strong>ubi</strong></span> <span class='ocrx_word' id='word_1_728' title='bbox 719 4807 982 4877; x_wconf 90' lang='lat' dir='ltr'><strong>plurimas</strong></span> <span class='ocrx_word' id='word_1_729' title='bbox 1028 4821 1326 4877; x_wconf 88' lang='lat' dir='ltr'><strong>pauperum</strong></span> <span class='ocrx_word' id='word_1_730' title='bbox 1374 4823 1506 4877; x_wconf 88' lang='lat' dir='ltr'><strong>opes</strong></span> <span class='ocrx_word' id='word_1_731' title='bbox 1535 4820 2026 4876; x_wconf 84' lang='lat' dir='ltr'><strong>roacervaverant;</strong></span> 
     </span>
    </p>
   </div>
   <div class='ocr_carea' id='block_1_98' title="bbox 453 4899 2026 4972">
    <p class='ocr_par' dir='ltr' id='par_1_98' title="bbox 453 4899 2026 4972">
     <span class='ocr_line' id='line_1_98' title="bbox 453 4899 2026 4972; baseline 0.001 -18"><span class='ocrx_word' id='word_1_732' title='bbox 453 4906 510 4954; x_wconf 90' lang='lat' dir='ltr'><strong>et</strong></span> <span class='ocrx_word' id='word_1_733' title='bbox 549 4899 691 4954; x_wconf 90' lang='lat' dir='ltr'><strong>hanc</strong></span> <span class='ocrx_word' id='word_1_734' title='bbox 741 4900 1000 4969; x_wconf 71' lang='lat' dir='ltr'><strong>nequitia:</strong></span> <span class='ocrx_word' id='word_1_735' title='bbox 1033 4915 1147 4955; x_wconf 64' lang='lat' dir='ltr'><strong>sua:</strong></span> <span class='ocrx_word' id='word_1_736' title='bbox 1174 4916 1390 4971; x_wconf 66' lang='lat' dir='ltr'><strong>poenam</strong></span> <span class='ocrx_word' id='word_1_737' title='bbox 1445 4902 1617 4964; x_wconf 88' lang='lat' dir='ltr'><strong>luent,</strong></span> <span class='ocrx_word' id='word_1_738' title='bbox 1648 4902 1794 4972; x_wconf 90' lang='lat' dir='ltr'><strong>quod</strong></span> <span class='ocrx_word' id='word_1_739' title='bbox 1840 4917 2026 4957; x_wconf 88' lang='lat' dir='ltr'><strong>earum</strong></span> 
     </span>
    </p>
   </div>
   <div class='ocr_carea' id='block_1_99' title="bbox 452 4993 2026 5062">
    <p class='ocr_par' dir='ltr' id='par_1_99' title="bbox 452 4993 2026 5062">
     <span class='ocr_line' id='line_1_99' title="bbox 452 4993 2026 5062; baseline 0.001 -14"><span class='ocrx_word' id='word_1_740' title='bbox 452 5009 635 5048; x_wconf 86' lang='lat' dir='ltr'><strong>rerum</strong></span> <span class='ocrx_word' id='word_1_741' title='bbox 658 5008 918 5062; x_wconf 89' lang='lat' dir='ltr'><strong>possessu</strong></span> <span class='ocrx_word' id='word_1_742' title='bbox 939 4995 1214 5058; x_wconf 78' lang='lat' dir='ltr'><strong>excident,</strong></span> <span class='ocrx_word' id='word_1_743' title='bbox 1239 5010 1376 5062; x_wconf 86' lang='lat' dir='ltr'><strong>quas</strong></span> <span class='ocrx_word' id='word_1_744' title='bbox 1421 4993 1626 5062; x_wconf 84' lang='lat' dir='ltr'><strong>iniuste</strong></span> <span class='ocrx_word' id='word_1_745' title='bbox 1650 4995 2026 5050; x_wconf 89' lang='lat' dir='ltr'><strong>obtinuerant.</strong></span> 
     </span>
    </p>
   </div>
   <div class='ocr_carea' id='block_1_100' title="bbox 453 5083 2021 5154">
    <p class='ocr_par' dir='ltr' id='par_1_100' title="bbox 453 5083 2021 5154">
     <span class='ocr_line' id='line_1_100' title="bbox 453 5083 2021 5154; baseline -0.001 -17"><span class='ocrx_word' id='word_1_746' title='bbox 453 5084 595 5150; x_wconf 85' lang='lat' dir='ltr'><strong>Quid</strong></span> <span class='ocrx_word' id='word_1_747' title='bbox 653 5084 825 5153; x_wconf 76' lang='lat' dir='ltr'><strong>ergo?</strong></span> <span class='ocrx_word' id='word_1_748' title='bbox 875 5102 893 5135; x_wconf 77' lang='grc' dir='ltr'><strong>ι</strong></span> <span class='ocrx_word' id='word_1_749' title='bbox 958 5083 1326 5154; x_wconf 85' lang='lat' dir='ltr'><strong>Propiuquate</strong></span> <span class='ocrx_word' id='word_1_750' title='bbox 1388 5085 1668 5140; x_wconf 85' lang='lat' dir='ltr'><strong>montibus</strong></span> <span class='ocrx_word' id='word_1_751' title='bbox 1711 5085 1958 5142; x_wconf 67' lang='lat' dir='ltr'><strong>aeternis.</strong></span> <span class='ocrx_word' id='word_1_752' title='bbox 2002 5104 2021 5136; x_wconf 73' lang='grc' dir='ltr'><strong>ι</strong></span> 
     </span>
    </p>
   </div>
   <div class='ocr_carea' id='block_1_101' title="bbox 455 5179 2027 5252">
    <p class='ocr_par' dir='ltr' id='par_1_101' title="bbox 455 5179 2027 5252">
     <span class='ocr_line' id='line_1_101' title="bbox 455 5179 2027 5252; baseline 0.003 -18"><span class='ocrx_word' id='word_1_753' title='bbox 455 5179 630 5250; x_wconf 72' lang='lat' dir='ltr'><strong>Surge</strong></span> <span class='ocrx_word' id='word_1_754' title='bbox 685 5188 740 5235; x_wconf 91' lang='lat' dir='ltr'><strong>et</strong></span> <span class='ocrx_word' id='word_1_755' title='bbox 799 5180 1172 5252; x_wconf 77' lang='lat' dir='ltr'><strong>proficiscere,</strong></span> <span class='ocrx_word' id='word_1_756' title='bbox 1223 5183 1355 5250; x_wconf 89' lang='lat' dir='ltr'><strong>quia</strong></span> <span class='ocrx_word' id='word_1_757' title='bbox 1411 5197 1518 5236; x_wconf 92' lang='lat' dir='ltr'><strong>non</strong></span> <span class='ocrx_word' id='word_1_758' title='bbox 1552 5183 1640 5237; x_wconf 89' lang='lat' dir='ltr'><strong>hic</strong></span> <span class='ocrx_word' id='word_1_759' title='bbox 1683 5183 1779 5236; x_wconf 91' lang='lat' dir='ltr'><strong>tibi</strong></span> <span class='ocrx_word' id='word_1_760' title='bbox 1808 5183 2027 5252; x_wconf 86' lang='lat' dir='ltr'><strong>requies</strong></span> 
     </span>
    </p>
   </div>
   <div class='ocr_carea' id='block_1_102' title="bbox 453 5272 2020 5346">
    <p class='ocr_par' dir='ltr' id='par_1_102' title="bbox 453 5272 2020 5346">
     <span class='ocr_line' id='line_1_102' title="bbox 453 5272 2020 5346; baseline 0.002 -21"><span class='ocrx_word' id='word_1_761' title='bbox 453 5284 678 5342; x_wconf 89' lang='lat' dir='ltr'><strong>propter</strong></span> <span class='ocrx_word' id='word_1_762' title='bbox 725 5272 1130 5326; x_wconf 87' lang='lat' dir='ltr'><strong>immunditiam</strong></span> <span class='ocrx_word' id='word_1_763' title='bbox 1189 5287 1200 5322; x_wconf 93' lang='lat'>:</span> <span class='ocrx_word' id='word_1_764' title='bbox 1247 5272 1492 5338; x_wconf 88' lang='lat' dir='ltr'><strong>corrupti</strong></span> <span class='ocrx_word' id='word_1_765' title='bbox 1548 5273 1678 5330; x_wconf 87' lang='lat' dir='ltr'><strong>estis</strong></span> <span class='ocrx_word' id='word_1_766' title='bbox 1699 5274 2020 5346; x_wconf 87' lang='lat' dir='ltr'><strong>putredine:</strong></span> 
     </span>
    </p>
   </div>
   <div class='ocr_carea' id='block_1_103' title="bbox 2136 4720 3723 4793">
    <p class='ocr_par' dir='ltr' id='par_1_103' title="bbox 2136 4720 3723 4793">
     <span class='ocr_line' id='line_1_103' title="bbox 2136 4720 3723 4793; baseline 0.003 -20"><span class='ocrx_word' id='word_1_767' title='bbox 2136 4720 2249 4788; x_wconf 82' lang='grc' dir='ltr'><strong>λαῷ</strong></span> <span class='ocrx_word' id='word_1_768' title='bbox 2280 4721 2420 4791; x_wconf 84' lang='grc' dir='ltr'>ὑπὲρ</span> <span class='ocrx_word' id='word_1_769' title='bbox 2450 4722 2547 4792; x_wconf 81' lang='grc' dir='ltr'><strong>τῆς</strong></span> <span class='ocrx_word' id='word_1_770' title='bbox 2575 4722 2654 4784; x_wconf 88' lang='grc' dir='ltr'><strong>εἰς</strong></span> <span class='ocrx_word' id='word_1_771' title='bbox 2693 4721 2817 4784; x_wconf 81' lang='grc' dir='ltr'>τοὺς</span> <span class='ocrx_word' id='word_1_772' title='bbox 2840 4722 3076 4792; x_wconf 87' lang='grc' dir='ltr'>πένητας</span> <span class='ocrx_word' id='word_1_773' title='bbox 3104 4721 3336 4785; x_wconf 86' lang='grc' dir='ltr'>ἀδικίας,</span> <span class='ocrx_word' id='word_1_774' title='bbox 3375 4720 3723 4793; x_wconf 81' lang='grc' dir='ltr'>ἐξωσθήσον-</span> 
     </span>
    </p>
   </div>
   <div class='ocr_carea' id='block_1_104' title="bbox 2133 4807 3723 4885">
    <p class='ocr_par' dir='ltr' id='par_1_104' title="bbox 2133 4807 3723 4885">
     <span class='ocr_line' id='line_1_104' title="bbox 2133 4807 3723 4885; baseline 0.001 -22"><span class='ocrx_word' id='word_1_775' title='bbox 2133 4829 2223 4866; x_wconf 87' lang='grc' dir='ltr'><strong>ται</strong></span> <span class='ocrx_word' id='word_1_776' title='bbox 2253 4811 2363 4864; x_wconf 88' lang='grc' dir='ltr'><strong>τῶν</strong></span> <span class='ocrx_word' id='word_1_777' title='bbox 2391 4812 2554 4865; x_wconf 82' lang='grc' dir='ltr'>οἴκων</span> <span class='ocrx_word' id='word_1_778' title='bbox 2586 4807 2666 4875; x_wconf 80' lang='grc' dir='ltr'><strong>οἷς</strong></span> <span class='ocrx_word' id='word_1_779' title='bbox 2691 4812 3020 4882; x_wconf 79' lang='grc' dir='ltr'>ἐνετρύφων,</span> <span class='ocrx_word' id='word_1_780' title='bbox 3050 4810 3279 4865; x_wconf 87' lang='grc' dir='ltr'>πλοῦτον</span> <span class='ocrx_word' id='word_1_781' title='bbox 3310 4813 3373 4864; x_wconf 90' lang='grc' dir='ltr'><strong>ἐκ</strong></span> <span class='ocrx_word' id='word_1_782' title='bbox 3405 4811 3514 4864; x_wconf 92' lang='grc' dir='ltr'><strong>τῶν</strong></span> <span class='ocrx_word' id='word_1_783' title='bbox 3548 4815 3723 4885; x_wconf 79' lang='grc' dir='ltr'>πενή-</span> 
     </span>
    </p>
   </div>
   <div class='ocr_carea' id='block_1_105' title="bbox 2133 4904 3722 4976">
    <p class='ocr_par' dir='ltr' id='par_1_105' title="bbox 2133 4904 3722 4976">
     <span class='ocr_line' id='line_1_105' title="bbox 2133 4904 3722 4976; baseline 0 -18"><span class='ocrx_word' id='word_1_784' title='bbox 2133 4923 2241 4958; x_wconf 88' lang='grc' dir='ltr'><strong>των</strong></span> <span class='ocrx_word' id='word_1_785' title='bbox 2299 4904 2647 4972; x_wconf 78' lang='grc' dir='ltr'>συλλέγοντες</span> <span class='ocrx_word' id='word_1_786' title='bbox 2702 4904 2988 4957; x_wconf 73' lang='grc' dir='ltr'>πλεῖστονο</span> <span class='ocrx_word' id='word_1_787' title='bbox 3025 4904 3104 4976; x_wconf 83' lang='grc' dir='ltr'>(ρ.</span> <span class='ocrx_word' id='word_1_788' title='bbox 3141 4905 3270 4973; x_wconf 71' lang='lat'><strong>273)</strong></span> <span class='ocrx_word' id='word_1_789' title='bbox 3319 4906 3368 4958; x_wconf 83' lang='grc' dir='ltr'>οἳ</span> <span class='ocrx_word' id='word_1_790' title='bbox 3419 4905 3512 4958; x_wconf 75' lang='grc' dir='ltr'>καὶ</span> <span class='ocrx_word' id='word_1_791' title='bbox 3557 4905 3722 4970; x_wconf 87' lang='grc' dir='ltr'>δίκας</span> 
     </span>
    </p>
   </div>
   <div class='ocr_carea' id='block_1_106' title="bbox 2131 4995 3720 5068">
    <p class='ocr_par' dir='ltr' id='par_1_106' title="bbox 2131 4995 3720 5068">
     <span class='ocr_line' id='line_1_106' title="bbox 2131 4995 3720 5068; baseline 0 -19"><span class='ocrx_word' id='word_1_792' title='bbox 2131 4997 2229 5068; x_wconf 83' lang='grc' dir='ltr'>τῆς</span> <span class='ocrx_word' id='word_1_793' title='bbox 2271 4996 2548 5068; x_wconf 77' lang='grc' dir='ltr'>μοχθηρᾶς</span> <span class='ocrx_word' id='word_1_794' title='bbox 2597 4995 2848 5067; x_wconf 78' lang='grc' dir='ltr'>πράξεως</span> <span class='ocrx_word' id='word_1_795' title='bbox 2899 4995 3152 5058; x_wconf 84' lang='grc' dir='ltr'>δώσουσι,</span> <span class='ocrx_word' id='word_1_796' title='bbox 3183 4997 3245 5048; x_wconf 81' lang='grc' dir='ltr'><strong>τὸ</strong></span> <span class='ocrx_word' id='word_1_797' title='bbox 3296 4996 3400 5060; x_wconf 73' lang='grc' dir='ltr'><strong>ἔξω</strong></span> <span class='ocrx_word' id='word_1_798' title='bbox 3455 4997 3720 5064; x_wconf 88' lang='grc' dir='ltr'>γενέσθαι</span> 
     </span>
    </p>
   </div>
   <div class='ocr_carea' id='block_1_107' title="bbox 2129 5083 3713 5156">
    <p class='ocr_par' dir='ltr' id='par_1_107' title="bbox 2129 5083 3713 5156">
     <span class='ocr_line' id='line_1_107' title="bbox 2129 5083 3713 5156; baseline 0 -16"><span class='ocrx_word' id='word_1_799' title='bbox 2129 5086 2334 5140; x_wconf 80' lang='grc' dir='ltr'>τούτων</span> <span class='ocrx_word' id='word_1_800' title='bbox 2365 5085 2700 5149; x_wconf 89' lang='grc' dir='ltr'>δεσποτείας,</span> <span class='ocrx_word' id='word_1_801' title='bbox 2731 5085 2768 5138; x_wconf 82' lang='grc' dir='ltr'><strong>ά</strong></span> <span class='ocrx_word' id='word_1_802' title='bbox 2795 5084 2980 5148; x_wconf 82' lang='grc' dir='ltr'>κακῶς</span> <span class='ocrx_word' id='word_1_803' title='bbox 3009 5089 3470 5156; x_wconf 82' lang='grc' dir='ltr'>προσεκτήσαντο.</span> <span class='ocrx_word' id='word_1_804' title='bbox 3499 5086 3564 5138; x_wconf 79' lang='grc' dir='ltr'><strong>Τί</strong></span> <span class='ocrx_word' id='word_1_805' title='bbox 3585 5083 3713 5150; x_wconf 78' lang='grc' dir='ltr'>οὖνς</span> 
     </span>
    </p>
   </div>
   <div class='ocr_carea' id='block_1_108' title="bbox 2137 5175 3716 5248">
    <p class='ocr_par' dir='ltr' id='par_1_108' title="bbox 2137 5175 3716 5248">
     <span class='ocr_line' id='line_1_108' title="bbox 2137 5175 3716 5248; baseline 0.001 -20"><span class='ocrx_word' id='word_1_806' title='bbox 2137 5196 2155 5228; x_wconf 74' lang='grc' dir='ltr'><strong>ι</strong></span> <span class='ocrx_word' id='word_1_807' title='bbox 2202 5177 2485 5246; x_wconf 84' lang='grc' dir='ltr'>Ἐγγίσατε</span> <span class='ocrx_word' id='word_1_808' title='bbox 2523 5176 2707 5248; x_wconf 80' lang='grc' dir='ltr'>ὄρεσιν</span> <span class='ocrx_word' id='word_1_809' title='bbox 2754 5175 3015 5236; x_wconf 86' lang='grc' dir='ltr'>αἰωνίοις.</span> <span class='ocrx_word' id='word_1_810' title='bbox 3054 5195 3073 5226; x_wconf 72' lang='grc' dir='ltr'><strong>ι</strong></span> <span class='ocrx_word' id='word_1_811' title='bbox 3126 5175 3412 5247; x_wconf 82' lang='grc' dir='ltr'>Ἀνάστηθι</span> <span class='ocrx_word' id='word_1_812' title='bbox 3465 5178 3558 5230; x_wconf 77' lang='grc' dir='ltr'>καὶ</span> <span class='ocrx_word' id='word_1_813' title='bbox 3614 5194 3716 5230; x_wconf 84' lang='grc' dir='ltr'>πο-</span> 
     </span>
    </p>
   </div>
   <div class='ocr_carea' id='block_1_109' title="bbox 2133 5261 3714 5334">
    <p class='ocr_par' dir='ltr' id='par_1_109' title="bbox 2133 5261 3714 5334">
     <span class='ocr_line' id='line_1_109' title="bbox 2133 5261 3714 5334; baseline 0.004 -20"><span class='ocrx_word' id='word_1_814' title='bbox 2133 5262 2315 5334; x_wconf 89' lang='grc' dir='ltr'>ρεύου,</span> <span class='ocrx_word' id='word_1_815' title='bbox 2347 5263 2429 5317; x_wconf 84' lang='grc' dir='ltr'>ὅτι</span> <span class='ocrx_word' id='word_1_816' title='bbox 2456 5263 2554 5315; x_wconf 90' lang='grc' dir='ltr'><strong>οὑκ</strong></span> <span class='ocrx_word' id='word_1_817' title='bbox 2595 5261 2710 5315; x_wconf 80' lang='grc' dir='ltr'>ἐστι</span> <span class='ocrx_word' id='word_1_818' title='bbox 2741 5279 2822 5315; x_wconf 91' lang='grc' dir='ltr'><strong>σοι</strong></span> <span class='ocrx_word' id='word_1_819' title='bbox 2852 5262 2993 5333; x_wconf 81' lang='grc' dir='ltr'>αὔτη</span> <span class='ocrx_word' id='word_1_820' title='bbox 3025 5263 3330 5327; x_wconf 87' lang='grc' dir='ltr'>ἀνάπαυσις</span> <span class='ocrx_word' id='word_1_821' title='bbox 3357 5265 3542 5319; x_wconf 68' lang='grc' dir='ltr'>ἕνεκεν</span> <span class='ocrx_word' id='word_1_822' title='bbox 3572 5267 3714 5320; x_wconf 76' lang='grc' dir='ltr'>ἀκα-</span> 
     </span>
    </p>
   </div>
   <div class='ocr_carea' id='block_1_110' title="bbox 453 5353 2035 5433">
    <p class='ocr_par' dir='ltr' id='par_1_110' title="bbox 453 5359 2032 5433">
     <span class='ocr_line' id='line_1_110' title="bbox 453 5359 2032 5433; baseline 0 -16"><span class='ocrx_word' id='word_1_823' title='bbox 453 5362 696 5433; x_wconf 77' lang='lat' dir='ltr'><strong>fugistis,</strong></span> <span class='ocrx_word' id='word_1_824' title='bbox 770 5363 988 5418; x_wconf 87' lang='lat' dir='ltr'><strong>nemine</strong></span> <span class='ocrx_word' id='word_1_825' title='bbox 1069 5372 1447 5433; x_wconf 85' lang='lat' dir='ltr'><strong>persequente.</strong></span> <span class='ocrx_word' id='word_1_826' title='bbox 1500 5359 1669 5416; x_wconf 77' lang='lat' dir='ltr'><strong>Vobis</strong></span> <span class='ocrx_word' id='word_1_827' title='bbox 1727 5365 1910 5432; x_wconf 90' lang='lat' dir='ltr'><strong>itaque</strong></span> <span class='ocrx_word' id='word_1_828' title='bbox 1964 5379 2032 5418; x_wconf 89' lang='lat' dir='ltr'><strong>ne</strong></span> 
     </span>
    </p>
   </div>
   <div class='ocr_carea' id='block_1_111' title="bbox 2141 5353 3712 5433">
    <p class='ocr_par' dir='ltr' id='par_1_111' title="bbox 2141 5353 3712 5427">
     <span class='ocr_line' id='line_1_111' title="bbox 2141 5353 3712 5427; baseline 0.001 -20"><span class='ocrx_word' id='word_1_829' title='bbox 2141 5353 2388 5426; x_wconf 67' lang='grc' dir='ltr'><strong>Ξαρσίας⁸</strong></span> <span class='ocrx_word' id='word_1_830' title='bbox 2422 5353 2748 5426; x_wconf 82' lang='grc' dir='ltr'>διεφθάρητε</span> <span class='ocrx_word' id='word_1_831' title='bbox 2800 5353 3006 5426; x_wconf 72' lang='grc' dir='ltr'><strong>φθορᾷ⁸</strong></span> <span class='ocrx_word' id='word_1_832' title='bbox 3043 5355 3463 5427; x_wconf 85' lang='grc' dir='ltr'>κατεδιώχθητε,</span> <span class='ocrx_word' id='word_1_833' title='bbox 3496 5357 3712 5420; x_wconf 75' lang='grc' dir='ltr'>οὐδενὸς</span> 
     </span>
    </p>
   </div>
   <div class='ocr_carea' id='block_1_112' title="bbox 453 5444 2035 5525">
    <p class='ocr_par' dir='ltr' id='par_1_112' title="bbox 453 5453 2034 5525">
     <span class='ocr_line' id='line_1_112' title="bbox 453 5453 2034 5525; baseline 0.002 -21"><span class='ocrx_word' id='word_1_834' title='bbox 453 5453 728 5525; x_wconf 79' lang='lat' dir='ltr'><strong>pugnandi</strong></span> <span class='ocrx_word' id='word_1_835' title='bbox 749 5453 971 5524; x_wconf 76' lang='lat' dir='ltr'><strong>quidem</strong></span> <span class='ocrx_word' id='word_1_836' title='bbox 997 5453 1264 5508; x_wconf 88' lang='lat' dir='ltr'><strong>adversus</strong></span> <span class='ocrx_word' id='word_1_837' title='bbox 1293 5455 1480 5508; x_wconf 83' lang='lat' dir='ltr'><strong>hostes</strong></span> <span class='ocrx_word' id='word_1_838' title='bbox 1509 5460 1805 5522; x_wconf 63' lang='lat' dir='ltr'><strong>pratextus</strong></span> <span class='ocrx_word' id='word_1_839' title='bbox 1836 5470 2034 5524; x_wconf 90' lang='lat' dir='ltr'><strong>super-</strong></span> 
     </span>
    </p>
   </div>
   <div class='ocr_carea' id='block_1_113' title="bbox 2141 5444 3706 5525">
    <p class='ocr_par' dir='ltr' id='par_1_113' title="bbox 2141 5444 3706 5517">
     <span class='ocr_line' id='line_1_113' title="bbox 2141 5444 3706 5517; baseline -0.001 -15"><span class='ocrx_word' id='word_1_840' title='bbox 2141 5446 2429 5510; x_wconf 71' lang='grc' dir='ltr'>ἲιὼκοντος.</span> <span class='ocrx_word' id='word_1_841' title='bbox 2462 5447 2574 5516; x_wconf 84' lang='grc' dir='ltr'>Οὑχ</span> <span class='ocrx_word' id='word_1_842' title='bbox 2617 5444 3001 5500; x_wconf 84' lang='grc' dir='ltr'>ὑπολέλειπται</span> <span class='ocrx_word' id='word_1_843' title='bbox 3033 5446 3212 5501; x_wconf 88' lang='grc' dir='ltr'>τοίνυν</span> <span class='ocrx_word' id='word_1_844' title='bbox 3261 5448 3389 5517; x_wconf 86' lang='grc' dir='ltr'>ὑμῖν</span> <span class='ocrx_word' id='word_1_845' title='bbox 3443 5447 3562 5500; x_wconf 84' lang='grc' dir='ltr'>οὑδὲ</span> <span class='ocrx_word' id='word_1_846' title='bbox 3598 5449 3706 5517; x_wconf 86' lang='grc' dir='ltr'>μά-</span> 
     </span>
    </p>
   </div>
   <div class='ocr_carea' id='block_1_114' title="bbox 452 5538 2035 5615">
    <p class='ocr_par' dir='ltr' id='par_1_114' title="bbox 452 5543 2028 5615">
     <span class='ocr_line' id='line_1_114' title="bbox 452 5543 2028 5615; baseline 0.002 -18"><span class='ocrx_word' id='word_1_847' title='bbox 452 5545 579 5608; x_wconf 89' lang='lat' dir='ltr'><strong>erit,</strong></span> <span class='ocrx_word' id='word_1_848' title='bbox 609 5545 866 5614; x_wconf 91' lang='lat' dir='ltr'><strong>quoniam</strong></span> <span class='ocrx_word' id='word_1_849' title='bbox 892 5545 978 5601; x_wconf 87' lang='lat' dir='ltr'><strong>his</strong></span> <span class='ocrx_word' id='word_1_850' title='bbox 1000 5559 1030 5600; x_wconf 88' lang='lat' dir='ltr'><strong>a</strong></span> <span class='ocrx_word' id='word_1_851' title='bbox 1046 5543 1158 5600; x_wconf 90' lang='lat' dir='ltr'><strong>Deo</strong></span> <span class='ocrx_word' id='word_1_852' title='bbox 1177 5545 1250 5600; x_wconf 93' lang='lat' dir='ltr'><strong>ob</strong></span> <span class='ocrx_word' id='word_1_853' title='bbox 1269 5544 1570 5615; x_wconf 87' lang='lat' dir='ltr'><strong>nequitiam</strong></span> <span class='ocrx_word' id='word_1_854' title='bbox 1588 5551 1824 5599; x_wconf 86' lang='lat' dir='ltr'><strong>vestram</strong></span> <span class='ocrx_word' id='word_1_855' title='bbox 1848 5546 2028 5601; x_wconf 85' lang='lat' dir='ltr'><strong>traditi</strong></span> 
     </span>
    </p>
   </div>
   <div class='ocr_carea' id='block_1_115' title="bbox 2141 5538 3709 5615">
    <p class='ocr_par' dir='ltr' id='par_1_115' title="bbox 2141 5538 3709 5612">
     <span class='ocr_line' id='line_1_115' title="bbox 2141 5538 3709 5612; baseline -0.008 -8"><span class='ocrx_word' id='word_1_856' title='bbox 2141 5558 2228 5612; x_wconf 74' lang='grc' dir='ltr'>(ης</span> <span class='ocrx_word' id='word_1_857' title='bbox 2266 5539 2402 5610; x_wconf 78' lang='grc' dir='ltr'>πρὸς</span> <span class='ocrx_word' id='word_1_858' title='bbox 2428 5539 2555 5602; x_wconf 82' lang='grc' dir='ltr'>τοὺς</span> <span class='ocrx_word' id='word_1_859' title='bbox 2580 5538 2873 5610; x_wconf 79' lang='grc' dir='ltr'>πολεμίους</span> <span class='ocrx_word' id='word_1_860' title='bbox 2905 5540 3198 5611; x_wconf 72' lang='grc' dir='ltr'>πρόφασις,</span> <span class='ocrx_word' id='word_1_861' title='bbox 3227 5541 3330 5594; x_wconf 75' lang='grc' dir='ltr'><strong>ὑπὸ</strong></span> <span class='ocrx_word' id='word_1_862' title='bbox 3361 5540 3498 5594; x_wconf 89' lang='grc' dir='ltr'>Θεοῦ</span> <span class='ocrx_word' id='word_1_863' title='bbox 3525 5557 3709 5612; x_wconf 88' lang='grc' dir='ltr'>παρα-</span> 
     </span>
    </p>
   </div>
   <div class='ocr_carea' id='block_1_116' title="bbox 455 5629 2035 5708">
    <p class='ocr_par' dir='ltr' id='par_1_116' title="bbox 455 5632 2029 5708">
     <span class='ocr_line' id='line_1_116' title="bbox 455 5632 2029 5708; baseline 0.003 -20"><span class='ocrx_word' id='word_1_864' title='bbox 455 5632 658 5692; x_wconf 77' lang='lat' dir='ltr'><strong>fuistis.</strong></span> <span class='ocrx_word' id='word_1_865' title='bbox 689 5633 1112 5694; x_wconf 70' lang='lat' dir='ltr'><strong>Proﬁciscjmini</strong></span> <span class='ocrx_word' id='word_1_866' title='bbox 1139 5650 1270 5708; x_wconf 74' lang='lat' dir='ltr'><strong>ergo</strong></span> <span class='ocrx_word' id='word_1_867' title='bbox 1293 5635 1359 5690; x_wconf 85' lang='lat' dir='ltr'><strong>ad</strong></span> <span class='ocrx_word' id='word_1_868' title='bbox 1415 5635 1652 5691; x_wconf 89' lang='lat' dir='ltr'><strong>hostium</strong></span> <span class='ocrx_word' id='word_1_869' title='bbox 1681 5634 1836 5694; x_wconf 80' lang='lat' dir='ltr'><strong>ﬁnes.</strong></span> <span class='ocrx_word' id='word_1_870' title='bbox 1887 5651 2029 5706; x_wconf 88' lang='lat' dir='ltr'><strong>quos</strong></span> 
     </span>
    </p>
   </div>
   <div class='ocr_carea' id='block_1_117' title="bbox 2141 5629 3705 5708">
    <p class='ocr_par' dir='ltr' id='par_1_117' title="bbox 2141 5629 3705 5703">
     <span class='ocr_line' id='line_1_117' title="bbox 2141 5629 3705 5703; baseline -0.002 -17"><span class='ocrx_word' id='word_1_871' title='bbox 2141 5631 2428 5702; x_wconf 72' lang='grc' dir='ltr'>Ξεδομένοις</span> <span class='ocrx_word' id='word_1_872' title='bbox 2454 5629 2542 5684; x_wconf 79' lang='grc' dir='ltr'><strong>διά</strong></span> <span class='ocrx_word' id='word_1_873' title='bbox 2571 5630 2671 5703; x_wconf 74' lang='grc' dir='ltr'>τὴν</span> <span class='ocrx_word' id='word_1_874' title='bbox 2721 5630 3021 5702; x_wconf 79' lang='grc' dir='ltr'>μοχθηρίαν</span> <span class='ocrx_word' id='word_1_875' title='bbox 3049 5633 3148 5690; x_wconf 78' lang='grc' dir='ltr'>τὴν</span> <span class='ocrx_word' id='word_1_876' title='bbox 3187 5631 3396 5686; x_wconf 75' lang='grc' dir='ltr'>οἰκείαν</span> <span class='ocrx_word' id='word_1_877' title='bbox 3417 5650 3430 5663; x_wconf 76' lang='grc' dir='ltr'><strong>ο</strong></span> <span class='ocrx_word' id='word_1_878' title='bbox 3458 5630 3618 5685; x_wconf 82' lang='grc' dir='ltr'>άπιτε</span> <span class='ocrx_word' id='word_1_879' title='bbox 3643 5630 3705 5683; x_wconf 83' lang='grc' dir='ltr'>δὲ</span> 
     </span>
    </p>
   </div>
  </div>
