3844 6222
138 203 247 261 δεῖ

1110 191 1661 249 COMMENTARIUS
1698 190 1765 245 IN
1804 191 2116 248 MICHxEJE
2151 192 2299 249 CAP.
2349 193 2433 248 lll.

3289 192 3395 247 553

142 318 235 370 ἐπὶ
264 315 336 369 τά
368 314 492 386 ὅρια
524 311 632 367 τῶν
657 311 953 382 πολεμίων,
982 308 1016 363 ἃ
1042 309 1323 381 πόρρωθεν
1363 309 1491 377 ὑμῖν
1524 306 1721 378 ηὐτρέ-

1840 312 1997 366 nullo
2022 319 2183 366 antea
2210 312 2365 367 vobis
2391 310 2601 381 paravit
2654 307 2815 368 Deus.
2858 314 2917 361 ιιι
2948 305 3057 360 illic
3084 307 3284 375 captivi
3316 312 3395 361 in-

141 422 301 457 πισεν
341 406 371 457 ό
403 402 554 465 Θεὸς,
586 401 661 463 ὼς
700 400 765 453 ἂν
805 398 941 470 μετά
981 398 1356 468 αἰχμαλωσίας
1388 396 1624 465 οἱκοίητε
1662 398 1721 447 ὲν

140 495 357 558 αὐτοῖς·
389 496 570 563 τυχεῖν
600 494 707 562 γάρ
731 507 790 543 σε
811 491 910 559 τῆς
938 488 1168 542 ἐνταῦθα
1204 487 1583 550 ἀναπαύσεως,
1612 485 1720 538 τῶν

139 586 449 640 ἀδυνάτων·
511 582 699 652 ἐπειδὴ
760 581 901 651 ὑπὲρ
954 572 1031 632 ὧν
1095 577 1405 649 ἀκαθαρσίᾳ
1464 576 1721 644 ωνεζῆτε

142 676 314 745 πολλῇ
346 674 489 727 κατά
514 691 574 725 τε
616 671 713 740 τὴν
742 671 1017 735 ἀσέϐειαν,
1048 668 1191 721 κατά
1224 684 1285 719 τε
1309 668 1409 739 τὴν
1441 667 1549 719 τῶν
1578 666 1720 736 πρά-

143 769 281 832 ξεων
323 766 645 838 μοχθηρίαν,
691 767 758 834 τῇ
792 763 900 815 τῶν
939 761 1213 831 πολεμίων
1262 759 1529 828 διαφθορᾷ
1584 774 1725 826 παρ-

142 861 363 930 εδόθητε
417 862 494 922 εἰς
540 860 605 929 ήν
637 854 1046 917 συνελαύνεσθε,
1090 854 1190 906 οὐκ
1236 849 1536 921 ἀνθρώπων
1580 850 1725 918 ὑμᾶς

144 953 494 1019 άπαγόντων,
525 948 660 1003 ἀλλὰ
698 946 833 1000 Θεοῦ
878 944 972 998 τοῦ
1012 944 1109 1016 τὴν
1144 942 1411 1015 τιμωρίαν
1442 940 1725 1013 ὁρίσαντος

143 1042 353 1110 ταύτην
386 1040 533 1109 ὑμῖν.

217 1130 368 1199 Στίχ.
396 1136 585 1197 ια’-ιγ’.
615 1158 685 1166 -
712 1127 820 1180 Καὶ
849 1126 947 1196 τὴν
970 1125 1149 1178 αἰτίαν
1176 1124 1349 1192 λέγων
1377 1123 1475 1193 τῆς
1498 1121 1607 1174 τῶν
1638 1138 1728 1174 πε-

147 1223 483 1294 πραγμένων
538 1222 720 1283 αὐτοῖς
773 1218 1106 1287 διαφθορᾶς,
1170 1237 1187 1267 ε
1250 1214 1474 1285 Πνεῦμα
1531 1214 1727 1283 ἔστησε

144 1314 380 1383 ψευδές·
436 1332 455 1364 ι
507 1312 698 1381 γέγονε
748 1311 803 1363 δέ
838 1327 943 1375 σοι,
990 1309 1144 1379 φησὶ,
1181 1310 1399 1361 πάντων
1452 1305 1621 1358 αἴτιον
1668 1304 1729 1356 τὸ

148 1405 429 1459 πιστεύειν
469 1407 535 1474 τῇ
576 1404 684 1455 τῶν
715 1400 1175 1473 ψευδοπροφητῶν
1215 1401 1419 1470 ἀπάτῃ.
1461 1416 1480 1449 ι
1541 1397 1729 1449 Ἑστά-

145 1498 278 1564 λαξέ
304 1515 386 1550 σοι
414 1498 493 1560 είς
520 1491 660 1548 οἶνον
706 1496 798 1548 καὶ
842 1494 1111 1563 μέθυσμα.
1153 1513 1170 1544 ι
1212 1492 1452 1544 Ἐκείνου
1485 1489 1592 1560 γὰρ
1622 1491 1729 1541 ἀπ·-

147 1589 413 1653 εστάλαξέ
440 1606 521 1641 σοι
550 1588 774 1656 ταυτηνὶ
792 1587 890 1656 τὴν
919 1586 1208 1657 τιμωρίαν,
1227 1585 1317 1653 ἀφ’
1342 1578 1408 1655 ἦς
1440 1582 1728 1653 μεθύοντος

149 1681 465 1749 διενήνοχας
493 1677 668 1741 οὐδὲν,
700 1680 763 1747 τῇ
793 1676 1033 1747 ποικιλίᾳ
1063 1676 1457 1747 περιαγόμενος
1484 1674 1590 1726 τῶν
1624 1691 1722 1725 κα-

152 1770 293 1823 κῶν·
326 1768 606 1838 ἐδείξαμεν
638 1775 713 1838 (p.
752 1768 878 1834 274)
911 1768 967 1820 δὲ
991 1769 1082 1820 καὶ
1108 1767 1333 1837 ἑτέρωθι
1352 1768 1433 1819 ὅτι
1462 1766 1551 1819 τὸν
1578 1762 1726 1819 οἶνον

150 1860 246 1911 ἐπὶ
276 1862 375 1929 τῆς
397 1859 664 1930 τιμωρίας
692 1858 858 1926 λέγει.
893 1876 910 1909 ι
950 1858 1057 1911 Καὶ
1081 1857 1231 1911 ἔσται
1260 1860 1322 1910 ἐκ
1346 1858 1446 1927 τῆς
1471 1858 1728 1925 σταγόνος

150 1951 249 2003 τοῦ
284 1949 413 2003 λαοῦ
448 1950 635 2003 τούτου
684 1950 1047 2020 συναγόμενος
1085 1950 1475 2019 συναχθήσεται
1534 1947 1727 2001 Ἰακὼὸ

153 2045 255 2097 σὺν
286 2045 470 2096 πᾶσιν.
508 2063 526 2094 ο
571 2044 664 2095 Ἐκ
691 2042 747 2095 δὲ
770 2043 970 2113 ταύτης
1003 2046 1101 2113 τῆς
1132 2044 1315 2105 κακῶς
1349 2044 1477 2112 ύμῖν
1507 2045 1727 2111 ἐγγενο-

152 2137 327 2208 μένης
352 2138 565 2208 ἀπάτης
601 2138 708 2189 τῶν
734 2135 1191 2207 ψευδοπροφητῶν
1213 2178 1227 2202 ,
1253 2138 1490 2199 ἆπαντες
1521 2138 1600 2199 είς
1629 2138 1728 2206 τὴν

152 2227 437 2299 παροῦσαν
468 2226 791 2300 ⁴ἡθροίσθητε
821 2225 1089 2297 τιμωρίαν
1110 2267 1123 2289 ,
1159 2227 1223 2297 ἣν
1255 2227 1502 2296 οὐδαμῶς
1534 2228 1729 2296 διαφυ-

152 2321 275 2385 γεῖν
318 2319 443 2387 ύμῖν
480 2317 720 2371 δυνατόν.
769 2335 786 2368 ι
850 2317 1229 2386 Ἑκδεχόμενος
1269 2316 1553 2388 ἐκδέξομαι
1603 2321 1729 2382 τοὺς

155 2411 519 2473 καταλοίπους
554 2410 648 2462 τοῦ
705 2408 937 2479 Ἰσραὴλ,
974 2409 1064 2461 ἐπὶ
1088 2408 1148 2460 τὸ
1183 2408 1315 2461 αὐτὸ
1363 2408 1598 2480 θήσομαι
1631 2411 1729 2481 τὴν

153 2502 505 2572 ἀποστροφὴν
529 2502 725 2555 αὐτῶν.
769 2521 786 2551 ι
822 2502 1105 2564 ’Ἂπαντας
1126 2500 1301 2553 τοίνυν
1330 2502 1497 2572 ὑμᾶς,
1524 2502 1650 2567 τούς
1670 2521 1729 2557 τε

154 2596 425 2668 πρότερον
467 2593 768 2664 ληφθέντας
817 2593 919 2646 ὑπὸ
950 2592 1058 2645 τῶν
1099 2593 1428 2663 Ἀσσυρίων,
1464 2594 1559 2647 καὶ
1604 2597 1732 2658 τοὺς

146 2685 410 2757 ὕστερον.
442 2682 693 2754 ἀναμενῶ
719 2686 784 2755 τῇ
816 2683 1050 2755 τοσαύτῃ
1082 2683 1537 2755 παραδιδομένους
1563 2703 1735 2755 τιμω-

158 2779 277 2850 ρίᾳ,
303 2780 382 2841 εἰς
402 2778 467 2848 ἢν
487 2776 627 2830 κατά
649 2777 841 2829 ταυτὸν
868 2775 977 2829 τῶν
1002 2776 1180 2829 τόπων
1208 2777 1601 2848 ἀφαιρηθέντες
1626 2777 1734 2830 τῶν

146 2870 398 2932 σοίκείων,
431 2868 916 2941 ἀποστραφήσεσθε
947 2870 1025 2931 είς
1059 2868 1431 2939 αἰχμαλωσίαν
1461 2870 1737 2939 ἀπαγόμε,

1820 406 2044 472 colatis;
2070 420 2197 459 nam
2220 412 2274 459 te
2302 404 2406 458 hoc
2433 404 2554 456 loco
2581 402 2789 455 diutius
2812 400 3114 469 quiescere.
3140 400 3395 468 impossi-

1822 499 1930 552 bile
1957 506 2074 563 est;
2106 495 2546 566 quandoquidem
2591 501 2812 564 propter
2844 494 2964 546 vitze
2996 498 3189 544 vestrm
3218 492 3395 560 impu-

1825 593 2040 645 ritatem
2115 591 2229 645 sive
2294 587 2598 657 irreligiosi!
2665 586 2779 640 sive
2843 585 3086 653 improbe
3162 583 3395 648 agendo,

1826 683 2076 737 hostibus
2140 680 2338 738 vestris
2395 680 2462 732 ad
2521 678 2815 747 perniciem
2867 677 3049 729 traditi
3100 676 3267 735 estis.
3327 674 3394 727 ad

1824 788 1987 842 quam
2020 772 2328 833 ducemini;
2374 770 2517 824 haud
2550 769 2865 823 hominibus
2913 784 3007 821 vos
3030 768 3392 830 trahentibus.

1827 864 1921 921 sed
1951 866 2073 935 ipso
2105 865 2213 919 Deo
2242 866 2333 934 qui
2367 865 2506 918 hanc
2530 863 2685 917 vobis
2708 877 2921 931 poenam
2949 860 3209 915 decrevit.

1898 1151 2064 1205 Vens.
2103 1149 2299 1202 11-15.
2322 1178 2391 1187 -
2412 1146 2547 1199 Tum
2580 1159 2800 1198 causam
2830 1144 3151 1211 corrupte-lae
3181 1141 3397 1194 illorum

1828 1244 2019 1298 dicens
2053 1260 2065 1294 :
2102 1259 2119 1292 ε
2155 1239 2393 1309 Spiritus
2420 1280 2435 1304 ,
2479 1238 2654 1306 inquit
2681 1278 2696 1299 .
2738 1237 2931 1290 statuit
2970 1236 3335 1289 mendacium.
3372 1253 3391 1284 ι

1828 1337 2005 1390 Causa
2043 1336 2140 1389 tibi
2173 1335 2367 1387 horum
2407 1331 2651 1385 omnium
2697 1330 2833 1387 fuit.
2879 1330 3036 1381 fidem
3077 1328 3398 1380 adhibuisse

1832 1431 2094 1484 falsorum
2157 1427 2543 1495 prophetarum
2606 1423 2806 1476 fraudi.
2844 1442 2861 1471 ι
2898 1421 3133 1475 Stillavit
3188 1420 3283 1473 tibi
3342 1420 3399 1473 in

1829 1522 2013 1575 viuum
2046 1527 2099 1573 et
2128 1519 2468 1573 ebrietatem.
2500 1534 2516 1567 ›
2549 1514 2623 1567 Ex
2660 1514 2752 1567 illo
2791 1514 2884 1566 tibi
2935 1512 3218 1566 instillavit
3258 1511 3399 1563 hanc

1833 1610 2171 1679 punitionem
2198 1647 2211 1665 .
2244 1621 2351 1675 qua
2387 1605 2561 1658 factus
2593 1617 2651 1657 es
2679 1604 2832 1655 ebrio
2862 1601 3058 1655 similis
3081 1641 3095 1662 ,
3129 1600 3398 1652 malorum

1827 1704 2103 1755 variorum
2133 1698 2482 1753 multitudine
2510 1698 2895 1750 circumactus.
2930 1692 2994 1744 Et
3023 1691 3241 1760 quidem
3274 1688 3402 1743 alibi

1828 1810 1931 1849 nos
1958 1792 2333 1849 ostendimus.
2373 1791 2555 1843 vinum
2590 1788 2698 1841 dici
2739 1803 2768 1840 a
2807 1786 3090 1855 Scriptura
3126 1784 3401 1838 interdum

1829 1902 1930 1957 pro
1961 1885 2263 1955 punitione.
2304 1883 2465 1952 180
2496 1900 2514 1932 ι
2538 1881 2602 1933 Et
2632 1881 2738 1934 erit
2760 1921 2774 1944 ,
2817 1880 2884 1931 de
2916 1877 3061 1931 stilla
3089 1877 3272 1947 populi
3303 1876 3405 1928 hn-

1825 1979 1951 2047 jus.
1992 1975 2417 2043 congregatione
2454 1970 2876 2039 congregabitur
2909 1967 3078 2021 Jacoh
3117 1982 3241 2021 cum
3280 1982 3402 2018 om-

1830 2069 2013 2122 nibus.
2046 2086 2065 2118 ι
2097 2066 2180 2121 0h
2219 2068 2359 2118 hanc
2397 2074 2578 2117 autem
2622 2062 2759 2114 male
2800 2061 2956 2113 vobis
2996 2059 3325 2114 insinuatam
3372 2072 3404 2111 a

1829 2157 1984 2212 falsis
2039 2154 2319 2225 prophetis
2370 2152 2614 2206 fraudem
2646 2191 2658 2214 ,
2699 2151 2888 2204 cuncti
2938 2150 3099 2203 simul
3148 2149 3213 2202 ad
3264 2148 3405 2204 hanc

1831 2247 2009 2301 adacti
2061 2260 2275 2313 poenam
2324 2242 2537 2304 fuistis.
2594 2256 2755 2311 quam
2807 2255 2915 2294 non
2966 2239 3095 2292 licet
3143 2238 3401 2307 effugere.

1837 2362 1855 2392 ι
1870 2338 2228 2409 Suscipiendo
2245 2336 2541 2405 suscipiam
2562 2334 2799 2402 reliquos
2815 2332 2928 2387 lsra
2939 2331 3058 2394 elis,
3075 2330 3129 2384 in
3153 2330 3205 2383 id
3225 2331 3405 2400 ipsum

1833 2448 2029 2502 ponam
2065 2430 2401 2484 aversionem
2433 2442 2644 2481 eorum.
2686 2445 2703 2476 ι
2732 2424 2974 2479 Cunctos
3003 2438 3134 2491 ergo
3164 2436 3260 2477 vos
3291 2430 3407 2475 tum

1833 2530 1989 2577 antea
2017 2529 2207 2591 captos
2238 2519 2307 2572 ab
2334 2519 2575 2588 Assyriis
2597 2558 2610 2580 ,
2644 2524 2756 2569 tum
2807 2525 2996 2584 postea
3019 2555 3035 2578 ,
3078 2514 3410 2583 exspectabo

1833 2615 1926 2670 tali
1959 2628 2132 2683 poeme
2158 2611 2499 2666 contraditos
2519 2651 2534 2671 .
2564 2609 2630 2663 ad
2657 2625 2819 2678 quam
2851 2608 3093 2678 propriis
3127 2607 3299 2661 avulsi
3332 2622 3413 2661 sc-

1834 2708 1997 2761 dibus
2035 2703 2392 2762 avertemini.
2440 2704 2493 2756 in
2527 2701 2895 2771 captivitatem
2938 2701 3173 2769 abrepti.
3204 2719 3222 2750 ι
3255 2699 3412 2753 Sicut

1836 2813 1966 2853 oves
2000 2796 2054 2850 in
2088 2795 2447 2849 tribulatione
2467 2836 2480 2858 ,
2510 2792 2665 2861 quasi
2702 2808 2891 2862 greges
2923 2792 2976 2845 in
3006 2793 3186 2845 medio
3214 2792 3412 2846 nubilis

1838 2890 1923 2945 Stti
1950 2930 1964 2950 .
1996 2888 2252 2945 exsiiient
2275 2902 2340 2940 ex
2373 2884 2705 2939 hominibus.
2737 2904 2754 2935 ι
2774 2884 2985 2938 Tantus
3017 2885 3167 2937 vobis
3196 2886 3415 2953 ingruet

151 2979 262 3014 νοι.
311 2978 331 3012 ι
387 2960 473 3023 Ὠς
509 2960 753 3030 πρόϐατα
784 2960 840 3012 ὲν
871 2958 1066 3027 θλίψει,
1108 2959 1181 3022 ῶς
1228 2961 1454 3030 ποίμνια
1494 2964 1552 3014 ἐν
1587 2961 1735 3032 μέσῳ

1840 2997 2008 3050 pavor
2053 2981 2120 3034 ab
2161 2978 2398 3032 hostium
2429 2977 2688 3041 incursu,
2718 2985 2778 3029 ut
2818 2975 2961 3028 haud
2996 2977 3291 3030 dissimiles
3326 2975 3413 3028 fu-

150 3054 351 3122 ·κοίτης
382 3051 558 3104 αὐτῶν
602 3051 915 3117 ὲξαλοῦνται
954 3051 1012 3117 ἐξ
1053 3050 1372 3122 ἀνθρώπιον.
1429 3073 1447 3105 ι
1502 3053 1735 3106 Τοσοῠτο

151 3146 273 3216 γὰρ
306 3145 433 3215 ύμῖν
467 3146 784 3215 ἐμπεσεῖται
813 3144 929 3207 δέος
977 3145 1042 3196 ὲκ
1079 3144 1175 3213 τῆς
1214 3146 1402 3213 ἐφόδου
1435 3146 1544 3198 τῶν
1580 3146 1737 3199 πολε-

153 3237 330 3307 μίων,
384 3234 523 3287 ὥστε
574 3235 740 3305 μηδὲν
791 3235 933 3304 ὑμᾶς
982 3235 1299 3289 ἀπεοικέναι
1336 3236 1655 3307 προϐάτων,
1700 3235 1737 3289 ἃ

155 3324 494 3380 καθεύδοντα
519 3324 583 3377 ἀθ
594 3325 712 3395 ρόον
735 3324 1054 3387 ἐπιστάντος
1080 3324 1266 3389 λύκου,
1299 3328 1379 3389 εἰς
1404 3329 1649 3398 ταραχήν
1678 3344 1735 3380 τε

157 3415 526 3471 καθίστανται
568 3416 659 3468 καί
690 3415 840 3478 δέος,
893 3416 1019 3483 περὶ
1053 3414 1151 3484 τῆς
1182 3416 1454 3487 σωτηρίας
1500 3417 1737 3483 ἀγωνίαν

156 3505 589 3577 ἀναγκαζόμενα
618 3508 713 3577 τῆς
745 3506 966 3567 οἰκείας.
1015 3524 1032 3557 ι
1100 3506 1356 3576 Ἀνάὸηθι
1386 3507 1473 3560 διὰ
1513 3508 1610 3577 τῆς
1648 3524 1740 3560 κο·-

159 3599 279 3667 πῆς
338 3597 444 3667 πρὸ
489 3594 779 3665 προσώπου
833 3596 1043 3649 αὐτῶνθ
1093 3596 1347 3665 διέκοψαν
1389 3600 1480 3650 καὶ
1527 3599 1741 3669 διῆλθον

164 3689 371 3759 πύλην,
404 3690 496 3741 καὶ
518 3688 737 3758 ἐξῆλθον
757 3688 822 3740 δι’
848 3689 1033 3757 αὐτῆς·
1063 3690 1157 3742 καὶ
1185 3690 1403 3760 ἐξῆλθεν
1430 3692 1457 3743 ὸ
1488 3690 1740 3759 βασιλεὺς

164 3780 353 3835 αὐτῶν
386 3780 492 3850 πρὸ
518 3778 808 3848 προσώπου
839 3779 1035 3833 αὐτῶν.
1080 3799 1099 3831 ι
1152 3778 1369 3850 Ἐπειδὴ
1406 3782 1514 3853 γὰρ
1552 3783 1601 3834 οί
1638 3783 1741 3836 Βα-

165 3872 423 3926 ϐυλώνιοι
456 3873 548 3924 ἐπὶ
593 3872 724 3924 πολὺ
761 3871 858 3943 τὴν
912 3872 1268 3943 Ἰερουσαλὴμ
1302 3875 1737 3946 πολιορκοῦντες,

168 3967 250 4033 (ν.
284 3963 412 4032 2⁸75)
444 3965 796 4034 μηχανήμασι
829 3962 925 4034 τὴν
950 3964 1103 4017 πόλιν
1126 3965 1379 4030 λαϐόντες
1413 3967 1658 4039 διένεμον
1683 3970 1744 4022 τὸ

166 4057 381 4125 τεῖχος,
423 4054 564 4107 οὕτω
602 4071 661 4107 τε
699 4056 796 4124 τὴν
830 4057 909 4118 εἰς
947 4055 1046 4127 τὴν
1093 4056 1245 4111 πόλιν
1289 4058 1493 4111 εἴσοδον
1532 4062 1745 4124 ἑαυτοῖς

170 4147 747 4217 πραγματευσάμενοι,
783 4146 1025 4211 ἅπαντας
1060 4149 1197 4218 μετά
1226 4148 1321 4202 τοῦ
1366 4150 1625 4220 βασιλέως
1657 4153 1745 4206 διὰ

170 4238 277 4307 τῆς
316 4236 491 4307 πύλης
538 4239 629 4289 ἐπὶ
671 4238 771 4307 τὴν
820 4240 1193 4310 αἰχμαλωσίαν
1249 4241 1550 4311 ἐξήγαγον·
1589 4245 1745 4298 τοῦτο

1840 3074 1945 3127 turi
1980 3073 2100 3126 sitis
2130 3072 2314 3124 ovium
2341 3084 2462 3139 qua:
2489 3068 2853 3127 dormientes.
2899 3067 3143 3121 irruente
3192 3075 3416 3132 repente

1838 3165 2001 3233 lupo.
2034 3163 2271 3216 tumultu
2308 3171 2362 3215 et
2386 3163 2834 3215 consternatione
2866 3159 3181 3224 turbantur,
3223 3158 3290 3213 de
3326 3176 3416 3214 sa-

1838 3255 1949 3308 lute
1972 3269 2070 3309 sua
2096 3252 2371 3322 trepidare
2398 3262 2620 3306 coactae.
2645 3270 2663 3302 ι
2694 3251 2943 3305 Ascende
2970 3266 3065 3320 per
3092 3252 3415 3305 divisionem

1840 3355 1967 3401 ante
2001 3344 2193 3399 faciem
2228 3360 2459 3409 eorum;
2493 3343 2803 3397 diviserunt
2837 3353 2891 3399 et
2920 3345 3258 3398 transierunt
3293 3360 3417 3414 por-

1840 3444 1952 3489 tam
1978 3474 1993 3497 .
2024 3444 2078 3490 et
2113 3450 2209 3504 per
2236 3448 2357 3489 eam
2391 3444 2746 3490 excesserunt
2773 3454 2785 3488 :
2816 3444 2869 3489 et
2905 3451 2997 3488 rex
3028 3451 3215 3489 eorum
3252 3437 3418 3491 exivit

1841 3535 1968 3581 ante
2007 3528 2174 3595 ipsos.
2210 3545 2228 3577 ι
2254 3525 2552 3596 Postquam
2602 3526 2883 3597 Babylonii
2931 3526 3270 3582 Hierusalem
3323 3528 3417 3582 diu

1841 3618 2209 3680 obsederunt.
2250 3628 2672 3689 expugnataque
2702 3620 2920 3674 demum
2963 3621 3099 3674 urbe
3145 3619 3417 3673 machinis

1843 3711 2044 3766 muenia
2076 3711 2415 3775 diviserunt,
2452 3719 2616 3780 atque
2647 3710 2897 3780 ingressu
2951 3712 3055 3766 sibi
3105 3713 3378 3781 patefacto
3403 3755 3419 3775 .

1844 3809 2073 3856 cunctos
2099 3816 2207 3855 una
2236 3817 2361 3855 cum
2394 3817 2518 3871 rege
2548 3817 2644 3871 per
2685 3812 2897 3872 portam
2944 3804 2996 3857 in
3042 3805 3419 3872 captivitatem

1844 3894 2210 3962 expulerunt;
2249 3894 2352 3947 hoc
2389 3893 2504 3947 ait:
2544 3893 2821 3957 Ascende,
2862 3895 2986 3949 vide
3017 3910 3234 3948 murum
3268 3902 3421 3949 tuum

1844 3983 2113 4047 divisum,
2147 3999 2308 4054 quem
2342 3984 2529 4038 hostes
2559 3983 2918 4040 demolientes
2946 4001 3143 4039 vanam
3177 3986 3273 4039 tibi
3308 4002 3428 4055 spe-

1845 4083 2020 4129 ratam
2056 4076 2125 4130 ab
2158 4078 2260 4129 hoc
2292 4077 2522 4129 salutem
2552 4074 2869 4130 effecerunt.
2899 4075 3166 4131 Omnibus
3194 4079 3336 4131 enim
3370 4079 3426 4132 in

1848 4169 1983 4223 urbe
2016 4168 2435 4237 superstitibus,
2472 4179 2596 4237 post
2632 4169 2939 4222 occisorum
2988 4180 3223 4238 stragem
3257 4172 3426 4239 capti-

1848 4259 2009 4322 vatis.
2040 4276 2136 4330 per
2168 4268 2378 4330 portam
2397 4275 2559 4330 quam
2582 4275 2832 4315 reserare
2852 4261 3130 4323 noluistis,
3151 4262 3424 4324 exierunt,

171 4329 357 4397 λέγει·
392 4328 570 4381 Ἀνιθι
605 4328 691 4397 δὴ,
726 4331 877 4398 φησὶ,
925 4331 1017 4382 καὶ
1049 4331 1149 4401 δρα
1189 4331 1248 4384 τὸ
1287 4333 1464 4403 τεῖχός
1503 4351 1597 4386 σου
1638 4334 1735 4388 δια-

1856 4361 2129 4421 praaeuntc
2173 4354 2228 4406 in
2273 4353 2641 4422 captivitatem
2676 4354 2768 4407 illo
2798 4353 2889 4423 qui
2922 4366 3078 4407 antea
3104 4370 3198 4409 rex
3235 4370 3425 4409 eorum

171 4416 542 4488 τετμημένον,
574 4416 602 4468 ὃ
640 4417 990 4485 διακόψαντες
1027 4421 1076 4471 οί
1111 4420 1358 4491 πολέμιοι
1394 4425 1629 4492 ματαίαν
1665 4442 1747 4478 σοι

173 4510 278 4581 τὴν
301 4510 748 4581 ύποπτευομένην
775 4511 1022 4565 ἐντεῦθεν
1044 4514 1342 4583 ἀσφάλειαν
1362 4518 1745 4588 πεποιήκασινο

175 4602 430 4665 ἅπαντας
456 4601 564 4673 γὰρ
589 4604 712 4665 τοὺς
741 4604 797 4654 ὲν
827 4605 890 4673 τῇ
920 4604 1069 4656 πόλει
1101 4604 1239 4673 μετά
1262 4606 1362 4677 τὴν
1395 4606 1503 4661 τῶν
1532 4627 1750 4663 πεπτω-

176 4693 355 4747 κότων
391 4693 705 4763 ἀναίρεσιν,
735 4693 824 4746 διὰ
870 4693 970 4763 τῆς
1020 4695 1211 4765 πύλης,
1258 4698 1323 4766 ἣν
1378 4698 1600 4767 ἀνάγειν
1651 4703 1751 4755 οὐκ

1853 4461 1976 4501 esse
2000 4446 2303 4501 videbatur.
2330 4445 2393 4499 At
2412 4446 2555 4499 enim
2578 4446 2854 4514 quomodo
2873 4446 2985 4499 hac
3009 4445 3193 4500 hostes
3213 4454 3429 4516 patrate

1855 4537 2163 4605 poterunt?
2190 4554 2207 4587 ι
2242 4535 2507 4590 Dominus
2534 4535 2643 4589 dux
2692 4536 2905 4588 illorum
2950 4538 3074 4590 erit.
3111 4556 3128 4587 ι
3166 4535 3429 4592 Dominus

1855 4623 2201 4692 imperatoris
2252 4624 2372 4679 vice
2418 4624 2666 4695 fungitur
2714 4624 2857 4693 apud
2910 4626 3163 4681 inimicos
3193 4634 3424 4683 vestros.

1855 4708 2060 4766 Deinde
2091 4726 2191 4766 cur
2222 4712 2337 4767 hac
2367 4715 2667 4781 patiantur.
2704 4729 2898 4768 rursus
2925 4716 3018 4768 ait.

176 4784 490 4876 ἐϐούλεσθε,
523 4784 777 4848 λαϐόντες
808 4785 1181 4855 αἰχμαλώτους
1211 4787 1461 4858 ἐξῆλθον,
1492 4796 1903 4864 προηγουμένου
1942 4801 2043 4869 τῆς
2089 4801 2464 4871 αἰχμαλωσίας
2514 4802 2606 4855 τοῦ
2656 4801 2958 4871 βασιλεύειν
3006 4804 3185 4857 αὐτῶν
3233 4805 3429 4876 πρότε-

180 4893 279 4947 ρον
339 4875 637 4941 δοκοῦντος.
692 4878 803 4930 Καὶ
844 4877 961 4940 πῶς
1020 4879 1191 4934 ταῦτα
1250 4880 1472 4950 ποιῆσαι
1522 4883 1839 4954 δυνήσονται
1879 4892 1929 4943 οἱ
1981 4892 2263 4964 πολέμιοι;
2313 4913 2331 4945 ι
2385 4895 2442 4947 Ὀ
2484 4895 2540 4947 δὲ
2582 4894 2785 4965 Κύριος
2837 4896 3101 4965 ἡγήσεται
3149 4875 3364 4951 αὐτῶν*
3403 4916 3426 4952 t

179 4967 373 5038 ἐπειδὴ
414 4966 543 5031 Θεὸς
595 4968 778 5031 αὐτοῖς
826 4968 884 5021 ὲν
929 4968 1041 5032 τοῖς
1088 4968 1207 5021 καθ’
1241 4970 1393 5041 ὑμῶν
1437 4980 1734 5046 στρατηγεῖ
1782 4980 2079 5052 πολεμίοις.
2133 4980 2263 5038 Εἶτα
2293 4985 2386 5037 καὶ
2436 4985 2577 5054 ὑπὲρ
2620 4977 2696 5037 ὧν
2732 4985 2900 5038 ταῦτα
2938 4987 3213 5042 πείσονται
3271 4992 3432 5045 πάλιν

177 5061 383 5114 λέγων’

830 5158 990 5213 ΚΕΦ.
1035 5158 1104 5214 Γ.

258 5245 410 5316 Στίχ.
450 5246 585 5300 α’-δ¹.
608 5279 676 5288 -
705 5266 723 5299 t
760 5249 869 5302 Kal.
892 5251 1039 5320 ἐρεῖ⁸
1074 5250 1363 5305 Ἀκούσατε
1395 5252 1480 5323 δὴ,
1508 5254 1563 5306 αἱ
1596 5254 1763 5326 ἀρχαὶ

2406 5166 2559 5237 ιει
2599 5166 2751 5221 CAP.
2794 5167 2881 5223 ιιι.

1930 5256 2095 5311 Vens.
2129 5256 2245 5310 1-6.
2278 5287 2340 5298 --
2370 5276 2388 5307 ι
2422 5258 2484 5311 Et
2511 5258 2693 5314 dicet:
2745 5261 2975 5327 Audite.
3024 5266 3305 5338 principes
3339 5266 3433 5324 Ja-

185 5336 283 5391 τοῦ
330 5337 522 5391 Ἰακὼϐ
542 5379 557 5403 ,
588 5340 683 5393 καὶ
714 5340 763 5393 οἱ
793 5341 1112 5395 κατάλοιποι
1160 5342 1309 5395 οἴκου
1365 5344 1616 5415 Ἰσραήλ⁹
1666 5347 1735 5417 ού]

1860 5348 1985 5411 cob,
2002 5358 2057 5403 et
2079 5348 2273 5417 reliqui
2296 5349 2492 5406 domus
2510 5350 2754 5408 lsraelis:
2782 5357 3026 5425 nunquid
3054 5374 3160 5413 non
3189 5336 3431 5419 vestrum

191 5430 328 5500 ύμῖν
366 5431 483 5483 ἐστι
506 5431 599 5485 τοῦ
637 5433 839 5501 γνῶναι
872 5434 933 5488 τὺ
966 5436 1174 5507 κρῖμας
1223 5454 1244 5487 ι
1281 5436 1595 5506 Συμπράξει
1632 5438 1735 5510 γὰρ

1862 5448 1947 5497 est
1993 5456 2321 5511 cognoscere
2364 5441 2682 5509 judicium?
2722 5464 2740 5496 ι
2776 5446 3160 5512 Auxiliabitur.
3218 5453 3429 5523 inquit.

196 5520 355 5592 φησὶ,
397 5521 519 5576 καθ’
566 5522 719 5594 ὑμῶν
750 5530 861 5599 τοῖς
904 5527 1209 5599 πολεμίοις,
1259 5529 1458 5595 ταύτας
1499 5531 1626 5602 ὑμῖν
1666 5532 1766 5597 τὰς

196 5611 381 5678 αἰτίας
410 5613 650 5684 ἐπάγων.
685 5619 779 5673 καὶ
811 5620 946 5693 πρὸς
977 5620 1219 5686 ἅπαντας
1252 5621 1379 5685 τούς
1406 5640 1464 5677 τε
1510 5621 1765 5695 ἐξάρχον-

1870 5530 2072 5585 vestris
2120 5529 2409 5594 hostibus;
2438 5530 2545 5585 bas
2592 5532 2750 5588 vobis
2798 5534 3067 5603 objiciens
3107 5551 3333 5602 causas.
3373 5546 3431 5592 et

1871 5621 2086 5678 cunctis
2132 5621 2475 5693 principibus
2528 5625 2761 5691 vestris,
2815 5635 2866 5681 et
2916 5627 3183 5697 reliquis,
3243 5629 3432 5685 dicens
