3844 6222
437 200 544 258 τεεο

1607 185 1958 244 TIIEODOBI
2003 183 2487 242 MOPSUESTENI

3583 175 3687 231 560

439 312 695 370 debuisse
719 324 817 364 vos
846 307 1090 378 apprime
1119 305 1356 362 ofﬁcium
1384 312 1628 361 vestrum
1661 304 2012 366 discernere,

2139 318 2215 364 ra;
2243 304 2301 354 ἐν
2332 303 2462 372 ὑμῖν
2488 299 2582 353 καὶ
2609 297 2736 361 τοὺς
2765 295 2986 358 λοιποὺς
3009 294 3203 362 λέγων,
3229 293 3310 346 δτι
3337 295 3556 348 Πάντων
3591 293 3694 363 μά-

439 405 632 459 vitium
662 399 937 461 aversari,
970 401 1228 451 virtutem
1261 395 1555 464 amplecti,
1597 394 1853 462 quoniam
1901 393 2016 446 haec

441 494 624 547 omnia
654 506 757 561 ego
788 505 883 543 vos
909 489 1201 542 docuerant
1231 495 1347 540 tum
1394 485 1528 554 legis
1578 484 1978 539 constitutione
1999 521 2014 544 ,

443 595 554 639 tum
590 582 714 636 aliis
745 595 866 649 quae
894 593 1040 646 saepe
1071 577 1141 630 ob
1172 576 1320 629 hunc
1353 576 1512 629 linem
1541 574 1708 628 edixi.
1743 591 1760 624 ι
1795 571 1902 625 Vos
1929 587 2019 622 au-

439 685 550 730 tem
579 674 704 728 odio
737 673 952 725 habetis
987 671 1188 722 bonum
1211 707 1224 730 ,
1257 675 1310 721 et
1339 666 1594 736 appetitis
1623 667 1821 718 malum
1843 703 1858 726 ,
1896 663 2020 717 diri-

443 768 572 836 pitis
599 779 786 819 eorum
818 761 985 831 pelles
1011 766 1244 827 desuper
1268 758 1349 812 eis
1371 797 1384 820 ,
1409 767 1461 812 et
1494 771 1688 810 carnes
1709 772 1776 810 ex
1803 756 2019 810 ossibus

443 872 654 910 eorum.
689 873 708 906 ι
741 853 852 906 Vos
900 867 1031 906 vero
1083 851 1424 905 contrarium
1469 847 1734 902 doctrinae
1784 857 2022 916 accepta:

441 949 626 1002 facitis
648 991 662 1014 ,
695 954 1012 1001 aversantes
1047 945 1249 997 bonum
1273 981 1287 1004 ,
1325 949 1706 1010 perpetrantes
1739 941 1913 1002 mala,
1947 947 2024 991 to-

446 1051 668 1109 tamque
700 1046 938 1093 vestram
991 1037 1044 1088 in
1092 1049 1358 1104 pauperes
1404 1032 1831 1099 humilioresque
1868 1045 2025 1084 exer-

443 1142 638 1188 centes
667 1131 1048 1198 iniquitatem,
1081 1134 1315 1180 cunctas
1343 1139 1531 1178 eorum
1567 1121 1907 1176 multimodis
1937 1121 2023 1174 di-

446 1225 699 1294 ripiendo
731 1220 1045 1275 facultates.
1079 1217 1222 1284 Quid
1255 1215 1426 1286 ergo?
1455 1233 1473 1266 ι
1507 1212 1664 1268 Sicut
1697 1213 1886 1283 populi
1919 1212 2025 1266 mei

445 1332 642 1372 carnes
695 1313 1089 1378 comederunt,
1138 1321 1192 1364 ct
1235 1310 1406 1380 pelles
1445 1309 1494 1361 ei
1541 1307 1937 1367 detraxerunt,
1971 1313 2026 1358 et

447 1424 576 1464 ossa
605 1407 1079 1469 comminuerunt,
1107 1411 1161 1458 et
1190 1403 1552 1457 conciderunt
1576 1403 1718 1455 sicut
1744 1415 1940 1454 carnes
1971 1399 2026 1453 in

448 1501 623 1556 lebete
644 1541 658 1560 .
692 1507 747 1553 et
780 1500 925 1552 sicut
950 1512 1172 1552 carnem
1219 1496 1274 1549 in
1304 1495 1412 1546 olla
1440 1511 1454 1548 :
1504 1495 1585 1548 sic
1631 1493 1697 1546 ad
1733 1491 2024 1545 Dominum

448 1590 797 1652 clamabunt,
845 1588 941 1657 qui
986 1602 1095 1641 non
1141 1583 1398 1640 exaudiet
1430 1598 1559 1646 eos,
1593 1590 1910 1651 avertetque
1944 1580 2026 1634 fa-

2116 395 2272 446 λιστα
2308 394 2453 462 ὑμᾶς
2486 391 2652 461 ἐχρῆν
2680 389 2978 458 διακρίνειν
3017 386 3078 438 τὸ
3108 385 3262 448 δέον,
3296 385 3390 438 καὶ
3427 385 3693 455 ἀποστρέ-

2119 481 2314 550 φεσθαι
2347 481 2445 551 μὲν
2476 481 2534 533 τὸ
2561 482 2763 550 χεῖρον,
2799 475 3073 547 αἱρεῖσθαι
3113 475 3170 528 δὲ
3199 477 3258 527 τδ
3289 477 3534 545 κρεῖττον
3555 511 3570 535 ,
3600 473 3695 527 ἅτε

2118 574 2373 628 ἀπάντων
2408 572 2506 640 μὲν
2536 571 2694 625 τοῦτο
2741 569 2872 640 παρ’
2901 566 3035 638 ἐμοῦ
3065 566 3464 636 δεδιδαγμένων
3506 565 3595 618 διά
3635 581 3696 617 τε

2119 667 2218 735 τῆς
2258 665 2488 736 νομικῆς
2537 663 2833 727 διατάξεως
2874 660 2967 715 καὶ
3006 659 3116 713 τῶν
3157 659 3391 721 λοιπῶν,
3422 657 3595 711 ὁπόσα
3633 656 3696 726 δὴ

2122 757 2258 828 πρὸς
2299 757 2458 809 τοῦτο
2500 755 2775 825 πεποίηκα
2799 751 3088 813 πολλάκις,
3131 752 3206 822 (p.
3239 750 3367 818 276)
3400 750 3494 802 ἐπὶ
3526 748 3699 817 τούτῳ

2121 849 2178 901 δέ
2211 847 2432 900 καὶτῶν
2456 848 2734 917 ἀρχόντων
2756 849 2834 911 είς
2853 848 2952 918 τήν
2975 846 3226 915 ἐξουσίαν
3248 841 3699 915 παρεληλυθότων

2120 940 2349 1009 ταύτην.
2384 960 2401 991 ι
2435 941 2498 992 Οἱ
2527 941 2570 992 δ’
2602 940 2682 992 ἔτι
2707 939 2988 1010 μισοῦντες
3013 939 3082 993 τὰ
3104 938 3264 999 καλά,
3289 936 3383 989 καὶ
3413 934 3702 1006 ζητοῦντες

2122 1031 2191 1084 τά
2214 1048 2348 1102 πονη
2358 1029 2446 1100 ρὰ,
2469 1031 2807 1102 ἁρπάζοντες
2825 1030 2895 1084 τὰ
2914 1031 3156 1101 δέρματα
3179 1029 3354 1083 αὐτῶν
3371 1027 3479 1080 ἀπὸ
3501 1025 3700 1090 αὐτῶν,

2125 1125 2220 1177 καὶ
2247 1123 2345 1187 τὰς
2388 1123 2598 1194 σάρκας
2629 1123 2809 1176 αὐτῶν
2851 1124 2958 1177 ἀπὸ
2987 1121 3102 1176 τῶν
3131 1121 3305 1174 ὀστῶν
3338 1119 3533 1173 αὐτῶν.
3581 1138 3599 1169 ο
3640 1119 3703 1171 Οί

2124 1215 2181 1267 δὲ
2207 1214 2519 1267 τούναντίον
2551 1207 2625 1267 ὧν
2649 1213 2962 1286 ἐδιδάχθητε
2994 1210 3408 1283 διαπράττεσθε,
3437 1211 3706 1281 ἀποστρε-

2127 1306 2349 1375 φόμενοι
2397 1306 2495 1375 μὲν
2523 1307 2594 1358 τά
2617 1305 2758 1359 καλὰ
2777 1345 2792 1368 ,
2821 1304 3177 1376 ἐργαζόμενοι
3200 1303 3258 1356 δὲ
3295 1302 3363 1355 τά
3391 1301 3584 1371 χείρω,
3615 1301 3705 1351 καὶ

2130 1398 2310 1450 πᾶσαν
2340 1398 2420 1459 εἰς
2445 1398 2568 1459 τοὺς
2591 1396 2833 1467 πένητάς
2854 1413 2914 1448 τε
2941 1397 3034 1450 καὶ
3054 1394 3465 1464 εὐτελεστέρους
3492 1392 3706 1444 ἀδικίαν

2129 1487 2562 1558 ἐπιδεικνύμενοι
2585 1487 2662 1559 τῷ
2693 1489 2871 1540 πάντα
2910 1487 2978 1541 τὰ
3018 1489 3290 1558 προσόντα
3317 1487 3499 1546 αὐτοῖς
3538 1485 3707 1551 ἀφαι-

2132 1578 2342 1648 ρεῖσθαι
2385 1578 2666 1640 ποικίλως.
2697 1579 2760 1630 Τί
2790 1574 2924 1644 οὖν;
2969 1597 2987 1629 ι
3031 1580 3127 1630 “Ov
3166 1577 3364 1648 τρόπον
3398 1575 3710 1642 κατέφαγον

447 1682 585 1735 ciem
617 1695 770 1733 suam
802 1680 870 1732 ab
901 1677 1036 1747 ipsis
1064 1685 1310 1746 tempore
1337 1675 1426 1728 illo
1447 1713 1460 1736 ,
1487 1674 1748 1744 quoniam
1778 1673 2028 1742 nequiter

2139 1669 2228 1733 τὰς
2257 1669 2466 1741 σάρκας
2489 1670 2584 1723 τοῦ
2615 1670 2742 1722 λαοῦ
2777 1688 2903 1741 μου,
2926 1671 3019 1724 καὶ
3048 1670 3115 1723 τά
3137 1671 3381 1742 δέρματα
3405 1668 3586 1721 αὐτῶν
3615 1667 3710 1720 ἀπ’

446 1779 676 1840 egerunt
704 1771 758 1823 in
788 1768 1268 1822 adinventionibus
1295 1765 1432 1820 suis.
1461 1783 1478 1816 ι
1511 1765 1650 1831 Quia
1681 1779 1798 1824 vos,
1831 1763 2029 1831 inquit,

447 1856 633 1908 omnia
676 1856 1011 1924 pauperibus
1052 1853 1374 1924 eripuistis,
1413 1851 1561 1906 varie
1601 1853 1724 1907 illos
1769 1852 2032 1906 fraudan-

449 1953 567 2009 tes,
628 1947 1002 2015 Opprimenles
1054 1955 1220 2015 atque
1273 1952 1657 2008 conterentes,
1718 1944 1842 1999 ideo
1889 1944 2032 1997 facta

449 2035 693 2091 hostium
732 2034 1052 2089 incursione
1085 2035 1412 2090 invocabitis
1440 2035 1662 2105 quidem
1700 2035 2033 2090 necessitate

452 2136 733 2196 premente
763 2125 930 2181 Deum
954 2166 969 2189 ,
1005 2126 1216 2179 nullum
1253 2134 1433 2180 tamen
1471 2126 1837 2196 impetrahitis
1869 2125 1938 2180 ab
1963 2141 2028 2179 eo

452 2218 720 2271 auxilium
750 2235 762 2270 :
800 2218 909 2270 imo
940 2233 1008 2271 ne
1041 2219 1318 2286 respicere
1346 2217 1566 2286 quidem
1614 2232 1711 2272 vos
1755 2217 1933 2280 volet,
1975 2225 2030 2272 et

453 2309 789 2363 instantibus
849 2310 1074 2363 omnino
1135 2308 1294 2362 malis
1352 2308 1686 2374 contradet,
1744 2316 2031 2378 propterea

453 2403 598 2472 quod
635 2410 745 2455 tam
779 2400 1000 2470 indigna
1022 2442 1038 2465 ,
1071 2411 1292 2470 tamque
1323 2401 1480 2470 plena
1510 2400 1795 2468 injustitizc
1821 2401 2034 2470 operari

451 2510 550 2548 vos
597 2495 866 2564 cognovit.
920 2493 1038 2548 Jum
1090 2503 1379 2564 postquam
1425 2493 1563 2547 dixit
1612 2509 1735 2563 qua:
1767 2493 2033 2558 fecerint,

456 2585 617 2654 182
646 2593 700 2639 et
729 2600 848 2653 quae
877 2584 988 2637 sint
1015 2591 1299 2653 propterea
1326 2587 1538 2653 passuri
1563 2626 1578 2650 ,
1601 2585 1730 2654 quia
1765 2586 2029 2640 falsorum

453 2678 846 2746 prophetarum
866 2676 1048 2730 verbis
1073 2676 1444 2741 crediderunt,
1461 2685 1651 2730 contra
1675 2677 1826 2747 ipsos
1851 2677 2034 2732 denuo

453 2767 625 2823 falsos
655 2768 948 2838 praphetas
977 2783 1287 2823 sermonem
1320 2770 1622 2833 convertit,
1656 2779 1709 2823 et
1741 2770 1851 2823 ait:

455 2859 734 2923 παντελῶς
764 2859 820 2912 δὲ
849 2863 960 2921 τοῖς
989 2858 1307 2928 κατέχουσιν
1336 2859 1576 2922 ἐκδιδοὺς
1600 2863 1806 2925 κακοῖς,
1849 2861 2033 2933 ἐπειδή

2128 1763 2310 1815 αὐτῶν
2335 1761 2630 1834 ἐξέδειραν,
2663 1765 2757 1816 καί¹
2784 1763 2853 1816 τὰ
2877 1764 3011 1816 ὀστᾶ
3036 1764 3212 1817 αὐτῶν
3237 1761 3592 1824 συνέθλασαν,
3620 1761 3711 1813 καὶ

2129 1853 2393 1924 ὲμέρισαν
2421 1855 2498 1917 ὼς
2530 1856 2740 1925 σάρκας
2787 1855 2868 1918 είς
2915 1854 3150 1924 λέϐητα,
3200 1855 3293 1907 καὶ
3337 1853 3410 1915 ὡς
3442 1854 3582 1924 κρέα
3633 1854 3710 1913 εἰς

2129 1945 2334 2017 χύτραν
2358 1988 2373 2011 ,
2411 1945 2585 2010 οὕτως
2633 1946 2992 2018 κεκράξονται
3028 1946 3163 2017 πρὸς
3203 1947 3406 2016 Κύριον
3430 1984 3445 2009 ,
3483 1945 3580 1997 καὶ
3612 1945 3712 1998 οὐκ

2131 2035 2512 2090 εἰσακούσεται
2557 2038 2758 2101 αὐτῶν,
2802 2039 2897 2091 καὶ
2944 2038 3278 2109 ἀποστρέψει
3317 2038 3378 2090 τὸ
3419 2038 3711 2108 πρόσωπον

2135 2125 2300 2179 αὑτοῦ
2333 2128 2428 2180 ἀπ’
2471 2127 2651 2181 αὐτῶν
2679 2129 2738 2180 ἐν
2771 2129 2850 2198 τῷ
2880 2129 3056 2200 καιρῷ
3085 2131 3306 2200 ἐκείνῳ,
3336 2129 3450 2182 ἀνθ’
3477 2123 3552 2182 ὧν
3582 2134 3711 2184 ἐπο-

2137 2218 2468 2289 νηρεύσαντο
2520 2222 2578 2273 ἐν
2624 2223 2737 2284 τοῖς
2792 2221 3222 2292 ἐπιτηδεύμασιν
3263 2221 3441 2274 αὐτῶν
3483 2221 3571 2274 ἐπ’
3612 2226 3712 2276 αὐ·

2139 2313 2270 2374 τοῖς.
2313 2329 2332 2362 ι
2379 2311 2594 2382 Ἐπειδὴ
2631 2312 2768 2383 γὰρ,
2812 2314 3012 2383 φησὶν,
3056 2314 3216 2383 ὑμεῖς
3263 2315 3441 2366 πάντα
3488 2314 3557 2367 τά
3606 2313 3713 2366 τῶν

2141 2404 2388 2472 πενήτων
2418 2404 2737 2474 ἀφῃρεῖσθε,
2770 2404 3032 2467 ποικίλως
3061 2405 3252 2468 αὐτοὺς
3285 2404 3598 2467 ἀδικοῦντες
3624 2407 3715 2458 καὶ

2143 2493 2403 2564 ἄρχοντες
2425 2498 2521 2550 καὶ
2549 2496 2948 2568 συντρίϐοντες,
2973 2497 3061 2551 διά
3083 2497 3241 2551 τοῦτο
3266 2498 3363 2568 τῆς
3392 2498 3586 2568 ἐφόδου
3611 2498 3715 2550 τῶν

2140 2589 2417 2660 πολεμίων
2440 2593 2768 2663 γιγνομένης
2795 2594 3056 2647 καλέσετε
3087 2594 3185 2664 μὲν
3215 2594 3319 2647 ὑπὸ
3346 2595 3444 2663 τῆς
3470 2593 3715 2664 ἀνάγκης

2137 2682 2228 2733 τὸν
2253 2681 2407 2747 Θεὸν,
2441 2683 2697 2753 οὐδεμιᾶς
2717 2684 2774 2737 δὲ
2801 2685 3054 2752 τεύξεσθε
3081 2687 3181 2757 τῆς
3205 2687 3414 2740 ἐκεῖθεν
3441 2687 3712 2757 βοηθείας·

2125 2773 2262 2826 ἀλλά
2305 2774 2403 2844 μὲν
2453 2777 2502 2826 εί
2561 2777 2695 2845 μηδὲ
2757 2777 3120 2847 προσϐλέπειν
3173 2779 3302 2848 ὑμῖν
3349 2780 3715 2851 αἱρούμενος,

2093 2864 2320 2919 τοιαῦτα
2352 2865 2526 2920 ἄτοπα
2567 2868 2662 2920 καὶ
2722 2868 2988 2941 τοσαύτης
3045 2870 3256 2935 ἀδικίας
3293 2872 3466 2942 μεστά
3507 2890 3720 2945 πεπρα-

455 2955 574 3024 χόσι
607 2955 684 3024 (p.
710 2954 835 3019 277)
862 2951 1098 3005 σύνοιδεν
1129 2951 1291 3021 ὑμῖν·
1321 2951 1562 3023 εἰρηκὼς
1605 2953 1663 3006 δὲ
1687 2954 1724 3006 ἆ
1776 2971 1836 3006 τε
1869 2955 2154 3027 ἔπραττον,
2192 2961 2286 3014 καὶ
2326 2959 2363 3014 ἀ
2424 2963 2704 3018 πείσονται
2757 2964 2896 3035 ὑπὲρ
2947 2964 3182 3031 τούτων,
3223 2968 3333 3029 τοῖς
3371 2965 3481 3018 τῶν
3531 2967 3718 3037 ψευδο-

459 3047 751 3120 προφητῶν
779 3045 1204 3108 πεπιστευκότες
1243 3045 1443 3114 λόγοις,
1485 3047 1572 3098 ὲπ’
1617 3047 1816 3110 αὐτοὺς
1847 3050 2008 3112 πάλιν
2039 3054 2165 3117 τοὺς
2199 3053 2649 3126 ψευδοπροφήτας
2683 3057 2875 3128 τρέπει
2906 3057 2996 3110 τὸν
3034 3055 3189 3125 λόγον
3209 3099 3222 3120 ,
3259 3056 3351 3109 καί
3382 3074 3542 3128 φησι·

534 3138 695 3195 Vens.
730 3140 927 3194 5-7.—
957 3161 974 3191 ι
1005 3138 1130 3196 Πεεο
1159 3139 1295 3193 dicit
1327 3138 1591 3194 Dominus
1613 3155 1778 3210 super
1803 3143 2035 3211 prophe—
2063 3151 2109 3211 ο

457 3241 581 3296 tas,
628 3234 720 3303 qui
763 3233 1031 3289 seducunt
1071 3233 1332 3304 populum
1380 3249 1599 3297 meum,
1657 3234 1750 3303 qui
1791 3236 2040 3289 mordent

457 3324 714 3379 dentibus
742 3325 857 3379 suis
881 3364 896 3386 ,
929 3333 982 3378 et
1013 3325 1312 3393 praedicant
1347 3324 1428 3379 eis
1473 3339 1702 3393 pacem;
1745 3326 1898 3394 atqui
1931 3325 2045 3379 haec

459 3416 654 3470 tradita
683 3432 792 3471 non
819 3424 903 3472 est
933 3416 1013 3470 ori
1051 3431 1266 3470 eorum.
1293 3434 1317 3466 ι
1335 3415 1458 3469 Haec
1480 3415 1548 3470 de
1573 3415 1728 3470 falsis
1756 3417 2044 3486 prophetis

459 3507 596 3562 dicit
629 3509 798 3570 Deus.
829 3509 921 3578 qui
954 3508 1311 3562 multifariam
1348 3506 1632 3562 fraudibus
1668 3509 1926 3576 populum
1970 3509 2040 3562 ab

464 3602 694 3655 honesto
719 3600 1070 3664 abducentes,
1093 3615 1216 3654 eum
1243 3598 1636 3669 propemodum
1666 3607 1861 3651 vorant
1892 3599 2042 3652 fabu-

462 3691 758 3746 lationibus
803 3691 920 3746 suis
959 3700 1012 3745 et
1040 3693 1256 3746 actibus
1277 3732 1292 3754 ,
1325 3690 1394 3744 ad
1420 3705 1482 3744 ea
1517 3691 1642 3746 illos
1678 3701 2041 3760 provocantes

460 3800 701 3857 quorum
733 3800 903 3840 causa
949 3785 1220 3853 punitioni
1256 3787 1385 3839 lient
1425 3784 1670 3837 obnoxii.
1710 3783 2046 3838 Constanter

463 3887 646 3933 autem
675 3893 860 3950 pacem
895 3878 1002 3932 illis
1033 3879 1392 3940 nuntiabant,
1421 3885 1476 3932 et
1509 3878 1656 3947 quod
1692 3887 2042 3947 peccatorum

467 3983 696 4023 suorum
749 3981 918 4022 causa
975 3965 1106 4019 nihil
1159 3965 1289 4020 mali
1347 3963 1527 4019 forent
1582 3964 1834 4034 passuri,
1894 3965 2046 4032 iuxta

465 4060 632 4113 verba
662 4060 1073 4128 prophetarum.
1107 4055 1216 4111 Sed
1241 4056 1390 4111 enim
1419 4054 1563 4110 haud
1598 4056 1812 4110 sincera
1859 4063 2046 4111 mente

466 4152 790 4221 loquentes,
835 4163 1024 4219 pacem
1075 4162 1253 4202 meam
1293 4147 1661 4209 nuntiabant,
1706 4162 1869 4215 quam
1919 4164 2045 4217 pro-

467 4244 686 4297 mittere
715 4241 893 4296 edocti
925 4255 953 4292 a
983 4255 1068 4294 me
1100 4255 1205 4291 non
1239 4239 1476 4292 fuerant.
1512 4237 1668 4292 Unde
1691 4237 1824 4307 quid
1853 4238 2045 4292 confe-

468 4334 702 4390 cerunt?
729 4353 746 4386 ι
775 4333 1263 4386 Sanctilicaverunt
1289 4345 1456 4398 super
1481 4344 1579 4384 eos
1608 4329 1828 4384 bellum.
1857 4349 1876 4380 ι
1905 4330 2041 4384 Dum

470 4443 657 4502 pacem
702 4426 994 4487 nuntiant,
1042 4423 1244 4478 bellum
1297 4422 1401 4492 ipsi
1453 4423 1842 4486 concitarunt,
1897 4422 2041 4491 quod

469 4533 660 4576 contra
690 4535 784 4575 eos
830 4519 949 4573 fieri
984 4517 1331 4572 definierunt.
1365 4537 1383 4567 ι
1415 4516 1720 4587 Propterea
1754 4533 1861 4572 nox
1894 4518 2050 4572 vobis

467 4629 534 4666 ex
566 4614 774 4666 visione
805 4611 940 4674 erit,
991 4617 1044 4664 et
1089 4609 1326 4662 tenebrae
1371 4608 1525 4663 vobis
1555 4615 1718 4662 erunt
1743 4624 1807 4662 ex
1840 4608 2050 4662 divina-

469 4704 618 4757 tione
641 4721 654 4757 :
689 4709 743 4756 et
772 4699 1057 4754 occumbet
1089 4699 1170 4752 sol
1197 4714 1360 4768 super
1385 4699 1682 4768 prophetas
1703 4738 1718 4762 ,
1745 4708 1800 4754 et
1822 4700 2052 4754 obtene-

470 4794 718 4847 hrabitur
747 4807 913 4860 super
955 4804 1050 4845 eos
1088 4790 1228 4844 dies.
1278 4787 1340 4842 Et
1379 4787 1792 4844 confundentur
1825 4789 1919 4859 qui
1965 4789 2048 4843 vi-

469 4886 603 4938 dent
632 4883 847 4936 somnia
871 4921 886 4946 ,
916 4888 970 4934 et
1002 4881 1138 4934 risui
1166 4887 1330 4934 erunt
1362 4879 1558 4942 arioli,
1582 4889 1636 4933 et
1665 4879 2054 4934 obtrectabunt

471 4977 540 5030 iis
566 4990 758 5028 omnes
784 4992 799 5038 ;
831 4973 1100 5042 quianon
1131 4973 1236 5026 erit
1266 4972 1361 5042 qui
1398 4972 1524 5026 illos
1555 4972 1758 5026 audiat.
1796 4990 1814 5022 ι
1846 4971 1950 5024 Pro
1978 4987 2044 5026 eo

471 5065 616 5135 quod
647 5079 704 5119 se
732 5063 914 5117 videre
941 5069 995 5116 et
1037 5061 1285 5117 divinare
1305 5102 1320 5127 ,
1371 5062 1629 5133 p0pulum
1674 5061 2043 5131 decipientes,

471 5155 836 5218 simulabant,
877 5153 1121 5208 tenebris
1155 5153 1259 5222 ipsi
1310 5163 1365 5208 et
1406 5154 1489 5208 eis
1532 5154 1825 5208 credentes
1863 5152 2046 5206 cuncti

471 5253 773 5305 obruentur
801 5263 815 5299 :
845 5245 983 5300 adeo
1010 5254 1068 5299 ut
1091 5261 1159 5300 ne
1185 5246 1268 5300 sol
1285 5245 1506 5315 quidem
1537 5245 1824 5314 splendere
1851 5245 1932 5299 eis
1961 5245 2045 5298 vi-

470 5341 682 5398 dendus
699 5342 772 5396 sit
786 5337 1160 5408 magnitudine
1178 5339 1447 5392 malorum
1469 5337 1841 5392 obtenebratis
1866 5355 1880 5391 :
1901 5344 1966 5391 'et
1995 5336 2052 5389 hi

471 5438 562 5505 qui
592 5449 686 5488 eas
713 5433 954 5488 visiones
980 5431 1165 5487 videre
1193 5440 1248 5486 et
1273 5445 1499 5485 narrare
1526 5430 1811 5492 simulant,
1841 5430 2052 5500 pudore

473 5525 875 5589 sull‘undentur,
926 5525 1090 5580 rebus
1119 5532 1314 5580 contra
1363 5522 1586 5578 illorum
1631 5522 2047 5578 allirmationem

481 5619 838 5676 testantibus:
875 5627 989 5675 tum
1031 5626 1083 5675 et
1123 5617 1328 5674 multus
1369 5617 1437 5674 de
1473 5617 1544 5673 iis
1592 5617 1741 5674 risus
1787 5618 2051 5677 exsistet.

2188 3148 2356 3216 Στίχ.
2392 3146 2526 3212 ε’-ζ,
2557 3172 2628 3188 -
2667 3167 2685 3198 ι
2723 3149 2859 3200 Τάδε
2889 3148 3037 3217 λέγει
3080 3147 3283 3219 Κύριος
3316 3149 3407 3201 ἐπὶ
3436 3151 3563 3212 τοὺς
3597 3167 3721 3220 προ-

2147 3239 2322 3308 φήτας
2343 3241 2466 3301 τοὺς
2496 3239 2812 3303 πλανῶντας
2840 3239 2931 3292 τὸν
2967 3240 3093 3292 λαόν
3129 3257 3252 3309 μου,
3279 3243 3403 3302 τοὺς
3429 3241 3721 3304 δάκνοντας

2144 3332 2202 3382 ἐν
2234 3335 2344 3396 τοῖς
2377 3332 2588 3386 ὀδοῦσιν
2622 3332 2823 3397 αὐτῶν,
2871 3335 2965 3386 καὶ
2997 3332 3372 3404 κηρύσσοντας
3408 3333 3495 3385 ἐπ’
3539 3335 3720 3396 αὐτοῖς

2144 3424 2366 3494 εἰρήνην
2384 3442 2399 3455 ο
2431 3425 2525 3478 καὶ
2551 3426 2650 3478 οὐκ
2676 3425 2829 3496 ἐδόθη
2861 3428 2941 3488 εἰς
2966 3425 3027 3478 τὸ
3048 3425 3222 3495 στόμα
3245 3424 3440 3478 αὐτῶν.
3474 3444 3492 3476 ι
3540 3425 3722 3478 Ταῦτα

2143 3513 2220 3578 δὲ,
2243 3517 2395 3585 φησὶ,
2417 3517 2545 3588 περὶ
2568 3517 2675 3570 τῶν
2695 3517 3159 3588 ψευδοπροφητῶν
3187 3517 3338 3586 λέγει
3363 3518 3514 3582 Θεὸς,
3540 3518 3594 3572 οἳ
3621 3518 3724 3571 δια·

2146 3605 2327 3676 φόρως
2350 3610 2468 3672 ταῖς
2493 3608 2704 3661 ἑαυτῶν
2732 3610 2968 3673 ἀπάταις
2988 3609 3272 3678 ἐξάγοντες
3295 3609 3387 3663 τοῦ
3423 3612 3722 3680 προσήκων

2129 3695 2236 3760 ’τος
2273 3697 2364 3750 τὸν
2391 3698 2538 3762 λαὸν,
2579 3701 2860 3771 μονονουχὶ
2907 3702 3198 3772 κατήσθιον
3240 3703 3434 3766 αὐτοὺς
3465 3703 3621 3755 αὐτοὶ
3659 3701 3720 3755 δι’

2143 3781 2220 3840 ὧν
2240 3788 2422 3858 ἔλεγόν
2441 3809 2501 3843 τε
2525 3793 2619 3846 καὶ
2640 3792 2926 3864 ἔπραττον,
2951 3794 3043 3847 ἐπί
3064 3793 3234 3848 ταῦτα
3256 3795 3448 3856 αὐτοὺς
3469 3793 3724 3847 ἐκκαλού-

2150 3897 2300 3950 μενοι
2331 3882 2472 3952 ύπὲρ
2499 3876 2572 3936 ὧν
2600 3883 2698 3954 τὴν
2725 3885 2994 3955 τοσαύτην
3025 3885 3260 3956 ἤμελλον
3280 3885 3526 3956 δέχεσθαι
3554 3904 3723 3958 τιμω-

2149 3971 2271 4043 ρίαν
2291 3985 2305 4000 °
2335 3971 2602 4026 διετέλουν
2631 3973 2739 4044 γάρ
2773 3975 2998 4046 εἰρήνην
3029 3976 3212 4038 αὐτοῖς
3241 3975 3721 4046 ἐπαγγελλόμενοι,

2147 4063 2243 4115 καὶ
2276 4062 2349 4125 ὡς
2374 4063 2525 4116 οὐδὲν
2555 4064 2695 4134 ὑπὲρ
2719 4060 2796 4121 ὧν
2822 4065 3194 4134 ἁμαρτάνουσι
3227 4065 3500 4117 πείσονται
3533 4066 3722 4127 κακὸν,

2147 4152 2288 4204 κατά
2309 4153 2376 4206 τά
2397 4153 2615 4224 ῥήματα
2636 4154 2744 4205 τῶν
2761 4155 3074 4224 προφητῶν·
3092 4153 3262 4207 ταῦτα
3277 4154 3333 4206 δὲ
3350 4155 3408 4206 οὐ
3432 4155 3574 4207 κατά
3589 4154 3724 4223 γνώ-

2151 4259 2257 4311 μην
2285 4241 2382 4310 τήν
2408 4240 2546 4312 ἐμὴν
2562 4241 2958 4313 ἐπηγγέλλοντο
2979 4244 3221 4316 εἰρήνην,
3245 4245 3309 4315 ήν
3327 4245 3426 4298 οὐκ
3450 4244 3725 4316 ἐδιδάχθη-

2150 4349 2248 4384 σαν
2283 4332 2459 4399 λὲγειν
2495 4334 2623 4404 παρ’
2649 4332 2806 4404 ἐμοῦ.
2851 4335 2968 4403 Ἀφ’
3006 4329 3080 4389 ὧν
3123 4336 3185 4406 δή
3229 4354 3280 4389 τι
3321 4338 3722 4408 πεποιήκασιν;

2154 4443 2172 4474 ι
2224 4423 2486 4491 Ἡγίασαν
2517 4426 2602 4477 ἐπ’
2641 4425 2817 4480 αὐτῶν
2859 4427 3111 4498 πόλεμον.
3162 4447 3179 4478 ι
3234 4428 3723 4499 Ἑπαγγελλόμενοι

2083 4505 2126 4558 Ῑ)
2152 4514 2260 4586 γὰρ
2285 4515 2508 4586 εἰρήνην
2529 4556 2542 4572 .
2577 4515 2812 4588 πόλεμον
2843 4520 3025 4583 αὐτοῖς
3055 4521 3377 4592 ἐπήγειραν,
3413 4520 3474 4572 ὃν
3511 4519 3722 4593 ἀφώρι-

2150 4624 2249 4660 σαν
2279 4610 2359 4669 εἰς
2396 4607 2458 4660 τὸ
2503 4610 2622 4666 κατ’
2663 4610 2844 4663 αὐτῶν
2889 4610 3159 4680 γενέσθαι.
3217 4631 3234 4663 ι
3287 4611 3386 4664 Διά
3425 4611 3585 4664 τοῦτο
3632 4611 3724 4676 νὺξ

2151 4701 2278 4770 ὑμῖν
2325 4699 2478 4752 ἔσται
2521 4701 2580 4765 ἐξ
2619 4700 2898 4773 ὁράσεως,
2939 4703 3034 4757 καὶ
3078 4704 3266 4756 σκοτία
3304 4704 3430 4773 ὑμῖν
3468 4703 3620 4755 ἐσται
3664 4705 3726 4756 ἐκ

2153 4791 2438 4860 μαντείας·
2470 4791 2565 4843 καὶ
2599 4791 2819 4845 δύσεται
2853 4794 2880 4844 ὁ
2915 4793 3064 4863 ἥλιος
3104 4794 3194 4846 ἐπὶ
3236 4795 3362 4858 τοὺς
3417 4795 3722 4868 προφήτας.

2150 4886 2246 4938 καὶ
2279 4886 2606 4938 συσκοτάσει
2652 4886 2739 4938 ἐπ’
2779 4887 2976 4949 αὐτοὺς
3015 4888 3049 4957 ή
3084 4886 3292 4958 ήμέρα·
3323 4892 3337 4951 (
3364 4904 3414 4956 p.
3457 4887 3601 4956 278)
3633 4888 3724 4939 καὶ

2152 4975 2706 5045 καταισχυνθήσονται
2731 4976 2779 5028 οἱ
2805 4976 3041 5047 ὁρῶντες
3065 4977 3132 5029 τά
3162 4977 3406 5039 ἐνύπνια,
3435 4978 3530 5030 καὶ
3560 4994 3724 5030 κατα-

2150 5065 2575 5136 γελασθήσονται
2615 5069 2666 5120 οἰ
2709 5068 2962 5138 μάντεις,
2998 5068 3090 5121 καὶ
3129 5069 3560 5139 καταλαλήσουσι
3607 5069 3722 5122 κατ’

2152 5156 2330 5209 αὐτῶν
2377 5156 2577 5222 πάντες
2609 5160 2796 5213 αὐτοί·
2845 5162 2979 5215 διότι
3021 5162 3123 5215 οὐκ
3171 5161 3322 5215 ἔσται
3369 5164 3396 5215 ὁ
3439 5162 3721 5215 ἐπακούων

2153 5246 2353 5300 αὐτῶν.
2395 5266 2414 5298 ι
2469 5248 2640 5318 ’Υπὲρ
2668 5250 2732 5320 δὴ
2764 5250 2964 5304 τούτων
2995 5243 3071 5304 ὧν
3107 5253 3239 5323 όρᾷν
3277 5269 3335 5305 τε
3366 5253 3459 5305 καὶ
3491 5251 3717 5322 μαντεύο

2147 5339 2300 5391 εσθαι
2328 5339 2752 5410 προσεποιοῦντο
2779 5341 2869 5394 τὸν
2897 5343 3023 5404 λαὸν
3057 5343 3391 5407 ἀπατῶντες,
3419 5344 3603 5413 σκοτίᾳ
3623 5343 3716 5397 αύο

2147 5430 2228 5482 τοί
2269 5447 2330 5483 τε
2361 5432 2456 5484 καὶ
2506 5433 2553 5484 οἰ
2603 5431 2914 5502 πειθόμενοι
2962 5433 3450 5505 περιϐληθήσονται
3489 5435 3712 5497 πάντες·

2148 5521 2289 5575 ὥστε
2324 5523 2509 5586 αὐτοῖς
2549 5524 2685 5594 μηδὲ
2715 5524 2806 5577 τὸν
2834 5524 2985 5595 ἦλιον
3022 5526 3232 5594 φαίνειν
3261 5525 3436 5579 δοκεῖν
3475 5526 3578 5580 ὑπὸ
3621 5523 3712 5578 τοῦ

2150 5612 2412 5685 μεγέθους
2445 5615 2553 5670 τῶν
2582 5616 2768 5671 κακῶν
2796 5617 3199 5688 ἐσκοτισμένοις
3218 5635 3234 5652 ο
3267 5617 3418 5672 αὐτοί
3455 5634 3514 5673 τι
3540 5615 3646 5688 γὰρ
3664 5616 3711 5667 οἰ
