3844 6222
148 221 250 275 561

149 335 220 386 τά
278 331 504 385 τοιαῦτα
557 332 688 401 ὀρᾷν
741 347 800 383 τε

152 425 384 496 αἰσχύνῃ
414 422 925 493 περιϐληθήσονται,
964 420 1071 473 τῶν
1106 422 1446 491 πραγμάτων
1469 421 1724 473 ἐναντίων

150 513 231 581 οἷς
269 518 505 585 έφασκον
532 514 894 583 δεικνυμένων
916 529 930 546 ·
963 513 1135 580 γέλως
1158 530 1217 563 τε
1240 512 1405 575 πολὺς
1434 514 1521 565 ἐπ’
1546 513 1726 575 αὐτοῖς

1091 215 1642 274 COMMENTARIUS
1672 216 1739 273 IN
1780 216 2090 274 ΜΙΟΙΙΑΞᾹΞ
2128 218 2281 275 CAP.
2322 216 2407 272 111.

859 328 1316 400 προσποιούμενοι
1366 329 1461 381 καὶ
1514 329 1691 397 λέγειν
1710 372 1719 394 ,

1830 332 2045 385 nemine
2070 331 2182 400 jam
2237 331 2414 385 verbis
2446 343 2635 385 eorum
2664 330 2901 400 praebere
2931 344 3118 386 aurem
3168 333 3380 390 volente

3298 222 3406 282 369

1832 433 2118 491 p05tquam
2163 423 2535 491 experimento
2574 421 2918 488 didicerunt,
2964 435 3294 493 quantarum
3324 426 3406 481 eis

1832 528 2198 567 aerumnarum
2221 551 2237 576 ,
2271 514 2460 567 fraude
2491 528 2619 576 sna,
2655 528 2820 567 causa
2850 516 3183 570 exstiterint.

151 610 305 679 παρὰ
341 608 558 662 πάντων
609 607 920 674 γενήσεται,
956 605 1169 666 οὐδενὸς
1211 604 1331 657 οὐδὲ
1376 604 1662 674 προσέχειν
1712 607 1802 657 ἐπὶ
1839 608 1948 667 τοῖς
1996 603 2125 672 παρ’
2169 603 2346 656 αὐτῶν
2390 604 2705 673 λεγομένοις
2753 603 3062 667 ἐθέλοντος,
3105 605 3191 658 διά
3238 607 3300 659 τὸ
3338 610 3406 679 τῇ

152 706 313 772 πείρα
351 703 539 770 μαθεῖν
566 701 703 752 ὅσων
732 701 914 761 αὐτοῖς
948 698 1035 750 διά
1074 700 1173 767 τῆς
1202 700 1417 769 ἀπάτης
1446 701 1543 768 τῆς
1572 700 1707 761 ἰδίας
1737 700 2025 768 γεγόνασιν
2056 699 2215 753 αἴτιοι
2249 699 2454 754 κακῶν.

221 794 374 860 Στίχ.
434 798 606 861 η’-ια’.
653 819 723 832 —-
775 809 793 840 ι
862 789 1024 841 Ἀλλά
1052 800 1053 803 ‘
1085 791 1192 861 μὴν
1242 790 1352 857 ἐγὼ
1395 790 1732 859 ἐνεπλήσθην

155 885 342 952 ἰσχύος
372 884 427 934 ἐν
460 880 729 951 πνεύματι
758 880 989 950 Κυρίου,
1022 881 1115 933 καὶ
1147 882 1415 951 κρίματος
1449 881 1544 935 καὶ
1571 881 1730 934 δυνα-

154 974 340 1034 στείας
381 972 475 1025 τοῦ
522 970 853 1038 ἀπαγγεῖλαι
886 969 963 1040 τῷ
1020 969 1214 1023 Ἰακὼϐ
1253 971 1505 1033 ἀσεϐείας
1538 971 1727 1033 αὑτοῦ,

154 1068 249 1119 καὶ
282 1065 361 1135 τῷ
415 1064 629 1133 Ἰσραὴλ
661 1064 933 1134 ἁμαρτίας
971 1064 1157 1116 αὑτοῦ.
1202 1083 1220 1114 ι
1276 1062 1417 1131 Ἐγὼ
1459 1063 1516 1115 δὲ
1548 1066 1729 1116 πᾶσαν

153 1157 370 1226 ἐκείνην
395 1155 494 1225 τὴν
528 1156 741 1223 ἀπάτην
770 1155 948 1223 ἀφεὶς,
989 1153 1288 1224 πνεύματος
1326 1154 1478 1222 ἁγίου
1513 1154 1726 1225 πλήρης

153 1248 415 1315 γεγονὼς,
438 1246 736 1316 διακρίνειν
760 1262 816 1298 τε
855 1246 1155 1315 ἐπίσταμαι
1183 1245 1245 1297 τὸ
1283 1245 1400 1297 δέον
1420 1287 1434 1311 ,
1462 1247 1555 1299 καὶ
1585 1245 1723 1315 μετά

154 1340 355 1410 πολλῆς
380 1340 476 1408 τῆς
501 1338 680 1407 ἰσχύος
707 1338 801 1390 καὶ
818 1337 917 1406 τῆς
939 1337 1250 1407 παρρησίας
1273 1338 1608 1407 προάγομαι,
1633 1337 1723 1390 τὸν

151 1432 281 1485 λαὸν
312 1431 454 1501 ὑπὲρ
482 1424 554 1483 ὧν
583 1428 801 1500 ἧμαρτέ
834 1446 891 1481 τε
929 1429 1024 1481 καὶ
1053 1429 1319 1499 ἠσέϐησεν
1350 1429 1593 1499 ἐλέγχειν
1612 1467 1627 1493 ,
1653 1431 1723 1481 εί·

149 1522 258 1584 δὼς
288 1524 369 1574 ὅτι
398 1520 555 1572 τοῦτο
581 1522 763 1583 αὐτοῖς
792 1518 1131 1589 λυσιτελήσει
1174 1520 1372 1589 μᾶλλον
1401 1522 1480 1583 είς
1510 1537 1719 1589 σωφροο

1904 790 2069 847 Vens.
2111 792 2266 844 8-H.
2294 821 2359 831 —
2389 811 2408 842 ‹
2444 791 2825 849 Verumtamen
2863 810 2961 865 ego
2999 796 3239 865 repletus
3277 813 3401 854 sum

1833 882 2154 939 fortitudine
2198 884 2253 938 in
2295 885 2494 953 spiritu
2538 884 2779 949 Domini,
2810 892 2865 941 et
2902 887 3117 955 judicio
3145 902 3208 943 ac
3239 890 3396 959 183

1830 983 2096 1045 pmestate
2132 1015 2147 1038 ,
2187 983 2246 1028 ut
2296 975 2612 1030 annuntiem
2661 974 2830 1030 Jacob
2882 977 3191 1047 impietates
3243 980 3397 1048 ejus,

1826 1073 1879 1119 et
1910 1064 2094 1120 lsraeli
2127 1073 2346 1134 peccata
2374 1065 2513 1133 ejus.
2543 1083 2560 1115 ι
2592 1064 2703 1135 Ego
2730 1080 2859 1121 vero
2890 1068 3037 1121 omni
3071 1069 3161 1121 illa
3207 1067 3401 1123 fraude

1830 1156 2085 1217 exclusa,
2128 1156 2325 1225 spiritu
2366 1154 2554 1209 divino
2598 1156 2826 1224 plenus,
2872 1156 3184 1213 discernere
3226 1158 3398 1213 hone-

1828 1252 1972 1299 stum
2002 1244 2151 1298 valeo
2176 1286 2189 1308 ,
2222 1244 2501 1313 multoque
2533 1259 2656 1298 cum
2692 1245 2887 1299 robore
2913 1260 2977 1299 ac
3009 1246 3201 1300 fiducia
3232 1262 3397 1317 pergo

1828 1336 2089 1405 p0pulum
2120 1334 2185 1389 dc
2215 1335 2454 1403 peccatis
2481 1344 2642 1405 atque
2667 1336 3036 1404 impietatibus
3063 1352 3393 1408 coarguere;

1823 1427 2001 1481 sciens
2017 1427 2068 1479 id
2091 1426 2197 1481 illis
2215 1426 2281 1480 ad
2296 1426 2727 1482 emendationem
2747 1428 3110 1499 profuturum,
3126 1430 3251 1498 quia
3269 1444 3396 1498 pec-

1822 1526 2068 1571 catorum
2089 1518 2349 1572 memoria
2370 1526 2423 1572 et
2449 1516 2611 1572 futuri
2646 1520 3069 1574 comminatione
3098 1518 3164 1573 ad
3193 1521 3393 1575 bonam

150 1614 385 1684 νισμδν,
441 1615 507 1681 τῇ
556 1629 615 1664 τε
668 1613 856 1681 μνήμῃ
902 1608 1011 1663 τῶν
1049 1611 1474 1681 ἁμαρτηθέντων
1520 1613 1615 1664 καὶ
1659 1615 1719 1681 τῇ

1829 1605 2034 1675 frugem
2050 1606 2269 1675 perduci
2296 1616 2569 1674 poterunt.
2603 1626 2621 1657 ι
2647 1609 2842 1663 Audite
2858 1609 2991 1673 haec,
3014 1609 3181 1666 duces
3198 1611 3395 1667 domus

149 1705 351 1775 ἀπειλῇ
384 1703 489 1756 τῶν
517 1702 808 1771 ἐσομένων,
844 1702 979 1773 πρὸς
1011 1702 1072 1754 τὸ
1104 1701 1221 1753 δέον
1250 1702 1537 1769 ἐνάγεσθαι
1566 1702 1725 1755 δυνα-

153 1798 360 1867 μένοις.
409 1816 427 1847 r
479 1794 770 1847 Ἀκούσατε
807 1794 870 1864 δὴ
910 1794 1103 1859 ταῦτα,
1152 1795 1201 1845 οἱ
1244 1793 1537 1863 ἡγούμενοι
1573 1796 1722 1848 οἴκου

162 1884 381 1951 Ἰακὼϐ,
423 1889 497 1955 (p.
529 1885 655 1954 279)
689 1884 783 1935 ml.
810 1884 859 1935 οἱ
890 1883 1210 1936 κατάλοιποι
1236 1884 1386 1935 οἴκου
1425 1883 1662 1953 Ἰσραήλ.
1700 1902 1719 1933 ι

161 1978 336 2046 ’Υπὲρ
365 1977 429 2045 δὴ
463 1976 632 2029 ταῦτα
663 1974 854 2027 τούτου
876 2012 890 2036 ,
931 1975 1062 2043 φησὶ
1084 2013 1097 2035 ,
1132 1976 1312 2027 κοινὸν
1344 1975 1479 2044 πρός
1508 1991 1568 2027 τε
1601 1977 1727 2038 τοὺς

146 2068 485 2139 ᾗγουμένους
522 2068 615 2120 καὶ
653 2067 779 2128 τοὺς
807 2066 1029 2129 λοιποὺς
1060 2067 1305 2129 ἅπαντας
1334 2068 1592 2137 ποιοῦμαι
1634 2068 1724 2119 τὸν

147 2159 329 2225 λόγον,
347 2156 617 2220 ὀνειδίζων
635 2156 764 2225 ὑμῖν
784 2156 852 2208 τὰ
875 2156 1258 2225 πεπραγμένα.
1285 2158 1415 2209 Ποῖα
1434 2156 1497 2227 δὴ
1520 2157 1689 2210 ταῦτα
1707 2174 1721 2221 ;

156 2267 174 2298 ι
214 2249 279 2300 Ol
318 2246 729 2316 βδελυσσόμενοι
762 2248 960 2316 κρῖμα,
1006 2247 1184 2299 πάντα
1211 2247 1280 2299 τά
1317 2246 1453 2317 ὀρθά
1480 2248 1725 2318 διαστρέ-

151 2357 365 2407 φοντες.
409 2358 426 2388 ι
463 2340 524 2390 Οἱ
548 2339 607 2390 τὸ
637 2337 735 2407 μὲν
764 2338 1104 2407 κεκριμένως
1132 2339 1508 2407 διαγινώσκειν
1537 2342 1599 2391 ἐκ
1626 2340 1721 2392 τοῦ

151 2433 323 2486 κακοῦ
366 2434 426 2485 τὸ
448 2435 690 2501 κρεῖττον
713 2432 1199 2501 ἀποστρεφόμενοι,
1226 2432 1282 2482 ἐν
1304 2430 1521 2500 διαϐολῇ
1552 2430 1606 2481 δὲ
1643 2448 1723 2483 τι·

148 2526 365 2592 θέμενοι
394 2524 485 2574 καὶ
511 2523 575 2573 τά
602 2521 729 2591 παρ’
761 2520 961 2588 ἐτέρων
985 2519 1253 2589 λεγόμενά
1284 2537 1340 2572 τε
1375 2522 1467 2572 καὶ
1496 2519 1724 2591 πραττό-

152 2630 291 2683 μενα
322 2616 399 2675 εἰς
432 2613 569 2674 δέον,
603 2612 741 2663 ὥστε
775 2612 866 2663 καὶ
898 2614 1009 2673 τοῖς
1046 2610 1201 2680 ήμῶν
1233 2612 1523 2681 προφητῶν
1562 2612 1720 2664 ἀπει-

148 2705 267 2757 θεῖν
293 2705 491 2771 λόγοις.
533 2724 550 2755 ι
588 2705 649 2755 OE
679 2702 1086 2772 οἰκοδομοῦντες
1121 2702 1258 2753 Σιὼν
1288 2704 1344 2753 ἐν
1385 2702 1600 2771 αἵμασι,
1629 2703 1720 2753 καὶ

161 2795 519 2865 Ἰερουσαλὴμ
548 2797 602 2846 ἐν
640 2794 895 2854 ἀδικίαις.
934 2812 951 2843 ι
989 2790 1391 2863 Πεπληρώκατε
1425 2794 1601 2845 πᾶσαν
1626 2794 1721 2844 αύ-

148 2889 250 2957 τὴν
279 2887 453 2954 φόνων
488 2886 579 2939 καὶ
620 2885 853 2947 ἀδικίας.
897 2903 914 2935 ι
962 2885 1024 2935 Οἱ
1057 2884 1346 2954 ἡγούμενοι
1382 2885 1549 2953 αὐτῆς
1582 2884 1719 2953 μετὰ

146 2976 341 3048 δώρων
385 2976 630 3045 ἔκρινον,
674 2975 769 3026 καὶ
806 2977 854 3025 οἱ
908 2974 1071 3043 ἱερεῖς
1119 2972 1291 3040 αὐτῆς
1341 2971 1478 3041 μετὰ
1526 2971 1717 3041 μισθοῦ

142 3067 526 3137 άπεκρίνοντο,
566 3066 661 3117 καὶ
698 3067 745 3117 οἱ
778 3064 1049 3134 προφῆται
1080 3065 1247 3133 αὐτῆς
1281 3063 1416 3132 μετὰ
1453 3063 1717 3132 ἀργυρίου

140 3158 511 3229 ἐμαντεύοντο
534 3196 547 3218 ,
580 3156 674 3207 καὶ
708 3155 799 3206 ἐπὶ
828 3156 919 3206 τὸν
953 3155 1157 3223 Κύριον
1198 3152 1602 3204 ἐπανεπαύοντο
1628 3152 1717 3204 λέ-

140 3264 359 3319 γοντες·
387 3248 522 3317 Οὐχὶ
548 3247 749 3316 Κύριος
777 3248 832 3297 ἐν
859 3245 987 3313 ἡμῖν
1010 3245 1185 3307 ἐστιν;
1213 3245 1273 3296 ού
1305 3243 1377 3313 μὴ
1408 3241 1609 3315 ἐπέλθῃ
1636 3244 1718 3310 ἐφ’

137 3343 295 3413 ἡμᾶς
328 3340 489 3392 κακά.
541 3358 557 3389 ι
591 3338 652 3390 Οἱ
688 3336 785 3406 μὲν
817 3336 923 3405 γὰρ
957 3334 1275 3404 ἐξάρχοντες
1301 3334 1490 3386 οὐδένα
1514 3333 1607 3385 τοῦ
1637 3334 1717 3385 δι-

140 3435 303 3486 καίου
340 3431 612 3483 ποιεῖσθαι
656 3429 811 3497 λόγον
842 3428 1135 3490 ἐθέλοντες,
1172 3426 1468 3499 χρημάτων
1511 3429 1568 3479 ἐν
1602 3430 1723 3489 ταῖς

140 3523 394 3593 κρίσεσιν
425 3520 663 3573 ἐπώλουν
702 3520 759 3571 τὸ
787 3519 1014 3571 δίκαιον·
1053 3521 1101 3571 οἱ
1145 3518 1201 3570 δὲ
1238 3520 1293 3570 ἐν
1322 3518 1399 3588 τῷ
1427 3515 1724 3588 ἱερατεύειν

141 3612 511 3673 καθεστῶτες,
552 3610 611 3673 ἐξ
654 3610 866 3673 ἀδικίας
905 3611 1161 3680 χρήματα
1207 3613 1271 3680 τῇ
1312 3610 1579 3681 προφάσει
1623 3610 1723 3678 τῆς

142 3704 443 3773 ἱερατείας,
470 3702 656 3773 ῶσπερ
680 3700 829 3763 τινὰς
852 3702 1075 3771 μισθους
1100 3702 1375 3769 συλλέγειν
1400 3700 1718 3770 ἐπειρῶντο’

142 3796 240 3848 7...".
271 3794 380 3863 μὴν
414 3793 505 3845 καὶ
531 3794 578 3844 οἱ
618 3790 1057 3860 ψευδοπροφῆται
1083 3794 1193 3854 τοῖς
1222 3792 1497 3861 χρήμασιν
1523 3790 1717 3861 ἡδόμε-

143 3904 253 3948 νοι,
292 3884 428 3952 πρὸς
467 3883 528 3934 τὸ
552 3883 942 3951 κεχαρισμένον
973 3885 1080 3944 τοῖς
1115 3883 1411 3952 παρέχουσι
1444 3882 1540 3944 τάς
1588 3897 1719 3950 μαν-

1825 1696 1993 1751 Jacob
2032 1705 2084 1751 ct
2112 1698 2303 1767 reliqui
2345 1699 2539 1754 domus
2581 1697 2816 1755 lsraelis.
2849 1720 2866 1751 ι
2894 1700 2967 1755 De
2993 1702 3094 1756 hoc
3119 1739 3136 1767 ,
3182 1704 3393 1773 inquit,

1827 1804 2167 1843 communem
2198 1789 2500 1843 orationem
2534 1789 2598 1842 ad
2628 1790 2793 1845 duces
2830 1791 3178 1862 reliquosque
3206 1808 3395 1849 omnes

1827 1880 2033 1943 habeo,
2090 1880 2230 1933 facta
2281 1890 2461 1934 vestra
2516 1881 2669 1935 vobis
2717 1882 3079 1951 exprobrans.
3129 1882 3392 1948 Quarnam

1826 1986 1955 2025 vero
1982 1970 2134 2025 haec?
2160 1992 2176 2022 ι
2206 1970 2307 2037 Qui
2338 1972 2727 2026 abominamini
2773 1974 3038 2041 judicium
3060 2017 3074 2041 ,
3111 1983 3164 2029 et
3208 1976 3393 2028 omnia

1827 2070 1973 2116 recta
2004 2063 2333 2133 pervertitis.
2374 2081 2390 2110 ι
2419 2061 2579 2127 Quia
2621 2064 2766 2117 malo
2805 2064 3007 2119 bonum
3056 2064 3393 2134 distinguere

1826 2154 2127 2217 recusatis,
2189 2155 2591 2209 calumniantes
2662 2155 2886 2225 insuper
2966 2155 3198 2210 aliorum
3246 2165 3395 2210 recte

1825 2243 1969 2297 dicta
1997 2256 2050 2297 et
2081 2244 2245 2310 facta,
2267 2260 2439 2313 usque
2462 2244 2596 2299 adeo
2620 2252 2679 2298 ut
2707 2261 2773 2300 ne
2798 2246 3005 2300 nostris
3037 2246 3280 2315 quidem,
3298 2247 3391 2316 qui

1825 2335 2101 2404 prophetae
2140 2350 2363 2398 sumus,
2408 2334 2587 2391 verbis
2630 2334 2885 2391 credatis.
2916 2354 2935 2386 ι
2967 2336 3069 2401 Qui
3109 2336 3391 2390 :edificatis

1826 2423 2043 2478 Sionem
2074 2425 2125 2477 in
2160 2426 2520 2494 sanguinibus
2542 2465 2555 2488 ,
2589 2434 2640 2479 et
2673 2423 3013 2481 Hierusalem
3049 2427 3103 2479 in
3133 2427 3392 2496 iniquita-

1823 2517 1987 2572 tibus.
2045 2535 2063 2566 ι
2110 2516 2211 2581 Qui
2257 2532 2376 2570 cam
2425 2517 2675 2583 replestis
2723 2517 2960 2572 cmdibus
3011 2528 3064 2573 et
3099 2518 3387 2587 injustitia.

1828 2624 1845 2657 ι
1879 2606 2159 2677 Principes
2188 2608 2306 2677 ejus
2334 2623 2457 2662 cum
2490 2609 2807 2663 muneribus
2830 2608 3183 2677 judicabant;
3217 2621 3268 2664 et
3298 2625 3390 2665 sa-

1823 2701 2069 2754 cerdotes
2094 2700 2213 2767 ejus
2261 2714 2384 2752 cum
2429 2699 2679 2753 mercede
2712 2698 3150 2767 respondebant:
3182 2708 3235 2753 et
3265 2714 3391 2768 pro-

1821 2790 1995 2859 pheta:
2038 2790 2157 2859 ejus
2187 2806 2309 2844 cum
2338 2801 2563 2861 argento
2592 2790 2943 2854 divinabant,
2988 2798 3041 2844 et
3080 2806 3245 2859 super
3287 2790 3392 2846 Do-

1823 2883 2031 2936 minum
2085 2883 2501 2952 requiescebant
2528 2883 2771 2938 dicentes
2802 2901 2813 2937 :
2837 2882 3025 2937 Nonne
3046 2884 3307 2938 Dominus
3334 2884 3390 2938 in

1825 2972 1981 3026 nobis
2010 2973 2137 3027 est?
2164 2988 2272 3025 non
2306 2973 2523 3027 venient
2554 2989 2720 3043 super
2748 2990 2850 3029 nos
2879 2977 3039 3027 mala.
3068 2995 3087 3026 ι
3110 2974 3389 3045 Principes

1822 3064 2028 3117 nullam
2063 3064 2203 3133 aequi
2233 3063 2373 3131 juris
2420 3064 2686 3119 rationem
2716 3064 2916 3119 habere
2944 3066 3189 3120 volentes
3212 3106 3226 3131 ,
3258 3081 3392 3119 ven-

1822 3154 2023 3208 debant
2048 3154 2102 3207 id
2134 3156 2187 3207 in
2215 3155 2455 3224 judiciis.
2490 3154 2628 3208 Tum
2660 3163 2711 3209 et
2740 3156 3073 3221 sacerdotes,
3101 3157 3388 3225 pecuniam

1822 3244 2078 3313 injustam
2098 3285 2111 3307 ,
2146 3245 2434 3299 sacerdotii
2464 3254 2723 3315 praztextu
2744 3288 2759 3312 ,
2788 3261 2885 3301 ceu
2916 3246 3195 3301 mercedes
3222 3262 3391 3315 quas—

1823 3335 1946 3389 dam
1979 3336 2235 3405 colligere
2274 3336 2603 3389 nitebantur.
2642 3336 2884 3405 Denique
2917 3334 3037 3389 falsi
3065 3336 3227 3390 etiam
3261 3352 3392 3405 pro-

1821 3427 2028 3495 phetze,
2090 3427 2323 3495 pecunia
2380 3426 2667 3492 delectati,
2727 3427 2794 3480 ad
2848 3426 3073 3497 gratiam
3125 3427 3389 3481 vaticinia

1821 3516 2054 3569 edebant
2079 3516 2432 3571 donantibus.
2465 3515 2690 3571 Talibus
2721 3533 2847 3571 vero
2877 3533 2940 3571 ac
2982 3517 3146 3573 tantis
3178 3519 3388 3572 onerati

1822 3605 2064 3675 peccatis
2085 3645 2098 3668 ,
2131 3606 2462 3660 simulabant
2494 3622 2552 3661 se
2578 3606 2685 3661 Deo
2715 3607 2963 3661 addictos
2984 3645 2999 3670 ,
3029 3604 3306 3675 Deumque
3332 3605 3389 3659 in

1821 3713 1879 3752 se
1903 3697 2138 3751 habere:
2176 3712 2276 3752 nec
2303 3698 2419 3752 fieri
2442 3714 2602 3767 posse
2632 3698 2846 3751 aiebant
2875 3705 2931 3750 ut
2964 3705 3114 3751 tanto
3145 3695 3237 3750 Dei
3270 3711 3391 3749 mn-

1823 3803 1952 3841 nere
1986 3786 2196 3856 przediti
2232 3789 2373 3841 mala
2405 3789 2495 3841 illa
2546 3790 2924 3858 experirentur
2968 3802 3237 3857 unquam,
3271 3801 3391 3856 quae

1828 3894 1857 3929 a
1890 3879 2048 3932 nobis
2083 3878 2364 3947 prOphetis
2394 3880 2818 3948 portenduntur.
2850 3877 2990 3944 Quid
3020 3877 3195 3947 ergo?

140 3974 293 4034 τείας
335 3971 638 4023 ἐποιοῦντο·
686 3966 805 4023 εἶτα
834 3971 1068 4023 τοσαῦτα
1100 3971 1459 4042 ἐργαζόμενοι
1490 3970 1655 4036 κακὰ,
1689 3970 2111 4040 προσεποιοῦντο
2244 3970 2361 4040 Θεῷ
2387 3972 2611 4033 ἑαυτοὺς
2640 3971 2975 4040 ἐπιτρέπειν,
3009 3969 3085 4038 (p.
3111 3966 3236 4037 ⁴280)
3260 3966 3393 4019 Θεὸν

142 4070 201 4118 ἐν
233 4068 444 4127 ἑαυτοῖς
471 4064 614 4134 ἔχειν
652 4064 901 4132 λέγοντες
925 4080 937 4092 ⁸
974 4067 1067 4118 καὶ
1102 4067 1199 4134 οὐχ
1227 4062 1338 4118 οἷόν
1377 4082 1435 4116 τε
1481 4061 1616 4117 εἶναι
1644 4065 1896 4118 τοιούτων
1936 4064 2292 4135 ἠξιωμένους,
2336 4066 2659 4135 πειραθῆναι
2691 4065 2796 4116 τῶν
2829 4064 2967 4116 κατὰ
2999 4062 3221 4133 γνώμην
3254 4062 3390 4115 Θεοῦ

141 4159 274 4224 παρ’
312 4153 466 4225 ἡμῶν
498 4156 847 4226 μηνυομένων
878 4154 1081 4207 κακῶν.
1115 4154 1179 4205 Τί
1208 4152 1333 4217 οῧν;

215 4251 367 4319 Στίχ.
400 4248 485 4317 ιβ’.
516 4278 586 4288 -—
616 4267 634 4299 ι
672 4249 772 4300 Διά
801 4247 955 4301 τοῦτο
995 4247 1059 4299 δι’
1084 4248 1227 4317 ὑμᾶς
1258 4248 1393 4300 Σιὼν
1436 4250 1513 4309 ώς
1549 4248 1715 4317 ἀγρὸς

1888 4242 2056 4297 Vens.
2094 4243 2180 4295 12.
2219 4272 2287 4282 -
2339 4261 2357 4293 ι
2401 4240 2547 4302 Ideo,
2602 4241 2771 4295 vestri
2814 4254 3000 4304 causa,
3055 4238 3185 4292 Sion
3231 4236 3391 4307 quasi

141 4339 621 4411 ἀροτριαθήσεται,
655 4339 749 4391 καὶ
793 4338 1144 4409 Ἰερουσαλὴμ
1169 4339 1248 4400 είς
1270 4339 1715 4408 ὀπωροφυλάκιον

143 4432 322 4492 ἔσται,
375 4430 563 4482 καὶτὸ
607 4429 732 4500 ὅρος
774 4429 868 4481 τοῦ
912 4418 1063 4482 οἴκου
1113 4431 1191 4491 είς
1222 4430 1383 4492 ἄλσος
1420 4429 1645 4499 δρυμοῦ.
1693 4447 1710 4479 ι

154 4520 378 4589 Ἐπειδὴ
411 4520 588 4572 τοίνυν
624 4522 736 4582 τοῖς
768 4518 865 4589 μὲν
909 4520 1193 4589 ἡμετέροις
1222 4520 1497 4572 ἀπειθεῖτε
1540 4520 1717 4586 λόγοις

137 4610 286 4663 κατὰ
314 4608 536 4678 γνώμην
558 4608 696 4660 Θεοῦ
726 4608 1086 4677 γιγνομένοις,
1111 4612 1221 4670 τοῖς
1246 4608 1719 4679 ψευδοπροφήταις

134 4704 195 4755 δὲ
234 4701 592 4771 προσέχοντες
634 4700 901 4762 τοσαύτας
942 4700 1195 4762 ἀσεϐείας
1249 4718 1307 4753 τε
1352 4703 1441 4753 καὶ
1484 4719 1717 4770 παρανο-

140 4792 276 4860 μίας
308 4788 429 4841 καθ’
456 4789 695 4857 ἑκάστην
728 4788 967 4851 ἅπαντες
998 4791 1210 4860 ἡμέραν
1250 4792 1543 4843 ἐπιτελεῖτε
1566 4833 1579 4858 ,
1626 4792 1713 4844 διὰ

134 4880 305 4934 τοῦτο
348 4878 557 4931 εἴσεσθε
594 4878 702 4931 τῶν
750 4880 1030 4949 ἡμετέρων
1068 4881 1238 4947 λόγων
1288 4882 1386 4950 τὴν
1433 4881 1710 4951 ἀλήθειαν,

136 4969 237 5023 καὶ
268 4970 352 5020 ὅτι
389 4966 627 5037 τοσαύτη
659 4984 743 5029 τις
775 4969 978 5038 ἐρημία
1014 4969 1386 5037 καταλήψεται
1427 4970 1545 5023 τότε
1580 4972 1716 5025 Σιὼν

135 5057 268 5126 ὅρος
296 5056 388 5107 καὶ
420 5055 519 5125 τὴν
546 5056 634 5109 ἐπ’
662 5056 826 5109 αὐτοῦ
852 5058 1025 5123 πόλιν,
1051 5059 1125 5123 ὡς
1148 5060 1209 5111 τὸ
1239 5061 1337 5129 μὲν
1364 5062 1533 5131 ἀγροῦ
1559 5062 1713 5131 δίκην

135 5146 529 5217 γεωργεῖσθαι,
571 5146 670 5217 τὴν
712 5148 769 5200 δὲ
807 5150 1009 5219 σκηνῆς
1051 5151 1387 5204 διαλλάττειν
1423 5151 1586 5221 μηδὲν
1624 5154 1715 5205 ἐπὶ

132 5236 377 5306 ὀπωρῶν
406 5235 618 5308 φυλακῇ
659 5242 1191 5311 κατεσκευασμένης,
1222 5242 1329 5296 τῶν
1351 5244 1716 5314 οἰκοδομημά-

133 5344 248 5380 των
278 5325 417 5395 αὐτῇ
442 5326 775 5396 πανταχόθεν
804 5331 1274 5400 κατερριμμένων,
1300 5333 1407 5385 πᾶν
1421 5349 1501 5397 τε,
1528 5333 1713 5385 συντόο

137 5433 261 5485 μως
291 5417 489 5481 εἰπεῖν,
514 5415 578 5467 τὸ
610 5416 734 5486 δρος
759 5420 814 5471 ἐν
842 5415 994 5488 ᾧπερ
1024 5422 1053 5472 ὁ
1084 5421 1176 5474 τοῦ
1201 5422 1335 5474 Θεοῦ
1370 5417 1516 5485 οἶκός
1547 5425 1714 5486 ἐστιν,

133 5508 295 5559 οὺδὲν
346 5506 534 5558 διοίσει
590 5508 755 5560 τόπου
802 5512 1118 5579 συμφύτου,
1181 5513 1449 5566 τοσούτων
1500 5517 1564 5566 ἐκ
1616 5516 1714 5583 τῆς

130 5597 377 5667 ἐρημίας
405 5596 796 5669 ἀναδιδομένων
820 5600 1003 5653 αὐτόθι
1029 5603 1230 5669 φυτῶν.
1270 5603 1426 5655 Ἀλλὰ
1456 5604 1561 5673 γάρ
1588 5606 1714 5675 ἄχρι

468 5710 741 5775 ΡΑτιιοι.
789 5716 903 5774 Gn.
956 5717 1174 5777 LXVI.

1825 4351 1951 4405 ager
1993 4334 2257 4396 arabitur,
2302 4343 2352 4386 et
2395 4332 2694 4386 Jerusalem
2742 4331 2897 4399 quasi
2942 4329 3191 4383 custodia
3230 4326 3391 4397 184

1822 4428 2051 4497 pomarii
2074 4427 2196 4489 erit,
2221 4434 2273 4480 et
2298 4440 2456 4478 mons
2489 4424 2672 4492 templi
2706 4424 2862 4492 quasi
2896 4422 3053 4473 lucus
3084 4421 3136 4472 in
3168 4418 3330 4473 saltu.
3365 4437 3383 4467 ι

1819 4516 2089 4583 Quoniam
2119 4516 2305 4584 itaque
2342 4516 2547 4569 nostris
2576 4512 2890 4568 discrcditis
2927 4510 3134 4571 verbis,
3169 4523 3290 4578 qua:
3322 4523 3387 4561 ex

1820 4609 1913 4663 Dei
1963 4608 2231 4663 sententia
2267 4607 2615 4676 protulimus,
2667 4611 2723 4656 et
2774 4601 2925 4655 falsis
2959 4598 3241 4670 prophetis
3290 4612 3381 4649 au-

1822 4702 2147 4764 scultantes,
2182 4708 2259 4753 tot
2297 4697 2617 4765 iniquitates
2650 4709 2713 4747 ac
2744 4690 3217 4762 przevaricationes
3251 4702 3390 4757 quo-

1818 4791 1950 4845 tidie
1995 4790 2371 4854 committitis;
2416 4794 2699 4857 propterea
2739 4791 3053 4838 nostrorum
3094 4779 3385 4835 verborum

1818 4880 2103 4934 veritatem
2134 4877 2517 4948 cognoscetis;
2570 4874 2699 4944 quia
2733 4879 2885 4925 tanta
2934 4879 3065 4924 tunc
3110 4868 3168 4922 in
3218 4865 3385 4920 Sione

1818 4976 2002 5022 monte
2034 4975 2088 5021 et
2133 4968 2187 5020 in
2232 4967 2485 5037 imposita
2519 4963 2569 5019 ei
2623 4962 2845 5017 civitate
2896 4958 3134 5017 solitudo
3180 4957 3289 5021 fiet,
3326 4965 3385 5010 ut

1820 5060 1907 5114 ille
1928 5059 2144 5129 quidem
2173 5058 2287 5126 agri
2316 5058 2489 5111 instar
2510 5054 2751 5108 arandus
2778 5054 2870 5117 sit,
2894 5052 3008 5106 haec
3031 5058 3211 5105 autem
3238 5046 3384 5101 haud

1817 5148 2101 5204 dissimilis
2152 5146 2335 5200 futura
2395 5148 2466 5200 sit
2516 5144 2729 5215 tugurio
2776 5140 3150 5197 custodiendis
3204 5138 3382 5208 pomis

1818 5249 2028 5306 erecto;
2064 5239 2286 5293 urbanis
2310 5253 2503 5307 nempe
2529 5236 2775 5291 aedificiis
2804 5236 3008 5305 ubique
3038 5230 3330 5302 prostratis
3361 5246 3376 5283 :

1817 5341 1979 5401 atque
2026 5340 2083 5384 ut
2116 5330 2439 5400 compendio
2479 5329 2680 5393 dicam,
2734 5342 2893 5381 mons
2940 5326 2995 5379 in
3029 5339 3135 5393 quo
3186 5322 3382 5375 domus

1819 5424 1913 5478 Dei
1942 5431 2046 5489 est,
2080 5425 2214 5478 nihil
2243 5439 2272 5476 a
2304 5424 2544 5493 plantato
2574 5422 2693 5476 loco
2724 5419 2958 5483 differet,
2991 5424 3073 5472 tot
3108 5415 3218 5470 illis
3248 5427 3380 5483 pro-

1818 5525 1937 5585 pter
1976 5515 2323 5572 solitudinem
2372 5513 2763 5582 pullulantibus
2808 5511 3031 5581 plantis.
3082 5505 3199 5560 Jam
3250 5517 3381 5556 vero

1818 5609 2054 5663 narratis
2103 5609 2365 5663 hactenus
2409 5605 2628 5661 inﬂictis
2678 5603 2938 5660 lsraelitis
2982 5602 3197 5673 poenis,
3250 5594 3381 5651 dicit

2949 5722 3024 5782 12
