3844 6222
451 202 555 258 305
1538 203 1550 212 ‘
1593 181 1940 240 THEODORI

2181 173 2466 234 UESTENI
3575 159 3699 216 75M

453 315 709 384 deinceps
743 327 830 367 res
858 324 1047 366 eorum
1092 317 1214 379 post
1247 315 1530 376 capturam
1565 301 1822 366 futuras;
1859 300 1970 353 niui

2178 295 2310 346 ιύτου
2342 295 2441 354 τὰς
2483 289 2826 360 ἐπαγομένας
2869 287 3054 350 αὐτοῖς
3102 281 3384 355 συμφορὰς
3425 281 3696 353 εἰρηκὼς,

455 423 576 461 rum
603 411 862 472 quantam
893 399 1130 455 habituri
1155 398 1265 454 sint
1288 375 1342 451 in
1367 395 1561 450 melius
1584 389 1973 446 conversionen

2190 402 2273 453 γει
2300 383 2487 437 λοιπὸν
2517 383 2611 437 καὶ
2634 378 2722 437 οἷα
2743 383 2812 437 τὰ
2832 381 2960 452 περὶ
2981 380 3177 442 αὐτοὺς
3209 377 3347 449 μετὰ
3370 376 3469 446 τὴν
3498 375 3702 429 ἅλωσιν

455 498 630 564 Quem
666 508 871 548 morem
905 491 1072 546 fuisse
1109 489 1442 558 reliquorum
1476 483 1888 554 pr0phetarum,
1925 494 1973 532 ηε

2181 492 2300 536 πται,
2325 474 2455 564 δσην
2494 489 2551 526 τε
2581 471 2693 537 ἕξει
2719 471 2816 542 τὴν
2851 473 2945 526 ἐπὶ
2984 470 3046 524 τὸ
3079 471 3327 541 κρεῖττον
3365 467 3699 538 μεταϐολήν·

457 585 814 654 minatimque
843 580 989 637 beati
1041 556 1284 642 Davidis,
1320 591 1462 645 sape
1500 572 1843 629 ostendimus
1883 589 1897 624 :
1939 587 1974 623 n

2186 581 2265 635 τερ
2293 560 2385 617 οὖν
2415 563 2604 626 εἰωθὸς
2639 563 2698 618 ὃν
2733 565 2845 626 τοῖς
2887 561 3094 624 λοιποῖς
3126 560 3430 630 προφήταις
3456 558 3548 629 (p.
3572 556 3704 628 281)

460 676 658 728 mirum
684 670 1010 742 praedicendi
1048 676 1172 738 post
1204 679 1570 722 aerumnarum
1601 663 1903 717 cruciatum
1937 659 1978 728 jt

2187 655 2224 707 tt
2257 653 2334 723 τῷ
2365 653 2622 724 μακαρίῳ
2664 653 2846 718 Δαυῒδ,
2871 652 3128 713 πολλάκις
3170 650 3471 721 ἐδείξαμεν,
3499 649 3561 702 τὸ
3596 667 3705 720 μη-

460 765 668 829 cunda;
706 760 906 817 deinde
949 737 1145 814 rursus
1191 754 1368 810 tristia
1406 752 1642 816 dicendi,
1678 761 1734 804 ut
1767 751 1869 804 hac
1896 763 1978 804 cor

2191 764 2275 800 ηειν
2307 747 2445 818 μετά
2483 748 2582 816 τὴν
2621 747 2729 799 τῶν
2769 745 3020 818 χαλεπῶν
3067 747 3260 814 πεῖραν
3294 743 3362 796 τὰ
3402 741 3554 813 ἡδέα,
3586 737 3709 796 εἶτα.

461 857 616 908 tinua
644 851 924 915 memoria,
966 859 1198 917 utroque
1239 844 1400 899 modo
1446 856 1542 897 eos
1573 841 1874 904 erudirent,
1908 854 1979 893 c0!

2189 838 2296 892 ίιλιν
2320 839 2496 907 λέγειν
2525 838 2594 892 τὰ
2618 837 2854 907 λυπηρὰ,
2884 837 2969 889 ἵνα
2991 837 3057 906 τῇ
3088 834 3336 906 συνεχείᾳ
3357 833 3454 903 τῆς
3485 833 3707 902 μνήμης

463 943 722 1015 ripientes
742 942 978 995 tristium
1002 937 1296 997 mentione,
1320 934 1609 987 hortantes
1625 936 1807 984 autem
1831 943 1976 982 nunc

2191 928 2545 999 ’ἀμφοτέρων
2577 929 2705 981 αὐτο
2717 927 2775 990 ὺς
2803 926 3122 988 παιδεύωσι,
3150 922 3572 994 σωφρονίζοντες
3607 923 3709 992 μὲν

461 1013 644 1089 rerum
682 1033 1080 1100 henigniorum,
1111 1041 1260 1096 Spem
1295 1039 1426 1094 erga
1451 1021 1619 1078 Deum
1657 1019 1859 1076 fovere.
1889 1017 1979 1074 Dic

2195 1027 2200 1090 Ι
2233 1020 2421 1090 μνήμῃ
2439 1017 2557 1072 τῶν
2586 1017 2865 1088 λυπηρῶν,
2896 1015 3325 1088 προτρεπόμενοι
3352 1013 3409 1066 δὲ
3437 1016 3503 1084 τῇ
3545 1013 3713 1084 μηνύ-

462 1141 634 1195 ergo;
2139 1130 2220 1164 σει
2271 1112 2381 1164 τῶν
2431 1111 2811 1183 χρηστοτέρων
2850 1112 2948 1181 τῆς
2991 1108 3205 1171 ἐλπίδος
3251 1108 3574 1178 ἀντέχεσθαι
3611 1111 3714 1179 τῆς

2131 1201 2305 1266 θείας.
2337 1202 2497 1270 Λέγει
2525 1201 2703 1254 τοίνυν
2733 1217 2746 1231 ·

1114 1293 1262 1347 CAP.
1303 1290 1391 1347 iV.

2792 1294 2950 1349 ΚΕΦ.
2982 1293 3055 1346 Δ’.

537 1388 704 1444 Vens.
740 1386 898 1442 1-5.
938 1402 956 1435 ι
1000 1384 1064 1437 Et
1098 1385 1202 1438 erit
1237 1383 1548 1438 novissimis
1590 1377 1784 1433 diebus
1812 1373 2036 1442 conspi-

2204 1391 2350 1460 Στίχ.
2381 1389 2529 1457 α’-γ’.
2565 1419 2633 1428 -
2672 1407 2690 1438 ι
2725 1388 2836 1441 Καὶ
2860 1387 3014 1440 ἔσται
3049 1387 3133 1438 ἐπ’
3160 1384 3400 1453 ἐσχάτων
3429 1382 3540 1436 τῶν
3570 1383 3715 1452 ἡμε-

467 1495 603 1534 cuus
646 1491 804 1531 mons
832 1474 1029 1528 domus
1063 1470 1302 1538 Domini,
1344 1477 1678 1540 praeparatus
1721 1467 1776 1521 in
1811 1463 1982 1520 vertic

2195 1481 2249 1536 ὗν
2288 1483 2529 1552 ἐμφανὲς
2572 1481 2633 1533 τὸ
2658 1481 2783 1552 ὅρος
2810 1479 2906 1532 τοῦ
2933 1478 3085 1532 οἴκου
3107 1475 3313 1548 Κυρίου
3335 1515 3350 1540 ,
3375 1474 3588 1545 ἕτοιμον
3619 1474 3713 1525 ἐπὶ

467 1575 572 1630 bus
603 1570 892 1635 montium,
920 1575 974 1623 et
1001 1565 1251 1621 sublimis
1284 1578 1448 1631 super
1489 1559 1678 1614 colles.
1720 1555 1785 1609 Et
1840 1568 1985 1624 prop:

2293 1571 2535 1645 κορυφὰς
2593 1569 2704 1624 τῶν
2766 1571 2971 1641 ὀρέων,
3053 1569 3146 1622 καὶ⁵
3213 1565 3715 1638 μετεωρισθὴσεται
3775 1607 3779 1610 .

469 1667 668 1720 rabunt
708 1662 776 1717 ad
816 1674 940 1716 eum
984 1657 1192 1728 populi,
1230 1661 1559 1724 pergentque
1600 1658 1786 1721 gentes
1831 1646 1987 1700 mult:

2196 1663 2394 1734 τεράνω
2421 1661 2530 1715 τῶν
2553 1660 2755 1731 βουνῶν
2776 1678 2791 1691 ι
2819 1660 2913 1714 καὶ
2947 1660 3271 1713 σπεύσουσιν
3301 1658 3388 1711 ἐπ’
3412 1657 3544 1711 αὐτὸ
3569 1656 3714 1718 λαοὶ,

470 1767 525 1811 et
558 1755 740 1810 dicent
766 1771 779 1807 :
804 1751 1016 1815 Venite,
1053 1746 1414 1802 ascendamus
1443 1745 1500 1798 in
1529 1750 1768 1796 montem
1800 1736 1988 1792 Domin

2200 1754 2235 1806 ιὶ
2282 1751 2606 1824 πορεύσεται
2641 1751 2768 1822 ἔθνη
2813 1749 3012 1804 πολλάο
3045 1751 3139 1802 καὶ
3173 1747 3391 1818 ἐροῦσι,
3413 1745 3580 1800 Δεῦτε
3621 1748 3718 1799 καὶ

471 1857 525 1902 et
559 1846 624 1900 ad
654 1844 875 1898 domum
923 1840 1012 1895 Dei
1058 1837 1246 1893 Jacob.
1281 1835 1347 1889 Et
1388 1832 1843 1890 demonstrabunt
1883 1827 1989 1884 nob

2199 1840 2429 1910 ναεῶμεν
2458 1841 2538 1903 εἰς
2565 1839 2625 1893 τὸ
2655 1839 2780 1911 ὅρος
2817 1838 3041 1909 Κυρίου,
3071 1837 3164 1891 καὶ
3193 1838 3272 1898 είς
3313 1835 3403 1887 τὸν
3442 1830 3589 1888 οἷκον
3619 1833 3717 1888 τοῦ

471 1939 616 1993 viam
648 1937 790 2008 ejus,
816 1943 869 1991 et
900 1934 1100 1990 ibimus
1129 1933 1182 1985 in
1210 1929 1423 1986 semitis
1449 1927 1570 1996 ejus
1599 1945 1611 1979 :
1637 1924 1764 1994 quia
1789 1922 1854 1977 de
1878 1920 1989 1976 Sior

2198 1929 2277 1983 εοῦ
2340 1927 2567 1983 Ἰακώϐ·
2615 1928 2711 1981 καὶ
2752 1925 3017 1991 δείξουσιν
3055 1928 3184 1996 ἡμῖν
3229 1923 3328 1994 τὴν
3370 1924 3486 1976 ὁδον
3527 1921 3716 1984 αὐτοῦ,

472 2030 784 2102 egredietur
809 2029 918 2090 lex,
949 2035 1002 2080 et
1035 2024 1260 2080 verbum
1295 2019 1508 2075 Domini
1537 2019 1602 2073 de
1627 2011 1990 2072 Jerusalem]

2300 2019 2638 2090 πορευσόμεθα
2675 2019 2731 2070 ἐν
2763 2020 2882 2080 ταῖς
2908 2016 3113 2088 τρίϐοις
3145 2013 3331 2067 αὑτοῦ·
3373 2015 3455 2067 ὅτι
3485 2014 3549 2065 ἐκ
3579 2011 3720 2064 Σιὼν
3817 2061 3818 2064 η

470 2120 741 2191 judicabit
762 2119 903 2172 inter
927 2115 1086 2184 185
1104 2111 1335 2184 p0pulos
1358 2108 1580 2171 multos,
1616 2113 1668 2160 ct
1701 2109 1890 2174 arguet
1918 2116 1988 2172 ge.

2200 2109 2485 2175 ζελεύσεται
2505 2109 2687 2178 νόμος,
2712 2108 2806 2161 καὶ
2828 2107 2983 2174 λόγος
3009 2105 3214 2176 Κυρίου
3241 2104 3300 2172 ἐξ
3334 2103 3718 2175 Ἰερουσαλήμ·

478 2224 560 2269 tes
615 2210 786 2266 fortes
845 2223 1018 2278 usque
1072 2207 1126 2259 in
1174 2202 1553 2272 longinquum.
1595 2217 1613 2248 ›
1657 2195 1996 2251 Verumtame

2205 2203 2240 2252 tt
2271 2199 2572 2271 κρινεῖάνὰ
2599 2198 2760 2269 μέσον
2783 2197 2928 2251 λαῶν
2959 2195 3188 2258 πολλῶν,
3223 2195 3318 2249 καὶ
3346 2189 3557 2263 ἐλέγξει
3589 2193 3723 2264 ἔθνη

478 2309 765 2372 postquam
792 2297 934 2352 mala
968 2293 1211 2364 perpessi
1250 2289 1472 2348 fuerint,
1508 2284 1683 2355 primo
1728 2281 1945 2352 quidem
1976 2292 1996 2331 a

2205 2293 2344 2365 χυρὰ
2376 2293 2481 2358 ἕως
2529 2291 2766 2362 μακράν.
2809 2309 2828 2342 ι
2877 2289 3037 2341 Ἀλλα
3078 2287 3188 2358 γὰρ
3231 2287 3368 2357 μετὰ
3389 2285 3487 2356 τὴν
3519 2289 3723 2356 πεῖραν

479 2370 722 2464 Assyriis
755 2387 1037 2459 captivati,
1072 2382 1274 2440 deinde
1314 2395 1344 2433 a
1377 2375 1726 2464 Babyloniis;
1760 2370 1997 2464 tanlauﬁl

2210 2382 2258 2434 iv
2301 2379 2487 2434 κακῶν
2534 2380 2592 2431 ἐν
2626 2374 2770 2452 ᾗπερ
2814 2379 3150 2448 γενήσονται,
3181 2375 3443 2446 πρότερον
3485 2375 3580 2444 μὲν
3618 2373 3728 2427 ὑπὸ

480 2457 662 2536 Ῐιοίίὶη
693 2479 812 2532 loco
824 2457 1010 2530 rerum
1029 2469 1334 2531 conversio,
1358 2474 1417 2520 ut
1444 2461 1778 2532 conspicuus
1795 2457 1998 2512 omnibt

2207 2468 2460 2538 ισσυρίων
2512 2463 3075 2535 αἰχμαλωτισθέντες,
3120 2461 3224 2514 ὑπὸ
3273 2460 3625 2514 Βαϐυλωνίων
3664 2459 3725 2513 δὲ

479 2571 701 2626 futurus
736 2568 808 2622 sit
833 2579 1012 2630 mons,
1031 2562 1086 2616 in
1113 2575 1220 2631 quo
1237 2557 1378 2613 Deus
1405 2556 1651 2610 habitare
1683 2550 1994 2606 existimatu

2205 2575 2396 2628 ςτερον,
2424 2554 2661 2625 τοσαύτη
2694 2552 2965 2624 μεταϐολὴ
3012 2553 3140 2622 περὶ
3167 2551 3258 2604 τὸν
3286 2551 3448 2604 τόπον
3490 2552 3686 2620 γενήσε
3704 2579 3723 2590 -

481 2665 536 2711 et
576 2653 792 2710 cunctis
845 2648 1134 2704 sublimior
1186 2643 1467 2698 montibus
1502 2639 1902 2710 plurimumque
1951 2635 1999 2689 ιιι

2205 2664 2239 2699 ιι
2273 2645 2480 2703 τοῦτον,
2518 2643 2660 2696 ῶστε
2699 2641 2996 2712 περιφανὲς
3023 2641 3194 2694 ἅπασι
3217 2639 3277 2691 τὸ
3299 2639 3422 2709 ὅρος
3450 2637 3723 2706 γενέσθαι,

483 2747 778 2807 excedens.
817 2753 1118 2809 omnesque
1148 2737 1338 2799 colles,
1385 2742 1606 2803 propter
1649 2729 2001 2783 manifestata:

2208 2754 2211 2774 ι
2243 2730 2396 2806 ᾧπερ
2426 2735 2594 2787 οἰκεῖν
2627 2733 2955 2801 ὑπείληπται
2996 2729 3147 2794 Θεὸς,
3172 2728 3423 2782 ἁπάντων
3463 2745 3522 2780 τε
3556 2728 3726 2797 ὑπερ-

485 2839 682 2895 ιὶὶνίιιπ
713 2835 894 2889 tutelae
925 2833 978 2886 in
1013 2845 1078 2886 eo
1109 2829 1361 2901 gloriam.
1393 2824 1545 2880 Multi
1568 2835 1784 2894 quoque
1809 2826 1998 2874 extran

2211 2827 2403 2896 ;ίμενον
2445 2825 2718 2894 δειχθῆναι
2765 2823 2875 2876 τῶν
2927 2820 3120 2892 ὀρέων,
3161 2821 3255 2873 καὶ
3303 2819 3550 2872 πλεῖστον
3603 2818 3729 2870 ὅσον

485 2928 674 2985 multis
701 2941 767 2981 ex
798 2923 934 2978 locis
965 2925 1295 2975 concurrent
1319 2915 1384 2970 ad
1409 2915 1555 2968 hunc
1584 2909 1674 2964 Dei
1705 2914 1965 2968 montem,
1995 2907 2003 2959 i

2212 2919 2452 2986 τεραῖρον
2494 2917 2670 2968 πάντα
2717 2914 2816 2984 μὲν
2853 2912 2984 2983 ὅρη,
3035 2911 3244 2973 πάντας
3284 2910 3340 2963 δὲ
3371 2908 3610 2979 βουνοὺς,
3638 2907 3730 2960 διὰ

485 2964 674 2985 "unus
701 2964 767 2981 ω.
799 2964 934 2978 ,νην
966 2964 1295 2975 νην-.-μη
1320 2964 1384 2970 η
1411 2964 1546 2968 _-
1953 2964 1962 2968 _

484 3036 596 3091 quo
632 3017 885 3074 videlicet
927 3012 1177 3068 habitare
1223 3007 1366 3063 Deus
1410 3005 1668 3069 creditur,
1711 3010 1770 3056 ut
1799 3001 1927 3054 hinc
1955 2998 2002 3052 dt

2212 2964 2476 3078 jvréxr'rﬁ;
2505 2964 3012 3073 κηδεμονίας
3052 3004 3108 3054 ἐν
3144 2964 3293 3070 αὐτῷ
3320 2964 3612 3068 γιινομένην
3649 2996 3730 3049 δό-

487 3123 715 3169 ceantur
759 3104 1032 3180 quomodo
1069 3118 1162 3158 eos
1197 3111 1526 3170 componere
1566 3109 1746 3150 mores
1781 3098 2002 3162 Oportea

2209 3109 2284 3145 ιν·
2328 3091 2751 3162 συναχθήσονται
2793 3089 2849 3142 δὲ
2896 3089 3080 3141 πολλοὶ
3129 3087 3456 3156 πολλαχόθεν
3491 3087 3584 3140 καὶ
3616 3084 3727 3137 τῶν

486 3215 538 3259 et
565 3219 626 3257 ex
663 3175 853 3256 norma
894 3193 1199 3251 honestatis
1230 3193 1448 3245 vivere:
1483 3188 1555 3241 ita
1581 3194 1642 3241 ut
1669 3185 1749 3240 lex
1777 3183 1869 3238 fiat
1890 3182 2004 3236 etia

2210 3183 2451 3253 ιλοτρίων
2489 3180 2834 3250 ἐπειγόμενοι
2862 3179 3016 3232 τοῦτο
3040 3179 3105 3250 δὴ
3124 3178 3219 3232 τοῦ
3243 3178 3377 3231 Θεοῦ
3403 3175 3728 3230 καταλαὸεῖν

489 3289 785 3352 extraneis,
822 3287 910 3341 illa
937 3299 1057 3354 quae
1089 3282 1194 3336 boe
1232 3281 1352 3334 loco
1380 3282 1568 3346 regnat
1608 3274 1726 3340 lex;
1757 3277 2003 3340 putentqt

2208 3293 2214 3320 ι
2257 3271 2402 3340 ὅρος,
2441 3269 2513 3338 (p.
2551 3267 2678 3354 282)
2713 3269 2775 3354 ἐν
2825 3261 2977 3336 ᾧπερ
3023 3269 3193 3319 οἰκεῖν
3229 3265 3508 3331 δοξάζεται
3557 3263 3726 3326 Θεός·

491 3390 684 3431 omnes
715 3390 774 3429 se
803 3372 897 3428 Dei
945 3384 1128 3424 vocem
1163 3366 1373 3427 audire,
1422 3376 1528 3430 qua
1571 3359 1830 3430 jubentur
1860 3371 2008 3410 seem

2217 3354 2389 3408 ταῦθά
2413 3371 2472 3406 τε
2510 3352 2864 3420 παιδευθῆναι
2897 3351 2955 3406 ὃν
2999 3351 3063 3422 δὴ
3094 3352 3292 3423 τρόπον
3329 3351 3604 3421 προσῆκεν
3629 3349 3732 3403 αὐ·-

491 3467 618 3523 dum
649 3464 900 3520 instituta
927 3459 1165 3514 civitatis
1183 3455 1486 3515 Jerusalem
1517 3451 1719 3504 vivere.
1755 3447 1848 3502 Sic
1875 3455 2009 3501 aute:

2209 3446 2284 3508 ὡς
2335 3442 2741 3504 πολιτεύεσθαι,
2781 3443 2928 3504 ὅπως
2977 3459 3036 3494 τε
3086 3441 3233 3512 βιοῦν
3283 3441 3423 3494 κατά
3471 3440 3533 3492 τὸ
3573 3439 3727 3493 δέον⁸

491 3558 690 3612 merito
749 3552 1176 3613 existimabunt,
1236 3550 1547 3617 spectantes
1593 3539 1893 3595 evidentem
1961 3535 2009 3588 Di

2216 3551 2297 3586 στε
2327 3533 2488 3602 νόμον
2525 3529 2663 3585 εἶναι
2691 3532 2784 3585 καὶ
2823 3535 2934 3594 τοῖς
2961 3532 3184 3604 ἑτέρωθι
3213 3532 3305 3584 τὸν
3331 3529 3564 3584 ἐνταῦθα
3595 3547 3734 3602 κρα-

492 3646 810 3718 potentiam,
839 3642 968 3696 dum
994 3641 1195 3693 multos
1217 3652 1283 3690 ex
1310 3635 1377 3688 iis
1404 3633 1499 3702 qui
1542 3630 1682 3683 male
1717 3627 1875 3681 nobis
1916 3624 2010 3679 feet

2211 3625 2353 3679 r3th
2379 3625 2561 3694 νόμον,
2597 3625 2780 3694 φωνῆς
2812 3641 2870 3676 τε
2911 3625 3060 3688 θείας
3101 3624 3275 3676 δοκεῖν
3302 3623 3519 3676 ἀκούειν
3559 3624 3729 3677 ᾶπαν-

492 3712 622 3792 runt
646 3735 710 3789 ad
737 3748 894 3789 suum
920 3731 1184 3801 judicium
1213 3724 1502 3796 pertrahit,
1528 3719 1814 3789 arguitque
1835 3715 2010 3769 validi:

2215 3735 2274 3782 ις,
2308 3717 2399 3784 ἀφ’
2428 3712 2497 3788 ἦς
2525 3716 2798 3787 προσῆκεν
2824 3719 2932 3779 τοῖς
2972 3714 3321 3786 Ἰερουσαλὴμ
3359 3713 3733 3769 πολιτεύεσθαι

493 3831 664 3884 simos
697 3826 882 3889 etiam,
909 3819 1260 3892 quantumvis
1292 3815 1481 3885 procul
1525 3813 1718 3867 abesse
1749 3808 2011 3862 videantul

2216 3807 2441 3877 ιμίμοις’
2484 3805 2656 3858 ταῦτα
2693 3805 2750 3858 δὲ
2781 3806 3056 3876 οἰήσονται
3093 3805 3348 3867 δικαίως,
3379 3804 3610 3875 ὁρῶντες
3637 3802 3734 3856 τοῦ

493 3920 564 3972 ob
597 3918 775 3970 illatas
814 3913 975 3967 nobis
1018 3909 1282 3977 injurias;
1330 3915 1630 3974 poenasque
1676 3897 1784 3953 illis
1830 3897 2011 3966 impon

2219 3897 2300 3952 εοῦ
2330 3897 2426 3968 τὴν
2454 3897 2680 3967 δύναμιν
2702 3897 2770 3966 ἣν
2795 3895 3138 3960 ἐπιδείξεται,
3165 3895 3390 3956 πολλοὺς
3421 3894 3528 3946 τῶν
3551 3893 3737 3956 κακῶς

494 4004 829 4059 facinorihus
858 4001 1098 4070 ipsorum
1120 3997 1357 4064 dignam.

2221 3983 2573 4037 ατεθεικότων
2609 3983 2759 4054 ἡμᾶς
2811 3981 2915 4034 ὑπὸ
2958 3982 3058 4050 τὴν
3095 3981 3277 4051 κρίσιν
3318 3979 3467 4047 ἄγων
3505 3979 3603 4048 τὴν
3655 3980 3738 4031 ol-

495 4093 676 4158 κείαν,
719 4062 952 4159 ἐλέγχων
994 4104 1055 4140 τε
1097 4062 1200 4138 καὶ*
1235 4083 1360 4144 τοὺς
1409 4080 1554 4146 ἄγαν
1598 4073 1736 4130 εῖναι
1777 4075 2065 4138 δοκοῦντας
2117 4075 2402 4144 ἰσχυροὺς,
2435 4074 2540 4127 κᾶν
2586 4075 2634 4126 εἰ
2677 4073 2960 4144 πόρρωθεν
3007 4066 3146 4124 εἶναι
3197 4071 3438 4134 δοκοῖεν,
3479 4068 3617 4138 ὑπὲρ
3661 4062 3740 4122 ὧν

496 4187 575 4248 εἰς
613 4181 760 4254 ἡμᾶς
819 4174 1312 4247 πεπλημμελῂκασι
1335 4213 1349 4234 ,
1380 4169 1474 4222 καὶ
1507 4167 1571 4237 δὴ
1611 4167 1705 4219 καὶ
1749 4166 2020 4236 τιμωρίαν
2068 4165 2250 4227 αὐτοῖς
2288 4164 2506 4232 ἐπάγων
2533 4163 2643 4215 τῶν
2673 4160 3085 4232 τετολμημένων
3113 4159 3287 4226 ἀξίαν.

569 4252 733 4328 Miror
780 4279 958 4324 autem
1001 4281 1097 4322 eos
1138 4263 1228 4334 qui
1275 4260 1634 4321 allirmarunt,
1675 4258 1822 4312 dicta
1875 4259 1991 4312 haec
2037 4274 2067 4312 a

2256 4257 2572 4327 Ἐθαύμασα
2601 4256 2657 4309 δὲ
2682 4255 2808 4318 τοὺς
2852 4253 3142 4325 εἰρηκότας
3171 4252 3416 4324 λελέχθαι
3441 4255 3540 4324 μὲν
3567 4254 3744 4309 ταῦτα

498 4365 761 4437 propheta
803 4361 872 4415 de
908 4359 1071 4412 rebus
1121 4354 1381 4409 lsraelitis
1427 4351 1724 4414 eventuris,
1769 4358 2016 4420 postqual

2224 4347 2520 4418 ῥπροφήτη
2556 4347 2647 4398 ἐπὶ
2677 4344 2784 4397 τῶν
2826 4344 2954 4414 περὶ
3009 4343 3133 4405 τοὺς
3180 4342 3514 4412 Ἰσραηλίτας
3541 4345 3742 4412 ἐσομέ-

498 4457 772 4528 Babylone
800 4451 1004 4516 reversi
1044 4447 1311 4508 fuissent;
1353 4443 1615 4497 addentes
1653 4442 1839 4504 ctiam,
1879 4450 2016 4512 typu:

2225 4456 2294 4501 ον,
2324 4436 2491 4489 ἐπειδ⁹
2526 4436 2590 4488 ἂν
2619 4433 2990 4502 ἐπανάγεσθαι
3019 4431 3250 4502 μέλλωσι
3277 4433 3374 4501 τῆς
3402 4432 3743 4498 Βαϐυλῶνος,

498 4517 788 4615 quemdam
814 4554 907 4594 eas
933 4536 1101 4590 fuisse
1127 4547 1308 4587 rerum
1333 4532 1434 4586 sub
1456 4530 1680 4585 Christo
1707 4527 1937 4583 Domino
1971 4545 2016 4596 gt

2229 4529 2450 4598 ᾒσαντας
2503 4525 2562 4577 δέ
2609 4523 2778 4576 τύπον
2817 4522 2954 4576 αὐτά
3001 4536 3125 4572 τινα
3180 4519 3274 4572 καὶ
3317 4519 3425 4570 τῶν
3460 4517 3603 4572 κατά
3652 4519 3747 4571 τὸν

500 4604 816 4690 rendarum.
849 4626 1012 4698 Atqui
1044 4625 1144 4679 hos
1167 4637 1288 4692 ego,
1319 4626 1590 4690 quatenus
1622 4618 1806 4689 populi
1831 4619 2018 4674 reditu:

2231 4613 2447 4682 ;σπότην
2493 4610 2634 4680 ἐχειν
2657 4608 2890 4678 Χριστόν
2921 4625 2932 4637 ·
2965 4605 3060 4669 οὓς
3098 4607 3178 4658 ὅτι
3209 4605 3308 4674 μὲν
3345 4606 3443 4676 τὴν
3469 4606 3532 4658 ἐκ
3567 4604 3749 4656 Βαϐυο

498 4722 778 4794 Babylone
805 4719 890 4773 his
916 4716 1095 4771 verbis
1118 4711 1392 4782 designari
1419 4710 1593 4771 aiunt,
1628 4724 1726 4763 ceu
1752 4709 1956 4778 optime
1986 4709 2016 4763 d

2234 4704 2338 4766 ivo;
2367 4702 2622 4756 ἐπάνοδον
2651 4701 2744 4754 τοῦ
2770 4698 2899 4754 λαοῦ
2919 4698 3280 4770 σημαίνεσθαι
3307 4698 3512 4768 ἔφασαν
3546 4700 3602 4751 ἐν
3622 4698 3752 4751 τού-

499 4783 694 4866 Ωθῐιίθὸ
719 4805 902 4860 laudo.
932 4802 1089 4868 Quod
1123 4810 1298 4853 autem
1342 4805 1502 4868 typus
1531 4796 1752 4866 quidam
1787 4796 1842 4849 in
1875 4795 2011 4848 iisde

2233 4807 2308 4852 ιις,
2331 4790 2405 4852 ὡς
2427 4787 2687 4842 κάλλιστά
2715 4803 2777 4854 γε
2798 4785 3087 4857 εἰρηκότας
3115 4784 3322 4836 ἐπαινῶ
3346 4801 3358 4815 ·
3391 4785 3472 4838 ὅτι
3498 4783 3554 4837 δὲ
3578 4783 3751 4837 τύπον

507 4895 674 4950 lateat
697 4904 880 4946 rerum
903 4884 1107 4942 Christi
1135 4883 1371 4948 Domini,
1397 4883 1540 4938 haud
1571 4885 1686 4940 scio
1715 4883 1989 4954 quomodo
2015 4881 2025 4933 i

2233 4883 2298 4934 νὰ
2339 4880 2449 4934 τῶν
2477 4879 2616 4933 κατὰ
2640 4878 2732 4931 τὸν
2765 4878 3040 4946 Δεσπότην
3074 4876 3187 4946 ἔχει
3219 4876 3473 4946 Χριστὸν,
3507 4875 3607 4928 οὐκ
3633 4871 3751 4928 οἶδα

508 4982 776 5041 afﬁrmare
805 4978 1048 5032 animum
1077 4974 1390 5030 induxerint
1415 4991 1429 5028 :
1461 4983 1678 5029 constat
1707 4975 1851 5028 enim
1882 4981 2026 5046 typut

2235 4989 2324 5034 τως
2345 4969 2694 5040 προήχθησαν
2706 4968 2899 5027 εἰπεῖν,
2915 4965 3072 5035 δήλου
3087 4981 3156 5046 γε
3165 4964 3316 5027 ὄντος
3332 4963 3405 5026 ὡς
3425 4963 3570 5026 διπας
3580 4963 3753 5026 τύπος

509 5065 867 5125 imitationem
892 5078 1013 5118 esse
1035 5062 1327 5131 quamdam
1355 5062 1474 5131 ejus
1516 5062 1616 5126 rei,
1644 5062 1802 5132 cujus
1839 5044 1962 5116 esse
1989 5061 2023 5114 d

2232 5059 2412 5128 ίμησιν
2445 5057 2556 5125 ἔχει
2581 5053 2702 5107 τινὰ
2731 5053 2867 5123 πρὸς
2903 5053 3078 5104 ἐκεῖνο
3103 5044 3273 5120 οὗπερ
3301 5049 3516 5116 λέγεται
3544 5048 3716 5111 τύπος
3735 5065 3750 5081 ·

501 5158 654 5215 .citur
689 5163 880 5227 typus;
917 5152 1087 5206 dictio
1133 5163 1355 5208 autem:
1393 5172 1411 5204 ι
1451 5153 1529 5208 De
1572 5151 1737 5208 Sione
1766 5150 2019 5224 egrediett

2235 5149 2319 5200 ιδέ
2345 5149 2410 5200 ἐκ
2454 5145 2591 5197 Σιὼν
2622 5139 2999 5208 ἐξελεύσεσθαι
3035 5141 3219 5211 νόμον,
3240 5142 3335 5194 καὶ
3361 5140 3514 5207 λόγον
3543 5140 3753 5209 Κυρίου

510 5249 619 5311 lex,
654 5255 708 5302 et
745 5245 970 5300 verbum
1017 5241 1229 5296 Domini
1277 5243 1345 5298 de
1398 5243 1725 5306 Jerusalem,
1771 5261 1789 5293 ι
1845 5242 2028 5296 multm

2235 5240 2244 5303 ί
2286 5234 2660 5307 Ἰερουσαλὴμ,
2694 5235 2771 5304 (1)·
2792 5232 2920 5302 285)
2943 5232 3076 5285 πολύ
3107 5248 3171 5299 γε
3201 5233 3508 5300 ἀφέστηκεν
3535 5230 3635 5298 τῆς
3657 5229 3753 5281 τοῦ

504 5343 668 5399 abest
700 5352 730 5392 a
755 5335 958 5392 Christi
988 5335 1383 5408 pr0positione,
1415 5336 1508 5404 qui
1543 5335 1765 5390 disertis
1787 5333 1966 5388 verbis
1989 5328 2022 5384 Ξ

2239 5327 2416 5400 ριστοῦ
2443 5325 2758 5391 διατάξεως,
2783 5323 2841 5387 ὃς
2868 5322 3054 5391 σαφῶς
3069 5322 3256 5394 εἴρηκε
3287 5322 3422 5391 πρὸς
3444 5321 3543 5389 τὴν
3564 5321 3757 5388 Σαμα-

509 5429 794 5487 maritam
823 5425 959 5480 dixit
984 5425 1027 5456 “
1058 5407 1121 5479 τί(
1164 5423 1378 5490 Mulier,
1402 5426 1565 5480 crede
1599 5423 1751 5489 mihi,
1775 5423 1904 5495 quia
1933 5437 2027 5479 ven

2240 5422 2348 5473 ,ῖτιν
2368 5435 2382 5449 ·
2422 5436 2442 5471 t
2473 5415 2702 5470 Πίστευέ
2755 5431 2866 5485 μοι,
2899 5411 3079 5484 γύναι,
3106 5414 3186 5468 ὅτι
3226 5412 3444 5483 ἔρχεται
3492 5408 3635 5480 ῶρα,
3665 5407 3758 5462 δτι

579 5561 630 5598 ⁸¹
657 5558 815 5617 Joan.
853 5574 928 5625 tv,
963 5558 1052 5612 2|.
