3844 6222
186 172 293 225 383

1169 166 1715 223 COMMENTARIUS
1754 165 1819 221 IN
1861 165 2167 223 MICHIEAE
2199 164 2350 219 CAP.
2393 164 2479 221 IV.

3325 171 3430 227 366

184 289 312 343 οὔτε
358 289 418 341 ἐν
472 285 887 358 Ἰεροσολύμοις,
916 286 1035 339 οὔτε
1063 288 1121 340 ἐν
1150 287 1228 358 τῷ
1249 288 1365 358 δρει
1396 290 1568 358 τούτῳ
1590 304 1761 359 προσ-

1884 301 2020 347 tora,
2056 285 2277 355 quando
2308 299 2483 354 neque
2508 282 2921 353 Hierosolymis,
2963 300 3139 356 neque
3182 287 3343 359 186
3375 296 3429 341 tu

186 378 454 448 κυνήσετε
480 378 747 448 τῷῐΙατρί
766 393 777 405 ⁸
809 398 827 428 ι
846 379 937 429 καί
965 379 1062 446 τὴν
1078 378 1255 430 αἰτίαν
1279 378 1470 446 λέγων,
1495 396 1513 429 t
1539 376 1764 447 Πνεῦμα

184 468 218 522 ὀ
250 468 403 531 Θεὸς,
435 469 678 531 καὶτοὺς
720 467 1157 537 προσκυνοῦντας
1198 467 1378 531 αὑτὸν,
1418 471 1476 521 ἐν
1498 467 1765 536 πνεύματι

186 560 287 613 καὶ
307 558 533 629 ἀληθείᾳ
566 558 647 612 δεῖ
678 561 999 631 προσκυνεῖν
1018 575 1030 587 ·
1060 578 1079 611 ι
1111 559 1293 626 σαφῶς
1323 559 1431 629 γὰρ
1454 559 1767 627 ἀπεφήνατο

189 648 663 719 καταλυθήσεσθαι
713 648 811 719 τὴν
862 649 991 720 περὶ
1047 648 1138 700 τὸν
1183 649 1345 700 τόπον
1383 647 1765 716 ἀκριϐολογίαν

192 740 493 803 παντελῶς,
527 742 622 793 καὶ
682 740 881 810 μηδένα
904 740 1059 807 λόγον
1097 739 1313 792 ἔσεσθαι
1339 738 1429 791 τοῦ
1473 740 1530 789 ἐν
1565 738 1767 807 Ἰερου-

191 829 378 900 σαλὴμ
408 828 656 900 μᾶλλονῆ
684 828 907 899 ἑτέρωθι
932 831 1256 900 προσκυνεῖν
1280 844 1292 855 ·
1320 826 1506 896 ἐπειδὴ
1528 826 1766 887 ἅπαντες

191 919 574 981 παιδευθέντες
602 918 889 988 ἀσώματον
912 914 1051 971 εἶναι
1073 919 1132 970 τὸ
1147 918 1321 981 Θεῖον,
1356 917 1494 987 μετὰ
1513 915 1766 984 τοιαύτης

190 1007 343 1077 αὐτῷ
405 1011 729 1077 προσκυνεῖν
789 1008 1039 1078 μέλλουσι
1068 1010 1166 1078 τῆς
1208 1008 1443 1069 διανοίας
1471 1024 1483 1035 ·
1520 1007 1595 1068 ὡς
1632 1008 1765 1059 ὅπου

187 1100 314 1150 ποτ’
370 1097 437 1150 ἂν
496 1097 629 1149 αὐτὸ
678 1098 1159 1167 διαπράττωνται,
1216 1098 1368 1150 οὐδὲν
1434 1098 1767 1167 ἀλλοιότερον

190 1187 474 1250 ποιοῦντες
492 1204 506 1218 ⁸
532 1189 660 1255 περὶ
688 1188 787 1257 μέν
815 1188 878 1258 δὴ
894 1188 993 1257 τῆς
1046 1189 1305 1242 ἐπανόδου
1339 1188 1439 1257 τῆς
1467 1188 1575 1240 ἀπὸ
1602 1188 1770 1241 Βαθυ-

189 1280 360 1343 λῶνος
393 1281 766 1349 ἀρμοττόντως
798 1280 1005 1348 λέγοιτο
1040 1280 1127 1343 ἂν,
1160 1299 1178 1331 ι
1217 1281 1309 1332 Ἐκ
1333 1279 1468 1331 Σιὼν
1496 1279 1769 1344 ἐξελεύσε-

189 1388 281 1423 ται
306 1372 491 1440 νόμος,
520 1371 613 1423 καὶ
638 1370 794 1437 λόγος
827 1370 1027 1440 Κυρίου
1066 1372 1124 1436 ἐξ
1160 1370 1530 1441 Ἰερουσαλὴμ,
1564 1390 1581 1421 ι
1621 1373 1770 1423 ἐπει-

185 1460 367 1531 δήπερ
384 1461 722 1529 ἀπεδόθησαν
746 1461 1073 1531 Ἰσραηλῖται
1096 1461 1217 1513 τότε
1232 1460 1310 1530 τῷ
1330 1461 1482 1532 τόπῳ
1509 1460 1587 1530 τῷ
1608 1461 1765 1525 Σιὼν,

185 1552 336 1604 ὥστε
366 1552 507 1605 κατά
534 1553 633 1621 τὴν
664 1553 894 1622 νομικὴν
934 1552 1195 1617 διάταξιν,
1225 1554 1325 1622 τὴν
1346 1552 1769 1622 διατεταγμένην

1864 384 2049 431 monte
2077 376 2179 431 hoc
2210 376 2514 432 adorabitis
2544 374 2776 431 Patrem.
2817 395 2835 426 ι
2873 373 3009 429 Tum
3037 391 3258 432 causam
3290 380 3429 433 assi-

1863 481 2076 536 gnans:
2114 485 2133 518 ‹
2170 465 2429 536 Spiritus,
2464 484 2482 517 ι
2524 465 2720 535 inquit,
2760 484 2779 516 ι
2817 476 2899 520 est
2926 464 3092 532 Deus,
3131 475 3187 521 et
3211 482 3307 522 eos
3336 470 3433 537 qui

1864 558 2092 611 adorant
2120 572 2266 621 eum,
2308 557 2361 610 in
2395 557 2590 627 spiritu
2639 564 2694 612 et
2727 558 2947 611 veritate
2983 566 3197 627 oportet
3238 559 3437 613 adora-

1865 662 1923 698 re
1963 665 1976 698 :
2018 665 2036 696 ι
2089 647 2377 715 perspicue
2416 647 2620 700 docens
2656 648 2894 701 solutum
2951 646 3019 701 iri
3059 648 3285 702 omnino
3327 649 3434 704 loci

1863 731 1981 800 ejus
2016 735 2396 802 scrupulosam
2434 734 2842 787 observantiam
2872 752 2902 804 ;_
2940 734 3188 803 nullique
3232 734 3286 787 in
3334 750 3434 804 po-

1865 830 2071 875 sterum
2099 838 2245 877 cura:
2279 822 2394 878 fore
2428 831 2609 877 utrum
2637 800 3030 895 Hierosobymis
3062 825 3243 893 potius
3270 839 3435 893 quam

1866 913 1993 965 alibi
2022 913 2308 980 adoretur;
2340 915 2467 983 quia
2490 930 2679 970 omnes
2709 916 3095 985 incorporeum
3116 932 3243 971 esse
3265 916 3436 971 Deum

1864 1001 2066 1065 edocti,
2120 1005 2214 1057 tali
2264 1020 2386 1058 eum
2436 1022 2560 1059 cum
2612 1018 2790 1062 mente
2840 1008 3119 1062 adoraturi
3169 1018 3331 1076 sunt;
3384 1020 3437 1063 et

1866 1094 2130 1163 quidquid
2159 1096 2336 1152 ubivis
2366 1095 2617 1160 fecerint,
2642 1100 2863 1168 perinde
2885 1100 3124 1155 alienum
3152 1116 3263 1155 non
3295 1100 3433 1156 fore.

1872 1181 2257 1240 Verumtamen
2306 1187 2373 1241 de
2420 1189 2594 1242 reditu
2622 1190 2890 1258 quideme
2913 1190 3189 1261 Babylone
3238 1206 3439 1246 conve-

1868 1274 2081 1329 nienter
2115 1276 2219 1329 dici
2256 1280 2470 1346 potuit:
2528 1298 2546 1329 ι
2582 1278 2658 1333 De
2688 1277 2853 1333 Sione
2882 1282 3191 1349 egredietur
3236 1282 3347 1343 lex,
3383 1290 3438 1335 et

1868 1368 2091 1421 verbum
2127 1368 2340 1424 Domini
2386 1370 2454 1425 de
2498 1369 2835 1438 Jerusalem;
2873 1391 2891 1422 ι
2930 1374 3056 1441 quia
3096 1381 3226 1427 tunc
3270 1373 3437 1428 resti~

1870 1461 1971 1513 tuti
2024 1460 2241 1516 fuerunt
2300 1461 2556 1518 Israelita:
2600 1468 2654 1516 ln
2708 1462 2890 1519 Sionis
2937 1464 3321 1526 stationem,ut
3365 1465 3438 1518 ibi

1871 1552 2064 1620 legalia
2117 1554 2366 1607 instituta
2422 1562 2478 1607 et
2535 1555 2912 1623 praescriptum
2947 1555 3157 1609 cultum
3200 1554 3442 1623 comple-

190 1640 493 1711 θρησκείαν
524 1642 708 1694 αὐτόθι
731 1641 971 1711 πληροῦν
990 1678 1003 1700 ,
1024 1643 1091 1712 ἢν
1118 1642 1344 1713 ἑτέρωθί
1373 1659 1435 1710 γε
1463 1643 1614 1705 ὄντες
1639 1642 1775 1711 πλη-

1884 1651 2023 1706 rent,
2072 1659 2231 1711 quem
2286 1644 2415 1697 alibi
2470 1645 2634 1715 positi
2684 1644 2933 1700 factitare
2980 1661 3088 1699 non
3139 1653 3439 1713 poterant:

195 1733 327 1803 ροῦν
356 1733 456 1786 οὐκ
479 1732 767 1803 ἠδύναντοθ
795 1735 870 1797 ὡς
895 1734 987 1787 καὶ
1008 1734 1183 1801 λέγειν
1207 1735 1299 1787 ἐπὶ
1328 1734 1425 1803 τῆς
1458 1733 1774 1797 Βαϐυλῶνος

192 1824 376 1886 ὄνταςσ
412 1842 430 1875 ι
466 1824 589 1885 Πῶς
617 1824 820 1895 ᾇσομεν
843 1824 942 1894 τὴν
969 1824 1109 1894 ᾠδὴν
1138 1825 1343 1895 Κυρίου
1378 1826 1467 1877 ἐπὶ
1492 1827 1594 1893 γῆς
1616 1822 1771 1875 ἀλλο-

190 1913 384 1982 τρίας;
416 1931 435 1963 ι
458 1912 636 1965 Τύπον
670 1912 804 1981 δέγε
832 1913 949 1975 πῶς
979 1913 1043 1966 ἂν
1066 1913 1178 1983 ἔχοι
1208 1915 1342 1983 πρὸς
1364 1914 1430 1967 τὰ
1452 1913 1544 1968 τοῦ
1573 1914 1775 1966 Δεσπό-

190 2020 293 2055 του
326 2004 585 2074 Χριστοῦ,
626 1998 797 2076 οὗπερ
854 2006 887 2074 ὴ
936 2005 1176 2069 διάταξις
1214 2007 1413 2075 ὁμοίως
1461 2005 1771 2075 ἅπανταχοῦ

195 2093 537 2165 πληροῦσθαι
565 2094 666 2165 τὴν
696 2094 844 2148 θείαν
876 2096 1123 2165 βούλεται
1153 2096 1426 2168 λατρείαν,
1454 2098 1659 2166 τρόπῳ,
1683 2097 1776 2149 καὶ

188 2184 260 2235 οὐ
303 2183 453 2255 τόπῳ
476 2185 897 2256 διακρινομένων
928 2185 1004 2257 (p.
1043 2180 1168 2254 εει)
1205 2188 1312 2241 τῶν
1336 2183 1393 2240 εὖ
1440 2204 1499 2240 τε
1546 2188 1639 2240 καὶ
1668 2188 1775 2255 χεῖ-

194 2289 293 2342 ρον
321 2275 487 2346 αὐτὴν
511 2276 856 2347 πληρούντων
879 2296 893 2344 ;

271 2385 420 2455 Στίχ.
456 2386 519 2450 δ’,
544 2386 606 2439 ε’.
633 2416 703 2428 --
735 2387 874 2441 Ἀλλ’
902 2390 930 2442 ὃ
962 2406 1023 2457 γε
1058 2390 1341 2459 προφήτης
1378 2390 1443 2458 τῇ
1477 2387 1778 2457 προρῤἡσει

194 2475 309 2530 τῶν
322 2478 692 2548 προκειμένων
710 2480 1088 2535 ἐπισυνάπτων
1108 2482 1252 2542 τάδε,
1274 2480 1435 2551 φησὶν
1474 2481 1580 2532 ὅτι(
1605 2483 1784 2533 Κατα-

195 2565 425 2635 κόψουσι
483 2566 583 2630 τὰς
634 2569 909 2640 μαχαίρας
950 2570 1127 2622 αὐτῶν
1180 2572 1258 2633 εἰς
1303 2570 1528 2639 ἄροτρα,
1576 2569 1669 2623 καὶ
1713 2568 1783 2621 τὰ

196 2655 399 2726 δόρατα
424 2658 603 2712 αὐτῶν
636 2661 716 2723 εἰς
738 2661 1000 2731 δρέπανα,
1038 2663 1131 2714 καὶ
1169 2661 1351 2714 οὐκέτι
1372 2661 1433 2713 οὐ
1465 2662 1538 2731 μὴ
1569 2660 1783 2730 μάθωσι

196 2746 481 2819 πολεμεῖν.
530 2770 550 2801 ι
583 2752 805 2814 Δεικνὺς
836 2752 917 2804 ὅτι
946 2752 1213 2804 παύσεται
1235 2751 1333 2821 μὲν
1360 2752 1501 2814 άπας
1526 2750 1781 2819 πόλεμος,

196 2840 396 2910 εἰρήνη
458 2840 515 2893 δὲ
566 2840 744 2894 πάντα
798 2840 1013 2905 καθέξει
1040 2857 1055 2872 ·
1092 2839 1232 2893 ὥστε
1280 2842 1375 2894 καὶ
1402 2840 1468 2893 τὰ
1514 2839 1783 2908 πολεμικὰ

198 2929 409 2998 ὄργανα
453 2932 533 2993 εἰς
561 2931 657 3000 τὴν
703 2930 812 2984 τῶν
844 2930 1165 3001 γεωργικῶν
1198 2930 1405 2983 σκευῶν
1430 2930 1625 3001 χρῆσιν
1654 2928 1781 2997 τρέ-

1880 1733 2025 1787 unde
2069 1742 2122 1787 et
2166 1733 2438 1803 Babylone
2484 1734 2743 1802 degentes
2784 1734 2999 1787 aiebant
3040 1751 3054 1787 :
3094 1751 3113 1783 ι
3158 1729 3444 1797 Quomodo

1878 1825 2225 1879 cantabimus
2258 1825 2533 1878 canticum
2577 1824 2790 1877 Domini
2832 1824 2887 1877 in
2928 1832 3075 1877 terra
3118 1822 3293 1875 aliena
3317 1820 3435 1873 κη.

1881 1912 2162 1978 Quomodo
2210 1921 2389 1967 autem
2437 1912 2571 1978 inec,
2622 1912 2865 1981 inquam,
2909 1912 3077 1981 ﬁgura
3110 1911 3220 1965 sint
3260 1923 3445 1963 rerum

1878 2005 2083 2059 Christi
2118 2004 2357 2067 Domini,
2385 2005 2545 2071 cujus
2572 2004 2842 2059 institutio
2870 2004 2988 2071 pari
3010 2001 3210 2070 ubique
3234 2001 3446 2054 ratione

1885 2095 1977 2150 Dei
2007 2095 2377 2149 adorationem
2409 2094 2525 2148 ﬁeri
2554 2094 2692 2159 vult;
2720 2092 2882 2147 modo
2903 2100 3136 2157 tantum,
3161 2105 3269 2145 non
3300 2090 3442 2153 loco,

1883 2182 2261 2237 differentibus
2306 2183 2534 2237 invicem
2581 2184 2672 2251 qui
2705 2182 2841 2237 bene
2871 2183 2956 2235 vel
2996 2196 3155 2237 secus
3192 2180 3244 2234 id
3286 2178 3445 2234 ofﬁcii

1884 2274 2177 2343 praestant?

1955 2382 2115 2436 Vens.
2150 2382 2202 2447 4,
2241 2383 2293 2436 5.
2334 2414 2404 2426 —
2444 2384 2615 2437 Porro
2660 2396 2837 2439 autem
2887 2386 3143 2455 propheta
3190 2382 3445 2452 supradi-

1879 2487 1978 2528 cta:
2004 2474 2345 2543 praedictioni
2372 2476 2530 2527 aliam
2564 2475 2860 2537 subnectit,
2896 2490 3089 2543 nempe
3119 2493 3132 2527 :
3176 2492 3193 2525 ι
3228 2469 3292 2526 Et
3314 2488 3449 2527 con-

1879 2565 2063 2616 cident
2092 2563 2302 2633 gladios
2337 2579 2468 2618 suos
2517 2564 2570 2616 in
2605 2579 2875 2627 vomeres,
2911 2571 2967 2618 et
3001 2564 3186 2619 hastas
3233 2579 3361 2619 suas
3391 2564 3448 2617 in

1882 2655 2070 2719 falces,
2103 2664 2156 2709 et
2187 2671 2295 2708 non
2331 2655 2544 2709 discent
2577 2656 2720 2709 ultra
2760 2657 3079 2725 belligerare
3114 2676 3127 2709 :
3170 2676 3188 2707 ι
3223 2656 3449 2710 demon-

1882 2757 2066 2798 strans
2107 2745 2319 2798 scilicet
2363 2760 2526 2799 omne
2558 2746 2763 2799 bellum
2797 2747 3120 2810 desiturum,
3158 2753 3213 2799 et
3259 2760 3446 2815 pacem

1882 2836 2078 2905 ubique
2098 2837 2218 2891 fore
2247 2856 2260 2892 :
2286 2839 2638 2907 quamobrem
2669 2839 2831 2893 etiam
2867 2839 3061 2893 bellica
3084 2840 3450 2893 instrumenta

1880 2928 1934 2980 in
1965 2928 2173 2981 rustica
2224 2929 2480 2982 utensilia
2517 2944 2844 2984 conversum
2888 2930 2955 2983 iri
3005 2929 3283 2999 deinceps,
3334 2931 3450 2985 bel-

200 3036 329 3072 πειν
350 3019 557 3084 λοιπὸν,
588 3021 776 3092 ῶσπερ
811 3017 974 3093 ἦττον
1014 3022 1279 3091 μενόντων
1316 3020 1424 3075 τῶν
1451 3018 1779 3090 πολεμικῶν,

1886 3017 1995 3070 lico
2031 3018 2247 3071 illorum
2287 3035 2388 3073 usu
2429 3028 2702 3082 cessante,
2733 3020 2862 3089 quia
2895 3020 3061 3074 ﬁnitis
3092 3021 3270 3081 bellis,
3302 3020 3450 3090 agri-

203 3108 562 3177 πεπαυμένου
584 3108 679 3161 τοῦ
722 3110 986 3179 πολέμου,
1024 3111 1121 3180 τῆς
1151 3110 1422 3180 γεωργίας
1444 3110 1499 3162 δὲ
1521 3109 1596 3172 ὼς
1620 3111 1677 3162 ἐν
1707 3110 1785 3160 εἰ·

205 3199 347 3269 εήνῃ
378 3201 597 3269 κρατεῖν
626 3198 964 3270 ὀφειλούσης.
994 3196 1126 3253 Εῐτα
1162 3201 1330 3268 λέγει,
1363 3201 1446 3253 ὅτι
1473 3220 1490 3249 ι
1527 3200 1637 3252 Kal.
1662 3200 1786 3251 ἀνα-

203 3291 481 3344 παύσεται
504 3292 731 3356 ἐκαστος
754 3293 1010 3347 ὑποκάτω
1032 3292 1276 3363 ἀμπέλου
1308 3291 1494 3357 αὑτοῦ,
1528 3294 1622 3344 καὶ
1652 3291 1783 3343 ἐκα-

206 3398 333 3445 στος
352 3383 615 3437 ὑποκάτω
651 3384 823 3454 συκῆς
878 3383 1044 3437 αὑτοῦ
1066 3400 1079 3412 ο
1113 3385 1204 3437 καὶ
1241 3384 1339 3437 οὐκ
1371 3383 1525 3436 ἔσται
1554 3383 1581 3435 ό
1620 3384 1785 3450 ἐκφο-

203 3470 319 3523 ϐῶν
337 3482 352 3497 ’
380 3490 400 3521 ι
424 3471 700 3541 σημαίνων
714 3474 796 3525 ὃτι
823 3472 1025 3535 πάντες
1040 3472 1406 3526 ἀπολαύσουσι
1437 3470 1545 3523 τῶν
1568 3471 1786 3523 οἰκείων

204 3563 407 3628 πόνων,
436 3564 511 3627 ῶς
548 3565 605 3617 ἐν
630 3565 820 3637 εἰρήνῃ
840 3564 1050 3627 οὐδενὸς
1078 3564 1228 3627 ὄντος
1250 3565 1340 3617 τοῦ
1361 3564 1549 3633 φοϐεῖν
1576 3564 1775 3625 αὐτοὺς

206 3655 309 3709 καὶ
334 3655 685 3727 ἐκταράττειν
712 3655 1013 3725 δυναμένου
1051 3654 1266 3715 λοιπδν,
1303 3656 1398 3706 καὶ
1434 3654 1786 3724 μεθιστάντος

206 3745 322 3800 τῶν
370 3745 552 3799 τόπων
598 3745 707 3799 τῶν
751 3746 987 3798 οἰκείων.
1047 3746 1157 3796 Καὶ
1186 3743 1369 3813 ἐπειδὴ
1418 3742 1691 3813 παράδοξα
1717 3742 1786 3793 τὰ

205 3837 480 3906 λεγόμενα
536 3832 625 3907 ἦν,
676 3836 855 3899 καλῶς
905 3836 1216 3905 ἐπήγαγεν·
1258 3852 1277 3884 ι
1314 3834 1387 3885 Τὸ
1442 3833 1550 3901 γὰρ
1613 3834 1786 3901 στόμα

208 3925 423 3996 Κυρίου
462 3926 896 3997 παντοκράτορος
929 3925 1156 3994 ἐλάλησε
1190 3923 1359 3976 ταῦτα
1384 3941 1395 3952 ·
1446 3943 1465 3976 ι
1502 3924 1587 3974 ἵνα
1633 3922 1782 3992 εἴπῃ,

207 4020 295 4070 ὅτι
342 4016 513 4069 ταῦτα
549 4017 864 4087 ἀπεφήνατο
905 4016 1037 4079 Θεὸς
1082 4016 1353 4084 γενέσθαι,
1388 4015 1481 4067 καὶ
1500 4015 1786 4083 γενήσεται

211 4105 451 4169 πάντως.
483 4124 501 4156 ι
548 4105 669 4158 Ὀτι
704 4106 903 4169 πάντες
937 4106 989 4158 οἰ
1018 4105 1138 4159 λαοὶ
1166 4105 1519 4175 πορεύσονται
1561 4106 1787 4167 ἕκαστος

208 4198 316 4268 τὴν
367 4195 486 4249 ὁδὸν
536 4195 700 4249 αὑτοῦ
721 4211 735 4225 ⁸
768 4203 845 4265 (p.
874 4196 1002 4267 285)
1040 4198 1203 4266 ἡμεῖς
1231 4195 1286 4249 δὲ
1316 4194 1692 4266 πορευσόμεθα
1730 4196 1786 4245 ἐν

209 4290 439 4357 ὀνόματι
476 4287 682 4359 Κυρίου
721 4287 856 4341 Θεοῦ
900 4288 1055 4358 ἡμῶν
1085 4289 1163 4350 εἰς
1197 4288 1288 4340 τὸν
1317 4288 1489 4339 αἰῶνα
1536 4286 1631 4339 καὶ
1658 4286 1785 4337 ἐπέ-

210 4396 393 4432 κεινα.
425 4398 444 4429 ι
466 4378 671 4441 Πάντες
722 4378 819 4448 μὲν
839 4379 949 4449 γάρ
994 4378 1070 4440 ῶς
1105 4379 1163 4430 ἐν
1201 4378 1391 4447 εἰρήνῃ
1420 4376 1782 4439 καθεστῶτες,

208 4471 281 4523 τά
320 4471 661 4540 προσήκοντα
691 4470 875 4532 αὐτοῖς
908 4468 1043 4539 ἔργα
1067 4466 1452 4538 διαπράξονται
1478 4467 1665 4520 λοιπόν
1692 4482 1708 4497 ·
1736 4467 1787 4518 οἰ

212 4557 321 4626 μὲν
356 4556 450 4609 ἐπὶ
485 4556 778 4627 γεωργίαν,
820 4557 871 4609 οἰ
903 4556 959 4609 δὲ
992 4555 1083 4609 ἐπὶ
1124 4555 1548 4626 θαλαττουργίαν
1591 4556 1790 4625 τρεπό-

215 4662 395 4716 μενοι,
420 4647 469 4699 οἰ
497 4646 551 4699 δέ
577 4647 661 4716 ἐφ’
689 4648 879 4718 ἡντινα
897 4646 1097 4715 δήποτε
1122 4645 1339 4717 τέχνην,
1362 4647 1430 4717 ἢν
1462 4646 1529 4699 ἂν
1560 4647 1791 4709 ἕκαστος

1886 3107 2101 3160 cultura
2154 3108 2305 3175 pacis
2355 3123 2540 3163 comes
2586 3108 2789 3178 ubique
2839 3110 3115 3179 regnabit.
3162 3109 3285 3163 Mox
3328 3110 3449 3164 ait:

1893 3216 1910 3247 ι
1940 3198 2005 3252 Et
2027 3200 2234 3253 sedebit
2261 3201 2637 3270 unusquisque
2657 3201 2759 3255 sub
2780 3201 2890 3256 vite
2918 3217 3037 3266 sua,
3065 3211 3121 3256 et
3148 3202 3455 3272 unusquis-

1887 3305 1993 3358 que
2030 3290 2133 3345 sub
2182 3290 2282 3344 ﬁcu
2336 3307 2464 3354 sua;
2506 3300 2559 3345 et
2600 3307 2713 3346 non
2756 3291 2862 3345 erit
2899 3294 2991 3360 qui
3032 3301 3275 3348 terreat:
3318 3313 3336 3346 ι
3376 3296 3454 3348 si-

1885 3382 2179 3451 guiﬁcans,
2210 3391 2441 3438 cunctos
2473 3383 2753 3436 laboribus
2780 3383 2894 3437 suis
2917 3382 3201 3447 fruituros,
3236 3385 3454 3441 nemine

1890 3480 1944 3523 ut
1986 3472 2039 3525 in
2080 3487 2213 3540 pace
2245 3474 2499 3527 usuvenit
2521 3488 2616 3527 eos
2649 3481 2855 3526 terrere
2878 3483 2969 3527 aut
2995 3475 3314 3543 perturbare
3337 3476 3452 3543 jam

1886 3564 2119 3626 valente,
2144 3573 2197 3617 et
2227 3566 2416 3634 patriis
2441 3565 2573 3619 locis
2607 3565 2946 3619 abstrahere.
2976 3565 3116 3620 Tum
3139 3568 3262 3634 quia
3289 3581 3453 3635 para-

1886 3653 2027 3706 doxa
2058 3654 2202 3707 dicta
2237 3655 2351 3707 iure
2381 3662 2560 3713 erant.
2599 3663 2746 3709 recte
2776 3654 2988 3709 addidit
3017 3674 3030 3709 :
3071 3675 3089 3708 ι
3131 3656 3205 3710 Os
3239 3656 3453 3711 Domini

1885 3745 2277 3813 omnipotentis
2306 3746 2465 3814 187
2500 3747 2611 3799 haec
2642 3746 2879 3800 locutum
2902 3755 3021 3801 est:
3054 3764 3075 3799 ι
3103 3747 3313 3802 scilicet
3340 3748 3454 3802 haec

1886 3835 2030 3890 Deus
2061 3836 2301 3889 decrevit
2327 3838 2461 3896 ﬁeri,
2497 3836 2733 3906 ﬁentque
2765 3838 3010 3890 omnino.
3044 3857 3060 3888 ι
3101 3837 3239 3902 Quia
3262 3852 3454 3891 omnes

1887 3927 2071 3995 populi
2115 3927 2472 3979 ambulabunt
2521 3927 2901 3996 unusquiStiue
2950 3928 3004 3979 in
3054 3927 3136 3980 via
3177 3944 3307 3993 sua;
3354 3944 3455 3981 nos

1887 4023 2068 4069 autem
2106 4015 2506 4069 ambulabimus
2540 4016 2592 4069 in
2645 4018 2866 4071 nomine
2896 4014 3108 4069 Domini
3153 4017 3247 4072 Dei
3282 4018 3454 4071 nostri

1887 4105 1941 4157 in
1969 4111 2232 4157 aeternum
2268 4113 2322 4158 et
2365 4107 2527 4157 ultra.
2562 4126 2578 4155 ι
2613 4105 2836 4169 Omnes,
2867 4113 3053 4174 utpote
3078 4106 3133 4159 in
3164 4120 3296 4176 pace
3324 4122 3459 4161 con-

1887 4196 2089 4260 stitnti,
2121 4211 2362 4264 Congrua
2394 4198 2497 4250 sibi
2527 4213 2692 4266 opera
2725 4196 2944 4259 facient,
2978 4198 3069 4250 alii
3095 4198 3159 4251 ad
3190 4199 3302 4268 agri
3339 4200 3458 4252 cnl—

1890 4293 2092 4347 turam,
2131 4287 2223 4339 alii
2253 4287 2319 4341 ad
2352 4287 2683 4340 maritimam
2731 4288 3150 4355 negotiationem
3184 4290 3456 4350 conversi,

1891 4377 1982 4429 alii
2012 4378 2077 4430 ad
2100 4379 2397 4445 quamlibet
2422 4387 2613 4439 artem,
2638 4392 2797 4447 quam
2835 4380 3064 4447 quisque
3100 4380 3454 4448 proﬁtendam

1892 4466 2152 4535 delegerit
2204 4486 2217 4521 :
2249 4482 2538 4521 commune
2577 4477 2757 4520 tamen
2792 4482 2932 4537 opus
2979 4470 3162 4523 cuncti
3201 4469 3459 4539 deinceps

1892 4556 2249 4619 habebimus,
2312 4559 2613 4612 secundum
2670 4555 2762 4611 Dei
2818 4559 3134 4629 praescripta
3195 4558 3249 4613 in
3298 4574 3461 4615 omne

1895 4662 2071 4699 aevum
2101 4646 2344 4700 futurum
2372 4649 2572 4703 vivere.
2610 4648 2788 4718 Atque
2817 4650 2932 4703 haec
2970 4650 3301 4706 conﬁrmans
3340 4652 3417 4705 ait
3438 4673 3454 4705 :

215 4734 422 4807 μετιὼν
443 4737 723 4807 τυγχάνῃ·
759 4738 935 4790 κοινὸν
980 4740 1037 4792 δὲ
1098 4740 1337 4800 ᾶπαντες
1394 4737 1589 4807 ἕξομεν
1644 4738 1803 4805 ἔργον
1837 4738 1899 4791 τὸ
1917 4739 2057 4791 κατὰ
2111 4739 2173 4790 τὸ
2213 4739 2403 4791 δοκοῦν
2462 4741 2538 4811 τῷ
2562 4741 2679 4811 Θεῷ
2727 4740 3100 4795 πολιτεύεσθαι
3153 4741 3337 4797 λοιπὸν
3381 4745 3462 4809 εἰς

212 4830 435 4884 ἅπαντα
470 4827 562 4881 τὸν
583 4828 708 4899 ἑξῆς
727 4828 936 4897 χρόνον.
958 4829 1069 4882 Καὶ
1096 4828 1424 4882 ἐπιϐεὸαιῶν
1446 4829 1586 4882 αὐτὰ
1619 4828 1779 4882 πάλιν
1810 4829 1959 4897 λέγει
1981 4844 1995 4858 ·

285 4919 439 4991 Στίχ.
464 4926 728 4991 ς’·ηἎ-ι
750 4922 837 4974 Ἐν
857 4923 976 4984 ταῖς
991 4921 1221 4993 ἡμέραις
1236 4922 1490 4985 ἐκείναις.
1508 4922 1655 4991 λέγει
1676 4924 1790 4975 K13-

214 5028 360 5085 ριος,
375 5011 592 5077 συνάξω
620 5011 724 5083 τὴν
757 5013 1245 5084 συντετριμμένην,
1284 5015 1379 5068 καί
1406 5013 1505 5082 τὴν
1532 5014 1793 5084 ἀπωσμὲ-

210 5117 319 5173 νην
341 5099 670 5170 εἰσδέξομαι,
699 5102 794 5154 καὶ
820 5099 914 5163 οὓς
945 5101 1254 5173 ἀπωσάμην
1274 5116 1288 5131 ’
1318 5103 1415 5155 καὶ
1440 5102 1792 5173 θήσομαιτὴν

216 5191 689 5262 συντετριμμένην
742 5192 822 5255 εἰς
856 5192 1196 5262 ὑπόλειμμα,
1230 5192 1326 5245 καὶ⁸
1343 5192 1442 5262 τὴν
1457 5190 1791 5260 ἀπωσμένην

217 5282 301 5345 εἰς
324 5279 479 5344 ἔθνος
507 5281 758 5353 ἰσχυρόν·
783 5282 879 5335 καὶ
907 5280 1214 5351 βασιλεύσει
1247 5280 1453 5352 Κύριος
1477 5280 1566 5333 ἐπ’
1594 5281 1791 5343 αὐτοὺς

214 5372 276 5427 ιν
312 5370 433 5442 θρει
464 5371 623 5437 Σιὼν,
644 5371 752 5425 άπὸ
782 5371 872 5425 τοῦ
905 5371 1000 5426 νῦν
1030 5372 1124 5427 καὶ
1153 5372 1257 5436 ἕως
1296 5373 1374 5435 εἰς
1414 5372 1506 5424 τὸν
1538 5370 1730 5425 αἰῶνα.
1769 5388 1788 5421 ι

291 5547 340 5578 ⁸’
370 5544 510 5602 Psal.
546 5562 762 5609 cxxxvt,
783 5546 837 5601 ι.

1968 4922 2136 4976 Vens.
2171 4921 2279 4975 6-8.
2306 4950 2375 4960 --
2407 4940 2425 4971 ‹
2462 4919 2659 4975 Diebus
2682 4919 2955 4976 illis.dicit
2989 4919 3250 4977 Dominus
3275 4967 3289 4992 ,
3327 4936 3464 4980 con-

1898 5011 2134 5081 gregabo
2164 5024 2284 5065 eam
2315 5024 2438 5078 quae
2475 5008 2709 5063 contrita
2743 5015 2858 5073 est,
2893 5016 2948 5063 et
2985 5024 3105 5063 eam
3131 5025 3253 5078 quae
3287 5010 3458 5075 ejecta

1896 5100 2076 5155 fuerat
2110 5099 2406 5168 suscipiam
2426 5138 2442 5163 ,
2481 5112 2582 5153 nec
2610 5113 2719 5151 non
2746 5113 2884 5168 quos
2918 5099 3246 5168 repuleram.
3276 5098 3343 5152 Et
3364 5114 3465 5169 ρον

1846 5226 1855 5236 -
1898 5207 2024 5246 nam
2059 5190 2355 5245 contritam
2388 5189 2444 5242 in
2466 5187 2773 5254 residuum,
2791 5196 2845 5243 et
2868 5189 3142 5259 repulsam
3166 5189 3221 5243 in
3244 5197 3459 5259 gentem

1898 5281 2160 5336 validam.
2194 5280 2259 5333 Et
2288 5279 2535 5349 regnabit
2570 5277 2834 5333 Dominus
2867 5293 3033 5349 super
3062 5293 3159 5334 eos
3190 5277 3247 5332 in
3276 5286 3463 5334 monte

1903 5368 2035 5424 Sion
2057 5407 2072 5435 ,
2115 5367 2313 5422 abhinc
2348 5374 2402 5422 et
2433 5381 2608 5436 usque
2640 5367 2697 5420 in
2726 5373 3010 5421 aeternum.
3055 5385 3073 5418 ι
3115 5364 3271 5424 Tunc
3305 5380 3464 5439 sane,
