3844 6222
438 179 544 236 367

1598 166 1944 224 TIIEODORI
1973 164 2454 221 MOPSUESTENI

3581 165 3676 220 568

453 289 652 360 inquit,
674 286 926 343 maximis
961 285 1119 342 malis
1146 284 1386 346 attritos,
1423 290 1585 351 atque
1611 296 1640 335 a
1669 280 2006 351 providentia

2110 279 2240 332 Τότε
2269 281 2352 350 δή,
2377 280 2529 349 φησί,
2561 279 2684 342 τοὺς
2708 279 2810 332 ὐπὸ
2827 278 2933 330 τῶν
2960 277 3229 348 μεγίστων
3257 275 3442 330 κακῶν
3472 293 3677 348 συντρι-

442 397 561 436 mea
592 380 942 451 pr0priisquc
971 378 1190 432 sedibus
1231 376 1545 438 submotos,
1582 389 1774 430 rursus
1801 374 1853 429 in
1886 389 2010 445 per-

444 474 711 526 tinentem
741 471 806 524 ad
833 484 928 524 eos
964 468 1239 538 regionem
1269 467 1556 532 reducam;
1585 473 1638 519 et
1659 480 1754 519 eos
1780 465 1873 534 qui
1908 479 2009 518 an-

447 572 534 616 tea
560 560 893 631 pessumdati
925 566 1106 621 erant,
1132 557 1299 611 tutela
1329 570 1446 610 mea
1473 555 1554 609 sic
1581 553 1922 614 custodiam,
1951 561 2012 606 ut

446 671 511 707 ex
573 653 660 706 his
714 650 1072 705 lsraeliticum
1139 655 1314 701 totum
1367 659 1539 714 genus
1601 643 2010 714 propagandum

445 745 623 799 denuo
653 745 743 799 sit.
788 741 902 795 Hoc
946 741 1090 796 enim
1125 733 2015 804 dicittresiduuninpotentiores-

443 851 550 906 que
577 849 684 904 prae
713 832 902 887 multis
922 831 1204 887 ostendam
1231 868 1246 893 ,
1278 830 1371 899 qui
1402 828 1474 882 ob
1502 840 1656 882 suam
1689 837 1834 878 nunc
1861 821 2012 877 inﬁr-

445 923 691 976 mitatem
724 920 898 991 patria
930 926 1058 974 sunt
1086 925 1354 972 extorres.
1393 913 1841 982 Permanebitquc
1873 913 2015 968 Deus

446 1013 500 1064 in
533 1019 716 1064 monte
751 1009 910 1072 Sion,
941 1007 1236 1078 potentiam
1269 1021 1424 1062 suam
1454 1004 1837 1060 demonstrans
1862 1003 2016 1058 inco-

443 1101 618 1154 larum
670 1099 958 1162 tutamine,
996 1113 1099 1153 nec
1145 1113 1253 1151 non
1295 1111 1455 1166 penna
1497 1109 1660 1166 quam
1698 1095 1780 1149 eis
1812 1092 2018 1148 inferre

443 1192 645 1248 bellum
689 1189 1001 1245 volentibus
1048 1189 1408 1257 impositurus
1431 1197 1535 1241 est.
1577 1185 1712 1238 Nam
1755 1184 1901 1254 quod
1943 1184 2017 1240 ait

446 1282 532 1337 «in
553 1287 1021 1351 mwrnum,opatet
1063 1285 1238 1333 totum
1282 1291 1458 1331 aevum
1503 1275 1686 1330 dicere
1716 1290 1815 1344 pro
1862 1275 2018 1328 valde

443 1372 559 1427 diu.
600 1370 787 1441 Neque
827 1370 971 1424 enim
998 1371 1348 1440 ignoramus,
1389 1382 1585 1422 rursus
1622 1381 1720 1421 eos
1760 1366 1865 1421 sub
1906 1363 2020 1418 Ma-

444 1461 685 1516 rhabaeis
714 1460 1060 1515 eversionem
1089 1459 1382 1529 quamdam
1416 1465 1700 1526 expertos,
1724 1457 2015 1509 maximam

443 1568 576 1609 vero
607 1561 662 1608 et
686 1566 915 1621 prorsus
944 1549 1676 1620 irreparabilem.postquam
1699 1589 1712 1612 ,
1745 1545 1817 1600 ob
1851 1560 2010 1600 suum

443 1643 710 1697 adversus
749 1640 1030 1694 Christum
1081 1638 1372 1693 Dominum
1402 1637 1640 1699 facinus,
1683 1649 1712 1686 a
1747 1632 2011 1687 Romanis

444 1731 789 1804 pertulerunt
824 1729 1221 1799 captivitatem,
1247 1727 1422 1797 patria
1448 1727 1612 1794 pulsi,
1638 1732 1693 1779 et
1714 1725 1767 1777 in
1796 1722 2011 1777 diutina

443 1823 707 1878 servitute
739 1819 1049 1876 constituti.
1081 1818 1362 1873 Hactenus
1395 1817 1614 1886 quidem
1644 1815 1881 1870 reditum
1910 1813 2013 1866 Ba-

443 1916 640 1986 bylone
676 1920 866 1968 narrat
891 1911 1096 1982 populi,
1127 1918 1330 1980 etquae
1371 1926 1468 1980 per
1509 1907 1642 1963 illud
1683 1907 1846 1976 188
1883 1914 2013 1960 tem-

444 2018 550 2074 pus
604 2005 944 2058 obvenerunt
995 2000 1044 2055 ei
1099 1999 1509 2070 prOSperitates.
1570 1995 1833 2051 Posthinc
1883 2009 2012 2048 vero

442 2106 642 2147 rursus
674 2089 1048 2145 molestiarum
1081 2087 1214 2142 facit
1246 2088 1598 2150 mentionem,
1633 2084 1844 2138 futuras
1875 2084 2010 2138 alias

439 2195 770 2238 enumerans
790 2179 1150 2235 calamitates.
1178 2177 1543 2243 Quamobrem
1578 2176 1644 2229 ad
1671 2174 2010 2229 Hierusalem

440 2273 746 2327 orationem
775 2278 1122 2326 convertens.
1155 2269 1237 2323 sic
1269 2269 1379 2322 ait:
1407 2287 1426 2317 ι
1463 2267 1528 2320 Ει
1560 2276 1648 2330 tu,
1680 2266 1852 2319 turris
1887 2279 2007 2334 gre-

441 2364 544 2434 gis,
595 2361 854 2431 squalens
909 2359 1021 2414 ﬁlia
1074 2359 1276 2412 Sionis.
1330 2377 1348 2408 ι
1387 2356 1542 2422 Quod
1601 2355 1765 2409 ﬁliam
1825 2352 2009 2407 Sionis

441 2453 780 2508 Hierusalem
812 2450 1076 2516 nominet,
1109 2450 1452 2518 exploratum
1482 2454 1588 2508 est,
1619 2445 1698 2501 sic
1733 2459 1852 2499 eam
1884 2458 2009 2514 pcr-

441 2551 604 2615 petuo
627 2543 905 2613 prophetis
924 2555 988 2594 ac
1011 2541 1168 2594 beato
1191 2538 1392 2594 Davide
1410 2537 1828 2608 appellantibus;
1845 2536 2006 2589 veluti

441 2648 566 2687 cum
600 2632 686 2686 hic
715 2632 848 2685 dicit
881 2648 894 2684 :
936 2649 952 2680 ι
992 2628 1060 2683 Ut
1088 2627 1404 2682 annunticm
1440 2641 1631 2681 omnes
1664 2625 2007 2680 laudationes

440 2733 564 2778 tuas
598 2723 651 2776 in
680 2722 852 2792 portis
891 2720 1013 2773 filiae
1048 2717 1232 2772 Sionis
1263 2718 1331 2771 ".
1379 2736 1398 2770 ι
1442 2717 1808 2785 Quamobrem
1845 2719 2007 2772 indu-

438 2814 591 2868 bium
619 2821 736 2877 est,
769 2826 875 2865 non
915 2809 980 2863 ad
1017 2809 1298 2864 Sedcciam
1322 2848 1337 2872 ,
1369 2809 1514 2879 quod
1547 2809 1794 2862 nonnulli
1822 2810 2006 2863 nescio

2113 372 2328 434 θέντας,
2366 371 2576 440 καὶτῆς
2605 387 2664 423 τε
2692 369 2944 439 προνοίας
2964 369 3060 438 τῆς
3095 368 3232 438 ἐμῆς
3261 367 3356 421 καὶ
3380 367 3488 420 τῶν
3508 367 3680 420 τόπων

2112 461 2456 522 ἀποστάντας
2475 460 2579 512 τῶν
2613 458 2774 520 ἰδίων,
2805 457 3056 522 ἐπανάξω
3092 455 3251 511 πάλιν
3281 459 3360 519 εἰς
3391 457 3518 519 τοὺς
3554 454 3680 508 καθ-

2113 550 2344 619 ήκοντας
2370 549 2567 611 τόπους
2591 564 2603 576 ·
2638 547 2873 609 καὶτοὺς
2897 548 2994 616 μὲν
3010 547 3269 618 πρότερον
3300 545 3682 616 συντετριμμέ-

2112 655 2235 701 νους
2260 637 2401 691 οὕτω
2423 641 2487 708 τῇ
2518 638 2754 709 ἐμαυτοῦ
2788 637 3099 706 διαφυλάξω
3119 639 3363 708 προνοίᾳ.
3387 637 3526 689 ὥστε
3543 636 3682 690 ἅπαν

2113 729 2174 781 τὸ
2204 730 2359 797 γένος
2381 729 2442 781 τὸ
2470 728 2859 799 Ἰσραηλιτικὸν
2877 729 2939 793 ἐξ
2965 729 3146 782 αὐτῶν
3170 728 3470 798 αὐξηθῆναι
3491 726 3647 779 πάλιν
3664 743 3677 756 ·

2114 818 2272 872 τοῦτο
2313 817 2422 889 γὰρ
2474 818 2621 886 λέγει
2655 837 2674 870 ι
2725 819 3070 888 ὑπόλειμμα·
3114 836 3133 870 ι
3176 817 3577 887 δυνατωτέρους
3622 832 3680 868 τε

2117 909 2325 964 πολλῶν
2372 910 2636 980 ἀποφανῶ
2684 911 2808 972 τοὺς
2840 910 2906 962 δι’
2936 909 3214 963 ἀσθένειαν
3255 907 3350 960 νῦν
3375 907 3481 961 τῶν
3507 907 3681 960 τόπων

2117 1000 2524 1070 ἁποϐληθέντας
2551 1000 2660 1053 τῶν
2680 1000 2894 1054 οἰκείων
2910 1016 2923 1031 ·
2957 1000 3202 1071 διαμενεῖ
3227 1016 3285 1052 τε
3310 998 3442 1060 Θεὸς
3474 999 3565 1051 ἐπί
3591 997 3680 1049 τοῦ

2115 1091 2274 1162 ὅρους
2303 1089 2397 1143 τοῦ
2430 1090 2588 1155 Σιὼν,
2633 1089 2708 1160 (p.
2743 1091 2868 1159 286)
2921 1091 2981 1144 τὸ
3015 1091 3214 1162 κράτος
3255 1088 3684 1159 ἐπιδεικνύμενος

2117 1185 2176 1237 τὺ
2210 1186 2408 1237 οἰκεῖον
2433 1185 2520 1237 διὰ
2532 1185 2632 1254 τῆς
2656 1185 2784 1255 περὶ
2809 1186 2939 1249 τοὺς
2971 1183 3310 1246 ἐνοικοῦντας
3337 1183 3682 1253 κηδεμονίας,

2117 1277 2214 1345 τῆς
2227 1292 2283 1327 τε
2309 1275 2578 1346 τιμωρίας
2610 1275 2676 1345 ἣν
2698 1276 2923 1343 ἐπάγειν
2945 1275 3126 1345 μέλλει
3150 1277 3259 1338 τοῖς
3294 1274 3546 1344 πολεμεῖν
3573 1275 3684 1327 ἐθέ-

2117 1369 2298 1420 λουσιν
2315 1368 2497 1430 αὐτοῖς
2514 1383 2526 1397 ⁸
2545 1368 2606 1420 τὸ
2621 1367 2728 1438 γὰρ
2755 1385 2773 1417 ι
2795 1369 2887 1420 καὶ
2907 1367 3010 1430 ἓως
3031 1366 3208 1429 si;th
3226 1365 3414 1424 αἰῶνα,
3431 1384 3448 1415 ›
3471 1364 3684 1436 εὔδηλον

2117 1457 2197 1509 ὅτι
2226 1457 2292 1510 δι’
2325 1456 2444 1509 ὅλου
2479 1458 2540 1509 τὸ
2566 1457 2725 1526 μέχρι
2754 1454 2947 1508 πολλοῦ
2973 1455 3121 1522 λέγει
3139 1472 3155 1486 ’
3187 1456 3246 1506 οὐ
3271 1454 3378 1524 γὰρ
3398 1453 3588 1523 ἄδηλον
3611 1453 3683 1516 ὼς

2119 1548 2364 1613 ἐδέξαντο
2400 1547 2497 1616 μέν
2520 1564 2640 1600 τινα
2675 1547 2833 1599 πάλιν
2871 1545 2962 1598 ἐπὶ
2987 1544 3094 1597 τῶν
3124 1543 3496 1598 Μακκαὸαίων
3528 1559 3686 1612 μετα-

2047 1602 2085 1658 B
2114 1602 2294 1710 ϐολήν,
2349 1602 2609 1710 μεγίστην
2647 1639 2702 1691 δὲ
2751 1638 2845 1690 καὶ
2886 1636 3209 1704 ἀδιόρθωτον
3246 1602 3544 1696 παντελῶς,
3599 1632 3685 1685 ὅτε

2113 1727 2254 1780 κατὰ
2282 1727 2375 1780 τοῦ
2405 1728 2672 1779 Δεσπότου
2717 1725 2953 1796 Χριστοῦ
2994 1723 3406 1794 τετολμηκότες,
3436 1721 3534 1791 τὴν
3583 1718 3686 1772 ὐπὸ

2123 1818 2407 1888 Ῥωμαίων
2432 1818 2728 1888 ὑπέμειναν
2761 1816 3136 1887 αἰχμαλωσίαν
3166 1815 3464 1877 παντελῶς,
3504 1813 3600 1882 τῆς
3626 1829 3684 1865 τε

2111 1911 2212 1981 γῆς
2231 1909 2595 1981 ἐξορισθέντες
2616 1910 2713 1978 τῆς
2729 1908 2954 1973 οἰκείας,
2983 1909 3078 1962 καὶ
3103 1911 3160 1960 ἐν
3179 1907 3387 1977 δουλείᾳ
3417 1906 3683 1959 καθεστῶ-

2110 2021 2198 2065 τες
2221 2004 2441 2072 μακρᾷ·
2470 2001 2629 2071 μέχρι
2652 2001 2708 2053 δὲ
2725 2000 2912 2053 τούτου
2941 1999 3037 2070 τὴν
3056 1999 3165 2052 ἀπὸ
3199 1997 3514 2060 Βαϐυλῶνος
3535 1996 3686 2048 ἐπάν-

2117 2093 2235 2146 οδον
2285 2092 2430 2160 λέγει
2462 2091 2554 2144 τοῦ
2595 2091 2746 2156 λαοῦ,
2773 2091 2842 2144 τά
2871 2107 2928 2143 τε
2981 2089 3100 2143 κατ’
3137 2091 3340 2142 ἐκεῖνον
3371 2089 3462 2140 τὸν
3496 2088 3683 2157 καιρὸν

2110 2186 2291 2247 αὐτοῖς
2316 2184 2691 2254 προσεσόμενα
2721 2183 2920 2249 ἀγαθά.
2977 2181 3256 2235 Ἐντεῦθεν
3295 2181 3350 2233 δὲ
3397 2180 3554 2234 πάλιν
3580 2179 3686 2231 τῶν

2110 2275 2369 2345 λυπηρῶν
2418 2277 2647 2328 ποιεῖται
2703 2274 2800 2344 τὴν
2843 2274 3097 2344 μνήμην,
3132 2273 3231 2335 τὰς
3263 2271 3687 2340 ἐπελευσομένας

2111 2367 2294 2427 αὐτοῖς
2339 2363 2620 2434 συμφορὰς
2675 2363 3064 2433 διηγούμενος·
3128 2362 3249 2415 ὅθεν
3301 2361 3366 2432 δὴ
3405 2362 3538 2431 πρὸς
3588 2361 3686 2430 τὴν

2120 2458 2184 2508 ’ῐε
2196 2456 2472 2526 ρουσαλήμ
2499 2454 2663 2525 αὐτὴν
2682 2455 3042 2525 ἀποστρέφων
3066 2454 3154 2506 τὸν
3167 2453 3342 2520 λόγον,
3362 2452 3501 2504 οὓτω
3521 2451 3648 2520 φησί
3670 2467 3683 2478 ·

2116 2563 2133 2595 ι
2175 2546 2284 2597 Καὶ
2303 2545 2366 2597 σὺ
2391 2544 2594 2614 πύργος
2622 2544 2893 2614 ποιμνίου,
2922 2543 3209 2613 αὐχμώδης
3230 2543 3470 2612 Θυγάτηρ
3494 2540 3681 2596 Σιών.»

2111 2636 2234 2687 Ὅτι
2264 2635 2508 2706 θυγάτηρ
2539 2634 2674 2687 Σιὼν
2692 2635 2790 2704 τὴν
2831 2633 3178 2704 Ἰερουσαλὴμ
3201 2632 3478 2703 ὀνομάζει,
3509 2633 3683 2701 δῆλον,

2111 2727 2352 2794 συνεχῶς
2392 2725 2484 2777 καὶ
2512 2722 2621 2774 τῶν
2645 2722 2937 2793 προφητῶν
2972 2722 3064 2777 καὶ
3097 2721 3190 2774 τοῦ
3236 2721 3500 2792 μακαρίου
3527 2719 3690 2772 Δαυῖδ

2109 2813 2280 2875 οὕτως
2304 2813 2470 2882 αὐτὴν
2504 2811 2796 2874 καλοῦντος
2815 2830 2828 2842 ·
2854 2813 2929 2874 ὡς
2952 2811 3027 2865 ὅτ’
3059 2811 3123 2865 ἂν
3151 2811 3282 2881 λέγῃ
3306 2831 3320 2844 ο
3351 2831 3368 2861 ι
3405 2811 3590 2875 Ὅπως
3621 2810 3689 2864 ἂν

404 2969 408 2973 _
439 2919 538 2958 cur
566 2903 667 2958 sibi
702 2908 1116 2972 persuaserunt,
1153 2899 1248 2955 scd
1284 2899 1350 2954 ad
1384 2898 1724 2954 Hierusalem
1759 2901 2001 2952 converti

2111 2902 2409 2970 ἐξαγγείλω
2463 2902 2642 2964 πάσας
2690 2902 2789 2964 τὰς
2845 2901 3076 2964 αἰνέσεις
3118 2918 3235 2963 σου,
3271 2903 3326 2953 ἐν
3347 2903 3464 2964 ταῖς
3493 2901 3689 2960 πύλαυς

440 2995 530 3050 hic
555 3009 585 3047 a
615 2995 876 3064 propheta
906 3005 1248 3056 sermonem;
1279 3005 1442 3060 quam
1467 3004 1592 3043 cum
1621 2989 1788 3043 tiliam
1819 2988 2005 3043 Sionis

438 3086 506 3141 dc
545 3098 694 3138 more
739 3082 987 3148 dixisset,
1020 3081 1212 3134 merito
1256 3081 1450 3134 turrim
1485 3079 1666 3150 gregis
1697 3089 2004 3150 nuncupat,

401 3240 404 3242 _
439 3183 627 3246 utpote
666 3176 808 3229 inter
834 3188 1025 3227 omnes
1061 3171 1387 3228 lsraeliticas
1411 3172 1577 3227 urbes
1615 3172 1924 3236 cclsiorem,
1953 3181 2008 3227 et

438 3272 659 3334 propter
699 3263 945 3318 omniurn
987 3262 1052 3315 ad
1088 3276 1208 3316 eam
1249 3275 1598 3325 concursum,
1639 3261 1755 3316 sive
1790 3262 1860 3315 ob
1897 3262 2006 3315 illic

437 3353 801 3410 exercendum
827 3351 920 3407 Dei
945 3351 1175 3415 cultura,
1197 3352 1308 3405 sive
1333 3351 1403 3405 ob
1424 3351 1684 3404 auxilium
1713 3351 1857 3420 quod
1882 3352 2007 3406 inde

439 3445 749 3515 sperabant.
791 3443 916 3512 quia
948 3441 1092 3496 Deus
1124 3442 1236 3496 illic
1269 3441 1518 3498 habitare
1551 3442 2002 3511 praesumebatur.

440 3533 790 3605 Squalcntem
840 3532 1230 3586 contumeliose
1270 3532 1436 3596 dicit,
1472 3532 1616 3586 velut
1661 3533 1870 3601 peccati
1897 3547 2005 3601 pae-

437 3625 569 3680 dore
598 3623 853 3685 obsitam,
881 3631 934 3676 et
968 3623 1117 3692 gregi
1144 3622 1210 3676 ad
1239 3622 1434 3676 vitium
1469 3623 1668 3677 factam
1702 3625 2000 3693 exemplar,

437 3729 561 3768 cum
589 3721 778 3768 contra
803 3721 1074 3782 opm'tcret
1114 3712 1179 3766 ad
1212 3713 1466 3767 virtutem
1528 3714 1746 3783 prmire.
1795 3733 1814 3766 ι
1853 3716 2003 3769 Con-

437 3814 522 3858 tra
558 3813 610 3858 tc
646 3804 843 3866 veniet,
875 3809 930 3854 et
978 3801 1316 3869 ingredietur
1386 3802 1727 3873 principatus
1767 3803 2000 3873 primus,

437 3909 662 3963 regnum
716 3891 1024 3962 Babylonis,
1070 3906 1104 3945 ο
1155 3893 1262 3945 [ilia
1313 3890 1674 3952 Hierusalem.
1711 3915 1729 3946 ι
1776 3895 2004 3966 Propter

438 3984 636 4035 delicta
666 3982 806 4050 apud
844 3990 893 4035 te
920 3989 1132 4052 patrata
1155 4021 1169 4046 ,
1201 3985 1549 4051 superveniet
1580 3986 1678 4040 tibi
1730 3989 2003 4044 maximus

437 4072 703 4140 valdeque
733 4079 923 4141 potens
960 4087 1055 4126 rex
1099 4071 1390 4142 Babylonis
1411 4112 1426 4136 ,
1455 4075 1551 4143 qui
1582 4077 1678 4130 tibi
1703 4078 1831 4131 talia
1865 4078 2002 4133 infe—

439 4171 521 4216 ret
553 4162 693 4215 mala
719 4162 903 4231 qualia
950 4177 979 4215 a
1026 4163 1262 4232 potentis
1293 4165 1437 4234 regis
1474 4166 1706 4221 adventu
1751 4169 1866 4224 ﬁeri
1902 4185 2003 4239 par

437 4262 543 4308 est.

2110 2995 2205 3062 τῆς
2227 2993 2492 3062 θυγατρὸς
2518 2991 2654 3044 Σιών
2671 3007 2682 3020 ’
2701 3011 2717 3042 ι
2751 2993 2825 3054 ὼς
2842 2991 3205 3062 ἁναμφίϐολον
3225 2988 3361 3045 εἶναι
3385 2992 3443 3044 τὸ
3463 2993 3535 3061 μὴ
3553 2990 3688 3062 πρὸς

2109 3083 2380 3144 Σεδεκίαν,
2406 3083 2433 3134 ὃ
2453 3100 2594 3145 τινες
2620 3084 2718 3134 οὐκ
2740 3077 2836 3134 οἷδ’
2862 3084 3006 3144 ὅπως
3035 3082 3312 3152 ᾠήθησαν,
3339 3081 3472 3152 πρὸς
3503 3081 3560 3133 δέ
3589 3082 3687 3150 τὴν

2119 3172 2477 3241 Ἰερουσαλὴμ
2510 3170 2920 3241 ἀποστρέφοντα
2976 3171 3243 3223 ποιεῖσθαι
3276 3171 3366 3223 τὸν
3412 3170 3566 3237 λόγον
3600 3170 3686 3223 ἐν·

2109 3264 2234 3325 θάδε
2258 3263 2349 3316 τὸν
2379 3264 2664 3331 προφήτην
2687 3278 2700 3291 ·
2737 3266 2811 3331 (p.
2841 3261 2968 3328 287)
3003 3262 3066 3330 ἣν
3099 3261 3370 3332 θυγατέρα
3392 3260 3527 3313 Σιὼν
3543 3262 3688 3313 κατὰ

2106 3355 2167 3406 τὸ
2219 3352 2409 3416 εἰωθὲς
2463 3351 2762 3422 προειπὼν,
2799 3351 3019 3414 εἰκότως
3064 3352 3270 3423 πύργον
3303 3352 3559 3422 ὀνομάζει
3587 3353 3687 3406 τοῦ

2107 3444 2389 3514 ποιμνίου·
2435 3443 2531 3496 ἆτε
2598 3443 2812 3496 πάντων
2855 3442 2961 3495 τῶν
2999 3443 3347 3514 Ἰσραηλιτῶν
3395 3433 3687 3512 ἐξέχουσαν

2108 3537 2200 3589 καὶ
2256 3537 2471 3590 πάντων
2523 3534 2610 3588 ἐπ’
2665 3535 2831 3603 αὐτὴν
2890 3535 3352 3604 κατατρεχόντων,
3377 3519 3474 3588 διά
3504 3552 3564 3587 τε
3585 3535 3686 3605 τήν

2107 3626 2500 3697 ἐκτελουμένην
2553 3624 2743 3678 αὐτόθι
2811 3625 2887 3694 τῷ
2937 3624 3054 3694 Θεῷ
3098 3625 3411 3694 θεραπείαν,
3453 3626 3546 3677 καὶ
3584 3626 3685 3695 τὴν

2107 3717 2358 3786 βοήθειαν
2378 3711 2444 3787 ἦς
2464 3714 2690 3783 ἤλπιζον
2714 3715 2924 3768 ἐκεῖθεν
2978 3717 3286 3784 τυγχάνειν,
3319 3717 3392 3778 ὼς
3429 3718 3542 3767 ἐκεῖ
3569 3717 3687 3769 διά-

2105 3825 2219 3875 γειν
2241 3806 2646 3876 ὑπειλημμένον
2669 3807 2761 3859 τοῦ
2790 3807 2923 3859 Θεοῦ
2944 3825 2956 3838 ·
2991 3806 3247 3878 αὐχμῶδη
3276 3809 3330 3860 δέ
3360 3809 3527 3879 αὐτὴν
3543 3809 3687 3862 ὀνει-

2103 3899 2263 3962 δίζων
2294 3899 2477 3967 φησιν,
2498 3897 2573 3960 ὡς
2609 3897 2763 3967 δίκην
2788 3898 2996 3967 αὐχμοῦ
3029 3901 3095 3969 τῇ
3125 3899 3348 3968 ἀσεϐείᾳ
3389 3903 3686 3970 συνεχομέ-

2104 4003 2200 4057 νην
2223 4027 2238 4051 ,
2265 3986 2355 4038 καὶ
2383 3985 2445 4053 δὴ
2480 3985 2642 4038 παντί
2673 3985 2750 4054 τῷ
2783 3985 3016 4054 ποιμνίῳ
3048 3986 3154 4038 τῶν
3188 3988 3440 4056 χειρόνων
3472 3989 3685 4056 κατάρ-

2102 4094 2322 4149 χουσαν,
2345 4077 2464 4129 δέον
2506 4077 2562 4128 ἐν
2611 4078 2720 4138 τοῖς
2765 4078 3066 4146 κρείττοσιν
3115 4079 3378 4149 ήγεῖσθαι.
3413 4098 3430 4130 ι
3473 4081 3597 4132 Ἐπὶ
3620 4082 3683 4133 σὲ

2103 4167 2242 4236 ἥξει,
2269 4166 2362 4218 καὶ
2392 4164 2758 4218 εἰσελεύσεται
2795 4169 2828 4235 ή
2873 4167 3014 4236 ἀρχὴ
3054 4169 3087 4237 ή
3128 4168 3316 4239 πρώτη
3351 4169 3594 4238 βασιλεία
3615 4173 3685 4224 ἐκ

2035 4258 2079 4314 D
2108 4256 2443 4317 Βαϐυλῶνος,
2501 4258 2568 4324 τῇ
2611 4255 2840 4325 θυγατρὶ
2893 4255 3264 4327 Ἰερουσαλήμ.
3303 4277 3322 4310 ι
3365 4260 3535 4329 ’Υπὲρ
3570 4261 3684 4331 γὰρ

435 4345 540 4396 τῶν
568 4343 627 4396 οὐ
661 4342 885 4395 δεόντων
915 4341 971 4396 ἐν
997 4344 1078 4395 col.
1116 4345 1521 4415 πραττομένων,
1552 4347 1901 4405 ἐπελεύσεται
1941 4371 2023 4408 σοι
2058 4350 2305 4424 βασιλεὺς
2367 4347 2622 4417 μέγιστος
2670 4349 2762 4400 καὶ
2806 4349 2944 4417 ἄγαν
2975 4349 3196 4413 δυνατὸς
3224 4352 3251 4403 ὁ
3277 4352 3375 4422 τῆς
3418 4352 3682 4405 Βαϐυλῶ-

436 4451 543 4497 νος,
581 4433 636 4496 ὃς
658 4433 898 4503 διαθήσει
931 4448 1012 4498 σε,
1043 4429 1131 4486 οἷα
1179 4435 1324 4498 εἰκὸς
1371 4435 1593 4490 δυνατὸν
1636 4440 2003 4510 ἐπεληλυθότα
2038 4443 2210 4498 ποιεῖν
2244 4437 2487 4508 βασιλέα.

505 4522 674 4579 Vens.
715 4525 769 4587 9,
805 4523 891 4575 10.
918 4555 985 4563 -
1009 4543 1027 4574 ι
1065 4524 1131 4578 Et
1154 4541 1298 4581 nunc
1325 4543 1423 4582 cur
1454 4529 1508 4583 in
1533 4532 1692 4586 malis
1726 4535 2002 4590 versaris?

433 4610 626 4666 Nonne
655 4611 751 4664 tibi
782 4626 872 4665 rex
901 4621 1026 4667 tuus
1060 4615 1210 4668 erat?
1254 4615 1358 4670 Aut
1391 4620 1681 4674 consilium
1712 4629 1866 4676 tuum
1905 4640 2001 4693 pe-

435 4702 547 4765 riit,
587 4702 848 4770 quoniam
888 4709 940 4756 te
976 4713 1313 4774 occuparunt
1351 4708 1568 4764 dolores
1612 4713 1770 4780 quasi
1812 4723 2002 4783 partu-

439 4791 672 4846 rientis?
703 4811 720 4842 ι
760 4791 879 4846 Jam
907 4808 1037 4847 vero
1082 4809 1179 4847 cur
1208 4803 1262 4848 tu
1292 4798 1346 4850 in
1383 4800 1523 4852 mala
1565 4808 1712 4854 tanta
1746 4804 2001 4873 prolapsa

393 4957 400 4965 _
433 4882 532 4936 es?
564 4880 825 4950 Equidem
857 4893 911 4938 et
948 4900 1129 4957 regem
1169 4889 1428 4954 habebas,
1465 4893 1558 4960 qui
1593 4893 1688 4946 tibi
1730 4894 1839 4947 dux
1875 4893 1999 4949 belli

435 4972 803 5040 defensorque
837 4985 1014 5042 esset;
1049 4994 1210 5048 quem
1243 4989 1295 5034 ct
1319 4981 1526 5036 idcirco
1559 4984 1688 5037 olim
1719 4985 1995 5054 elegeras,

435 5062 682 5131 deposito
705 5061 1002 5135 (Samuele)
1041 5083 1204 5136 quem
1238 5084 1337 5140 ego
1363 5071 1462 5125 tibi
1493 5072 1763 5126 dominari
1791 5075 2000 5129 consti-

434 5164 664 5206 tueram.
697 5152 833 5207 Tum
865 5155 1028 5209 etiam
1052 5158 1317 5226 plurimos
1344 5161 1486 5230 apud
1525 5171 1577 5216 te
1608 5163 1805 5218 habere
1835 5171 1997 5233 puta-

434 5243 532 5298 bas
563 5242 849 5312 prudentia
882 5252 1202 5313 praestantes
1231 5250 1401 5306 viros.
1450 5251 1736 5317 Quomodo
1766 5267 1898 5323 ergo
1937 5253 1993 5307 in

434 5333 574 5388 mala
602 5341 752 5386 tanta
784 5333 1097 5403 incurristi,
1129 5339 1328 5408 quibus
1357 5353 1604 5414 correpta
1637 5344 1774 5399 nihil
1804 5343 1990 5400 diﬂ'ers

505 5504 724 5560 “Psal.
758 5520 836 5572 la,
880 5507 966 5562 15.

2162 4532 2309 4601 Στίχ.
2340 4530 2404 4591 θ’,
2438 4526 2489 4582 ι’.
2523 4557 2592 4569 -
2635 4547 2651 4579 ι
2683 4528 2792 4581 Καὶ
2829 4526 2923 4581 νῦν
2969 4528 3053 4581 ἵνα
3095 4529 3148 4581 τί
3183 4529 3353 4597 ἔγνως
3383 4532 3551 4596 κακάς
3599 4537 3682 4607 μὴ

2103 4625 2354 4694 βασιλεὺς
2411 4623 2511 4674 οὐκ
2559 4616 2626 4692 ἦν
2694 4637 2813 4687 σοι;
2864 4619 2896 4689 ἦ
2940 4621 2971 4689 ἡ
3025 4619 3186 4690 βουλή
3237 4639 3330 4674 σου
3386 4625 3676 4693 ἀπώλετος

2100 4715 2182 4767 ὅτι
2255 4711 2668 4781 κατεκράτησαν
2722 4726 2814 4761 σου
2885 4709 3072 4774 ὠδῖνες
3135 4711 3209 4774 ὡς
3265 4713 3578 4785 τικτούσης.
3651 4736 3674 4769 ι

2110 4803 2270 4857 Ἀλλά
2320 4803 2428 4873 γὰρ
2466 4803 2602 4872 ὑπὲρ
2637 4801 2800 4863 ὅτου,
2843 4801 3036 4871 φησιν,
3103 4805 3183 4866 εἰς
3242 4805 3501 4875 τοσαύτην
3563 4825 3676 4861 κα-

2100 4895 2210 4948 κῶν
2275 4892 2612 4964 κατηνέχθης
2656 4895 2888 4964 πεῖραν;
2930 4896 2964 4965 δή
3011 4913 3074 4964 γε
3128 4897 3222 4950 καὶ⁹
3264 4896 3490 4966 βασιλέα
3547 4900 3680 4953 ἐκέ-

2098 5001 2268 5053 κτησο
2314 4984 2640 5053 στρατηγεῖν
2688 4984 2746 5035 ἐν
2790 4986 2900 5047 τοῖς
2947 4985 3086 5055 ὑπὲρ
3123 4985 3216 5038 σοῦ
3264 4987 3517 5057 πολέμοις
3582 4997 3682 5051 δυ-

2103 5072 2455 5143 νάμεννον⁶ὄν
2471 5073 2565 5128 καί
2579 5072 2665 5123 ἐπ’
2699 5072 2845 5143 αὐτῷ
2894 5091 2957 5142 γε
2989 5074 3130 5127 εἵλου
3177 5075 3348 5147 τούτῳ
3385 5095 3665 5149 παραγρα-

2092 5163 2309 5234 ψαμένη
2336 5165 2427 5216 τὸν
2454 5161 2641 5233 ἄρχειν
2666 5163 2796 5232 παρ’
2827 5163 2962 5232 ἐμοῦ
2995 5168 3322 5236 τεταγμένον
3348 5168 3499 5238 ὐμῶν
3531 5187 3544 5202 ·
3576 5172 3681 5224 καὶ

2096 5253 2155 5306 ἐν
2218 5253 2426 5305 συνέσει
2455 5253 2511 5304 δὲ
2553 5253 2929 5322 πρωτεύοντας
2966 5255 3226 5329 ἐκέκτησο
3255 5258 3564 5328 πλείστους,
3592 5262 3678 5326 ὡς

2097 5341 2201 5413 ᾤου
2224 5359 2238 5373 °
2275 5342 2392 5407 πῶς
2447 5337 2539 5397 οῦν
2573 5343 2678 5397 ὐπὸ
2719 5343 3051 5414 τηλικούτων
3097 5348 3445 5421 περιείληψαι
3462 5357 3688 5422 κακῶν,
