3844 6222
176 410 305 466 369ο

1114 407 1658 465 COMMENTARIUS
1697 404 1760 459 ΙΝ
1806 404 2111 464 ΜΙΟΠᾸΞιΕ
2168 410 2316 466 CAP.
2381 403 2462 467 ιν.

3328 413 3431 469 5το

178 524 272 594 69'
320 520 395 580 ὧν
434 524 816 596 κεκρατημένη
860 524 1192 589 διαλλάττεις
1232 526 1381 579 οὐδὲν
1422 525 1512 579 ἐπὶ
1546 524 1751 594 τοκετῷ

1873 540 1882 575 ι
1920 524 2079 596 189
2130 526 2359 581 muliere
2410 528 2463 581 in
2492 536 2648 596 partu
2684 528 2940 583 dolente?
2986 542 3107 598 qua:
3149 541 3429 595 nunquam

181 617 437 685 γυναικὸς
462 616 783 683 ὼδινούσης;
818 608 892 669 ὧν
914 617 1014 668 οὐκ
1030 617 1093 669 άν
1108 633 1237 669 ποτε
1267 620 1460 686 πεῖραν
1493 618 1755 685 εἰλήφεις,

181 710 231 760 εἰ
274 710 388 769 τοῖς
437 706 685 775 νομίμοις
752 705 1080 769 ἐσπούδαζες
1133 706 1359 759 ἕπεσθαι
1410 710 1519 770 τοῖς
1576 709 1754 776 ἐμοῖς·

183 802 264 868 (p.
298 798 423 868 289)
474 800 609 868 ὅπερ
644 798 832 868 ἐπειδὴ
886 798 959 867 μὴ
1005 798 1331 868 πεποίηκας,
1371 817 1390 849 ι
1431 799 1627 860 Ὠδινε,
1667 800 1759 851 καὶ

183 891 454 960 ἀνδρίζου,
492 892 587 942 καὶ
615 889 821 958 ἔγγιζε,
846 889 1082 957 θύγατερ
1112 889 1268 955 Σιὼν,
1300 890 1375 952 ὡς
1396 892 1428 960 ή
1450 889 1755 943 τίκτουσα.»

194 981 464 1051 Ύπόμενε
484 980 582 1043 τὰς
610 979 960 1050 ἐπικειμένας
989 980 1201 1044 ὠδῖνας,
1224 981 1319 1033 καὶ
1340 983 1396 1033 ἐν
1426 981 1617 1043 αὐταῖς
1647 980 1761 1032 δια-

186 1073 444 1143 καρτέρει
468 1072 623 1143 δίκην
645 1071 953 1142 τικτούσης,
975 1072 1405 1142 προσεγγίζουσα
1430 1074 1548 1135 ταῖς
1576 1075 1640 1125 ἐκ
1667 1073 1761 1125 τοῦ

185 1164 391 1217 τίκτειν
421 1163 656 1227 ὼδίναις.
696 1181 714 1214 ι
752 1162 895 1215 Διότι
927 1163 1017 1215 νῦν
1050 1163 1304 1234 ἐξελεύσῃ
1332 1166 1394 1216 ἐκ
1420 1163 1645 1225 πόλεως,
1670 1164 1763 1215 καί

188 1254 631 1325 κατασκηνώσεις
660 1256 717 1307 ἐν
746 1254 930 1323 πεδίῳ,
962 1254 1055 1307 καὶ
1085 1253 1237 1325 ἥξεις
1263 1253 1367 1316 ἕως
1388 1254 1756 1316 Βαϐυλῶνος.ι

186 1344 372 1415 Πέρας
390 1346 497 1414 γάρ
529 1344 717 1413 εἴληφε
768 1343 837 1396 τά
866 1342 1005 1395 κατὰ
1041 1342 1119 1406 σὲ,
1149 1343 1240 1395 καὶ
1273 1342 1522 1412 ληφθήσῃ
1570 1342 1667 1412 μὲν
1700 1342 1763 1394 ὲκ

183 1437 285 1507 τῆς
314 1436 519 1499 πόλεως
548 1438 629 1497 εἰς
657 1434 1031 1504 αἰχμαλωσίαν
1060 1449 1075 1463 ·
1105 1435 1425 1505 ἀπαγομένη
1456 1433 1511 1485 δὲ
1535 1434 1612 1495 εἰς
1638 1432 1763 1494 τοὺς

184 1526 444 1595 τυχόντας
460 1525 676 1588 τόπους,
704 1525 1009 1596 ἐρριμμένη
1039 1524 1258 1590 διάξεις,
1281 1520 1366 1577 οἷα
1396 1523 1540 1586 εἰκὸς
1565 1522 1765 1592 αἰχμά-

185 1616 356 1679 λωτος
418 1617 752 1686 ἐπαγομένη,
806 1616 962 1685 ἄχρις
1015 1614 1080 1667 ἂν
1132 1617 1214 1677 εἰς
1268 1614 1436 1684 αὐτὴν
1470 1614 1644 1681 γένοιο
1665 1615 1764 1681 τὴν

186 1707 506 1773 Βαϐυλῶνα,
563 1709 620 1760 ἐν
668 1703 810 1780 ᾗπερ
854 1707 1059 1774 διάγειν
1093 1724 1148 1759 σε
1185 1707 1321 1777 μετὰ
1354 1707 1451 1776 τῆς
1478 1706 1764 1775 συμφορᾶς

186 1799 402 1869 ἀνάγκη
457 1800 552 1867 τῆς
601 1799 807 1861 οἰκείας
836 1816 848 1829 ο
892 1794 1009 1850 εἶτα
1066 1799 1164 1868 τὴν
1202 1798 1470 1868 τιμωρίαν
1508 1795 1763 1867 εἰρηκὼς,

1866 633 2087 692 experta
2130 623 2349 689 fuisses,
2382 623 2427 677 si
2468 624 2636 693 legem
2682 639 2855 677 meam
2902 622 3298 677 observandam
3332 636 3432 673 cu-

1873 728 2076 768 rasses.
2108 714 2262 778 Quod
2291 730 2416 768 cum
2442 730 2549 768 non
2578 714 2794 778 feceris,
2821 713 2946 769 audi
2976 730 2989 766 :
3026 733 3044 764 Ι
3076 711 3239 777 Dole,
3272 717 3324 764 et
3354 711 3432 763 vi-

1869 804 2047 857 riliter
2073 820 2193 875 age,
2230 814 2284 859 et
2313 807 2711 875 appropinqua,
2744 805 2851 858 filia
2888 802 3093 865 Sionis,
3132 803 3276 857 sicut
3312 815 3435 870 par-

1868 894 2103 949 turiens.
2143 915 2162 946 ι
2191 896 2374 950 Perfer
2402 897 2718 965 ingruentes
2740 897 2976 959 dolores,
3012 895 3064 946 in
3098 894 3275 961 iisque
3302 905 3436 945 con-

1869 991 2080 1039 stanter
2111 1001 2207 1054 age
2239 987 2395 1055 quasi
2431 986 2764 1055 parturiens,
2788 982 3283 1054 propinquantibus
3315 994 3435 1049 par-

1871 1082 1964 1128 tus
1996 1073 2300 1128 doloribus.
2344 1094 2361 1125 ι
2406 1074 2541 1139 Quia
2570 1090 2714 1127 nunc
2758 1071 3057 1140 egredieris
3096 1070 3163 1123 de
3195 1068 3432 1128 civitate,

1867 1170 1921 1218 et
1953 1164 2228 1219 babitabis
2274 1165 2330 1218 in
2370 1180 2564 1233 campo
2592 1204 2605 1226 ,
2648 1174 2702 1217 et
2756 1164 2942 1217 venies
2991 1175 3162 1231 usque
3208 1159 3438 1228 Babylo-

1868 1268 2014 1309 nem.
2057 1274 2075 1306 ι
2130 1254 2282 1309 Finis
2330 1270 2511 1309 rerum
2570 1264 2783 1308 tuarum
2840 1261 2956 1315 est,
3006 1260 3060 1306 et
3102 1267 3165 1304 ex
3207 1249 3341 1302 urbe
3380 1248 3435 1300 in

1870 1344 2243 1414 captivitatem
2287 1344 2666 1415 deportaberis
2701 1363 2713 1397 :
2748 1344 2982 1398 abducta
3030 1357 3158 1395 vero
3198 1342 3251 1393 in
3285 1354 3435 1409 qua:-

1869 1436 2000 1490 libet
2045 1436 2183 1500 loca,
2234 1436 2476 1505 projecta
2518 1436 2764 1505 jacebis,
2815 1442 2870 1487 ut
2919 1435 3143 1503 captivae
3194 1430 3437 1484 conditio

1870 1526 1994 1591 fert,
2023 1524 2193 1581 donec
2231 1527 2298 1581 ad
2329 1527 2501 1597 ipsam
2536 1542 2707 1596 usque
2740 1526 3066 1595 Babylonem
3104 1523 3435 1593 perveneris,

1870 1618 1924 1670 in
1958 1632 2066 1687 qua
2092 1625 2145 1672 te
2172 1618 2418 1672 habitare
2450 1618 2759 1671 calamitate
2800 1628 2889 1669 tua
2932 1615 3185 1668 obrutam
3216 1628 3438 1667 necesse

1870 1715 1975 1762 est.
2012 1707 2148 1761 Tum
2184 1716 2306 1778 post
2337 1718 2616 1761 narratam
2659 1722 2872 1778 poenam
2896 1748 2908 1768 ,
2936 1706 3183 1775 ejusdem
3210 1705 3439 1759 solutio-

1874 1815 1993 1852 nem
2024 1800 2330 1853 connectit:
2351 1816 2369 1849 ι
2411 1799 2542 1852 inde
2579 1807 2629 1851 te
2655 1797 2935 1859 liberabit,
2974 1796 3099 1849 inde
3132 1803 3185 1848 te
3210 1794 3439 1847 redimet

188 1892 353 1945 πάλιν
403 1892 550 1960 λέγει
604 1891 703 1961 τὴν
749 1891 899 1944 λύσιν
927 1908 939 1922 ·
974 1909 992 1942 ι
1040 1892 1279 1943 Ἐκεῖθεν
1313 1891 1532 1959 ῥύσεταί
1558 1908 1638 1952 σε,
1671 1890 1764 1942 καὶ

1873 1890 2129 1944 Dominus
2156 1889 2293 1944 Deus
2319 1900 2445 1943 tuus
2471 1889 2537 1942 de
2571 1904 2733 1941 manu
2764 1888 3105 1941 inimicorum
3139 1894 3377 1938 tuorum.
3416 1903 3433 1933 ι

186 1984 401 2036 ἐκεῖθεν
456 1983 791 2054 λυτρώσεταί
825 1999 883 2034 σε
935 1982 1136 2052 Κύριος
1156 1986 1183 2035 ὁ
1213 1983 1342 2045 Θεός
1374 2000 1465 2036 σου
1496 1984 1559 2036 ἐκ
1587 1984 1765 2053 χειρὸς

188 2075 402 2145 ἐχθρῶν
446 2092 559 2128 σου.
600 2094 618 2125 ι
676 2074 811 2126 Ἀλλ’
861 2075 1027 2127 ἐπειδ’
1083 2074 1149 2127 ἂν
1182 2077 1261 2138 εἰς
1291 2076 1530 2139 ἐκείνους
1568 2076 1766 2145 αἰχμά-

187 2168 359 2230 λωτος
386 2168 555 2238 ἀφίκῃ
595 2168 720 2230 τοὺς
743 2168 959 2230 τόπους,
984 2168 1074 2234 ἀφ’
1095 2160 1168 2219 ὧν
1191 2168 1309 2220 οὖδέ
1333 2168 1429 2238 μία
1448 2185 1527 2220 σοι
1560 2168 1765 2232 λύσεως

190 2260 347 2322 ἐλπὶς
382 2260 755 2327 ὑποφαίνεται,
797 2258 1098 2328 παραδόξου
1141 2260 1302 2328 τεύξῃ
1332 2258 1430 2327 τῆς
1464 2258 1611 2323 Θείας
1641 2261 1765 2330 βοη-

189 2350 363 2414 θείας,
405 2352 459 2420 ἣ,
492 2350 632 2403 κατὰ
661 2350 758 2419 τὴν
791 2350 993 2402 οἰκείαν
1014 2350 1259 2419 δύναμιν,
1280 2350 1376 2417 τῆς
1400 2368 1457 2402 τε
1492 2351 1766 2421 αἰχμαλω-

190 2442 315 2504 σίας
349 2445 439 2497 καὶ
485 2443 585 2513 τῆς
620 2442 728 2496 τῶν
769 2443 1105 2512 κατεχόντων
1164 2442 1447 2514 ἀπαλλάξῃ
1500 2459 1557 2494 σε
1610 2442 1766 2496 δυνα-

191 2531 400 2594 στείας.

264 2623 412 2692 Στίχ.
446 2631 530 2676 ια’·
549 2628 633 2692 ιγ’.
664 2622 882 2681 -ιΚαὶ
910 2623 1003 2676 νῦν
1046 2622 1534 2694 ἐπισυναχθήσεται
1568 2624 1660 2676 ἐπὶ
1705 2623 1761 2676 σέ

190 2711 321 2781 ἔθνη
350 2713 535 2773 πολλὰ,
567 2714 658 2766 καὶ
708 2714 826 2767 λαοί
866 2713 1135 2781 λέγοντες·
1187 2711 1644 2785 Ἐπιχαρούμεθα,
1674 2715 1766 2766 καὶ

189 2802 482 2870 ἐπάξονται
517 2804 607 2855 ἐπὶ
649 2801 785 2854 Σιὼν
836 2803 886 2855 οἱ
932 2803 1198 2872 ὀφθαλμοὶ
1240 2804 1415 2873 ήμῶν.
1447 2822 1466 2854 ι
1507 2805 1581 2874 (p.
1636 2804 1761 2873 9.89)

188 2896 327 2948 Τότε
357 2895 420 2967 δὴ
454 2894 577 2963 ἔθνη
622 2894 858 2947 Σκυθικὰ
903 2894 1071 2948 πολλά
1103 2913 1160 2947 τε
1196 2894 1287 2947 καὶ
1318 2895 1569 2967 ἀνήμερα
1600 2894 1766 2963 (λέγει

188 2987 250 3039 δὲ
280 2987 407 3048 τοὺς
435 2986 560 3055 περὶ
609 2984 695 3036 τὸν
732 2985 896 3053 Γὼγ),
937 2985 1034 3054 τὴν
1070 2984 1374 3054 εὐπραγίαν
1408 2984 1467 3035 οὐ
1509 2984 1764 3053 φέροντες

192 3079 289 3131 καὶ
340 3077 437 3147 τὴν
466 3076 717 3129 ἐπάνοδον
767 3076 863 3144 τὴν
892 3073 1008 3144 σὴν,
1040 3073 1419 3127 ἐπελεύσονταί
1463 3090 1565 3135 σοι,
1624 3072 1765 3143 μάλα

1867 1980 1971 2034 Sed
1997 1988 2348 2049 posteaquam
2401 1978 2617 2047 captiva
2652 1978 2704 2029 in
2733 1992 2794 2029 ea
2829 1977 2945 2027 loca
2968 1974 3269 2035 deveneris,
3297 1971 3439 2025 unde

1870 2072 1973 2125 tibi
2005 2069 2270 2125 evadendi
2302 2068 2453 2122 nulla
2494 2084 2619 2137 spes
2649 2066 2925 2137 all‘ulgebit
2946 2106 2958 2127 ,
2996 2064 3246 2117 mirabile.
3276 2078 3439 2130 expe-

1868 2163 2029 2217 rieris
2052 2164 2195 2217 ultra
2241 2164 2387 2216 vires
2424 2172 2545 2214 tuas
2587 2160 2676 2214 Dei
2713 2158 3009 2222 auxilium;
3050 2157 3102 2209 id
3140 2154 3343 2215 est,ille
3383 2153 3433 2204 vi

1865 2254 2082 2321 propria
2114 2262 2164 2305 te
2189 2252 2411 2305 servitio
2452 2258 2505 2304 et
2551 2262 2939 2320 oppressorum
2983 2244 3229 2317 expediet
3264 2242 3440 2296 domi-

1868 2345 2112 2397 natione.

1940 2626 2104 2681 Vsus.
2139 2626 2311 2679 ll-lZ’i.
2348 2653 2415 2665 -—
2448 2644 2465 2675 ι
2500 2623 2565 2677 Et
2596 2638 2741 2678 nunc
2771 2619 3245 2693 congregabuntur
3276 2630 3442 2687 super

1867 2728 1918 2774 te
1948 2728 2135 2789 gentes
2158 2719 2337 2771 multze
2360 2717 2652 2786 populique
2674 2758 2687 2779 ,
2728 2712 2972 2768 dicentes
3011 2729 3024 2765 :
3060 2708 3393 2763 lnsultemus
3420 2722 3433 2769 ;

1866 2812 2234 2881 respiciantin
2269 2807 2487 2863 Sionem
2511 2806 2656 2861 oculi
2690 2807 2887 2859 nostri.
2928 2822 2945 2855 ι
2975 2801 3129 2855 Tunc
3169 2798 3440 2869 Scythica:

1866 2910 2055 2971 gentes
2090 2912 2397 2953 numerosae
2424 2904 2477 2949 et
2523 2910 2677 2951 saeva:
2708 2894 2861 2964 (dicit
2898 2909 3026 2947 vero
3056 2889 3286 2958 Gogum)
3321 2902 3441 2957 pro-

1866 2993 2178 3063 speritatem
2227 3003 2377 3043 tuam
2420 2988 2763 3056 reditumque
2796 3000 2951 3055 aequo
2989 2984 3172 3036 animo
3206 2996 3312 3034 non
3357 2978 3437 3032 fe-

1869 3092 2073 3145 rentes,
2112 3082 2368 3136 invadent
2395 3086 2467 3146 te,
2498 3079 2653 3132 valde
2689 3084 2972 3146 sperantes
3004 3074 3162 3128 facile
3201 3089 3260 3127 se
3288 3088 3427 3141 quas

191 3168 597 3241 προσδοκῶντες
661 3166 855 3236 ῥᾳδίως
885 3165 955 3217 τὰ
1003 3164 1261 3217 δοκοῦντα
1305 3166 1514 3225 ἑαυτοῖς
1560 3164 1653 3215 ἐπὶ
1684 3164 1765 3215 σοὶ

1873 3174 2135 3227 voluerint
2162 3172 2260 3226 tibi
2294 3186 2566 3225 aerumnas
2594 3169 2871 3237 imponere
2911 3182 3094 3236 posse.
3157 3184 3175 3215 ι
3214 3164 3278 3217 Et
3332 3163 3439 3232 ipsi

193 3259 648 3331 καταπράξασθαι
682 3258 844 3310 κακά.
885 3276 902 3307 ι
939 3258 1047 3310 Καὶ
1090 3258 1241 3309 αὐτοὶ
1272 3258 1373 3309 οὐκ
1406 3256 1647 3324 ἔγνωσαν
1677 3255 1766 3308 τὸν

191 3351 454 3421 λογισμὸν
478 3351 702 3420 Κυρίου,
732 3350 823 3401 καὶ
868 3349 926 3401 οὐ
959 3349 1193 3417 συνῆκαν
1225 3349 1323 3418 τὴν
1350 3344 1544 3417 βουλὴν
1577 3345 1763 3411 αὑτοῦ,

193 3444 278 3495 ὅτι
312 3444 611 3511 συνήγαγεν
658 3440 873 3501 αὐτοὺς,
899 3439 971 3501 ὡς
1006 3439 1295 3507 δράγματα
1334 3439 1553 3501 ἅλωνος.
1601 3457 1621 3490 ι
1670 3440 1770 3491 Πε-

196 3532 446 3601 ποίηνται
477 3530 533 3582 δὲ
558 3528 655 3599 τὴν
680 3528 886 3596 ἔφοδον,
910 3528 986 3597 τῷ
1013 3545 1073 3579 τε
1114 3526 1307 3596 πλήθει
1345 3528 1437 3579 καὶ
1459 3530 1523 3598 τῇ
1545 3527 1768 3597 δυνάμει

196 3626 266 3692 τῇ
289 3621 462 3692 οἰκείᾳ
489 3619 837 3691 θαρροῦντες,
868 3618 961 3672 καὶ
990 3619 1089 3671 οὐκ
1127 3619 1324 3680 εἰδότες
1374 3618 1468 3670 τοῦ
1502 3618 1768 3688 ἡμετέρου

198 3711 337 3763 Θεοῦ
363 3711 458 3781 τὴν
490 3710 712 3780 γνώμην
742 3723 755 3737 ·
795 3709 851 3771 ὃς
884 3707 970 3760 διὰ
1000 3707 1156 3760 τοῦτο
1190 3708 1562 3777 συνεχώρησεν
1590 3708 1771 3770 αὐτοῖς

200 3802 297 3854 ἐπὶ
317 3802 405 3853 τὸν
432 3800 666 3869 πόλεμον
690 3800 877 3853 τοῦτον
908 3799 1240 3867 βουληθεῖσιν
1266 3798 1522 3863 ἐξελθεῖν,
1554 3799 1641 3852 ἵνα
1671 3801 1771 3868 τήν

201 3912 261 3947 τε
293 3895 420 3962 περὶ
450 3894 590 3962 ὑμᾶς
607 3892 846 3962 ἐπιδείξῃ
864 3892 1215 3963 κηδεμονίαν,
1233 3894 1326 3945 καὶ
1342 3892 1439 3961 τὴν
1467 3893 1673 3946 οἰκείαν
1692 3894 1771 3956 εἰς

202 3984 401 4044 αὐτοὺς
445 3982 633 4053 ἐλέγξῃ
674 3981 920 4050 δύναμιν,
944 3984 1097 4051 δίκην
1116 3982 1481 4052 θεριζομένων
1525 3983 1771 4052 δραγμά-

204 4091 315 4125 των
339 4074 428 4125 κα¹ι
462 4076 540 4136 εἰς
558 4074 737 4126 ἅλωνα
761 4072 1185 4143 ἀποτιθεμένων,
1210 4076 1416 4136 πάντας
1435 4074 1631 4137 αὐτοὺς
1653 4078 1772 4137 ταῖς

205 4169 441 4236 σφαγαῖς
491 4164 598 4217 τῶν
662 4166 938 4236 ὑμετέρων
989 4166 1186 4237 χειρῶν
1242 4168 1512 4230 ἐκδιδούςο
1566 4169 1659 4222 καὶ
1698 4170 1772 4232 ὡς

205 4259 379 4328 τούτῳ
412 4275 474 4325 γε
505 4260 717 4320 πάντως
773 4258 1013 4327 ἐσομένῳ
1043 4256 1281 4327 θαρρῶν,
1312 4258 1458 4325 λέγει
1492 4260 1625 4329 πρὸς
1648 4260 1774 4323 τοὺς

218 4351 588 4421 Ἰσραηλίτας’
656 4368 675 4399 ι
732 4350 1019 4419 ’Δνάστηθι
1076 4352 1169 4403 καὶ
1212 4351 1343 4405 άλόα
1418 4351 1634 4414 αὐτοὺς,
1684 4350 1775 4403 θύ-

206 4460 376 4511 γατερ
399 4442 553 4496 Σιών.
594 4461 611 4493 ι
648 4440 901 4494 Λαδοῦσα
954 4442 1032 4505 δὲ,
1070 4442 1255 4510 φησὶν,
1308 4443 1505 4504 αὐτοὺς
1556 4444 1774 4512 ὑποχει-

208 4535 357 4604 ρίους
377 4537 440 4603 τῇ
470 4534 692 4603 δυνάμει
742 4533 834 4587 τοῦ
888 4533 1044 4590 Θεοῦ,
1095 4532 1300 4595 πάντας
1360 4534 1555 4595 αὐτοὺς
1605 4532 1679 4594 ὡς
1717 4534 1776 4585 ἐν

206 4624 375 4678 ἆλωνι
418 4623 690 4692 διαφόροις
743 4622 1028 4691 σύντριψον
1087 4623 1181 4674 καὶ
1236 4622 1612 4675 κατανάλωσον
1656 4623 1775 4684 ταῖς

208 4716 461 4781 σφαγαῖς.
499 4731 516 4761 ι
555 4713 675 4763 Ὅτι
710 4712 778 4765 τὰ
810 4713 1016 4781 κέρατά
1049 4729 1141 4765 σου
1172 4713 1405 4783 θήσομαι
1434 4712 1649 4783 σιδηρᾶ,
1682 4713 1775 4765 καὶ

206 4803 308 4863 τὰς
351 4800 518 4862 ὁπλάς
552 4816 643 4851 σου
688 4799 919 4869 θήσομαι
967 4800 1191 4869 χαλκᾶς.
1238 4819 1255 4850 ι
1293 4800 1509 4853 Δέδωκα
1552 4802 1660 4870 γάρ
1694 4818 1774 4853 σοι

206 4890 436 4957 δύναμιν
456 4891 553 4957 οὐχ
588 4885 746 4958 ἦττον
778 4889 1009 4959 σιδηρῶν
1038 4890 1302 4960 κεράτων,
1330 4890 1626 4960 ἀμύνεσθαι
1651 4893 1779 4953 τοὺς

208 4980 485 5043 ἐναντίους
520 4980 817 5049 ἀρκοῦσαν,
858 4982 950 5033 καὶ
982 4983 1173 5033 πατεῖν
1200 4981 1453 5051 μᾶλλονῆ
1481 4982 1669 5041 ὁπλαῖς
1692 4998 1776 5043 τις

207 5074 437 5144 χαλκαῖς
495 5072 772 5141 χρώμενος
834 5073 1127 5141 πατήσειεν
1186 5072 1270 5125 ἄν.
1320 5072 1394 5142 (p.
1450 5073 1575 5139 290)
1607 5092 1625 5123 ί
1668 5075 1776 5126 Καὶ

207 5160 531 5231 κατατήξεις
562 5164 618 5213 ἐν
651 5161 837 5223 αὐταῖς
868 5160 1014 5230 ἔθνη,
1044 5162 1135 5212 καί
1159 5161 1435 5225 λεπτυνεῖς
1462 5162 1620 5225 λαοὺς
1651 5162 1777 5215 πολ-

207 5251 337 5313 λούς
356 5266 370 5281 ’
405 5252 494 5302 καὶ
516 5251 804 5319 ἀναθήσεις
826 5251 901 5319 τῷ
926 5251 1113 5320 Κυρίῳ
1142 5252 1202 5303 τὸ
1225 5252 1426 5321 πλῆθος
1448 5252 1647 5318 αὐτῶν,
1684 5254 1776 5306 καὶ

204 5340 308 5409 τὴν
336 5339 487 5408 ἰσχὺν
519 5339 697 5391 αὐτῶν
726 5340 805 5408 τῷ
837 5341 1027 5409 Κυρίῳ
1054 5340 1231 5410 πάσης
1258 5342 1359 5411 τῆς
1388 5344 1508 5411 γῆς.
1538 5362 1557 5393 ι
1592 5343 1774 5413 Ταύτῃ

207 5428 274 5497 δὴ
304 5430 372 5497 τῇ
404 5428 551 5495 παρὰ
578 5427 675 5480 τοῦ
695 5428 825 5480 Θεοῦ
859 5446 937 5480 σοι
976 5432 1355 5502 χορηγουμένῃ
1390 5435 1526 5500 ῥοπῇ
1570 5433 1774 5496 πάντας

210 5517 410 5579 αὐτοὺς
447 5519 693 5585 ἀφανιεῖς
743 5518 1036 5583 παντελῶς,
1082 5519 1359 5583 πλείστους
1385 5538 1445 5588 γε
1473 5522 1649 5585 ὄντας,
1681 5525 1774 5577 καὶ

209 5610 413 5671 παντὸς
442 5610 535 5662 τοῧ
592 5610 826 5679 πλήθους
846 5611 1021 5664 αὐτῶν
1043 5612 1141 5681 τὴν
1163 5612 1434 5667 ἀπώλειαν
1458 5613 1628 5681 λογιεῖ
1659 5616 1771 5688 (58)

1867 3280 1975 3319 non
2007 3269 2381 3334 cognoverunt
2408 3261 2794 3330 cogitationem
2825 3257 3060 3319 Domini,
3083 3270 3259 3324 neque
3286 3253 3442 3306 intel-

1868 3358 2116 3412 lexerunt
2161 3354 2451 3410 consilium
2499 3353 2642 3422 ejus,
2690 3351 2837 3420 quod
2882 3364 3075 3419 nempe
3120 3347 3442 3401 adunavcrit

1867 3464 1961 3503 eos
1987 3446 2143 3517 quasi
2170 3445 2475 3514 manipulos
2503 3458 2665 3498 areae.
2693 3464 2711 3495 ι
2743 3441 3149 3511 Expeditionem
3199 3438 3445 3492 fecerunt

1870 3550 2097 3591 numero
2127 3535 2443 3603 viribusque
2469 3532 2582 3588 suis
2607 3530 2964 3593 confidentes,
3003 3528 3098 3584 sed
3138 3527 3233 3581 Dei
3266 3526 3438 3580 nostri

1872 3627 2195 3683 sententiam
2237 3626 2576 3689 nescientes;
2622 3623 2715 3692 qui
2763 3637 2859 3677 eos
2906 3620 3111 3674 idcirco
3158 3617 3285 3673 sivit
3338 3616 3442 3670 lioc

1871 3719 2066 3790 cupide
2108 3719 2311 3773 bellum
2362 3725 2550 3772 contra
2578 3730 2676 3770 vos
2710 3715 3011 3783 suscipere,
3056 3718 3117 3765 ut
3153 3708 3444 3779 providen-

1872 3812 2000 3865 tiam
2027 3824 2154 3879 erga
2200 3824 2298 3863 vos
2333 3822 2487 3862 suam
2533 3805 2868 3868 ostenderet,
2905 3812 2960 3858 et
2998 3802 3144 3857 vires
3189 3801 3442 3870 proprias

1871 3910 2167 3961 exsereret,
2208 3899 2581 3952 demessorum
2618 3896 2792 3951 instar
2834 3891 3235 3961 manipulorum
3283 3888 3445 3957 190

1871 3999 1926 4045 et
1959 3990 2013 4042 in
2048 4004 2170 4043 area
2219 3988 2582 4057 repositorum
2606 4026 2619 4049 ,
2664 3985 2949 4039 universos
2982 3983 3104 4036 illos
3133 3988 3440 4035 vestrarum

1873 4096 2130 4135 manuum
2162 4079 2295 4133 caadi
2329 4076 2677 4131 contradens.
2713 4077 2889 4145 Atque
2924 4075 3026 4127 hac
3052 4087 3110 4126 re
3137 4073 3255 4128 sine
3275 4069 3441 4124 dubio

1872 4181 2127 4228 eventura
2158 4172 2392 4231 Iretatus,
2423 4169 2554 4223 dicit
2588 4167 2889 4222 lsraelitis:
2920 4184 2937 4215 ‹
2969 4163 3141 4232 Surge
3163 4170 3216 4217 et
3246 4162 3440 4215 tritura

1873 4279 1989 4327 eos,
2037 4262 2145 4317 filia
2180 4262 2330 4316 Sion.
2374 4280 2393 4313 ι
2453 4259 2565 4316 llos
2594 4260 2709 4323 ,tibi
2764 4260 2968 4313 virtute
3004 4256 3096 4311 Dei
3139 4254 3436 4323 subjectos,

1876 4365 2133 4423 tanquam
2176 4354 2232 4406 in
2264 4366 2390 4406 area
2420 4350 2586 4404 variis
2614 4356 2837 4403 contere
2888 4355 2943 4401 et
2974 4360 3238 4400 consume
3272 4343 3439 4397 caedi-

1875 4445 1996 4499 bus.
2040 4442 2215 4496 «Nam
2253 4457 2457 4495 cornua
2488 4448 2584 4493 tua
2635 4453 2833 4507 ponam
2876 4436 3084 4499 ferrea,
3110 4444 3165 4487 et
3210 4433 3441 4502 ungulas

1809 4515 1851 4569 Ῑ)
1884 4546 2001 4592 tuas
2038 4546 2233 4602 ponam
2275 4545 2467 4585 aereas.
2511 4547 2530 4579 ι
2558 4527 2793 4597 _Contu|i
2844 4524 2943 4580 tibi
2989 4524 3132 4578 baud
3174 4523 3439 4578 minorem

1880 4624 2139 4679 cornibus
2186 4620 2379 4675 ferreis
2413 4619 2542 4681 vim,
2589 4632 2695 4687 qua
2733 4616 3053 4687 propulsare
3093 4613 3442 4668 adversarios

1880 4713 2082 4771 valeas,
2125 4723 2329 4779 eosque
2370 4708 2543 4777 magis
2575 4710 2899 4761 coneulcare
2922 4718 3083 4773 quam
3111 4703 3155 4757 si
3191 4700 3314 4770 quis
3340 4715 3443 4753 un-

1881 4804 2020 4873 gulis
2059 4800 2215 4855 aereis
2255 4799 2513 4868 praeditus
2542 4805 2711 4853 esset.
2754 4813 2772 4847 ι
2811 4794 2877 4848 Et
2912 4794 2996 4849 his
3039 4790 3441 4847 contabefacies

1880 4900 2239 4960 conteresque
2292 4890 2521 4960 populos
2565 4889 2797 4953 multos;
2844 4894 2898 4942 et
2929 4885 3037 4941 Deo
3092 4880 3441 4939 consecrabis

1878 4982 2279 5039 multitudinem
2326 4981 2572 5043 illorum,
2619 4988 2672 5033 et
2716 4977 3087 5032 fortitudinem
3124 4972 3440 5030 earumdem

1880 5074 2109 5130 Domino
2142 5074 2409 5128 universae
2437 5078 2616 5127 terrae.
2655 5088 2673 5124 ι
2714 5070 2808 5125 llis
2840 5070 2936 5123 tibi
2969 5084 2999 5122 a
3023 5067 3131 5121 Deo
3161 5066 3442 5120 concessis

1873 5166 2082 5221 viribus
2118 5164 2302 5218 hostes
2324 5178 2513 5217 omnes
2541 5176 2769 5231 prorsus
2790 5158 3093 5229 disperdes,
3127 5170 3438 5225 quanquam

1878 5256 2113 5326 plurimo
2153 5268 2412 5319 numero;
2463 5260 2517 5307 et
2558 5252 2824 5306 universae
2884 5251 3035 5319 ejuS'
3073 5246 3439 5301 multitudinis

1878 5347 2147 5402 excidium
2172 5345 2283 5399 Deo
2317 5341 2641 5411 imputabis,
2672 5342 2765 5411 qui
2798 5356 2921 5395 cum
2961 5340 3129 5394 totius
3176 5345 3334 5393 terra).
3370 5336 3442 5390 sit

1879 5439 2161 5498 Dominus,
2196 5446 2362 5490 lotam
2390 5436 2606 5488 illorum
2633 5449 2730 5504 pro
2757 5448 2859 5488 suo
2887 5431 3039 5486 libito
3065 5426 3439 5484 fortitudinem

1879 5529 2209 5586 exsufﬂabit.
2248 5527 2453 5582 Deinde
2483 5525 2718 5581 hostium
2755 5522 3158 5592 aggressionem
3180 5529 3435 5579 narrans,

1879 5621 2037 5690 cujus
2067 5633 2232 5674 causa
2262 5632 2382 5687 quae
2416 5629 2577 5685 supra
2612 5622 2737 5668 sunt
2763 5612 2905 5667 dicta
2934 5610 3228 5680 patientur,
3264 5605 3371 5659 ait;

296 5804 405 5876 (38)
439 5806 571 5861 Cod.
610 5808 729 5863 Vat.
757 5809 931 5879 λογιῇ,
997 5809 1115 5865 cod.
1167 5810 1446 5867 Vindobon
1483 5813 1766 5881 ἀναλογιεϊ,

1873 5832 1886 5869 3
1915 5814 2100 5884 Wegn.
2132 5813 2232 5883 legi
2260 5812 2463 5867 mavult
2503 5810 2801 5878 άναλογιείς
2825 5810 2910 5878 (1’).
