3844 6222
354 410 454 468 571

1543 407 1890 466 TIIEODORI
1929 406 2410 465 MOPSUESTENI

3533 391 3637 446 572

356 531 435 603 τῷ
477 533 620 606 Θεῷ,
651 534 710 598 ὃς
737 535 954 605 ἀπάσης
979 534 1182 606 Κύριος
1213 533 1290 586 ὣν
1314 533 1412 603 τῆς
1441 532 1562 603 γῆς,
1592 533 1808 587 ἃπασαν
1833 513 2011 586 αὐτῶν
2063 530 2201 585 κατὰ
2223 530 2284 584 τδ
2309 527 2496 584 δοκοῦν
2527 525 2741 596 άφανιεῖ
2758 523 2854 594 τὴν
2882 519 3060 592 ἰσχύν
3094 515 3213 572 ε’ἷτα
3231 515 3332 589 τὴν
3358 513 3465 570 τῶν
3493 514 3640 567 ἐναν-

359 627 489 679 τίων
547 627 888 699 ἐπιχείρησιν
921 627 1092 696 λέγων
1111 627 1254 698 ὑπὲρ
1279 620 1345 698 ἧς
1383 626 1448 696 δὴ
1473 627 1542 679 τὰ
1565 627 1796 698 ῥηθέντα
1826 625 2210 695 ὑπομένουσιν’

1041 804 1193 859 CAP.
1233 803 1301 857 ν.

453 916 621 972 Vsus.
647 917 700 981 1,
732 918 786 971 2.
813 945 883 957 -—-
917 935 934 968 ι
975 916 1132 971 Nunc
1171 917 1478 986 sepimento
1517 917 1761 986 sepietur
1797 917 1904 972 ﬁlia
1941 929 1959 968 ε’

384 1007 728 1063 obsidionem
775 1015 1079 1076 posuerunt
1123 1007 1281 1062 vobis
1311 1021 1324 1059 :
1354 1007 1505 1077 virga
1553 1008 1858 1075 percutient
1905 1006 1960 1060 in

383 1098 607 1153 maxilla
661 1098 842 1153 tribus
875 1095 1116 1153 lsraelis.
1165 1117 1184 1149 ι
1241 1096 1367 1152 Haec
1417 1098 1709 1166 patientur,
1759 1097 1960 1166 inquit,

384 1191 514 1260 quia
571 1203 803 1243 numero
863 1189 1185 1258 viribusque
1226 1189 1343 1244 suis
1385 1189 1611 1243 ﬁdentes
1645 1197 1953 1254 venerunt,

385 1281 663 1352 sepientcs
701 1295 800 1335 vos
837 1287 891 1334 et
939 1280 1352 1334 circumdantes
1403 1295 1505 1334 ceu
1555 1286 1793 1349 quadam
1833 1295 1964 1349 sepe

384 1369 739 1426 multitudine
771 1385 894 1434 sua,
923 1378 985 1425 ut
1017 1372 1445 1440 comprehensos
1476 1386 1670 1425 omnes
1715 1369 1964 1425 funditus

385 1461 652 1534 perdant;
685 1476 750 1516 ac
793 1460 1188 1531 propemodum
1242 1461 1482 1515 maxillis
1525 1461 1728 1515 vestris
1767 1468 1962 1528 poten-

391 1561 477 1607 tiae
501 1567 614 1607 suae
644 1552 870 1607 verbera
904 1549 1230 1621 inﬁigentes.
1265 1551 1388 1605 Mox
1417 1551 1584 1606 etiam
1615 1550 1742 1606 belli
1766 1551 1958 1606 ducem

389 1643 546 1708 dicit,
591 1651 650 1696 ut
697 1641 951 1697 ostendat
1005 1642 1120 1696 haec
1174 1657 1302 1696 esse
1340 1648 1626 1703 eventura,
1673 1651 1958 1710 propterea

388 1733 536 1803 quod
563 1733 644 1788 eis
667 1732 956 1802 imperabit
992 1732 1081 1787 ille
1113 1733 1208 1802 qui
1236 1733 1514 1787 voluntate
1547 1732 1639 1786 Dei
1670 1731 1735 1786 ad
1770 1730 1823 1785 id
1846 1727 1961 1785 oni-

390 1825 536 1878 cium
583 1833 670 1879 est
716 1831 1025 1894 promotus.
1065 1843 1083 1876 ¢
1131 1823 1196 1878 Et
1250 1833 1344 1886 tu,
1408 1824 1722 1879 Bethleltem
1770 1823 1966 1877 domus

389 1915 707 1985 Ephratltaa,
761 1930 1106 1986 nequaquam
1142 1915 1366 1969 minima
1393 1931 1484 1980 es,
1515 1923 1575 1969 ut
1603 1916 1679 1970 sis
1714 1915 1768 1968 in
1803 1913 1967 1968 milli-

391 2006 498 2060 bus
527 2003 679 2060 Iuda:
731 2022 747 2058 :
784 2020 850 2059 ex
889 2014 942 2059 te
987 2003 1122 2059 mihi
1161 2006 1306 2059 exiet
1353 2005 1447 2074 qui
1487 2004 1558 2059 sit
1612 2005 1867 2074 princeps
1910 2004 1966 2058 in

1988 790 2035 846 A

2721 791 2876 844 ΚΕΦ.
2910 791 2986 843 E’.

2129 908 2278 980 Στίχ.
2314 916 2386 973 α’,
2417 905 2483 978 β’.
2513 936 2581 946 --
2615 924 2633 956 ι
2673 903 2790 957 Νῦν
2832 899 3285 973 ὲμφραχθήσεται
3313 896 3556 968 θυγάτηρ
3584 897 3645 949 ἐν

2060 997 2300 1072 φραγμῷ
2326 1017 2339 1032 ο
2387 997 2618 1068 συνοχὴν
2677 995 2866 1059 ἔταξεν
2913 993 2996 1062 ἐφ’
3036 993 3218 1062 ὑμᾶς’
3251 983 3430 1061 ῥάϐδῳ
3471 988 3646 1042 πατά-

2060 1093 2239 1158 ξουσιν
2274 1093 2367 1146 ἐπὶ
2389 1090 2613 1160 σιαγόνα
2656 1089 2757 1150 τὰς
2788 1087 2959 1156 φυλὰς
2982 1084 3074 1138 τοῦ
3101 1083 3328 1156 Ἰσραήλ.
3363 1101 3382 1135 t
3411 1077 3647 1134 Τοιαῦτα

2059 1187 2115 1238 δὲ
2175 1186 2474 1246 πείσονται,
2522 1182 2711 1253 φησὶν,
2739 1180 2880 1250 ὑπὲρ
2910 1171 2985 1232 ὧν
3017 1175 3095 1247 τῷ
3120 1193 3180 1228 τε
3218 1173 3410 1246 πλήθει
3450 1172 3543 1225 καὶ
3578 1173 3648 1242 τῇ

2063 1279 2288 1348 δυνάμει
2309 1275 2639 1346 θαρροῦντες
2661 1272 2917 1343 τῇοίκείᾳ
2947 1267 3330 1338 ἐπεληλύθασι,
3347 1264 3650 1337 περιφράτ-

2062 1385 2245 1430 τοντες
2268 1368 2411 1437 ὑμᾶς
2445 1365 2538 1419 καὶ⁵
2582 1362 3002 1435 περιϐάλλοντες
3034 1357 3224 1430 ὥσπερ
3256 1357 3364 1410 τινὶ
3407 1351 3651 1424 φραγμῷ

2060 1457 2139 1528 τῷ
2160 1457 2356 1529 πλήθει
2383 1455 2461 1526 τῷ
2502 1454 2708 1523 οἰκείῳ,
2740 1451 2814 1514 ὡς
2858 1447 2924 1504 ἂν
2952 1448 3266 1518 συνέχοντες
3294 1443 3462 1513 ἄρδην
3494 1443 3650 1495 ἀπω-

2063 1547 2317 1621 λ[έσ]οιεν
2351 1548 2614 1610 ἅπαντας,
2641 1544 2736 1599 καὶ
2767 1545 2923 1613 μόνον
2961 1541 3059 1593 οὐκ
3079 1541 3164 1591 ἐπ’
3189 1537 3358 1598 αὑτὰς
3395 1536 3520 1606 ὑμῖν
3554 1533 3659 1596 τὰς

2067 1641 2320 1708 σιαγόνας
2341 1638 2440 1707 τῆς
2475 1637 2682 1690 ἑαυτῶν
2726 1634 3008 1703 δυνάμεως
3056 1630 3352 1697 ἐπάγοντες
3389 1626 3486 1688 τὰς
3517 1624 3658 1695 πλη-

2064 1729 2187 1797 γάς.
2223 1724 2357 1780 Εἶτα
2389 1726 2604 1780 καὶτὸν
2656 1722 2962 1795 ἡγούμενον
3014 1718 3108 1772 τοῦ
3167 1716 3407 1786 πολέμου
3464 1713 3656 1784 φησὶν,

2069 1823 2146 1884 ὡς
2201 1819 2266 1872 ἂν
2319 1817 2539 1882 δείξειεν
2589 1819 2670 1870 ὅτι
2723 1814 2898 1868 ταῦτα
2939 1813 3227 1881 γενήσεται
3259 1806 3348 1859 διὰ
3374 1805 3434 1858 τὸ
3464 1805 3657 1875 ἄρχειν

2071 1910 2251 1965 αὐτῶν
2278 1910 2372 1962 τὸν
2431 1908 2626 1980 γνώμῃ
2675 1905 2812 1958 Θεοῦ
2840 1904 2976 1973 πρὸς
3009 1901 3166 1955 τοῦτο
3198 1898 3453 1968 ἠγμένον.
3483 1913 3501 1946 ι
3544 1893 3659 1947 Καὶ

2074 2006 2161 2068 σὺ,
2215 2001 2485 2071 Βηθλεὲμ,
2537 1995 2684 2062 οἶκος
2745 1996 2840 2050 τοῦ
2881 1992 3146 2066 Ἐφραθὰ,
3185 1992 3260 2062 μὴ
3298 1989 3571 2056 ὀλίγιστος
3609 1982 3662 2038 εἴ

394 2097 624 2164 lsraele;
653 2104 707 2152 et
727 2097 1074 2168 egressiones
1114 2097 1234 2166 ejus
1278 2096 1436 2166 191
1478 2097 1544 2149 ab
1573 2095 1766 2160 initio,
1801 2110 1830 2149 a
1853 2095 1969 2150 die-

2084 2093 2165 2146 εοῦ
2205 2089 2343 2146 εἶναι
2375 2095 2432 2145 ἐν
2471 2092 2706 2162 χιλιάσιν
2741 2087 2942 2141 Ἰούδα·
2977 2087 3042 2137 ἐκ
3076 2081 3170 2136 σοῦ
3196 2099 3286 2152 μοι
3316 2079 3660 2144 ἐξελεύσεται

393 2191 499 2246 bus
524 2191 863 2246 aeternitatis.
906 2209 924 2242 ι
963 2189 1099 2244 Nam
1128 2191 1220 2260 qui
1255 2205 1400 2244 nunc
1439 2189 1755 2243 Bethleltem
1781 2188 1967 2244 orien-

2084 2184 2162 2238 τοῦ
2193 2182 2332 2239 εἶναι
2364 2184 2444 2247 εἰς
2493 2181 2728 2254 ἄρχοντα
2766 2181 2824 2231 ἐν
2855 2177 2933 2248 τῷ
2975 2175 3192 2246 Ἰσραήλ
3221 2189 3235 2203 ·
3277 2171 3370 2225 καὶ
3399 2171 3456 2223 ἀἱ
3487 2169 3662 2236 ἔξοδοι

393 2278 499 2333 dus
531 2294 621 2333 rex
661 2285 839 2334 vester
864 2286 985 2342 est,
1024 2278 1239 2333 etiamsi
1288 2293 1384 2332 vos
1429 2279 1659 2348 exiguus
1707 2276 1969 2331 videmini

394 2383 657 2424 numerus
701 2384 812 2440 pra:
857 2369 954 2424 illo
999 2369 1264 2430 hostium,
1309 2383 1432 2422 meo
1460 2375 1641 2421 tamen
1686 2366 1874 2421 favore
1916 2373 1971 2420 et

394 2461 626 2525 viribus,
674 2469 867 2516 contra
919 2461 1161 2515 hostium
1213 2459 1438 2523 bellum,
1495 2461 1793 2513 multorum
1844 2458 1972 2512 licet

396 2560 560 2621 atque
587 2552 888 2621 potentium
912 2591 925 2614 ,
961 2551 1179 2605 abunde
1217 2548 1486 2605 suﬁiciet:
1526 2547 1968 2617 quandoquidem

396 2643 618 2698 caelitus
671 2643 721 2698 ei
769 2643 887 2700 haec
931 2643 1127 2698 eiectio
1167 2642 1410 2705 obvenit,
1456 2641 1568 2710 jam
1616 2641 1743 2694 inde
1799 2639 1868 2693 ab
1909 2654 1974 2692 eo

398 2743 668 2806 tempore,
696 2749 806 2805 quo
841 2733 1032 2789 Davidi
1059 2733 1201 2789 Deus
1225 2732 1480 2802 promisit
1515 2730 1633 2786 fore
1663 2738 1723 2785 ut
1756 2745 1977 2786 succesc

399 2827 620 2882 soribus
640 2825 761 2894 ejus
798 2840 1023 2897 regnum
1054 2832 1364 2879 conservet.
1396 2822 1578 2889 Quare
1614 2830 1669 2878 et
1705 2823 1792 2877 hic
1823 2822 1890 2876 ab
1911 2837 1976 2878 ea

398 2916 769 2988 promissione
815 2916 869 2970 in
917 2930 1143 2986 regnum
1178 2921 1507 2985 provectus,
1543 2929 1642 2985 par
1687 2915 1792 2969 erit
1839 2927 1978 2984 prm-

401 3008 638 3064 sentium
673 3009 943 3063 malorum
976 3007 1308 3063 sustinenda:
1347 3007 1499 3061 moli.
1533 3006 1802 3077 Loquitur
1828 3003 1978 3060 scili-

402 3105 492 3153 cet
513 3098 580 3152 de
607 3095 942 3153 Zorobabele
968 3097 1090 3151 :hic
1119 3099 1263 3153 enim
1295 3106 1428 3150 tunc
1456 3102 1575 3150 erat
1608 3094 1978 3149 lsraelitarum

401 3207 521 3251 rex,
553 3189 754 3245 Davide
777 3189 1067 3256 oriundus,
1091 3205 1188 3259 per
1211 3197 1425 3258 tempus
1449 3186 1659 3241 reditus
1683 3185 1979 3258 Babylone,

403 3291 459 3336 ct
487 3279 623 3352 Gogi
648 3281 910 3336 adversus
939 3280 1276 3336 Hierusalem
1301 3278 1686 3349 expeditionis.

2075 2275 2238 2330 αὐτοῦ
2266 2277 2357 2330 ἀπ’
2382 2275 2556 2346 ἀρχῆς
2589 2273 2649 2337 ἐξ
2674 2269 2896 2342 ἡμερῶν
2931 2267 3148 2328 αἰῶνος.
3176 2284 3192 2315 ι
3240 2263 3298 2316 '0
3332 2263 3442 2333 γὰρ
3463 2262 3528 2314 ἐκ
3559 2259 3663 2328 τῆς

2076 2367 2322 2437 Βηθλεὲμ
2351 2368 2444 2420 νῦν
2498 2361 2797 2432 βασιλεύων
2846 2359 3020 2430 ὑμῶν,
3060 2357 3133 2426 (p.
3167 2355 3298 2422 99!}
3331 2352 3433 2406 κᾶν
3479 2348 3665 2420 εὐαρί-

2076 2458 2273 2528 θμητοί
2299 2473 2444 2518 τινες
2497 2451 2634 2506 εἶναι
2698 2449 2946 2520 δοκοίητε
2997 2446 3130 2517 πρὸς
3171 2444 3298 2504 τοὺς
3344 2438 3661 2508 πολεμίους,

2075 2553 2143 2620 τῇ
2193 2550 2299 2618 ἐμῇ
2352 2563 2415 2614 γε
2447 2546 2586 2615 ῥοπῇ
2629 2559 2688 2596 τε
2744 2542 2839 2594 καὶ
2868 2539 3113 2608 δυνάμει.
3147 2533 3291 2605 μάλα
3319 2549 3382 2599 γε
3412 2529 3548 2600 πρὸς
3572 2528 3666 2620 toto

2079 2618 2186 2696 τῶν
2208 2638 2460 2692 ἐναντίων
2500 2637 2734 2705 πόλεμον
2765 2629 2975 2685 πολλῶν
3005 2646 3064 2681 τε
3092 2627 3260 2679 ὄντων
3294 2624 3389 2677 καὶ
3419 2618 3666 2674 δυνατῶν

2081 2730 2308 2803 ἀρκέσει
2330 2746 2345 2761 ·
2370 2727 2668 2796 ἐπειδήπερ
2695 2721 2901 2777 ἄνωθεν
2926 2715 3090 2772 αὑτοῦ
3115 2717 3214 2787 τὴν
3238 2707 3667 2803 προϐολὴνᾼταύῖ

2079 2796 2178 2894 την
2202 2819 2462 2889 τετάχθαι
2496 2813 2842 2886 συμϐέϐηκεν
2865 2826 2878 2841 ·
2907 2809 3055 2876 ἐξότε
3082 2822 3187 2875 περ
3219 2800 3466 2894 πρδςῄτδν
3498 2796 3669 2894 θαυὶδ

2082 2887 2446 2982 ἐπηγγείλατο
2491 2908 2642 2969 Θεὸς,
2676 2905 2758 2957 ὅτι
2785 2905 2897 2964 τοῖς
2946 2899 3006 2964 ἐξ
3051 2894 3216 2952 αὐτοῦ
3249 2891 3388 2946 κατά
3414 2887 3669 2982 διαδοχην

2084 2973 2308 3074 φυλάξει
2342 3003 2440 3072 τὴν
2467 2997 2744 3070 βασιλείαν
2766 3013 2782 3025 ο
2803 2993 2864 3057 ἐξ
2915 2990 3131 3060 ἐκείνης
3155 2986 3210 3038 δὲ
3253 2984 3347 3074 καῖ
3386 2973 3546 3074 οὗτος
3570 2979 3670 3074 τῆς

2086 3068 2416 3162 ἐπαγγελίας
2438 3068 2710 3159 προϐεϐλη
2721 3085 2879 3155 μένος
2899 3082 2978 3144 εἰς
2995 3079 3096 3148 τὴν
3117 3072 3415 3147 βασιλείαν,
3443 3068 3670 3162 ἀρκέσει

2088 3159 2226 3255 πρὸς
2246 3159 2318 3238 ⁷τὸ
2349 3181 2577 3253 μέγεθος
2595 3176 2704 3231 τῶν
2730 3175 3012 3247 παρόντων
3044 3167 3262 3223 κακῶν·
3289 3164 3440 3255 λέγει
3472 3160 3530 3214 δὲ
3581 3159 3672 3255 τδν

2090 3247 2440 3346 Ζοροϐάϐελο-
2483 3262 2637 3332 οὗτος
2690 3267 2800 3336 γὰρ
2842 3258 2910 3334 ἦν
2971 3261 3000 3312 ὁ
3044 3259 3164 3311 τότε
3224 3247 3676 3346 βασιλεύων-τῶν

417 3339 785 3442 Ἰσραηλιτῶν,
838 3373 902 3424 ἐκ
950 3370 1042 3423 τοῦ
1090 3370 1250 3424 Δαυὶδ
1299 3339 1688 3438 καταγόμενος,
1731 3367 1966 3438 ὁπηνίκα
2016 3367 2112 3436 ἥτε
2163 3339 2234 3418 ἐκ
2272 3361 2590 3424 Βαϐυλῶνος
2646 3356 2900 3416 ἐπάνοδος
2955 3351 3184 3419 ἐγίνετο,
3227 3346 3322 3400 καὶ
3353 3339 3558 3412 οἱπερὶ
3582 3339 3678 3391 τὸν

405 3465 532 3534 Γὼγ
562 3468 675 3529 τοῖς
733 3465 876 3518 κατὰ
920 3466 1018 3536 τὴν
1057 3462 1412 3535 Ἰερουσαλὴμ
1472 3463 1715 3517 ἐπελθεῖν
1769 3461 2147 3532 ἐπεχείρησαν.

479 3597 588 3654 Sed
641 3605 824 3652 tamen
859 3595 995 3650 illud
1028 3610 1248 3666 quoque
1281 3593 1633 3650 manifestum
1667 3602 1796 3658 est,
1835 3591 1983 3663 quod

2159 3591 2328 3663 Δήλου
2357 3605 2419 3658 γε
2454 3587 2607 3651 δντος
2649 3585 2882 3648 ἐκείνου,
2916 3583 2998 3636 ὅτι
3020 3578 3125 3634 κᾶν
3157 3577 3288 3648 περὶ
3319 3572 3411 3628 τοῦ
3441 3568 3679 3642 Ζοροϐά-

409 3688 628 3746 etiamsi
667 3689 734 3744 de
785 3663 1118 3743 Zorobabele
1148 3663 1174 3750 ,⁷
1214 3687 1514 3742 secundum
1562 3685 1975 3757 praecedentium

2089 3685 2184 3738 ϐελ
2227 3686 2291 3737 ἐκ
2344 3684 2445 3752 τῆς
2501 3680 2610 3734 τῶν
2659 3675 3035 3746 προκειμένων
3086 3666 3406 3728 ἀκολουθίας
3431 3663 3677 3773 -εἱ’ρηταέ

409 3790 694 3848 tenorem,
730 3780 875 3836 dicta
927 3781 1040 3836 sint
1075 3780 1208 3842 haec,
1255 3779 1348 3850 qui
1393 3781 1459 3835 de
1495 3751 1716 3834 Davidis
1751 3779 1975 3850 posteris

2091 3775 2283 3839 ταῦτα,
2321 3777 2384 3826 ἐκ
2403 3751 2516 3842 τῆς
2541 3770 2633 3824 τοῦ
2664 3767 2824 3822 Δαυὶδ
2851 3761 3224 3833 καταγομένου
3249 3755 3516 3850 διαδρχῇς,
3543 3751 3679 3850 ἀλλά

412 3881 553 3938 erat,
577 3873 936 3927 nihilominus
967 3887 1130 3927 verus
1152 3872 1425 3926 dictorum
1460 3872 1728 3926 terminus
1758 3871 1812 3924 in
1832 3869 1988 3923 Chri-

415 3972 502 4018 sto
535 3963 765 4022 Domino
794 3964 1001 4017 exitum
1043 3963 1326 4030 habuerit;
1372 3964 1499 4033 quia
1534 3974 1589 4018 et
1643 3971 1756 4017 tota
1791 3963 1980 4018 Davidi

415 4056 561 4110 facta
601 4054 897 4124 promissio
948 4053 1016 4108 de
1063 4055 1218 4123 regni
1274 4054 1685 4108 continuatione
1711 4093 1728 4118 ,
1772 4054 1990 4108 videtur

416 4148 600 4219 priore
617 4145 924 4217 signiﬁcatu
948 4159 1298 4200 successores
1317 4145 1436 4214 ejus
1459 4145 1721 4199 denotare
1742 4146 1796 4199 in
1824 4161 1990 4216 regno

417 4237 672 4302 lsraelis;
713 4250 772 4290 re
803 4245 984 4289 tamen
1013 4249 1142 4288 vera
1168 4234 1450 4290 Christum
1485 4235 1776 4290 Dominum
1808 4237 1991 4290 incar-

418 4339 610 4386 natum
647 4328 927 4400 portendit
952 4369 966 4390 ,
995 4328 1087 4397 qui
1121 4327 1189 4383 de
1219 4328 1439 4382 Davidis
1465 4329 1880 4384 successoribus
1903 4343 1992 4382 or-

419 4434 531 4487 tus,
560 4437 748 4477 verum
779 4430 836 4476 et
865 4420 1208 4475 immutabile
1231 4436 1458 4492 regnum
1488 4428 1658 4476 tenet.
1693 4421 1991 4490 Atquehoc

419 4531 488 4571 ex
515 4512 853 4584 octogesimo
879 4512 1184 4582 prasertim
1204 4520 1398 4567 octavo
1424 4513 1636 4582 psalmo
1660 4527 1993 4582 cognoscere

421 4606 604 4678 quivis
653 4603 942 4660 manifeste
987 4611 1205 4674 potest;
1237 4603 1330 4658 ubi
1359 4601 1624 4668 aﬂirmat,
1665 4602 1819 4674 regni
1871 4618 1997 4672 pro-

423 4698 719 4754 missiones
743 4695 810 4751 ad
833 4695 1004 4766 ipsius
1027 4701 1276 4764 posteros
1315 4708 1667 4750 successores
1697 4693 1991 4763 pertinere.

424 4787 503 4842 De
534 4787 738 4857 quibus
771 4795 952 4841 tamen
982 4785 1152 4840 dicit:
1195 4803 1214 4836 ‹
1241 4782 1298 4838 Si
1325 4784 1716 4854 dereliquerint
1747 4783 1842 4837 ﬁlii
1875 4783 1999 4852 ejus

424 4881 601 4950 legem
629 4892 830 4942 meam,
856 4886 910 4932 et
935 4879 988 4933 in
1007 4876 1235 4947 iudiciis
1262 4875 1398 4932 meis
1431 4892 1542 4932 non
1573 4875 1994 4939 ambulaverint,

2093 3869 2153 3922 τό
2187 3885 2251 3936 γε
2294 3841 2489 3934 ἀληθὲς
2538 3863 2646 3915 τῶν
2686 3858 2988 3930 εἰρημένων
3022 3854 3196 3924 πέρας
3223 3849 3321 3918 τὴν
3350 3845 3573 3899 ἔκϐασιν
3605 3841 3680 3895 εί-

2094 3962 2264 4030 ληιρεν
2297 3959 2389 4011 ἐπὶ
2425 3956 2520 4010 τοῦ
2558 3951 2830 4008 Δεσπότου
2869 3945 3139 4022 Χριστοῦ’
3173 3943 3294 3996 ἐπεὶ
3332 3940 3424 3993 καὶ
3459 3937 3677 4030 πᾶσα-ἡ

2093 4026 2228 4124 πρδς
2253 4051 2343 4103 τὸν
2375 4047 2536 4101 Δαυὶδ
2565 4043 2866 4114 ἐπαγγελία
2898 4040 3028 4111 περὶ
3054 4034 3148 4090 τοῦ
3186 4030 3531 4124 βασιλεύσειν
3553 4026 3680 4124 τοὺς

2091 4121 2150 4207 ἐξ
2198 4140 2360 4196 αὑτοῦ
2410 4138 2699 4209 γενομένη,
2750 4135 2898 4188 δοκεῖ
2940 4131 3040 4202 μὲν
3071 4127 3216 4182 κατὰ
3265 4123 3478 4196 πρῶτον
3520 4121 3680 4188 λόγον

2093 4234 2378 4305 σημαίνειν
2422 4231 2549 4293 τοὺς
2605 4228 2747 4282 κατὰ
2800 4223 3048 4292 διαδοχὴν
3089 4218 3149 4282 ἐξ
3193 4215 3357 4270 αὐτοῦ
3389 4210 3681 4305 γεγονότας

2097 4303 2354 4397 βάσιλὲας
2382 4322 2476 4376 τοῦ
2521 4318 2767 4391 Ἰσραήλο
2808 4318 2874 4386 τῇ
2921 4311 3149 4383 ἀληθεία
3179 4309 3237 4362 δὲ
3287 4307 3377 4360 τὸν
3403 4303 3682 4397 Asan-6th

2096 4390 2330 4487 Χριστὸν
2361 4413 2425 4466 τὸ
2454 4390 2802 4479 κατὰσάρκα
2843 4404 3055 4476 μηνύει,
3085 4401 3143 4464 ὃς
3175 4402 3239 4452 ἐκ
3264 4397 3363 4466 τῆς
3391 4392 3485 4448 τοῦ
3518 4390 3684 4487 deum

2099 4483 2345 4576 διαδοχῆς
2375 4502 2632 4572 γεγονὼς,
2671 4501 2746 4572 (p.
2787 4496 2914 4564 292)
2955 4492 3132 4565 άληθῆ
3169 4489 3262 4545 καὶ
3303 4483 3686 4576 ἀπαρασάλευ-

2099 4614 2194 4650 τον
2223 4575 2334 4666 ἔχει
2370 4595 2480 4648 τῶν
2508 4594 2762 4646 ἁπάντων
2797 4588 2895 4660 τὴν
2935 4583 3230 4656 βασιλείαν.
3275 4579 3388 4634 Καὶ
3427 4575 3589 4629 τοῦτό
3621 4589 3684 4640 γε

2102 4687 2210 4742 ἀπὸ
2233 4684 2327 4739 τοῦ
2360 4679 2716 4754 ὁγδοηκοστοῦ
2757 4680 2850 4733 καὶ
2890 4676 3076 4745 ὀγδόου
3106 4669 3320 4742 ψαλμοῦ
3353 4666 3685 4735 σαφέστερον

2102 4779 2255 4848 γνοίη
2284 4795 2368 4840 τις
2401 4753 2487 4840 ἂν,
2518 4774 2645 4827 ἔνθα
2673 4772 2738 4842 δὴ
2777 4768 3028 4840 σημαίνει
3059 4765 3156 4835 μὲν
3184 4764 3247 4815 τὸ
3277 4759 3375 4822 τὰς
3411 4753 3688 4848 βασιλείας

2104 4843 2432 4934 ἐπαγγελίας
2477 4864 2588 4924 τοῖς
2636 4860 2696 4924 ἐξ
2747 4858 2910 4912 αὐτοῦ
2962 4851 3101 4908 κατὰ
3137 4847 3382 4918 διαδοχὴν
3410 4843 3688 4914 ἐσομένοις

427 4934 762 5039 ειυὶιιειὶιίεε
795 4983 947 5023 meas
978 4967 1420 5038 profanaverint,
1461 4975 1517 5022 et
1565 4966 1823 5020 mandata
1877 4980 1975 5019 me:

2106 4960 2434 5028 προσήκειν·
2463 4951 2592 5022 περὶ
2630 4946 2704 5004 ὧν
2743 4949 2806 5013 δή
2850 4961 3042 5016 φησιν·
3079 4961 3096 4993 ι
3151 4940 3276 4993 Ἐὰν
3309 4934 3688 5039 ἐγκαταλίπωῖ

428 5075 538 5117 non
559 5059 951 5125 custodierint;
968 5058 1204 5114 visitabo
1218 5062 1274 5116 in
1287 5057 1438 5128 virga
1451 5057 1772 5128 iniquitates
1783 5071 1974 5111 eorum

2107 5020 2191 5101 σιν
2243 5020 2293 5099 oi.
2336 5045 2444 5098 υἱοὶ
2484 5020 2648 5096 αύτοῦ
2687 5040 2778 5093 τὸν
2818 5039 2979 5107 νόμον
3019 5051 3143 5105 μου,
3169 5031 3262 5085 καὶ
3313 5029 3425 5090 τοῖς
3447 5020 3689 5130 "zelen.st

430 5161 486 5208 et
508 5152 566 5206 in
597 5151 922 5206 verberibus
944 5159 1166 5220 peccata
1187 5165 1375 5205 eorum
1403 5169 1416 5204 :
1447 5149 1880 5204 misericordiam
1903 5163 1970 5202 au

2107 5157 2206 5212 μου
2244 5138 2318 5209 μὴ
2349 5134 2674 5206 πορευθῶσι,
2707 5131 2802 5184 καὶ
2839 5129 2907 5182 τὰ
2933 5121 3279 5222 δικαιώματά
3311 5136 3412 5189 μου
3446 5113 3686 5222 μεσηλῆ-

431 5252 542 5298 tem
592 5255 768 5296 meam
798 5256 910 5294 non
944 5201 1266 5311 rdispergam
1300 5240 1370 5294 ab
1395 5239 1482 5294 eis
1515 5240 1581 5293 ⁸⁸.
1608 5257 1628 5291 ›
1663 5239 1824 5294 Certe
1853 5246 1975 5308 pate

2103 5201 2258 5298 σωσι,
2299 5201 2390 5284 καὶ
2423 5201 2522 5291 τὰς
2565 5224 2785 5285 ἐντολάς
2823 5237 2922 5292 μου
2976 5216 3051 5288 μὴ
3101 5211 3427 5282 φυλάξωσιν,
3465 5201 3688 5311 ἐπισκέ-

432 5333 730 5391 convenire
766 5333 882 5387 haec
911 5331 1134 5387 Davidis
1169 5332 1586 5387 successoribus
1613 5329 1830 5385 Israelis
1862 5329 1975 5400 regi

2103 5293 2278 5396 ψομαι
2309 5325 2365 5374 ἐν
2411 5319 2589 5391 ῥάϐδῳ
2625 5316 2724 5379 τὰς
2751 5311 2980 5381 ἀνομίας
3015 5305 3213 5367 αὐτῶν,
3256 5302 3351 5355 καὶ
3383 5301 3440 5400 ὲν
3471 5293 3689 5400 μάστιξι

434 5426 541 5481 bus
589 5423 836 5491 futuris;
899 5437 1042 5494 quos
1097 5421 1316 5492 quidem
1352 5429 1644 5490 peccantes
1686 5389 1975 5490 punitorum

2105 5389 2205 5480 4a.;
2237 5389 2449 5476 ἀδικίας
2496 5409 2704 5464 αὐτῶν·
2743 5406 2805 5458 τδ
2835 5403 2892 5456 δὲ
2937 5399 3229 5494 ἔλεός-μου
3272 5393 3335 5494 οι»
3369 5389 3442 5461 μὴ
3478 5389 3698 5494 διασκξο

440 5473 539 5481 __-
589 5473 788 5480 __-__-_
821 5473 836 5491 ,
904 5473 1037 5494 Γ--
1104 5473 1313 5492 Γηνη
1922 5473 1930 5474 ,

440 5515 600 5585 192
633 5531 692 5570 se
723 5515 977 5584 spondet.
1018 5528 1128 5568 non
1149 5520 1331 5567 tamen
1364 5526 1536 5582 regno
1558 5511 1786 5566 omnino
1819 5511 1975 5565 exclu

2110 5473 2257 5563 δάσω
2287 5507 2381 5560 ἀπ’
2407 5473 2604 5557 αὐτῶν.
2645 5517 2664 5551 ι
2693 5496 2874 5550 Ταῦτα
2900 5491 3011 5562 γὰρ
3044 5487 3265 5559 εὒδηλον
3420 5480 3527 5540 τοῖς
3542 5473 3693 5585 ano.

439 5621 652 5662 surum.
684 5605 869 5675 Pergit
896 5615 1076 5660 autem
1107 5604 1370 5661 denotare
1398 5602 1677 5659 Christum
1712 5601 1975 5658 Dominuu

2114 5598 2239 5669 εξῆς
2280 5594 2388 5650 ἀπὸ
2418 5592 2512 5648 τοῦ
2545 5588 2709 5645 Δαυὶδ
2741 5580 3132 5653 καταγομένοις
3168 5593 3227 5629 τε
3264 5571 3509 5645 μέλλουσι
3541 5565 3692 5637 βασι·

511 5800 561 5834 ⁸⁴
597 5799 742 5861 Psal.
781 5816 1045 5869 Lxxxvm,
1086 5800 1268 5856 51-54.
