3844 6222
143 393 250 451 3τὸ

1134 395 1684 455 COMMENTARIUS
1720 393 1788 451 IN
1827 392 2130 450 ΜΙΟΙΙᾸΞᾸΞ
2174 394 2327 449 CAP.
2368 394 2432 449 ν.

3289 394 3392 448 ὅτι

143 516 324 569 λεύειν
350 514 444 568 τοῦ
481 514 694 586 Ἰσραὴλ
740 516 1029 587 ἁρμόσειεν
1068 517 1153 583 ἂν,
1184 519 1286 583 ὀὓς
1326 519 1600 573 παιδεύειν
1634 517 1729 582 μὲν

1837 515 2200 579 incarnatum,
2236 514 2289 567 in
2328 526 2434 582 quo
2466 513 2890 582 promissionum
2933 528 3155 569 suarum
3199 512 3393 566 verita—

144 605 560 673 ἁμαρτάνοντας
615 605 974 674 ὑπισχνεῖται,
1031 606 1091 659 ού
1148 609 1255 678 μὴν
1307 608 1583 671 παντελῶς
1637 608 1730 671 ἐξ·

145 693 407 746 ωθείσθαι
456 696 554 764 τῆς
602 694 911 764 βασιλείας’
956 697 1147 767 μηνύει
1198 698 1255 750 δὲ
1296 699 1601 769 προϐαίνων
1637 699 1730 752 τὸν

146 784 291 837 κατὰ
322 787 501 856 σάρκα
543 787 818 855 Δεσπότην
864 789 1114 856 Χριστὸν,
1158 790 1241 857 ἐφ’
1288 785 1457 863 οὗπερ
1485 793 1591 844 τῶν
1629 794 1731 847 ἑπ-

145 873 417 940 αγγελιῶν
447 875 552 926 τῶν
572 876 786 928 οἰκείων
817 877 1013 946 ἀληθὲς
1044 877 1211 942 ἔδειξε
1238 879 1298 932 τὸ
1326 880 1497 951 πέρας
1518 882 1547 933 ὁ
1575 882 1727 943 Θεός⁶

144 964 207 1016 τὸ
239 964 372 1034 γὰρ,
425 983 443 1016 ι
499 966 743 1036 θήσομαι
782 968 861 1030 είς
907 967 999 1020 τὸν
1047 967 1219 1022 αίῶνα
1271 969 1363 1023 τοῦ
1422 972 1613 1035 αἰῶνος
1667 971 1732 1024 τὸ

148 1055 372 1125 σπέρμα
402 1055 586 1117 αὑτοῦ,
615 1057 708 1108 καὶ
738 1056 830 1108 τὸν
862 1057 1048 1128 θρόνον
1089 1058 1252 1111 αὐτοῦ
1285 1058 1359 1124 ὡς
1384 1061 1485 1125 τὰς
1514 1063 1731 1133 ἡμέρας

144 1144 239 1197 τοῦ
282 1146 534 1216 οὐρανοῦ,
560 1147 652 1199 καὶ
702 1147 765 1200 τὸ
811 1148 1030 1217 σπέρμα
1080 1151 1241 1203 αὐτοῦ
1289 1153 1368 1215 είς
1412 1153 1503 1205 τὸν
1556 1153 1727 1207 αἰῶνα

148 1234 321 1303 μένει,
351 1237 443 1287 καὶ
470 1239 497 1288 6
532 1236 719 1305 θρόνος
746 1238 911 1292 αὐτοῦ
950 1240 1025 1304 ὡς
1068 1242 1097 1293 6
1135 1240 1283 1310 ἥλιος
1328 1242 1567 1295 ἐναντίον
1602 1260 1724 1312 μου,

146 1325 241 1377 καὶ
276 1325 353 1388 ὡς
378 1328 411 1397 ἡ
440 1327 632 1398 σελήνη
667 1331 1073 1403 κατηρτισμένη
1109 1333 1187 1396 εἰς
1215 1333 1304 1386 τὸν
1330 1333 1557 1396 αίῶνα,ι
1593 1337 1729 1406 πρό-

144 1414 304 1485 δηλον
336 1417 413 1480 ὡς
447 1419 534 1470 ἐπ’
566 1419 777 1482 οὐδενὸς
824 1421 923 1490 μὲν
966 1422 1075 1475 τῶν
1119 1423 1373 1494 διαδόχων
1412 1424 1521 1489 ἕξει
1547 1424 1727 1496 χώραν

144 1506 445 1578 λεγόμενα’
492 1512 567 1580 (p.
616 1510 743 1581 295)
802 1513 987 1582 σαφῶς
1039 1514 1097 1567 δέ
1148 1514 1242 1567 τοῦ
1288 1516 1556 1568 Δεσπότου
1597 1517 1730 1586 Χρι-

148 1595 278 1649 στοῦ
296 1597 533 1651 δείκνυσι
557 1600 653 1669 τὴν
680 1600 951 1669 βασιλείαν
972 1603 1192 1683 διηνεκῇ
1210 1621 1268 1656 τε
1296 1604 1390 1657 καὶ
1416 1604 1726 1669 ἀσάλευτον,

148 1687 292 1756 μετά
321 1688 516 1759 πολλῆς
546 1690 643 1761 μὲν
669 1692 768 1762 τῆς
800 1692 1102 1764 δυνάμεως,
1139 1694 1337 1766 πολλῆς
1368 1695 1422 1747 δὲ
1461 1696 1558 1766 τῆς
1594 1696 1731 1766 λαμ-

147 1781 437 1850 πρότητος,
486 1783 564 1845 είς
610 1782 700 1835 τὸν
750 1782 941 1836 ἔπειτα
984 1784 1233 1855 διαμένον
1259 1800 1272 1815 ·
1303 1783 1445 1837 οὕτω
1494 1785 1587 1837 καὶ
1633 1784 1729 1854 τὴν

1833 616 1941 660 tem
1985 606 2186 659 exitum
2240 605 2496 660 habuisse
2534 607 2774 660 ostendit
2811 605 2974 660 Deus.
3006 604 3137 658 Nam
3177 603 3342 657 verba
3376 619 3391 656 :
3490 633 3494 637 -

1839 696 2068 749 «Ponant
2092 696 2143 749 in
2171 696 2429 750 szeculum
2456 696 2637 751 saeculi
2669 711 2854 751 semen
2879 698 3031 766 ejus;
3059 709 3113 751 et
3137 696 3393 748 thronum

1832 786 1951 853 ejus
1980 785 2122 839 sicut
2149 784 2266 839 dies
2286 786 2432 850 cteli;
2465 795 2519 840 et
2547 802 2729 839 semen
2753 787 2870 855 ejus
2895 786 3131 841 manebit
3161 785 3215 839 in
3239 794 3397 839 teter-

1832 891 1995 939 num;
2024 883 2078 930 ct
2108 877 2337 932 thronus
2363 876 2483 946 ejus
2523 878 2663 931 sicut
2708 878 2788 929 sol
2828 877 2883 931 in
2922 883 3217 944 conspectu
3250 889 3393 938 meo,

1831 974 1885 1021 et
1936 965 2078 1021 sicut
2111 967 2239 1020 luna
2275 966 2515 1037 perfecta
2552 967 2606 1021 in
2649 974 2910 1021 aeternum
2935 966 3392 1031 ",mOtissimum

1832 1065 1915 1112 est
1948 1058 2015 1111 de
2058 1058 2274 1113 nemine
2303 1072 2684 1113 successorum
2716 1056 2937 1111 Davidis
2966 1057 3071 1111 dici
3106 1057 3347 1126 potuisse
3376 1073 3394 1110 :

1834 1151 2121 1219 perspicue
2142 1158 2321 1205 autem
2345 1149 2546 1204 Christi
2577 1148 2789 1203 Domini
2823 1163 3047 1218 regnum
3072 1156 3395 1217 perpetuum

1833 1240 2140 1306 ostendere,
2196 1249 2249 1294 et
2288 1241 2564 1295 immobile
2594 1240 2764 1294 multa
2797 1254 2920 1292 cum
2960 1240 3160 1293 virtute
3199 1237 3397 1290 multo-

1829 1346 1937 1401 que
1962 1330 2247 1401 splendore
2270 1332 2322 1384 in
2356 1340 2634 1400 posterum
2658 1338 2872 1400 tempus
2901 1338 3391 1399 perseveraturum.

1828 1423 2008 1490 Atque
2034 1422 2107 1473 ita
2138 1436 2377 1490 praesens
2401 1420 2791 1479 testimonium.
2815 1419 3145 1473 conveniens
3175 1417 3393 1487 quidem

1831 1512 2131 1569 secundum
2164 1513 2448 1567 veritatem
2489 1518 2652 1579 atque
2682 1510 3005 1565 evidentiam
3041 1517 3283 1561 actarum
3311 1523 3397 1562 re-

1830 1619 1951 1658 rum
2003 1603 2401 1672 comperiemus
2451 1604 2504 1656 in
2535 1602 2751 1656 Christo
2774 1601 3018 1658 Domino.
3054 1599 3206 1667 juxta
3235 1613 3397 1653 evan-

1832 1696 2063 1766 gelicum
2098 1701 2303 1747 textum
2340 1694 2421 1746 “z
2453 1694 2545 1748 sed
2587 1700 2766 1746 tamen
2802 1690 2907 1744 dici
2935 1690 3094 1743 etiam
3120 1689 3187 1743 de
3212 1697 3394 1757 poste-

1834 1780 1910 1834 ris
1945 1779 2204 1845 Davidis,
2234 1780 2328 1850 qui
2370 1795 2466 1848 per
2507 1788 2749 1848 tempora
2794 1778 3090 1832 secundum
3138 1778 3228 1830 Dei
3271 1792 3397 1845 pro-

147 1870 432 1939 παροῦσαν
467 1872 767 1942 μαρτυρίαν
795 1873 1167 1944 ἁρμόττουσαν
1204 1873 1302 1943 μὲν
1339 1874 1479 1927 κατὰ
1510 1874 1571 1926 τὸ
1598 1874 1729 1943 ἀλη-

1831 1872 2149 1926 missionetn
2198 1886 2351 1941 reges
2398 1870 2612 1925 lsraelis
2644 1872 2969 1925 exstiterunt
3008 1887 3020 1922 :
3065 1868 3206 1923 unde
3250 1883 3397 1922 nunc

149 1958 243 2021 θές
270 1960 365 2013 καὶ
404 1960 791 2033 ἀναντίρρητον
832 1963 941 2015 τῶν
994 1966 1334 2034 πραγμάτων
1387 1965 1484 2018 ἴδοι
1528 1983 1613 2027 τις
1666 1965 1732 2017 ἂν

145 2054 242 2105 ἐπὶ
269 2052 363 2106 τοῦ
396 2054 669 2107 Δεσπὸτου
712 2055 971 2127 Χριστοῦ,
1008 2056 1149 2109 κατὰ
1199 2056 1298 2126 τὴν
1320 2057 1378 2108 ἐν
1416 2058 1528 2118 τοῖς
1562 2056 1734 2124 Εὑαγ-

144 2140 348 2208 γελίοις
399 2143 613 2212 φωνήν·
664 2142 970 2213 λεγομένων
1008 2144 1072 2196 ἐκ
1119 2143 1211 2197 τοῦ
1266 2145 1427 2197 Δαυὶδ
1471 2144 1733 2214 βασιλέων

145 2229 242 2283 τοῦ
283 2232 495 2302 Ἰσραὴλ
532 2233 619 2287 διὰ
658 2233 757 2304 τὴν
791 2234 1119 2302 ἐπαγγελίαν
1146 2236 1243 2305 τὴν
1284 2235 1465 2288 θείαν⁸
1508 2236 1630 2290 ὅθεν
1670 2236 1733 2308 δὴ

148 2320 246 2373 καὶ
289 2320 381 2373 νῦν
420 2322 450 2374 6
499 2322 804 2393 προφήτης,
847 2325 939 2376 ἐπὶ
970 2323 1062 2377 τοῦ
1100 2324 1402 2395 Ζοροϐάϐελ
1445 2325 1613 2395 αὐτὴν
1647 2326 1733 2389 ἐξ·

145 2410 368 2481 είληφεν
404 2412 627 2477 εἰκότως
648 2430 660 2443 ·
693 2411 883 2482 ἐπειδὴ
902 2415 1010 2486 γὰρ
1042 2416 1111 2469 τὰ
1147 2416 1284 2485 μετά
1331 2417 1428 2487 τὴν
1475 2418 1732 2471 ἐπάνοδον

145 2500 302 2569 ἔλεγε
336 2501 432 2572 τὴν
474 2502 582 2555 ἀπὸ
623 2503 956 2569 Βαϐυλῶνος,
989 2507 1084 2557 καὶ
1124 2506 1221 2576 τὴν
1247 2505 1434 2575 ἔφοδον
1466 2506 1574 2559 τῶν
1606 2506 1733 2577 περὶ

142 2588 238 2641 τὸν
268 2588 409 2657 Γὼγ,
434 2592 535 2663 τήν
567 2608 627 2644 τε
657 2592 1038 2663 ἐπενεχθεῖσαν
1075 2594 1259 2658 αὐτοῖς
1287 2596 1435 2666 παρὰ
1474 2596 1565 2648 τοῦ
1596 2596 1731 2650 Θεοῦ

141 2681 440 2749 τιμωρίαν,
466 2682 770 2747 ἀκολούθως
802 2684 1073 2756 μέμνηται
1108 2685 1318 2739 καὶτοῦ
1356 2686 1471 2739 κατ’
1494 2688 1731 2755 ἐπαγγε-

141 2770 269 2823 λίαν
302 2771 451 2825 θείαν
482 2773 548 2825 ἐκ
580 2774 678 2844 τῆς
706 2774 797 2828 τοῦ
833 2777 995 2829 Δαυὶδ
1018 2778 1267 2847 διαδοχῆς
1303 2777 1399 2849 τὴν
1436 2779 1607 2850 ἀρχὴν
1637 2780 1732 2831 αὺ-

140 2861 257 2912 τῶν
294 2860 415 2913 τότε
460 2866 913 2935 πεπιστευμένου,
951 2866 1027 2931 ὡς
1076 2867 1140 2920 ἂν
1171 2868 1393 2933 δείξειεν
1425 2872 1518 2923 καὶ
1551 2870 1620 2922 τὰ
1645 2869 1732 2922 διὰ

1829 1962 1993 2016 etiam
2032 1963 2297 2033 propheta
2348 1964 2415 2017 de
2460 1961 2793 2016 Zorobabele
2854 1963 3050 2016 merito
3108 1960 3392 2014 intellexit.

1828 2052 1964 2107 Nam
1996 2069 2119 2108 cum
2144 2055 2211 2109 de
2234 2055 2396 2109 rebus
2416 2064 2535 2124 post
2567 2055 2797 2108 reditum
2816 2053 3088 2124 Babylone
3123 2054 3393 2119 loquatur,

1829 2154 1882 2199 et
1907 2144 1975 2198 de
1991 2144 2125 2214 Gogi
2160 2143 2492 2207 incursione,
2518 2150 2880 2197 consentanee
2906 2143 3151 2195 meminit
3174 2151 3225 2196 et
3251 2141 3395 2194 illius

1831 2236 1898 2291 de
1954 2236 2175 2292 Davidis
2211 2237 2380 2305 stirpe
2435 2234 2705 2297 hominis,
2764 2233 2851 2286 cui
2895 2242 3023 2287 tunc
3061 2234 3397 2302 principatus

1827 2327 2061 2380 traditus
2090 2335 2239 2389 erat;
2266 2333 2324 2378 ut
2353 2323 2639 2389 ostendat,
2668 2337 3006 2392 quacunque
3038 2322 3125 2376 hic
3154 2322 3220 2376 ad
3248 2322 3399 2376 salu-

1828 2426 1935 2474 tem
1961 2417 2139 2487 gentis
2170 2416 2363 2471 fecerit
2384 2454 2397 2479 ,
2434 2432 2497 2471 ea
2524 2432 2589 2469 ex
2622 2415 2712 2469 Dei
2762 2414 2829 2467 ad
2873 2413 3124 2467 Davidem
3161 2412 3397 2482 promis-

1829 2510 1983 2566 sione
2021 2508 2127 2563 vim
2162 2508 2459 2577 accepisse.
2494 2506 2646 2563 Unde
2675 2514 2729 2562 ct
2762 2506 2898 2560 dixit
2928 2524 2941 2559 :
2991 2523 3007 2555 ι
3043 2504 3397 2575 Egressiones

1828 2599 1949 2669 ejus
1981 2597 2051 2653 ab
2080 2597 2259 2661 initio,
2295 2612 2323 2650 a
2344 2597 2537 2653 diebus
2564 2597 2887 2651 aiternitatis
2909 2614 2953 2649 ε»
2989 2595 3187 2665 quibus
3217 2594 3400 2649 verbis

1835 2689 2123 2761 signiﬁcat,
2144 2689 2289 2758 quod
2311 2703 2475 2758 supra
2502 2689 2707 2742 dictum
2738 2687 2838 2741 fuit
2866 2694 3026 2756 atque
3042 2686 3393 2756 promissum,

1836 2779 1892 2834 id
1921 2780 2087 2834 Deum
2111 2794 2304 2850 reapse
2336 2778 2772 2848 pronuntiavisse
2801 2815 2816 2841 ,
2853 2784 3017 2847 atque
3053 2777 3121 2831 ab
3156 2776 3310 2831 initio
3339 2785 3399 2829 ut

1839 2872 1955 2926 lieri
1986 2877 2192 2941 posset,
2229 2869 2603 2924 constituisse.
2632 2866 2826 2922 Postea
2860 2867 3046 2923 addit:

140 2950 336 3006 τούτου
382 2956 510 3025 περὶ
554 2957 615 3010 τὸ
661 2957 812 3023 ἔθνος
855 2960 1301 3031 κατορθωθέντα,
1352 2962 1440 3017 διὰ
1469 2965 1566 3035 τὴν
1591 2961 1689 3034 ήδη
1730 2965 2099 3036 γεγενημένην
2163 2963 2300 3035 πρὸς
2359 2963 2449 3016 τὸν
2521 2961 2681 3014 Δαυῒδ
2734 2961 3061 3030 ἐπαγγελίαν
3122 2959 3215 3013 τοῦ
3263 2959 3398 3015 Θεοῦ

140 3051 245 3120 τὴν
273 3049 427 3118 ίσχῦν
467 3049 773 3119 είληφέναι’
802 3052 924 3106 ὅθεν
974 3056 1067 3108 καὶ
1116 3050 1268 3108 εἶπεν
1327 3055 1408 3121 τὸ,
1450 3076 1468 3108 ι
1506 3057 1573 3109 Αἱ
1608 3057 1775 3121 ἔξοδοι
1826 3056 1987 3110 αὐτοῦ
2027 3058 2120 3110 ἀπ’
2154 3058 2326 3127 ἀρχῆς
2373 3055 2432 3121 ἐξ
2470 3054 2692 3126 ἡμερῶν
2726 3054 2951 3117 αίῶνοςο
2987 3073 3006 3106 ι
3039 3054 3125 3106 ἵνα
3159 3055 3290 3125 εῑπῃ
3319 3053 3400 3105 ὃτι

137 3145 211 3197 τὰ
241 3141 449 3196 ἄνωθεν
479 3143 740 3213 εἰρημένα
773 3162 831 3197 τε
882 3146 973 3199 καὶ
1013 3147 1418 3219 ἐπηγγελμένα,
1484 3148 1635 3221 παρὰ
1686 3149 1778 3202 τοῦ
1822 3149 1956 3202 Θεοῦ
1991 3148 2351 3219 προεϐάλετοο
2395 3146 2581 3205 τοῦτον
2638 3147 2717 3209 είς
2748 3143 2845 3215 τὴν
2883 3143 3056 3215 ἀρχὴν
3111 3142 3405 3215 δυνηθῆναί

138 3251 202 3288 τε
230 3236 502 3305 πεποίηκε
534 3234 776 3290 τοιαῦτα.
806 3234 936 3290 Εῑτα
967 3238 1178 3307 ἐπάγει·

215 3409 369 3479 Στίχ.
397 3417 466 3478 γ’,
500 3411 562 3464 δ’.
590 3442 658 3453 ——
697 3430 716 3463 ι
754 3413 852 3466 Διά
879 3413 1034 3467 τοῦτο
1056 3414 1214 3469 δώσει
1241 3417 1436 3482 αὐτοὺς
1473 3418 1575 3481 ἓως
1614 3435 1729 3471 και-

1912 3416 2073 3471 Vens.
2110 3416 2164 3480 5,
2194 3416 2247 3470 4.
2278 3448 2344 3457 -
2376 3435 2395 3467 ι
2419 3414 2713 3488 Propterea
2748 3414 2900 3471 dabit
2955 3429 3049 3470 eos
3103 3430 3274 3485 usque
3329 3417 3398 3471 ad

142 3502 247 3571 ροῦ
279 3503 569 3572 τικτούσης
605 3505 835 3569 τέξεται.
870 3525 888 3558 ι
920 3508 1139 3561 Ὠδίνειν
1169 3510 1262 3562 καὶ
1300 3511 1503 3563 τίκτειν
1535 3510 1730 3564 πολλά-

146 3609 242 3654 κις
271 3594 305 3661 ἡ
338 3592 457 3645 θεία
485 3593 632 3661 λέγει
662 3596 852 3667 Γραφὴ
885 3598 961 3666 (p.
984 3597 1111 3665 294)
1142 3599 1205 3651 τὸ
1235 3602 1293 3653 ὲν
1325 3601 1472 3673 μέσῳ
1489 3603 1596 3656 τῶν
1618 3604 1727 3658 δει-

146 3681 260 3735 νῶν
283 3682 583 3751 παράδοξον
603 3688 700 3753 τὴν
722 3685 870 3739 θείαν
890 3688 1275 3757 ἀναφαίνεσθαι
1293 3690 1540 3761 βοήθειαν
1553 3710 1569 3725 ·
1586 3694 1726 3747 οῦτω

146 3770 308 3837 λέγει
330 3771 411 3834 τὸ,
445 3789 463 3821 ι
505 3772 603 3825 Διὰ
626 3773 719 3825 τὸν
746 3775 908 3843 φόϐον
934 3792 1048 3839 σου,
1075 3776 1266 3846 Κύριε,
1293 3779 1350 3830 ἐν
1379 3781 1577 3851 γαστρὶ
1602 3781 1723 3835 ἐλά-

152 3859 352 3927 ϐομεν,
389 3859 484 3912 καὶ
505 3860 862 3931 ὠδινήσαμεν,
896 3864 989 3917 καὶ
1018 3865 1275 3935 ἐτέκομεν
1297 3867 1513 3937 πνεῦμα
1549 3886 1724 3939 σωτη-

148 3946 274 4015 ρίας
305 3947 335 3999 ὃ
372 3948 631 4018 ἐποίησας
664 3952 755 4003 ἐπὶ
797 3951 896 4022 τῆς
925 3954 1060 4023 γῆς’
1096 3972 1115 4006 ι
1153 3956 1239 4007 ἵνα
1270 3957 1418 4026 εἴπῃ,
1440 3958 1521 4010 ὅτι
1557 3958 1722 4029 Ὑπὲρ

145 4032 226 4090 ὧν
254 4039 598 4110 ἐφοϐούμεθά
625 4057 707 4106 σε,
740 4043 1101 4113 συνελάϐομεν
1140 4046 1197 4097 ἐν
1220 4047 1400 4110 αὐτοῖς
1424 4047 1520 4117 τὴν
1550 4049 1720 4119 ἀπόρσ

150 4128 319 4199 ῥητόν
350 4147 447 4183 σου
471 4132 652 4202 χάριν,
679 4133 771 4202 ἀφ’
801 4129 868 4205 ἧς
890 4134 977 4187 διὰ
994 4136 1199 4188 πολλῶν
1222 4137 1424 4191 ὠδίνων
1444 4141 1501 4191 ἐν
1527 4139 1603 4209 τῷ
1623 4158 1720 4210 με-

148 4219 304 4287 γέθει
332 4220 438 4273 τῶν
468 4221 651 4275 κακῶν
670 4224 913 4293 σωτηρία
935 4226 1066 4293 ἡμῖν
1095 4226 1367 4298 ἀπετέχθη
1383 4229 1680 4299 παράδοξος
1701 4245 1715 4259 ο

149 4304 432 4359 κάνταῦθα
456 4307 632 4361 τοίνυν
654 4308 729 4372 ὡς
763 4310 828 4362 ἂν
848 4311 947 4377 τῆς
979 4312 1329 4385 Ἰερουσαλὴμ
1357 4316 1721 4388 συλλαϐούσης

146 4414 210 4449 τε
240 4397 310 4450 ἐκ
334 4397 433 4467 τῆς
458 4398 605 4462 θείας
630 4399 849 4470 χάριτος
878 4403 970 4455 καὶ
997 4404 1097 4473 τὴν
1114 4404 1318 4479 δωρεὰν
1346 4407 1719 4478 ἀποτεκούσης

150 4486 380 4558 ταύτην,
406 4491 497 4558 ἀφ’
526 4487 593 4561 ἧς
620 4493 772 4545 αὐτοί
814 4511 874 4546 τε
913 4494 1343 4565 περιεσώθησαν,
1372 4497 1466 4549 καὶ
1499 4497 1730 4567 παντελῆ

148 4578 251 4647 τὴν
287 4578 559 4633 ἀπώλειαν
588 4582 832 4648 ἐδέξαντο
864 4586 914 4636 οἱ
951 4584 1232 4654 πολέμιοι,
1268 4585 1426 4639 τοῦτο
1466 4586 1611 4653 λέγει
1649 4587 1731 4639 ὅτι

149 4669 277 4729 τοὺς
305 4668 577 4733 ἐναντίους
602 4672 908 4741 παραδώσει
935 4674 1195 4745 ἀπωλείᾳ,
1231 4676 1413 4746 ἐπειδὴ
1430 4678 1496 4745 τῇ
1533 4678 1732 4747 Ἰερουη

153 4755 339 4826 σαλὴμ
376 4759 513 4827 μετά
550 4760 760 4814 πολλῶν
788 4762 1010 4828 ὠδίνων,
1044 4763 1111 4827 ἃς
1144 4745 1427 4836 ὑπέμεινεν
1444 4768 1501 4817 ἐν
1524 4768 1589 4837 τῇ
1608 4745 1731 4819 *τῶν
1763 4745 1808 4801 D

152 4845 430 4915 πολεμίων
452 4850 643 4922 ἐφόδῳ,
669 4852 939 4923 ἀπετέχθη
972 4853 1064 4906 τοῦ
1102 4854 1234 4906 Θεοῦ
1268 4855 1469 4924 δωρεά.
1494 4873 1512 4904 ι
1545 4857 1655 4908 Καὶ
1683 4856 1733 4907 οἱ

151 4940 424 4994 ἐπίλοιποι
454 4944 561 4995 τῶν
584 4944 823 5012 ἀδελφῶν
851 4944 1012 4997 αὑτοῦ
1046 4946 1459 5014 ἐπιστρέφουσιν
1494 4946 1586 4998 ἐπὶ
1608 4948 1732 5011 τοὺς

153 5033 308 5094 υἱοὺς
350 5034 586 5103 Ἰσραήλ.
642 5054 660 5085 ι
708 5035 840 5087 Τότε
884 5035 991 5105 γὰρ
1034 5035 1097 5105 δὴ
1144 5035 1343 5098 πάντες
1387 5036 1436 5087 οἱ
1486 5035 1591 5087 ἀπὸ
1631 5035 1733 5103 τῆς

152 5124 531 5192 αίχμαλωσίας
556 5124 954 5189 ἐπανελθόντες,
985 5125 1159 5177 κοινὸν
1188 5126 1481 5195 ἡγήσονται
1512 5123 1733 5194 βασιλέα

152 5214 249 5266 τὸν
310 5215 643 5281 Ζοροϐάϐελ·
694 5216 876 5269 οὐκέτι
937 5216 1042 5286 ἰδίᾳ
1102 5215 1203 5286 μὲν
1264 5216 1579 5285 ἀρχομένων
1628 5213 1737 5266 τῶν

151 5304 292 5358 δέκα
320 5304 523 5372 φυλῶν,
550 5307 648 5374 τῆς
679 5305 735 5358 δὲ
772 5305 939 5357 Ἰούδα
974 5304 1142 5375 μόνης
1174 5304 1310 5375 μετά
1350 5305 1446 5374 τῆς
1480 5304 1736 5374 Βενιαμὶν

154 5396 287 5457 τοὺς
312 5398 373 5448 ἐκ
397 5396 488 5447 τοῦ
513 5395 672 5447 Δαυὶδ
693 5396 948 5464 βασιλέας
972 5394 1111 5446 κατὰ
1135 5394 1195 5446 τὸ
1230 5394 1459 5465 πρόσθεν
1486 5396 1735 5465 ἐχούσης,

1830 3517 2044 3577 tempus
2064 3548 2077 3571 ,
2122 3522 2231 3577 quo
2272 3508 2489 3576 pariens
2521 3508 2717 3577 pariet.
2750 3527 2768 3559 ι
2812 3506 3091 3561 Parturire
3121 3515 3175 3561 et
3207 3520 3400 3575 parere

1831 3616 1973 3669 saepe
1992 3600 2127 3653 dicit
2162 3600 2348 3654 divina
2380 3600 2682 3669 Scriptura,
2717 3614 2841 3653 cum
2869 3599 2921 3653 in
2951 3598 3145 3653 mediis
3173 3598 3399 3651 calami-

1830 3691 2036 3745 tatibus
2092 3690 2336 3744 divinum
2393 3690 2669 3759 insperato
2720 3689 2979 3743 auxilium
3027 3688 3265 3758 alTulget.
3304 3684 3400 3742 Sic

1830 3777 2207 3847 aituPropter
2255 3778 2505 3833 timorem
2539 3779 2638 3841 tui,
2671 3776 2897 3836 Domine
2920 3816 2935 3840 ,
2969 3777 3022 3830 in
3052 3785 3240 3831 ventre
3268 3789 3399 3830 con-

1830 3869 2107 3937 cepimus,
2140 3878 2194 3923 et
2249 3868 2636 3937 parturivimus
2680 3882 2744 3922 ac
2804 3868 3115 3937 peperimus
3144 3866 3398 3936 spiritum

1831 3960 2024 4013 salutis
2059 3974 2218 4028 quem
2273 3961 2326 4013 in
2369 3969 2513 4014 terra
2563 3958 2741 4014 fecisti
2776 3960 2859 4022 δτς
2890 3978 2907 4011 ι
2945 3966 3002 4012 ιιι
3048 3959 3226 4013 dicat:
3259 3957 3398 4023 Quia

1834 4048 1989 4119 193
2021 4056 2073 4103 te
2102 4049 2402 4112 timuimus,
2431 4050 2782 4119 concepimus
2804 4049 2857 4102 in
2890 4049 3044 4103 nobis
3069 4046 3395 4103 inetl‘abilem

1830 4142 2058 4210 gratiam
2092 4148 2236 4192 tuam
2258 4181 2273 4205 ,
2304 4155 2333 4193 a
2372 4156 2479 4209 qua
2508 4155 2604 4209 per
2632 4140 2833 4193 multos
2875 4138 3092 4193 dolores
3133 4139 3186 4192 in
3237 4138 3397 4193 malis

1830 4228 2084 4283 maximis
2123 4229 2273 4283 salus
2320 4228 2481 4282 nobis
2515 4228 2840 4282 mirabiliter
2888 4236 3041 4299 parta
3074 4236 3178 4281 est.
3230 4227 3399 4296 Igitur

1832 4319 1937 4373 hoc
1974 4334 2190 4388 quoque
2220 4320 2341 4373 loco
2364 4360 2381 4384 ,
2415 4324 2570 4388 quasi
2600 4318 2937 4374 llierusalcm
2966 4335 3031 4374 ex
3065 4320 3247 4373 divina
3273 4334 3398 4386 gra-

1831 4409 1907 4462 tia
1932 4411 2294 4477 concepisset,
2330 4417 2493 4478 atque
2525 4409 2628 4462 hoc
2657 4409 2858 4463 donum
2901 4409 3219 4477 peperisset,
3238 4408 3395 4474 cujus

1829 4499 2093 4554 beneﬁcio
2121 4497 2223 4566 ipsi
2257 4498 2392 4552 salvi
2427 4497 2787 4560 exstitissent,
2824 4496 3009 4550 hostes
3039 4504 3232 4549 contra
3272 4494 3398 4548 lun-

1832 4589 1977 4643 ditus
2006 4589 2317 4657 periissent,
2349 4588 2423 4639 ait
2456 4602 2516 4641 se
2552 4586 2811 4639 inimicos,
2840 4586 3007 4639 exitio
3042 4584 3397 4648 traditurum,

1833 4682 2091 4750 quoniam
2122 4679 2242 4732 urbi
2278 4676 2577 4732 Jerusalem
2608 4683 2731 4745 post
2763 4677 2981 4730 dolores
3027 4677 3228 4731 multos
3260 4691 3398 4746 quos

1836 4767 2061 4836 pertulit
2107 4766 2161 4819 in
2194 4765 2431 4818 hostium
2474 4764 2730 4827 incursu,
2790 4764 3037 4818 mirabile
3069 4770 3282 4833 partum
3315 4773 3400 4818 est

1838 4856 1932 4910 Dei
1978 4855 2201 4909 donum.
2241 4873 2259 4905 ι
2284 4853 2348 4906 Ει
2388 4855 2584 4924 reliqui
2620 4854 2815 4909 fratres
2846 4854 2967 4923 ejus
3014 4862 3401 4909 convertentur

1834 4946 1903 4999 ad
1931 4945 2072 4999 ﬁlios
2112 4944 2383 4999 lsraelis.)
2421 4945 2574 4999 Tunc
2603 4959 2794 5000 omnes
2820 4960 2853 4997 a
2892 4945 3204 5013 captivitate
3234 4945 3400 4999 redu-

1833 5050 1945 5098 ces,
1984 5049 2328 5089 communem
2351 5034 2741 5089 existimabunt
2767 5048 2947 5102 regem
2983 5032 3397 5089 Zorobabelem:

1833 5125 1978 5180 haud
2030 5125 2238 5179 diutius
2273 5139 2520 5181 seorsum
2560 5124 2744 5179 decem
2777 5125 3029 5180 tribubus
3077 5124 3182 5179 sub
3230 5139 3400 5194 regno

1834 5216 2180 5279 constitutis,
2214 5215 2350 5270 solis
2372 5230 2502 5269 vero
2539 5214 2566 5267 .1
2578 5216 2695 5269 udae
2720 5230 2784 5269 ac
2812 5214 3114 5283 Benjamini
3145 5215 3399 5269 tribubus

1836 5323 1992 5379 rcges
2018 5307 2085 5362 de
2123 5306 2340 5360 Davidis
2379 5306 2548 5374 stirpe
2580 5314 2639 5359 ut
2696 5316 2855 5360 antea
2902 5306 3271 5371 habentibus;
3303 5304 3398 5358 sed

1835 5397 2050 5451 cunctis
2074 5410 2241 5449 unum
2267 5409 2446 5465 regem
2466 5394 2854 5450 Zorobabelem
2886 5394 3082 5448 abhinc
3104 5408 3401 5463 agnoscen-

158 5487 299 5543 ἀλλὰ
328 5488 544 5539 πάντων
572 5486 667 5538 ἕνα
695 5486 914 5555 βασιλέα
960 5484 1051 5537 τὸν
1093 5484 1395 5555 Ζοροϐάϐελ
1422 5486 1729 5554 ἡγουμένωι

1838 5490 2005 5543 tibus.
2045 5485 2135 5540 Sic
2161 5486 2322 5539 etiam
2362 5486 2552 5542 beatus
2584 5485 2754 5543 Oscas
2786 5486 2993 5540 aiebat:
3029 5503 3046 5535 ι
3076 5484 3141 5537 Ει
3173 5500 3400 5555 congre-

157 5578 366 5632 λοιπόν.
386 5576 545 5631 Οὕτω
566 5576 659 5629 καὶ
682 5577 711 5629 6
742 5577 1007 5646 μακάριος
1040 5575 1193 5643 Ὡσηέ
1226 5574 1406 5641 λέγει’
1433 5592 1450 5625 ι
1485 5576 1593 5629 Καὶ
1623 5593 1739 5629 συν-

248 5757 297 5791 ⁸⁸
332 5758 468 5813 ibid.
505 5757 593 5825 '50,
632 5756 721 5814 33.
798 5758 843 5789 ⁸⁸
867 5755 998 5812 Luc.
1034 5773 1073 5823 ι,
1098 5759 1184 5815 52.
1263 5758 1306 5790 ⁸⁷
1346 5756 1448 5814 lsa.
1494 5769 1641 5819 xxvr,
1677 5755 1755 5812 18.

1838 5580 2110 5651 gabuntur
2131 5575 2223 5631 ﬁlii
2249 5574 2403 5631 Iuda:
2433 5585 2487 5632 et
2518 5579 2613 5633 ﬁlii
2642 5578 2861 5635 lsraelis
2886 5575 3017 5632 inid
3040 5575 3240 5646 ipsum,
3268 5588 3401 5629 con-
