3844 6222
441 390 549 447 575

1641 389 1989 447 TllhODORl
2017 392 2496 452 MOPSUESTENI

3584 394 3691 448 576

444 509 781 579 stituentque
812 505 913 562 sibi
947 521 1173 578 regnum
1201 522 1365 562 unum
1396 506 1462 562 ⁸⁸.
1494 528 1512 560 ι
1558 507 1695 564 Τυηι
1739 519 1792 566 et
1825 511 2014 567 beatus

2129 511 2443 590 ιχθήρονται
2475 511 2526 564 οἱ
2555 511 2662 564 υἱοὶ
2705 508 2874 563 Ἰούδα
2922 509 3015 562 καὶ
3062 508 3110 560 οἱ
3147 507 3253 560 υἱοὶ
3287 507 3500 577 Ἰσραὴλ
3529 509 3616 562 ἐπὶ
3638 511 3698 562 τὸ

445 599 655 655 David:
694 599 880 655 «Ecce
927 613 1089 668 quam
1142 598 1344 652 bonum
1390 607 1444 654 et
1495 616 1656 669 quam
1707 602 2014 671 jucundum

443 691 694 746 habitare
728 691 923 745 fratres
954 690 1007 742 in
1035 690 1086 744 id
1120 689 1298 760 ipsum
1321 691 1364 720 ⁸⁵
1394 692 1406 743 ι
1438 711 1456 742 ι
1489 693 1836 748 concordiam
1867 695 2015 764 ipso-

441 796 566 834 rum
598 781 838 834 futuram
870 780 1013 835 circa
1041 780 1249 835 reditus
1280 790 1491 850 tempus
1532 783 1618 837 his
1639 785 1821 840 verbis
1847 786 2015 856 signi-

444 874 636 934 ficans,
674 887 836 942 quam
873 873 1272 928 conservabant
1292 873 1394 927 sub
1433 889 1543 928 uno
1574 889 1697 944 rege
1725 878 2012 930 constituti

444 963 722 1032 deinceps.
763 962 879 1018 Hoc
917 964 1100 1033 itaque
1137 964 1344 1033 pariter
1401 965 1520 1020 loco
1578 967 1840 1035 propheta
1900 969 2009 1022 ait:

451 1071 470 1104 ι
494 1065 548 1108 et
575 1053 768 1124 reliqui
807 1053 1031 1109 fratres:
1071 1071 1090 1104 ι
1155 1069 1252 1123 pro
1281 1068 1346 1108 eo
1385 1069 1448 1108 ac
1484 1055 1665 1110 dicat:
1695 1056 1889 1110 Cuncti
1919 1058 2012 1127 qui

443 1155 595 1202 extra
619 1146 772 1200 Judae
817 1146 1016 1199 tribum
1075 1154 1234 1209 sunt,
1280 1145 1682 1216 conjungentur
1714 1164 1837 1202 eum
1887 1150 2014 1203 reli-

444 1237 566 1306 quis
587 1236 801 1292 lsraelis
831 1237 976 1302 ﬁliis,
1004 1252 1172 1290 unum
1204 1238 1564 1308 eumdemque
1598 1253 1776 1308 regem
1804 1239 2012 1294 haben-

443 1337 547 1384 tes.
594 1347 612 1380 ι
639 1328 705 1382 Ει
733 1328 897 1383 stabit
946 1334 998 1382 et
1046 1325 1254 1382 videbit
1281 1336 1336 1382 et
1373 1335 1561 1396 pascet
1594 1344 1807 1399 gregem
1852 1345 2010 1384 suum

442 1435 568 1474 cum
605 1418 921 1473 fortitudine
943 1418 1242 1473 Dominus:
1275 1429 1330 1475 et
1364 1421 1419 1474 in
1451 1421 1623 1491 gloria
1652 1421 1892 1476 nominis
1917 1420 2015 1475 Do-

443 1511 579 1566 mini
607 1511 699 1568 Dei
736 1513 821 1566 sui
861 1519 1054 1574 erunt;
1085 1513 1211 1580 quia
1263 1527 1409 1566 nunc
1462 1511 1893 1584 magniflcabitur
1921 1527 2015 1567 us-

443 1620 551 1673 que
596 1605 663 1659 ad
714 1604 978 1660 terminos
1027 1611 1204 1658 terra.
1241 1623 1259 1654 ›
1310 1603 1462 1669 Erit,
1503 1604 1714 1673 inquit,
1746 1618 1846 1673 per
1892 1603 2012 1673 ejus

444 1695 705 1764 temporis
736 1708 917 1765 regem
958 1695 1175 1764 propria
1211 1708 1343 1748 cura
1377 1709 1611 1764 pascens
1640 1693 1801 1758 Deus,
1835 1694 1927 1764 qui
1959 1703 2013 1750 et

445 1785 570 1841 illos
622 1787 862 1842 illustres
900 1786 1120 1840 nomine
1173 1801 1274 1840 suo
1303 1785 1535 1842 efficiet:
1590 1791 2012 1855 constanterque

2121 604 2272 668 αὐτὸ,
2301 604 2376 672 (p.
2397 602 2522 672 295)
2545 602 2638 655 καὶ
2660 600 2914 671 θήσονται
2942 601 3150 662 ἑαυτοῖς
3170 597 3343 668 ἀρχὴν
3376 598 3522 668 μίαν.
3550 617 3566 650 ›
3589 601 3698 653 Καὶ

2118 696 2147 746 ὁ
2176 693 2441 764 μακάριος
2473 693 2501 744 ὁ
2527 691 2718 745 Δαυῖδ·
2755 709 2773 741 ι
2810 689 2939 742 Ἰδοὺ
2966 688 3030 759 δὴ
3109 687 3158 739 τί
3191 687 3352 740 καλὸν
3388 688 3481 739 καὶ
3499 688 3550 738 τί
3575 703 3700 756 τερ-

2120 786 2271 849 πνὸν,
2303 784 2415 838 ἀλλ’
2446 784 2479 854 ἣ
2519 783 2581 836 τὸ
2624 783 2896 836 κατοικεῖν
2935 779 3196 848 ἀδελφοὺς
3243 780 3334 831 ἐπὶ
3363 779 3423 832 τὸ
3460 778 3628 831 αύτόί
3671 797 3690 830 ο

2117 877 2214 948 τὴν
2241 877 2494 946 ὁμόνοιαν
2538 874 2716 928 αὐτῶν
2757 873 2854 943 τὴν
2901 873 3166 942 ἐσομένην
3191 870 3332 924 κατὰ
3362 870 3454 923 τὸν
3475 871 3572 938 τῆς
3598 870 3697 922 ἐςτ-

2123 968 2308 1022 ανόδου
2366 966 2555 1038 καιρὸν
2608 967 2664 1018 ἐν
2695 964 2868 1034 τούτῳ
2914 963 3231 1032 σημαίνων,
3294 962 3362 1031 ἢν
3418 960 3700 1024 ἀπέσωζον

2116 1061 2205 1128 ὑφ’
2235 1060 2315 1112 ἐνὶ
2351 1059 2430 1129 τῷ
2470 1057 2803 1128 βασιλεύοντι
2845 1053 3183 1116 καθεστῶτες
3220 1053 3424 1106 λοιπόν.
3468 1052 3698 1121 Ὁμοίως

2116 1148 2207 1205 οὖν
2236 1151 2511 1205 κάνταῦθα
2540 1153 2568 1203 ὀ
2599 1149 2880 1220 προφήτης
2920 1145 3088 1213 λέγει,
3138 1145 3217 1196 ὅτι
3251 1163 3268 1194 ι
3315 1144 3423 1195 Καὶ
3452 1145 3498 1195 οἱ
3524 1142 3698 1193 λοιποὶ

2114 1244 2220 1297 τῶν
2245 1241 2508 1310 ἀδελφῶν,
2541 1259 2561 1293 ι
2590 1241 2674 1293 ἵνα
2705 1240 2851 1309 είπῃ,
2877 1239 2958 1291 ὅτι
2981 1237 3180 1298 πάντες
3207 1235 3300 1287 καὶ
3317 1237 3364 1286 οί
3394 1233 3492 1301 τῆς
3532 1233 3700 1285 Ἰούδα

2115 1333 2288 1404 φυλῆς
2331 1333 2488 1395 ἐκτὸς
2541 1330 2966 1402 συναχθήσονται
3011 1331 3122 1389 τοῖς
3176 1327 3380 1388 λοιποῖς
3426 1328 3560 1388 υἱοῖς
3604 1324 3701 1376 τοῦ

2127 1424 2360 1496 Ἰσραὴλ,
2391 1423 2486 1476 ἕνα
2516 1421 2724 1476 καὶτὸν
2749 1420 2910 1475 αὐτὸν
2940 1419 3232 1490 ἡγούμενοι
3265 1417 3505 1488 βασιλέα.
3537 1436 3554 1466 ι
3590 1417 3700 1468 Καὶ

2115 1515 2369 1584 στήσεται
2401 1513 2494 1566 καὶ
2522 1512 2728 1583 ὄψεται,
2754 1513 2846 1564 καὶ
2881 1511 3134 1581 ποιμανεῖ
3166 1509 3226 1561 τὸ
3253 1509 3497 1577 ποίμνιον
3532 1507 3701 1561 αὑτοῦ

2114 1608 2171 1659 ἐν
2209 1605 2352 1676 ίσχύῖ
2388 1605 2622 1676 Κύριος·
2667 1605 2762 1657 καὶ
2807 1605 2864 1655 ἐν
2911 1605 2977 1673 τῇ
3019 1601 3146 1674 δόξῃ
3192 1601 3455 1670 ὀνόματος
3487 1597 3701 1666 Κυρίου

2113 1699 2206 1752 τοῦ
2233 1696 2368 1750 Θεοῦ
2400 1697 2576 1750 αύτῶν
2607 1695 2966 1766 ὑπάρξουσινο
2998 1693 3131 1746 διότι
3166 1692 3260 1747 νῦν
3297 1691 3699 1762 μεγαλυνθήσε-

2113 1803 2201 1839 ται
2235 1786 2338 1848 ἓως
2365 1785 2549 1857 ἄκρων
2577 1787 2674 1856 τῆς
2694 1785 2814 1854 γῆς.
2853 1803 2870 1833 i
2899 1784 3090 1835 Ἔσται
3119 1782 3196 1840 δὲ,
3225 1781 3410 1852 φησὶν,
3439 1782 3467 1833 ὁ
3491 1779 3580 1831 διὰ
3608 1777 3699 1830 τοῦ

444 1893 543 1948 per
566 1879 874 1933 universam
911 1886 1112 1931 terram
1143 1878 1310 1930 multa
1350 1891 1474 1931 cum
1506 1875 1868 1931 admiratione
1891 1877 2010 1930 lau-

2129 1876 2236 1929 τότε
2269 1875 2642 1944 βασιλεύοντος
2667 1875 2910 1938 ἅπαντας
2939 1877 3004 1945 τῇ
3038 1874 3213 1944 οἰκείᾳ
3245 1873 3540 1943 κηδεμονίᾳ
3584 1887 3700 1924 ποι-

446 1967 685 2030 dabitur,
715 1969 842 2038 quia
882 1975 962 2021 tot
993 1976 1253 2039 tantaque
1279 1984 1377 2039 pro
1415 1970 1482 2024 iis
1525 1968 1686 2033 fecit,
1729 1968 1888 2039 194
1916 1969 2011 2040 qui

447 2058 595 2114 illius
627 2073 825 2112 nomen
881 2060 1249 2129 participant;
1303 2059 1396 2128 qui
1429 2068 1556 2115 sunt
1605 2061 1823 2115 lsraelis
1877 2059 2012 2116 filii:

446 2163 586 2218 quos
641 2163 789 2204 nunc
845 2150 1063 2220 quidem
1103 2150 1170 2205 de
1202 2151 1518 2222 captivitate
1566 2161 1761 2222 praeter
1799 2165 2016 2206 omnem

449 2255 598 2310 spem
620 2241 870 2296 reduxit:
901 2251 1087 2312 postea
1119 2257 1248 2297 vero
1276 2244 1560 2298 victoriam
1592 2258 1766 2313 pauco
1797 2245 2014 2297 illorum

447 2346 676 2388 numero
706 2333 959 2403 patrabit,
985 2348 1091 2402 qua
1122 2334 1573 2390 innumerabilem
1614 2334 1836 2389 fortium
1869 2335 2013 2387 viro-

446 2437 568 2477 rum
595 2423 1136 2493 multitudinem,per
1163 2425 1263 2479 hos
1285 2425 1519 2480 humiles
1546 2440 1880 2496 paucosque,
1915 2441 2014 2482 sua

447 2514 648 2569 virtute
682 2516 906 2569 omnino
934 2515 1260 2585 profligabit.

2121 1967 2324 2038 μαίνων
2358 1966 2510 2030 Θεὸς,
2551 1967 2610 2030 ὃς
2659 1967 2752 2020 καὶ
2782 1965 3058 2029 ἐπιδόξους
3105 1966 3300 2026 αὐτοὺς
3336 1963 3424 2016 διὰ
3455 1964 3555 2034 τὴν
3586 1962 3702 2014 ὀνο-

2124 2059 2324 2129 μασίαν
2373 2058 2664 2130 ἐργάσεται
2708 2057 2807 2128 τὴν
2861 2058 3103 2110 οἰκείαν·
3153 2057 3398 2126 διαμενεῖ
3450 2071 3510 2108 τε
3560 2059 3701 2110 κατὰ

2123 2150 2303 2222 πάσης
2328 2151 2427 2220 τῆς
2455 2152 2556 2221 γῆς
2589 2151 2725 2221 μετὰ
2765 2150 2958 2203 πολλοῦ
2994 2148 3087 2202 τοῦ
3130 2149 3404 2220 θαύματος
3435 2147 3704 2218 ἀνυμνού-

2129 2259 2308 2313 μενος,
2345 2243 2428 2312 ἐφ’
2461 2237 2540 2306 οἷς
2570 2241 2804 2295 τοσαῦτα
2834 2244 2926 2295 καὶ
2952 2241 3254 2312 τηλικαῦτα
3285 2239 3549 2310 πεποίηκε
3578 2240 3704 2309 περὶ

2120 2335 2246 2396 τοὺς
2282 2333 2380 2405 τὴν
2407 2333 2569 2386 αὐτοῦ
2615 2333 2895 2404 μετιόντας
2941 2334 3254 2403 ὀνομασίαν,
3296 2333 3438 2399 λέγω
3470 2331 3536 2400 δὴ
3580 2331 3703 2390 τοὺς

2121 2426 2270 2488 υἱοὺς
2306 2424 2554 2496 Ἰσραήλ·
2595 2424 2691 2478 νῦν
2723 2425 2820 2494 μὲν
2865 2426 3060 2487 αὐτοὺς
3101 2426 3163 2476 ἐκ
3200 2424 3300 2493 τῆς
3328 2420 3704 2492 αἰχμαλωσίας

2124 2519 2274 2590 παρὰ
2301 2522 2480 2574 πᾶσαν
2503 2520 2789 2588 ἐπανάγων
2819 2520 3006 2572 ἐλπίδα
3026 2535 3040 2548 ·
3079 2521 3194 2590 μετ’
3225 2521 3398 2572 ἐκεῖνο
3427 2519 3482 2571 δὲ
3514 2519 3576 2570 ἐν
3604 2518 3704 2570 ὀλί-

447 2623 564 2675 γοις
617 2608 797 2671 αὐτοῖς
845 2607 1001 2678 νίκην
1048 2608 1560 2678 καταπραττόμενος
1613 2609 1800 2679 αὐτὴν,
1831 2610 1923 2678 ἀφ’
1967 2604 2036 2681 ἧς
2093 2610 2460 2682 άναρίθμητόν
2494 2629 2545 2664 τι
2579 2611 2780 2682 πλῆθος
2824 2611 3147 2682 ἐρρωμένων
3205 2609 3428 2680 ἀνδρῶν,
3474 2609 3552 2678 (p.
3581 2601 3703 2664 296)

449 2697 544 2749 καὶ
586 2697 665 2760 είς
704 2697 1001 2768 πολεμικὴν
1037 2698 1326 2768 ἐμπειρίαν
1357 2701 1907 2771 παρεσκευασμένων,
1939 2702 2026 2754 διὰ
2052 2703 2158 2756 τῶν
2178 2705 2409 2757 εὐτελῶν
2454 2703 2659 2756 τούτων
2702 2702 2796 2755 καὶ
2854 2702 3231 2772 εύαριθμήτων
3261 2700 3539 2764 παντελῶς
3567 2699 3706 2752 κατὰ

445 2789 546 2861 τὴν
567 2790 770 2842 οἰκείαν
797 2789 1136 2860 τροπώσεται
1172 2791 1419 2860 δύναμιν.

519 2882 610 2935 Sic
652 2888 830 2936 autem
867 2895 989 2934 eum
1021 2897 1083 2935 ea
1118 2881 1383 2946 dixisset,
1439 2898 1558 2952 qua:
1597 2891 1722 2953 post
1777 2883 2010 2939 reditum

2202 2883 2362 2938 ’Λλλὰ
2387 2883 2494 2954 γὰρ
2520 2881 2661 2936 οὕτω
2681 2881 2749 2934 τὰ
2771 2880 2906 2951 μετὰ
2919 2881 3017 2951 τὴν
3033 2879 3140 2934 ἀπὸ
3167 2878 3481 2940 Βαϐυλῶνος
3515 2878 3704 2931 ἐπάνο·

448 2970 723 3041 Babylone
753 2969 932 3025 futura
967 2979 1155 3036 erant,
1187 2987 1309 3042 qua:
1335 2973 1592 3027 nimirum
1644 2976 1746 3029 sub
1780 2975 2017 3031 Zoroha-

2129 2976 2208 3029 δον
2235 2973 2547 3045 ὑπάρξοντα
2571 2973 2752 3034 αὐτοῖς
2774 2970 3032 3041 εἰρηκὼς,
3066 2970 3101 3023 ἃ
3129 2969 3221 3022 τοῦ
3261 2968 3566 3038 Ζοροϐάϐελ.
3587 2984 3705 3022 κατ’

450 3061 589 3126 bele,
618 3060 838 3117 Davidis
869 3063 1036 3130 stirpe
1077 3069 1234 3128 orto,
1263 3063 1420 3133 juxta
1454 3063 1548 3120 Dei
1594 3067 2014 3136 promissionem

449 3164 731 3224 regnante,
772 3153 906 3223 ipsis
945 3155 1064 3209 sine
1099 3155 1266 3210 dubio
1291 3157 1694 3226 contingerent,
1731 3159 2019 3227 promissis

451 3245 688 3316 propriis
731 3245 943 3300 fidelem
985 3245 1153 3299 Deum
1189 3247 1381 3302 volens
1412 3249 1675 3318 propheta
1713 3251 2018 3311 ostendere,

450 3345 505 3392 et
537 3337 760 3390 multam
786 3337 1009 3406 iis,quae
1031 3337 1330 3392 secundum
1356 3337 1599 3407 ejusdem
1622 3338 2019 3407 beneplacitum

453 3427 608 3491 fiunt,
640 3428 806 3481 robur
830 3427 1182 3496 praebentem,
1235 3443 1420 3484 rerum
1457 3428 1811 3484 Zorohabelis
1847 3446 2024 3485 exem-

451 3519 542 3587 plo
594 3520 784 3571 utitur.
813 3516 1081 3573 Caeterum
1121 3517 1248 3588 quia
1299 3518 1471 3571 multo
1505 3519 1682 3572 serius
1715 3518 1829 3573 hasc
1861 3535 2024 3574 even-

453 3618 576 3663 tura
614 3610 968 3674 videbantur,
1017 3610 1225 3664 scilicet
1278 3624 1308 3663 a
1346 3609 1621 3682 Babylone
1669 3611 1920 3673 reditus,
1970 3620 2026 3665 et

451 3697 586 3769 Gogi
623 3709 746 3769 post
804 3700 956 3753 illum
1013 3699 1248 3754 reditum
1289 3701 1596 3770 erpeditio;
1636 3712 2026 3756 commemorat

451 3795 708 3863 propiora
732 3831 747 3856 ,
777 3799 832 3848 et
865 3807 988 3863 qua:
1034 3791 1179 3846 haud
1213 3803 1484 3847 remotum
1511 3793 1721 3846 exitum
1774 3793 2025 3847 habitura

453 3891 612 3936 erant
637 3923 652 3947 ,
689 3898 780 3939 res
832 3897 1028 3952 nempe
1079 3881 1428 3951 Assyriorum
1469 3883 1572 3937 sub
1599 3881 1832 3948 Ezecia;
1868 3891 1928 3936 ut
1958 3899 2026 3938 ex

453 3973 722 4042 proximis
744 4013 759 4039 ,
792 3987 888 4028 seu
921 3987 1030 4026 non
1083 3972 1259 4025 multo
1316 3980 1440 4040 post
1479 3971 1678 4026 futuris
1701 4013 1714 4037 ,
1745 3972 1902 4026 fidem
1956 3973 2026 4028 iis

456 4065 776 4122 conciliaret
806 4079 926 4132 qua:
949 4063 1108 4132 longa
1139 4071 1262 4131 post
1292 4068 1536 4130 tempora
1572 4061 1768 4116 forent.
1798 4063 2026 4116 Constat

457 4163 641 4211 autem
673 4156 788 4209 haec
811 4153 1123 4224 praedixisse
1143 4153 1486 4222 prephetam,
1512 4161 1570 4206 ut
1601 4154 1738 4208 liber
1763 4154 2025 4219 ostendit,

457 4245 654 4302 diebus
681 4243 976 4307 Joathami,
1016 4251 1070 4298 et
1113 4242 1340 4305 Achazi,
1377 4249 1430 4297 et
1455 4241 1692 4308 Ezecim;
1728 4243 1802 4296 ita
1841 4254 1900 4298 ut
1929 4260 2024 4297 va-

2121 3067 2446 3136 ἐπαγγελίαν
2457 3065 2588 3118 Θεοῦ
2609 3065 2670 3116 ἐκ
2687 3063 2776 3116 τοῦ
2791 3063 2952 3115 Δαυὶδ
2968 3061 3144 3116 αὐτῶν
3162 3059 3532 3130 βασιλεύοντος
3550 3077 3700 3130 περι-

2121 3156 2372 3226 γενέσθαι
2401 3157 2614 3218 πάντως
2638 3153 2866 3224 ἤμελλεν
2890 3155 3091 3216 αὐτοῖς,
3120 3151 3305 3221 ἐπειδὴ
3321 3153 3436 3214 ταῖς
3467 3151 3703 3217 ἐπαγγε-

2120 3252 2262 3312 λίαις
2297 3251 2415 3311 ταῖς
2446 3248 2668 3309 οἰκείαις
2719 3247 3049 3316 προσέχοντα
3076 3245 3164 3296 τὸν
3187 3243 3317 3294 Θεδν
3355 3244 3382 3293 ὁ
3418 3243 3704 3311 προφήτης

2138 3333 2405 3404 ἐϐουλήθη
2431 3335 2619 3401 δεῖξαι,
2643 3334 2841 3405 πολλὴν
2856 3336 2966 3398 τοῖς
2983 3333 3121 3386 κατὰ
3148 3334 3208 3386 τὸ
3237 3333 3382 3403 αὐτῷ
3401 3333 3513 3403 (59)
3547 3352 3609 3402 γε
3625 3333 3706 3386 δοο

2137 3423 2265 3476 κοῦν
2301 3425 2639 3494 γιγνομένοις
2655 3425 2961 3494 παρέχοντα
2983 3424 3080 3494 τὴν
3103 3424 3275 3493 ἰσχὺν,
3308 3421 3582 3487 ἀποδείξει
3599 3428 3706 3486 τοῖς

2135 3515 2278 3568 κατὰ
2296 3515 2384 3567 τὸν
2409 3515 2709 3584 Ζοροϐάϐελ
2729 3515 3072 3586 χρησάμενος
3096 3531 3109 3545 ·
3135 3514 3305 3566 ἐδόκει
3325 3514 3379 3566 δὲ
3413 3515 3550 3582 μετὰ
3573 3515 3704 3566 πολὺ

2131 3606 2302 3658 ταῦτα
2323 3605 2587 3673 γίνεσθαι,
2611 3607 2680 3658 τά
2692 3623 2747 3656 τε
2768 3606 2864 3674 τῆς
2891 3605 3147 3657 ἐπανόδου
3173 3603 3317 3672 λέγω
3338 3605 3434 3672 τῆς
3464 3606 3579 3657 ἀπὸ
3599 3605 3700 3656 Βα-

2133 3695 2388 3758 ϐυλῶνος,
2421 3696 2515 3748 καὶ
2545 3695 2611 3746 τὰ
2643 3694 2780 3764 μετὰ
2807 3693 2903 3764 τὴν
2934 3694 3190 3747 ἐπάνοδον
3218 3694 3432 3763 ἐκείνην
3472 3695 3554 3757 είς
3581 3695 3702 3757 τοῦς

2132 3787 2258 3856 περὶ
2277 3785 2366 3838 τὸν
2387 3783 2510 3852 Γὼγ
2531 3785 2790 3851 γεγονότα
2809 3800 2823 3814 °
2851 3784 3122 3854 μέμνηται
3154 3783 3260 3834 τῶν
3287 3785 3454 3851 ἐγγὺς
3470 3785 3568 3837 καὶ
3594 3800 3709 3852 μετ’

2132 3880 2192 3932 οὐ
2219 3877 2354 3932 πολὺ
2386 3877 2484 3945 τὴν
2507 3874 2729 3928 ἔκϐασιν
2753 3877 3154 3945 λαμϐανόντων,
3182 3874 3326 3942 λέγω
3345 3875 3410 3945 δὴ
3441 3876 3552 3928 τῶν
3581 3875 3704 3945 περὶ

2129 3973 2256 4035 τοὺς
2297 3973 2610 4045 Ἀσσυρίους
2632 3974 2723 4026 ἐπὶ
2762 3973 2856 4025 τοῦ
2901 3971 3138 4035 Ἐζεκίου
3168 3973 3513 4044 συμϐάντων,
3551 3972 3616 4023 ἵν’
3647 3974 3706 4022 ἐκ

2133 4069 2242 4120 τῶν
2271 4067 2497 4136 ἐγγύθεν
2525 4069 2618 4120 καὶ
2655 4069 2770 4138 μετ’
2802 4068 2862 4120 ού
2900 4068 3032 4121 πολὺ
3074 4069 3394 4137 γινομένων,
3425 4067 3532 4119 τῶν
3571 4065 3705 4137 μετᾶ

2135 4158 2379 4226 μακροὺς
2406 4157 2675 4226 ἐσομένων
2699 4157 2823 4218 τοὺς
2842 4157 3061 4226 χρόνους
3092 4158 3440 4226 παράσχηται
3472 4156 3574 4224 τὴν
3608 4155 3700 4204 πί-

2135 4262 2252 4296 στιν
2267 4261 2280 4274 ’
2307 4243 2524 4314 εὔδηλον
2543 4243 2748 4314 γὰρδτι
2766 4243 2935 4296 ταῦτα
2963 4245 3331 4314 προηγόρευεν
3347 4246 3374 4296 ὁ
3402 4247 3703 4314 προφήτης,

456 4336 708 4391 licinium
738 4348 907 4404 prope
934 4334 1077 4388 absit
1117 4333 1186 4387 ab
1218 4331 1425 4387 Ezeeia:
1472 4332 1654 4386 rebus.
1683 4330 1789 4386 Sed
1841 4342 2020 4388 tamen

2133 4334 2209 4397 ῶς
2245 4336 2278 4404 ἡ
2300 4334 2490 4396 Βίϐλος
2507 4333 2672 4403 δηλοῖ,
2693 4335 2748 4387 ἐν
2776 4335 3007 4405 ἡμέραις
3037 4335 3272 4405 Ἰωάθαμ
3294 4335 3386 4387 καὶ
3417 4337 3598 4404 ’Ἄχας⁹
3615 4334 3706 4386 καὶ

456 4435 591 4482 tunc
613 4425 1017 4496 portendebat,
1047 4432 1101 4479 et
1128 4423 1285 4494 quasi
1321 4431 1448 4478 ante
1488 4423 1654 4492 pedes
1693 4425 2030 4494 proponebat

459 4518 668 4573 exitum
699 4516 942 4572 omnium
971 4555 984 4579 ,
1019 4529 1205 4569 coram
1242 4516 1310 4569 iis
1343 4515 1436 4585 qui
1476 4530 1598 4570 cum
1640 4523 1765 4569 ante
1795 4530 1908 4569 rem
1941 4530 2031 4585 ge-

461 4621 601 4667 stam
631 4609 976 4680 excepissent
1006 4606 1304 4678 prophetia:
1331 4621 1543 4673 vocem,
1582 4613 1837 4660 eventum
1871 4608 2030 4676 quasi

459 4700 770 4772 proximum
824 4698 1203 4768 aspiciebant;
1254 4699 1434 4750 utsic
1472 4695 1789 4750 ostenderet
1847 4712 2030 4752 rerum

461 4791 671 4846 Ezeciae
697 4789 1068 4855 proximarum
1095 4825 1111 4852 ,
1159 4802 1287 4841 eum
1337 4787 1446 4840 illis
1476 4784 1827 4841 Zorobabelis
1857 4787 2033 4842 multo

459 4891 584 4950 post
608 4879 830 4945 futuris,
857 4879 1270 4949 cognationem;
1297 4886 1462 4947 atque
1487 4891 1550 4931 ex
1577 4877 1824 4947 utrisque
1851 4879 2030 4947 palam

461 4973 914 5042 faceret,quanta
947 4981 1092 5026 esset
1122 4971 1429 5026 divinarum
1462 4970 1888 5040 promissionum
1923 4972 2028 5027 vis.

460 5065 621 5123 Unde
650 5080 756 5119 non
785 5073 915 5117 tunc
936 5062 1314 5116 tantummodo
1335 5077 1457 5117 cum
1482 5063 1751 5118 habebant
1773 5063 2032 5120 Israelita:

463 5157 856 5213 Zorobabelem
891 5154 1084 5208 ducem
1107 5195 1122 5218 ,
1164 5153 1261 5208 sed
1289 5162 1447 5207 antea
1483 5169 1702 5223 quoque
1736 5171 1862 5210 cum
1899 5157 2032 5211 Eze-

461 5250 580 5306 eias
611 5247 744 5316 ipsis
797 5245 1171 5299 dominaretur
1207 5283 1222 5307 ,
1270 5260 1337 5299 ex
1390 5243 1484 5299 Dei
1521 5247 1886 5315 promissione
1917 5250 2033 5318 ipse

461 5341 666 5413 pariter
692 5338 1057 5408 principatum
1096 5343 1402 5401 assecutus,
1424 5345 1606 5392 tantus
1632 5341 1907 5396 exercitus
1934 5343 2033 5396 ad-

463 5447 659 5489 versus
689 5429 994 5486 Jerusalem
1018 5427 1245 5482 veniens
1273 5428 1413 5481 nihil
1443 5430 1612 5484 valuit
1639 5430 1873 5499 efficere,
1905 5435 2034 5504 quia

535 5565 582 5597 ”
615 5563 740 5621 Osc.
779 5565 913 5630 t,fl.
945 5559 994 5598 ⁸⁹
1029 5565 1176 5621 l’sal.
1209 5575 1414 5630 cxxxn,
1444 5565 1496 5618 l.

561 5701 650 5770 39)
675 5701 808 5755 Cod.
838 5704 988 5757 αὑτό.

561 5702 650 5770 39)
675 5702 808 5755 Cod.
838 5704 937 5754 αύτ

539 5702 654 5841 ξω)
694 5770 774 5825 lt-a
804 5772 938 5827 Cod.

2143 4423 2405 4488 Ἐζεκίου·
2424 4423 2561 4477 ὥστε
2583 4425 2644 4477 οὐ
2674 4425 2950 4495 πόρρωθεν
2972 4427 3003 4496 ἡ
3024 4427 3323 4497 πρόρρησις
3345 4423 3411 4496 ἦν
3437 4426 3545 4478 τῶν
3569 4425 3707 4478 κατὰ

2133 4517 2224 4569 τὸν
2254 4513 2500 4578 Ἑζεκίαν
2519 4532 2530 4544 ’
2556 4514 2692 4568 ἀλλὰ
2711 4515 2818 4586 γὰρ
2837 4515 3038 4585 ἐμήνυε
3067 4516 3187 4568 τότε
3224 4515 3315 4568 καὶ
3343 4513 3492 4583 παρᾶ
3539 4513 3703 4574 πόδας

2139 4607 2408 4677 ἐλάμϐανε
2421 4606 2516 4677 τὴν
2536 4605 2757 4659 ἔκϐασιν
2773 4605 3006 4670 πάντων,
3029 4609 3081 4659 oi
3096 4607 3206 4676 (40)
3223 4605 3327 4676 πρὸ
3339 4605 3445 4657 τῶν
3461 4604 3708 4673 πραγμά-

2139 4715 2244 4751 των
2282 4698 2382 4765 τῆς
2423 4697 2757 4768 προφητείας
2791 4697 2976 4767 ἔτυχον
3008 4697 3314 4767 δεδεγμένοι
3347 4696 3456 4767 (Η)
3503 4696 3703 4764 φωνὴν,

2137 4787 2213 4857 (p.
2249 4788 2376 4857 297)
2427 4787 2656 4857 ἐγγύθεν
2717 4787 2966 4859 δρώντων
3013 4789 3112 4858 τὴν
3154 4789 3415 4842 ἔκϐασιν·
3462 4790 3527 4840 ἵν’
3567 4788 3706 4839 οὕτω

2133 4887 2278 4957 δείξῃ
2310 4886 2417 4938 τῶν
2448 4885 2588 4938 κατὰ
2617 4883 2707 4938 τὸν
2746 4881 2990 4946 Ἐζεκίαν
3018 4878 3245 4948 ἐγγύθεν
3267 4876 3450 4936 ὄντων,
3479 4874 3616 4944 πρὸς
3643 4873 3708 4921 τὰ

2136 4975 2228 5029 τοῦ
2266 4974 2565 5045 Ζοροϐάϐελ
2613 4972 2750 5042 μετὰ
2787 4970 2951 5024 πολὺν
2986 4969 3075 5021 τὸν
3109 4968 3296 5038 χρόνον
3334 4964 3586 5031 ἐσόμενα.
3615 4959 3708 5028 τὴν

2140 5068 2453 5136 συγγένειαν
2472 5083 2485 5096 ο
2513 5065 2670 5134 δῆλόν
2697 5081 2754 5116 τε
2783 5063 2848 5115 δι’
2875 5061 3193 5132 ἀμφοτέρων
3220 5058 3418 5126 ποιήσῃ
3459 5053 3597 5122 πόση
3627 5068 3708 5111 τις

2137 5156 2204 5230 ἦν
2228 5160 2325 5229 τῆς
2352 5156 2680 5226 ἐπαγγελίας
2713 5157 2745 5225 ἡ
2779 5155 2930 5223 ἰσχὺς
2953 5154 3048 5222 τῆς
3077 5152 3246 5213 θείας
3275 5151 3367 5218 ἀφ’
3400 5142 3474 5200 ὧν
3501 5149 3560 5199 οὐ
3593 5147 3705 5198 τότε

2144 5251 2299 5321 μόνον
2326 5250 2454 5320 (ὅτε)
2488 5248 2781 5317 τετύχηκεν
2807 5249 2836 5298 ό
2863 5245 3076 5314 Ἰσραὴλ
3108 5242 3406 5312 ἡγουμένου
3433 5238 3523 5291 τοῦ
3555 5239 3707 5306 Ζορο-

2141 5342 2324 5404 ϐάϐελ,
2351 5343 2483 5394 ἀλλὰ
2510 5343 2601 5394 καὶ
2639 5341 2898 5411 πρότερον
2935 5340 3021 5391 ὅτε
3051 5353 3156 5404 περ
3187 5337 3215 5387 ὁ
3261 5333 3500 5396 Ἑζεκίας
3533 5327 3708 5381 αὐτῶν

2139 5434 2438 5499 ἐϐασίλευε,
2465 5433 2604 5486 κατὰ
2631 5433 2727 5503 τὴν
2753 5427 3080 5500 ἐπαγγελίαν
3121 5426 3219 5495 τὴν
3249 5424 3396 5477 θείαν
3432 5421 3521 5474 καὶ
3546 5419 3708 5480 αὐτὸς

2218 5703 2328 5776 (41)
2363 5703 2496 5758 Cod.
2531 5704 2724 5772 δεδειγ.
