3828 6216
148 352 248 407 ΞΠ
1095 351 1644 411 COMMENTARIUS
1683 354 1751 408 ΙΝ

1870 355 2101 412 ΟΗᾹΞΔΕ
2136 357 2286 412 CAP.
2328 358 2392 416 ν.
3313 366 3417 426 578

149 476 229 536 εἰς
256 473 356 544 τὴν
389 474 564 545 ἀρχὴν
595 473 900 545 παρελθὼν,
940 475 1301 546 στρατοπέδου
1337 475 1436 546 μὲν
1478 475 1742 546 ἐπεληλυ-

1865 477 2088 532 livinum
2123 479 2309 534 aderat
2346 477 2503 549 195
2530 479 2791 534 auxilium
2820 480 2870 536 ei
2921 479 3016 549 qui
3049 496 3112 535 ex
3144 479 3240 535 Dei
3290 497 3417 550 pro-

151 561 303 625 06m;
332 565 588 617 τοσούτου
620 568 684 635 τῇ
724 565 1099 636 Ἰερουσαλὴμ,
1120 564 1312 619 ἀνῦσαι
1338 566 1395 619 δὲ
1424 567 1744 638 δυνηθέντος

1865 568 2114 621 missione
2140 583 2366 637 regnum
2397 569 2612 622 lsraelis
2651 569 2889 623 tenebat.
2921 568 3248 638 Quanquam
3290 585 3420 626 vero

152 656 325 719 οὒδὲν,
357 656 446 709 διὰ
482 656 540 710 τὸ
568 658 667 727 τὴν
698 657 847 710 θείαν
877 661 1154 727 προσεῖναι
1188 659 1358 729 ῥοπὴν
1378 658 1456 728 τῷ
1483 659 1622 711 κατὰ
1645 659 1744 728 τὴν

1865 657 2018 712 idem
2067 658 2254 714 hostes
2306 658 2492 713 decem
2546 659 2787 713 tribuum
2841 675 3066 729 regnum
3117 669 3224 713 tam
3263 660 3422 714 facile

155 747 490 814 ἐπαγγελίαν
504 746 596 798 τού
617 746 753 799 Θεοῦ
773 747 873 817 τήν
897 746 1172 816 βασιλείαν
1192 747 1368 816 ἔχοντι
1390 747 1480 800 τοῦ
1507 749 1740 819 Ἰσραήλ·

1865 746 2310 817 subjugavcrant,
2346 750 2705 806 nihilominus
2747 765 2869 805 cum
2913 758 3035 820 post
3069 750 3212 804 illam
3247 752 3423 803 victo-

157 839 335 890 καίτοι
367 854 431 905 γε
461 839 560 906 τῆς
588 839 695 890 τῶν
730 839 860 890 δέκα
898 838 1077 906 φυλῶν
1113 837 1386 907 βασιλείας
1417 840 1465 891 οἱ
1501 839 1651 891 αὐτοί
1679 855 1744 906 γε

1865 839 1989 892 riam
2029 839 2328 894 Jerusalem
2371 843 2576 910 agressi
2609 852 2838 905 essent,
2877 843 2945 896 ab
2989 843 3180 912 angelo
3210 841 3418 896 cladem

161 927 300 994 μετά
337 928 540 997 πολλῆς
585 930 957 999 κεκρατήκασι
995 928 1096 997 τῆς
1144 929 1458 998 εύμαρείας,
1515 928 1563 981 οἳ
1613 927 1750 999 μετά

1865 931 1993 984 ιιιεεί
2030 940 2176 985 sunt.
2210 932 2557 998 Exploratum
2603 942 2687 989 est
2717 936 2860 988 cnim
2907 941 3040 988 tunc
3083 949 3305 1004 quoque
3338 934 3422 987 di-

156 1019 254 1085 τὴν
299 1019 424 1068 κατ’
474 1018 694 1071 ἐκείνων
736 1019 891 1089 νίκην
937 1017 1326 1086 ἐπεληλυθότες
1368 1021 1432 1088 τῇ
1482 1019 1750 1088 Ἰερουσα-

1865 1021 1991 1075 tisse
2019 1021 2186 1075 Deum
2213 1041 2226 1076 :
2265 1024 2460 1079 Urbem
2491 1024 2632 1078 hanc
2665 1032 2718 1078 et
2748 1037 2972 1094 propter
3005 1041 3091 1079 me
3115 1035 3170 1078 et
3201 1033 3422 1094 propter

159 1107 288 1176 λὴμ,
329 1109 595 1179 μεγίστην
624 1113 686 1162 ὲκ
717 1110 814 1180 τῆς
844 1111 936 1163 τοῦ
979 1109 1211 1178 ἀγγέλου
1252 1110 1463 1180 πληγῆς
1504 1110 1750 1173 ἐδέξαντο

1865 1111 2104 1166 )avidem
2161 1130 2377 1168 servum
2427 1131 2605 1170 meum
2647 1115 2975 1183 defendam;
3014 1117 3420 1179 demonstrans,

159 1198 255 1267 τήν
282 1201 576 1270 τιμωρίαν.
611 1201 860 1254 Φαίνεται
902 1201 1008 1272 γὰρ
1050 1200 1143 1253 καὶ
1170 1203 1227 1253 ἐν
1265 1200 1492 1262 ἐκείνοις
1516 1200 1688 1267 λέγων
1722 1203 1749 1252 6

1865 1198 1990 1268 μιοά
2053 1204 2451 1270 promissorum
2493 1203 2679 1257 Davidi
2739 1220 2977 1267 memor,
3011 1220 3157 1259 nunc
3208 1220 3424 1274 quoque

159 1289 312 1353 Θεὸς,
349 1292 433 1342 ὅτι
483 1291 833 1360 Ὑπερασπιῶ
867 1292 966 1361 τῆς
989 1292 1197 1354 πόλεως
1211 1291 1410 1360 ταύτης
1444 1290 1511 1342 δι’
1539 1291 1637 1359 ἐμὲ
1654 1291 1747 1342 καὶ

157 1380 244 1433 διὰ
274 1381 444 1433 Δαυὶδ
486 1381 578 1433 τὸν
605 1380 789 1434 δοῦλόν
827 1399 926 1451 μου
949 1399 961 1413 ο
995 1381 1208 1444 δεικνὺς
1246 1382 1330 1434 ὅτι
1367 1379 1476 1433 τῶν
1515 1382 1750 1446 ἐπαγγε-

1854 1290 1993 1344 idem
2030 1294 2342 1360 praestabit,
2374 1310 2532 1364 opem
2564 1296 2808 1365 praebens
2839 1312 3063 1366 regnum
3093 1296 3310 1351 lsraclis
3345 1306 3426 1350 te-

1854 1382 2028 1445 uenti,
2053 1383 2105 1436 id
2137 1392 2220 1438 est
2252 1384 2476 1439 Ezecite.

159 1475 289 1527 λιῶν
315 1473 426 1528 τῶν
451 1475 587 1544 πρὸς
616 1477 818 1528 ἐκεῖνον
853 1475 1214 1546 μεμνημένος,
1231 1474 1325 1528 καὶ
1355 1475 1423 1529 τά
1449 1474 1542 1527 νῦν
1577 1472 1737 1534 αὐτὸς
1767 1471 2135 1542 διαπράξεται,
2166 1476 2439 1546 συνεργῶν
2462 1475 2538 1547 τῷ
2563 1477 2685 1530 τότε
2711 1477 2809 1547 τὴν
2839 1476 3107 1546 βασιλείαν
3133 1477 3304 1547 ἔχοντι
3328 1475 3423 1528 τοῦ

175 1569 414 1640 Ἰσραὴλ,
442 1571 589 1637 λέγω
614 1570 676 1641 δὴ
701 1569 778 1640 τῷ
821 1570 1056 1641 Ἐζεκία.

233 1660 389 1729 Στίχ.
425 1667 487 1722 ε’,
525 1661 946 1732 ς¹.-Εἰρηκὼς
970 1661 1150 1714 τοίνυν
1186 1662 1256 1716 τά
1293 1661 1436 1715 κατά
1460 1661 1550 1714 τὸν
1578 1661 1738 1730 Ζορο-

1911 1655 2077 1710 Vsus.
2105 1657 2157 1722 5,
2182 1655 2235 1710 6.
2265 1687 2331 1697 -—
2360 1656 2658 1724 Postquam
2707 1657 2890 1726 itaque
2917 1657 3148 1711 dixisset
3197 1673 3285 1711 res
3318 1655 3424 1709 Zo—

166 1749 356 1814 δάὃελ,
379 1751 454 1814 ὡς
487 1752 643 1823 ἔφην,
696 1753 976 1824 πόρρωθεν
1002 1753 1154 1817 ὄντα,
1187 1753 1500 1822 ἀναγκαίως
1539 1753 1626 1806 διὰ
1654 1753 1752 1821 τὴν

166 1843 275 1893 τῶν
311 1844 654 1913 πραγμάτων
689 1845 1028 1912 συγγένειαν,
1073 1849 1153 1909 είς
1185 1846 1285 1916 τὴν
1323 1844 1415 1898 τοῦ
1458 1844 1752 1917 προκειμέ-

167 1948 258 1983 νου
314 1932 601 1994 σύστασιν,
655 1934 926 2004 μέμνηται
973 1934 1083 1989 τῶν
1134 1937 1275 1988 κατά
1315 1937 1407 1989 τὸν
1469 1934 1752 2005 Ἀσσύριον

168 2023 260 2074 ἐπὶ
307 2023 405 2075 τοῦ
452 2024 692 2088 Ἐζεκίου
745 2025 1064 2094 γεγονότων,
1112 2027 1206 2080 καί
1253 2041 1452 2096 φησιν’
1503 2026 1579 2097 (p.
1624 2026 1750 2093 298)

175 2133 194 2163 ι
251 2113 365 2166 Καὶ
411 2113 563 2167 ἔσται
623 2114 758 2185 αἴτη
801 2117 836 2186 ή
887 2118 1096 2187 εἰρήνη,
1151 2116 1227 2169 ὅτ’
1272 2116 1336 2169 ἂν
1382 2117 1410 2168 6
1470 2114 1753 2185 Ἀσσύριος

173 2205 376 2277 ἐπέλθῃ
403 2206 495 2258 ἐπὶ
521 2205 620 2275 τὴν
645 2205 748 2275 γῆν
773 2207 800 2258 ύ
810 2206 945 2276 μῶν,
983 2207 1078 2260 καὶ
1104 2208 1180 2260 ὅτ’
1213 2207 1277 2260 ἂν
1311 2206 1490 2277 ἀποϐῇ
1532 2207 1624 2259 ἐπὶ
1653 2208 1752 2278 τὴν

173 2295 353 2366 χώραν
388 2296 561 2365 ὑμῶν.
612 2315 631 2348 ι
670 2296 840 2349 Τοῦτο
867 2297 976 2368 γὰρ
1016 2297 1101 2368 δὴ,
1136 2299 1322 2365 φησὶν,
1349 2299 1484 2368 ὅπερ
1515 2297 1637 2350 τότε
1665 2297 1752 2350 διὰ

172 2386 265 2438 τοῦ
308 2387 617 2457 Ζοροϐάϐελ
668 2389 964 2458 πεποίηκεν
996 2390 1023 2441 6
1069 2388 1220 2452 Θεὸς,
1267 2389 1479 2451 παύσας
1519 2388 1617 2459 μὲν
1660 2406 1754 2441 τοι·

175 2477 366 2531 σοῦτον
416 2478 674 2548 πόλεμον,
726 2481 946 2550 εἰρήνην
982 2480 1038 2532 δὲ
1090 2481 1314 2550 ἰσχυρὰν
1359 2480 1602 2543 δεδωκὼς
1643 2483 1754 2542 τοῖς

174 2569 420 2631 οἰκείοις.
461 2568 617 2622 τοῦτο
667 2570 731 2640 δή
784 2570 878 2622 καὶ
925 2573 1048 2622 κατ’
1080 2575 1283 2625 ἐκεῖνον
1329 2573 1618 2640 ἐργάσεται
1663 2573 1754 2624 τὸν

178 2661 372 2730 καιρὸν
407 2662 523 2730 μετ’
553 2661 611 2712 ού
647 2661 780 2714 πολὺ
805 2664 1186 2732 γενησόμενον,
1210 2663 1445 2733 ὁπηνίκα
1473 2665 1538 2718 ἂν
1567 2667 1595 2717 6
1630 2664 1754 2717 Ἀσ-

181 2751 366 2820 σύριος
398 2751 598 2822 ἐπέλθῃ
624 2755 689 2823 τῆ
738 2753 1124 2824 Ἰερουσαλήμ·
1155 2757 1277 2808 τότε
1317 2757 1426 2826 γὰρ
1466 2755 1529 2826 δὴ
1578 2774 1756 2826 παρα-

178 2842 345 2906 δόξως
378 2843 478 2911 μὲν
499 2843 559 2894 τὺ
584 2843 805 2895 τοσοῦτο
831 2843 1168 2914 τροπὼσεται
1197 2846 1429 2916 πλῆθος
1457 2848 1756 2918 παράδοξον

181 2933 234 2986 δὲ
265 2936 384 2996 τοῖς
419 2935 640 2998 οἰκείοις
666 2935 888 3006 παρέξει
919 2935 1018 3003 τὴν
1044 2937 1285 3008 εἰρήνην,
1327 2937 1564 2999 Ἐζεκίου
1600 2937 1754 3005 βασι-

182 3025 431 3090 λεύοντος
457 3028 522 3079 ὲκ
557 3026 656 3095 τῆς
688 3005 780 3078 τού
821 3025 980 3078 Δαυὶδ
1011 3005 1258 3096 διαδοχῆς
1289 3028 1429 3080 κατά
1458 3028 1555 3097 τὴν
1586 3031 1758 3095 ἑπαγ-
1785 3005 1828 3060 c

184 3118 370 3185 γελίαν
413 3117 515 3186 τὴν
552 3116 721 3171 Θείαν.
759 3113 893 3169 Εἶτα
941 3117 1114 3185 λέγων
1156 3119 1224 3170 τά
1267 3119 1533 3187 ἐσόμενα·
1579 3137 1596 3168 ι
1650 3118 1761 3171 Καὶ

185 3206 645 3276 ἑπεγερθήσονται
678 3205 764 3258 ἐπ’
798 3206 960 3259 αὐτὸν
997 3207 1136 3259 ἐπτά
1170 3207 1445 3276 ποιμένες,
1485 3206 1581 3260 καὶ
1616 3207 1760 3260 ὀκτὼ

185 3294 443 3364 δήγματα
494 3294 827 3365 ἀνθρώπων·
880 3296 974 3348 καὶ
1022 3296 1344 3367 ποιμανοῦσι
1383 3296 1475 3349 τὸν
1531 3298 1760 3368 Ἀσσοὺρ

188 3387 242 3437 ὲν
277 3387 546 3456 ῥομφαίᾳ.
578 3389 671 3439 καὶ
712 3387 807 3455 τὴν
832 3388 935 3457 γῆν
970 3387 1064 3440 τοῦ
1093 3387 1318 3458 Νεὸρὼδ
1357 3389 1414 3440 έν
1458 3390 1524 3459 τῇ
1569 3389 1762 3458 τάφρῳ

187 3479 380 3546 αὐτῆς.
423 3499 441 3530 ι
474 3478 567 3542 Τὸ,
602 3494 622 3528 ι
661 3479 798 3530 ἑπτὰ
826 3479 1078 3548 ποιμένες
1109 3481 1203 3533 κα)¹
1231 3479 1373 3534 ὀκτὼ
1396 3481 1648 3551 δήγματα
1667 3484 1764 3535 ἀν-

191 3565 448 3637 θρώπων,
507 3583 526 3616 ι
581 3564 980 3635 μυθωδέστερόν
1028 3583 1174 3629 τινες
1220 3567 1566 3636 νενοήκασιν·
1625 3567 1766 3620 έπτά

194 3657 292 3726 μὲν
351 3655 639 3725 ποιμένας,
685 3659 968 3725 προφήτας
1002 3657 1362 3728 ἀριθμοῦντες
1399 3658 1570 3712 ἑπτά⁸
1620 3658 1766 3711 ὀκτὼ

188 3749 242 3801 δὲ
295 3749 588 3817 δήγματα,
658 3746 904 3810 Ἐζεκίαν
960 3748 1099 3818 μετά
1145 3749 1252 3801 τῶν
1310 3750 1766 3820 ὑπηρετουμένων

189 3839 335 3908 αὖτῷ
367 3839 505 3908 πρὸς
531 3840 634 3907 τὴν
662 3837 952 3904 βασιλείαν,
982 3839 1233 3904 λέγοντες
1252 3855 1267 3870 ’
1305 3839 1399 3903 οὒς
1435 3841 1542 3893 οὐδ’
1571 3841 1772 3900 οἵτινές

189 3932 325 3983 εἰσιν
353 3930 404 3982 οἱ
437 3927 582 3980 ὀκτὼ
604 3928 912 3998 δεδύνηνται
940 3928 1140 3996 λέγειν,
1167 3931 1437 3999 ἀποφάσει
1474 3930 1530 3983 δὲ
1562 3930 1654 3983 τὸν
1681 3930 1768 3983 λό-

189 4035 286 4085 γον
321 4016 695 4070 ἐπιστώσαντο
726 4017 817 4070 τὸν
855 4019 1080 4070 οἱκεῖον’
1119 4020 1167 4070 εἰ
1207 4018 1264 4071 δὲ
1301 4021 1426 4082 τοὺς
1468 4021 1767 4090 ὑπηρετου-

194 4109 391 4178 μένους
443 4109 511 4176 τῇ
563 4105 806 4176 βασιλείᾳ
855 4124 940 4170 τις
995 4106 1172 4174 λέγειν
1211 4108 1403 4174 ἐθέλοι,
1454 4110 1544 4162 καὶ
1588 4109 1766 4179 πολλῷ

191 4197 411 4258 πλείους
428 4195 536 4247 τῶν
555 4196 696 4248 ὀκτὼ
717 4196 966 4263 γενέσθαι
987 4197 1320 4268 δυνήσονται.
1349 4199 1423 4268 (p.
1445 4199 1568 4270 9.99)
1610 4201 1769 4254 Ἀλλὰ

1858 1747 2133 1802 robabelis
2183 1747 2362 1802 adhuc
2390 1763 2488 1802 sua
2517 1757 2674 1803 aetate
2707 1759 2967 1812 remotas,
3013 1748 3326 1803 necessario
3357 1749 3428 1801 ob

1857 1851 2149 1894 eventuum
2181 1841 2578 1908 cognationem,
2615 1841 2680 1893 ad
2712 1841 3105 1909 propositionis
3136 1842 3427 1895 confirma-

1858 1933 2083 1997 tionem,
2140 1939 2402 1986 memorat
2458 1932 2857 2000 expeditionem
2915 1935 3264 2003 Assyriorum
3324 1933 3428 1987 sub

1858 2023 2074 2088 Ezecia,
2116 2024 2301 2092 aitque
2325 2039 2338 2074 :
2360 2043 2376 2074 ι
2401 2022 2466 2076 Ει
2492 2023 2596 2078 erit
2629 2023 2744 2077 haec
2776 2039 2900 2093 pax,
2928 2026 3148 2094 quando
3170 2024 3429 2096 Assyrius

1857 2112 2069 2168 venerit
2093 2112 2145 2164 in
2173 2118 2376 2165 terram
2401 2120 2661 2175 vestram,
2696 2122 2748 2168 et
2779 2114 2999 2183 quando
3034 2114 3344 2168 ascenderit
3374 2117 3430 2167 in

1857 2203 2135 2273 regionem
2167 2211 2429 2257 vestram.
2458 2222 2476 2255 ι
2517 2204 2674 2270 Quod
2711 2204 3005 2274 aliquando
3055 2205 3216 2259 faciet
3245 2204 3432 2258 Domi-

1859 2307 1965 2346 nus
1991 2307 2088 2360 per
2115 2290 2528 2358 Zorohabelcm,
2563 2301 2776 2347 tantum
2807 2293 3006 2349 sedans
3031 2295 3256 2358 bellum,
3297 2295 3429 2347 vali-

1858 2385 2092 2453 damque
2120 2398 2307 2454 pacem
2344 2385 2462 2440 suis
2491 2385 2832 2452 concedens;
2885 2387 2939 2440 id
2963 2387 3140 2455 ipsum
3169 2386 3262 2439 illo
3293 2393 3430 2441 tem-

1859 2491 1992 2544 pore
2014 2475 2175 2530 nobis
2198 2477 2508 2545 propinquo
2527 2476 2710 2539 faciet,
2733 2477 2955 2546 quando
2971 2477 3228 2548 Assyrius
3257 2477 3433 2530 veniet

1860 2573 2051 2620 contra
2084 2564 2459 2620 Hierusalem:
2497 2576 2629 2620 tunc
2677 2568 2823 2621 enim
2853 2567 3179 2620 mirabiliter
3230 2575 3432 2620 tantam

1860 2656 2165 2727 proﬂigabit
2209 2658 2658 2713 multitudinem:
2705 2659 3037 2729 insperatam
3090 2667 3267 2712 autem
3319 2658 3435 2714 suis

1859 2749 2124 2804 concedet
2155 2765 2366 2818 pacem,
2408 2751 2600 2805 Ezecia
2636 2760 2920 2822 regnante,
2955 2768 3021 2807 ex
3051 2751 3271 2806 Davidis
3305 2766 3434 2806 suc-

1862 2842 2199 2905 cessoribus,
2237 2843 2536 2896 secundum
2566 2843 2806 2897 divinam
2837 2843 3278 2913 promissionem.
3313 2841 3436 2895 Mox

1864 2930 2044 2984 futura
2066 2932 2287 2987 dicens:
2311 2949 2328 2982 ι
2351 2931 2415 2985 Et
2443 2941 2777 3003 consurgent
2793 2933 3066 2989 adversus
3080 2949 3203 2988 eum
3230 2940 3437 3000 septem

1861 3030 2133 3089 pastores,
2196 3032 2250 3076 et
2297 3031 2422 3076 octo
2469 3037 2686 3078 morsus
2733 3022 3037 3076 hominum.
3095 3021 3160 3074 Et
3213 3027 3438 3090 pascent

1860 3111 2147 3182 Assyrium
2199 3112 2253 3164 in
2285 3113 2489 3181 gladio,
2545 3122 2599 3168 et
2644 3121 2846 3167 terram
2875 3112 3111 3167 Nebrodi
3173 3113 3227 3164 in
3282 3111 3437 3164 fovea

1862 3200 2001 3268 ejus.
2031 3220 2048 3251 ι
2087 3199 2302 3270 Septem
2335 3211 2603 3270 pastores,
2630 3210 2684 3256 et
2712 3209 2837 3255 octo
2877 3216 3098 3255 morsus
3130 3199 3433 3260 hominum,

1862 3290 2170 3345 fabulosius
2236 3291 2487 3345 nonnulli
2559 3292 2963 3352 intellexerunt,
3033 3291 3159 3343 dum
3229 3299 3438 3357 septem

1862 3392 2136 3452 pastores,
2173 3391 2380 3450 septem
2417 3390 2704 3435 numerant
2733 3383 3058 3450 prophetas;
3098 3390 3224 3432 octo
3255 3386 3436 3431 autem

1864 3488 2103 3538 morsus,
2149 3472 2396 3527 Ezeciam
2424 3487 2544 3526 cum
2581 3473 2696 3526 suis
2745 3472 2893 3540 regni
2925 3469 3264 3524 administris
3315 3482 3438 3521 esse

1865 3565 2072 3619 aient-es
2096 3582 2111 3631 ;
2135 3579 2260 3618 nam
2287 3578 2384 3618 nec
2411 3563 2503 3632 qui
2530 3563 2640 3617 sint
2660 3563 2714 3616 hi
2737 3570 2882 3622 octo,
2909 3562 3092 3615 dicere
3115 3568 3435 3629 potuerunt,

1865 3655 2088 3724 solaque
2135 3654 2514 3708 adﬁrmatione
2546 3653 2782 3707 sermoni
2831 3667 2932 3706 suo
2973 3652 3128 3705 fidem
3164 3651 3434 3704 fecerunt.

1868 3743 2027 3810 Quod
2057 3745 2102 3798 si
2139 3757 2328 3798 revera
2371 3743 2438 3797 de
2477 3742 2630 3812 regni
2658 3741 2998 3795 administris
3047 3743 3285 3809 cogitare
3314 3739 3437 3808 quis

1865 3837 2016 3899 velit,
2053 3836 2226 3890 multo
2255 3835 2440 3903 plures
2479 3848 2642 3903 quam
2673 3841 2799 3887 octo
2823 3848 2943 3886 esse
2993 3840 3270 3901 poterunt.
3332 3829 3437 3883 Sed

1870 3929 2032 3998 196
2056 3927 2201 3981 enim
2234 3942 2392 3980 error
2417 3925 2504 3980 his
2527 3926 2622 3994 qui
2655 3925 2727 3978 ita
2753 3925 3083 3993 cogitarunt,
3122 3924 3243 3976 idco
3281 3925 3438 3975 obre-

1865 4023 1996 4090 psit,
2035 4020 2162 4090 quia
2206 4034 2318 4072 non
2356 4017 2708 4071 considerato
2740 4016 2936 4070 divina?
2967 4015 3263 4084 Scriptum
3298 4013 3436 4067 idio-

1863 4111 2048 4175 tismo,
2107 4110 2282 4164 coacti
2339 4118 2466 4163 sunt
2499 4107 2710 4163 fabulas
2761 4108 3069 4176 conﬁngere
3124 4108 3316 4166 aniles.
3377 4113 3438 4158 ut

1869 4203 2073 4274 aliquid
2104 4202 2287 4256 dicere
2312 4198 2650 4256 viderentur.
2708 4199 2802 4255 Est
2850 4211 3028 4254 autem
3061 4200 3256 4252 divinae
3288 4197 3441 4251 Scri-

193 4285 462 4355 πεποίηκε
507 4284 605 4355 τὴν
647 4286 853 4355 πλάνην
907 4290 1020 4350 τοῖς
1073 4287 1215 4340 οὕτω
1267 4289 1561 4358 νενοηκόσι,
1591 4291 1652 4343 τὸ
1692 4291 1761 4363 μὴ

207 4377 286 4393 κ.
385 4374 532 4393 λη,
634 4375 914 4393 ,Δγ-η.
1015 4378 1052 4393 ,ς
1170 4379 1194 4390 -
1282 4380 1294 4393 .
1377 4380 1548 4393 .-.

1869 4303 2042 4364 pturae
2093 4293 2427 4357 idiotismus,
2484 4291 2784 4362 perfectum
2827 4307 3111 4344 numerum
3163 4289 3437 4343 interdum

191 4377 326 4446 πρὸς
364 4375 428 4427 τὸ
465 4374 662 4444 ίδίωμα
703 4375 800 4444 τῆς
833 4377 982 4440 θείας
1014 4378 1233 4447 Γραφῆς
1270 4380 1504 4444 ἀπιδεῖν,
1527 4383 1766 4449 ἀναγκα-

191 4467 388 4536 σθῆναι
415 4465 472 4518 δὲ
503 4464 750 4518 ἐντεῦθεν
789 4465 990 4534 μύθους
1019 4468 1325 4523 ἀναπλάσαι
1360 4471 1642 4539 γραώδεις,
1685 4472 1770 4526 ῐνα

189 4577 243 4612 τι
285 4559 482 4622 δόξωσι
521 4559 720 4627 λέγειν.
764 4559 979 4628 ’ἰδίωμα
1006 4559 1062 4612 δέ
1091 4562 1208 4614 ἐστι
1240 4562 1338 4632 τῆς
1365 4562 1512 4624 θείας
1551 4563 1768 4634 Γραφῆς

189 4651 251 4702 τὺ
295 4651 390 4703 τὸν
417 4651 624 4704 τέλειον
671 4651 904 4722 ἀριθμὸν
947 4652 1118 4704 ἐνίοτε
1156 4653 1341 4706 καλεῖν
1391 4653 1564 4707 ἑπτά·
1604 4655 1665 4707 τὸ
1711 4655 1768 4708 δὲ

193 4740 334 4810 ὑπὲρ
363 4741 542 4804 τοῦτο,
584 4741 702 4794 ἀνθ’
740 4741 1043 4811 ὑπερϐολῆς
1075 4741 1400 4811 λαμϐάνεινο
1443 4744 1627 4814 ἐπειδὴ
1658 4745 1768 4814 γὰρ

192 4833 252 4885 ὲν
282 4831 343 4895 ἐξ
384 4831 620 4901 ἡμέραις
649 4832 904 4902 ἐποίησεν
932 4833 962 4883 ὁ
991 4831 1122 4896 Θεὸς
1163 4833 1252 4885 τὸν
1277 4835 1503 4905 οὐρανὸν
1543 4835 1637 4887 καὶ
1672 4837 1770 4905 τὴν

191 4923 318 4991 γῆν,
341 4924 408 4991 τῇ
436 4921 492 4974 δὲ
517 4921 718 4992 ἑϐδόμῃ
741 4923 1082 4976 κατέπαυσεν
1112 4921 1274 4990 (ὥστε
1301 4927 1393 4977 καὶ
1413 4926 1602 4995 ἀργεῖν
1642 4925 1771 4977 Ἰου-

193 5014 376 5074 δαίους
398 5012 458 5065 τὸ
502 5013 769 5067 σάϐϐατον
806 5013 894 5066 διὰ
925 5014 1128 5082 ταύτην
1157 5017 1256 5086 τὴν
1289 5017 1508 5086 αἰτίαν),
1545 5017 1687 5080 ἆπας
1713 5034 1771 5068 τε

193 5104 223 5153 6
259 5103 370 5156 τῶν
415 5104 634 5174 ἡμερῶν
681 5105 911 5174 ἀριθμὸς
948 5106 1008 5157 ὲν
1047 5108 1165 5167 ταῖς
1195 5107 1334 5159 έπτά
1370 5108 1596 5170 ταύταις
1641 5110 1772 5161 ἀνα-

193 5193 526 5246 κυκλούσθαι
555 5195 734 5259 είωθε,
769 5197 988 5249 πάντων
1021 5196 1337 5266 ἀρχομένων
1371 5198 1469 5266 μὲν
1494 5197 1600 5250 ἀπὸ
1621 5197 1769 5268 πρώ-

193 5302 314 5355 της,
347 5285 622 5354 ληγόντων
647 5285 703 5337 δὲ
734 5287 812 5348 είς
836 5285 934 5356 τὴν
965 5285 1218 5356 ἑϐδόμην,
1251 5287 1386 5355 μετὰ
1407 5287 1461 5338 δὲ
1487 5287 1586 5358 τὴν
1616 5287 1763 5340 £666-

1870 4384 2143 4453 appellare
2170 4381 2538 4451 septenarium
2566 4399 2580 4446 ;
2608 4381 2872 4450 quidquid
2902 4391 3078 4434 autem
3104 4381 3243 4434 ultra
3269 4391 3440 4448 septe-

1867 4475 2081 4528 narium
2140 4480 2245 4537 est,
2305 4487 2404 4541 pro
2453 4486 2684 4526 excessu
2732 4472 2955 4526 habere.
3017 4469 3150 4524 Nam
3185 4470 3311 4532 quia
3342 4485 3437 4523 sex

1865 4565 2061 4620 diebus
2112 4563 2241 4618 fecit
2280 4562 2424 4618 Deus
2458 4563 2657 4615 caelum
2705 4571 2759 4615 et
2809 4569 3036 4622 terram,
3103 4570 3156 4615 ct
3206 4559 3441 4629 septimo

1864 4655 2126 4724 requievit
2160 4653 2351 4724 (quare
2389 4661 2442 4708 et
2479 4651 2652 4706 Judaei
2688 4653 2828 4704 hanc
2865 4651 2936 4704 ob
2974 4665 3195 4704 causam
3224 4650 3276 4703 in
3312 4649 3461 4723 sub-1

1865 4747 1991 4800 bato
2023 4746 2321 4813 otiautur);
2353 4752 2500 4799 totus
2532 4752 2711 4797 autem
2749 4742 2959 4795 dierum
3002 4756 3265 4795 numerus
3295 4742 3439 4796 intra

1868 4838 1971 4891 hoc
2005 4837 2377 4906 septenarium
2407 4835 2613 4889 revolvi
2645 4834 2804 4896 solet,
2837 4833 3054 4887 cunctis
3089 4847 3116 4884 a
3148 4832 3327 4902 primo
3357 4833 3441 4885 in-

1867 4928 2222 4997 cipientibus,
2263 4937 2319 4983 et
2352 4928 2406 4980 in
2445 4926 2738 4996 septimum
2771 4924 3181 4990 desinentibus;
3232 4931 3286 4977 et
3316 4933 3440 4993 post

1869 5019 2262 5074 hebdomadam
2288 5019 2470 5072 denuo
2497 5016 2565 5070 ad
2589 5015 2822 5085 primum
2858 5016 3302 5081 recurrentibus;
3339 5017 3437 5068 hac

1871 5109 1938 5163 de
1969 5123 2134 5162 causa
2163 5108 2348 5162 divina
2379 5104 2686 5175 Scriptura,
2718 5114 2922 5173 septem
2953 5107 3187 5176 appellat
3215 5106 3267 5158 id
3291 5107 3435 5175 quod

1872 5209 1955 5256 est
1987 5199 2284 5268 perfectum
2334 5205 2388 5252 et
2415 5197 2723 5251 absolutum
2752 5213 2767 5263 ;
2822 5203 2946 5250 octo
2974 5203 3173 5260 autem,
3210 5204 3270 5248 ut
3299 5196 3432 5260 dixi,

1867 5305 2176 5346 excessum.

197 5398 328 5452 μην,
371 5375 528 5443 αὖθις
562 5381 655 5432 ἐπὶ
692 5379 789 5451 τὴν
833 5381 1055 5452 πρώτην
1091 5384 1530 5453 ἀνατρεχόντωνο
1586 5387 1675 5439 διά
1729 5389 1930 5458 ταύτην
1971 5389 2005 5457 ἡ
2066 5387 2184 5440 θεία
2217 5387 2406 5458 Γραφή
2456 5385 2554 5457 τὴν
2602 5383 2798 5448 αἰτίαν,
2851 5381 2988 5435 ὲπτά
3023 5382 3122 5453 μὲν
3148 5382 3208 5434 τὸ
3240 5381 3442 5434 τέλειον

196 5473 288 5528 καὶ
316 5473 722 5542 ἀπηρτισμένον
751 5473 926 5536 καλεῖ,
955 5473 1094 5526 ὀκτὼ
1121 5474 1196 5539 δὲ,
1235 5475 1308 5537 ὼς
1335 5472 1506 5542 εἷπον,
1536 5478 1634 5546 τὴν
1657 5478 1979 5550 ὑπερϐολήν.

267 5560 457 5624 Οὕτως
481 5565 508 5614 6
527 5562 660 5626 Θεὸς
684 5564 827 5631 λέγει
853 5564 932 5627 τὸ,
961 5582 980 5614 ι
1019 5564 1191 5617 Ἐπτά
1221 5567 1576 5637 ὲκδικούμενα
1606 5585 1776 5638 παρα-

270 5738 316 5772 ”
339 5738 476 5794 Gen.
506 5755 578 5805 tv,
612 5740 696 5794 15.

1951 5567 2026 5622 Ita
2069 5567 2210 5623 Deus
2250 5568 2362 5620 ait:
2428 5585 2445 5617 ι
2473 5563 2688 5636 Septem
2739 5565 3004 5620 vindictas
3059 5564 3386 5620 exsolvet“.
3416 5581 3434 5616 ι
