3844 6222
365 347 469 401 m
1414 311 1416 314 ’
1572 310 1920 410 Timonem
1952 355 1957 409 1

2062 356 2430 414 PSUESTENI

3494 355 3599 411 1580

373 467 442 522 Ut
480 467 659 524 dicat:
708 467 813 536 Qui
854 469 1122 526 occiderit
1153 472 1302 526 illum
1333 473 1404 528 ob
1437 488 1650 528 summa
1676 475 1928 539 crimina,

2062 477 2181 530 ύσει
2197 489 2211 504 ⁸
2229 493 2246 526 ι
2269 478 2354 530 ἵνα
2375 475 2524 545 εἴπῃ,
2549 475 2628 528 ὅτι
2649 475 2677 527 6
2694 472 2930 544 ἀναιρῶν
2955 473 3116 528 αὑτὸν
3134 472 3273 544 ὑπὲρ
3289 472 3602 542 ἀνηκέστων

368 558 657 612 maximam
683 559 920 628 aliquam
962 561 1285 630 plenamque
1310 561 1413 631 ipsi
1445 561 1754 630 impositam
1783 577 1934 616 com-

367 648 610 717 perietur
671 663 888 718 poenam
947 650 1278 720 persolvere.
1358 649 1547 704 Simile
1599 651 1729 721 quid
1792 653 1935 722 apud

370 739 753 794 Ecclesiastem
777 758 790 794 :
831 758 850 791 ι
875 739 949 794 Da
979 749 1184 811 partem
1209 748 1438 811 septem,
1466 742 1576 796 imo
1596 754 1649 798 et
1677 751 1800 799 octo
1821 746 1890 798 ⁹¹.
1913 763 1931 794 υ

371 827 444 884 Ut
471 830 644 886 dicat:
676 829 907 886 Abunde
929 831 1111 886 tribue
1142 831 1534 900 indigentibus,
1565 842 1619 888 et
1643 849 1712 889 ne
1735 849 1936 889 renuas

370 919 475 972 hac
505 919 558 973 in
604 935 663 975 re
683 921 969 977 excedere.
1001 921 1141 975 Hinc
1181 923 1374 978 beatus
1401 922 1628 981 Petrus:
1673 945 1692 977 ι
1715 925 1940 991 Quoties

372 1009 426 1062 iu
459 1025 544 1064 me
578 1012 823 1080 peccabit
854 1011 1019 1066 frater
1047 1029 1222 1076 meus,
1266 1023 1323 1068 et
1348 1014 1611 1070 dimittam
1661 1017 1779 1070 illi?
1809 1033 1936 1072 num

373 1117 548 1170 usque
583 1103 782 1173 septies
801 1104 874 1157 "‘1
897 1123 916 1156 ι
949 1106 1319 1174 septenarium
1341 1106 1529 1162 dicens
1555 1123 1841 1164 numerum
1881 1119 1942 1162 ut

375 1191 749 1248 sufficientem.
775 1194 945 1259 Quem
964 1197 1031 1249 ah
1051 1210 1116 1251 eo
1135 1211 1462 1266 magnopere
1483 1199 1732 1268 superari
1753 1199 1941 1254 volens

374 1279 658 1347 Dominus,
676 1283 1106 1341 subdiditchon
1128 1286 1252 1341 dico
1278 1289 1374 1342 tibi
1403 1304 1574 1357 usque
1600 1290 1822 1358 septies,
1848 1291 1942 1346 sed

375 1388 552 1443 usque
607 1376 917 1445 septuagies
942 1371 1193 1441 septies.»
1215 1378 1513 1435 consimne
1541 1381 1798 1450 quiddam
1854 1382 1943 1436 hic

376 1479 597 1534 quoque
619 1464 772 1522 dicit.
819 1464 1064 1535 Namque
1093 1467 1377 1538 Assyrium
1408 1485 1532 1524 cum
1564 1474 1806 1526 exercitu
1842 1487 1944 1527 suo

379 1553 778 1619 advenientem,
819 1571 1013 1625 magna
1042 1568 1202 1627 atque
1231 1560 1552 1629 gravissima
1580 1564 1758 1631 angeli
1784 1563 1944 1616 mini-

380 1644 548 1700 sterio
574 1644 804 1699 irrctivit
829 1643 970 1700 Deus
1001 1647 1322 1715 punitione:
1359 1649 1547 1704 multis
1574 1651 1718 1704 enim
1777 1651 1944 1706 inter-

379 1733 557 1798 fectis,
589 1735 643 1788 in
681 1735 862 1806 fugam
894 1752 952 1792 se
975 1737 1171 1807 reliqui
1201 1739 1585 1807 conjecerunt;
1616 1751 1670 1795 et
1701 1742 1942 1796 locorum

2040 567 2415 636 πταισμάτων,
2446 566 2706 636 μεγίστην
2732 565 2854 617 τινὰ
2891 566 2984 617 καὶ
3006 564 3420 636 ἀπηρτισμένην
3455 563 3605 634 αὐτῷ

2041 659 2306 726 τιμωρίαν
2357 655 2708 726 ἐπικειμένην
2749 655 3103 724 εὑρεθήσεται
3141 656 3316 709 λύων·
3367 655 3609 708 τοιοῦτόν

2042 749 2159 800 ἐστι
2199 748 2294 801 καὶ
2341 747 2490 818 παρά
2519 747 2597 816 τῷ
2639 745 3032 816 Ἐκκλησιαστῇ
3066 747 3124 800 τό
3151 763 3164 775 ·
3204 765 3222 796 ι
3273 747 3370 809 Δὸς
3418 746 3609 818 μερίδα

2041 839 2152 900 τοῖς
2181 837 2338 899 ἐπτά,
2386 836 2478 889 καί
2503 853 2566 903 γε
2607 837 2720 897 τοῖς
2759 833 3064 887 ὀκτώοιῖνα
3111 834 3261 908 είπῃ,
3309 835 3611 905 Φιλοτίμως

2043 926 2180 979 δίδου
2235 929 2345 990 τοῖς
2387 925 2677 995 δεομένοις,
2755 923 2886 995 μηδέ
2933 924 3203 995 ὑπερϐολῇ
3270 926 3398 996 περὶ
3450 925 3611 978 τοῦτο
3705 913 3712 918 ’

2044 1017 2277 1086 χρῆσθαι
2324 1015 2788 1086 παραιτούμενος’
2838 1015 3156 1068 ἐντεῦθεν-ὀ
3201 1017 3466 1087 μακάριος
3504 1016 3608 1087 ἐερη

2046 1108 2283 1177 Πέτροςο
2331 1127 2348 1157 ι
2391 1107 2647 1168 Ποσάκις,
2695 1105 2788 1157 ἐὰν
2817 1105 3033 1176 ἁμάρτῃ
3065 1107 3144 1168 εἰς
3187 1108 3286 1177 ἐμὲ
3323 1110 3351 1160 6
3386 1106 3611 1174 ἀδελφός

2050 1197 2383 1264 μου,ἀφήσω
2415 1193 2582 1264 αὑτῷ;
2604 1194 2707 1256 ἓως
2745 1194 3005 1258 ἐπτόκιςς
3034 1214 3051 1244 ι
3078 1195 3152 1257 ώς
3179 1195 3494 1266 ἀρκοῦντος,
3521 1197 3612 1248 τὸν

2047 1287 2246 1340 τέλειον
2275 1285 2442 1338 εἰπὼν
2471 1284 2729 1356 ἀριθμόν’
2776 1283 2836 1336 ὃν
2883 1285 3186 1354 ὑπερϐῆναι
3224 1287 3363 1340 κατὰ
3408 1287 3609 1357 πολλὴν

2048 1375 2360 1447 περιουσίαν
2383 1373 2703 1443 βουλόμενος
2718 1373 2745 1424 ὁ
2766 1370 2986 1442 Κύριος,
3012 1374 3258 1442 ἐπήγαγε
3281 1373 3362 1438 τὸ,
3394 1377 3468 1442 (p.
3487 1375 3614 1440 300)

2054 1485 2073 1517 σ
2122 1466 2196 1518 Οὑ
2229 1465 2372 1533 λέγω
2409 1481 2489 1526 σοι
2518 1464 2621 1527 ἕως
2655 1462 2901 1525 ἑπτάκις,
2945 1463 3056 1516 ἀλλ’
3086 1464 3193 1528 ἓως
3220 1465 3610 1536 ἑϐδομηκοντά·

2049 1575 2135 1620 κις
2160 1557 2318 1609 ἑπτά.
2364 1575 2382 1607 ι
2422 1553 2641 1609 Τοιοῦτο
2676 1555 2738 1625 δή
2774 1572 2827 1607 τι
2868 1554 3144 1609 κάνταῦθά
3192 1571 3388 1627 φησιν·
3431 1555 3619 1624 ἐπελη·

2049 1646 2242 1699 λυθότα
2271 1644 2377 1716 γὰρ
2405 1645 2496 1696 τὸν
2534 1643 2816 1714 Ἀσσύριον
2851 1644 2986 1714 μετά
3012 1645 3104 1697 τοῦ
3138 1646 3498 1715 στρατοπέδου
3520 1645 3616 1698 τοῦ

2049 1740 2270 1801 οἰκείου,
2324 1734 2530 1805 μεγάλῃ
2593 1732 2690 1803 μέν
2736 1750 2840 1786 τινι
2887 1735 2980 1787 καὶ
3027 1733 3335 1806 βαρυτάτῃ,
3387 1735 3474 1788 διὰ
3519 1736 3621 1805 τῆς

381 1827 578 1882 incolis
597 1825 773 1882 facilis
799 1829 977 1898 praeda
1005 1828 1204 1891 effecti,
1224 1841 1474 1885 sexcenta
1496 1834 1641 1901 passi
1669 1843 1796 1888 sunt
1820 1835 1953 1887 mul-

2062 1826 2349 1897 ὅπουργίας
2377 1823 2470 1878 τοῦ
2504 1823 2756 1892 ἀγγέλου,
2793 1823 3188 1894 περιϐέϐληκεν
3221 1824 3249 1875 6
3292 1823 3422 1888 Θεὸς
3441 1827 3506 1895 τῇ
3539 1842 3623 1877 τι-

385 1916 616 1971 tifariam
645 1919 784 1972 mala
813 1930 975 1989 atque
1012 1935 1041 1973 a
1074 1922 1281 1987 multis,
1319 1922 1448 1976 dum
1488 1923 1762 1994 fugientes
1791 1925 1951 1980 facile

385 2004 677 2060 admodum
719 2007 1084 2073 adorirentur,
1116 2020 1171 2066 et
1190 2011 1559 2081 deprehensos
1609 2015 1943 2070 occiderent.

383 2094 666 2153 Postremo
695 2101 861 2154 multa
892 2116 1014 2155 cum
1063 2103 1363 2172 ignominia
1393 2121 1486 2160 rex
1517 2121 1704 2162 eorum
1733 2107 1801 2162 ad
1830 2123 1955 2178 pro-

386 2184 561 2255 priam
591 2187 850 2242 ditionem
883 2205 1159 2252 reversus,
1193 2208 1223 2246 a
1245 2193 1432 2248 liberis
1453 2195 1569 2249 suis
1596 2195 1955 2265 interemptus

387 2275 519 2330 fuit:
559 2285 616 2331 ut
651 2279 990 2348 exploratum
1030 2282 1186 2351 197
1222 2283 1314 2348 sit,
1343 2285 1680 2352 pttnitionem
1732 2287 1840 2341 illis
1872 2288 1956 2341 in-

386 2365 585 2422 flictam
632 2383 662 2422 a
707 2369 816 2426 Dco
857 2372 1269 2442 gravissimam;
1301 2390 1402 2430 nec
1427 2377 1536 2431 illis
1557 2378 1733 2432 solum
1763 2379 1832 2433 ab
1859 2393 1958 2432 an-

387 2459 508 2528 gelo
533 2462 679 2515 circa
703 2461 1042 2518 Hierusalem
1067 2467 1368 2532 percussis,
1412 2467 1506 2522 sed
1537 2469 1762 2538 reliquis
1794 2469 1956 2524 etiam

388 2549 482 2618 qui
517 2551 666 2620 gravi
709 2553 902 2608 timore
949 2555 1185 2623 correpti
1239 2556 1480 2613 indidem
1530 2558 1828 2629 fugiebant.
1884 2559 1959 2614 De

389 2637 590 2705 quibus
621 2640 780 2693 etiam
808 2641 997 2696 beatus
1031 2642 1163 2696 dicit
1191 2640 1360 2698 David
1389 2662 1402 2698 :
1449 2664 1468 2696 ‹
1494 2645 1670 2702 Pones
1701 2663 1796 2703 eos
1830 2647 1959 2701 dor-

391 2743 513 2782 sum
539 2746 552 2794 ;
583 2728 638 2783 in
665 2729 912 2799 reliquiis
935 2732 1041 2787 tuis
1062 2735 1393 2803 prmparabis
1409 2737 1614 2790 vultum
1635 2752 1824 2792 eorum
1846 2739 1910 2790 ⁸³.
1933 2757 1953 2789 ι

392 2815 508 2873 Hoc
536 2818 873 2887 significans,
901 2819 1017 2877 fore
1037 2832 1096 2877 ut
1119 2839 1308 2879 omnes
1335 2825 1389 2879 iu
1421 2825 1604 2895 fugam
1636 2839 1957 2882 convertan-

391 2918 514 2975 tur',
547 2921 997 2982 commoveatque
1027 2914 1163 2968 iram
1193 2931 1347 2970 suam
1370 2917 1530 2970 etiam
1554 2919 1609 2971 in
1635 2919 1958 2988 superstites

394 2995 560 3053 Deus.
597 2998 710 3054 [loc
746 3000 912 3070 igitur
939 3003 1057 3057 vult
1084 3005 1191 3060 hoc
1215 3005 1333 3060 loco
1362 3005 1564 3072 dicere,
1594 3008 1723 3061 dum
1754 3019 1958 3078 septem

2057 1919 2236 1991 μωρία
2255 1933 2268 1944 ·
2303 1915 2512 1969 πολλῶν
2542 1915 2598 1968 δὲ
2630 1914 3038 1985 ἀναιρεθέντων,
3069 1916 3148 1978 εἰς
3177 1916 3352 1985 φυγήν
3377 1933 3436 1968 τε
3460 1916 3623 1985 ἐτρά-

2055 2025 2233 2080 πησαν
2261 2010 2308 2060 οἱ
2334 2006 2528 2070 λοιποὶ,
2566 2005 2662 2059 καὶ
2689 2009 2802 2069 τοῖς
2829 2005 2972 2059 κατά
2995 2005 3191 2069 τόπους
3232 2006 3491 2058 εὐάλωτοι
3529 2022 3623 2074 γε-

2053 2100 2292 2168 γονότες,
2332 2099 2558 2151 πλεῖστα
2593 2098 2694 2150 ὅσα
2723 2097 3061 2150 πεπόνθασιν
3109 2097 3167 2150 ἐν
3209 2096 3484 2168 διαφόροις
3527 2098 3624 2150 καὶ

2055 2190 2206 2261 παρά
2237 2189 2530 2260 διαφόρων,
2569 2187 2678 2240 τῶν
2714 2187 2791 2250 ὼς
2835 2187 2899 2241 ἂν
2931 2186 3189 2257 φεύγουσι
3239 2187 3375 2258 μετά
3421 2187 3626 2258 πολλῆς

2055 2281 2314 2335 ἐπιόντων
2339 2282 2437 2350 τῆς
2470 2278 2768 2349 εὑμαρείας
2801 2279 2893 2331 καὶ
2919 2279 3045 2342 τοὺς
3077 2279 3446 2348 ἐμπίπτοντας
3465 2279 3622 2335 ἀναι-

2059 2371 2320 2446 ρούντων’
2360 2370 2420 2422 τὸ
2439 2369 2745 2422 τελευταῖον
2786 2369 2842 2422 δὲ
2879 2368 3018 2439 μετά
3040 2369 3239 2439 πολλῆς
3268 2369 3368 2436 τῆς
3400 2369 3626 2439 ἀτιμίας

2057 2467 2086 2517 ὁ
2131 2461 2426 2534 βασιλεύων
2462 2461 2642 2514 αὑτῶν
2687 2463 2766 2525 εἰς
2797 2460 2894 2531 τὴν
2929 2459 3109 2531 χώραν
3141 2459 3492 2530 ἀπεληλυθὼς
3525 2459 3627 2530 τὴν

2058 2555 2284 2616 οἰκείαν,
2317 2552 2421 2604 ὑπὸ
2447 2550 2556 2604 τῶν
2588 2550 2717 2604 υἱῶν
2749 2551 2984 2623 ἀνῃρέθη
3028 2550 3134 2602 τῶν
3163 2550 3307 2602 ἰδίων
3331 2568 3344 2580 ·
3387 2551 3463 2611 ώς
3493 2550 3623 2619 φαίο

2057 2643 2242 2696 νεσθαι
2290 2642 2385 2711 τὴν
2428 2641 2698 2712 τιμωρίαν
2745 2641 2926 2703 αὑτοῖς
2976 2639 3302 2710 ἐπαχθεῖσαν
3345 2641 3495 2710 παρά
3529 2639 3627 2693 τοῦ

2059 2734 2192 2787 Θεοῦ
2233 2733 2562 2804 βαρυτάτην,
2593 2735 2654 2785 οὑ
2687 2731 2844 2802 μόνον
2873 2730 2962 2784 διὰ
2985 2731 3092 2784 τῶν
3131 2730 3236 2782 ὑπὸ
3271 2731 3363 2784 τοῦ
3391 2730 3630 2798 ἀγγέλου

2061 2825 2375 2896 πληγέντων
2409 2825 2537 2894 περὶ
2567 2823 2667 2894 τὴν
2709 2821 3079 2891 Ἰερουσαλὴμ,
3106 2820 3239 2874 ἀλλὰ
3279 2823 3370 2875 καὶ
3399 2823 3485 2875 διὰ
3521 2822 3632 2876 τῶν

2059 2914 2260 2969 λοιπῶν
2289 2913 2396 2967 τῶν
2442 2912 2579 2983 μετὰ
2629 2911 2822 2964 πολλοῦ
2867 2910 2960 2962 τοῦ
2997 2910 3147 2970 δέους
3176 2911 3523 2979 πεφευγότων
3565 2927 3634 2962 τε

2061 3007 2266 3060 ἐκεῖθεν
2310 3006 2402 3058 καὶ
2431 3003 2688 3066 ποικίλως
2716 2999 3107 3070 ἀναιρεθέντων
3125 3019 3139 3032 ·
3173 3003 3300 3072 περὶ
3327 2996 3399 3054 ὧν
3430 3001 3492 3073 δὴ
3534 3002 3636 3055 καὶ

393 3099 639 3158 pastores
659 3093 979 3148 suscitatum
1011 3093 1078 3149 iri
1119 3096 1232 3161 ait;
1266 3096 1507 3152 declarat
1531 3098 1740 3154 scilicet
1763 3099 1957 3154 divina:

2062 3100 2090 3151 6
2127 3097 2391 3168 μακάριος
2417 3093 2577 3149 Δαυ“ιδ
2615 3130 2630 3156 ,
2682 3111 2700 3142 ι
2744 3093 2826 3147 ὅτι
2883 3093 3070 3161 θήσεις
3114 3092 3310 3154 αὑτοὺς
3348 3091 3535 3155 νῶτον,
3569 3092 3634 3145 ἐν

394 3182 696 3252 punitionis
725 3186 1068 3254 gravitatem,
1101 3159 1264 3257 quam
1305 3190 1598 3259 perfectam
1633 3191 1957 3262 plenamque

2062 3190 2171 3250 τοῖς
2187 3186 2519 3258 περιλοίποις
2540 3201 2631 3237 σου
2647 3182 2949 3252 ἐτοιμάσεις
2975 3181 3036 3235 τὸ
3049 3183 3334 3253 πρόσωπον
3360 3181 3536 3234 αὑτῶν
3557 3196 3570 3210 ⁸
3607 3199 3631 3234 ι

394 3286 492 3342 per
519 3274 694 3344 angeli
727 3275 934 3330 cladem
967 3275 1194 3332 adduxit
1219 3280 1328 3333 illis
1362 3279 1525 3335 Deus.

2064 3279 2223 3333 τοῦτο
2255 3277 2450 3348 δηλῶν,
2477 3276 2558 3328 ὅτι
2587 3274 2958 3345 τραπήσονται
3017 3271 3115 3342 μὲν
3149 3273 3384 3335 ἅπαντες
3417 3274 3496 3334 εἰς
3525 3287 3638 3338 φυ-

392 3363 519 3432 γὴν,
563 3366 771 3435 κινήσει
825 3365 880 3419 δὲ
927 3368 1025 3438 τὴν
1057 3369 1224 3440 ὀργὴν
1255 3371 1354 3440 τὴν
1397 3372 1603 3425 οἰκείαν
1655 3374 1750 3427 καὶ
1811 3373 1951 3428 κατὰ
2010 3371 2118 3426 τῶν
2170 3367 2640 3438 ὑπολελειμμένων
2680 3367 2708 3418 6
2748 3363 2899 3427 Θεός.
2956 3363 3031 3433 (ρ.
3069 3363 3193 3434 501)
3242 3363 3410 3416 Τοῦτο
3451 3363 3640 3415 τοίνυν

395 3454 581 3511 ἐνθάδε
620 3455 863 3524 βούλεται
894 3456 1089 3526 λέγειν,
1119 3459 1257 3513 ἐπτά
1301 3461 1400 3530 μὲν
1431 3464 1696 3533 ποιμένας
1730 3462 2190 3535 ἐπεγερθήσεσθαι
2247 3460 2450 3528 λέγων·
2506 3458 2593 3512 ἵνα
2622 3459 2838 3532 δηλώσῃ
2882 3459 2982 3528 τῆς
3034 3455 3181 3520 θείας
3213 3454 3479 3524 τιμωρίας
3535 3454 3640 3524 τὴν

395 3548 692 3620 βαρύτητα,
722 3552 789 3620 ἢν
819 3550 1030 3605 τελείαν
1061 3569 1121 3605 τε
1164 3554 1256 3607 καὶ
1288 3556 1701 3628 ἀπηρτισμένην
1743 3559 1831 3613 διὰ
1860 3559 1960 3628 τῆς
1982 3558 2075 3610 τοῦ
2101 3555 2331 3624 ἀγγέλου
2354 3552 2568 3625 πληγῆς
2595 3553 2874 3622 ἐπήγαγεν
2904 3551 3084 3612 αὐτοῖς
3109 3551 3137 3602 6
3165 3547 3317 3611 Θεός.

467 3640 603 3696 Octo
646 3642 927 3698 hominum
957 3661 1178 3703 morsus
1219 3648 1374 3713 dicit,
1406 3661 1466 3704 ut
1495 3653 1774 3707 cumulum
1813 3655 1969 3708 incu-

397 3731 702 3787 biturorum
777 3743 903 3804 post
953 3734 1136 3806 fugam
1192 3739 1345 3794 illine
1401 3741 1665 3797 malorum
1725 3743 1966 3808 denotet,

399 3825 588 3881 multis
605 3841 700 3894 per
731 3841 794 3880 ea
821 3828 937 3882 loca
960 3828 1297 3895 hominibus,
1327 3840 1516 3901 utpote
1545 3836 1638 3904 qui
1663 3836 1718 3890 in
1749 3837 1969 3893 sedibus

401 3916 638 3984 pr0priis
659 3917 994 3986 perstabant,
1023 3918 1294 3989 fugientes
1317 3923 1706 3991 perdentibus;
1756 3941 1968 3980 necnon

399 4013 457 4060 et
482 4006 605 4061 illos
637 4007 728 4076 qui
762 4007 816 4061 in
848 4009 1076 4077 patriam
1094 4025 1151 4064 se
1178 4011 1970 4085 putabautcvasisse,quibus-

400 4108 524 4147 cum
556 4110 734 4165 regem
765 4112 981 4167 quoque
1032 4113 1063 4152 a
1109 4100 1225 4156 suis
1266 4101 1452 4157 liberis
1513 4104 1748 4159 interimi
1795 4107 1971 4160 conti-

403 4181 512 4252 git:
554 4198 715 4252 quam
747 4199 861 4238 rem
910 4185 1154 4254 elegante
1196 4189 1462 4244 vocabulo
1507 4191 1642 4247 dixit
1688 4193 1968 4249 hominum

404 4287 643 4339 morsus,
676 4282 733 4327 ut
763 4274 830 4329 ab
861 4276 1034 4345 angeli
1066 4279 1345 4346 punitione
1373 4281 1749 4352 distingueret.
1779 4284 1971 4342 Postea

403 4362 586 4417 dicere
621 4363 820 4433 pergit:
863 4381 882 4416 ι
911 4363 976 4417 Et
1009 4374 1233 4434 pascent
1266 4367 1550 4441 Assyrium
1594 4374 1648 4427 in
1687 4373 1888 4444 gladio,
1920 4387 1974 4432 et

405 4463 602 4508 terram
657 4453 894 4510 Nebrodi
955 4456 1008 4509 in
1047 4457 1196 4511 fovea
1233 4459 1374 4528 ejus.
1407 4481 1426 4513 ι
1480 4460 1550 4517 Ut
1596 4464 1742 4518 dicat
1789 4466 1972 4535 gladio

403 4547 833 4601 consumendum
868 4548 1170 4619 Assyrium,
1201 4553 1293 4621 qui
1325 4555 1598 4622 propriam
1625 4570 1843 4626 quoque
1887 4573 1970 4612 re-

2147 3647 2323 3703 Ὀκτὼ
2355 3649 2414 3702 δὲ
2439 3648 2690 3719 δήγματα
2719 3644 3041 3717 ἀνθρώπιον,
3075 3643 3161 3696 ἴνα
3188 3641 3284 3712 τὴν
3329 3639 3642 3711 ὑπερϐολὴν

2067 3741 2196 3812 εἴπῃ
2225 3739 2334 3794 τῶν
2383 3737 2847 3808 καταληψομένων
2893 3736 3090 3798 αὑτοὺς
3138 3733 3324 3787 κακῶν
3367 3731 3505 3802 μετά
3535 3733 3642 3803 τὴν

2067 3831 2274 3885 ἐκεῖθεν
2301 3829 2498 3900 φυγὴν,
2531 3829 2799 3900 διαφόρως
2825 3827 2934 3881 τῶν
2974 3844 3034 3880 τε
3063 3826 3203 3880 κατά
3232 3825 3392 3878 τόπον
3425 3822 3641 3894 ἀνθρώ-

2068 3939 2183 3975 πων
2206 3920 2428 3975 καὶτῶν
2458 3919 2594 3991 πρὸς
2622 3919 2758 3988 αὐτῇ
2780 3935 2844 3986 γε
2871 3917 3049 3970 αὐτῶν
3085 3919 3152 3986 τῇ
3181 3915 3332 3986 χώρᾳ
3360 3910 3641 3966 καθεστώ-

2071 4031 2198 4077 των,
2237 4012 2363 4076 τούς
2410 4028 2470 4064 τε
2515 4008 2814 4079 φεύγοντας
2861 4006 3224 4070 ἀπολλύντων,
3260 4005 3354 4058 καὶ
3402 4005 3528 4067 τοὺς
3576 4005 3641 4056 ἐν

2071 4108 2183 4167 τοῖς
2219 4105 2404 4166 τόποις
2447 4100 2920 4170 καταπεφευγέναι
2964 4098 3250 4160 δοκοῦντας
3289 4097 3400 4158 τοῖς
3450 4095 3638 4158 ἰδίοις·

2075 4197 2191 4266 μεθ’
2218 4189 2292 4248 ὧν
2325 4193 2670 4264 ἀναιρεθῆναι
2702 4191 2796 4244 καὶ
2844 4191 2934 4244 τὸν
2985 4189 3207 4260 βασιλέα
3239 4187 3343 4240 ὑπὸ
3373 4187 3480 4239 τῶν
3505 4187 3638 4239 υἱῶν

2074 4286 2271 4356 συνέϐη
2304 4285 2410 4338 τῶν
2440 4285 2584 4337 ίδίων
2604 4300 2619 4315 ο
2650 4282 2678 4335 ὃ
2703 4282 2797 4335 καὶ
2836 4280 3014 4344 καλῶς
3055 4278 3356 4349 ἀνθρώπων
3393 4274 3513 4330 εἷπε
3544 4278 3640 4349 δή·

2076 4395 2281 4448 γματα,
2312 4375 2754 4430 ἀντιδιαστέλλων
2786 4373 2922 4426 αὑτὰ
2956 4374 3021 4442 τῇ
3063 4371 3153 4425 διὰ
3176 4369 3268 4423 τοῦ
3298 4369 3530 4439 ἀγγέλου
3559 4385 3639 4421 τι-

2080 4469 2279 4541 μωρίᾳ.
2316 4465 2447 4522 Εἶτα
2467 4467 2691 4535 ἐπάγει·
2741 4483 2759 4516 ι
2795 4464 2904 4516 Καὶ
2932 4461 3252 4532 ποιμανοῦσι
3278 4461 3368 4513 τὸν
3409 4460 3639 4530 ’Δσσοὺρ

2076 4563 2132 4613 ἐν
2163 4559 2406 4631 ῥομφαία
2432 4557 2526 4611 καὶ
2569 4556 2669 4626 τὴν
2711 4553 2810 4624 γὴν
2843 4551 2935 4605 τοῦ
2977 4549 3202 4621 Νεὸρὼδ
3237 4551 3294 4601 ἐν
3335 4551 3402 4620 τῇ
3445 4549 3638 4620 τάφρῳ

406 4637 620 4706 gionem
652 4647 841 4694 cernet
868 4647 1176 4695 vastatam:
1212 4643 1356 4711 quod
1389 4659 1577 4714 reapse
1607 4645 1808 4699 malum
1841 4662 1957 4716 pas-

2074 4652 2241 4718 αὑτῆς
2262 4668 2274 4680 ·
2319 4669 2337 4701 ι
2376 4650 2464 4702 ἴνα
2494 4647 2622 4718 εἴπῃ
2660 4647 2764 4708 ὃτι,
2799 4642 2952 4713 Ξίφει
2980 4660 3040 4694 τε
3070 4640 3580 4710 καταναλωθήσεται
3609 4641 3638 4693 ὁ

406 4744 502 4783 sus
536 4739 719 4798 postea
767 4746 796 4784 a
827 4730 1141 4802 Babyloniis
1189 4743 1291 4787 est.
1323 4733 1442 4788 Jam
1491 4744 1689 4790 terram
1733 4737 1968 4794 Nebrodi

408 4819 553 4872 illam
597 4830 894 4889 nuncupat,
953 4821 1082 4890 quia
1131 4821 1238 4878 illis
1292 4823 1392 4878 fuit
1426 4826 1480 4878 in
1526 4826 1662 4882 locis
1689 4826 1972 4884 Nebrodus

407 4910 580 4980 gigas,
621 4911 712 4979 qui
751 4912 954 4981 regiam
983 4912 1300 4982 dignitatem
1332 4917 1473 4986 apud
1528 4919 1676 4988 ipsos
1709 4921 1970 4985 obtinuit,

406 5016 746 5073 magnusque
775 5005 924 5062 visus
952 5016 1037 5061 est
1067 5007 1207 5077 apud
1237 5008 1357 5077 eius
1403 5010 1663 5078 temporis
1702 5011 1970 5076 homines,

406 5093 605 5147 virium
657 5109 880 5148 suarum
933 5098 1271 5154 conscientia
1319 5097 1520 5154 elatus.
1571 5097 1663 5155 Sie
1697 5101 1840 5155 enim
1899 5102 1975 5156 ait

402 5179 709 5240 Creationis
755 5185 925 5241 liber:
960 5204 979 5238 ι
1029 5187 1129 5241 llic
1177 5189 1278 5242 fuit
1329 5190 1482 5259 gigas
1526 5201 1750 5245 venator
1788 5207 1971 5248 coram

410 5271 539 5328 Deo.
570 5271 860 5344 Propterea
889 5276 1104 5331 dicent:
1143 5277 1296 5332 Sicut
1316 5278 1602 5334 Nebrodus
1637 5281 1787 5352 gigas
1813 5298 1977 5339 vena-

411 5373 498 5418 tor
526 5379 708 5418 coram
734 5365 878 5421 Deo:
915 5386 934 5419 ι
974 5365 1186 5436 fuitque
1204 5378 1368 5438 caput
1392 5371 1542 5439 regni
1574 5371 1695 5440 ejus
1716 5372 1974 5444 Babylon.

411 5453 547 5520 Quia
590 5455 753 5523 igitur
793 5456 954 5524 hujus
987 5471 1153 5510 causa
1187 5457 1574 5526 superbicbant
1609 5460 1841 5531 Assyrii,
1876 5477 1976 5518 ceu

409 5546 624 5617 magnis
655 5553 975 5614 praestantes
1007 5546 1236 5613 viribus,
1284 5555 1468 5618 utpote
1500 5563 1531 5602 a
1564 5550 1660 5604 tali
1685 5551 1800 5607 viro
1848 5568 1978 5623 pro-

363 5805 370 5809 _
483 5731 527 5762 "
553 5728 717 5786 Eccli.
745 5747 818 5799 ιι,
842 5731 896 5785 2.
973 5734 1018 5765 "
1050 5732 1238 5790 Matth.
1263 5750 1420 5802 xvm,
1459 5735 1548 5790 21.

2081 4741 2380 4812 Ἀσσύριος,
2424 4741 2516 4793 καὶ
2545 4738 2644 4808 τὴν
2687 4737 2792 4806 γῆν
2826 4736 2926 4806 τὴν
2955 4733 3157 4786 οἰκείαν
3185 4731 3372 4800 ὄψεται
3409 4732 3639 4803 δῃουμέ-

2069 4850 2186 4901 νην,
2218 4834 2354 4905 ὅπερ
2385 4829 2477 4886 οὑν
2523 4830 2617 4884 καὶ
2666 4826 2934 4881 πέπονθεν
2982 4826 3088 4877 ὑπὸ
3129 4825 3236 4876 τῶν
3282 4822 3638 4877 Βαϐυλωνίων

2071 4924 2294 4994 ὕστερον
2315 4941 2329 4953 ·
2366 4923 2470 4992 γῆν
2498 4922 2606 4992 γὰρ
2635 4918 2726 4972 τοῦ
2768 4916 2996 4988 Νεϐρὼδ
3017 4915 3232 4985 ἐκείνην
3258 4913 3536 4983 ὀνομάζει,
3563 4915 3638 4974 ὡς

2070 5015 2128 5065 ἐν
2163 5013 2390 5077 ἐκείνοις
2434 5015 2546 5074 τοῖς
2591 5011 2777 5072 τόποις
2826 5007 2919 5060 τοῦ
2964 5005 3189 5076 Νεϐρὼδ
3231 5005 3538 5073 γεγονότος,
3573 5004 3636 5057 τά

2072 5102 2314 5174 βασίλειά
2337 5121 2398 5157 τε
2427 5103 2639 5174 ἔχοντος
2664 5101 2904 5163 ἐκείνων,
2924 5097 2982 5162 ὃς
3018 5097 3186 5168 μέγας
3211 5095 3463 5164 ἐφαίνετο
3492 5095 3640 5165 παρά

2070 5195 2194 5258 τοὺς
2217 5195 2339 5246 τότε
2368 5193 2684 5264 ἀνθρώπους
2716 5192 2806 5244 ἐπὶ
2833 5191 3060 5260 δυνάμει
3099 5185 3331 5257 φρονῶν.
3360 5184 3515 5238 Οὕτω
3535 5183 3639 5256 γάρ

2071 5287 2106 5354 ή
2137 5286 2235 5355 τῆς
2261 5285 2505 5347 Κτίσεως
2536 5283 2714 5354 βίϐλος
2745 5282 2908 5353 φησίν
2932 5296 2945 5308 ·
2984 5300 3002 5331 ι
3047 5272 3215 5341 Οὗτος
3249 5271 3318 5347 ἦν
3353 5275 3515 5343 γίγας
3545 5291 3638 5328 κυ-

2072 5376 2237 5447 νηγὸς
2268 5375 2509 5429 ἐναντίον
2537 5375 2742 5446 Κυρίου
2766 5390 2780 5404 ·
2817 5372 2906 5427 διὰ
2947 5369 3102 5423 τοῦτο
3144 5367 3380 5438 ἐροῦσιν,
3421 5366 3509 5428 Ὠς
3533 5365 3638 5418 Νε-

2081 5465 2226 5538 ϐρὼδ
2251 5465 2410 5534 γίγας
2440 5465 2670 5535 κυνηγὸς
2702 5459 2943 5518 ἐναντίον
2965 5459 3060 5513 τοῦ
3083 5455 3218 5512 Θεοῦ
3234 5474 3247 5487 ·
3269 5477 3289 5509 ι
3309 5456 3405 5510 καὶ
3430 5455 3640 5524 ἐγένετο

2083 5554 2118 5624 ἡ
2145 5553 2288 5623 ἀρχιίι
2316 5551 2417 5624 τῆς
2457 5551 2730 5623 βασιλείας
2777 5548 2941 5604 αὑτοῦ
2988 5542 3274 5601 Βαϐυλώνο
3318 5542 3504 5614 ἐπειδὴ
3529 5541 3637 5596 τοίο
