3828 6216
109 398 197 454 381

1038 379 1615 441 COMMENTARIUS
1651 375 1719 431 IN
1744 373 2051 432 MICHIEIE
2085 374 2237 430 CAP.
2276 374 2342 428 V.

3252 356 3358 413 582

115 530 197 567 νυν
227 509 287 574 ἐξ
313 509 523 562 ἐκείνου
553 506 695 578 μέγα
722 503 978 576 ἐφρόνουν
1004 505 1053 556 οἱ
1093 502 1386 573 Ἀσσύριοι,
1406 501 1480 560 ὡς
1507 496 1674 567 μεγὰ-
1705 540 1710 550 .

1817 494 1965 558 eniti,
2020 493 2122 545 hoc
2158 490 2268 546 fere
2294 490 2477 544 dicere
2522 485 2693 541 voluit
2722 480 3008 553 propheta,
3058 474 3203 546 quod
3231 488 3356 542 quae

118 608 191 655 λοι
218 602 314 671 τὴν
335 601 586 669 δύναμιν,
604 599 699 652 ate
730 600 792 650 ὲκ
816 595 1053 649 τοιούτου
1076 593 1455 662 καταγόμενοι,
1474 586 1680 641 τοιοῦτό

118 713 193 747 τοι
213 695 240 745 ό
262 694 549 764 προφήτης
580 692 753 743 εἰπεῖν
784 685 1082 757 ήϐουλήθη,
1111 687 1192 738 ὅτι
1246 687 1279 755 ἡ
1319 682 1426 735 τῶν
1462 679 1681 734 δοκούν-

120 804 220 839 των
270 784 531 854 ἀνδρείων
590 779 727 835 εἶναι
787 781 961 851 χώρα,
999 781 1150 832 πᾶσα
1204 777 1260 829 ὲν
1304 778 1418 836 τοῖς
1462 772 1684 831 οἰκείοις

120 875 299 934 τόποις
332 872 440 924 ὑπὸ
475 870 747 940 πολεμίων
784 867 1220 938 ἀναιρεθήσεται,
1260 863 1412 917 οὑδὲν
1452 861 1556 914 ὑπὸ
1584 859 1686 927 τῆς

125 964 297 1033 ἰσχύος
335 962 727 1031 ὠφελουμένων
754 960 854 1029 τῆς
891 958 1095 1021 οἰκείας
1143 957 1225 1024 ἐφ’
1336 954 1479 1024 μέγα
1526 950 1687 1021 ἐφρό-

122 1073 259 1113 νουν,
293 1054 380 1105 διά
421 1052 520 1120 τὴν
549 1051 718 1121 ὀργὴν
763 1050 861 1119 τὴν
905 1048 1073 1101 θείαν.
1123 1044 1456 1106 Ἀκολοὺθως
1508 1041 1688 1111 μέντοι

125 1160 183 1211 γε
212 1146 321 1206 τοῖς
355 1143 662 1213 εἰρημένοις
690 1142 719 1192 ό
757 1140 1063 1210 προφήτης,
1116 1156 1135 1189 ι
1192 1137 1302 1190 Καὶ
1350 1133 1571 1206 ῥύσεταί
1606 1148 1688 1197 σε,

1786 586 2005 639 fortium
2047 583 2289 636 virorum
2338 580 2500 650 198
2549 577 2838 632 videbatur
2874 586 2997 626 esse
3044 566 3243 638 patria,
3296 578 3360 617 ea

1787 685 1898 730 tota
1920 675 1989 729 ab
2018 673 2269 729 hostibus
2294 669 2764 741 pessumdabitur,
2788 664 2920 719 nihil
2943 661 2991 715 ei
3020 660 3136 714 suis
3151 656 3362 711 viribus

1787 765 2088 836 profuturis
2142 763 2341 832 quibus
2403 758 2781 828 superbiebat,
2840 760 3062 823 promer
3118 747 3363 802 divinam

1789 834 1949 909 iram.
1980 855 2355 910 Consentanee
2379 852 2598 904 demum
2648 844 2926 917 przedictis
2952 834 3367 911 propheta,cLi-

1788 947 2107 1016 berabitque
2134 952 2208 1008 te,
2254 944 2450 1012 inquit,
2502 940 2570 993 ab
2603 937 2827 1008 Assyrio
2874 948 3000 988 cum
3054 927 3265 985 venerit
3308 927 3364 978 in

1791 1049 1991 1095 terram
2041 1045 2301 1099 vestram,
2358 1042 2413 1089 et
2471 1049 2594 1087 cum
2649 1031 2715 1084 ad
2751 1031 2883 1083 lines
2917 1037 3131 1081 vestros
3176 1035 3367 1074 ascen-

1793 1132 1955 1187 derit.
1976 1151 1994 1182 ι

127 1206 303 1305 φησιν,
335 1206 422 1286 ἐκ.
442 1206 537 1286 τοῦ
579 1206 828 1301 Ἀσσοὺρ,
860 1206 938 1285 5}"
966 1206 1032 1284 ἂν
1076 1229 1288 1300 ἀπέλθῃ
1315 1227 1406 1280 ἐπὶ
1446 1225 1545 1295 τὴν
1589 1221 1694 1291 γῆν
1718 1216 1889 1282 ὑμῶν,
1918 1219 2011 1273 καὶ
2040 1218 2117 1271 ὅτ’
2143 1215 2209 1270 ἂν
2238 1214 2397 1277 ἐπιϐῇ
2428 1214 2522 1267 ἐπὶ
2549 1212 2618 1267 τά
2646 1212 2769 1277 ὅρια
2806 1206 2978 1274 ὑμῶν.
3011 1224 3034 1259 ι

197 1326 339 1394 Στίχ.
368 1322 509 1386 ζ’-θ’.
542 1352 611 1362 -
638 1318 770 1374 Εἶτα
798 1320 1288 1389 εὐαγγελισάμενος
1324 1319 1436 1378 τοῖς
1477 1317 1683 1384 Ἰσραη-

129 1416 297 1478 λίταις
328 1416 390 1466 τδ
421 1413 585 1484 μηδὲν
613 1412 716 1466 ὑπὸ
737 1411 830 1465 τοῦ
876 1410 1160 1481 Ἀσσυρίου
1188 1407 1469 1462 πείσεσθαι
1504 1402 1698 1465 κακὸν,

134 1508 355 1574 ὲπάγει·
407 1524 425 1556 ι
473 1506 583 1558 Καὶ
630 1504 781 1557 ἔσται
820 1503 881 1556 τὸ
926 1502 1243 1571 ὑπόλειμμα
1272 1499 1366 1551 τοῦ
1419 1494 1613 1550 Ἰακὼϐ
1642 1496 1699 1545 ὲν

135 1600 242 1660 τοῖς
270 1595 476 1647 ἔθνεσιν
504 1594 559 1646 ἐν
597 1593 744 1663 μέσῳ
786 1592 930 1646 λαῶν
974 1592 1181 1645 πολλῶν
1214 1591 1290 1653 ὼς
1316 1590 1504 1660 δρόσος
1549 1586 1700 1657 παρά

138 1686 336 1755 Κυρίου
379 1685 767 1747 ἐπιπίπτουσα,
814 1684 908 1737 καὶ
955 1684 1031 1746 ὼς
1081 1684 1242 1753 ἄρνες
1288 1682 1375 1733 ἐπ’
1404 1682 1698 1749 ἄγρωστιν,

1868 1311 2032 1365 Vens.
2062 1309 2176 1363 7-9.
2202 1336 2270 1346 ——
2304 1305 2506 1359 Deinde
2554 1310 2765 1371 gratum
2810 1296 3059 1351 nuntium
3102 1289 3368 1346 lsraelitis

1799 1417 2019 1466 canens,
2075 1399 2191 1453 fore
2236 1406 2295 1451 ut
2328 1396 2465 1450 nihil
2507 1393 2636 1448 mali
2687 1391 2756 1444 ab
2797 1386 3040 1457 Alssyriis
3071 1384 3372 1454 patiantur,

1802 1492 1947 1547 addit
1969 1508 1983 1543 :
2006 1511 2022 1541 ι
2043 1490 2107 1544 Ει
2132 1497 2293 1545 erunt
2312 1485 2554 1555 reliquia:
2572 1481 2739 1537 Jacob
2766 1479 2819 1532 iu
2844 1476 3098 1548 gentibus
3124 1476 3178 1527 in
3198 1470 3379 1526 medio

1802 1584 2126 1657 populorum
2156 1581 2473 1641 multorum,
2510 1576 2669 1645 quasi
2703 1586 2795 1626 ros
2826 1585 2858 1623 a
2891 1567 3121 1622 Domino
3150 1562 3375 1624 cadens,

1804 1688 1857 1734 et
1883 1677 2035 1747 quasi
2087 1675 2208 1745 agni
2263 1685 2427 1740 super
2476 1680 2720 1738 gramen,
2786 1670 2845 1716 ut
2881 1676 2990 1714 non
3021 1660 3382 1726 congregetur

138 1743 279 1836 ὅπως
301 1774 376 1845 μὴ
400 1775 636 1845 συναχθῇ
676 1743 877 1844 μηδεὶς,
910 1743 1043 1844 μηδέ
1079 1743 1283 1841 ὑποστῇ
1324 1772 1381 1823 ὲν
1422 1743 1559 1831 υ-ίοῖς
1612 1769 1708 1819 ἀνα-

1817 1743 2350 1841 [ιιιίερίιιιιιξιιθιιιιθ
2408 1758 2675 1815 subsistat
2737 1755 2793 1808 in
2847 1752 2971 1805 ﬁliis
3026 1749 3376 1802 hominum.)

139 1864 387 1934 θρώπων.
418 1885 437 1918 ι
464 1867 527 1919 Οἱ
550 1866 659 1936 γὰρ
692 1867 755 1918 ὲκ
787 1864 880 1917 τοῦ
915 1864 1129 1935 Ἰσραὴλ
1161 1861 1577 1929 ὑπολειφθέντες
1616 1857 1706 1909 ἐπὶ

136 1956 234 2025 τῆς
273 1956 549 2019 Ἰουδαίας,
580 1958 679 2010 εἴτ’
709 1952 803 2009 οὖν
856 1956 955 2024 τῆς
993 1951 1364 2025 Ἰερουσαλὴμ,
1386 1951 1589 2003 τούτων
1622 1964 1709 2014 γε-

138 2048 390 2115 γονότων,
439 2048 708 2118 αίδέσιμοι
754 2047 1042 2116 φανοῦνται
1071 2048 1207 2099 πᾶσι
1250 2047 1362 2107 τοῖς
1404 2040 1579 2103 ἐκτὸς,
1615 2038 1708 2092 καὶ

142 2137 337 2207 πολλῆς
360 2138 501 2202 ἄξιοι
533 2138 789 2209 σπουδῆς,
822 2138 920 2206 οὑχ
966 2132 1126 2208 ἦττον
1163 2137 1196 2206 ἢ
1238 2135 1427 2206 δρόσος
1460 2132 1577 2185 ἐστὶ
1620 2147 1711 2184 πο·-

145 2226 287 2296 θεινὴ
317 2230 431 2291 τοῖς
461 2230 726 2295 γεωργοῖς
756 2227 897 2280 κατά
928 2226 1118 2298 καιρὸν
1152 2223 1571 2294 καταφερομένη
1621 2224 1710 2275 τὸν

143 2320 334 2371 οἰκεῖον
354 2337 367 2348 ⁸
408 2317 485 2389 (p.
516 2318 642 2389 505)
670 2319 925 2371 διοίσουσί
955 2335 1016 2370 τε
1043 2318 1192 2371 οὐδὲν
1221 2316 1506 2387 προϐάτων
1529 2315 1712 2384 ἄγρω-

147 2427 257 2462 στιν
292 2409 631 2480 νεμομένων,
658 2410 829 2473 οὕτως
860 2411 1076 2464 ἅπαντα
1116 2408 1222 2461 τῶν
1253 2406 1606 2461 ἀπολωλότων
1646 2421 1707 2457 τε

145 2498 235 2551 καὶ
268 2498 619 2566 πεφευγότων
658 2499 901 2562 ἐπιόντες
929 2498 999 2550 τὰ
1042 2497 1289 2567 λάφυρα’
1331 2496 1407 2560 ὡς
1459 2496 1553 2548 καὶ
1598 2494 1714 2555 δέος

142 2588 343 2641 ἅπασιν
385 2589 707 2657 ἐγγενέσθαι
740 2593 850 2652 τοῖς
880 2587 1184 2659 ἀνθρώποις
1214 2586 1308 2640 τοῦ
1343 2586 1545 2657 μηδένα
1583 2584 1715 2638 ποτὲ

143 2681 492 2752 ἐπιχειρῆσαι
521 2680 598 2751 τῷ
626 2682 745 2734 κατ’
775 2680 951 2734 αὐτῶν
980 2680 1219 2751 πολέμῳ.
1258 2699 1277 2731 ‹
1324 2680 1436 2732 Καὶ
1476 2679 1628 2731 ἔσται
1656 2676 1717 2729 τὸ

144 2771 463 2842 ὑπόλειμμα
484 2773 579 2824 τοῦ
615 2771 807 2826 Ἰακὼϐ
835 2774 893 2825 ὲν
922 2774 1033 2835 τοῖς
1060 2771 1267 2825 ἔθνεσιν
1302 2771 1360 2823 ὲν
1394 2770 1543 2840 μέσῳ
1570 2766 1717 2820 λαῶν

1808 1837 2017 1915 Etenim
2047 1856 2138 1925 qui
2168 1852 2343 1909 relicti
2369 1849 2573 1904 fuerint
2592 1849 2647 1900 in
2676 1843 2865 1898 Iudaea
2884 1842 3001 1896 sive
3016 1837 3382 1893 Hierusalem.

1806 1948 2149 2005 venerabiles
2180 1942 2457 2000 extraneis
2483 1936 2696 1993 cunctis
2725 1934 3078 1996 videbuntur,
3104 1928 3386 1995 multoque

1808 2042 1959 2112 digni
1987 2038 2191 2098 studio,
2233 2033 2378 2089 haud
2407 2044 2566 2086 secus
2613 2040 2777 2097 quam
2809 2022 3066 2093 agricolis
3088 2027 3275 2091 gratus
3301 2024 3387 2071 est

1810 2152 1902 2193 ros
1934 2143 2177 2201 tempore
2206 2126 2427 2198 proprio
2462 2120 2755 2177 decidens:
2816 2116 3134 2184 similesque
3159 2126 3388 2183 appare-

1811 2231 1950 2285 bunt
1972 2226 2168 2281 ovibus
2189 2216 2610 2291 depascentibus
2636 2226 2900 2284 gramen;
2942 2209 3022 2261 sic
3069 2206 3213 2261 enim
3261 2218 3386 2274 per-

1811 2317 2058 2374 euntium
2090 2320 2253 2381 atque
2286 2306 2607 2378 fugientium
2636 2306 2861 2369 carpent
2884 2295 3149 2353 exuvias:
3188 2309 3252 2348 ex
3279 2305 3391 2361 quo

1812 2411 1977 2462 timor
2010 2404 2101 2459 fiet
2138 2399 2356 2457 cunctis
2392 2393 2729 2455 hominibus,
2782 2387 3075 2460 quominus
3105 2399 3199 2439 eos
3248 2381 3392 2436 bello

1814 2506 2039 2571 quatere
2055 2495 2242 2550 velint.
2283 2510 2301 2541 ι
2323 2490 2389 2543 Ει
2414 2493 2577 2542 erunt
2604 2483 2775 2538 Jacob
2797 2479 3041 2549 reliquiae
3063 2477 3115 2531 in
3136 2473 3393 2546 gentibus

1814 2565 1870 2645 in
1907 2589 2086 2644 medio
2119 2583 2443 2655 populorum
2476 2576 2799 2636 multorum,
2839 2580 2899 2626 ut
2928 2572 3013 2625 leo
3048 2570 3101 2623 in
3129 2565 3394 2637 jumentis

1819 2683 1969 2736 silva:
2021 2686 2076 2733 et
2134 2684 2192 2730 ut
2221 2672 2436 2728 catulus
2488 2666 2661 2722 leonis
2714 2665 2769 2718 in
2804 2661 3063 2733 gregibus
3109 2670 3392 2728 pecorum,

1818 2771 1913 2841 qui
1946 2782 2070 2824 cum
2101 2762 2385 2818 transierit
2432 2766 2486 2812 et
2510 2756 2759 2811 dividens
2791 2750 2985 2818 rapiat,
3048 2761 3157 2800 non
3186 2751 3267 2799 est
3301 2741 3397 2812 qui

147 2863 375 2925 πολλῶν,
414 2863 491 2925 ὡς
535 2862 670 2916 λέων
701 2865 760 2916 ὲν
796 2866 908 2926 τοῖς
946 2863 1166 2932 κτήνεσι
1199 2861 1293 2915 τοῦ
1345 2858 1575 2932 δρυμοῦ,
1625 2858 1710 2910 καῖ

1821 2839 2001 2918 eruat.
2032 2854 2374 2910 Exaltabitur
2401 2862 2597 2903 manus
2624 2859 2745 2900 mea
2775 2857 2940 2912 super
2966 2839 3294 2893 tribulantes
3324 2844 3398 2897 te,

147 2952 218 3014 ὡς
258 2953 503 3022 σκύμνος
541 2955 598 3005 έν
632 2954 903 3024 ποιμνίοις
946 2926 1265 3024 προϐάτων·
1314 2926 1391 3005 ὃν-
1412 2926 1612 3021 τρόπον
1644 2948 1710 3002 ὅτ

1823 2960 1877 3007 et
1903 2964 2092 3005 omnes
2136 2944 2341 3000 inimici
2375 2941 2452 2994 tui
2491 2937 2811 2994 interibunt.
2840 2953 2859 2985 ι
2904 2930 3060 2985 Haud
3099 2926 3402 2983 dissimiles

149 3042 210 3095 ἂν
230 3016 422 3116 διέλθῃ
455 3046 551 3098 και
581 3016 1148 3116 διαστέίλαςάρᾶτάσῃ,
1183 3044 1277 3097 καὶ
1318 3043 1392 3114 μὴ
1427 3016 1462 3116 ᾖ
1508 3043 1538 3094 ὁ
1577 3040 1710 3105 eam.

1825 3040 1967 3096 leoni
1994 3036 2148 3092 eritis
2171 3033 2365 3089 bestiis
2390 3028 2703 3084 tremendo:
2731 3024 2867 3078 adeo
2888 3020 3103 3076 cunctis
3123 3016 3403 3073 extraneis

154 3104 454 3205 ροὺμενοςο
493 3136 835 3206 ὑψωθήσεται
861 3104 913 3207 νή
946 3104 1065 3207 χείρ
1092 3104 1186 3189 σου
1216 3104 1330 3189 ἐπὶ·
1517 3104 1710 3187 θλίϐον-

1826 3129 2081 3201 posthinc
2110 3122 2403 3185 terribiles,
2454 3128 2677 3187 propter
2710 3113 2919 3169 cladem
2948 3108 3192 3180 Assyriis
3236 3104 3402 3161 vestri

153 3203 358 3287 τάςήσε,
386 3226 482 3277 καὶ
498 3203 697 3287 πάντες
724 3228 772 3278 oi
798 3203 981 3295 ἐχθροί
1007 3203 1100 3279 σου
1123 3226 1675 3296 ὲξολοθρευθήσονται.
1706 3247 1710 3277 l

1828 3236 1998 3277 causa
2028 3218 2261 3273 illatam.
2288 3211 2424 3265 Nam
2454 3210 2601 3264 sicut
2624 3209 2707 3261 leo
2731 3203 2992 3276 (catulum
3012 3210 3191 3254 autem
3213 3209 3409 3252 rursus

154 3285 263 3365 Kal.
293 3312 561 3379 διοίσετε,
611 3285 795 3383 φησιν,
828 3285 1008 3365 Ποὺδὲν
1056 3285 1267 3375 λέοντος
1308 3285 1561 3381 ’φοϐεροῦ
1621 3313 1710 3364 τοῖς

1829 3311 1962 3366 dicit
2009 3304 2281 3366 eumdem,
2344 3299 2519 3355 leonis
2560 3304 2747 3351 natum
2799 3293 2879 3349 sic
2926 3289 3228 3360 appellans)
3259 3285 3406 3357 gregi

154 3404 409 3474 κτήνεσιν
431 3420 445 3435 ο
466 3376 639 3466 οὔτως
664 3376 834 3456 ἀπασι
858 3404 970 3465 τοῖς
998 3401 1298 3472 ἀλλοτρίοις
1332 3376 1484 3464 όντες
1506 3400 1710 3470 φοϐερο¹

1833 3401 2015 3455 ovium
2070 3403 2291 3464 repente
2341 3390 2613 3449 indicens,
2652 3391 2921 3456 quotquot
2954 3399 3021 3437 ex
3056 3381 3142 3434 his
3170 3376 3408 3433 voluerit

156 3466 378 3556 λοιπὸν,
424 3492 514 3545 διὰ
554 3492 653 3562 τὴν
698 3494 812 3554 τοῖς
871 3466 1175 3562 Ἀσσυρίοις
1218 3490 1356 3560 ὑπὲρ
1402 3466 1555 3559 ὑμιῖιν
1608 3466 1710 3540 ἐπι·

1834 3502 1933 3559 pro
1961 3483 2078 3542 suis
2115 3480 2324 3535 viribus
2374 3477 2539 3547 rapit,
2589 3475 2664 3528 ita
2721 3487 2820 3527 vos
2853 3470 3106 3526 fortiores
3154 3466 3411 3522 hostibus

160 3584 460 3653 γενομένην
486 3561 699 3654 πληγήν
721 3600 736 3615 ο
762 3584 837 3646 ὡς
868 3582 977 3653 γὰρ
1013 3561 1079 3635 ἂν
1109 3582 1163 3634 εῐ
1182 3597 1265 3643 τις
1305 3580 1440 3633 λέων
1470 3578 1710 3650 (σκύμνοι

1835 3576 2034 3633 vestris
2086 3572 2285 3626 abhinc
2313 3584 2438 3625 esse
2488 3562 2897 3637 reputabimini,
2954 3561 3217 3631 quoniam
3259 3565 3409 3612 tanta

162 3674 267 3744 γάρ
317 3674 484 3727 πάλιν
536 3674 600 3726 τὸ
639 3652 772 3727 αὑτὸ
815 3652 982 3741 λέγει,
1015 3672 1075 3726 τὸ
1115 3671 1208 3726 τοῦ
1247 3672 1457 3735 λέοντος
1489 3672 1710 3744 γέννημι

1838 3666 2112 3741 pernicies
2145 3660 2556 3731 aggressoribus
2587 3656 2783 3711 vestris
2815 3652 3055 3709 obvenit.

164 3740 305 3822 οὕτω
355 3769 588 3835 καλῶν),
649 3769 855 3839 ποίμνῃ
905 3768 1189 3839 προϐάτων
1240 3768 1436 3838 ἀθρόον
1482 3740 1758 3838 ἐμπεσὼν,
1811 3740 1982 3819 ὁπόσα
2024 3758 2272 3830 βούλεται
2321 3752 2382 3817 ἐξ
2435 3750 2612 3805 αὑτῶν
2659 3749 2800 3803 κατά
2850 3748 2949 3818 τὴν
2998 3749 3151 3815 ἰσχὺν
3194 3740 3414 3813 ἁρπάσῃ

165 3865 262 3933 τὴν
319 3864 559 3928 οἰκείαν,
624 3836 795 3924 οὕτως
828 3836 962 3925 τοῖς
1022 3861 1231 3934 ἐχθροῖς
1278 3836 1388 3925 τοῖς
1454 3836 1737 3932 ὑμετέροις
1767 3854 2122 3925 δυνατώτεροι
2142 3846 2531 3921 νομισθήσεσθε
2600 3842 2695 3897 τοῦ
2747 3840 2954 3899 λοιποῦ.
3014 3840 3110 3894 ἀτε
3164 3836 3416 3907 τοιαύτης

168 3956 443 4019 ἀπωλείας
490 3954 874 4026 ὲπενεχθείσης
926 3957 1037 4018 τοῖς
1088 3955 1563 4027 ὲπικεχειρηκὸσιν
1608 3954 1736 4025 ὑμῖν
1782 3949 2049 4004 ἐπελθεῖν.

234 4048 385 4118 Στίχ.
409 4052 556 4100 ι’-ιε’.
576 4076 647 4088 —
672 4044 856 4100 Ταῦτα
877 4046 1222 4117 περιέσεσθαι
1242 4050 1351 4110 τοῖς
1381 4048 1710 4117 Ἰσραηλῖται

1922 4037 2084 4091 Vens.
2112 4031 2298 4087 10-15.
2328 4057 2392 4070 —-
2431 4027 2728 4096 Postquam
2775 4024 2893 4076 haec
2944 4016 3209 4075 Israelitis
3249 4030 3416 4071 even-

173 4141 256 4195 διὰ
413 4139 525 4193 τῶν
563 4139 858 4208 Ἀσσυρίων
888 4107 1100 4208 πληγῆς
1126 4107 1360 4209 εἰρηκὼς⁵
1379 4139 1408 4190 ὁ
1437 4107 1710 4209 προφήτης

1846 4137 1991 4193 tura,
2053 4126 2223 4195 plaga:
2276 4134 2442 4175 causa
2495 4115 2740 4188 Assyriis
2799 4111 3090 4182 impositae,
3148 4107 3419 4179 propheta

173 4202 371 4298 ἐφεξῆς
397 4230 495 4282 καὶ
522 4229 622 4299 τήν
796 4202 1115 4280 αὑτῶν-τοῖιν
1155 4202 1450 4297 ’Ᾱσσυρίων
1474 4202 1710 4297 τιμωρία

1851 4218 2014 4288 199
2036 4216 2227 4275 edixit,
2264 4210 2461 4265 deinde
2488 4205 2803 4263 eorumdem
2821 4202 3174 4273 Assyriorum
3202 4211 3419 4269 poenam

244 4293 508 4389 ατὺτερον
546 4293 711 4384 λέγει.
751 4316 908 4369 Κατά
936 4314 1044 4386 γάρ
1065 4316 1271 4367 ἐκεῖνον
1310 4293 1373 4383 δὴ
1401 4314 1491 4367 τὸν
1530 4293 1710 4384 καιρὸν

1848 4311 2012 4364 latius
2064 4312 2270 4361 narrat.
2321 4302 2563 4371 Namque
2608 4299 2700 4352 illo
2724 4306 2986 4364 tempore,
3046 4293 3144 4357 ait,
3193 4297 3421 4346 cunctos

176 4407 327 4475 φησὶ,
351 4379 564 4466 πάντας
584 4379 708 4467 τούς
734 4420 794 4455 τε
814 4379 1129 4466 ἵππους-καὶ
1156 4402 1223 4457 τὰ
1248 4379 1466 4474 ἅρματα
1494 4379 1710 4472 ἀφανιεῖ

1848 4414 2022 4471 equos
2045 4410 2351 4464 currusque
2376 4392 2623 4447 destruet
2652 4387 2945 4452 Dominus;
2993 4391 3053 4438 ut
3078 4382 3255 4437 dicat:
3285 4379 3419 4435 Uni-

283 4496 409 4564 304)
441 4494 527 4547 ἵνα
557 4495 708 4564 εῖπῃ·
744 4493 855 4564 Τὴν
879 4493 1161 4565 ὁπλιτικὴν
1184 4471 1709 4567 παρανσκευὴνᾶχρη

1817 4505 2067 4566 ,νενευιιι
2120 4486 2374 4543 bellicum
2428 4488 2747 4553 apparatum
2799 4474 3083 4547 praastabit
3134 4471 3416 4526 inutilem:

178 4601 300 4637 στον
342 4586 617 4653 ἀποφανεῖ
662 4584 842 4637 πᾶσαν
865 4601 879 4614 ’
932 4584 1121 4638 ἀπολεῖ
1168 4585 1224 4637 δέ
1277 4601 1371 4637 σου
1406 4586 1507 4650 τάς
1562 4586 1710 4639 πόλει

1817 4560 2185 4648 cunctasque
2232 4584 2354 4630 tuas
2394 4574 2559 4627 urbes
2609 4569 2820 4641 perdet,
2862 4579 3174 4637 quanquam
3216 4577 3283 4616 ex
3333 4560 3423 4616 bis

178 4675 413 4737 ἁπάσας,
448 4675 549 4727 κᾶν
578 4675 632 4727 εί
644 4691 789 4737 τινες
820 4675 1035 4744 ἰσχυραί
1062 4692 1121 4726 τε
1147 4676 1238 4728 καὶ
1265 4674 1402 4743 μετά
1434 4675 1632 4745 πολλῆς
1654 4693 1742 4730 τε-

178 4762 515 4832 τειχισμέναι
562 4764 662 4833 τῆς
691 4764 987 4831 ἀσφαλείας
1020 4765 1076 4816 ὲν
1114 4765 1305 4828 αὑταῖς
1332 4761 1469 4819 εἶναι
1510 4765 1742 4818 δοκοῖεν·

181 4853 536 4905 συναπολέσει
563 4852 620 4905 δὲ
652 4854 841 4916 αὑταῖς
872 4855 965 4908 καὶ
996 4855 1173 4907 πάντα
1191 4856 1362 4908 ὁπόσα
1394 4873 1500 4926 περ
1535 4855 1622 4909 διὰ
1649 4855 1747 4925 τῆς

178 4943 501 5013 ὢιμονικῆς
542 4940 758 5011 μετῄεις
776 4939 886 5009 (όὲ)
904 4937 1193 5009 θεραπείας
1207 4957 1219 4971 ·
1237 4939 1306 4995 τά
1323 4942 1457 5013 γὰρι
1485 4946 1749 5017 φάρμακὰ

181 5050 272 5085 σου
325 5052 345 5085 ι
390 5034 553 5087 τοῦτο
596 5033 764 5101 λέγει,
808 5034 897 5087 ἵνα
940 5035 1066 5108 εἴπῃ
1104 5036 1203 5098 τὰς
1238 5036 1451 5105 ἐπῳδὰς
1491 5038 1585 5090 καὶ
1624 5039 1749 5099 τοὺς

180 5123 526 5192 οἰωνισμοὺς,
558 5124 652 5175 καὶ
675 5122 847 5175 ὁπόσα
888 5122 952 5192 δὴ
988 5123 1211 5177 τοιαῦτα
1255 5124 1373 5188 ἔθος
1404 5121 1473 5195 ἦν
1502 5126 1748 5194 γίνεσθαι

182 5214 310 5285 παρ’
348 5214 569 5277 αὐτοῖς·
599 5214 661 5266 οὑ
702 5213 880 5266 τοίνυν
921 5213 1042 5266 οὑδὲ
1082 5214 1208 5276 τοὺς
1242 5213 1749 5285 ἀποφθεγγομένους

1849 4674 2043 4741 aliqua:
2073 4670 2206 4724 satis
2245 4669 2413 4721 firmae
2438 4664 2719 4732 multoque
2746 4660 2969 4714 munita:
3000 4655 3253 4727 praesidio
3299 4668 3423 4708 esse

1848 4761 2168 4813 videantur:
2202 4771 2326 4811 cum
2356 4756 2531 4824 iisque
2551 4753 2804 4823 peribunt
2830 4754 3100 4819 quotquot
3130 4755 3185 4799 tu
3220 4742 3424 4798 daemo-

1851 4854 2011 4906 niaco
2035 4850 2183 4905 cultu
2212 4846 2664 4919 prosequebaris:
2710 4859 2836 4899 nam
2868 4841 3133 4898 vocabulo
3161 4837 3423 4895 veneﬁcia

1852 4944 1907 4998 id
1935 4944 2190 5007 denotat;
2219 4955 2413 5009 nempe
2438 4938 2863 4997 incantationes,
2898 4934 3153 5004 auguria,
3188 4940 3244 4987 et
3270 4946 3423 5002 qua:-

1855 5051 2070 5104 cunque
2113 5030 2422 5102 huiusmodi
2476 5029 2619 5099 apud
2663 5043 2759 5083 eos
2790 5027 2903 5081 fieri
2946 5032 3231 5083 consueta.
3260 5023 3429 5095 Ετεῃο-

1856 5142 1923 5179 ne
1948 5123 2339 5193 respondentes
2369 5121 2589 5191 quidem
2622 5134 2718 5189 per
2747 5117 2969 5171 oracula
3000 5123 3185 5183 erunt,
3210 5114 3323 5171 sive
3346 5116 3427 5169 di-

1854 5216 2233 5270 vinationihus
2263 5211 2614 5281 oraculisque
2664 5216 2917 5264 utentes:
2975 5207 3104 5277 quia
3153 5206 3297 5262 idola
3332 5217 3427 5260 tua

180 5303 309 5371 ἑξῆς
343 5302 428 5354 έτι
456 5303 582 5365 τοὺς
610 5304 730 5364 ταῖς
762 5303 1040 5370 μαντείαις
1066 5303 1161 5355 καὶ
1186 5306 1450 5373 χρησμοῖς
1477 5304 1710 5375 κεχρημέ

1855 5306 2036 5360 Omnia
2061 5304 2355 5373 titulosque
2377 5316 2629 5372 supremo
2667 5300 2845 5355 tradet
2865 5298 3065 5354 exitio:
3091 5298 3166 5352 ita
3191 5306 3249 5352 ut
3276 5312 3346 5351 ne
3378 5295 3427 5350 si

182 5409 303 5455 νους
324 5410 340 5424 ·
375 5393 568 5462 ἐπειδὴ
593 5392 689 5445 καὶ
714 5391 783 5445 τά
811 5392 1004 5446 εἴδωλά
1042 5410 1135 5446 σου
1164 5393 1340 5447 πάντα
1373 5395 1468 5448 καὶ¹
1496 5395 1593 5457 τάς
1627 5397 1710 5447 στί

1855 5398 2093 5453 volueris
2146 5394 2387 5465 quidem,
2436 5400 2650 5449 veteres
2708 5392 2847 5445 ritus
2904 5399 3029 5447 tuos
3083 5389 3429 5459 frequentare

180 5483 276 5545 λας
306 5483 604 5553 ἀφανισμῷ
634 5483 886 5537 παντελεῖ
923 5486 1231 5556 παραδώσει
1251 5502 1265 5517 ο
1308 5484 1384 5549 ὡς
1418 5486 1549 5556 μηδὲ
1579 5487 1710 5556 βουλ

1854 5489 2060 5553 valeas,
2083 5494 2137 5540 et
2162 5485 2380 5556 opificia
2404 5498 2661 5539 manuum
2686 5492 2995 5538 vestrarum
3024 5481 3275 5536 adorare.
3320 5479 3430 5533 Ex-

190 5572 337 5641 μένῳ
362 5588 444 5625 σοι
472 5572 695 5627 δυνατὸν
730 5570 870 5627 εἶναι
898 5574 967 5629 τά
1001 5573 1142 5628 αὐτὰ
1172 5576 1284 5638 τοῖς
1320 5575 1554 5645 πρόσθεν
1584 5579 1710 5629 ποιεῖ

1857 5576 2106 5632 cidentur
2128 5576 2290 5631 etiam
2308 5574 2438 5640 luci,
2464 5574 2519 5627 in
2544 5573 2749 5643 quibus
2770 5572 3191 5642 superstitiones
3213 5579 3429 5627 vestras

187 5664 281 5717 καὶ
320 5666 648 5733 προσκυνεῖν
676 5667 786 5728 τοῖς
814 5664 992 5735 ἔργοις
1036 5666 1144 5721 τῶν
1180 5664 1374 5737 χειρῶν
1411 5665 1516 5720 τῶν
1563 5667 1710 5738 ὑμετε

290 5762 405 5831 (Β)
428 5762 566 5819 Cod.
601 5763 823 5831 μετιείς.

1861 5670 2016 5741 agitis
2042 5684 2055 5721 :
2086 5667 2332 5724 civitates
2358 5665 2590 5736 denique
2615 5680 2807 5720 omnes
2834 5664 3136 5721 destruam.
3164 5663 3343 5734 Atque
3367 5672 3427 5715 ut

473 5763 566 5819 od.
601 5763 823 5835 μετιείς.

937 5927 955 5957 ι
