3844 6222
402 359 510 417 585
1608 355 1800 414 TIIEO
1816 355 1978 412 06R!
2016 354 2501 414 MOPSUESTENI
3553 365 3666 418 384

406 479 720 536 summatim
749 476 949 541 dicam,
971 477 1050 532 ira
1072 491 1134 532 ac
1155 476 1337 532 furore
1357 487 1660 533 commotus
1684 479 1975 533 maximam

2103 495 2223 532 ›ων·
2268 477 2660 549 Ἐκκοπήσεται
2693 476 2749 530 δὲ
2788 476 2881 531 καὶ
2918 479 2986 532 τὰ
3015 478 3152 549 ἄλση
3202 478 3260 532 ἐν
3286 473 3368 543 οἷς
3388 481 3482 544 τὰς
3521 483 3664 552 θρη-

406 571 898 642 gravissimamque
934 570 1089 626 vobis
1114 585 1330 640 poenam
1357 570 1630 638 imponam
1673 576 1833 639 atque
1859 584 1985 639 per-

2103 567 2281 628 σκείας
2327 564 2622 619 ἐπιτελεῖτε
2658 565 2755 627 τάς
2786 567 3013 632 οἰκείας,
3057 568 3155 631 τάς
3185 585 3243 620 τε
3284 569 3463 633 πόλεις
3507 570 3668 639 ὑμων

405 665 628 726 niciem,
674 664 800 732 quia
829 678 951 718 mea
1015 662 1273 718 noluistis
1332 662 1608 716 abstinere
1658 671 1831 728 terra;
1891 659 1984 715 sed

2103 657 2310 720 Ξιπάσας
2359 655 2606 724 ἀφανιῶο
2656 657 2772 722 καὶ,
2821 657 3100 726 συντόμως
3138 659 3332 722 εἰπεῖν,
3380 660 3516 730 ὀργῇ
3569 660 3672 713 καὶ

410 756 552 808 banc
579 769 795 824 quoque
817 763 1010 823 praeter
1031 753 1432 822 beneplacitum
1458 769 1636 806 meum
1665 753 1983 822 depopulari

2103 747 2252 818 θυμῷ
2302 748 2665 820 χρησάμενος,
2712 748 2974 818 μεγίστην
3033 749 3121 801 καὶ
3191 751 3500 820 βαρυτάτην
3535 754 3672 821 ὑμῖν

409 846 680 901 voluistis.
715 844 833 900 1am
867 845 956 898 ubi
999 843 1066 899 de
1119 845 1298 897 futura
1328 859 1485 913 poena
1517 844 1866 913 Assyriorum
1907 843 1988 898 di-

2103 843 2191 911 τήν
2222 857 2281 893 τε
2301 842 2570 911 τιμωρίαν
2599 841 2802 893 ἐποίσω
2830 842 2923 893 καὶ
2950 841 3048 911 τὴν
3086 840 3379 907 ἀπώλειαν,
3419 841 3562 912 ὑπὲρ
3591 836 3674 896 ὧν

409 937 567 991 cen‘di
603 938 760 990 finem
794 935 940 1000 fecit,
974 943 1199 1004 propter
1247 935 1464 988 illorum
1497 935 1759 990 adversus
1790 933 1987 989 Hieru-

2103 931 2424 1002 Ξιποσχέσθαι
2464 932 2562 1001 τῆς
2613 929 2796 1003 χώρας
2848 932 2949 985 οὐκ
2987 931 3321 1003 ἠϐουλήθητε
3361 933 3460 1002 τῆς
3501 933 3672 1002 ἐμῆς,

411 1029 580 1081 salem
634 1043 850 1092 ausum,
887 1028 950 1080 ad
997 1027 1255 1096 populum
1286 1026 1453 1081 verba
1500 1027 1790 1090 convertit,
1840 1040 1989 1078 nunc

2103 1022 2228 1075 Ξιλλά
2257 1023 2365 1094 γὰρ
2396 1023 2662 1093 ἠλπίσατε
2693 1024 2844 1096 παρά
2871 1025 2932 1078 τὺ
2964 1025 3086 1094 ἐμοὶ
3112 1024 3301 1078 δοκοῦν
3330 1026 3534 1096 ἐρημίᾳ
3562 1043 3676 1078 πα-

412 1127 723 1188 opportune
774 1119 1044 1186 ingratum
1092 1117 1240 1171 illius
1297 1117 1538 1170 animum
1594 1115 1989 1185 reprehendere

2103 1115 2368 1186 ραδιδόναι
2418 1119 2513 1170 καὶ
2553 1117 2776 1188 ταύτην.
2824 1117 2934 1171 Καὶ
2972 1117 3156 1188 ἐπειδὴ
3197 1119 3525 1188 συνεπέρανε
3568 1120 3676 1189 τὴν

413 1208 755 1278 aggrediens.
813 1207 952 1273 Quin
1003 1207 1138 1262 adeo
1169 1207 1404 1261 tribunal
1433 1206 1706 1277 quoddam
1740 1215 1986 1262 statuens

2103 1207 2545 1278 ἐπαχθησομένην
2585 1211 2695 1272 τοῖς
2735 1210 3038 1280 ’Λσσυρίοις
3071 1210 3361 1280 τιμωρίαν,
3408 1211 3546 1280 ὑπὲρ
3593 1204 3676 1262 ὧν

413 1300 696 1369 prepbeta,
741 1299 821 1353 sic
857 1299 930 1352 ait
956 1316 969 1352 :

2103 1297 2340 1350 ἐπελθεῖν
2368 1297 2737 1370 τετολμήκασι
2772 1301 2838 1370 τῇ
2885 1300 3256 1371 Ἰερουσαλὴμ,
3291 1301 3366 1368 (p.
3396 1299 3521 1369 505)
3547 1301 3679 1370 τρέ-

414 1409 505 1443 πει
538 1391 674 1460 πρὸς
699 1389 790 1443 τὸν
821 1389 946 1442 λαὸν
974 1391 1065 1444 τὶν
1097 1390 1272 1458 λόγον,
1313 1391 1370 1443 ἐν
1398 1389 1575 1459 καιρῷ
1635 1388 1730 1442 νῦν
1777 1387 2009 1459 μάλιστα
2067 1387 2164 1458 τὴν
2212 1388 2602 1460 ἀγνωμοσύνην
2659 1389 2836 1443 αὐτῶν
2887 1389 3126 1460 ἐλέγχειν
3174 1387 3507 1459 ὑπειληφώς.
3560 1388 3682 1440 Καὶ

413 1483 478 1554 δὴ
509 1485 600 1537 καὶ
627 1485 903 1554 κριτήριόν
925 1501 976 1536 τι
998 1482 1234 1546 καθίζων
1268 1483 1295 1535 ὁ
1318 1484 1600 1554 προφήτης
1629 1481 1772 1536 οὕτω
1806 1480 1988 1551 φησίνο

1047 1647 1200 1704 CAP.
1255 1650 1340 1702 Vl.

2740 1655 2896 1706 ΚΕΦ.
2934 1657 3026 1721 (τι.

489 1736 648 1788 Vens.
693 1737 805 1790 1-5.
847 1767 917 1778 —-
957 1757 975 1789 ι
1016 1737 1188 1810 Surge
1226 1748 1279 1795 et
1326 1740 1534 1808 judicio
1573 1739 1815 1808 discepta
1859 1753 1981 1792 cum

2163 1743 2306 1812 Στίχ.
2347 1751 2486 1798 αὀε’.
2519 1774 2590 1785 ——
2623 1763 2640 1795 ι
2691 1746 2998 1815 Ἀνάστηθι,
3028 1746 3244 1817 κρίθητι
3279 1748 3412 1818 πρὸς
3441 1748 3509 1800 τά
3529 1749 3632 1818 ὅρη
3654 1765 3672 1780 '

413 1827 712 1890 montibus,
735 1836 787 1882 et
807 1829 1027 1882 audiant
1048 1832 1216 1884 colles
1241 1846 1425 1884 vocem
1451 1841 1618 1883 tuam.
1645 1831 1855 1892 Audite,
1879 1830 1991 1882 col-

2103 1836 2188 1888 καὶ
2210 1836 2597 1888 ἀκουσάτωσαν
2617 1835 2792 1905 βουνοὶ
2813 1839 2996 1906 φωνήν
3017 1855 3110 1890 σου
3128 1855 3139 1864 ·
3162 1839 3448 1903 ἀκούσατε,
3470 1839 3672 1908 βουνοὶ,

415 1917 522 1981 les,
553 1920 820 1987 judicium
865 1919 1098 1987 Domini,
1146 1938 1245 1977 nec
1285 1938 1393 1976 non
1432 1923 1598 1976 valles
1642 1921 1990 1975 fundamenta

417 2017 594 2073 terrai,
641 2013 766 2080 quia
803 2013 1070 2080 judicium
1111 2013 1340 2067 Domino
1383 2028 1505 2066 cum
1553 2013 1752 2081 populo
1783 2026 1902 2070 suo.
1939 2020 1994 2065 et

415 2116 540 2154 cum
597 2101 790 2157 lsraele
827 2104 1174 2173 disceptabit.
1215 2124 1233 2155 ι
1275 2104 1378 2160 Sed
1412 2105 1536 2174 quia
1590 2112 1669 2159 tot
1717 2104 1994 2172 tantisque

418 2192 581 2262 200
610 2193 662 2246 in
690 2209 785 2248 eos
809 2195 1021 2250 collatis
1045 2211 1074 2248 a
1104 2195 1212 2252 Deo
1238 2196 1534 2260 beneﬁciis,
1561 2195 1832 2265 ingratum
1861 2193 1996 2248 nibi-

415 2282 655 2339 lominus
678 2285 919 2338 animum
950 2285 1205 2348 retinent,
1233 2286 1391 2355 cujus
1416 2301 1582 2340 causa
1625 2286 1786 2340 etiam
1822 2284 1997 2354 Baby-

417 2373 647 2429 lonicam
676 2375 1016 2444 pertulerunt
1054 2377 1443 2446 captivitatem,
1485 2392 1618 2432 sane
1664 2376 1996 2446 perlibenter

411 2463 969 2534 judiciuminstituam
1003 2468 1146 2523 inter
1179 2468 1346 2522 Deum
1375 2475 1429 2522 et
1461 2468 1584 2522 illos
1620 2483 1634 2519 :
1673 2481 1995 2536 sumamque

413 2558 624 2627 judices
651 2567 864 2614 montes
888 2569 943 2615 et
969 2560 1134 2615 colles
1165 2561 1463 2630 vallesque,
1490 2575 1610 2629 quae
1641 2569 1799 2613 antea
1830 2559 1994 2613 innu-

420 2648 736 2702 merabilem
769 2647 913 2704 illam
947 2657 1279 2716 exceperunt
1308 2649 1654 2719 Assyriorum
1687 2649 1996 2703 multitudi-

421 2753 543 2793 nem
590 2737 926 2796 Hierusalem
967 2738 1426 2809 aggredientium,
1475 2755 1570 2808 per
1608 2755 1798 2794 onlnes
1842 2749 1996 2794 extra

420 2830 574 2884 locos
595 2831 900 2900 dispersam
925 2848 938 2883 :
966 2831 1109 2884 unde
1137 2831 1403 2900 plurimus
1436 2831 1585 2885 urbis
1609 2831 1814 2885 incolas
1839 2833 1998 2886 timor

425 2921 674 2987 incessit;
693 2922 818 2977 dein
844 2930 1064 2992 repente
1093 2929 1172 2976 tot
1191 2923 1497 2977 habuerunt
1517 2924 1662 2977 circa
1686 2939 1744 2978 se
1757 2925 1996 2993 projeelra

427 3013 695 3068 cadavera
727 3014 1003 3068 hominum
1040 3023 1189 3067 tanta
1217 3029 1389 3083 nuper
1424 3014 1681 3084 superbia
1705 3016 1994 3068 elatorum.

2093 1930 2189 2000 τὴν
2223 1930 2402 2000 κρίσιν
2426 1929 2518 1983 τοῦ
2552 1931 2778 2000 Κυρίου,
2804 1932 2896 1984 καὶ
2927 1933 2980 1985 αἱ
3009 1932 3288 2002 φάραγγες
3321 1933 3543 2002 θεμέλια
3571 1934 3672 2002 τῆς

2093 2021 2216 2090 γῆς,
2252 2021 2333 2074 ὅτι
2383 2021 2564 2091 κρίσις
2594 2021 2671 2090 τῷ
2705 2023 2894 2091 Κυρίῳ
2939 2022 3075 2092 πρὸς
3105 2022 3194 2076 τὸν
3219 2023 3344 2074 λαὸν
3375 2023 3556 2080 αὑτοῦ,
3577 2026 3673 2076 καὶ

2097 2110 2235 2180 μετά
2279 2109 2374 2162 τοῦ
2438 2109 2650 2180 Ἰσραὴλ
2698 2110 3151 2180 διελεγχθήσεται.
3199 2129 3218 2162 ι
3289 2111 3426 2163 Ἀλλ’
3480 2112 3671 2182 ἐπειδὴ

2094 2201 2380 2262 τοιούτων,
2421 2201 2584 2269 φησὶ,
2623 2201 2731 2252 τῶν
2776 2201 2925 2271 παρά
2958 2201 3093 2253 Θεοῦ
3125 2201 3423 2270 γεγονότων
3455 2203 3533 2264 εἰς
3566 2203 3671 2253 αὐ-

2094 2295 2239 2358 τοὺς,
2267 2293 2422 2346 οὐθὲν
2454 2287 2614 2362 ἦττον
2645 2293 2736 2344 ἐπὶ
2769 2293 2868 2362 τῆς
2899 2293 3291 2362 ἀγνωμοσύνης
3323 2295 3540 2363 μένουσι
3570 2293 3675 2362 τῆς

2093 2384 2332 2448 οἰκείας,
2377 2383 2516 2456 ὑπὲρ
2551 2377 2626 2437 ὧν
2655 2384 2713 2437 δὲ
2753 2384 2848 2437 καὶ
2893 2384 2993 2455 τὴν
3025 2385 3088 2437 ἐκ
3120 2384 3434 2448 Βαϐυλῶνος
3464 2385 3674 2453 ὑπομέ-

2095 2491 2275 2528 νουσιν
2315 2474 2720 2544 αίχμαλωσίαν,
2776 2474 2967 2544 ἥδιστα
3000 2477 3065 2528 ἂν
3112 2475 3291 2547 κρίσιν
3335 2475 3675 2543 ποιησαίμην

2095 2563 2189 2617 τοῦ
2220 2581 2280 2616 τε
2305 2562 2440 2615 Θεοῦ
2471 2563 2733 2616 κάκείνων
2752 2579 2766 2594 ο
2793 2564 2886 2615 καὶ
2910 2561 3129 2632 δέξομαι
3152 2563 3343 2632 κριτάς
3373 2563 3440 2615 τά
3469 2580 3528 2615 τε
3571 2569 3673 2634 ὅρη

2097 2653 2190 2705 καὶ
2219 2653 2344 2716 τοὺς
2373 2651 2591 2720 βουνοὺς
2621 2653 2712 2705 καὶ
2737 2651 2834 2714 τὰς
2865 2653 3171 2722 φάραγγας,
3203 2652 3238 2705 ἃ
3273 2651 3537 2721 πρότερον
3566 2652 3676 2719 μὲν

2092 2742 2309 2805 ἐδέξατο
2332 2741 2394 2794 τὸ
2416 2741 2780 2812 ἀναρίθμητον
2803 2743 2976 2794 ἐκεῖνο
3000 2743 3108 2794 τῶν
3145 2742 3442 2812 Ἀσσυρίων
3465 2740 3676 2811 πλῆθος

2097 2833 2423 2902 ἐπεληλυθὸς
2469 2835 2535 2902 τῇ
2584 2832 2934 2903 Ἰερουσαλὴμ
2967 2834 3060 2885 καὶ
3105 2832 3249 2885 κατά
3287 2833 3495 2894 πάντας
3541 2833 3677 2896 τοὺς

2096 2923 2294 2990 ἔξωθεν
2335 2923 2732 2994 διεσπαρμένον
2772 2924 2999 2987 τόπους·
3051 2925 3143 2993 ἀφ’
3189 2918 3250 2977 οὗ
3293 2924 3355 2995 δὴ
3383 2925 3473 2977 καὶ
3511 2923 3678 2992 φόϐος

2095 3019 2207 3076 τοῖς
2251 3013 2394 3068 κατὰ
2437 3015 2533 3083 τὴν
2567 3014 2735 3080 πόλιν,
2771 3016 2846 3077 ὡς
2889 3015 3054 3078 εἰκὸς,
3099 3015 3349 3068 ἐπέκειτο
3390 3014 3676 3077 πλεῖστοςο

423 3103 582 3174 Digni
606 3112 752 3159 certe
784 3105 886 3158 title
949 3113 1115 3160 testes
1152 3106 1206 3158 bi
1239 3113 1400 3160 erunt
1425 3105 1478 3158 in
1525 3105 1756 3174 judicio,
1792 3107 1885 3175 qui
1941 3115 1995 3161 et

2103 3100 2223 3158 εἶτα
2269 3105 2462 3175 ἀθρόον
2517 3105 2684 3175 νεκρά
2731 3104 2800 3158 τά
2854 3104 3093 3158 τοσαῦτα
3151 3105 3377 3174 σώματα
3424 3103 3584 3173 ἔσχεν
3622 3105 3681 3158 ἐν

424 3202 767 3264 spectatores
822 3193 1064 3250 fuerunt.
1140 3194 1258 3248 Mox
1301 3205 1555 3264 tanquam
1597 3205 1694 3266 pro
1735 3197 1994 3250 tribunali

2104 3197 2316 3260 ἑαυτοῖς
2365 3195 2675 3266 ἐρριμμένα
2721 3195 2828 3248 τῶν
2879 3197 2985 3266 πρὸ
3033 3195 3261 3266 βραχέος
3299 3197 3509 3265 μεγάλα
3541 3213 3681 3267 φρο-

427 3281 646 3347 sedens,
674 3291 729 3337 et
784 3283 895 3352 jam
926 3283 1177 3338 convicta
1204 3285 1572 3338 lsraelitarum
1602 3285 1874 3347 vecordia,
1909 3300 2004 3339 co-

427 3389 544 3427 ram
572 3374 852 3444 judicibus
881 3390 1173 3445 rerumque
1202 3377 1455 3439 testibus,
1494 3376 1791 3431 introducit
1814 3383 2003 3444 postea

427 3467 566 3521 dicis
592 3481 758 3520 causa
817 3465 984 3521 Deum
1023 3467 1199 3536 ipsum
1252 3468 1332 3523 eis
1364 3469 1633 3522 dicentem
1685 3485 1697 3521 :
1747 3485 1764 3518 ι
1803 3466 2006 3537 Popule

429 3573 610 3621 meus,
643 3557 772 3626 quid
803 3556 902 3611 feci
945 3558 1064 3620 tibi,
1097 3567 1192 3611 aut
1213 3558 1266 3611 in
1300 3573 1410 3627 quo
1443 3559 1704 3613 molestus
1727 3557 1822 3611 tibi
1849 3557 1924 3611 fui
1948 3559 1999 3610 ’ἐι

433 3647 687 3704 Profecto
719 3665 805 3704 res
837 3649 1130 3719 Assyriaca
1156 3665 1275 3718 qua:
1301 3649 1483 3712 fuerit,
1519 3659 1754 3710 constat.
1791 3658 1844 3704 ct
1873 3663 2008 3719 qua-

434 3741 503 3795 lis
531 3755 630 3795 vos
669 3741 1024 3810 providentia:
1052 3757 1183 3796 meae
1247 3741 1640 3796 demonstratio
1691 3742 2004 3797 exstitistis.

436 3834 697 3902 Superest
731 3840 790 3887 ut
810 3833 940 3886 mihi
970 3833 1186 3893 dicatis,
1211 3848 1339 3886 num
1370 3849 1561 3902 parum
1595 3835 1678 3887 vel
1716 3836 1943 3890 multmn
1977 3848 2008 3887 a

435 3941 523 3980 me
554 3925 861 3979 contristati
926 3924 1157 3988 fueritis,
1198 3939 1328 3976 num
1360 3925 1652 3992 aliquando
1704 3925 2009 3987 nocuerim,

431 4028 531 4072 aut
569 4017 794 4072 omnino
823 4016 1086 4070 molestus
1110 4016 1195 4068 vel
1227 4016 1410 4084 gravis
1439 4015 1591 4070 visus
1617 4017 1772 4070 vobis
1793 4016 2010 4069 fuerim.

439 4109 584 4173 Mox,
626 4108 782 4178 quasi
833 4107 971 4161 nihil
1026 4115 1217 4160 contra
1281 4107 1396 4160 bare
1428 4107 1642 4162 hiscere
1668 4104 2009 4171 audentibus,

445 4211 464 4243 ι
483 4193 776 4262 Responde
804 4193 955 4254 mibi,
977 4211 994 4243 ι
1041 4192 1240 4261 inquit,
1290 4195 1447 4262 quasi
1486 4195 1651 4255 dicat.
1675 4197 1809 4250 Fare
1841 4211 1942 4265 age
1967 4199 2012 4253 si

439 4285 571 4354 quid
603 4284 801 4348 habes;
838 4281 1113 4336 admittam
1153 4284 1318 4348 enim,
1355 4284 1400 4338 si
1438 4299 1562 4339 vera
1597 4285 1854 4354 loqueris.
1874 4285 2013 4341 Tum

441 4391 542 4429 ceu
579 4375 686 4428 illis
717 4388 946 4442 prorsus
968 4373 1257 4428 silentibus
1286 4375 1622 4430 conscientia
1655 4390 1754 4430 sua
1787 4378 2013 4432 convic-

2101 3291 2368 3343 νούντων·
2425 3289 2726 3355 ἀξιόπιστοι
2781 3288 2890 3359 γὰρ
2953 3283 3097 3342 οὗτοι
3154 3288 3290 3358 πρὸς
3341 3288 3439 3358 τὴν
3497 3289 3683 3356 κρίσιν

2103 3379 2315 3433 ἔσονται
2360 3378 2584 3448 ταύτην,
2625 3379 2675 3431 οί
2718 3378 2812 3431 καὶ
2841 3378 3029 3430 θεαταὶ
3069 3377 3179 3430 τῶν
3206 3377 3527 3445 γεγονότων.
3564 3375 3683 3430 Εἶθ’

2103 3473 2178 3533 ὡς
2237 3470 2303 3524 ἂν
2353 3471 2632 3540 κριτήριον
2689 3469 2936 3532 καθίσας,
2982 3469 3070 3520 καὶ
3133 3469 3196 3538 δὴ
3250 3467 3514 3538 πρόδηλον
3571 3469 3685 3521 τῶν

2118 3561 2465 3633 Ἰσραηλιτῶν
2495 3561 2594 3631 τὴν
2634 3559 3026 3631 ἀγνωμοσύνην
3068 3563 3299 3629 ποιήσας
3329 3561 3432 3613 ύπὸ
3466 3564 3684 3629 κριταῖς

2106 3656 2216 3716 τοῖς
2257 3652 2350 3706 καὶ
2387 3653 2621 3723 μάρτυσι
2664 3652 2772 3705 τῶν
2801 3653 3101 3720 γεγονότων
3121 3695 3134 3718 ,
3165 3655 3372 3722 εἰσάγει
3403 3653 3590 3706 λοιπὸν
3622 3655 3686 3705 ἐκ

2106 3743 2424 3813 περιουσίας
2456 3743 2546 3796 τὸν
2577 3742 2709 3794 Θεὸν
2737 3743 2963 3810 λέγοντα
2999 3743 3134 3812 πρὸς
3163 3743 3355 3805 αύτούς
3377 3761 3388 3771 ·
3424 3743 3505 3812 (p.
3541 3742 3683 3808 506)

2114 3853 2134 3885 ι
2171 3834 2314 3898 Λαός
2343 3850 2465 3903 μου,
2489 3833 2542 3885 τί
2572 3833 2804 3904 ἐποίησά
2834 3850 2916 3894 σε,
2947 3833 2979 3902 ἢ
3005 3833 3056 3885 τί
3078 3833 3482 3904 παρηνώχλησά
3509 3851 3624 3899 σοις
3662 3852 3680 3882 ι

2094 3999 2096 4001 γ
2122 3925 2284 3978 Ἀλλά
2324 3924 2434 3996 γὰρ
2462 3925 2529 3976 τὰ
2559 3925 2656 3994 μὲν
2687 3923 2825 3976 κατὰ
2855 3923 2945 3976 τὸν
2985 3925 3265 3993 ’Λσσύριον
3291 3924 3452 3993 δῆλα,
3488 3925 3681 3992 φησὶν,

2111 4016 2257 4079 ὅπως
2289 4015 2474 4086 ἔσχεν,
2506 4015 2636 4085 ὅσην
2668 4031 2728 4066 τε
2759 4014 2860 4082 τῆς
2911 4013 3232 4083 κηδεμονίας
3279 4031 3376 4084 μου
3424 4016 3523 4083 τῆς
3556 4014 3686 4084 περὶΙ

2111 4105 2256 4175 ὑμᾶς
2301 4104 2609 4175 παρέσχητε
2654 4105 2754 4173 τὴν
2801 4104 3105 4170 ἀπόδειξινο
3138 4104 3418 4174 ἐπιτρέπω
3457 4105 3515 4158 δὲ
3557 4105 3685 4175 ὑμῖν

2112 4195 2311 4263 λέγειν,
2338 4195 2391 4247 εῐ
2419 4212 2472 4246 τι
2504 4194 2698 4265 μικρὸν
2726 4193 2758 4262 ἢ
2799 4194 2938 4263 μέγα
2973 4192 3190 4246 πώποτε
3220 4193 3523 4264 λελύπησθε
3557 4194 3684 4264 παρ’

2113 4286 2269 4357 ἐμοῦ,
2299 4289 2348 4340 εἰ
2381 4285 2656 4355 πεποίηκά
2695 4302 2750 4337 τι
2797 4283 3049 4353 βλάπτων
3097 4284 3238 4353 ὑμᾶς
3262 4325 3276 4350 ,
3331 4286 3379 4336 εί
3405 4283 3687 4354 λελύπηκα

2117 4378 2404 4443 καθάπαξ,
2442 4379 2490 4430 εί
2520 4377 2773 4447 φορτικὸς
2812 4376 2869 4428 ἐν
2912 4394 3054 4430 τισιν
3081 4375 3268 4445 ὤφθην
3293 4378 3451 4448 ὑμῖν·
3477 4373 3576 4430 εἷθ’
3612 4378 3685 4438 ὡς

441 4467 537 4532 tis,
565 4473 621 4521 et
655 4465 746 4520 Dei
784 4466 944 4520 verba
962 4465 1270 4521 nullatenus
1295 4465 1545 4521 falsitatis
1571 4481 1798 4538 arguere
1821 4468 2000 4521 valen-

2112 4468 2178 4522 ἂν
2217 4468 2338 4520 οὐδέ
2371 4467 2507 4537 πρὸς
2550 4467 2723 4518 ταῦτα
2760 4465 2940 4534 φωνὴν
2972 4466 3235 4536 ἐχόντων,
3271 4484 3290 4517 ι
3338 4466 3685 4537 Ἀποκρίθητί

443 4559 614 4622 tibus,
666 4557 842 4626 pergit
893 4557 1076 4612 dicere
1113 4577 1124 4612 :
1159 4573 1178 4607 ι
1236 4555 1372 4622 Quia
1434 4556 1599 4611 eduxi
1655 4567 1706 4612 te
1751 4556 1818 4613 de
1872 4567 2000 4613 terr:

2115 4576 2238 4629 μοι,
2277 4577 2296 4610 ι
2331 4557 2494 4626 φησίν
2515 4574 2526 4583 ·
2561 4558 2648 4609 ἵνα
2685 4556 2812 4627 εἴπῃ
2835 4572 2850 4588 ⁶
2882 4557 3022 4625 Λέγε
3043 4599 3056 4621 ,
3099 4556 3153 4609 εἴ
3177 4574 3227 4608 τι
3263 4557 3406 4627 ἔχεις
3426 4575 3440 4588 ·
3467 4557 3685 4629 δέξομαι

445 4648 696 4720 Egypti,
726 4656 780 4704 et
816 4649 884 4704 de
937 4649 1100 4702 domo
1142 4649 1421 4702 servitutis
1455 4647 1664 4702 redemi
1693 4655 1777 4714 te;
1819 4658 1873 4703 et
1895 4650 1998 4703 mis

2114 4650 2241 4721 γὰρ,
2259 4648 2325 4702 ἂν
2351 4648 2627 4719 ἀληθεύων
2642 4648 2824 4719 λέγῃς.
2853 4644 2987 4712 Εἶθ’,
3014 4649 3089 4712 ὡς
3117 4651 3532 4720 σεσιωπηκότων
3561 4649 3686 4703 καθ-

445 4750 573 4796 ante
631 4739 823 4795 faciem
867 4747 1014 4793 tuam
1073 4741 1316 4811 Moysen:
1381 4747 1436 4793 et
1488 4737 1759 4792 Aaronem
1799 4746 1854 4794 et
1903 4741 2000 4794 Ma

2117 4740 2262 4805 άπαξ
2308 4741 2397 4794 διὰ
2443 4740 2538 4811 τὴν
2610 4742 2947 4811 συνείδησιν,
2981 4741 3082 4794 καὶ·
3124 4741 3211 4795 διὰ
3259 4742 3320 4795 τὸ
3351 4742 3515 4812 μηδὲν
3551 4743 3686 4813 ἔχειν

447 4831 608 4885 riam.
642 4849 662 4881 ι
702 4827 842 4883 Num
870 4843 1000 4898 ergo
1050 4829 1161 4883 haec
1191 4829 1327 4882 mibi
1353 4828 1636 4890 retribuis,
1669 4829 1797 4897 quia
1829 4837 1882 4884 te
1938 4830 1990 4882 in

2116 4829 2224 4884 τῶν
2245 4830 2548 4902 εἰρημένων
2572 4830 2675 4883 ὑπὸ
2692 4831 2784 4882 τοῦ
2803 4831 2936 4884 Θεοῦ
2958 4832 3201 4902 ἐλέγχειν
3221 4832 3433 4901 ψευδὲς,
3466 4833 3685 4901 ἐπάγει·

446 4927 666 4988 sperato
721 4930 832 4974 tam
891 4919 1086 4974 acerba
1156 4919 1382 4974 liberavi
1449 4919 1733 4984 servitute,
1815 4919 1998 4990 Moyse

2130 4937 2151 4970 ε
2192 4920 2334 4974 Διότι
2375 4921 2648 4990 ἀνήγαγόν
2678 4939 2736 4974 σε
2763 4923 2827 4974 ἐκ
2865 4922 2969 4992 γῆς
2998 4924 3292 4992 Αἰγύπτου,
3316 4923 3408 4977 καὶ
3437 4923 3496 4988 ἐξ
3544 4926 3686 4978 οἴκου

447 5014 690 5078 Aarone,
725 5027 790 5066 ac
817 5011 984 5064 Maria
1023 5010 1291 5066 ministris
1337 5027 1402 5066 ac
1423 5012 1656 5067 ducibus
1691 5015 1828 5065 tanti
1857 5012 2000 5067 bene-

2125 5011 2367 5074 δουλείας
2382 5012 2770 5085 ἐλυτρωσάμην
2790 5032 2848 5067 σε
2867 5031 2880 5046 ·
2909 5017 3003 5068 καὶ
3028 5015 3377 5080 ὲξαπέστειλα
3401 5017 3508 5087 πρὸ
3533 5033 3690 5086 προσ-

451 5107 558 5164 ficii
585 5104 778 5160 utens?
799 5123 814 5154 ι
841 5103 1044 5170 Popule
1061 5119 1237 5167 meus,
1253 5114 1542 5168 memento,
1561 5104 1692 5174 quid
1708 5103 1999 5174 cogitaveri

2131 5103 2281 5157 ὡπου
2316 5105 2407 5158 τὸν
2463 5105 2668 5174 Μωσῆν
2697 5106 2790 5158 καὶ
2825 5105 3036 5176 Ἃαρὼν
3068 5108 3161 5159 καὶ
3187 5108 3434 5178 Μαριάμ.
3478 5125 3497 5158 ›
3541 5104 3689 5158 Ἀλλὰ

451 5206 642 5255 contra
669 5206 719 5252 te
744 5213 838 5252 rex
882 5197 1137 5261 Moabita,
1172 5205 1226 5251 et
1256 5199 1386 5267 quid
1419 5197 1763 5268 responderit
1782 5198 1830 5252 ei
1862 5196 2000 5250 Balaw

2135 5192 2210 5263 μὴ
2237 5191 2392 5246 τοῦτό
2415 5209 2526 5262 μοι,
2557 5194 2638 5245 ὅτι
2674 5210 2732 5244 σε
2756 5194 2904 5263 παρά
2925 5195 3106 5247 πᾶσαν
3125 5195 3315 5248 ἐλπίδα
3332 5195 3431 5262 τῆς
3455 5194 3595 5247 οὕτω
3616 5210 3690 5243 πι-

454 5291 814 5347 Moabitarum
851 5305 980 5354 rex;
1013 5298 1066 5343 et
1093 5289 1248 5358 201
1284 5290 1410 5361 quid
1450 5291 1794 5360 responderit
1834 5289 1884 5343 ei
1924 5288 1997 5342 Ba

2133 5286 2271 5355 κρᾶς
2291 5285 2576 5355 ἀπήλλαξα
2595 5285 2854 5350 δουλείας,
2877 5287 3047 5355 Μωσῇ
3066 5302 3124 5338 τε
3140 5285 3233 5338 καὶ
3259 5286 3464 5356 Ἀαρὼν
3478 5286 3570 5338 καὶ
3588 5284 3690 5337 Μα-

453 5385 594 5436 laam
635 5381 778 5436 ﬁlius
807 5381 992 5441 Beori,
1024 5382 1091 5436 de
1115 5381 1366 5436 Scbmnis
1394 5397 1568 5451 usque
1594 5382 1662 5436 ad
1692 5379 1936 5450 Galgala,
1971 5397 2000 5434 υ

2139 5374 2274 5447 ριὰμ
2290 5375 2588 5446 ὑπηρέταις
2602 5392 2660 5428 τε
2679 5377 2770 5428 καὶ
2794 5373 3224 5446 προηγουμένοις
3240 5375 3337 5444 τῆς
3357 5373 3560 5444 δωρεᾶς
3576 5386 3687 5442 χρηο

454 5479 788 5542 agnoscatur
820 5471 1026 5536 iustitia
1059 5471 1292 5526 Domini.
1329 5489 1347 5522 ι
1382 5469 1499 5524 Jam
1517 5478 1576 5523 tu
1609 5469 1696 5524 fac
1722 5469 2000 5525 memineri

2141 5466 2606 5538 σάμενοςταύτης.
2635 5485 2654 5518 ι
2686 5467 2825 5529 Λαός
2846 5483 2969 5536 μου,
2995 5465 3263 5537 μνήσθητι
3281 5464 3333 5517 τί
3351 5462 3692 5516 ἐϐουλεύσατο

458 5561 640 5618 Balaci
667 5577 883 5633 quoque
913 5562 1056 5628 regis
1086 5560 1468 5627 Moabitarum,
1503 5561 1596 5630 qui
1637 5560 1704 5614 ad
1739 5576 1798 5615 se
1836 5569 2000 5615 contr:

2135 5557 2278 5613 κατά
2319 5556 2412 5609 σοῦ
2460 5557 2643 5610 Βαλὰκ
2694 5557 2946 5626 βασιλεὺς
2983 5556 3157 5610 Μωάὸ
3178 5573 3192 5588 ο
3223 5556 3316 5609 καὶ
3353 5555 3407 5606 τί
3434 5549 3687 5624 ἀπεκρίθη

459 5670 559 5710 vos
588 5655 800 5711 vocavit
821 5655 1130 5711 Balaamum
1156 5655 1277 5721 ;bic
1304 5661 1483 5708 autem
1512 5654 1689 5724 primo
1709 5650 1925 5721 quidem
1951 5652 2000 5707 ira

2139 5650 2287 5721 αὐτῷ
2316 5650 2545 5720 Βαλαὰμ
2563 5649 2675 5713 υίὸς
2691 5648 2784 5703 τοῦ
2809 5649 2958 5720 Βεὼρ
2980 5649 3087 5702 άπὸ
3113 5648 3221 5704 τῶν
3245 5649 3466 5720 σχοίνων
3482 5646 3584 5708 ἕως
3605 5637 3688 5695 τοῦ
