3828 6216
135 190 246 245 585

1089 187 1632 246 COMMENTARIUS
1671 187 1737 242 IN
1781 187 2088 259 ΜΙΕΙΙῙΕᾸΞ
2126 189 2280 245 CAP.
2319 189 2409 246 Vl.

3287 195 3392 250 586

134 310 389 374 Γαλγάλ,
417 313 562 374 ὅπως
615 310 827 382 γνωσθῇ
875 311 1248 382 ήδικαιοσύνη
1282 310 1376 363 τοῦ
1417 310 1645 380 Κυρίου.
1685 327 1703 360 ι

1828 310 2006 373 ioluit,
2038 313 2292 366 mandato
2319 325 2440 366 meo
2475 319 2702 381 :postea
2734 312 3034 384 profectus,
3079 315 3390 373 nullatenus

138 404 230 472 (p.
282 401 428 468 507)
471 403 626 454 ’Λλλά
661 403 768 471 γὰρ
800 400 1173 472 ὑπομνήσθητι
1213 403 1306 454 καὶ
1331 403 1430 472 τὴν
1464 402 1603 456 κατά
1624 403 1715 456 τὸν

135 492 327 545 Βαλὰκ
341 493 435 545 τὸν
451 494 756 547 Μωαϐιτῶν
778 494 1020 563 βασιλέα,
1039 492 1096 554 ὃς
1113 493 1398 546 ἀπέστειλε
1419 493 1517 563 μὲν
1535 494 1716 547 καλῶν

136 585 230 636 τὸν
255 585 487 655 Βαλαάμ
509 585 628 638 καθ’
645 586 674 638 ὑ
683 585 797 655 μῶν
818 602 830 614 ·
854 585 882 636 ὁ
905 585 962 637 δὲ
992 585 1254 656 πρότερον
1288 586 1386 656 μέν
1409 586 1528 638 οὑδέ
1553 586 1716 640 ἀπελ-

139 677 252 729 θεῖν
270 678 358 730 διὰ
389 679 451 731 τὸ
475 678 758 748 ἐπίταγμα
775 677 1023 730 ἐϐούλετο
1055 678 1115 731 τὸ
1145 678 1276 747 ἐμόν
1300 694 1311 706 ·
1367 678 1718 748 ἀπεληλυθὼς

140 767 197 819 δὲ
225 770 483 840 ὕστερον,
519 770 868 839 κατηράσατο
908 770 1004 839 μὲν
1027 770 1134 822 οὐδ’
1162 770 1316 832 ὅλως,
1352 771 1624 842 ηὐλόγησε
1660 777 1717 828 δέ

1813 403 2113 466 maledixit,
2154 403 2249 458 sed
2287 410 2450 472 prout
2490 417 2591 474 ego
2634 405 2782 459 volui
2859 406 3152 464 benedixit.
3177 407 3392 473 Quibus

1811 512 1876 552 ex
1909 497 2164 552 omnibus
2217 507 2558 567 compertum
2619 499 2908 565 vobis—est,
2958 515 3043 556 me
3065 509 3272 556 rectum
3300 503 3392 570 jus

1813 602 1910 656 pro
1935 587 2090 641 vobis
2120 601 2334 656 semper
2388 597 2733 656 persecutum
2774 598 2964 643 contra
3037 589 3392 645 adversantes

1812 679 1971 732 vobis
1992 678 2217 747 injuste,
2258 692 2397 748 quos
2453 693 2644 734 omnes
2695 679 2898 750 absque
2934 681 3048 735 ulla
3086 682 3244 736 venia
3287 695 3393 753 pu-

1823 787 1956 826 ηινι.

143 863 284 913 κατὰ
313 861 376 912 τὸ
427 861 547 930 ἐμοί
580 876 643 927 γε
671 859 892 912 δοκοῦν·
925 860 1064 913 ὥστε
1112 860 1200 914 διά
1242 863 1458 918 πάντων
1501 865 1719 937 εὔδηλον
1749 866 1876 936 ὑμῖν
1907 858 2084 925 εἶναι,
2121 861 2203 913 ὅτι
2253 860 2341 914 ἀεὶ
2393 859 2451 913 τὺ
2507 861 2713 915 δίκαιον
2773 862 2912 934 ὑπὲρ
2973 863 3126 934 ὑμῶν
3167 865 3393 938 ἐκίνησα

144 955 287 1008 κατά
320 955 431 1008 τῶν
464 956 665 1009 ἀδικεῖν
709 956 852 1026 ὑμᾶς
899 957 1317 1027 ἐπιχειρούντων
1335 997 1349 1022 ,
1403 961 1611 1023 πάντας
1637 979 1697 1014 τε
1723 959 1919 1021 αὐτοὺς
1944 956 2085 1009 κατά
2114 954 2310 1024 πολλῆς
2339 955 2766 1026 ἐτιμωρησάμην
2788 957 2889 1026 τῆς
2917 957 3182 1024 ἀφειδίας.

215 1052 363 1121 Στίχ.
402 1059 554 1122 ςὀη’.
591 1081 654 1091 -
685 1052 796 1104 Καὶ
842 1051 1027 1121 ἐπειδὴ
1083 1052 1349 1122 μηδεμίαν
1396 1055 1713 1127 ἀντίρρησιν

145 1142 358 1212 ἐδέχετο
383 1143 454 1194 τά
495 1143 758 1213 εἰρημένα
779 1184 793 1204 ,
837 1143 913 1206 ὡς
952 1144 1018 1196 ἂν
1062 1144 1360 1217 συνηγόρου
1393 1149 1537 1211 τινὸς
1561 1149 1714 1212 τάξιν

144 1232 219 1300 τῷ
246 1231 362 1301 λαῷ
399 1232 617 1302 πληρῶν
648 1233 673 1283 ὁ
705 1234 1007 1303 προφήτης,
1040 1235 1104 1287 ἐκ
1135 1234 1228 1288 τοῦ
1273 1237 1496 1290 ἐκείνων
1543 1255 1713 1307 προσ-

145 1324 296 1376 ώπου
337 1325 515 1378 τοιάδε
553 1325 717 1394 φησίν
745 1343 757 1354 ·
794 1344 812 1376 ι
864 1325 950 1377 Ἑν
983 1327 1087 1380 τίνι
1139 1327 1426 1381 καταλάϐω
1474 1329 1565 1382 τὸν
1602 1329 1716 1382 Κύ-

151 1431 295 1484 ριον;
357 1416 720 1486 ἀντιλήψομαι
761 1416 896 1468 Θεοῦ
950 1435 1049 1486 μου
1101 1418 1358 1486 {aq/farm;
1407 1437 1424 1468 ιι
1477 1418 1564 1481 Ὠς
1607 1417 1715 1489 γὰρ

145 1507 236 1560 τοῦ
267 1507 398 1562 λαοῦ
424 1508 572 1560 τουτλ⁸
596 1507 862 1574 λέγοντος,
891 1507 1032 1560 οὕτω
1057 1509 1240 1577 φησὶν,
1269 1511 1349 1562 ὅτι
1386 1509 1602 1580 Ἐπειδὴ
1627 1510 1716 1564 διὰ

149 1600 364 1652 πάντων
417 1599 705 1668 ἐλέγχομαι
765 1600 856 1652 ἐπὶ
931 1599 1152 1662 πολλαῖς
1205 1603 1324 1663 ταῖς
1378 1600 1717 1673 εὐεργεσίαις

148 1690 417 1760 ἀγνώμων
445 1688 683 1757 γεγονὼς
704 1729 718 1750 ,
750 1689 800 1740 τί
833 1689 896 1757 δή
930 1706 996 1758 με
1041 1691 1260 1759 ποιῆσαι
1295 1691 1598 1761 προσῆκεν,
1632 1691 1718 1742 ἵνα

147 1777 238 1831 νῦν
255 1777 384 1846 γοῦν
400 1777 743 1846 ἐπιλάϐωμαι
765 1778 856 1830 τοῦ
879 1778 1035 1836 Θεοῦ,
1054 1772 1184 1832 (ιῦπε
1193 1797 1223 1848 ρ
1248 1780 1482 1850 ἐμαυτὸν
1506 1781 1592 1834 διὰ
1611 1779 1718 1832 τῶν

145 1870 360 1941 τρόπων
383 1868 619 1938 ἐχώρισα
634 1870 739 1921 τῶν
761 1869 1002 1936 οἰκείων;
1026 1873 1119 1923 καὶ
1140 1871 1256 1933 πῶς
1276 1872 1427 1940 φανῶ
1449 1871 1554 1924 τῶν
1572 1871 1720 1941 αὑτῷ

146 1959 446 2013 δοκούντων
490 1960 878 2030 ἀντεχόμενος;
911 1980 928 2012 ι
967 1961 1028 2012 Εἰ
1054 1961 1434 2030 καταλήψομαι
1469 1961 1630 2014 αὑτὸν
1662 1964 1720 2013 ἐν

145 2040 609 2120 ὁλοκαυτώμασιν,
631 2054 686 2104 ἐν
709 2052 924 2121 μόσχοις
949 2053 1238 2114 ἐνιαυσίοις
1258 2069 1272 2116 ;
1296 2054 1343 2105 εί
1374 2053 1720 2123 προσδέξεται

147 2143 349 2212 Κύβος
370 2142 428 2194 ἐν
444 2141 645 2209 χιλιάσι
673 2141 859 2211 κριῶν,
890 2140 920 2209 ἢ
951 2140 1006 2192 ἐν
1051 2140 1272 2210 μυριάσι
1317 2142 1565 2211 χιμάρων
1604 2141 1722 2194 πιό-

148 2251 286 2298 νων;
337 2235 384 2284 εί
418 2232 574 2286 δώσω
621 2233 940 2303 πρωτότοκά
980 2249 1077 2302 μου
1123 2233 1259 2302 ὑπὲρ
1297 2231 1547 2296 ἀσεϐείας
1582 2250 1718 2302 μου,

150 2323 359 2391 καρπὸν
385 2321 593 2383 κοιλίας
620 2338 719 2390 μου
743 2321 882 2389 ὺπέρ
915 2321 1186 2390 ἁμαρτίας
1208 2320 1385 2390 ψυχῆς
1411 2337 1544 2390 μους
1588 2339 1607 2373 ι
1639 2323 1724 2383 Ὡς

149 2413 251 2482 γάρ
271 2411 676 2480 διαπορούντων
695 2411 892 2473 αὐτῶν,
907 2411 984 2463 ὅτι
999 2412 1091 2464 καὶ
1117 2411 1332 2479 ποιῆσαι
1346 2410 1618 2480 προσῆκεν
1636 2412 1726 2464 αὑ-

145 2507 269 2566 τοὺς
307 2506 398 2556 ἐπὶ
433 2503 699 2574 θεραπείᾳ
731 2506 829 2572 τῆς
858 2504 1124 2572 τοσαύτης
1149 2501 1558 2572 ἀγνωμοσύνης,
1583 2501 1726 2555 οὕτω

146 2594 334 2662 φησίν·
369 2593 462 2662 (p.
500 2593 638 2660 508)
684 2591 1060 2662 Ἑξιλάσομαι,
1092 2592 1276 2659 φησὶν,
1317 2590 1477 2642 αὐτὸν
1510 2591 1636 2661 ἄρα,
1678 2594 1724 2643 εἰ

144 2685 557 2756 προσαγάγοιμι
579 2684 997 2754 ὁλοκαυτώματα
1019 2682 1230 2752 μόσχων
1252 2680 1607 2751 ἐνιαυσίων,ἢ
1632 2678 1725 2750 [εί]

143 2778 394 2847 χιλιάδας
427 2779 520 2828 καὶ
561 2777 822 2846 μυριάδας
856 2775 1024 2845 κριῶν
1056 2791 1114 2826 τε
1144 2771 1291 2842 αὑτῷ
1320 2772 1726 2840 προσαγάγοιμι

143 2872 236 2922 καὶ
268 2868 584 2938 προϐάτων,
627 2869 659 2938 ἢ
701 2870 750 2920 εί
788 2867 855 2920 τὰ
881 2865 1198 2937 πρωτότοκα
1217 2865 1325 2916 τῶν
1357 2862 1504 2932 ἐμῶν
1536 2878 1727 2931 γεννη-

145 2963 337 3032 μάτων
373 2959 522 3028 αὺτῷ
569 2960 928 3030 προσαγάγω,
973 2957 1049 3018 ώς
1099 2957 1164 3009 ἂν
1205 2956 1304 3023 τῆς
1337 2954 1516 3023 ψυχῆς
1543 2952 1726 3021 ἀφέλω

140 3053 242 3122 τὴν
268 3049 553 3120 ἁμαρτίαν
595 3050 691 3118 τῆς
738 3049 910 3117 ἐμῆς;
950 3047 1092 3117 Πρὸς
1143 3045 1199 3097 δέ
1230 3043 1434 3113 ταύτην
1462 3042 1556 3094 τοῦ
1595 3041 1726 3094 λαοῦ

141 3145 242 3211 τὴν
309 3141 550 3213 ἀπορίαν
602 3139 1029 3209 ἀποκρινόμενος
1087 3139 1116 3188 ὁ
1177 3136 1461 3204 προφήτης
1526 3133 1724 3203 φησίν’

147 3251 166 3282 ι
213 3231 536 3299 Ἀπηγγέλη
571 3247 680 3293 σοι,
708 3229 986 3298 ἄνθρωπε,
1023 3229 1074 3278 τί
1102 3227 1293 3291 καλὸν,
1323 3228 1416 3278 καὶ
1443 3225 1495 3277 τί
1527 3223 1728 3292 Κύριος

145 3320 376 3390 ἐκζητεῖ
429 3321 578 3389 παρά
631 3319 754 3381 σοῦ,
809 3319 921 3372 ἀλλ’
970 3319 1002 3388 ἢ
1050 3317 1145 3369 τοῦ
1188 3319 1362 3370 ποιεῖν
1397 3317 1604 3385 κρῖμα,
1634 3315 1728 3367 καὶ

143 3414 374 3480 ἀγαπᾷν
421 3402 590 3474 ἔλεον,
619 3411 712 3462 καὶ
746 3410 956 3478 ἕτοιμον
993 3403 1132 3460 εἷναι
1177 3405 1270 3459 τοῦ
1301 3404 1627 3476 πορεύεσθαί
1668 3421 1728 3456 σε

144 3502 329 3554 ὀπίσω
377 3500 579 3569 Κυρίου
626 3499 716 3552 τοῦ
761 3498 894 3550 Θεοῦ
948 3514 1076 3560 σου;
1127 3515 1144 3547 ι
1181 3496 1360 3567 Πάρες
1403 3494 1498 3566 δὴ,
1528 3495 1724 3564 φησιν,

146 3591 577 3660 ὁλοκαυτώματα
610 3592 702 3643 καὶ
740 3590 939 3642 θυσιῶν
977 3587 1181 3656 πλῆθος
1229 3588 1323 3640 καὶ
1363 3588 1726 3658 πρωτοτόκων

148 3683 526 3751 προσκομιδήν
545 3698 557 3711 ο
588 3684 635 3733 εἰ
657 3681 713 3733 δέ
742 3698 821 3732 σοι
845 3682 1062 3750 φροντὶς
1093 3679 1437 3746 ἐξιλάσασθαι
1466 3679 1526 3732 τὸ
1547 3679 1727 3744 Θεῖον,

149 3775 337 3826 ἐκεῖνα
387 3772 683 3842 διάπραξαι
729 3772 871 3842 ἅπερ
922 3771 1126 3824 ἄνωθέν
1161 3789 1242 3823 σοι
1275 3772 1601 3842 προσέταξεν
1639 3773 1728 3826 διὰ

148 3864 243 3916 τοῦ
278 3863 522 3925 Μωσέως
567 3865 740 3914 ποιεῖν
792 3864 820 3915 ό
865 3862 1016 3925 Θεός.
1075 3863 1210 3914 Ποῖα
1260 3862 1323 3933 δὴ
1373 3863 1574 3928 ταῦτα;
1627 3863 1725 3914 ’Ίν’

151 3954 318 4023 ὀρθὴν
354 3954 440 4020 ἐφ’
472 3954 726 4006 ἀπάντων
762 3954 1022 4024 ποιῇςτὴν
1047 3954 1227 4023 κρίσιν
1259 3955 1352 4006 καὶ
1371 3953 1469 4024 τὴν
1498 3955 1726 4022 δοκιμα-

153 4047 304 4108 σίαν,
349 4047 469 4097 καθ’
512 4046 577 4113 ἣν
622 4044 864 4111 ἐκλέγειν
902 4043 1134 4112 ὀφείλεις
1179 4045 1292 4097 ἀπὸ
1333 4044 1430 4097 τοῦ
1489 4045 1726 4115 χείρονος

1893 1052 2056 1107 Vsus.
2093 1050 2226 1107 6-8.
2258 1081 2328 1091 —
2382 1050 2444 1103 Et
2475 1051 2601 1119 quia
2647 1053 2850 1104 nullam
2902 1053 3390 1109 contradictionem

1820 1145 1984 1200 verba
2024 1143 2140 1196 hinc
2195 1142 2560 1211 patiebantur,
2621 1142 2834 1211 patroni
2883 1143 3049 1196 veluti
3101 1158 3392 1213 persoaam

1822 1248 1921 1304 pro
1935 1232 2132 1302 populo
2157 1231 2415 1300 propheta
2441 1231 2802 1295 sumens,ha:c
2820 1231 2913 1284 ait:
2940 1249 2958 1282 ι
2984 1232 3041 1284 lu
3067 1248 3174 1301 quo
3200 1246 3394 1302 appre-

1823 1326 2059 1381 hendam
2115 1326 2446 1380 Dominum?
2479 1325 2773 1392 suscipiam
2823 1323 2990 1377 Deum
3021 1322 3335 1378 excelsum?
3369 1342 3389 1376 ι

1823 1417 2104 1488 Tanquam
2170 1419 2367 1487 populo
2431 1417 2533 1470 hoc
2576 1416 2810 1480 dicente,
2845 1417 2924 1470 sic
2977 1417 3051 1468 ait
3081 1433 3093 1469 :
3123 1415 3393 1480 Quoniam

1823 1511 2009 1564 multis
2031 1510 2308 1564 beneficiis
2338 1509 2582 1578 ingratus
2623 1506 2720 1571 fui,
2771 1507 2896 1577 quid
2929 1522 3071 1560 nunc
3097 1523 3181 1561 me
3218 1506 3396 1560 facere

1819 1612 2054 1673 oportet,
2091 1610 2148 1654 ut
2174 1600 2337 1653 Deum
2375 1598 2501 1652 mihi
2535 1610 2869 1666 recuperem,
2919 1611 2946 1648 a
2985 1611 3094 1665 quo
3153 1596 3396 1650 moribus

1821 1695 1958 1747 meis
1980 1708 2065 1746 me
2089 1691 2340 1759 sejunxi?
2368 1689 2432 1741 Et
2462 1688 2734 1757 quomodo
2771 1688 3093 1756 placitorum
3125 1687 3244 1754 ejus
3281 1686 3393 1755 jam

1821 1785 2099 1841 studiosus
2137 1780 2393 1836 videbor?
2428 1799 2447 1832 ι
2484 1779 2618 1834 Num
2651 1777 3052 1848 apprehendam
3100 1776 3392 1829 Dominum

1825 1867 2184 1928 holocaustis,
2241 1874 2295 1920 et
2353 1866 2540 1918 vitulis
2585 1863 2891 1918 anniculis?
2931 1860 3069 1914 Num
3137 1861 3398 1929 suscipiet

1823 1959 2084 2013 Dominus
2140 1957 2289 2010 mille
2323 1957 2540 2018 arietes,
2571 1955 2656 2009 vel
2703 1954 2888 2007 decem
2911 1952 3082 2005 millia
3111 1951 3398 2021 pinguium

1822 2048 2144 2102 hircorum?
2171 2045 2310 2099 Num
2351 2046 2491 2100 dabo
2537 2044 2891 2114 primogenita
2920 2057 3038 2097 mea
3070 2057 3169 2112 pro
3201 2041 3401 2110 impie-

1824 2147 1934 2194 tate
1959 2155 2096 2202 mea,
2129 2139 2366 2192 fructum
2405 2137 2611 2191 ventris
2645 2137 2746 2188 mei
2781 2149 2878 2204 pro
2920 2141 3147 2204 peccato
3171 2133 3330 2187 meo?
3376 2152 3393 2184 ι

1823 2232 1991 2298 Quasi
2051 2229 2451 2300 ainbigentibus
2483 2230 2619 2298 ipsis
2655 2228 2786 2297 quid
2845 2242 3004 2297 agere
3063 2228 3282 2280 deceret
3330 2225 3401 2278 ob

1824 2325 2088 2379 vecordiie
2125 2332 2287 2377 tante
2327 2323 2646 2384 remedium,
2680 2321 2760 2375 sic
2794 2322 2870 2374 ait
2905 2319 3079 2374 :Num
3108 2319 3260 2371 illum
3292 2317 3405 2386 pla-

1824 2433 2039 2481 cavere,
2087 2417 2130 2470 si
2178 2417 2498 2469 holocausta
2558 2414 2848 2467 vitulorum
2894 2411 3270 2465 anniculorum
3305 2411 3401 2464 ob-

1831 2509 2028 2571 tulero,
2052 2507 2134 2560 vel
2153 2506 2319 2558 millia
2347 2514 2439 2558 aut
2471 2505 2660 2558 decem
2709 2503 2880 2557 millia
2907 2503 3136 2556 arietum
3191 2501 3240 2556 ei
3275 2499 3403 2554 affe—

1827 2609 1942 2649 ram
1979 2604 2138 2664 atque
2165 2595 2383 2648 ovium?
2426 2593 2488 2644 Et
2517 2593 2560 2646 si
2598 2592 2956 2662 primogenita
2986 2591 3400 2661 generationum

1829 2699 2068 2738 mearum
2097 2684 2143 2736 ei
2167 2683 2473 2744 exhibeam,
2507 2696 2633 2733 num
2676 2696 2740 2734 ex
2766 2683 2946 2734 anima
2979 2694 3097 2734 mea
3119 2688 3398 2748 peccatum

1755 2809 1793 2862 Ο
1828 2777 2114 2832 delevere?
2145 2777 2277 2830 Huic
2311 2791 2438 2830 vero
2473 2775 2656 2843 populi
2703 2773 3029 2828 dubitationi
3062 2773 3404 2843 respondens

1830 2867 2093 2935 propheta
2138 2867 2213 2918 ait
2264 2883 2277 2918 :
2335 2884 2354 2916 ι
2426 2864 2819 2920 Nuntiatumue
2853 2867 2950 2921 tibi
3003 2866 3185 2931 fuit,o
3215 2865 3400 2929 homo,

1829 2957 1958 3025 quid
2013 2957 2082 3009 sit
2129 2957 2352 3020 bonum,
2393 2969 2446 3008 et
2483 2954 2610 3024 quid
2664 2954 2928 3012 Dominus
2964 2957 3208 3027 requirat
3248 2971 3277 3009 a
3328 2965 3404 3020 te,

1830 3049 2015 3101 nisiut
2043 3047 2211 3102 facias
2253 3047 2546 3116 judicium,
2599 3057 2653 3102 et
2705 3047 2900 3118 diligas
2940 3049 3402 3114 misericordiam,

1829 3147 1883 3192 et
1939 3146 2160 3207 paratus
2213 3140 2290 3193 sis
2345 3140 2626 3193 ambulare
2691 3149 2813 3204 post
2872 3137 3162 3192 Dominum
3233 3139 3404 3194 Deum

1831 3228 2017 3282 tuum?
2055 3246 2072 3278 ι
2101 3227 2320 3292 Omitte,
2361 3227 2558 3298 inquit,
2601 3229 2921 3284 holocausta
2977 3237 3029 3283 et
3061 3231 3405 3284 victimarum

1831 3320 2253 3383 multitudinem,
2272 3328 2324 3373 et
2347 3319 2827 3389 primogenitorum
2856 3321 3205 3376 oblationem.
3241 3321 3400 3386 Quod

1831 3410 1876 3464 si
1907 3410 2003 3463 tibi
2037 3425 2182 3464 cura:
2210 3421 2292 3464 est
2317 3409 2478 3479 202
2521 3410 2687 3463 Deum
2725 3409 2998 3479 placandi,
3032 3411 3121 3464 illa
3175 3411 3258 3465 fac
3287 3427 3408 3481 quae

1828 3500 2067 3556 tibiolim
2094 3503 2273 3557 facere
2305 3502 2577 3555 mandavit
2599 3517 2692 3572 per
2707 3503 2940 3572 Moysem
2968 3503 3123 3558 Deus.
3147 3503 3405 3569 Quaenam

1829 3592 1977 3646 lucc?
2015 3592 2242 3646 Rectum
2266 3593 2320 3645 in
2348 3593 2602 3647 omnibus
2636 3607 2887 3647 exercere
2916 3594 3179 3661 judicium
3205 3602 3258 3649 et
3291 3595 3407 3648 dis-

1829 3683 2060 3747 crimen,
2089 3693 2148 3736 ut
2183 3683 2383 3736 bonum
2417 3685 2556 3735 malo
2579 3683 2834 3751 praeferas
2865 3703 2877 3735 :
2909 3693 3167 3753 quantam
3204 3687 3410 3755 poteris

1828 3773 2218 3842 benignitatem
2259 3781 2312 3827 et
2356 3774 2788 3827 misericordiam
2854 3775 2910 3828 in
2944 3777 3224 3844 proximos
3282 3784 3410 3833 tuos

1827 3879 2177 3934 expromere;
2220 3873 2468 3933 paratum
2501 3871 2554 3918 te
2586 3879 2708 3920 esse
2738 3874 2797 3920 ut
2821 3866 3137 3920 omnimode
3170 3865 3264 3921 Dei
3297 3882 3366 3922 vo
3387 3896 3410 3908 -

1828 3957 2090 4011 luntatem
2125 3956 2393 4025 sequaris.
2434 3952 3193 4024 Dicilinsumma”:r0iligcs
3210 3957 3402 4012 Durni-

1828 4066 1958 4106 num
2011 4049 2182 4104 Deum
2235 4058 2386 4104 tuum
2443 4057 2556 4103 toto
2631 4050 2796 4105 corde
2829 4059 2944 4114 tuo,
2997 4058 3050 4105 et
3075 4058 3185 4105 tota
3225 4061 3411 4110 mente

149 4136 211 4187 τὸ
249 4138 526 4205 κρεῖττον,
557 4134 650 4188 καὶ
696 4135 782 4186 ἶνα
819 4136 998 4188 πᾶσαν
1030 4135 1126 4205 τὴν
1155 4135 1387 4206 δυνατήν
1423 4152 1504 4187 σοι
1541 4135 1723 4203 φιλαν-

1835 4150 1947 4206 tua,
1997 4148 2050 4195 et
2090 4149 2201 4194 tota
2237 4141 2418 4194 anima
2441 4148 2566 4205 tua;
2598 4148 2650 4193 et
2678 4141 2869 4209 diliges
2915 4141 3220 4210 proximum
3253 4151 3405 4197 tuum

151 4225 402 4299 θρωπίαν
437 4242 495 4276 τε
528 4227 622 4278 καὶ
649 4225 988 4294 συμπάθειαν
1011 4225 1450 4295 ἐπιδεικνύμενος
1488 4228 1567 4288 είς
1604 4228 1730 4288 τοὺς

152 4315 320 4378 πέλας
358 4315 628 4384 διατελῇς,
669 4317 762 4367 καὶ
799 4316 884 4368 ἵνα
924 4316 1438 4386 παρεσκευασμένος
1653 4319 1730 4380 εἰς

150 4407 211 4458 τὸ
237 4407 400 4458 παντὶ
438 4406 623 4475 τρόπῳ
644 4406 711 4457 τὰ
725 4403 982 4458 δοκοῦντα
1025 4408 1264 4476 μετιέναι
1297 4405 1431 4478 Θεῷ.
1454 4407 1616 4476 Λέγει
1644 4408 1700 4461 δὲ
1719 4449 1732 4470 ,

1828 4232 1971 4286 sicut
2000 4240 2050 4285 te
2077 4231 2252 4300 ipsum
2283 4248 2296 4284 :
2323 4251 2339 4282 ι
2382 4231 2731 4300 quaequide
2758 4231 2903 4285 dicta
2931 4232 3148 4287 fuerant
3168 4234 3409 4303 antiqui-

1830 4328 1920 4375 tus
1953 4334 2050 4388 per
2087 4317 2342 4389 Moysem.
2393 4318 2518 4372 llaec
2543 4317 2725 4385 facito,
2755 4321 2955 4390 inquit,
2983 4337 3103 4390 qua:
3132 4320 3273 4376 Deus
3299 4337 3409 4392 prae

1830 4410 2072 4465 victimis
2100 4411 2356 4464 aestimat.

151 4499 431 4568 συντόμως
467 4500 667 4560 εἰπεῖν,
693 4500 754 4551 τὸ
803 4518 822 4551 ι
869 4500 1197 4570 Ἀγαπήσεις
1229 4500 1430 4570 Κύριον
1452 4500 1540 4552 τὸν
1571 4494 1701 4554 Θεό)
1747 4519 1838 4554 σου
1878 4503 1936 4566 ἐξ
1963 4503 2089 4571 ὅλης
2129 4505 2227 4573 τῆς
2254 4503 2478 4572 καρδίας
2521 4521 2634 4569 σου,
2682 4521 2773 4556 και
2795 4505 2853 4568 ἐξ,
2896 4503 3023 4574 ὅλης
3051 4505 3148 4574 τῆς
3177 4503 3408 4568 διανοίας

151 4611 266 4656 σου,
297 4595 394 4646 καὶ
421 4594 480 4659 ἐξ
513 4595 641 4664 ὅλης
682 4596 778 4664 τῆς
801 4594 976 4663 ψυχῆς
1007 4611 1131 4656 σου,
1172 4595 1267 4646 καὶ
1305 4595 1610 4664 ἀγαπήσεις
1657 4595 1748 4647 τὸν
1787 4595 2009 4666 πλησίον
2068 4612 2158 4646 σου
2203 4596 2278 4658 ὡς
2323 4596 2568 4649 σεαυτόν·
2619 4597 2638 4665 (
2657 4613 2709 4666 p.
2746 4597 2882 4668 509)
2911 4597 3054 4667 ἆπερ
3091 4598 3274 4667 εἴρητο
3305 4598 3410 4651 πά-

147 4686 236 4737 λαι
269 4685 362 4737 διά
388 4687 628 4755 Μωσέως
647 4700 661 4714 ⁶

219 4776 372 4845 Στίχ.
407 4773 581 4844 θ’-ιβ’.
611 4803 682 4814 -
714 4794 731 4825 ι
766 4775 919 4845 Φωνὴ
949 4775 1153 4844 Κυρίου
1195 4778 1260 4845 τῇ
1307 4774 1460 4827 πόλει
1505 4775 1732 4846 ἐπικλη-

150 4866 395 4936 θήσεται,
441 4866 534 4918 καὶ
567 4865 728 4917 σώσει
772 4865 1139 4934 φοϐουμένους
1167 4865 1224 4917 τὸ
1263 4865 1434 4935 ὄνομα
1477 4863 1664 4918 αὑτοῦ.
1707 4885 1725 4916 ι

149 4960 212 5011 Et
241 4959 354 5028 γάρ
377 4957 442 5026 δὴ
483 4956 682 5022 ταῦτα,
715 4958 847 5027 φησὶ
867 4997 881 5020 ,
911 4959 1144 5026 ποιοίης,
1174 4959 1324 5026 φωνή
1354 4975 1436 5019 τις
1465 4956 1600 5009 Θεοῦ
1630 4973 1732 5025 ερα-

147 5052 372 5119 νήσεται
399 5050 432 5117 ή
475 5048 625 5111 πόλις
649 5048 718 5101 τὰ
753 5048 1011 5101 δοκοῦντα
1039 5049 1185 5119 αὐτῷ
1212 5043 1460 5111 ποιοῦσα,
1492 5047 1639 5117 ἔργῳ
1665 5063 1724 5098 τε

147 5142 238 5193 τὸν
264 5140 428 5208 νόμον
454 5139 800 5192 ἐπιδεικνῦσα
821 5140 911 5192 τὸν
942 5140 1101 5204 θεῖον,
1126 5141 1265 5193 ὥστε
1293 5141 1384 5192 καὶ
1404 5138 1496 5190 ἐπὶ
1525 5137 1724 5198 παντὸς

148 5229 394 5282 κινδύνου
437 5230 534 5298 τῆς
579 5228 727 5292 θείας
775 5228 1124 5298 ἀξιουμένους
1153 5228 1480 5297 κηδεμονίας
1508 5228 1636 5288 τοὺς
1668 5227 1728 5279 ἐν

148 5322 286 5391 αὐτῇ
313 5320 683 5382 καθεστῶτας,
709 5319 930 5388 μηδενὸς
952 5320 1197 5389 λυπηροῦ
1223 5318 1470 5389 δέχεσθαι
1496 5319 1690 5388 πεῖραν
1711 5333 1726 5350 ο

149 5408 265 5463 εἶτα
289 5410 693 5478 παραινετικῶς
715 5410 873 5462 πάλιν
895 5412 921 5462 ὁ
942 5411 1228 5479 προφήτης
1256 5408 1446 5478 τρέπει
1470 5407 1607 5476 πρὸς
1629 5405 1728 5456 αὑ-

149 5505 271 5564 τοὺς
293 5501 576 5568 τὸνλόγον·
600 5518 618 5550 ι
634 5502 849 5564 Ἀκουε,
874 5500 1034 5570 φυλή.
1060 5500 1142 5562 τίς
1160 5501 1422 5569 κοσμήσει
1441 5498 1623 5561 πόλιν;
1651 5495 1724 5566 μὴ

151 5591 222 5644 qr}
232 5610 262 5661 ρ
279 5592 374 5643 καὶ
401 5586 550 5654 οἶκος
571 5590 769 5660 ἀνόμου
802 5590 1140 5660 θησαυρίζων
1164 5589 1468 5660 θησαυροὺς
1491 5587 1728 5658 ἀνόμους

242 5686 287 5715 ⁸⁵
318 5683 511 5739 Matth.
541 5702 638 5751 xli,
671 5687 758 5740 5⁸7.

707 4686 877 4739 ταῦτα
907 4687 970 4756 δὴ
1014 4686 1221 4756 μέτιθι,
1252 4688 1418 4756 φησὶ,
1464 4687 1830 4759 προτιμότερα
1855 4688 2052 4741 θυσιῶν
2081 4689 2209 4740 ὄντα
2239 4687 2374 4758 Θεῷ.

1913 4775 2075 4830 Vens.
2109 4776 2261 4831 9-12.
2293 4805 2361 4817 -
2391 4794 2408 4828 ι
2459 4775 2570 4831 Vox
2605 4775 2817 4830 Domini
2871 4777 3080 4832 civitati
3132 4778 3409 4831 acclama-

1834 4865 2002 4928 bitur,
2036 4866 2377 4935 salvabitque
2435 4867 2685 4920 timentes
2719 4881 2913 4922 nomen
2967 4868 3108 4935 ejus.
3150 4885 3168 4919 ›
3204 4865 3330 4921 Ηιεο
3359 4867 3407 4922 si

1833 4955 2043 5018 fecerit,
2113 4971 2219 5009 vox
2271 4955 2520 5024 quaedam
2564 4955 2659 5010 Dei
2692 4972 2814 5011 esse
2867 4956 3138 5011 videbitur
3183 4959 3404 5020 civitas.

1830 5048 2167 5118 beneplacita
2215 5047 2334 5116 ejus
2390 5046 2616 5115 faciens;
2658 5055 2711 5102 et
2753 5063 2916 5117 opere
2949 5048 3187 5102 divinam
3229 5049 3401 5118 legem

1828 5141 2246 5196 demonstrans:
2283 5156 2392 5210 quo
2425 5143 2515 5196 fiet
2565 5151 2624 5194 ut
2670 5142 2724 5196 in
2752 5144 2946 5210 quovis
2985 5142 3226 5211 periculo
3257 5143 3406 5197 cives

1825 5231 1947 5299 ejus
1981 5230 2163 5283 divina
2197 5231 2366 5283 tutela
2415 5232 2667 5298 protecti,
2721 5233 2924 5285 nullam
2974 5232 3280 5286 molestiam
3315 5245 3406 5283 ca-

1823 5324 1999 5391 piant.
2032 5321 2167 5374 Exin
2202 5321 2564 5385 adhortando,
2601 5338 2794 5378 rursus
2823 5323 2988 5377 verba
3041 5321 3108 5376 ad
3142 5323 3402 5391 populum

1823 5407 2094 5460 convertit
2139 5406 2422 5474 propheta.
2461 5425 2480 5458 ‹
2529 5409 2688 5474 Audi,
2725 5425 2757 5463 ο
2793 5411 2972 5465 tribus
3003 5427 3017 5465 :
3068 5410 3277 5479 etquis
3306 5423 3401 5461 or-

1824 5496 1976 5550 nabit
2009 5495 2479 5551 civitatem?Num
2499 5497 2639 5567 ignis
2672 5507 2726 5554 et
2749 5501 2944 5555 domus
2974 5499 3146 5568 iniqui
3178 5501 3400 5552 thesau-

1833 5588 2016 5643 rizans
2047 5587 2331 5643 thesauros
2355 5587 2596 5660 iniquos,
2620 5597 2674 5644 et
2699 5591 3046 5645 contumelia:
3077 5589 3345 5658 injurias?
3369 5609 3388 5643 ι
