3844 6222
423 141 528 197 537

1620 130 1970 188 THEODORI
2001 129 2483 187 MOPSUESTENI

3568 135 3678 191 383

429 255 619 324 Neque
657 253 800 323 ignis
841 266 1036 308 ornare
1083 251 1271 305 urbem
1301 248 1463 313 valet,
1487 262 1648 317 quam
1675 249 1856 317 potius
1913 244 2011 297 (ιν-

2117 248 2205 299 καὶ
2251 247 2388 317 μετὰ
2438 247 2647 318 ῦῦρεως
2679 248 2923 311 ἀδικίας;
2965 267 2982 300 ι
3017 248 3153 302 Οὔτε
3188 249 3296 321 γὰρ
3334 249 3445 322 πῦρ
3475 243 3588 304 οἶόν
3612 267 3682 305 τε

422 342 619 399 struit:
645 359 821 413 neque
853 343 1055 413 impius
1081 343 1162 396 vir
1187 342 1355 394 multo
1383 355 1506 393 cum
1544 339 1725 393 studio
1747 353 2000 408 peccans;

430 437 828 492 contumeliose
856 435 1114 504 etinique
1161 433 1372 496 vivens,
1417 431 1608 485 vitabit
1643 430 2000 500 punitionem.

428 523 954 580 Pessumdantenim
983 562 998 586 ,
1035 521 1179 575 haud
1206 536 1364 576 secus
1385 535 1547 585 quam
1577 518 2003 588 ignis,hemines

433 613 746 684 bujusmodi
778 613 1079 667 civitatem.
1101 630 1120 663 ι
1155 609 1698 679 Numjustificabitur
1723 609 1776 662 in
1802 616 2003 664 statera

433 705 692 774 injustus,
724 712 778 758 et
807 708 862 757 in
906 703 1142 758 saccelle
1186 702 1429 772 pondera
1452 699 1682 754 dolosa?
1707 699 1774 753 de
1805 699 2004 767 quibus

431 795 650 850 divitias
692 808 822 849 suas
866 793 1161 862 impietatis
1191 791 1577 860 impleverunt,
1612 795 1666 844 et
1697 788 2006 842 habitantes

434 886 488 939 in
509 901 572 940 ea
605 885 967 954 loquebantur
1001 881 1310 946 mendacia,
1344 891 1398 935 et
1425 880 1608 949 lingua
1639 893 1826 934 eorum
1849 877 2005 931 exal-

432 983 545 1029 tata
570 983 655 1030 est
704 975 758 1028 in
793 989 889 1028 ere
931 971 1214 1044 ipsorum?
1253 990 1271 1024 ι
1309 970 1463 1025 Sicut
1492 970 1636 1024 enim
1672 969 1727 1023 in
1755 967 2007 1022 anomala

433 1075 488 1120 et
519 1066 770 1134 inaequali
792 1073 994 1120 statera
1023 1064 1233 1132 justum
1258 1062 1405 1116 cerni
1435 1061 1643 1130 nequit,
1668 1073 1843 1128 neque
1867 1074 2006 1127 pen-

433 1158 563 1212 dera
617 1157 963 1212 fraudulenta
1006 1163 1060 1209 et
1107 1155 1292 1208 vitiata
1323 1152 1625 1221 recipi:ita
1667 1165 1767 1205 nec
1813 1149 1888 1202 illi
1914 1149 2005 1218 qui

432 1266 564 1320 opes
585 1265 714 1306 suas
737 1265 802 1304 ex
840 1248 1224 1318 iniquitatibus
1251 1251 1452 1314 augent
1477 1241 1581 1296 frui
1613 1241 1699 1297 bis
1728 1247 2003 1310 poterunt.

432 1339 579 1393 Nam
649 1341 739 1394 isti
784 1353 976 1393 omnes
1011 1336 1255 1390 civitatis
1296 1335 1508 1396 incolae,
1538 1347 1661 1386 cum
1686 1331 1898 1384 fallacia
1929 1330 2009 1384 vi-

432 1437 642 1492 ventes,
666 1427 825 1497 203
870 1433 924 1481 et
959 1424 1196 1495 superba
1231 1431 1444 1478 utentes
1467 1427 1666 1486 mente,
1697 1420 2008 1489 nullamque

435 1519 532 1574 Dei
557 1519 824 1573 rationem
859 1517 1145 1582 habentes,
1190 1513 1504 1570 necessario
1537 1512 1776 1567 divinam
1805 1511 2009 1566 vindic-

433 1617 544 1662 tam
573 1607 948 1679 experientur.

2105 341 2376 409 κοσμῆσαι
2424 339 2609 392 πόλιν·
2655 340 2962 393 τούναντίον
3015 342 3120 411 γάρ
3172 341 3343 412 αὐτὴν
3385 341 3678 410 ἀφανίζειο

2103 428 2226 481 οὔτε
2253 429 2362 500 γὰρ
2394 430 2706 500 παράνομος
2731 430 2868 502 ἀνὴρ
2903 433 2994 484 καὶ
3035 434 3172 502 μετὰ
3203 433 3403 503 πολλῆς
3429 433 3530 502 τῆς
3557 435 3685 486 ἐπι-

2107 518 2321 586 μελείας
2340 519 2438 589 τὴν
2464 520 2805 590 παρανομίαν
2835 521 3219 592 ἐργαζόμενος,
3251 525 3345 576 καὶ
3377 524 3544 595 πολλῇ
3577 525 3682 594 μὲν

2106 609 2280 678 ῦϐρει,
2306 610 2472 680 πολλῇ
2491 610 2547 662 δὲ
2572 611 2754 682 ἀδικίᾳ
2775 611 2971 676 συζῶν,
2991 613 3240 684 κερδανεῖ
3252 613 3350 684 τὴν
3370 615 3639 684 τιμωρίαν
3662 632 3679 645 ·

2103 698 2387 766 ἀφανιοῦσι
2427 701 2537 771 γὰρ
2557 701 2655 770 οὐχ
2675 698 2837 772 ἦττον
2873 702 3043 772 πυρὸς
3065 704 3115 755 οἰ
3138 703 3363 756 τοιοῦτοι
3394 703 3492 775 τὴν
3517 704 3680 756 πόλιν

2104 789 2398 852 οἰκοῦντες.
2435 810 2453 841 ι
2485 791 2546 843 Εί
2570 791 2988 864 δικαιωθήσεται
3023 796 3080 846 ἐν
3113 794 3411 864 μαρσίππῳ
3438 794 3687 865 στάθμια

2104 881 2285 947 δόλου;
2311 880 2370 945 ἐξ
2390 874 2465 935 ὧν
2490 883 2580 937 τὸν
2612 883 2840 936 πλοῦτον
2869 884 3047 937 αὐτῶν
3067 885 3322 948 ἀσεϐείας
3350 884 3682 956 ἐνέπλησαν,

2105 972 2200 1023 καὶ
2229 972 2558 1036 ἐνοικοῦντες
2589 974 2756 1044 αὐτὴν
2797 974 3018 1028 ἐλάλουν
3051 975 3239 1046 ψευδῆ,
3265 977 3358 1028 καὶ
3385 976 3418 1045 ἡ
3456 976 3686 1044 γλῶσσα

2106 1061 2282 1114 αὐτῶν
2307 1061 2495 1133 ὑψώθη
2535 1065 2591 1116 ὲν
2636 1063 2715 1135 τῷ
2743 1064 2970 1136 στόματι
2998 1067 3212 1132 αὑτῶν;
3246 1087 3264 1118 ι
3302 1069 3390 1132 Ὠς
3433 1069 3542 1139 γὰρ
3577 1071 3685 1140 οὐχ

2107 1146 2217 1206 οἷόν
2244 1170 2306 1205 τε
2345 1155 2404 1205 ἐν
2440 1154 2710 1225 ἀνωμάλῳ
2736 1172 2793 1208 τε
2834 1157 2925 1209 καὶ
2967 1157 3136 1226 ἀνίσῳ
3174 1156 3324 1228 ζυγῷ
3357 1158 3587 1228 φανῆναι
3618 1159 3686 1210 τὸ

2104 1242 2338 1306 δίκαιον,
2369 1243 2659 1315 ἦστάθμια
2695 1246 3028 1316 δεδολωμένα
3051 1251 3144 1301 καὶ
3164 1248 3566 1319 διεστραμμένα
3590 1249 3687 1301 εὑ-

2107 1335 2745 1404 παράδεκταξγενέσθαι,
2801 1342 2885 1408 (p.
2927 1339 3066 1409 510)
3111 1339 3283 1402 οὕτως
3328 1340 3436 1392 οὐδ’
3484 1341 3536 1392 οἱ
3585 1340 3688 1393 τὸν

2108 1424 2338 1479 πλοῦτον
2381 1426 2470 1480 τὸν
2515 1429 2710 1481 οἰκεῖον
2747 1431 2811 1482 ἐκ
2851 1431 3207 1500 παρανομιῶν
3252 1429 3504 1495 αὔξοντες
3539 1431 3688 1483 ἀπο-

2105 1513 2301 1568 λαῦσαι
2344 1516 2660 1588 δυνήσονται
2699 1520 2808 1572 τῶν
2851 1520 3189 1590 προσόντων
3237 1523 3436 1586 πάντες
3481 1521 3589 1591 γὰρ
3629 1523 3686 1574 οἰ

2033 1589 2076 1642 Β
2104 1605 2330 1660 τοιοῦτοι
2389 1609 2545 1662 πόλιν
2606 1610 2900 1679 οἰκοῦντες,
2947 1611 3132 1681 ψεύδει
3173 1629 3233 1665 τε
3273 1613 3538 1678 συζῶντες
3585 1614 3690 1668 καὶ

434 1703 766 1773 ὑπερηφάνῳ
807 1697 1132 1772 κεχρημένοι
1153 1697 1383 1768 διανοίᾳ,
1417 1697 1492 1761 ὡς
1533 1695 1737 1768 μηδένα
1766 1694 1867 1765 τῆς
1887 1695 1979 1747 ἐπὶ
1999 1695 2208 1760 τούτοις
2261 1701 2531 1771 τιμωρίας
2577 1701 2672 1755 τοῦ
2719 1701 2853 1756 Θεοῦ
2897 1705 3166 1758 ποιεῖσθαι
3189 1705 3364 1773 λόγον,
3413 1705 3473 1771 ἐξ
3509 1707 3687 1776 ἀνάγ-

434 1813 537 1866 κης
562 1793 666 1847 ὑπὸ
687 1793 785 1861 τὴν
813 1791 1082 1861 τιμωρίαν
1115 1791 1435 1861 γενήσονται
1457 1789 1554 1860 τὴν
1584 1787 1752 1841 θείαν.

506 1883 674 1939 Vsus.
714 1883 902 1936 15-16.
943 1912 1011 1922 ——
1055 1899 1074 1931 ι
1102 1879 1168 1933 Et
1199 1895 1298 1950 ego
1327 1879 1582 1948 incipiam
1610 1885 1662 1932 te
1685 1883 2000 1946 percutere:

435 1977 628 2032 delebo
657 1991 755 2030 ves
787 1975 841 2028 in
876 1972 1112 2044 peccatis
1148 1971 1366 2026 vestris.
1395 1990 1413 2021 ι
1441 1969 1544 2034 Qui
1575 1970 1649 2023 ita
1679 1967 1881 2030 vivitis,
1906 1979 2006 2033 ego

435 2067 797 2137 castigatione
814 2078 933 2118 mea
959 2063 1272 2133 percutiens
1295 2076 1540 2130 congrue
1552 2059 1790 2130 peccatis
1809 2058 2006 2112 vestris

436 2159 597 2212 modo
643 2171 834 2210 omnes
883 2152 1269 2222 pessumdabo.
1314 2170 1333 2202 ι
1363 2151 1444 2204 Tu
1479 2150 1756 2213 cemedes,
1817 2158 1869 2202 et
1897 2162 2007 2201 non

436 2246 792 2304 saturaberis.
820 2263 839 2296 ι
877 2243 1037 2298 Brevi
1072 2242 1216 2297 enim
1258 2251 1443 2311 partas
1485 2255 1618 2310 epes
1662 2249 1900 2308 tempore
1928 2245 2008 2292 te-

436 2353 597 2400 nens,
664 2334 807 2389 haud
838 2348 1012 2403 usque
1058 2333 1114 2386 in
1163 2332 1322 2386 linem
1370 2333 1438 2387 iis
1467 2331 1688 2392 frueris.
1732 2331 1860 2400 quia
1913 2329 2012 2384 tibi

439 2443 612 2498 pana:
641 2442 807 2482 causa
840 2425 1167 2496 eripientur.
1233 2441 1252 2474 ι
1282 2422 1550 2493 Fientque
1606 2422 1704 2477 tibi
1756 2421 2011 2485 tenebrae,

435 2527 492 2573 et
524 2518 852 2579 declinabis,
895 2525 950 2570 et
997 2529 1108 2568 non
1152 2513 1479 2567 salvaberis.
1509 2533 1527 2564 ι
1557 2511 1802 2582 Caligine
1845 2511 2014 2565 veluti

437 2609 692 2664 ebrueris
732 2608 943 2663 ultione
969 2622 1111 2672 mea,
1150 2605 1308 2675 cujus
1333 2605 1444 2658 vim
1477 2604 1756 2658 declinare
1798 2605 2009 2668 volens,

438 2715 546 2754 non
575 2699 802 2770 poteris.
845 2717 864 2750 ι
893 2698 956 2752 Et
979 2697 1295 2767 quicunque
1315 2695 1511 2750 salvati
1550 2693 1780 2758 fuerint,
1826 2694 2008 2764 gladio

437 2790 749 2845 tradentur.
783 2807 803 2841 ›
835 2789 1061 2844 Etiamsi
1085 2786 1236 2842 brevi
1266 2785 1757 2854 fertassetempere
1776 2784 2007 2838 evadere

441 2880 677 2936 videaris
719 2880 959 2934 hostium
1003 2878 1293 2939 ultionem,
1355 2882 1596 2928 attamen
1649 2874 1874 2928 omnino
1914 2888 2009 2928 ca-

441 2971 629 3040 pieris.
671 2988 690 3021 ι
716 2969 796 3023 Tu
829 2984 981 3025 seres
1011 2968 1207 3032 oleam,
1255 2974 1309 3021 et
1336 2966 1456 3021 eleo
1493 2981 1601 3020 non
1635 2965 1891 3036 ungeris;
1927 2965 2012 3018 vi-

441 3077 572 3114 num
602 3060 818 3114 cultura
847 3059 1087 3129 parabis,
1128 3064 1183 3112 et
1227 3072 1337 3111 non
1377 3055 1530 3110 bibes
1574 3056 1782 3110 vinum.
1820 3073 1839 3106 ι
1877 3054 2010 3109 Belli

442 3150 610 3220 stragi
637 3151 1024 3215 succumbens,
1079 3163 1150 3204 ne
1183 3148 1468 3203 laboribus
1511 3145 1732 3215 quidem
1772 3147 1905 3207 tuis,
1954 3154 2013 3199 ut

441 3256 542 3312 par
567 3248 673 3306 est,
721 3241 950 3306 frueris;
994 3255 1134 3310 quos
1174 3254 1366 3294 onmes
1400 3241 1469 3294 ab
1517 3238 1772 3292 hostibus
1806 3237 2012 3290 vastari

441 3338 878 3386 consentaneum
908 3337 1014 3385 est.
1046 3349 1064 3382 ι
1093 3329 1162 3383 Ει
1195 3329 1525 3384 delebuntur
1552 3328 1795 3398 legitima
1827 3327 2013 3396 pepuli

444 3420 573 3482 mei,
605 3428 659 3474 et
687 3421 869 3474 omnia
897 3433 1062 3490 opera
1090 3419 1288 3472 domus
1316 3418 1580 3473 Achaabi.
1600 3417 1667 3470 Et
1689 3416 2014 3470 ambulastis

445 3508 501 3560 in
533 3507 910 3563 voluntatibus
956 3520 1170 3568 eorum,
1228 3513 1288 3558 ut
1311 3505 1500 3558 darem
1547 3511 1600 3558 te
1638 3503 1694 3556 in
1749 3501 2016 3572 perditio-

443 3614 593 3667 nem,
624 3607 678 3654 et
707 3613 898 3652 omnes
921 3598 1229 3652 habitantes
1259 3596 1316 3649 in
1345 3609 1408 3649 ea
1442 3595 1497 3648 in
1522 3594 1768 3655 sibilum,
1829 3599 1885 3646 et
1917 3606 2017 3660 ep-

443 3689 669 3758 probria
700 3688 882 3757 pepuli
912 3687 1015 3742 mei
1046 3686 1336 3755 accipient.
1364 3704 1383 3736 »
1427 3684 1581 3739 Tunc
1612 3685 1797 3738 omnia
1833 3685 2020 3738 colen-

445 3781 640 3834 dorum
690 3777 956 3831 idolorum
993 3777 1234 3846 legitima
1287 3791 1408 3846 quae
1448 3775 1848 3842 ebservabatis,
1893 3776 2019 3828 imi—

444 3875 629 3922 tantes
667 3867 912 3922 Achaabi
937 3874 991 3921 et
1017 3867 1307 3937 a>qualium
1362 3866 1442 3920 illi
1487 3882 1675 3936 regum
1724 3867 1970 3935 exempla
2003 3881 2019 3930 ;

446 3965 773 4012 coacervata
801 3956 1178 4021 dcstruentur,
1235 3964 1290 4011 et
1321 3971 1416 4011 vos
1445 3971 1568 4010 cum
1595 3955 1702 4011 illis
1741 3975 1754 4010 ε
1791 3971 1901 4025 quo
1934 3957 2024 4010 fiet

447 4055 508 4101 ut
545 4048 718 4102 exteri
758 4064 953 4102 omnes
986 4057 1228 4102 vestrum
1277 4048 1504 4103 exitium
1539 4055 1850 4117 spectantes
1878 4048 2025 4103 exsi-

2173 1875 2323 1946 Στίχ.
2361 1883 2550 1945 ιγ’-ις’.
2576 1909 2648 1921 -
2673 1898 2691 1930 ι
2727 1880 2835 1932 Kal
2881 1878 2991 1948 ἐγὼ
3037 1879 3270 1951 ἄρξομαι
3307 1881 3400 1934 τοῦ
3448 1879 3688 1944 πατάξαι

2111 1981 2170 2016 σε
2190 2003 2206 2029 ,
2227 1965 2438 2034 ἀφανιῶ
2464 1968 2607 2037 ὑμᾶς
2630 1969 2686 2020 ἐν
2712 1970 2833 2032 ταῖς
2861 1969 3151 2040 ἁμαρτίαις
3193 1970 3390 2024 αὐτῶν.
3405 1989 3423 2022 ›
3445 1968 3688 2023 Τοιαῦτα

2111 2055 2216 2126 γὰρ
2245 2056 2530 2120 ποιοῦντας
2559 2061 2626 2128 τῇ
2657 2060 2897 2130 τιμωρίᾳ
2927 2058 3133 2129 πλήξας
3179 2061 3245 2130 τῇ
3277 2061 3406 2130 ἐμῇ,
3433 2061 3688 2122 ἅπαντας

2114 2145 2258 2216 ὑμᾶς
2274 2146 2533 2216 ἀνάλογον
2556 2151 2674 2212 ταῖς
2693 2150 2989 2220 ἁμαρτίαις
3010 2151 3194 2203 ἀπολῶ
3219 2153 3338 2214 ταῖς
3364 2151 3686 2220 ὑμετέραις.

2119 2255 2138 2288 ι
2171 2237 2242 2291 Σὺ
2277 2239 2513 2306 φάγεσαι
2536 2239 2646 2309 (42)
2667 2241 2761 2292 καὶ
2790 2241 2850 2292 ού
2878 2243 2951 2311 μὴ
2980 2242 3348 2312 ἐμπλησθῇς.»
3371 2241 3484 2293 Ἐπ’
3503 2241 3689 2308 ὀλίγον

2111 2328 2219 2400 γὰρ
2249 2329 2358 2382 τῶν
2411 2330 2720 2400 προσόντων
2752 2332 3058 2400 μετασχὼν,
3101 2333 3200 2385 οὐκ
3235 2337 3322 2396 εἰς
3345 2334 3495 2394 τέλος
3541 2333 3689 2398 seu;

2110 2420 2289 2474 αὐτῶν
2320 2422 2419 2491 τὴν
2453 2421 2770 2485 ἀπόλαυσιν,
2796 2423 3194 2494 ἀφαιρούμενος
3248 2423 3424 2477 αὐτῶν
3463 2423 3553 2477 διὰ
3584 2425 3689 2493 τῆς

2109 2511 2396 2582 τιμωρίας.
2442 2529 2462 2562 ι
2502 2513 2612 2565 Kal
2649 2512 2969 2565 συσκοτάσει
3011 2515 3068 2565 ἐν
3101 2512 3219 2565 σοί·
3247 2511 3342 2564 καὶ
3385 2511 3685 2576 ἐκνεύσεις,

2111 2603 2206 2655 καὶ
2239 2603 2298 2656 ού
2332 2605 2406 2673 μὴ
2457 2602 2747 2674 διασωθῇς.
2774 2622 2792 2654 ›
2832 2603 2919 2666 Ὠς
2958 2603 3134 2672 σκότῳ
3167 2603 3276 2674 γὰρ
3310 2602 3688 2673 περιϐληθήσῃ

2113 2695 2178 2762 τῇ
2205 2693 2336 2763 παρ’
2354 2693 2488 2762 ἐμοῦ
2519 2693 2758 2765 τιμωρίᾳ
2782 2709 2798 2723 ⁸
2817 2694 2908 2746 καὶ
2935 2692 3255 2763 βουλόμενος
3287 2692 3555 2745 ἐκκλίνειν
3578 2692 3690 2745 τῶν

2114 2783 2298 2836 κακῶν
2326 2782 2424 2853 τὴν
2477 2786 2694 2854 πεῖραν,
2721 2783 2971 2854 οὐδαμῶς
3007 2783 3230 2854 δυνήσῃ.
3260 2801 3278 2832 ι
3326 2783 3432 2835 Kal
3463 2783 3580 2834 ὅσοι
3621 2781 3690 2835 ἂν

2111 2872 2447 2925 διασωθῶσιν
2473 2915 2486 2938 ,
2515 2875 2596 2936 εἰς
2644 2874 2918 2943 ῥομφαίαν
2977 2872 3458 2942 παραδοθήσονται.
3499 2895 3517 2922 ο
3555 2872 3690 2925 ’Κᾶν

2111 2962 2221 3033 γὰρ
2250 2962 2388 3033 πρὸς
2418 2963 2591 3033 βραχύ
2633 2980 2748 3025 πως
2765 2963 3075 3031 διαφεύγειν
3105 2963 3262 3035 δόξῃς
3294 2965 3360 3032 τῇ
3390 2959 3498 3015 τῶν
3529 2962 3693 3014 πολε-

2117 3054 2254 3124 μίων
2288 3053 2546 3124 τιμωρίᾳ,
2599 3054 2990 3126 καταληφθήσῃ
3024 3055 3258 3118 πάντως.
3299 3073 3318 3106 ι
3357 3055 3429 3108 Σὺ
3465 3036 3693 3125 σπερεῖς

2115 3143 2320 3207 ἐλαίαν,
2347 3144 2441 3197 καὶ
2458 3145 2518 3196 ού
2549 3145 2622 3214 μὴ
2653 3143 2847 3217 ἀλείψῃ
2873 3144 3049 3198 ἔλαιον
3080 3163 3093 3176 ⁸
3121 3147 3214 3199 καὶ
3245 3149 3488 3217 ποιήσεις
3520 3141 3690 3207 οἶνον,

2116 3236 2210 3288 καὶ
2234 3236 2294 3287 ού
2328 3235 2402 3306 μὴ
2439 3235 2569 3306 πίῃς
2615 3231 2774 3288 οἶνον.
2811 3254 2829 3286 ι
2877 3234 3196 3288 Ὑποπεσὼν
3238 3236 3368 3302 γοῦν
3405 3239 3470 3306 τῇ
3501 3239 3691 3307 σφαγῇ

2115 3325 2208 3378 τοῦ
2237 3326 2499 3395 πολέμου,
2528 3325 2648 3378 οὐδὲ
2690 3325 2799 3378 τῶν
2843 3325 3019 3378 πόνων
3049 3325 3394 3389 ἀπολαύσεις,
3421 3326 3495 3389 ὡς
3516 3327 3690 3392 εἰκὸς,

2116 3416 2224 3469 τῶν
2270 3417 2506 3482 οἰκείων,
2534 3419 2609 3485 (p.
2659 3416 2784 3481 5H)
2827 3415 3014 3485 ἐπειδὴ
3066 3416 3274 3478 πάντας
3324 3416 3520 3478 αὐτοὺς
3551 3418 3693 3486 ἀφα-

2117 3507 2340 3571 νιοῦσιν,
2364 3507 2440 3570 ὼς
2458 3508 2627 3569 εἰκὸς,
2655 3507 2704 3560 ei
2725 3507 2993 3576 πολέμιοιο
3019 3507 3174 3560 τοῦτο
3205 3507 3313 3576 γάρ
3341 3505 3594 3576 βούλεται
3627 3507 3692 3559 δι’

2118 3599 2240 3650 ὅλου
2281 3598 2480 3665 λέγειν.
2515 3617 2533 3648 ι
2570 3599 2678 3651 Kal
2703 3599 3130 3668 ἀφανισθήσεται
3163 3599 3370 3668 νόμιμα
3397 3598 3525 3650 λαοῦ
3566 3615 3690 3670 μου,

2120 3684 2215 3736 καὶ
2258 3684 2435 3737 πάντα
2475 3683 2613 3754 ἔργα
2652 3684 2800 3736 οἴκου
2851 3685 3052 3753 Ἀχαάό
3085 3700 3099 3713 ⁸
3132 3686 3228 3738 καὶ
3257 3685 3594 3757 ὲπορεύθητε
3637 3686 3694 3737 ἐν

2120 3777 2241 3838 ταῖς
2263 3775 2476 3846 βουλαῖς
2503 3775 2702 3841 αὐτῶν,
2745 3777 2890 3838 ὅπως
2918 3776 3142 3847 παραδῶ
3172 3794 3230 3829 σε
3257 3779 3335 3841 εἰς
3363 3778 3690 3846 ἀφανισμδν,

2122 3865 2356 3927 καὶτοὺς
2380 3864 2768 3927 κατοικοῦντας
2789 3865 2958 3936 αὐτὴν
2979 3866 3056 3927 είς
3085 3866 3369 3936 συριγμὸν,
3395 3868 3488 3921 καὶ
3513 3867 3693 3936 ὀνείδη

2123 3955 2253 4008 λαοῦ
2313 3972 2413 4024 μου
2457 3955 2735 4027 λήψονται.
2785 3976 2803 4006 ι
2842 3956 2975 4008 Τότε
3009 3956 3138 4023 γοῦν
3171 3957 3385 4011 ἅπαντα
3423 3957 3458 4010 ἃ
3497 3959 3594 4012 ἐπὶ
3626 3959 3691 4026 τῇ

2125 4048 2234 4100 τῶν
2266 4047 2500 4101 εἰδώλων
2541 4047 2808 4118 θρησκείᾳ
2857 4049 3065 4118 νόμιμα
3115 4048 3461 4116 ἐφυλάττετε,
3493 4049 3693 4120 μιμού-

447 4139 641 4204 bilent,
664 4147 718 4193 et
750 4138 1016 4191 mirentur
1053 4146 1259 4191 tantam
1292 4145 1490 4192 vestra;
1527 4137 1764 4191 fortuna:
1786 4152 2012 4192 conver-

2129 4138 2366 4210 μενοιτὰ
2399 4139 2550 4209 παρά
2597 4156 2656 4191 τε
2691 4139 2784 4191 τοῦ
2824 4139 3027 4209 Ἀχαάϐ
3056 4140 3152 4193 καὶ
3179 4139 3288 4193 τῶν
3336 4142 3456 4194 κατ’
3490 4143 3694 4196 ἐκεῖνον

451 4230 683 4294 sionem,
736 4228 1004 4296 vobiSque
1070 4228 1408 4296 exprobrent
1471 4228 1619 4296 quod
1670 4237 2021 4297 peccatorum

453 4329 755 4376 vestrorum
788 4334 957 4374 causa
990 4319 1105 4373 haec
1142 4318 1415 4388 patimini.
1471 4320 1650 4389 Atque
1677 4321 1753 4374 ita
1800 4328 2023 4374 eventu-

453 4423 568 4462 ram
614 4408 725 4462 illis
777 4408 1041 4462 ultionem
1089 4407 1350 4474 minatus,
1390 4409 1517 4463 exin
1563 4426 1715 4466 more
1744 4427 1845 4467 suo
1891 4412 2026 4466 dicit

453 4511 651 4551 causas
704 4495 1017 4550 futurorum
1061 4505 1378 4562 eventuum,
1421 4499 1525 4553 sub
1568 4499 1794 4554 lamenti
1847 4501 2023 4572 ﬁgura

454 4589 826 4643 narrationem
882 4588 1181 4642 instituens
1233 4605 1247 4642 :
1292 4587 1522 4643 decebat
1567 4590 1712 4644 enim
1780 4592 2026 4661 apprime

455 4679 770 4750 prophetam
809 4680 911 4735 sub
944 4678 1108 4750 205.
1136 4681 1433 4749 gemituum
1479 4679 1676 4749 forma,
1732 4683 2028 4737 cendolen-

456 4777 563 4823 tem
617 4771 880 4824 nimirum
936 4771 1291 4839 patientibus,
1344 4780 1399 4826 et
1425 4786 1614 4827 eorum
1653 4774 1756 4829 sibi
1803 4785 2028 4844 peccata

457 4869 780 4917 sumentem.
811 4859 951 4926 Quid
993 4876 1123 4932 ergo
1153 4863 1264 4915 ait?

2130 4228 2412 4300 βασιλέων,
2446 4229 2904 4298 ὲπεισυναχθέντα
2950 4230 3078 4300 ύμῖν
3123 4231 3552 4303 ἀφανισθήσεται
3601 4235 3694 4286 σὺν

2128 4321 2258 4389 ὑμῖν
2276 4337 2290 4351 ⁸
2329 4319 2469 4372 ὥστε
2494 4319 2740 4380 ἅπαντας
2766 4319 2890 4381 τοὺς
2924 4318 3120 4384 ἔξωθεν
3153 4319 3393 4391 ὁρῶντας
3419 4323 3572 4392 ὑμῶν
3601 4321 3695 4393 τὴν

2130 4410 2404 4462 ἀπώλειαν
2431 4408 2685 4480 συριγμῷ
2715 4407 3015 4478 κεχρῆσθαι
3052 4408 3429 4478 θαυμάζοντας
3456 4413 3557 4483 τὴν
3575 4429 3695 4466 τοσ-

2130 4500 2301 4569 αύτην
2335 4499 2488 4569 ὑμῶν
2531 4500 2624 4551 ἐπὶ
2671 4498 2732 4551 τὸ
2772 4501 2950 4569 χεῖρον
2981 4500 3302 4570 μεταϐολήν,
3341 4503 3616 4565 ὀνειδίζειν
3641 4519 3695 4554 τε

2131 4591 2260 4662 ὑμῖν
2281 4590 2366 4659 ἐφ’
2392 4584 2472 4652 οἷς
2513 4589 2654 4660 ὑπὲρ
2713 4589 2814 4658 τῆς
2867 4591 3208 4660 παρανομίας
3253 4590 3559 4647 πεπόνθατε
3603 4593 3697 4661 τῆς

2129 4684 2334 4745 οἰκείας
2370 4699 2384 4712 ·
2413 4684 2470 4734 ἐν
2507 4682 2571 4752 δὴ
2625 4681 2830 4745 τούτοις
2882 4683 2981 4753 τῆς
3023 4685 3473 4756 ἐπαχθησομένης
3522 4688 3696 4747 αὐτοῖς

2129 4773 2401 4844 τιμωρίας
2430 4772 2526 4843 τὴν
2563 4771 2792 4842 ἀπειλὴν
2822 4772 3079 4844 εἰρηκὼς,
3108 4774 3235 4844 ἑξῆς
3258 4775 3439 4837 πάλιν,
3476 4777 3614 4829 κατά
3640 4774 3698 4826 τὸ

2133 4867 2344 4929 εἰωθὸς,
2368 4865 2515 4932 λέγει
2562 4865 2660 4926 τὰς
2710 4863 2886 4927 αἰτίας
2913 4864 3021 4916 τῶν
3049 4865 3350 4933 ἐπάγεσθαι
3405 4867 3698 4937 μελλόντων

459 4953 657 5016 αὐτοῖς,
675 4952 734 5005 ἐν
761 4955 997 5022 σχήματι
1019 4954 1215 5026 θρήνου
1235 4954 1334 5024 τὴν
1359 4956 1632 5027 ἀφήγησιν
1662 4958 1840 5013 αὐτῶν
1864 4963 2181 5032 ποιούμενος
2206 4979 2218 4993 ι
2250 4962 2372 5033 ἐπεὶ
2403 4959 2496 5012 καὶ
2533 4958 2736 5029 σφόδρα
2773 4960 3044 5031 ἥρμοττεν
3070 4961 3146 5032 τῷ
3177 4964 3424 5033 προφήτῃ
3455 4961 3697 5031 ἀλγοῦντι

467 5059 516 5094 τε
542 5043 625 5110 ἐφ’
651 5035 732 5104 οἷς
761 5043 1046 5112 πάσχουσι,
1074 5047 1169 5098 καὶ
1198 5047 1265 5100 τὰ
1294 5047 1737 5118 πλημμελήματα
1767 5053 1948 5105 αὐτῶν
1971 5052 2320 5123 οἰκειουμένῳ
2351 5051 2458 5104 τῶν
2500 5050 2747 5121 ὀδυρμῶν
2776 5055 2838 5103 τὸ
2876 5053 3078 5122 σχῆμα.
3115 5053 3180 5104 Τί
3216 5049 3308 5107 οὖν
3346 5072 3537 5124 φησιν;

1090 5132 1241 5186 CAP.
1285 5135 1396 5192 VII.

529 5220 694 5274 Vsus.
745 5223 794 5274 1.
833 5252 898 5262 -
941 5220 1078 5277 «Vae
1120 5223 1284 5278 mihi!
1329 5227 1423 5311 qui
1461 5228 1637 5287 factus
1659 5247 1778 5286 sum
1825 5240 1882 5287 ut
1929 5235 2022 5304 qui

537 5518 647 5591 (42)
689 5519 822 5590 de.
859 5521 1060 5591 φάγεσε
1087 5525 1156 5592 Χ

2791 5140 2948 5194 ΚΕΦ.
2991 5143 3063 5194 Z'.

2205 5233 2352 5302 Στίχ.
2389 5239 2580 5287 α’.-ι
2617 5231 2810 5302 υίμοιί
2844 5233 2923 5286 ὅτι
2949 5233 3212 5304 ἐγενήθην
3229 5234 3306 5298 ὡς
3341 5237 3580 5304 συνάγων
3611 5249 3696 5289 κα-
