3844 6222
192 179 301 235 589

1151 169 1696 227 COMMENTARlUS
1738 168 1804 223 ΙΝ
1841 167 2151 224 ΜΙΩΗᾸΞΑΞ
2186 166 2339 223 CAP.
2385 167 2493 220 VII.

3304 170 3307 175 λ
3337 163 3441 218 390

193 289 375 358 λάμην
403 288 462 340 ἐν
492 288 708 358 ἀμήτῳ,
732 286 827 339 καὶ
854 284 927 346 ὡς
958 284 1281 351 ἐπιφυλλίδα
1310 287 1367 336 ὲν
1395 285 1648 355 τρυγήτῳ
1676 283 1772 352 οὐχ

1894 283 2132 352 stipulam
2164 280 2219 334 in
2251 296 2428 335 messe
2458 278 2685 349 colligit,
2735 287 2788 333 ct
2823 276 3128 330 racemulos
3163 275 3217 329 in
3251 276 3441 332 vinde-

197 377 535 447 ὑπάρχοντος
580 376 836 447 βότρυος·
879 373 972 426 τοῦ
1004 376 1194 442 φαγεῖν
1236 375 1552 444 πρωτόγονα
1579 373 1772 426 ἐπεθύ-

202 486 373 538 μησεν
402 471 433 538 ἡ
468 468 610 539 ψυχή
643 485 763 537 μου.
810 487 827 518 ι
874 466 1034 520 Ἀλλὰ
1062 466 1170 537 γάρ
1194 466 1410 543 θρηνεῖν
1455 466 1631 518 ἐπεισί
1684 483 1771 535 μοι

197 561 467 631 τοσαύτην
492 560 589 629 τὴν
619 561 709 611 ἐπὶ
735 560 796 611 τὸ
825 561 1003 629 χεῖρον
1027 557 1196 627 ῥοπὴν
1225 557 1471 626 βλέποντι
1506 556 1598 609 τοῦ
1622 556 1772 620 λαοῦ,

202 654 280 718 (p.
311 649 435 719 319..)
480 649 553 711 ὡς
590 650 792 719 μηδένα
820 647 1165 717 δικαιοσύνης
1191 649 1248 700 ἐν
1275 650 1455 711 αὐτοῖς
1484 648 1773 716 ἀναφαίνε-

204 739 328 792 σθαι
380 738 591 809 καρπόν
632 755 649 770 ο
687 737 896 791 τοιοῦτο
941 738 1070 807 γοῦν
1110 756 1164 791 τι
1208 739 1438 807 πάσχειν
1478 739 1562 790 ἐπ’
1595 739 1776 799 αὐτοῖς

203 830 539 901 προάγομαι,
569 823 677 882 οἷον
702 828 767 883 ἂν
797 829 948 893 εἴτις
974 831 1134 885 πάθοι
1164 829 1426 899 γεωργὸς,
1450 830 1482 899 ἢ
1515 831 1572 882 ἐν
1601 828 1778 900 καιρῷ

204 920 467 991 θερισμοῦ
519 920 796 984 παντελῶς
838 922 944 975 τῶν
983 922 1216 993 καρπῶν
1257 920 1647 983 ἀπολωλότων,
1680 936 1779 972 κα-

202 1010 385 1081 λάμην
414 1010 534 1063 τινὰ
574 1012 695 1063 ἀντὶ
720 1011 1047 1081 δραγμάτων
1080 1012 1271 1080 εὐτελῆ
1312 1010 1587 1078 συλλέγειν
1614 1010 1779 1076 ἀναγ-

206 1102 526 1171 καζόμενος,
543 1102 577 1171 ἢ
595 1104 651 1154 ἐν
676 1105 791 1163 ταῖς
817 1102 922 1154 τῶν
946 1102 1172 1172 καρπῶν
1194 1102 1471 1171 εύφορίαις
1495 1100 1781 1153 ἐκπίπτειν

206 1190 364 1242 εἴωθε
388 1189 494 1242 τῶν
518 1190 844 1259 δραγμάτων
868 1207 882 1220 ·
904 1190 937 1259 ἦ
960 1190 1232 1261 τρυγητοῦ
1261 1190 1525 1260 παρόντος
1549 1189 1782 1258 βότρυας

210 1282 311 1351 μὲν
345 1281 443 1349 ούχ
494 1281 781 1351 εὑρίσκων,
810 1280 1159 1348 ἐπιφυλλίδας
1209 1281 1267 1333 δέ
1326 1298 1476 1341 τινας
1527 1280 1782 1350 βραχείας

210 1369 521 1437 συλλέγων⁹
546 1370 669 1422 ἐπεὶ
698 1371 790 1423 καὶ
814 1369 909 1423 νῦν
957 1371 1051 1423 τοῦ
1085 1370 1299 1440 καιροῦ,
1336 1372 1470 1439 μετά
1513 1372 1782 1440 τοσαύτην

207 1458 536 1527 κηδεμονίαν
573 1476 633 1511 τε
685 1461 779 1512 καὶ
805 1460 1117 1530 ἐπιμέλειαν
1164 1460 1261 1531 τὴν
1310 1460 1459 1532 παρά
1510 1463 1603 1513 τοῦ
1649 1461 1782 1514 Θεοῦ

208 1547 587 1616 γεγενημένην
622 1547 702 1609 είς
755 1548 970 1611 αὐτοὺς,
1025 1549 1338 1617 ἀναγκαίως
1378 1550 1477 1618 τῆς
1519 1567 1578 1602 τε
1612 1548 1783 1601 θεοσε-

1874 373 2004 436 mia,
2041 387 2165 425 cum
2200 386 2311 425 non
2348 372 2418 425 sit
2453 371 2665 425 botrus.
2722 368 2999 422 Primitiva
3036 366 3324 422 comedere
3349 368 3446 422 dc-

1876 462 2337 519 sideravitanima
2366 475 2506 515 mea.
2533 479 2552 511 ›
2586 459 2662 512 En
2692 459 2822 512 mihi
2854 460 3039 528 lugere
3086 457 3261 521 subit,
3322 466 3444 511 tan-

1877 561 1987 607 tam
2023 553 2212 623 populi
2260 552 2328 605 ad
2381 551 2586 603 malum
2640 549 3051 603 inclinationem
3098 546 3331 611 videnti,
3383 556 3444 600 ut

1877 643 2060 698 nullus
2095 642 2237 713 apud
2268 657 2361 696 eos
2386 641 2615 710 iustitiae
2649 640 2861 694 fructus
2892 647 3173 708 appareat.
3210 638 3444 693 Perinde

1880 733 2044 803 igitur
2068 747 2169 801 ego
2202 731 2381 795 patior
2412 738 2576 800 atque
2603 729 2865 799 agricola,
2901 729 2947 783 si
2972 729 3172 784 messis
3202 736 3447 798 tempore

1878 835 2090 880 cunctae
2141 824 2217 877 illi
2276 822 2462 892 fruges
2518 822 2832 892 depereant,
2864 822 3137 891 vilemque
3185 822 3444 890 stipulam

1882 915 2001 969 loco
2046 913 2445 983 manipulorum
2485 920 2713 982 cogatur
2744 912 3003 981 colligere
3035 930 3047 964 :
3086 911 3169 966 vel
3207 919 3355 964 certe
3391 910 3447 963 in

1881 1004 2158 1058 fructuum
2188 1002 2541 1065 abundantia,
2585 1001 2991 1069 manipulorum
3029 1000 3256 1070 penuria
3293 999 3446 1053 labo-

1881 1104 1960 1150 ret
1997 1113 2013 1162 ;
2046 1096 2131 1149 vel
2172 1094 2446 1148 vindemia
2483 1094 2745 1156 instante,
2790 1092 2979 1146 botros
3004 1092 3182 1145 nullos
3227 1106 3449 1160 compe-

1883 1188 2008 1251 riat,
2043 1187 2139 1242 sed
2177 1186 2263 1240 vix
2311 1187 2500 1240 breves
2532 1184 2837 1239 racemulos
2879 1184 3120 1254 colligat.
3156 1182 3299 1237 Sane
3345 1183 3449 1236 hoc

1885 1289 2146 1347 tempore,
2180 1286 2301 1345 post
2352 1283 2561 1329 tantam
2594 1290 2625 1328 a
2666 1273 2774 1328 Deo
2805 1274 3104 1344 impensam
3150 1288 3339 1327 curam
3384 1286 3451 1326 ac

1885 1368 2254 1432 sedulitatem,
2282 1365 2597 1420 necessario
2632 1364 2850 1419 domum
2884 1364 3102 1433 pietatis
3148 1372 3312 1432 atque
3336 1363 3451 1416 vir-

1886 1460 2019 1514 tutis
2049 1457 2260 1513 fructus
2290 1464 2638 1527 exspectans,
2688 1470 2811 1509 rara
2845 1456 2989 1524 apud
3026 1455 3178 1525 ipsos
3224 1454 3451 1509 omnino

1885 1550 2160 1620 comperio
2188 1549 2331 1604 bona
2379 1563 2584 1616 Opera;
2640 1561 2765 1601 nam
2796 1561 2896 1601 nec
2923 1547 3193 1615 primitias
3234 1546 3449 1615 aliquas

210 1636 367 1699 ϐείας
406 1637 499 1689 καὶ
546 1638 645 1707 τῆς
675 1639 873 1709 ἀρετῆς
905 1640 1031 1702 τοὺς
1083 1642 1329 1711 καρποὺς
1377 1640 1781 1709 ἐπιζητοῦντος,

1894 1643 2031 1711 apud
2055 1656 2149 1696 eos
2186 1638 2370 1694 videre
2413 1645 2520 1701 est,
2562 1652 2876 1708 quanquam
2914 1636 2969 1692 id
3023 1637 3256 1689 maxime
3299 1645 3454 1704 opta-

214 1727 478 1790 σπανίζον
527 1728 584 1779 ἐν
624 1727 825 1782 ἅπασιν
870 1715 1067 1793 αὐτοῖς’
1108 1730 1387 1794 παντελῶς
1448 1730 1687 1801 εὑρίσκω
1725 1731 1786 1783 τὸ

1894 1735 2032 1787 bam.
2064 1732 2274 1786 Etenim
2311 1731 2453 1785 sicut
2481 1745 2547 1785 ex
2584 1730 2812 1784 maturis
2867 1728 3133 1783 fructibus
3185 1727 3455 1797 primitias

213 1818 411 1871 καλόνο
446 1818 563 1871 οὐδὲ
593 1819 723 1887 γοῦν
746 1821 997 1892 ἀπαρχήν
1030 1840 1149 1875 τινα
1179 1823 1236 1875 ἐν
1280 1822 1464 1886 αὑτοῖς
1497 1825 1789 1892 ἀναφαινο-

1894 1826 2128 1880 solemus
2158 1836 2397 1887 sumere,
2425 1820 2480 1874 id
2512 1827 2595 1875 est
2630 1819 2967 1889 primitivos;
3001 1818 3142 1872 unde
3170 1826 3223 1871 et
3264 1818 3456 1873 beatus

218 1910 390 1978 μὲνην
426 1909 571 1962 ἐστιν
620 1911 786 1964 ἰδεῖν
825 1912 1088 1982 ἐπιθυμία
1131 1913 1187 1967 δέ
1240 1932 1330 1984 μοι
1376 1914 1599 1987 πλείστη
1657 1917 1790 1971 καθ-

1894 1916 2058 1969 David
2102 1933 2116 1969 :
2153 1933 2171 1965 ι
2201 1912 2267 1966 Et
2302 1912 2754 1981 percussitomne
2775 1910 3193 1981 primogenitum
3220 1909 3275 1963 in
3309 1918 3455 1963 terra

218 2000 420 2068 έστηκε
451 2002 602 2053 τουτὶ
626 2000 865 2055 τοιοῦτον
903 2002 1029 2055 ἰδεῖν
1054 2018 1067 2031 ·
1098 2003 1284 2071 ἐπειδὴ
1311 2002 1417 2074 γὰρ
1450 2007 1512 2056 ἐκ
1549 2005 1647 2074 τῆς
1678 2005 1790 2058 τῶν

1894 2004 2133 2074 Ᾱῖεγριὶ,
2179 2000 2452 2071 primitias
2482 2000 2662 2053 omnis
2692 1999 2893 2054 laboris
2944 2013 3133 2053 eorum
3175 1998 3228 2051 in
3272 1998 3457 2051 labere

217 2090 451 2159 καρπῶν
490 2091 821 2164 τελειότητος
867 2092 1135 2163 εἰώθαμεν
1179 2094 1432 2165 ἀπαρχὰς
1472 2094 1787 2165 λαμϐάνειν,

1896 2094 2109 2148 naculis
2164 2092 2488 2156 Cbami";t
2508 2090 2610 2144 hoc
2653 2090 2836 2144 dicere
2895 2089 3158 2158 preplieta
3200 2089 3357 2141 vult:
3394 2086 3455 2141 In

215 2180 378 2233 τοῦτο
410 2182 467 2234 δέ
515 2184 627 2236 ἐστι
661 2185 754 2237 καὶ
786 2184 854 2237 τὰ
900 2185 1249 2255 πρωτότοκα·
1304 2186 1424 2240 ὅθεν
1463 2188 1491 2239 ὁ
1526 2189 1791 2258 μακάριος

1898 2200 2095 2255 magna
2126 2184 2433 2244 sterilitate,
2470 2181 2741 2251 cupiditas
2762 2196 2850 2235 me
2879 2180 3102 2235 incessit
3142 2180 3451 2234 inveniendi

218 2271 409 2323 Δαυίδ’
439 2290 458 2324 ι
498 2274 608 2326 Καὶ
652 2275 891 2340 ἐπάταξε
942 2277 1051 2329 πᾶν
1101 2277 1447 2347 πρωτότοκον
1480 2280 1538 2333 ἐν
1580 2282 1649 2349 γῇ
1698 2281 1793 2331 Δὶ-

1899 2276 2105 2346 aliquid
2134 2275 2277 2344 apud
2323 2276 2473 2343 ipsos
2522 2271 2669 2341 quod
2704 2271 3073 2342 primitiarum
3099 2272 3220 2324 loco
3249 2278 3416 2325 esset.

219 2360 453 2429 τύπτου,
520 2365 772 2435 ἀπαρχὴν
809 2368 1009 2430 παντὸς
1032 2366 1194 2420 πόνου
1242 2368 1421 2421 αὐτῶν
1483 2370 1541 2421 ἐν
1586 2371 1699 2431 τοῖς
1739 2367 2059 2438 σκηνώμασι
2109 2366 2239 2434 Χάμ
2271 2364 2490 2417 ’›τοῦτο
2536 2362 2781 2432 βούλεται
2832 2363 3027 2425 εἰπεῖν,
3090 2361 3171 2414 ὅτι
3211 2359 3309 2414 Διά
3358 2360 3459 2432 τὴν

220 2452 528 2526 ὑπερϐολὴν
558 2457 655 2527 τῆς
691 2458 970 2528 ἀκαρπίας
1000 2460 1261 2530 ἐπιθυμία
1304 2477 1373 2531 με
1418 2461 1681 2531 κατέσχεν
1724 2461 1903 2531 εὑρεῖν
1944 2477 1997 2512 τι
2053 2461 2110 2512 ἐν
2147 2459 2347 2521 αὐτοῖς,
2392 2456 2643 2526 ἀπαρχῆς
2692 2454 2844 2521 τάξιν
2886 2453 3102 2523 ἐπέχειν
3142 2453 3457 2523 δυνάμενον.

295 2654 446 2725 Στίχ.
483 2655 615 2725 β’-ὅ’.
645 2686 717 2698 -
749 2657 823 2729 (ρ.
857 2659 982 2729 315)
1026 2662 1136 2715 Καὶ
1174 2662 1446 2732 ἐπιμένων
1486 2665 1600 2725 τοῖς
1643 2663 1793 2729 ὀδυρ-

1971 2656 2139 2712 Vens.
2164 2656 2237 2709 2-
2251 2657 2303 2710 4.
2326 2654 2475 2708 -Ει
2504 2654 2805 2723 ploratibus
2844 2652 3134 2708 insistens:
3156 2651 3274 2707 «Vae
3303 2652 3459 2718 mihi,

222 2749 350 2816 μοῖς
368 2762 381 2775 ·
422 2765 440 2797 ι
473 2748 631 2817 Οῐμοι
656 2749 668 2801 !
690 2748 855 2818 ψυχὴ,
878 2750 959 2803 δτι
991 2751 1265 2804 ἀπόλωλεν
1298 2752 1530 2823 εὐλαϐὴς
1559 2752 1667 2805 ἀπὸ
1696 2751 1793 2819 τῆς

1901 2749 2101 2811 anima,
2118 2748 2244 2818 quia
2260 2747 2418 2816 periit
2436 2746 2558 2814 pius
2574 2744 2641 2801 de
2658 2754 2822 2806 terra,
2843 2753 2899 2799 et
2915 2743 3006 2812 qui
3027 2743 3312 2798 emendate
3339 2752 3464 2814 agat

220 2838 351 2906 γῆς,
384 2840 477 2890 καὶ
512 2839 792 2910 κατορθῶν
813 2842 870 2893 ἐν
899 2841 1203 2912 ἀνθρώποις
1235 2844 1332 2912 οὐχ
1365 2844 1635 2914 ὑπάρχει·
1668 2843 1793 2896 πάν-

1901 2838 1954 2892 in
1979 2837 2288 2892 hominibus
2311 2850 2417 2889 non
2435 2843 2519 2888 est
2541 2852 2554 2887 :
2579 2848 2770 2888 omnes
2791 2832 2859 2887 de
2878 2834 3233 2902 sanguinibus
3254 2834 3464 2904 judicio

219 2943 317 2989 τες
348 2928 428 2989 είς
464 2929 672 2998 αἵματα
705 2930 1034 2996 δικάζονται,
1066 2932 1291 2995 ἕκαστος
1317 2933 1409 2986 τὸν
1444 2933 1669 3002 πλησίον
1701 2932 1793 2984 αὐ-

1900 2922 2269 2987 contendunt,
2313 2921 2472 2991 205
2520 2921 2897 2990 unusquisque
2941 2923 3247 2989 proximum
3303 2936 3461 2977 suum

221 3016 321 3070 τοῦ
352 3017 689 3072 ἐκθλίϐουσιν
731 3020 951 3092 ἐκθλιϐῇ
991 3039 1004 3052 ·
1037 3023 1129 3074 ἐπ)¹
1179 3022 1241 3075 τδ
1274 3024 1443 3076 κακὸν
1477 3022 1575 3085 τὰς
1607 3025 1792 3092 χεῖρας

1901 3027 2158 3085 pressura
2177 3017 2391 3082 premit,
2415 3013 2480 3066 ad
2513 3012 2711 3066 malum
2735 3028 2928 3068 manus
2959 3028 3088 3067 suas
3117 3020 3293 3082 parat.
3308 3012 3463 3067 Prin-

223 3107 409 3160 αὑτῶν
453 3109 828 3178 ἑτοιμάζουσιν
862 3129 875 3142 ο
902 3114 930 3164 ό
966 3111 1149 3183 ἄρχων
1200 3114 1378 3177 αἰτεῖ,
1408 3114 1503 3165 καὶ
1545 3116 1573 3166 ὁ
1604 3112 1794 3182 κριτὴς

225 3196 536 3265 εἰρηνικοὺς
564 3195 753 3262 λόγους
785 3197 1033 3268 ἐλάλησε,
1060 3199 1395 3269 καταθύμιον
1424 3199 1604 3270 ψυχῆς
1632 3197 1796 3252 αὑτοῦ

222 3289 370 3340 ἐστι.
415 3305 435 3338 ι
478 3282 602 3347 Πῶς
644 3286 749 3359 γὰρ
788 3288 849 3341 οὑ
901 3289 1117 3359 θρηνεῖν
1162 3288 1348 3354 ἀξιον,
1380 3290 1461 3343 ὅτι
1504 3289 1669 3357 φόϐος
1699 3290 1798 3357 μὲν

226 3376 367 3430 θεοῦ
418 3381 543 3450 παρ’
573 3380 752 3442 αὐτοῖς
803 3378 1078 3449 οὑδαμοῦ;
1108 3378 1232 3434 ὅθεν
1264 3379 1382 3433 ούδὲ
1433 3378 1579 3433 ἔστιν
1620 3380 1799 3450 εὑρεῖν

226 3468 323 3521 τῦν
355 3471 730 3539 ἐπιμελεῖσθαι
763 3469 858 3522 τού
900 3471 1270 3540 προσήκοντος
1296 3469 1547 3524 ἐθέλοντα
1567 3486 1581 3501 ⁸
1622 3471 1800 3525 πάντα

227 3559 288 3613 δὲ
328 3561 510 3623 αὐτοῖς
540 3562 666 3632 περὶ
693 3561 866 3630 φόνων
894 3561 1227 3630 γυμνάζεται
1252 3561 1320 3615 τὰ
1344 3562 1682 3633 ἐγκλήματα,
1701 3563 1801 3615 οὑκ

230 3650 579 3719 ἀνεχομένοις
619 3650 789 3721 μικρά
812 3650 1042 3716 πταίειν,
1075 3650 1189 3703 ἀλλ’
1211 3651 1337 3721 ἄχρι
1380 3651 1552 3719 φόνων
1576 3650 1674 3714 τάς
1696 3653 1802 3720 χεῖ-

235 3754 337 3810 ρας
362 3740 709 3792 ἐκτεινόντων
737 3738 836 3802 τὰς
875 3739 1009 3799 ιδίας
1032 3756 1046 3771 ο
1074 3738 1302 3802 ἕκαστός
1332 3755 1390 3791 τε
1420 3738 1597 3791 αὐτῶν
1624 3738 1699 3801 ὼς
1734 3738 1800 3791 ἂν

231 3828 334 3899 ἔχῃ
359 3829 638 3899 δυνάμεως
668 3830 881 3892 ὀδύναις
911 3831 1006 3883 καὶ
1032 3829 1299 3897 ἀνάγκαις
1328 3828 1671 3899 περιϐάλλειν
1708 3829 1801 3881 τὸν

235 3919 404 3985 ἐγγὺς
448 3920 654 3988 πένητα
700 3921 987 3989 πειρᾶται,
1019 3918 1520 3989 παρεσκευασμένοι
1563 3935 1624 3969 τε
1673 3916 1802 3987 περὶ

232 4006 336 4075 τὴν
363 4006 470 4059 τῶν
498 4008 684 4063 κακῶν
727 4012 865 4063 εἰσιν
896 4011 1158 4081 ἐργασίαν
1180 4028 1194 4041 ο
1232 4005 1350 4063 εἶτα
1384 4009 1476 4062 ἐπὶ
1524 4009 1735 4071 τούτοις
1772 4008 1802 4059 ὁ

240 4100 341 4169 μὲν
366 4101 424 4151 ἐν
459 4100 536 4171 τῷ
564 4102 753 4171 ἄρχειν
802 4102 1101 4167 καθεστὼς,
1136 4101 1353 4172 ἀμελῶν
1372 4100 1467 4154 τοῦ
1503 4102 1804 4172 προσήκον-

1900 3120 2028 3174 ceps
2054 3103 2250 3173 poscit,
2279 3101 2445 3171 judex
2473 3102 2699 3172 paciﬁca
2743 3104 2907 3156 verba
2950 3104 3211 3172 loquitur,
3251 3104 3463 3160 deside-

1898 3194 2040 3247 rium
2068 3192 2263 3245 anima:
2289 3191 2407 3260 ejus
2426 3200 2528 3247 est.
2555 3210 2573 3242 ι
2595 3189 2793 3257 Quidni
2847 3192 3007 3263 digne
3024 3193 3345 3262 plorandum
3367 3195 3462 3257 sit,

1901 3282 2179 3353 siquidem
2210 3283 2392 3338 nullus
2426 3281 2520 3336 Dei
2565 3282 2727 3335 timor
2764 3283 2907 3351 apud
2941 3298 3035 3338 eos
3072 3299 3301 3353 usquam
3351 3285 3467 3340 est?

1900 3391 2010 3445 quo
2034 3373 2113 3439 ﬁt,
2145 3382 2203 3427 ut
2226 3389 2385 3429 nemo
2416 3374 2510 3443 qui
2543 3373 2774 3429 ollicium
2799 3375 2951 3443 sequi
2970 3376 3097 3433 velit
3124 3376 3460 3433 inveniatur.

1900 3466 2108 3520 Cuncta
2135 3464 2331 3518 borum
2371 3464 2602 3519 crimina
2638 3465 2693 3519 in
2729 3464 2968 3523 caedibus
3001 3479 3307 3533 versantur,
3333 3468 3462 3538 quia

1900 3572 2007 3611 non
2035 3556 2309 3612 sustinent
2333 3556 2473 3611 levia
2512 3570 2761 3625 peccare,
2806 3556 2901 3611 sed
2928 3557 2994 3612 ad
3020 3556 3313 3612 homicidia
3354 3573 3468 3612 ma-

1900 3648 2007 3704 nus
2029 3648 2319 3702 intendunt
2350 3666 2363 3701 :
2394 3648 2774 3717 unusquisque
2795 3662 2895 3718 pro
2914 3648 3149 3713 viribus,
3181 3650 3468 3706 doloribus

1902 3736 2277 3806 angustiisque
2310 3736 2588 3805 proximos
2614 3736 2715 3791 sibi
2745 3751 3011 3806 pauperes
3069 3738 3283 3793 irretire
3299 3754 3469 3793 cona-

1902 3834 2013 3889 tur,
2049 3833 2104 3881 et
2137 3825 2203 3879 ad
2232 3826 2499 3895 patranda
2522 3825 2731 3880 scelera
2756 3827 2962 3880 alacres
3007 3835 3155 3881 sunt.
3195 3826 3466 3884 Praeterea

1903 3916 2157 3986 princeps
2221 3915 2498 3984 aequitatis
2544 3914 2852 3977 immemor,
2919 3916 3207 3985 pecuniam
3267 3917 3466 3987 poscit,

1904 4015 2066 4074 atque
2110 4004 2180 4058 ob
2215 4004 2355 4059 hanc
2378 4003 2691 4058 dissimulat
2729 4005 3073 4072 peccantium
3111 4004 3467 4075 iniquitates:

1900 4095 2067 4165 judex
2095 4103 2299 4156 autem,
2335 4093 2538 4147 omissa
2563 4092 2707 4161 juris
2741 4092 3002 4157 dictione,
3038 4095 3255 4150 blandis
3298 4097 3473 4150 utitur

234 4207 331 4252 τος
378 4191 631 4261 χρήματα
669 4189 854 4261 ζητεῖ,
906 4193 1002 4245 καὶ
1051 4192 1261 4254 τούτοις
1299 4189 1644 4261 διακρούεται
1698 4189 1793 4242 τῶν

1908 4185 2275 4247 sermonibus,
2308 4192 2364 4237 ut
2390 4184 2478 4239 his
2506 4184 2710 4253 injusta
2744 4184 2845 4238 sibi
2894 4186 3049 4239 lucra
3087 4186 3364 4253 conciliet,
3404 4186 3472 4241 ad

234 4281 658 4349 ἁμαρτανόντων
708 4281 805 4344 τὰς
836 4282 1047 4345 ἀδικίας
1078 4297 1093 4313 °
1126 4285 1154 4335 ὁ
1181 4282 1238 4335 δὲ
1286 4282 1380 4334 τοῦ
1412 4282 1619 4352 κρίνειν
1660 4282 1793 4351 εἰλη-

1908 4290 2028 4346 quze
2058 4274 2223 4328 animi
2271 4274 2655 4344 cogitationem
2703 4274 2968 4328 intentam
3014 4276 3195 4330 habet.
3231 4294 3249 4327 ι
3276 4274 3341 4331 Et
3375 4291 3475 4330 au-

238 4370 357 4439 φὼς
386 4371 484 4440 τὴν
520 4370 784 4436 ἐξουσίαν,
830 4372 990 4440 ἀφεὶς
1034 4372 1096 4424 τὸ
1127 4370 1330 4423 δίκαιον
1363 4371 1585 4441 ὁρίζειν,
1637 4370 1793 4440 θερα-

1912 4366 2081 4419 feram
2120 4366 2261 4419 bona
2294 4378 2504 4430 eorum,
2558 4364 2713 4433 quasi
2754 4364 2900 4417 tinea
2926 4364 3237 4431 comedens,
3278 4374 3333 4421 et
3364 4380 3475 4420 am-

239 4463 514 4524 πευτικοῖς
530 4462 793 4531 κέχρηται
820 4463 886 4531 ρή
896 4478 1058 4531 μασιν
1079 4478 1092 4492 ο
1108 4462 1183 4525 ὼς
1208 4461 1273 4515 ἂν
1294 4461 1382 4514 διὰ
1404 4460 1605 4514 τούτων
1629 4461 1793 4531 ἐαυτίξ

1912 4458 2105 4512 bulans
2136 4470 2299 4524 super
2330 4455 2572 4525 regulam
2622 4456 2678 4508 in
2708 4455 2797 4509 die
2845 4456 3235 4523 speculationis
3278 4471 3411 4512 suae.
3452 4475 3471 4511 ι

240 4552 647 4621 περιποιήσειεν
670 4549 829 4604 ἄδικα
856 4552 1042 4625 κέρδη,
1062 4553 1198 4623 πρὸς
1225 4551 1260 4605 ἃ
1285 4552 1349 4621 δὴ
1374 4550 1668 4621 τεταμένον
1693 4551 1793 4620 ἔχει

1914 4547 1994 4603 0b
2011 4547 2126 4600 haec
2149 4546 2203 4599 in
2233 4546 2483 4601 absoluta
2514 4554 2565 4599 te
2581 4546 2909 4599 constituam
2932 4546 3197 4600 bonorum
3216 4556 3474 4617 egestate,

240 4640 334 4693 τὸν
356 4640 612 4710 λογισμὸν
642 4641 739 4710 τῆς
774 4640 972 4710 ψυχῆς.
1020 4661 1039 4692 ι
1073 4641 1184 4695 Καὶ
1220 4640 1509 4710 ἐξελοῦμαι
1536 4640 1605 4693 τὰ
1626 4640 1793 4708 ἀγαθᾶ

1917 4653 2068 4691 more
2100 4638 2274 4700 tineas,
2319 4635 2558 4689 hostium
2610 4650 2776 4689 manu
2805 4636 3071 4705 quidquid
3109 4646 3193 4692 est
3234 4638 3375 4707 apud
3425 4647 3479 4694 te

243 4730 448 4795 αὑτῶν,
479 4731 554 4793 ὼς
586 4731 685 4802 σὴς
705 4732 994 4800 ἐκτρὼγων
1015 4732 1109 4784 καὶ
1135 4731 1360 4802 βαδίζων
1388 4731 1480 4783 ἐπὶ
1504 4732 1725 4793 κανόνος
1754 4730 1793 4780 ἐκ

1910 4729 2230 4799 praclarum
2261 4726 2569 4781 destruens.
2594 4723 2729 4778 Nam
2761 4727 2903 4781 sicut
2944 4727 3092 4780 tinea
3122 4727 3177 4780 in
3208 4728 3339 4798 ligni
3367 4737 3480 4781 tra-

243 4822 483 4892 ἡμέραις
526 4824 756 4885 σκοπιᾶς
790 4840 905 4876 σου.
959 4842 977 4874 ι
1010 4822 1085 4893 (p.
1118 4824 1243 4893 514)
1292 4823 1463 4893 ’Υπὲρ
1503 4822 1568 4893 δὴ
1606 4822 1793 4876 τούτωε

1911 4822 2107 4876 becula
2154 4818 2454 4884 exsistens,
2501 4819 2588 4873 via
2617 4817 2874 4888 gradiens
2907 4827 3073 4873 totam
3134 4819 3282 4873 illam
3322 4828 3481 4877 vorat

246 4911 307 4962 ἐν
335 4910 585 4962 παντελεῖ
610 4926 671 4963 σε
713 4911 1033 4981 καταστήσω
1053 4911 1160 4963 τῶν
1193 4911 1411 4980 ἀγαθῶν
1442 4912 1637 4982 ἐνδείᾳ,
1662 4912 1793 4981 δίκηε

1916 4917 2079 4978 atque
2158 4908 2456 4970 consumit,
2522 4907 2893 4976 particulatim
2950 4923 3332 4980 corrumpens,
3400 4914 3482 4969 sic

249 5000 440 5070 σητὸς,
473 5000 558 5054 διὰ
606 5004 714 5054 τῶν
747 5002 1019 5071 πολεμίων
1045 5003 1152 5054 πᾶν
1200 5000 1474 5069 ἀφανίζων
1513 5001 1541 5053 ὃ
1568 5019 1620 5054 τι
1655 5000 1818 5054 καλόν

247 5094 396 5144 ἐστιν
434 5093 491 5144 ἐν
523 5091 636 5144 σοί·
665 5092 739 5155 ὡς
764 5092 869 5162 γὰρ
893 5093 916 5143 ἑ
950 5091 1045 5161 σὴς
1073 5092 1130 5143 ἐν
1159 5092 1340 5144 κανόνι
1375 5090 1530 5155 ξύλου
1554 5088 1811 5159 γεγονὼς,

247 5180 353 5249 ὀδῷ
384 5181 788 5250 βαδίζων,ἀπαν
813 5182 942 5235 αὑτὸ
968 5181 1238 5236 κατεσθίει
1272 5182 1365 5235 καὶ
1393 5182 1669 5235 ἀναλίσκει
1695 5182 1815 5243 ταῖς

249 5269 393 5322 κατά
428 5269 593 5339 μέρος
639 5270 983 5341 διαφθοραῖς,
1013 5271 1155 5325 οὑτω
1185 5270 1326 5325 κατά
1371 5270 1563 5341 μικρὸν
1601 5270 1837 5323 ἃπαντα

254 5359 407 5429 ὑμῶν
436 5360 620 5428 ἀφελῶ
637 5360 703 5413 τά
742 5361 921 5429 ἀγαθά
944 5378 956 5391 ³
990 5362 1127 5417 κατὰ
1156 5363 1244 5416 τὸν
1282 5363 1469 5424 καιρὸν
1506 5363 1562 5417 ἐν
1592 5355 1635 5430 ᾧ
1670 5360 1735 5431 δὴ
1754 5361 1814 5413 τὸ

315 5533 368 5567 ⁸⁸
386 5531 532 5589 Psal.
565 5549 672 5600 Liv,
692 5536 780 5590 56.

1916 5015 2017 5069 ego
2069 5000 2331 5069 paulatim
2390 4998 2534 5052 bona
2595 5006 2771 5052 vestra
2824 4997 3101 5065 auferam;
3158 5009 3213 5056 et
3268 5010 3480 5071 postea,

1921 5092 2218 5147 secundum
2255 5098 2470 5159 tempus
2503 5104 2612 5159 quo
2664 5090 3093 5159 magnitudinem
3136 5104 3483 5163 peccatorum

1919 5188 2225 5234 vestrorum
2266 5179 2579 5247 speculatus
2613 5177 2788 5243 fuero,
2825 5193 3125 5251 congruum
3163 5181 3322 5238 factis
3355 5198 3486 5253 sup-

1919 5270 2143 5339 plicinm
2176 5267 2428 5322 inferam.
2471 5288 2489 5320 ι
2514 5267 2640 5322 Vw!
2672 5284 2752 5323 vae
2777 5270 2789 5322 !
2812 5269 3048 5327 ultiones
3062 5280 3169 5327 tua:
3197 5281 3485 5338 venerunt;

1919 5374 2067 5415 nunc
2100 5366 2261 5415 erunt
2295 5357 2448 5415 ﬂetus
2493 5373 2705 5415 eorum.
2730 5378 2749 5412 ι
2787 5358 2945 5416 Venit
2978 5361 3116 5431 dies,
3144 5377 3254 5435 quo
3272 5372 3331 5419 tu
3358 5378 3484 5434 peo-
