3828 6216
367 175 467 230 391

1535 149 1890 208 THEODORI
1941 147 2429 208 MOPSUESTENI

3521 140 3626 196 392

372 300 618 344 catorum
652 298 843 355 punias
879 281 1006 346 des;
1061 291 1297 348 quorum
1338 288 1506 329 causa
1545 285 1694 326 nunc
1737 276 1791 322 te
1825 267 1953 322 ﬂere

2071 263 2284 332 ιέγεθος
2321 261 2729 334 περισκοπήσας
2750 259 2855 313 τῶν
2883 257 3292 329 ἁμαρτημάτων
3325 255 3627 326 ὑμετέρων,

373 381 553 440 decet,
615 375 744 444 quia
774 388 838 426 ex
874 369 1058 424 inlatis
1111 365 1270 419 malis
1329 361 1501 417 sentis
1539 363 1805 428 quantum
1853 355 1951 408 tibi

372 467 625 523 uocueris
657 474 749 518 tuo
782 464 836 515 in
879 461 1068 514 vitium
1105 458 1281 525 lapsu.

2055 357 2316 424 ἀνάλογον
2374 353 2558 418 ὲπάξω
2602 357 2714 416 τοῖς
2757 352 3150 424 πραττομένοις
3187 348 3284 418 τὴν
3333 347 3623 417 τιμωρίαν.

2062 467 2079 498 ι
2107 448 2265 510 υύαὶ,
2287 445 2429 510 οὐαὶ,
2454 445 2759 516 ὲκδικήσεις
2776 459 2868 496 σου
2891 444 3056 513 ἧκασι
3074 459 3087 472 ο
3104 441 3196 493 νῦν
3231 440 3439 492 ἔσονται
3467 439 3629 490 κλαυ-

373 560 501 631 θμοί
534 555 733 611 αὐτῶν.
773 573 791 605 ι
838 551 1214 621 Παραγέγονεν
1259 547 1292 616 ἡ
1343 541 1524 612 ἡμέρα
1561 538 1656 591 τοῦ
1702 536 1885 590 δοῦναί
1922 554 1979 589 σε
2003 537 2158 608 δίκην
2198 537 2305 589 τῶν
2336 535 2840 608 πλημμελημάτων,
2895 533 3033 602 ὑπὲρ
3071 527 3147 584 ὢν
3173 532 3240 600 δὴ
3259 530 3351 582 νῦν
3380 546 3436 582 σε
3470 545 3629 601 προσ.

372 622 474 721 ἧκε
530 646 798 717 δακρῦσαι
853 643 940 696 διὰ
973 640 1083 694 τῶν
1137 634 1492 706 ἐπαγομένων
1555 631 1740 685 κακῶν
1795 628 2203 700 αἰσθανόμενον,
2255 629 2452 682 ὁπόσον
2490 627 2777 698 ὲλυμαίνου
2828 625 3008 695 σαυτῷ
3053 627 3118 695 τῇ
3171 622 3298 694 περὶ
3336 622 3394 675 τὸ
3450 623 3627 690 χεῖρον

377 742 536 811 ροπῇ.

449 919 613 972 Vens.
653 916 775 969 5-7.
817 943 878 953 —
920 911 986 966 Et
1019 912 1329 965 futurorum
1367 909 1635 963 malorum
1684 905 1950 975 magnitu-

377 1011 558 1064 dinem
581 1012 960 1064 demonstrans
976 1019 1020 1056 ε(
1048 1000 1224 1055 Nolite
1241 1000 1486 1062 credere,
1507 997 1704 1066 inquit,
1725 996 1950 1060 amicis;

381 1113 558 1166 neque
597 1096 827 1163 speretis
877 1108 906 1145 a
944 1092 1220 1147 ducibus:
1257 1090 1328 1154 ei,
1381 1105 1505 1159 quas
1545 1097 1723 1142 tecum
1767 1087 1952 1147 cubat,

379 1205 512 1242 cave
555 1187 851 1256 quidquam
886 1183 1261 1237 concredere:
1298 1181 1428 1250 quia
1474 1180 1619 1233 ﬁlius
1673 1186 1959 1232 contume-

381 1280 507 1332 liam
542 1278 671 1332 facit
704 1277 866 1346 patri,
912 1283 965 1329 ct
995 1275 1104 1328 lilia
1135 1271 1702 1342 consurgitadversus
1736 1276 1964 1321 matrem

383 1383 560 1430 suam,
589 1383 759 1420 nurus
777 1366 941 1435 203
963 1365 1229 1418 adversus
1252 1377 1469 1418 socrum
1497 1356 1965 1423 suam;etinimici

384 1458 645 1519 hominis,
675 1459 860 1512 cuncti
887 1455 1178 1509 domestici
1209 1453 1355 1522 ejus.
1383 1470 1401 1503 ι
1439 1450 1609 1505 Nemo
1634 1456 1768 1503 tunc
1805 1447 1964 1500 alteri

380 1546 756 1608 auxiliabitur,
823 1560 930 1598 non
994 1544 1203 1599 amicus
1256 1543 1458 1608 amico,
1539 1555 1647 1595 non
1707 1539 1964 1609 princeps

2124 901 2271 970 Στίχ.
2299 897 2433 963 ε’-ζ’.
2468 929 2538 940 ——-
2566 896 2678 950 Καὶ
2704 895 2917 957 δεικνὺς
2944 893 3050 946 τῶν
3080 892 3516 962 έπελευσομένων
3539 891 3632 944 αύ-

2057 995 2169 1054 τοῖς
2195 990 2379 1044 κακῶν
2414 990 2474 1041 τὸ
2511 987 2753 1058 μέγεθος,
2798 1006 2814 1035 t
2854 984 2944 1054 Μὴ
2978 983 3401 1037 καταπιστεύετε
3444 983 3501 1033 ὲν
3540 983 3633 1049 φί-

2060 1083 2192 1145 λοις,
2232 1082 2306 1153 μὴ
2337 1080 2394 1132 δὲ
2423 1078 2670 1142 ἐλπίζετε
2708 1078 2800 1130 ἐπὶ
2855 1076 3176 1145 ἡγουμένοις
3197 1091 3210 1102 ·
3236 1076 3343 1127 ἀπὸ
3374 1074 3470 1142 τῆς
3503 1089 3634 1139 συγ-

2062 1175 2241 1228 κοίτου
2296 1189 2389 1224 σου
2443 1168 2673 1240 φύλαξαι
2717 1167 2810 1221 τοῦ
2861 1167 3152 1220 ἀναθέσθαι
3205 1183 3256 1218 τι
3306 1164 3632 1234 αύτῇ’διότι

2062 1264 2176 1326 υἱὸς
2200 1263 2454 1332 ἀτιμάζει
2488 1256 2977 1329 πατέρα,θυγάτηρ
3009 1255 3378 1322 ἐπανέστηκεν
3415 1253 3506 1304 ἐπὶ
3532 1253 3633 1321 τὴν

2065 1354 2274 1425 μητέρα
2325 1351 2535 1420 αὐτῆς,
2568 1350 2753 1418 νύμφη
2809 1348 2900 1399 ὲπὶ
2956 1347 3055 1415 τὴν
3109 1343 3374 1414 πενθερὰν
3420 1341 3630 1409 αύτῆςο

2062 1445 2247 1515 ἐχθροὶ
2271 1443 2463 1512 ἀνδρὸς
2492 1441 2692 1505 πάντες
2711 1443 2759 1494 οἱ
2788 1440 2976 1510 ἄνδρες
3001 1441 3049 1491 οί
3077 1441 3133 1491 ὲν
3160 1437 3237 1507 τῷ
3261 1438 3391 1506 οἴκῳ
3412 1435 3590 1488 αὑτοῦ.
3610 1453 3630 1483 ι

2061 1536 2194 1590 Οὐδὲ
2225 1535 2319 1606 μία
2343 1535 2428 1604 δὴ,
2463 1535 2651 1603 φησὶν,
2695 1531 2868 1585 οὐδενί
2906 1532 3034 1603 παρ’
3071 1529 3284 1592 οὐδενὸς
3321 1529 3470 1580 ἔσται
3513 1526 3634 1579 τότε

375 1639 624 1699 subdito.
656 1652 763 1690 non
799 1637 882 1690 vir
912 1636 1092 1698 uxori,
1138 1651 1250 1689 non
1288 1634 1403 1688 filio
1441 1640 1618 1703 pater,
1651 1647 1760 1685 non
1800 1631 1959 1683 matri

2071 1632 2094 1697 ἡ
2129 1627 2350 1696 βοήθεια
2374 1642 2385 1654 ·
2413 1627 2473 1677 ού
2499 1625 2638 1694 φίλῳ
2666 1623 2816 1694 παρὰ
2848 1623 3024 1692 φίλου,
3048 1625 3147 1676 οὐκ
3171 1621 3453 1692 ἀρχομένῳ
3486 1619 3638 1688 παρά

384 1728 512 1790 lilia,
533 1741 639 1779 non
667 1726 826 1779 nurui
861 1740 1055 1780 socrus
1086 1741 1099 1778 :
1127 1739 1252 1778 nam
1279 1723 1609 1778 calamitatis
1637 1719 1956 1791 magnitudo

380 1819 449 1874 de
482 1835 581 1873 sua
627 1832 899 1888 quemque
951 1816 1127 1870 salute
1184 1814 1406 1867 anxium
1451 1828 1576 1868 esse
1612 1826 1835 1882 cogens,
1863 1826 1958 1864 ne-

381 1909 626 1964 cessario
658 1916 890 1963 cunctos
913 1905 1204 1959 inimicitia
1244 1904 1386 1958 inter
1415 1919 1474 1958 se
1507 1903 1824 1966 committit,
1863 1916 1960 1954 ne-

383 2003 530 2056 mine
575 2001 640 2055 de
696 1999 922 2054 alterius
971 1999 1204 2052 utilitate
1256 1996 1551 2066 cogitante,
1603 1996 1734 2049 dum
1787 2010 1960 2048 unus-

380 2094 614 2162 quisque
645 2090 864 2160 plurimi
897 2088 1028 2143 facit
1063 2088 1294 2143 salutem
1323 2101 1500 2142 suam.
1530 2085 1733 2140 Deinde
1764 2100 1960 2139 rursus

382 2190 503 2251 post
521 2195 886 2236 aerumnarum
933 2178 1365 2250 prtedictioncm,
1427 2191 1581 2231 more
1629 2177 1792 2231 solito
1827 2190 1959 2228 con-

385 2274 684 2327 versionem
714 2273 767 2325 in
794 2270 988 2324 melius
1010 2269 1290 2332 nuntians,
1322 2286 1340 2318 ‹
1379 2268 1488 2336 Ego
1524 2275 1726 2330 autem,
1760 2266 1958 2334 inquit,

382 2365 449 2418 ad
483 2363 771 2417 Dominum
805 2361 1090 2430 aspiciam,
1145 2362 1476 2428 exspectabo
1523 2356 1690 2410 Deum
1725 2355 1962 2409 salvato-

383 2469 494 2507 rem
527 2467 703 2505 uteum
737 2468 750 2503 :
785 2450 968 2504 audiet
1004 2464 1091 2502 me
1131 2447 1273 2502 Deus
1305 2463 1477 2501 meus.
1510 2465 1527 2496 ι
1567 2444 1673 2498 Sed
1712 2443 1961 2512 quamvis

383 2544 523 2597 tales
549 2552 821 2610 tantaque
855 2541 964 2594 sint
1004 2540 1368 2601 calamitates,
1411 2539 1477 2590 de
1516 2536 1607 2590 Dei
1657 2535 1962 2604 patrocinio

382 2650 492 2687 non
535 2632 877 2700 desperabo:
911 2641 1227 2684 constanter
1281 2629 1348 2682 ad
1403 2628 1582 2694 ipsum
1648 2627 1959 2692 respicnam,

382 2724 613 2776 salutent
663 2721 790 2775 inde
836 2728 1188 2788 exspectans,
1241 2733 1406 2788 quam
1438 2717 1602 2771 etiam
1649 2714 1782 2768 mihi
1842 2714 1962 2768 sine

383 2814 552 2866 dubio
587 2811 1050 2880 pra:bebit;eum,
1092 2811 1184 2880 qui
1227 2809 1281 2862 in
1318 2806 1632 2878 hujusmodi
1683 2806 1963 2858 calamita-

385 2904 532 2956 tibus
562 2904 692 2971 pctit
728 2903 1015 2964 auxilium,
1043 2901 1364 2956 exaudiens.

381 2997 545 3063 αὑτοῦ
580 2997 676 3068 τὴν
725 2997 993 3066 σωτηρίαν
1035 2996 1349 3066 ἀναμένων·
1380 2994 1446 3066 ἢν
1479 2994 1572 3048 καὶ
1593 2991 1820 3064 παρέξει
1873 3006 1962 3060 μοι

383 3089 482 3161 τὴν
509 3088 757 3159 βοήθειαν
783 3085 915 3140 ἀκού
926 3103 1042 3149 σας.

454 3239 624 3295 Vnus.
668 3239 824 3294 8-l-l.
865 3267 936 3281 —-
980 3237 1099 3292 «Ne
1139 3239 1362 3304 laeteris,
1394 3237 1776 3296 inimicamca.
1799 3254 1966 3308 super

386 3348 492 3396 me,
525 3333 648 3402 quia
678 3347 723 3386 sn
757 3332 950 3398 cecidi,
1015 3347 1347 3401 consurgant
1389 3351 1401 3387 :
1435 3333 1481 3386 si
1513 3331 1869 3386 ambulavero
1911 3348 1966 3384 tn

389 3426 650 3486 tenebris,
707 3422 970 3480 Dominus
1018 3425 1350 3480 illuminabit
1398 3440 1500 3479 me.
1536 3444 1554 3476 ι
1594 3424 1800 3478 Licebit
1835 3423 1966 3476 mihi

388 3514 683 3584 aliquando
710 3515 776 3568 ad
811 3515 1065 3568 inimicos
1085 3531 1254 3580 meos,
1307 3515 1690 3584 praacipueque
1715 3516 1782 3568 ad
1840 3515 1967 3568 ldu-

390 3619 555 3660 mteos
593 3607 773 3660 dicere
803 3623 818 3663 :
852 3604 1062 3660 Vanum
1099 3616 1182 3660 est
1227 3607 1291 3660 de
1339 3607 1492 3675 lapsu
1539 3621 1661 3660 meo
1711 3621 1810 3660 vos
1871 3607 1968 3660 lae-

393 3697 498 3750 tari
533 3718 543 3751 :
578 3712 798 3767 surgam
831 3698 896 3751 de
925 3713 1078 3761 casn,
1118 3697 1224 3753 Deo
1261 3697 1555 3766 adjuvante
1595 3717 1608 3752 :
1655 3697 1760 3752 etsi
1808 3697 1970 3767 quasi

382 3786 488 3858 'pcr
522 3787 730 3842 medias
785 3789 1040 3842 tenebras
1089 3789 1142 3841 in
1181 3789 1338 3843 malis
1387 3789 1626 3859 gradiar,
1676 3788 1796 3842 luce
1834 3789 1965 3842 mihi

391 3878 732 3947 splendidius
765 3879 1042 3950 affulgebit
1072 3879 1164 3934 Dei
1191 3881 1476 3933 auxilium.
1515 3899 1533 3930 ι
1559 3881 1694 3933 Iram
1727 3879 1819 3934 Dei
1847 3893 1972 3950 por-

391 3971 538 4031 tabo,
581 3970 842 4038 quoniam
891 3971 1116 4041 peccavi
1153 3971 1225 4035 ei,
1298 3973 1472 4025 donec
1514 3987 1741 4041 causam
1796 3986 1970 4025 meam

388 4061 619 4130 judicet,
645 4071 698 4115 et
725 4071 945 4130 peragat
980 4061 1248 4130 judicium
1303 4077 1507 4116 meum.
1546 4061 1752 4118 Educet
1787 4079 1873 4116 me
1917 4063 1972 4116 in

393 4150 593 4213 lucem,
639 4151 832 4204 videbo
877 4150 1146 4218 justitiam
1177 4152 1318 4220 ejus.
1353 4171 1371 4204 ι
1422 4152 1570 4205 lram‘
1601 4153 1740 4221 ejus,
1777 4163 1830 4207 et
1857 4169 1974 4206 inoo

393 4241 584 4296 lcstias
632 4242 758 4296 inde
805 4249 1092 4296 manantes
1153 4251 1374 4313 propter
1437 4252 1660 4311 peccata
1714 4253 1973 4313 expertus

397 4347 538 4385 sum.
559 4331 834 4387 Concedet
868 4341 1051 4387 tamen
1085 4333 1216 4386 milii
1237 4335 1728 4389 conversionemin
1753 4335 1970 4400 melius,

396 4421 513 4491 ipse
542 4423 670 4476 mihi
697 4423 789 4492 jus
811 4424 1044 4478 reddens
1079 4424 1146 4479 de
1174 4425 1240 4478 iis
1274 4440 1394 4495 quae
1429 4442 1458 4479 a
1493 4427 1709 4481 cunctis
1735 4427 1974 4482 inimicis

397 4511 534 4566 meis
558 4515 752 4582 pertuli
794 4515 1002 4584 inique,
1034 4514 1278 4584 mihique
1325 4515 1468 4585 quod
1501 4531 1713 4584 saquum
1755 4525 1838 4569 est
1873 4515 1972 4568 ad-

391 4599 660 4669 judicabit
697 4620 710 4656 :
748 4618 943 4672 tneque
1001 4603 1136 4658 adeo
1192 4605 1246 4658 in
1304 4605 1647 4672 propriorum
1703 4604 1969 4658 bonorum

398 4691 684 4758 Splendore
710 4693 1020 4759 collocabit,
1069 4701 1128 4747 ut
1165 4692 1452 4750 manifesta
1491 4705 1654 4764 atque
1685 4695 1843 4764 207
1888 4696 1974 4748 in-
2006 4715 2048 4769 υ

397 4780 561 4834 dubia
594 4783 956 4850 appareatDei
990 4784 1268 4848 voluntas,
1302 4801 1411 4853 qua
1447 4785 1513 4839 de
1537 4786 1682 4854 juris
1718 4787 1975 4855 aequitate

400 4872 695 4932 sollicitus,
730 4873 796 4926 ab
836 4873 1278 4929 incumbentibus
1329 4877 1488 4930 malis
1532 4891 1617 4930 me
1651 4877 1976 4940 sublevavit,

397 4968 451 5014 et
482 4963 574 5030 qui
604 4963 734 5015 mibi
775 4971 977 5018 temere
1021 4964 1280 5034 injuriam
1316 4966 1589 5021 faciebant
1626 4968 1775 5036 juste
1812 4969 1976 5037 puni-

396 5052 504 5113 vit,
556 5052 611 5104 id
666 5053 810 5106 enim
866 5055 1129 5110 denotant
1179 5057 1375 5112 verba:
1415 5057 1663 5112 «Videbo
1707 5060 1978 5128 justitiam

397 5142 570 5210 ejus.»
592 5141 678 5207 Et,
711 5144 982 5212 «Aspiciet
1010 5147 1228 5202 inimica
1261 5163 1401 5212 mea,
1424 5159 1477 5203 et
1499 5149 1776 5218 operietur
1795 5149 1986 5203 confu-

401 5234 580 5297 sione,
630 5247 751 5303 quae
804 5237 937 5290 dicit
989 5239 1166 5294 mihi:
1213 5239 1315 5294 Ubi
1379 5250 1465 5295 est
1521 5241 1784 5296 Dominus
1839 5241 1980 5296 Deus

400 5327 571 5382 tuus?
591 5347 608 5378 ι
638 5325 793 5383 Tunc
816 5345 934 5382 eam
963 5331 1204 5399 pudebit,
1223 5333 1366 5401 quod
1393 5334 1523 5388 mihi
1545 5335 1975 5404 exprobraverit,

401 5417 613 5470 nullum
663 5433 749 5471 me
798 5417 1000 5472 habere
1048 5435 1078 5472 a
1116 5419 1223 5475 Deo
1274 5423 1559 5480 auxilium.
1605 5423 1734 5476 dum
1769 5423 1976 5476 videbit

403 5521 664 5562 arcanum
691 5508 812 5578 ejus
837 5524 963 5579 erga
979 5526 1064 5567 me
1095 5513 1478 5580 patrocinium.
1504 5533 1522 5564 ι
1547 5511 1700 5568 Oculi
1719 5513 1823 5567 mei
1846 5529 1970 5583 spc-

2059 1719 2341 1788 ἀρχοντος,
2373 1717 2448 1784 (p.
2496 1715 2622 1785 515)
2662 1714 2762 1766 οὐκ
2821 1713 2975 1783 ἀνδρὶ
3029 1711 3181 1782 παρὰ
3225 1710 3500 1779 γυναικὸς,
3537 1710 3639 1777 οὐχ

2059 1807 2161 1878 υίῷ
2182 1807 2332 1878 παρά
2367 1807 2587 1876 πατρὸς,
2605 1806 2665 1858 ού
2694 1806 2861 1876 μητρὶ
2889 1805 3040 1877 παρὰ
3065 1802 3421 1873 θυγατρὸς,ού
3447 1801 3641 1871 νύμφῃ

2059 1899 2212 1969 παρά
2241 1899 2539 1967 πενθερᾶςο
2570 1899 2604 1968 ἡ
2649 1896 2758 1967 γὰρ
2811 1896 3086 1966 ὑπερϐολὴ
3139 1893 3234 1946 τοῦ
3283 1893 3455 1946 κα.κοῦ
3509 1894 3642 1962 περὶ

2058 1991 2158 2061 τῆς
2200 1990 2335 2052 ἰδίας
2384 1990 2613 2042 ἕκαστον
2647 1987 3026 2056 ἀναγκάζουσα
3069 1988 3307 2056 ἀγωνιᾷν
3339 1985 3638 2055 σωτηρίας,

2060 2083 2372 2150 ἀναγκαίως
2406 2080 2613 2142 πάντας
2671 2080 2896 2150 ἐχθροὺς
2949 2077 3191 2149 ἀλλήλων
3240 2077 3638 2138 ἀποδείκνυσιν,

2061 2175 2275 2237 οὐδενὸς
2317 2174 2377 2226 τὸ
2424 2173 2500 2244 τῷ
2555 2173 2724 2234 πέλας
2754 2173 3021 2242 χρήσιμον
3057 2173 3276 2224 σκοπεῖν
3319 2169 3639 2238 δυναμένου,

2061 2265 2151 2319 διὰ
2185 2265 2244 2318 τὸ
2279 2265 2534 2335 μέγιστον
2565 2263 2844 2332 ἡγεῖσθαι,
2880 2263 2928 2314 εί
2975 2261 3150 2331 ἑαυτῷ
3186 2279 3305 2313 τινα
3355 2259 3643 2331 περιποιή-

2066 2371 2208 2409 σειεν
2251 2355 2544 2425 σωτηρίαν,
2571 2349 2706 2406 Εἶτα
2759 2353 2897 2424 μετά
2929 2353 3026 2424 τὴν
3053 2351 3162 2405 τῶν
3191 2351 3378 2406 κακῶν
3409 2353 3644 2420 μήνυσιν

2063 2445 2551 2515 εὐαγγελιζόμενος
2584 2444 2745 2498 πάλιν
2786 2443 3030 2513 συνήθως
3058 2443 3157 2514 τὴν
3187 2443 3280 2495 ἐπὶ
3307 2441 3368 2494 τὸ
3395 2444 3644 2512 κρεῖττον

2066 2533 2365 2602 μεταϐολήν
2384 2549 2396 2561 ·
2422 2551 2440 2582 ι
2475 2531 2616 2599 Ἐγὼ
2647 2531 2703 2584 δὲ
2727 2533 2783 2583 ὲν
2811 2531 2888 2601 τῷ
2910 2530 3098 2600 Κυρίῳ
3123 2529 3500 2597 ἐπιϐλέψομαι,
3517 2529 3644 2579 ὲπι-

2066 2621 2211 2693 μενῶ
2239 2623 2329 2674 ἐπὶ
2358 2621 2436 2691 τῷ
2460 2621 2580 2692 Θεῷ
2607 2620 2683 2690 τῷ
2711 2620 2914 2690 σωτῆρί
2935 2638 3035 2690 μου
3055 2635 3070 2651 ·
3091 2617 3451 2672 ὲπακούσεταί
3488 2633 3590 2686 μου
3613 2617 3644 2667 ὁ

2063 2708 2194 2771 Θεός
2224 2725 2347 2778 μου.
2383 2727 2402 2760 ι
2451 2708 2611 2761 Ἀλλά
2648 2708 2756 2778 γὰρ
2785 2708 2879 2761 καὶ
2913 2706 3181 2760 τοσούτων
3213 2705 3379 2758 ὄντων
3416 2705 3508 2757 καὶ
3541 2719 3644 2771 τη-

2065 2798 2327 2852 λικούτων
2371 2799 2479 2850 τῶν
2530 2799 2738 2861 κακῶν,
2794 2800 2892 2851 οὐκ
2934 2795 3322 2867 ἀπογνώσομαι
3376 2794 3468 2848 τοῦ
3503 2792 3643 2846 Θεοῦ

2065 2891 2162 2961 τὴν
2194 2889 2516 2959 κηδεμονίαν
2543 2907 2556 2920 ·
2582 2890 2726 2960 μενῶ
2750 2889 2806 2942 δὲ
2838 2890 2971 2957 πρὸς
3001 2887 3162 2942 αὑτὸν
3195 2887 3359 2958 ὀρῶν,
3386 2886 3480 2937 καὶ
3509 2895 3645 2953 παρ⁹

2018 2986 2232 3048 πάντως
2258 2984 2317 3038 ὲν
2348 2987 2468 3046 ταῖς
2511 2984 2776 3050 ἀνάγκαις
2825 2982 3080 3046 ἐκείναις,
3138 2979 3413 3041 αἰτοῦντος
3477 2974 3648 3030 αὑτοῦ

2141 3247 2286 3316 Στίχ.
2328 3245 2496 3315 ἠ’-ια’.
2523 3261 2626 3293 —t
2658 3245 2747 3315 Μὴ
2781 3247 3036 3316 ἐπίχαιρέ
3087 3263 3198 3315 μοι,
3237 3247 3270 3316 ή
3307 3244 3478 3315 ἐχθρά
3517 3260 3645 3314 μου,

2068 3341 2148 3393 ὅτι
2182 3339 2446 3391 πέπτωκα
2467 3338 2561 3391 καὶ
2583 3337 2958 3406 ἀναστήσομαι
2980 3354 2992 3367 ·
3025 3337 3157 3390 διότι
3196 3337 3290 3390 ὲάν
3317 3338 3408 3390 καὶ
3448 3353 3647 3405 πορευ-

2071 3430 2146 3482 θῶ
2173 3432 2230 3482 ἐν
2257 3431 2333 3498 τῷ
2368 3429 2569 3494 σκότει,
2595 3429 2796 3498 Κύριος
2829 3431 3019 3498 φωτιεῖ
3060 3447 3172 3498 μοι.
3213 3448 3232 3478 ›
3286 3428 3530 3492 Ἐξέσται
3578 3430 3644 3500 δή

2073 3536 2165 3589 μοι
2196 3520 2315 3572 τότε
2348 3521 2441 3572 καὶ
2472 3519 2609 3589 πρὸς
2640 3520 2766 3581 τοὺς
2801 3520 2988 3588 ἐμοὺς,
3023 3519 3118 3572 καὶ
3151 3518 3386 3588 μάλιστά
3415 3535 3477 3586 γε
3518 3518 3652 3572 πάν·

2069 3624 2176 3661 των
2197 3608 2328 3677 πρὸς
2353 3607 2481 3669 τοὺς
2521 3606 2852 3676 Ἰδουμαίους
2873 3606 3073 3673 λέγειν,
3110 3608 3185 3670 ὠς
3227 3607 3485 3678 Περιττὸν
3519 3609 3650 3676 ύμῖν

2070 3701 2130 3752 τὸ
2161 3700 2454 3769 ὲφήδεσθαί
2501 3717 2591 3768 μοι
2653 3699 2891 3770 πεσούσῃ
2933 3717 2946 3730 '
2977 3702 3352 3770 ἀναστήσομαι
3395 3701 3502 3770 γὰρ
3550 3701 3649 3754 τοῦ

2072 3792 2365 3861 πτώματος
2389 3794 2454 3860 τῇ
2486 3793 2625 3862 ῥοπῇ
2664 3794 2728 3862 τῇ
2764 3791 2882 3862 θείᾳ
2913 3809 2925 3822 ’
2951 3790 3090 3844 ὥστε
3130 3794 3178 3844 εἰ
3207 3795 3299 3845 καὶ
3340 3793 3494 3862 δίκην
3523 3794 3651 3846 σκό-

2071 3899 2195 3944 τους
2239 3884 2295 3934 ὲν
2332 3881 2482 3952 μέσῳ
2525 3882 2864 3952 πεπόρευμαι
2916 3882 3022 3935 τῶν
3059 3882 3265 3944 κακῶν,
3293 3882 3427 3935 ἀλλά
3471 3885 3651 3952 φωτός

2077 3991 2166 4043 μοι
2191 3974 2545 4043 λαμπροτέρα
2567 3975 2852 4043 γενήσεται
2883 3972 2974 4025 τοῦ
2997 3972 3128 4026 Θεοῦ
3151 3975 3183 4042 ἡ
3208 3972 3452 4043 βοήθεια.
3473 3992 3490 4023 ι
3527 3974 3647 4043 ’(ιρ.

2075 4065 2177 4134 γὴν
2228 4063 2428 4134 Κυρίου
2479 4064 2708 4124 ὑποίσω,
2756 4063 2829 4132 (p.
2879 4062 3006 4129 516)
3051 4063 3131 4114 ὅτι
3182 4063 3424 4133 ἥμαρτον
3475 4063 3647 4132 αὐτῷ,

2074 4156 2178 4218 ἕως
2200 4154 2466 4227 δικαιώσῃ
2496 4153 2592 4225 τὴν
2619 4153 2774 4220 δίκην
2821 4171 2921 4224 μου
2941 4195 2957 4218 ,
2991 4155 3084 4207 καὶ
3124 4155 3325 4224 ποιήσῃ
3372 4154 3432 4206 τὸ
3463 4155 3652 4223 ¹κρίμόι

2079 4259 2212 4314 μου*
2248 4245 2341 4296 καὶ
2393 4242 2568 4309 ἐξάξει
2600 4261 2667 4313 με
2710 4245 2789 4306 εἰς
2815 4244 2874 4296 τὸ
2909 4242 3045 4312 φῶς,
3083 4245 3175 4296 καὶ
3221 4244 3420 4314 ὄψομαι
3452 4244 3548 4314 τὴν
3567 4245 3652 4297 δι-

2075 4333 2367 4402 καιοσύνην
2420 4333 2606 4388 αὑτοῦ.
2653 4351 2672 4385 ι
2720 4334 2832 4404 Τῆς
2875 4335 2973 4404 μὲν
3005 4334 3110 4404 γὰρ
3137 4333 3308 4404 ὀργῆς
3357 4333 3518 4388 αὑτοῦ
3550 4338 3650 4389 καὶ

2075 4424 2184 4476 τῶν
2237 4423 2487 4476 ἐντεῦθεν
2528 4423 2788 4495 λυπηρῶν
2819 4424 2894 4486 ὼς
2945 4423 3279 4496 ἡμαρτηκὼς
3313 4424 3646 4494 ἐπειράθηνο

2080 4512 2305 4584 παρέξει
2339 4513 2396 4566 δέ
2426 4531 2517 4584 μοι
2545 4515 2643 4584 τὴν
2671 4516 2763 4565 έπί
2804 4514 2865 4566 τὸ
2913 4518 3154 4584 κρεῖττον
3196 4515 3516 4585 μεταϐολὴν,
3548 4518 3652 4568 αύ-

2076 4602 2167 4663 τός
2206 4619 2294 4671 μοι
2317 4602 2543 4664 δικάσας
2571 4601 2708 4672 ὑπὲρ
2737 4595 2811 4654 ὧν
2849 4602 3091 4654 πέπονθα
3119 4603 3268 4672 παρά
3297 4602 3511 4656 πάντων
3537 4604 3651 4657 τῶν

2077 4692 2468 4763 ἐχθραινόντων
2517 4692 2738 4756 ἀδίκως,
2767 4694 2862 4746 καὶ
2903 4693 2967 4764 δὴ
3005 4693 3100 4746 καὶ
3147 4695 3446 4764 ἀπονείμας
3477 4695 3654 4764 μοιτὸ

2074 4781 2280 4836 δίκαιον
2311 4784 2368 4834 ὲν
2394 4785 2459 4853 τῇ
2495 4782 2700 4852 κρίσει·
2737 4781 2879 4834 οὕτω
2899 4783 2956 4836 τέ
2991 4801 3060 4853 με
3095 4784 3153 4836 ἐν
3183 4787 3248 4854 τῇ
3301 4784 3651 4854 λαμπρότητι

2074 4873 2180 4924 τῶν
2211 4872 2426 4924 οἰκείων
2459 4871 2718 4934 καθιστὰς
2747 4872 2987 4940 ἀγαθῶν,
3005 4873 3144 4926 ὥστε
3176 4874 3435 4943 πρόδηλόν
3469 4891 3526 4926 τε
3553 4875 3652 4926 καὶ

2076 4962 2441 5030 ἀναμφίὸολόν
2492 4980 2581 5031 μοι
2626 4963 2881 5030 γενέσθαι
2923 4965 3020 5034 τὴν
3065 4964 3290 5034 γνώμην
3347 4963 3441 5016 τοῦ
3489 4964 3647 5028 Θεοῦ,

2078 5055 2198 5108 καθ’
2236 5055 2304 5126 ἣν
2335 5055 2429 5108 τοῦ
2483 5054 2690 5108 δικαίου
2741 5056 3050 5126 φροντίσας,
3096 5056 3199 5126 ὲμέ
3244 5073 3305 5108 τε
3347 5055 3653 5124 τῶνπερι-

2080 5148 2314 5218 εχόντων
2353 5148 2627 5220 ἀπήλλαξε
2674 5149 2880 5211 κακῶν,
2921 5149 3013 5201 καὶ
3047 5149 3172 5210 τοὺς
3215 5147 3545 5217 ἠδικηκότας
3576 5163 3650 5215 με

2083 5239 2260 5309 μάτην
2304 5241 2683 5312 ἐτιμωρήσατο
2730 5239 2954 5303 δικαίως
3001 5257 3013 5270 ’
3055 5239 3213 5293 τοῦτο
3245 5239 3353 5309 γὰρ
3385 5238 3533 5306 λέγει
3563 5237 3648 5304 τὸ,

2086 5348 2104 5380 ι
2128 5330 2366 5400 Ὄψομαι
2398 5332 2496 5401 τὴν
2536 5333 2882 5401 δικαιοσύνην
2911 5332 3096 5386 αὑτοῦ.
3127 5353 3145 5385 ι
3195 5331 3325 5394 Καὶ,
3364 5348 3382 5380 t
3423 5331 3651 5398 Ὀψεται

2078 5423 2303 5492 ήὲχθρά
2331 5439 2454 5492 μου,
2490 5423 2584 5476 καὶ
2611 5423 2844 5491 καλύψει
2874 5424 3044 5493 αὐτὴν
3077 5424 3326 5494 αἰσχύνη,
3354 5425 3386 5493 ἡ
3417 5422 3650 5488 λέγουσα

2074 5515 2209 5584 πρός
2229 5531 2324 5583 με’
2367 5513 2474 5566 Ποῦ
2521 5514 2722 5584 Κύριος
2759 5516 2786 5567 ό
2809 5516 2938 5578 Θεός
2967 5533 3091 5572 σου;
3128 5535 3145 5566 ν
3174 5516 3304 5569 Τότε
3343 5514 3405 5585 δὴ
3431 5515 3650 5585 αἰσχυν-
