3828 6216
124 311 229 367 393

1068 303 1613 365 COMMENTARIUS
1664 303 1733 359 ΙΝ
1782 303 2092 362 ἊΙΕΗΑΕᾸΞ
2134 302 2288 362 CAP.
2339 299 2450 361 VII.

3266 302 3376 362 59$

122 432 343 506 θήσεται
368 430 459 501 ἔφ’
490 423 576 496 οἷς
622 428 867 495 ὠνείδιζὲ
920 445 1030 501 μοι,
1061 429 1139 495 ὡς
1182 429 1438 500 οὐδεμιᾶς
1487 427 1696 499 τυγχά-

1803 429 2019 484 ctabunt
2052 426 2206 483 illud.
2235 444 2256 489 ι
2292 426 2407 499 Ego
2447 425 2595 482 enim
2626 439 2740 482 non
2784 422 3048 482 arumnis
3089 423 3273 481 solum
3309 426 3378 480 li-

120 537 262 576 νσντι
284 520 392 591 τῆς
419 524 574 592 παρὰ
618 519 714 573 τοῦ
753 518 889 579 Θεοῦ
925 518 1176 591 βοηθείας
1202 559 1217 585 ,
1244 519 1387 591 ὁρῶν
1411 517 1572 572 αὑτοῦ
1602 518 1703 588 τῆς

121 616 250 686 περὶ
275 614 379 683 ἐμὲ
414 611 739 683 κηδεμονίας
771 611 833 665 τὸ
879 612 1211 684 ἀπόρρητον.
1247 630 1267 663 ι
1319 613 1384 667 Οἱ
1435 606 1704 683 ὀφθαλμοί

124 721 224 776 μου
244 704 541 773 ὲπύψονται
573 703 768 774 αὐτήν.
816 721 836 755 ι
872 704 947 756 Οὐ
981 704 1090 774 γὰρ
1133 701 1298 766 αὐτὸς
1341 702 1500 774 μόνον
1528 702 1706 757 ἀπαλ-

122 796 429 868 λαγήσομαι
454 795 567 849 τῶν
592 794 803 859 κακῶν,
818 794 954 849 ἀλλὰ
978 794 1087 867 γὰρ
1113 795 1211 849 καὶ
1240 794 1338 859 τὰς
1358 794 1468 848 τῶν
1487 794 1705 866 ιχθραι-

120 887 317 943 νόντων
348 906 438 960 μοι
478 888 749 959 τιμωρίας
801 888 1025 959 ὄψομαι.
1054 906 1075 940 ι
1103 887 1216 947 Νῦν
1243 887 1396 941 ἔσται
1424 889 1506 951 είς
1534 904 1705 941 κατα-

122 980 350 1051 πάτημα
402 981 478 1044 ὼς
522 980 694 1051 πηλὸς
742 982 803 1035 ιν
851 983 974 1045 ταῖς
1015 979 1155 1043 ὁδοῖς
1191 994 1207 1023 9
1243 980 1429 1050 ἡμέραν
1473 979 1705 1049 ἀλοιφῇ

122 1073 365 1140 πλίνθου,
393 1071 669 1143 ὲξάλειψίς
702 1091 795 1133 σου
822 1075 858 1143 ἡ
883 1072 1068 1145 ἡμέρα
1088 1071 1291 1141 ἐκείνη.
1324 1091 1343 1123 ι
1372 1072 1703 1142 Καταπατη-

121 1164 260 1239 θήσῃ
294 1170 405 1238 γὰρ
430 1166 537 1220 ὑπὸ
553 1168 665 1220 τῶν
688 1167 965 1238 πολεμίων
997 1164 1172 1236 πηλοῦ
1195 1164 1352 1235 δίκην
1374 1166 1433 1219 ὲν
1468 1165 1613 1228 ὁδοῖς
1640 1180 1701 1217 τε

123 1258 225 1311 ὑπὸ
256 1258 493 1329 πλήθους
547 1257 658 1313 τῶν
707 1258 1132 1330 ὁδοιπορούντων
1183 1257 1527 1327 πατουμένου
1547 1297 1563 1323 ,
1607 1256 1702 1312 καὶ

121 1349 213 1401 ἐπὶ
258 1348 494 1411 πλίνθων
544 1349 780 1422 ἐργασίᾳ
841 1349 1343 1421 διαμαλαττομινου
1401 1349 1695 1416 ποικίλως,

120 1440 197 1507 (p.
219 1440 345 1509 3η)
378 1440 517 1509 ὅπερ
541 1434 635 1493 οὖν
664 1441 778 1503 τοῖς
809 1439 876 1493 τὰ
914 1439 1141 1493 τοιαῦτα
1164 1437 1553 1510 ἐργαζομένοις
1575 1437 1697 1503 ἔθος

1800 520 2056 587 berabor,
2114 518 2212 575 sed
2266 520 2435 574 etiam
2491 515 2844 573 inimicorum
2878 531 3133 573 meorum,
3161 517 3376 589 suppli-

1798 614 1945 668 cium
1996 609 2216 666 videbo.
2283 627 2302 662 ι
2331 606 2492 664 Nunc
2541 608 2646 663 erit
2686 606 2744 663 in
2785 607 3257 663 conculcationem
3313 616 3376 662 ut

1798 706 1972 760 lutum
2004 703 2237 758 viarum.
2276 701 2604 757 Diesliturae
2632 700 2823 756 lateris
2852 718 2867 754 :
2896 699 3097 757 deletio
3122 710 3216 756 tua
3255 701 3374 756 dies

1800 794 1912 848 illa.
1940 811 1959 845 ι
1995 790 2425 848 Conculcaberis
2460 792 2529 846 ab
2562 791 2812 848 hostibus
2844 790 2942 845 luti
3008 792 3117 847 ritu
3160 792 3215 847 in
3269 792 3375 847 viis

1800 886 1949 957 quod
1976 900 2007 939 a
2041 884 2205 940 turba
2237 884 2610 939 itinerantium
2640 882 2910 949 calcatur,
2931 892 2987 939 et
3007 882 3075 937 ad
3103 899 3264 939 usum
3295 884 3376 938 la-

1803 979 1937 1034 teris
1966 977 2116 1032 varie
2139 976 2402 1040 mollitur,
2447 974 2909 1046 quemadmodum
2969 975 3007 1030 ii
3054 976 3377 1047 plerumque

1800 1068 2012 1124 faciunt
2040 1068 2133 1139 qui
2181 1083 2301 1123 eam
2331 1078 2507 1123 artem
2554 1076 2832 1133 exercent,
2874 1073 2936 1120 ut
2974 1067 3215 1138 mitigata
3268 1082 3379 1121 ma-

1799 1159 1939 1215 teria
1983 1158 2051 1213 ad
2086 1172 2246 1213 usum
2291 1158 2444 1212 illum
2500 1158 2575 1213 sit
2611 1157 2809 1229 aptior.
2864 1154 3016 1212 Talis
3044 1160 3122 1212 tul
3156 1173 3375 1229 quoque

1797 1248 1905 1305 erit
1933 1264 2029 1318 per
2068 1247 2203 1303 illud
2237 1256 2455 1319 tempus
2504 1248 2726 1313 deletio,
2776 1249 2830 1319 id
2874 1258 2959 1304 est
2995 1249 3264 1306 deleberis
3306 1251 3375 1305 ab

1805 1340 2056 1399 hostibus
2080 1341 2233 1395 varie
2265 1340 2731 1407 conculcantibus
2751 1348 2826 1407 te,
2858 1346 2916 1396 et
2945 1340 3246 1396 crudeliter
3277 1340 3376 1394 ad-

1801 1434 2023 1489 modum
2053 1434 2491 1489 conterentibus.

120 1535 213 1587 ἐπὶ
249 1535 499 1588 πλεῖστον
556 1537 755 1599 ποιεῖν,
809 1535 886 1601 ὡς
958 1535 1026 1590 ἂν
1063 1535 1307 1601 λεανθεὶς
1364 1538 1503 1610 πρὸς
1558 1537 1659 1609 τὴν
1710 1534 2079 1607 προκειμένην
2127 1531 2559 1601 ἐπιτηδειότερος
2616 1533 2830 1598 γένοιτο
2880 1532 3098 1601 χρείαν.
3138 1528 3372 1602 Τοιαύτη

122 1632 215 1685 καὶ
255 1631 371 1695 σοῦ,
409 1632 582 1703 φησι,
616 1632 737 1686 κατ’
789 1633 996 1685 ικεϊνον
1039 1633 1131 1687 τὸν
1174 1633 1369 1705 καιρόν
1423 1634 1697 1704 ὲξάλειψις
1735 1632 1908 1694 ἔσται,
1935 1629 2211 1683 τουτέστιν
2255 1627 2428 1691 οὕτως
2469 1626 2835 1700 ἑξαλειφθήσῃ
2875 1627 2980 1680 ὑπὸ
3034 1625 3142 1682 τῶν
3191 1628 3373 1682 ὲπιόνν

119 1740 226 1776 των
277 1740 359 1776 σοι
389 1722 663 1793 πολεμίων
682 1766 696 1790 ,
730 1724 993 1788 ποικίλως
1032 1725 1492 1779 καταπατούντων
1523 1725 1583 1779 τέ
1629 1741 1689 1778 σε
1719 1725 1811 1778 καὶ
1842 1721 2237 1794 συντριϋόντων
2267 1718 2405 1790 μετὰ
2445 1718 2646 1789 πολλῆς
2668 1719 2766 1789 τῆς
2790 1718 3053 1789 ἀφειδίας.

188 1836 337 1907 Στίχ.
367 1834 456 1907 ιβ⁴,
488 1843 574 1906 ιγ’.
595 1867 663 1877 --
682 1855 702 1889 ‹
747 1837 1049 1897 Ἀπώσεται
1079 1838 1285 1911 νόμιμά
1316 1856 1410 1893 σου
1445 1842 1479 1910 ἡ
1513 1840 1695 1917 ήμέρα

1866 1837 2034 1893 Vens.
2057 1836 2146 1898 12.
2178 1834 2625 1906 l5.—cExpellet
2648 1834 2888 1905 legitima
2908 1845 3021 1898 tua,
3059 1835 3176 1892 dies
3204 1836 3317 1893 illa.
3346 1857 3365 1890 ι

119 1929 324 1999 ἐκείνη.
375 1948 396 1981 ι
468 1929 797 2001 Ἐρήμωσιν,
847 1932 1033 2000 φησιν,
1084 1933 1372 2003 ὑπομενεῖς
1432 1931 1692 2002 παντελῆ·

116 2019 275 2073 τοῦτο
303 2018 413 2090 γὰρ
437 2018 589 2091 δηλοῖ
634 2018 743 2073 τῶν
778 2022 1024 2091 νομίμων
1068 2023 1101 2094 ή
1150 2023 1460 2095 ἀφαίρεσις·
1507 2022 1695 2097 ἐπειδὴ

116 2112 305 2182 πάσης
328 2110 601 2175 πολιτείας
626 2114 721 2166 καὶ
744 2100 919 2185 ἀρχῆς
948 2114 1296 2187 συνεστώσης
1323 2116 1445 2186 μὲν,
1477 2114 1693 2186 ἀνάγκη

115 2200 189 2254 τὰ
226 2200 437 2272 νόμιμα
465 2204 706 2273 κρατεῖν,
740 2197 937 2275 οἷσπερ
969 2199 1061 2277 οὖν
1094 2203 1349 2258 εἰώθασιν
1371 2208 1419 2258 oi
1449 2205 1568 2258 κατ’
1601 2205 1697 2258 αὐ-

113 2293 217 2362 τὴν
245 2292 564 2363 κεχρῆσθαυ
592 2292 825 2364 ἐρημίας
851 2292 909 2346 δὲ
947 2296 1039 2347 καὶ
1064 2295 1439 2365 αἰχμαλωσίας
1465 2295 1699 2355 καταλα-

113 2382 343 2452 ϐούσης,
376 2382 734 2453 ἀφανίζεσθαι
762 2383 872 2437 τῶν
919 2383 1098 2456 νόμων
1128 2386 1341 2458 ἀνάγκη
1370 2387 1469 2458 τήν
1500 2385 1655 2453 τάξιν
1678 2400 1696 2416 ·

115 2472 315 2541 ἐπάγει
354 2474 405 2541 γ’
433 2467 546 2526 οὖν’
589 2491 609 2525 ι
645 2473 755 2527 Καὶ
781 2475 838 2527 αί
871 2474 1055 2539 πόλεις
1089 2492 1181 2529 σου
1211 2476 1432 2547 ἥξουσιν
1458 2480 1537 2540 είς
1569 2491 1698 2543 συγ·

113 2562 374 2634 κλεισμδν
438 2563 534 2618 καὶ
576 2563 936 2636 διαμερισμὸν
994 2566 1316 2638 Ἀσσυρίων.
1353 2585 1372 2619 ι
1428 2568 1538 2639 Τήν
1586 2568 1697 2639 γὰρ

110 2653 296 2707 αἰτίαν
321 2653 423 2724 τῆς
463 2654 574 2708 τῶν
609 2654 857 2725 νομίμων
888 2655 1231 2727 ἀφαιρέσεως
1278 2655 1428 2727 δηλοῖ
1461 2656 1698 2729 εἰρηκὼς

111 2743 199 2795 ὅτι
238 2740 513 2815 Ἀσσύριοι
559 2741 849 2798 καθελοῦσι
891 2760 953 2797 τε
990 2744 1088 2809 τὰς
1137 2743 1342 2808 πόλεις,
1374 2745 1467 2798 καὶ
1509 2745 1701 2815 διαμε-

111 2832 396 2903 τριοῦνται
427 2832 571 2888 κατὰ
614 2832 678 2885 τὸ
707 2832 899 2889 δοκοῦν
943 2834 1174 2897 ἑαυτοῖς.
1210 2853 1229 2885 ι
1282 2834 1393 2888 Καὶ
1424 2835 1482 2887 αἱ
1517 2835 1701 2900 πόλεις

114 2942 214 2977 σου
240 2926 296 2977 αί
317 2925 512 2995 ὀχυραὶ
537 2923 751 2977 ἔσονται
775 2926 855 2988 είς
879 2925 1241 2996 διαμερισμὸν
1267 2926 1375 2980 ἀπὸ
1396 2925 1572 2997 Τύρου
1596 2927 1702 2992 ἕως

111 3013 213 3068 τοῦ
232 3013 477 3084 ποταμοῦ
496 3014 715 3085 Συρίας,
738 3016 834 3068 καὶ
852 3015 960 3069 ἀπὸ
984 3015 1258 3088 θαλάσσης
1279 3016 1384 3080 ἕως
1404 3016 1700 3088 θαλάσσης,

1797 1928 2180 1994 Solitudinem,
2207 1927 2405 1997 inquit,
2434 1926 2794 1981 universalem
2848 1926 3089 1996 patieris.
3139 1927 3194 1983 Id
3223 1929 3367 1983 enim

1795 2021 2017 2077 denotat
2065 2018 2427 2090 legitimorum
2470 2017 2707 2083 ablatio;
2752 2033 2879 2072 nam
2922 2018 3162 2088 quandiu
3210 2020 3374 2075 durat

1797 2113 1985 2186 politia
2018 2112 2203 2182 aliqua
2246 2120 2304 2166 et
2332 2111 2698 2182 principatus,
2726 2124 2951 2165 necesse
2994 2118 3080 2165 est
3130 2110 3371 2182 legitima

1796 2216 2015 2272 quoque
2050 2215 2423 2273 perseverare,
2458 2200 2660 2270 quibus
2689 2199 2727 2252 ii
2758 2199 2838 2253 uti
2870 2201 3049 2254 solent
3086 2201 3179 2271 qui
3214 2202 3267 2255 in
3306 2217 3370 2256 ea

1798 2293 2079 2365 republica
2099 2299 2258 2359 sunt;
2289 2307 2478 2347 verum
2520 2290 2666 2345 facta
2694 2290 3033 2360 captivitate,
3070 2292 3248 2361 legum
3281 2309 3373 2346 oro

1799 2385 1983 2440 dinem
2027 2382 2143 2439 tolli
2182 2397 2408 2438 necesse
2436 2389 2541 2437 est.
2584 2381 2750 2437 Addit
2791 2382 2957 2451 igitur
2999 2399 3013 2435 :
3052 2399 3072 2433 ι
3108 2381 3177 2435 Et
3210 2383 3373 2438 urbes

1799 2484 1909 2531 tute
1935 2475 2159 2531 venient
2205 2475 2260 2529 in
2295 2472 2707 2529 conclusionem
2739 2472 3176 2545 divisionemque
3206 2476 3374 2547 Assy-

1799 2566 2030 2619 riorum.
2064 2582 2084 2616 ι
2118 2561 2554 2619 Auferendorum
2575 2576 2797 2618 causam
2826 2563 3189 2635 legitimorum
3217 2565 3371 2632 dicit,

1801 2657 1949 2727 quod
2005 2656 2219 2727 Assyrii
2268 2654 2527 2710 delebuut
2566 2654 2754 2715 nrbes,
2808 2661 2863 2708 et
2912 2669 3011 2725 pro
3076 2655 3233 2711 libito
3270 2672 3375 2712 suo

1801 2747 2127 2817 partientur.
2176 2762 2197 2799 ι
2258 2743 2326 2798 Et
2373 2745 2538 2798 urbes
2593 2752 2697 2798 tum
2741 2746 2966 2799 munita:
3026 2747 3374 2817 partitionem

1802 2838 2079 2909 patientur
2106 2851 2136 2890 a
2158 2835 2303 2907 Tyro
2324 2851 2497 2906 usque
2527 2834 2594 2888 ad
2629 2834 2800 2905 Syria:
2830 2834 3031 2892 ﬂumen
3053 2876 3068 2902 ,
3095 2844 3150 2893 et
3180 2852 3211 2892 a
3236 2840 3375 2895 mari

1802 2930 1871 2984 ad
1909 2944 2080 2993 mare,
2107 2934 2163 2984 et
2188 2942 2218 2981 a
2242 2935 2428 2983 monte
2455 2927 2525 2982 ad
2561 2938 2828 2984 montem.
2867 2946 2885 2982 ι
2913 2928 2969 2984 id
3004 2938 3112 2995 est,
3141 2929 3373 2989 Cunctis

1804 3021 1929 3075 istis
1956 3022 2234 3091 potientur
2253 3018 2465 3090 Assyrii
2517 3019 2767 3075 urbibus.
2790 3018 2906 3075 Hoc
2920 3021 3085 3076 etiam
3111 3024 3376 3093 propheta

113 3104 218 3159 καὶ
272 3106 381 3158 άπὸ
419 3104 513 3161 τοῦ
560 3105 721 3176 δρους
761 3107 867 3170 ἓως
891 3107 987 3160 τοῦ
1016 3107 1197 3178 ὅρους.
1248 3126 1267 3160 ι
1309 3108 1428 3163 Ἵνα
1461 3111 1590 3183 εῐπη
1618 3111 1700 3165 ὅτι

1806 3112 2042 3167 Amosus
2089 3108 2363 3181 signiﬁcat
2398 3110 2468 3174 ",
2519 3109 2648 3165 dum
2685 3111 2826 3166 mala
2865 3127 2988 3182 qua
3034 3115 3104 3167 ab
3131 3114 3375 3185 Assyriis

112 3196 341 3249 πάντων
387 3196 594 3249 τούτων
638 3199 1004 3269 κρατήσουσιν
1034 3199 1087 3251 oi.
1129 3199 1406 3271 Ἀσσύριοι
1448 3201 1558 3254 τῶν
1599 3202 1701 3255 πό-

1804 3204 1970 3275 2”
2013 3201 2233 3257 ﬁnitimi
2270 3203 2547 3272 patientur
2586 3202 2741 3257 dicit.
2780 3220 2802 3255 ι
2840 3202 2966 3259 Dies
3001 3218 3157 3274 aqua:
3195 3220 3260 3261 ac
3287 3214 3377 3261 tu-

112 3290 280 3343 λεων·
308 3289 468 3349 τοῦτο
492 3290 553 3342 δὲ
592 3291 688 3343 καὶ
710 3292 742 3343 δ
780 3292 1069 3361 προφήτης
1108 3290 1291 3362 ’Δμὼς
1317 3292 1485 3364 δηλοῖ,
1514 3292 1582 3347 τὰ
1606 3311 1705 3347 κα-

112 3380 613 3451 ταληψίμεναὺπδ
643 3380 752 3435 τῶν
801 3382 1105 3454 ’Δσσυρίων
1134 3382 1281 3436 κακὰ
1327 3384 1454 3447 τοὺς
1496 3384 1706 3456 περιοί-

116 3492 253 3536 κους
280 3473 475 3542 λέγων’
514 3492 533 3525 ι
569 3474 780 3545 Ἦμέρα
818 3474 1011 3538 ὕδατος
1047 3476 1143 3528 καὶ
1175 3474 1405 3546 θορύόου
1440 3475 1575 3546 (tt).
1610 3476 1706 3530 καὶ

108 3568 273 3619 ἐστιν
291 3567 327 3637 η
349 3566 423 3635 γῆ
447 3567 529 3629 είς
550 3566 856 3638 ἀφανισμὸν
885 3568 1024 3638 μετὰ
1051 3566 1160 3622 τῶν
1191 3568 1589 3622 κατοικούντων
1613 3569 1708 3621 αύ-

112 3658 245 3727 την,
280 3656 358 3727 (p.
386 3658 515 3728 3l8)
553 3657 663 3711 ἀπὸ
692 3662 922 3729 καρπῶν
948 3660 1399 3732 ἐπιτηδευμάτων
1442 3659 1643 3715 αὐτῶν.
1677 3678 1698 3714 ι

131 3748 524 3803 Ἐπελιύσεται
548 3749 659 3820 γάρ
686 3750 815 3820 ὑμῖν
837 3750 1042 3822 πλῆθος
1072 3752 1368 3823 πολεμίων,
1396 3752 1553 3823 δίκην
1580 3750 1708 3805 ὓδα-

116 3857 217 3904 τος
245 3841 534 3905 ὲπικλύζον
584 3842 853 3906 ἅπαντας,
895 3842 988 3912 ἀφ’
1015 3834 1189 3913 οὗπερ
1216 3843 1370 3896 αύτοί
1399 3859 1461 3896 τε
1504 3842 1707 3914 πολλῆς

122 3929 555 4003 πληρωθήσεσθε
581 3932 681 4003 τῆς
710 3933 978 4004 ταραχῆς·
1022 3934 1118 3987 καὶ
1162 3934 1345 3988 πάντα
1386 3933 1446 3988 δὲ
1474 3933 1545 3987 τὰ
1571 3934 1709 4003 ὑμέ-

121 4037 265 4093 τερα
297 4024 396 4077 σὺν
414 4023 544 4093 ὑμῖν
567 4023 1018 4095 ἀφανισθήσεται,
1046 4024 1234 4096 ἐπειδὴ
1258 4024 1367 4077 τῶν
1394 4025 1708 4096 πραττομέ-

1802 3292 2033 3347 multus.
2066 3291 2293 3361 Eritque
2325 3297 2474 3346 terra
2511 3290 2568 3345 in
2596 3290 3032 3348 destructionem
3063 3308 3188 3348 cum
3218 3294 3376 3351 habi-

1801 3385 2078 3441 tatoribus
2129 3385 2285 3449 suis,
2319 3384 2413 3455 qui
2449 3390 2612 3439 erunt
2667 3382 2878 3440 fructus
2926 3384 3377 3442 adinventionum

1802 3492 2016 3533 eorum.
2056 3497 2075 3531 ι
2112 3476 2473 3548 Superveniet
2518 3477 2677 3532 vobis
2734 3477 2978 3532 hostium
3036 3478 3375 3545 multitudo,

1801 3582 1958 3638 aquae
2002 3567 2179 3622 instar
2215 3575 2445 3622 cunctos
2489 3566 2767 3623 inundans
2807 3584 2825 3623 :
2869 3567 3015 3624 unde
3055 3584 3156 3625 vos
3208 3572 3378 3626 multa

1804 3660 2220 3733 perturbatione
2277 3658 2664 3730 implebimini,
2706 3667 2761 3715 et
2812 3668 2997 3715 vestra
3052 3663 3235 3717 omnia
3283 3680 3379 3718 νο-

1805 3752 2020 3809 biscum
2046 3752 2420 3817 destruentur,
2450 3752 2579 3822 quia
2611 3750 2881 3807 factorum
2921 3763 3230 3811 vestrorum
3256 3756 3380 3827 jus-

1803 3852 1917 3899 tam
1944 3845 2087 3899 hanc
2128 3858 2344 3914 pinnam
2380 3844 2562 3900 luetis.
2606 3843 2726 3899 Iam
2768 3852 3057 3917 postquam
3108 3849 3377 3907 hactenus

1805 3936 1947 3991 dixit
1981 3935 2331 3990 inimicorum
2362 3935 2620 4005 varieque
2660 3950 2757 3991 eos
2784 3938 3218 3994 excruciantium
3262 3956 3381 4011 pce.

1808 4042 1931 4081 nam
1956 4066 1971 4091 ,
2006 4024 2282 4081 convertit
2314 4027 2368 4079 in
2408 4027 2766 4096 sequentibus
2809 4027 2880 4083 ad
2911 4030 3171 4100 populum
3192 4032 3378 4092 verba.

123 4115 402 4185 νωνὺμῖν
442 4117 713 4201 τιμωρίαν
748 4116 952 4189 ταύτην
983 4118 1209 4189 δφέξετε
1261 4118 1511 4173 δικαίαν·
1545 4120 1784 4193 εἰρηκὼς
1815 4121 1871 4175 δὲ
1910 4122 2017 4175 τῶν
2057 4122 2448 4193 ἐχθραινόντων
2492 4124 2675 4187 αὐτοῖς
2715 4122 3067 4197 πολυτρόπως
3100 4143 3159 4180 τε
3185 4127 3380 4195 αὐτοὺς

124 4208 515 4281 λιλνπηκὸτων
536 4212 596 4264 ὲν
621 4210 832 4276 τούτοις
854 4211 955 4285 τήν
982 4212 1271 4284 τιμωρίαν,
1298 4213 1487 4285 τρέπει
1521 4215 1704 4269 λοιπὸν
1731 4218 1866 4291 πρὸς
1893 4216 1984 4272 τὸν
2017 4217 2145 4272 λαὸν
2173 4216 2265 4270 τὸν
2290 4216 2465 4286 λόγον.

198 4321 351 4393 Στίχ.
383 4322 682 4387 ιδ’-ιζ’.-.‹
707 4325 969 4397 Ποίμαινε
1008 4327 1100 4380 τὸν
1133 4326 1261 4387 λαόν
1309 4345 1402 4389 σου
1436 4330 1494 4383 ἐν
1525 4330 1707 4402 ῥάϐδῳ

132 4411 306 4482 φυλῆς
334 4430 450 4480 σου,
485 4414 731 4487 πρόόατα
764 4417 1128 4490 κληρονομίας
1151 4435 1269 4484 σου,
1301 4424 1709 4492 κατασκηνοῦν-

129 4519 232 4566 τας
276 4504 417 4558 κατὰ
463 4506 633 4577 μόνας
664 4507 888 4579 δρυμόν.
930 4527 950 4561 ι
1014 4510 1175 4573 Ἀλλά
1222 4509 1330 4582 γὰρ
1380 4512 1466 4577 σὺ,
1518 4513 1705 4583 φησὶν,

126 4593 550 4667 ἀπηλλαγμένος
574 4598 669 4668 μὲν
684 4599 926 4671 θορύϐων
943 4600 1036 4655 καὶ
1055 4603 1298 4673 ταραχῆς
1322 4603 1413 4657 καὶ
1432 4603 1704 4674 πολέμων,

1877 4329 2040 4387 Vens.
2082 4331 2269 4386 14-17.
2308 4360 2376 4373 --
2414 4347 2434 4382 ι
2480 4328 2655 4387 Pasce
2705 4334 2969 4405 populum
3022 4341 3176 4390 tuum
3230 4337 3383 4408 virga

1805 4432 1921 4484 tua.
1952 4440 2083 4479 oves
2127 4422 2465 4478 haereditatis
2498 4431 2639 4486 tum,
2680 4424 2940 4480 solitatim
2975 4424 3287 4495 habitantes
3324 4430 3381 4484 in

1804 4517 1969 4570 saltu.
2001 4534 2022 4567 ι
2060 4515 2167 4570 Sed
2208 4515 2320 4584 jam
2365 4524 2445 4579 tu,
2483 4515 2684 4585 inquit,
2719 4531 2750 4570 a
2802 4518 3064 4582 tumultu,
3092 4520 3382 4589 perturba-

1804 4606 1954 4660 tione
1974 4612 2028 4660 et
2057 4604 2313 4659 hostibus
2337 4604 2474 4659 liber
2496 4644 2511 4670 ,
2537 4613 2593 4659 et
2624 4606 2679 4661 in
2714 4621 2848 4677 pace
2880 4623 3103 4664 versans
3120 4650 3136 4676 ,
3162 4609 3230 4664 da
3253 4626 3382 4682 ope-

125 4688 190 4741 ὲν
218 4687 415 4765 εἰρήνῃ
441 4688 498 4741 δὲ
524 4691 826 4760 τυγχάνων,
863 4690 1003 4755 κατά
1025 4692 1087 4744 τὸ
1116 4692 1238 4746 δέον
1260 4694 1413 4762 ἄγειν
1435 4694 1701 4759 σπούδαζε

1806 4710 1921 4750 ram
1942 4702 2002 4749 ut
2020 4695 2248 4750 honeste
2266 4702 2320 4749 te
2338 4709 2528 4766 geras;
2559 4697 2817 4765 quoniam
2839 4705 2893 4754 te
2910 4697 3051 4756 Deus
3072 4704 3381 4771 possessio-

125 4777 351 4833 σαυτόν’
376 4778 563 4851 ἐπειδὴ
598 4779 659 4833 σὲ
689 4780 880 4851 κτῆσιν
907 4782 1116 4836 οἰκείαν
1142 4782 1498 4855 λογισάμενος
1518 4786 1547 4839 ὁ
1572 4785 1705 4849 Θεὸς

120 4876 318 4946 ἀφεῖλέ
340 4894 414 4930 ,τε
449 4877 557 4945 τῷν
584 4878 875 4949 πολεμίων,
919 4879 1012 4934 καὶ
1045 4881 1495 4952 κεχωρισμένους
1534 4883 1708 4936 ἁπάν-

123 4986 236 5021 των
264 4968 424 5039 δίκην
451 4967 739 5039 προϐάτων
778 4968 877 5023 σὺν
902 4969 1059 5042 ἀδείᾳ
1095 4970 1355 5041 νέμεσθαι
1381 4971 1616 5026 δέδωκεν
1649 4973 1707 5026 ὲν

126 5062 242 5122 τοῖς
264 5061 505 5129 οἰκείοις.
536 5078 557 5113 ι
607 5060 693 5114 Ἐν
729 5060 880 5132 μέσῳ
907 5062 1002 5115 τοῦ
1046 5063 1346 5135 Καρμήλου
1371 5064 1707 5135 νεμήσονται

125 5147 228 5218 τήν
260 5148 547 5215 Βασανίτιν
590 5149 685 5204 καὶ
708 5150 808 5221 τὴν
837 5149 1155 5205 Γαλααδίτιν
1191 5152 1334 5205 κατὰ
1363 5152 1462 5216 τὰς
1491 5151 1709 5224 ἡμέρας

123 5235 226 5289 τοῦ
257 5237 468 5305 αἰῶνος·
500 5240 593 5293 καί
621 5239 764 5293 κατὰ
785 5239 883 5299 τὰς
908 5238 1117 5310 ἡμέρας
1149 5240 1249 5311 τῆς
1276 5240 1482 5307 ἐξοδίας
1515 5257 1608 5294 σου
1640 5242 1705 5294 ἐκ

126 5328 237 5401 τῆς
266 5330 545 5401 Αἰγύπτου
572 5334 730 5401 δείξω
754 5334 940 5409 αὐτοῖς
970 5331 1263 5405 Θαυμάσια.
1295 5353 1314 5387 ι
1364 5335 1703 5404 ’Δπολῇψον-

201 5510 249 5543 ’⁷
279 5508 472 5579 annos.
503 5528 622 5579 νιιι,
651 5513 741 5579 12.

197 5687 852 5767 (.M)_Ani_madvertamns
883 5694 1023 5767 apud
1040 5693 1490 5767 inlepidestenum
1528 5696 1692 5751 trium

124 5761 557 5831 prxcedentium
605 5763 888 5817 verborum
916 5761 1198 5821 'bihlic‘u'm
1242 5767 1691 5833 additamentum,

417 5854 692 5917 Panos.
725 5856 843 5917 (in.
879 5858 1108 5923 LXVI.

1805 4802 1931 4842 nem
1964 4802 2121 4841 suam
2150 4793 2428 4857 reputans,
2457 4786 2605 4842 eruit
2636 4802 2703 4841 ex
2739 4788 3016 4856 hostibus,
3049 4800 3104 4846 et
3131 4807 3379 4850 seorsum

1805 4879 1875 4933 ab
1907 4878 2183 4942 omnibus,
2224 4878 2383 4948 quasi
2422 4892 2553 4935 oves
2580 4894 2704 4933 cum
2730 4882 3029 4937 securitate
3063 4885 3213 4954 pasci
3247 4900 3381 4942 con—

1805 4968 1993 5023 cessit
2027 4965 2081 5020 in
2142 4966 2338 5036 patria.
2394 4985 2415 5018 ι
2453 4961 2509 5020 ln
2566 4967 2744 5022 medio
2792 4966 3032 5025 Carmeli
3084 4984 3385 5043 pascentur

1807 5058 2175 5115 Basanitident
2205 5066 2260 5125 et
2308 5057 2727 5125 Galaaditidcm,
2776 5059 3077 5135 secundum
3121 5063 3240 5121 dies
3286 5083 3387 5122 sac-

1808 5153 1915 5207 culi
1952 5170 1966 5207 :
2012 5158 2066 5207 et
2100 5151 2404 5207 secundum
2449 5151 2566 5207 dies
2606 5154 2936 5224 egressionis
2974 5161 3083 5231 tuae
3125 5154 3193 5212 de
3239 5166 3383 5213 terra

1813 5243 2033 5316 Egypti
2080 5241 2368 5315 ostendam
2414 5241 2494 5296 eis
2544 5241 2837 5297 mirabilia.
2890 5262 2910 5297 ο
2962 5244 3384 5317 Recuperabunt

1813 5338 1929 5391 loca
1960 5335 2204 5409 propria,
2239 5335 2383 5391 sicut
2411 5334 2542 5389 olim
2576 5333 2810 5407 Egypto
2832 5337 3041 5407 egressi
3067 5340 3234 5395 multa
3260 5356 3381 5394 cum

1800 5695 1949 5821 {Illita}.
1996 5697 2246 5769 agnoscit
2294 5698 2455 5755 ctiam
2503 5697 2768 5771 interpres
2791 5696 3066 5756 Arabicus
3113 5701 3166 5757 in
3226 5702 3379 5776 poly-

1800 5782 1887 5821 no
1937 5783 2000 5821 is.

1798 5782 2000 5838 glOltlS.

2986 5866 3059 5926 13
