3830 6216
1640 295 1992 358 THEODORI
2023 289 2505 350 MOPSUESTE‘NI

3579 280 3688 338 596

432 431 676 508 polentia
715 430 1086 488 obtinuerunt.
1127 427 1315 500 Neque
1356 427 1504 482 enim
1545 425 1745 498 priscis
1785 422 2000 478 minora
2032 437 2041 477 λ

2145 434 2213 478 ιι,
2249 414 2404 486 φησί,
2434 413 2560 475 τοὺς
2602 411 2809 491 τόπους
2825 410 2952 474 τοὺς
2991 408 3250 475 οἰκείους,
3295 406 3442 464 καθά
3485 407 3585 461 καὶ
3625 406 3689 460 τὸ

432 532 615 588 erunt,
647 536 770 592 qua:
799 535 945 574 nunc
983 517 1254 574 mirabilia
1308 517 1556 586 ipsorum
1601 528 1767 568 causa
1814 525 2008 581 opera-

433 615 554 672 bor.
615 631 636 666 ι
695 612 970 668 Videbunt
1011 619 1236 681 gentes.
1290 615 1346 663 et
1390 606 1797 662 confundentur
1840 617 2008 672 super

433 707 584 762 omni
625 704 940 760 fortitudine
992 719 1114 758 sua.
1153 721 1172 756 ι
1198 703 1329 768 Quae
1387 700 1578 755 borum
1623 697 1799 768 gratia
1847 694 2008 762 ﬁent‘,

437 797 754 854 incutieudo
782 796 976 867 pudori
1009 795 1204 850 idonea
1238 801 1401 848 erunt
1433 794 1543 847 illis
1576 793 1670 862 qui
1708 799 1866 844 antea
1896 787 2012 842 bel-

440 888 550 942 lum
585 887 786 940 inlcrre
815 885 1127 946 voluerant,
1158 883 1287 951 quia
1313 883 1414 936 bos
1437 897 1466 934 a
1499 880 1686 936 divino
1709 876 2014 948 patrocinio

440 988 594 1035 tanta
627 977 678 1032 vi
720 959 960 1030 munitos
989 975 1272 1028 videbunt.
1315 991 1334 1024 ι
1377 971 1660 1042 lmponeut
1686 985 1905 1024 manum
1933 967 2014 1021 ori

443 1087 564 1128 suo.
599 1090 616 1120 ι
657 1069 914 1124 Mirantes
961 1067 1174 1122 scilicet
1211 1073 1489 1136 gestarum
1521 1078 1706 1118 rerum
1739 1061 2016 1132 magnitu-

441 1165 647 1218 dinem.
679 1178 698 1212 ι
742 1161 916 1214 Aures
954 1173 1144 1212 eorum
1190 1156 1612 1212 obsurdescent.
1653 1173 1671 1205 ι
1703 1152 1782 1208 Ne
1821 1152 2013 1206 auditu

441 1249 662 1322 quidem
691 1249 925 1303 tolerare
951 1253 1205 1318 poterunt
1236 1260 1441 1309 rerum,
1475 1255 1535 1300 ut
1562 1245 1700 1310 dixi,
1736 1251 2015 1314 gestarum

443 1341 898 1414 magnitudinem.
937 1357 957 1390 ‹
992 1337 1224 1409 Lingent
1256 1338 1536 1408 pulverem
1559 1337 1703 1391 sicut
1735 1344 2017 1404 serpentes

445 1439 542 1507 qui
585 1444 786 1489 terram
838 1431 1002 1502 209
1050 1431 1354 1484 attrahunt.
1394 1447 1414 1482 ι
1455 1426 1599 1482 Nihil
1640 1437 1820 1481 autem
1857 1427 2019 1480 rebus

446 1527 648 1582 vestris
691 1524 800 1595 iam
828 1523 1108 1578 adversari
1138 1523 1412 1583 valentes,
1444 1520 1500 1574 in
1533 1529 1735 1574 terram
1765 1523 2022 1572 corrueut

447 1633 602 1674 more
647 1615 980 1686 serpentium
1017 1615 1112 1683 qui
1146 1614 1294 1668 circa
1328 1613 1474 1666 illam
1505 1612 1818 1666 volvuntur.
1861 1631 1878 1662 ι
1916 1608 2022 1664 Te-

449 1707 728 1762 nebuntur
769 1706 824 1760 in
866 1703 1222 1759 conclusione
1270 1717 1392 1756 sua.
1435 1720 1453 1753 ι
1487 1699 1606 1755 Non
1649 1701 1891 1754 modicas
1921 1714 2022 1751 an-

2108 511 2376 582 πρότερον
2413 507 2791 579 ἐξεληλυθότες
2832 507 2931 576 τῆς
2971 504 3246 574 Αἰγύπτου
3298 503 3438 574 μετά
3484 501 3688 570 πολλῆς

2111 602 2374 672 κατέσχον
2405 601 2600 663 αὑτοὺς
2626 600 2725 670 τῆς
2743 597 3079 659 δυναστείαςο
3107 597 3170 650 οὑ
3192 596 3302 668 γὰρ
3332 595 3553 649 ἔλαττον
3576 593 3691 647 τῶν

2111 694 2234 747 τότε
2264 694 2358 747 καὶ
2382 692 2473 746 νῦν
2491 692 2617 758 ἄξια
2645 691 2925 762 θαύματος
2949 689 3103 743 ἔσται
3131 688 3200 742 τὰ
3229 688 3358 759 περὶ
3378 687 3576 750 αὐτοὺς
3607 703 3677 755 γι-

2114 785 2316 855 νόμενα
2341 783 2468 856 παρ’
2495 782 2650 853 ἐμοῦ.
2684 801 2703 834 ι
2744 781 2974 851 Ὄψεται
2996 779 3121 851 ἐθνη
3148 781 3243 834 καὶ
3269 777 3694 849 αἰσχυνθήσεται

2113 881 2180 931 ἐκ
2207 877 2387 946 πάσης
2413 874 2514 945 τῆς
2544 873 2725 944 ἰσχύος
2770 871 2970 926 αὑτῶν.
3010 891 3028 924 ι
3067 870 3142 940 (p.
3177 871 3304 939 3l9)
3357 868 3540 924 Ἱκανὰ
3583 867 3694 938 γὰρ

2117 971 2269 1024 ἔσται
2309 970 2378 1022 τὰ
2415 969 2542 1039 περί
2588 968 2786 1030 αὐτοὺς
2830 966 3109 1036 γινόμενα,
3143 965 3238 1018 καὶ
3264 965 3392 1027 τοὺς
3431 963 3700 1033 πολεμεῖν

2115 1063 2384 1134 πρότερον
2425 1061 2613 1123 αὐτοῖς
2657 1057 2966 1129 ἐγνωκότας
3017 1058 3096 1121 είς
3130 1055 3329 1126 πολλὴν
3376 1054 3700 1125 περιϐαλεῖν

2117 1152 2401 1224 αἰσχύνην,
2427 1150 2670 1224 ὁρῶντας
2688 1153 2756 1222 τῇ
2779 1148 2901 1218 θεία
2928 1147 3222 1218 κηδεμονίᾳ
3244 1145 3514 1216 τοσαύτης
3543 1146 3701 1198 ἐπει-

2115 1243 2432 1317 λημμένους
2461 1243 2762 1313 δυνάμεως.
2824 1261 2846 1296 ι
2888 1237 3238 1309 Ἐπιθήσουσι
3270 1239 3460 1308 χεῖρας
3501 1237 3598 1290 ἐπὶ
3639 1237 3702 1288 τὸ

2122 1339 2297 1410 στόμα
2328 1335 2528 1392 αὑτῶν.
2557 1354 2578 1390 ι
2609 1328 2991 1405 Θαυμάζοντες
3013 1330 3106 1386 ἐπὶ
3130 1329 3210 1401 τῷ
3237 1328 3455 1401 μεγέθει
3479 1328 3593 1381 τῶν
3621 1345 3702 1395 γι-

2121 1428 2384 1499 νομένων.
2420 1446 2439 1479 t
2481 1427 2562 1480 Τά
2605 1419 2720 1480 ὦτα
2750 1422 2928 1477 αὐτῶν
2967 1421 3447 1492 ἁποκωφθήσεται.
3483 1439 3502 1471 ι
3535 1419 3614 1473 Οὐ
3642 1419 3702 1472 δὲ

2122 1521 2259 1590 ἀκοῇ
2289 1518 2475 1589 φέρειν
2500 1517 2817 1588 δυνήσονται
2844 1513 2952 1568 τῶν
2981 1513 3322 1584 γιγνομένων
3354 1511 3415 1565 τὸ
3444 1509 3701 1581 μέγεθος.

2129 1630 2148 1663 ι
2185 1607 2434 1672 Λείξουσι
2459 1606 2587 1679 χοῦν
2630 1606 2705 1670 ὡς
2733 1605 2856 1674 ὄφις
2883 1603 3140 1676 σύροντες
3173 1604 3294 1674 γῆν.
3335 1621 3354 1655 ι
3403 1600 3617 1654 Ἀνύειν
3645 1603 3706 1654 δὲ

2131 1703 2226 1755 ἐπὶ
2253 1699 2520 1770 τοῖςπερί
2544 1699 2688 1769 ὑμᾶς
2710 1695 3011 1768 γινομένοις
3034 1693 3317 1764 δυνάμενοι
3344 1691 3504 1745 πλέον
3523 1691 3704 1753 οὐδὲν,

451 1801 661 1872 gustias
692 1797 966 1869 patientur
991 1836 1007 1860 ,
1049 1795 1299 1850 hosnbus
1333 1809 1428 1848 eos
1463 1792 1517 1846 in
1560 1791 1761 1845 caedem
1797 1790 2024 1844 conclu-

2145 1795 2298 1862 i-gswv
2325 1769 2480 1862 δίκην
2511 1791 2590 1853 είς
2615 1789 2718 1860 γῆν
2747 1786 3036 1842 πεσοῦνται
3063 1784 3191 1857 περὶ
3222 1782 3423 1855 ταύτην
3448 1780 3708 1852 εἱλούμε-

453 1894 730 1950 dentibus.
774 1909 792 1942 ι
841 1889 898 1943 In
944 1887 1176 1942 Domino
1223 1884 1332 1938 Deo
1378 1891 1568 1938 nostro
1613 1882 2021 1951 obstupesccut,

452 1999 506 2043 et
544 2002 573 2039 a
625 1993 678 2040 te
729 1981 1123 2038 formidabuut.
1156 1998 1174 2030 ι
1219 1975 1592 2048 Magttiludine
1631 1990 1814 2028 rerum
1857 1973 2025 2026 vcstri

454 2094 621 2135 causa
651 2094 680 2131 a
710 2077 824 2131 Deo
854 2082 1214 2144 patratarum,
1238 2069 1469 2124 exlasim
1497 2065 1787 2137 quamdam
1818 2065 2028 2134 patien-

456 2178 582 2232 tur,
618 2181 819 2238 pavore
859 2163 1210 2218 concidentes
1235 2204 1250 2228 ,
1294 2167 1349 2215 ct
1387 2175 1482 2214 vos
1509 2159 1564 2212 in
1603 2166 1885 2227 posterum
1919 2171 2027 2209 non

457 2260 789 2315 dubitabunt
818 2255 1040 2311 nonnisi
1073 2269 1104 2308 a
1150 2254 1258 2308 Deo
1291 2252 1454 2306 talem
1495 2249 1722 2321 adeptos
1755 2263 1876 2304 esse
1903 2263 2030 2317 pro-

460 2351 772 2406 videnliam.

531 2651 700 2708 Vnus.
729 2650 817 2714 18,
850 2649 1010 2704 19.-
1083 2645 1286 2702 Deinde
1301 2652 1426 2717 post
1449 2642 1853 2714 praedictionem
1871 2657 2035 2698 even-

461 2755 711 2802 turorum
782 2743 918 2815 ipsis
988 2741 1254 2795 bonorum
1285 2777 1302 2802 ,
1369 2737 1668 2808 gratiarum
1745 2735 2034 2804 quamdam

463 2838 735 2891 actionem
777 2833 848 2887 ad
883 2833 999 2886 haec
1031 2830 1214 2884 omnia
1244 2828 1300 2883 in
1346 2827 1700 2896 sequentibus
1737 2823 1845 2880 Deo
1878 2840 2038 2881 exse-

467 2929 685 3002 quitur:
714 2945 732 2979 ι
760 2925 895 2992 Quis
920 2922 1066 2977 Deus
1101 2931 1162 2976 ut
1196 2929 1254 2975 tu
1278 2959 1296 2986 ,
1325 2920 1418 2988 qui
1456 2916 1639 2974 aufers
1671 2917 2036 2986 iniquitatem,

467 3027 521 3075 et
561 3019 765 3075 transis
801 3023 1022 3086 peccata
1061 3012 1414 3082 reliquiarum
1453 3009 1789 3065 haereditatis
1833 3009 1980 3063 luat?
2014 3027 2034 3060 ι

2127 1903 2225 1940 νοι.
2267 1901 2284 1935 ι
2316 1881 2742 1953 Συσχεθήσονται
2770 1879 2826 1932 ἐν
2852 1876 3200 1947 συγκλεισμῷ
3233 1874 3430 1929 αὑτῶν.
3467 1893 3486 1926 ι
3535 1873 3708 1926 ’Υποη

2130 1974 2353 2050 μενοῦσι
2407 1971 2632 2044 συνοχὴν
2688 1971 2748 2025 ού
2800 1970 2898 2042 τὴν
2960 1969 3251 2041 τυχοῦσαν,
3311 1966 3708 2036 συγκλειόντων

2131 2068 2325 2131 αὑτοὺς
2354 2066 2434 2128 εἰς
2464 2062 2673 2133 σφαγὴν
2701 2062 2994 2132 πολεμίων.
3028 2079 3047 2112 ι
3101 2060 3223 2113 Ἑπί
3266 2059 3456 2128 Κυρίῳ
3481 2056 3557 2126 τῷ
3587 2056 3712 2124 Θεῷ

2130 2161 2287 2230 ἡμῶν
2342 2161 2728 2231 ἐκστήσονται,
2778 2158 2874 2210 καὶ⁹
2926 2155 3323 2226 φοϐηθήσονται
3362 2151 3470 2205 ἀπὸ
3524 2150 3645 2204 σοῦ.
3687 2168 3707 2199 ι

2144 2252 2266 2304 Ἐπὶ
2293 2251 2400 2323 γάρ
2430 2269 2511 2304 τοι
2552 2250 2632 2321 τῷ
2673 2247 2892 2320 μεγέθει
2939 2246 3049 2300 τῶν
3078 2245 3229 2314 παρά
3257 2242 3358 2297 τοῦ
3385 2241 3517 2295 Θεοῦ
3557 2257 3714 2310 γινο-

2135 2343 2313 2414 μένων
2341 2343 2420 2405 εἰς
2461 2341 2718 2394 ἐκστασίν
2749 2356 2869 2393 τινα
2898 2336 3280 2400 πεπτωκότες,
3314 2333 3580 2404 φοϐεροὺς
3611 2331 3713 2384 καὶ

2135 2433 2276 2504 ὑμᾶς
2307 2432 2489 2486 λοιπὸν
2511 2429 2757 2502 νομιοῦσι
2789 2428 3056 2499 τοσαύτης
3078 2425 3413 2497 ἠξιωμένους
3433 2423 3535 2493 τῆς
3559 2421 3719 2494 παρὰ

2135 2521 2228 2575 τοῦ
2262 2521 2397 2575 Θεοῦ
2427 2523 2702 2594 προνοίας.

2209 2635 2358 2706 Στίχ.
2392 2641 2483 2699 ιη’,
2516 2633 2601 2688 ιϐ’.
2620 2664 2691 2676 -—-
2709 2629 2842 2686 Εἶτα
2866 2631 3003 2704 μετὰ
3025 2632 3124 2701 τὴν
3154 2631 3384 2701 μήνυσιν
3408 2626 3518 2681 τῶν
3543 2642 3721 2697 προσο

2137 2726 2410 2798 εσομένων
2451 2726 2636 2789 αὐτοῖς
2673 2723 2916 2793 ἀγαθῶν,
2956 2723 3033 2786 ὡς
3078 2720 3430 2792 εὐχαριστίαν
3476 2717 3602 2772 τινὰ
3655 2719 3721 2781 ἐξ

2138 2819 2392 2873 ἁπάντων
2451 2816 2718 2888 προσάγει
2775 2815 2844 2869 τὰ
2896 2815 3022 2885 ἑξῆς
3057 2812 3134 2883 τῷ
3187 2811 3338 2882 Θεῷ·
3373 2828 3395 2863 ι
3427 2810 3525 2873 Τίς
3581 2809 3720 2872 Θεὲς

2139 2909 2328 2980 ὥσπερ
2371 2908 2458 2971 σὺ,
2501 2906 2736 2978 ἐξαίρων
2779 2905 3028 2969 ἀδικίας,
3071 2903 3166 2958 καὶ
3211 2901 3556 2971 ὑπερϐαίνων
3597 2901 3724 2954 ἁσε⁴
3812 2943 3813 2946 η

2141 3001 2294 3064 ϐείας
2325 3002 2436 3062 τοῖς
2474 2996 2820 3059 καταλοίποις
2864 2995 2964 3066 τῆς
3021 2994 3387 3064 κληρονομίας
3437 2990 3640 3055 αὐτοῦς
3695 3010 3719 3042 ι

468 3112 627 3168 Nunc
673 3126 798 3167 cum
852 3109 1086 3163 maxime
1135 3121 1165 3160 a
1215 3105 1380 3161 rebus
1425 3104 1560 3174 ipsis
1607 3104 2040 3158 demonstratum

2145 3091 2260 3146 Νῦν
2285 3089 2444 3162 εἴπερ
2475 3089 2604 3142 ποτὲ
2651 3087 2836 3142 ἄλλοτε
2865 3085 2924 3150 ἐξ
2969 3085 3146 3140 αὑτῶν
3170 3083 3397 3146 δέδειξαι
3434 3081 3544 3135 τῶν
3573 3097 3726 3151 πραο

465 3212 574 3264 cst.
591 3212 647 3258 et
666 3214 921 3270 magnum
953 3205 1007 3250 te
1032 3195 1198 3250 Deum
1220 3209 1364 3258 esse,
1383 3201 1437 3246 et
1457 3204 1685 3246 uinctos
1709 3192 2044 3261 benignitate

474 3307 765 3364 superare,
796 3298 849 3345 et
878 3297 1098 3358 peccata
1131 3286 1407 3340 dimittere
1433 3322 1449 3346 ,
1479 3291 1531 3337 et
1563 3282 1912 3342 dissimulare
1943 3281 2046 3334 im-

475 3389 743 3457 pietates,
795 3393 847 3436 et
891 3396 1018 3449 erga
1080 3387 1296 3432 tuorum
1352 3375 1612 3444 reliquias
1667 3374 2046 3430 liberalitatem

475 3489 623 3532 tuam
662 3489 1000 3546 expromere.
1036 3490 1055 3522 ι
1095 3470 1159 3523 Ει
1190 3485 1298 3523 non
1335 3468 1557 3524 retinuit
1585 3467 1641 3521 in
1673 3464 2049 3520 testimonium

475 3574 610 3628 iram
653 3584 831 3629 suam.
879 3564 1137 3634 quoniam
1185 3563 1370 3617 volens
1413 3557 1844 3616 miscricordiam
1882 3565 1987 3613 est.
2025 3575 2044 3608 ι

475 3665 662 3732 Neque
705 3660 850 3715 enim
894 3658 1101 3726 justam
1153 3668 1318 3724 quam
1368 3652 1600 3706 habebat
1653 3650 1918 3705 adversus
1954 3663 2051 3703 vos

477 3757 613 3810 iram
664 3753 756 3808 diu
808 3751 1044 3805 rctinere
1085 3761 1279 3817 passus
1325 3751 1431 3807 est,
1475 3757 1790 3814 quanquam
1829 3755 1893 3795 ea
1930 3739 2054 3809 jure

477 3847 686 3917 Optimo
725 3857 804 3898 uti
849 3841 1023 3912 potuit
1054 3857 1067 3892 :
1103 3838 1300 3893 etenim
1342 3851 1486 3906 saepe
1521 3835 1683 3890 nobis
1717 3838 2056 3888 contestatus

481 3939 668 3996 fuerat,
704 3949 824 4005 quae
878 3930 1089 4002 passuri
1147 3930 1218 3984 ob
1273 3935 1492 3998 peccata
1540 3933 1730 3980 nostra
1773 3939 2054 3988 essemus;

481 4040 793 4099 quanquam
832 4038 932 4078 nos
971 4022 1239 4076 minarum
1292 4017 1718 4073 admonitionem
1759 4015 1910 4085 pensi
1947 4029 2058 4067 non

484 4119 797 4174 habuimus.
827 4112 1214 4167 Verumtamen
1256 4109 1345 4162 ille
1367 4115 1564 4162 cuncta
1593 4107 1725 4161 vicit
1755 4105 2062 4162 misericor-

485 4213 577 4266 dia
602 4224 702 4263 sua
724 4248 738 4274 ,
787 4219 949 4275 quam
983 4217 1148 4272 super
1191 4200 1373 4254 omnia
1420 4199 1661 4253 exaltare
1707 4198 1863 4252 solet.
1891 4214 1910 4247 ι
1942 4196 2062 4264 Ipse

487 4307 832 4358 convertetur
858 4307 913 4352 et
936 4291 1286 4349 miserebitur
1319 4291 1517 4352 nostri,
1540 4300 1592 4344 et
1619 4289 1976 4360 projicientur
2007 4291 2061 4342 in

487 4392 816 4466 profundum
843 4387 1009 4443 maris
1035 4387 1216 4438 omnia
1249 4391 1470 4452 peccata
1504 4390 1707 4435 nostra.
1749 4399 1768 4432 ι
1799 4378 1935 4434 Nam
1969 4379 2061 4449 qui

2144 3183 2392 3254 γμάτων,
2441 3179 2614 3251 μέγας
2646 3178 2779 3241 Θεὸς
2805 3176 3049 3246 δυνάμει
3092 3191 3152 3228 τε
3198 3173 3293 3228 καὶ
3338 3172 3730 3243 φιλανθρωπία

2147 3275 2356 3337 πάντας
2385 3271 2573 3334 νικῶν,
2609 3268 2687 3339 (p.
2717 3267 2845 3338 520)
2892 3268 2988 3321 καὶ
3017 3266 3158 3320 λύων
3193 3265 3291 3335 μὲν
3325 3264 3728 3335 ἁμαρτήματα,

2148 3359 2649 3433 παραπεμπόμενος
2677 3357 2735 3411 δὲ
2757 3355 3029 3420 ἀσεϐείας,
3059 3357 3137 3419 εἰς
3162 3354 3219 3408 δέ
3247 3354 3373 3417 τοὺς
3401 3353 3734 3416 ὑπολοίπους

2148 3454 2257 3510 τῶν
2289 3451 2503 3506 οἰκείων
2546 3452 2645 3521 τὴν
2679 3449 2988 3519 φιλοτιμίαν
3030 3447 3472 3517 ἐπιδεικνύμενος
3507 3446 3610 3516 τὴν
3646 3447 3734 3499 oi.-

2151 3545 2325 3600 κείαν.
2368 3565 2387 3596 ι
2420 3545 2496 3598 Οὑ
2529 3543 2785 3613 συνέσχεν
2811 3543 2891 3605 είς
2921 3540 3215 3613 μαρτύριον
3234 3541 3403 3612 ὀργὴν
3425 3539 3616 3604 αὑτοῦ,
3643 3541 3734 3594 ὅτι

2153 3634 2380 3706 θελητὴς
2401 3633 2583 3696 ἐλέους
2603 3633 2770 3686 ἐστίν.
2798 3651 2815 3683 ι
2844 3631 2979 3685 οὑδὲ
3000 3631 3110 3703 γὰρ
3127 3631 3225 3700 τὴν
3247 3631 3413 3702 ὀργὴν
3427 3631 3494 3701 ἣν
3509 3630 3734 3683 δικαίαν

2154 3722 2266 3799 εἶχε
2311 3726 2431 3782 καθ’
2473 3725 2652 3797 ἡμῶν,
2693 3723 2943 3795 κατέχειν
2995 3723 3088 3777 ἐπὶ
3145 3722 3394 3776 πλεῖστον
3445 3723 3734 3793 ἠνέσχετο,

2155 3821 2332 3874 καίτοι
2360 3835 2423 3885 γε
2449 3817 2670 3880 δικαίως
2703 3815 2769 3870 ἂν
2809 3816 2945 3886 αὑτῇ
2977 3815 3350 3886 χρησάμενος·
3380 3813 3566 3885 ἐπειδὴ
3596 3813 3738 3867 πολ⁴

2156 3908 2311 3971 λακίς
2340 3907 2436 3978 μὲν
2462 3908 2592 3977 ἡμῖν
2631 3903 3051 3975 διεμαρτύρατο,
3085 3903 3210 3975 περί
3230 3895 3305 3956 ὧν
3335 3903 3398 3973 δὴ
3428 3905 3742 3973 πεισόμεθα

2159 3995 2456 4058 πταίοντες,
2487 3994 2736 4064 οὐδαμῶς
2762 3994 2818 4046 δὲ
2847 3993 2924 4064 τῷ
2954 3990 3316 4062 σωφρονισμῷ
3340 3992 3448 4044 τῶν
3484 3992 3732 4048 ἀπειλῶν

2159 4084 2628 4156 προσεσχήκαμεψ
2669 4081 2746 4152 τῷ
2769 4081 2904 4152 ἐλέῳ
2939 4082 2996 4135 δὲ
3021 4080 3235 4134 ἅπαντα
3262 4081 3510 4152 νενίκηκε
3540 4082 3620 4152 τῷ
3646 4085 3732 4134 οξ-

2160 4177 2314 4247 κείῳ,
2345 4176 2402 4229 ὃν
2431 4175 2590 4247 ἔργον
2637 4174 2785 4244 αὐτῷ
2830 4174 3046 4228 πάντων
3090 4174 3435 4246 ὑπερτιθέναι
3476 4175 3739 4230 πάντοτε.

2167 4287 2186 4319 ι
2221 4269 2392 4330 Αὐτὸς
2421 4266 2739 4337 ἐπιστρέψει
2768 4265 2862 4318 καὶ
2893 4265 3221 4336 οἰκτειρὴσει
3245 4267 3406 4335 ἡμᾶς’
3443 4265 3744 4320 καταδύσει

2162 4357 2260 4421 τὰς
2282 4356 2551 4430 ἁμαρτίαις
2583 4354 2759 4426 ἡμῶν,
2791 4356 2884 4408 καὶ
2910 4355 3373 4426 ἁπορῤιφήσονται
3396 4357 3474 4415 είς
3495 4354 3564 4407 τὰ
3594 4355 3741 4428 βάθη

488 4445 542 4466 r'
562 4445 705 4449 --ηκ
1249 4445 1264 4452 -
1992 4445 2000 4449 .

488 4502 591 4542 nos
621 4485 676 4538 in
709 4481 1076 4552 captivitatem
1115 4475 1316 4545 abegit.
1350 4489 1449 4528 sua
1478 4472 1657 4526 denuo
1691 4469 2041 4526 misericordi:

2165 4449 2265 4518 τῆς
2298 4447 2573 4517 θαλάσσης
2593 4447 2764 4498 πᾶσαι
2794 4447 2848 4497 αἱ
2875 4445 3137 4516 ἁμαρτίαι
3166 4445 3375 4516 ἡμῶν.»
3408 4446 3463 4500 Ὁ
3480 4445 3590 4517 γὰρ
3605 4448 3745 4501 ἀπορ

491 4587 652 4633 ntens
670 4616 687 4642 ,
714 4590 815 4628 nos
850 4571 1080 4632 reduxit,
1105 4566 1292 4621 delens
1320 4565 1542 4618 omnino
1585 4573 1810 4633 peccata
1843 4571 2028 4616 nostra
2048 4602 2063 4626 ,

490 4679 543 4722 et
569 4664 735 4721 veluti
767 4664 821 4717 in
855 4661 1108 4730 abyssum
1139 4655 1430 4726 quamdam
1473 4669 1534 4707 ea
1566 4653 1892 4722 projiciens,
1924 4649 2068 4706 unde

492 4760 585 4813 illa
605 4769 898 4828 exsurgere
934 4760 988 4807 et
1031 4748 1294 4803 adversus
1342 4760 1440 4799 nos
1475 4744 1766 4815 praetalere
1789 4758 2067 4814 nunquam

495 4856 771 4922 poterunt.
830 4845 1072 4909 Denique
1134 4840 1330 4893 borum
1368 4836 1610 4891 omnium
1660 4849 1884 4890 causam
1932 4836 2073 4890 reci-

497 4951 641 5004 tatis,
664 4957 684 4989 ι
711 4937 897 5002 Dabis,
933 4933 1131 5003 inquit,
1165 4930 1448 4985 veritatem
1491 4935 1639 4980 tuam
1676 4922 1845 4980 Jacob
1866 4966 1881 4989 ,
1908 4924 2071 4979 mise-

499 5030 794 5085 ricordiam
823 5026 1163 5086 Abrahamo,
1205 5025 1346 5078 sicut
1382 5017 1583 5090 jurasti
1622 5015 1784 5085 210
1822 5015 2071 5085 patribus

502 5121 730 5181 nostris,
774 5117 925 5188 iuxta
964 5116 1082 5170 dies
1127 5117 1356 5186 priores.
1408 5130 1428 5162 ι
1466 5109 1677 5164 Cuncta
1706 5107 1842 5170 lucc,
1872 5106 2071 5177 inquit,

502 5209 681 5263 fecisti
701 5221 910 5262 memor
937 5205 1361 5278 promissionum
1387 5212 1632 5261 tuarum.
1664 5213 1801 5270 quas
1826 5198 2074 5268 patribus

507 5301 738 5365 nostris,
767 5297 1110 5369 temporibus
1141 5297 1334 5366 priscis
1363 5311 1463 5366 pro
1487 5301 1581 5348 tua
1618 5300 1908 5347 constante
1944 5290 2076 5346 libe-

509 5391 726 5443 ralitate
766 5387 937 5442 fecisti
975 5404 988 5440 :
1029 5385 1448 5455 promissiones,
1484 5385 1742 5454 inquam,
1777 5381 1898 5436 illas
1945 5389 2076 5436 tunc

510 5476 808 5541 eislecisti,
842 5492 963 5548 qua;
987 5491 1131 5531 nunc
1151 5491 1278 5545 erga
1311 5491 1412 5534 nos
1438 5476 1654 5531 illorum
1683 5480 1932 5544 posteros
1962 5487 1993 5527 a
2023 5480 2077 5528 te

512 5568 572 5622 in
603 5583 712 5624 rem
736 5569 944 5626 collatae
981 5567 1220 5624 fuerunt.

2168 4538 2391 4609 πέμψας
2433 4538 2580 4608 ἡμᾶς
2628 4537 2708 4599 εἰς
2749 4536 2848 4606 τὴν
2895 4535 3289 4606 αἰχμαλωσίαν,
3335 4537 3522 4608 οἰκείῳ
3575 4537 3745 4591 πάλιν

2168 4629 2302 4698 ἐλέῳ
2325 4627 2686 4698 χρησάμενος,
2713 4627 2860 4697 ἡμᾶς
2883 4627 3250 4697 ἐπανήγαγεν,
3279 4628 3557 4690 παντελῶς
3581 4630 3747 4698 ἡμῶν

2169 4719 2439 4788 ἀφανίσας
2469 4718 2566 4781 τὰς
2612 4719 2907 4789 ἁμαρτίας,
2937 4719 3030 4771 καὶ
3073 4717 3259 4790 ὥσπερ
3305 4718 3384 4782 εἷς
3423 4736 3544 4772 τινα
3580 4719 3749 4789 βυθὸν

2169 4808 2337 4873 αὑτὰς
2367 4806 2724 4880 καταρρίψας,
2748 4805 2839 4875 ἀφ’
2863 4798 3033 4877 οὗπερ
3056 4805 3222 4869 αὑτὰς
3246 4805 3540 4861 ἀνανεῦσαί
3567 4824 3628 4861 τε
3651 4810 3752 4860 καὶ

2174 4899 2391 4970 ἰσχύσαι
2418 4897 2539 4951 καθ’
2567 4898 2722 4968 ἡμῶν
2747 4898 2846 4950 οὑκ
2869 4895 3042 4950 ἔνεστι
3062 4897 3158 4950 τοῦ
3174 4895 3383 4952 λοιποῦ.
3415 4897 3526 4952 Καὶ
3542 4897 3642 4968 τὴν
3669 4901 3758 4952 αί-
3787 4898 3789 4900 ’

2171 4994 2290 5046 τίαν
2309 4990 2557 5046 ἀπάντων
2576 4987 2764 5056 λέγων,
2788 5006 2806 5039 ι
2823 4987 3023 5052 Δώσεις
3039 4988 3293 5059 ἀλήθειάν
3316 5006 3410 5043 σου
3433 4989 3512 5060 τῷ
3527 4989 3750 5049 Ἰακὼϐ,

2173 5082 2323 5135 ἔλεον
2347 5080 2426 5152 τῷ
2464 5079 2734 5150 Ἀϐραὰμ,
2779 5078 3029 5150 καθάπερ
3071 5077 3292 5150 ὤμοσας
3320 5082 3435 5144 τοῖς
3475 5081 3755 5151 πατράσιν

2173 5174 2330 5245 ἡμῶν
2351 5171 2492 5228 κατὰ
2508 5174 2604 5236 τὰς
2618 5172 2829 5244 ἡμέρας
2849 5173 2947 5236 τὰς
2961 5172 3291 5244 ἔμπροσθεν.
3315 5191 3334 5224 ι
3358 5171 3611 5228 Ἃπαντα
3639 5173 3756 5244 γὰρ

2173 5263 2368 5326 ταῦτα,
2421 5262 2554 5333 φησί
2574 5301 2589 5324 ,
2640 5261 2968 5331 πεποίηκας,
3002 5260 3077 5332 (p.
3109 5260 3234 5332 521)
3267 5261 3376 5316 τῶν
3409 5262 3757 5332 ἐπαγγελιῶν

2179 5353 2438 5425 μνησθεὶς
2479 5353 2587 5406 τῶν
2616 5352 2852 5417 οἰκείων,
2895 5345 2972 5406 ὧν
3005 5352 3144 5424 πρὸς
3193 5353 3321 5417 τοὺς
3353 5353 3597 5426 πατέρας
3625 5371 3757 5420 τους,

2174 5445 2476 5518 ἡμετέρους
2493 5442 2636 5497 κατά
2657 5444 2784 5508 τοὺς
2804 5443 3010 5498 ἀνωθεν
3030 5444 3329 5516 πεποίησαι
3349 5444 3574 5516 χρόνους
3602 5445 3757 5514 φιλο-

2175 5535 2331 5607 τιμίᾳ
2359 5537 2464 5588 τινὶ
2499 5533 2710 5606 βεϐαίᾳ·
2741 5535 2836 5589 καὶ
2863 5533 2963 5600 τάς
2991 5535 3128 5607 πρὸς
3160 5535 3403 5600 ἐκείνους
3434 5537 3760 5608 ὑποσχέσεις

2176 5626 2296 5679 τότε
2316 5624 2700 5695 πεποιημένος,
2718 5625 2810 5678 καὶ
2831 5623 2924 5680 νῦν
2942 5626 3026 5696 ἐφ’
3040 5624 3198 5698 ἡμῶν
3221 5625 3330 5681 τῶν
3350 5625 3410 5693 ἐξ
3431 5626 3659 5682 ἐκείνων
3678 5626 3762 5694 είς

2179 5717 2337 5772 ἐονον
2360 5714 2529 5780 αὑτὰς
2560 5713 2822 5774 ἐκϐαλών.
