3830 6216
1252 294 1804 355 COMMENTARIUS
1842 293 1910 350 1N
1941 288 2319 354 NAHUMUM.
3284 290 3390 346 398

429 442 559 483 ΞΕ.-
1000 440 1089 447 ..

746 636 1310 729 ΕΡΜΗΝΕΙΑ
1342 728 1343 735 γ
1378 626 1751 727 ΝΑΟΥΜ

1856 638 2072 724 ΙῸΥ
2146 627 2794 723 ΠΡΟΦΗΤΟΥ.

152 1010 1307 1142 COMMENTARIUS
1406 1024 1559 1139 IN
1638 1025 2370 1143 NAHUMUM
2477 1010 3392 1137 PROPHETAM.

232 1445 304 1500 Ἦ
329 1445 530 1517 Νινευὴ
565 1446 718 1511 πόλις
741 1441 808 1518 ἦν
856 1446 1067 1519 μεγάλη
1088 1487 1104 1513 ,
1132 1445 1331 1517 πλήθει
1373 1463 1432 1500 τε
1463 1446 1691 1519 κομῶσα
1713 1487 1728 1512 ,

1904 1443 2100 1502 Ninive
2131 1444 2266 1500 urbs
2300 1450 2495 1517 magna
2546 1438 2684 1510 iuit,
2740 1443 2927 1515 populi
2968 1447 3194 1498 numero
3228 1443 3409 1499 abuns

157 1534 339 1600 καθὼς
367 1537 402 1607 ή
428 1535 547 1590 θεία
573 1536 809 1591 διδάσκει
830 1538 1043 1609 Γραφὴ,
1073 1536 1302 1591 καὶτῶν
1327 1537 1386 1590 ὲν
1426 1537 1732 1609 Ἀσσυρίοις

1856 1540 1995 1603 lans,
2036 1546 2090 1595 et
2130 1537 2545 1609 Assyriacarum
2575 1536 2821 1590 omnium
2861 1533 3235 1590 illustrissima
3260 1574 3275 1593 .
3313 1532 3408 1588 ubi
3498 1591 3502 1594 ς

159 1628 594 1699 περιφανεστάτη
635 1628 847 1689 πασῶν.
886 1629 945 1681 ὲν
980 1622 1110 1702 ᾔτά
1133 1645 1194 1682 τε
1228 1627 1472 1698 βασίλεια
1504 1627 1735 1697 ἐτύγχα-

1856 1630 1985 1701 'egia
2030 1628 2233 1701 palatia
2286 1636 2465 1690 erant,
2517 1641 2717 1696 rexque
2769 1624 3121 1697 Assyriorum
3167 1624 3408 1694 plurimo

157 1722 251 1770 νεν
269 1717 419 1784 ὅντα,
442 1719 536 1771 καὶ
557 1721 587 1772 ὁ
610 1718 716 1772 τῶν
751 1720 1049 1793 Ἀσσυρίων
1078 1719 1331 1792 βασιλεὺς
1351 1718 1451 1784 ’ἑὰς
1475 1718 1734 1784 πλείστας

1856 1720 1966 1775 mni
2002 1729 2246 1790 tempore
2283 1718 2627 1773 versabatur.
2658 1713 2831 1770 Porro
2862 1714 3025 1785 hujus
3051 1714 3203 1769 urbis
3236 1713 3409 1774 cives,

158 1809 396 1864 ἐποιεῖτο
434 1810 747 1882 διατριϐάς·
792 1811 934 1865 ἀλλὰ
963 1811 1071 1885 γὰρ
1115 1804 1296 1876 οὗτοι,
1330 1812 1474 1881 λέγω
1509 1812 1567 1865 δὲ
1610 1813 1737 1875 τοὺς

1856 1812 2053 1867 rolente
2086 1809 2199 1865 Deo
2234 1825 2347 1865 sua:
2370 1808 2558 1880 gratiae
2589 1806 2963 1863 ostensionem
2997 1805 3177 1862 facere
3200 1848 3216 1872 ,
3247 1806 3413 1861 sicuti

156 1897 442 1965 οἰκοῦντας
471 1900 572 1974 τὴν
607 1902 835 1974 Νινευὴ,
873 1902 1194 1975 βουλομένου
1227 1902 1327 1975 μὲν
1352 1902 1445 1957 τοῦ
1473 1902 1608 1956 Θεοῦ
1636 1902 1739 1971 τῆς

1861 1919 1946 1957 am
1978 1901 2193 1973 planius
2214 1901 2455 1955 diximus
2483 1900 2612 1953 dum
2640 1899 2706 1954 ad
2730 1898 2871 1954 beati
2890 1896 3042 1953 lonze
3065 1898 3409 1968 prophetiam

156 1991 370 2055 οἰκείας
413 1993 636 2064 χάριτος
682 1993 1012 2065 ποιήσασθαι
1060 1994 1161 2065 τὴν
1203 1994 1504 2059 ἀπόδειξιν,
1556 1994 1740 2058 καθὼς

1856 1990 2643 2055 :ommentaremur,Ninivit:e,
2672 1990 2915 2062 inquam,
2936 1990 3008 2045 ob
3041 1990 3209 2044 unius
3246 1990 3416 2061 ignoti

161 2083 495 2153 σαφέστερον
526 2085 619 2137 ἐπὶ
646 2084 745 2155 τῆς
772 2084 866 2138 τοῦ
899 2085 1170 2156 μακαρίου
1209 2084 1366 2139 Ἰωνᾶ
1394 2085 1738 2155 προφητείας

1856 2085 2082 2142 lmminis
2108 2085 2307 2148 minas,
2338 2084 2476 2139 adeo
2513 2092 2660 2137 metu
2692 2081 2930 2153 correpti
2957 2081 3197 2145 fuerunt,
3226 2088 3286 2136 ut
3321 2096 3418 2138 ce-

155 2168 408 2241 ῑφθημεν
431 2171 696 2236 είπόντες,
730 2171 838 2226 ἀπὸ
865 2172 1034 2244 μόνης
1062 2173 1294 2244 ἀπειλῆς
1316 2173 1422 2228 ὑπὸ
1449 2172 1732 2243 ἀγνώστου

1856 2175 2027 2229 eriter
2045 2174 2337 2229 admodum
2364 2172 2772 2243 resipiscentes,
2811 2173 2880 2227 ad
2898 2172 3155 2228 virtutem
3184 2182 3411 2243 specta-

156 2263 464 2333 γενομένης
501 2264 713 2334 ἀνδρὸς,
752 2265 991 2336 τοσούτῳ
1054 2265 1465 2338 κατεσχέθησαν
1497 2264 1577 2338 τῷ
1601 2266 1742 2330 δέει.

158 2352 307 2406 ὥστε
350 2353 488 2424 μετὰ
536 2354 736 2407 πολλοῦ
773 2354 868 2408 τοῦ
906 2354 1105 2426 τάχους
1136 2357 1573 2430 μταϐληθέντες
1606 2359 1747 2431 πρὸς

157 2445 226 2499 τὸ
256 2448 504 2518 κρεῖττον
534 2447 681 2500 usst
714 2446 903 2518 ἐπειδὴ
938 2447 995 2501 δὲ
1019 2447 1308 2503 ὲνδέδωκεν
1329 2450 1515 2515 αὐτοῖς
1555 2452 1585 2506 ὁ
1613 2451 1747 2516 Θεὸς

155 2535 264 2607 τὴν
309 2536 630 2609 προαίρεσιν
671 2536 935 2602 ἐπιδεῖξαι
981 2538 1082 2608 τὴν
1117 2539 1349 2603 οἰκείαν,
1378 2539 1614 2612 τοσαύτῃ
1647 2541 1747 2611 μὲν

155 2626 469 2699 ιχρήσαντο
511 2626 785 2699 μοχθηρίᾳ
831 2626 1089 2699 γνώμης,
1136 2628 1376 2703 τοσαύτῃ
1412 2630 1469 2684 δὲ
1502 2630 1747 2702 ὠμότητι

158 2722 265 2776 καὶ
308 2721 511 2793 τρόπου
556 2707 751 2793 κακίᾳ,
788 2722 863 2791 (p.
908 2721 1035 2783 522)
1063 2723 1204 2777 ὥστε
1251 2724 1461 2788 πάντας
1493 2727 1592 2797 μὲν
1619 2728 1749 2789 τοὺς

146 2813 279 2868 τῶν
301 2811 433 2867 δέκα
459 2812 644 2881 φυλῶν
672 2812 1200 2885 ἐπιστρατεύσαντες
1241 2817 1624 2887 αἰχμαλώτους
1652 2816 1747 2870 λαο

159 2906 306 2960 δεῖν’
327 2904 703 2976 πορθήσαντές
725 2920 783 2959 τε
812 2906 991 2959 αὐτῶν
1017 2906 1117 2967 τὰς
1140 2907 1344 2970 πόλεις.
1372 2908 1465 2961 καὶ
1487 2907 1558 2961 τὰ
1586 2924 1748 2979 προσ-

158 2998 300 3051 όντα
321 2996 507 3058 αὐτοῖς
526 2994 593 3048 δι’
617 2988 875 3065 ἁρπαγῆς
894 2996 1255 3066 ποιησάμενοι
1280 2995 1478 3061 πάντα,
1501 2997 1743 3067 ὁρμῆσαι

1840 2269 2039 2324 verint.
2071 2265 2370 2337 Postquam
2391 2281 2522 2322 vero
2555 2266 2790 2321 indulsit
2812 2266 2893 2322 eis
2923 2265 3091 2332 Deus,
3120 2267 3419 2338 quominus

1843 2359 2184 2433 propositum
2240 2374 2404 2414 suum
2462 2364 2876 2429 exsequeretur,
2932 2361 3084 2413 tanta
3134 2359 3221 2415 usi
3288 2369 3420 2415 sunt

1843 2451 2116 2523 pravitate
2136 2450 2327 2515 animi,
2352 2458 2506 2504 tanta
2528 2449 2855 2505 crudelitate
2878 2457 2933 2505 et
2952 2451 3157 2504 malitia
3180 2464 3418 2516 morum,

1845 2547 1906 2594 ut
1955 2547 2213 2611 suscepta
2270 2539 2461 2595 bellica
2520 2548 2715 2594 contra
2780 2539 2969 2596 decem
3027 2539 3203 2596 tribus
3262 2557 3424 2611 expe-

1846 2633 2089 2697 ditione,
2129 2646 2322 2687 omnes
2356 2632 2413 2687 in
2453 2632 2822 2703 captivitatem
2854 2631 3208 2692 abduxerim;
3237 2646 3422 2689 vasta-

1849 2724 2028 2793 tisque
2067 2722 2261 2778 harum
2310 2722 2544 2777 urbibus
2585 2729 2638 2777 et
2681 2722 2879 2793 opibus
2932 2722 3135 2793 ubique
3172 2722 3422 2795 direptis,

1852 2814 2098 2885 adusque
2119 2814 2491 2886 Hierosolyma
2517 2814 3021 2886 propinquaverint,
3048 2826 3210 2885 quam
3232 2816 3424 2873 urbem

1851 2921 2051 2977 capere
2075 2906 2414 2967 nitebantur.
2438 2906 2557 2960 sine
2579 2907 2688 2960 ulla
2714 2907 2797 2961 vel
2821 2906 3005 2974 templi
3024 2907 3107 2962 vel
3121 2908 3425 2980 religionis,

1850 3014 1959 3068 qua
1982 2998 2181 3053 ibidem
2204 2997 2347 3054 Deus
2373 2999 3000 3060 colobatur,reverentia.

157 3088 229 3141 δι
277 3086 372 3140 καὶ
421 3087 580 3157 μέχρι
632 3086 736 3155 τῆς
783 3085 1171 3156 Ἰερουσαλὴμ,
1217 3088 1283 3158 ἢν
1321 3089 1416 3140 καὶ
1467 3089 1719 3160 αἱρήσειν
1766 3089 2045 3154 ἔσπευδον,
2092 3091 2347 3161 οὐδεμίαν
2386 3091 2519 3145 αἰδῶ
2550 3090 2644 3144 τοῦ
2691 3108 2751 3145 τε
2790 3090 2920 3144 ναοῦ
2957 3091 3053 3146 καὶ
3096 3092 3196 3163 τῆς
3239 3093 3429 3152 αὐτόοι

160 3178 463 3249 γινομένης
488 3175 582 3231 τοῦ
612 3175 747 3229 Θεοῦ
771 3176 1138 3247 λαμϐάνοντες
1161 3178 1475 3251 θεραπείας.

243 3267 350 3324 Καί
378 3288 431 3324 τι
456 3269 648 3338 γέγονε
675 3268 1057 3339 παραπλήσιον
1093 3272 1209 3334 τοῖς
1248 3273 1305 3324 ὲν
1337 3271 1597 3342 Αἰγύπτῳ
1626 3273 1758 3326 ποτὲ

162 3361 475 3431 γεγονόσιν,
509 3361 600 3414 ὅτε
634 3358 831 3430 Φαραώ
855 3376 913 3412 τε
946 3360 975 3413 ὁ
1006 3360 1305 3430 βασιλεύων
1329 3364 1387 3417 ὲν
1412 3363 1628 3426 αὐτοῖς,
1661 3364 1758 3416 καὶ

165 3454 376 3516 πάντες
396 3452 455 3506 δὲ
487 3453 538 3507 οἱ
568 3451 856 3520 Αἰγύπτιοι
878 3452 968 3507 διὰ
1000 3454 1241 3524 σπουδῆς
1270 3450 1415 3526 εἶχον
1438 3454 1529 3509 τόν
1555 3473 1613 3509 τε
1648 3455 1752 3509 Ἰα-

167 3544 293 3600 κὼϐ
320 3545 417 3598 καὶ
455 3544 548 3598 τὸν
595 3543 813 3615 Ἰωσὴφ.
843 3546 940 3597 καὶ
975 3546 1184 3609 πάντας
1214 3542 1341 3609 τοὺς
1376 3547 1754 3617 προσήκοντας

170 3637 363 3698 αὐτοῖς
407 3634 553 3688 κατὰ
587 3634 744 3702 γένος
765 3674 780 3697 ,
811 3634 938 3706 άχρι
968 3634 1171 3706 ταύτην
1218 3636 1415 3698 αὐτοὺς
1445 3634 1749 3697 ἀποσώζειν

166 3729 275 3799 τὴν
298 3725 528 3798 γνώμην
559 3724 969 3797 παρεσκεύαζεν
999 3728 1027 3780 ὁ
1055 3727 1204 3790 Θεὸς
1246 3726 1321 3789 ὡς
1345 3727 1401 3780 δὲ
1421 3727 1749 3779 ὲπεδέδωκεν

173 3820 279 3890 μὶν
299 3818 381 3882 εἰς
402 3818 604 3888 πλῆθος
625 3821 654 3871 ὁ
673 3818 820 3881 λαὸς,
844 3818 1061 3886 ἔπειγεν
1080 3817 1137 3870 δὲ
1163 3821 1192 3871 ὀ
1212 3818 1312 3888 τῆς
1333 3818 1510 3884 ἐξόδου
1537 3817 1746 3889 καιρὸς,

172 3910 435 3965 ἐπιδέδωκε
459 3909 538 3981 τῷ
564 3926 624 3964 τε
651 3908 850 3982 Φαραὼ
879 3909 973 3962 καὶ⁵
1000 3911 1112 3972 τοῖς
1150 3908 1467 3977 Αἰγυπτίοις
1494 3908 1592 3979 τὴν
1632 3909 1752 3960 ἑαυο

169 4005 287 4058 τῶν
314 4005 444 4076 περὶ
475 4003 715 4065 ἐκείνους
747 4000 1007 4068 ἐπιδεῖξαι
1036 4001 1255 4066 κακίαν,
1297 4000 1436 4053 ὥστε
1465 4000 1559 4052 καὶ
1596 4000 1747 4070 πάσῃ

171 4093 486 4167 χρήσασθαι
540 4093 738 4164 σπουδῇ
792 4093 1002 4155 πάντας
1057 4092 1254 4154 αὐτοὺς
1308 4091 1476 4162 ἄρδην
1507 4090 1748 4144 ἀνελεῖν·

172 4186 400 4255 ἀςοορμῇ
428 4182 485 4236 δὲ
508 4182 679 4253 ταύτῃ
700 4182 1046 4253 χρησάμενος
1066 4180 1237 4244 οὕτως
1264 4181 1464 4244 αὐτοὺς
1489 4180 1753 4251 ἐξήγαγεν

1925 3270 2083 3325 Tunc
2108 3270 2287 3325 simile
2313 3270 2443 3339 quid
2477 3269 2705 3340 contigit
2735 3276 2901 3340 atque
2933 3270 3064 3325 olim
3101 3270 3154 3325 in
3187 3269 3431 3345 [Egypto

1854 3362 2224 3425 versantibus,
2263 3361 2353 3416 ubi
2386 3361 2657 3432 principio
2690 3360 2911 3431 quidem
2940 3358 3155 3417 Pharao
3177 3378 3272 3417 rex
3306 3379 3429 3418 om-

1852 3467 2059 3522 nesque
2086 3450 2330 3523 IEgyptii
2361 3451 2546 3505 studio
2575 3451 2823 3521 impenso
2844 3444 3016 3507 Iacob
3050 3461 3105 3506 et
3129 3449 3429 3524 Joseplmm

1851 3551 2219 3614 cunctamque
2267 3543 2461 3597 horum
2500 3543 2880 3614 cognationem
2923 3543 3213 3610 fovebant,
3246 3546 3430 3616 quoad

1854 3639 1936 3692 eis
2000 3636 2142 3692 Deus
2197 3636 2341 3690 hanc
2382 3644 2616 3690 mentem
2669 3641 3034 3693 conservavit.
3103 3638 3209 3694 Sed
3264 3640 3425 3710 21],

1856 3732 2144 3795 postquam
2175 3723 2229 3778 in
2258 3724 2663 3779 multitudinem
2692 3726 2938 3780 excrevit
2966 3728 3221 3799 populus,
3252 3728 3430 3785 insta—

1858 3818 2056 3887 batque
2099 3815 2435 3886 demigrandi
2477 3823 2707 3887 tempus,
2744 3816 3080 3873 Pharaonem
3122 3819 3252 3874 sivit
3282 3818 3430 3877 Deus

1859 3918 2021 3977 atque
2050 3906 2340 3979 Egyptios
2374 3920 2527 3962 suam
2573 3922 2894 3978 expromere
2921 3918 3114 3964 contra
3168 3908 3432 3968 Hebraeos

1852 3999 2137 4062 malitiam,
2182 3998 2257 4052 ita
2304 4005 2366 4051 ut
2403 3995 2555 4052 omni
2598 3997 2650 4053 vi
2694 3998 3005 4054 niterentur
3034 4013 3132 4056 eos
3185 3997 3430 4057 funditus

1853 4089 2205 4160 exstinguere
2249 4102 2266 4141 :
2304 4103 2414 4160 qua
2442 4090 2734 4146 occasione
2769 4089 2913 4146 Deus
2953 4099 3115 4147 utens
3152 4088 3430 4151 Israelitas

1859 4180 2090 4252 A‘lgypto
2126 4181 2335 4236 eduxit.
2374 4179 2509 4236 Rem
2540 4181 2626 4238 his
2668 4181 2851 4237 verbis
2879 4181 3072 4239 beatus
3097 4194 3289 4239 narrat
3309 4183 3430 4237 "Da-

170 4282 206 4332 6
239 4276 374 4340 Θεὸς
408 4275 509 4344 τῆς
537 4274 832 4342 Αίγύτὲτου.
867 4272 1038 4326 Τοῦτο
1068 4271 1198 4340 γοῦν
1224 4274 1254 4326 ὁ
1284 4273 1552 4343 μακάριος
1578 4268 1751 4339 λέγων

1859 4272 1949 4326 vid
1984 4290 2029 4326 tr
2064 4271 2209 4327 Misit
2234 4288 2350 4337 rex,
2378 4273 2576 4343 inquit,
2598 4280 2654 4328 et
2682 4273 2845 4329 solvit
2868 4289 3033 4342 eum;
3061 4275 3316 4346 princeps
3342 4292 3434 4346 po-

173 4362 363 4430 Δαυῖδ.
416 4385 437 4418 σ
483 4365 795 4419 Ἀπέστειλε
827 4364 1101 4433 βασιλεὺς,
1137 4382 1157 4417 ι
1192 4363 1346 4434 φησὶ,
1382 4381 1402 4415 r
1443 4362 1538 4416 καὶ
1567 4362 1754 4415 ἔλυσεν

174 4460 367 4517 αὐτὸν.
410 4458 595 4529 ἅρχων
635 4455 766 4510 λαοῦ
803 4454 900 4508 καὶ
942 4456 1153 4523 ἀφῆκεν
1188 4453 1381 4506 αὐτόν’
1421 4452 1753 4522 κατέστησεν

172 4550 344 4606 αὐτὸν
375 4549 566 4617 κύριον
596 4546 691 4600 τοῦ
720 4546 869 4599 οἴκου
915 4543 1102 4605 αὐτοῦ.
1150 4543 1244 4597 καὶ
1289 4542 1527 4614 ἄρχοντα
1571 4544 1752 4614 πάσης

172 4642 280 4709 τῆς
312 4640 562 4708 κτήσεως
600 4636 789 4691 αὐτοῦ’
822 4635 919 4689 τού
947 4634 1231 4689 παιδεῦσαι
1266 4635 1474 4699 πάντας
1503 4636 1631 4699 τοὺς
1660 4633 1755 4705 dp-

172 4750 376 4807 χοντας
397 4730 565 4785 αὐτοῦ
593 4730 669 4793 ὡς
698 4728 910 4794 ἑαυτὸν,
940 4727 1035 4781 καὶ
1070 4727 1198 4790 τοὺς
1224 4727 1626 4799 πρεσϐυτέρους
1651 4726 1755 4780 at}-

168 4824 273 4881 τοῦ
320 4821 561 4891 σοφίσαιο
596 4837 617 4872 ι
647 4819 794 4887 λέγει
830 4817 889 4871 δὲ
925 4816 1026 4888 τὴν
1064 4816 1192 4887 περὶ
1220 4815 1312 4869 τὸν
1359 4816 1556 4887 Ἰωσὴφ
1585 4815 1753 4885 τιμήν

166 4934 235 4972 τε
261 4917 358 4970 καὶ
390 4910 625 4980 σπουδὴν
654 4909 761 4963 ὑπὸ
787 4908 878 4962 τοῦ
904 4905 1105 4978 Φαραὼ
1144 4908 1457 4975 γεγονυῖαν
1491 4901 1573 4970 οἷς
1620 4906 1755 4960 ὲπά-

168 5024 284 5077 γει·
332 5006 409 5075 (p.
442 5005 571 5065 323)
605 5022 625 5055 ‹
650 5002 763 5055 Καὶ
785 5000 1035 5071 είσῆλθεν
1081 5000 1296 5072 Ἰσραὴλ
1344 5002 1425 5064 εἰς
1453 4998 1748 5068 Αἴγυπτον,

170 5100 274 5154 καὶ
321 5096 517 5152 Ἰακὼϐ
562 5094 891 5166 παρῴκησεν
921 5095 981 5149 ἐν
1012 5095 1084 5165 γῇ
1115 5092 1265 5162 Χάμ·
1297 5092 1392 5145 καὶ
1423 5089 1629 5161 ηὔξησε
1659 5090 1753 5144 τὸν

135 5190 306 5247 τλαὸν
352 5188 519 5243 αὐτοῦ
571 5187 774 5258 σφόδρα
793 5225 807 5245 .
841 5186 937 5239 καὶ
989 5183 1361 5255 ὲκραταίωσεν
1405 5181 1566 5235 αὐτὸν
1611 5181 1753 5251 ὑπὲρ

170 5282 306 5343 τοὺς
329 5279 557 5351 ἐχθροὺς
580 5276 769 5332 αύτοῦ.
790 5293 811 5326 ι
836 5275 947 5331 Καὶ
971 5270 1157 5341 ἐπειδὴ
1178 5271 1270 5327 καὶ
1290 5268 1384 5323 τοῦ
1412 5270 1606 5324 Ἰακὼϐ
1631 5267 1755 5324 είπε

170 5371 275 5443 τὴν
307 5370 535 5432 εἴσοδον,
576 5369 673 5423 καὶ
714 5368 907 5422 ὁπόσον
936 5367 1016 5430 εἰς
1042 5364 1248 5435 πλῆθος
1283 5362 1673 5417 ἑπιδεδώκασιν
1702 5363 1752 5415 οἱ

168 5461 271 5516 τοῦ
294 5460 426 5515 λαοῦ
458 5460 679 5523 πάντες,
709 5457 925 5525 ἐπάγειο
967 5475 986 5508 ι
1019 5453 1371 5526 Μετέστρεψε
1398 5452 1497 5525 τὴν
1523 5454 1751 5524 καρδίαν

172 5550 349 5607 αὐτοῦ
379 5549 475 5604 τοῦ
514 5551 745 5622 μισῆσαι
765 5549 855 5602 τὸν
878 5546 1005 5600 λαὸν
1028 5534 1227 5611 αύτοῦ,’
1248 5544 1341 5599 τοῦ
1368 5543 1670 5599 δολιούσθαι
1695 5544 1754 5597 ἐν

246 5730 299 5765 ⁸⁸
338 5729 483 5786 Psal.
510 5724 828 5797 c1v,20-22.
906 5726 950 5758 ”
991 5717 1236 5788 lhiol.23,
1268 5719 1361 5774 Ἡ.
1439 5721 1453 5751 ¹
1500 5718 1634 5775 lhid.
1667 5719 1758 5776 9.3.

1856 4364 1994 4435 puli,
2053 4371 2108 4418 et
2158 4363 2368 4420 dimisit
2417 4380 2563 4419 eum.
2619 4365 2916 4420 Constituit
2962 4378 3088 4420 eum
3144 4364 3428 4420 dominum

1859 4455 2055 4509 domus
2082 4466 2215 4519 suae,
2244 4464 2300 4509 et
2327 4454 2630 4525 principem
2680 4456 2862 4510 omnis
2902 4454 3267 4525 possessionis
3295 4472 3429 4515 sum.

1855 4559 1916 4601 ut
1942 4547 2185 4602 erudiret
2214 4547 2491 4618 principes
2523 4547 2643 4617 ejus
2673 4546 2819 4602 sicut
2855 4559 2915 4602 se
2952 4545 3161 4618 ipsum,
3185 4554 3240 4602 et
3265 4563 3427 4603 senes

1854 4639 1977 4707 ejus
2023 4638 2372 4710 prudentiam
2421 4638 2722 4694 doceret”.
2750 4637 3067 4708 tLoquitur
3102 4638 3314 4693 scilicet
3360 4638 3429 4692 de

1854 4727 2114 4801 Josepho,
2162 4730 2339 4801 deque
2395 4728 2810 4785 honoriﬁcentia
2881 4736 2937 4783 et
2989 4727 3182 4784 oﬂiciis
3227 4731 3429 4800 quibus

1856 4835 1982 4876 eum
2009 4827 2333 4890 prosecutus
2360 4826 2446 4875 est
2479 4819 2712 4875 Pharao.
2750 4816 2882 4873 Post
2921 4817 3037 4873 haec
3065 4818 3219 4873 addit
3257 4835 3272 4873 :
3311 4836 3333 4873 ι
3368 4818 3436 4873 Et

1856 4911 2079 4967 intravit
2109 4912 2271 4968 Israel
2305 4910 2360 4966 in
2387 4910 2706 4983 Egyptum,
2733 4918 2788 4965 et
2817 4909 2987 4966 Iacob
3016 4913 3201 4966 accola
3234 4911 3337 4967 fuit
3372 4913 3428 4967 in

1858 5007 2005 5056 terra
2037 4998 2250 5056 Cbami.
2294 4999 2361 5056 Et
2386 5002 2537 5055 auxit
2571 5000 2829 5071 populum
2856 5015 3016 5056 suum
3056 5001 3428 5061 vehementer.

1860 5087 2253 5158 roboravitque
2282 5102 2406 5142 eum
2449 5102 2561 5158 prae
2592 5086 2831 5143 inimicis
2867 5088 2989 5158 ejus
3025 5089 3093 5144 ”.
3131 5108 3151 5140 ι
3174 5086 3294 5144 Jam
3340 5090 3433 5143 ubi

1858 5176 2131 5249 Pr0pheta
2177 5180 2421 5234 narravit
2461 5178 2628 5234 Iacob
2664 5179 2970 5250 ingressum
2994 5220 3012 5247 ,
3058 5189 3435 5250 quantumque

1858 5270 1915 5325 in
1959 5284 2247 5325 numerum
2284 5269 2520 5340 populus
2549 5271 2840 5326 universus
2863 5271 3165 5334 crevisset,
3195 5267 3382 5324 subdit
3418 5282 3431 5319 :

1863 5382 1882 5415 ι
1924 5362 2205 5418 Convertit
2244 5377 2340 5418 cor
2368 5362 2517 5418 illius
2545 5362 2612 5416 ad
2647 5361 2774 5417 odio
2814 5361 3122 5418 habendum
3168 5359 3431 5431 populum

1861 5469 2045 5517 suum,
2072 5451 2411 5523 insidiasque
2438 5451 2733 5507 struendae
2761 5453 2937 5508 servis
2962 5451 3079 5507 suis
3109 5451 3152 5505 ¹.
3196 5467 3215 5501 ι
3250 5446 3434 5515 Signi-

1861 5545 2053 5614 ﬁcans,
2079 5544 2189 5605 Deo
2230 5545 2601 5617 permittente,
2657 5543 2976 5598 immutatos
3014 5541 3225 5598 animos
3263 5538 3436 5611 Αἶας-
