3830 6216
449 320 561 394 sui

1540 362 1545 369 ς
1639 319 2496 389 THEODORIMOPSUESTENI

3588 330 3701 387 ατο

451 451 686 519 ptiorum
724 461 849 503 cum
880 462 1005 520 rege
1055 462 1178 510 suo,
1216 447 1307 519 qui
1349 448 1465 518 jam
1499 447 1757 519 deinceps
1790 448 2013 502 oderant

2120 450 2235 511 τοῖς
2263 446 2471 510 δούλοις
2520 444 2708 499 αὐτοῦ.
2758 460 2779 495 ι
2832 444 3000 516 Δῆλον
3030 445 3113 500 ὅτι
3149 446 3246 499 τοῦ
3288 444 3422 499 Θεοῦ
3457 444 3699 510 ἐνδόντος

448 538 751 603 lsraelitas,
800 556 1001 610 eosque
1060 542 1420 597 internecioni
1463 541 1832 597 destinabant.
1878 541 2013 596 Exin

447 650 577 689 vero
606 634 1053 705 demigrationem
1080 644 1265 690 narrat
1296 637 1486 692 beatus
1508 636 1697 691 David.

526 894 679 950 Nune
711 911 927 965 quoque
958 896 1099 952 Deus
1131 897 1335 968 pariter
1377 897 1553 967 primo
1582 897 1799 967 quidem
1827 896 2019 968 gratiae

450 1004 560 1042 suae
622 989 793 1042 edidit
855 989 1183 1043 luculentam
1260 988 1803 1053 demonstrationem,
1886 988 2015 1041 dum

448 1079 796 1149 Assyriorum
850 1095 1029 1151 regem
1080 1090 1417 1150 cunctosque
1462 1079 1683 1136 Ninives
1714 1081 1920 1136 incolas
1946 1079 2016 1134 ad

449 1172 673 1225 meliora
709 1173 977 1225 convertit
1009 1190 1022 1225 :
1048 1171 1191 1225 haud
1213 1174 1382 1227 multo
1413 1181 1534 1243 post
1561 1182 1761 1238 autem,
1786 1188 1908 1226 cum
1950 1172 2017 1227 iis

451 1262 815 1317 concessisset
868 1272 925 1315 ut
952 1278 1107 1317 suam
1148 1262 1412 1317 malitiam
1476 1264 1839 1327 declararent,
1890 1263 2018 1318 sivit

448 1374 543 1413 eos
568 1374 717 1413 arma
761 1368 953 1413 contra
1000 1358 1275 1414 lsraelitas
1337 1374 1698 1420 commovere,
1736 1358 1809 1410 ita
1843 1366 1901 1411 ut
1924 1356 2020 1411 de-

446 1468 564 1508 eem
600 1453 775 1507 tribus
812 1451 1157 1515 vastaverinl,
1194 1462 1247 1507 et
1268 1452 1643 1521 Hierosolyma
1678 1449 2015 1511 obsederint,

447 1553 599 1598 tanta
643 1543 858 1599 insania
909 1550 1133 1597 ruentes
1158 1542 1313 1610 quasi
1348 1541 1450 1611 ipsi
1499 1540 1608 1595 Deo
1647 1540 1845 1594 bellum
1882 1553 2020 1607 quo-

447 1634 735 1690 dammodo
766 1633 1049 1689 inferrent.
1089 1631 1193 1688 Sed
1242 1633 1388 1687 enim
1421 1632 1509 1686 hic
1549 1632 1733 1686 statim
1761 1631 1868 1684 illis
1900 1646 2022 1700 gra-

448 1728 728 1781 vissimam
764 1741 927 1779 manu
959 1725 1133 1795 angeli
1162 1724 1369 1794 plagam
1393 1724 1689 1792 imposuit;
1717 1738 2019 1792 versosque

2123 539 2529 611 μετεϐλήθησαν
2577 540 2627 592 οἰ
2662 537 2947 606 Αἰγύπτιοι
2982 539 3079 591 σὺν
3114 537 3193 609 τῷ
3222 537 3431 609 βασιλεῖ
3470 539 3696 601 πάντες,

2119 630 2260 683 ὥστε
2314 629 2410 682 καὶ
2450 628 2537 682 διά
2593 628 2784 699 μίσους
2836 627 2983 698 ἔχειν
3010 628 3138 692 τοὺς
3202 626 3557 699 Ἰσραηλίτας,
3598 630 3700 682 καὶ

2122 718 2403 791 βούλεσθαι
2448 718 2724 782 παντελῶς
2745 719 2939 782 αὐτοὺς
2968 719 3197 773 ἀνελεῖν.
3223 713 3321 783 Οἷς
3345 719 3413 773 τά
3436 720 3535 791 τῆς
3581 720 3699 785 ἐξό-

2119 812 2211 865 δου
2239 811 2425 864 λοιπὸν
2452 811 2481 863 6
2512 810 2781 881 μακάριος
2810 811 3009 879 ἐπάγει
3038 809 3226 864 Δαυῖδ.

2189 903 2293 955 Τὸν
2321 903 2482 955 αὐτὸν
2512 902 2577 974 δὴ
2608 902 2809 973 τρόπον
2837 900 3115 957 κάνταῦθα
3148 901 3412 973 πρότερον
3470 902 3570 974 μὲν
3598 904 3703 974 τῆς

2118 994 2324 1058 οἰκείας
2350 995 2573 1065 χάριτος
2602 994 2858 1060 ἐπίδειξιν
2890 995 3214 1065 ποιούμενος
3240 996 3274 1055 6
3299 995 3451 1059 Θεὸς,
3486 995 3696 1067 ἀθρόαν

2119 1085 2213 1139 τοῦ
2246 1104 2313 1153 τε,
2341 1086 2606 1156 βασιλέως
2644 1086 2756 1141 τῶν
2788 1086 3089 1157 Ἀσσυρίων
3117 1086 3213 1139 καὶ
3243 1087 3463 1141 πάντων
3487 1088 3551 1159 δή
3580 1089 3696 1142 τῶν

2120 1176 2264 1230 κατὰ
2307 1179 2408 1249 τὴν
2442 1177 2646 1249 Νινευὴ
2695 1178 2794 1250 τὴν
2840 1178 2933 1232 ὲπὶ
2981 1179 3041 1231 τὸ
3094 1181 3344 1247 κρεῖττον
3392 1180 3696 1251 μεταϐολὴν

2120 1269 2370 1338 γενέσθαι
2414 1270 2685 1341 πεποίηκε
2711 1285 2726 1300 ο
2767 1270 2884 1340 μετ’
2928 1269 2991 1323 οὐ
3026 1268 3161 1323 πολὺ
3203 1270 3260 1323 δὲ
3299 1271 3481 1335 ἐνδοὺς
3513 1272 3700 1332 αὐτοῖς

2119 1362 2219 1433 τὴν
2251 1362 2459 1415 οἰκείαν
2484 1362 2718 1432 ἐκφῆναι
2741 1361 2959 1426 κακίαν,
2987 1361 3136 1416 εἴασε
3156 1361 3381 1415 τοιαῦτα
3406 1356 3535 1434 περὶ
3565 1366 3696 1427 τοὺς

2133 1451 2473 1524 Ἰσραηλίτας
2501 1452 2632 1523 παρ’
2657 1451 2838 1506 αὐτῶν
2862 1452 3134 1520 γενέσθαι,
3167 1453 3263 1522 ἀφ’
3288 1446 3363 1507 ὧν
3384 1453 3701 1525 ὲπόρθησάν

2120 1560 2180 1596 τε
2211 1544 2309 1608 τὰς
2346 1543 2478 1598 δέκα
2525 1542 2733 1613 φυλὰς,
2767 1543 2863 1595 καὶ
2908 1543 3348 1613 ἐπεστράτευσαν
3380 1546 3445 1613 τῇ
3476 1543 3695 1614 ,Ἰερου-

2125 1634 2325 1706 σαλὴμ,
2361 1634 2501 1705 μετά
2556 1634 2761 1705 πολλῆς
2805 1634 3144 1706 ὁρμήσαντες
3170 1635 3270 1704 τῆς
3295 1635 3547 1699 ἀπονοίας
3571 1676 3589 1701 ,
3618 1635 3695 1701 ὡς

2123 1728 2220 1782 καὶ
2263 1727 2412 1799 αὐτῷ
2449 1744 2514 1796 γε
2568 1726 2768 1799 μικροῦ
2802 1727 3202 1798 πολεμήσοντες
3232 1726 3310 1797 τῷ
3353 1726 3505 1797 Θεῷ·
3557 1726 3700 1782 ἀλλὰ

450 1818 505 1872 in
532 1818 715 1886 fugam
759 1817 1001 1886 reliquos
1057 1816 1226 1869 variis
1266 1815 1501 1887 irrctivit
1553 1814 1963 1869 calamitatibus
2003 1832 2013 1869 :

2121 1820 2229 1891 γάρ
2253 1817 2381 1872 εὐθὺ
2412 1819 2513 1891 μὲν
2544 1817 2852 1889 βαρυτάτην
2880 1817 3063 1880 αὐτοῖς
3094 1816 3181 1870 διὰ
3212 1815 3306 1871 τοῦ
3334 1817 3565 1885 ἀγγέλου
3593 1816 3695 1888 τὴν

447 1911 625 1981 quoad
658 1911 711 1963 in
734 1910 995 1965 ditionem
1022 1923 1174 1965 suam
1204 1924 1327 1963 cum
1352 1909 1515 1978 212
1541 1924 1754 1964 summa
1786 1908 2017 1978 ignomi-

448 2004 539 2057 nia
608 2017 892 2071 regressus
970 1999 1448 2064 Sennacherimus,
1509 1999 1855 2071 Assyriorum
1926 1999 2017 2053 illa

446 2104 606 2150 astate
662 2111 779 2159 rex,
821 2109 1005 2149 necem
1038 2109 1068 2147 a
1098 2093 1334 2164 propriis
1365 2094 1548 2147 liberis
1582 2108 1877 2163 perpessus
1911 2099 2014 2147 est.

448 2185 650 2240 Deinde
687 2184 865 2254 gentis
917 2199 1136 2253 quoque
1188 2183 1476 2253 imperium
1518 2182 1764 2238 funditus
1817 2184 2018 2238 delevit

450 2277 590 2331 Deus
641 2276 732 2345 qui
767 2290 861 2346 per
890 2274 1216 2345 Babylonios
1241 2272 1591 2328 obsidendam
1635 2273 1862 2329 Niniven
1894 2290 2018 2328 vas-

447 2369 777 2436 tandamque
808 2367 1020 2421 curavit
1081 2384 1093 2419 :
1131 2365 1266 2420 adeo
1312 2376 1370 2421 tit
1408 2366 1791 2420 innumerabili
1818 2366 2017 2435 populo

446 2460 705 2529 frequens
726 2458 922 2513 civitas
947 2469 1000 2513 et
1024 2457 1363 2514 nobilissima
1388 2466 1551 2528 atque
1573 2458 1780 2527 regina,
1800 2459 2017 2527 captiva

450 2554 612 2607 fuerit
639 2568 702 2606 ac
735 2551 1127 2607 desertissima:
1152 2550 1432 2605 solitudini
1451 2552 1668 2605 tradita.
1689 2548 1823 2604 Nam
1855 2552 2015 2605 sicuti

448 2646 629 2715 priore
676 2652 938 2713 tempore,
976 2642 1045 2696 de
1076 2657 1186 2711 quo
1220 2642 1411 2696 beatus
1441 2639 1607 2696 Jonas
1646 2642 1906 2712 propheta
1941 2643 2020 2694 Io-

445 2736 657 2805 quitur,
679 2751 790 2790 sua:
809 2734 991 2806 gratim
1010 2732 1267 2789 indicium
1289 2732 1431 2785 Deus
1462 2731 1607 2794 fecit,
1632 2731 1760 2784 dum
1796 2742 2020 2800 repente

446 2828 700 2898 Assyrios
758 2840 948 2881 omnes
991 2824 1058 2878 ad
1112 2823 1368 2878 virtutem
1422 2824 1725 2877 convertit:
1761 2823 1832 2875 ita
1869 2838 2017 2875 nunc

446 2918 665 2974 eosdem
703 2918 1003 2973 sceleribus
1038 2918 1232 2971 iterum
1261 2915 1494 2980 deditos,
1538 2915 1775 2968 maximo
1808 2922 1862 2968 ct
1891 2914 2020 2967 hor-

448 3011 618 3066 rendo
658 3010 881 3065 ultionis
925 3025 1121 3080 genere
1162 3008 1343 3062 affecit
1376 3026 1389 3061 :
1423 3016 1651 3077 utraque
1683 3022 1741 3060 re
1781 3021 2014 3076 genera-

447 3104 544 3158 tim
597 3103 845 3158 homines
896 3101 1172 3165 erudiens,
1206 3108 1261 3152 ut
1292 3107 1346 3154 et
1377 3101 1565 3169 gratim
1594 3100 1714 3168 ejus
1744 3100 2015 3169 magnitu-

2122 1911 2339 1983 πληγὴν
2392 1911 2673 1981 ἐπήγαγεν
2704 1912 2732 1963 6
2786 1908 2950 1973 Θεὸς,
2982 1908 3191 1979 τρέψας
3230 1908 3286 1961 δὲ
3317 1911 3441 1973 τοὺς
3472 1909 3699 1973 λοιποὺς

2121 2006 2203 2068 εἰς
2251 2002 2429 2074 φυγὴν
2472 2001 2829 2073 πολυτρόποις
2882 2001 3244 2074 περιϐέϐληκε
3297 2003 3409 2065 τοῖς
3456 2004 3647 2063 κακοῖς
3675 2019 3691 2031 .

2123 2094 2199 2166 (p.
2231 2095 2356 2166 526)
2387 2095 2481 2148 καὶ
2524 2094 2588 2147 τὸ
2629 2093 2936 2147 τελευταῖον
2980 2095 3074 2146 ἐπὶ
3111 2093 3211 2164 τῆς
3250 2094 3457 2157 οἰκείας
3507 2092 3695 2165 χώρας

2121 2185 2359 2255 γεγονὼς
2410 2184 2546 2255 μετά
2584 2184 2787 2255 πολλῆς
2829 2185 2928 2255 τῆς
2984 2185 3205 2256 ἀτιμίας
3246 2186 3620 2257 Σενναχηρεὶμ
3664 2189 3704 2242 6

2121 2278 2243 2331 τότε
2258 2277 2366 2330 τῶν
2399 2276 2702 2347 Ἀσσυρίων
2730 2275 2981 2346 βασιλεὺς
2997 2276 3094 2348 τὴν
3116 2276 3221 2329 ὑπὸ
3247 2277 3356 2330 τῶν
3384 2277 3528 2330 ἰδίων
3558 2278 3696 2331 tath

2123 2369 2509 2441 ὕπομεμένηκε
2556 2369 2802 2440 σφαγήν·
2850 2364 2953 2423 εἶθ’
2998 2367 3225 2439 ὕστερον
3269 2370 3365 2421 καὶ
3415 2368 3702 2433 παντελῶς

2121 2462 2299 2517 αὐτῶν
2328 2462 2425 2533 τὴν
2456 2461 2731 2531 βασιλείαν
2765 2463 3037 2526 καθεῖλεν,
3068 2462 3156 2516 διὰ
3185 2463 3295 2517 τῶν
3333 2462 3693 2517 Βαϐυλωνίων

2122 2550 2546 2622 πολιορκηθῆναι
2564 2551 2692 2623 παρ’
2708 2551 2888 2604 αὐτῶν
2906 2552 3328 2623 παρασκευάσας
3344 2551 3442 2623 τὴν
3464 2552 3692 2623 Νινευὴ,

2122 2643 2263 2696 ὥστε
2311 2641 2410 2713 τὴν
2442 2641 3004 2714 πολυανθρωποτάτην
3049 2644 3145 2697 καὶ
3177 2645 3447 2715 περιφανῆ
3477 2644 3572 2698 καὶ⁵
3601 2642 3700 2714 βα-

2125 2732 2317 2794 σιλίδα,
2347 2731 2689 2802 αίχμάλωτόν
2713 2750 2772 2785 τε
2806 2732 3057 2801 γενέσθαι
3089 2733 3183 2787 καὶ
3214 2734 3296 2795 εἰς
3320 2734 3553 2805 ἐρημίαν
3587 2751 3691 2788 κα-

2120 2822 2383 2892 ταστῆναι
2418 2823 2656 2893 παντελῆ
2692 2824 2803 2895 (45)
2824 2840 2840 2855 ο
2880 2824 2957 2888 ὡς
2987 2824 3093 2897 γὰρ
3127 2827 3186 2879 ὲν
3228 2828 3340 2889 τοῖς
3372 2826 3656 2897 προτέροις
3676 2866 3703 2892 ,

2124 2917 2269 2988 ἅπερ
2295 2919 2323 2971 6
2357 2917 2628 2987 μακάριος
2683 2917 2865 2979 Ἰωνᾶς
2891 2918 2918 2970 6
2944 2918 3228 2988 προφήτης
3262 2917 3564 2988 διηγεῖται,
3592 2920 3697 2989 τῆς

2123 3008 2342 3080 χάριτος
2374 3009 2473 3079 τὴν
2497 3007 2759 3073 ἐπίδειξιν
2789 3010 2818 3060 6
2841 3007 2975 3071 Θεὸς
3012 3010 3306 3079 ἐποιήσατο
3330 3010 3427 3078 τῆς
3458 3010 3695 3075 οἰκείας,

2123 3098 2367 3162 ἅπαντας
2396 3100 2595 3163 αὐτοὺς
2637 3098 2833 3169 ἀθρόον
2881 3097 3135 3168 μεταθεὶς
3178 3100 3273 3155 ἐπὶ
3318 3100 3379 3153 τὸ
3418 3104 3693 3172 κρεῖττον,

446 3196 628 3250 dinem
679 3201 930 3258 noscant,
983 3192 1251 3262 siquando
1320 3192 1432 3245 vult
1464 3206 1621 3246 suam
1666 3191 1719 3245 in
1770 3191 2013 3245 homines

2120 3184 2293 3248 οὕτως
2310 3184 2542 3253 ἐνταῦθα
2557 3184 2656 3254 τὴν
2669 3186 2869 3239 κακίαν
2888 3184 3327 3255 ἐπιδειξαμένους
3341 3189 3439 3261 τὴν
3460 3191 3699 3257 οἰκείαν,

450 3286 887 3342 benevolentiam
915 3300 1267 3354 expromere:
1286 3292 1341 3339 et
1369 3282 1621 3338 vindictae
1650 3284 2025 3343 terrorem.si-

446 3379 666 3453 quando
700 3378 803 3433 hac
832 3378 1028 3447 dignos
1058 3377 1354 3442 existimat,
1382 3376 1476 3447 qui
1514 3374 1850 3446 pervicacem
1886 3390 2013 3445 pec-

447 3472 606 3526 candi
638 3470 963 3525 sententiam
1006 3470 1268 3523 retinent.

2127 3280 2357 3350 μεγίστη
2392 3278 2499 3331 τινὶ
2548 3278 2644 3332 καὶ
2671 3278 2879 3349 φοϐερᾷ
2910 3278 3274 3350 περιϐέϐληκε
3309 3283 3375 3352 τῇ
3410 3282 3651 3354 τιμωρίᾳ
3672 3298 3695 3313 ο

2119 3371 2187 3425 δι’
2216 3370 2423 3441 ἀμφοτέ
2434 3386 2540 3441 ρων
2570 3370 2813 3434 ἅπαντας
2843 3370 3112 3424 παιδεύων
3140 3370 3479 3443 ἀνθρώπους,
3511 3372 3591 3437 ὡς
3619 3374 3693 3428 ἂν

2119 3462 2216 3516 καὶ
2248 3461 2309 3514 τὸ
2348 3462 2449 3531 τῆς
2484 3460 2711 3532 χάριτος
2741 3460 2907 3515 αὐτοῦ
2944 3462 3175 3533 μέγεθος
3220 3463 3409 3517 εἰδεῖεν
3439 3464 3589 3518 ὁπότ’
3620 3466 3695 3520 ἂν

445 3566 606 3637 ἐθέλῃ
624 3564 751 3630 περὶ
774 3563 903 3625 τοὺς
918 3560 1235 3634 ἀνθρώπους
1262 3559 1357 3630 τὴν
1377 3558 1579 3612 οἰκείαν
1603 3552 2000 3611 ἐπιδείκνυσθαι
2023 3551 2352 3622 φιλοτιμίαν,
2400 3551 2494 3604 καὶ
2542 3552 2643 3623 τῆς
2683 3551 2953 3624 τιμωρίας
2977 3551 3069 3608 τὸν
3094 3551 3256 3624 φόϐον
3285 3554 3361 3608 ὅτ’
3391 3553 3460 3610 ἂν
3481 3554 3698 3628 ταύτης

446 3657 629 3725 ἀξίους
663 3651 800 3710 εἶναι
832 3652 1025 3727 νομίζῃ
1052 3654 1178 3717 τοὺς
1204 3652 1528 3724 ἀδιόρθωτον
1560 3652 1651 3705 ἐπὶ
1682 3648 1760 3719 τῷ
1784 3647 1995 3701 πταίειν
2024 3644 2242 3715 ἔχοντας
2265 3644 2364 3715 τὴν
2395 3642 2641 3714 γνώμην.

517 3751 649 3808 Illud
683 3752 847 3821 igitur
874 3750 1040 3804 Jonas
1069 3748 1329 3817 propheta
1383 3746 1642 3807 declarat,
1674 3744 1777 3798 hoc
1834 3741 2018 3797 Nahu-

448 3860 594 3908 mus,
620 3845 881 3899 ultionem
912 3841 1218 3896 vaticinans
1262 3838 1611 3893 multifariam
1645 3837 1699 3890 in
1746 3852 1841 3893 eos
1867 3850 2018 3890 exse-

448 3935 698 3998 rendain,
735 3933 826 4003 qui
870 3938 1019 3984 tanta
1051 3928 1308 3999 superbia
1340 3928 1604 3981 adversus
1650 3926 1920 3980 lsraelitas
1951 3938 2015 3977 ae

449 4025 824 4094 Hierosolyma
856 4023 940 4075 usi
982 4021 1227 4080 fuerant,
1262 4034 1474 4074 necnon
1503 4025 1694 4074 contra
1737 4018 2016 4071 universa-

447 4120 576 4181 lem,
630 4120 723 4186 qtti
747 4115 1026 4169 colebatur
1075 4112 1296 4173 ibidem,
1330 4111 1517 4165 Deum.
1574 4108 1729 4165 Unde
1759 4108 2014 4162 omnibus

446 4207 665 4269 claruit,
730 4202 872 4259 haud
914 4201 1306 4272 permissurum
1364 4199 1531 4253 Deum
1565 4197 1735 4253 fuisse
1782 4198 1896 4251 haec
1932 4196 2013 4252 ls-

445 4298 654 4353 raelitis
682 4296 823 4349 mala
860 4293 927 4347 ab
959 4291 1199 4362 Assyriis
1226 4290 1493 4352 accidere.
1527 4290 1633 4345 nisi
1663 4290 1777 4344 hate
1808 4288 2013 4359 perpeti

444 4391 515 4445 ob
541 4404 693 4445 suam
711 4385 1037 4454 impietatem
1058 4382 1250 4451 dignos
1275 4396 1333 4436 se
1356 4381 1730 4451 przebuissent.
1760 4380 1873 4451 Age
1886 4394 2013 4434 vero

445 4489 731 4551 postquam
783 4475 990 4532 Hebraei
1034 4474 1177 4544 passi
1214 4483 1342 4527 sunt
1373 4473 1513 4526 mala
1553 4472 1622 4526 ab
1647 4471 1889 4543 Assyriis
1913 4471 2013 4525 im-

448 4579 623 4641 pacta,
660 4570 916 4637 illamque
961 4565 1301 4636 pertulerunt
1336 4562 1725 4632 captivitatem,
1754 4560 1883 4615 dum
1909 4561 2011 4614 im-

420 4663 660 4734 -pietatis
694 4676 806 4715 suze
832 4670 1023 4728 poenas
1072 4655 1405 4726 penderent;
1439 4661 1837 4723 consequenter
1867 4651 2011 4706 Deus

443 4757 510 4808 ad
563 4770 681 4818 eos,
731 4751 825 4821 qui
865 4748 1205 4804 calamitates
1248 4746 1369 4800 illas
1420 4743 1816 4806 conﬂaverant,
1871 4746 2007 4799 iram

445 4861 599 4900 suam
655 4841 957 4906 transtulit,
996 4838 1210 4893 consilii
1267 4838 1545 4893 vesaniam
1587 4836 1844 4905 puniens,
1900 4850 2011 4903 quo

454 4938 575 4991 ausi
608 4937 825 4989 fuerant
853 4944 1041 4987 contra
1087 4932 1252 4987 Deum
1277 4929 1507 4999 ejusque
1537 4928 1833 4983 familiares
1857 4932 2011 4982 arma

442 5042 660 5096 capere.
693 5026 863 5096 Igitur
882 5022 1153 5079 Israelitas
1208 5023 1451 5091 quidem,
1510 5034 1611 5073 ceu
1644 5018 1804 5088 213
1836 5034 2008 5087 paena:

440 5120 709 5173 obnoxios
760 5117 835 5171 ob
871 5117 1197 5185 impietatem
1236 5123 1291 5168 et
1330 5120 1557 5182 peccata
1585 5127 1707 5175 sua,
1744 5113 1824 5166 sic
1846 5112 2005 5182 affligi

439 5209 722 5280 permisit;
788 5208 1042 5277 Assyrios
1095 5216 1276 5259 autem
1340 5204 1434 5274 q‘ui
1490 5203 1719 5258 crimine
1783 5205 2007 5274 proprio

445 5299 686 5354 Hebraeis
720 5296 933 5351 molesti
952 5295 1184 5359 fuerant,
1206 5294 1516 5349 necessario
1532 5293 1744 5362 punivit
1765 5308 1827 5347 ac
1855 5296 2004 5347 ultus

440 5396 546 5448 est,
573 5392 855 5456 propterea
912 5384 1055 5454 quod
1108 5383 1273 5437 animi
1344 5382 1563 5436 vesania
1629 5397 1693 5436 ac
1746 5385 2011 5452 pravitate

439 5479 611 5542 ducti,
655 5478 710 5531 in
749 5484 956 5529 tantum
989 5475 1213 5530 sceleris
1250 5482 1533 5535 venerant,
1571 5480 1628 5526 tit
1653 5481 1919 5543 quantum
1952 5477 2007 5531 in

514 5619 626 5688 (45)
652 5616 873 5688 Ninives
901 5630 929 5688 ιι
953 5613 1259 5688 Babyloniis
1293 5619 1648 5688 capturamet
1676 5616 1995 5688 oestructio-

440 5680 564 5748 nem
590 5696 773 5743 narrat
799 5680 1079 5739 Diodorus
1098 5684 1313 5737 Siculus
1330 5682 1423 5735 lib.
1452 5695 1517 5752 ιι,
1540 5680 1630 5752 25.
1654 5689 1708 5733 et
1729 5682 1798 5752 28
1818 5698 1833 5744 ;
1856 5700 1991 5752 pm-

437 5765 652 5820 dixerat
682 5766 904 5815 sanctus
932 5754 1129 5809 Tobias
1157 5767 1279 5823 cap.
1310 5766 1421 5820 xw,
1454 5749 1508 5805 6.
1548 5748 1732 5807 A‘State
1766 5748 1984 5811 demunt

2198 3738 2412 3792 Ἐκεῖνα
2456 3739 2555 3809 μὲν
2586 3734 2680 3793 οῦν
2721 3739 2903 3804 Ἰωνᾶς
2927 3742 2956 3793 6
2983 3743 3269 3814 προφήτης
3311 3743 3491 3814 δηλοῖ·
3522 3753 3690 3806 ταυτὶ⁵

2110 3831 2169 3885 δὲ
2197 3834 2226 3885 6
2256 3832 2470 3901 Ναοὺμ,
2503 3830 2604 3903 τὴν
2640 3832 2912 3903 τιμωρίαν
2937 3832 3109 3901 λέγων
3144 3835 3244 3906 τὴν
3283 3836 3543 3902 ποικίλως
3580 3842 3690 3895 αὐ-

2110 3924 2223 3985 τοῖς
2260 3920 2559 3991 ἐπάγεσθαι
2586 3921 2905 3992 μέλλουσαν,
2940 3923 3085 3994 ὑπὲρ
3113 3917 3189 3977 ὧν
3209 3925 3448 3997 τοσούτῳ
3478 3932 3688 4002 φρονή-

2114 4033 2246 4087 ματι
2284 4016 2427 4070 κατά
2460 4032 2521 4069 τε
2555 4015 2666 4068 τῶν
2722 4016 3069 4088 Ἰσραηλιτῶν
3101 4019 3405 4091 ἐχρήσαντο
3447 4023 3543 4076 καὶ
3580 4026 3695 4096 τῆς
3724 4030 3727 4033 ⁷

2123 4107 2498 4179 Ἰερουσαλὴμ,
2539 4108 2614 4176 (p.
2645 4108 2769 4178 325)
2795 4108 2890 4162 τοῦ
2915 4126 2977 4162 τε
2999 4111 3057 4163 ὲν
3080 4111 3216 4182 αὐτῇ
3241 4112 3691 4185 θεραπευομένου

2109 4199 2220 4252 τῶν
2260 4200 2397 4253 ὅλων
2446 4198 2581 4252 Θεοῦ
2605 4216 2619 4227 ·
2667 4200 2736 4253 δι’
2782 4192 2858 4254 ὧν
2903 4200 3106 4255 ἅπασιν
3135 4203 3341 4271 ἐγίνετο
3385 4204 3570 4277 δῆλον,
3592 4209 3685 4263 ὅτι

2109 4290 2223 4345 οὔτ’
2248 4292 2314 4346 ἂν
2342 4294 2525 4346 ἐκεῖνα
2566 4292 2757 4347 παθείν
2796 4293 3139 4365 συνεχώρησε
3167 4298 3298 4366 παρ’
3326 4296 3507 4352 αὐτῶν
3547 4302 3688 4368 τοὺς

2123 4384 2482 4455 Ἰσραηλίτας,
2507 4386 2555 4439 εἰ
2582 4385 2657 4456 μὴ
2681 4384 2776 4438 τοῦ
2803 4384 3026 4438 τοιαῦτα
3050 4385 3239 4439 παθεῆ
3260 4387 3327 4441 δι’
3351 4382 3426 4442 ὦν
3454 4390 3690 4449 ἐσόϐουν

2113 4476 2267 4530 αὐτοὶ
2294 4475 2568 4546 παρέσχον
2609 4476 2837 4538 ἑαυτοὺς
2872 4474 3087 4540 ἀξίουςο
3121 4476 3215 4530 καὶ
3241 4478 3428 4551 ἐπειδὴ
3476 4483 3686 4537 πεπόν-

2114 4566 2268 4620 θασιν
2312 4560 2455 4620 οὗτοι
2488 4567 2559 4621 τά
2600 4567 2729 4637 παρ’
2758 4567 2981 4620 ἐκείνων
3019 4567 3204 4631 αὐτοῖς
3229 4569 3538 4640 ἐπαχθέντα
3579 4577 3689 4630 καὶ

2109 4656 2207 4727 τὴν
2249 4656 2624 4727 αἰχμαλωσίαν
2671 4658 3191 4728 ὑπερμεμενήκασιν
3235 4660 3471 4733 ἐκείνην,
3516 4663 3683 4731 δίκας

2108 4748 2208 4817 τῆς
2230 4747 2481 4812 ἀσεϐείας
2500 4748 2733 4811 διδόντες
2761 4748 2863 4818 τῆς
2899 4748 3125 4813 οἰκείας,
3154 4750 3459 4815 ἀκολούθως
3486 4756 3515 4807 6
3540 4755 3681 4821 Θεὸς

2108 4840 2201 4893 ἐπὶ
2252 4841 2379 4903 τοὺς
2420 4838 2645 4893 τοιαῦτα
2685 4840 3055 4909 πεποιηκότας
3100 4840 3327 4910 μετάγει
3374 4844 3471 4915 τὴν
3500 4847 3688 4920 ὀργὴν

2108 4930 2515 5003 τιμωρούμενος
2565 4931 2797 4995 αὐτοὺς,
2831 4931 2971 5001 ὑπὲρ
3015 4924 3095 4984 ὧν
3132 4933 3404 5006 μοχθηρίᾳ
3446 4936 3681 5011 γνώμης

2105 5024 2432 5095 πεποιήκασί
2474 5040 2534 5077 τε
2565 5024 2661 5077 καὶ
2706 5021 3068 5093 τετολμήκασι
3107 5023 3249 5077 κατά
3291 5040 3351 5077 τε
3385 5025 3486 5078 τοῦ
3530 5030 3679 5083 Θεοῦ

2104 5117 2198 5170 καὶ
2238 5116 2347 5170 τῶν
2378 5114 2530 5185 αὑτῷ
2554 5114 2967 5185 προσηκόντων
3010 5115 3137 5177 τοὺς
3174 5115 3273 5186 μὲν
3300 5115 3409 5187 γὰρ
3452 5118 3679 5190 Ἰσραη-

2102 5208 2253 5271 λίτας
2299 5208 2374 5271 ὡς
2405 5207 2587 5274 ἀξίους
2632 5206 2890 5260 τοιούτων
2938 5205 3078 5276 ὑπὲρ
3106 5198 3180 5260 ὧν
3229 5207 3450 5261 hct-£60m!
3479 5225 3539 5261 τε
3574 5214 3677 5264 καὶ

2102 5300 2414 5370 ἡμάρτανον
2435 5299 2521 5352 aia.
2548 5297 2764 5359 παθεῖν,
2794 5297 2921 5359 τοὺς
2948 5296 3005 5350 δὲ
3023 5297 3089 5349 ὲκ
3109 5296 3210 5367 τῆς
3234 5298 3439 5363 οἰκείας
3459 5301 3675 5374 μοχθη-

2099 5390 2221 5461 ρίας
2254 5389 2477 5444 τοιαῦτα
2520 5389 2640 5441 κατ’
2681 5387 2862 5442 αὐτῶν
2905 5389 3301 5459 πεποιηκότας,
3349 5390 3672 5460 ἀναγκαίαις

2096 5480 2273 5550 ὑπῆγε
2323 5481 2391 5551 τῇ
2430 5477 2700 5550 τιμωρίᾳ,
2733 5476 2890 5540 δίκας
2932 5476 3131 5541 αὐτοὺς
3179 5479 3668 5551 εἰσπραττόμενος,

2097 5628 2281 5673 nostra
2295 5632 2546 5673 enormes
2569 5617 2715 5673 illius
2742 5615 2914 5671 ruinae
2934 5629 2996 5669 ac
3020 5626 3369 5672 monumenta
3391 5617 3668 5678 ellodiun-

2094 5698 2183 5744 tur
2211 5687 2487 5745 Gallorum
2514 5688 2818 5759 sumptibus
2845 5695 2900 5744 et
2933 5685 3223 5742 industria.
3670 5704 3673 5707 λ
