3830 6216
1227 295 1773 371 COMMENTARIUS
1812 302 1876 356 IN
1916 299 2191 358 NAHUMI
2227 300 2379 356 CAP.
2420 302 2464 355 1.

3342 297 3448 350 40?.

207 432 351 502 ὑπὲρ
380 424 458 485 ὧν
485 430 715 501 ἀπονοίᾳ
741 446 802 483 τε
835 429 931 483 καὶ
963 427 1238 500 μοχθηρίᾳ
1272 426 1495 497 γνώμης
1530 424 1775 493 ἑλόμενοι

1894 421 2013 490 ηρείε
2032 426 2149 474 erat
2175 419 2374 474 bellum
2409 417 2518 472 Deo
2557 416 2872 472 indixerint.
2902 413 3020 468 Jam
3049 411 3211 468 siculi
3244 410 3449 502 Ahdias

208 522 346 592 πρὸς
373 520 629 576 τοσοῦτον
652 520 945 586 ἐξώκειλαν
973 518 1247 581 ἀσεϐείας,
1279 516 1420 570 ὣστε
1445 518 1539 569 καὶ
1562 515 1661 577 ,ἐπὶ
1689 513 1778 579 τὸν

206 614 339 668 Θεὸν
366 612 606 684 ἄρασθαι
641 612 877 683 πόλεμον
913 612 976 665 τό
997 628 1061 680 γε
1087 612 1173 664 ἐπ’
1204 611 1387 673 αὐτοῖς
1412 625 1425 639 ·
1454 607 1642 679 ὥσπερ
1670 607 1778 678 γὰρ

208 708 239 759 ό
280 703 493 758 ’Λὸδιοῦ
516 703 615 775 τὴν
643 702 787 756 κατὰ
815 701 925 756 τῶν
967 701 1283 773 Ἰδουμαίων
1304 700 1451 769 λέγει
1479 698 1777 770 τιμωρίαν,

209 798 276 868 ῆν
304 796 597 866 ὑπομένειν
628 794 860 867 ἤμελλον
889 794 1116 865 ὕστερον
1163 794 1303 864 μετὰ
1328 794 1428 864 τὴν
1468 791 1578 846 άπὸ
1605 790 1779 844 Βαὸυφ

211 888 377 952 λῶνος
408 888 666 942 ἐπάνοδον
694 887 788 941 τοῦ
817 886 971 950 λαοῦ,
994 886 1136 957 ὑπὲρ
1150 882 1225 940 ὧν
1241 884 1780 955 πεπλημμελήκεσαν

204 976 290 1037 είς
337 974 440 1044 τὴν
485 974 841 1045 Ἰερουσαλὴμ
885 974 965 1037 είς
1006 991 1066 1028 τε
1110 975 1234 1038 τοὺς
1270 973 1556 1037 οἰκοῦντας
1609 972 1780 1042 αὐτὴν

202 1063 354 1123 ,κατὰ
379 1065 473 1118 τὸν
518 1066 708 1135 καιρὸν
735 1066 965 1128 ἐκεῖνον,
1012 1065 1173 1135 δῆλον
1211 1068 1279 1137 τῇ
1333 1065 1563 1136 μηνύσει
1614 1065 1783 1119 ποιῶν

210 1154 294 1209 ὅτι
343 1156 489 1209 κατὰ
520 1156 745 1227 γνώμην
792 1155 928 1208 Θεοῦ
960 1156 1028 1210 τά
1077 1156 1206 1227 περὶ
1251 1157 1450 1219 αὐτοὺς
1493 1157 1785 1227 γενήσεται

210 1243 353 1307 τότε,
389 1241 564 1305 οῦτως
590 1245 619 1296 ό
656 1244 922 1314 μακάριος
956 1244 1152 1315 Ναοὺμ
1194 1246 1286 1298 ἐπὶ
1312 1246 1415 1313 τῆς
1440 1245 1624 1317 βίϐλου
1656 1246 1786 1299 ταῦ-

210 1350 311 1403 της
351 1333 452 1405 τὴν
498 1334 952 1407 ἐπαχθησομένην
991 1338 1103 1399 τοῖς
1148 1337 1453 1408 Ἀσσυρίοις
1501 1339 1652 1408 παρὰ
1691 1336 1785 1391 τοῦ

210 1424 665 1530 ἓεοῦκτιμωρίαν
713 1428 911 1498 φησὶν,
955 1428 1028 1497 (ι).
1070 1428 1196 1497 526)
1229 1429 1410 1530 ἥνπερ
1444 1425 1536 1483 οῦν
1580 1431 1673 1484 κα)⁸
1700 1431 1789 1484 διὰ

213 1514 573 1571 Βαϐυλωνίων
622 1516 921 1588 ὑπέμειναν
962 1517 1189 1589 ὕστερον
1214 1536 1228 1550 ·
1275 1514 1451 1590 δηλῶν
1484 1520 1579 1573 καὶ
1626 1521 1789 1585 αὐτὸς

196 1608 296 1663 ,ὅτι
333 1606 476 1661 κατὰ
505 1606 730 1679 γνώμην
758 1608 894 1663 Θεοῦ
934 1610 1028 1664 καὶ
1056 1610 1248 1664 παθεῖν
1281 1610 1455 1665 ταῦτα
1486 1613 1537 1664 oi
1580 1614 1789 1683 Ἰσραη-

1876 513 2125 567 ldumtets
2162 511 2310 565 canit
2350 509 2712 579 punitionem,
2767 520 2930 576 quam
2991 502 3188 559 deinde
3222 500 3445 572 passuri

1876 612 2052 669 erant,
2077 612 2198 673 post
2228 602 2439 657 Hebraai
2484 601 2665 671 populi
2693 599 2966 670 Babylone
2993 596 3252 658 reditum,
3285 591 3355 647 ob
3386 606 3451 645 ea

1876 712 2000 767 quae
2024 695 2285 752 adversus
2319 694 2689 765 Hierosolyma
2717 705 3016 760 eorumque
3047 688 3257 743 incolas
3291 693 3452 740 antea

1878 789 2251 857 deliquerant;
2276 786 2591 857 signiﬁcans
2618 786 2842 840 omnino
2872 781 3008 844 fore,
3052 790 3105 833 ut
3139 780 3253 833 haec
3297 792 3327 829 a
3361 775 3451 829 Dei

1878 884 2158 937 voluntate
2188 880 2295 935 illis
2321 879 2605 935 eveniant:
2634 878 2707 930 ita
2744 876 2937 931 beatus
2964 875 3067 929 hoc
3096 873 3235 926 libro
3270 869 3453 922 Nabu-

1881 990 2005 1030 mus
2044 982 2465 1044 superventuras
2512 971 2753 1042 Assyriis
2792 984 2822 1022 a
2853 967 2960 1023 Deo
2993 980 3185 1037 prunas
3238 963 3431 1017 reeitat

1881 1082 2020 1138 quas
2044 1080 2238 1134 reapse
2268 1079 2298 1118 a
2325 1062 2635 1134 Babyloniis
2655 1060 2895 1131 perpessi
2917 1066 3045 1115 sunt
3082 1066 3269 1128 postea
3295 1070 3309 1107 :
3340 1054 3456 1123 ipse

1878 1157 2086 1227 pariter
2107 1155 2421 1219 ostendens,
2473 1152 2930 1224 quemadmodum
2964 1149 3055 1203 Dei
3091 1156 3225 1202 nutu
3254 1154 3308 1199 et
3342 1144 3457 1199 haec

1876 1248 2200 1316 contingere
2245 1243 2503 1299 lsraelitis
2539 1243 2865 1313 permissum
2898 1239 3094 1306 fuerit;
3140 1244 3194 1292 et
3225 1234 3331 1305 ipsi
3356 1232 3454 1287 de-

1878 1355 2032 1394 mum
2059 1335 2267 1407 Assyrii
2299 1336 2505 1390 scelera
2527 1350 2625 1390 sua
2655 1342 2900 1403 tempore
2932 1331 3127 1385 idoneo
3170 1323 3456 1397 suppliciis

1884 1431 2149 1501 expiaturi
2174 1438 2378 1484 essent.
2414 1426 2620 1481 Etlibri
2649 1424 2869 1496 quidem
2895 1429 3271 1493 argumentum
3293 1418 3445 1487 ejus-

1882 1524 2029 1578 modi
2059 1530 2163 1579 est.
2196 1520 2352 1576 Nunc
2386 1520 2452 1574 ad
2487 1519 2697 1589 singula
2743 1514 3080 1587 explananda
3135 1508 3455 1565 incumben-

1886 1617 2014 1669 dum
2042 1624 2150 1669 est.

194 1700 357 1759 ηλῐται
398 1702 489 1755 διά
528 1703 627 1774 τὴν
667 1703 874 1759 οἰκείαν
920 1706 1378 1777 συνεχωρήθησαν
1414 1707 1697 1762 ἀσέϐειαν·
1731 1708 1825 1763 καὶ
1864 1707 2137 1778 ’Λσσύριοί
2180 1724 2243 1775 γε
2275 1708 2372 1776 τῆς
2416 1704 2670 1768 ἀπονοίας
2711 1704 2810 1772 τῆς
2852 1700 3059 1755 ἑαυτῶν
3097 1698 3237 1751 κατὰ
3272 1694 3460 1765 καιρὸν

196 1793 477 1861 ἀνάλογον
513 1791 594 1859 οἷς
620 1796 1159 1869 πεπλημμελήκεσαν
1197 1797 1430 1853 δώσουσι
1467 1801 1647 1873 δίκην.
1674 1803 1756 1857 Τὰ
1787 1802 1886 1873 μὲν
1922 1802 1986 1873 δὴ
2019 1802 2116 1871 τῆς
2164 1800 2471 1862 ὑποθέσεως
2503 1796 2597 1851 τοῦ
2634 1795 2838 1866 βιϐλίου
2888 1791 3060 1846 ταῦτα
3086 1806 3098 1819 ο
3132 1785 3460 1858 προσεκτέον

212 1886 274 1940 δὲ
294 1890 408 1951 τοῖς
438 1888 579 1943 κατὰ
612 1890 775 1961 μέρος
797 1890 1001 1945 λοιπόν.

877 1981 1035 2033 ΚΕΦ.
1066 1981 1144 2035 Α’.

289 2067 439 2141 Στίχ.
470 2075 544 2127 α’.
589 2100 653 2113 -—
698 2088 721 2122 ι
770 2071 983 2141 Λῆμμα
1028 2071 1262 2143 Νινευὴ,
1301 2072 1503 2143 βιϐλίον
1547 2074 1791 2145 ὁράσεως

214 2157 417 2229 Ναοὺμ
447 2158 541 2212 τοῦ
588 2160 918 2215 Ἐλκεσαίου.
962 2181 983 2213 ι
1010 2162 1181 2216 Τοῦτο
1223 2163 1325 2233 μὲν
1367 2160 1461 2216 οῦν
1500 2165 1533 2235 ἡ
1567 2163 1792 2216 εἰωθυῖα

214 2249 501 2319 ἐπιγραφὴ
532 2250 645 2304 τῶν
671 2252 1065 2322 προφητικῶν·
1093 2253 1187 2308 τοῦ
1216 2255 1503 2325 λήμματος
1527 2255 1585 2307 δὲ
1610 2272 1790 2326 σαφη-

213 2339 366 2391 νίσαι
393 2342 656 2411 προσήκει
673 2343 772 2413 τὴν
785 2343 1023 2403 διάνοιαν
1043 2362 1057 2377 ι
1077 2345 1136 2398 ἒν
1155 2346 1254 2416 μὲν
1276 2348 1386 2417 γὰρ
1404 2342 1472 2417 ἦν
1490 2346 1551 2399 τὸ
1568 2345 1792 2416 Πνεῦμα

216 2428 281 2480 τὸ
315 2429 492 2497 ἆγιον,
518 2430 546 2482 ὃ
572 2433 687 2494 τοῖς
708 2432 813 2486 τῶν
838 2432 1094 2488 τοιούτων
1117 2436 1440 2506 ἠξιωμένοις
1467 2437 1565 2507 τὴν
1588 2437 1794 2491 οἰκείαν

220 2521 517 2591 παρείχετο
556 2523 714 2594 χάριν
734 2540 746 2553 ⁸
776 2524 959 2588 καθὼς
993 2527 1021 2578 ὁ
1054 2528 1324 2597 μακάριος
1349 2527 1560 2591 Παῦλός
1591 2544 1754 2597 φησιν
1776 2544 1792 2561 ο

223 2625 247 2661 ε
294 2611 547 2681 Ἔχοντες
590 2612 647 2666 δὲ
684 2613 815 2665 αὐτὸ
848 2612 1069 2686 Πνεῦμα
1114 2614 1212 2684 τῆς
1260 2615 1496 2678 πίστεως
1548 2617 1690 2669 κατὰ
1732 2614 1796 2667 τὸ

217 2704 641 2773 γεγραμμένον
695 2704 1052 2769 Ἐπίστευσα,
1097 2706 1179 2760 διὸ
1229 2706 1325 2759 καὶ
1375 2705 1645 2777 ἐλάλησα*
1700 2705 1796 2758 καὶ

220 2796 383 2862 ἡμεῖς
422 2796 770 2866 πιστεύομεν.
811 2797 889 2850 διὸ
932 2798 1027 2852 καὶ
1066 2797 1368 2867 λαλοῦμενο
1420 2816 1439 2850 ι
1472 2798 1686 2862 δεικνὺς
1715 2798 1796 2851 ὅτι

218 2886 323 2954 τῆς
350 2885 518 2955 αὐτῆς
546 2885 639 2938 τοῦ
657 2886 814 2957 ἁγίου
845 2887 1168 2959 Πνεῦματος
1200 2889 1424 2958 χάριτος
1453 2889 1507 2941 οἴ
1530 2905 1591 2941 τε
1626 2889 1795 2942 πάλαι

221 2980 497 3047 μετεῖχον,
526 2981 617 3033 καὶ
642 2982 691 3034 οἱ
723 2980 800 3051 τῷ
830 2982 929 3051 τῆς
951 2983 1161 3053 Καινῆς
1184 2984 1458 3055 Διαθήκης
1489 2986 1796 3055 ὑπερητού-

224 3084 379 3135 μενοι
403 3071 686 3141 μυστηρίῳ
703 3087 717 3101 ·
740 3070 985 3143 διάφοροι
1006 3074 1063 3126 δὲ
1094 3074 1232 3145 πρὸς
1254 3075 1317 3129 τὸ
1349 3079 1674 3145 κατεπεῖγον
1697 3077 1797 3147 τῆς

172 3224 175 3227 ν
220 3160 417 3230 χρείας
439 3162 788 3218 ἐπετελοῦντο
815 3168 869 3218 αἱ
895 3166 1190 3237 ἐνέργειαν
1218 3186 1238 3218 ι
1279 3169 1586 3239 Διαιρέσεις
1615 3170 1744 3240 γάρ,
1770 3189 1789 3222 ι

223 3254 381 3322 φησι,
417 3272 437 3307 ι
466 3256 819 3327 χαρισμάτων
845 3259 983 3322 εἰσὶ,
1014 3259 1073 3315 τὸ
1093 3260 1150 3312 δὲ
1178 3260 1310 3313 αὐτὸ
1338 3261 1591 3332 Πνεῦμα.
1628 3282 1647 3313 ι
1676 3263 1797 3316 Διά-

225 3360 371 3413 φορα
400 3345 501 3414 μὲν
528 3326 667 3399 εἶναι
696 3347 766 3401 τά
793 3348 1045 3419 διδόμενα
1074 3349 1270 3419 λέγων,
1300 3351 1356 3406 ἓν
1385 3353 1441 3405 δὲ
1470 3326 1532 3405 τὸ
1558 3354 1795 3424 παρέχον
1822 3326 1863 3382 C'

168 3478 171 3479 ν
226 3436 449 3489 ἅπαντα
476 3436 722 3507 Πνεῦμα.
765 3438 949 3492 Εἰπὼν
978 3440 1109 3507 γοῦν
1136 3442 1231 3495 καὶ
1257 3441 1351 3495 τὸν
1383 3442 1492 3496 τῶν
1526 3444 1797 3515 χαρισμά-

223 3543 339 3580 των
383 3528 711 3597 κατάλογον,
749 3550 768 3583 ι
811 3525 881 3601 ᾯ
924 3533 1023 3601 μὲν
1064 3534 1173 3605 γὰρ
1212 3534 1303 3589 διὰ
1332 3535 1427 3587 τοῦ
1482 3534 1797 3607 Πνεῦματος

219 3618 430 3672 δίδοται
456 3620 610 3689 λόγος
655 3622 844 3689 σοφίας
867 3661 882 3686 ,
911 3624 1054 3694 ἄλλῳ
1085 3625 1141 3677 δὲ
1183 3625 1337 3694 λόγος
1370 3625 1626 3694 γνώσεως
1654 3627 1797 3681 κατὰ

224 3714 291 3771 τὸ
317 3716 456 3768 αὐτὸ
482 3716 707 3786 Πνεῦμα
730 3757 745 3783 ,
786 3736 806 3769 ι
850 3720 944 3772 καὶ
975 3718 1043 3771 τὰ
1068 3718 1197 3789 ἑξῆς
1264 3720 1282 3790 (
1308 3736 1359 3789 p.
1402 3720 1527 3785 527)
1564 3720 1760 3790 ἐπάγει
1780 3739 1795 3752 ·

230 3826 252 3858 ι
294 3806 480 3863 Ταῦτα
520 3808 578 3862 δὲ
621 3809 802 3864 πάντα
826 3811 1041 3881 ἐνεργεῖ
1086 3811 1148 3864 τὸ
1178 3810 1237 3863 ἓν
1273 3812 1367 3864 καὶ
1412 3812 1545 3865 αὐτὸ
1572 3811 1799 3883 Πνεῦμα

222 3896 472 3969 διαιροῦν
501 3899 607 3971 ἰδίᾳ
646 3900 861 3972 ἑκάστῳ
898 3900 1082 3965 καθὼς
1117 3901 1385 3972 βούλεται·
1417 3920 1436 3953 ι
1474 3902 1685 3966 δεικνὺς
1717 3904 1798 3955 ὅτι

226 3990 321 4052 ὑπ’
356 3991 487 4053 ἐνὸς
528 3990 622 4045 τοῦ
663 3991 818 4059 ἁγίου
870 3991 1185 4062 Πνεῦματος
1220 3990 1436 4045 ἅπαντα
1481 3994 1796 4063 ἐνηργεῖτοο

228 4082 558 4153 πολύτροποι
586 4082 643 4135 δὲ
668 4084 758 4136 καὶ
786 4083 939 4136 atati
956 4084 1053 4153 τὴν
1076 4083 1265 4155 χρείαν
1296 4084 1593 4151 ἐνεγίνοντο
1615 4083 1800 4147 αὐτοῖς

230 4172 523 4240 ἐνέργειαι,
572 4171 697 4225 καθ’
745 4171 813 4235 ἃς
848 4170 1333 4243 τὴν.άποκάλυψιν
1395 4171 1639 4241 ἐδέχοντο
1687 4169 1799 4225 τῶν

210 4264 564 4333 ἀναγκαίων.
641 4264 922 4318 Ἐκστάσει
972 4263 1071 4335 μὲν
1120 4258 1213 4316 οῦν
1252 4262 1487 4325 ἅπαντες
1536 4259 1612 4324 ὼς
1654 4259 1800 4324 είκὺς

226 4354 339 4409 τῶν
380 4355 833 4427 άποῤῥητοτέρων
887 4355 1130 4426 ἐδέχοντο
1173 4353 1271 4425 τὴν
1300 4353 1524 4422 γνῶσιν,
1571 4352 1801 4422 ἐπείπερ

228 4448 359 4517 ἐνῆν
392 4448 591 4512 αὐτοὺς
630 4450 751 4512 ταῖς
793 4448 1024 4510 ἐννοίαις
1078 4447 1267 4519 πόρρω
1296 4463 1399 4499 που
1452 4445 1552 4516 τῆς
1596 4445 1803 4516 παρού-

231 4555 337 4608 σης
367 4539 752 4602 καταστάσεως
781 4538 1093 4607 γεγονότας,
1122 4537 1264 4590 οὕτω
1290 4536 1669 4609 δυνηθῆναιτῇ
1690 4536 1801 4589 τῶν

2558 1974 2709 2029 CAP.
2754 1973 2791 2026 l.

1960 2069 2125 2125 Vsus.
2180 2070 2231 2122 1.
2290 2098 2357 2107 -
2406 2087 2423 2118 ι
2482 2066 2739 2127 Lemma,
2806 2063 3146 2134 assumptio,
3200 2061 3460 2127 Ninives,

1890 2162 2028 2218 liber
2061 2161 2288 2216 visionis
2327 2160 2557 2213 Nahumi
2596 2157 2842 2212 Elccszci.
2882 2175 2900 2209 ι
2946 2157 3044 2210 liic
3077 2156 3295 2224 quidem
3330 2170 3463 2210 con-

1891 2262 2081 2311 suetus
2125 2253 2388 2307 librorum
2431 2251 2870 2320 propheticorum
2898 2249 3090 2303 titulus
3115 2256 3199 2303 est
3234 2268 3247 2303 :
3298 2262 3462 2302 voca-

1890 2343 2009 2399 buli
2058 2354 2238 2398 tamen
2298 2347 2486 2397 lemma
2529 2341 2802 2396 notionem
2857 2341 3178 2404 enucleare,
3227 2340 3463 2409 pretium

1891 2452 2073 2506 opera:
2100 2437 2223 2491 erit.
2250 2435 2401 2491 Unus
2432 2444 2547 2489 erat
2569 2442 2794 2489 sanctus
2846 2430 3102 2501 Spiritus,
3143 2433 3236 2501 qui
3266 2432 3462 2485 horum

1893 2543 2180 2583 munerum
2215 2526 2394 2597 dignis
2424 2541 2578 2580 suam
2624 2526 2852 2596 gratiam
2882 2524 3286 2595 suppeditabat,
3323 2531 3465 2579 teste

1894 2617 2054 2672 beato
2086 2616 2287 2670 Paulo:
2331 2635 2350 2666 ι
2388 2615 2657 2671 Habentes
2691 2623 2871 2669 autem
2899 2615 3150 2669 eumdem
3196 2614 3463 2683 Spiritum

1895 2709 2045 2774 ﬁdei,
2077 2708 2235 2762 sicuti
2274 2708 2537 2776 scriptum
2569 2714 2652 2761 est
2686 2724 2699 2760 :
2733 2704 2971 2769 Credidi,
3004 2700 3289 2775 propterea
3316 2705 3465 2759 locu-

1896 2810 1983 2855 tus
2033 2817 2185 2864 sum;
2248 2807 2302 2853 et
2364 2814 2465 2853 nos
2519 2799 2645 2867 quia
2687 2796 2982 2859 credimus,
3038 2795 3242 2850 ideirco
3289 2797 3468 2866 loqui-

1895 2906 2019 2944 mur
2051 2894 2091 2943 '.
2147 2911 2166 2942 ι
2211 2889 2421 2957 Quibus
2459 2890 2641 2943 verbis
2696 2888 2990 2959 signiticet,
3045 2889 3231 2942 eadem
3289 2889 3467 2942 sancti

1898 2981 2133 3052 Spiritus
2164 2983 2338 3053 gratia
2363 2992 2477 3035 tum
2516 2989 2729 3035 veteres
2760 2980 2881 3034 illos
2904 2980 3125 3048 potitos,
3162 2990 3274 3033 tum
3302 2980 3464 3033 etiam

1896 3075 2229 3129 recentiores
2264 3074 2357 3142 qui
2400 3071 2537 3126 Novi
2584 3070 2914 3126 Testamenti
2947 3069 3206 3141 mysterio
3245 3084 3465 3139 operam

1897 3181 2051 3221 suam
2074 3167 2411 3219 locaverunt.
2450 3163 2688 3218 Diversae
2713 3178 2841 3217 vero
2872 3177 2971 3231 pro
3003 3162 3261 3217 instantia
3284 3162 3467 3231 operis

1899 3259 2297 3327 praestabantur
2328 3246 2613 3311 facultates
2649 3275 2661 3310 :
2697 3274 2715 3307 ι
2763 3255 3071 3309 Divisioues
3100 3252 3267 3325 214
3296 3256 3465 3316 enim,

1900 3349 2102 3418 inquit,
2145 3349 2444 3420 gratiarum
2498 3355 2646 3412 sunt,
2678 3345 2820 3400 idem
2852 3358 3030 3400 tamen
3076 3344 3312 3415 Spiritus
3344 3346 3382 3398 ³.
3442 3364 3460 3395 ι

1900 3439 2125 3494 Diversa
2170 3440 2312 3493 dona
2352 3439 2447 3502 ait,
2504 3453 2672 3491 unum
2717 3437 3094 3501 nihilominus,
3130 3436 3223 3506 qui
3282 3438 3466 3490 omnia

1900 3532 2229 3601 suppeditat,
2281 3530 2566 3599 Spiritum.
2600 3528 2710 3583 lmo
2748 3536 2802 3583 et
2830 3529 3125 3598 gratiarum
3157 3528 3465 3598 catalogum

1900 3619 2125 3672 recitat:
2181 3637 2199 3667 ι
2239 3616 2345 3672 Alii
2393 3617 2609 3686 quidem
2652 3632 2748 3686 per
2791 3616 3050 3686 Spiritum
3091 3618 3252 3671 datur
3286 3632 3469 3673 sermo

1899 3712 2195 3781 sapientiar,
2243 3712 2332 3764 alii
2356 3727 2534 3766 sermo
2557 3711 2801 3765 scientiae
2832 3712 2989 3781 juxta
3014 3709 3262 3765 eumdem
3300 3711 3469 3780 Spiri-

1900 3814 2013 3858 tum
2047 3804 2087 3857 ⁸.
2128 3825 2145 3856 ι
2173 3803 2309 3857 Tum
2340 3806 2545 3873 reliqua
2573 3804 2754 3858 subdit
2796 3822 2807 3857 :
2848 3822 2865 3854 ι
2914 3803 3036 3858 llzec
3066 3811 3248 3859 autem
3280 3806 3465 3860 omnia

1898 3905 2155 3966 operatur
2202 3912 2341 3951 unus
2376 3902 2430 3950 et
2482 3895 2623 3949 idem
2650 3894 2886 3964 Spiritus
2927 3895 3178 3951 dividens
3215 3911 3464 3951 seorsum

1900 3988 2129 4057 singulis
2163 3994 2321 4055 prout
2352 3987 2466 4039 vult
2495 3986 2537 4038 '.
2582 4004 2602 4037 ι
2630 3984 2823 4039 Omnia
2862 3986 3074 4041 scilicet
3102 3989 3171 4040 ab
3206 4004 3314 4041 uno
3345 3988 3469 4057 Spi-

1900 4080 2008 4133 ritu
2042 4079 2156 4133 tieri
2209 4079 2533 4142 conﬁrmat;
2577 4090 2832 4133 caeterum
2892 4080 3090 4144 varias,
3164 4089 3323 4149 prout
3377 4096 3467 4135 res

1902 4173 2157 4241 postulat,
2182 4170 2467 4226 facultates
2488 4171 2626 4236 dari,
2645 4185 2875 4240 quarum
2903 4186 3004 4240 ope
3018 4172 3475 4241 gravissimarum.

1901 4279 2081 4319 rerum
2113 4263 2359 4318 notitiam
2384 4263 2726 4333 excipiebant
2749 4261 3041 4333 prophetae.
3065 4262 3247 4332 Itaque
3263 4264 3463 4318 exstasi

1900 4356 2119 4427 quidem
2141 4371 2352 4421 onmes,
2372 4363 2432 4410 ut
2461 4354 2718 4410 credibile
2746 4361 2849 4420 est,
2877 4355 2943 4408 ad
2973 4356 3350 4410 sublimiorum
3376 4373 3465 4410 rc-

1900 4465 2022 4503 rum
2051 4448 2419 4520 cognitionem
2450 4446 2929 4517 comparabantur.
2979 4445 3274 4516 Oportebat
3320 4448 3465 4503 enim

1900 4556 2089 4595 eorum
2118 4548 2326 4595 mentes
2360 4553 2390 4593 a
2410 4538 2662 4608 pmsenti
2694 4547 2889 4592 natura
2924 4538 3112 4607 procul
3145 4539 3356 4603 abesse,
3405 4547 3464 4593 ut

228 4628 598 4698 δεικνυμένων
632 4628 832 4699 θεωρίᾳ
862 4627 1215 4699 προσανέχειν
1239 4628 1405 4699 μόνῃ·
1431 4630 1480 4680 εί
1515 4629 1621 4700 γάρ
1650 4628 1793 4699 ἡμᾶς

1906 4632 2000 4685 ιιιιὶ
2048 4637 2271 4701 possent
2327 4628 2689 4683 revelatarum
2758 4641 2941 4680 rerum
3017 4627 3463 4695 contemplationi

232 4716 334 4786 οὐχ
356 4710 556 4768 οἷόντε
593 4716 794 4787 άκριὸῆ
835 4717 984 4788 παρὰ
1013 4716 1121 4769 τῶν
1154 4717 1518 4769 παιδευόντων
1547 4715 1798 4786 δέχεσθαι

231 4810 334 4879 τὴν
368 4808 637 4880 μάθησιν,
670 4809 722 4862 εί
768 4808 843 4881 μὴ
880 4810 1098 4863 πάντων
1127 4809 1348 4873 ἑαυτοὺς
1382 4808 1801 4869 ἀποσπάσαντες

172 4940 175 4943 ν
233 4904 335 4957 σὺν
370 4900 629 4973 ἀκριϐείᾳ
653 4901 823 4970 πολλῇ
874 4900 1235 4971 προσέχωμεν
1260 4901 1372 4962 τοῖς
1400 4899 1734 4970 λεγομένοις,
1764 4897 1799 4967 ἦ

230 4993 339 5047 ποῦ
362 5010 424 5062 γε
446 4994 545 5056 τάς
566 4993 706 5046 οὕτω
730 4992 965 5064 φοϐερὰς
985 5009 1045 5045 τε
1075 4992 1168 5045 καὶ
1191 4991 1537 5061 ἀπορρήτους
1567 4987 1801 5059 θεωρίας

226 5086 457 5139 δυνατὸν
480 5082 549 5157 ἦν
575 5086 759 5149 αὐτοῖς
792 5083 1168 5155 ὑποδέχεσθαι,
1204 5084 1279 5156 μὴ
1308 5083 1385 5155 τῷ
1405 5083 1649 5154 λογισμῷ
1676 5082 1803 5153 πρό-

231 5194 387 5249 τερον
418 5177 561 5231 κατὰ
589 5176 682 5230 τὸν
706 5177 805 5246 τῆς
830 5176 1062 5247 θεωρίας
1084 5176 1269 5246 καιρὸν
1299 5174 1668 5245 ἐξισταμένοις
1695 5173 1804 5226 τῶν

230 5270 551 5340 τ’..αρόντων;
579 5268 736 5323 Οῦτω
766 5267 857 5322 τὸν
899 5269 1168 5339 μακάριον
1196 5266 1343 5336 λέγει
1374 5266 1579 5337 Πέτρον
1614 5267 1670 5317 ἐν
1710 5265 1803 5317 ἐκ-

232 5360 423 5414 στάσει
468 5359 728 5428 γεγονότα
761 5358 860 5429 τὴν
909 5358 1117 5411 σινδόνα
1165 5358 1292 5410 ἰδεῖν
1320 5358 1385 5409 ἐκ
1424 5355 1519 5408 τοῦ
1566 5354 1796 5425 οὐρανοῦ

229 5452 711 5522 καταφερομένην
739 5450 926 5521 ἐπειδὴ
954 5452 989 5521 ὴ
1013 5450 1108 5503 τοῦ
1136 5448 1449 5520 Πνεῦματος
1472 5447 1630 5518 χάρις
1664 5446 1796 5517 πρό-

227 5561 386 5617 τερον
415 5541 581 5596 αὑτοῦ
628 5542 728 5613 τὴν
760 5542 995 5597 διάνοιαν
1032 5543 1323 5595 άποσπᾶσα
1353 5538 1461 5592 τῶν
1493 5538 1793 5609 παρόντων,

1900 4737 2113 4777 vacare.
2145 4720 2279 4776 Nam
2310 4720 2355 4775 si
2379 4718 2495 4774 ﬁeri
2522 4719 2730 4787 nequit,
2756 4727 2815 4771 ut
2847 4732 2948 4771 nos
2984 4727 3235 4772 accurate
3270 4735 3298 4771 a
3327 4735 3465 4787 pra:-

1900 4814 2208 4883 ceptorihus
2243 4813 2554 4866 imbuamur
2593 4809 2838 4865 doctrina
2887 4809 3087 4877 aliqua,
3118 4810 3221 4863 nisi
3261 4812 3464 4865 animis

1902 4903 1971 4957 ab
1996 4903 2141 4957 omni
2173 4902 2494 4972 evagatione
2525 4899 2797 4964 cohibitis,
2833 4898 3021 4954 sedulo
3045 4900 3206 4953 dictis
3230 4911 3461 4955 mentem

1902 4988 2249 5044 intendamus
2284 5007 2298 5045 :
2330 5004 2457 5042 num
2518 4988 2795 5058 prophetae
2827 4988 3093 5043 terriﬁcas
3142 4988 3276 5043 adeo
3301 4998 3464 5059 atque

1903 5081 2297 5137 inenarrabiles
2332 5081 2571 5134 visiones
2639 5081 2918 5150 percipere
2951 5081 3277 5151 potuissent,
3357 5084 3464 5138 uisi

1901 5184 2133 5229 mentem
2165 5181 2344 5237 antea,
2381 5187 2572 5240 nempe
2604 5172 2705 5225 sub
2742 5170 2917 5241 ipsum
2963 5174 3185 5227 visionis
3225 5184 3461 5243 tempus,

1898 5264 2255 5320 abalienatam
2322 5264 2554 5317 terrenis
2596 5264 2950 5319 habuissent?
2981 5265 3071 5319 Sic
3102 5265 3317 5319 beatum
3363 5265 3464 5319 Pe-

1896 5364 2039 5409 trum
2070 5353 2351 5425 Scriptura
2391 5354 2526 5408 dicit
2552 5354 2605 5408 in
2633 5356 2834 5419 exstasi
2862 5358 3095 5424 positum
3127 5356 3327 5411 vidisse
3344 5358 3463 5411 sin-

1892 5446 2088 5503 donem
2136 5446 2203 5501 de
2248 5446 2386 5500 coelo
2447 5444 2757 5503 demissam.
2818 5445 3055 5519 Spiritus
3093 5452 3236 5503 enim
3290 5451 3461 5519 gratia

1904 5548 2134 5615 mentem
2179 5537 2296 5608 ejus
2344 5537 2521 5608 primo
2574 5522 2840 5593 abstraxit
2889 5541 3289 5609 terrestribus,
3345 5550 3460 5596 tum

300 5722 324 5754 ⁸
353 5717 393 5774 ΙΙ
423 5721 552 5776 Cor.
596 5736 671 5787 tv,
708 5720 792 5777 15.
867 5722 886 5753 ³
916 5719 1077 5775 lCor.
1116 5731 1209 5779 xu.
1234 5722 1285 5773 6.
1367 5716 1379 5747 ⁵
1414 5714 1618 5771 lbitl.8.
1698 5716 1716 5746 ⁸
1750 5715 1882 5770 Ibid.
1920 5716 1999 5770 ll.
