3844 6222
370 314 477 371 403

1542 315 1893 374 TIIEODORI
1943 314 2171 374 MOPSU
2182 314 2429 373 ESTENI

3517 311 3627 370 MM

372 431 549 502 ipsum
617 432 873 490 idoneum
931 434 1168 490 refdidit
1225 434 1726 489 demonstratarum
1766 448 1949 488 rerum

2080 432 2177 486 τότε
2209 430 2567 505 προσανέχειν
2601 434 2669 503 τῇ
2704 429 2910 503 θεωρία
2945 428 3328 502 παρεσκεύασε
3373 424 3484 482 τῶν
3516 426 3626 481 δειε-

374 522 619 579 intuitui.
650 524 723 579 Ac
758 524 923 580 veluti
969 541 1024 580 in
1055 539 1247 580 somno
1278 524 1406 579 dum
1446 524 1715 594 tantisper
1762 539 1791 577 a
1819 538 1959 594 pra:—

374 614 515 667 scnti
539 614 787 684 corporis
812 614 1125 670 conditione
1154 613 1525 685 degrediatur,
1560 612 1957 668 revelationnm

377 701 645 774 imagines
677 706 858 761 animo
906 706 1200 776 recipimus
1248 723 1263 763 :
1317 706 1397 762 sic
1454 705 1732 775 propheta:
1765 706 1962 775 migra-

381 794 528 849 tione
548 796 783 865 quadam
822 797 1022 853 mentis
1049 799 1153 852 sub
1186 798 1361 853 sancti
1398 795 1637 867 Spiritus
1669 795 1956 852 constituti

378 887 574 955 gratia,
605 888 820 944 oblatas
851 904 978 955 mox
1005 904 1094 947 res
1123 888 1657 958 contemplabantur.

448 976 569 1033 Jam
614 995 745 1036 vero
788 982 844 1037 in
892 982 997 1037 hac
1063 983 1257 1053 positis
1303 981 1620 1037 conditione
1673 980 1950 1036 interdum

381 1070 602 1140 quidem
634 1073 742 1128 tale
770 1074 1063 1129 exhibebat
1100 1074 1479 1145 magisterium
1509 1074 1687 1131 sancti
1718 1072 1957 1143 Spiritus

384 1163 584 1232 gratia,
625 1171 688 1219 ut
718 1165 825 1220 sibi
855 1166 1173 1222 viderentur
1206 1166 1397 1221 audire
1426 1165 1832 1237 quodammodo
1859 1165 1960 1218 ali-

385 1271 545 1323 quem
583 1256 897 1326 loquentem
937 1273 1144 1328 eosque
1167 1258 1549 1324 erudientem;
1593 1271 1769 1327 eoque
1801 1264 1962 1327 pacto

383 1346 771 1401 imbuebantur
796 1362 977 1403 rerum
998 1364 1120 1420 quae
1138 1365 1278 1421 opus
1296 1357 1455 1405 erant
1482 1349 1811 1419 cognitione.
1839 1347 1963 1401 Sic-

385 1436 465 1491 uti
507 1452 696 1493 revera
741 1437 936 1499 heatus
996 1440 1194 1497 Petrus
1260 1440 1644 1496 animadversa
1700 1439 1957 1502 sindone,

387 1529 580 1584 audire
611 1529 835 1601 insuper
853 1532 1204 1588 existimabat
1229 1532 1390 1603 215
1421 1547 1609 1589 vocem
1642 1531 1749 1588 sibi
1781 1531 1964 1587 dicen-

2053 522 2355 594 κνυμένων,
2391 523 2459 576 ἵν’
2509 524 2697 595 ὥσπερ
2732 522 2839 589 ἔξω
2869 522 2971 592 τῆς
3016 520 3300 593 παρούσης
3349 519 3628 590 γινόμενοι

2054 617 2442 680 καταστάσεως
2490 616 2614 670 καθ’
2672 614 2874 678 ὕπνους
2928 613 3040 668 τῶν
3092 612 3631 682 ἀποκαλυπτομένων

2054 706 2321 779 δεχόμεθα
2344 708 2444 779 τὴν
2475 706 2729 779 θεωρίαν,
2758 704 2902 760 οὕτω
2924 722 3042 770 πως
3073 707 3142 777 τῇ
3178 703 3506 769 μεταστάσει
3528 701 3630 770 τῆς

2056 799 2294 863 διανοίας
2320 799 2427 853 ύπὸ
2455 798 2554 869 τῆς
2584 797 2678 853 τοῦ
2703 798 2860 868 άγίου
2891 797 3210 868 Πνεύματος
3241 795 3630 865 καθιστάμενοι

2056 890 2279 960 χάριτος
2298 930 2314 955 ,
2345 890 2455 944 τῶν
2477 889 2841 960 δεικνυμένων
2871 889 3216 959 ὑποδέχοιντο
3243 886 3342 959 τὴν
3373 886 3631 957 θεωρίαν.

2124 988 2144 1054 (
2171 1001 2226 1055 p.
2259 984 2386 1054 328)
2430 984 2590 1039 Ἀλλὰ
2612 985 2720 1058 γὰρ
2750 987 2809 1038 ὲν
2834 984 3066 1055 τοιαύτῃ
3111 982 3446 1037 καταστάσει
3479 997 3634 1049 γινο-

2057 1077 2241 1149 μένοις
2267 1075 2449 1141 αὐτοῖς
2476 1076 2605 1130 ποτὲ
2640 1077 2738 1147 μὲν
2768 1074 3024 1146 τοιαύτην
3053 1073 3177 1127 τινὰ
3205 1072 3502 1143 παρείχετο
3532 1072 3639 1152 την

2055 1166 2404 1222 διδασκαλίαν
2460 1167 2556 1220 τοῦ
2601 1168 2759 1236 ἁγίου
2810 1165 3129 1237 Πνεύματος
3181 1166 3215 1235 ή
3268 1164 3445 1235 χάρις,
3490 1160 3637 1213 ὥστε

2058 1260 2239 1313 δοκεῖν
2267 1258 2466 1323 αὐτοὺς
2495 1257 2683 1331 ῶσπερ
2714 1258 2856 1323 τινὸς
2883 1257 3178 1320 λαλοῦντος
3212 1254 3432 1308 ἀκούειν
3456 1271 3516 1307 τε
3540 1254 3638 1307 καί⁵

2064 1352 2455 1407 παιδεύεσθαι·
2487 1351 2629 1405 οὕτω
2668 1369 2728 1405 τε
2756 1350 3005 1422 δέχεσθαι
3032 1348 3142 1403 τῶν
3184 1346 3499 1416 ἀναγκαίων
3538 1346 3640 1425 τὴν

2064 1444 2267 1515 γνῶσιν
2286 1460 2301 1474 ·
2335 1443 2523 1514 ὥσπερ
2551 1438 2645 1496 οὖν
2680 1444 2775 1496 καὶ
2806 1444 2835 1496 ὁ
2877 1440 3149 1513 μακάριος
3186 1439 3389 1511 Πέτρος
3418 1437 3511 1491 ἐπὶ
3539 1437 3643 1506 τῆς

2070 1536 2309 1600 σινδόνος
2369 1536 2556 1606 φωνῆς
2590 1534 2810 1589 ἀκούειν
2843 1534 3017 1587 ἐδόκει
3054 1531 3321 1603 λεγούσης
3362 1530 3501 1602 πρὸς
3541 1532 3641 1583 αὖ·

389 1625 532 1673 tcm:
557 1618 959 1692 «Consurgens,
981 1620 1158 1691 Petre,
1183 1623 1329 1678 caede
1346 1630 1401 1677 et
1421 1621 1690 1677 manduca
1710 1622 1753 1676 ⁸.
1783 1639 1802 1673 ι
1824 1618 1963 1674 Hinc

2080 1625 2180 1678 τὸν·
2214 1643 2232 1675 ι
2264 1624 2558 1689 Ἀναστὰς,
2593 1622 2766 1694 Πέτρε
2786 1620 2978 1687 ,θῦσον
2995 1624 3089 1675 καὶ
3106 1619 3267 1690 φάγε.
3299 1636 3319 1670 ι
3362 1616 3643 1671 Ἐντεῦθεν

388 1710 555 1778 etiam
597 1709 765 1768 Isaias
812 1713 1079 1784 propheta
1117 1714 1193 1767 ait
1223 1730 1237 1766 :
1265 1709 1541 1772 «Domine,
1573 1713 1699 1781 quis
1730 1711 1967 1767 credidit

2080 1717 2163 1770 καὶ
2201 1718 2230 1770 ὁ
2273 1717 2560 1787 προφήτης
2604 1715 2829 1777 Ἡσαΐας
2863 1712 3027 1783 φησίν
3052 1728 3068 1743 ⁶
3108 1730 3129 1764 ι
3170 1711 3364 1783 Κύριε,
3404 1710 3489 1773 τίς
3520 1708 3644 1771 ἐπί-

392 1798 603 1854 auditui
628 1809 820 1858 nostro
846 1803 906 1858 τί
931 1823 950 1857 ι
971 1804 1189 1860 auditus
1209 1802 1430 1860 nomine
1452 1804 1726 1876 appellans
1749 1803 1967 1858 exhibi-

394 1899 505 1945 tam
551 1892 657 1947 sibi
690 1894 955 1949 divinitus
990 1895 1405 1960 revelationem,
1445 1895 1716 1964 siquidem
1745 1909 1844 1949 ceu
1888 1895 1969 1947 lo-

393 1994 650 2053 quentem
689 1987 923 2057 aliquem
975 1988 1287 2042 auscultare
1330 2002 1390 2043 se
1447 1986 1833 2042 arbitrabatur.
1883 1984 1970 2038 ln-

393 2078 615 2134 terdum
636 2080 802 2136 etiam
837 2087 963 2152 post
991 2080 1233 2151 aliquam
1272 2080 1540 2135 visionem
1573 2079 1676 2134 sibi
1706 2077 1967 2143 oblatam,

398 2171 674 2241 loquentis
704 2188 895 2243 vocem
925 2173 1314 2243 exaudiebant.
1347 2171 1529 2227 Veluti
1553 2172 1747 2227 beatus
1772 2168 1970 2225 Petrus

396 2262 685 2319 sindonem
719 2263 883 2322 simul
916 2265 1196 2335 cernebat,
1242 2272 1299 2319 et
1328 2278 1535 2326 rerum,
1584 2278 1707 2333 qua:
1743 2261 1849 2319 sibi
1887 2261 1974 2315 di-

396 2353 686 2419 cebantur,
726 2354 1036 2409 doctrinam
1079 2355 1406 2427 excipiebat.
1438 2355 1580 2421 Quin
1609 2354 1749 2409 adeo
1777 2353 1971 2409 beatus

397 2458 617 2515 quoque
651 2444 845 2509 Isaias,
891 2461 1016 2501 cum
1063 2448 1241 2502 aiebat
1278 2462 1338 2503 se
1374 2445 1539 2500 Deum
1588 2446 1974 2514 seraphimque

397 2535 589 2592 videre
616 2536 661 2601 ⁸,
694 2552 858 2593 voces
884 2537 1090 2608 pariter
1125 2538 1192 2592 ad
1218 2553 1278 2593 se
1306 2537 1507 2592 missas
1537 2530 1815 2609 audiebat.
1839 2535 1973 2589 Pro-

403 2634 586 2697 pterea
621 2628 907 2700 Scriptura
955 2628 1118 2683 modo
1152 2630 1266 2682 ait:
1318 2646 1339 2680 ι
1377 2630 1570 2683 Sermo
1614 2626 1830 2682 Domini
1879 2628 1973 2696 qui

404 2721 583 2776 factus
612 2720 634 2753 ’
685 2739 706 2774 ι
756 2730 843 2777 est
888 2720 1016 2775 huic
1046 2721 1131 2775 vel
1188 2720 1303 2786 illi;
1347 2735 1653 2774 sermonem
1697 2710 1976 2790 appellans

403 2828 525 2866 eam
564 2812 693 2870 vim.
739 2828 846 2883 qua
901 2813 993 2867 ille
1038 2814 1133 2882 qui
1171 2812 1546 2877 erudiebatur,
1588 2812 1814 2882 putabat
1835 2827 1894 2865 se
1944 2826 1975 2865 a

405 2919 541 2959 voce
596 2904 831 2975 quadam
890 2903 1222 2965 necessariis
1282 2904 1602 2963 nationibus
1664 2902 1976 2977 informari.

2070 1825 2261 1861 στευσε
2288 1810 2353 1879 τῇ
2388 1809 2527 1878 ἀκοῇ
2555 1805 2745 1876 ήμῶν;
2798 1824 2817 1856 ι
2848 1804 3018 1876 ἀκοὴν
3056 1803 3291 1865 καλέσας
3328 1801 3429 1871 τὴν
3458 1817 3643 1872 παραγ

2072 1902 2356 1971 σχεθείσαν
2396 1897 2738 1968 ἀποκάλυψιν
2784 1897 2933 1967 αὖτῷ
2974 1894 3200 1960 θειόθεν,
3244 1893 3430 1964 ἐπειδὴ
3454 1892 3647 1963 ὥσπερ

2068 1994 2211 2057 τινὸς
2239 1993 2490 2062 λέγοντος
2516 1990 2736 2045 ἀκούειν
2769 1989 2959 2041 ἐδόκει.
2995 1988 3152 2041 Ἐστι
3188 1985 3244 2039 δὲ
3280 1986 3367 2038 ὅτε
3402 1985 3495 2037 καί
3518 2001 3647 2045 τινα

2070 2082 2337 2137 ὀπτασίαν
2376 2081 2611 2153 ὁρῶντες
2642 2079 2759 2150 μετ’
2794 2077 3011 2147 ἐκείνης
3051 2077 3249 2148 ἤκουον
3278 2073 3389 2126 τῶν
3414 2072 3646 2141 λεγομέ-

2072 2192 2179 2229 νων
2199 2192 2213 2204 °
2244 2174 2320 2236 ὡς
2351 2174 2439 2226 ὅτε
2473 2172 2744 2243 μακάριος
2772 2170 2980 2241 Πέτρος
3021 2166 3156 2239 ὁμοῦ
3182 2168 3278 2221 καὶ
3304 2167 3404 2235 τὴν
3434 2164 3649 2226 σινδόνα

2073 2267 2221 2339 ἑώρα
2266 2266 2363 2319 καὶ
2403 2264 2516 2318 τῶν
2557 2263 2865 2333 λεγομένων
2895 2261 3032 2332 πρὸς
3082 2259 3244 2314 αὐτὸν
3292 2258 3504 2327 ἐδέχετο
3546 2256 3649 2325 τὴν

2072 2358 2442 2415 διδασκαλίαν·
2469 2357 2564 2410 καὶ
2593 2355 2698 2428 μὴν
2723 2355 2817 2409 καὶ
2840 2355 2868 2407 ὁ
2895 2353 3164 2425 μακάριος
3197 2352 3423 2414 Ἡσαΐας
3455 2351 3545 2403 ὅτε
3568 2348 3648 2400 λέ-

2074 2468 2160 2521 γει
2186 2451 2283 2521 μὲν
2317 2448 2620 2521 ἑωρακέναι
2641 2448 2731 2501 τὸν
2757 2446 3017 2509 Θεὸν,καὶ
3042 2444 3110 2497 τὰ
3135 2442 3574 2516 σεραφὶμ,ήκουε
3589 2438 3650 2491 δὲ

2075 2543 2169 2614 καὶ
2195 2541 2303 2595 τῶν
2320 2541 2455 2613 πρὸς
2480 2539 2641 2594 αὑτὸν
2670 2537 2968 2607 γινομένων
2992 2534 3205 2603 φωνῶν.
3220 2534 3318 2586 Διὰ
3334 2531 3492 2585 τοῦτο
3518 2527 3651 2587 ποτὲ

2080 2636 2178 2705 μὲν
2211 2633 2379 2703 λέγει,
2409 2651 2429 2683 σ
2466 2631 2639 2699 Λόγος
2664 2630 2869 2699 Κυρίου
2899 2628 2958 2690 ὃς
2987 2625 3239 2696 ἐγένετο»
3270 2623 3405 2695 πρὸς
3442 2620 3589 2674 τόνδε
3616 2621 3653 2692 ή

2076 2718 2227 2781 τόνδε
2248 2764 2264 2787 ,
2299 2724 2458 2792 λόγον
2499 2721 2680 2776 καλῶν
2724 2722 2825 2790 τὴν
2863 2718 3167 2788 ἐνέργειαν,
3201 2714 3319 2768 καθ’
3369 2714 3435 2783 ἣν
3477 2710 3654 2764 ἐδόκει

2080 2820 2232 2888 φωνῇ
2271 2832 2377 2869 τινι
2421 2812 2806 2881 διδασκόμενος
2839 2806 3195 2864 παιδεύεσθαι
3225 2805 3286 2860 τὸ
3327 2804 3478 2859 δέον·
3518 2800 3655 2856 ποτε

2078 2911 2136 2964 δὲ
2157 2950 2171 2972 ,
2190 2928 2208 2963 ι
2234 2910 2479 2979 Ὅρασιν,
2520 2906 2588 2976 ἢν
2614 2900 2753 2958 εἶδεν
2797 2922 2816 2956 ι
2853 2903 2939 2957 ὅδε
2964 2902 2998 2973 ἢ
3025 2901 3112 2954 ὅδε
3132 2939 3147 2961 ,
3187 2898 3285 2969 τὴν
3313 2893 3659 2962 ἀποκάλυψιν

407 2997 564 3053 Modo
597 2998 786 3068 eadem
828 2997 1111 3068 Scriptura
1143 2998 1317 3073 dicit:
1352 3019 1370 3051 ι
1404 2997 1573 3063 Visio,
1596 3014 1758 3069 quam
1790 2999 1924 3052 vidit
1954 3017 1974 3050 ι

2081 2999 2225 3052 οὕτω
2266 2997 2475 3060 καλῶν,
2512 2994 2636 3049 καθ’
2679 2995 2746 3065 ἢν
2775 2994 2909 3065 ὁρᾷν
2948 3008 3003 3044 τι
3038 2988 3213 3044 δοκῶν
3256 2984 3569 3041 ἐπαιδεύετο
3592 2982 3660 3035 τὸ

2230 3090 2255 3095 _
2471 3088 2481 3095 .
2581 3087 2594 3095 .
2641 3086 2654 3095 .
2876 3083 2888 3095 .
3074 3080 3096 3095 ..
3283 3079 3338 3095 η.
3370 3076 3525 3095 --μ
3569 3072 3659 3095 ι-.

411 3093 500 3147 hic
527 3094 615 3148 vel
642 3093 734 3163 ille
765 3093 845 3157 ¹⁰;
874 3092 1263 3155 revelationem
1305 3092 1410 3163 hac
1438 3093 1803 3165 appellatione
1829 3091 1979 3147 desi-

407 3198 604 3263 gitans,
637 3184 943 3245 secundum
974 3199 1137 3255 quam
1171 3184 1434 3254 pmpheta
1480 3192 1734 3257 spectare
1776 3183 1982 3253 aliquid

409 3275 661 3341 credens,
707 3275 763 3330 id
803 3276 946 3345 quod
977 3269 1082 3330 sibi
1120 3290 1258 3345 nptts
1282 3282 1400 3339 erat
1418 3275 1686 3330 discebat.
1733 3274 1877 3329 Idem
1908 3276 1984 3329 si-

410 3366 635 3437 gniﬁcat
684 3366 934 3421 locutio:
986 3384 1004 3417 ι
1056 3364 1122 3438 ΕΙ.
1165 3365 1268 3419 fuit
1305 3381 1501 3421 manus
1550 3364 1762 3420 Domini
1819 3381 1985 3435 super

412 3472 501 3512 me
530 3460 597 3512 “.
647 3477 665 3509 ι
692 3455 824 3533 Nam
846 3459 934 3514 hic
954 3458 1115 3513 etiam
1147 3472 1339 3532 manus
1389 3456 1601 3511 Domini
1648 3457 1847 3512 dicitur
1888 3473 1985 3526 pro

412 3552 586 3604 sancti
621 3548 861 3619 Spiritus
887 3552 1124 3622 virtute;
1173 3565 1280 3620 qua
1323 3548 1468 3617 Deus
1506 3550 1672 3603 veluti
1706 3550 1984 3619 attingens

416 3642 693 3712 prophetae
722 3651 982 3709 mentem,
1017 3641 1325 3695 doctrinam
1355 3640 1405 3695 ei
1439 3641 1691 3695 tradebat
1731 3654 1985 3694 necessa-

417 3734 575 3786 riam.
626 3731 910 3808 Ejusmodi
951 3732 1083 3803 quid
1120 3731 1393 3802 signiticat
1422 3732 1587 3787 etiam
1621 3748 1726 3797 vox
1772 3734 1982 3794 lemma,

416 3826 727 3896 assumptio.
764 3824 1003 3902 Namque
1029 3825 1343 3901 admirabile
1367 3823 1564 3901 aliquid
1614 3839 1987 3893 saepenumero

416 3920 794 3973 demonstrare
845 3918 1129 3989 prophetis
1180 3918 1367 3990 volens
1416 3917 1578 3983 Deus,
1628 3917 1862 3972 subitam
1906 3917 1987 3972 eis

417 4012 617 4065 mentis
654 4010 885 4064 faciebat
906 4004 1344 4073 cenversionem,
1378 4018 1437 4063 ttt
1468 4010 1573 4079 hoc
1602 4011 1770 4063 animi
1802 4010 1987 4064 habitu

418 4100 619 4165 aﬂ‘ecti,
651 4102 858 4170 majore
887 4118 1009 4157 cum
1037 4102 1341 4175 reverentia
1370 4101 1677 4156 futurorum
1704 4101 1987 4155 scientiam

416 4192 749 4260 acciperent.
788 4193 1229 4266 Assutuptionem
1267 4191 1453 4262 itaque
1484 4191 1625 4259 hanc
1657 4191 1822 4257 dicit;
1860 4193 1988 4261 quia

421 4282 661 4354 Spiritus
684 4285 857 4338 sancti
905 4273 1077 4355 gratia
1122 4290 1383 4359 tanquam
1413 4290 1640 4353 repente
1683 4282 1991 4356 corripiens

2084 3090 2396 3161 προσῆκονο
2435 3088 2497 3140 τὸ
2535 3086 2668 3140 αὐτὸ
2718 3083 2995 3154 σημαίνει,
3031 3080 3158 3147 κᾶν,
3210 3097 3232 3131 ς
3283 3076 3532 3146 Ἐγένετο
3565 3072 3659 3126 ἐπ’

2083 3182 2184 3253 ἐμὲ
2210 3182 2331 3252 χεὶρ
2354 3179 2578 3251 Κυρίου,
2618 3197 2636 3229 ι
2668 3177 2804 3250 λέγῃ
2823 3192 2838 3207 ·
2867 3177 2944 3246 (p.
2970 3174 3097 3243 529)
3124 3173 3219 3227 καὶ
3246 3171 3355 3242 γὰρ
3379 3165 3662 3223 κάνταῦθα

2082 3277 2240 3346 χεῖρα
2288 3272 2494 3344 Κυρίου
2531 3270 2631 3341 τὴν
2662 3258 2943 3340 ἐνέργειαν
2982 3265 3079 3319 τοῦ
3126 3263 3285 3331 ἁγίου
3341 3261 3661 3330 Πνεύματος

2083 3362 2339 3437 ὀνομάζει
2364 3380 2377 3393 ’
2417 3363 2538 3417 καθ’
2565 3364 2631 3431 ἢν
2671 3346 2861 3430 ῶσπερ
2882 3356 3235 3427 ἐφαπτομένη
3269 3349 3478 3423 τῆςτοῦ
3521 3364 3662 3420 προ-

2086 3436 2255 3526 φήτου
2290 3454 2529 3516 διανοίας
2550 3452 2649 3511 τὴν
2678 3447 3028 3514 διδασκαλίαν
3050 3447 3188 3517 αὐτῇ
3219 3442 3513 3514 παρείχετο
3548 3436 3666 3492 τῶν

2084 3549 2419 3618 ἀναγκαίων.
2449 3544 2670 3598 Τοιοῦτο
2690 3543 2754 3615 δή
2778 3560 2832 3597 τι
2858 3540 3103 3613 βούλεται
3127 3538 3223 3593 καὶ
3240 3536 3301 3589 τὸ
3334 3554 3352 3586 ι
3376 3535 3569 3605 λῆμμα
3584 3548 3600 3563 υ
3636 3549 3658 3583 ι

2085 3640 2401 3711 ἐκπλήξεως
2453 3638 2563 3708 γάρ
2609 3653 2663 3689 τι
2705 3636 2873 3705 γέμον
2922 3630 3184 3692 πολλάκις
3232 3626 3504 3690 ὑποδεῖξαι
3547 3624 3665 3687 τοῖς

2087 3732 2393 3803 προφήταις
2417 3725 2737 3797 βουλόμενος
2762 3726 2791 3778 ὁ
2813 3723 2967 3786 Θεὲς,
3002 3719 3203 3790 ἀθρόαν
3218 3718 3398 3770 αὐτῶν
3428 3714 3527 3784 τῆς
3546 3713 3667 3767 δια-

2087 3824 2235 3885 νοίας
2253 3821 2353 3891 τὴν
2378 3818 2707 3890 μετάστασιν
2728 3817 2981 3879 ἐποιεῖτο,
3007 3812 3084 3875 ὡς
3105 3810 3172 3864 ἂν
3200 3808 3315 3880 άμα
3345 3810 3413 3879 τῇ
3437 3803 3667 3875 τοιαύτῃ

2089 3912 2421 3968 καταστάσει
2446 3909 2583 3977 μετὰ
2613 3907 2859 3979 μείζονος
2896 3904 2991 3958 τοῦ
3024 3902 3190 3972 φόϐου
3222 3900 3331 3959 τῶν
3364 3896 3667 3970 μελλόντων

2087 4007 2326 4076 δέχοιντο
2350 4002 2446 4074 τὴν
2475 4001 2677 4070 γνῶσιν
2697 4015 2711 4029 ·
2742 3997 2941 4069 λῆμμα
2964 3991 3058 4049 οὖν
3084 3994 3244 4047 τοῦτο
3269 3991 3447 4052 καλεῖ,
3473 3984 3668 4060 ἐπειδὴ

2088 4099 2185 4168 τοῦ
2228 4096 2543 4166 Πνεύματος
2580 4095 2614 4165 ἡ
2638 4094 2797 4164 χάρις
2836 4088 3027 4159 ὥσπερ
3055 4079 3665 4168 ἀθρόον-ἐπιλαμϐανο-

2094 4165 2229 4277 μένη
2248 4192 2347 4263 τῆς
2366 4162 2460 4243 τοῦ
2487 4162 2767 4260 προφήτου
2789 4183 3026 4243 διανοίας
3047 4179 3185 4252 πρὸς
3205 4162 3670 4277 τῆν-ἀποκάλυψιν

2092 4263 2263 4355 αὐτὴν
2310 4280 2537 4353 μεθίστη
2567 4278 2677 4332 τῶν
2724 4274 3112 4345 δεικνυμένων.
3155 4270 3230 4323 Τὸ
3258 4266 3390 4321 αὐτὸ
3430 4264 3488 4317 δὲ
3530 4263 3668 4316 κάν-

422 4376 702 4447 prophetat
730 4383 990 4451 mentem,
1021 4356 1296 4430 convertit
1325 4389 1442 4429 eam
1462 4375 1528 4429 ad
1553 4376 1629 4447 rei
1657 4354 1978 4430 demonstra.

2097 4354 2272 4445 ταύθά
2319 4387 2480 4443 φησι·
2537 4389 2556 4421 ι
2615 4368 2827 4438 Λῆμμα
2860 4362 3099 4434 Νινευὴ.
3166 4358 3371 4430 βιϐλίον
3418 4354 3669 4451 ὁράσεως

424 4477 494 4524 tte
534 4469 1072 4539 contemplationem.
1116 4466 1242 4520 Pari
1279 4467 1495 4521 ratione
1531 4466 1621 4521 hic
1657 4481 1877 4539 quoque
1908 4466 1995 4520 di-

424 4562 603 4617 citur:
633 4557 979 4632 tASSumplio
1008 4558 1253 4622 Ninives,
1304 4559 1443 4614 liber
1486 4558 1717 4613 visionis
1762 4557 1995 4613 Nahumi

423 4655 702 4723 Elcesaai.i
729 4656 931 4734 Nempe
946 4653 1259 4734 intelligitur
1282 4651 1562 4724 propheta:
1584 4666 1743 4706 mens
1771 4666 1802 4704 a
1819 4650 1995 4706 sancti

425 4746 668 4817 Spiritus
693 4732 869 4815 gratia
901 4732 1426 4818 repente‘correpta,
1458 4755 1620 4813 atque
1654 4742 1721 4796 ad
1749 4751 1992 4798 contem-

425 4838 713 4905 plationem
772 4837 849 4909 rei
890 4836 1142 4907 revelata:
1189 4825 1493 4905 conversa;
1566 4830 1711 4886 unde
1758 4832 1993 4901 cognitis

424 4927 625 4981 futuris
666 4924 890 4988 Ninives
922 4928 1167 4990 casibus,
1207 4925 1453 4990 scientia:
1496 4922 1693 4977 oblatae
1736 4924 1991 4975 nuntium

425 5019 688 5089 prepheta
716 5018 1064 5074 audientibus
1095 5018 1415 5089 impertivit.
1450 5014 1659 5070 Idcirco
1688 5021 1867 5067 autem
1913 5027 1998 5066 as-

426 5112 793 5182 sutnptionem
834 5113 998 5167 simul
1025 5120 1079 5165 et
1105 5103 1373 5167 visionem
1401 5110 1499 5173 ait,
1527 5116 1588 5163 ut
1620 5107 1804 5179 priore
1831 5106 1997 5161 nimi-

426 5218 545 5256 rttm
578 5202 844 5257 vocabulo
887 5203 1130 5275 declaret
1161 5202 1382 5255 modum
1427 5214 1537 5270 quo
1566 5198 1806 5270 Spiritus
1834 5198 1997 5267 216

2092 4469 2289 4542 Ναούμ
2329 4465 2424 4519 τοῦ
2472 4462 2812 4518 Ἐλκεσαίου·
2865 4477 2884 4510 ι
2922 4458 3012 4511 ἵνα
3054 4455 3181 4527 εἴπῃ
3221 4454 3306 4506 ὅτι
3347 4446 3669 4542 Πνεύματος

2093 4538 2315 4631 χάριτος
2360 4552 2554 4625 ἀθρόον
2594 4553 2628 4622 ἡ
2680 4549 2775 4603 τοῦ
2815 4549 3096 4620 προφήτου
3140 4543 3408 4631 ληφθεῖσα
3459 4538 3671 4631 διάνοια

2280 4648 2378 4719 τὴν
2415 4639 2645 4717 θεωρίαν
2694 4643 2917 4696 ἐκείνων
2970 4639 3229 4712 μετέστη.
3275 4635 3344 4688 δι’
3373 4628 3448 4687 ὧν
3481 4630 3554 4685 τά
3594 4632 3669 4703 τῇ

2094 4740 2295 4812 Νινευὴ
2325 4738 2714 4810 συμὸησόμενα
2742 4731 2949 4806 μαθὼν,
2975 4732 3075 4801 τὴν
3106 4732 3170 4784 ὲκ
3193 4726 3302 4781 τῶν
3350 4723 3669 4812 δειχθέντων

2094 4831 2243 4901 αὐτῷ
2263 4811 2605 4897 διδασκαλίαν
2638 4824 2927 4895 παρείχετο
2953 4824 3068 4883 τοῖς
3093 4818 3348 4874 ἀκούουσι
3364 4833 3379 4848 ο
3403 4814 3492 4869 διά
3510 4811 3674 4866 τοῦτο

2094 4923 2188 4975 καὶ
2218 4914 2412 4993 λῆμμα
2434 4919 2530 4972 καὶ
2547 4918 2736 4987 ὅρασιν
2761 4910 3117 4985 εἰρηκὼς,ἶνα
3140 4909 3218 4979 τῷ
3239 4907 3336 4977 μὲν
3359 4905 3449 4958 τὸν
3467 4903 3673 4974 τρόπον

2094 5015 2193 5083 τῆς
2215 4996 2495 5083 ἐνεργείας
2517 5008 2611 5062 τοῦ
2636 5006 2789 5075 ἁγίου
2812 5003 2951 5060 Πνεύ
2960 5020 3123 5074 ματος
3139 4999 3373 5070 δηλώσῃ,
3396 4999 3463 5067 τῇ
3484 4994 3671 5067 ὁράσει

2096 5098 2159 5157 δὲ’
2176 5104 2284 5158 τῶν
2312 5100 2651 5176 δειχθέντων
2695 5099 2844 5169 αύτῴ
2869 5098 2968 5166 τὴν
3009 5093 3267 5165 θεωρίαν.
3303 5092 3568 5162 ’Δρχεται
3609 5085 3672 5137 δὲ

2096 5210 2289 5259 ουτως·

426 5296 603 5353 sancti
633 5294 715 5351 vis
750 5309 808 5350 se
835 5272 1050 5364 prodit;
1082 5296 1386 5363 posteriore
1415 5264 1884 5365 autem-visionis
1904 5264 2744 5349 vocabulo,‘demonstratorum
2783 5277 3131 5334 oraculorum
3174 5274 3428 5329 intuitum
3463 5269 3679 5341 signiti-

425 5399 527 5448 «ει.
559 5389 754 5460 Incipit
786 5376 966 5443 autem
997 5389 1113 5457 sic:

496 5482 666 5538 Vsus.
696 5479 754 5544 2,
788 5478 841 5532 5.
876 5507 947 5518 —-
975 5494 995 5529 ι
1023 5475 1169 5532 Deus
1204 5475 1413 5551 zelatur
1441 5481 1497 5541 et
1533 5472 1681 5543 ultor
1713 5470 1997 5537 Dominus,

429 5575 722 5652 iracundus
752 5572 897 5628 ultor
927 5564 1211 5645 Dominus,
1234 5566 1302 5623 de
1319 5564 1561 5621 inimicis
1589 5562 1706 5619 suis
1736 5562 1999 5617 ultioneut

2173 5465 2318 5536 Στίχ.
2340 5463 2407 5533 β’,
2426 5468 2495 5530 γ’.
2520 5489 2591 5501 -
2609 5477 2628 5511 ι
2656 5458 2787 5521 Θεὸς
2816 5454 3062 5527 ζηλωτὴς
3082 5454 3177 5508 καὶ
3199 5448 3427 5506 ἐκδικῶν
3444 5448 3677 5519 Κύριος,

2106 5559 2199 5611 καὶ
2231 5553 2459 5610 ἐκδικῶν
2480 5551 2683 5623 Κύριος
2702 5548 2844 5627 ’μετά
2872 5546 3067 5618 θυμοῦ,
3090 5544 3185 5600 καὶ⁵
3210 5542 3440 5599 ἐκδικῶν
3472 5541 3680 5612 Κύριος

503 5767 525 5807 ι
564 5765 683 5818 Act.
726 5778 780 5826 ιι,
820 5761 899 5815 13.
974 5758 999 5794 ⁷
1029 5755 1109 5813 lsa
1160 5772 1280 5825 tm,
1328 5755 1375 5824 I,
1451 5752 1472 5784 ⁸
1510 5752 1615 5816 isa.
1652 5744 1806 5817 νηί.
1885 5743 1978 5804 διε

2080 5758 2165 5812 ιι,
2208 5741 2259 5798 1.
2336 5739 2502 5797 “Isa.
2540 5753 2578 5810 ι,
2622 5740 2669 5794 l.
2750 5738 2789 5770 ¹¹
2837 5733 3029 5791 Euch.
3060 5732 3180 5800 κδ.
