1922 3111
84 134 143 164 ωδ

590 137 866 167 COMIENTARIUS
885 138 918 167 IN
935 139 1070 169 NAIIUMI
1089 139 1166 169 CAP.
1188 140 1208 167 I.

1660 138 1714 167 408

87 196 152 228 τοὺς
173 195 351 230 ὑπεναντίους
380 197 473 231 αὑτοῦ,
500 198 547 225 καὶ
566 197 683 234 ἐξαίρων
709 199 792 231 αὐτὸς
811 199 890 231 τοὺς

943 200 1011 236 xigit
1025 199 1168 231 Dominus.
1183 207 1286 234 eosque
1302 198 1336 226 de
1354 199 1444 227 medio
1460 198 1542 225 tollit.
1562 207 1571 224 ι
1590 197 1648 226 Zeti
1664 201 1716 226 no-

88 241 204 277 ὲχθροὺς
220 241 314 270 αὐτοῦ.
332 252 349 278 ιΔ
357 244 443 279 Ζῆλον
458 243 535 271 καλεῖ
561 244 609 271 τοῦ
630 243 698 271 Θεοῦ
720 244 771 280 τὴν
781 244 876 280 ὀργὴν,

89 288 130 322 (p.
147 287 211 324 550)
230 288 264 323 ἢν
285 288 333 315 ἐπὶ
350 289 407 321 τοῖς
426 288 495 323 ἄγαν
508 289 617 321 ἀτόπως
636 289 789 324 γινομένοις
806 297 878 325 παρ-

88 332 249 369 οξυνόμενος
262 334 368 370 δέχεται
380 334 451 362 κατὰ
462 334 515 362 τῶν
530 334 717 362 ἀσεϐούντων
730 334 817 368 οὓτως
831 334 878 362 λέ-

90 387 133 413 γει
143 379 184 412 τὸ,
206 389 216 406 ι
233 378 309 407 Εῐδεν
320 380 422 417 Κύριος
434 381 480 408 καὶ
492 380 639 416 ἐζήλωσεν,
655 380 703 408 καὶ
714 380 879 417 παρωξύνθη

90 425 125 451 δι’
139 426 225 462 ὀργὴν
240 425 308 453 υὶῶν
333 427 416 453 αὑτοῦ
439 427 487 453 καὶ
513 426 682 462 Θυγατέρων.
699 436 709 452 ι
731 426 878 453 Κάνταῦθα

90 472 181 499 τοίνυν
195 472 287 508 ἐπειδὴ
302 472 387 508 ὀργὴν
410 472 511 508 ἤμελλε
535 473 626 506 λέγειν
639 473 714 508 παρὰ
728 473 795 499 Θεοῦ
810 473 881 499 κατὰ

91 517 148 544 τῶν
164 517 311 545 Νινευῖτῶν
326 518 494 553 κινηθεῖσαν,
506 515 555 545 εἶτ’
569 516 616 545 οὖν
634 518 689 545 τῶν
710 519 860 554 Ἀσσυρίων
871 526 879 534 ο

91 563 123 588 ὲν
140 562 196 598 γὰρ
212 564 244 599 τῇ
269 563 449 599 βασιλευούσῃ
471 555 547 590 πέλει
562 563 592 590 τὺ
611 563 687 595 ἔθνος
703 563 776 590 ἂπαν
788 563 878 598 δηλοῖ·

93 607 165 643 ὑπὲρ
177 604 215 634 ὧν
232 607 344 644 ἀσεϐείᾳ
358 617 388 634 τε
401 609 449 635 καὶ
463 609 620 644 παρανομίᾳ
641 609 754 644 πλείστῃ
778 608 882 643 χρησά-

94 663 184 690 μενοι,
197 654 315 683 τοσαῦτα
333 655 383 690 μὲν
414 655 460 682 καὶ
475 654 624 691 τηλικαῦτα
638 655 711 682 κακὰ
727 654 841 686 πολλούς
852 663 880 680 τε

93 700 204 736 ἐτέρους
218 701 354 736 διέθηκαν,
371 701 417 728 καὶ
432 701 500 737 πρὸς
522 701 608 728 ἅπασί
626 709 658 735 γε
670 702 732 732 τοὺς
750 700 883 735 Ἰσραηλῖ-

93 755 145 778 τας
155 755 162 762 ·
176 747 370 782 ἐπεληλυθότες
380 747 408 774 δὲ
419 748 465 774 καὶ
481 748 513 782 τῇ
532 747 719 782 Ἰερουσαλὴμ,
735 747 832 782 μικροῦ
851 755 882 781 γε

94 793 164 828 πρὸς
177 793 365 829 αΰτὺνῆραντο
375 793 493 828 πόλεμον
506 793 552 819 τὸν
563 793 627 819 Θεόν
639 801 645 808 ·
658 792 748 823 καλῶς
761 792 883 818 ἐντεῦθεν

93 838 206 874 ἦρξατο,
226 848 236 865 ‹
253 839 318 871 θεὸς
343 839 467 875 ζηλωτὴς
486 848 495 865 ι
512 839 609 873 λέγων,
628 839 688 865 ἀντὶ
713 839 760 865 τοῦ
783 839 884 874 σφόδρα

95 886 310 922 παροργίζεσθαι
338 887 384 913 ἐπὶ
405 887 465 917 ταῖς
489 886 629 917 ἀσεϐείαις
644 885 732 918 εἰδὼς,
750 886 797 912 καὶ
815 886 883 921 μετὰ
900 877 920 904 Β

93 932 199 967 πολλῆς
211 931 259 967 μὲν
271 931 385 958 ἐκδικῶν
398 932 445 967 τῆς
458 932 543 967 ὀργῆς
556 931 605 962 τὰς
627 931 702 966 παρὰ
717 931 771 957 τῶν
780 930 884 967 ἀνθρώ-

96 986 157 1004 πων
168 977 376 1014 ἐπιτελουμένας
398 977 535 1009 ἁσεόείας,
552 977 655 1008 πάντας
666 977 694 1003 δὲ
713 977 775 1008 τοὺς
786 977 884 1012 ἐχθρὰν

96 1024 146 1050 καὶ
153 1024 274 1050 ἐναντίαν
282 1024 349 1059 πρὸς
355 1024 434 1050 αὐτὸν
444 1023 555 1058 γνώμην
563 1023 740 1058 αἱρουμένους
750 1031 775 1048 τι
779 1031 821 1057 μω
825 1022 885 1058 ρού-

98 1069 179 1104 μενός
191 1077 222 1096 τε
237 1070 283 1096 κα)⁸
304 1069 443 1101 παντελῶς
464 1069 613 1104 ἀφανίζων.
641 1067 707 1095 Εἶτα
728 1068 821 1103 ἐπειδὴ
839 1068 885 1094 νῦν

95 1114 194 1147 ταῦτα,
209 1115 287 1150 φησὶ,
296 1115 395 1151 πολλὴν
402 1115 449 1142 τοῦ
459 1115 527 1142 Θεοῦ
539 1114 743 1151 φιλανθρωπίαν
758 1114 822 1150 περὶ
839 1114 887 1141 αὑ-

95 1161 162 1192 τοὺς
185 1161 412 1197 ἐπιδεδειγμένου,
422 1161 539 1196 ὁπηνίκα
551 1161 589 1197 τῷ
599 1161 647 1187 τοῦ
663 1160 797 1197 μακαρίου
810 1160 887 1186 Ἰωνᾶ

97 1207 257 1243 κηρύγματι
268 1208 424 1239 πεισθέντες
434 1208 500 1243 πρὸς
512 1208 656 1242 μετάνοιαν
671 1207 739 1234 εἶδον
749 1217 755 1222 ·
766 1217 775 1233 ι
787 1206 888 1243 Κύριος

99 1255 286 1290 μακρόθυμος,
302 1256 348 1282 καὶ
360 1255 466 1290 μεγάλη
480 1256 497 1290 ἡ
515 1255 590 1289 ἰσχὺς
609 1254 708 1281 αὑτοῦ·
723 1254 770 1281 καὶ
793 1253 888 1280 ἁθωῶν

97 1302 151 1327 οὐκ
162 1301 286 1328 ἀθωώσει
295 1301 406 1336 Κύριος.
414 1311 423 1327 ›
429 1302 533 1336 Ὥσπερ
539 1300 603 1336 γὰρ,
620 1301 712 1336 φησὶν,
720 1300 888 1333 ἁνεξικακεῖν

98 1345 171 1374 οἶδεν
187 1347 234 1374 καὶ
244 1348 367 1384 παρορᾷᾯ
380 1347 587 1383 ἁμαρτημάτων
602 1355 631 1372 τε
646 1347 692 1372 καὶ
708 1345 889 1381 ἀσεϐημάτων

100 1393 214 1428 πλῆθος,
244 1394 327 1421 ὲπειδ¹
343 1394 376 1420 ἂν
389 1393 537 1425 νεύσαντας
553 1393 594 1427 ἴδῃ
615 1392 682 1427 πρὸς
699 1391 888 1426 μεταμέλειαν.

100 1440 140 1474 (p.
158 1440 219 1475 33!)
243 1439 330 1471 οὕτως
355 1439 492 1474 ἀρκοῦσαν
513 1438 698 1464 ἐπιδείκνυται
719 1437 768 1472 τὴν
794 1437 889 1464 ἑαυτοῦ

97 1486 216 1521 δύναμιν
226 1485 264 1521 τῷ
279 1486 391 1521 μεγέθει
404 1486 453 1520 τῆς
482 1485 626 1520 τιμωρίας,
644 1483 727 1510 ὲπειδ*
744 1483 777 1510 ἂν
790 1484 892 1518 ἀμετα-

100 1532 185 1567 νόητα
197 1532 342 1563 πταίοντας
361 1532 403 1568 ἴδῃ
418 1532 465 1558 καὶ
480 1531 548 1566 πρὸς
564 1531 647 1565 ἄκρον
659 1529 782 1560 ὰσεῦεῖας
795 1529 891 1563 ἐληλα-

101 1578 197 1610 κότας,
220 1577 266 1609 οὓς
291 1577 341 1604 οὐκ
368 1577 533 1604 ἀπαλλάττει
546 1575 600 1603 τῶν
620 1575 812 1610 ἐγκλημάτων,
828 1574 890 1600 οὐδὲ

100 1625 153 1658 τῆς
171 1623 218 1650 ἐπὶ
229 1625 284 1655 τοῖς
311 1624 491 1659 ἁμαρτήμασι
514 1622 660 1658 τιμωρίας,
678 1621 724 1648 ἅτε
743 1622 775 1647 ὲκ
788 1621 841 1647 τῶν
853 1621 887 1646 οί-

102 1670 185 1697 κείων
193 1669 318 1706 πράξεων
333 1669 594 1706 κατακρινομένονς.

139 1716 213 1751 Στίχ.
229 1716 261 1747 δ’,
277 1719 307 1742 ε’.
318 1731 353 1737 —-
368 1715 423 1742 Καὶ
437 1715 478 1746 τίς
497 1716 514 1750 ἡ
524 1714 626 1741 τούτων
650 1712 784 1745 ἀπόδειξις
797 1722 804 1745 ;
819 1722 828 1738 ι
849 1712 893 1739 Ἐν

104 1762 244 1798 συντελείᾳ
263 1762 310 1789 καὶ
336 1763 365 1788 ὲν
394 1760 581 1796 συσσεισμῷὴ
603 1760 663 1791 ὁδὸς
678 1759 771 1787 αὑτοῦ.
791 1769 800 1784 ι
820 1758 894 1786 Ὀδὺν

104 1808 184 1835 καλεῖ
202 1807 248 1835 τοῦ
264 1807 330 1834 Θεοῦ
346 1807 396 1842 τὴν
424 1806 523 1840 πρᾶξιν
534 1816 542 1822 ·
564 1806 595 1832 τὸ
616 1805 681 1833 αὐτὸ
700 1805 729 1832 δὲ
750 1803 829 1831 τοῦτο
846 1805 894 1830 καὶ

104 1855 153 1881 ἐπὶ
163 1853 216 1880 τῶν
231 1853 380 1889 ἀνθρώπων
397 1853 463 1889 φησὶ
479 1853 621 1884 πολλάκις·
637 1852 674 1884 ὡς
689 1851 728 1884 τὸ,
741 1861 749 1877 ι
763 1851 894 1878 Γινώσκει

106 1901 212 1936 Κύριος
224 1901 274 1932 τὰς
287 1900 363 1932 ὁδοὺς
376 1900 430 1927 τῶν
448 1899 580 1935 ἀμώμων.
597 1910 606 1925 ι
622 1899 754 1925 Ἐνταῦθα
763 1896 808 1925 οὖν
817 1897 895 1924 τοῦτό

106 1955 190 1983 φησιν
206 1947 257 1978 ὅτι,
272 1946 329 1973 Νῦν
341 1946 420 1973 τοῦτο
437 1946 567 1982 πράττειν
586 1945 696 1979 ἔγνωκε,
714 1945 760 1971 καὶ
774 1944 820 1970 ἐπὶ
834 1943 895 1970 τού-

105 2002 147 2028 τῳ
159 1993 192 2029 δὴ
208 1992 257 2028 τὴν
269 1992 358 2028 ὁρμὴν
374 1992 431 2028 ἔχει
453 1992 503 2027 τὴν
516 1991 578 2018 καθ’
596 1991 683 2026 ὑμῶν.
701 1991 772 2017 ὥστε
788 1990 896 2017 ἅπαντα

108 2040 160 2075 μὲν
174 2038 209 2066 τὰ
222 2039 286 2074 παρ’
295 2038 359 2073 ὑμῖν
374 2038 524 2068 συσσεῖσαι,
539 2037 659 2072 παντελῆ
668 2036 695 2062 δὲ
713 2037 776 2071 ὑμῖν
793 2037 897 2070 ὲπαγα·

105 2086 168 2120 γείν
177 2085 227 2120 τὴν
240 2082 386 2111 ἀπώλειαν.
408 2092 418 2109 ι
443 2083 499 2110 Καὶ
518 2082 628 2117 νεφέλαι
648 2082 785 2116 κονιορτὸς
809 2081 897 2108 ποδῶν

107 2130 205 2159 αὐτοῦ.
225 2140 234 2156 ι
257 2129 423 2161 Ἀκολούθως
448 2128 487 2163 τῷ
505 2138 514 2154 ι
535 2128 593 2160 ὁδὸς
614 2137 623 2154 ›
638 2129 735 2159 εἰπεῖν,
754 2127 896 2162 ἐπήγαγε,

113 2189 122 2204 ι
142 2176 265 2211 Νεφέλαι
281 2175 420 2211 κονιορτὸς
431 2174 520 2201 ποδῶν
532 2173 614 2201 αὑτοῦ
626 2182 632 2189 ·
647 2183 656 2199 ι
671 2172 764 2208 ἐπειδὴ
771 2173 825 2207 γὰρ
833 2172 894 2198 ἒπε-

107 2222 201 2258 ταιτῷ
213 2222 282 2258 μετὰ
290 2221 390 2256 πολλῆς
405 2219 524 2256 όρμῶντι
536 2220 585 2255 τῆς
601 2220 735 2255 κινήσεως
748 2219 779 2246 τὸ
793 2227 899 2254 κονιορ-
915 2212 936 2239 Ῑ)

108 2270 158 2296 τὸν
175 2267 314 2303 βαδίζοντα
326 2269 421 2300 κινεῖν,
431 2267 544 2298 Τούτου,
563 2267 640 2302 φησὶ,
655 2266 793 2301 κονιορτὸς
815 2265 902 2292 ποδῶν

110 2315 140 2342 αἱ
155 2312 282 2348 νεφέλαι·
297 2313 341 2340 ῐνα
355 2311 475 2348 dumdu
501 2311 609 2348 Ὀρμῶν
623 2312 664 2345 ἐφ’
675 2311 757 2346 ὑμᾶς,
774 2310 818 2337 τὸν
833 2310 903 2345 ἀέρα

111 2359 202 2386 πάντα
212 2357 357 2394 καθ’ύμῶν
371 2357 532 2393 συστρέφει⁶
547 2367 556 2383 ‹
579 2356 710 2383 ’Δπειλῶν
720 2355 842 2390 Θαλάσσῃ
856 2355 903 2383 καὶ

114 2405 248 2442 ξηραίνων
256 2404 509 2440 αὑτὴν,καὶπὰντας
516 2402 579 2434 τοὺς
587 2403 726 2437 ποταμοὺς
732 2402 881 2437 ὲξερημῶν.
890 2410 899 2427 ι

112 2451 259 2486 Αὐτάρκης
268 2448 296 2477 δὲ
309 2449 356 2476 καὶ
373 2449 440 2484 μόνῃ
451 2449 526 2483 φωνῇ
542 2447 678 2475 θάλασσάν
686 2456 715 2474 τε
726 2447 840 2482 ξηρᾶναι
855 2448 902 2474 καὶ

113 2497 254 2532 ποταμοὺς
263 2497 310 2523 σὺν
319 2495 421 2531 ἐκείνῃ,
436 2494 524 2530 δηλῶν
539 2495 579 2521 ὅτι
594 2494 680 2526 οὐδεὶς
692 2493 772 2525 πόνος
783 2493 857 2528 αὑτῷ
872 2494 902 2520 τὸ

115 2543 249 2579 ὑμέτερον
257 2541 382 2577 σύστημα
395 2541 478 2568 καὶτὸ
493 2541 593 2576 πλῆθος
600 2540 631 2567 τὸ
646 2540 710 2575 παρ’
719 2540 784 2574 ὑμῖν
798 2539 902 2567 ἀνελεῖν

116 2588 283 2624 βουληθέντι.
298 2585 363 2614 Εἶτα
375 2587 474 2614 καὶτοῦ
483 2586 625 2621 γινομένου
633 2586 682 2621 τὴν
691 2585 825 2618 ἀπόδειξιν
833 2594 905 2621 παρ-

116 2634 255 2669 εχόμενοςυ
267 2642 276 2659 ι
287 2632 417 2668 Ὦλιγώθη
433 2634 450 2669 ἠ
463 2633 604 2664 Βασανῖτις
610 2632 655 2659 καὶ
670 2632 685 2658 ὁ
697 2631 854 2667 Κάρμηλος,
864 2632 902 2667 (p.

116 2680 182 2715 3'52)
196 2679 243 2706 καὶ
256 2679 345 2706 πάντα
355 2679 390 2705 τὰ
403 2678 567 2711 ἐξανθοῦντα
580 2678 627 2705 τοῦ
635 2678 752 2705 Δισάνου
762 2677 885 2711 ἐξέλιπεν
895 2686 901 2693 ’

117 2725 155 2753 τὰ
169 2725 220 2761 ὅρη
231 2723 341 2759 ἐσείσθη
355 2724 402 2751 ἀπ’
414 2723 510 2756 αὑτοῦ,
525 2722 573 2748 καὶ
582 2722 606 2748 οι
616 2721 701 2756 βουνοὶ
709 2721 901 2757 ἐσαλεύθησαν,

119 2770 169 2800 καὶ
195 2769 329 2805 ἀνεστάλη
347 2770 364 2806 ἡ
382 2770 416 2805 γῆ
432 2769 486 2798 ἀπὸ
506 2768 652 2805 προσώπου
665 2769 682 2803 ἡ
705 2768 846 2804 σύμπασα,
857 2768 904 2795 καὶ

162 2861 183 2878 ¹¹
199 2860 277 2890 Deut.
290 2868 376 2892 xuii.
397 2858 445 2888 l9.-.
477 2858 498 2875 ι’
511 2857 580 2887 Psal.
593 2865 684 2891 xxxvi,
703 2856 743 2885 18.

928 245 1002 272 mine
1016 244 1135 279 appellat
1158 244 1226 270 iram
1249 250 1333 278 quam
1349 242 1422 271 Deus
1442 242 1554 271 vesanis
1571 242 1714 270 hominum

928 289 1037 317 actibus
1053 289 1233 317 exacerbatus
1247 288 1368 324 concipit
1382 288 1516 316 adversus
1533 288 1643 322 impios.
1666 287 1716 315 Sic

929 335 1032 362 dicitur
1048 343 1055 361 :
1073 344 1083 360 ‹
1103 334 1175 361 Vidit
1190 333 1332 366 Dominus,
1346 333 1459 369 zeloque
1473 333 1633 364 excanduit.
1651 340 1717 368 pro-

930 385 991 416 pter
1010 380 1078 408 iram
1095 380 1130 407 ad
1144 388 1225 415 quam
1241 387 1303 408 eum
1319 383 1538 415 provocaverunt
1554 379 1601 406 lilii
1618 379 1661 406 sui
1687 382 1716 406 et

932 424 1036 450 tilize”.
1057 433 1065 449 ι
1082 423 1135 450 Par
1151 428 1194 451 est
1215 431 1288 451 nunc
1307 431 1416 459 quoque
1432 423 1581 458 Scriptura}
1604 423 1714 455 locutio,

931 470 995 497 dum
1016 470 1083 497 iram
1102 470 1149 497 Dei
1171 471 1316 498 recitatum
1332 475 1374 498 est
1390 474 1486 498 contra
1502 470 1638 498 Ninivitas
1659 470 1717 497 sive

930 516 1058 551 Assyrios
1075 521 1239 543 commotam
1259 517 1388 552 (namque
1402 517 1429 543 in
1446 517 1513 543 urbe
1536 515 1717 543 dominatricc

934 562 1088 590 universam
1104 566 1211 596 gentem
1223 562 1370 597 designat),
1383 562 1447 597 quia
1458 569 1564 589 summa
1578 562 1718 596 impietate

933 617 964 636 ac
978 609 1082 636 scelere
1095 609 1148 640 usi.
1173 612 1213 635 tot
1231 612 1362 643 tantaque
1380 609 1451 634 mala
1467 612 1523 634 tum
1548 608 1609 634 aliis
1625 608 1718 635 multis

933 655 1081 681 intulerant
1106 654 1223 688 populis,
1244 658 1301 681 tum
1320 654 1437 689 denique
1463 654 1545 680 etiam
1568 653 1717 680 lsraelitis:

933 702 999 736 quin
1016 701 1083 727 adeo
1099 700 1286 736 Hiemsolyma
1303 699 1402 732 adorti,
1417 700 1505 734 ip~um
1523 699 1718 734 propemodum

934 747 1018 773 Deum
1045 746 1115 773 bello
1131 746 1336 773 lacessiverunt.
1354 745 1535 778 Quamobrem
1559 744 1719 779 plteclarum

935 793 1000 820 fecit
1017 792 1123 820 initium
1139 793 1270 828 propheta
1284 792 1424 826 appellans
1442 790 1526 818 Deum
1543 790 1692 818 Zelatoretn
1710 798 1717 817 :

936 846 1033 873 nempe
1047 843 1075 865 ut
1088 838 1202 870 diceret,
1218 837 1269 870 Qui
1290 844 1452 871 magnopere
1468 836 1547 863 irasci
1558 836 1721 863 criminibus

935 885 1013 916 solet,
1029 885 1168 919 multaque
1181 884 1227 911 ira:
1239 884 1263 910 vi
1283 890 1343 918 quae
1355 887 1496 917 patrantur
1512 883 1546 909 ab
1562 880 1722 908 hominibus

935 930 1038 957 scelera
1055 930 1211 960 vindicare.
1233 934 1314 964 atque
1329 937 1376 957 eos
1399 937 1494 957 omnes
1519 929 1564 964 qui
1587 928 1678 956 hostili
1695 931 1723 954 et

936 976 1053 1003 adverso
1076 976 1102 1002 in
1119 984 1179 1002 eum
1196 975 1288 1002 animo
1303 980 1377 1006 sunt,
1394 975 1484 1009 pmnis
1503 974 1623 1001 irretitos
1639 973 1723 1000 exitio

936 1022 1071 1049 addicere.
1086 1022 1187 1049 Deinde
1202 1023 1247 1056 qui
1265 1021 1321 1048 inec
1337 1029 1423 1056 nuper
1436 1021 1552 1051 dixerat.
1566 1020 1636 1047 idem
1650 1019 1722 1045 nlul-

938 1072 992 1094 taui
1009 1075 1024 1095 a
1044 1067 1097 1094 Deo
1118 1067 1333 1094 benevolentiam
1345 1074 1408 1101 erga
1428 1066 1554 1101 Assyrius
1574 1063 1723 1091 adhibitam

937 1115 986 1147 ait,
1002 1122 1056 1149 quo
1071 1118 1193 1148 tempore
1205 1113 1285 1139 beato
1295 1111 1372 1139 Iona!
1381 1111 1555 1138 conciouanti
1572 1108 1725 1137 assentien-

938 1166 979 1188 tes
999 1160 1182 1194 resipuerunt.
1210 1168 1219 1184 ι
1242 1158 1374 1185 Dominus
1391 1157 1516 1193 patiens;
1535 1162 1662 1190 magnum
1681 1161 1726 1181 ro-

939 1206 991 1232 bur
1018 1204 1089 1240 ejus.
1115 1204 1288 1231 Absolvendo
1312 1212 1366 1230 non
1396 1202 1518 1229 absolvet
1541 1200 1683 1228 Dominus.
1713 1207 1724 1224 ι

939 1251 1077 1285 Quantum
1089 1251 1173 1282 enim,
1190 1250 1287 1284 inquit.
1313 1249 1448 1283 patienter
1469 1247 1541 1274 ferre
1552 1251 1579 1273 et
1597 1245 1728 1272 dissimu-

940 1299 996 1326 lare
1011 1301 1124 1333 peccata
1150 1304 1181 1323 ac
1204 1296 1307 1322 scelera
1326 1295 1412 1325 novit,
1439 1293 1576 1328 siquando
1601 1291 1727 1318 homines

940 1345 973 1372 ad
988 1345 1099 1371 meliora
1120 1342 1241 1370 converti
1256 1341 1361 1371 viderit,
1374 1339 1541 1366 tantumdem
1559 1338 1730 1365 demonstrat

941 1389 1013 1416 vires
1040 1396 1104 1416 suas
1129 1389 1156 1415 in
1181 1395 1267 1422 pinna:
1290 1384 1487 1420 magnitudine,
1512 1381 1647 1417 siquando
1669 1381 1730 1409 sine

942 1435 1109 1470 poenitentize
1124 1442 1170 1470 spe
1189 1435 1281 1468 lapsos
1299 1432 1428 1463 senserit,
1450 1435 1532 1464 atque
1547 1430 1575 1456 in
1595 1427 1729 1455 malitiam

943 1488 1077 1509 summam
1093 1485 1246 1515 provectos.
1261 1478 1395 1505 Nimirum
1412 1484 1460 1504 eos
1475 1483 1564 1510 neque
1579 1482 1593 1501 a
1605 1474 1733 1502 crimina-

905 1543 928 1572 ο
944 1527 1018 1553 tione
1034 1526 1139 1557 liberat,
1154 1533 1241 1559 neque
1254 1533 1268 1550 a
1288 1524 1430 1558 culparum
1452 1529 1548 1557 pinna;
1569 1521 1669 1556 quippe
1684 1519 1731 1555 qui

941 1573 998 1607 jam
1010 1572 1122 1600 suismet
1136 1571 1242 1599 actibus
1254 1569 1374 1597 damnati
1391 1573 1467 1596 sunt.

983 1714 1062 1742 Vens.
1073 1713 1380 1748 4,5.-—217Quaenam
1391 1719 1473 1747 porro
1481 1709 1627 1738 estharum
1637 1715 1729 1735 rerum
1774 1727 1777 1729 .

944 1760 1163 1788 demonstratio?
1189 1769 1198 1785 ί
1211 1758 1239 1786 In
1265 1758 1503 1786 consummatione
1519 1760 1546 1783 et
1564 1755 1591 1782 in
1608 1760 1733 1781 commo«

946 1807 1020 1833 tione
1030 1805 1072 1832 via
1089 1805 1159 1839 ejus.
1174 1814 1183 1830 ι
1201 1804 1279 1831 Viam
1295 1804 1362 1830 dicit
1376 1803 1422 1830 Dei
1439 1807 1549 1830 aetum:
1565 1807 1646 1835 quam
1662 1799 1735 1826 locu-

946 1853 1045 1880 tionem
1061 1852 1095 1879 de
1116 1850 1273 1878 hominibus
1290 1856 1400 1884 quoque
1414 1856 1485 1882 saepe
1504 1849 1621 1882 usurpat
1641 1845 1736 1881 Scrip-

946 1903 1025 1932 tura;
1051 1898 1151 1925 veluti:
1180 1896 1282 1923 «Novit
1306 1895 1437 1924 Dominus
1454 1895 1525 1922 viam
1545 1892 1737 1921 immaculato-

946 1953 1007 1972 rum
1021 1944 1052 1971 ".
1066 1954 1074 1970 ι
1092 1943 1148 1970 Hoc
1164 1943 1224 1969 loco
1240 1942 1287 1976 ait,
1295 1943 1346 1970 sibi
1359 1942 1384 1969 id
1398 1949 1471 1968 nunc
1482 1940 1652 1976 propositum
1663 1945 1736 1968 esse,

947 1996 1029 2025 atque
1046 1990 1150 2017 idcirco
1173 1989 1201 2017 in
1218 1998 1268 2017 vos
1286 1996 1376 2019 ruere.
1387 1994 1416 2015 ut
1430 1991 1522 2014 vestra
1536 1984 1628 2013 omnia
1641 1991 1738 2018 usque.

946 2044 1054 2073 quaque
1070 2041 1251 2067 commoveat,
1262 2034 1394 2068 vobisque
1407 2033 1521 2060 exitium
1536 2031 1644 2058 inferat.
1658 2039 1667 2055 ι
1680 2028 1735 2057 Ner

947 2084 1018 2111 bula:
1037 2082 1122 2118 pulvis
1132 2081 1228 2117 pedum
1238 2081 1303 2116 ejus.
1314 2089 1324 2106 ι
1334 2079 1544 2112 Consequenter,
1553 2076 1614 2112 quia
1625 2084 1635 2101 ι
1644 2075 1713 2102 viam
1724 2083 1733 2100 ι

948 2130 1064 2161 dixerat,
1081 2128 1166 2160 addit,
1191 2126 1320 2154 «Nebulae
1336 2125 1426 2160 pulvis
1440 2123 1538 2158 pedum
1553 2122 1623 2156 ejus.
1636 2130 1645 2146 ι
1670 2119 1738 2146 Nam

950 2176 1031 2204 sicuti
1049 2174 1148 2202 accidit
1168 2176 1198 2200 ut
1218 2172 1241 2199 is
1258 2172 1305 2206 qui
1325 2170 1410 2198 multo
1426 2176 1489 2196 cum
1507 2168 1609 2202 impetu
1633 2165 1737 2195 currit.

952 2221 1092 2256 pulverem
1108 2220 1136 2246 in
1156 2219 1265 2245 incessu
1283 2217 1398 2243 excitet:
1412 2215 1448 2242 ita
1459 2213 1627 2244 divinorum,
1639 2210 1739 2245 inquit.

952 2255 1049 2302 pedum
1066 2265 1154 2300 pulvis
1170 2263 1276 2291 nebulze
1291 2265 1365 2290 sunt.
1384 2260 1486 2295 Nempe
1500 2258 1637 2294 signiﬁcat
1652 2265 1668 2283 a
1684 2255 1740 2283 Deo

952 2314 979 2340 in
1005 2320 1052 2340 vos
1075 2312 1196 2338 irruente
1220 2308 1379 2336 universum
1400 2313 1490 2333 aerem
1513 2309 1610 2332 contra
1634 2306 1741 2330 vosmet

951 2357 1087 2386 convolvi.
1116 2365 1125 2382 ι
1138 2356 1265 2383 Minitans
1282 2353 1367 2386 mari,
1390 2351 1511 2386 illudque
1536 2349 1697 2381 exsiccans,
1714 2352 1741 2374 et

952 2405 1061 2432 ﬂumina
1078 2402 1341 2430 cunctadevastans.
1355 2410 1364 2424 ι
1377 2398 1430 2431 Qui
1442 2400 1529 2433 potest
1540 2395 1645 2423 scilicet
1659 2395 1741 2421 unius

951 2459 1002 2486 ope
1013 2450 1089 2477 vocis
1103 2456 1178 2476 mare
1191 2447 1342 2481 ﬂuviosque
1355 2445 1457 2480 pariter
1468 2442 1619 2470 exsiccare.
1634 2439 1742 2473 Quibus

950 2498 1043 2524 verbis
1067 2495 1138 2523 Deus
1160 2494 1281 2522 declarat
1307 2491 1436 2528 perfacile
1460 2489 1514 2517 sibi
1533 2495 1595 2515 esse
1618 2490 1741 2514 vestrum

952 2542 1080 2578 populum
1104 2539 1303 2576 quantumlibet
1330 2544 1445 2566 numero
1470 2535 1607 2570 ingentem
1627 2532 1740 2560 exscin-

952 2586 1028 2617 dere.
1039 2584 1174 2619 siquando
1182 2583 1307 2611 voluerit.
1321 2581 1423 2609 Deinde
1434 2580 1472 2607 rei
1481 2583 1562 2612 gestae
1571 2578 1745 2605 demonstra—

956 2632 1057 2659 tionem
1083 2629 1223 2665 proferens
1241 2638 1247 2656 :
1269 2637 1279 2655 ι
1298 2627 1442 2655 Imminuta
1459 2630 1510 2657 est.
1537 2625 1584 2653 ait.
1607 2622 1744 2650 Basanitis

956 2682 984 2705 et
1000 2677 1151 2709 Carmelus,
1168 2681 1195 2703 et
1211 2675 1301 2702 omnis
1317 2673 1413 2701 Libani
1437 2672 1487 2699 llos
1503 2670 1617 2698 defecit:
1638 2673 1745 2695 montes

957 2731 973 2750 a
996 2722 1050 2750 Deo
1067 2722 1194 2749 concussi
1210 2720 1321 2748 fuerunt
1336 2719 1473 2752 collesque
1493 2715 1638 2744 commoti:
1665 2714 1745 2741 tellus

958 2776 1051 2797 eorum
1063 2776 1096 2797 eo
1110 2775 1171 2796 cum
1184 2766 1290 2796 colonis
1306 2765 1364 2795 suis
1374 2763 1490 2793 inhibita
1501 2766 1553 2791 est.
1567 2771 1576 2788 ι
1598 2760 1744 2789 Enimvero
