3844 6222
238 276 346 333 ιω

1224 283 1775 345 ΕΟΜΜΕΝΤΑΒΙΗΒ
1813 286 1885 343 IN
1921 288 2192 349 NAHUMI
2231 294 2383 351 CAP.
2425 296 2492 355 ΙΙ.

3387 302 3494 362 ιιο

233 392 576 466 δυναμένην,
602 396 669 451 Τί
693 394 817 465 οὖνς
850 415 873 452 ι
909 400 1049 454 Τάδε
1089 400 1237 471 λέγει
1271 403 1476 476 Κύριος
1522 406 1813 476 κατάρχων

1918 409 2150 479 iuvanda
2170 413 2329 472 foret.
2358 415 2503 483 Quid
2516 419 2679 490 ergo?
2704 433 2725 472 ι
2755 414 2889 475 Haec
2924 412 2999 475 ait
3022 418 3284 477 Dominus
3311 430 3493 477 rector

238 484 448 538 ὑδάτων
496 485 727 545 πολλῶν.
768 506 787 540 ι
830 490 1030 544 ’Λκουε
1073 491 1254 546 τοίνυν
1300 494 1455 548 ἅτινα
1513 497 1653 571 ὑπὲρ
1719 497 1813 553 τοῦ

236 577 586 649 τολμήματος
614 580 825 634 ἐκείνου
857 581 954 637 νῦν
987 584 1350 655 ἀποφαίνεται
1378 588 1511 652 Θεὸς
1534 592 1563 643 6
1596 591 1815 650 πάντων

238 668 441 740 Κύριος
466 671 573 726 τῶν
596 673 735 727 κατὰ
759 675 863 746 γῆν
885 674 1074 731 ἐθνῶν·
1098 678 1256 733 τοῦτο
1274 682 1383 752 γὰρ
1400 682 1545 751 λέγει
1567 683 1628 736 τὸ
1647 702 1665 735 ι
1689 684 1815 738 ὑδά-

237 772 347 815 των
380 764 611 819 πολλῶν.
648 785 667 818 ι
708 784 727 818 ι
754 768 865 821 Καὶ
880 767 1054 833 οὕτως
1072 770 1535 845 διασταλήσονται.
1552 796 1570 827 ι
1590 777 1678 839 Ὠς
1705 776 1813 849 γὰρ

238 852 308 906 ἂν
329 854 384 908 εί
406 857 701 927 τις,φησὶν,
721 856 866 930 ὕδωρ
880 858 1145 925 ὲξηῦδατος
1162 863 1221 915 ἐν
1237 874 1342 919 τινι
1369 867 1521 935 τόπῳ
1546 866 1816 934 συνεστὼς

235 944 383 1014 μετὰ
398 946 597 1019 πολλῆς
622 948 962 1019 διαστήσειεν
980 950 1079 1022 τῆς
1100 954 1418 1027 εὐμαρείας,
1437 957 1578 1011 οὕτω
1601 960 1816 1014 πάντων

241 1035 388 1105 ὑμᾶς
420 1038 636 1109 ἀφοριεί
665 1039 773 1094 τῶν
796 1040 964 1095 ὲθνῶν
992 1046 1024 1096 6
1054 1044 1190 1110 Θεὸς
1245 1048 1517 1119 παραδοὺς
1546 1052 1814 1124 ἀπωλείᾳ,

239 1146 265 1179 v
304 1130 413 1182 Kal.
426 1130 563 1202 ἀκοὴ
583 1130 683 1186 ούκ
713 1134 1166 1206 ἔνακουσθήσεται
1185 1138 1266 1192 ἔτι
1287 1157 1303 1170 ·
1338 1157 1357 1191 ι
1384 1141 1467 1205 ὡς
1490 1141 1690 1213 μηκέτι
1721 1142 1829 1198 σου

234 1220 383 1291 μηδὲ
414 1224 582 1295 ἀκοὴν
596 1221 735 1281 εἶναι
762 1227 855 1281 τοῦ
884 1231 1163 1295 παντελῶς
1184 1233 1570 1299 ἀπολωλότος.ι
1584 1237 1693 1291 Καὶ
1722 1239 1819 1291 νῦν

240 1313 521 1385 συντρίψω
554 1315 656 1386 τὴν
688 1318 884 1388 ῥάϐδον
932 1321 1102 1375 αὐτοῦ
1142 1323 1250 1376 ἀπὸ
1301 1323 1416 1390 σοῦ,
1450 1328 1547 1380 καὶ
1577 1330 1703 1393 τοὺς
1734 1328 1819 1382 δει

241 1404 416 1475 σμούς
448 1423 542 1460 σου
583 1408 876 1481 stupeﬁat».
906 1431 926 1465 ι
953 1413 1137 1467 Πάντα
1181 1415 1290 1488 γάρ
1317 1422 1411 1471 σου
1440 1418 1511 1472 τὰ
1539 1420 1817 1492 σκῆπτρα,

234 1498 337 1549 καὶ
371 1499 473 1569 τὴν
502 1499 779 1570 βασιλείαν
814 1503 882 1575 ἢν
914 1504 1065 1576 ἔχειν
1115 1507 1345 1573 ἐδόκεις,
1389 1512 1649 1582 συγκόψω
1674 1529 1687 1543 ·
1738 1512 1816 1583 (ρ-

241 1588 370 1656 535)
402 1590 497 1644 καὶ
520 1592 703 1646 πᾶσαν
726 1592 827 1665 τὴν
860 1593 1179 1651 δυναστείαν
1214 1599 1283 1669 ἢν
1306 1600 1447 1654 κατὰ
1473 1601 1581 1654 τῶν
1606 1603 1822 1673 ὑποχει-

234 1676 378 1746 ρίων
414 1673 583 1747 εἶχες,
620 1678 811 1752 ὥσπερ
856 1684 970 1737 τισὶ
1015 1686 1239 1758 δεσμοῖς
1263 1689 1459 1753 αὐτοὺς
1496 1693 1562 1761 τῇ
1594 1692 1816 1764 ἐξουσίᾳ

240 1766 584 1837 περιϐάλλων
618 1774 686 1843 τῇ
720 1774 921 1847 οίκιίςι,
950 1752 1231 1843 παντελῶς
1254 1779 1515 1852 διατὲμω,
1536 1752 1655 1837 tiae-
1678 1752 1817 1855 μετα
1849 1752 1893 1812 Β

239 1856 342 1923 τῆς
361 1858 637 1925 ἀπωλείας
675 1863 742 1933 ἢν
771 1863 1061 1936 ὑπομένεις
1083 1868 1264 1939 πάσης
1290 1887 1382 1923 σου
1404 1872 1503 1943 τῆς
1538 1873 1815 1943 βασιλείας

239 1947 337 2034 καὶ
374 1947 468 2001 τοῦ
508 1950 745 2019 κράτους
792 1953 889 2006 καὶ
930 1958 1029 2025 τῆς
1058 1957 1304 2023 ἐξουσίας
1339 1960 1405 2030 ἣν
1441 1960 1565 2014 καθ’
1615 1962 1814 2034 ἐτέρων

238 2033 387 2107 εἶχες
410 2038 487 2103 ὡς
539 2041 685 2106 duo;
707 2043 1130 2117 ἀφανιζομένης.
1154 2067 1181 2100 4
1212 2051 1323 2103 Καὶ
1364 2051 1655 2107 ἐντελείται
1684 2033 1814 2121 περὶ

240 2129 337 2182 σοῦ
360 2130 585 2201 Κύριος.
640 2153 660 2185 ι
694 2135 881 2189 Ταῦτα
916 2137 1025 2210 γὰρ
1062 2140 1191 2210 περὶ
1235 2139 1329 2193 σοῦ
1362 2142 1615 2210 γενέσθαι
1656 2143 1817 2197 κεκέ-

235 2219 432 2275 λευκεν
455 2226 484 2276 6
503 2214 653 2287 Θεός.
684 2245 701 2277 ι
734 2227 809 2280 υύ
841 2230 1178 2299 σπαρήσεται
1205 2233 1268 2284 ὲκ
1297 2232 1391 2286 τοῦ
1420 2234 1685 2305 ὀνόματός
1717 2252 1812 2288 σου

235 2312 342 2367 ἔτι.
376 2333 396 2364 ι
446 2315 662 2388 Ἐπειδὴ
719 2319 769 2371 οί
810 2318 915 2372 ὑπὸ
952 2320 1226 2390 βασιλείας
1255 2323 1407 2387 ὅντες
1432 2324 1813 2381 είώθασινὲπὶ

235 2404 366 2469 τοὺς
396 2404 651 2475 βασιλέας
686 2409 906 2464 ἅπαντα
964 2413 1276 2484 ἀναφέρειν,
1325 2415 1418 2468 καὶ
1443 2417 1508 2469 ὲκ
1543 2416 1645 2485 τῆς
1668 2417 1815 2470 ἐκείι-

233 2512 348 2550 νων
368 2497 651 2555 καλεῖσθαι
690 2504 1083 2576 προσηγορίας,
1126 2505 1202 2570 ὡς
1248 2507 1353 2560 ὑπὸ
1411 2508 1511 2578 τὴν
1563 2510 1811 2574 ἐξουσίαν

232 2588 395 2653 ὄντας
445 2590 547 2663 τὴν
605 2595 849 2658 ἐκείνων,
880 2597 981 2651 οὐκ
1032 2598 1114 2651 ἔτι
1138 2614 1259 2664 σου,
1291 2600 1476 2669 φησὶν,
1498 2602 1530 2671 ἡ
1553 2601 1812 2674 ὀνομασία

224 2681 480 2753 οὐδαμοῦ
534 2686 834 2758 φανήσεται
880 2690 1161 2755 παντελῶς
1210 2692 1597 2764 ἀπολλυμένου.
1645 2714 1665 2745 ι
1723 2695 1813 2760 Ἐξ

232 2771 389 2825 οἴκου
408 2772 547 2828 Θεοῦ
586 2790 681 2828 σου
718 2776 1085 2848 δξολοθρεύσω
1139 2782 1376 2849 γλυπτὰ,
1442 2784 1537 2836 καὶ
1566 2786 1811 2853 χωνευτὰ

237 2862 479 2936 θήσομαι
508 2872 686 2939 ταφήν
718 2882 836 2935 σου,
866 2872 949 2924 ὅτι
973 2871 1275 2944 ἠτιμώθης.
1308 2893 1327 2925 ι
1350 2874 1669 2944 Συναφανιῶ
1703 2876 1811 2948 γάρ

237 2970 327 3008 σοι
358 2957 452 3011 καὶ
476 2957 558 3011 τὰ
602 2960 817 3025 εἴδωλα,
857 2956 938 3025 οἷς
977 2963 1177 3034 πολλὴν
1196 2964 1473 3035 -ἀπένεμες
1503 2966 1603 3037 τὴν
1623 2966 1809 3039 τιμὴν,

238 3042 386 3117 ᾇπερ
407 3046 597 3120 ὥσπερ
621 3067 707 3113 τις
731 3052 877 3123 ταφή
919 3069 1003 3105 σοι
1032 3054 1319 3122 γενήσεται
1348 3057 1807 3128 συναπολλύμενα,

238 3136 340 3191 καὶ
368 3131 860 3212 ωναφανιζόμενα,
887 3145 979 3197 καὶ
996 3145 1275 3214 μονονουχὶ
1307 3145 1722 3219 συνθαπτόμενα
1748 3151 1816 3220 τῇ

239 3229 438 3302 ἀτιμίᾳ
466 3234 532 3304 τῇ
551 3235 641 3304 σῇ.
671 3251 691 3285 ι
721 3235 865 3288 Διότι
902 3235 1010 3289 ἰδοὺ
1055 3236 1149 3289 ἐπὶ
1173 3236 1246 3291 τὰ
1273 3236 1372 3309 ὅρη
1403 3238 1563 3303 πόδες
1592 3241 1819 3309 εὐαγγε-

240 3316 526 3392 λιζομένου
576 3323 669 3377 καὶ
724 3324 1161 3393 ἀπαγγέλλοντος
1213 3328 1455 3400 εἰρήνην.
1504 3348 1523 3381 ι
1556 3329 1688 3382 Τότε
1727 3330 1815 3402 δὴ,

241 3411 436 3485 φησὶν,
462 3410 683 3469 ἰσονται
708 3414 893 3470 πολλοὶ
920 3419 968 3472 οἱ
992 3416 1096 3471 ἀνὰ
1117 3416 1187 3471 τὰ
1210 3416 1310 3490 ὅρη
1326 3419 1432 3488 τῆς
1465 3418 1820 3491 Ἰερουσαλὴμ

241 3502 638 3574 ἀνατρέχοντες
659 3505 754 3558 καὶ
768 3505 866 3576 τὴν
880 3504 1153 3559 ἀπώλειαν
1182 3507 1656 3579 εὐαγγελιζόμενοι
1687 3511 1823 3563 πᾶσι

241 3591 346 3663 τὴν
378 3580 497 3664 σὴν,
527 3594 620 3648 καὶ
648 3595 746 3667 τὴν
788 3595 1039 3649 ἐντεῦθεν
1076 3595 1410 3661 καθέξουσαν
1442 3599 1639 3662 αὐτοὺς
1670 3601 1822 3672 είρή-

243 3704 367 3755 νην.
411 3706 429 3739 ι
465 3686 745 3760 Ἐόρταζε,
787 3682 979 3753 Ἰούδα,
1003 3689 1101 3753 τὰς
1129 3689 1321 3760 ἑορτάς
1358 3707 1472 3756 σου,
1508 3691 1707 3755 ἄποδος
1744 3692 1823 3764 τῷ

242 3777 368 3850 Θεῷ
397 3780 499 3845 τὰς
545 3781 709 3852 εὐχάς
742 3798 861 3846 σου,
891 3781 1024 3835 διότι
1065 3782 1127 3835 οὐ
1152 3782 1241 3853 Δμὴ
1267 3782 1575 3853 πρωθῶσιν
1613 3782 1694 3837 ἑτι
1726 3785 1820 3837 τοῦ

242 3856 475 3925 διελθεῖν
509 3873 591 3937 είς
636 3872 959 3927 παλαίωσιν.
1000 3892 1018 3925 ι
1062 3872 1140 3943 (p.
1168 3873 1297 3943 356)
1329 3862 1460 3927 Ἐσο
1510 3874 1574 3945 δὴ
1616 3877 1710 3929 καὶ
1752 3872 1817 3927 σὺ

242 3959 432 4015 λοιπὸν
448 3962 510 4015 ἐν
543 3963 775 4031 ἡδοναῖς,
802 3964 897 4018 καὶ
923 3964 1021 4028 τὰς
1051 3963 1395 4036 καθηκούσας
1429 3966 1621 4037 ἑορτάς
1638 3984 1697 4020 τε
1724 3968 1819 4020 καὶ

243 4051 414 4121 εὐχὰς
456 4053 534 4125 τῷ
578 4042 697 4125 Θεῷ
748 4054 887 4125 μετὰ
928 4055 1107 4126 πάσης
1131 4054 1404 4127 ὲκπλήρου
1430 4057 1529 4127 τῆς
1583 4056 1820 4127 σπουδῆς

1917 518 2181 568 aquarum
2206 508 2520 563 multarum.
2554 528 2573 563 ι
2610 511 2748 565 Audi
2781 526 2943 581 porro
2972 527 3241 581 quasnam
3263 514 3489 569 ausibus

1917 594 2024 651 illis
2062 613 2206 652 nunc
2235 614 2426 668 poenas
2454 600 2711 657 decernat
2739 602 2883 659 Deus
2910 612 3233 658 cunctorum
3270 605 3324 659 in
3357 606 3490 659 orbe

1916 687 2243 755 populorum
2269 689 2552 745 Dominus.
2576 689 2659 745 'Ut
2687 692 2832 747 enim
2863 694 3107 757 cuilibet,
3138 695 3335 764 inquit,
3367 696 3494 749 licet

1914 788 2275 848 congregatas
2314 781 2516 836 alicubi
2567 798 2740 854 aquas
2784 783 3041 840 facillime
3079 768 3371 856 separare:
3413 788 3493 841 sic

1915 885 2014 924 vos
2041 869 2111 923 ab
2136 872 2393 927 omnibus
2410 874 2667 940 gentibus
2693 875 2971 929 discernet
3009 874 3153 931 Deus
3182 892 3305 931 cum
3326 877 3496 931 exitio

1911 963 2119 1020 tradet.
2158 982 2185 1016 ιι
2228 964 2414 1037 Neque
2464 970 2718 1024 audietur
2752 969 2962 1024 diutius
2993 969 3223 1024 auditio.
3266 988 3284 1021 ι
3321 966 3401 1022 Ita
3433 975 3495 1022 ut

1916 1071 1984 1111 ne
2015 1056 2213 1113 famam
2242 1058 2459 1128 quidem
2487 1061 2607 1129 ejus
2633 1062 2727 1131 qui
2759 1062 2917 1131 periit
2932 1061 3046 1131 jam
3074 1061 3155 1117 sis
3179 1060 3487 1114 auditurus.

1922 1166 1941 1200 ι
1988 1147 2052 1203 Et
2082 1165 2229 1205 nunc
2265 1152 2562 1207 contritam
2600 1160 2841 1208 avertam
2875 1153 3086 1223 virgam
3119 1151 3243 1222 ejus
3276 1167 3305 1205 a
3332 1161 3414 1217 te,
3437 1159 3491 1205 et

1916 1241 2137 1296 vincula
2187 1250 2283 1323 tua
2321 1242 2658 1314 dirumpam.
2698 1262 2725 1297 -ι
2760 1244 2973 1300 Cuncta
3013 1246 3158 1300 enim
3191 1252 3406 1324 sceptra
3437 1254 3493 1298 et

1914 1337 2230 1412 huperium,
2286 1341 2434 1411 quod
2484 1341 2685 1397 habere
2713 1342 3010 1408 videbaris,
3068 1342 3487 1398 comminuam:

1916 1432 2233 1487 universam
2273 1432 2572 1503 potentiam
2604 1443 2751 1489 tuam
2781 1449 2945 1503 quam
2968 1434 3024 1489 in
3060 1433 3308 1490 subditos
3333 1446 3491 1487 exer-

1914 1521 2105 1588 eebas,
2154 1532 2213 1577 et
2256 1538 2365 1593 qua
2406 1538 2505 1577 ceu
2546 1523 2781 1580 vinculis
2816 1524 3078 1595 populum
3124 1524 3270 1578 hunc
3312 1522 3366 1576 in
3395 1529 3491 1576 tua

1916 1614 2125 1673 ditione
2165 1615 2461 1678 retinebas,
2505 1617 2729 1670 omnino
2777 1616 3068 1685 pmcidam
3104 1634 3117 1670 :
3151 1614 3299 1670 omni
3341 1613 3491 1668 scili-

1914 1718 2006 1763 cet
2035 1707 2243 1762 ditione
2273 1707 2631 1777 spoliaberis:
2661 1708 2808 1762 vires
2841 1714 3007 1777 atque
3038 1712 3301 1775 potestas.
3326 1718 3489 1772 quam

1923 1799 1978 1853 in
2012 1799 2148 1854 alias
2176 1808 2365 1869 gentes
2411 1799 2704 1853 exercebas
2725 1839 2741 1863 ,
2769 1798 2880 1868 jam
2907 1798 3102 1853 merito
3138 1804 3489 1851 evanescent.

1927 1908 1946 1941 ι
1986 1889 2049 1943 Et
2072 1891 2345 1960 praecipiet
2377 1890 2444 1945 de
2471 1898 2525 1945 te
2549 1889 2829 1945 Dominus.
2861 1909 2880 1942 ι
2908 1888 3032 1943 Haec
3061 1888 3179 1942 ﬁeri
3213 1885 3493 1940 mandavit

1920 1980 2085 2037 Deus.
2127 2001 2147 2033 ι
2187 1981 2342 2036 Haud
2386 1991 2601 2037 seretur
2642 1983 2710 2038 de
2766 1995 2860 2036 tuo
2924 1982 3132 2037 diutius
3174 1981 3410 2035 nomine.
3466 1996 3486 2031 ι

1908 2070 2189 2138 Quoniam
2220 2085 2409 2143 regum
2444 2072 2647 2127 subditi
2670 2073 2849 2129 ‘solent
2880 2073 2944 2127 ad
2968 2087 3124 2143 reges
3147 2087 3279 2127 suos
3309 2070 3493 2124 omnia

1910 2164 2146 2227 ‘refe‘rr‘e,
2182 2171 2346 2234 atque
2380 2164 2450 2219 ab
2478 2165 2697 2219 illorum
2727 2164 2955 2219 vocitari
2989 2162 3323 2225 nominibus,
3352 2174 3493 2231 quo-

1910 2267 2040 2313 rum
2082 2255 2277 2310 dition‘i
2318 2264 2548 2326 parent;
2590 2254 2737 2309 haud
2783 2255 3017 2314 diutius.
3058 2253 3257 2325 inquit,
3287 2266 3490 2308 nomen

1902 2347 1997 2401 sui
2040 2346 2291 2401 funditus
2330 2347 2611 2416 pereuntis
2645 2346 2897 2402 exstabit.
2936 2364 2956 2396 ι
2999 2343 3074 2399 De
3104 2344 3266 2399 domo
3292 2341 3386 2397 Dei
3412 2340 3491 2397 tui

1916 2439 2131 2509 ejiciam
2166 2438 2460 2509 sculptilis,
2487 2452 2795 2507 ponamque
2831 2434 3125 2491 conﬂatilia
3178 2433 3490 2504 sepulcrum

1908 2540 2111 2596 tuum,
2150 2530 2282 2603 quia
2329 2530 2720 2586 dehonestatus
2764 2545 2843 2585 es.
2878 2550 2903 2582 ο
2961 2530 3249 2583 Destruam
3309 2534 3491 2579 tecum

1919 2624 2098 2687 idola,
2131 2623 2338 2693 quibus
2376 2623 2607 2678 multum
2658 2621 2941 2677 tribuebas
2976 2620 3281 2684 honorem;
3323 2624 3493 2686 atque

1916 2717 2052 2781 ineo,
2096 2716 2339 2786 inquam,
2386 2715 2516 2769 ﬁent
2548 2722 2812 2784 tanquam
2851 2713 3094 2767 tumulus
3131 2710 3253 2773 tibi,
3308 2716 3491 2763 tecum

1903 2804 2135 2863 scilicet
2172 2808 2381 2878 perdita
2424 2814 2588 2877 atque
2630 2805 2943 2867 destructa,
2986 2817 3050 2858 ac
3095 2800 3490 2873 propemodum

1918 2900 2225 2970 ignominia!
2244 2909 2354 2953 tua:
2385 2900 2782 2953 contumulata.
2818 2915 2837 2948 ι
2876 2894 3236 2962 Quamobrem
3274 2907 3401 2947 ecce
3437 2890 3493 2944 in

1908 2990 2195 3045 montibus
2242 2991 2408 3061 pedes
2446 2991 2579 3044 'lazta
2610 2987 2954 3050 nuntiantis,
2995 2983 3159 3054 220
3196 2995 3496 3052 pacemque

1845 3082 2289 3178 cpraedicantis.
2342 3096 2375 3134 ts
2428 3081 2601 3148 Tunc,
2662 3080 2773 3144 ait,
2839 3078 2994 3178 multi
3047 3091 3145 3146 per
3183 3073 3495 3178 Hierosoly-

1922 3189 2137 3229 morum
2194 3182 2405 3229 montes
2457 3172 2805 3236 discurrent,
2856 3168 3068 3224 cladem
3118 3175 3265 3220 tuam
3317 3163 3496 3233 palam

1923 3266 2275 3331 nuntiantes,
2312 3279 2583 3333 suamque
2631 3261 2757 3318 inde
2814 3266 3234 3316 consecuturam
3282 3268 3493 3325 pacem.

1927 3375 1948 3409 ι
1987 3360 2130 3429 Age,
2174 3356 2350 3423 Juda,
2384 3355 2761 3414 solemnitates
2796 3360 2964 3417 tuas,
3006 3349 3175 3407 redde
3214 3348 3325 3403 Deo
3369 3354 3496 3399 vola

1924 3455 2058 3513 tua;
2103 3448 2231 3519 quia
2275 3447 2387 3517 jam
2433 3461 2595 3502 nemo
2642 3446 2697 3500 i-n
2744 3452 3026 3514 posterum
3073 3453 3164 3494 res
3202 3447 3324 3492 tuas
3355 3435 3487 3490 anti-

1918 3536 2129 3607 quabit.
2182 3555 2201 3589 ι
2234 3534 2373 3591 Esto
2415 3542 2470 3590 et
2525 3540 2586 3589 tu
2622 3532 2881 3600 deinceps
2931 3530 2986 3584 in
3031 3525 3266 3589 deliciis,
3320 3522 3496 3593 legiti-

1918 3637 2146 3693 masque
2191 3622 2564 3677 solemnitates
2620 3636 2685 3675 ac
2736 3628 2864 3674 vota
2915 3616 3025 3673 Deo
3065 3617 3325 3686 persolvo
3371 3626 3496 3665 cum

1920 3710 2237 3765 omnimoda
2269 3709 2613 3764 solemnitate
2643 3723 2706 3762 ac
2728 3706 2958 3771 laetitia;
2984 3717 3162 3773 neque
3197 3701 3343 3756 enim
3378 3712 3494 3751 am-

1919 3798 2066 3868 plius
2090 3796 2487 3867 supervenient
2513 3796 2609 3866 qui
2636 3810 2725 3849 res
2760 3802 2884 3847 tuas
2911 3788 3288 3862 pessumdent,
3325 3799 3493 3855 quan~

1923 3882 2215 3953 doquidem
2291 3882 2371 3937 illi
2439 3882 2554 3952 jam
2631 3882 2934 3952 perierunt.
3006 3877 3189 3944 Quare
3267 3873 3418 3928 addit
3482 3886 3496 3922 :

1930 3991 1949 4025 ι
1996 3972 2421 4028 Consummatus
2470 3983 2555 4028 est
2598 3982 2760 4042 atque
2806 3970 3075 4025 sublatus.
3115 3985 3134 4019 ι
3182 3966 3495 4020 Destructus

1924 4067 2028 4122 est,
2062 4060 2262 4131 inquit,
2296 4060 2390 4130 qui
2422 4060 2534 4115 haec
2563 4075 2730 4115 ausus
2758 4060 2949 4113 fuerat.

244 4145 389 4199 πάνυ
437 4164 502 4215 γε
549 4146 767 4221 θαρρῶν
789 4165 803 4178 ·
837 4148 912 4212 ὡς
961 4148 1062 4201 ούκ
1091 4147 1157 4201 ἂν
1192 4148 1473 4203 ἐπέλθοιεν
1501 4150 1579 4204 ἔτι
1612 4152 1703 4204 ἐπὶ
1734 4148 1812 4221 τῷ
1836 4168 1887 4205 τι
1916 4152 2221 4226 διαφθεῖραι
2266 4154 2374 4210 τῶν
2406 4154 2786 4227 προσηκόντων
2818 4152 2943 4222 ὑμῖν
2965 4146 3297 4209 ἀπολωλότες
3331 4136 3495 4205 ἅπαξ.

243 4239 595 4310 Διὸιὲπάγειτ
620 4260 639 4293 ι
674 4242 1107 4308 Συντετέλεσται,
1140 4238 1381 4315 ἐξῆρται.
1411 4264 1430 4297 ι
1462 4245 1783 4315 Ἦφὰνισται
1813 4246 1942 4320 γὰρ,
1962 4249 2146 4317 φησὶν,
2172 4252 2199 4303 6
2224 4249 2401 4305 ταῦτα
2428 4249 2659 4321 τολμῶν.

906 4385 1063 4438 ΚΕΦ.
1090 4385 1168 4441 B'.

318 4502 465 4586 Στίχ.
500 4508 639 4569 α’-δ⁹.
664 4545 733 4557 -
765 4533 785 4568 ι
842 4515 1032 4587 Ἀνέϐη
1088 4517 1347 4587 ἐμφυσῶν
1396 4519 1478 4584 εἰς
1530 4520 1819 4591 πρόσωπον

244 4606 435 4673 αὐτοῦ,
460 4606 842 4678 ἐξαιρούμενος
871 4607 936 4660 ὲκ
968 4608 1214 4678 θλίψεως.
1239 4629 1258 4661 ι
1279 4609 1410 4663 Θεία
1432 4610 1540 4682 γάρ
1569 4629 1653 4676 τις
1679 4613 1817 4685 ὀργὴ

246 4698 438 4771 ὥσπερ
458 4700 811 4770 ὲμφυσήματι
834 4698 941 4751 τινὶ
986 4699 1259 4765 παντελῶς
1294 4701 1455 4754 αὑτὸν
1483 4701 1672 4755 ἔσϐεσε
1699 4704 1817 4756 καθ’

247 4791 405 4863 ὑμῶν
430 4790 793 4861 ὲξαπτόμενον
816 4809 827 4822 ·
849 4789 991 4844 ὥστε
1023 4808 1083 4843 σε
1123 4792 1390 4863 μηδεμίαν
1428 4792 1605 4862 θλίψιν
1626 4792 1820 4847 -ὲντεῦ-

248 4881 343 4934 θεν
370 4880 694 4935 ὑποπτεύειν
741 4880 952 4937 λοιπόν.
988 4879 1176 4935 Ταῦτα
1213 4881 1288 4944 ὡς
1322 4883 1457 4953 πρὸς
1485 4882 1576 4935 τὸν
1616 4882 1818 4937 Ἰούδαν
1880 4882 1881 4885 “

246 4972 506 5043 εἰρηκὼς,
529 4970 807 5044 ἑορτάζειν
836 4971 1118 5041 ὀφείλοντα
1143 4973 1237 5026 ἐπὶ
1261 4975 1327 5044 τῇ
1360 4973 1455 5028 τοῦ
1478 4974 1703 5030 τοιαῦτα
1726 4993 1817 5029 τε-

243 5065 580 5138 τολμηκότος
607 5065 727 5120 κατ’
751 5065 933 5120 αὐτῶν
970 5064 1246 5136 ἀπωλείᾳ,
1291 5069 1483 5138 τρέπει
1531 5067 1595 5140 δὴ
1633 5067 1816 5122 λοιπὸν

248 5158 388 5229 πρὸς
409 5158 533 5220 τοὺς
562 5157 869 5223 ιΝινευῖτας
893 5161 986 5212 τὸν
1021 5158 1197 5227 λόγον.
1230 5177 1249 5211 ι
1284 5158 1590 5214 Σκόπευσον
1619 5159 1756 5215 ὁδόν.
1791 5179 1811 5212 ι

248 5252 394 5321 Ὅρα
416 5250 501 5320 δὴ,
533 5249 687 5320 φησὶ,
736 5251 861 5315 τοὺς
918 5251 1131 5307 ἐπιέναι
1180 5268 1262 5305 σοι
1297 5252 1605 5323 μέλλοντας.
1630 5270 1648 5305 ι
1674 5254 1818 5324 Κρά-

245 5361 413 5415 τησον
439 5343 657 5412 ὀσφύος.
683 5363 704 5397 ι
755 5340 1016 5415 Σύσφιξον
1065 5346 1199 5417 πρὸς
1231 5348 1494 5418 τοσαύτην
1541 5347 1726 5417 ἔφοδον
1767 5349 1818 5402 εί

244 5436 381 5508 δύνῃ
447 5434 658 5489 σαυτόν.
695 5453 715 5486 ι
756 5436 1035 5508 ’Δνδρισαι
1095 5441 1160 5510 τῇ
1210 5438 1353 5510 ίσχύῖ
1382 5440 1606 5511 σφόδρα.
1647 5459 1667 5493 ι
1700 5440 1816 5494 Νῦν

249 5544 347 5580 σου
368 5527 469 5597 τὴν
504 5527 746 5599 μεγάλην
764 5529 978 5601 εκείνην
1013 5532 1278 5597 ἐπίδειξαι
1316 5534 1564 5605 δύναμιν.
1613 5554 1635 5588 ι
1671 5536 1815 5590 Διότι

248 5618 596 5692 ἀπέστρεψεν
624 5620 827 5691 Κύριος
850 5622 949 5692 τὴν
982 5622 1138 5695 ὓϐριν
1188 5625 1398 5690 Ἰακὼϐ,
1428 5616 1608 5692 καθὼς
1660 5626 1816 5699 ὓϐριν

250 5714 347 5769 τοῦ
382 5713 619 5786 Ἰσραήλ.
657 5733 677 5764 ι
724 5714 880 5768 Ἀλλὰ
903 5714 1011 5788 γὰρ
1040 5718 1099 5770 ού
1124 5717 1347 5773 δυνατόν
1376 5736 1458 5773 σοι
1487 5718 1555 5773 τὰ
1581 5720 1815 5775 ἐπιγινό-

2576 4386 2730 4443 CAP.
2768 4385 2835 4442 ll.

1993 4522 2160 4579 Vens.
2204 4524 2318 4578 1-4.
2342 4553 2413 4563 ——
2442 4540 2461 4575 ι
2492 4522 2750 4578 Ascendit
2790 4519 2883 4591 qui
2923 4518 3157 4574 insuﬂlet
3204 4517 3257 4570 in
3300 4514 3492 4570 faciem

1920 4614 2061 4685 ejus,
2097 4616 2189 4686 qui
2241 4615 2308 4669 de
2347 4615 2656 4670 calamitate
2696 4613 2913 4682 eripiat.
2945 4630 2963 4663 ι
3004 4610 3229 4673 Divina,
3282 4607 3491 4678 inquit,

1878 4770 1879 4773 η
1920 4706 1999 4759 ira
2022 4721 2120 4760 ceu
2153 4705 2281 4759 ﬂatu
2326 4705 2561 4775 quodam
2616 4719 2844 4774 prorsus
2871 4702 3021 4756 illum
3052 4699 3311 4757 exstinxit
3337 4739 3351 4765 ,
3397 4697 3491 4767 qui

1919 4805 2108 4851 contra
2139 4812 2237 4851 vos
2258 4810 2524 4851 accensus
2552 4794 2729 4850 fuerat
2759 4812 2772 4847 :
2803 4810 2972 4863 quare
2991 4793 3102 4863 jam
3132 4792 3332 4846 nullam
3363 4790 3494 4845 hinc

1918 4889 2126 4945 cladem
2150 4889 2419 4960 suspicari
2448 4888 2719 4959 poteritis.
2751 4886 2846 4941 llis
2863 4885 3057 4940 ludam
3087 4883 3266 4939 verbis
3288 4883 3492 4936 allocu-

1919 4988 2009 5035 tus
2025 5018 2039 5043 ,
2059 4980 2260 5050 quibus
2284 4996 2408 5035 eum
2441 4979 2609 5049 jussit
2642 4978 2837 5034 festum
2883 4992 3043 5047 agere
3068 4984 3288 5046 propter
3309 4975 3493 5029 adver-

1918 5072 2049 5127 sarii
2084 5072 2168 5127 sui
2204 5072 2522 5141 perniciem,
2560 5086 2866 5127 sermonem
2893 5070 3150 5139 deinceps
3187 5069 3253 5123 ad
3282 5066 3490 5123 Ninivi-

1918 5171 2005 5217 tas
2031 5163 2320 5218 convertit.
2343 5182 2361 5215 ι
2394 5161 2635 5218 Observa
2666 5161 2826 5217 viam.
2858 5180 2878 5214 ι
2914 5159 3124 5217 V'idesis
3145 5161 3368 5231 quinam
3390 5159 3489 5215 tibi

1917 5257 2318 5328 supervenient.
2342 5275 2360 5307 ι
2383 5256 2620 5313 Lumbos
2640 5258 2858 5312 robora.
2887 5273 2906 5308 ι
2924 5257 3001 5310 Ad
3017 5254 3283 5326 ejusmodi
3304 5255 3492 5311 incur-

1872 5406 1875 5409 .
1916 5352 2145 5414 sionem,
2172 5351 2217 5406 si
2242 5350 2410 5418 vales,
2430 5349 2803 5406 sustinendam
2847 5349 3211 5420 prtecingitor.
3234 5366 3267 5400 l
3305 5346 3492 5401 Virili-

1918 5452 2000 5498 ter
2020 5442 2308 5498 admodum
2333 5458 2448 5513 age.
2478 5461 2497 5495 ι
2520 5442 2675 5499 Nunc
2699 5444 2956 5499 tuasillas
2987 5442 3233 5513 ingentes
3261 5440 3488 5496 ostende

1916 5534 2080 5590 vires.
2124 5553 2142 5585 ι
2200 5535 2467 5601 Quoniam
2521 5536 2716 5590 avertit
2775 5534 3039 5591 Dominus
3096 5534 3483 5589 contumeliam

1918 5625 2110 5691 Jacob,
2137 5627 2277 5682 sicut
2307 5628 2695 5683 contumeliam
2732 5626 2969 5684 lsraelis.
3013 5647 3030 5679 ι
3064 5625 3312 5681 Profecto
3340 5623 3485 5679 haud

1922 5733 2069 5794 potrs
2115 5736 2369 5781 eventura
2421 5726 2559 5779 mala
2614 5726 2823 5795 vitare;
2874 5743 2995 5783 nam
3036 5742 3156 5799 qua:
3195 5733 3254 5782 tu
3294 5725 3483 5785 lsracli
