3844 6222
391 275 498 345 ιη

1569 279 1920 338 TIIEODORI
1956 282 2187 340 MOPSU
2198 282 2444 341 ESTENI

3538 285 3642 341 M2

399 383 625 451 fecisti,
661 385 856 443 eadem
917 387 1065 447 Deus
1123 390 1181 447 in
1268 399 1436 463 caput
1500 399 1656 448 tuum
1721 398 1962 451 retorsit.

2086 413 2210 466 {Lava
2252 398 2399 453 κακά
2437 399 2739 466 διαφυγεῖν,
2781 395 2967 467 ἐπειδὴ
3011 395 3049 452 ὃ.
3093 396 3398 468 πεποίηκας
3437 397 3516 460 εἰς
3554 397 3644 449 τὸν

403 499 424 532 ς
463 480 642 548 Quare
693 483 1021 539 excutiendo
1063 484 1411 541 excutierunt
1452 500 1571 549 eos,
1618 493 1674 541 et
1720 487 1974 559 palmites

395 587 591 626 eorum
615 585 1013 644 corruperunt,
1051 591 1202 634 arma
1237 578 1490 647 potentiae
1526 578 1648 649 ejus
1691 595 1759 634 ex
1799 578 1976 634 homi-

399 662 584 716 nibus.
624 680 644 715 ι
672 661 883 728 Tantae,
911 664 1112 737 inquit,
1141 675 1306 724 eruat
1337 668 1624 725 adversum
1653 677 1708 725 te
1734 670 1975 726 hostium

399 753 571 817 vires,
597 763 657 809 ut
677 756 787 834 ritu
812 771 1004 813 eorum
1037 759 1130 830 qui
1150 769 1354 816 vestem
1374 763 1680 824 excutiunt.
1713 763 1977 834 dignitate

401 850 494 896 tua
522 830 884 914 proterendus
938 850 1047 917 sis;
1081 861 1242 920 atque
1274 852 1461 907 omnia
1489 830 1817 918 amissurus,
1847 855 1975 925 qui-

399 935 505 990 bus
555 945 612 990 tu
663 938 792 993 olim
839 941 1074 1011 stipatus
1127 957 1193 998 ac
1243 945 1409 1000 veluti
1464 945 1736 1002 famulitio
1792 949 1976 1005 cultus

401 1027 779 1096 superbiehas.
799 1030 1034 1089 Prorsus
1053 1035 1210 1105 221
1228 1044 1286 1089 ut
1314 1038 1480 1092 verba
1503 1039 1568 1093 ad
1594 1040 1975 1111 compendium

399 1119 702 1186 cmferam,
727 1124 920 1178 bellica
952 1129 1132 1182 omnis
1159 1128 1348 1198 peritia
1372 1139 1464 1183 tua
1483 1139 1788 1202 cunctaque
1805 1133 1888 1188 vis
1905 1149 1973 1188 ex

402 1211 644 1266 incolatu
681 1214 964 1270 hominum
989 1220 1468 1277 exterminabitur.
1494 1223 1700 1280 Deinde
1735 1231 1973 1280 veterem

401 1300 718 1356 earumdem
753 1307 1049 1372 potentiam
1085 1317 1368 1376 memorat,
1403 1327 1523 1381 quae
1549 1312 1618 1367 ab
1646 1313 1752 1369 illis
1783 1321 1976 1368 contra

405 1388 490 1444 fas
539 1393 814 1456 exercita,
874 1395 1009 1450 nihil
1063 1397 1118 1452 in
1175 1402 1429 1470 praesenti
1489 1402 1775 1472 profutura
1835 1415 1974 1460 erat.

407 1499 430 1533 ι
480 1480 594 1536 Viri
649 1487 862 1540 strenui
924 1487 1102 1558 ignem
1158 1490 1396 1547 ludibrio
1450 1494 1733 1552 habentes.
1785 1515 1804 1548 ι
1866 1497 1977 1555 Vos

403 1572 705 1642 quondam,
757 1577 866 1640 ait,
923 1580 1092 1635 tantis
1148 1582 1358 1638 viribus
1405 1585 1718 1655 pollebatis,
1761 1595 1822 1641 ut
1870 1589 1976 1659 ipsi

403 1661 636 1718 ﬂamma:
688 1675 901 1724 certare
946 1685 1054 1724 non
1105 1672 1449 1730 dubitaretis.
1495 1694 1514 1727 ι
1559 1674 1798 1732 Ηεὺοιιεο
1853 1694 1980 1734 cur-

2091 489 2325 563 ’ίσραήλ,
2377 495 2456 556 είς
2509 493 2608 564 τὴν
2658 491 2902 562 κεφαλὴν
2945 488 3137 562 ἔτρεψε
3172 489 3273 560 τήν
3300 487 3398 558 σὴν
3433 489 3460 540 ὁ
3487 487 3639 548 Θεὸς.

2085 598 2106 633 ι
2147 582 2291 634 Διότι
2306 583 2709 648 ὲκτινάσσοντες
2731 577 3040 648 ὲξετίναξαν
3067 579 3284 643 αὐτοὺς,
3312 577 3406 632 καὶ
3425 576 3496 631 τά
3515 577 3645 646 κλή-

2085 689 2231 742 ματα
2261 672 2437 727 αύτῶν
2473 673 2804 745 διέφθειραν,
2848 671 2992 726 ὅπλα
3031 669 3351 732 δυναστείας
3386 667 3550 722 αὑτοῦ
3587 666 3645 732 ἐξ

2081 759 2413 834 ἀνθρώπων.
2435 781 2455 816 ι
2479 763 2557 835 (p.
2607 764 2734 834 557)
2764 762 3012 832 Τοσαύτη
3043 760 3154 831 γάρ
3199 758 3353 812 ἔσται
3384 757 3526 811 κατά
3552 756 3644 810 σοῦ

2079 851 2189 904 τῶν
2218 851 2490 925 πολεμίων
2516 854 2550 924 ή
2581 853 2828 923 δύναμις,
2845 851 2986 905 ὥστε
3015 867 3075 904 σε
3103 849 3259 918 δίκην
3277 847 3384 902 τῶν
3407 849 3649 902 ἑκτινατ-

2078 942 2281 998 τόντων
2299 945 2522 1016 ἐσθῆτα,
2543 944 2641 1014 τῆς
2660 943 2813 1009 ἀξίας
2834 942 3124 998 ἀποϐαλεῖν
3151 942 3249 1011 τῆς
3274 939 3497 1003 οἰκείας,
3513 939 3650 992 ἀπο⁴

2081 1037 2237 1091 λέσαι
2259 1053 2321 1090 τε
2348 1036 2564 1091 ἅπαντα
2621 1037 2705 1105 ἐφ’
2726 1031 2807 1099 οἷς
2822 1036 2898 1099 ὼς
2923 1031 3294 1088 κεκυκλωκόσι
3324 1047 3385 1085 σε
3411 1030 3649 1099 καὶπερὶ

2078 1130 2180 1200 τὴν
2211 1127 2506 1199 θεραπείαν
2528 1125 2915 1197 ὴσχολημένοις
2941 1125 3041 1194 τὴν
3071 1121 3168 1194 σὴν
3194 1122 3336 1192 μέγα
3364 1119 3608 1189 ἐφρόνεις
3629 1133 3646 1149 ⁶

2081 1219 2196 1283 καὶ,
2229 1219 2505 1289 συντόμως
2529 1220 2725 1281 εἰπεῖν,
2759 1216 2939 1270 πᾶσάν
2962 1232 3056 1268 σου
3091 1213 3192 1285 τὴν
3224 1209 3520 1283 πολεμικὴν
3551 1211 3652 1280 ὲμ-

2081 1311 2302 1382 πειρίαν
2339 1311 2436 1365 καὶ
2493 1310 2678 1364 πᾶσαν
2713 1309 2812 1380 τὴν
2833 1307 3058 1377 δύναμιν
3083 1305 3144 1370 ἐξ
3179 1305 3431 1360 ἀπάντων
3455 1302 3652 1355 ἀπολέ-

2083 1418 2235 1455 σουσι
2265 1402 2374 1455 τῶν
2402 1400 2722 1472 ἀνθρώπων.
2758 1395 2894 1452 Εἶτα
2934 1398 3028 1451 καὶ
3074 1396 3172 1468 τὴν
3206 1393 3439 1450 παλαιὰν
3472 1391 3655 1447 αὐτῶν

2083 1493 2344 1548 ὲντίθεται
2371 1493 2598 1564 δύναμιν
2627 1486 2771 1565 ᾗπερ
2807 1490 2907 1544 οὐκ
2934 1491 3012 1552 είς
3044 1487 3162 1542 δέον
3207 1486 3528 1557 ἐχρήσαντο,
3573 1484 3651 1547 ὼς

2081 1588 2232 1642 οὐδὲν
2263 1587 2462 1650 αὐτοὺς
2525 1585 2910 1656 ὠφελήσουσαν
2969 1585 3028 1636 ὲν
3074 1580 3154 1652 τῷ
3193 1579 3418 1652 παρόντι
3450 1575 3648 1649 καιρῷ.

2089 1699 2110 1733 ι
2146 1681 2372 1752 Ἀνδρες
2410 1679 2625 1733 δυνατοὶ
2676 1675 3035 1748 ἐμπαίζοντες
3078 1675 3137 1727 ὲν
3183 1671 3336 1744 πυρί.
3381 1689 3401 1724 ι
3462 1671 3655 1741 Ὑμεῖς

407 1768 568 1808 ruum
611 1755 858 1821 illorum,
904 1761 958 1816 in
1004 1763 1091 1818 die
1117 1767 1533 1834 praeparationis
1575 1769 1736 1838 ejus;
1766 1772 1980 1840 equites

2086 1767 2196 1844 ἦτε,
2217 1771 2402 1842 φησὶν,
2424 1773 2474 1824 οἱ
2499 1770 2567 1823 δι’
2586 1768 2888 1840 ὑπερϐολὴν
2919 1766 3099 1838 ἰσχύος
3127 1765 3250 1819 οὐδὲ
3279 1763 3448 1834 πυρὸς
3486 1779 3657 1815 κατα-

402 1846 774 1904 turbabuntur
816 1851 871 1905 in
911 1853 1036 1908 viis.
1082 1874 1100 1906 ι
1150 1855 1317 1925 Equis
1345 1859 1476 1912 olim
1518 1861 1884 1930 curribusque
1917 1865 1983 1917 ﬁ-

408 1933 588 1998 distis,
624 1938 716 2006 qui
759 1953 909 1994 nunc
948 1942 1173 2000 inutiles
1217 1955 1364 2000 sunt.
1410 1946 1545 2002 Nam
1591 1939 1710 2020 quo‘
1742 1959 1984 2023 tempore

409 2027 520 2081 Deo
549 2029 725 2085 visum
756 2031 922 2088 fuerit
958 2051 1174 2104 pmnam
1205 2039 1360 2095 vobis
1384 2041 1629 2112 inﬂigere
1650 2081 1665 2106 .
1691 2046 1984 2114 trepidatio

409 2132 606 2174 currus
648 2132 704 2175 ct
729 2126 942 2195 equites
983 2130 1297 2197 occupabit,
1336 2132 1412 2184 ita
1456 2140 1514 2186 ut
1558 2141 1705 2188 metu
1739 2134 1980 2191 hostium

410 2209 545 2263 nihil
591 2226 752 2283 agere
785 2227 1012 2286 queant.
1045 2239 1064 2272 ι
1103 2221 1526 2279 Confundentur
1568 2240 1790 2291 currus,
1824 2236 1881 2283 et
1921 2229 1981 2284 in

409 2299 609 2368 plateis
652 2306 1001 2366 collidentur.
1041 2330 1061 2364 ›
1101 2313 1158 2367 In
1201 2313 1420 2384 fugam,
1462 2317 1672 2386 inquit,
1715 2334 1775 2374 se
1808 2320 1986 2390 conji-

409 2391 558 2446 cient
592 2411 607 2447 :
637 2396 741 2452 hac
765 2408 946 2456 autem
979 2405 1348 2473 trepidatione
1373 2408 1517 2463 inter
1540 2424 1600 2464 se
1631 2410 1828 2474 collisi,
1858 2420 1986 2468 ante

409 2480 652 2540 hostium
679 2489 970 2548 adventum
996 2510 1214 2564 pessum
1241 2497 1414 2552 ibunt.
1448 2519 1466 2551 ι
1499 2499 1767 2570 Aspectus
1793 2519 1984 2559 eorum
2020 2481 2030 2493 ⁸

411 2581 474 2628 ut
504 2576 778 2648 lampades
825 2585 1016 2654 igneae.
1051 2597 1110 2642 ut
1142 2588 1355 2659 fulgura
1391 2593 1780 2650 discurrentia.
1813 2617 1832 2649 ι
1874 2597 1986 2652 Iro-

411 2664 536 2721 nice
589 2668 645 2723 id
695 2671 831 2728 dicit
873 2693 885 2729 :
933 2693 1128 2748 nempe
1172 2695 1270 2734 vos
1325 2681 1462 2736 nihil
1508 2683 1723 2754 fulgure
1769 2686 1988 2743 differre

411 2770 624 2815 vosmet
667 2767 980 2836 putavistis,
1027 2772 1122 2839 qui
1165 2772 1481 2829 lucentibus
1524 2776 1695 2832 armis
1745 2779 1984 2848 praediti.

395 2849 720 2908 vehementi
751 2860 954 2928 impetu
987 2861 1043 2914 in
1078 2861 1264 2919 hostes
1301 2863 1642 2921 ferebamini.

2079 1863 2283 1935 τολμᾷν
2318 1863 2620 1926 ὀκνοῦντες.
2664 1879 2683 1914 t
2726 1864 2791 1915 At
2842 1860 2988 1929 ήνίαι
3036 1859 3144 1912 τῶν
3179 1857 3438 1929 ἁρμάτων
3475 1855 3656 1908 αὐτῶν

2079 1955 2139 2008 ἐν
2167 1956 2349 2026 ἡμέρᾳ
2385 1953 2700 2025 έτοιμασίας
2726 1951 2910 2016 αὑτοῦ,
2938 1953 3031 2006 καὶ
3051 1952 3100 2004 οἱ
3135 1952 3322 2013 ἱππεῖς
3351 1946 3660 2019 θορυϐηθή-

2082 2063 2260 2100 σονται
2317 2047 2378 2100 ὲν
2427 2048 2546 2110 ταῖς
2597 2047 2758 2109 ὁδοῖς.
2798 2064 2816 2097 ι
2843 2045 2905 2099 Ol
2932 2043 3072 2116 μέγα
3099 2043 3184 2114 ἐφ’
3212 2043 3398 2105 ἵπποις
3425 2057 3486 2094 τε
3525 2056 3658 2111 φρο-

2078 2139 2296 2204 νοῦντες
2325 2140 2418 2194 καὶ
2451 2139 2712 2211 ἅρμασιν,
2746 2138 2782 2194 ἃ.
2813 2139 2878 2208 δὴ
2913 2138 3094 2192 πάντα
3123 2136 3220 2190 νῦν
3253 2137 3382 2206 ὑμῖν
3406 2135 3658 2205 ἀχρηστα

2079 2233 2355 2302 φανεῖταιο
2387 2233 2446 2284 ὲν
2473 2230 2580 2302 γὰρ
2623 2231 2702 2302 τῷ
2731 2229 2907 2302 καιρῷ
2937 2230 3060 2284 καθ’
3103 2229 3162 2282 ὃν
3215 2226 3658 2300 παρεσκεύασται

2078 2325 2229 2396 παρά
2259 2323 2393 2378 Θεοῦ
2439 2324 2508 2378 τὰ
2557 2324 2656 2394 τῆς
2707 2323 2978 2394 τιμωρίας
3015 2323 3164 2393 ύμῖν,
3202 2321 3426 2392 θόρυϐος
3467 2318 3562 2371 καὶ
3591 2317 3660 2370 τὰ

2081 2419 2303 2489 ἅρματα
2335 2415 2430 2470 κα)⁴
2456 2415 2582 2478 τοὺς
2613 2416 2797 2477 ἱππεῖς
2826 2413 3063 2480 καθέξει,
3084 2412 3239 2466 οὐθὲν
3277 2409 3546 2463 ἐπιτελεῖν
3571 2405 3661 2459 διά

2079 2511 2143 2562 τὸ
2162 2509 2279 2572 δέος
2297 2507 2404 2561 τῶν
2429 2505 2700 2578 πολεμίων
2727 2506 2872 2570 οἴους
2901 2524 2962 2559 τε
2983 2506 3161 2566 ὄντας.
3204 2522 3222 2554 t
3253 2500 3660 2571 Συγχυθήσεται

2083 2594 2154 2648 τὰ
2170 2594 2410 2666 ἆρματα,
2427 2596 2520 2648 καὶ
2537 2593 3017 2665 συμπλακήσονται
3057 2595 3114 2647 ὲν
3145 2594 3264 2656 ταῖς
3306 2589 3611 2651 πλατείαις.
3637 2605 3656 2638 ι

2085 2687 2230 2756 Πρὸς
2269 2687 2447 2758 φυγήν
2499 2685 2629 2756 γὰρ,
2685 2686 2871 2756 φησὶν,
2913 2685 3214 2757 ὁρμήσουσι
3249 2683 3482 2745 πάντες⁸
3515 2679 3662 2733 ὥστε

2085 2777 2191 2831 ὑπὸ
2219 2777 2319 2847 τῆς
2337 2777 2670 2847 κατεχούσης
2687 2777 2883 2838 αὐτοὺς
2911 2777 3163 2847 ἀπορίας,
3187 2772 3435 2844 ἀλλήλοις
3463 2772 3663 2835 αὐτοὺς

2091 2869 2570 2939 συμπλεκομένους
2592 2867 2699 2940 πρὸ
2733 2867 2835 2938 τῆς
2865 2867 3058 2938 ἐφόδου
3091 2866 3201 2920 τῶν
3231 2862 3502 2936 πολεμίων
3531 2863 3665 2916 ὲαυυ

392 2944 537 3006 τοὺς
565 2946 871 3006 ἀπολλύειν.
907 2971 926 3004 t
958 2953 1020 3007 Ἥ
1046 2956 1234 3025 ὅρασις
1261 2957 1440 3012 αὐτῶν
1467 2958 1543 3022 ὡς
1563 2959 1842 3030 λαμπάδες
1877 2962 2071 3035 πυρὸς,
2098 2964 2193 3016 καὶ
2211 2962 2286 3025 ὡς
2313 2963 2588 3032 ἀστραπαὶ
2618 2962 3012 3034 διατρέχουσαι.
3039 2978 3060 3013 ι
3093 2960 3169 3030 (p.
3196 2958 3321 3029 558)
3352 2955 3666 3028 Εῑρωνικῶς

415 3037 508 3089 ἐπὶ
544 3038 826 3115 διασυρμῷ
857 3047 1014 3102 τοῦτο
1049 3049 1198 3119 λέγει
1226 3068 1239 3081 °
1271 3054 1448 3108 καίτοι
1485 3073 1571 3124 γε,
1618 3059 1803 3127 φησὶν,
1846 3061 1999 3113 οὐδὲν
2037 3057 2332 3129 ἀστραπῶν
2383 3060 2477 3112 καὶ
2517 3059 2687 3130 πυρὸς
2731 3058 3062 3113 διαλλάττειν
3106 3054 3414 3124 ὲνομίζεσθε
3456 3052 3665 3124 ὲκλάμο

392 3133 606 3194 .ποντές
625 3153 683 3190 τε
711 3143 820 3203 τοῖς
838 3143 1022 3208 ὅπλοις
1049 3149 1141 3200 καὶ
1169 3147 1306 3218 μετά
1334 3150 1533 3221 πολλῆς
1559 3151 1659 3224 τῆς
1675 3153 2032 3226 σφοδρότητος
2058 3153 2301 3217 ἐπιόντες
2323 3155 2437 3217 τοῖς
2469 3153 2750 3217 ἐναντίοις.

490 3224 657 3285 Vens.
678 3231 789 3288 5-7.
805 3265 874 3276 -—
891 3255 910 3288 ι
936 3237 1097 3310 Fuga:
1121 3242 1357 3298 interdiu
1380 3260 1648 3302 memores
1671 3224 1984 3318 eruntopti-

2162 3247 2311 3316 Στίχ.
2343 3245 2478 3311 ιε’-ζ’.
2511 3277 2582 3288 -—
2609 3265 2629 3299 ι
2661 3245 2773 3300 Καὶ
2801 3245 3201 3318 μνησθήσονται
3232 3243 3284 3297 oi
3319 3242 3664 3314 μεγιστᾶνεςο

416 3329 625 3379 mates:
669 3324 724 3380 in
765 3330 1125 3398 trepidatione
1164 3350 1264 3390 sua
1304 3336 1642 3394 festinabunt
1675 3340 1876 3394 moenia
1904 3349 1988 3396 te-

417 3427 588 3481 nere;
614 3424 1021 3489 propugnacula
1043 3441 1143 3479 sua
1175 3430 1579 3499 praeparabunt.
1609 3449 1629 3483 ι
1672 3429 1869 3487 Vester
1899 3432 1992 3489 ille

418 3515 715 3576 apparatus
756 3520 921 3584 atque
968 3526 1248 3575 armatura
1285 3521 1338 3575 in
1371 3535 1591 3578 cassum
1635 3523 1749 3580 ﬁet.
1801 3525 1992 3596 Itaque

418 3599 626 3654 omisso
674 3605 857 3672 praelio
903 3607 1085 3680 fugam
1133 3613 1528 3669 meditabimiui
1568 3636 1584 3671 :
1656 3632 1833 3687 neque
1889 3617 1992 3672 hac

421 3688 538 3753 il'sa
575 3696 826 3763 expedite
849 3701 1114 3770 utemini;
1145 3704 1239 3759 sed
1275 3721 1400 3759 cum
1432 3688 1637 3777 ingenti
1671 3715 1992 3763 consterna-

419 3783 572 3841 tione
611 3801 889 3850 currentes
918 3795 990 3850 oh
1018 3797 1360 3868 ingruentem
1395 3802 1635 3857 hostium
1669 3812 1896 3870 metum,
1925 3804 1992 3859 ad

424 3880 648 3969 muenia,
686 3900 805 3954 quae
834 3890 949 3942 sola
982 3891 1191 3962 reliqua
1221 3902 1402 3960 erunt,
1437 3896 1788 3963 festinabitis,
1813 3912 1996 3969 pugna

419 3965 494 4020 ob
519 3967 954 4039 desperationem
992 3981 1195 4038 omissa
1224 4003 1237 4038 :
1272 3991 1437 4054 atque
1473 3985 1602 4040 hinc
1642 3965 1864 4043 tutelam
1893 3965 1997 4044 ex-

424 4061 780 4132 spectabitis,
819 4075 873 4121 et
912 4069 980 4123 ad
1010 4081 1328 4127 consuetam
1365 4090 1647 4131 murorum
1687 4078 1994 4134 custodiam

422 4153 608 4207 studio
667 4157 812 4210 omni
856 4159 1203 4220 incumbetis.
1250 4165 1406 4232 Quod
1450 4183 1580 4222 vero
1621 4168 1844 4238 gravius
1887 4179 1995 4235 est.

429 4241 651 4300 «Porta:
694 4250 910 4307 urbium
955 4263 1269 4323 patuerunt,
1301 4259 1448 4328 regia
1489 4260 1693 4329 palatia
1737 4262 1998 4317 concide—

425 4344 576 4403 runt,
609 4353 740 4410 opes
773 4346 1024 4402 revelatze
1062 4357 1212 4404 sunt.
1253 4349 1374 4420 lpsa
1411 4351 1679 4416 ascendit,
1707 4361 1760 4413 et
1787 4354 1999 4407 ancilla:

424 4425 547 4492 ejus
582 4433 982 4502 praecedebant,
1015 4454 1112 4493 ceu
1141 4440 1406 4497 columbae
1433 4442 1718 4512 loquentes
1747 4443 1800 4498 in
1834 4444 1999 4500 corde

2091 3339 2186 3391 καὶ
2214 3337 2498 3407 φεύξονται
2521 3337 2752 3411 ἡμέρας,
2777 3338 2870 3392 καὶ
2899 3339 3264 3409 κρατήσουσιν
3287 3336 3344 3389 ὲν
3368 3336 3433 3406 τῇ
3459 3334 3669 3407 ἀπορία

2097 3431 2277 3484 αὐτῶν
2305 3431 2400 3486 καὶ
2426 3430 2750 3484 σπεύσουσιν
2777 3431 2869 3484 ἐπὶ
2895 3429 2964 3483 τὰ
2990 3431 3167 3500 τείχη,
3195 3429 3292 3484 καὶ
3316 3427 3668 3498 έτοιμάσουσι

2090 3521 2188 3585 τὰς
2216 3521 2572 3594 προφυλακὰς
2593 3522 2794 3577 αὐτῶν.
2826 3541 2845 3574 ι
2877 3521 2956 3599 Τά
2981 3522 3079 3593 μὲν
3107 3521 3170 3593 δὴ
3191 3521 3289 3592 τῆς
3316 3519 3670 3592 παρασκευῆς

2093 3615 2221 3686 ὑμῖν
2249 3616 2495 3686 ἐκείνης,
2541 3616 2637 3670 καὶ
2675 3615 2776 3685 τῆς
2802 3615 3084 3686 δυνάμεως
3116 3613 3344 3686 περιττά
3375 3614 3667 3686 γενήσεται

2093 3712 2270 3766 πάντα
2287 3727 2301 3740 ·
2329 3710 2392 3764 τὸ
2418 3710 2679 3781 πολεμεῖν
2704 3711 2760 3764 δὲ
2783 3709 3030 3782 ἀφέντες,
3062 3709 3240 3780 φυγῆς
3267 3707 3500 3780 λήψεσθε
3531 3709 3672 3778 μνή-

2096 3817 2205 3871 μην
2227 3815 2240 3829 ⁶
2276 3801 2372 3853 καὶ
2401 3800 2522 3853 οὐδὲ
2561 3799 2737 3872 ταύτῃ
2787 3799 3059 3870 χρώμενοι
3104 3797 3183 3868 τῷ
3227 3798 3411 3869 δρόμῳ
3442 3797 3532 3851 διὰ
3569 3797 3668 3870 τήν

2095 3891 2398 3963 ὑπερϐολὴν
2426 3891 2518 3945 τοῦ
2544 3892 2896 3963 ἐπικειμένου
2915 3891 3066 3955 δέους
3085 3890 3192 3945 τῶν
3220 3889 3490 3962 πολεμίων
3511 3889 3664 3960 ὑμῖν·

2094 3985 2491 4056 άναδραμεῖσθε
2518 3985 2584 4058 δή
2622 3984 2808 4039 λοιπὸν
2835 3985 2929 4038 ἐπὶ
2952 3983 3022 4037 τά
3051 3983 3229 4054 τείχη,
3262 3981 3352 4037 τὸν
3379 3981 3479 4054 μὲν
3505 3982 3667 4035 ιιτόλε⁹

2098 4093 2198 4146 μον
2230 4077 2318 4129 διὰ
2363 4071 2562 4148 πολλὴν
2595 4075 2907 4145 ἀπόγνωσιν
2936 4074 3198 4143 ἀφέντες,
3232 4073 3330 4145 τὴν
3359 4073 3419 4138 ἐξ
3442 4073 3668 4127 ἐκείνων

2093 4167 2151 4221 δὲ
2189 4167 2594 4238 προσδοκῶντες
2635 4165 2776 4232 ἕξειν
2809 4166 3109 4236 ἀσφάλειαν
3133 4206 3146 4228 ,
3183 4165 3278 4218 καὶ
3310 4163 3375 4235 δὴ
3408 4163 3502 4216 καὶ
3535 4163 3668 4236 περὶ

2093 4259 2192 4322 τὰς
2228 4259 2478 4322 εἰωθυίας
2511 4259 2604 4312 ἐπὶ
2639 4259 2749 4312 τῶν
2791 4256 2986 4328 τειχῶν
3020 4258 3266 4328 φυλακὰς
3298 4257 3477 4309 πᾶσαν
3515 4253 3668 4320 ἕξετε

2093 4350 2195 4419 τὴν
2224 4349 2498 4420 ἀσχολίαν.
2528 4350 2640 4404 Καὶ
2665 4349 2726 4402 τὸ
2749 4349 2814 4420 δὴ
2847 4351 3051 4420 μεῖζονο
3087 4366 3105 4400 t
3137 4347 3439 4402 Πύλαιτῶν
3459 4345 3668 4399 πόλεων

2095 4442 2509 4514 διηνοίχθησαν,
2539 4442 2636 4497 καὶ
2666 4442 2733 4496 τὰ
2772 4442 3020 4515 βασίλεια
3061 4441 3300 4508 διέπεσε,
3333 4441 3430 4495 καὶ
3468 4441 3502 4512 ἡ
3535 4440 3670 4494 ὑπό-

307 4813 310 4815 λ
427 4793 684 4866 dientur;
749 4803 929 4872 regias
972 4803 1167 4860 domos
1219 4821 1250 4860 a
1303 4807 1674 4864 fundamentis
1721 4817 2000 4878 evertent;

426 4533 548 4574 suo.
579 4539 598 4573 ι
637 4521 743 4579 Sed
774 4528 917 4580 enim
951 4544 1018 4583 ne
1042 4531 1273 4602 perfugii
1304 4532 1521 4601 quidem
1540 4535 1700 4604 222
1720 4535 1785 4588 ad
1811 4551 1984 4592 muros

2100 4552 2288 4600 στασις
2317 4534 2674 4606 ἀπεκαλύφθη
2695 4552 2710 4568 ο
2748 4536 2843 4589 καὶ
2869 4535 3006 4600 αὕτη
3040 4535 3310 4598 ἀνέϐαινε,
3339 4534 3435 4589 καὶ
3461 4534 3519 4587 αἱ
3551 4531 3672 4586 δοῦ-

427 4611 537 4665 ulla
573 4615 729 4670 vobis
763 4619 974 4675 utilitas
1004 4629 1121 4686 est;
1163 4623 1444 4692 potientur
1471 4625 1619 4679 enim
1647 4627 1870 4680 civitate
1905 4629 1984 4682 lto-

2102 4624 2193 4679 λαι
2220 4626 2391 4697 αὐτῆς
2417 4627 2633 4697 ἤγοντο,
2663 4625 2845 4690 καθὼς
2871 4627 3192 4699 περιστεραὶ
3219 4625 3584 4696 φθεγγόμεναι
3611 4625 3668 4678 ὲν

428 4711 561 4766 stos,
614 4721 817 4778 perque
865 4719 1050 4779 portas
1102 4715 1274 4768 multa
1314 4731 1439 4770 cum
1487 4717 1780 4773 securitate
1824 4719 1984 4788 iugre

2098 4716 2297 4788 καρδίᾳ
2327 4717 2554 4770 ἑαυτῶν.
2592 4735 2611 4768 ι
2662 4716 2823 4770 Ἀλλά
2847 4717 2956 4789 γὰρ
2984 4717 3105 4772 οὐδὲ
3132 4717 3232 4788 τῆς
3262 4718 3389 4788 περὶ
3415 4716 3484 4770 τά
3512 4715 3668 4788 τείχη

2101 4808 2335 4879 σπουδῆς
2359 4807 2549 4878 ὃφελός
2577 4826 2630 4862 τι
2655 4808 2880 4876 γέγονεν
2901 4809 3031 4879 ύμῖν
3046 4825 3061 4840 ο
3089 4811 3419 4882 κρατήσουσι
3440 4808 3550 4878 γὰρ
3568 4808 3670 4878 τῆς

427 4903 558 4957 opes
603 4898 725 4946 tuas
770 4909 960 4951 omnes
1003 4905 1166 4967 atque
1208 4897 1496 4954 thesauros
1543 4899 1672 4954 dum
1716 4899 1980 4971 diripiunt

2101 4899 2309 4964 πόλεως
2343 4901 2392 4953 oi
2434 4900 2716 4972 πολέμιοι,
2750 4901 2827 4972 (p.
2856 4900 2983 4971 339)
3011 4899 3107 4954 καὶ
3140 4901 3229 4954 διά
3256 4918 3319 4969 γε
3347 4901 3455 4954 τῶν
3483 4899 3671 4954 πυλῶν

388 4985 390 4988 ’
430 4980 676 5048 publicos
711 4982 946 5048 facient;
981 5003 1322 5060 quaecunque
1356 4991 1566 5046 scilicet
1594 4991 1841 5062 diligenti
1872 4993 1984 5048 olin

2104 4987 2246 5058 μετὰ
2273 4988 2475 5059 πολλῆς
2502 4988 2896 5074 εἰσελεύσονται
2931 4991 3030 5061 τῆς
3068 4988 3283 5054 ἀδείαςο
3317 4989 3388 5043 τὰ
3426 4989 3674 5060 βασίλειά

395 5079 398 5082 '
427 5081 480 5124 et
510 5087 708 5126 arcana
737 5077 990 5132 custodia
1038 5081 1350 5138 serrabas.‘
1377 5101 1396 5134 ι
1422 5081 1488 5136 Et
1525 5082 1642 5152 ipsa
1688 5085 1984 5140 ascendim

2106 5096 2168 5132 τε
2197 5080 2474 5144 παντελῶς
2505 5079 2792 5149 ἀφανιοῦσι
2815 5096 2831 5111 ·
2864 5079 3043 5133 πᾶσάν
3070 5079 3130 5132 τέ
3172 5097 3266 5133 σου
3298 5079 3398 5151 τήν
3437 5080 3674 5152 ὓπαρξιν

429 5163 674 5220 Νἰηίτοηι
705 5167 915 5223 scilicet
947 5170 1079 5224 dicit
1117 5173 1402 5242 propheta.
1466 5171 1604 5244 (Pro
1643 5193 1660 5224 ι
1683 5173 1947 5231 ascendes
1975 5195 1984 5228 ι

2107 5171 2201 5224 καὶ
2237 5170 2444 5234 πάντας
2472 5171 2598 5235 τοὺς
2631 5171 2918 5240 περιόντας
2947 5187 3028 5224 σοι
3061 5168 3366 5243 θησαυροὺς
3396 5171 3462 5226 δι’
3497 5173 3673 5245 ἁρπα-

430 5256 508 5310 ait
539 5277 558 5309 ‹
595 5260 863 5327 ascendit,
890 5280 909 5312 ι
969 5277 1121 5318 more
1178 5279 1279 5318 suo
1318 5274 1563 5335 tempora
1615 5274 1980 5323 commutans.

2102 5262 2205 5334 γῆς
2236 5258 2624 5333 ποιησάμενοι,
2673 5264 2958 5333 καταφανῆ
2997 5263 3164 5316 πᾶσιν
3195 5262 3536 5334 ἐργάσονται,
3578 5265 3674 5316 καὶ

432 5350 730 5410 Ascendes.
764 5353 962 5423 inquit.
991 5353 1058 5408 ad
1095 5355 1374 5410 inimicum
1406 5371 1586 5426 regem
1617 5355 1874 5422 deducta,
1917 5371 1984 5410 ca

2103 5353 2172 5408 τὰ
2203 5354 2371 5409 πάλαι
2401 5371 2483 5408 σοι
2504 5353 2590 5408 διὰ
2616 5353 2814 5426 πολλῆς
2837 5371 2898 5408 τε
2924 5353 3051 5407 ὄντα
3081 5354 3328 5426 φυλακῆς
3355 5356 3448 5410 καὶ
3476 5355 3674 5426 κεκρύ-

434 5443 580 5512 ptiva
617 5443 814 5499 deinde
849 5460 1140 5500 mansura:
1172 5457 1492 5516 cunctaeque
1522 5446 1620 5500 tibi
1650 5445 1884 5501 subdita:
1911 5462 1976 5501 ur

2106 5445 2237 5515 φθαι
2255 5446 2535 5501 δοκοῦντα.
2568 5465 2587 5500 ι
2624 5447 2734 5501 Καὶ
2761 5446 2898 5519 αὐτή
2924 5446 3024 5519 μὲν
3050 5447 3301 5503 ἀνέϐαινε
3327 5448 3459 5519 (46).
3486 5466 3504 5499 ι
3530 5448 3674 5518 Πρὸς

433 5536 532 5593 hes
564 5544 727 5608 atque
757 5536 881 5610 pagi
927 5537 1035 5609 (his
1073 5539 1217 5594 enim
1251 5538 1577 5595 ancillarum
1601 5537 1823 5594 nomina
1857 5536 1984 5594 facit

2106 5535 2205 5608 τὴν
2233 5536 2434 5613 Νινευή
2457 5535 2514 5590 δὲ
2545 5536 2574 5590 ό
2606 5538 2894 5610 προφήτης
2921 5534 3108 5608 φησὶν,
3136 5536 3259 5590 ἀντὶ
3285 5536 3400 5605 τοῦ,
3447 5556 3465 5590 ι
3513 5535 3672 5591 Ἀνα-

505 5739 619 5813 (ιίΰ)
653 5740 784 5799 Cod.
820 5741 1085 5816 ἀναϐήσῃ.
