3844 6222
178 296 291 353 413

1160 298 1716 361 COMMENTARIUS
1750 299 1819 358 IN
1852 302 2129 363 NAHUMI
2166 304 2320 365 CAP.
2360 307 2423 364 ll.

3319 299 3431 359 ιιι

176 411 384 482 ϐήσηη
417 409 483 465 τὸ
525 431 546 465 ι
582 412 868 467 ἀνέϐαινεν
907 431 927 464 ι
962 412 1165 479 εἰπὼν,
1196 414 1380 480 καθὼς
1412 416 1755 471 ἐναλλάττειν

1861 422 2088 477 multum
2116 424 2298 479 valere
2320 423 2578 493 iubentes
2605 423 2896 495 pristinum
2927 419 3215 491 imperium
3246 426 3426 483 tuum,

177 504 341 556 εἴωθε
363 502 458 556 τὸν
480 505 698 576 χρόνον.
739 504 1012 579 ’Δναϐήσῃ
1035 506 1165 577 γὰρ,
1201 507 1385 577 φησιν,
1413 508 1505 561 ἐπὶ
1530 508 1624 563 τδν
1643 510 1755 564 τῶν

174 593 457 665 πολεμίων
487 595 729 666 ἀγομένη
760 595 984 666 βασιλέα
1007 595 1084 661 ὡς
1118 598 1464 669 αἰχμάλωτος
1490 595 1627 654 οὖσα
1649 599 1755 655 λοι-

175 687 316 739 πόν·
365 688 464 742 καὶ
510 691 684 741 πᾶσαι
734 689 795 742 δέ
831 706 924 742 σου
968 690 1024 742 αἱ
1058 690 1289 760 ὑπήκοοι
1324 689 1507 754 πόλεις
1551 708 1612 744 τε
1658 692 1756 745 καὶ

1858 514 2084 569 servitio
2121 522 2300 570 tecum
2330 514 2684 581 addicentur;
2732 514 2901 569 tacita
2940 513 3293 581 cogitatione,
3332 522 3430 563 oo-

1848 600 2048 656 lumbaa
2094 617 2266 667 more,
2307 616 2462 659 suam
2497 603 2703 675 pariter
2734 611 2898 674 atque
2937 612 3086 657 tuam
3131 604 3431 654 manentes

1860 692 2247 757 calamitatem.

174 779 356 849 χῶραι
375 823 389 844 ,
415 780 607 845 δούλας
634 782 744 852 γὰρ
774 782 978 845 ταύτας
1008 783 1286 854 ὠνόμαζε,
1318 785 1504 856 μακρὰ
1544 785 1756 857 χαίρειν
1782 786 2033 840 εἰποῦσαι
2061 789 2128 859 τῇ
2174 788 2453 860 προσούσῃ
2490 805 2573 842 σοι
2610 788 2873 860 πρότερον
2909 783 3177 858 βασιλείᾳ,
3212 782 3308 835 ἐπὶ
3329 778 3432 851 τὴν

174 873 560 942 αἰχμαλωσίαν
591 874 919 945 ἀχθήσονται
952 878 1124 931 πᾶσαι
1161 877 1259 929 σὺν
1286 878 1517 939 contra?
1547 876 1756 931 ἔννοιαν
1790 881 2123 952 περιστερᾶς
2152 880 2309 949 δίκην
2348 880 2449 945 τὰς
2481 881 2688 936 ἑαυτῶν
2725 897 2786 933 τε
2814 880 2911 934 xal
2940 877 3036 932 σοῦ
3076 871 3431 940 στενάζουσαί

114 978 135 1009 ι
172 979 235 1015 τε
272 965 368 1017 καὶ
388 964 705 1036 ὀδυρόμεναι
734 950 1036 1038 συμφοράς.

252 1056 405 1126 Στίχ.
440 1056 582 1128 η’,θ’.
623 1089 693 1099 —
718 1055 851 1112 Εἶτα
877 1060 976 1130 τήν
1016 1059 1253 1115 παλαιὰν
1294 1059 1603 1132 εὐπραγίαν
1653 1060 1755 1116 αὐ-

174 1149 295 1201 τῶν
318 1165 471 1218 φησι,
497 1149 721 1221 διαιρῶν
746 1153 826 1216 είς
857 1151 1027 1206 ταῦτα
1046 1151 1140 1205 τὸν
1164 1152 1321 1221 λόγον
1339 1168 1354 1183 ο
1381 1153 1478 1206 καὶ
1504 1153 1634 1207 ποτὲ
1656 1152 1758 1223 μὲν

175 1241 241 1294 ἑν
273 1241 411 1303 οἵοις
436 1240 857 1312 ἐξετασθήσεται
887 1246 1080 1307 κακοῖς
1108 1243 1393 1307 διδάσκων,
1418 1244 1550 1296 ποτὲ
1579 1244 1636 1297 δὲ
1656 1245 1757 1313 τὴν

176 1330 358 1383 πάλαι
384 1330 695 1402 προσοῦσαν
717 1331 901 1395 αὐτοῖς
930 1332 1276 1403 ἐκτιθέμενος
1301 1332 1618 1386 δυναστείαν
1637 1348 1652 1364 ο
1680 1332 1757 1397 ὼς

177 1421 252 1476 ἂν
285 1422 382 1476 καὶ
407 1421 581 1493 τούτῳ
611 1422 672 1476 τὸ
710 1424 1005 1494 συμϐαῖνον
1049 1424 1188 1495 αὐτῇ
1234 1422 1407 1487 πάθος
1444 1421 1753 1494 αὐξήσειεν,

179 1512 235 1565 εί
286 1513 395 1566 ἀπὺ
448 1513 703 1567 τοιούτων
740 1516 822 1577 είς
869 1514 1096 1569 τοιαῦτα
1147 1513 1492 1584 ἀφικνεῖσθαι
1552 1513 1754 1584 μέλλει.

188 1621 210 1654 ι
253 1605 367 1657 Καὶ
394 1604 594 1675 Νινευὴ
624 1605 699 1668 ὡς
735 1606 1092 1677 κολυμϐήθρα
1134 1605 1323 1669 ὕδατος
1364 1608 1433 1661 τὰ
1462 1605 1630 1659 ῦδατα
1664 1605 1758 1658 αὐ-

177 1694 284 1764 τῆς
305 1710 319 1723 ο
350 1693 443 1747 καὶ
465 1695 621 1748 αὐτοὶ
644 1694 933 1763 φεύγοντες
957 1697 1057 1749 οὐκ
1101 1696 1355 1767 ἔστησαν,
1388 1698 1479 1751 καὶ
1503 1696 1605 1750 οὐκ
1631 1692 1700 1768 ἦν
1727 1696 1758 1748 ό

180 1778 518 1838 ἐπιϐλέπων.
556 1805 577 1838 ι
614 1787 786 1841 Πάλαι
819 1787 916 1857 μὲν
947 1788 1057 1858 γὰρ
1088 1788 1471 1860 κολυμϐήθρας
1494 1788 1757 1859 μεγίστης

176 1876 501 1948 διήλλαττεν
534 1878 685 1931 οὐδὲν
723 1852 1134 1951 ὑπερχεο-μένης
1172 1852 1250 1951 τῶ
1294 1852 1461 1934 ὕδατι
1488 1852 1758 1951 πανταχό-
1786 1852 1829 1907 Β

182 1966 303 2029 θεν,
328 1970 405 2039 (p.
426 1970 551 2037 340)
576 1971 669 2027 καὶ
688 1970 916 2034 πολλοὺς
938 1972 997 2024 ἐν
1020 1972 1185 2043 ἑαυτῇ
1210 1971 1517 2043 τρεφούσης
1546 1970 1755 2041 ἰχθύας·

179 2060 329 2114 οὕτω
354 2060 548 2113 πολλοῦ
582 2062 679 2130 μὲν
706 2062 950 2132 γέμουσα
983 2060 1220 2133 πλήθους
1261 2063 1497 2119 οἰκείου·
1529 2062 1759 2126 πολλοὺς

178 2149 243 2203 δι
274 2152 340 2202 ἐκ
361 2150 467 2204 τῶν
499 2151 752 2221 πολέμων
774 2151 1151 2222 αίχμαλώτους
1178 2153 1377 2223 ἔχουσα
1400 2155 1531 2226 παρ’
1563 2155 1755 2225 ὲαυτῇ³

180 2241 282 2295 νῦν
310 2242 366 2296 δὲ
392 2245 473 2306 εἰς
497 2243 655 2297 τοῦτο
683 2245 1021 2316 κατέστησαν
1059 2246 1435 2319 ταλαιπωρίας
1455 2287 1469 2310 ,
1502 2246 1577 2310 ὡς
1624 2248 1759 2318 μηδὲ

184 2332 525 2404 βραχύτατον
564 2337 755 2405 στῆναι
794 2337 932 2408 πρὸς
971 2338 1097 2400 τοὺς
1131 2338 1424 2408 πολεμίους
1447 2339 1755 2409 δυνάμενοι,

180 2425 323 2495 πρὸς
352 2425 529 2497 φυγήν
563 2427 689 2481 ἰδεῖν
711 2444 725 2459 ·
756 2428 1042 2499 εὑρίσκετο
1063 2430 1118 2482 δὲ
1143 2429 1317 2493 οὐδεὶς
1346 2431 1455 2494 τοῖς
1482 2429 1756 2493 τοσούτοις

179 2518 397 2588 ἐφορῶν
448 2522 673 2582 κακοῖς,
711 2520 746 2590 ἦ
798 2536 919 2573 τινα
964 2520 1249 2591 διόρθωσιν
1283 2522 1469 2585 αὐτοῖς
1512 2523 1754 2591 ἐπάγων.

188 2627 209 2659 ι
249 2608 562 2680 Διήρπαζον
597 2610 658 2664 τὸ
698 2609 983 2681 ἀργύριον,
1020 2612 1319 2682 διήρπαζον
1356 2613 1418 2665 τὸ
1446 2614 1689 2685 χρυσίον.
1731 2635 1751 2667 ι

183 2702 439 2755 ’Δπαντα
474 2702 539 2773 δὴ
574 2702 758 2757 λοιπὸν
784 2704 850 2757 δι’
877 2706 1132 2775 ἁρπαγῆς
1161 2706 1213 2757 οἱ
1244 2704 1496 2776 πολέμιοι
1528 2706 1596 2760 τὰ
1628 2706 1759 2777 παρ’

182 2794 370 2857 αὐτοῖς
404 2793 703 2848 ἐποιοῦντο.
747 2812 767 2845 ι
814 2795 925 2848 Καὶ
957 2795 1058 2848 οὐκ
1093 2791 1162 2865 ἦν
1203 2795 1375 2865 πέρας
1418 2796 1514 2849 τοῦ
1551 2796 1757 2866 κόσμου

182 2880 379 2951 αὐτῆς.
412 2900 433 2934 ›
475 2881 868 2953 Ἀναρίθμητόν
888 2900 1009 2935 τινα
1034 2882 1265 2937 πλοῦτον
1293 2883 1472 2937 αὐτῶν
1501 2884 1760 2955 ἀφαιρού-

188 2987 361 3040 μενοι,
396 2964 549 3039 ᾧπερ
582 2970 911 3042 ἐκοσμοῦντο
956 2972 1018 3025 τὸ
1060 2971 1311 3043 πρόσθεν.
1357 2990 1377 3025 ι
1417 2973 1757 3044 Βεϐάρυνται

183 3059 326 3130 ὑπὲρ
351 3061 527 3114 πάντα
549 3061 619 3115 τὰ
647 3061 817 3132 σκεύη
840 3061 1011 3131 αὐτῆς
1034 3062 1103 3115 τὰ
1134 3064 1463 3135 ἐπιθυμητὰ.
1498 3084 1517 3117 ι
1553 3062 1759 3137 Πολλὴν

1928 1053 2096 1112 Vens.
2119 1056 2175 1120 8,
2202 1055 2257 1111 9.
2275 1085 2347 1098 --
2368 1055 2571 1112 Deinde
2603 1056 2893 1127 pristinam
2916 1054 3231 1112 felicitatem
3260 1058 3426 1127 dicit,

1854 1145 1937 1201 sic
1984 1145 2282 1202 distributo
2328 1162 2601 1211 sermone,
2639 1156 2698 1202 ut
2731 1147 2897 1202 modo
2930 1148 3072 1201 mala
3103 1149 3304 1218 quibus
3334 1151 3430 1207 illa

1853 1237 2187 1293 cruciabitur
2230 1246 2455 1301 narret,
2513 1238 2677 1293 modo
2735 1246 2975 1295 veterem
3029 1250 3430 1298 commemoret

1853 1328 2196 1399 dignitatem,
2241 1330 2502 1385 nimirum
2544 1338 2605 1385 ut
2638 1330 2887 1387 incidens
2911 1330 3271 1387 infortunium
3307 1332 3432 1389 ideo

1852 1422 2071 1492 gravius
2117 1421 2243 1482 ﬁat,
2297 1424 2443 1491 quod
2497 1424 2627 1479 talis
2672 1423 2807 1479 urbs
2853 1422 2921 1478 ad
2964 1424 3095 1478 talia
3124 1423 3427 1483 devenerit.

1859 1530 1878 1563 ι
1907 1510 2120 1575 Ninive,
2171 1522 2231 1566 ut
2271 1528 2428 1583 aquae
2462 1516 2673 1583 piscina
2698 1530 2852 1585 aquae
2889 1513 3030 1585 ejus.
3073 1512 3181 1585 Ipsi
3207 1528 3428 1588 arrepta

1855 1600 1981 1672 fuga
2022 1618 2290 1673 nusquam
2330 1605 2730 1671 substiterunt;
2778 1620 2879 1660 nec
2922 1612 3043 1660 erat
3088 1607 3184 1675 qui
3216 1608 3431 1678 aspice-

1854 1702 1957 1749 ret.
1984 1713 2003 1747 ι
2040 1692 2179 1749 Olim
2209 1695 2430 1766 quidem
2476 1711 2505 1749 a
2550 1696 2763 1766 piscina
2794 1696 3031 1752 maxima
3069 1712 3181 1751 non
3213 1697 3432 1755 diﬂ'ere-

1857 1785 2010 1847 bant,
2043 1786 2202 1856 aquis
2259 1787 2501 1858 undique
2549 1787 2763 1850 allusis,
2811 1788 3160 1843 multitudine
3194 1790 3429 1859 piscium

1858 1876 2059 1932 ibidem
2103 1878 2256 1932 alita.
2318 1877 2410 1933 Sic
2442 1879 2694 1934 videlicet
2723 1877 2918 1934 Ninive
2946 1879 3300 1934 multitudine
3333 1894 3430 1949 po-

1858 1968 1972 2037 puli
1992 1967 2361 2034 redundabat;
2392 1970 2593 2025 mullos
2619 1984 2837 2040 quoque
2865 1970 3008 2024 bello
3032 1978 3223 2040 captos
3255 1972 3431 2025 homi-

1857 2074 1955 2115 nes
1981 2060 2126 2129 apud
2154 2074 2218 2115 se
2256 2060 2489 2115 habens.
2548 2059 2705 2114 Nunc
2748 2075 2880 2115 vero
2908 2068 3059 2114 tanta
3098 2059 3432 2117 adversitate

1858 2160 1985 2206 sunt
2013 2154 2284 2222 oppressi,
2311 2162 2372 2207 ut
2398 2168 2466 2209 ne
2501 2153 2828 2209 brevissime
2860 2153 3079 2223 quidem
3110 2161 3301 2207 contra
3327 2154 3431 2207 ho-

1858 2252 1973 2298 stes
1999 2243 2053 2298 in
2081 2243 2197 2299 acie
2220 2245 2492 2305 steterint,
2511 2244 2805 2314 quominus
2828 2260 2887 2300 se
2912 2246 3049 2314 fugae
3070 2245 3252 2299 statim
3278 2260 3432 2301 com-

1857 2336 2156 2390 mitterent.
2193 2333 2363 2390 Porro
2394 2343 2575 2390 autem
2604 2351 2767 2390 nemo
2795 2337 3052 2390 inventus
3085 2344 3190 2399 est,
3221 2338 3314 2406 qui
3340 2338 3432 2392 his

1857 2428 2014 2483 malis
2056 2436 2292 2482 mentem
2339 2429 2683 2491 intenderet,
2738 2438 2834 2481 aut
2877 2426 3068 2483 iisdem
3104 2427 3430 2483 medicinam

1857 2521 2093 2590 aliquam
2119 2520 2341 2576 laceret.
2402 2540 2421 2572 ι
2452 2521 2807 2590 Diripuerunt
2846 2529 3157 2591 argentum,
3189 2518 3431 2591 diripue-

1857 2622 1988 2668 runt
2038 2628 2297 2670 aurum.»
2362 2614 2601 2670 Cunctas
2647 2615 2841 2669 horum
2882 2630 3015 2685 opes
3066 2615 3260 2685 prada:
3328 2613 3429 2667 ha-

1857 2704 2092 2759 buerunt
2141 2706 2345 2760 hostes.
2417 2724 2437 2759 ι
2489 2704 2678 2775 Neque
2720 2714 2838 2761 erat
2899 2705 3024 2761 linis
3080 2713 3435 2759 ornamento-

1857 2812 1978 2849 rum
2018 2796 2159 2864 ejus.
2190 2815 2210 2849 ι
2257 2797 2573 2851 Innumeras
2628 2796 2849 2852 divitias
2901 2797 3254 2866 eripuerunt,
3306 2796 3432 2865 qui-

1857 2886 1960 2941 bus
1987 2886 2146 2955 223
2182 2894 2341 2940 antea
2368 2889 2689 2941 ornabatur.
2728 2903 2747 2937 ι
2777 2884 3066 2955 Aggravati
3109 2893 3238 2940 sunt
3264 2896 3436 2953 super

1857 2988 2073 3029 omnem
2118 2977 2508 3044 supellectilem
2540 2976 2664 3046 ejus
2714 2976 3198 3031 desiderabilem.»
3254 2974 3432 3031 Vehe-

1858 3070 2025 3122 menti
2057 3068 2239 3123 studio
2271 3067 2339 3121 ad
2368 3069 2603 3138 pretiosa
2627 3084 2857 3138 quaeque
2888 3076 3141 3133 ruerunt,
3174 3069 3432 3123 multam-

184 3151 319 3219 γοῦν
377 3151 613 3221 μάλιστα
655 3151 753 3223 τὴν
796 3153 1031 3223 σπουδὴν
1072 3153 1351 3207 ἐποιοῦντο
1388 3154 1458 3208 τὰ
1498 3154 1759 3211 δοκοῦντα

1861 3175 1967 3230 que
2009 3160 2303 3230 diripiendi
2343 3175 2465 3215 eam
2508 3160 2863 3230 cupiditatem
2912 3175 3022 3230 prae
3068 3175 3125 3214 se
3164 3161 3428 3215 tulerunt.

185 3244 344 3314 τίμια
372 3238 531 3306 εἶναι,
567 3244 660 3297 καὶ
693 3242 728 3296 ἃ
761 3242 899 3313 μετὰ
927 3242 1126 3313 πολλῆς
1155 3243 1311 3314 ἔσχον
1337 3246 1434 3316 τῆς
1469 3246 1759 3316 ἐπιθυμίας

185 3332 484 3404 ἀφελέσθαι
509 3334 639 3404 παρ’
665 3332 863 3386 αὐτῶν·
886 3332 946 3385 τὸ
971 3334 1079 3405 γὰρ
1108 3352 1127 3385 ι
1156 3334 1506 3406 βεϐάρυνται,
1531 3355 1550 3389 ι
1576 3338 1761 3408 ὅμοιόν

185 3429 308 3480 ἐστι
340 3425 432 3479 τοῦ
459 3426 516 3478 ἐν
545 3427 664 3489 ταῖς
694 3426 1023 3491 Βασιλείαις,
1063 3446 1083 3480 ι
1135 3428 1437 3501 Ἐϐαρύνθη
1466 3433 1494 3484 ό
1525 3432 1762 3502 πόλεμος

186 3518 284 3570 ἐπὶ
330 3516 534 3581 Σαοὺλ,
594 3536 613 3568 ι
667 3518 754 3569 ἵνα
802 3519 932 3590 εἴπῃ
970 3519 1053 3571 ὅτι
1097 3521 1215 3573 κατ’
1266 3521 1443 3574 ἐκεῖνο
1484 3522 1545 3574 τὸ
1599 3524 1762 3596 μέρος

186 3608 471 3661 ἐπέκειντο
516 3607 750 3677 μάλιστα
796 3609 847 3661 οἱ
900 3609 1181 3681 πολέμιοι·
1224 3610 1367 3665 οὕτω
1398 3614 1673 3667 κάνταῦθα
1702 3615 1761 3668 τὸ

193 3722 213 3753 ι
241 3701 566 3772 βιϐάρυνται
595 3719 615 3753 ι
648 3701 817 3770 λέγει,
839 3703 927 3755 ἵνα
951 3703 1079 3775 εἴπῃ
1099 3704 1179 3755 ὅτι
1200 3702 1398 3758 πλείων
1425 3705 1553 3776 περὶ
1581 3706 1762 3759 ἐκεῖνα

188 3797 223 3866 ή
255 3793 460 3864 σπουδὴ
482 3796 594 3858 τοῖς
623 3794 902 3866 πολεμίοις
932 3795 1196 3864 ἐγίγνετο.

259 3888 411 3957 Στίχ.
444 3887 495 3951 ι’,
531 3893 619 3940 ια’.
667 3917 735 3928 -
779 3905 799 3938 ι
859 3887 1217 3959 Ἐκτιναγμὸς
1246 3890 1340 3943 καὶ
1376 3890 1759 3961 ἁνατιναγμὴ,

188 3979 505 4051 ἐκϐρασμδς
528 3980 622 4034 καὶ
652 3978 880 4053 καρδίας
908 3979 1208 4051 θραυσμὸς,
1236 3982 1329 4035 καὶ
1357 3982 1614 4046 ὑπόλυσις
1637 4000 1763 4050 γου-

189 4071 399 4133 νάτων,
438 4072 534 4124 καὶ
570 4071 756 4135 ὠδῖνες
785 4071 877 4124 ἐπὶ
914 4075 1094 4127 πᾶσαν
1149 4074 1338 4143 ὀσφῦν,
1386 4076 1479 4128 καὶ
1509 4075 1570 4128 τὸ
1602 4076 1764 4148 πρόσ-

188 4178 340 4214 ωπον
369 4159 547 4213 αὐτῶν
565 4160 639 4223 ὼς
660 4161 984 4231 πρόσκαυμα
1005 4160 1227 4232 χύτρας.
1258 4182 1277 4213 ι
1309 4162 1562 4217 Βούλεται
1590 4146 1762 4217 εἰπεῖν

190 4252 276 4304 ὅτι
304 4249 567 4313 ποικίλοις
600 4251 664 4302 ἐκ
694 4248 799 4302 τῶν
828 4250 1099 4319 πολεμίων
1131 4250 1622 4322 περιϐληθήσονται
1651 4256 1762 4316 τοῖς

191 4343 383 4403 κακοῖς
412 4342 485 4409 (p.
514 4341 1099 4412 541)ἐκτιναττόμενοι
1124 4342 1217 4396 καὶ
1246 4340 1659 4414 ὲκϐραξόμενοιο
1686 4342 1762 4405 ὡς

191 4432 471 4497 παντελῶς
506 4432 603 4503 μὲν
629 4433 813 4497 αὐτοῖς
836 4433 933 4502 τῆς
964 4433 1201 4497 διανοίας
1232 4434 1520 4505 σϐεσθῆναι
1548 4435 1642 4488 τὸν
1674 4434 1762 4487 λο-

1858 3252 1994 3305 Nam
2018 3253 2186 3306 dictio
2213 3253 2487 3322 aggravati
2519 3261 2666 3319 sunt,
2693 3253 2835 3307 idem
2878 3251 3150 3323 signiﬁcat
3173 3261 3335 3322 atque
3373 3252 3431 3307 in

1859 3340 2174 3412 Regnorum
2205 3343 2392 3401 libris:
2421 3348 2804 3416 «Aggravatum
2818 3351 2904 3399 est
2954 3341 3197 3412 praelium
3237 3352 3432 3397 contra

1862 3433 2078 3489 Saulein
2103 3435 2167 3498 ιδ,
2192 3453 2211 3487 ι
2231 3442 2291 3489 ιιι
2309 3435 2623 3498 denotetur,
2660 3434 2751 3487 illa
2782 3433 3125 3503 potissimum
3152 3442 3307 3503 parte
3345 3432 3431 3486 vi-

1860 3542 1949 3582 res
1977 3526 2213 3581 hostium
2236 3540 2359 3581 sese
2382 3524 2706 3579 intendisse.
2741 3524 2820 3579 lta
2845 3524 2933 3578 hic
2959 3524 3123 3579 etiam
3152 3522 3430 3593 aggravati

1860 3628 1985 3674 sunt
2012 3618 2233 3681 dicitur,
2271 3627 2329 3671 ut
2370 3618 2758 3687 intelligamus,
2788 3616 3135 3686 potissimum
3184 3615 3429 3670 hostium

1861 3706 2103 3761 studium
2130 3707 2275 3760 circa
2305 3720 2438 3776 opes
2458 3720 2580 3759 esse
2614 3711 2913 3759 versatum.

1931 3890 2097 3947 Vens.
2113 3890 2401 3953 l0.ll.-—-i
2424 3886 2690 3943 Exeussio
2712 3893 2767 3941 et
2790 3882 3144 3945 rediscussio,
3166 3891 3219 3937 et
3234 3880 3431 3937 ebulli-

1862 3983 1957 4046 tio,
1972 3990 2027 4035 et
2038 3981 2221 4036 cordis
2234 3978 2538 4033 contractio
2551 3986 2603 4032 et
2618 3991 2855 4047 genuum
2874 3975 3187 4037 dissolutio,
3204 3983 3257 4027 et
3269 3974 3427 4029 dolo-

1862 4089 1948 4128 res
1964 4072 2204 4126 omnium
2219 4086 2433 4134 renum,
2461 4077 2515 4124 et
2532 4068 2701 4123 facies
2714 4083 2902 4123 eorum
2930 4074 2988 4121 ut
3011 4065 3227 4120 adustio
3240 4066 3382 4118 ollm.
3402 4081 3426 4116 ι

1864 4164 2142 4234 Signiﬁcat
2177 4160 2295 4216 fore
2334 4170 2392 4216 ut
2423 4174 2518 4215 eos
2549 4159 2754 4214 inimici
2785 4158 2952 4213 variis
2978 4156 3217 4210 alliciant
3246 4154 3427 4217 malis,

1862 4256 2052 4312 crebro
2078 4254 2438 4316 exeutientes,
2458 4259 2510 4305 et
2527 4250 2832 4321 ejieicntes,
2853 4250 2927 4303 ita
2942 4255 3000 4303 ut
3025 4248 3340 4304 universum
3362 4246 3434 4301 iis

1860 4348 2238 4415 exstinguatur
2288 4342 2487 4397 mentis
2532 4340 2902 4395 ratiocinium.
2966 4337 3185 4393 Timore
3244 4347 3427 4392 autem

1864 4453 2094 4493 enerves
2129 4451 2197 4489 ne
2235 4444 2384 4489 stare
2423 4432 2643 4502 quidem
2679 4431 2837 4485 facile
2882 4438 3158 4501 poterunt,
3191 4437 3245 4484 et
3273 4444 3427 4483 com-

190 4524 417 4594 γισμόν·
463 4523 850 4594 ἐκλελυμένους
881 4525 937 4577 δὲ
980 4525 1086 4578 ὑπὸ
1115 4524 1211 4578 τοῦ
1251 4525 1402 4589 δέους
1446 4527 1578 4600 μηδὲ
1633 4528 1756 4598 στῆ-

1863 4527 2119 4583 munibus
2165 4526 2480 4596 quatientur
2512 4522 2843 4593 angoribus:
2883 4529 3044 4589 atque
3076 4526 3139 4573 ut
3190 4518 3431 4574 breviter

192 4634 283 4671 va:
308 4615 567 4670 δύνασθαι
602 4615 818 4687 ῥᾳδίως,
850 4617 909 4668 ἐν
938 4616 1151 4681 ὀδύναις
1186 4635 1246 4671 τε
1280 4620 1486 4682 κοιναῖς
1520 4621 1765 4683 ἅπαντας

193 4704 358 4762 εἶναι·
388 4708 484 4761 καὶ
515 4707 793 4777 συντόμως
813 4709 1293 4773 εἰπεῖν,τοιούτους
1321 4710 1387 4764 ἐκ
1413 4712 1513 4783 τῆς
1540 4712 1647 4764 τῶν
1670 4729 1767 4766 κα-

192 4800 307 4855 κῶν
341 4800 571 4871 ἀπορίας
601 4796 760 4867 εἶναι,
786 4801 863 4864 ὡς
892 4801 1056 4872 μηδὲν
1080 4802 1392 4856 ἁπεοικέναι
1424 4804 1767 4875 κεκαυμένης

191 4890 399 4961 χύτρας
432 4891 535 4943 ὑπὸ
787 4891 897 4945 Καὶ
920 4888 1083 4943 πάλιν
1110 4892 1203 4944 ἐπὶ
1230 4890 1329 4963 τήν
1362 4894 1581 4965 μνήμην
1611 4893 1766 4963 ἄγων

192 4984 387 5046 abte-2:;
424 4984 525 5053 τῆς
553 4982 789 5047 παλαιᾶς
824 4983 1167 5047 δυναστείαςο
1203 5001 1223 5036 ι
1258 4982 1371 5037 Ποῦ
1404 4983 1519 5039 ἔστι
1550 4986 1612 5039 τὸ
1635 5003 1767 5039 κατ-

192 5075 507 5145 οικητήριον
564 5072 678 5127 τῶν
721 5073 951 5128 λεόντων
1012 5074 1108 5127 καὶ
1151 5075 1186 5144 ή
1220 5073 1359 5146 νομὴ
1406 5077 1440 5146 ή
1488 5070 1623 5129 οῦσα
1654 5079 1766 5140 τοῖς

194 5163 488 5233 σκύμνοις;
532 5181 554 5215 ι
600 5162 760 5216 ’Δλλὰ
783 5163 892 5235 γὰρ
922 5162 1127 5234 οἴχεται
1150 5164 1207 5217 δὲ
1235 5164 1415 5218 αὐτῶν
1446 5165 1541 5220 καὶ
1571 5168 1605 5237 ή
1627 5166 1766 5239 νομὴ

193 5256 374 5308 πᾶσιν
410 5254 504 5307 καὶ
544 5254 654 5324 γάρ
702 5253 974 5324 σκύμνους
1022 5256 1085 5308 τὸ
1129 5256 1260 5310 αὐτὸ
1290 5255 1477 5325 λέγει,
1520 5258 1765 5312 τουτέστι

193 5347 318 5411 τοὺς
357 5345 605 5408 λέοντας·
642 5345 888 5415 βούλεται
933 5346 992 5401 δὲ
1032 5349 1206 5402 εἰπεῖν
1245 5350 1329 5403 ὃτι
1355 5348 1528 5405 Πάλαι
1578 5351 1679 5420 μὲν
1706 5352 1757 5405 οἱ

193 5437 292 5503 τὴν
333 5434 537 5505 Νιντυὴ
581 5436 993 5502 κατοικοῦντες,
1035 5437 1263 5495 λέοντων
1294 5439 1448 5511 δίκην
1478 5436 1579 5512 ἦτε
1623 5444 1759 5497 πᾶσι

194 5530 306 5588 τοῖς
358 5526 563 5589 λοιποῖς
611 5528 866 5599 φοϐεροὶ,
913 5530 1006 5584 καὶ
1061 5532 1131 5585 τὰ
1170 5532 1502 5607 πανταχόθεν
1542 5534 1608 5587 ἐκ
1650 5534 1759 5588 τῶν

195 5615 453 5687 πολέμων
496 5617 860 5691 λαμϐάνοντες
898 5622 1175 5694 ἠθροίζετε
1225 5622 1354 5696 παρ’
1394 5624 1626 5689 ἑαυτοῖς·
1664 5626 1762 5681 νῦν

302 5750 345 5784 “
371 5750 393 5810 Ι
432 5752 567 5825 Reg.
585 5769 731 5821 uti,
753 5754 806 5811 3.

1858 4620 2059 4683 dicam,
2084 4617 2251 4671 tantis
2276 4616 2346 4671 ob
2372 4616 2470 4669 llas
2496 4614 2679 4669 clades
2707 4620 3023 4682 prementur
3051 4610 3341 4681 angustiis,
3367 4618 3430 4666 ut

1860 4710 2119 4767 ferventis
2144 4708 2213 4763 ab
2253 4708 2375 4777 igne
2424 4706 2546 4760 olla:
2584 4704 2728 4758 haud
2764 4702 3060 4759 dissimiles
3098 4702 3267 4757 visuri
3296 4703 3428 4757 sint.

1866 4823 1885 4855 ι
1920 4801 2149 4858 Ubinam
2177 4809 2259 4855 est
2285 4801 2501 4871 leonum
2531 4796 2928 4859 habitaculum,
2962 4803 3016 4850 et
3044 4810 3250 4865 pascua
3276 4802 3432 4849 catu-

1863 4894 2079 4950 lorum?
2107 4912 2125 4945 ι
2156 4889 2321 4946 Periit
2345 4891 2562 4944 leonum
2595 4887 2990 4951 habitaculum,
3023 4896 3080 4942 et
3115 4887 3299 4941 omnia
3331 4900 3431 4956 pa-

1862 5000 1996 5041 scua
2025 4999 2237 5038 eorum.
2294 4980 2428 5034 Nam
2460 4980 2624 5034 catuli
2666 4979 2828 5033 iidem
2865 4986 2995 5035 sunt
3024 4987 3189 5050 atque
3221 4978 3429 5034 leones.

1864 5075 2149 5146 Signiﬁcat
2182 5084 2387 5136 autem,
2419 5071 2643 5126 Ninives
2680 5070 2809 5123 olim
2847 5070 3057 5127 incolas
3083 5072 3299 5125 leonum
3345 5069 3434 5124 in-

1862 5178 1977 5223 star
1996 5167 2209 5221 cunctis
2236 5163 2449 5235 populis
2470 5163 2642 5219 fuisse
2665 5162 2958 5225 terribiles,
2980 5170 3035 5218 et
3064 5161 3432 5232 undequaque

1862 5258 2019 5314 bellis
2053 5257 2158 5311 sibi
2184 5271 2316 5325 opes
2345 5268 2591 5326 parasse.
2644 5251 2803 5308 Nunc
2848 5268 2977 5309 vero
3019 5253 3183 5309 etiam
3213 5251 3425 5315 Ninive,

1864 5350 2063 5421 inquit,
2090 5348 2460 5404 habitaculum
2490 5353 2733 5401 vestrum
2760 5347 2944 5416 periit,
2969 5345 3243 5417 simulque
3267 5344 3431 5415 quid-

1862 5444 1994 5514 quid
2038 5456 2201 5512 opum
2244 5438 2356 5494 illic
2403 5445 2562 5494 antea
2601 5445 2860 5508 congesta
2907 5437 3197 5494 habuistis.
3256 5435 3428 5502 gQuo

1865 5536 1999 5590 abiit
2032 5535 2138 5597 leo,
2190 5539 2250 5586 ut
2293 5528 2747 5601 ingrederetur?»
2786 5527 2955 5584 Valde
2984 5528 3087 5585 hoc
3111 5528 3421 5584 irridenter.

1864 5626 1999 5682 Nam
2029 5625 2157 5698 quia
2199 5623 2404 5694 Assyrii
2441 5621 2717 5692 perpetuis
2757 5621 2813 5679 in
2857 5621 3015 5679 bellis
3063 5628 3266 5679 versati
3305 5621 3430 5671 Inc-
