3844 6222
182 286 295 346 tn
1177 260 1733 347 continuatus
1770 284 1839 340 lN
1874 268 2329 343 NAHUMICAP.
2369 281 2459 339 ut.
3341 258 3454 345 at

182 406 300 469 τοῖς
332 386 578 477 σώμασιν
604 384 785 461 αὐτῶν
821 390 949 461 ἀπόη
972 388 1215 480 πλήθους
1243 404 1522 478 πορνείας.
1561 423 1583 457 ι
1629 402 1769 457 Πολ-ι

1888 402 2017 457 mim
2053 402 2393 473 significatus
2453 403 2540 455 est
2591 396 2887 454 verborum
2934 384 3353 469 {tt/inuehitur
3393 402 3455 458 ιἰι

183 497 298 550 λῶν
321 497 398 561 δὲ,
425 498 611 568 φησὶν,
631 498 1059 571 ἀναιρουμένων,
1092 501 1168 569 (p.
1197 498 1326 568 544)
1360 499 1441 562 είς
1466 497 1772 567 ὀλιγίστους

1888 492 2175 563 τονροτίὺιιε
2228 493 2365 547 suis.
2423 489 2627 556 Pauca,
2677 490 2890 561 inquit,
2940 500 3270 562 supererunt
3326 509 3458 551 eor-

182 584 329 657 ἀγαν
357 588 540 643 αὐτῶν
568 589 598 642 ὀ
623 589 855 661 ἀριθμὸς
888 592 1279 663 περιστήσεται
1303 608 1317 623 ·
1345 590 1504 645 τοῦτο
1529 588 1639 660 γάρ
1681 588 1771 641 λέ-

1888 603 2000 642 iora
2026 604 2041 651 ;
2073 602 2408 655 causamque
2438 586 2515 640 rei
2565 585 2730 641 tradit
2772 586 3180 643 multitudinem
3213 587 3456 645 forniea-
3486 587 3493 614 ⁵

183 694 272 746 γει
312 679 395 744 τὸ,
425 680 864 754 ι’Ᾱσθενὴσουσιν
881 684 939 737 ἐν
952 683 1064 746 τοῖς
1107 680 1356 753 σώμασιν
1389 680 1591 743 αὐτῶν,
1628 698 1648 731 ι
1682 678 1772 730 ἵνα

1888 679 2100 733 .ionum.
2136 676 2282 734 Haec.
2307 678 2403 739 ait,
2431 675 2731 746 patientur,
2762 678 2887 745 quia
2922 677 3122 730 mirum
3187 687 3454 747 quantum

186 772 345 845 εἴπῃ,
380 772 459 826 ὅτι
499 771 683 842 ὐλίγα
725 772 1205 845 περιλειφθήσεται
1244 772 1468 844 σώματα
1490 786 1505 802 ο
1548 771 1643 825 καὶ
1670 770 1773 840 τὴν

1888 782 1902 822 t
1935 768 2044 821 Deo
2084 776 2456 821 recesserunt.
2509 766 2688 837 Atque
2726 767 2843 821 haec
2889 765 2983 823 Dei
3022 768 3220 838 placita
3258 771 3459 827 merito

186 862 375 916 αἰτίαν
404 862 599 932 λέγων,
630 882 649 915 t
682 864 791 917 ἀπὸ
814 864 1049 937 πλήθους
1078 865 1353 937 πορνείας.
1396 884 1415 917 t
1446 862 1633 917 Ταῦτα
1659 860 1772 932 γὰρ

1888 858 1935 913 td
1964 859 2169 914 exitum
2201 856 2519 913 deducenda
2544 866 2691 912 sunt.

188 958 494 1025 πείσονται,
523 960 707 1031 φησὶν,
743 960 884 1034 ὑπὲρ
914 954 989 1015 ὧν
1027 960 1279 1015 πλεῖστον
1305 962 1431 1015 ὅσον
1455 958 1835 1031 ἐξετράπησαν
1864 956 1958 1010 τοῦ
1992 953 2129 1009 Θεοῦ
2150 969 2169 986 ο
2203 954 2299 1008 καὶ
2346 955 2494 1008 τουτὶ
2534 956 2793 1027 πράττειν
2835 954 2984 1021 ἄξιον
3022 956 3129 1011 τῶν
3155 958 3458 1012 δοκούντων

187 1049 360 1104 αὐτῶ.

461 1140 598 1205 δὀξ.
633 1168 704 1184 --
753 1136 886 1193 Εἶτα
924 1136 1195 1202 ὀνειδίζων
1242 1136 1475 1205 ἐτι-ἀγειο
1521 1154 1541 1188 ι
1588 1135 1769 1206 Πόρνη

192 1234 335 1305 καλὴ
378 1234 472 1287 καὶ
510 1233 764 1304 ἐπίχαρις
816 1231 1093 1303 ἡγουμένη
1138 1229 1464 1301 φαρμάκων.
1509 1244 1528 1280 t
1572 1228 1644 1282 Σὺ
1683 1225 1769 1298 δὴ,

193 1328 384 1399 φησὶν,
425 1322 569 1399 ἦσθα
597 1329 631 1396 ἡ
674 1323 769 1378 τοῦ
814 1325 1180 1396 προσήκοντος
1211 1320 1652 1394 ἐκτετραμμένη,
1683 1319 1774 1372 εὐ-

1890 1320 1963 1374 lla
1996 1336 2057 1375 es
2092 1335 2213 1391 quae
2250 1320 2320 1376 ab
2372 1321 2549 1377 amcio
2587 1324 2892 1391 recessisti,
2928 1339 3159 1395 quaeque
3202 1326 3457 1396 speciosa

192 1420 418 1492 πρεπὴς
469 1420 564 1489 μὲν
614 1419 779 1487 ἑαυτῇ
834 1416 1133 1487 φαινομένη
1191 1413 1280 1468 διά
1325 1414 1425 1481 τὴν
1477 1410 1774 1482 περιοῦσαν

1888 1410 1968 1465 .ibi
1994 1412 2065 1465 ob
2090 1412 2381 1481 imperium
2404 1413 2701 1480 videbaris,
2730 1417 2971 1485 gratiosa
2994 1425 3213 1487 propter
3242 1432 3338 1473 eos
3358 1418 3456 1489 qui

194 1509 546 1575 δυναστείαν,
585 1509 840 1581 ἐπίχαρις
875 1507 933 1560 δὲ
969 1506 1057 1560 διά
1099 1505 1227 1569 τοὺς
1255 1504 1458 1576 ταύτης
1489 1502 1677 1557 ἕνεκέν
1711 1517 1771 1554 σε

1888 1500 2191 1559 dominatus
2215 1506 2293 1559 tui
2325 1519 2494 1560 causa
2522 1514 2577 1560 te
2601 1509 2782 1563 colere
2805 1510 3120 1576 certabant;
3153 1518 3206 1564 et
3234 1511 3456 1581 quidem

1938 1132 2109 1192 Vsus.
2148 1136 2267 1193 4-7.
2304 1168 2372 1179 —-
2399 1136 2606 1195 Deinde
2633 1139 2953 1196 convicians
2977 1141 3099 1217 ait:
3142 1160 3163 1192 ι
3196 1141 3456 1198 Meretrix

1870 1228 2099 1298 pulchra
2123 1240 2178 1284 et
2200 1230 2470 1301 gratiosa,
2495 1230 2605 1285 dux
2628 1232 3036 1287 veneficiorum.
3073 1252 3095 1286 ι
3116 1232 3221 1299 'l‘u,
3252 1234 3452 1303 inquit,

199 1602 527 1675 θεραπεύειν
561 1599 979 1663 ἐσπουδακότας,
1013 1598 1108 1653 καὶ
1139 1596 1205 1669 δὴ
1238 1598 1334 1651 καὶ
1363 1596 1582 1650 πάντων
1610 1593 1774 1664 ἐξαρ-

1879 1594 2093 1651 caeteris
2151 1611 2370 1667 quoque
2418 1598 2711 1668 impiorum
2758 1615 2969 1654 morum
3019 1603 3235 1656 auctrix
3283 1602 3454 1659 fuisti.

196 1659 293 1767 10:;
333 1693 441 1748 τῶν
468 1694 567 1764 τῆς
609 1692 863 1756 ἀσεϐείας
893 1659 1035 1746 ἐθῶν
1080 1659 1287 1762 ἑτέροις
1327 1689 1568 1758 ἐγίγνου.
1624 1659 1661 1739 ιή
1713 1659 1779 1739 Ἦ

1888 1698 1907 1732 ι
1944 1680 2077 1748 Quae
2127 1659 2323 1741 vendis
2368 1659 2561 1756 gentes
2611 1686 2977 1745 fornicatione
3024 1698 3140 1754 tua,
3173 1700 3227 1746 et
3278 1692 3463 1772 tribus

198 1783 456 1839 πωλοῦσα
476 1784 604 1856 ἔθνη
630 1787 687 1838 ἐν
707 1786 774 1856 τῇ
805 1783 1034 1855 πορνείᾳ
1054 1782 1243 1853 αὐτῆς,
1274 1781 1367 1836 καὶ
1390 1779 1563 1850 φυλὰς
1592 1780 1650 1832 ἐν
1670 1780 1781 1840 τοῖς

199 1874 517 1945 φαρμάκοις
549 1872 738 1944 αὐτῆς.
778 1891 797 1924 t
842 1872 1146 1943 Ὀλόκληρα
1180 1870 1290 1942 γὰρ
1320 1869 1449 1939 ἔθνη
1483 1868 1577 1921 καὶ
1609 1865 1783 1937 φυλὰς

197 1966 327 2029 ὅλας
355 1968 422 2037 τῇ
456 1964 671 2036 ἐξουσίᾳ
715 1962 1177 2035 κατακεχρημένη
1215 1964 1283 2032 τῇ
1332 1961 1548 2031 οἰκείᾳ,
1578 1961 1657 2021 είς
1684 1956 1783 2028 τὴν

198 2058 371 2127 αὑτήν
412 2072 494 2109 σοι
525 2054 877 2125 συμμετῆγες
905 2052 1181 2115 ἀσέϐειαν,
1222 2050 1317 2104 καὶ¹
1363 2052 1543 2104 πᾶσαν
1577 2049 1642 2113 δὴ
1684 2047 1783 2117 τὴν

199 2147 334 2221 περὶ⁷
357 2147 426 2201 τά
451 2144 678 2199 τοιαῦτα
712 2144 967 2215 σπουδήν.
1019 2161 1039 2193 ι
1088 2141 1219 2196 Ἰδοὺ
1258 2140 1368 2210 ἐγὼ
1395 2140 1489 2195 ἐπὶ
1519 2140 1598 2203 σὲ,
1632 2139 1781 2207 λέγει

198 2243 410 2315 Κύριος
444 2244 472 2295 ὀ
500 2240 636 2303 Θεὸς
670 2241 699 2293 ὀ
744 2237 1139 2308 παντοκράτωρ
1159 2251 1174 2265 ·
1212 2235 1307 2288 καὶ
1333 2231 1671 2300 ἀποκαλύψω
1713 2229 1785 2284 τά

199 2335 379 2388 ὀπίσω
427 2351 518 2387 σου
569 2332 664 2385 ἐπὶ
710 2332 771 2385 τὸ
804 2328 1097 2402 πρόσωπόν
1140 2341 1269 2380 σουο
1312 2326 1408 2381 καὶ
1440 2325 1600 2390 δείξω
1638 2322 1786 2377 ἔθνε-

204 2446 291 2482 σιν
331 2426 431 2498 τὴν
479 2422 740 2496 αίσχύνην
785 2440 901 2486 σου,
933 2421 1027 2475 καὶ
1075 2418 1374 2490 βασιλείαις
1415 2417 1516 2489 τὴν
1564 2417 1784 2487 ἀτιμίαν

205 2538 325 2585 σου,
356 2521 452 2573 καὶ
486 2517 760 2590 ἐπιρρίψω
788 2515 882 2569 ἐπὶ
914 2514 974 2568 σέ
1020 2513 1316 2585 βδελυγμόν
1338 2551 1352 2574 ,
1382 2512 1478 2565 καὶ
1515 2511 1614 2571 τάς
1650 2512 1786 2564 ἀκα-

205 2615 433 2687 θαρσίας
479 2629 607 2664 σου’
644 2608 937 2679 καθίσομαί
972 2624 1031 2660 σε
1063 2608 1142 2670 είς
1181 2605 1553 2677 παράδειγμα.
1606 2623 1624 2655 ι
1660 2604 1784 2656 Τοι-

204 2702 411 2776 γαροῦν
439 2699 549 2769 ἐγώ
581 2716 683 2763 σοι,
726 2698 889 2769 φησὶν
925 2698 954 2750 ὀ
992 2696 1145 2761 Θεὸς,
1175 2697 1437 2764 ἀνάλογον
1463 2698 1584 2758 ταῖς
1604 2692 1785 2747 τοιαύ-

204 2806 330 2860 ταις
365 2795 617 2858 ἀτοπίαις
655 2791 842 2856 ἐπάξω
874 2790 970 2862 τὴν
1010 2790 1283 2860 τιμωρίαν
1308 2806 1322 2819 ο
1363 2784 1644 2859 περιϐαλῶ
1678 2786 1785 2856 γάρ

208 2909 295 2956 σε,
330 2890 514 2959 φησὶν,
542 2885 774 2956 αἰσχύνῃ
795 2884 1043 2953 παντοίᾳ,
1070 2882 1146 2952 (p.
1176 2882 1300 2951 545)
1326 2880 1514 2950 ὥσπερ
1546 2877 1610 2932 ἂν
1632 2878 1785 2940 είτις

1883 1773 2197 1842 pharmacis
2228 1778 2361 1831 tuis.
2400 1796 2423 1829 ι
2457 1777 2659 1834 Gentes
2687 1780 2927 1850 integras
2966 1781 3255 1854 tribusque
3288 1793 3459 1850 totas,

1882 1874 2156 1935 potestate
2182 1876 2272 1922 tua
2301 1868 2558 1932 abutens.
2587 1870 2655 1925 ad
2690 1872 2985 1942 impietatis
3006 1881 3114 1929 tute
3139 1876 3455 1931 societatem

1883 1959 2181 2029 pellexisti.
2222 1979 2241 2013 ι
2278 1961 2419 2018 Ecce
2446 1978 2549 2033 ego
2572 1979 2740 2034 super
2770 1973 2844 2030 te,
2887 1966 2984 2032 ait,
3017 1965 3281 2023 Dominus
3316 1968 3465 2024 Deus

1883 2051 2265 2121 omnipotens;
2295 2056 2551 2109 revelabo
2589 2060 2895 2125 posteriora
2936 2064 3029 2111 tua
3063 2072 3229 2128 super
3262 2046 3460 2113 facient

1882 2148 2075 2196 tuam:
2106 2145 2387 2199 Ostendam
2418 2146 2669 2216 gentibus
2711 2147 3063 2218 ignominiam
3105 2157 3278 2213 tuam,
3318 2153 3460 2222 regio

1882 2231 1988 2287 bus
2019 2234 2279 2302 probrum
2311 2244 2487 2302 tuum,
2511 2236 2823 2308 jaciamque
2843 2254 3010 2309 super
3030 2250 3080 2295 te
3100 2242 3463 2301 abominatio-

1887 2338 2009 2377 nem
2039 2335 2095 2379 et
2137 2325 2539 2382 immunditiam
2575 2337 2761 2394 luant;
2808 2337 3048 2384 statuam
3084 2339 3137 2386 te
3183 2330 3237 2385 in
3276 2347 3465 2387 exem-

1884 2417 2056 2484 plum.
2088 2436 2107 2466 ι
2140 2416 2527 2485 Quamobrem,
2553 2420 2625 2474 ait
2658 2418 2825 2483 Dens,
2847 2437 3118 2492 congruas
3149 2425 3313 2497 226
3336 2427 3466 2481 huic

1885 2510 2122 2564 vesania:
2166 2525 2358 2579 pmnas
2406 2519 2729 2581 tmponam:
2777 2518 3112 2585 cooperiatn,
3165 2520 3363 2589 inquit,
3411 2530 3463 2574 te

1886 2600 2188 2670 ignominia
2238 2604 2587 2670 ontnimoda,
2643 2605 2812 2661 veluti
2869 2622 2994 2662 cum
3054 2610 3180 2679 quis
3224 2612 3461 2683 aliquem

1886 2697 2307 2751 excruciaturus
2340 2698 2641 2752 detractam
2678 2699 2727 2755 ei
2753 2710 2956 2757 vestem
2992 2705 3045 2757 in
3090 2706 3299 2761 vultum
3331 2722 3465 2762 con-

1889 2788 2026 2857 gerit
2069 2788 2408 2853 universam,
2454 2798 2513 2843 ut
2551 2799 2710 2860 turpe
2744 2794 2815 2847 sit
2866 2793 3133 2851 nuditatis
3173 2809 3468 2867 spectacu-

1891 2881 2025 2944 lum,
2077 2896 2261 2934 amara
2310 2890 2490 2936 autem
2545 2884 2887 2940 cruciatuum
2942 2891 3316 2958 exspectatio;
3368 2892 3465 2962 qui

206 2978 516 3046 αἰκίζεσθαί
552 2995 671 3031 τινα
710 2975 937 3047 μέλλων,
978 2973 1192 3044 ἀφελὼν
1224 2973 1326 3043 τὴν
1362 2971 1563 3040 ἐσθῆτα
1597 2970 1695 3060 ἐπί
1724 2968 1785 3022 τὸ

1890 2972 2109 3041 quidem
2144 2973 2323 3043 capite
2370 2974 2612 3030 vestibus
2655 2977 2936 3044 obvoluto,
2977 2996 3046 3034 ne
3090 2997 3203 3036 rem
3241 2984 3463 3053 quidem

207 3075 501 3145 πρόσωπον
534 3070 812 3124 ἐλκύσειεν
851 3069 1069 3123 ἅπασαν
1089 3106 1103 3129 ,
1136 3065 1212 3128 ὡς
1238 3063 1470 3134 αίσχράν
1512 3062 1611 3134 μὲν
1645 3058 1783 3115 εἷναι

204 3148 309 3238 τῆς
348 3164 677 3236 γυμνώσεως
710 3162 808 3230 τὴν
851 3157 1007 3223 θέαν,
1052 3156 1255 3230 πικρὰν
1289 3154 1345 3207 δὲ
1384 3152 1481 3207 τοῦ
1521 3149 1782 3221 αίκισμοῦ

205 3260 308 3332 τὴν
357 3255 718 3329 προσδοκίαν
768 3248 1232 3323 περιϐεϐλημένος
1273 3247 1330 3301 δὲ
1374 3248 1439 3318 τῇ
1488 3244 1677 3314 ἐσθῆτι
1724 3244 1785 3297 τὸ

209 3351 533 3422 πρόσωπον,
595 3345 730 3421 μηδὲ
786 3344 967 3414 διορᾷν
1004 3341 1073 3395 τὰ
1115 3339 1450 3409 προκείμενα
1499 3334 1780 3388 δύνασθαι.

208 3441 368 3497 Οῦτω
393 3440 476 3512 δὴ,
507 3440 689 3509 φησὶν,
723 3435 937 3489 ᾶπαντά
965 3449 1056 3485 σου
1087 3431 1177 3484 τὸν
1206 3430 1412 3497 κόσμον
1438 3425 1673 3496 ἀφελὼν.
1704 3425 1785 3486 είς

208 3532 435 3603 ἀτιμίαν
465 3528 814 3597 καταστήσας
841 3524 939 3595 τὴν
971 3522 1232 3593 ἐσχάτην,
1259 3523 1326 3590 τῇ
1369 3517 1493 3616 τῶν-
1512 3514 1784 3616 πολεμίων

211 3624 435 3681 ἐκδώσω
482 3620 761 3693 τιμωρίᾳ,
808 3616 952 3670 ὥστε
992 3616 1127 3667 πᾶσι
1166 3612 1265 3683 μέν
1306 3611 1420 3672 τοῖς
1471 3610 1783 3677 ἁπανταχοῦ

212 3714 487 3789 περιφανῆ
516 3730 608 3766 σου
632 3711 730 3782 τὴν
752 3706 1011 3779 αἰσχύνην
1032 3705 1122 3759 καὶ
1141 3706 1241 3771 τὴν
1266 3703 1489 3773 ἀτιμίαν
1509 3699 1781 3769 γενέσθαι,

214 3804 511 3881 βδελυκτὴν
539 3803 593 3855 δέ
622 3819 681 3854 σε
718 3801 810 3853 καὶ
834 3797 923 3852 διά
951 3799 1049 3869 τῆς
1079 3796 1247 3865 ἀκοῆς
1287 3794 1459 3847 ἅπασι
1499 3789 1783 3861 φαίνεσθαι

217 3900 408 3971 μόνης,
441 3896 578 3967 ὺπέρ
606 3887 680 3948 ὧν
706 3893 784 3953 είς
811 3889 1077 3960 τοσαύτην
1105 3885 1375 3940 εὐτέλειαν
1408 3882 1781 3954 κατενήνεξαιο

214 3989 447 4061 πάτημά
487 4005 547 4040 τε
592 3986 847 4055 γεγονυῖα
885 3982 1102 4035 πάντων
1153 3979 1247 4031 καὶ
1292 3975 1645 4047 παράδειγμα
1686 3973 1786 4043 τῆς

212 4080 451 4152 ἐσχάτης
490 4078 711 4149 ἀτιμίας
739 4071 1120 4142 ἀποδειχθεῖσα
1145 4071 1213 4140 τῇ
1244 4064 1517 4137 ὑπερϐολῇ
1546 4064 1655 4117 τῶν
1686 4078 1786 4116 κα⁶

213 4175 351 4230 κῶν.
403 4192 421 4224 ι
459 4172 570 4225 Καὶ
601 4168 772 4232 ἔσται,
802 4167 911 4229 πᾶς
943 4167 971 4217 ὁ
999 4162 1140 4235 ὀρῶν
1170 4177 1251 4224 σε,
1280 4157 1648 4229 καταϐήσεται
1676 4155 1786 4210 ἀπὸ

216 4266 337 4331 σοῦ,
369 4266 463 4320 καὶ
495 4264 639 4336 ἐρεῖ,
665 4258 882 4317 Δειλαία
910 4256 1113 4326 Νινευὴ
1137 4294 1153 4319 ,
1179 4253 1264 4317 τίς
1293 4250 1538 4315 στενάξει
1570 4249 1656 4304 ἐπ’
1689 4250 1787 4302 αὑ-

1891 3076 2209 3133 ιπῖεεεηιοιη
2232 3080 2458 3119 cernere
2481 3075 2684 3135 potest.
2713 3067 2949 3125 Prorsus
2973 3071 3066 3132 ita,
3093 3073 3187 3137 ait,
3216 3074 3468 3129 detracto

1891 3154 2040 3208 omni
2069 3163 2269 3208 ornatu
2300 3163 2417 3220 tuo,
2444 3155 2498 3210 in
2523 3165 2763 3212 extrema
2792 3170 2845 3214 te
2874 3160 3169 3230 ignominia
3198 3166 3469 3221 constitu-

1891 3253 2026 3308 tam,
2066 3243 2317 3300 hostibus
2350 3247 2681 3316 puniendam
2728 3248 2960 3304 tradam.
3007 3250 3098 3306 Sic
3131 3254 3277 3308 omni
3317 3250 3465 3325 genti

1891 3336 2152 3406 probrum
2186 3344 2339 3391 tuum
2389 3352 2455 3392 ac
2506 3340 2794 3409 turpitudo
2850 3340 3285 3412 exploratissitna
3328 3349 3465 3402 lict:

1894 3427 2079 3495 tuique
2107 3428 2348 3483 nominis
2385 3429 2471 3483 vel
2500 3429 2616 3483 sola
2649 3430 2857 3485 auditio
2887 3435 3100 3489 cunctis
3124 3435 3227 3489 erit
3255 3436 3465 3492 abomi-

1892 3521 2123 3582 nabilis,
2185 3531 2470 3591 postquam
2518 3521 2574 3575 in
2620 3532 2824 3576 tantam
2864 3524 3127 3580 vilitatem
3172 3526 3466 3591 deeideris.

1892 3611 2209 3679 proculcata
2256 3611 2323 3664 ab
2378 3611 2656 3675 omnibus,
2707 3627 3046 3685 excessuque
3092 3619 3358 3672 malorum
3398 3619 3467 3674 ad

1892 3716 2118 3769 summae
2150 3701 2459 3771 ignominia:
2480 3704 2788 3772 exemplum
2825 3708 3125 3775 pmposit‘a.
3168 3726 3188 3760 ι
3240 3708 3306 3763 Et
3339 3711 3467 3778 erit,

1892 3794 2206 3863 quicunque
2230 3792 2452 3856 viderit,
2479 3792 2776 3849 descendet
2802 3811 2831 3848 a
2864 3807 2935 3860 te,
2960 3797 3210 3869 dicetque
3234 3818 3247 3855 :
3273 3798 3467 3857 Ninive

1893 3882 2105 3945 infelix,
2154 3884 2279 3953 quis
2310 3884 2385 3936 illi
2434 3884 3091 3958 ingemiscet2quodnam
3122 3888 3172 3945 ei
3221 3892 3467 3949 solamen

1892 3975 2251 4044 conquiram?
2296 3994 2317 4027 ›
2363 3973 2467 4040 Qui
2512 3977 2628 4031 haec
2671 3978 2725 4031 in
2776 3988 3056 4049 posterum
3096 3981 3356 4049 viderint,
3401 4001 3468 4058 ac

1893 4066 2194 4135 superioris
2239 4065 2425 4137 gloria;
2472 4076 2578 4123 tua:
2627 4069 2797 4139 probe
2840 4072 3217 4140 meminerint,
3261 4075 3468 4133 omissa

1866 4200 1869 4203 .
1893 4159 1982 4212 illa
2004 4159 2072 4214 de
2101 4166 2154 4214 te
2183 4159 2569 4224 aestimatione,
2597 4160 2783 4215 odium
2813 4163 3191 4220 misericordia
3219 4180 3468 4221 commu-

1894 4249 2125 4315 tabunt;
2175 4249 2230 4303 id
2268 4249 2412 4304 enim
2454 4252 2611 4306 aiunt
2646 4255 2808 4308 verba
2843 4254 3117 4311 descendet
3147 4274 3181 4311 a
3216 4267 3300 4324 te;
3342 4268 3467 4313 tua-

215 4363 340 4433 τὴν,
370 4358 530 4412 πόθεν
558 4354 775 4426 ζητήσω
804 4348 1144 4422 παράκλησιν
1174 4346 1340 4417 αὐτῇς
1377 4364 1397 4397 ι
1428 4346 1492 4397 Oi
1517 4343 1582 4412 δὴ
1614 4343 1785 4397 ταῦτα

1892 4358 1998 4411 que
2026 4343 2167 4397 mala
2200 4343 2630 4408 miserabuntnr,
2667 4359 2848 4401 mente
2871 4358 3184 4418 reputantes
3215 4351 3328 4406 fieri
3358 4369 3465 4408 non

215 4450 407 4506 λοιπὸν
439 4445 692 4519 ὁρῶντες,
733 4442 830 4496 καὶ
855 4440 954 4510 τὴν
981 4434 1291 4508 προσοῦσάν
1322 4452 1404 4489 σοι
1433 4434 1669 4507 πρόσθεν
1697 4434 1791 4487 εύ-

218 4541 465 4616 πραγίαν
501 4535 699 4597 εἰδότες
732 4529 938 4600 σαφῶς.
968 4526 1301 4590 ἀποστάντες
1332 4527 1431 4597 τῆς
1470 4523 1793 4596 ὑπολήψεως

217 4635 435 4703 ἐκείνης
460 4624 526 4702 ἦς
556 4622 700 4697 εἶχον
740 4623 870 4695 περί⁹
892 4620 985 4676 σοῦ
1008 4662 1022 4686 ,
1049 4622 1126 4684 είς
1152 4619 1300 4673 ἔλεον
1324 4621 1385 4672 τὸ
1408 4618 1551 4673 κατὰ
1582 4617 1675 4671 σοῦ
1706 4634 1796 4688 με·

1890 4448 2052 4502 posse
2083 4440 2143 4487 ut
2176 4433 2339 4503 digne
2383 4433 2508 4503 quis
2540 4432 2798 4490 inflictam
2830 4439 2926 4491 tibi
2963 4441 3328 4498 calamitatem
3371 4446 3469 4498 de-

1891 4526 2088 4595 ploret,
2137 4535 2231 4584 aut.
2278 4525 2526 4581 solamen
2567 4528 2789 4598 aliquod
2833 4531 2917 4585 vel
2959 4534 3260 4588 remedium
3301 4552 3466 4591 exco-

1890 4619 2040 4688 gitet.

214 4725 545 4795 ταστήσουσι
579 4721 763 4790 μῖσος’
820 4714 979 4768 τοῦτο
1030 4713 1139 4782 γὰρ
1190 4713 1339 4781 λέγει
1380 4711 1440 4764 τὸ
1489 4729 1509 4762 ι
1572 4709 1941 4779 καταϐήσεται
1993 4709 2100 4763 ἀπὸ
2163 4708 2280 4770 σοῦ.
2324 4730 2342 4763 t
2393 4710 2533 4764 ὥστε
2577 4712 2671 4765 καὶ
2708 4712 2876 4765 ἐλεεῖν
2912 4730 2969 4767 σε
2997 4714 3106 4768 τῶν
3134 4720 3470 4789 κατεχόντων

216 4815 429 4876 κακῶν,
470 4805 945 4879 συλλογιζομένους
1002 4805 1078 4868 ὼς
1139 4802 1260 4857 οῦτε
1325 4801 1548 4855 δυνατόν
1609 4815 1732 4853 τινα
1788 4800 2027 4865 ἐπαξίως
2078 4798 2372 4871 ὀδύρασθαι
2423 4799 2522 4871 τὴν
2573 4800 2954 4870 ἐπιγεγονυίἀν
3010 4821 3092 4857 σοι
3147 4809 3466 4878 συμφορὰν,

220 4918 315 4990 (p.
352 4910 458 4967 546
482 4914 501 4981 )
527 4907 640 4963 ἀλλ’
664 4904 788 4959 οὐδὲ
812 4902 1153 4975 παράκλησίν
1188 4916 1311 4954 τινα
1345 4898 1436 4953 καὶ
1464 4896 1760 4990 θεραπείαν
1790 4895 2075 4990 εύρεθῇναι
2110 4890 2222 4990 οίόν
2249 4912 2310 4948 τε
2338 4895 2447 4990 τῶν
2468 4896 2738 4990 τοσούτων
2771 4898 2975 4953 κακῶν.

291 5003 439 5074 Στίχ.
468 4999 541 5073 η’.
568 5032 636 5043 -
670 5017 688 5050 ι
732 4998 1005 5069 Ἀρμοσαι
1033 4993 1228 5065 χορδὴν
1250 5036 1265 5060 ,
1289 4992 1592 5062 ἐτοίμασαι,
1632 4989 1789 5060 μερὶς

229 5093 496 5167 Ἀμμὼν,
543 5088 872 5146 κατοικοῦσα
906 5088 964 5140 ἐν
992 5087 1272 5152 ποταμοῖς,
1307 5081 1451 5155 ὕδωρ
1480 5080 1664 5151 κύκλῳ
1701 5080 1793 5134 αὐ-

216 5190 340 5260 τῆς·
368 5189 401 5258 ή
432 5185 498 5257 σὴ
524 5182 665 5256 ἀρχή
692 5182 952 5244 θάλασσα,
985 5179 1078 5232 καὶ
1102 5177 1247 5247 ὕδωρ
1272 5174 1341 5229 τά
1365 5174 1521 5245 τείχη
1546 5173 1734 5243 αὐτῆς.
1754 5187 1787 5223 ἰ

1874 4995 1883 5000 '
1954 4984 2123 5044 Vens.
2150 4988 2306 5042 8.—-t
2344 4988 2481 5058 Apta
2502 4988 2783 5055 chordam,
2806 5006 3059 5061 compara
3086 5001 3155 5055 te,
3190 5009 3315 5064 pars
3340 4997 3469 5049 Am-

1882 5093 2033 5143 mon,
2060 5094 2183 5149 qua:
2207 5080 2402 5135 incolis
2426 5080 2651 5134 ﬂumina
2680 5095 2857 5149 :Iaqua
2886 5083 2940 5136 in
2966 5084 3198 5138 circuitu
3222 5087 3467 5155 eiusﬁni-

1887 5170 2023 5224 tium
2052 5170 2176 5240 ejus
2200 5184 2371 5237 mare,
2404 5186 2545 5242 aqua
2570 5173 2769 5227 muenia
2787 5174 2927 5243 ejus.
2968 5193 2987 5227 ι
3022 5173 3279 5231 Nonnulli
3309 5180 3467 5234 dixe-

213 5281 381 5344 Τινὲς
422 5276 651 5349 ’Δμμὼν
680 5275 887 5344 ἔφασαν
917 5270 1152 5325 ἐνταῦθα
1187 5269 1440 5338 λέγεσθαι
1472 5268 1571 5339 τὴν
1602 5268 1785 5337 ὀνομα-

1888 5269 2017 5316 runt
2042 5262 2361 5318 Ammonem
2394 5264 2482 5318 hic
2506 5266 2762 5335 appellari
2799 5268 3186 5323 Alexandriam
3219 5274 3465 5343 )Egyptt'.

220 5371 461 5443 ζομένην
484 5368 580 5421 νῦν
618 5365 1022 5436 Ἀλεξάνδρειαν
1044 5360 1139 5415 ἐπὶ
1166 5361 1264 5430 τῆς
1292 5358 1589 5428 Αἰγύπτουο
1613 5356 1791 5412 καίτοι

219 5479 287 5532 γε
311 5460 469 5531 δῆλον
508 5459 591 5511 ὅτι
630 5456 798 5525 ἐγγύς
843 5471 944 5508 που
993 5450 1129 5523 μετά
1166 5448 1493 5521 τετρακόσια
1546 5447 1641 5519 ἐτη
1692 5446 1791 5516 τῆς

221 5550 562 5624 προφητείας
606 5546 811 5616 ταύτης
867 5543 1210 5614 Ἀλέξανδρος
1244 5542 1274 5594 ὀ
1319 5540 1419 5611 τῆς
1456 5537 1794 5601 Μακεδονίας

218 5644 414 5712 γέγονε
446 5640 717 5711 βασιλεὺς,
746 5637 803 5701 ὃς
835 5636 932 5689 σὺν
960 5633 1175 5697 πολλοῖς
1205 5634 1408 5704 ἑτέροις
1438 5627 1794 5701 κατεσχηκὼς

218 5732 324 5806 τῆς
363 5731 639 5803 Αἰγύπτου
657 5772 674 5799 ,
705 5727 989 5799 ἐπώνυμον
1027 5722 1202 5796 ἐαυτῷ
1232 5724 1333 5795 τήν
1388 5723 1792 5793 Ἀλεξάνδρειαν

1889 5355 2053 5425 Atqui
2067 5367 2401 5426 compertum
2416 5357 2937 5428 est,quadringentis
2951 5360 3173 5416 circiter
3186 5371 3308 5433 post
3324 5366 3467 5422 hanc

1887 5449 2228 5520 prapbetiam
2265 5449 2425 5505 annis
2460 5449 2831 5505 Alexandrum
2879 5450 3233 5508 Macedonum
3283 5470 3464 5526 regem

1887 5528 2190 5607 exstitisse,
2216 5542 2599 5613 qui‘occupata
2624 5556 2749 5596 cum
2780 5543 2901 5599 aliis
2930 5544 3117 5601 multis
3147 5536 3464 5618 regionibus

1888 5630 2145 5705 IEgypto,
2192 5632 2574 5705 cognominem
2618 5632 2721 5688 sibi
2764 5634 3150 5690 Alexandriam
3193 5640 3463 5697 condidit.

1890 5727 2046 5794 Quod
2077 5727 2122 5782 si
2152 5726 2278 5797 quis
2308 5726 2477 5795 dicat,
2507 5735 2633 5785 ante
2659 5727 2808 5783 bunc
2843 5743 3062 5801 quoque
3092 5730 3377 5789 exstitisse
3406 5737 3466 5795 in
