3830 6216
408 260 527 319 MO

1602 256 1955 318 THEODORI
1994 252 2224 317 MOPSU
2233 256 2477 316 ESTENI

3561 257 3668 316 £30

413 400 487 443 eo
517 383 639 439 loco
668 381 858 440 urbem
880 381 1103 440 nomine
1126 382 1472 449 Ammonem.
1499 382 1677 455 deque
1703 384 1807 440 hac
1830 385 1993 440 modo

2102 382 2430 456 πεποίηκεν·
2459 384 2508 439 εἰ
2540 382 2616 457 μὴ
2653 384 2765 456 ἄρα
2796 400 2882 448 τις
2912 382 3090 439 έκεῖνο
3123 380 3270 452 λέγοι
3318 380 3404 437 ὅτι
3430 381 3523 434 καί
3562 381 3670 453 πρὸ

418 474 743 546 pr0phetam
773 474 955 546 loqui;
988 473 1263 544 profecto,
1292 475 1440 545 quod
1471 490 1619 546 sape
1635 475 1752 545 jam
1781 475 1999 539 monui,

421 565 2001 638 Wmm.anhisrehu

420 656 829 722 curiositatem;
851 657 1122 727 siquidem
1156 658 1291 712 nihil
1320 672 1384 713 ea
1409 657 1624 713 confert
1649 660 1715 712 ad
1752 657 1832 714 rei
1875 672 1999 729 pro-

423 749 618 819 positae
638 746 1081 820 intelligentiam.
1110 749 1292 815 Quare
1320 750 1576 804 subtilior
1597 749 1665 805 de
1694 750 1781 804 his
1807 749 1998 819 dispu-

423 844 583 906 tatio,
623 854 765 894 vana
801 840 1094 896 ostentatio
1133 840 1443 906 hominum,
1472 840 1567 911 qui
1591 840 1764 896 videri
1806 840 1997 895 volunt

424 929 779 982 incertiorum
815 929 1059 985 iocorum
1089 930 1312 983 nomina
1344 930 1717 1000 interpretari.
1750 929 1887 986 illud
1913 939 1999 986 est

422 1020 567 1089 apud
618 1033 714 1073 eos
765 1017 1101 1082 fabulosius,
1149 1033 1273 1073 cum
1331 1019 1487 1073 aiunt
1544 1021 1613 1075 de
1657 1022 1999 1077 Alexandria:

422 1112 589 1167 exitio
618 1111 939 1181 prophetam
972 1111 1143 1180 loqui,
1170 1119 1228 1166 ut
1253 1111 1507 1167 ostendat
1531 1115 1610 1169 nil
1632 1117 1830 1170 mirum
1849 1129 1996 1180 esse,

422 1204 470 1258 si
499 1203 640 1259 idem
671 1218 889 1274 quoque
927 1203 1136 1259 Ninivae
1168 1205 1451 1259 acciderit.
1495 1204 1685 1277 Neque
1728 1206 1873 1262 enim
1902 1221 1999 1262 so-

421 1291 525 1350 lari
571 1287 753 1350 verbis
790 1295 1023 1352 Niniven
1062 1297 1323 1367 propheta
1364 1298 1501 1354 vult.
1537 1298 1708 1355 Porro
1735 1300 1804 1356 ad
1850 1301 2002 1357 sola-

423 1402 549 1442 men
591 1388 846 1457 pertinet,
895 1389 1087 1444 alienm
1138 1390 1474 1447 calamitatis
1522 1393 1998 1459 commemoratio,

422 1478 582 1548 quasi
629 1478 742 1532 hac
781 1479 939 1533 malis
982 1482 1283 1535 exercitum
1327 1493 1554 1538 recreet.
1586 1482 1816 1539 'Revera
1866 1500 2006 1540 mm-

425 1576 543 1624 stos
579 1563 855 1624 consolari
895 1571 1134 1626 solemus
1166 1573 1443 1629 mentione
1472 1574 1622 1644 paria
1654 1574 1998 1646 patientium,

426 1674 497 1714 ne
532 1659 656 1729 plus
683 1675 840 1730 aequo
869 1661 1071 1716 animis
1104 1663 1418 1729 concidant,
1449 1666 1609 1734 quasi
1640 1665 1847 1737 aliquid
1877 1667 2003 1721 inu-

426 1751 575 1805 sitati
627 1752 762 1822 ipsis
803 1752 1089 1808 acciderit.
1137 1754 1339 1809 Contra
1384 1758 1609 1813 omnino
1656 1758 1999 1829 exploratum

425 1848 533 1904 est,
557 1842 878 1911 prophetam
908 1845 1191 1899 erenturis
1220 1843 1429 1900 Niniva:
1468 1847 1625 1903 malis
1651 1856 1889 1905 veterem
1934 1850 2001 1904 il-

428 1932 537 1989 Iius
594 1926 907 1989 felicitatem
959 1935 1295 2007 adjungcre,
1353 1953 1461 2007 qua
1523 1928 1809 1996 calamitas
1881 1940 2002 2010 ejus

422 2024 838 2094 connparatione
881 2027 1101 2097 gravior
1140 2028 1428 2084 evadebat.
1479 2028 1588 2085 Sed
1639 2031 1755 2088 haec
1807 2048 2004 2102 super-

427 2114 637 2168 ﬂuitate
683 2114 918 2186 quadam
971 2118 1246 2173 sermonis
1286 2118 1430 2174 dicta
1482 2127 1663 2175 sunto.
1708 2120 1839 2176 Loci
1872 2136 2004 2177 vero

420 2208 701 2285 sententia
724 2219 807 2264 est
835 2226 849 2263 :
889 2208 1053 2265 Venit
1096 2226 1273 2282 usque
1310 2212 1364 2266 in
1390 2211 1686 2283 IEgyptum
1719 2213 2000 2285 Assyrius,

429 2301 600 2355 multa
632 2302 707 2357 ibi
739 2318 967 2373 quoque
990 2305 1131 2358 mala
1174 2308 1442 2376 patravit,
1472 2317 1526 2362 et
1552 2307 1770 2379 quidem
1814 2310 2004 2379 profu-

426 2406 529 2461 gos
574 2390 710 2449 illuc
762 2392 1036 2451 lsraelitas
1084 2397 1398 2467 ibidemque
1442 2399 1702 2469 degentes
1750 2402 2005 2459 maximis

429 2485 792 2542 incommodis
816 2486 1021 2552 affecit,
1050 2497 1108 2542 ut
1140 2487 1312 2546 Oseas
1337 2491 1601 2561 propheta
1628 2494 2002 2548 demonstrat:

434 2594 455 2627 ι
497 2576 789 2647 Propterea
841 2582 972 2635 ecce
1031 2579 1241 2651 fugient
1277 2582 1348 2637 ab
1384 2583 1719 2639 adversitate
1758 2583 2001 2655 Egypti,

432 2666 661 2736 recipiet
691 2678 788 2722 eos
827 2666 1116 2738 Memphis,
1151 2670 1378 2741 sepeliet
1421 2684 1519 2725 eos
1559 2669 1836 2728 Machmas
1871 2675 1932 2726 ".
1979 2693 1999 2725 ›

433 2756 716 2827 Signiﬁcat
742 2773 863 2828 quae
890 2759 959 2812 ab
984 2759 1229 2829 Assyriis
1255 2759 1549 2832 Egyptum
1581 2762 1845 2833 ingressis
1878 2781 2003 2835 per-

430 2848 650 2918 pessuri
688 2856 845 2904 erant
870 2848 1086 2919 profugi
1129 2848 1411 2906 Israelita.
1444 2843 1620 2907 Sicuti
1653 2868 1783 2922 ergo
1813 2855 1869 2909 in
1904 2872 2002 2912 su-

433 2937 761 3005 perioribus,
802 2944 1088 3008 postquam
1118 2948 1438 3009 correptura
1470 2942 1724 3013 Assyrios
1755 2946 1897 2998 mala
1923 2962 2000 3001 re-

2094 479 2286 535 τούτου
2303 478 2456 544 πόλις
2483 474 2553 550 ἦν
2571 478 2758 533 αὐτόθι
2794 476 3018 548 ’Λμμὼν
3038 476 3326 550 λεγομένη,
3347 492 3415 528 πε
3424 474 3477 547 ρί
3508 470 3575 545 ἦς
3595 475 3669 527 τὰ

2096 570 2196 626 νῦν
2226 572 2261 626 6
2281 572 2565 643 προφήτης
2590 569 2786 641 φησιν’
2816 567 2959 622 ἀλλὰ
2978 566 3111 639 γάρ,
3147 566 3183 621 6
3219 566 3481 628 πολλάκις
3508 566 3667 634 ἔφην,

2096 662 2357 735 περιττήν
2388 658 2526 717 εἶναι
2553 662 2663 716 τῶν
2694 660 2955 715 τοιούτων
2985 658 3231 731 ἠγοῦμαι
3256 657 3673 737 {#6196010—

2096 754 2242 824 γίαν,
2264 754 2412 808 ὁπότ’
2444 754 2510 808 ἂν
2548 754 2715 825 μηδὲν
2742 754 2822 817 εἰς
2852 751 3158 822 φανέρωσιν
3176 753 3276 823 τῆς
3301 748 3673 823 προκειμένης

2099 845 2324 915 συντελῇ
2346 844 2602 909 διανοίας·
2623 844 2764 898 ὥστε
2787 845 2882 898 καὶ
2904 842 3160 908 ἐπίδειξίν
3186 860 3309 898 τινα
3337 843 3501 915 κενὴν
3525 838 3672 899 εἶναι

2097 937 2196 1009 τὴν
2239 938 2367 1009 περὶ
2406 937 2476 991 τά
2513 936 2740 991 τοιαῦτα
2786 935 3170 1008 ἀκριϐολογίαν
3190 974 3205 998 ,
3250 935 3339 989 ἵνα
3369 936 3434 1007 δὴ
3466 936 3675 993 δοκῶσι.

2099 1030 2225 1092 τοὺς
2250 1026 2603 1100 ἁδηλοτέρους
2623 1029 2742 1090 ταῖς
2766 1027 3081 1097 ὀνομασίαις
3100 1026 3420 1099 ἑρμηνεύειν
3444 1027 3669 1093 τόπους.

2101 1121 2516 1193 Ηυθωδέστερον
2534 1120 2591 1177 δὲ
2614 1119 2694 1174 ετι
2711 1119 2772 1172 τὸ
2794 1120 2924 1190 παρ’
2948 1119 3128 1174 αὐτῶν
3150 1118 3545 1190 λεγόμενον,ὂτι
3568 1119 3672 1190 τῆς

2115 1210 2515 1284 Ἀλεξανδρείας
2544 1210 2644 1281 τὴν
2681 1208 2957 1264 ἀπώλειαν
3001 1210 3030 1262 ὁ
3058 1210 3342 1280 προφήτης
3381 1208 3561 1277 λέγει’
3592 1208 3670 1272 ὡς

2098 1303 2166 1359 ἂν
2208 1303 2432 1369 δείξειεν
2478 1302 2562 1356 ὅτι
2604 1299 2772 1372 μηδὲν
2809 1299 3156 1371 θαυμαστὸν,
3189 1302 3237 1353 εί
3280 1300 3375 1352 καὶ
3407 1299 3537 1370 περὶ
3570 1301 3672 1370 τὴν

2098 1395 2299 1465 Νινευή
2344 1412 2396 1448 τι
2433 1393 2625 1463 γέγονε
2674 1392 2915 1446 τοιοῦτο·
2964 1392 3026 1445 οὐ
3076 1390 3186 1462 γὰρ
3226 1391 3571 1473 ψυχαγωγεῖν
3610 1393 3671 1445 ὲν

2098 1490 2212 1552 τοῖς
2239 1487 2418 1556 λόγοις
2443 1489 2473 1541 ό
2505 1486 2793 1557 προφήτης
2821 1484 3076 1556 πειρᾶται
3104 1484 3203 1555 τήν
3228 1485 3277 1537 Ν
3282 1484 3428 1555 ινευή
3451 1500 3467 1514 ο
3491 1483 3673 1554 ψυχαδ

2100 1577 2309 1648 γωγίας
2332 1578 2391 1633 δὲ
2417 1574 2486 1649 ἦν
2508 1579 2569 1632 τὸ
2597 1577 2802 1649 ἑτέρων
2832 1576 3117 1647 συμφορᾶς
3144 1575 3473 1647 μεμνῆσθαι,
3502 1574 3581 1639 ὡς
3603 1574 3673 1628 ἂν

2102 1675 2168 1727 ὲκ
2189 1670 2390 1742 ταύτης
2420 1671 2450 1722 6
2488 1669 2772 1732 πεπονθὼς
2803 1668 3190 1741 παρακαλοῐτο.
3227 1666 3511 1737 Εἰώθαμεν
3536 1665 3673 1735 γοῦν

2100 1763 2189 1817 ἀεὶ
2223 1763 2350 1827 τοὺς
2379 1760 2708 1825 πενθοῦντας
2738 1764 2806 1834 τῇ
2848 1763 3037 1833 μνήμῃ
3066 1760 3140 1831 (p.
3175 1759 3302 1828 567)
3333 1747 3672 1825 παρακαλεῖν

2101 1853 2208 1906 τῶν
2237 1851 2459 1923 ὁμοίων,
2496 1851 2573 1915 ὡς
2601 1850 2669 1905 ἂν
2706 1849 2779 1922 μὴ
2814 1849 2954 1919 ἄγαν
2987 1848 3262 1920 άθυμοῖεν,
3299 1847 3482 1901 καινόν
3514 1865 3568 1902 τι
3602 1847 3698 1899 τὰ·

2102 1945 2223 1999 κατ’
2266 1944 2465 2007 αὐτοὺς
2505 1942 2819 2012 νομίζοντες
2855 1936 3017 1995 εἶναι.
3065 1939 3387 1994 Τούναντίον
3429 1937 3530 2008 μὲν
3577 1932 3675 1991 οὖν

2101 2033 2190 2088 διὰ
2220 2033 2438 2088 πάντων
2465 2031 2622 2103 δῆλός
2664 2033 2811 2086 ἔστιν
2838 2033 2867 2085 6
2909 2030 3193 2101 προφήτης
3232 2032 3300 2100 τῇ
3338 2027 3533 2100 μηνύει
3561 2026 3676 2081 τῶν

2103 2124 2519 2194 προσεσομένων
2541 2124 2608 2192 τῇ
2643 2120 2842 2193 Νινευὴ
2869 2119 3076 2182 κακῶν,
3109 2118 3209 2190 τὴν
3237 2118 3473 2172 παλαιάν
3499 2116 3675 2189 αὐτῆς

2106 2222 2393 2276 συνάπτων
2430 2219 2769 2289 εὐπραγίαν,
2807 2218 2901 2288 ἀφ’
2945 2211 3014 2287 ἦς
3046 2218 3109 2288 δὴ
3155 2216 3388 2285 μάλιστα
3434 2213 3511 2297 τὸ,
3536 2228 3675 2281 συμ-

2105 2314 2288 2368 ϐαῖνον
2326 2313 2464 2383 αὐτῇ
2501 2311 2668 2365 κακὸν
2692 2308 3022 2377 αὐξάνεσθαι
3063 2307 3316 2378 ἤμελλεν.
3358 2304 3521 2358 Ἀλλὰ
3563 2303 3673 2374 γὰρ

2103 2405 2277 2462 ταῦτα
2316 2405 2413 2475 μὲν
2460 2404 2527 2456 ὲκ
2562 2401 2883 2474 περιουσίας
2933 2398 3172 2472 εἰρήσθω
3193 2414 3209 2430 ο
3240 2398 3269 2449 ὁ
3307 2396 3367 2449 δὲ
3400 2395 3530 2472 νοῦς⁴
3564 2393 3675 2446 τῶν

2106 2495 2286 2568 ῥητῶν
2313 2488 2468 2553 οὗτός
2499 2494 2675 2545 ἐστιν’
2710 2488 3067 2561 Εἰσελήλυθεν
3098 2488 3224 2558 ἄχρι
3251 2486 3352 2556 τῆς
3392 2484 3673 2552 Αἰγύπτου

2104 2590 2134 2640 ὁ
2167 2585 2472 2655 Ἀσσύριος,
2499 2582 2726 2635 πλεῖστα
2749 2581 2989 2644 καὶτοὺς
3013 2578 3200 2632 αὐτόθι
3223 2576 3476 2639 διατιθεὶς
3500 2574 3673 2635 κακά,

2104 2677 2248 2732 ὥστε
2288 2677 2382 2730 καὶ
2421 2676 2548 2739 τοὺς
2589 2672 2997 2741 ἐκπεφευγότας
3030 2671 3139 2725 τῶν
3188 2667 3536 2740 Ἰσραηλιτῶν
3581 2667 3676 2718 καὶ

2104 2766 2293 2822 αὐτόθι
2334 2764 2616 2834 διάγοντας
2650 2762 2930 2834 μεγίσταις
2965 2761 3279 2833 περιϐαλεῖν
3326 2757 3638 2829 συμφοραῖς
3657 2794 3676 2819 ,

2102 2858 2179 2921 ῶς
2214 2859 2243 2911 ό
2273 2856 2555 2928 προφήτης
2590 2853 2860 2907 δείκνυσιν
2916 2851 3107 2922 Ὦσηέο
3143 2870 3162 2903 ι
3213 2850 3312 2904 Διὰ
3355 2850 3511 2903 τοῦτο
3568 2848 3676 2902 ἰδοὺ

2105 2950 2465 3024 πορεύσονται
2493 2949 2559 3001 ὲκ
2587 2944 2961 3016 ταλαιπωρίας
2995 2942 3296 3011 Αἰγύπτου,
3329 2941 3425 2994 καί⁵
3457 2939 3678 3004 ἐκδέξε-

430 3028 638 3093 citavit,
688 3028 759 3083 ad
808 3027 962 3084 Iudae
997 3028 1199 3083 tribum
1243 3031 1409 3085 verba
1463 3035 1755 3098 convertit,
1802 3035 2003 3105 jubens

2106 3060 2195 3098 ται
2215 3043 2412 3104 αὐτοὺς
2441 3040 2683 3111 Μέμφις,
2706 3040 2802 3092 καὶ
2827 3036 2986 3104 θάψει
3012 3035 3212 3098 αὐτοὺς
3236 3032 3492 3103 Μαχμάς’
3536 3044 3558 3076 ι
3579 3027 3674 3099 δη-

430 3136 553 3176 eam
581 3120 780 3177 festum
809 3137 991 3192 agere,
1019 3128 1073 3177 et
1104 3136 1238 3192 pace
1267 3122 1323 3176 in
1355 3132 1632 3191 posterum
1666 3125 1795 3191 frui,
1832 3142 2008 3198 quan-

430 3212 723 3283 «loquidem
756 3213 1063 3284 aggressori
1092 3213 1216 3284 ejus
1268 3214 1541 3285 exstingui
1572 3217 1903 3288 contigerat;
1934 3220 2008 3273 ita

428 3310 487 3359 et
546 3318 697 3359 nunc
756 3305 825 3357 ad
891 3304 1213 3359 Ammonem
1258 3304 1481 3376 Egypti
1543 3307 1732 3361 urbem
1792 3307 2008 3379 loquela

429 3406 696 3450 conversa
732 3395 811 3449 ait
842 3408 859 3449 :
902 3393 1067 3450 Sume
1089 3388 1381 3464 citharam,
1404 3396 1686 3467 multoque
1717 3414 1840 3454 cum
1874 3414 2010 3471 gau-

430 3486 523 3541 dio
555 3501 685 3556 para
719 3493 773 3541 te
816 3488 883 3541 ad
928 3486 1237 3542 canendum
1288 3487 1488 3544 ﬁdibus
1533 3490 1745 3561 Assyrii
1778 3491 2007 3546 exitium

430 3583 691 3648 tuamque
736 3592 969 3648 pacem;
1023 3587 1080 3634 tu
1126 3594 1248 3650 quae
1289 3580 1449 3649 aquis
1506 3582 1753 3652 undique
1797 3584 2005 3648 cincta,

431 3670 567 3725 mari
597 3669 889 3740 fluviisque
918 3671 1143 3736 vallata,
1188 3670 1331 3727 nihil
1370 3670 1497 3726 inde
1530 3682 1778 3742 protecta
1822 3674 2009 3730 fueras

418 3764 498 3817 ab
522 3763 735 3835 Assyrii
783 3757 1137 3831 incursione;
1177 3780 1326 3845 nunc
1354 3767 1575 3822 demum
1605 3767 1864 3824 universa
1907 3769 2008 3824 tibi

430 3853 681 3910 maleficii
705 3856 774 3911 ab
799 3872 866 3913 eo
892 3856 1135 3928 patiendi
1164 3856 1398 3913 formido
1419 3858 1635 3914 sublata
1664 3868 1770 3916 est.
1799 3859 2004 3917 Deinde

429 3940 581 3997 addit
608 3959 624 3997 :

2102 3134 2192 3189 λον
2208 3132 2262 3186 δὲ
2276 3132 2417 3205 άπερ
2430 3132 2531 3186 ὐπὸ
2550 3128 2658 3183 τῶν
2683 3127 2977 3197 Ἀσσυρίων
3008 3123 3429 3195 εἰσεληλυθότων
3467 3122 3553 3182 εἰς
3580 3119 3679 3191 τὴν

2103 3225 2378 3292 Αἴγυπτον
2411 3221 2642 3289 πάσχειν
2676 3217 2910 3288 ἤμελλον
2939 3216 2990 3269 οἱ
3018 3217 3106 3269 ἐπ’
3139 3214 3308 3283 αὐτὴν
3334 3218 3680 3279 καταπεφευ-

2102 3314 2259 3385 γότες
2297 3310 2405 3363 τῶν
2450 3307 2819 3379 Ἰσραηλιτῶν.
2850 3307 3061 3377 Ὥσπερ
3088 3305 3271 3358 τοίνυν
3302 3305 3359 3356 ὲν
3396 3304 3508 3364 τοῖς
3539 3302 3679 3369 ἁνωο

2102 3406 2284 3476 τέροις
2302 3401 2372 3455 τὰ
2390 3398 2810 3469 καταληψόμενα
2829 3398 2955 3460 τούς
2984 3395 3299 3468 Ἀσσυρίους
3316 3394 3488 3461 λέγων
3504 3390 3676 3476 κακά,

2103 3469 2196 3551 ἐπὶ
2218 3496 2308 3548 τὸν
2345 3493 2544 3547 Ἰούδαν
2571 3489 2879 3560 ἀπέστρεψε
2902 3480 2993 3542 τὸν
3017 3487 3192 3556 λόγον,
3222 3482 3498 3557 ἑορτάζειν
3529 3469 3682 3552 αὐτῷ

2104 3585 2339 3642 κελεύων
2384 3583 2459 3646 ὡς
2502 3583 2561 3635 ἰν
2608 3582 2797 3653 εἰρήνῃ
2843 3577 3146 3633 καθεστῶτι
3191 3576 3395 3639 λοιπὸν,
3445 3573 3526 3645 τῷ
3586 3574 3678 3627 τὸν

2104 3674 2471 3747 ἐπεληλυθότα
2506 3673 2643 3741 αὐτῇ
2687 3670 2946 3741 πολέμιον
2983 3669 3320 3741 ἀνῃρῆσθαιο
3356 3666 3499 3720 οὕτω
3545 3666 3679 3718 κάν-

2104 3766 2278 3821 ταῦθα
2314 3765 2407 3818 ἐπὶ
2451 3762 2550 3834 τήν
2600 3760 2825 3832 ’Δμμὼν
2864 3758 3018 3814 πόλιν
3056 3755 3223 3813 οὖσαν
3260 3757 3361 3828 τῆς
3395 3756 3677 3825 Αἰγύπτου

2106 3859 2297 3933 τρέπει
2324 3856 2417 3909 τὸν
2441 3854 2620 3922 λόγον,
2665 3852 2759 3908 καί
2792 3868 2981 3923 φησιν’
3026 3841 3285 3906 Ἂνάλαϐε
3318 3850 3556 3920 κιθάραν
3586 3842 3680 3903 καῖ

2111 3950 2252 4023 μετὰ
2284 3947 2483 4017 πολλῆς
2514 3946 2612 4016 τῆς
2653 3944 2848 4015 ἡδονῆς
2884 3942 3304 4013 παρασκεύασαι
3338 3942 3428 3995 διὰ
3470 3940 3679 4011 ταύτης

427 4036 525 4091 τοῦ
556 4037 655 4108 μὲν
686 4037 831 4109 ᾄδειν
857 4039 954 4110 τὴν
975 4032 1270 4103 ἀπώλειαν,
1308 4042 1403 4095 σοῦ
1429 4043 1485 4096 δὲ
1506 4044 1605 4113 τὴν
1640 4046 1885 4118 εἰρήνην⁸
1925 4048 1958 4119 ἢ
1989 4045 2324 4116 πανταχόθεν
2348 4043 2499 4096 ὕδατι
2529 4039 2963 4111 περιϐεϐλημένη
2990 4026 3227 4107 θαλάττῃ
3252 4053 3311 4120 τε
3337 4035 3676 4107 ὠχυρωμένη

429 4132 526 4186 καὶ
554 4133 838 4202 ποταμοῖς,
867 4134 1057 4205 ὕνησαι
1083 4137 1148 4188 ὲκ
1170 4135 1376 4191 τούτων
1399 4138 1568 4201 οὐδὲν,
1595 4139 1671 4209 (p.
1695 4142 1821 4212 548)
1856 4143 2244 4209 ἐπεληλυθότος
2265 4139 2360 4193 τοῦ
2400 4136 2705 4207 Ἀσσυρίουο
2737 4133 2833 4189 νῦν
2863 4133 3044 4205 μέντοι
3067 4149 3133 4203 γε
3160 4132 3309 4186 πᾶσα
3334 4132 3432 4201 τῆς
3466 4128 3681 4182 ἐκείνου

429 4225 628 4289 κακίας
653 4225 867 4279 λέλυται
903 4242 984 4279 σοι
1024 4228 1058 4298 ή
1096 4228 1343 4281 ὑπόνοια.
1378 4224 1512 4282 Εἶτα
1540 4232 1757 4301 ἐπάγει·

501 4317 667 4388 228
690 4315 857 4372 Vens.
887 4316 1038 4373 9-12.
1064 4347 1135 4359 —
1163 4337 1183 4370 ι
1219 4318 1504 4391 Αὲιίιίορὶο
1531 4330 1695 4393 atque
1732 4323 2003 4397 Egyptus

2179 4320 2329 4391 Στίχ,
2358 4317 2524 4387 θ’·τβν.
2560 4343 2629 4355 ——
2657 4330 2679 4365 ι
2714 4309 2967 4366 Αἰθιοπία
3072 4309 3224 4380 ἰσχὺς
3253 4308 3425 4380 αὐτῆς
3455 4312 3552 4364 καὶ
3582 4312 3677 4397 Λῖέ

431 4409 694 4465 fortitudo
732 4409 872 4481 ejus.
920 4409 1039 4465 Non
1080 4419 1168 4467 est
1209 4414 1481 4469 terminus
1524 4415 1664 4486 fugae
1710 4427 1834 4472 tuae.
1865 4417 2009 4472 Phut

428 4510 485 4557 et
513 4500 707 4572 Libyes
722 4502 1014 4559 auxiliares
1056 4502 1177 4573 ejus
1221 4512 1373 4560 sunt.
1413 4505 1533 4576 Ipsa
1575 4507 1630 4561 in
1674 4508 2012 4579 deportatio-

430 4608 554 4647 nem
602 4594 704 4647 ibit
743 4593 983 4663 captiva.
1018 4592 1284 4649 Parvulos
1316 4596 1492 4665 ipsius
1531 4597 1650 4652 solo
1684 4598 1909 4653 allident
1953 4600 2010 4654 in

429 4682 643 4734 viarum
673 4680 795 4750 ejus
826 4681 1119 4751 capitibus.
1155 4700 1176 4735 ι
1197 4681 1335 4738 Nam
1361 4692 1418 4739 et
1449 4684 1526 4751 hi,
1562 4686 1759 4757 inquit,
1792 4686 2009 4745 Ethio-

432 4786 528 4840 pes
560 4778 612 4826 et
652 4769 847 4836 Libes,
895 4777 1188 4844 ceterique
1228 4790 1460 4845 quorum
1508 4780 1841 4835 mentionem
1879 4780 2010 4846 feci,

432 4860 641 4916 fuedera
669 4868 851 4917 tecum
902 4864 1158 4932 inierant,
1188 4881 1363 4937 seque
1395 4867 1493 4922 tibi
1538 4869 1596 4923 in
1636 4870 1787 4925 omni
1816 4870 2010 4926 bellica

432 4953 763 5008 necessitate
802 4953 1090 5012 adfuturos
1115 4970 1457 5029 receperant.
1490 4957 1879 5016 Verumtamen
1921 4963 2011 5017 ni-

434 5041 511 5095 hil
539 5044 661 5112 opis
690 5044 820 5099 hinc
864 5048 1137 5115 retulisti;
1166 5049 1625 5122 dumquefugam
1676 5060 2008 5119 maturares,

437 5140 597 5202 capta
628 5149 689 5189 es
717 5134 958 5190 hostium
985 5142 1238 5198 manibus
1259 5152 1314 5198 et
1339 5143 1615 5213 abducta;
1644 5145 1738 5216 qui
1765 5161 1899 5202 sane
1937 5162 2007 5202 ne

436 5222 785 5291 parvulorum
806 5225 1030 5295 quidem
1061 5236 1279 5286 tuorum
1306 5233 1539 5299 miserti,
1569 5235 1852 5292 exanimes
1874 5237 2010 5307 abji-

436 5311 585 5365 cient
632 5313 836 5381 passim
884 5316 941 5371 in
989 5321 1266 5392 compitis,
1316 5325 1471 5380 vario
1519 5325 1751 5382 caedium
1808 5343 2007 5399 genere

433 5409 711 5457 caecatos.
762 5403 989 5461 Constat
1028 5419 1209 5467 autem
1271 5415 1357 5470 hic
1398 5414 1689 5490 Ethiopas
1733 5418 1843 5474 dici
1893 5435 2005 5476 non

434 5491 559 5546 illos
590 5490 748 5563 longe
777 5493 1025 5566 dissitas,
1048 5500 1143 5558 sed
1176 5505 1266 5576 qui
1297 5504 1567 5579 Egyptiis
1596 5516 1724 5566 sunt
1760 5508 1999 5567 ﬁnitimi.

434 5678 441 5683 -
546 5650 738 5710 "Ose.
775 5670 851 5721 Ix,
880 5654 933 5709 ϐ.

2102 4425 2329 4480 γυπτος,
2359 4405 2455 4459 καὶ
2485 4401 2666 4457 οὐκέτι
2698 4401 2874 4471 πέρας
2900 4399 3000 4470 τῆς
3029 4400 3209 4487 φυγῆς
3249 4415 3343 4452 σου
3367 4415 3382 4430 ⁶
3414 4400 3557 4454 Φοὺτ
3584 4392 3675 4454 κσοἱ

2103 4504 2301 4565 Λίϐυες
2315 4498 2565 4569 ἐγένοντο
2578 4493 2760 4566 βοηθοί
2769 4492 2964 4561 αὐτῆς⁶’
2975 4494 3068 4547 καὶ
3082 4491 3222 4559 αὐτή
3237 4493 3317 4554 εἰς
3331 4493 3675 4563 μετοικεσίαν

2104 4595 2426 4668 πορεύσεται
2450 4589 2812 4664 αἰχμάλωτος,
2836 4586 3019 4640 καὶτὰ
3043 4587 3210 4657 νήπια
3230 4586 3402 4656 αὐτῆς
3428 4576 3677 4655 scaena-3.

2106 4706 2191 4742 σιν
2222 4687 2308 4741 ἐπ’
2333 4686 2528 4755 ἀρχαῖς
2555 4680 2661 4736 τῶν
2686 4678 2820 4735 όδῶν
2840 4668 3032 4748 αὐτῆς.
3066 4695 3087 4729 ι
3118 4677 3228 4731 Καὶ
3252 4677 3360 4750 γὰρ
3387 4678 3483 4732 καὶ
3504 4671 3671 4743 οὗτοι,

2107 4780 2290 4851 φησὶν,
2346 4775 2598 4839 Αἰθίοπές
2644 4790 2707 4827 τε
2747 4768 2843 4826 καί
2897 4770 3094 4834 Λίϐυες
3126 4770 3221 4824 καὶ
3265 4772 3466 4834 πάντες
3508 4771 3572 4843 δὴ
3598 4765 3673 4826 ὧν

2106 4870 2407 4939 πεποίημαι
2452 4866 2693 4938 μνήμην,
2742 4862 3059 4933 συμμαχίαν
3101 4861 3285 4916 ἔθεντο
3320 4862 3456 4934 πρὸς
3515 4863 3577 4917 σὲ
3615 4865 3671 4917 ἐν

2106 4962 2346 5023 ἁπάσαις
2384 4958 2594 5029 βοηθεῖν
2623 4954 3079 5024 ἐπαγγελλόμενοί
3109 4971 3191 5007 σοι
3219 4957 3338 5018 ταῖς
3364 4954 3633 5024 ἀνάγκαις
3653 4969 3667 4984 ο

2104 5052 2383 5124 ὼφέλησαι
2409 5049 2466 5103 δὲ
2498 5048 2618 5101 οὐδὲ
2658 5046 2765 5102 ἀπὸ
2793 5045 2995 5099 τούτων
3021 5042 3193 5110 οὐδὲν,
3238 5046 3370 5119 περὶ
3396 5049 3576 5118 φυγήν
3610 5064 3670 5101 τε

2104 5142 2473 5214 ἀσχολουμένη
2523 5140 2615 5193 καὶ
2668 5137 3007 5208 αἰχμάλωτος
3062 5139 3181 5201 ταῖς
3235 5138 3343 5191 τῶν
3398 5139 3669 5208 πολεμίων

2100 5233 2423 5305 ἀπαγομένη
2464 5231 2671 5303 χερσὶν,
2702 5230 2751 5283 οἳ
2793 5228 2915 5282 οὐδὲ
2962 5228 3074 5282 τῶν
3118 5230 3329 5300 νηπίων
3363 5229 3476 5284 τῶν
3520 5230 3668 5299 παρὰ

2101 5326 2186 5380 σοὶ
2212 5323 2378 5395 φειδὼ
2418 5321 2772 5393 ποιησάμενοι
2805 5318 3096 5392 ἐρρίφασιν
3140 5320 3283 5374 αὐτὰ
3315 5321 3485 5390 νεκρά
3528 5321 3666 5375 κατὰ

2099 5418 2280 5471 πᾶσαν
2324 5414 2444 5469 ὁδὸν
2481 5410 2839 5483 πολυτρόποις
2879 5410 3241 5477 ὑποϐαλόντες
3279 5416 3528 5483 σφαγαῖς.
3562 5412 3696 5467 Εὕα-⁵

2096 5507 2257 5574 δηλον
2285 5508 2343 5562 δὲ
2370 5507 2452 5562 ὅτι
2476 5504 2737 5569 Αἰθίοπας
2758 5504 2819 5558 οὐ
2848 5504 2974 5568 τοὺς
3000 5504 3189 5577 πόρῤῳ
3218 5522 3322 5561 που
3350 5502 3637 5578 ἀπῳκισμό
3661 5535 3667 5543 ~
