3830 6216
178 272 292 330 ιιι-ι

1176 268 1727 329 COMMENTARIUS
1754 266 1826 323 IN
1868 266 2140 326 NABUMI
2165 268 2323 327 CAP.
2356 265 2445 326 ΙΙΙ.

3331 263 3447 325 διε

187 405 316 455 νους
338 387 525 460 φησὶν,
550 385 689 444 ἀλλά
710 389 834 453 τοὺς
851 389 1009 454 ὅσους
1025 388 1258 462 ὁμόρους
1285 387 1424 445 εἶναι
1452 391 1767 445 συνέὸαινεν

1878 407 1894 440 ι
1928 389 2107 460 Super
2128 390 2391 461 praeclara
2420 384 2651 460 quaeque
2668 385 2803 458 eius
2829 386 3048 443 mittent
3082 390 3281 451 sortes,
3302 399 3442 441 eun-

187 482 533 551 Αίγυπτίοις.
572 499 593 534 ι
631 483 742 535 Kal
776 482 869 536 ἐπὶ⁸
911 483 1089 537 πάντα
1129 481 1197 537 τά
1233 481 1419 548 ἔνδοξα
1470 483 1640 553 αὐτῆς
1670 481 1768 552 βα-

189 572 377 627 λοῦσιν
431 574 687 646 κλήρους,
739 574 835 627 καὶ
879 574 1082 638 πάντες
1126 574 1176 629 οί
1223 577 1549 647 μεγιστᾶνες
1597 575 1769 645 αύτῆς

188 664 511 737 δεθήσονται
539 665 902 736 χειροπέδαις.
936 685 955 719 ι
988 667 1237 721 Ἀπαντα
1265 668 1363 739 μὲν
1389 669 1498 740 γάρ
1521 668 1589 723 τά
1618 668 1770 740 παρά

192 757 281 810 σοι
301 757 463 828 τίμια
487 756 779 827 ἀφελόντες
804 760 854 811 οἱ
876 758 1125 829 πολέμιοι
1153 760 1490 832 διενείμαντο
1521 761 1766 833 κλήροις·

190 847 288 899 καὶ⁵
317 848 446 910 τοὺς
477 847 621 918 μέγα
655 848 714 901 δὲ
742 848 850 901 τῶν
878 849 937 903 ἐν
966 850 1051 903 σοὶ
1087 849 1346 904 δύνασθαι
1379 850 1770 922 νομιζομένους

188 938 539 1006 χειροπέδαις
560 938 889 1009 ἐμϐαλόντες
911 942 1005 995 ἐπὶ
1034 942 1136 1014 τὴν
1163 943 1539 1013 αἰχμαλωσίαν
1565 940 1767 999 εἷλκον.

192 1029 273 1099 (p.
304 1028 453 1099 549.)
489 1047 508 1080 ‹
544 1030 655 1083 Καὶ
694 1030 761 1083 σὺ
808 1030 1142 1105 μεθυσθήσῃ.
1176 1053 1196 1085 ›
1238 1034 1457 1106 Ἐπειδὴ
1501 1036 1594 1090 τὸν
1628 1031 1769 1092 οἶνον

189 1120 288 1172 ἐπὶ
323 1121 595 1192 τιμωρίας
637 1120 934 1192 λαμόάνειν
976 1123 1158 1189 είωθε,
1205 1124 1535 1197 βαρυτάτην,
1583 1128 1768 1199 φησὶν,

191 1210 489 1281 ὑπομένεις
509 1212 608 1283 τὴν
635 1214 905 1284 τιμωρίαν
922 1230 939 1248 ο
978 1215 1116 1271 ὥστε
1142 1217 1298 1289 δίκην
1329 1218 1617 1289 μεθύοντος
1644 1219 1771 1291 τῇδε

190 1302 418 1355 κάκεῖσε
444 1305 886 1376 περιαντλεῖσθαι
909 1310 1022 1373 τοῖς
1049 1312 1259 1375 κακοῖς.
1299 1330 1319 1364 ι
1357 1310 1465 1365 Kal
1492 1312 1589 1384 ἔσῃ
1630 1329 1773 1384 παρα

192 1393 506 1465 εωραμένη.
550 1414 570 1446 ι
602 1396 773 1465 Λόγος
826 1397 884 1450 δέ
930 1399 1105 1453 οὐδενὶ
1153 1402 1585 1472 γενήσεται,τῶν
1629 1403 1774 1457 κατὰ

192 1482 279 1536 σέ.
310 1502 331 1535 ι
368 1486 482 1538 Kal
520 1487 586 1541 σὺ
638 1487 896 1559 ζητήσεις
952 1494 1151 1563 σεαυτῇ
1215 1494 1403 1548 στάσιν
1455 1494 1514 1561 ἐξ
1564 1495 1773 1567 ἐχθρῶν

194 1591 312 1628 σου.
350 1593 371 1627 ι
418 1576 806 1651 Ἐπιθυμήσεις
847 1581 904 1635 δέ
926 1599 1047 1636 τινα
1088 1583 1271 1637 ἄνεσιν
1311 1585 1420 1639 τῶν
1455 1587 1642 1640 κακῶν
1673 1588 1773 1643 λα-

195 1665 332 1729 ϐεῖν,
366 1667 540 1720 ὁπόσα
586 1669 649 1741 δή
699 1687 783 1723 σοι
827 1672 978 1743 παρά
1021 1673 1131 1726 τῶν
1182 1675 1456 1746 πολεμίων
1490 1677 1631 1732 κατὰ
1679 1678 1772 1733 τὸν

194 1758 387 1828 καιρὸν
414 1760 621 1814 ἐκεῖνον
636 1729 941 1830 ’ἐπάγεσθαι
968 1764 1169 1834 μέλλει.
1207 1784 1227 1818 ι
1264 1729 1449 1824 Πάντα
1800 1729 1845 1787 Β

198 1848 350 1916 ματά
375 1866 466 1902 σου
496 1850 572 1914 ὡς
602 1851 687 1905 σύ.
725 1872 744 1905 i
775 1854 1221 1927 Καταλυθήσεται
1240 1857 1349 1929 γὰρ
1372 1861 1768 1933 παραπλησίως

196 1954 283 1990 σοι
313 1938 493 1993 πάντα
524 1943 694 1996 ὁπόσα
731 1944 794 2015 δὴ
830 1946 965 2016 πρὸς
993 1948 1292 2017 ἀσφάλειαν
1329 1951 1531 2005 οἰκείαν
1573 1954 1769 2025 πρότε-

196 2043 292 2100 ρον
318 2026 482 2101 εἶχες.
516 2053 535 2084 ι
566 2034 676 2086 Καὶ
709 2038 945 2102 σκοποὺς
980 2038 1164 2110 ἔχουσι
1195 2042 1289 2097 ἐὰν
1314 2044 1636 2110 σαλευθῶσι,
1673 2050 1771 2104 καὶ

197 2121 493 2176 πεσοῦνται
539 2128 621 2188 είς
674 2126 849 2197 στόμα
895 2129 1186 2196 ἐσθίοντος.
1226 2152 1246 2184 ›
1278 2134 1525 2209 Πειράσῃ
1570 2139 1633 2210 δὴ
1681 2140 1770 2195 διά

1865 481 2050 551 ctique
2082 482 2373 552 optimates
2399 482 2521 552 ejus
2554 480 2788 537 manicis
2818 479 3151 535 vincientur.
3185 496 3207 532 ι
3244 476 3450 532 Omnia.

1867 572 1962 627 tibi
1989 573 2227 642 pretiosa
2247 572 2545 642 eripientes
2568 572 2777 637 hostes.
2799 579 2951 628 sorte
2969 573 3117 628 inter
3146 586 3208 629 se
3232 571 3441 627 divise-

1868 670 2019 726 runt,
2056 670 2399 735 cunctosque
2437 663 2531 735 qui
2566 664 2712 734 apud
2750 673 2803 720 te
2839 672 3125 734 potentatu
3162 664 3446 733 pollebant

1868 757 2101 813 manicis
2130 756 2350 826 injectis
2390 758 2444 812 in
2468 757 2842 828 captivitatem
2878 757 3279 813 abduxerunt”
3300 754 3365 809 Et
3382 764 3440 810 tu

1869 849 2250 906 inebriaberis.
2264 849 2427 916 iQuia
2448 850 2576 903 vino
2593 847 2905 918 signiﬁcare
2925 848 3268 918 punitionem
3299 846 3449 901 Seria

1871 949 2029 1012 plura
2051 940 2210 1006 solet,
2229 940 2608 1012 gravissimam
2628 940 2706 993 illi
2725 938 3080 993 aitinllictum
3100 937 3171 992 iri
3197 952 3443 1009 pasam,

1870 1042 1931 1088 ut
1952 1034 2090 1089 ebrii
2133 1035 2309 1088 instar
2343 1032 2471 1088 hinc
2519 1033 2648 1087 inde
2688 1034 2959 1089 obruatur
2993 1033 3440 1089 adversitatibus.

1875 1143 1895 1177 ι
1929 1124 1992 1178 Et
2015 1125 2360 1195 despicieris.
2396 1145 2414 1177 ι
2445 1123 2603 1178 Nulla
2628 1127 2708 1179 tui
2738 1126 2881 1179 ratio
2904 1124 3220 1179 habebitur.
3242 1143 3262 1177 ι
3292 1123 3357 1178 Et
3381 1132 3444 1177 tu

1869 1229 2083 1285 quaeres
2107 1216 2203 1271 tibi
2230 1216 2475 1285 requiem
2503 1216 2574 1271 ab
2598 1215 2833 1271 inimicis
2854 1217 2983 1270 tuis.
3001 1214 3266 1285 rOptabis
3296 1214 3445 1269 Ievau

1870 1308 2016 1362 mine
2036 1307 2219 1378 aliquo
2240 1307 2509 1361 malorum
2534 1308 2720 1378 potiri.
2750 1323 2871 1378 qua:
2888 1307 2991 1361 tibi
3013 1322 3080 1362 eo
3109 1314 3352 1376 tempore
3374 1306 3445 1360 ab

1871 1396 2122 1452 hostibus
2152 1398 2262 1451 tuis
2287 1396 2559 1451 accident.
2589 1414 2607 1447 ι
2646 1395 2847 1451 Omnes
2872 1397 3205 1450 munitiones
3235 1405 3341 1449 tua:
3363 1393 3448 1449 sia

1875 1499 1971 1542 cut
2005 1497 2086 1543 tu.
2129 1508 2148 1540 ι
2185 1487 2363 1558 Eque
2411 1502 2476 1542 ac
2526 1496 2582 1542 tu
2622 1494 2884 1542 corrueut
2927 1487 3112 1541 omnia
3157 1501 3280 1556 qua:
3310 1485 3445 1541 olim

1872 1585 2058 1639 tutelae
2091 1592 2197 1637 tua:
2237 1581 2415 1652 gratia
2448 1581 2694 1636 tenebas.
2742 1598 2759 1631 ι
2794 1579 3022 1634 Etiamsi
3068 1579 3444 1649 speculatores

1870 1675 2094 1741 habent,
2124 1673 2485 1728 nihilominus
2502 1679 2774 1741 quassat-ue
2787 1678 3048 1726 corruerit
3072 1671 3128 1725 in
3156 1685 3220 1725 os
3239 1684 3445 1724 voran-

1874 1769 1965 1823 tis.
2007 1787 2026 1821 ›
2065 1767 2368 1822 Conaberis
2389 1766 2607 1836 quidem
2628 1765 2816 1819 multis
2844 1762 3285 1833 exploratoribus
3304 1776 3449 1817 ven-

1872 1869 1997 1917 tura
2031 1875 2390 1932 praenoscere,
2423 1860 2610 1914 statim
2656 1873 2720 1913 ac
2750 1858 3202 1928 pr0pinquantem
3234 1855 3446 1910 hostem

1874 1955 2150 2020 audieris,
2187 1953 2281 2009 sed
2310 1960 2493 2006 tamen
2540 1951 2828 2006 custodum
2862 1949 3048 2003 nullus
3083 1946 3299 2001 fruetus
3319 1948 3447 2007 erit.

1875 2061 2113 2116 namque
2137 2046 2205 2099 ab
2227 2044 2512 2115 imperatis
2543 2042 2878 2099 stationibus
2906 2039 3103 2111 deiecti
3128 2039 3184 2093 in
3206 2038 3449 2094 hostium

1874 2146 2195 2211 potestatem
2223 2135 2484 2191 incident.

195 2211 412 2267 πολλῶν
442 2215 777 2271 ἀποσκοπεῖν
802 2219 869 2272 τά
910 2222 1166 2291 ἐσόμενα,
1217 2227 1386 2281 ἐπειὸ
1454 2229 1521 2283 ἂν
1558 2233 1662 2302 τῆς
1703 2232 2007 2307 παρουσίας
2052 2230 2161 2285 τῶν
2210 2227 2485 2299 πολεμίων
2533 2225 2661 2297 δέξῃ
2715 2226 2814 2296 τὴν
2867 2224 3072 2295 ἀκοήνσ
3123 2225 3176 2277 oi
3217 2221 3277 2276 δὲ
3321 2222 3454 2292 ὀνή-

195 2310 353 2363 σουσί
388 2326 447 2364 σε
480 2311 633 2367 οὐδέν
655 2330 670 2346 ο
701 2315 1066 2387 ἐκτραπέντες
1095 2320 1204 2392 γὰρ
1235 2322 1342 2377 τῶν
1368 2325 1769 2398 ἐντεταλμένων
1797 2328 2087 2382 πεσοῦνται
2113 2323 2217 2379 ὑπὸ
2239 2326 2353 2389 τοῖς
2379 2320 2678 2393 πολεμίοις-

270 2487 424 2559 Στίχ.
458 2498 655 2560 ιγ’-ις’.
698 2510 717 2546 ι
766 2494 895 2548 Ἰδοὺ
928 2494 1056 2560 λαός
1079 2513 1175 2550 σου
1202 2497 1278 2561 ὡς
1303 2501 1561 2568 γυναῖκες
1584 2501 1643 2555 ἐν
1674 2501 1778 2555 σοί·

194 2580 313 2640 τοῖς
364 2580 579 2653 ἐχθροῖς
629 2601 723 2638 σου
760 2585 1107 2658 ἀνοιγόμεναι
1157 2590 1567 2661 ἀνοιχθήσονται
1618 2591 1783 2646 πύλαι

197 2669 299 2741 τῆς
321 2673 427 2743 γῆς
448 2688 564 2739 σου,
583 2676 677 2729 καὶ
692 2678 1064 2747 καταφάγεται
1091 2680 1203 2751 πῦρ
1223 2682 1347 2743 τοὺς
1370 2681 1599 2751 μοχλούς
1624 2698 1737 2736 σου.
1759 2699 1780 2733 r

198 2764 411 2827 Πάντες
449 2783 564 2830 σου,
608 2770 791 2839 φησὶν.
844 2771 894 2823 oi
928 2772 1070 2825 κατά
1104 2772 1200 2842 τὴν
1230 2773 1383 2828 πόλιν
1432 2775 1662 2845 ὑπήκοοι
1690 2791 1787 2843 γυ-

199 2856 404 2909 ναικῶν
450 2857 604 2928 δίκην
661 2861 720 2912 ἐν
765 2861 1046 2930 ὀλολυγαῖς
1104 2864 1421 2933 γενήσονται
1478 2866 1572 2919 καὶ
1636 2866 1778 2919 δέει⁶

198 2947 371 2999 ἐπειδ⁹
416 2947 482 3000 ἂν
514 2948 612 3012 τάς
652 2948 752 3019 μὲν
792 2950 967 3015 πύλας
999 2952 1104 3007 ὑπὸ
1135 2952 1245 3006 τῶν
1279 2954 1552 3024 πολεμίων
1600 2954 1781 3009 ἴδωσιν

199 3037 545 3104 ἀνοιγείσας·
593 3040 1007 3111 κεκρατημένην
1047 3041 1104 3094 δὲ
1151 3042 1244 3095 ὑπ’
1277 3043 1454 3095 αὐτῶν
1497 3042 1595 3114 τὴν
1628 3043 1782 3096 πόλιν

199 3126 388 3195 πάσης
417 3128 516 3197 τῆς
544 3129 805 3198 πρότερον
830 3132 966 3200 αύτῇ
993 3130 1256 3202 δοκούσης
1288 3132 1584 3200 ἀσφαλείας
1611 3150 1782 3204 προσ-

200 3218 343 3269 εῖναι
386 3216 463 3280 ὡς
513 3217 619 3270 ὑπὸ
667 3218 839 3288 πυρὸς
886 3218 1078 3289 ἁθρόον
1114 3220 1504 3291 ἀναλωθείσης.
1540 3222 1618 3291 (ρ.
1652 3222 1779 3291 550)

208 3326 230 3360 ι
272 3308 457 3377 ’Υδωρ
486 3310 746 3380 περιοχῆς
774 3311 1075 3366 ἐπίσπασαι
1116 3316 1338 3385 σεαυτῇ.
1378 3314 1474 3367 καὶ
1501 3315 1780 3386 κατακρά-

201 3416 369 3469 τησον
397 3400 505 3454 τῶν
531 3401 897 3473 ὀχυρωμάτων
934 3418 1047 3457 σου.
1084 3422 1102 3454 ι
1131 3404 1351 3467 Πολλοῖς
1375 3404 1494 3464 ἔθος
1518 3406 1635 3457 ἐστὶ
1677 3406 1781 3477 πρὸ

203 3494 315 3547 τῶν
348 3493 543 3562 τειχῶν
568 3494 803 3563 τάφρους
831 3494 1156 3565 ἐργάζεσθαι
1193 3494 1475 3566 μεγίστας,
1507 3496 1599 3550 καὶ
1645 3497 1783 3568 πλη-

206 3580 338 3650 ροῦν
371 3581 572 3644 ταύτας
599 3580 809 3646 ὓδατος,
836 3582 911 3646 ὡς
941 3584 1014 3656 μὴ
1046 3584 1231 3655 ῥᾳδίαν
1263 3586 1355 3639 ἐπὶ
1380 3585 1449 3641 τά
1492 3586 1646 3658 τείχη
1672 3588 1783 3652 τοῖς

204 3669 488 3740 πολεμίοις
528 3666 666 3723 εἶναι
703 3671 801 3742 τὴν
833 3671 1100 3726 διάϐασιν.
1134 3674 1304 3727 Τοῦτο
1337 3670 1430 3728 οὖν
1464 3674 1613 3743 λέγει
1654 3674 1784 3728 κάν-

204 3758 413 3813 ταῦθα’
449 3761 553 3821 ὅτι,
583 3761 905 3829 Ἐφέλκυσαι
932 3763 1033 3834 τὴν
1070 3766 1134 3817 ἐκ
1163 3764 1255 3817 τοῦ
1287 3765 1477 3829 ὕδατος
1508 3765 1783 3836 βοήθειαν,

206 3853 304 3906 καὶ
330 3850 593 3924 περίϐαλε
616 3854 790 3925 τούτῳ
811 3854 873 3908 τὸ
894 3858 1071 3927 τεῖχος
1098 3856 1160 3909 τὸ
1189 3859 1408 3921 οἰκεῖον,
1443 3858 1538 3911 καὶ
1566 3856 1783 3913 πάντων

203 3944 317 3998 τῶν
366 3945 451 4008 είς
497 3945 801 4015 ἀσφάλειάν
849 3964 932 4001 σοι
976 3948 1410 4001 κατεσκευάσθαι
1461 3949 1783 4016 δοκούντων,

206 4034 412 4107 πολλὴν
437 4036 661 4108 ποίησαι
694 4037 793 4106 τὴν
831 4037 1167 4107 ἐπιμέλειαν,
1195 4038 1249 4091 εί
1278 4038 1381 4091 πού
1410 4055 1463 4091 τι
1489 4039 1554 4093 ἐκ
1582 4039 1785 4096 τούτων

207 4125 403 4193 ὄφελος
451 4126 648 4193 δέξαιο.
692 4127 854 4195 Λέγει
899 4127 955 4180 δὲ
994 4127 1131 4181 αὑτά
1162 4128 1460 4199 εἰρωνικῶς
1491 4129 1784 4203 διασύρων,

206 4216 286 4279 ὡς
334 4215 512 4268 οὐδενὶ
551 4215 859 4287 βοηθεῖσθαι
908 4220 1030 4270 κατ’
1060 4219 1264 4271 ἐκεῖνον
1291 4220 1380 4272 τὸν
1427 4221 1617 4292 καιρὸν
1660 4224 1787 4276 οἵων

1948 2502 2113 2559 Vens.
2155 2503 2357 2557 13—16.
2394 2529 2465 2541 -—
2509 2498 2685 2554 «Ecce
2716 2499 2955 2569 pepulus
3012 2504 3142 2552 tuus
3183 2502 3450 2565 tanquam

1878 2593 2095 2651 femina:
2112 2594 2255 2665 apud
2281 2602 2353 2647 te.
2390 2590 2649 2646 llostibus
2680 2591 2788 2644 tuis
2822 2590 3076 2659 pateﬁent
3101 2586 3453 2657 portam

1880 2684 2120 2754 regionis
2153 2691 2287 2747 tuae;
2342 2681 2486 2751 ignis
2539 2680 2739 2733 aduret
2785 2688 2967 2735 vectes
3001 2686 3150 2733 tuos.
3178 2695 3197 2729 ι
3246 2676 3452 2731 Omnes

1879 2776 1974 2847 qui
1999 2775 2148 2830 dicto
2186 2781 2281 2828 tuo
2327 2770 2781 2840 obtemperabant
2816 2784 2912 2839 per
2942 2769 3133 2823 urbem
3169 2769 3341 2830 cives,
3375 2765 3454 2821 l‘e-

1880 2868 2155 2921 minarum
2203 2866 2312 2920 ritu
2360 2864 2662 2918 ululatibus
2688 2862 3050 2933 indulgebunt
3076 2869 3240 2930 atque
3262 2860 3454 2914 formi-

1880 2956 2019 3020 dini,
2068 2956 2252 3011 statim
2298 2970 2361 3009 ac
2404 2964 2591 3023 portas
2624 2952 2875 3007 hostibus
2917 2959 3166 3022 patentes
3191 2950 3453 3018 viderint,

1881 3054 2209 3117 captamque
2243 3045 2425 3100 abhis
2459 3044 2671 3105 urbem,
2720 3044 2878 3111 cujus
2916 3050 3073 3098 vetus
3120 3042 3300 3098 omnis
3335 3058 3456 3094 mu-

1884 3136 2021 3189 nitio
2048 3143 2307 3205 tanquam
2355 3135 2480 3205 igne
2526 3133 2711 3188 subito
2739 3142 3048 3188 evanescet.
3081 3150 3101 3183 ι
3122 3133 3328 3202 Aquam
3357 3132 3457 3186 ob-

1883 3227 2116 3282 sidiouis
2160 3225 2377 3280 attrahe
2426 3226 2545 3289 tibi,
2596 3225 2780 3278 obtine
2832 3225 3241 3294 propugnacula
3292 3232 3449 3277 tua.»

1886 3318 2178 3373 Multorum
2222 3333 2343 3372 mos
2371 3325 2456 3372 est
2504 3333 2613 3387 prae
2645 3316 2917 3371 menibus
2952 3316 3137 3371 foveas
3187 3317 3456 3371 maximas

1880 3410 2117 3465 eﬂ'odere
2164 3423 2369 3478 easque
2409 3407 2567 3477 aquis
2611 3406 2904 3476 complere.
2952 3422 3020 3461 ne
3055 3407 3127 3461 sit
3168 3408 3455 3476 expeditus

1883 3500 2132 3555 hostibus
2161 3500 2228 3554 ad
2263 3499 2465 3553 mmnia
2501 3512 2779 3553 accessus.
2824 3497 2880 3552 Id
2914 3497 3103 3567 utique
3148 3512 3313 3552 nunc
3342 3499 3452 3553 ait:

1881 3590 2010 3647 Pete
2042 3592 2112 3645 ab
2156 3606 2294 3661 aqua
2330 3588 2666 3660 praesidium.
2705 3597 2865 3657 atque
2900 3588 3003 3641 hac
3037 3588 3318 3641 circumda
3341 3603 3458 3640 mu.

1881 3700 2003 3737 rum
2032 3691 2220 3745 tuum;
2254 3682 2498 3750 nihilque
2530 3695 2722 3735 eorum
2755 3679 3108 3749 praetermitte
3130 3693 3253 3748 qua:
3273 3680 3458 3733 tutelae

1882 3775 2147 3845 prodesse
2169 3773 2456 3837 videntur;
2488 3773 2534 3826 si
2562 3770 2704 3825 forte
2736 3770 2863 3824 hinc
2905 3768 3115 3837 aliquid
3147 3769 3268 3838 opis
3294 3768 3460 3838 impe-

1883 3872 2235 3933 trarequeas.
2265 3860 2531 3930 Loquitur
2561 3874 2691 3914 vero
2726 3858 2936 3913 ironice
2986 3866 3041 3913 et
3083 3859 3457 3923 subsannans,

1884 3956 2140 4025 quoniam
2169 3954 2285 4008 haec
2316 3952 2451 4006 nulli
2486 3952 2611 4006 usui
2631 3966 2727 4021 per
2756 3950 2807 4005 id
2828 3957 3044 4020 tempus
3073 3948 3257 4004 futura
3273 3959 3453 4004 erant.

1886 4047 2027 4118 Ergo
2057 4046 2206 4100 addit
2239 4064 2251 4098 :
2295 4064 2313 4096 ι
2337 4043 2623 4113 Ingredere
2673 4042 2871 4105 lutum,
2908 4043 3238 4097 conculcare
3271 4040 3324 4095 in
3363 4055 3461 4111 pa-

1884 4137 2005 4200 leis,
2040 4138 2299 4190 roborare
2331 4150 2494 4204 super
2519 4136 2741 4189 laterem
2766 4151 2779 4187 :
2803 4134 2877 4187 ibi
2903 4133 3122 4187 vorabit
3142 4140 3195 4187 te
3216 4130 3459 4201 ﬂamma,

1887 4229 2077 4300 perdet
2110 4235 2163 4281 te
2191 4226 2426 4296 gladius,
2460 4226 2711 4280 comedet
2735 4233 2786 4279 te
2812 4218 2973 4294 quasi
3001 4224 3240 4285 locusta.
3262 4216 3461 4294 grava-

208 4325 269 4360 τε
310 4308 501 4362 ὅντων.
546 4308 769 4377 Ἐπάγει
800 4308 964 4376 γοῧν’
1017 4328 1035 4361 ι
1085 4310 1324 4380 ’Ἑμὸηθι
1351 4313 1430 4375 είς
1461 4313 1649 4381 πηλὸν,
1695 4313 1776 4365 ml

1889 4324 2037 4379 beris
2071 4331 2128 4376 ut
2158 4322 2427 4377 bruchus.
2466 4320 2842 4390 Multlplicasti
2886 4319 3289 4390 negotiationes
3333 4326 3462 4376 tuas

210 4399 598 4469 συμπατήθητι
629 4400 689 4453 ἐν
721 4401 941 4472 ἀχύροις
962 4419 976 4432 ·
1011 4402 1426 4472 κατακράτησον
1455 4404 1594 4476 ὑπὲρ
1635 4404 1776 4456 πλίν-

1889 4430 2052 4485 super
2099 4422 2249 4469 astra
2299 4413 2445 4467 coeli.
2487 4431 2504 4463 ι
2544 4394 2936 4466 Verumtamen
2993 4400 3151 4463 nulla
3194 4420 3323 4462 tunc
3362 4410 3460 4464 tibi

210 4492 305 4551 θον
326 4507 341 4520 ·
378 4493 499 4545 ἐκεῖ
525 4491 903 4561 καταφάγεταί
942 4509 1000 4544 σε
1033 4491 1164 4565 πῦρ,
1195 4492 1563 4564 ἐξολοθρεύσει
1596 4512 1655 4548 σε
1686 4495 1776 4567 μά-

1889 4507 1956 4563 ad
1992 4506 2221 4563 salutem
2256 4504 2591 4559 machinatio
2624 4503 2899 4576 proderit;
2951 4502 3062 4556 imo
3090 4500 3256 4556 veluti
3292 4500 3344 4555 in
3377 4501 3462 4555 lu-

208 4600 413 4655 χαιραο
450 4584 545 4637 καὶ
581 4584 959 4653 καταφάγεταί
1002 4601 1061 4636 σε
1108 4584 1183 4647 ὠς
1227 4585 1410 4655 ἀκρὶς,
1456 4586 1551 4639 καὶ
1586 4586 1776 4657 βαρυν-

1890 4598 2089 4653 tumin
2134 4597 2403 4651 malorum
2443 4596 2764 4651 barathrum
2800 4594 3034 4657 incides,
3086 4602 3141 4649 et
3186 4594 3462 4664 palearum

212 4674 356 4745 θήσῃ
383 4673 460 4735 ὡς
490 4672 715 4743 βροῦχος
734 4688 749 4704 ⁸
773 4672 1077 4743 ἐπλήθυνας
1112 4673 1380 4745 ἐμπορίας
1406 4691 1499 4728 σου
1543 4676 1683 4745 ὑπὲρ
1725 4675 1776 4729 τέ

1890 4687 2065 4743 instar
2093 4701 2234 4755 quae,
2273 4702 2399 4740 eum
2429 4686 2630 4742 lateres
2677 4685 3069 4748 conﬁciuntur.
3121 4685 3464 4740 conculcan-

211 4766 390 4836 ἄστρα
437 4764 533 4819 τοῦ
578 4765 830 4837 ούρανοῦ.
875 4786 893 4819 ι
946 4766 1085 4818 Ἀλλ’
1128 4766 1277 4818 οὐδὲν
1327 4766 1478 4819 ἔσται
1528 4783 1610 4819 σοι
1660 4768 1776 4840 πρὸς

1889 4787 1981 4834 tur
2011 4784 2065 4832 et
2093 4779 2211 4832 luto
2241 4777 2644 4841 immiscentur,
2692 4779 2949 4832 omnibus
2994 4778 3141 4832 illius
3200 4780 3465 4846 temporis

213 4859 494 4930 σωτηρίαν
562 4858 863 4929 μηχάνημα
925 4860 1082 4912 τότε·
1145 4858 1456 4912 τούναντίον
1527 4860 1625 4930 μέν
1677 4856 1771 4915 οὖν

1888 4873 2048 4928 malis
2086 4884 2141 4928 et
2172 4873 2289 4942 ipse
2322 4870 2790 4927 commisceberis.
2837 4870 3048 4941 Quippe
3102 4872 3245 4941 ignis
3291 4871 3467 4925 instar

211 4950 409 5019 ῶσπερ
466 4948 546 5011 είς
592 4966 713 5002 τινα
763 4949 934 5020 πηλὸν
981 4949 1232 5020 ἐμπέσῃ,
1278 4950 1339 5002 τὸ
1390 4949 1619 5020 μέγεθος
1683 4952 1776 5005 τῶι

1889 4964 2141 5019 absumet
2168 4970 2222 5017 te
2251 4961 2462 5028 hostis;
2502 4959 2743 5014 caedibus
2773 4960 2943 5015 variis
2984 4960 3187 5029 peribis
3219 4977 3235 5015 :
3267 4959 3464 5014 brucbi

211 5043 426 5107 κακιῖιν,
455 5042 612 5113 δίκην
643 5039 860 5111 ἀχύρων
886 5043 944 5094 ἐν
972 5042 1183 5111 ποιήσει
1212 5039 1447 5094 πλίνθων
1474 5057 1776 5110 συμπατου-

1893 5063 1952 5112 et
1980 5056 2206 5110 locustae
2234 5068 2385 5108 more
2429 5050 2780 5122 superveniet
2818 5050 2916 5103 tibi
2962 5049 3201 5103 hostium
3245 5064 3463 5119 agmen,

210 5139 394 5215 μένων
422 5153 481 5189 τε
509 5136 605 5190 καὶ
648 5137 1169 5208 συναναφυρομένων
1214 5135 1294 5206 τῷ
1336 5136 1490 5208 πηλῷ
1536 5139 1593 5189 ἐν
1622 5138 1771 5192 ἂπασ

1900 5149 1995 5219 qui
2029 5155 2083 5201 te
2104 5154 2448 5208 consument,
2488 5142 2853 5211 acerbumque
2893 5141 2989 5196 tibi
3022 5142 3289 5196 malorum
3339 5157 3468 5197 seu-

207 5240 324 5299 τοῖς
355 5234 480 5289 τότε
518 5235 820 5308 φυρόμενος
844 5235 1033 5296 κακοῖς
1062 5234 1155 5287 καὶ
1180 5233 1374 5296 αὑτός*
1401 5233 1663 5288 ἀναλώσει
1696 5236 1776 5306 μὲι

1902 5253 2023 5293 sum
2059 5236 2298 5292 el'licient
2326 5254 2340 5290 :
2364 5234 2556 5290 otiosae
2592 5233 2689 5287 tibi
2723 5240 2884 5287 erunt
2906 5247 3037 5302 opes
3072 5233 3195 5296 illae,
3232 5247 3463 5301 quarum

209 5332 322 5403 γάρ
370 5348 434 5387 σε
480 5332 639 5403 δίκην
691 5330 862 5402 πυρὸς
906 5332 937 5383 ό
991 5328 1285 5399 πολέμιος*
1347 5328 1695 5402 ἀφανισθήσῃ
1737 5328 1776 5383 δί

1902 5343 2188 5383 numerum
2213 5327 2388 5382 stellis
2413 5325 2731 5380 cmlestibus
2760 5338 2946 5394 parem
2977 5338 3357 5394 congesseras.

213 5442 455 5493 σφαγαις
504 5423 809 5485 ποικίλαις·
857 5421 1087 5494 βρούχου
1128 5437 1189 5474 τε
1242 5421 1337 5474 καὶ
1386 5420 1608 5492 ἀκρίδος
1655 5421 1813 5493 δίκην
1846 5419 2196 5475 ἐπελεύσεταί
2249 5437 2329 5474 σοι
2370 5419 2480 5472 τῶν
2530 5417 2805 5488 πολεμίων
2842 5416 2903 5469 τὸ
2938 5415 3162 5487 πλῆθος,
3215 5417 3291 5486 (p.
3340 5413 3467 5479 551)

210 5516 702 5580 καταναλίσκοντές
748 5532 807 5569 σε
853 5516 948 5570 καὶ
1029 5514 1254 5585 βαρεῖαν
1313 5511 1731 5584 ἐξεργαζόμενοι
1769 5531 1851 5568 σοι
1899 5514 2010 5569 τῶν
2058 5513 2243 5570 κακῶν
2289 5511 2388 5583 τὴν
2431 5512 2660 5583 πεῖραν·
2716 5510 2996 5577 ἄπρακτος
3031 5509 3089 5564 δέ
3140 5523 3224 5563 σοι
3277 5509 3385 5572 πᾶς
3438 5508 3470 5560 6

210 5614 447 5678 πλοῦτος
493 5614 700 5677 εκεῖνος
730 5611 1039 5684 γενήσεται,
1096 5609 1155 5664 δν
1211 5607 1494 5674 συνέλεξας
1545 5608 1787 5683 ὡσπερεὶ⁹
1815 5612 1929 5673 τοῖς
1957 5609 2176 5681 ἄστροις
2209 5605 2580 5680 ἁμιλλώμενος
2613 5606 2708 5662 τοῦ
2738 5604 2987 5677 ούρανοῦ.
