3830 6216
110 257 196 309 ίῖὅ

1035 214 1575 316 COMBENTARIUS
1613 257 1678 311 ΙΝ
1720 256 2060 313 HABACUCI
2101 260 2250 315 CAP.
2298 262 2338 315 1.

3223 266 3325 320 426

115 378 323 450 φοϐερὰν
354 379 569 450 ἐκείνην
592 379 681 433 διὰ
709 378 801 433 τοῦ
842 380 1072 449 ἀγγέλου
1100 382 1311 452 πληγὴν
1336 381 1651 451 δεξαμένου,

1769 378 1903 432 illam
1938 379 2004 433 ab
2029 380 2222 449 angelo
2240 379 2447 433 cladem
2480 390 2789 449 acceperat,
2813 383 3111 454 multaque,
3142 392 3199 437 ut
3229 402 3328 455 par

113 469 232 537 μετὰ
258 468 450 539 πολλῆς
475 470 549 532 ὼς
573 470 717 533 είκδς
749 471 995 524 ἐντεῦθεν
1024 472 1120 540 τῆς
1151 470 1371 540 ἀτιμίας
1402 471 1659 540 ὑποστρέ-

108 560 285 623 dum;
320 562 396 621 είς
429 559 494 611 τὰ
536 563 743 621 οίκεῖα,
793 562 821 613 ὁ
865 562 1135 632 μακάριος
1182 561 1501 631 ’Δμϐακοὺμ
1543 562 1654 630 (47)

106 653 187 701 ἐπὶ
230 652 321 720 τῆς
362 652 617 715 Ἰουδαίας
645 654 745 722 τὴν
788 654 1124 725 προφητείαν
1167 656 1398 706 ποιεῖται
1431 652 1655 723 ταύτην,

105 746 172 803 εἰς
200 743 287 794 δύο
318 744 552 814 μερίζων
600 745 691 797 τὸν
726 746 901 814 λόγον,
944 747 1023 809 είς
1073 764 1131 799 τε
1154 746 1253 816 τὴν
1280 746 1515 799 αίτίασιν
1548 744 1658 798 τῶν

104 836 154 883 ἐν
181 834 255 902 τῷ
281 834 391 903 λαῷ
418 837 847 889 δυναστευόντων
887 855 944 889 τε
987 840 1080 891 κα)⁸
1108 839 1417 906 κρινόντων,
1448 838 1497 889 οἳ
1526 837 1646 890 πολ-

103 927 205 986 λαῖς
233 926 320 977 καὶ
350 927 622 997 διαφόροις
652 929 1046 998 ταλαιπωρίαις
1081 930 1205 991 τοὺς
1230 929 1469 998 πένητας
1500 945 1658 999 περι-

100 1015 327 1081 ἑὸαλλον,
357 1017 498 1087 ὑπὲρ
526 1012 600 1073 ὧν
631 1019 694 1089 δὴ
728 1019 963 1089 μάλιστα
991 1018 1396 1089 ὲπαχθήσεσθαι
1417 1020 1485 1072 τὰ
1506 1019 1658 1090 παρὰ

98 1106 194 1159 τῶν
226 1109 578 1162 Βαόυλωνίων
626 1111 808 1173 αὐτοῖς
846 1111 1173 1181 μνημονεύει
1207 1110 1353 1163 κακά
1378 1126 1391 1139 ’
1442 1110 1536 1163 καὶ
1579 1111 1660 1172 είς

98 1196 185 1265 τὴν
227 1199 404 1250 αὐτῶν
449 1200 557 1251 τῶν
589 1200 943 1253 Βαὸυλωνίων
974 1200 1308 1272 κατηγορίαν
1344 1200 1420 1262 ὼς
1453 1216 1658 1270 κεκρα-

98 1290 327 1356 τηκότων
378 1291 479 1359 μὲν
511 1292 611 1361 τῆς
650 1290 1024 1363 Ἰερουσαλὴμ,
1071 1293 1171 1345 οὐκ
1216 1294 1295 1355 είς
1336 1292 1453 1344 δέον
1493 1291 1551 1344 δὲ
1582 1290 1660 1361 τῷ

96 1381 274 1448 κράτει
324 1382 685 1451 χρησαμένων
712 1421 727 1445 ,
782 1382 985 1453 πολλὴν
1032 1382 1088 1435 δὲ
1132 1382 1232 1453 τὴν
1263 1382 1528 1452 ἀμετρίαν
1561 1382 1661 1451 τῆς

95 1471 364 1541 ὠμίίτητος
415 1474 533 1524 κατ’
566 1472 743 1525 αὐτῶν
775 1473 1222 1543 ὲπιδεδειγμένων
1249 1491 1264 1505 ·
1314 1473 1452 1544 ὑπὲρ
1484 1466 1559 1528 ὧν
1595 1474 1659 1545 δὴ

96 1561 180 1612 καὶ
200 1560 418 1623 τούτους
446 1560 922 1631 τιμωρηθήσεσθαι
949 1562 1116 1631 λέγει’
1148 1562 1289 1615 ὥστε
1318 1563 1458 1616 κατὰ
1478 1580 1540 1631 γε
1561 1563 1660 1634 τὴν

92 1652 343 1719 διαίρεσιν
386 1652 589 1720 ταύτην
634 1654 865 1705 ἑοικέναι
919 1652 998 1723 τῷ
1039 1654 1213 1724 ἐνάτῳ
1242 1654 1443 1724 ψαλμῷ
1485 1654 1661 1708 δοκεῖν

94 1743 249 1794 αὐτοῦ
279 1743 377 1812 τὴν
411 1744 766 1813 προφητείαν,
807 1745 865 1807 ὃς
912 1745 1028 1797 ἐστὶ
1083 1747 1182 1816 μὲν
1228 1742 1307 1810 εἷς
1334 1747 1413 1816 τῷ
1443 1746 1661 1817 ἀριθμῷ

92 1835 177 1884 ἐπὶ
226 1834 325 1902 τῆς
379 1834 697 1905 Ἑλληνικῆς
743 1839 1134 1905 ὲκφωνήσεως,
1178 1837 1273 1890 δύο
1324 1838 1378 1890 δὲ
1427 1840 1518 1891 ἐπὶ
1563 1840 1661 1909 τῆς

103 1924 362 1990 Ἐϐραίων
424 1925 707 1994 γλώττης,
762 1926 899 1979 ἰδίαν
947 1927 1207 1996 ἑκατέρου
1262 1928 1360 1998 τὴν
1409 1929 1659 1982 ὑπόθεσιν

89 2014 317 2082 ἔχοντος·
348 2015 422 2077 ὡς
455 2015 550 2067 τοῦ
599 2017 700 2086 μὲν
745 2018 1009 2089 προτέρου
1054 2018 1228 2088 ἀρχὴν
1275 2019 1371 2088 μὲν
1409 2017 1544 2071 εἶναι
1577 2020 1657 2083 τὸ,

97 2128 113 2151 ι
150 2106 643 2177 Ἐξομολογήσομαί
687 2126 803 2172 σοι,
844 2109 1048 2179 Κύριε,
1084 2112 1142 2161 ὲν
1171 2110 1269 2182 ὅλῃ
1306 2111 1501 2180 καρδίᾳ
1534 2128 1658 2180 μου,

89 2197 411 2266 διηγήσομαι
441 2198 619 2251 πάντα
642 2199 710 2251 τὰ
737 2200 1017 2269 θαυμάσιά
1044 2217 1135 2253 σου
1156 2218 1169 2231 ο
1206 2221 1224 2253 ›
1271 2202 1443 2272 πέρας
1479 2202 1534 2254 δὲ
1577 2202 1658 2265 τὸ,

95 2304 114 2335 ι
146 2288 515 2357 Κατάστησον,
558 2290 748 2359 Κύριε,
795 2291 1093 2362 νομοθέτην
1128 2295 1333 2355 αὐτοῖς,
1367 2293 1661 2360 γνώτωσαν

93 2375 208 2445 ἔθνη
237 2377 317 2428 ὅτι
347 2377 623 2447 ἄνθρωποί
652 2381 775 2431 είσι.
808 2398 825 2431 ι
861 2380 966 2432 Τοῦ
997 2381 1249 2451 δευτέρου
1275 2381 1330 2433 δὲ
1357 2381 1527 2451 ἀρχὴν
1564 2382 1660 2451 μὲν

91 2468 163 2526 τὸ,
198 2488 217 2518 ι
250 2467 364 2520 Ἰνα
394 2470 468 2531 τί,
511 2470 705 2539 Κύριε,
750 2471 1066 2542 ἀφέστηκας
1096 2473 1398 2543 μακρόθεν;
1431 2474 1507 2543 (p.
1532 2474 1659 2541 554)

92 2560 356 2629 ὑπερορᾷς
390 2563 447 2612 ὲν
474 2560 798 2630 εὐκαιρίαις,
836 2564 891 2615 ἐν
912 2555 1149 2631 θλίψεσις
1178 2583 1195 2614 ι
1220 2565 1370 2627 τέλος
1399 2565 1477 2626 δὲ,
1508 2584 1525 2615 ι
1550 2566 1661 2635 Τὴν

88 2651 401 2719 ἑτοιμασίαν
430 2652 530 2720 τῆς
565 2652 793 2721 καρδίας
818 2653 998 2707 αὐτῶν
1039 2655 1307 2725 προσέσχε
1336 2655 1396 2707 τὸ
1423 2651 1515 2719 οὖς
1544 2674 1658 2720 σου,

89 2742 264 2808 >ρίναι
294 2740 518 2810 ὀρφανῷ
546 2744 641 2794 και
682 2742 939 2812 ταπεινῷ,
968 2744 1055 2797 ἵνα
1098 2746 1171 2815 μὴ
1212 2747 1419 2817 προσθῇ
1456 2747 1535 2799 ἔτι
1566 2746 1660 2801 τοῦ

89 2831 455 2900 μεγαλαυχεῖν
484 2832 769 2902 ἅνθρωπος
799 2836 890 2885 ἐπὶ
917 2834 1017 2903 τῆς
1049 2836 1169 2904 γῆς.
1211 2856 1228 2886 ι
1274 2836 1489 2889 Τούτων
1519 2838 1576 2889 δὲ
1605 2839 1662 2890 ὲν

94 2922 185 2972 αὲν
209 2924 324 2984 τοῖς
350 2923 636 2992 προτέροις
661 2925 785 2987 τοὺς
816 2925 1127 2996 ἀλλοτρίους
1152 2929 1412 2989 αἰτιᾶται,
1440 2928 1582 2994 λέγω
1605 2930 1662 2981 δὲ

1758 476 1896 533 erat,
1931 483 2056 522 cum
2112 469 2403 538 ignominia
2462 469 2612 526 illinc
2660 472 2716 525 in
2762 475 2992 540 patriam
3044 487 3330 544 regressus

1760 559 1967 621 fuerat;
2030 560 2222 615 beatus
2271 558 2598 616 Habacucus
2651 563 2752 615 hoc
2801 564 2973 618 edidit
3023 565 3090 617 de
3138 563 3328 619 Judaaa

1758 650 2101 716 vaticinium,
2130 650 2308 704 diviso
2333 650 2386 702 in
2410 662 2590 719 partes
2615 652 2751 707 duas
2775 668 3061 717 sermone;
3092 636 3327 722 quarum

1759 744 1943 814 priore
1993 743 2271 813 principes
2325 742 2651 812 iudicesque
2715 744 2952 807 incusat,
3004 745 3095 814 qui
3141 745 3329 799 multis

1762 833 2041 903 variisque
2066 834 2323 887 aerumnis
2347 848 2613 903 pauperes
2636 834 3048 904 implicuerant;
3072 850 3232 904 quam
3257 835 3329 888 ob

1761 939 1875 978 rem
1931 924 2203 993 praecipue
2261 931 2522 977 eventura
2579 924 2686 979 illis
2743 940 2772 978 a
2820 925 3133 995 Babyloniis
3185 928 3329 978 mala

1762 1022 2027 1067 memorat
2064 1033 2076 1068 :
2111 1015 2281 1068 altera
2336 1029 2465 1069 vero
2528 1030 2655 1084 pars
2712 1015 3133 1086 Babyloniorum
3188 1018 3331 1087 ipsu-

1762 1124 1882 1160 rum
1928 1108 2356 1178 increpationem
2412 1111 2678 1173 continet,
2717 1112 2809 1179 qui
2857 1110 3198 1166 Hierusalem
3230 1129 3327 1182 po-

1762 1200 1870 1264 titi,
1903 1200 2044 1253 haud
2077 1210 2222 1255 recte
2251 1202 2476 1255 victoria
2508 1203 2590 1257 usi
2623 1212 2800 1265 erant,
2832 1205 2924 1257 sed
2951 1205 3177 1258 multum
3201 1220 3329 1259 cru-

1763 1291 2006 1346 delitatis
2059 1307 2345 1346 excessum
2400 1293 2662 1348 adversus
2709 1291 2925 1348 Iudaeos
2977 1309 3329 1364 exprompse-

1764 1391 1918 1448 rant;
1955 1382 2115 1450 cujus
2143 1398 2307 1438 causa
2340 1384 2587 1453 punitum
2628 1386 2691 1438 iri
2735 1385 2885 1440 dicit.
2920 1385 3101 1450 Quare
3131 1401 3331 1440 secun-

1765 1474 1896 1527 dum
1928 1468 2069 1528 hanc
2096 1476 2445 1539 divisionem,
2479 1477 2695 1531 videtur
2722 1477 3004 1546 prophetia
3036 1477 3149 1532 haec
3183 1492 3330 1531 nono

1763 1564 1959 1619 similis
1987 1566 2216 1634 psalmo,
2248 1566 2341 1635 qui
2376 1582 2519 1622 unus
2553 1575 2636 1623 est
2672 1568 2725 1621 in
2764 1566 2951 1621 Graeca
2999 1567 3329 1636 interpreta-

1765 1654 1935 1718 tione,
1968 1655 2078 1708 duo
2108 1666 2289 1709 autem
2317 1656 2371 1708 in
2406 1654 2628 1710 Hebraea
2653 1658 2859 1726 lingua,
2890 1673 3016 1711 cum
3046 1672 3148 1712 suo
3178 1658 3332 1728 quis-

1764 1760 1867 1813 que
1921 1756 2260 1813 argumento.
2313 1745 2377 1798 Et
2422 1747 2618 1815 prioris
2668 1748 2884 1817 quidem
2934 1748 3151 1802 initium
3193 1757 3329 1803 est:

1768 1856 1785 1886 ι
1822 1835 2137 1889 Conﬁtebor
2160 1836 2279 1899 tibi,
2313 1834 2560 1899 Domine,
2592 1838 2644 1890 in
2674 1845 2790 1893 toto
2819 1838 2983 1892 corde
3014 1854 3166 1903 meo;
3199 1853 3331 1891 nar-

1763 1927 1897 1979 rabo
1941 1926 2120 1979 omnia
2163 1926 2432 1979 mirabilia
2481 1936 2592 1981 tua.
2635 1948 2652 1979 ι
2688 1927 2843 1983 Finis
2876 1938 3056 1982 autem
3096 1948 3107 1981 :
3143 1949 3160 1979 ι
3192 1930 3334 1981 Con-

1764 2017 1953 2078 stitue,
2017 2014 2265 2076 Domine,
2321 2015 2682 2084 legislatorem
2738 2017 2853 2081 eis;
2910 2017 3086 2071 sciant
3144 2026 3332 2086 gentes

1762 2106 2024 2176 quoniam
2083 2107 2331 2160 homines
2390 2114 2537 2159 sunt.
2578 2125 2595 2156 ι
2661 2107 2899 2161 Alterius
2958 2122 3087 2161 vero
3134 2108 3331 2177 psalmi

1763 2199 1982 2253 initium
2017 2207 2100 2252 est
2140 2216 2153 2251 :
2194 2216 2211 2246 ι
2250 2196 2322 2252 Ut
2354 2197 2510 2266 quid,
2545 2196 2792 2261 Domine,
2835 2199 3116 2253 recessisti
3151 2199 3329 2267 longe,

1765 2290 2006 2358 despicis
2043 2289 2097 2341 in
2129 2286 2656 2357 opportunitatibus,
2700 2288 2753 2340 in
2791 2287 3325 2342 tribulationibus?»

1764 2379 1917 2434 Finis
1950 2398 1961 2432 :
1998 2398 2014 2429 ι
2042 2377 2437 2447 Praeparationi
2474 2378 2656 2433 cordis
2692 2392 2881 2432 eorum
2923 2378 3153 2432 attendit
3180 2380 3333 2433 auris

1768 2482 1883 2535 tua,
1931 2470 2182 2540 judicare
2233 2471 2439 2537 pupillo
2485 2476 2538 2521 et
2590 2469 2801 2530 humili,
2840 2476 2900 2522 ut
2950 2484 3058 2523 non
3098 2481 3335 2540 apponat

1764 2564 1902 2618 ultra
1954 2560 2307 2631 magniﬁcare
2348 2576 2405 2613 se
2456 2560 2618 2614 homo
2667 2575 2831 2629 super
2880 2570 3103 2616 terram.
3142 2579 3162 2612 ι
3213 2560 3333 2615 Jam

1763 2666 1893 2706 vero
1932 2652 1987 2705 in
2015 2652 2197 2719 priore
2236 2652 2448 2720 psalmo
2480 2650 2815 2720 alienigenas
2866 2652 3134 2721 increpat,
3168 2652 3218 2705 id
3250 2663 3335 2707 est

1766 2741 2050 2804 ﬁnitimos,
2080 2742 2173 2811 qui
2198 2756 2527 2811 magnopere
2550 2752 2742 2795 contra
2773 2740 2992 2797 Judaeos
3023 2745 3332 2808 saevierant,

1765 2848 1830 2887 ac
1876 2840 2165 2902 propterea
2212 2847 2429 2901 pmnam
2465 2832 2625 2901 232
2651 2833 2784 2901 ipsis
2836 2848 2864 2886 a
2916 2833 3028 2888 Deo
3072 2833 3334 2889 inﬂictam

1767 2925 1936 2990 dicit;
1972 2926 2029 2979 in
2061 2926 2237 2978 altero
2274 2924 2458 2993 populi
2490 2925 2716 2980 ditiores
2743 2940 2805 2979 ac
2837 2925 3115 2996 principes
3149 2928 3337 2995 objur-

88 3011 207 3072 τοὺς
237 3011 569 3080 περιοίκους,
605 3012 681 3072 ὡς
713 3014 879 3084 πολλῇ
926 3018 993 3085 τῇ
1044 3016 1162 3068 κατ’
1196 3017 1377 3069 αὐτῶν
1423 3018 1662 3089 ὠμότητι

1770 3024 1882 3086 gat,
1910 3019 2001 3086 qui
2034 3031 2302 3084 pauperes
2337 3015 2646 3084 iniquitate,
2686 3015 3051 3081 detrimentis,
3089 3018 3339 3087 injuriis-

89 3102 490 3171 κρησαμένους,
526 3103 667 3173 ὑπὲρ
697 3098 773 3158 ὧν
824 3105 889 3175 δὴ
923 3107 1017 3158 καὶ
1057 3108 1325 3178 τιμωρίαν
1359 3110 1543 3173 αὐτοῖς
1575 3113 1671 3163 ὲπ-

90 3194 250 3262 ἦχθαι
281 3194 433 3262 λέγει
459 3196 612 3266 παρὰ
636 3196 729 3248 τοῦ
756 3196 913 3249 Θεούο
941 3198 998 3249 ὲν
1014 3197 1071 3249 δὲ
1099 3201 1209 3259 τοῖς
1227 3198 1519 3270 δευτέροις,
1545 3202 1673 3264 τοὺς

88 3286 142 3336 ἐν
176 3283 257 3353 τῷ
285 3283 406 3352 λαῷ
438 3284 515 3353 τῷ
546 3303 605 3337 τε
634 3286 849 3357 πλούτῳ
879 3287 972 3339 καὶ
1000 3290 1064 3357 τῇ
1114 3288 1402 3360 δυναστείᾳ
1438 3292 1523 3343 ἐπ’
1554 3292 1670 3343 ἀδι-

87 3376 210 3426 κίαν
242 3376 341 3426 καὶ
377 3375 585 3445 βλάϐην
614 3379 709 3429 καὶ
738 3379 1000 3449 ἐπήρειαν
1039 3378 1147 3431 τῶν
1188 3382 1437 3449 πενήτων
1471 3398 1670 3451 κεχρηο

87 3468 308 3533 μένους,
344 3466 440 3528 οὓς
468 3468 563 3518 καὶ
605 3468 802 3531 αὐτοὺς
842 3471 943 3522 οὐκ
988 3468 1094 3533 ἔξω
1140 3472 1410 3543 τιμωρίας
1451 3471 1669 3525 ἔσεσθαί

84 3570 236 3623 φησι.
272 3554 500 3607 Τοιοῦτο
521 3557 628 3627 γάρ
653 3573 705 3608 τι
736 3558 828 3609 καὶ
850 3557 946 3611 νῦν
979 3559 1008 3609 6
1041 3559 1307 3629 μακάριος
1349 3559 1671 3631 Ἀμόακοὺμ

82 3646 112 3694 ὀ
142 3644 437 3713 προφήτης
473 3648 654 3710 ποιεῖ,
709 3646 944 3716 μερίζων
986 3647 1078 3699 τὸν
1125 3649 1280 3716 λόγον
1325 3651 1404 3711 εἷς
1438 3667 1497 3702 τε
1544 3651 1671 3712 τοὺς

86 3736 216 3805 παρ’
250 3737 441 3798 αὐτοῖς
492 3737 580 3788 ἐπ’
625 3737 808 3807 ἀδικία
854 3738 963 3789 τῶν
1002 3741 1248 3810 πενήτων
1290 3744 1356 3811 τῇ
1397 3741 1674 3814 προσούσῃ

84 3826 463 3896 κεχρημένους
489 3827 779 3897 δυναστεία
805 3842 819 3855 ο
858 3828 1080 3893 τούτους
1110 3829 1217 3900 γὰρ
1244 3832 1302 3883 ὲν
1341 3835 1453 3895 τοῖς
1481 3834 1674 3903 προτέ-

85 3932 203 3983 ροις
230 3914 645 3983 αἰτιασάμενος,
677 3915 826 3984 λέγει
860 3918 955 3970 καὶ
984 3918 1083 3988 τὴν
1113 3920 1462 3992 ἐπαγομένην
1491 3923 1673 3985 αὐτοῖς

86 4006 229 4078 ὑπὲρ
264 4006 461 4059 τούτου
490 4008 779 4078 τιμωρίαν·
811 4010 905 4062 καὶ
932 4011 1011 4073 είς
1029 4010 1155 4074 τοὺς
1176 4012 1570 4078 Βαϐυλωνίους,
1596 4008 1673 4067 ὧν

84 4095 181 4149 καὶ
212 4096 403 4149 αὐτῶν
436 4096 667 4149 πλεῖστα
693 4098 795 4151 ὅσα
826 4098 1236 4154 διατεθεικότων
1265 4102 1412 4156 κακὰ
1434 4103 1526 4157 τὸν
1545 4103 1673 4158 λαὸν

84 4188 552 4258 ὲπαχθησομένην
574 4188 795 4260 ὕστερον
815 4190 1087 4261 τιμωρίαν
1112 4192 1325 4263 μηνύει.
1380 4194 1537 4248 Ἀλλὰ
1561 4195 1670 4268 γὰρ

1766 3124 1873 3177 que
1904 3109 2206 3171 vexabant;
2240 3114 2402 3173 atque
2439 3107 2538 3159 hos
2579 3104 2741 3159 etiam
2777 3106 2921 3158 haud
2955 3121 3171 3176 pinnam
3204 3125 3339 3162 eva-

1767 3215 1927 3254 suros
1967 3200 2060 3252 ait.
2094 3197 2239 3252 ldem
2282 3198 2394 3251 fere
2444 3211 2591 3250 nunc
2635 3197 2747 3267 agit
2778 3198 2970 3252 beatus
3010 3196 3339 3255 Habacueus

1766 3289 2054 3359 propheta,
2101 3289 2363 3356 bipartito
2419 3300 2695 3349 sermone,
2740 3288 2919 3356 primo
2972 3290 3194 3357 quidem
3250 3291 3339 3343 ad-

1765 3394 1960 3434 versus
2000 3393 2095 3432 eos
2131 3378 2222 3446 qui
2261 3390 2530 3445 pauperes
2572 3375 2778 3444 injusta
2830 3378 2880 3430 vi
2912 3378 3336 3447 opprimebant:

1769 3470 1855 3531 his
1912 3469 2055 3523 enim
2111 3471 2355 3537 apprime
2414 3468 2732 3537 increpitis,
2775 3475 3090 3521 eventuram
3139 3467 3339 3524 delicto

1767 3576 1985 3633 poenam
2036 3560 2313 3629 praedicit;
2350 3558 2549 3612 deinde
2601 3560 2657 3611 in
2697 3556 3023 3629 Babylonios
3061 3561 3339 3613 converti-

1768 3663 1882 3719 tur,
1913 3652 2005 3723 qui
2037 3668 2159 3705 cum
2196 3652 2481 3704 innumera
2522 3650 2664 3701 mala
2697 3650 2897 3718 populo
2930 3649 3161 3705 Judaico
3193 3652 3342 3705 intu-

1770 3746 1982 3807 lissent,
2039 3742 2377 3812 punitionem
2420 3740 2556 3809 ipsis
2596 3740 2910 3809 impositum
2958 3741 3022 3794 iri
3074 3743 3337 3811 praedicit.

1769 3836 1924 3891 Nunc
1957 3844 2248 3904 postquam
2297 3833 2592 3886 verborum
2626 3833 2906 3902 prophetae
2950 3842 3339 3903 argumentum

1769 3930 2143 3999 exposuimus,
2177 3927 2429 3996 sequitur
2461 3933 2519 3980 ut
2566 3933 2751 3995 partes
2797 3925 3044 3995 singulas
3086 3927 3341 3981 conside-

1768 4038 1971 4077 remus.
2024 4019 2187 4072 Przeit
2234 4018 2433 4072 solitus
2483 4016 2665 4071 libello
2696 4015 2932 4070 titulus:
2976 4034 2994 4065 ι
3024 4016 3342 4085 Assumptio

1771 4125 1936 4181 quam
1964 4110 2100 4163 vidit
2126 4106 2454 4161 Habacucus
2482 4105 2765 4177 propheta.
2807 4124 2825 4158 ι
2856 4103 2947 4160 Sic
2981 4114 3162 4160 autem
3188 4122 3346 4160 exor-

1771 4203 1917 4257 ditur
1940 4217 1956 4251 ι

82 4287 350 4356 τοιαύτης
405 4288 547 4351 τινὸς
593 4287 759 4359 οὔσης
804 4291 902 4360 τῆς
934 4291 1243 4357 ὑποθέσεως
1287 4294 1394 4347 τῶν
1445 4291 1539 4347 τοῦ
1594 4295 1875 4365 προφήτου
1926 4288 2221 4360 ῥημάτων,
2267 4287 2337 4339 τὰ
2392 4284 2532 4337 κατὰ
2582 4284 2747 4354 μέρος
2796 4284 3092 4354 σκοπητέον
3139 4283 3341 4338 λοιπόν.

86 4384 386 4451 Πρόκειται
418 4382 518 4450 μὲν
547 4378 639 4436 οὖν
665 4386 699 4453 ή
730 4384 949 4438 εἰωθυῖα
978 4388 1267 4457 προγραφὴ
1295 4387 1389 4440 τοῦ
1426 4388 1650 4458 βιϐλίου,
1686 4407 1704 4439 ι
1742 4387 1815 4441 Τὸ
1848 4386 2041 4455 λῆμμα
2074 4383 2103 4435 ὂ
2128 4378 2264 4434 εἶδεν
2304 4379 2625 4449 Ἀμϐακοὺμ
2657 4382 2685 4430 6
2716 4382 3022 4447 προφήτης·
3066 4396 3083 4426 ι
3120 4377 3343 4446 ἄρχεται

81 4474 137 4525 δὲ
161 4474 346 4535 οὕτως
366 4490 380 4502 ·

763 4589 918 4641 ΚΕΦ.
960 4591 1035 4643 A’.

154 4722 315 4791 Στίχ.
356 4721 424 4790 β’.
458 4750 530 4762 --
562 4722 738 4784 ι”Εως
764 4723 929 4785 τίνος,
966 4721 1156 4791 Κύριε,
1191 4722 1551 4793 κεκράξομαι,
1584 4724 1677 4776 καὶ

82 4812 144 4862 οὐ
186 4811 267 4880 μὴ
302 4811 664 4883 εἱσακούσηςς
715 4810 979 4880 βοήσομαι
1026 4810 1160 4879 πρὸς
1196 4811 1255 4862 σὲ
1302 4810 1674 4880 ἀδικούμενος,

84 4903 183 4954 καὶ
216 4903 285 4953 οὑ
329 4903 403 4970 μὴ
437 4900 647 4971 among;
686 4920 705 4951 ι
756 4903 831 4969 (ρ.
856 4902 982 4969 555)
1032 4902 1142 4971 Οὐχ
1186 4901 1260 4965 ὡς
1292 4902 1527 4954 αίτίασίν
1559 4918 1681 4955 τινα

81 4994 164 5060 τῷ
208 4992 341 5061 Θεῷ
387 4994 679 5062 προσάγων
720 4993 747 5043 6
789 4993 1071 5061 προφήτης
1115 4990 1290 5043 ταῦτά
1322 5006 1506 5059 φησιν,
1547 4990 1683 5044 ἀλλὰ

83 5082 283 5145 καθὼς
313 5082 436 5144 ἔθος
462 5082 644 5143 αὐτοῖς
673 5083 766 5133 ἐπὶ
792 5082 898 5133 τῶν
927 5099 1047 5134 τινα
1073 5081 1396 5149 διαπόρησιν
1425 5081 1676 5149 ἑχόντων,

82 5176 114 5243 ἦ
169 5176 275 5227 καὶ
334 5175 710 5243 ἀγανάκτησιν
765 5174 1053 5226 κινούντων
1107 5172 1320 5226 δικαίαν
1375 5172 1519 5226 κατὰ
1570 5173 1680 5225 τῶν

86 5265 423 5329 ποιούντων,
456 5267 515 5317 ἑν
542 5263 826 5333 αἱτιατικῷ
854 5264 1031 5332 λέγειν
1067 5264 1299 5333 σχήματι
1348 5262 1456 5315 τῶν
1506 5280 1680 5332 πρατ-

86 5358 347 5426 τομένων
390 5358 491 5425 τὴν
537 5358 788 5410 ἀτοπίαν·
824 5355 964 5409 οὕτω
990 5356 1220 5410 κάνθάδε
1259 5355 1421 5424 φησίν
1447 5371 1462 5385 ·
1493 5354 1680 5426 ὥσπερ

84 5446 184 5502 οὖν
222 5449 331 5502 καὶ
353 5450 382 5502 6
412 5448 680 5517 μακάριος
712 5446 857 5514 λέγει
890 5446 1050 5499 Δαυῒδ
1081 5447 1162 5511 τὸ,
1204 5465 1223 5498 ι
1243 5445 1360 5499 Ἵνα
1382 5445 1456 5509 τί,
1485 5444 1678 5515 Κύριε.

161 5639 286 5707 (47)
328 5636 385 5691 1η
422 5636 581 5689 titulo
622 5633 771 5685 ’A66.

392 5732 670 5789 ΡΔτιιοι..
706 5732 824 5789 Gn.
864 5733 964 5790 LX
980 5732 1084 5791 Vl.

2443 4583 2594 4639 CAP.
2640 4583 2677 4635 1.

1848 4719 2013 4773 Vsus.
2046 4718 2099 4770 9...
2133 4747 2200 4756 —
2236 4736 2252 4767 ι
2292 4715 2608 4786 Usquequo,
2669 4714 2916 4781 Domine,
2969 4716 3242 4780 clamabo,
3296 4728 3350 4773 et

1778 4823 1889 4863 non
1926 4807 2236 4863 exaudiesl
2282 4804 2626 4858 vociferabor
2674 4805 2739 4859 ad
2784 4811 2837 4858 te
2880 4803 2990 4857 vim
3027 4805 3261 4873 patiens,
3296 4816 3352 4860 et

1778 4912 1890 4952 non
1912 4898 2195 4953 salvabis?
2228 4914 2245 4947 ι
2278 4896 2395 4950 Non
2431 4902 2692 4964 tanquam
2723 4896 3101 4964 expostulatis,
3130 4896 3245 4950 haec
3275 4898 3355 4951 ait

1780 4989 2063 5059 propheta,
2117 4988 2211 5042 sed
2274 5002 2426 5042 more
2494 4987 2737 5048 illorum,
2789 4988 2883 5055 qui
2946 4988 3002 5041 in
3058 5003 3118 5042 re
3170 4988 3355 5056 aliqua

1780 5080 1950 5145 anxii,
1980 5081 2061 5133 vel
2101 5080 2268 5133 etiam
2295 5080 2444 5147 justa
2472 5078 2851 5148 indignatione
2892 5079 3175 5143 commoti,
3209 5080 3355 5148 ligu-

1784 5179 1905 5224 rato
1934 5171 2000 5223 ad
2048 5170 2541 5237 expostulationem
2581 5182 2833 5224 sermone
2863 5168 2931 5222 de
2981 5183 3165 5222 rerum
3204 5180 3356 5223 acta-

1784 5275 1906 5314 rum
1943 5260 2230 5328 iniquitate
2258 5266 2583 5327 queruntur.
2635 5259 2714 5311 Ita
2745 5258 2958 5313 scilicet
2987 5258 3094 5313 hoc
3128 5273 3189 5313 se
3234 5259 3356 5313 loco

1788 5352 1925 5422 gerit
1946 5351 2230 5421 propheta.
2267 5347 2424 5403 Sicut
2452 5362 2584 5419 ergo
2616 5348 2809 5403 beatus
2833 5349 2998 5403 etiam
3029 5349 3106 5401 ait
3138 5347 3350 5403 David:

1796 5459 1814 5492 ι
1848 5439 1920 5497 Ut
1963 5440 2115 5496 quid.
2159 5439 2404 5505 Domine,
2451 5440 2732 5495 recessisti
2786 5439 2967 5504 longe,
3016 5437 3255 5505 despicis
3302 5438 3361 5493 in

3012 5712 3084 5771 111-
