3830 6216
496 293 600 349 H7

1679 290 2030 348 THEODORI
2071 292 2552 350 MOPSUESTENI
3162 259 3167 265 ’
3626 291 3715 347 tea

493 405 1014 477 opportunitatibus,
1041 407 1093 461 in
1115 408 1594 463 tribulationibus?
1625 407 1760 461 Dum
1784 409 2056 464 extollituI

2169 410 2482 481 ἀφέστηκας
2516 408 2806 479 μακρόθεν,
2833 409 3104 480 ὑπερορᾷς
3130 410 3185 461 ὲν
3220 406 3600 476 εύκαιρίαις,ὲν
3622 406 3715 461 θλι-

494 498 717 567 impius,
768 497 1082 553 incenditur
1131 501 1423 570 pauper“,
1464 518 1482 552 ι
1536 507 1589 553 et
1629 499 1867 569 reliqua;
1915 498 2061 553 haud

493 585 664 640 Deum
699 587 924 656 culpans
974 587 1048 642 ita
1090 588 1350 657 loquitur,
1399 589 1492 644 sed
1541 589 1652 642 illis
1685 589 1930 644 irascens
1966 590 2062 659 qui

495 676 622 728 talia
651 683 837 744 agunt,
881 684 935 729 et
963 677 1367 746 quodammodo
1401 684 1738 742 exaestuans,
1771 678 1917 746 quod
1951 694 2063 733 non

494 762 605 814 cito
653 777 845 830 poenas
899 763 1114 819 debitas
1156 765 1378 820 luerint.
1433 765 1510 819 Ita
1555 775 1609 821 et
1656 767 1827 822 alibi:
1873 786 1890 818 ι
1929 767 2061 832 Cur,

498 850 666 914 Deus,
702 852 951 921 repulisti
981 852 1037 907 in
1066 853 1225 909 ﬁnem
1249 856 1271 908 ?
1295 857 1472 912 iratus
1505 866 1589 912 est
1621 857 1775 912 furor
1805 865 1935 914 tuus
1966 859 2064 913 ad-

493 958 684 999 versus
703 958 829 998 oves
856 945 1044 1014 pascui
1079 946 1155 999 tui
1173 946 1256 998 "?
1280 965 1296 997 ι
1326 945 1533 1001 Etenim
1552 947 1924 1017 magnitudine
1953 963 2066 1002 ma-

493 1035 670 1088 lorum
716 1039 918 1104 populo
951 1036 1226 1090 illatorum
1278 1040 1564 1101 attonitus,
1621 1041 1700 1093 sic
1743 1040 1904 1094 etiam
1960 1039 2064 1094 hoc

493 1125 614 1180 loco
649 1126 913 1196 loquitur.
949 1125 1111 1181 Velut
1141 1129 1306 1182 etiam
1343 1129 1537 1183 beatus
1570 1127 1837 1184 Jeremias
1877 1130 2012 1184 dicit
2046 1150 2059 1184 :

497 1234 516 1266 ι
559 1217 670 1271 Cur
730 1218 816 1271 via
881 1217 1176 1288 impiorum
1244 1230 1634 1288 prosperatur,
1682 1219 1842 1289 233
1908 1221 2064 1275 beate

489 1315 660 1373 agunt
736 1319 926 1358 omnes
1000 1304 1360 1373 reprobantes
1426 1306 2004 1374 reprobrationes"?
2039 1326 2056 1358 ι

489 1395 624 1448 Nam
645 1411 715 1452 ne
742 1396 842 1450 iste
882 1396 1102 1464 quidem
1145 1394 1313 1450 Deum
1360 1411 1632 1452 accusans
1685 1397 1764 1451 sic
1800 1398 2060 1466 loquitur,

491 1487 585 1543 sed
655 1485 943 1556 indignans
1014 1487 1196 1556 potius
1264 1490 1410 1556 quod
1473 1487 1800 1542 delictorum
1865 1503 2062 1558 pcenas

489 1592 598 1632 non
632 1579 974 1647 pertulerint.
1000 1577 1121 1632 Pari
1157 1578 1300 1633 enim
1350 1580 1628 1648 propheta:
1655 1595 1846 1633 omnes
1881 1580 2062 1634 animo

489 1679 662 1724 erant.
723 1671 862 1736 Quin
915 1678 970 1725 et
1031 1672 1161 1725 illud
1212 1671 1353 1742 apud
1401 1672 1614 1726 beatum
1670 1671 1928 1725 Davidem
1976 1671 2060 1725 di-

2169 500 2368 570 ῲεσινς
2417 503 2475 553 ὲν
2509 500 2586 570 τῷ
2615 500 3123 571 ὑπερηφανεύεσθαι
3155 499 3244 552 τὸν
3279 499 3468 567 ἀσεϐῆ,
3508 499 3718 568 ὲμταιρί-

2166 591 2316 656 ζεται
2347 594 2375 645 6
2408 593 2638 662 πτωχὸς,
2666 611 2684 643 I
2724 594 2816 644 καὶ
2846 591 2912 644 τὰ
2943 591 3069 660 ἑξῆς
3094 608 3105 619 ·
3151 591 3211 642 οὐ
3242 590 3347 661 γὰρ
3369 589 3460 641 τὸν
3485 589 3610 641 Θεὸν
3640 593 3716 641 αἱ-

2163 683 2428 754 τιώμενος
2480 683 2651 737 ταῦτα
2709 683 2898 749 λέγει,
2949 681 3269 750 ἀγανακτῶν
3328 681 3385 733 δὲ
3437 680 3577 734 κατὰ
3621 681 3717 734 ’,ὧν

2165 775 2387 828 τοιαῦτα
2436 774 2754 836 ποιούντων,
2803 775 2893 827 καί
2924 791 3042 826 τινα
3078 774 3274 842 τρόπον
3303 772 3588 840 διαπορῶν,
3617 771 3716 823 ἀνθ’

2165 865 2302 935 ὅτου
2335 865 2408 936 μὴ
2451 866 2604 928 δίκας
2633 865 2864 918 διδόασιν
2895 864 3078 927 ὀξέως.
3125 862 3280 915 Οὕτω
3321 862 3412 914 καὶ
3461 860 3716 929 ἀλλαχοῦ·

2172 957 2317 1011 «Ἵνα
2349 957 2424 1021 τί,
2453 959 2480 1009 ὁ
2508 957 2660 1021 Θεὸς,
2690 955 2894 1010 ἀπώσω
2923 958 3001 1018 εἰς
3026 955 3196 1018 τέλος,
3234 953 3479 1024 ὠργίσθη
3514 956 3540 1005 6
3567 953 3720 1022 θυμός

2167 1065 2260 1100 σου
2287 1048 2378 1100 ἐπὶ
2402 1047 2647 1112 πρόϐατα
2670 1047 2838 1116 νομῆς
2870 1063 2960 1098 σου
2984 1063 2998 1110 ;
3051 1066 3069 1096 δ
3105 1044 3386 1113 Διαπορῶν
3411 1043 3518 1110 γὰρ
3548 1044 3632 1093 ἐπὶ
3651 1042 3719 1109 τῷ

2169 1138 2386 1208 μεγέθει
2416 1138 2521 1190 τῶν
2553 1138 2849 1204 γεγονότων
2881 1138 2958 1198 είς
2981 1136 3071 1187 τὸν
3098 1135 3244 1197 λαὸν,
3277 1131 3554 1186 κάνταῦθά
3579 1146 3715 1200 φησι’

2166 1229 2260 1280 καὶ
2286 1227 2454 1280 πολλά
2485 1226 2542 1278 δὲ
2573 1226 2795 1278 τοιαῦτα
2828 1225 2977 1294 εὖροι
3003 1242 3082 1287 τις
3111 1224 3174 1277 ἄν
3195 1241 3209 1254 ·
3249 1222 3434 1292 ὥσπερ
3465 1217 3558 1275 οῦν
3590 1222 3671 1274 καὶ
3696 1223 3721 1272 6

2169 1317 2438 1388 μακάριος
2482 1316 2747 1387 Ἱερεμίας
2781 1315 2950 1384 φησί’
3006 1334 3023 1366 ι
3053 1315 3116 1367 Τί
3143 1316 3224 1367 ὅτι
3259 1314 3374 1375 όδὸς
3401 1313 3611 1366 ἀσεϐῶν
3638 1314 3718 1364 εύ-

2165 1408 2418 1474 οδοῦται,
2468 1407 2782 1478 ηὐθήνησαν
2835 1407 3032 1469 πάντες
3079 1406 3128 1456 οἱ
3174 1403 3488 1464 ἀθετοῦντες
3542 1401 3721 1468 ἀθετὴ-

2166 1517 2344 1568 ματα;
2380 1518 2397 1551 I
2452 1500 2584 1552 Ούδὲ
2631 1499 2738 1570 γάρ
2771 1500 2877 1551 οὐδ’
2919 1491 3072 1559 οὗτος
3115 1496 3206 1548 τὸν
3254 1495 3383 1546 Θεὸν
3417 1491 3722 1562 αἰτιώμενος

2169 1591 2337 1658 λέγει,
2372 1590 2694 1658 ἀγανακτῶν
2726 1590 2781 1642 δὲ
2813 1590 2896 1657 ἐφ’
2923 1582 3003 1652 οἷς
3028 1588 3291 1657 ἔπραττον
3319 1587 3399 1638 ὅτι
3429 1584 3502 1654 μὴ
3535 1584 3721 1636 διδόασι

2160 1683 2314 1746 δίκας
2333 1700 2348 1715 ο
2386 1682 2616 1751 ἐπείπερ
2647 1683 2694 1734 οί
2731 1681 3001 1751 προφῆται
3026 1680 3223 1740 πάντες
3254 1677 3449 1746 ὁμοίως
3473 1671 3609 1745 ἦσαν
3636 1692 3724 1725 πε·-

489 1768 636 1815 ctum
672 1781 684 1815 :
722 1781 738 1812 ι
774 1760 1022 1826 Domine,
1056 1762 1112 1816 in
1140 1765 1279 1817 coelo
1319 1761 1692 1817 misericordia
1724 1770 1840 1825 tua,
1870 1770 1925 1816 et
1967 1778 2056 1815 ve-

2163 1773 2444 1843 πεισμένοι
2471 1814 2484 1839 ,
2531 1775 2707 1826 ἐκεῖνο
2750 1771 2812 1841 δὴ
2861 1772 2919 1823 τὸ
2953 1770 3102 1840 παρά
3139 1768 3230 1821 τοῦ
3272 1767 3540 1838 μακαρίου
3575 1765 3722 1818 Δαυῒδ

491 1853 628 1908 ritas
656 1861 744 1907 tua
774 1869 947 1922 usque
979 1854 1044 1907 ad
1080 1855 1252 1908 nubes
1285 1873 1297 1907 :
1326 1854 1542 1923 justitia
1575 1862 1688 1916 tua,
1723 1855 1868 1909 sicut
1900 1869 2062 1907 mon-

490 1951 572 1997 tes
606 1941 730 2008 Dei;
766 1943 974 2011 judicia
1023 1950 1114 1997 tua
1149 1944 1380 2013 abyssus
1424 1945 1591 1998 multa
1624 1945 1668 1976 “
1703 1962 1713 1996 :
1749 1963 1767 1996 ›
1807 1955 1927 2013 quae
1971 1944 2060 1997 ni-

489 2038 689 2091 mirum
731 2038 885 2104 dicit,
927 2039 1317 2107 bcnignitatem
1359 2039 1450 2096 Dei
1481 2039 1760 2095 demirans
1789 2055 1915 2110 erga
1964 2040 2065 2094 hoc

488 2136 665 2189 mines
697 2144 957 2205 tanquam
999 2134 1288 2199 inﬁnitam,
1312 2142 1365 2190 et
1389 2135 1534 2205 quod
1579 2139 1803 2189 multam
1838 2137 1905 2190 dc
1940 2137 2061 2190 viro

483 2231 633 2297 justo
665 2239 819 2300 gerat
856 2230 1305 2294 sollicitudinem,
1350 2231 1823 2300 imperscrutabile
1871 2232 2058 2286 dicens

488 2319 584 2375 Dei
629 2335 857 2374 examen
918 2329 972 2374 et
1013 2320 1305 2389 judicium,
1357 2336 1466 2389 quo
1508 2337 1661 2377 seras
1703 2323 2058 2390 peccantibus

488 2426 680 2481 pinnas
711 2412 967 2480 imponit,
997 2427 1136 2480 quas
1159 2426 1302 2481 saape
1326 2412 1524 2475 diﬂ‘ert,
1552 2427 1862 2482 quanquam
1891 2415 2057 2467 multa

491 2505 631 2558 inter
653 2503 902 2557 homines
929 2503 1069 2555 mala
1093 2511 1397 2558 versentur.
1419 2502 1620 2557 Eodem
1653 2519 1877 2573 prorsus
1899 2506 2059 2560 modo

491 2595 584 2649 hic
635 2609 852 2663 quoque
907 2593 1041 2648 dicit
1101 2593 1366 2663 propheta
1399 2635 1414 2658 ,
1473 2595 1754 2664 iniquitau'
1812 2597 2058 2652 irascens

487 2686 797 2754 principum
837 2685 1042 2754 populi,
1080 2686 1170 2753 qui
1220 2687 1444 2738 multam
1475 2686 1789 2756 variamque
1816 2688 2060 2758 pauperi-

487 2776 591 2830 bus
638 2773 894 2842 injuriam
954 2771 1225 2828 faciebant
1264 2793 1274 2828 :
1317 2789 1643 2845 magnopere
1693 2778 1910 2846 quidem
1965 2793 2057 2832 co-

485 2878 756 2934 gnoscens
785 2863 948 2934 digna
974 2877 1096 2916 esse
1124 2863 1409 2933 suppliciis
1438 2880 1502 2920 ea
1533 2881 1654 2935 quae
1695 2867 1916 2930 ﬁebant,
1960 2869 2057 2923 do-

483 2954 605 3009 lens
655 2960 836 3009 autem
887 2953 1032 3022 quod
1078 2953 1186 3008 Deo
1233 2955 1494 3009 ultionem
1535 2955 1838 3020 differente,
1887 2960 2053 3014 multa

485 3041 750 3097 adversus
777 3056 1047 3112 pauperes
1065 3043 1270 3110 vigeret
1296 3042 1582 3111 injustitia.
1617 3043 1930 3114 Propterea,
1956 3064 2053 3104 ceu
2083 3077 2124 3132 ρ

483 3133 580 3202 qui
631 3146 772 3201 saepe
821 3130 1160 3199 expetiverat
1200 3130 1499 3185 vindictam
1548 3131 1616 3186 de
1666 3133 1733 3187 iis
1779 3135 1899 3202 capi
1947 3144 2054 3188 tam

483 3237 651 3292 prave
707 3221 1017 3292 agentibus,
1066 3221 1199 3275 nihil
1246 3235 1376 3276 vero
1416 3221 1842 3291 impetraverat:
1899 3243 1917 3275 ι
1956 3225 2059 3281 Us-

481 3324 720 3380 quequo,
777 3308 974 3378 inquit,
1035 3306 1261 3362 Domine
1309 3308 1580 3370 clamabo,
1631 3316 1684 3360 et
1730 3323 1841 3362 non
1887 3325 2058 3363 exau-

483 3401 639 3456 dies?
681 3419 699 3452 ι
737 3399 871 3453 Nam
913 3409 1129 3468 sumpta
1161 3399 1264 3453 sibi
1306 3397 1630 3466 patientium
1685 3396 1891 3464 injuste
1929 3415 2058 3468 pcr-

483 3508 616 3547 sona
643 3491 809 3545 dicit:
833 3489 1133 3559 Quousque
1164 3489 1381 3543 tandem
1414 3488 1653 3544 miseriis
1679 3489 1866 3544 multis
1895 3505 2056 3544 exer-

481 3585 624 3638 citus
692 3583 867 3636 clamo
931 3589 1084 3634 tuum
1151 3595 1454 3650 exposcens
1510 3580 1817 3646 auxilium,
1876 3597 2052 3651 neque

481 3686 662 3730 tamen
697 3673 747 3727 id
784 3672 1050 3743 impetro?

2163 1864 2482 1934 λεγόμενον·
2525 1880 2542 1912 ι
2575 1862 2765 1933 Κύριε,
2797 1863 2854 1914 ὲν
2890 1859 2966 1930 τῷ
2996 1857 3207 1928 οὐρανῷ
3248 1857 3309 1909 τὸ
3355 1855 3500 1917 ἔλεός
3543 1871 3646 1916 σου,
3691 1853 3722 1918 ἡ

2163 1953 2390 2024 ἀλήθειά
2424 1969 2515 2005 σου
2553 1952 2657 2012 ἕως
2701 1951 2807 2003 τῶν
2839 1948 3093 2019 νεφελῶν,
3123 1949 3155 2018 ἡ
3186 1944 3496 2011 δικαιοσύνη
3536 1961 3622 1995 σου
3653 1943 3721 2002 ὡς

2161 2046 2262 2114 ὖρη
2292 2044 2446 2107 Θεοῦ,
2490 2043 2558 2095 τὰ
2592 2041 2836 2111 κρίματά
2874 2057 2967 2092 σου
3012 2040 3246 2099 ἄϐυσσος
3279 2034 3482 2104 πολλή·
3521 2053 3538 2083 ι
3591 2033 3724 2096 άπερ

2161 2131 2253 2188 οῦν
2299 2135 2401 2204 ἔφη
2449 2136 2541 2188 καὶ
2591 2134 2688 2204 τὴν
2727 2131 3132 2202 φιλανθρωπίαν
3175 2126 3606 2194 ἐκπληττόμενος
3636 2120 3721 2174 τοῦ

2161 2226 2296 2278 Θεοῦ
2343 2227 2419 2288 ὡς
2451 2225 2756 2295 ἀμέτρητον
2791 2219 2972 2283 οὖσαν,
3007 2219 3228 2291 (β.556)
3268 2219 3361 2270 καὶ
3393 2215 3488 2267 τοῦ
3523 2213 3720 2266 δικαίου

2161 2318 2258 2388 τὴν
2287 2317 2540 2388 φροντίδα
2569 2317 2650 2369 ὅτι
2680 2315 2880 2383 πολλήν
2921 2331 2983 2380 γε
3021 2314 3250 2364 ποιεῖται
3281 2308 3484 2378 ταύτην
3506 2325 3518 2338 ·
3574 2306 3722 2372 ἀνέφ-

2163 2427 2307 2462 ικτον
2336 2409 2391 2460 δὲ
2418 2403 2557 2460 εἶναι
2587 2406 2758 2475 λέγων
2785 2405 2876 2458 τοῦ
2901 2403 3034 2457 Θεοῦ
3058 2403 3153 2474 τὴν
3173 2402 3498 2471 δοκιμασίαν
3526 2400 3616 2452 καὶ
3633 2398 3722 2467 τὴν

2161 2501 2359 2568 κρίσιν,
2395 2498 2513 2552 καθ’
2552 2499 2617 2567 ἣν
2648 2499 2747 2550 οὐκ
2773 2497 2950 2563 ὀξείας
2983 2496 3175 2562 ὲπάγει
3204 2497 3312 2554 τοῖς
3347 2493 3595 2545 πταίουσι
3632 2490 3721 2550 τὰς

2159 2591 2444 2659 τιμωρίας,
2477 2588 2831 2642 ἀναϐάλλεται
2862 2587 2917 2639 δὲ
2956 2586 3124 2650 αύτάς
3153 2585 3432 2646 πολλάκις.
3465 2583 3637 2636 καίτοι
3664 2597 3721 2647 γε

2160 2685 2216 2735 ὲν
2250 2681 2554 2753 ἀνθρώποις
2583 2680 2791 2732 πολλῶν
2834 2679 3149 2748 πασχόντων
3178 2676 3383 2739 κακῶς.
3431 2675 3536 2728 Τὸν
3566 2674 3720 2727 αὑτὸν

2158 2774 2220 2844 δὴ
2239 2775 2437 2844 τρόπον
2465 2774 2557 2825 καὶ
2580 2775 2606 2825 6
2633 2773 2913 2841 προφήτης
2945 2769 3176 2822 ἐνταῦθά
3200 2786 3382 2838 φησιν,
3408 2765 3721 2836 ἀγανακτῶν

2157 2866 2250 2917 ἐπὶ
2294 2867 2358 2934 τῇ
2412 2863 2594 2933 ἀδικίᾳ
2627 2862 2734 2915 τῶν
2767 2864 2823 2914 ἐν
2871 2861 2950 2931 τῷ
2992 2860 3106 2930 λαῷ
3137 2859 3591 2920 δυναστευόντων,
3636 2857 3722 2910 καὶ

2161 2953 2359 3022 πολλήν
2404 2969 2527 3005 τινα
2559 2951 2652 3002 καὶ
2702 2950 3037 3020 πολύτροπον
3081 2952 3192 3012 τοῖς
3240 2949 3434 3019 πένησι
3490 2948 3588 3016 τὴν
3633 2949 3723 3000 ἑπ-

2158 3045 2345 3114 ήρειαν
2373 3043 2682 3110 ἐπαγόντων
2709 3055 2724 3071 ο
2775 3042 2867 3093 καὶ
2898 3041 3100 3111 σφόδρα
3127 3041 3224 3110 μὲν
3253 3039 3426 3102 εἰδὼς,
3464 3041 3544 3102 ὡς
3566 3055 3724 3107 τιμω-

2163 3134 2284 3204 ρίας
2312 3132 2437 3196 ἀξια
2465 3131 2533 3184 τὰ
2569 3130 2939 3202 πραττόμενα,
2973 3128 3196 3198 ἀθυμῶν
3229 3129 3288 3182 δὲ
3316 3129 3397 3182 ὅτι
3429 3129 3532 3196 τὴν
3563 3144 3725 3196 τιμωρ

2159 3223 2280 3292 ρίαν
2307 3221 2737 3291 ἀναϐαλλομένου
2761 3221 2855 3273 τοῦ
2886 3221 3042 3285 Θεοῦ,
3077 3220 3245 3290 πολλή
3275 3237 3357 3283 τις
3391 3221 3423 3288 ἠ
3451 3220 3596 3272 κατά
3627 3218 3726 3269 τῶν

2159 3312 2403 3382 πενήτων
2434 3309 2640 3377 γίνεται
2681 3310 2880 3362 ἀδικία.
2930 3310 3026 3361 Διά
3065 3309 3220 3361 τοῦτο
3249 3310 3324 3372 ὡς
3348 3309 3412 3362 ἂν
3457 3307 3714 3367 πολλάκις

2157 3403 2385 3472 αἰτήσας
2437 3400 2530 3454 τοῦ
2575 3400 2709 3452 Θεοῦ
2763 3402 2857 3470 τὴν
2904 3402 3176 3471 τιμωρίαν
3219 3400 3579 3470 ἐπενεχθῆναι
3624 3401 3726 3459 τοῖς

2159 3493 2302 3545 οὕτω
2323 3492 2803 3562 διαπραττομένοις
2829 3491 3029 3554 κακῶς,
3064 3491 3266 3554 ἀνύσας
3291 3491 3345 3543 δὲ
3371 3491 3536 3543 πλέον
3559 3490 3722 3548 οὐδὲν,

2165 3601 2182 3634 ι
2214 3583 2358 3644 Ἕως
2387 3581 2546 3642 τίνος,
2589 3582 2740 3650 φησι,
2790 3579 2981 3650 Κύριε,
3025 3580 3360 3650 κεκράξομαι
3405 3583 3504 3633 καὶ
3550 3582 3609 3632 ού
3656 3581 3724 3648 μὴ

2159 3670 2501 3740 είσακούσῃς,
2527 3671 2792 3740 βοήσομαι
2815 3672 2945 3740 πρὸ,
2978 3672 3035 3723 σὲ
3067 3671 3433 3741 ἀδικούμενος,
3449 3674 3547 3725 καὶ
3573 3672 3631 3723 οὐ
3655 3671 3725 3738 μὴ

483 3763 737 3838 σώσῃςςο
778 3761 1082 3816 Ἀναλαϐὼν
1104 3760 1210 3831 γάρ
1232 3761 1290 3812 τὸ
1314 3761 1421 3813 τῶν
1442 3759 1810 3831 ἀδικουμένων
1834 3763 2120 3832 πρόσωπον
2174 3762 2315 3814 οὕτω
2349 3762 2530 3829 φησιν,
2567 3760 2647 3812 ὄτι
2685 3761 2843 3828 Ἀχρι
2887 3758 3029 3824 τίνος
3074 3762 3131 3812 ἐν
3175 3759 3572 3829 ταλαιπωρίαις
3608 3757 3730 3811 πολ-

480 3857 596 3920 λαῖς
626 3855 1006 3924 ἐξεταζόμενος
1030 3852 1136 3923 βοῶ
1167 3852 1265 3922 μὲν
1298 3852 1464 3905 αίτῶν
1494 3853 1592 3922 τὴν
1622 3853 1719 3924 σὴν
1762 3853 2028 3923 βοήθειαν,
2054 3855 2114 3906 οὐ
2143 3854 2390 3923 τυγχάνω
2413 3853 2468 3904 δὲ
2499 3854 2732 3921 ταύτης;

562 3970 724 4024 Vens.
758 3965 876 4020 5-5.
909 3995 977 4006 --
1007 3983 1024 4014 ι
1057 3964 1240 4029 Quare
1271 3964 1401 4016 mihi
1437 3963 1728 4040 ostendisti
1765 3965 1979 4018 labores
2002 3975 2055 4018 et

482 4063 718 4123 dolores,
789 4058 976 4112 videre
1034 4055 1310 4111 miseriam
1367 4063 1421 4108 et
1480 4055 1901 4124 impietatem?»
1967 4054 2053 4107 Nil

483 4149 631 4205 aliud
675 4147 921 4219 quotidie
957 4146 1117 4200 video
1160 4147 1266 4200 nisi
1321 4144 1563 4199 laborem
1615 4154 1781 4214 atque
1827 4161 2053 4215 pressu-

484 4257 621 4306 ram,
668 4254 830 4310 quam
873 4239 1015 4292 mala
1057 4245 1236 4291 mente
1281 4237 1557 4307 principes
1587 4238 1922 4306 pauperibus
1967 4239 2050 4289 in—

483 4332 625 4386 ferre
667 4335 958 4384 conantur.
993 4346 1011 4378 ι
1049 4328 1252 4382 Contra
1294 4342 1379 4380 me
1411 4324 1613 4380 factum
1647 4339 1728 4382 est
1756 4327 2049 4396 judicium,

481 4432 535 4476 et
575 4419 744 4490 judex
790 4417 1006 4487 accipit.
1055 4416 1353 4485 Propterea
1409 4415 1675 4484 dissipata
1719 4425 1804 4469 est
1842 4415 1950 4477 lex,
1998 4425 2053 4469 et

484 4529 594 4566 non
624 4510 914 4566 deducitur
946 4509 1012 4562 ad
1047 4506 1205 4561 linem
1236 4504 1525 4575 judicium.
1568 4524 1586 4556 ι
1623 4503 1836 4571 Queror
1873 4507 2056 4573 itaque

481 4604 624 4674 quod
663 4617 804 4672 saepe
848 4600 982 4665 vidi,
1018 4613 1214 4666 nempe
1240 4597 1453 4666 judicio
1499 4596 1770 4660 instituto,
1798 4596 1890 4663 jus
1930 4610 2050 4648 om-

482 4694 615 4749 nino
635 4691 932 4756 contemni,
963 4688 1058 4744 sed
1083 4689 1468 4758 respicientem
1495 4700 1762 4755 personas
1788 4684 2052 4752 judiccm,

482 4785 627 4838 hunc
655 4783 757 4838 sibi
792 4795 1096 4851 proponere
1124 4778 1408 4834 sententia:
1432 4791 1544 4832 sua:
1570 4790 1823 4844 scopum,
1857 4788 2055 4826 cumu-

482 4872 648 4926 lando
704 4871 916 4924 scilicet
953 4868 1116 4938 234
1145 4867 1394 4937 oppressi
1450 4864 1864 4920 detrimentum.
1917 4861 2055 4914 Hinc

483 4959 663 5028 legum
695 4967 912 5012 tuarum
944 4958 1289 5011 observantia
1319 4955 1632 5025 negligitur,
1668 4953 1928 5022 nullaque
1955 4952 2053 5004 ha-

482 5061 610 5100 rum
631 5045 770 5100 ratio
804 5045 1036 5099 habetur
1062 5064 1073 5099 :
1101 5047 1304 5101 nullius
1321 5045 1513 5115 judicii
1539 5045 1716 5100 bonus
1746 5051 1830 5098 est
1852 5043 2052 5105 exitus,

486 5135 583 5189 sed
635 5133 927 5187 manifesta
978 5134 1269 5202 iniquitate
1315 5136 1545 5189 laborat.
1603 5151 1622 5183 (
1660 5131 1799 5198 Quia
1852 5132 2056 5200 impius

486 5223 744 5292 praevalet
801 5223 1063 5276 adversus
1091 5223 1320 5291 justum.
1358 5244 1376 5275 ι
1412 5225 1514 5290 Qui
1560 5224 1725 5293 igitur
1763 5223 1928 5292 impie
1965 5224 2047 5276 vi-

487 5313 642 5370 vunt,
676 5314 730 5358 et
757 5305 996 5373 legitima
1026 5314 1116 5362 tua
1142 5311 1296 5379 pensi
1328 5326 1437 5364 non
1469 5311 1690 5374 habent,
1721 5311 2048 5379 injuriarum

489 5409 650 5448 omne
692 5409 864 5462 genus
900 5410 999 5464 pro
1045 5412 1142 5450 sua
1192 5400 1549 5469 praepotentis
1584 5401 1638 5453 in
1683 5415 1883 5470 egenos
1921 5415 2048 5454 con-

490 5479 693 5538 ferunt.
734 5482 868 5538 Nam
917 5484 1120 5553 justum
1162 5490 1266 5544 hoc
1316 5493 1435 5544 loco
1467 5491 1599 5544 dicit
1648 5506 1744 5560 pro
1789 5506 2049 5559 oppresso

599 5613 644 5645 "
670 5613 814 5669 Psal.
849 5633 906 5682 ι,
948 5619 996 5671 l.
1110 5625 1152 5655 "
1187 5623 1330 5679 Psal.
1361 5639 1552 5689 ωικιιι,
1578 5625 1626 5678 l.

1739 5626 1783 5657 ¹⁰
1816 5625 1929 5680 Jcr.
1963 5643 2059 5692 xu,
2092 5627 2141 5679 ‘l.

2230 3965 2376 4032 Στίχ.
2410 3969 2547 4030 γ’-ε’.
2601 3991 2669 4002 --
2719 3981 2736 4012 ι
2769 3960 2884 4015 Ἵνα
2919 3964 2972 4013 τί
3019 3981 3106 4032 μοι
3139 3963 3344 4035 ἔδειξας
3387 3965 3594 4024 κόπους
3640 3963 3728 4016 καὶ

2160 4060 2353 4119 πόνους
2379 4057 2688 4110 ἐπιϐλέπειν
2730 4058 2822 4108 ἐπὶ
2851 4057 3222 4126 ταλαιπωρίαν
3251 4057 3342 4110 καὶ
3377 4058 3667 4119 ἀσέϐειανς
3705 4075 3722 4104 ι

2159 4148 2322 4201 Οὐδὲν
2347 4148 2475 4216 γοῦν
2504 4149 2690 4218 ἕτερον
2719 4147 2840 4199 καθ’
2878 4147 3112 4216 ἑκάστην
3149 4145 3360 4214 ἡμέραν
3390 4145 3526 4215 ὁρῶ,
3559 4145 3670 4199 ἀλλ’
3694 4143 3724 4211 ἢ

2161 4237 2319 4289 πόνον
2351 4237 2445 4290 καὶ
2476 4235 2783 4306 συντριϐὴν,
2817 4236 2882 4304 ἢν
2914 4236 2962 4286 οἱ
3001 4234 3414 4296 δυναστεύοντες
3450 4234 3638 4286 ἀσεϐεῖ
3663 4235 3722 4298 τῇ

2158 4327 2351 4398 γνώμῃ
2369 4329 2481 4390 τοῖς
2507 4328 2729 4395 πένησιν
2757 4327 2979 4393 ἐπάγειν
3001 4326 3312 4395 πειρῶνται.
3349 4343 3367 4375 ι
3392 4324 3726 4389 Ἐξεναντίας

2159 4435 2258 4486 μου
2288 4418 2479 4485 γέγονε
2513 4418 2712 4488 κρίσις,
2741 4417 2833 4469 καὶ
2865 4419 2892 4468 6
2920 4415 3110 4487 κριτὴς
3144 4415 3429 4484 λαμϐάνει·
3464 4415 3553 4467 διὰ
3576 4413 3727 4467 τοῦτο

2153 4508 2519 4561 διεσκέδασται
2567 4509 2748 4577 νόμος,
2786 4506 2860 4576 (p.
2893 4507 3016 4575 557)
3066 4507 3157 4559 καὶ
3202 4507 3261 4558 ού
3301 4505 3611 4572 διεξάγεται
3653 4506 3728 4564 είς

2155 4599 2306 4660 τέλος
2334 4600 2526 4668 κρῖμα.
2553 4616 2572 4650 ι
2627 4598 2896 4668 Αίτιῶμαι
2923 4597 3050 4665 γοῦν
3090 4596 3125 4650 ἃ
3156 4597 3412 4659 πολλάκις
3453 4593 3617 4656 εἶδον,
3648 4595 3727 4646 ὅτι

2153 4685 2306 4756 δίκης
2340 4686 2808 4756 συγκροτουμένης
2861 4688 3167 4756 παρορᾶται
3214 4687 3311 4754 μὲν
3351 4684 3634 4746 παντελῶς
3670 4681 3729 4734 τὸ

2154 4777 2378 4840 δίκαιον,
2407 4777 2543 4846 πρὸς
2577 4778 2830 4846 σχήματα
2856 4777 2911 4828 δὲ
2943 4776 3086 4847 ὁρῶν
3105 4779 3133 4829 6
3162 4777 3421 4845 δικαστὴς
3462 4776 3639 4844 τούτῳ
3672 4772 3728 4825 τὸ

2157 4866 2329 4935 πέρας
2371 4868 2601 4918 ποιεῖται
2631 4865 2732 4934 τῆς
2770 4865 2957 4934 δίκης,
3002 4865 3251 4928 ὲπαύξων
3299 4863 3376 4932 τῷ
3411 4861 3727 4932 ἠδικημένῳ

2154 4957 2252 5026 τὴν
2276 4955 2504 5026 βλάϐην·
2549 4956 2793 5010 ἐντεῦθεν
2817 4955 2946 5023 γοῦν
2969 4954 3240 5025 ἠμέληται
3281 4955 3379 5023 μὲν
3413 4954 3528 5007 τῶν
3551 4956 3726 5022 νόμων

2155 5046 2261 5099 τῶν
2292 5045 2398 5098 σῶν
2428 5048 2460 5115 ἡ
2485 5046 2759 5116 ἀκρίϐεια,
2783 5047 2877 5098 καὶ
2903 5045 3057 5113 λόγος
3086 5045 3292 5098 τούτων
3319 5045 3502 5108 οὐθεὶς
3530 5043 3722 5097 οὐδενί·

2153 5136 2273 5207 δίκη
2307 5137 2361 5188 δὲ
2382 5137 2604 5206 οὐδεμία
2634 5124 2803 5205 πέρας
2841 5135 3051 5204 δέχεται
3084 5135 3336 5205 χρηστόν,
3362 5135 3480 5186 ἀλλ’
3512 5137 3591 5196 είς
3619 5134 3730 5186 d6:—

2155 5228 2280 5279 κίαν
2323 5226 2586 5298 πρόδηλον
2638 5228 2899 5296 καταντᾷ.
2959 5245 2976 5276 ι
3009 5227 3133 5278 ’ὐτι
3171 5229 3198 5278 ὁ
3232 5226 3435 5292 ἀσεϐὴς
3495 5225 3730 5276 καταδυ-

2155 5317 2400 5370 ναστεύει
2427 5317 2518 5371 τὸν
2543 5317 2769 5371 δίκαιον.
2797 5337 2814 5370 ι
2835 5320 2895 5371 Oi
2925 5317 3056 5386 γοῦν
3081 5319 3302 5386 ἀσεϐείᾳ
3334 5316 3607 5380 συζῶντες
3637 5315 3730 5367 καὶ

2158 5405 2266 5457 τῶν
2300 5403 2407 5457 σῶν
2435 5406 2682 5474 νομίμων
2710 5405 2901 5458 οὐδένα
2936 5405 3244 5475 ποιούμενοι
3289 5405 3465 5472 λόγον,
3502 5405 3612 5456 πᾶν
3650 5399 3727 5453 εἷ-

2158 5493 2241 5556 δος
2273 5493 2535 5564 ἐπηρείας
2567 5494 2707 5548 κατὰ
2744 5496 2842 5566 τὴν
2869 5496 3075 5549 οἰκείαν
3099 5495 3418 5550 δυναστείαν
3457 5496 3727 5562 ἐπάγουσι

2253 5629 2293 5659 ²¹
2323 5626 2468 5683 Psal.
2512 5643 2672 5694 xxxv,
2714 5627 2765 5682 6.
