3830 6216
142 287 231 342 429

1114 277 1669 335 COMMENTARIUS
1707 276 1771 331 IN
1814 278 2161 337 HABACUCI
2201 282 2353 336 CAP.
2390 283 2428 336 l.

3266 287 3377 345 1'50

142 406 244 467 τοῖς
274 401 619 472 πενομένοιςο
669 400 876 454 δίκαιον
927 399 1033 469 γὰρ
1079 398 1314 452 ἐνταῦθα
1356 398 1446 451 τὸν
1480 399 1698 452 ἀδικού-

1810 415 2058 470 paupere,
2115 402 2209 471 qui
2256 402 2462 469 justam
2505 402 2834 470 impetrandi
2872 402 3244 459 defensionem
3291 407 3378 461 di-

145 512 287 564 μενον
330 493 537 563 πένητα
581 493 774 554 καλεῖ,
827 491 902 554 ὠς
944 491 1155 553 δικαίας
1197 507 1260 558 γε
1311 492 1409 561 τῆς
1457 491 1698 555 ἐκδικίας

141 586 465 655 τευξόμενον.
528 602 547 635 ι
580 584 807 637 Ἕνεκεν
834 582 1027 635 τούτου
1059 582 1396 646 ἐξελεύσεται
1421 582 1482 635 τὸ
1527 586 1699 652 κρῖμα

140 675 569 745 διεστραμμένον.
618 693 636 725 ι
685 673 965 728 Ἐντεῦθεν
1008 673 1127 725 οὐδὲ
1178 672 1327 743 παρὰ
1369 671 1462 725 τοῦ
1508 672 1695 743 κριτοῦ

139 766 407 834 γινόμενόν
433 783 487 817 τι
519 765 594 834 μὴ
637 764 1067 835 διεστραμμένον
1096 763 1197 816 ἴδοι
1232 781 1314 826 τις
1356 764 1422 816 ἄν
1450 781 1462 794 ο
1511 764 1697 833 ἐπειδὴ

140 857 375 917 κάκεῖνος
401 854 621 923 ἀμελῶν
650 852 742 906 τοῦ
774 853 987 905 δικαίου
1015 853 1152 922 πρὸς
1191 852 1282 905 τὸν
1308 851 1699 905 δυναστεύοντα

136 948 225 1015 τὴν
258 947 440 998 πᾶσαν
475 944 588 1014 ἐχει
626 946 817 1015 ῥοπήν.
861 940 997 997 Εἶτα
1041 945 1138 1013 τὴν
1170 943 1279 995 τῶν
1310 942 1697 1013 πραττομένων

136 1036 514 1105 αἰτιασάμενος
541 1034 769 1088 ἀτοπίαν
800 1035 858 1086 ἐν
883 1033 1118 1097 τούτοις,
1159 1034 1354 1101 ἐπάγει
1394 1032 1575 1085 λοιπὸν
1601 1031 1697 1101 τὴν

136 1126 393 1193 τιμωρίαν
420 1141 435 1154 ·
490 1124 565 1186 ὠς
606 1124 672 1176 ἂν
713 1124 849 1193 μετὰ
894 1122 991 1193 τὴν
1042 1121 1278 1186 ἔντευξιν
1303 1121 1413 1173 τῶν
1448 1121 1581 1190 πρὸς
1608 1120 1697 1173 τὸν

134 1216 254 1267 Θεὸν
286 1216 345 1279 ἐξ
390 1212 786 1281 ἀποκαλύψεως
830 1212 979 1275 θείας
1027 1210 1281 1278 ἐγνωκώς
1312 1227 1373 1262 τε
1402 1210 1571 1279 αὐτὴν
1605 1210 1700 1262 καὶ

136 1306 345 1375 μηνύων
380 1306 819 1363 ἃπασιδικαίως.
875 1321 893 1353 ι
930 1304 1117 1365 Ἴδετε,
1163 1304 1211 1354 οἰ
1265 1300 1697 1371 καταφρονηταὶ,

132 1399 216 1447 καὶ
243 1396 589 1464 ἐπιϐλέψατε,
622 1396 714 1449 καὶ
738 1395 1074 1463 θαυμάσατε·
1109 1394 1202 1446 καὶ
1231 1392 1368 1445 ἴδετε
1397 1392 1695 1461 θαυμάσια,

132 1490 219 1540 καὶ
246 1486 577 1556 ἀφανίσθητε
602 1504 615 1515 ·
659 1486 791 1539 διότι
825 1486 983 1554 ἔργον
1015 1484 1126 1553 ἐγὼ
1157 1485 1460 1555 ἐργάζομαι
1488 1486 1544 1536 ἐν
1586 1485 1701 1545 ταῖς

131 1577 356 1646 ἡμέραις,
407 1576 594 1646 ὑμῶν,
654 1575 682 1628 ὃ
727 1575 787 1627 ού
823 1574 896 1645 μὴ
929 1574 1255 1643 πιστεύσητε
1300 1575 1392 1627 ἐάν
1432 1590 1515 1635 τις
1555 1572 1698 1625 ἐκδι-

135 1670 347 1736 ηγῆται.
374 1685 394 1717 ι
435 1668 509 1735 (ρ.
536 1667 661 1733 558)
725 1666 885 1719 Ἀλλὰ
933 1667 1041 1736 γὰρ
1077 1666 1177 1718 οὐκ
1230 1667 1309 1728 εἰς
1338 1664 1398 1717 τὸ
1440 1663 1701 1724 παντελὲς

1800 508 1942 561 gnus
1994 503 2133 546 erat.
2196 513 2214 545 ι
2246 493 2541 564 Propterea
2584 496 2896 563 egredietur
2930 496 3197 564 judicium
3246 497 3386 568 ρει-ἐ

1803 598 2042 637 versum.
2080 602 2097 633 ι
2141 582 2279 637 Hinc
2310 584 2442 636 nihil
2468 599 2533 637 ne
2560 599 2588 635 a
2622 584 2806 652 judice
2837 585 3056 653 quidem
3104 587 3210 642 nisi
3254 604 3379 657 per-

1800 687 2020 727 versum
2080 674 2194 727 fieri
2227 674 2520 742 quisquam
2552 675 2762 739 videat;
2798 692 2919 728 nam
2960 684 3013 730 et
3043 677 3171 739 iste,
3216 680 3380 747 aequi-

1800 769 1910 816 tate
1938 763 2165 828 omissa,
2196 762 2262 816 ad
2288 772 2557 832 potentem
2594 771 2708 818 toto
2740 767 2823 819 sui
2853 766 3091 835 pondere
3123 768 3374 823 inclinat.

1801 851 2005 906 Deinde
2038 854 2178 905 hanc
2206 868 2427 921 operum
2458 855 2755 907 suavitatem
2790 856 3131 925 vituperans,
3155 872 3376 926 prunam

1802 957 1925 996 mox
1962 942 2170 1006 subdit,
2205 944 2363 1011 quasi
2399 943 2537 997 hanc
2568 944 2621 996 in
2652 951 2889 999 tractatu
2918 962 3043 1000 cum
3079 946 3189 1001 Deo
3219 964 3380 1003 reve-

1802 1033 2001 1087 latione
2033 1048 2268 1102 superna
2318 1034 2585 1100 novisset,
2634 1050 2870 1104 eamque
2919 1039 3115 1092 merito
3158 1042 3377 1095 cunctis

1800 1124 2168 1193 portenderet.
2207 1144 2224 1174 ι
2267 1123 2476 1185 Videte,
2524 1132 2964 1195 contemptores,
3010 1137 3063 1182 et
3095 1131 3374 1199 respicite,

1802 1216 2243 1279 etadmiramini,
2294 1227 2348 1270 et
2385 1224 2629 1285 spectate
2673 1218 2962 1282 mirabilia,
3006 1229 3061 1273 et
3104 1220 3378 1291 disperdi-

1803 1306 1955 1370 mini,
1982 1306 2110 1374 quia
2144 1321 2281 1374 opus
2308 1321 2408 1374 ego
2441 1320 2638 1374 operor
2674 1306 2726 1359 in
2754 1307 2945 1363 diebus
2980 1311 3201 1375 vestris,
3228 1313 3375 1380 quod

1802 1413 1910 1451 non
1968 1396 2267 1451 crederetis
2317 1398 2361 1450 si
2421 1398 2543 1465 quis
2600 1406 2867 1452 narraret.
2903 1417 2921 1450 ι
2986 1399 3376 1455 Verumtamen

1803 1491 1948 1543 haud
2004 1500 2267 1560 perpetuo
2314 1491 2431 1545 haec
2482 1505 2510 1543 a
2544 1491 2699 1545 vobis
2745 1491 2861 1545 fieri
2905 1500 3161 1561 poterunt
3205 1494 3377 1549 divini

1798 1579 1991 1649 judicii
2058 1578 2530 1648 contemptoribus
2585 1597 2597 1631 :
2644 1578 2897 1634 videbitis
2969 1581 3112 1634 enim
3180 1584 3377 1635 miram

1803 1667 2091 1737 quamdam
2114 1667 2451 1736 punitionem
2479 1666 2965 1735 vobisimpactam,
2994 1669 3377 1723 etomnimodo

134 1757 255 1825 ὑμῖν
292 1756 507 1819 ἐξέσται
544 1753 768 1807 τοιαῦτα
805 1758 976 1806 ποιεῖν
1015 1756 1112 1824 τῆς
1157 1756 1391 1825 κρίσεως
1422 1770 1698 1823 καταφρο-

1810 1757 1972 1809 exitio
2023 1770 2248 1823 parem;
2303 1769 2539 1823 namque
2592 1754 2666 1807 ita
2714 1754 2856 1808 Deus
2889 1755 3168 1811 vobiscum
3216 1767 3372 1829 aget:

130 1847 275 1899 νοῦσι
299 1849 397 1917 τῆς
431 1846 580 1909 Θείας
601 1865 612 1877 ·
656 1846 853 1914 ὅψεσθε
884 1847 993 1917 γὰρ
1032 1846 1348 1917 θαυμαστήν
1377 1863 1498 1899 τινα
1529 1862 1697 1913 τιμω-

130 1937 247 2007 ρίαν
285 1937 635 2007 ἐπαγομένην
668 1938 796 2005 ὑμῖν
816 1976 831 2001 ,
872 1939 964 1989 καὶ
992 1938 1128 2009 πρὸς
1161 1938 1465 2007 ἀφανισμὸν
1498 1936 1698 2008 ἀρκοῦ-

130 2044 223 2078 σαν
274 2026 548 2096 παντελῆ,
605 2024 793 2094 ἐπειδὴ
839 2024 1064 2078 τοιαῦτα
1112 2027 1239 2096 ὑμῖν
1286 2026 1476 2091 ἐπάξει
1528 2027 1694 2089 Θεὸς·

1805 1846 2004 1914 quippe
2048 1846 2123 1897 ita
2156 1845 2339 1898 valent
2367 1846 2568 1898 verba:
2611 1839 2873 1914 Opusego
2907 1846 3197 1915 operabor,
3231 1851 3377 1917 quod

1806 1933 2125 1987 incredibile
2172 1941 2395 1986 narratu
2440 1932 2734 1996 videbitur,
2771 1941 2897 1988 ante
2949 1935 3112 2004 hujus
3160 1939 3378 2005 experi.

1807 2034 2070 2077 mentum.
2109 2022 2262 2087 Quod
2293 2024 2455 2091 quale
2492 2024 2583 2087 sit,
2620 2023 2790 2077 dicit.

126 2118 279 2170 τοῦτο
302 2118 412 2188 γὰρ
446 2118 616 2185 λέγει,
638 2121 984 2192 Ἐρτονέγὼ
998 2118 1328 2188 ἐργάζομαι,
1354 2119 1381 2170 ὂ
1416 2120 1512 2171 καὶ
1560 2120 1785 2171 ἄπιστον
1826 2114 1889 2167 ἂν
1923 2116 1985 2165 ἐκ
2040 2114 2204 2183 μόνης
2252 2113 2552 2182 διηγήσεως
2599 2113 2807 2179 γένοιτο
2856 2116 2965 2183 πρὸ
2997 2117 3095 2186 τῆς
3144 2111 3337 2184 πείρας
3363 2133 3375 2145 ο

129 2212 273 2262 ποῖον
298 2211 456 2263 τοῦτο
483 2210 677 2279 λέγων.

194 2304 340 2372 Στίχ.
374 2302 526 2374 ς’-η’.
560 2323 657 2356 -ι
688 2304 829 2358 Διότι
861 2304 971 2373 ἐγὼ
1000 2302 1198 2373 ἐγείρω
1228 2305 1353 2365 τοὺς
1381 2304 1699 2365 Χαλδαίους,

128 2395 184 2447 to
206 2393 357 2456 ἔθνος
387 2394 448 2445 τὸ
498 2393 695 2464 πικρὸν
729 2395 821 2447 καὶ
855 2394 915 2446 τὸ
959 2393 1198 2463 ταχινὸν,
1243 2393 1304 2445 τὸ
1340 2392 1701 2463 πορευόμενον

125 2482 214 2532 ἐπὶ
273 2478 344 2531 τὰ
402 2478 580 2548 πλάτη
642 2480 741 2549 τῆς
792 2480 936 2548 γῆς,
995 2479 1091 2531 τοῦ
1151 2478 1702 2548 κατακληρονομῆσαι

127 2567 460 2638 σκηνώματα
489 2568 589 2620 οὐκ
622 2567 807 2621 αὐτοῦ.
837 2586 854 2619 ι
904 2567 1119 2632 Ἐπάξω
1146 2569 1252 2638 γὰρ
1287 2569 1413 2636 ὑμῖν
1444 2568 1568 2629 τοὺς
1599 2566 1704 2618 Βα-

124 2658 419 2720 ϐυλωνίους
467 2660 569 2727 τῆς
596 2659 866 2729 τοσαύτης
898 2659 1053 2729 ὑμῶν
1097 2660 1282 2710 ’ἐνεκεν
1338 2657 1698 2728 παρανομίας,

124 2750 273 2812 ἐθνος
303 2749 609 2820 ὠμότατον,
642 2751 736 2803 καὶ
773 2751 907 2820 μετὰ
943 2749 1136 2802 πολλοῦ
1168 2750 1261 2802 τοῦ
1302 2750 1497 2818 τάχους
1524 2749 1705 2799 ἐπιτε-

122 2840 246 2893 λοῦν
276 2839 312 2893 ἆ
344 2840 613 2909 βούλεται,
659 2841 687 2892 ὃ
722 2843 898 2893 πᾶσαν
949 2840 1036 2892 διά
1076 2840 1177 2909 τὴν
1218 2839 1524 2909 προσοῦσαν
1558 2836 1704 2906 αὐτῷ

124 2932 349 3002 δύναμιν
384 2931 579 3003 μικροῦ
610 2949 673 2999 γε
703 2933 1050 2985 ἐπελεύσεται
1076 2932 1173 3001 τὴν
1203 2931 1328 2999 γῆν,
1356 2930 1431 2992 ὡς
1460 2929 1525 2982 ἂν
1562 2945 1707 2998 περι-

124 3026 337 3078 ϐάλοιτο
387 3025 601 3092 κτῆσιν,
638 3025 735 3092 τὴν
783 3023 1094 3095 μηδαμόθεν
1128 3022 1276 3091 αὐτῷ
1326 3022 1707 3091 προσήκουσαν

123 3112 414 3182 μηδαμῶς.
454 3130 470 3162 ι
491 3111 719 3181 Φοόερὸς
752 3113 845 3164 καὶ
873 3112 1144 3180 ἐπιφανής
1174 3113 1310 3173 ἐστι,
1335 3128 1352 3158 ι
1384 3107 1580 3160 πολλοῦ
1611 3107 1701 3173 γέ-
1733 3096 1775 3153 C

126 3204 242 3273 μῶν
290 3203 388 3256 τοῦ
438 3202 602 3269 φόϐου
638 3202 732 3254 καὶ
766 3202 1081 3271 καταφανὴς
1122 3201 1323 3254 ἆπασιν
1356 3202 1420 3251 ἐκ
1449 3197 1703 3250 δύνασθαι

122 3296 361 3363 μεγάλα.
406 3312 425 3344 ι
451 3293 540 3358 Ἐξ
568 3292 734 3345 αὑτοῦ
761 3292 821 3345 τὺ
848 3296 1021 3365 κρῖμα
1064 3290 1229 3345 αὐτοῦ
1282 3290 1463 3354 ἔσται,
1514 3290 1609 3342 καὶ
1646 3289 1704 3340 τὸ

119 3386 320 3456 λῆμμα
346 3383 513 3437 αὑτοῦ
546 3382 606 3447 ἐξ
627 3383 790 3436 αὑτοῦ
826 3383 1183 3449 ἐξελεύσεται.
1207 3402 1225 3435 ι
1264 3383 1432 3436 Οὐθὲν
1457 3381 1553 3450 τῆς
1586 3380 1704 3432 ἐτέ-

122 3496 219 3548 ρου
238 3478 497 3547 δεόμενος
531 3477 860 3545 συμμαχίας,
881 3476 992 3529 ἀλλ’
1015 3477 1176 3538 αὐτὸς
1198 3475 1373 3544 οἰκείᾳ
1396 3477 1462 3543 τῇ
1482 3473 1705 3540 δυνάμει

123 3569 306 3621 πάντα
335 3568 823 3640 διαπραττόμενος,
859 3566 999 3620 ὥστε
1045 3566 1139 3620 καὶ
1176 3565 1380 3634 κρίνειν
1415 3564 1505 3615 καὶ
1537 3579 1706 3614 κατα-

124 3660 349 3729 κρατεῖν
382 3650 459 3711 ὧν
492 3658 758 3727 βούλεται,
785 3659 978 3728 ἀθρόον
1023 3674 1083 3709 τε
1115 3658 1181 3726 ἢν
1220 3656 1286 3709 ἂν
1335 3653 1492 3723 ἐθέλῃ
1533 3670 1703 3721 τιμω-

125 3747 249 3816 ρίαν
280 3747 512 3814 ἐπάγειν
544 3748 747 3811 αὐτοῖς.
799 3766 818 3799 ι
842 3749 951 3801 Καὶ
982 3745 1295 3809 ἐξαλοῦνται
1327 3744 1465 3812 ὑπὲρ
1506 3741 1707 3812 παρδά-

122 3837 236 3899 λεις
276 3839 328 3889 οἰ
376 3838 533 3890 ἵπποι
562 3838 751 3903 αὑτοῦ,
789 3839 882 3891 καὶ
903 3836 1145 3906 ὀξύτεροι
1179 3834 1318 3903 ὑπὲρ
1350 3834 1477 3897 τοὺς
1510 3833 1707 3895 λύκους

122 3927 222 3996 τῆς
275 3928 580 3998 ’Δραόίας,
621 3929 717 3982 καὶ
768 3928 1156 3994 ἐξιππάσονται
1200 3928 1248 3979 οἰ
1303 3926 1460 3978 ἵπποι
1518 3922 1704 3987 αὐτοῦ,

125 4019 202 4087 (p.
227 4018 359 4087 359)
391 4021 485 4071 καὶ
509 4020 809 4090 ὁρμήσουσι
837 4017 1128 4089 μακρόθεν·
1157 4018 1250 4069 καὶ
1280 4014 1707 4085 πετασθήσονται

122 4109 199 4171 ὡς
217 4110 381 4173 ἀετὸς
400 4111 679 4181 πρόθυμος
711 4112 802 4163 ἐπὶ
830 4110 889 4163 τὸ
916 4112 1125 4179 φαγεῖν.
1150 4127 1167 4160 ι
1206 4107 1449 4160 Ἱππικὸν
1488 4106 1584 4174 μὲν
1615 4105 1708 4157 αύ-

123 4198 200 4268 τῷ
234 4200 757 4269 παρεσκευασμένον
784 4200 900 4252 ἐστὶ
936 4198 1073 4268 πρὸς
1106 4197 1361 4265 πόλεμον,
1391 4191 1708 4264 παρδάλεών

122 4306 179 4340 τε
220 4292 322 4342 καὶ
363 4289 473 4342 τῶν
523 4290 663 4343 κατὰ
685 4290 784 4359 τὴν
835 4288 1090 4358 Ἀραϐίαν
1120 4287 1297 4339 λύκων
1330 4285 1616 4354 ὀξύτερον
1659 4281 1707 4333 οἰ

119 4380 177 4431 δέ
211 4381 545 4443 ἱππεύοντες
590 4379 824 4447 τοσαύτῃ
862 4379 1000 4447 πρὸς
1028 4378 1086 4429 τὸ
1120 4377 1375 4445 πολεμεῖν
1414 4373 1708 4443 κέχρηνται

1873 2298 2041 2355 Vens.
2075 2299 2193 2352 6-8.
2230 2328 2298 2336 --
2326 2316 2343 2348 ι
2382 2297 2521 2362 Quia
2544 2313 2643 2367 ego
2673 2297 2958 2352 Chaldaeos
2983 2307 3210 2362 susc.to,
3255 2315 3377 2368 gen-

1802 2399 1908 2444 tem
1946 2389 2198 2442 acerbam
2245 2396 2298 2441 et
2329 2388 2592 2450 velocem,
2623 2403 2744 2456 quae
2770 2390 3013 2442 ambulat
3054 2404 3220 2458 super
3260 2390 3381 2443 lati-

1806 2479 2023 2531 tudines
2054 2489 2230 2536 terrm,
2266 2483 2324 2529 ut
2355 2477 2633 2545 possideat
2664 2478 3019 2531 tabernacula
3056 2494 3163 2533 non
3193 2494 3312 2533 sua.
3356 2500 3374 2530 ι

1801 2568 2081 2623 Adducam
2130 2575 2326 2621 contra
2388 2583 2486 2622 vos
2526 2567 2873 2638 Babylonios,
2912 2578 3131 2638 propter
3163 2577 3373 2624 tantum

1803 2661 1987 2716 scelus
2005 2667 2267 2725 vestrum,
2302 2667 2517 2731 gentem
2552 2660 2935 2724 saevissimam,
2961 2669 3014 2716 et
3049 2662 3115 2715 ad
3147 2661 3200 2716 id
3232 2664 3381 2732 quod

1802 2752 2038 2806 voluerit
2068 2750 2477 2820 exsequendum
2511 2750 3001 2820 expeditissimam,
3028 2758 3149 2823 qua:
3172 2757 3381 2811 viribus

1803 2843 2007 2913 quibus
2058 2842 2228 2911 pollet
2257 2842 2569 2895 universam
2624 2841 2792 2897 ferme
2826 2850 3029 2898 terram
3069 2848 3382 2915 occupabit.

1813 2939 1871 2985 ut
1900 2945 1961 2984 ea
1999 2930 2103 2985 sibi
2132 2930 2407 2997 subjiciat,
2449 2945 2571 2999 quae
2606 2931 2921 2987 nullatenus
2952 2932 3019 2987 ad
3049 2948 3110 2988 se
3142 2937 3383 3003 pertine-

1804 3022 1954 3073 bant.
2002 3038 2020 3069 σ
2062 3018 2345 3073 Terribilis
2374 3019 2534 3089 235
2565 3028 2618 3074 et
2650 3021 2878 3075 illustris
2934 3031 3018 3076 est
3053 3042 3071 3074 ι
3124 3025 3383 3077 mullum-

1810 3126 1914 3180 que
1964 3118 2229 3164 terrorem
2276 3109 2542 3173 afferens,
2598 3121 2838 3181 notaque
2885 3114 3142 3168 omnibus
3184 3115 3252 3168 ob
3286 3131 3383 3183 po-

1812 3201 1994 3256 tentiaa
2023 3216 2136 3255 sua:
2165 3199 2623 3269 magnitudinem.
2660 3219 2679 3251 ι
2723 3203 2800 3256 Ex
2824 3203 2939 3271 ipsa
2964 3203 3232 3271 judicium
3264 3207 3384 3272 ejus

1810 3291 1939 3354 erit,
1982 3297 2035 3345 et
2074 3288 2379 3356 assumptio
2429 3288 2549 3355 ejus
2590 3303 2656 3341 ex
2689 3289 2805 3358 ipsa
2850 3290 3177 3359 egredietur.
3211 3312 3229 3343 ι
3260 3292 3380 3347 Νυις

1811 3382 1919 3435 lius
1952 3382 2154 3433 auxilio
2203 3379 2478 3449 indigens,
2521 3378 2617 3432 sed
2670 3387 2864 3448 suapte
2904 3384 3143 3449 potentia
3186 3397 3384 3439 cuneta

1812 3486 2140 3540 exsequens,
2191 3470 2265 3522 ita
2311 3476 2369 3521 ut
2412 3477 2466 3523 et
2512 3469 2793 3530 decernat,
2840 3477 2895 3523 ct
2924 3471 3067 3539 quod
3097 3474 3214 3527 vult
3242 3476 3385 3529 obti-

1811 3569 1959 3624 neat,
2010 3560 2357 3627 subitamque
2396 3576 2493 3628 pro
2543 3575 2644 3614 suo
2673 3560 2827 3614 libito
2869 3576 3086 3631 poenam
3132 3566 3384 3623 hostibus

1812 3648 2095 3717 impingat.
2142 3664 2159 3695 ι
2194 3646 2257 3699 Et
2277 3647 2531 3700 exsilient
2566 3648 2686 3716 plus
2708 3663 2867 3715 quam
2905 3650 3060 3718 pardi
3087 3653 3212 3721 equi
3237 3654 3383 3722 ejus,

1812 3746 1866 3790 et
1896 3736 2200 3791 velociores
2238 3736 2383 3805 lupis
2423 3736 2653 3790 Arabiae.
2688 3736 2752 3790 Et
2797 3740 3122 3807 equitabunt
3166 3744 3383 3812 equites

1812 3825 1953 3893 ejus,
2010 3832 2062 3878 et
2101 3824 2168 3878 de
2211 3824 2512 3894 longinquo
2565 3826 2791 3887 irruent.
2828 3836 2883 3881 et
2934 3831 3191 3886 volabunt
3226 3835 3385 3901 quasi

1814 3913 1996 3981 aquila
2034 3912 2101 3965 ad
2134 3912 2431 3966 vorandum
2461 3912 2687 3981 percita.
2720 3932 2738 3964 ι
2782 3912 3070 3984 Equitatus
3105 3926 3185 3973 est
3212 3920 3288 3973 illi
3310 3922 3381 3975 ad

1818 4005 2021 4059 bellum
2067 4012 2313 4072 paratus,
2362 4003 2554 4072 pardis
2598 4011 2651 4056 et
2692 4004 2907 4060 Arabiae
2950 4008 3093 4077 lupis
3122 4009 3383 4065 velocior.

1822 4094 2034 4148 Tantus
2070 4109 2202 4147 vero
2232 4101 2318 4148 est
2365 4094 2607 4162 equitum
2660 4096 2724 4148 ad
2766 4096 3075 4151 bellandum
3128 4100 3385 4170 impetus,

1815 4196 1876 4239 ut
1910 4184 1978 4239 ad
2008 4185 2333 4254 longinquas
2378 4184 2629 4254 regiones
2667 4187 2922 4241 alacriter
2954 4188 3287 4258 discurrant,
3321 4206 3388 4245 ac

1816 4277 2001 4330 volare
2047 4275 2440 4343 propemodum
2491 4276 2781 4329 videantur
2814 4277 2883 4330 iis
2928 4280 3022 4346 qui
3058 4280 3251 4348 procul
3291 4281 3390 4332 ha-

1817 4367 2013 4428 bitant,
2044 4366 2238 4434 aquilae
2270 4366 2445 4419 instar
2464 4380 2587 4435 qua:
2615 4368 2673 4421 in
2703 4368 2943 4436 praedam
2976 4370 3168 4423 insilit.

118 4478 185 4544 τῇ
238 4476 560 4546 προθυμίᾳ,
615 4474 755 4526 ὥστε
800 4472 1130 4542 θαρροῦντας
1173 4472 1265 4521 ἐπί
1318 4472 1421 4538 γῆν
1470 4466 1711 4518 ἐλαύνειν
1759 4459 2038 4531 πόρρωθεν
2089 4458 2375 4529 κειμένην,
2422 4461 2515 4511 καί
2567 4459 2725 4528 μόνον
2764 4461 2863 4513 οὐκ
2904 4462 3230 4529 ἐφίπτασθαι
3277 4466 3389 4529 τοῖς

121 4566 419 4638 πόρρωθεν
458 4565 638 4619 αὐτῶν
669 4566 1074 4635 ἀπῳκισμένοις
1108 4562 1308 4627 δοκεῖν,
1335 4559 1494 4612 ἀετοῦ
1529 4558 1681 4624 δίκην
1722 4555 1812 4607 ἐπὶ
1847 4551 2019 4620 θήραν
2054 4549 2290 4638 ἑτοίμου.

193 4636 355 4723 Στίχ.
390 4653 550 4708 θὀιδ’.
583 4683 652 4692 -
690 4673 708 4704 ι
733 4652 1019 4705 Συντέλεια
1053 4650 1138 4702 ἐπ’
1183 4648 1399 4709 ἀσεϐεῖς
1422 4646 1542 4715 ἥξει
1573 4643 1701 4697 ἀνθ-

1886 4638 2050 4691 V'sns.
2085 4637 2234 4690 9-14.
2259 4666 2325 4676 -—
2362 4655 2380 4686 ι
2417 4636 2828 4692 Consummatio
2875 4640 2930 4693 in
2973 4640 3170 4710 impios
3205 4647 3385 4701 veniet

121 4744 444 4814 εστηκότας
498 4742 773 4812 προσώπῳ
821 4741 1000 4795 αὐτῶν
1055 4739 1115 4803 ἐξ
1172 4738 1437 4799 ἐναντίας.
1468 4755 1485 4785 ι
1550 4730 1709 4785 Οὗτοι

122 4833 348 4893 πάντας
369 4830 497 4889 τοὺς
522 4832 578 4881 ἐν
606 4831 683 4899 τῷ
708 4829 840 4899 λαῷ,
870 4830 968 4897 τὴν
998 4827 1141 4880 κατὰ
1169 4825 1278 4877 τῶν
1308 4825 1553 4892 πενήτων
1591 4821 1713 4874 ἀσέ-

118 4924 285 4975 ϐειαν
320 4920 803 4989 ἐπιδεικνυμένους
846 4917 1129 4978 παντελῶς
1161 4914 1515 4968 ἀπολέσουσιν
1543 4952 1557 4976 ,
1592 4910 1713 4962 οὐδὲ

120 5014 267 5082 πρὸς
307 5013 372 5063 τὸ
402 5011 738 5080 βραχύτατον
770 5006 1110 5062 ἀντιϐλέπειν
1137 5005 1351 5068 αὐτοῖς,
1400 5003 1432 5071 ἢ
1463 4999 1716 5055 ἀνθίστα-

120 5102 256 5154 σθαι
288 5100 630 5170 τολμῶντας.
668 5118 685 5150 ι
707 5100 819 5151 Καὶ
849 5095 1064 5159 συνάξει
1091 5094 1167 5156 ὠς
1210 5094 1392 5163 ἄμμον
1437 5088 1715 5159 αἰχμαλω-

122 5194 253 5245 σίαν
282 5208 295 5219 ·
329 5192 425 5243 καὶ
456 5190 617 5252 αὐτὸς
660 5191 717 5241 ἐν
754 5186 1064 5259 βασιλεῦσιν
1104 5184 1464 5254 ἐντρυφήσει,
1493 5181 1588 5233 καί.
1618 5178 1716 5231 τύ-

120 5298 334 5351 ραννος
369 5279 600 5346 παίγνια
626 5277 792 5332 αὑτοῦ
822 5294 835 5307 ·
870 5277 964 5329 καὶ
1015 5274 1175 5337 αὐτὸς
1199 5276 1277 5335 εἰς
1307 5274 1416 5324 πᾶν
1457 5269 1719 5341 ὀχύρωμα

118 5371 469 5439 ἐμπαίξεται
489 5411 503 5435 ,
534 5372 628 5423 καὶ
659 5370 809 5439 βαλεῖ
831 5367 994 5437 χῶμα
1014 5407 1029 5431 ,
1062 5366 1156 5420 καὶ
1185 5365 1449 5435 κρατήσει
1489 5358 1672 5414 αὐτοῦ.
1695 5377 1713 5408 ι

120 5463 375 5524 Πολλοὺς
405 5463 506 5531 μὲν
536 5458 628 5514 οὖν
656 5458 1034 5529 αἰχμαλώτους
1060 5457 1372 5526 ἐργάσεται,
1411 5452 1686 5523 ἀναριθμή
1707 5479 1721 5491 ο

114 5570 252 5616 τους
282 5554 389 5623 οὐχ
418 5549 581 5623 ἦττον
631 5554 665 5623 ἢ
690 5551 902 5621 ἄμμος·
931 5548 1093 5612 αὐτὸς
1126 5548 1183 5601 δέ
1215 5547 1312 5617 τὴν
1360 5546 1494 5599 ἰδίαν
1530 5543 1720 5614 ἡδονὴν

120 5643 433 5713 αύξήσειεν
487 5642 564 5712 τῷ
609 5641 809 5704 πολλὰς
860 5638 1105 5693 καθελεῖν
1157 5635 1472 5705 βασιλείας·
1511 5627 1587 5690 ὧν
1634 5633 1723 5686 τὸν

1810 4729 2131 4783 resistentes
2168 4726 2324 4779 faciei
2357 4726 2599 4795 ipsorum
2630 4742 2697 4780 ex
2728 4727 2979 4782 adverso.
3019 4747 3035 4779 ι
3069 4729 3130 4781 Hi
3155 4742 3389 4790 cunctos

1813 4819 1881 4872 de
1919 4817 2138 4886 populo,
2174 4815 2268 4883 qui
2316 4815 2580 4870 adversus
2611 4830 2878 4885 pauperes
2927 4817 3097 4886 iniqui
3143 4819 3387 4886 fuerunt,

1813 4909 2058 4963 funditus
2086 4906 2342 4976 perdent;
2376 4922 2499 4959 nam
2543 4922 2612 4961 ne
2644 4907 2968 4961 brevissimo
3001 4910 3220 4977 quidem
3253 4923 3391 4968 tem-

1818 5014 1949 5069 pore
1990 5014 2056 5052 ex
2104 4997 2334 5050 adverso
2390 4997 2589 5051 intueri
2640 4998 2826 5062 hostes
2878 5008 2972 5052 aut
3008 5000 3076 5055 iis
3124 5003 3394 5059 obsistere

1817 5090 2112 5143 audebunt.
2161 5107 2177 5136 ι
2216 5086 2281 5138 Et
2306 5088 2661 5157 congregabit
2710 5091 2868 5159 quasi
2912 5106 3131 5146 arenam
3172 5098 3397 5164 captivi-

1818 5190 2001 5235 tatem.
2058 5177 2121 5229 Et
2151 5178 2267 5245 ipse
2301 5177 2367 5231 de
2396 5180 2611 5247 regibus
2642 5179 2867 5235 delicias
2899 5184 3095 5251 capiet,
3129 5191 3183 5238 et
3206 5192 3396 5255 tyran-

1816 5290 1920 5329 nus
1953 5270 2191 5326 iudibria
2231 5270 2352 5339 ejus
2391 5289 2402 5324 :
2437 5278 2491 5326 et
2522 5273 2639 5342 ipse
2677 5274 2902 5329 cuilibet
2942 5276 3234 5330 munitioni
3270 5278 3398 5332 illu-
3444 5258 3450 5282 ί

1817 5364 1938 5427 det;
1978 5368 2033 5414 et
2072 5368 2246 5416 struet
2297 5377 2571 5431 aggerem,
2606 5371 2660 5418 et
2700 5366 2878 5435 capiet
2928 5367 3095 5423 illam.
3131 5387 3151 5419 ι
3194 5367 3396 5423 Multos

1819 5456 2001 5522 itaque
2024 5450 2187 5506 faciet
2214 5454 2481 5523 captivos,
2517 5454 2626 5508 imo
2671 5456 3098 5513 innumerabiles
3127 5469 3395 5529 quantum

1828 5558 1993 5597 arena
2039 5552 2142 5597 est.
2188 5542 2310 5612 ipse
2348 5559 2482 5605 vero
2518 5546 2849 5615 voluptatem
2890 5563 3042 5601 suam
3094 5550 3396 5611 cumulabit

1830 5635 2124 5691 multorum
2171 5651 2463 5707 regnorum
2511 5637 2902 5707 destructione,
2940 5657 3104 5710 quam
3146 5640 3268 5696 sine
3312 5641 3395 5695 la-
