3844 6222
464 319 558 373 451

1615 304 1963 362 THEODOBI
1997 301 2358 359 MOPSUEST
2369 299 2477 353 ENI

3588 294 3687 350 (32

467 441 599 493 bore
641 436 811 490 multo
845 442 897 488 et
918 434 1072 502 quasi
1115 430 1306 486 ludens
1339 429 1601 498 pati-abit;
1641 436 1802 496 atque
1834 424 2024 480 eadem

2131 422 2430 490 ἀφανισμὸν
2456 420 2512 470 οὐ
2546 416 2682 488 μετά
2714 415 2905 469 πολλοῦ
2936 415 3026 468 τοῦ
3061 417 3223 470 πόνου
3249 457 3263 481 ,
3294 417 3368 479 ὡς
3389 415 3456 470 ἂν
3483 416 3686 482 παίζων

470 527 724 594 ίαείιίιθιε
753 525 1152 579 munitissimas
1185 535 1401 590 quoque
1434 518 1594 572 urbes
1630 529 1893 584 arcesque
1928 513 2025 568 ob-
2051 559 2088 608 ,Ξ

2071 597 2084 642 ῗ
2127 604 2219 658 καὶ
2245 603 2355 656 τῶν
2389 601 2530 669 ἀγαν
2561 599 2938 670 ὡχυρωμένων
2977 597 3183 652 πόλεών
3207 616 3266 650 τε
3296 600 3388 651 καὶ
3421 600 3688 668 φρουρίων

467 621 676 680 tincbit,
698 624 915 671 struens
942 612 1346 683 expeditissime
1376 623 1622 678 aggeres,
1657 615 1822 677 atque
1843 602 2026 658 omnia

467 709 736 763 subruens
783 705 896 760 sive
933 704 1129 756 muenia
1173 701 1289 754 sive
1331 697 1478 750 aliud
1522 698 1739 766 quidvis
1783 702 2024 748 tutamen

467 799 700 852 videtur.
753 815 771 846 ι
804 795 956 848 Tunc
986 791 1218 845 mutabit
1262 788 1534 856 spiritum,
1559 795 1612 842 et
1650 783 2026 856 pertransibit,
2059 809 2069 818 ι

466 897 518 943 et
575 864 979 957 propitiabitur.
1021 902 1037 932 ι
1093 879 1480 934 Verumtamen
1538 876 1830 929 maximam
1885 873 2028 926 hanc

468 978 803 1047 punitionem
852 973 1150 1042 inspiciens
1191 968 1352 1030 Deus,
1398 975 1452 1022 et
1486 965 1704 1036 quidem
1753 979 1784 1016 a
1827 962 2029 1016 talibus

468 1071 670 1139 talique
701 1069 883 1122 animo
923 1063 1163 1134 prwditis
1194 1059 1452 1114 inﬂictam
1495 1055 1826 1119 hominibus,
1871 1066 2027 1107 suam

468 1163 729 1216 adversus
777 1172 877 1212 nos
913 1155 1075 1225 236
1101 1155 1234 1211 iram
1281 1151 1491 1206 omittet
1529 1157 1622 1202 :et
1670 1161 1770 1216 per
1819 1145 2028 1200 medios

467 1269 586 1315 nos,
639 1258 696 1304 ut
731 1251 802 1302 ita
852 1249 1050 1308 dicam,
1100 1243 1438 1314 providentia
1483 1255 1582 1295 sua
1619 1236 1893 1300 transibit,
1939 1251 2030 1289 ve-

467 1340 611 1392 niam
649 1337 846 1406 priscis
874 1333 1110 1403 peccatis
1142 1331 1459 1400 indulgebit,
1499 1338 1555 1382 et
1589 1327 1896 1396 impositam
1933 1325 2032 1377 ho-

466 1445 586 1482 rum
645 1441 811 1484 causa
858 1439 1071 1493 pmnam
1111 1422 1366 1475 remittet.
1417 1438 1436 1470 ι
1477 1419 1600 1473 Ηωο
1646 1425 1731 1473 εει
1771 1416 2032 1470 fortitudo

470 1521 578 1574 Deo
637 1533 780 1594 meo.
829 1515 1017 1569 Nonne
1074 1521 1132 1566 tu
1185 1527 1213 1565 a
1272 1512 1560 1582 principio,
1601 1507 1837 1591 Domine
1891 1505 2031 1560 Deus

467 1585 875 1663 sanctelmeus?
919 1605 979 1656 Et
1015 1620 1121 1660 non
1151 1601 1486 1656 moriemur?
1523 1619 1542 1651 ι
1574 1585 1689 1653 Hoc
1730 1605 1814 1652 est
1843 1605 2032 1666 poten-

469 1704 555 1754 tiae
599 1715 758 1771 Opus,
788 1697 930 1766 quod
959 1696 1192 1763 desuper
1232 1707 1330 1762 pro
1357 1691 1515 1746 nebis
1551 1688 1792 1744 ostendit
1821 1688 1910 1741 ille
1939 1688 2033 1756 qui

2125 514 2183 566 δὲ
2215 514 2498 582 ποιήσεται
2537 509 2758 581 ῥᾳδίως·
2802 510 2939 580 μετὰ
2967 509 3165 579 πολλῆς
3186 508 3243 562 δὲ
3272 511 3370 580 τῆς
3398 510 3686 580 εύμαρείας

2127 695 2419 766 κρατήσει,
2447 693 2608 763 χῶμά
2637 709 2696 744 τε
2724 692 2950 766 ἐγείρων
3000 690 3137 760 μετὰ
3170 690 3370 758 πολλῆς
3409 691 3509 758 τῆς
3535 692 3685 744 εὐκο-

2126 763 2296 851 λίας,
2337 785 2430 838 καὶ
2467 763 2762 836 κατασπῶν
2808 783 2914 834 πᾶν
2971 781 3078 834 εἴτε
3119 783 3299 851 τεῖχος
3356 782 3453 833 εἴθ’
3493 783 3689 852 ἑτέρως

2127 893 2246 938 πως
2274 873 2603 944 ήσφαλίσθαι
2635 871 2844 926 δοκοῦν.
2879 878 2893 938 (
2920 888 2970 942 p.
3005 871 3146 942 360)
3195 891 3213 922 ι
3238 871 3368 923 Τότε
3405 872 3690 942 μεταϐαλεῖ

2127 967 2188 1020 τὸ
2217 967 2433 1037 πνεῦμα
2471 965 2635 1019 αὐτοῦ
2655 1005 2671 1031 ,
2697 965 2792 1018 καὶ
2814 964 3173 1025 διελεύσεται,
3211 964 3305 1016 καὶ
3332 963 3683 1028 ἐξιλάσεται.»

2142 1058 2300 1111 Ἀλλά
2333 1059 2442 1126 γὰρ
2484 1058 2744 1128 μεγίστην
2775 1056 2873 1127 τὴν
2913 1055 3240 1126 ἐπαχθεῖσαν
3273 1054 3542 1125 τιμωρίαν
3571 1055 3690 1106 ίδόιν

2128 1151 2340 1214 ὁΘεὸς,
2371 1150 2466 1204 ἅτε
2519 1151 2669 1220 παρὰ
2712 1149 2967 1202 τοιούτων
3012 1148 3105 1200 καὶ
3147 1147 3288 1200 οὕτω
3340 1147 3691 1216 διακειμένων

2131 1240 2474 1310 ἐπαγομένην
2502 1239 2712 1309 ἀνδρῶν
2737 1279 2751 1300 ,
2806 1238 3098 1308 μεταϐαλεί
3128 1238 3224 1308 μὲν
3259 1239 3358 1308 τὴν
3391 1237 3512 1291 καθ’
3536 1238 3693 1307 ήμῶν

2130 1331 2295 1401 ὀργήν
2314 1347 2327 1360 ·
2354 1329 2540 1400 ὥσπερ
2564 1331 2620 1383 δὲ
2639 1332 2716 1392 είς
2747 1331 2941 1399 μέσους
2967 1331 3110 1399 ἡμᾶς
3137 1333 3200 1400 τῇ
3233 1330 3524 1400 κηδεμονίᾳ
3555 1347 3694 1400 παρ-

2132 1422 2298 1476 ελθὼν
2327 1461 2340 1484 ,
2403 1421 2730 1492 συγγνώμην
2761 1422 2859 1492 μὲν
2904 1421 3044 1493 ύπέρ
3084 1420 3191 1474 τῶν
3239 1421 3405 1474 πάλαι
3449 1420 3696 1491 πεπλημ-

2135 1513 2452 1584 μελημένων
2486 1513 2667 1575 δώσει,
2697 1511 2847 1565 λύσει
2871 1513 2927 1564 δὲ
2952 1513 3048 1582 τὴν
3079 1512 3430 1582 ἐπικειμένην
3452 1516 3584 1582 ἡμῖν
3611 1512 3697 1564 διὰ

2131 1605 2302 1659 ταῦτα
2334 1605 2620 1675 τιμωρίαν.
2656 1605 2841 1674 «Αὕτη
2877 1606 2908 1674 ή
2958 1605 3111 1673 ίσχὺς
3135 1603 3360 1674 τῴεΘεῷ
3409 1621 3508 1674 μου
3530 1620 3545 1633 ·
3581 1603 3698 1672 οὐχὶ

2136 1697 2199 1750 σὺ
2239 1696 2331 1749 ἀπ’
2361 1696 2570 1766 ἀρχῆς,
2600 1695 2772 1765 Κύριε
2811 1695 2838 1746 6
2875 1695 3005 1758 Θεός
3059 1711 3159 1764 μου
3201 1695 3230 1745 ὁ
3276 1694 3458 1762 ἅγιος;
3499 1695 3593 1746 κα)¹
3637 1696 3696 1746 οὐ

467 1799 689 1858 sanctus
713 1797 814 1850 est,
844 1796 899 1840 et
927 1786 1074 1839 omni
1102 1786 1178 1838 rei
1204 1782 1490 1839 exsistenti
1516 1779 1765 1850 superior
1795 1797 1806 1832 :
1839 1794 2030 1848 quam-

2137 1787 2211 1856 μὴ
2241 1785 2655 1856 ἀποθάνωμεν.»
2695 1784 2866 1838 Τοῦτο
2906 1785 3014 1853 γὰρ
3048 1785 3148 1850 τῆς
3190 1784 3291 1852 σῆς
3332 1785 3614 1854 δυνάμεως
3641 1785 3701 1838 τὸ

467 1882 651 1935 obrem
698 1879 878 1932 vive‘re
930 1890 1147 1944 quoque
1191 1887 1496 1942 speramus,
1537 1878 1662 1942 post
1711 1884 1886 1940 poenae
1932 1869 2029 1922 de-

467 1971 791 2042 pulsionem.
841 1987 858 2018 ι
892 1966 1140 2030 Domine,
1173 1965 1239 2019 ad
1278 1963 1544 2032 judicium
1588 1977 1701 2015 rem
1734 1961 1874 2014 hanc
1901 1974 2032 2014 con-

467 2063 732 2126 stituisti;
774 2068 827 2114 et
879 2058 1134 2114 formavit
1175 2072 1261 2110 me
1309 2063 1366 2109 ut
1422 2069 1645 2124 arguam
1685 2053 2028 2122 disciplinam

465 2158 601 2225 ejus.
645 2173 663 2206 ι
701 2153 904 2220 Nempe
957 2158 1016 2203 ut
1061 2148 1308 2203 erudiam
1357 2146 1701 2216 correptione
1739 2158 1857 2198 mea
1905 2143 2032 2196 reli-

465 2261 603 2313 quos
640 2242 910 2302 homines,
936 2254 1002 2292 ue
1033 2238 1208 2292 securi
1242 2245 1488 2306 peccent.
1532 2233 1736 2288 Deinde
1758 2231 1826 2285 ad
1853 2232 2030 2299 ipsum

467 2337 635 2390 Deum
671 2330 943 2386 convertit
978 2341 1285 2383 sermonem
1323 2344 1335 2378 :
1374 2343 1392 2376 ι
1420 2323 1601 2379 Purus
1644 2323 1838 2377 oculus
1879 2329 2030 2384 tuus,

467 2443 534 2480 ne
577 2424 717 2478 mala
765 2422 963 2482 videat,
999 2426 1051 2472 et
1092 2416 1451 2485 contemplari
1495 2413 1772 2467 molestias
1806 2427 1913 2465 non
1945 2425 2033 2480 po-

468 2524 620 2571 teris.
653 2532 670 2564 ι
711 2511 879 2566 Multa
911 2509 1009 2562 tibi
1037 2508 1178 2576 equi
1204 2506 1349 2575 juris
1377 2519 1510 2558 cura
1541 2512 1626 2558 est
1655 2521 1670 2556 :
1695 2517 1863 2571 quare
1893 2501 2032 2554 male

467 2613 688 2675 agentes
735 2609 982 2671 spectare
1019 2614 1126 2652 non
1161 2596 1481 2657 sustinebis,
1520 2603 1575 2648 et
1613 2594 1706 2662 qui
1753 2593 2031 2645 molestia-

468 2711 588 2750 rum
614 2693 734 2747 aliis
764 2699 818 2745 et
855 2689 1204 2744 contritionis
1227 2695 1478 2739 auctores
1503 2692 1649 2737 sunt.
1691 2700 1707 2732 ι
1745 2683 1855 2733 Cur
1881 2680 2030 2748 aspi-

466 2786 553 2857 eis
574 2779 1023 2850 contemptores?
1065 2776 1395 2838 Tacebisne,
1449 2773 1578 2828 dum
1613 2773 1824 2841 justum
1870 2771 2035 2824 devo-

466 2877 548 2929 rat
585 2874 816 2942 impius?
853 2869 919 2924 Et
950 2869 1120 2923 facies
1153 2867 1404 2922 homines
1435 2865 1594 2934 quasi
1637 2863 1815 2932 pisces
1841 2861 2031 2920 maris.

465 2981 518 3024 et
541 2968 697 3039 quasi
730 2965 944 3035 reptilia
987 2979 1095 3016 non
1133 2961 1384 3015 habentia
1431 2958 1667 3012 ducem?
1698 2976 1716 3008 ι
1750 2954 1867 3009 Non
1903 2969 2033 3023 ergo

467 3069 716 3132 spectare
742 3056 968 3128 patieris
1001 3067 1095 3109 eos
1120 3052 1212 3120 qui
1242 3049 1542 3120 punitionis
1575 3057 1682 3101 tua:
1715 3051 2030 3114 contemptu

469 3153 581 3206 hch
621 3155 822 3218 agunt;
856 3158 1032 3213 neque
1076 3148 1285 3195 tantam
1331 3139 1672 3209 iniquitatem
1715 3135 2031 3191 dissimula-

467 3243 573 3303 his,
624 3249 682 3292 ut
721 3235 852 3306 justi
901 3233 969 3287 ab
1022 3231 1206 3300 impiis
1251 3228 1641 3298 propemodum
1681 3227 2029 3280 devorentur.

2133 1879 2313 1949 ἔργον,
2345 1880 2480 1946 ὅπερ
2513 1876 2718 1930 ἀνωθεν
2745 1875 3068 1942 ἐπιδέδειξαι
3094 1877 3220 1946 περὶ
3250 1877 3395 1946 ἡμᾶς
3421 1876 3575 1943 ἆγιος
3603 1875 3696 1940 ὢν,

2134 1967 2226 2018 καὶ
2250 1966 2463 2018 πάντων
2489 1964 2878 2036 ὑπερκείμενος
2904 1961 3012 2016 τῶν
3039 1964 3225 2029 ὄντων,
3252 1964 3390 2033 ὑπὲρ
3419 1960 3493 2018 ὧν
3522 1966 3580 2018 δὲ
3608 1968 3698 2019 καὶ

2134 2057 2389 2126 ζήσεσθαι
2415 2055 2823 2127 προσδοκῶμεν,
2854 2055 3107 2124 λυθείσης
3133 2057 3265 2126 ήμῖν
3283 2056 3382 2127 τῆς
3411 2058 3695 2128 τιμωρίας.

2139 2164 2157 2196 ι
2189 2145 2474 2215 Κύριε,είς
2501 2149 2674 2216 κρῖμα
2709 2147 2940 2215 τέταχας
2973 2147 3122 2208 αὐτὸ,
3158 2149 3252 2199 καὶ
3276 2146 3476 2200 ἐπλασέ
3508 2166 3574 2218 με
3607 2150 3696 2200 τοῦ

2133 2237 2373 2306 ἐλέγχειν
2402 2237 2648 2288 παιδείαν
2676 2236 2893 2288 αὑτοῦ.»
2924 2237 3164 2289 Ἀνωθεν
3191 2238 3299 2308 γάρ
3336 2255 3401 2305 με
3430 2238 3590 2301 αὐτὸς
3623 2241 3699 2302 είς

2133 2329 2230 2397 τὴν
2253 2328 2361 2380 τῶν
2391 2328 2810 2397 ἁμαρτανόντων
2838 2327 3130 2390 διέπλασας
3161 2327 3370 2398 κρίσιν·
3401 2329 3475 2390 ὡς
3505 2330 3573 2381 ἂν
3609 2332 3697 2381 καὶ

2135 2419 2445 2487 παιδεύοιμι
2477 2417 2563 2470 διὰ
2615 2417 2724 2468 τῶν
2776 2417 3010 2486 ἐλέγχων
3043 2418 3272 2479 αὐτοὺς,
3311 2417 3416 2483 ἔξω
3456 2419 3558 2488 τῆς
3606 2419 3695 2473 τοῦ

2137 2508 2472 2577 πλημμελεῖν
2525 2506 2881 2558 καθίστασθαι
2938 2507 3156 2569 ἀδείας·
3209 2502 3326 2559 εἶτα
3358 2509 3495 2578 πρὸς
3539 2510 3698 2562 αὑτὸν

2135 2598 2479 2668 ἀποστρέψας
2509 2598 2598 2649 τὸν
2630 2597 2760 2648 Θεὸν
2793 2597 2883 2649 τὸν
2911 2597 3088 2664 λόγον,
3125 2617 3142 2648 ι
3171 2598 3424 2668 Καθαρδς
3446 2600 3474 2650 ὁ
3503 2599 3698 2666 ὀφθαλ-

2139 2689 2234 2757 μός
2271 2706 2362 2740 σου
2382 2687 2476 2739 τοῦ
2511 2689 2582 2757 μὴ
2611 2689 2740 2756 ὁρᾷν
2767 2688 3000 2757 πονηρὰ,
3025 2687 3119 2741 καὶ
3147 2689 3458 2740 ἐπιϐλέπειν
3491 2690 3584 2742 ἐπὶ
3604 2691 3699 2742 πό-

2134 2794 2256 2839 νους
2281 2777 2340 2828 οὐ
2365 2778 2586 2848 δυνήσῃ.
2602 2795 2619 2825 ι
2648 2775 2820 2846 Πολλὴ
2850 2778 3068 2846 φροντίς
3094 2793 3176 2829 σοι
3201 2776 3294 2829 τοῦ
3315 2777 3523 2830 δικαίου
3541 2795 3555 2809 ·
3580 2779 3700 2834 ὅθεν

2134 2866 2254 2918 οὐδὲ
2298 2865 2516 2934 βλέπειν
2567 2865 2735 2935 ἀνέχῃ
2766 2866 2891 2928 τοὺς
2929 2867 2996 2919 τὰ
3028 2865 3238 2936 πονηρὰ
3277 2867 3696 2936 ἐργαζομένους,

2135 2957 2312 3008 πόνων
2358 2972 2418 3007 τε
2463 2955 2554 3008 καὶ
2598 2954 2891 3025 συντριϐἧς
2919 2955 3124 3025 ἑτέροις
3156 2956 3586 3025 καθισταμένους
3616 2958 3698 3010 αί-

2135 3048 2303 3110 τίους.
2337 3047 2554 3117 (p.56l)
2599 3047 2694 3098 «Τί
2723 3047 3033 3109 ἐπιϐλέπεις
3064 3049 3156 3099 ἐπὶ
3189 3048 3697 3119 καταφρονοῦνταςς

2135 3138 2538 3208 παρασιωπήσῃ
2572 3138 2628 3190 ἐν
2655 3136 2732 3206 τῷ
2783 3136 3100 3190 καταπίνειν
3125 3138 3295 3207 ἀσεϐῆ
3333 3139 3424 3190 τὸν
3452 3138 3663 3192 δίκαιον
3683 3155 3697 3169 ·

2131 3230 2222 3281 καὶ
2254 3229 2496 3298 ποιήσεις
2521 3229 2644 3288 τοὺς
2673 3225 2988 3296 ἀνθρώπους
3011 3227 3085 3290 ὡς
3116 3229 3239 3290 τοὺς
3272 3226 3458 3297 ίχθύας
3482 3228 3584 3299 τῆς
3613 3228 3705 3281 θα-

469 3337 687 3408 Alioqui
717 3334 1023 3390 videbimur
1059 3345 1088 3382 a
1120 3329 1366 3399 piscibus
1387 3334 1551 3396 atque
1572 3323 1860 3394 reptilibus
1892 3321 2030 3374 duce

2131 3319 2332 3388 λάσσης
2354 3358 2369 3382 ,
2400 3318 2494 3371 καὶ
2528 3317 2602 3380 ὡς
2635 3318 2838 3388 ἑρπετὰ
2863 3318 2962 3370 οὐκ
3003 3318 3193 3386 ἔχοντα
3231 3318 3552 3387 ἡγούμενον.
3581 3338 3599 3372 ι
3631 3320 3706 3373 Οὐ

467 3425 782 3494 carentibus
831 3418 965 3474 nihil
1013 3416 1252 3480 differre,
1297 3415 1404 3469 nisi
1453 3422 1512 3467 tu
1569 3411 1870 3482 punitionis
1924 3419 2030 3465 tuae

2131 3410 2308 3462 τοίνυν
2336 3410 2502 3478 ἀνέχῃ
2530 3409 2752 3479 θεωρεῖν
2782 3409 2906 3470 τοὺς
2935 3412 3334 3477 καταφρονήσει
3363 3411 3458 3478 τῆς
3490 3409 3597 3479 σῆς
3627 3427 3706 3462 τι·

467 3511 958 3573 ιΙυηιοιιειτιιιίοιιθ,
1009 3507 1186 3577 palam
1228 3505 1327 3560 fias
1368 3519 1465 3558 ceu
1512 3517 1716 3572 praeses
1756 3509 1942 3555 noster
1978 3508 2030 3553 et

2135 3501 2346 3571 μωρίας
2375 3500 2596 3552 τοιαῦτα
2629 3498 3160 3568 διαπραττομένους,
3188 3499 3307 3551 οὐδὲ
3339 3501 3708 3570 παραπέμπει-

468 3615 685 3662 actuum
727 3601 969 3656 omnium
1002 3598 1364 3652 humanorum
1403 3602 1679 3650 scrutator
1718 3599 2030 3648 accuratus.

2135 3591 2258 3644 σθαι
2291 3592 2392 3662 την
2419 3591 2687 3660 τοσαύτην
2713 3590 2924 3642 ἀδικίαν
2945 3629 2960 3653 ,
2985 3589 3124 3642 ὥστε
3159 3590 3396 3652 δικαίους
3427 3591 3707 3660 μονονουχὶ

467 3697 853 3756 καταπίνεσθαι
898 3694 1003 3747 ὑπὸ
1047 3691 1258 3746 ἀσεϐῶν
1281 3708 1294 3722 ο
1339 3691 1653 3762 φανούμεθα
1691 3690 1801 3760 γὰρ
1837 3688 2034 3758 ίχθύων
2058 3703 2119 3739 τε
2152 3689 2245 3740 καὶ
2279 3688 2524 3758 ἑρπετῶν
2566 3687 2664 3740 οὐκ
2698 3686 2927 3753 ἐχόντων
2975 3683 3275 3754 ἡγούμενον
3303 3684 3706 3748 διαλλάττοντα»

464 3796 634 3858 οὐδὲν,
668 3795 716 3845 εί
739 3791 811 3860 μὴ
845 3791 911 3858 τῇ
944 3786 1182 3856 τιμωρίᾳ
1208 3788 1274 3855 τῇ
1307 3788 1372 3856 σῇ
1397 3778 1552 3854 δῆλος
1583 3781 1780 3851 γένοιο,
1806 3780 2112 3835 ἐπιστατῶν
2132 3798 2191 3833 τε
2229 3782 2360 3852 ἡμῖν
2390 3780 2484 3834 καὶ
2510 3780 2690 3832 πᾶσαν
2716 3775 2959 3840 ἐξέτασιν
2991 3777 3192 3847 ἀκριϐῆ
3220 3777 3327 3830 τῶν
3353 3778 3709 3848 ἀνθρωπείων

467 3883 784 3952 ποιούμενος
824 3875 1183 3948 πραγμάτων.

539 3974 703 4033 Vens.
741 3969 1016 4022 15-l7.—
1043 3964 1338 4032 Postquam
1370 3959 1487 4012 haec
1524 3955 1708 4010 omnia
1755 3952 1823 4008 de
1861 3952 2030 4022 Baby-

2201 3954 2350 4024 Στίχ.
2389 3957 2564 4021 ιε’-ιζ’.
2601 3985 2669 3996 -
2692 3957 2877 4012 Ταῦτα
2907 3957 2963 4011 δὲ
2996 3958 3211 4012 ἅπαντα
3243 3961 3370 4030 περὶ
3401 3960 3507 4012 τῶν
3528 3961 3706 4014 Βαϐυ-

467 4065 632 4120 loniis
656 4061 814 4124 dixit,
849 4060 943 4127 qui
978 4072 1118 4112 saeve
1146 4049 1440 4108 admodum
1474 4047 1730 4118 populum
1762 4051 2030 4098 tractave-

2131 4044 2334 4099 λωνίων
2367 4046 2634 4116 είρηκὼς,
2657 4048 2734 4111 ὡς
2761 4048 2926 4120 πολλῇ
2953 4050 3091 4102 κατὰ
3115 4049 3209 4102 τοῦ
3239 4050 3370 4103 λαοῦ
3393 4054 3455 4120 τῇ
3486 4053 3706 4122 ἀφειδίᾳ

467 4162 612 4220 rant,
657 4150 878 4220 exponit
915 4148 1176 4214 deinceps
1216 4143 1391 4196 hostis
1421 4138 1667 4209 ejusdem
1712 4135 2030 4205 potentiam,

2132 4136 2492 4220 χρησαμένων
2517 4176 2533 4201 ,
2569 4138 2837 4208 διηγεῖται
2863 4139 3047 4193 λοιπὸν
3075 4141 3238 4194 αὑτοῦ
3275 4141 3367 4193 καὶ
3398 4141 3495 4211 τήν
3542 4143 3702 4196 δύνα-

455 4245 626 4316 cujus
676 4219 779 4312 ope
825 4247 1095 4311 quotquot
1142 4235 1262 4289 vult‘
1307 4231 1467 4285 malis
1520 4226 1824 4282 innumeris
1880 4225 2030 4280 facile

2137 4243 2256 4294 μιν,
2367 4226 2648 4316 χρώμενος
2671 4271 2684 4295 ,
2717 4229 2949 4293 ὁπόσους
2979 4229 3044 4283 ἂν
3074 4230 3243 4284 ἐθέλοι
3269 4232 3482 4301 μυρίοις
3513 4238 3704 4296 κακοῖς

466 4314 662 4393 irretit.
696 4354 714 4386 ι
749 4336 920 4387 Hamo
947 4329 1168 4386 sustulit
1201 4327 1351 4379 illum
1381 4323 1447 4377 ad
1485 4318 2030 4382 consummationem,

2136 4314 2449 4383 περιϐάλλει
2481 4317 2696 4386 ῥᾳδίως.
2725 4319 3073 4373 ιΣυντέ).ειαν
3095 4322 3152 4374 ἐν
3178 4322 3456 4392 ἀγκίστρῳ
3475 4323 3704 4376 ἀνέσπαο

464 4427 742 4494 traxitque
782 4438 905 4478 eum
951 4421 1050 4474 reti
1080 4431 1199 4483 suo,
1229 4423 1283 4469 et
1310 4415 1366 4468 in
1406 4411 1620 4481 sageuis
1665 4409 1781 4464 suis
1825 4407 2033 4460 aduna-

465 4520 558 4570 vit.
621 4515 910 4584 Propterea
966 4509 1237 4564 lmtabitur
1289 4514 1342 4560 et
1395 4503 1681 4574 gaudebit;
1747 4506 2032 4568 propterea

467 4606 624 4674 237
657 4602 954 4657 immolabit
999 4613 1212 4667 sagena:
1265 4610 1397 4657 sum,
1447 4601 1496 4648 et
1527 4589 1864 4646 thurifrcabit
1931 4587 2032 4641 reti

467 4706 586 4744 suo.
620 4709 639 4742 ι
683 4689 847 4754 Quasi
869 4687 1031 4740 hamo
1062 4686 1248 4754 aliquo
1292 4698 1356 4736 ac
1395 4682 1498 4736 reti
1548 4678 1813 4752 plurimos
1843 4676 2032 4746 poten-

467 4784 537 4833 tia
581 4795 678 4834 sua
720 4775 1172 4837 circumveniens,
1205 4786 1462 4843 supremo
1491 4769 1671 4824 tradet
1699 4767 1885 4823 exitio.
1938 4765 2030 4819 Sic

465 4881 644 4924 autem
692 4870 746 4922 in
796 4875 1118 4937 potestatem
1151 4878 1306 4919 suam
1335 4869 1565 4916 cunctos
1604 4859 1833 4928 rediget,
1871 4864 1931 4910 ut
1981 4863 2034 4910 et

465 4960 721 5029 operibus
755 4962 868 5012 suis
893 4959 1182 5026 gavisurus
1212 4955 1304 5020 sit,
1342 4967 1406 5007 ac
1451 4949 1846 5021 propemodum
1873 4947 2031 5017 quasi

467 5052 578 5104 Deo
617 5049 797 5116 aliquo
825 5047 1032 5101 viribus
1070 5047 1186 5100 suis
1214 5044 1558 5114 propriorum
1593 5047 1868 5110 gestorum
1919 5051 2034 5090 ma-

465 5137 805 5208 gnitudinem
828 5135 1154 5188 tributurus.
1181 5132 1314 5184 Nam
1343 5131 1530 5194 verba,
1561 5146 1579 5179 ι
1607 5126 1912 5180 lmmolabit
1941 5139 2030 5179 sa-

463 5243 634 5297 genm,
683 5235 737 5278 et
770 5223 1106 5277 thurifleahit
1156 5223 1296 5286 reti,
1337 5239 1354 5271 ι
1404 5219 1536 5273 dicit
1583 5226 1801 5285 sumpta
1854 5222 2030 5268 meta-

463 5318 635 5385 phora
677 5316 744 5369 ab
785 5313 853 5367 iis
891 5313 982 5382 qui
1044 5313 1097 5364 in
1151 5325 1283 5364 casu
1321 5307 1625 5377 ejusmodi,
1669 5307 1876 5375 gratias
1922 5303 2031 5357 Deo

450 5407 726 5464 referunt.
773 5404 895 5458 Vult
920 5418 1048 5473 ergo
1076 5399 1256 5457 dicere
1312 5400 1463 5456 illum
1490 5399 1588 5454 Dei
1632 5398 1806 5452 instar
1837 5394 2033 5464 imagi-

467 5500 583 5551 nari
622 5496 802 5548 omnia
840 5507 998 5570 posse
1032 5507 1131 5560 pro
1163 5508 1263 5546 suo
1313 5492 1465 5544 libito
1497 5489 1742 5554 eliicere;
1771 5499 2031 5541 causam-

468 5603 572 5658 que
611 5600 908 5661 esponeqs,
933 5583 1121 5648 (Quia
1173 5583 1230 5636 in
1277 5583 1431 5652 ipsis,
1462 5582 1660 5652 inquit,
1704 5577 2032 5634 incrassavit

537 5671 651 5748 (£85
673 5675 813 5747 Cod.
840 5674 1205 5742 Συναγιωγαῖς.

2137 4422 2227 4457 σεν
2267 4407 2426 4459 αὑτὸν
2449 4448 2463 4472 ,
2500 4408 2594 4459 καὶ
2623 4408 2868 4461 εἵλκυσεν
2894 4411 3052 4463 αὑτὸν
3089 4414 3147 4463 ἐν
3176 4413 3571 4483 ἁμεριϐλήστρῳ
3608 4415 3704 4466 αύ-

2129 4497 2223 4548 τοῦ
2254 4513 2268 4528 ·
2301 4499 2396 4550 καὶ
2424 4503 2727 4568 συνήγαγεν
2761 4501 2922 4552 αὐτὸν
2946 4504 3004 4553 ἐν
3035 4505 3152 4564 ταῖς
3181 4505 3440 4572 σαγήναις
3473 4505 3584 4573 (48)
3614 4505 3705 4557 aui-

2128 4585 2224 4638 τοῦ
2248 4602 2261 4616 '
2291 4587 2474 4639 ἕνεκεν
2503 4587 2691 4640 τούτου
2732 4590 3164 4660 εὐφρανθήσεται
3215 4591 3308 4643 καὶ
3358 4594 3657 4662 χαρήσεται
3684 4608 3697 4621 ·

2129 4673 2312 4727 ἕνεκεν
2341 4676 2531 4728 τούτου
2569 4675 2721 4729 θύσει
2751 4680 2814 4748 τῇ
2850 4680 3057 4751 σαγήνῃ
3093 4677 3288 4743 αὑτοῦ,
3317 4683 3408 4732 καὶ
3448 4680 3699 4750 θυμιάσει

2128 4761 2206 4830 τῷ
2239 4763 2631 4834 ἀμφιϐλήστρῳ
2665 4765 2848 4818 αὑτοῦ.
2867 4784 2885 4816 ι
2925 4765 3012 4828 Ὦς
3037 4765 3146 4836 γὰρ
3169 4767 3446 4836 ἀγκίστρῳ
3474 4770 3582 4820 τινὶ
3606 4769 3701 4821 καὶ

2129 4853 2525 4924 ἀμφιϐλήστρῳ
2554 4857 2618 4924 τῇ
2651 4856 2827 4925 οἰκείᾳ
2853 4855 3077 4924 δυνάμει
3106 4857 3390 4919 πλείστους
3416 4859 3576 4920 ὅσους
3599 4875 3699 4910 πε-

2133 4945 2367 5016 ριϐαλὼν
2397 4949 2476 5008 είς
2525 4948 2758 5017 παντελῆ
2805 4948 3168 5020 παραδίδωσιν
3215 4949 3490 5002 ἀπώλειαν
3513 4966 3529 4982 ο
3556 4949 3698 5002 οὕτω

2127 5051 2186 5086 τε
2214 5036 2457 5098 ἅπαντας
2491 5037 2594 5089 ὑπὸ
2634 5038 2733 5105 τὴν
2764 5038 3011 5103 ἐξουσίαν
3048 5038 3288 5108 ἀθροίζει
3322 5040 3419 5108 τὴν
3466 5039 3693 5101 οίκείαν,

2129 5125 2267 5177 ὥστε
2293 5125 2514 5194 ἥδεσθαι
2549 5127 2645 5195 μὲν
2677 5128 2769 5179 ἐπὶ
2811 5130 2922 5191 τοῖς
2943 5128 3124 5199 ἔργοις
3155 5133 3266 5192 τοῖς
3301 5129 3448 5193 ίδίοις
3471 5167 3486 5191 ,
3519 5129 3695 5181 κινδυ-

2133 5215 2306 5267 νεύειν
2336 5215 2393 5267 δὲ
2424 5216 2499 5279 ὡς
2542 5217 2608 5270 ἀν
2635 5234 2738 5270 τινι
2769 5218 2888 5288 Θεῷ
2914 5223 2980 5289 τῇ
3023 5221 3199 5290 οἰκείᾳ
3229 5221 3453 5290 δυνάμει
3481 5220 3694 5287 λογίζε-

2132 5305 2254 5358 σθαι
2284 5304 2393 5359 τῶν
2421 5309 2548 5378 παρ’
2573 5308 2735 5362 αὐτοῦ
2762 5309 3056 5381 γινομένων
3084 5311 3144 5363 τὸ
3176 5312 3402 5381 μέγεθος
3425 5327 3436 5340 ·
3469 5313 3544 5380 (p.
3565 5312 3693 5379 362)

2127 5392 2190 5446 τδ
2213 5393 2369 5466 γὰρ,‹
2391 5393 2552 5448 Θύσει
2571 5400 2636 5468 τῇ
2657 5397 2889 5467 σαγήνῃ,
2915 5400 3008 5452 καὶ
3037 5399 3290 5470 θυμιάσει
3317 5402 3394 5470 τῷ
3415 5401 3691 5470 ἀμφιϐλή-

2131 5502 2276 5556 στρῳ
2293 5526 2308 5550 ,
2332 5505 2350 5538 ι
2386 5487 2541 5540 τοῦτο
2565 5488 2711 5556 λέγει
2739 5491 2802 5542 ἐκ
2835 5493 3142 5560 μεταφορᾶς
3163 5491 3272 5544 τῶν
3295 5493 3352 5545 ἐν
3383 5495 3489 5554 τοῖς
3514 5490 3691 5544 τοιού-

2128 5592 2239 5639 τοις
2271 5575 2366 5648 τὴν
2405 5579 2750 5649 εὐχαριστίαν
2787 5577 3184 5633 ἀποτιννύντων
3216 5579 3294 5648 τῷ
3319 5578 3455 5648 Θεῷ.
3496 5577 3692 5629 Βούλε-
