  <div class='ocr_page' id='page_1' title='image "/cluster/home/n/w/nwhite01/storage/ocr_20150623/66/nnc1.0021886636/255.png"; bbox 0 0 3844 6222; ppageno 0'>
   <div class='ocr_carea' id='block_1_1' title="bbox 426 289 536 350">
    <p class='ocr_par' dir='ltr' id='par_1_1' title="bbox 426 289 536 350">
     <span class='ocr_line' id='line_1_1' title="bbox 426 289 536 350; baseline 0.018 -2"><span class='ocrx_word' id='word_1_1' title='bbox 426 289 536 350; x_wconf 64' lang='grc'><strong>435</strong></span> 
     </span>
    </p>
   </div>
   <div class='ocr_carea' id='block_1_2' title="bbox 1573 298 2442 360">
    <p class='ocr_par' dir='ltr' id='par_1_2' title="bbox 1573 298 2442 360">
     <span class='ocr_line' id='line_1_2' title="bbox 1573 298 2442 360; baseline 0.006 -7"><span class='ocrx_word' id='word_1_2' title='bbox 1573 298 1615 353; x_wconf 89' lang='grc' dir='ltr'>Τ</span> <span class='ocrx_word' id='word_1_3' title='bbox 1623 301 1660 354; x_wconf 86' lang='grc' dir='ltr'>Η</span> <span class='ocrx_word' id='word_1_4' title='bbox 1671 299 1920 357; x_wconf 82' lang='lat' dir='ltr'><strong>EODORI</strong></span> <span class='ocrx_word' id='word_1_5' title='bbox 1958 299 2442 360; x_wconf 78' lang='lat' dir='ltr'><strong>MOPSUESTENI</strong></span> 
     </span>
    </p>
   </div>
   <div class='ocr_carea' id='block_1_3' title="bbox 3479 297 3668 359">
    <p class='ocr_par' dir='ltr' id='par_1_3' title="bbox 3479 297 3668 359">
     <span class='ocr_line' id='line_1_3' title="bbox 3479 297 3668 359; baseline 0.005 -1"><span class='ocrx_word' id='word_1_6' title='bbox 3479 309 3486 314; x_wconf 92' lang='lat'>&#39;</span> <span class='ocrx_word' id='word_1_7' title='bbox 3559 297 3668 359; x_wconf 71' lang='grc'><strong>436</strong></span> 
     </span>
    </p>
   </div>
   <div class='ocr_carea' id='block_1_4' title="bbox 428 406 2006 491">
    <p class='ocr_par' dir='ltr' id='par_1_4' title="bbox 428 406 1986 485">
     <span class='ocr_line' id='line_1_4' title="bbox 428 406 1986 485; baseline 0.004 -21"><span class='ocrx_word' id='word_1_8' title='bbox 428 423 515 473; x_wconf 86' lang='lat' dir='ltr'><strong>ea,</strong></span> <span class='ocrx_word' id='word_1_9' title='bbox 552 406 796 478; x_wconf 88' lang='lat' dir='ltr'><strong>inquam,</strong></span> <span class='ocrx_word' id='word_1_10' title='bbox 822 408 1074 464; x_wconf 76' lang='lat' dir='ltr'><strong>evenient</strong></span> <span class='ocrx_word' id='word_1_11' title='bbox 1119 408 1358 480; x_wconf 77' lang='lat' dir='ltr'><strong>fientque</strong></span> <span class='ocrx_word' id='word_1_12' title='bbox 1416 426 1665 479; x_wconf 84' lang='lat' dir='ltr'><strong>prorsus,</strong></span> <span class='ocrx_word' id='word_1_13' title='bbox 1696 431 1874 485; x_wconf 88' lang='lat' dir='ltr'><strong>neque</strong></span> <span class='ocrx_word' id='word_1_14' title='bbox 1933 417 1986 470; x_wconf 92' lang='lat' dir='ltr'><strong>in</strong></span> 
     </span>
    </p>
   </div>
   <div class='ocr_carea' id='block_1_5' title="bbox 2110 406 3663 491">
    <p class='ocr_par' dir='ltr' id='par_1_5' title="bbox 2110 416 3663 491">
     <span class='ocr_line' id='line_1_5' title="bbox 2110 416 3663 491; baseline 0.005 -24"><span class='ocrx_word' id='word_1_15' title='bbox 2110 417 2397 488; x_wconf 75' lang='grc' dir='ltr'>ιεμήνυται</span> <span class='ocrx_word' id='word_1_16' title='bbox 2419 458 2433 480; x_wconf 89' lang='grc'><strong>,</strong></span> <span class='ocrx_word' id='word_1_17' title='bbox 2462 416 2631 471; x_wconf 77' lang='grc' dir='ltr'>ταῦτα</span> <span class='ocrx_word' id='word_1_18' title='bbox 2656 418 2719 490; x_wconf 85' lang='grc' dir='ltr'><strong>δὴ</strong></span> <span class='ocrx_word' id='word_1_19' title='bbox 2753 418 2870 489; x_wconf 71' lang='grc' dir='ltr'>ἥξει</span> <span class='ocrx_word' id='word_1_20' title='bbox 2901 437 2959 472; x_wconf 90' lang='grc' dir='ltr'><strong>τε</strong></span> <span class='ocrx_word' id='word_1_21' title='bbox 2991 419 3083 474; x_wconf 75' lang='grc' dir='ltr'>καὶ</span> <span class='ocrx_word' id='word_1_22' title='bbox 3113 419 3400 491; x_wconf 83' lang='grc' dir='ltr'>γενήσεται</span> <span class='ocrx_word' id='word_1_23' title='bbox 3428 419 3663 485; x_wconf 81' lang='grc' dir='ltr'>πάντως,</span> 
     </span>
    </p>
   </div>
   <div class='ocr_carea' id='block_1_6' title="bbox 428 497 2002 568">
    <p class='ocr_par' dir='ltr' id='par_1_6' title="bbox 428 497 2002 568">
     <span class='ocr_line' id='line_1_6' title="bbox 428 497 2002 568; baseline 0.003 -16"><span class='ocrx_word' id='word_1_24' title='bbox 428 505 746 568; x_wconf 87' lang='lat' dir='ltr'><strong>perpetuam</strong></span> <span class='ocrx_word' id='word_1_25' title='bbox 806 497 1123 554; x_wconf 80' lang='lat' dir='ltr'><strong>dilationem</strong></span> <span class='ocrx_word' id='word_1_26' title='bbox 1167 501 1464 556; x_wconf 89' lang='lat' dir='ltr'><strong>incurrent.</strong></span> <span class='ocrx_word' id='word_1_27' title='bbox 1510 521 1528 554; x_wconf 78' lang='grc' dir='ltr'><strong>ι</strong></span> <span class='ocrx_word' id='word_1_28' title='bbox 1583 503 1640 557; x_wconf 90' lang='lat' dir='ltr'><strong>Si</strong></span> <span class='ocrx_word' id='word_1_29' title='bbox 1675 519 1735 558; x_wconf 90' lang='lat' dir='ltr'><strong>se</strong></span> <span class='ocrx_word' id='word_1_30' title='bbox 1787 505 2002 558; x_wconf 87' lang='lat' dir='ltr'><strong>subtra-</strong></span> 
     </span>
    </p>
   </div>
   <div class='ocr_carea' id='block_1_7' title="bbox 316 587 2002 663">
    <p class='ocr_par' dir='ltr' id='par_1_7' title="bbox 316 587 2002 663">
     <span class='ocr_line' id='line_1_7' title="bbox 316 587 2002 663; baseline 0.004 -24"><span class='ocrx_word' id='word_1_31' title='bbox 316 597 328 605; x_wconf 90' lang='lat'><strong><em>&#39;</em></strong></span> <span class='ocrx_word' id='word_1_32' title='bbox 429 587 593 648; x_wconf 80' lang='lat' dir='ltr'><strong>xerit,</strong></span> <span class='ocrx_word' id='word_1_33' title='bbox 627 601 736 638; x_wconf 91' lang='lat' dir='ltr'><strong>non</strong></span> <span class='ocrx_word' id='word_1_34' title='bbox 785 587 920 642; x_wconf 90' lang='lat' dir='ltr'><strong>bene</strong></span> <span class='ocrx_word' id='word_1_35' title='bbox 957 588 1192 656; x_wconf 81' lang='lat' dir='ltr'><strong>placebit</strong></span> <span class='ocrx_word' id='word_1_36' title='bbox 1243 589 1436 643; x_wconf 73' lang='lat' dir='ltr'><strong>animae</strong></span> <span class='ocrx_word' id='word_1_37' title='bbox 1469 605 1602 644; x_wconf 70' lang='lat' dir='ltr'><strong>meae</strong></span> <span class='ocrx_word' id='word_1_38' title='bbox 1642 591 1806 662; x_wconf 81' lang='lat'><strong>239</strong></span> <span class='ocrx_word' id='word_1_39' title='bbox 1838 609 2002 663; x_wconf 86' lang='lat' dir='ltr'><strong>super</strong></span> 
     </span>
    </p>
   </div>
   <div class='ocr_carea' id='block_1_8' title="bbox 429 676 2002 752">
    <p class='ocr_par' dir='ltr' id='par_1_8' title="bbox 429 676 2002 752">
     <span class='ocr_line' id='line_1_8' title="bbox 429 676 2002 752; baseline 0.006 -24"><span class='ocrx_word' id='word_1_40' title='bbox 429 690 554 728; x_wconf 89' lang='lat' dir='ltr'><strong>eum</strong></span> <span class='ocrx_word' id='word_1_41' title='bbox 586 692 601 740; x_wconf 91' lang='lat'><strong>;</strong></span> <span class='ocrx_word' id='word_1_42' title='bbox 636 676 820 742; x_wconf 87' lang='lat' dir='ltr'><strong>justus</strong></span> <span class='ocrx_word' id='word_1_43' title='bbox 851 686 1030 730; x_wconf 89' lang='lat' dir='ltr'><strong>autem</strong></span> <span class='ocrx_word' id='word_1_44' title='bbox 1053 693 1117 731; x_wconf 82' lang='lat' dir='ltr'><strong>ex</strong></span> <span class='ocrx_word' id='word_1_45' title='bbox 1149 678 1253 732; x_wconf 81' lang='lat' dir='ltr'><strong>fide</strong></span> <span class='ocrx_word' id='word_1_46' title='bbox 1281 693 1398 733; x_wconf 79' lang='lat' dir='ltr'><strong>mea</strong></span> <span class='ocrx_word' id='word_1_47' title='bbox 1430 680 1583 732; x_wconf 83' lang='lat' dir='ltr'><strong>vivit.</strong></span> <span class='ocrx_word' id='word_1_48' title='bbox 1624 699 1643 732; x_wconf 70' lang='grc' dir='ltr'><strong>ι</strong></span> <span class='ocrx_word' id='word_1_49' title='bbox 1688 682 1742 734; x_wconf 88' lang='lat' dir='ltr'><strong>Si</strong></span> <span class='ocrx_word' id='word_1_50' title='bbox 1775 684 1899 752; x_wconf 92' lang='lat' dir='ltr'><strong>quis</strong></span> <span class='ocrx_word' id='word_1_51' title='bbox 1933 684 2002 737; x_wconf 87' lang='lat' dir='ltr'><strong>ad</strong></span> 
     </span>
    </p>
   </div>
   <div class='ocr_carea' id='block_1_9' title="bbox 435 763 2002 842">
    <p class='ocr_par' dir='ltr' id='par_1_9' title="bbox 435 763 2002 842">
     <span class='ocr_line' id='line_1_9' title="bbox 435 763 2002 842; baseline 0.006 -25"><span class='ocrx_word' id='word_1_52' title='bbox 435 763 596 818; x_wconf 83' lang='lat' dir='ltr'><strong>ﬁdem</strong></span> <span class='ocrx_word' id='word_1_53' title='bbox 649 765 845 819; x_wconf 89' lang='lat' dir='ltr'><strong>futuris</strong></span> <span class='ocrx_word' id='word_1_54' title='bbox 873 767 1034 821; x_wconf 86' lang='lat' dir='ltr'><strong>rebus</strong></span> <span class='ocrx_word' id='word_1_55' title='bbox 1065 767 1299 836; x_wconf 82' lang='lat' dir='ltr'><strong>praedam</strong></span> <span class='ocrx_word' id='word_1_56' title='bbox 1350 770 1636 837; x_wconf 88' lang='lat' dir='ltr'><strong>torpuerit,</strong></span> <span class='ocrx_word' id='word_1_57' title='bbox 1691 781 1738 825; x_wconf 89' lang='lat' dir='ltr'><strong>ct</strong></span> <span class='ocrx_word' id='word_1_58' title='bbox 1775 773 2002 842; x_wconf 89' lang='lat' dir='ltr'><strong>ancipiti</strong></span> 
     </span>
    </p>
   </div>
   <div class='ocr_carea' id='block_1_10' title="bbox 439 853 2002 931">
    <p class='ocr_par' dir='ltr' id='par_1_10' title="bbox 439 853 2002 931">
     <span class='ocr_line' id='line_1_10' title="bbox 439 853 2002 931; baseline 0.008 -27"><span class='ocrx_word' id='word_1_59' title='bbox 439 853 624 907; x_wconf 86' lang='lat' dir='ltr'><strong>animo</strong></span> <span class='ocrx_word' id='word_1_60' title='bbox 653 855 776 917; x_wconf 90' lang='lat' dir='ltr'><strong>erit,</strong></span> <span class='ocrx_word' id='word_1_61' title='bbox 811 856 897 908; x_wconf 88' lang='lat' dir='ltr'><strong>hic</strong></span> <span class='ocrx_word' id='word_1_62' title='bbox 943 857 1072 909; x_wconf 85' lang='lat' dir='ltr'><strong>mihi</strong></span> <span class='ocrx_word' id='word_1_63' title='bbox 1114 857 1267 911; x_wconf 91' lang='lat' dir='ltr'><strong>valde</strong></span> <span class='ocrx_word' id='word_1_64' title='bbox 1295 866 1379 913; x_wconf 85' lang='lat' dir='ltr'><strong>est</strong></span> <span class='ocrx_word' id='word_1_65' title='bbox 1431 859 1641 914; x_wconf 84' lang='lat' dir='ltr'><strong>invisus</strong></span> <span class='ocrx_word' id='word_1_66' title='bbox 1676 878 1688 913; x_wconf 89' lang='lat'><strong>:</strong></span> <span class='ocrx_word' id='word_1_67' title='bbox 1722 877 1822 931; x_wconf 78' lang='lat' dir='ltr'><strong>ego</strong></span> <span class='ocrx_word' id='word_1_68' title='bbox 1857 864 2002 916; x_wconf 88' lang='lat' dir='ltr'><strong>enim</strong></span> 
     </span>
    </p>
   </div>
   <div class='ocr_carea' id='block_1_11' title="bbox 434 943 2001 1020">
    <p class='ocr_par' dir='ltr' id='par_1_11' title="bbox 434 943 2001 1020">
     <span class='ocr_line' id='line_1_11' title="bbox 434 943 2001 1020; baseline 0.008 -23"><span class='ocrx_word' id='word_1_69' title='bbox 434 943 643 1013; x_wconf 84' lang='lat' dir='ltr'><strong>justum</strong></span> <span class='ocrx_word' id='word_1_70' title='bbox 673 946 821 1000; x_wconf 88' lang='lat' dir='ltr'><strong>illum</strong></span> <span class='ocrx_word' id='word_1_71' title='bbox 854 962 976 1002; x_wconf 91' lang='lat' dir='ltr'><strong>esse</strong></span> <span class='ocrx_word' id='word_1_72' title='bbox 1023 947 1243 1011; x_wconf 84' lang='lat' dir='ltr'><strong>definio,</strong></span> <span class='ocrx_word' id='word_1_73' title='bbox 1277 951 1369 1020; x_wconf 91' lang='lat' dir='ltr'><strong>qui</strong></span> <span class='ocrx_word' id='word_1_74' title='bbox 1395 953 1850 1020; x_wconf 86' lang='lat' dir='ltr'><strong>promissionibus</strong></span> <span class='ocrx_word' id='word_1_75' title='bbox 1879 970 2001 1009; x_wconf 88' lang='lat' dir='ltr'><strong>cre-</strong></span> 
     </span>
    </p>
   </div>
   <div class='ocr_carea' id='block_1_12' title="bbox 436 1036 1324 1110">
    <p class='ocr_par' dir='ltr' id='par_1_12' title="bbox 436 1036 1324 1110">
     <span class='ocr_line' id='line_1_12' title="bbox 436 1036 1324 1110; baseline 0.005 -20"><span class='ocrx_word' id='word_1_76' title='bbox 436 1036 538 1102; x_wconf 87' lang='lat' dir='ltr'><strong>dit,</strong></span> <span class='ocrx_word' id='word_1_77' title='bbox 561 1045 615 1091; x_wconf 89' lang='lat' dir='ltr'><strong>ct</strong></span> <span class='ocrx_word' id='word_1_78' title='bbox 641 1038 925 1093; x_wconf 79' lang='lat' dir='ltr'><strong>utilitatem</strong></span> <span class='ocrx_word' id='word_1_79' title='bbox 953 1055 1019 1092; x_wconf 72' lang='lat' dir='ltr'><strong>ex</strong></span> <span class='ocrx_word' id='word_1_80' title='bbox 1047 1040 1129 1095; x_wconf 90' lang='lat' dir='ltr'><strong>eis</strong></span> <span class='ocrx_word' id='word_1_81' title='bbox 1159 1041 1324 1110; x_wconf 87' lang='lat' dir='ltr'><strong>capit.</strong></span> 
     </span>
    </p>
   </div>
   <div class='ocr_carea' id='block_1_13' title="bbox 507 1209 2004 1289">
    <p class='ocr_par' dir='ltr' id='par_1_13' title="bbox 507 1209 2004 1289">
     <span class='ocr_line' id='line_1_13' title="bbox 507 1209 2004 1289; baseline 0.012 -26"><span class='ocrx_word' id='word_1_82' title='bbox 507 1209 674 1267; x_wconf 70' lang='lat' dir='ltr'><strong>Vens.</strong></span> <span class='ocrx_word' id='word_1_83' title='bbox 708 1213 762 1276; x_wconf 86' lang='lat'><strong>5,</strong></span> <span class='ocrx_word' id='word_1_84' title='bbox 793 1215 845 1268; x_wconf 88' lang='lat'><strong>6.</strong></span> <span class='ocrx_word' id='word_1_85' title='bbox 877 1243 945 1254; x_wconf 87' lang='lat'><strong>-—</strong></span> <span class='ocrx_word' id='word_1_86' title='bbox 977 1215 1071 1272; x_wconf 82' lang='lat' dir='ltr'><strong>His</strong></span> <span class='ocrx_word' id='word_1_87' title='bbox 1103 1219 1248 1272; x_wconf 88' lang='lat' dir='ltr'><strong>circa</strong></span> <span class='ocrx_word' id='word_1_88' title='bbox 1291 1222 1672 1278; x_wconf 87' lang='lat' dir='ltr'><strong>revelationem</strong></span> <span class='ocrx_word' id='word_1_89' title='bbox 1718 1225 1899 1289; x_wconf 80' lang='lat' dir='ltr'><strong>dictis,</strong></span> <span class='ocrx_word' id='word_1_90' title='bbox 1928 1236 2004 1280; x_wconf 86' lang='lat' dir='ltr'><strong>at-</strong></span> 
     </span>
    </p>
   </div>
   <div class='ocr_carea' id='block_1_14' title="bbox 431 1304 2005 1385">
    <p class='ocr_par' dir='ltr' id='par_1_14' title="bbox 431 1304 2005 1385">
     <span class='ocr_line' id='line_1_14' title="bbox 431 1304 2005 1385; baseline 0.01 -28"><span class='ocrx_word' id='word_1_91' title='bbox 431 1318 541 1374; x_wconf 84' lang='lat' dir='ltr'><strong>que</strong></span> <span class='ocrx_word' id='word_1_92' title='bbox 564 1304 630 1358; x_wconf 90' lang='lat' dir='ltr'><strong>ad</strong></span> <span class='ocrx_word' id='word_1_93' title='bbox 656 1305 986 1360; x_wconf 84' lang='lat' dir='ltr'><strong>credendum</strong></span> <span class='ocrx_word' id='word_1_94' title='bbox 1035 1311 1271 1365; x_wconf 89' lang='lat' dir='ltr'><strong>ostensis</strong></span> <span class='ocrx_word' id='word_1_95' title='bbox 1320 1312 1588 1379; x_wconf 84' lang='lat' dir='ltr'><strong>hortatus,</strong></span> <span class='ocrx_word' id='word_1_96' title='bbox 1629 1317 1883 1385; x_wconf 81' lang='lat' dir='ltr'><strong>deinceps</strong></span> <span class='ocrx_word' id='word_1_97' title='bbox 1933 1319 2005 1372; x_wconf 91' lang='lat' dir='ltr'><strong>vi-</strong></span> 
     </span>
    </p>
   </div>
   <div class='ocr_carea' id='block_1_15' title="bbox 434 1396 2003 1476">
    <p class='ocr_par' dir='ltr' id='par_1_15' title="bbox 434 1396 2003 1476">
     <span class='ocr_line' id='line_1_15' title="bbox 434 1396 2003 1476; baseline 0.009 -28"><span class='ocrx_word' id='word_1_98' title='bbox 434 1396 645 1449; x_wconf 80' lang='lat' dir='ltr'><strong>sionem</strong></span> <span class='ocrx_word' id='word_1_99' title='bbox 682 1397 940 1451; x_wconf 78' lang='lat' dir='ltr'><strong>evolvens</strong></span> <span class='ocrx_word' id='word_1_100' title='bbox 969 1398 1044 1450; x_wconf 85' lang='lat' dir='ltr'><strong>ait</strong></span> <span class='ocrx_word' id='word_1_101' title='bbox 1086 1417 1100 1453; x_wconf 90' lang='lat'><strong>:</strong></span> <span class='ocrx_word' id='word_1_102' title='bbox 1144 1418 1162 1450; x_wconf 73' lang='grc' dir='ltr'>σ</span> <span class='ocrx_word' id='word_1_103' title='bbox 1209 1399 1298 1454; x_wconf 82' lang='lat' dir='ltr'><strong>Vir</strong></span> <span class='ocrx_word' id='word_1_104' title='bbox 1328 1412 1508 1458; x_wconf 90' lang='lat' dir='ltr'><strong>autem</strong></span> <span class='ocrx_word' id='word_1_105' title='bbox 1551 1407 2003 1476; x_wconf 74' lang='lat' dir='ltr'><strong>praesumptiosus</strong></span> 
     </span>
    </p>
   </div>
   <div class='ocr_carea' id='block_1_16' title="bbox 432 1494 2001 1560">
    <p class='ocr_par' dir='ltr' id='par_1_16' title="bbox 432 1494 2001 1560">
     <span class='ocr_line' id='line_1_16' title="bbox 432 1494 2001 1560; baseline 0.008 -22"><span class='ocrx_word' id='word_1_106' title='bbox 432 1495 488 1539; x_wconf 88' lang='lat' dir='ltr'><strong>et</strong></span> <span class='ocrx_word' id='word_1_107' title='bbox 517 1494 859 1555; x_wconf 68' lang='lat' dir='ltr'><strong>contemptor</strong></span> <span class='ocrx_word' id='word_1_108' title='bbox 915 1496 1076 1556; x_wconf 83' lang='lat' dir='ltr'><strong>atque</strong></span> <span class='ocrx_word' id='word_1_109' title='bbox 1119 1494 1387 1560; x_wconf 83' lang='lat' dir='ltr'><strong>superbus</strong></span> <span class='ocrx_word' id='word_1_110' title='bbox 1436 1496 1569 1547; x_wconf 80' lang='lat' dir='ltr'><strong>nihil</strong></span> <span class='ocrx_word' id='word_1_111' title='bbox 1636 1497 1892 1560; x_wconf 86' lang='lat' dir='ltr'><strong>perducet</strong></span> <span class='ocrx_word' id='word_1_112' title='bbox 1937 1499 2001 1550; x_wconf 88' lang='lat' dir='ltr'><strong>ad</strong></span> 
     </span>
    </p>
   </div>
   <div class='ocr_carea' id='block_1_17' title="bbox 437 1574 2002 1650">
    <p class='ocr_par' dir='ltr' id='par_1_17' title="bbox 437 1574 2002 1650">
     <span class='ocr_line' id='line_1_17' title="bbox 437 1574 2002 1650; baseline 0.01 -24"><span class='ocrx_word' id='word_1_113' title='bbox 437 1574 616 1630; x_wconf 81' lang='lat' dir='ltr'><strong>linem.</strong></span> <span class='ocrx_word' id='word_1_114' title='bbox 658 1595 675 1627; x_wconf 72' lang='grc' dir='ltr'><strong>ι</strong></span> <span class='ocrx_word' id='word_1_115' title='bbox 715 1577 894 1631; x_wconf 85' lang='lat' dir='ltr'><strong>Probe</strong></span> <span class='ocrx_word' id='word_1_116' title='bbox 933 1594 1062 1648; x_wconf 84' lang='lat' dir='ltr'><strong>ergo</strong></span> <span class='ocrx_word' id='word_1_117' title='bbox 1117 1585 1432 1650; x_wconf 75' lang='lat' dir='ltr'><strong>cognoscite</strong></span> <span class='ocrx_word' id='word_1_118' title='bbox 1485 1587 1627 1640; x_wconf 91' lang='lat' dir='ltr'><strong>hunc</strong></span> <span class='ocrx_word' id='word_1_119' title='bbox 1651 1587 1857 1641; x_wconf 88' lang='lat' dir='ltr'><strong>hostem</strong></span> <span class='ocrx_word' id='word_1_120' title='bbox 1912 1603 2002 1642; x_wconf 89' lang='lat' dir='ltr'><strong>ve-</strong></span> 
     </span>
    </p>
   </div>
   <div class='ocr_carea' id='block_1_18' title="bbox 433 1664 2004 1747">
    <p class='ocr_par' dir='ltr' id='par_1_18' title="bbox 433 1664 2004 1747">
     <span class='ocr_line' id='line_1_18' title="bbox 433 1664 2004 1747; baseline 0.009 -29"><span class='ocrx_word' id='word_1_121' title='bbox 433 1672 634 1731; x_wconf 87' lang='lat' dir='ltr'><strong>strum,</strong></span> <span class='ocrx_word' id='word_1_122' title='bbox 661 1664 1016 1738; x_wconf 88' lang='lat' dir='ltr'><strong>Babylonium</strong></span> <span class='ocrx_word' id='word_1_123' title='bbox 1057 1670 1372 1741; x_wconf 71' lang='lat' dir='ltr'><strong>designans,</strong></span> <span class='ocrx_word' id='word_1_124' title='bbox 1406 1673 1692 1728; x_wconf 88' lang='lat' dir='ltr'><strong>immodica</strong></span> <span class='ocrx_word' id='word_1_125' title='bbox 1749 1691 2004 1747; x_wconf 83' lang='lat' dir='ltr'><strong>arrogan-</strong></span> 
     </span>
    </p>
   </div>
   <div class='ocr_carea' id='block_1_19' title="bbox 2102 504 3692 590">
    <p class='ocr_par' dir='ltr' id='par_1_19' title="bbox 2102 504 3692 590">
     <span class='ocr_line' id='line_1_19' title="bbox 2102 504 3692 590; baseline 0.001 -32"><span class='ocrx_word' id='word_1_126' title='bbox 2102 507 2161 558; x_wconf 86' lang='grc' dir='ltr'><strong>οὑ</strong></span> <span class='ocrx_word' id='word_1_127' title='bbox 2201 507 2307 578; x_wconf 85' lang='grc' dir='ltr'><strong>μὴν</strong></span> <span class='ocrx_word' id='word_1_128' title='bbox 2335 509 2414 571; x_wconf 85' lang='grc' dir='ltr'><strong>είς</strong></span> <span class='ocrx_word' id='word_1_129' title='bbox 2444 504 3355 575; x_wconf 72' lang='grc' dir='ltr'>ὑπέρΘεσινέμπεσεῖταιπαντσλῆ.ς</span> <span class='ocrx_word' id='word_1_130' title='bbox 3386 510 3512 564; x_wconf 85' lang='grc' dir='ltr'>Ἐὰν</span> <span class='ocrx_word' id='word_1_131' title='bbox 3537 511 3664 563; x_wconf 78' lang='grc' dir='ltr'>ὑπο-</span> <span class='ocrx_word' id='word_1_132' title='bbox 3690 588 3692 590; x_wconf 12' lang='grc' dir='ltr'><strong>γ</strong></span> 
     </span>
    </p>
   </div>
   <div class='ocr_carea' id='block_1_20' title="bbox 2105 599 3692 671">
    <p class='ocr_par' dir='ltr' id='par_1_20' title="bbox 2105 599 3692 671">
     <span class='ocr_line' id='line_1_20' title="bbox 2105 599 3692 671; baseline 0.003 -21"><span class='ocrx_word' id='word_1_133' title='bbox 2105 599 2375 669; x_wconf 87' lang='grc' dir='ltr'>στείληται</span> <span class='ocrx_word' id='word_1_134' title='bbox 2397 639 2410 662; x_wconf 95' lang='grc'><strong>,</strong></span> <span class='ocrx_word' id='word_1_135' title='bbox 2451 599 2552 652; x_wconf 81' lang='grc' dir='ltr'><strong>οὐκ</strong></span> <span class='ocrx_word' id='word_1_136' title='bbox 2589 599 2797 653; x_wconf 81' lang='grc' dir='ltr'>εὐδοκεῖ</span> <span class='ocrx_word' id='word_1_137' title='bbox 2837 602 2868 671; x_wconf 84' lang='grc' dir='ltr'>ἠ</span> <span class='ocrx_word' id='word_1_138' title='bbox 2904 600 3048 670; x_wconf 75' lang='grc' dir='ltr'><strong>ψυχή</strong></span> <span class='ocrx_word' id='word_1_139' title='bbox 3085 617 3186 670; x_wconf 90' lang='grc' dir='ltr'><strong>μου</strong></span> <span class='ocrx_word' id='word_1_140' title='bbox 3223 602 3308 653; x_wconf 86' lang='grc' dir='ltr'>ἐπ’</span> <span class='ocrx_word' id='word_1_141' title='bbox 3335 600 3482 671; x_wconf 84' lang='grc' dir='ltr'>αὑτῷ</span> <span class='ocrx_word' id='word_1_142' title='bbox 3504 618 3516 631; x_wconf 67' lang='grc'><strong>⁸</strong></span> <span class='ocrx_word' id='word_1_143' title='bbox 3551 603 3578 655; x_wconf 92' lang='lat'><strong>6</strong></span> <span class='ocrx_word' id='word_1_144' title='bbox 3609 601 3692 655; x_wconf 67' lang='grc' dir='ltr'><strong>δὲ’</strong></span> 
     </span>
    </p>
   </div>
   <div class='ocr_carea' id='block_1_21' title="bbox 2102 688 3666 762">
    <p class='ocr_par' dir='ltr' id='par_1_21' title="bbox 2102 688 3666 762">
     <span class='ocr_line' id='line_1_21' title="bbox 2102 688 3666 762; baseline 0.002 -22"><span class='ocrx_word' id='word_1_145' title='bbox 2102 688 2304 750; x_wconf 87' lang='grc' dir='ltr'>δίκαιος</span> <span class='ocrx_word' id='word_1_146' title='bbox 2358 689 2420 740; x_wconf 88' lang='grc' dir='ltr'><strong>ἐκ</strong></span> <span class='ocrx_word' id='word_1_147' title='bbox 2469 689 2700 752; x_wconf 86' lang='grc' dir='ltr'>πίστεώς</span> <span class='ocrx_word' id='word_1_148' title='bbox 2752 706 2851 760; x_wconf 88' lang='grc' dir='ltr'><strong>μου</strong></span> <span class='ocrx_word' id='word_1_149' title='bbox 2875 689 3331 762; x_wconf 76' lang='grc' dir='ltr'>ζήσεται.ιόστε</span> <span class='ocrx_word' id='word_1_150' title='bbox 3374 692 3424 743; x_wconf 84' lang='grc' dir='ltr'>εἰ</span> <span class='ocrx_word' id='word_1_151' title='bbox 3463 691 3553 743; x_wconf 87' lang='grc' dir='ltr'><strong>καί</strong></span> <span class='ocrx_word' id='word_1_152' title='bbox 3585 708 3666 753; x_wconf 87' lang='grc' dir='ltr'><strong>τις</strong></span> 
     </span>
    </p>
   </div>
   <div class='ocr_carea' id='block_1_22' title="bbox 2104 779 3665 850">
    <p class='ocr_par' dir='ltr' id='par_1_22' title="bbox 2104 779 3665 850">
     <span class='ocr_line' id='line_1_22' title="bbox 2104 779 3665 850; baseline 0.002 -20"><span class='ocrx_word' id='word_1_153' title='bbox 2104 779 2350 846; x_wconf 78' lang='grc' dir='ltr'>ὀκνήσειε</span> <span class='ocrx_word' id='word_1_154' title='bbox 2385 780 2512 850; x_wconf 73' lang='grc' dir='ltr'>περὶ</span> <span class='ocrx_word' id='word_1_155' title='bbox 2541 781 2638 848; x_wconf 84' lang='grc' dir='ltr'><strong>τὴν</strong></span> <span class='ocrx_word' id='word_1_156' title='bbox 2672 781 2853 831; x_wconf 88' lang='grc' dir='ltr'>πίστιν</span> <span class='ocrx_word' id='word_1_157' title='bbox 2894 781 3001 832; x_wconf 80' lang='grc' dir='ltr'><strong>τῶν</strong></span> <span class='ocrx_word' id='word_1_158' title='bbox 3033 780 3303 849; x_wconf 77' lang='grc' dir='ltr'><strong>ἐσομένων</strong></span> <span class='ocrx_word' id='word_1_159' title='bbox 3329 820 3343 843; x_wconf 87' lang='grc'><strong>,</strong></span> <span class='ocrx_word' id='word_1_160' title='bbox 3376 781 3470 832; x_wconf 76' lang='grc' dir='ltr'><strong>καὶ</strong></span> <span class='ocrx_word' id='word_1_161' title='bbox 3501 782 3665 849; x_wconf 88' lang='grc' dir='ltr'>ἀμφι-</span> 
     </span>
    </p>
   </div>
   <div class='ocr_carea' id='block_1_23' title="bbox 2103 865 3667 936">
    <p class='ocr_par' dir='ltr' id='par_1_23' title="bbox 2103 865 3667 936">
     <span class='ocr_line' id='line_1_23' title="bbox 2103 865 3667 936; baseline 0 -19"><span class='ocrx_word' id='word_1_162' title='bbox 2103 865 2310 917; x_wconf 87' lang='grc' dir='ltr'>ϐάλλων</span> <span class='ocrx_word' id='word_1_163' title='bbox 2345 867 2392 917; x_wconf 83' lang='grc' dir='ltr'><strong>εί</strong></span> <span class='ocrx_word' id='word_1_164' title='bbox 2425 868 2711 934; x_wconf 81' lang='grc' dir='ltr'>γενήσεται</span> <span class='ocrx_word' id='word_1_165' title='bbox 2739 866 2985 930; x_wconf 83' lang='grc' dir='ltr'>πάντως,</span> <span class='ocrx_word' id='word_1_166' title='bbox 3017 867 3220 936; x_wconf 89' lang='grc' dir='ltr'>σφόδρα</span> <span class='ocrx_word' id='word_1_167' title='bbox 3251 884 3339 933; x_wconf 90' lang='grc' dir='ltr'><strong>μοι</strong></span> <span class='ocrx_word' id='word_1_168' title='bbox 3367 867 3452 919; x_wconf 69' lang='grc' dir='ltr'><strong>διὰ</strong></span> <span class='ocrx_word' id='word_1_169' title='bbox 3481 866 3667 936; x_wconf 85' lang='grc' dir='ltr'>μίσους</span> 
     </span>
    </p>
   </div>
   <div class='ocr_carea' id='block_1_24' title="bbox 2103 955 3670 1027">
    <p class='ocr_par' dir='ltr' id='par_1_24' title="bbox 2103 955 3670 1027">
     <span class='ocr_line' id='line_1_24' title="bbox 2103 955 3670 1027; baseline -0.001 -19"><span class='ocrx_word' id='word_1_170' title='bbox 2103 957 2248 1009; x_wconf 78' lang='grc' dir='ltr'>ἐστὶν</span> <span class='ocrx_word' id='word_1_171' title='bbox 2272 958 2300 1008; x_wconf 97' lang='lat'><strong>6</strong></span> <span class='ocrx_word' id='word_1_172' title='bbox 2327 956 2563 1019; x_wconf 75' lang='grc' dir='ltr'>τοιοῦτος</span> <span class='ocrx_word' id='word_1_173' title='bbox 2585 972 2599 986; x_wconf 77' lang='grc' dir='ltr'><strong>ο</strong></span> <span class='ocrx_word' id='word_1_174' title='bbox 2637 957 2823 1026; x_wconf 85' lang='grc' dir='ltr'>ἐπειδὴ</span> <span class='ocrx_word' id='word_1_175' title='bbox 2865 957 3070 1010; x_wconf 85' lang='grc' dir='ltr'>δίκαιον</span> <span class='ocrx_word' id='word_1_176' title='bbox 3100 956 3278 1025; x_wconf 79' lang='grc' dir='ltr'>ἔγωγε</span> <span class='ocrx_word' id='word_1_177' title='bbox 3311 955 3564 1027; x_wconf 79' lang='grc' dir='ltr'><strong>ὁρίζομαι</strong></span> <span class='ocrx_word' id='word_1_178' title='bbox 3581 955 3670 1008; x_wconf 80' lang='grc' dir='ltr'>τὸν</span> 
     </span>
    </p>
   </div>
   <div class='ocr_carea' id='block_1_25' title="bbox 2105 1042 3670 1115">
    <p class='ocr_par' dir='ltr' id='par_1_25' title="bbox 2105 1042 3670 1115">
     <span class='ocr_line' id='line_1_25' title="bbox 2105 1042 3670 1115; baseline -0.001 -19"><span class='ocrx_word' id='word_1_179' title='bbox 2105 1044 2425 1098; x_wconf 85' lang='grc' dir='ltr'>πιστεύοντά</span> <span class='ocrx_word' id='word_1_180' title='bbox 2450 1061 2510 1096; x_wconf 90' lang='grc' dir='ltr'><strong>τε</strong></span> <span class='ocrx_word' id='word_1_181' title='bbox 2544 1046 2654 1106; x_wconf 82' lang='grc' dir='ltr'>τοῖς</span> <span class='ocrx_word' id='word_1_182' title='bbox 2678 1045 3104 1115; x_wconf 88' lang='grc' dir='ltr'>ἐπηγγελμένοις</span> <span class='ocrx_word' id='word_1_183' title='bbox 3127 1085 3140 1110; x_wconf 89' lang='grc'><strong>,</strong></span> <span class='ocrx_word' id='word_1_184' title='bbox 3172 1044 3261 1098; x_wconf 78' lang='grc' dir='ltr'><strong>καὶ</strong></span> <span class='ocrx_word' id='word_1_185' title='bbox 3289 1044 3384 1114; x_wconf 84' lang='grc' dir='ltr'><strong>τὴν</strong></span> <span class='ocrx_word' id='word_1_186' title='bbox 3409 1044 3468 1107; x_wconf 82' lang='grc' dir='ltr'>ἐξ</span> <span class='ocrx_word' id='word_1_187' title='bbox 3493 1042 3670 1096; x_wconf 79' lang='grc' dir='ltr'>αὐτῶν</span> 
     </span>
    </p>
   </div>
   <div class='ocr_carea' id='block_1_26' title="bbox 2106 1135 2770 1206">
    <p class='ocr_par' dir='ltr' id='par_1_26' title="bbox 2106 1135 2770 1206">
     <span class='ocr_line' id='line_1_26' title="bbox 2106 1135 2770 1206; baseline 0.002 -18"><span class='ocrx_word' id='word_1_188' title='bbox 2106 1135 2461 1206; x_wconf 76' lang='grc' dir='ltr'>κομιζόμενον</span> <span class='ocrx_word' id='word_1_189' title='bbox 2485 1135 2770 1203; x_wconf 81' lang='grc' dir='ltr'>ὠφέλειαν.</span> 
     </span>
    </p>
   </div>
   <div class='ocr_carea' id='block_1_27' title="bbox 2174 1224 3673 1297">
    <p class='ocr_par' dir='ltr' id='par_1_27' title="bbox 2174 1224 3673 1297">
     <span class='ocr_line' id='line_1_27' title="bbox 2174 1224 3673 1297; baseline -0.001 -20"><span class='ocrx_word' id='word_1_190' title='bbox 2174 1224 2322 1295; x_wconf 86' lang='grc' dir='ltr'>Στίχ.</span> <span class='ocrx_word' id='word_1_191' title='bbox 2363 1232 2422 1287; x_wconf 89' lang='grc' dir='ltr'>ε’,</span> <span class='ocrx_word' id='word_1_192' title='bbox 2455 1232 2526 1290; x_wconf 83' lang='grc' dir='ltr'><strong>ς’.</strong></span> <span class='ocrx_word' id='word_1_193' title='bbox 2567 1255 2637 1265; x_wconf 91' lang='grc'><strong>-</strong></span> <span class='ocrx_word' id='word_1_194' title='bbox 2670 1226 2852 1278; x_wconf 86' lang='grc' dir='ltr'>Ταῦτα</span> <span class='ocrx_word' id='word_1_195' title='bbox 2885 1227 3010 1297; x_wconf 71' lang='grc' dir='ltr'>περὶ</span> <span class='ocrx_word' id='word_1_196' title='bbox 3045 1225 3145 1296; x_wconf 79' lang='grc' dir='ltr'>τῆς</span> <span class='ocrx_word' id='word_1_197' title='bbox 3176 1225 3563 1293; x_wconf 72' lang='grc' dir='ltr'><strong>ἀποκαλύψεως</strong></span> <span class='ocrx_word' id='word_1_198' title='bbox 3595 1225 3673 1276; x_wconf 80' lang='grc' dir='ltr'>εί-</span> 
     </span>
    </p>
   </div>
   <div class='ocr_carea' id='block_1_28' title="bbox 2108 1315 3672 1388">
    <p class='ocr_par' dir='ltr' id='par_1_28' title="bbox 2108 1315 3672 1388">
     <span class='ocr_line' id='line_1_28' title="bbox 2108 1315 3672 1388; baseline 0 -21"><span class='ocrx_word' id='word_1_199' title='bbox 2108 1315 2315 1386; x_wconf 80' lang='grc' dir='ltr'>ρηκὼς,</span> <span class='ocrx_word' id='word_1_200' title='bbox 2355 1316 2449 1369; x_wconf 76' lang='grc' dir='ltr'><strong>καὶ</strong></span> <span class='ocrx_word' id='word_1_201' title='bbox 2478 1317 2920 1388; x_wconf 76' lang='grc' dir='ltr'>προτρεψάμενος</span> <span class='ocrx_word' id='word_1_202' title='bbox 2952 1317 3229 1370; x_wconf 84' lang='grc' dir='ltr'>πιστεύειν</span> <span class='ocrx_word' id='word_1_203' title='bbox 3258 1318 3367 1378; x_wconf 83' lang='grc' dir='ltr'>τοῖς</span> <span class='ocrx_word' id='word_1_204' title='bbox 3394 1315 3672 1384; x_wconf 83' lang='grc' dir='ltr'>δεικνυμέο</span> 
     </span>
    </p>
   </div>
   <div class='ocr_carea' id='block_1_29' title="bbox 2106 1405 3667 1477">
    <p class='ocr_par' dir='ltr' id='par_1_29' title="bbox 2106 1405 3667 1477">
     <span class='ocr_line' id='line_1_29' title="bbox 2106 1405 3667 1477; baseline 0.001 -21"><span class='ocrx_word' id='word_1_205' title='bbox 2106 1423 2235 1468; x_wconf 84' lang='grc' dir='ltr'>νοις,</span> <span class='ocrx_word' id='word_1_206' title='bbox 2280 1406 2468 1458; x_wconf 77' lang='grc' dir='ltr'>λοιπὸν</span> <span class='ocrx_word' id='word_1_207' title='bbox 2499 1407 2720 1475; x_wconf 77' lang='grc' dir='ltr'>ἐπάγων</span> <span class='ocrx_word' id='word_1_208' title='bbox 2765 1407 2835 1460; x_wconf 76' lang='grc' dir='ltr'>τὰ</span> <span class='ocrx_word' id='word_1_209' title='bbox 2875 1408 2972 1477; x_wconf 73' lang='grc' dir='ltr'><strong>τῆς</strong></span> <span class='ocrx_word' id='word_1_210' title='bbox 3022 1407 3259 1477; x_wconf 83' lang='grc' dir='ltr'>ὁράσεως</span> <span class='ocrx_word' id='word_1_211' title='bbox 3301 1405 3442 1458; x_wconf 75' lang='grc' dir='ltr'>οὕτω</span> <span class='ocrx_word' id='word_1_212' title='bbox 3475 1405 3667 1473; x_wconf 86' lang='grc' dir='ltr'>φησίν’</span> 
     </span>
    </p>
   </div>
   <div class='ocr_carea' id='block_1_30' title="bbox 2109 1494 3675 1567">
    <p class='ocr_par' dir='ltr' id='par_1_30' title="bbox 2109 1494 3675 1567">
     <span class='ocr_line' id='line_1_30' title="bbox 2109 1494 3675 1567; baseline 0.003 -22"><span class='ocrx_word' id='word_1_213' title='bbox 2109 1513 2127 1544; x_wconf 79' lang='grc' dir='ltr'><strong>ι</strong></span> <span class='ocrx_word' id='word_1_214' title='bbox 2178 1495 2234 1546; x_wconf 88' lang='grc'><strong>’0</strong></span> <span class='ocrx_word' id='word_1_215' title='bbox 2265 1495 2322 1547; x_wconf 82' lang='grc' dir='ltr'><strong>δέ</strong></span> <span class='ocrx_word' id='word_1_216' title='bbox 2353 1497 2697 1566; x_wconf 81' lang='grc' dir='ltr'>κατοιόμενος</span> <span class='ocrx_word' id='word_1_217' title='bbox 2729 1499 2825 1550; x_wconf 77' lang='grc' dir='ltr'>καὶ</span> <span class='ocrx_word' id='word_1_218' title='bbox 2846 1497 3255 1567; x_wconf 78' lang='grc' dir='ltr'><strong>καταφρονητὴς</strong></span> <span class='ocrx_word' id='word_1_219' title='bbox 3288 1497 3426 1567; x_wconf 87' lang='grc' dir='ltr'>ἀνὴρ</span> <span class='ocrx_word' id='word_1_220' title='bbox 3459 1494 3675 1558; x_wconf 77' lang='grc' dir='ltr'>ἀλαζὼν</span> 
     </span>
    </p>
   </div>
   <div class='ocr_carea' id='block_1_31' title="bbox 2104 1582 3673 1658">
    <p class='ocr_par' dir='ltr' id='par_1_31' title="bbox 2104 1582 3673 1658">
     <span class='ocr_line' id='line_1_31' title="bbox 2104 1582 3673 1658; baseline 0.003 -24"><span class='ocrx_word' id='word_1_221' title='bbox 2104 1583 2258 1636; x_wconf 77' lang='grc' dir='ltr'>οὐθὲν</span> <span class='ocrx_word' id='word_1_222' title='bbox 2305 1585 2365 1636; x_wconf 88' lang='grc' dir='ltr'><strong>οὑ</strong></span> <span class='ocrx_word' id='word_1_223' title='bbox 2398 1586 2471 1655; x_wconf 88' lang='grc' dir='ltr'><strong>μὴ</strong></span> <span class='ocrx_word' id='word_1_224' title='bbox 2520 1588 2746 1658; x_wconf 77' lang='grc' dir='ltr'>περάνῃ.</span> <span class='ocrx_word' id='word_1_225' title='bbox 2786 1607 2805 1638; x_wconf 73' lang='grc' dir='ltr'><strong>ι</strong></span> <span class='ocrx_word' id='word_1_226' title='bbox 2839 1582 2912 1640; x_wconf 81' lang='grc' dir='ltr'><strong>Εὖ</strong></span> <span class='ocrx_word' id='word_1_227' title='bbox 2949 1587 3060 1639; x_wconf 82' lang='grc' dir='ltr'>ίστε</span> <span class='ocrx_word' id='word_1_228' title='bbox 3088 1586 3285 1648; x_wconf 80' lang='grc' dir='ltr'>τοίνυν,</span> <span class='ocrx_word' id='word_1_229' title='bbox 3327 1586 3510 1656; x_wconf 62' lang='grc' dir='ltr'>φησιν,</span> <span class='ocrx_word' id='word_1_230' title='bbox 3551 1602 3673 1638; x_wconf 76' lang='grc' dir='ltr'>του-</span> 
     </span>
    </p>
   </div>
   <div class='ocr_carea' id='block_1_32' title="bbox 2103 1675 3672 1748">
    <p class='ocr_par' dir='ltr' id='par_1_32' title="bbox 2103 1675 3672 1748">
     <span class='ocr_line' id='line_1_32' title="bbox 2103 1675 3672 1748; baseline 0.002 -23"><span class='ocrx_word' id='word_1_231' title='bbox 2103 1675 2216 1726; x_wconf 77' lang='grc' dir='ltr'>τονὶ</span> <span class='ocrx_word' id='word_1_232' title='bbox 2242 1675 2330 1728; x_wconf 86' lang='grc' dir='ltr'><strong>τὸν</strong></span> <span class='ocrx_word' id='word_1_233' title='bbox 2360 1676 2612 1745; x_wconf 88' lang='grc' dir='ltr'>πολέμιον</span> <span class='ocrx_word' id='word_1_234' title='bbox 2639 1677 2729 1730; x_wconf 85' lang='grc' dir='ltr'><strong>τὸν</strong></span> <span class='ocrx_word' id='word_1_235' title='bbox 2760 1677 3023 1748; x_wconf 87' lang='grc' dir='ltr'>ὑμέτερον</span> <span class='ocrx_word' id='word_1_236' title='bbox 3046 1695 3059 1709; x_wconf 88' lang='grc'><strong>·</strong></span> <span class='ocrx_word' id='word_1_237' title='bbox 3091 1677 3237 1744; x_wconf 83' lang='grc' dir='ltr'>λέγει</span> <span class='ocrx_word' id='word_1_238' title='bbox 3284 1678 3340 1730; x_wconf 84' lang='grc' dir='ltr'><strong>δέ</strong></span> <span class='ocrx_word' id='word_1_239' title='bbox 3374 1677 3464 1729; x_wconf 83' lang='grc' dir='ltr'><strong>τὸν</strong></span> <span class='ocrx_word' id='word_1_240' title='bbox 3495 1675 3672 1729; x_wconf 80' lang='grc' dir='ltr'>Βαϐυ-</span> 
     </span>
    </p>
   </div>
   <div class='ocr_carea' id='block_1_33' title="bbox 433 1751 2006 1840">
    <p class='ocr_par' dir='ltr' id='par_1_33' title="bbox 433 1755 2001 1831">
     <span class='ocr_line' id='line_1_33' title="bbox 433 1755 2001 1831; baseline 0.01 -27"><span class='ocrx_word' id='word_1_241' title='bbox 433 1756 509 1806; x_wconf 88' lang='lat' dir='ltr'><strong>tia</strong></span> <span class='ocrx_word' id='word_1_242' title='bbox 538 1755 764 1817; x_wconf 90' lang='lat' dir='ltr'><strong>elatum,</strong></span> <span class='ocrx_word' id='word_1_243' title='bbox 800 1757 1106 1826; x_wconf 56' lang='lat' dir='ltr'><strong>divinaque</strong></span> <span class='ocrx_word' id='word_1_244' title='bbox 1137 1760 1409 1827; x_wconf 72' lang='lat' dir='ltr'><strong>patientia:</strong></span> <span class='ocrx_word' id='word_1_245' title='bbox 1454 1770 1906 1831; x_wconf 82' lang='lat' dir='ltr'><strong>contemptorem.</strong></span> <span class='ocrx_word' id='word_1_246' title='bbox 1949 1774 2001 1819; x_wconf 91' lang='lat' dir='ltr'><strong>et</strong></span> 
     </span>
    </p>
   </div>
   <div class='ocr_carea' id='block_1_34' title="bbox 2110 1751 3673 1840">
    <p class='ocr_par' dir='ltr' id='par_1_34' title="bbox 2110 1763 3673 1840">
     <span class='ocr_line' id='line_1_34' title="bbox 2110 1763 3673 1840; baseline 0.004 -25"><span class='ocrx_word' id='word_1_247' title='bbox 2110 1763 2316 1828; x_wconf 86' lang='grc' dir='ltr'>λὼνιον,</span> <span class='ocrx_word' id='word_1_248' title='bbox 2354 1765 2428 1834; x_wconf 87' lang='lat' dir='ltr'><strong>(p.</strong></span> <span class='ocrx_word' id='word_1_249' title='bbox 2465 1766 2590 1836; x_wconf 78' lang='lat'><strong>365)</strong></span> <span class='ocrx_word' id='word_1_250' title='bbox 2632 1768 2721 1820; x_wconf 86' lang='grc' dir='ltr'><strong>τὸν</strong></span> <span class='ocrx_word' id='word_1_251' title='bbox 2754 1769 2977 1838; x_wconf 78' lang='grc' dir='ltr'>ἀμέτρῳ</span> <span class='ocrx_word' id='word_1_252' title='bbox 3021 1768 3100 1839; x_wconf 82' lang='grc' dir='ltr'>τῷ</span> <span class='ocrx_word' id='word_1_253' title='bbox 3137 1771 3360 1839; x_wconf 84' lang='grc' dir='ltr'>οἱήματι</span> <span class='ocrx_word' id='word_1_254' title='bbox 3398 1769 3673 1840; x_wconf 74' lang='grc' dir='ltr'>κεχρημέο</span> 
     </span>
    </p>
   </div>
   <div class='ocr_carea' id='block_1_35' title="bbox 433 1842 1999 1919">
    <p class='ocr_par' dir='ltr' id='par_1_35' title="bbox 433 1842 1999 1919">
     <span class='ocr_line' id='line_1_35' title="bbox 433 1842 1999 1919; baseline 0.006 -25"><span class='ocrx_word' id='word_1_255' title='bbox 433 1842 662 1896; x_wconf 89' lang='lat' dir='ltr'><strong>aliorum</strong></span> <span class='ocrx_word' id='word_1_256' title='bbox 703 1845 1100 1901; x_wconf 82' lang='lat' dir='ltr'><strong>calamitatibus</strong></span> <span class='ocrx_word' id='word_1_257' title='bbox 1132 1849 1511 1912; x_wconf 80' lang='lat' dir='ltr'><strong>exsultantem,</strong></span> <span class='ocrx_word' id='word_1_258' title='bbox 1553 1851 1720 1914; x_wconf 91' lang='lat' dir='ltr'><strong>hunc,</strong></span> <span class='ocrx_word' id='word_1_259' title='bbox 1756 1851 1999 1919; x_wconf 86' lang='lat' dir='ltr'><strong>inquam,</strong></span> 
     </span>
    </p>
   </div>
   <div class='ocr_carea' id='block_1_36' title="bbox 432 1931 2004 2006">
    <p class='ocr_par' dir='ltr' id='par_1_36' title="bbox 432 1931 2004 2006">
     <span class='ocr_line' id='line_1_36' title="bbox 432 1931 2004 2006; baseline 0.007 -22"><span class='ocrx_word' id='word_1_260' title='bbox 432 1931 822 1988; x_wconf 87' lang='lat' dir='ltr'><strong>dominationis</strong></span> <span class='ocrx_word' id='word_1_261' title='bbox 859 1949 972 1990; x_wconf 75' lang='lat' dir='ltr'><strong>sua:</strong></span> <span class='ocrx_word' id='word_1_262' title='bbox 1011 1937 1284 2006; x_wconf 79' lang='lat' dir='ltr'><strong>negotium</strong></span> <span class='ocrx_word' id='word_1_263' title='bbox 1332 1938 1474 1991; x_wconf 82' lang='lat' dir='ltr'><strong>felici</strong></span> <span class='ocrx_word' id='word_1_264' title='bbox 1509 1941 1657 1994; x_wconf 75' lang='lat' dir='ltr'><strong>exitu</strong></span> <span class='ocrx_word' id='word_1_265' title='bbox 1708 1956 1816 1994; x_wconf 91' lang='lat' dir='ltr'><strong>non</strong></span> <span class='ocrx_word' id='word_1_266' title='bbox 1872 1957 2004 1995; x_wconf 87' lang='lat' dir='ltr'><strong>con-</strong></span> 
     </span>
    </p>
   </div>
   <div class='ocr_carea' id='block_1_37' title="bbox 433 2023 1993 2095">
    <p class='ocr_par' dir='ltr' id='par_1_37' title="bbox 433 2023 1993 2095">
     <span class='ocr_line' id='line_1_37' title="bbox 433 2023 1993 2095; baseline 0.009 -23"><span class='ocrx_word' id='word_1_267' title='bbox 433 2023 736 2087; x_wconf 75' lang='lat' dir='ltr'><strong>clusurum,</strong></span> <span class='ocrx_word' id='word_1_268' title='bbox 765 2026 857 2078; x_wconf 88' lang='lat' dir='ltr'><strong>sed</strong></span> <span class='ocrx_word' id='word_1_269' title='bbox 889 2028 1186 2082; x_wconf 89' lang='lat' dir='ltr'><strong>terribilem</strong></span> <span class='ocrx_word' id='word_1_270' title='bbox 1220 2029 1508 2095; x_wconf 80' lang='lat' dir='ltr'><strong>quamdam</strong></span> <span class='ocrx_word' id='word_1_271' title='bbox 1542 2046 1568 2082; x_wconf 94' lang='lat' dir='ltr'><strong>a</strong></span> <span class='ocrx_word' id='word_1_272' title='bbox 1603 2029 1785 2084; x_wconf 87' lang='lat' dir='ltr'><strong>divina</strong></span> <span class='ocrx_word' id='word_1_273' title='bbox 1811 2033 1993 2086; x_wconf 90' lang='lat' dir='ltr'><strong>vindi-</strong></span> 
     </span>
    </p>
   </div>
   <div class='ocr_carea' id='block_1_38' title="bbox 433 2114 2002 2185">
    <p class='ocr_par' dir='ltr' id='par_1_38' title="bbox 433 2114 2002 2185">
     <span class='ocr_line' id='line_1_38' title="bbox 433 2114 2002 2185; baseline 0.01 -23"><span class='ocrx_word' id='word_1_274' title='bbox 433 2120 519 2164; x_wconf 74' lang='lat' dir='ltr'><strong>cta</strong></span> <span class='ocrx_word' id='word_1_275' title='bbox 549 2114 961 2169; x_wconf 86' lang='lat' dir='ltr'><strong>conversionem</strong></span> <span class='ocrx_word' id='word_1_276' title='bbox 992 2124 1365 2185; x_wconf 75' lang='lat' dir='ltr'><strong>experturum.</strong></span> <span class='ocrx_word' id='word_1_277' title='bbox 1399 2138 1414 2168; x_wconf 78' lang='grc' dir='ltr'><strong>ι</strong></span> <span class='ocrx_word' id='word_1_278' title='bbox 1440 2117 1540 2184; x_wconf 73' lang='lat' dir='ltr'><strong>Qiii</strong></span> <span class='ocrx_word' id='word_1_279' title='bbox 1576 2120 1824 2174; x_wconf 82' lang='lat' dir='ltr'><strong>dilatavit</strong></span> <span class='ocrx_word' id='word_1_280' title='bbox 1858 2123 2002 2176; x_wconf 89' lang='lat' dir='ltr'><strong>sicut</strong></span> 
     </span>
    </p>
   </div>
   <div class='ocr_carea' id='block_1_39' title="bbox 434 2202 1998 2271">
    <p class='ocr_par' dir='ltr' id='par_1_39' title="bbox 434 2202 1998 2271">
     <span class='ocr_line' id='line_1_39' title="bbox 434 2202 1998 2271; baseline 0.01 -19"><span class='ocrx_word' id='word_1_281' title='bbox 434 2202 683 2258; x_wconf 88' lang='lat' dir='ltr'><strong>infernus</strong></span> <span class='ocrx_word' id='word_1_282' title='bbox 731 2205 968 2259; x_wconf 87' lang='lat' dir='ltr'><strong>animam</strong></span> <span class='ocrx_word' id='word_1_283' title='bbox 1021 2222 1199 2271; x_wconf 91' lang='lat' dir='ltr'><strong>suam,</strong></span> <span class='ocrx_word' id='word_1_284' title='bbox 1229 2217 1282 2262; x_wconf 91' lang='lat' dir='ltr'><strong>et</strong></span> <span class='ocrx_word' id='word_1_285' title='bbox 1309 2212 1500 2264; x_wconf 88' lang='lat' dir='ltr'><strong>mortis</strong></span> <span class='ocrx_word' id='word_1_286' title='bbox 1533 2211 1709 2265; x_wconf 85' lang='lat' dir='ltr'><strong>instar</strong></span> <span class='ocrx_word' id='word_1_287' title='bbox 1735 2224 1818 2266; x_wconf 90' lang='lat' dir='ltr'><strong>est</strong></span> <span class='ocrx_word' id='word_1_288' title='bbox 1856 2213 1998 2267; x_wconf 88' lang='lat' dir='ltr'><strong>insa-</strong></span> 
     </span>
    </p>
   </div>
   <div class='ocr_carea' id='block_1_40' title="bbox 433 2292 2003 2370">
    <p class='ocr_par' dir='ltr' id='par_1_40' title="bbox 433 2292 2003 2370">
     <span class='ocr_line' id='line_1_40' title="bbox 433 2292 2003 2370; baseline 0.009 -27"><span class='ocrx_word' id='word_1_289' title='bbox 433 2292 679 2358; x_wconf 84' lang='lat' dir='ltr'><strong>tiabilis;</strong></span> <span class='ocrx_word' id='word_1_290' title='bbox 710 2293 805 2362; x_wconf 89' lang='lat' dir='ltr'><strong>qui</strong></span> <span class='ocrx_word' id='word_1_291' title='bbox 846 2295 1110 2349; x_wconf 91' lang='lat' dir='ltr'><strong>adunabit</strong></span> <span class='ocrx_word' id='word_1_292' title='bbox 1157 2296 1264 2352; x_wconf 88' lang='lat' dir='ltr'><strong>sibi</strong></span> <span class='ocrx_word' id='word_1_293' title='bbox 1325 2313 1514 2354; x_wconf 87' lang='lat' dir='ltr'><strong>omnes</strong></span> <span class='ocrx_word' id='word_1_294' title='bbox 1546 2309 1755 2370; x_wconf 79' lang='lat' dir='ltr'><strong>gentes,</strong></span> <span class='ocrx_word' id='word_1_295' title='bbox 1787 2311 1838 2355; x_wconf 79' lang='lat' dir='ltr'><strong>et</strong></span> <span class='ocrx_word' id='word_1_296' title='bbox 1868 2319 2003 2356; x_wconf 85' lang='lat' dir='ltr'><strong>cun-</strong></span> 
     </span>
    </p>
   </div>
   <div class='ocr_carea' id='block_1_41' title="bbox 432 2381 2003 2456">
    <p class='ocr_par' dir='ltr' id='par_1_41' title="bbox 432 2381 2003 2456">
     <span class='ocr_line' id='line_1_41' title="bbox 432 2381 2003 2456; baseline 0.011 -29"><span class='ocrx_word' id='word_1_297' title='bbox 432 2386 553 2433; x_wconf 70' lang='lat' dir='ltr'><strong>ctos</strong></span> <span class='ocrx_word' id='word_1_298' title='bbox 584 2381 810 2450; x_wconf 85' lang='lat' dir='ltr'><strong>populos</strong></span> <span class='ocrx_word' id='word_1_299' title='bbox 856 2382 920 2435; x_wconf 88' lang='lat' dir='ltr'><strong>ad</strong></span> <span class='ocrx_word' id='word_1_300' title='bbox 959 2398 1018 2436; x_wconf 89' lang='lat' dir='ltr'><strong>se</strong></span> <span class='ocrx_word' id='word_1_301' title='bbox 1053 2384 1301 2453; x_wconf 82' lang='lat' dir='ltr'><strong>recipiet.</strong></span> <span class='ocrx_word' id='word_1_302' title='bbox 1348 2405 1364 2435; x_wconf 74' lang='grc' dir='ltr'><strong>ι</strong></span> <span class='ocrx_word' id='word_1_303' title='bbox 1401 2385 1500 2451; x_wconf 89' lang='lat' dir='ltr'><strong>Qui</strong></span> <span class='ocrx_word' id='word_1_304' title='bbox 1549 2389 1702 2456; x_wconf 87' lang='lat' dir='ltr'><strong>quasi</strong></span> <span class='ocrx_word' id='word_1_305' title='bbox 1755 2390 2003 2444; x_wconf 85' lang='lat' dir='ltr'><strong>infernus</strong></span> 
     </span>
    </p>
   </div>
   <div class='ocr_carea' id='block_1_42' title="bbox 435 2474 2002 2546">
    <p class='ocr_par' dir='ltr' id='par_1_42' title="bbox 435 2474 2002 2546">
     <span class='ocr_line' id='line_1_42' title="bbox 435 2474 2002 2546; baseline 0.01 -27"><span class='ocrx_word' id='word_1_306' title='bbox 435 2474 697 2526; x_wconf 79' lang='lat' dir='ltr'><strong>alversus</strong></span> <span class='ocrx_word' id='word_1_307' title='bbox 735 2487 922 2526; x_wconf 88' lang='lat' dir='ltr'><strong>omnes</strong></span> <span class='ocrx_word' id='word_1_308' title='bbox 953 2474 1058 2526; x_wconf 86' lang='lat' dir='ltr'><strong>vim</strong></span> <span class='ocrx_word' id='word_1_309' title='bbox 1094 2489 1247 2527; x_wconf 90' lang='lat' dir='ltr'><strong>suam</strong></span> <span class='ocrx_word' id='word_1_310' title='bbox 1288 2479 1562 2540; x_wconf 76' lang='lat' dir='ltr'><strong>extendit,</strong></span> <span class='ocrx_word' id='word_1_311' title='bbox 1598 2481 1796 2546; x_wconf 86' lang='lat' dir='ltr'><strong>passim</strong></span> <span class='ocrx_word' id='word_1_312' title='bbox 1834 2481 2002 2534; x_wconf 89' lang='lat' dir='ltr'><strong>inter-</strong></span> 
     </span>
    </p>
   </div>
   <div class='ocr_carea' id='block_1_43' title="bbox 433 2559 2006 2626">
    <p class='ocr_par' dir='ltr' id='par_1_43' title="bbox 433 2559 2006 2626">
     <span class='ocr_line' id='line_1_43' title="bbox 433 2559 2006 2626; baseline 0.009 -16"><span class='ocrx_word' id='word_1_313' title='bbox 433 2559 622 2613; x_wconf 77' lang='lat' dir='ltr'><strong>ficiens</strong></span> <span class='ocrx_word' id='word_1_314' title='bbox 641 2600 655 2622; x_wconf 94' lang='lat'><strong>,</strong></span> <span class='ocrx_word' id='word_1_315' title='bbox 679 2569 734 2614; x_wconf 85' lang='lat' dir='ltr'><strong>et</strong></span> <span class='ocrx_word' id='word_1_316' title='bbox 781 2563 975 2616; x_wconf 89' lang='lat' dir='ltr'><strong>mortis</strong></span> <span class='ocrx_word' id='word_1_317' title='bbox 1007 2564 1250 2618; x_wconf 87' lang='lat' dir='ltr'><strong>imitator</strong></span> <span class='ocrx_word' id='word_1_318' title='bbox 1275 2568 1476 2619; x_wconf 83' lang='lat' dir='ltr'><strong>nullam</strong></span> <span class='ocrx_word' id='word_1_319' title='bbox 1509 2570 1814 2624; x_wconf 88' lang='lat' dir='ltr'><strong>occisorum</strong></span> <span class='ocrx_word' id='word_1_320' title='bbox 1841 2574 2006 2626; x_wconf 86' lang='lat' dir='ltr'><strong>satie-</strong></span> 
     </span>
    </p>
   </div>
   <div class='ocr_carea' id='block_1_44' title="bbox 438 2653 2002 2730">
    <p class='ocr_par' dir='ltr' id='par_1_44' title="bbox 438 2653 2002 2730">
     <span class='ocr_line' id='line_1_44' title="bbox 438 2653 2002 2730; baseline 0.011 -29"><span class='ocrx_word' id='word_1_321' title='bbox 438 2658 605 2703; x_wconf 85' lang='lat' dir='ltr'><strong>tatem</strong></span> <span class='ocrx_word' id='word_1_322' title='bbox 637 2654 800 2719; x_wconf 86' lang='lat' dir='ltr'><strong>cepit,</strong></span> <span class='ocrx_word' id='word_1_323' title='bbox 833 2653 1118 2722; x_wconf 86' lang='lat' dir='ltr'><strong>captivans</strong></span> <span class='ocrx_word' id='word_1_324' title='bbox 1166 2655 1452 2721; x_wconf 90' lang='lat' dir='ltr'><strong>plurimos,</strong></span> <span class='ocrx_word' id='word_1_325' title='bbox 1483 2665 1537 2712; x_wconf 92' lang='lat' dir='ltr'><strong>et</strong></span> <span class='ocrx_word' id='word_1_326' title='bbox 1578 2659 1779 2730; x_wconf 89' lang='lat' dir='ltr'><strong>ubique</strong></span> <span class='ocrx_word' id='word_1_327' title='bbox 1815 2678 2002 2719; x_wconf 74' lang='lat' dir='ltr'><strong>omnes</strong></span> 
     </span>
    </p>
   </div>
   <div class='ocr_carea' id='block_1_45' title="bbox 434 2739 2000 2813">
    <p class='ocr_par' dir='ltr' id='par_1_45' title="bbox 434 2739 2000 2813">
     <span class='ocr_line' id='line_1_45' title="bbox 434 2739 2000 2813; baseline 0.009 -21"><span class='ocrx_word' id='word_1_328' title='bbox 434 2739 539 2792; x_wconf 86' lang='lat' dir='ltr'><strong>sub</strong></span> <span class='ocrx_word' id='word_1_329' title='bbox 594 2754 747 2791; x_wconf 85' lang='lat' dir='ltr'><strong>suam</strong></span> <span class='ocrx_word' id='word_1_330' title='bbox 804 2749 1127 2808; x_wconf 86' lang='lat' dir='ltr'><strong>potestatem</strong></span> <span class='ocrx_word' id='word_1_331' title='bbox 1169 2745 1440 2813; x_wconf 80' lang='lat' dir='ltr'><strong>redigens,</strong></span> <span class='ocrx_word' id='word_1_332' title='bbox 1467 2747 1555 2802; x_wconf 90' lang='lat' dir='ltr'><strong>hic</strong></span> <span class='ocrx_word' id='word_1_333' title='bbox 1598 2748 2000 2806; x_wconf 71' lang='lat' dir='ltr'><strong>formidabilem</strong></span> 
     </span>
    </p>
   </div>
   <div class='ocr_carea' id='block_1_46' title="bbox 435 2829 2000 2909">
    <p class='ocr_par' dir='ltr' id='par_1_46' title="bbox 435 2829 2000 2909">
     <span class='ocr_line' id='line_1_46' title="bbox 435 2829 2000 2909; baseline 0.011 -29"><span class='ocrx_word' id='word_1_334' title='bbox 435 2829 724 2896; x_wconf 85' lang='lat' dir='ltr'><strong>quamdam</strong></span> <span class='ocrx_word' id='word_1_335' title='bbox 771 2832 867 2884; x_wconf 86' lang='lat' dir='ltr'><strong>abs</strong></span> <span class='ocrx_word' id='word_1_336' title='bbox 905 2831 1088 2884; x_wconf 87' lang='lat' dir='ltr'><strong>divina</strong></span> <span class='ocrx_word' id='word_1_337' title='bbox 1149 2833 1229 2886; x_wconf 90' lang='lat' dir='ltr'><strong>ira</strong></span> <span class='ocrx_word' id='word_1_338' title='bbox 1288 2837 1694 2892; x_wconf 87' lang='lat' dir='ltr'><strong>subversionem</strong></span> <span class='ocrx_word' id='word_1_339' title='bbox 1749 2844 2000 2909; x_wconf 83' lang='lat' dir='ltr'><strong>patietur.</strong></span> 
     </span>
    </p>
   </div>
   <div class='ocr_carea' id='block_1_47' title="bbox 441 2919 2005 2990">
    <p class='ocr_par' dir='ltr' id='par_1_47' title="bbox 441 2919 2005 2990">
     <span class='ocr_line' id='line_1_47' title="bbox 441 2919 2005 2990; baseline 0.012 -20"><span class='ocrx_word' id='word_1_340' title='bbox 441 2939 463 2970; x_wconf 76' lang='grc' dir='ltr'><strong>ι</strong></span> <span class='ocrx_word' id='word_1_341' title='bbox 494 2919 684 2975; x_wconf 86' lang='lat' dir='ltr'><strong>Nonne</strong></span> <span class='ocrx_word' id='word_1_342' title='bbox 713 2921 828 2975; x_wconf 68' lang='lat' dir='ltr'><strong>inec</strong></span> <span class='ocrx_word' id='word_1_343' title='bbox 873 2925 1058 2976; x_wconf 90' lang='lat' dir='ltr'><strong>omnia</strong></span> <span class='ocrx_word' id='word_1_344' title='bbox 1096 2927 1404 2990; x_wconf 89' lang='lat' dir='ltr'><strong>parabolam</strong></span> <span class='ocrx_word' id='word_1_345' title='bbox 1456 2927 1719 2984; x_wconf 86' lang='lat' dir='ltr'><strong>adversus</strong></span> <span class='ocrx_word' id='word_1_346' title='bbox 1748 2947 1870 2986; x_wconf 91' lang='lat' dir='ltr'><strong>eum</strong></span> <span class='ocrx_word' id='word_1_347' title='bbox 1911 2950 2005 2987; x_wconf 79' lang='lat' dir='ltr'><strong>su-</strong></span> 
     </span>
    </p>
   </div>
   <div class='ocr_carea' id='block_1_48' title="bbox 436 3013 1998 3093">
    <p class='ocr_par' dir='ltr' id='par_1_48' title="bbox 436 3013 1998 3093">
     <span class='ocr_line' id='line_1_48' title="bbox 436 3013 1998 3093; baseline 0.011 -31"><span class='ocrx_word' id='word_1_348' title='bbox 436 3018 606 3075; x_wconf 90' lang='lat' dir='ltr'><strong>ment,</strong></span> <span class='ocrx_word' id='word_1_349' title='bbox 639 3019 692 3065; x_wconf 93' lang='lat' dir='ltr'><strong>et</strong></span> <span class='ocrx_word' id='word_1_350' title='bbox 733 3013 1007 3080; x_wconf 88' lang='lat' dir='ltr'><strong>problema</strong></span> <span class='ocrx_word' id='word_1_351' title='bbox 1039 3015 1104 3068; x_wconf 92' lang='lat' dir='ltr'><strong>de</strong></span> <span class='ocrx_word' id='word_1_352' title='bbox 1137 3017 1254 3084; x_wconf 83' lang='lat' dir='ltr'><strong>ipso</strong></span> <span class='ocrx_word' id='word_1_353' title='bbox 1298 3019 1603 3073; x_wconf 89' lang='lat' dir='ltr'><strong>narrabunt</strong></span> <span class='ocrx_word' id='word_1_354' title='bbox 1631 3022 1998 3093; x_wconf 88' lang='lat' dir='ltr'><strong>?dicentque:</strong></span> 
     </span>
    </p>
   </div>
   <div class='ocr_carea' id='block_1_49' title="bbox 2111 1855 3673 1928">
    <p class='ocr_par' dir='ltr' id='par_1_49' title="bbox 2111 1855 3673 1928">
     <span class='ocr_line' id='line_1_49' title="bbox 2111 1855 3673 1928; baseline 0.004 -22"><span class='ocrx_word' id='word_1_355' title='bbox 2111 1871 2199 1907; x_wconf 84' lang='lat' dir='ltr'><strong>vov</strong></span> <span class='ocrx_word' id='word_1_356' title='bbox 2237 1855 2332 1907; x_wconf 75' lang='grc' dir='ltr'><strong>καὶ</strong></span> <span class='ocrx_word' id='word_1_357' title='bbox 2369 1858 2809 1928; x_wconf 82' lang='grc' dir='ltr'>καταφρονοῦντα</span> <span class='ocrx_word' id='word_1_358' title='bbox 2841 1859 2942 1928; x_wconf 86' lang='grc' dir='ltr'>τῆς</span> <span class='ocrx_word' id='word_1_359' title='bbox 2986 1860 3332 1923; x_wconf 79' lang='grc' dir='ltr'>ἀνεξικακίας</span> <span class='ocrx_word' id='word_1_360' title='bbox 3369 1860 3464 1928; x_wconf 82' lang='grc' dir='ltr'>τῆς</span> <span class='ocrx_word' id='word_1_361' title='bbox 3507 1859 3673 1924; x_wconf 83' lang='grc' dir='ltr'>θείας,</span> 
     </span>
    </p>
   </div>
   <div class='ocr_carea' id='block_1_50' title="bbox 2110 1946 3679 2023">
    <p class='ocr_par' dir='ltr' id='par_1_50' title="bbox 2110 1946 3679 2023">
     <span class='ocr_line' id='line_1_50' title="bbox 2110 1946 3679 2023; baseline 0.004 -26"><span class='ocrx_word' id='word_1_362' title='bbox 2110 1946 2202 1998; x_wconf 73' lang='grc' dir='ltr'><strong>καὶ</strong></span> <span class='ocrx_word' id='word_1_363' title='bbox 2231 1947 2288 1998; x_wconf 92' lang='grc' dir='ltr'><strong>ἐν</strong></span> <span class='ocrx_word' id='word_1_364' title='bbox 2314 1950 2432 2010; x_wconf 87' lang='grc' dir='ltr'>ταῖς</span> <span class='ocrx_word' id='word_1_365' title='bbox 2462 1948 2660 2017; x_wconf 81' lang='grc' dir='ltr'>ἑτέρων</span> <span class='ocrx_word' id='word_1_366' title='bbox 2686 1947 3142 2020; x_wconf 81' lang='grc' dir='ltr'>ἀλαζονευόμενον</span> <span class='ocrx_word' id='word_1_367' title='bbox 3175 1951 3553 2023; x_wconf 87' lang='grc' dir='ltr'>δυσπραγίαις,</span> <span class='ocrx_word' id='word_1_368' title='bbox 3575 1950 3679 2004; x_wconf 73' lang='grc' dir='ltr'>οὐκ</span> 
     </span>
    </p>
   </div>
   <div class='ocr_carea' id='block_1_51' title="bbox 2108 2033 3674 2109">
    <p class='ocr_par' dir='ltr' id='par_1_51' title="bbox 2108 2033 3674 2109">
     <span class='ocr_line' id='line_1_51' title="bbox 2108 2033 3674 2109; baseline 0.004 -23"><span class='ocrx_word' id='word_1_369' title='bbox 2108 2037 2187 2098; x_wconf 85' lang='grc' dir='ltr'><strong>εἰς</strong></span> <span class='ocrx_word' id='word_1_370' title='bbox 2222 2036 2394 2107; x_wconf 85' lang='grc' dir='ltr'>πέρας</span> <span class='ocrx_word' id='word_1_371' title='bbox 2446 2037 2546 2107; x_wconf 81' lang='grc' dir='ltr'><strong>μὲν</strong></span> <span class='ocrx_word' id='word_1_372' title='bbox 2587 2033 2678 2092; x_wconf 81' lang='grc' dir='ltr'><strong>οὖν</strong></span> <span class='ocrx_word' id='word_1_373' title='bbox 2717 2039 2785 2092; x_wconf 84' lang='grc' dir='ltr'>τὰ</span> <span class='ocrx_word' id='word_1_374' title='bbox 2831 2040 2922 2092; x_wconf 73' lang='grc' dir='ltr'><strong>ἐπὶ</strong></span> <span class='ocrx_word' id='word_1_375' title='bbox 2971 2041 3069 2109; x_wconf 80' lang='grc' dir='ltr'><strong>τῆς</strong></span> <span class='ocrx_word' id='word_1_376' title='bbox 3103 2041 3292 2093; x_wconf 69' lang='grc' dir='ltr'>ἑαυτοῦ</span> <span class='ocrx_word' id='word_1_377' title='bbox 3339 2041 3674 2104; x_wconf 81' lang='grc' dir='ltr'>δυναστείας,</span> 
     </span>
    </p>
   </div>
   <div class='ocr_carea' id='block_1_52' title="bbox 2109 2125 3681 2202">
    <p class='ocr_par' dir='ltr' id='par_1_52' title="bbox 2109 2125 3681 2202">
     <span class='ocr_line' id='line_1_52' title="bbox 2109 2125 3681 2202; baseline 0.005 -25"><span class='ocrx_word' id='word_1_378' title='bbox 2109 2125 2346 2194; x_wconf 81' lang='grc' dir='ltr'>φοϐερὰν</span> <span class='ocrx_word' id='word_1_379' title='bbox 2386 2128 2444 2180; x_wconf 90' lang='grc' dir='ltr'><strong>δέ</strong></span> <span class='ocrx_word' id='word_1_380' title='bbox 2477 2146 2598 2182; x_wconf 87' lang='grc' dir='ltr'>τινα</span> <span class='ocrx_word' id='word_1_381' title='bbox 2641 2132 2708 2201; x_wconf 83' lang='grc' dir='ltr'>τῇ</span> <span class='ocrx_word' id='word_1_382' title='bbox 2751 2131 2946 2202; x_wconf 82' lang='grc' dir='ltr'>ἀπειλῇ</span> <span class='ocrx_word' id='word_1_383' title='bbox 2976 2135 3042 2202; x_wconf 84' lang='grc' dir='ltr'>τῇ</span> <span class='ocrx_word' id='word_1_384' title='bbox 3083 2132 3199 2202; x_wconf 77' lang='grc' dir='ltr'>θείᾳ</span> <span class='ocrx_word' id='word_1_385' title='bbox 3238 2131 3336 2202; x_wconf 86' lang='grc' dir='ltr'><strong>τὴν</strong></span> <span class='ocrx_word' id='word_1_386' title='bbox 3379 2131 3681 2202; x_wconf 78' lang='grc' dir='ltr'>μεταϐολὴν</span> 
     </span>
    </p>
   </div>
   <div class='ocr_carea' id='block_1_53' title="bbox 2109 2215 3682 2293">
    <p class='ocr_par' dir='ltr' id='par_1_53' title="bbox 2109 2215 3682 2293">
     <span class='ocr_line' id='line_1_53' title="bbox 2109 2215 3682 2293; baseline 0.003 -26"><span class='ocrx_word' id='word_1_387' title='bbox 2109 2215 2502 2285; x_wconf 80' lang='grc' dir='ltr'>ὑπομενοῦντα.</span> <span class='ocrx_word' id='word_1_388' title='bbox 2557 2238 2575 2271; x_wconf 77' lang='grc' dir='ltr'><strong>ι</strong></span> <span class='ocrx_word' id='word_1_389' title='bbox 2643 2221 2738 2283; x_wconf 90' lang='grc' dir='ltr'>Ὃς</span> <span class='ocrx_word' id='word_1_390' title='bbox 2787 2219 3051 2274; x_wconf 85' lang='grc' dir='ltr'>ἐπλάτυνε</span> <span class='ocrx_word' id='word_1_391' title='bbox 3105 2221 3285 2285; x_wconf 80' lang='grc' dir='ltr'>καθὼς</span> <span class='ocrx_word' id='word_1_392' title='bbox 3319 2224 3348 2275; x_wconf 91' lang='lat'><strong>6</strong></span> <span class='ocrx_word' id='word_1_393' title='bbox 3398 2221 3528 2293; x_wconf 75' lang='grc' dir='ltr'>ᾅδης</span> <span class='ocrx_word' id='word_1_394' title='bbox 3577 2221 3682 2292; x_wconf 83' lang='grc' dir='ltr'><strong>τὴν</strong></span> 
     </span>
    </p>
   </div>
   <div class='ocr_carea' id='block_1_54' title="bbox 2108 2306 3676 2383">
    <p class='ocr_par' dir='ltr' id='par_1_54' title="bbox 2108 2306 3676 2383">
     <span class='ocr_line' id='line_1_54' title="bbox 2108 2306 3676 2383; baseline 0.005 -26"><span class='ocrx_word' id='word_1_395' title='bbox 2108 2306 2285 2376; x_wconf 79' lang='grc' dir='ltr'>ψυχὴν</span> <span class='ocrx_word' id='word_1_396' title='bbox 2313 2306 2498 2372; x_wconf 77' lang='grc' dir='ltr'>αὑτοῦ,</span> <span class='ocrx_word' id='word_1_397' title='bbox 2532 2310 2625 2362; x_wconf 76' lang='grc' dir='ltr'>καὶ</span> <span class='ocrx_word' id='word_1_398' title='bbox 2667 2310 2827 2373; x_wconf 75' lang='grc' dir='ltr'>αὐτὸς</span> <span class='ocrx_word' id='word_1_399' title='bbox 2855 2311 2930 2373; x_wconf 85' lang='grc' dir='ltr'><strong>ὡς</strong></span> <span class='ocrx_word' id='word_1_400' title='bbox 2957 2311 3184 2374; x_wconf 86' lang='grc' dir='ltr'>θάνατος</span> <span class='ocrx_word' id='word_1_401' title='bbox 3208 2313 3307 2365; x_wconf 85' lang='grc' dir='ltr'><strong>οὐκ</strong></span> <span class='ocrx_word' id='word_1_402' title='bbox 3354 2311 3676 2383; x_wconf 80' lang='grc' dir='ltr'>ἐμπιμπλάο</span> 
     </span>
    </p>
   </div>
   <div class='ocr_carea' id='block_1_55' title="bbox 2114 2396 3675 2472">
    <p class='ocr_par' dir='ltr' id='par_1_55' title="bbox 2114 2396 3675 2472">
     <span class='ocr_line' id='line_1_55' title="bbox 2114 2396 3675 2472; baseline 0.004 -25"><span class='ocrx_word' id='word_1_403' title='bbox 2114 2412 2272 2463; x_wconf 87' lang='grc' dir='ltr'>μενος</span> <span class='ocrx_word' id='word_1_404' title='bbox 2293 2411 2308 2426; x_wconf 87' lang='grc'><strong>·</strong></span> <span class='ocrx_word' id='word_1_405' title='bbox 2355 2396 2450 2449; x_wconf 79' lang='grc' dir='ltr'><strong>καὶ</strong></span> <span class='ocrx_word' id='word_1_406' title='bbox 2497 2397 2808 2464; x_wconf 78' lang='grc' dir='ltr'>ἐπισυνάξει</span> <span class='ocrx_word' id='word_1_407' title='bbox 2839 2399 2974 2468; x_wconf 74' lang='grc' dir='ltr'>πρὸς</span> <span class='ocrx_word' id='word_1_408' title='bbox 3008 2400 3169 2452; x_wconf 83' lang='grc' dir='ltr'>αὑτὸν</span> <span class='ocrx_word' id='word_1_409' title='bbox 3219 2400 3393 2454; x_wconf 83' lang='grc' dir='ltr'>πάντα</span> <span class='ocrx_word' id='word_1_410' title='bbox 3429 2401 3498 2453; x_wconf 80' lang='grc' dir='ltr'>τὰ</span> <span class='ocrx_word' id='word_1_411' title='bbox 3527 2399 3675 2472; x_wconf 75' lang='grc' dir='ltr'>ἔθνη,</span> 
     </span>
    </p>
   </div>
   <div class='ocr_carea' id='block_1_56' title="bbox 2111 2484 3682 2559">
    <p class='ocr_par' dir='ltr' id='par_1_56' title="bbox 2111 2484 3682 2559">
     <span class='ocr_line' id='line_1_56' title="bbox 2111 2484 3682 2559; baseline 0.004 -22"><span class='ocrx_word' id='word_1_412' title='bbox 2111 2486 2202 2538; x_wconf 78' lang='grc' dir='ltr'><strong>καὶ</strong></span> <span class='ocrx_word' id='word_1_413' title='bbox 2239 2484 2512 2550; x_wconf 81' lang='grc' dir='ltr'>ἐκδέξεται</span> <span class='ocrx_word' id='word_1_414' title='bbox 2557 2489 2694 2559; x_wconf 78' lang='grc' dir='ltr'>πρὸς</span> <span class='ocrx_word' id='word_1_415' title='bbox 2735 2491 2895 2543; x_wconf 80' lang='grc' dir='ltr'>αὑτὸν</span> <span class='ocrx_word' id='word_1_416' title='bbox 2929 2493 3133 2554; x_wconf 83' lang='grc' dir='ltr'>πάντας</span> <span class='ocrx_word' id='word_1_417' title='bbox 3160 2493 3284 2554; x_wconf 76' lang='grc' dir='ltr'>τοὺς</span> <span class='ocrx_word' id='word_1_418' title='bbox 3325 2492 3504 2556; x_wconf 88' lang='grc' dir='ltr'>λαούς.</span> <span class='ocrx_word' id='word_1_419' title='bbox 3545 2511 3563 2544; x_wconf 71' lang='grc' dir='ltr'><strong>ι</strong></span> <span class='ocrx_word' id='word_1_420' title='bbox 3619 2493 3682 2544; x_wconf 81' lang='grc' dir='ltr'><strong>Ὀ</strong></span> 
     </span>
    </p>
   </div>
   <div class='ocr_carea' id='block_1_57' title="bbox 2111 2574 3682 2648">
    <p class='ocr_par' dir='ltr' id='par_1_57' title="bbox 2111 2574 3682 2648">
     <span class='ocr_line' id='line_1_57' title="bbox 2111 2574 3682 2648; baseline 0.006 -23"><span class='ocrx_word' id='word_1_421' title='bbox 2111 2574 2216 2646; x_wconf 82' lang='grc' dir='ltr'>γὰρ</span> <span class='ocrx_word' id='word_1_422' title='bbox 2249 2575 2400 2647; x_wconf 88' lang='grc' dir='ltr'>δίκην</span> <span class='ocrx_word' id='word_1_423' title='bbox 2433 2577 2557 2647; x_wconf 71' lang='grc' dir='ltr'>ᾅδου</span> <span class='ocrx_word' id='word_1_424' title='bbox 2592 2578 2732 2631; x_wconf 87' lang='grc' dir='ltr'><strong>κατά</strong></span> <span class='ocrx_word' id='word_1_425' title='bbox 2782 2582 2996 2633; x_wconf 78' lang='grc' dir='ltr'>πάντων</span> <span class='ocrx_word' id='word_1_426' title='bbox 3043 2581 3288 2645; x_wconf 89' lang='grc' dir='ltr'>ἐκτείνας</span> <span class='ocrx_word' id='word_1_427' title='bbox 3323 2582 3534 2648; x_wconf 79' lang='grc' dir='ltr'>ἑαυτὸν,</span> <span class='ocrx_word' id='word_1_428' title='bbox 3582 2583 3682 2635; x_wconf 76' lang='grc' dir='ltr'><strong>καὶ</strong></span> 
     </span>
    </p>
   </div>
   <div class='ocr_carea' id='block_1_58' title="bbox 2113 2670 3678 2744">
    <p class='ocr_par' dir='ltr' id='par_1_58' title="bbox 2113 2670 3678 2744">
     <span class='ocr_line' id='line_1_58' title="bbox 2113 2670 3678 2744; baseline 0.003 -22"><span class='ocrx_word' id='word_1_429' title='bbox 2113 2670 2315 2732; x_wconf 85' lang='grc' dir='ltr'>πάντας</span> <span class='ocrx_word' id='word_1_430' title='bbox 2353 2671 2448 2740; x_wconf 73' lang='grc' dir='ltr'><strong>μὲν</strong></span> <span class='ocrx_word' id='word_1_431' title='bbox 2483 2672 2742 2744; x_wconf 85' lang='grc' dir='ltr'>ἀναιρῶν,</span> <span class='ocrx_word' id='word_1_432' title='bbox 2787 2674 2924 2726; x_wconf 87' lang='grc' dir='ltr'><strong>κατά</strong></span> <span class='ocrx_word' id='word_1_433' title='bbox 2957 2674 3188 2744; x_wconf 83' lang='grc' dir='ltr'>μίμησιν</span> <span class='ocrx_word' id='word_1_434' title='bbox 3229 2676 3285 2728; x_wconf 84' lang='grc' dir='ltr'><strong>δὲ</strong></span> <span class='ocrx_word' id='word_1_435' title='bbox 3327 2675 3554 2729; x_wconf 86' lang='grc' dir='ltr'>Θανάτου</span> <span class='ocrx_word' id='word_1_436' title='bbox 3581 2675 3678 2727; x_wconf 85' lang='grc' dir='ltr'><strong>κό-</strong></span> 
     </span>
    </p>
   </div>
   <div class='ocr_carea' id='block_1_59' title="bbox 2114 2761 3682 2835">
    <p class='ocr_par' dir='ltr' id='par_1_59' title="bbox 2114 2761 3682 2835">
     <span class='ocr_line' id='line_1_59' title="bbox 2114 2761 3682 2835; baseline 0.004 -24"><span class='ocrx_word' id='word_1_437' title='bbox 2114 2777 2206 2829; x_wconf 90' lang='grc' dir='ltr'><strong>ρον</strong></span> <span class='ocrx_word' id='word_1_438' title='bbox 2250 2761 2359 2812; x_wconf 84' lang='grc' dir='ltr'><strong>τῶν</strong></span> <span class='ocrx_word' id='word_1_439' title='bbox 2416 2762 2820 2832; x_wconf 78' lang='grc' dir='ltr'>ἀναιρουμένων</span> <span class='ocrx_word' id='word_1_440' title='bbox 2870 2765 2967 2816; x_wconf 83' lang='grc' dir='ltr'><strong>οὑκ</strong></span> <span class='ocrx_word' id='word_1_441' title='bbox 3016 2764 3172 2833; x_wconf 79' lang='grc' dir='ltr'>ἔχων,</span> <span class='ocrx_word' id='word_1_442' title='bbox 3221 2765 3570 2835; x_wconf 86' lang='grc' dir='ltr'>χειρούμενὸς</span> <span class='ocrx_word' id='word_1_443' title='bbox 3617 2781 3682 2817; x_wconf 89' lang='grc' dir='ltr'><strong>τε</strong></span> 
     </span>
    </p>
   </div>
   <div class='ocr_carea' id='block_1_60' title="bbox 2112 2850 3681 2925">
    <p class='ocr_par' dir='ltr' id='par_1_60' title="bbox 2112 2850 3681 2925">
     <span class='ocr_line' id='line_1_60' title="bbox 2112 2850 3681 2925; baseline 0.004 -24"><span class='ocrx_word' id='word_1_444' title='bbox 2112 2850 2412 2915; x_wconf 84' lang='grc' dir='ltr'>πλείστους,</span> <span class='ocrx_word' id='word_1_445' title='bbox 2436 2854 2529 2904; x_wconf 75' lang='grc' dir='ltr'><strong>καὶ</strong></span> <span class='ocrx_word' id='word_1_446' title='bbox 2556 2855 2679 2916; x_wconf 78' lang='grc' dir='ltr'>τοὺς</span> <span class='ocrx_word' id='word_1_447' title='bbox 2702 2855 3032 2925; x_wconf 73' lang='grc' dir='ltr'>πανταχόθεν</span> <span class='ocrx_word' id='word_1_448' title='bbox 3059 2856 3162 2908; x_wconf 84' lang='grc' dir='ltr'><strong>ὑπὸ</strong></span> <span class='ocrx_word' id='word_1_449' title='bbox 3182 2855 3280 2925; x_wconf 91' lang='grc' dir='ltr'><strong>τὴν</strong></span> <span class='ocrx_word' id='word_1_450' title='bbox 3302 2856 3507 2909; x_wconf 76' lang='grc' dir='ltr'>οἰκείαν</span> <span class='ocrx_word' id='word_1_451' title='bbox 3527 2856 3681 2923; x_wconf 76' lang='grc' dir='ltr'>ἄγων</span> 
     </span>
    </p>
   </div>
   <div class='ocr_carea' id='block_1_61' title="bbox 2113 2940 3679 3017">
    <p class='ocr_par' dir='ltr' id='par_1_61' title="bbox 2113 2940 3679 3017">
     <span class='ocr_line' id='line_1_61' title="bbox 2113 2940 3679 3017; baseline 0.004 -25"><span class='ocrx_word' id='word_1_452' title='bbox 2113 2940 2376 3005; x_wconf 81' lang='grc' dir='ltr'>ἐξουσίαν,</span> <span class='ocrx_word' id='word_1_453' title='bbox 2408 2943 2642 3012; x_wconf 80' lang='grc' dir='ltr'>φοϐεράν</span> <span class='ocrx_word' id='word_1_454' title='bbox 2673 2961 2794 2997; x_wconf 80' lang='grc' dir='ltr'>τινα</span> <span class='ocrx_word' id='word_1_455' title='bbox 2816 2947 2917 3016; x_wconf 86' lang='grc' dir='ltr'><strong>τὴν</strong></span> <span class='ocrx_word' id='word_1_456' title='bbox 2943 2947 3243 3016; x_wconf 82' lang='grc' dir='ltr'>μεταϐολὴν</span> <span class='ocrx_word' id='word_1_457' title='bbox 3267 2947 3353 2999; x_wconf 81' lang='grc' dir='ltr'>διὰ</span> <span class='ocrx_word' id='word_1_458' title='bbox 3381 2946 3480 3016; x_wconf 86' lang='grc' dir='ltr'><strong>τῆς</strong></span> <span class='ocrx_word' id='word_1_459' title='bbox 3506 2945 3679 3017; x_wconf 83' lang='grc' dir='ltr'>ὀργῆς</span> 
     </span>
    </p>
   </div>
   <div class='ocr_carea' id='block_1_62' title="bbox 2111 3033 3683 3107">
    <p class='ocr_par' dir='ltr' id='par_1_62' title="bbox 2111 3033 3683 3107">
     <span class='ocr_line' id='line_1_62' title="bbox 2111 3033 3683 3107; baseline 0.003 -23"><span class='ocrx_word' id='word_1_460' title='bbox 2111 3033 2369 3102; x_wconf 86' lang='grc' dir='ltr'>ὑπομενεί</span> <span class='ocrx_word' id='word_1_461' title='bbox 2389 3035 2487 3102; x_wconf 84' lang='grc' dir='ltr'><strong>τῆς</strong></span> <span class='ocrx_word' id='word_1_462' title='bbox 2519 3034 2685 3098; x_wconf 77' lang='grc' dir='ltr'>θείας.</span> <span class='ocrx_word' id='word_1_463' title='bbox 2725 3056 2744 3088; x_wconf 78' lang='grc' dir='ltr'><strong>ι</strong></span> <span class='ocrx_word' id='word_1_464' title='bbox 2787 3039 2918 3107; x_wconf 72' lang='grc' dir='ltr'>Οὐχὶ</span> <span class='ocrx_word' id='word_1_465' title='bbox 2946 3038 3120 3091; x_wconf 84' lang='grc' dir='ltr'>ταῦτα</span> <span class='ocrx_word' id='word_1_466' title='bbox 3155 3037 3330 3090; x_wconf 88' lang='grc' dir='ltr'>πάντα</span> <span class='ocrx_word' id='word_1_467' title='bbox 3364 3036 3683 3106; x_wconf 81' lang='grc' dir='ltr'>παραϐολὴν</span> 
     </span>
    </p>
   </div>
   <div class='ocr_carea' id='block_1_63' title="bbox 436 3091 2006 3199">
    <p class='ocr_par' dir='ltr' id='par_1_63' title="bbox 436 3091 2006 3182">
     <span class='ocr_line' id='line_1_63' title="bbox 436 3091 2006 3182; baseline 0.011 -29"><span class='ocrx_word' id='word_1_468' title='bbox 436 3099 530 3154; x_wconf 71' lang='lat' dir='ltr'><strong>Va:</strong></span> <span class='ocrx_word' id='word_1_469' title='bbox 555 3102 650 3171; x_wconf 86' lang='lat' dir='ltr'><strong>qui</strong></span> <span class='ocrx_word' id='word_1_470' title='bbox 678 3103 780 3157; x_wconf 90' lang='lat' dir='ltr'><strong>sibi</strong></span> <span class='ocrx_word' id='word_1_471' title='bbox 811 3119 918 3157; x_wconf 91' lang='lat' dir='ltr'><strong>non</strong></span> <span class='ocrx_word' id='word_1_472' title='bbox 955 3120 1054 3160; x_wconf 83' lang='lat' dir='ltr'><strong>sua</strong></span> <span class='ocrx_word' id='word_1_473' title='bbox 1086 3108 1409 3176; x_wconf 79' lang='lat' dir='ltr'><strong>multiplicat</strong></span> <span class='ocrx_word' id='word_1_474' title='bbox 1438 3112 1449 3162; x_wconf 93' lang='lat' dir='ltr'><strong>l</strong></span> <span class='ocrx_word' id='word_1_475' title='bbox 1487 3111 1780 3182; x_wconf 81' lang='lat' dir='ltr'><strong>Quousque</strong></span> <span class='ocrx_word' id='word_1_476' title='bbox 1808 3091 2006 3170; x_wconf 79' lang='lat' dir='ltr'><strong>coilarc</strong></span> 
     </span>
    </p>
   </div>
   <div class='ocr_carea' id='block_1_64' title="bbox 2110 3091 3682 3199">
    <p class='ocr_par' dir='ltr' id='par_1_64' title="bbox 2111 3091 3682 3199">
     <span class='ocr_line' id='line_1_64' title="bbox 2111 3091 3682 3199; baseline 0.003 -25"><span class='ocrx_word' id='word_1_477' title='bbox 2111 3091 2231 3174; x_wconf 55' lang='lat' dir='ltr'><strong>xm;</strong></span> <span class='ocrx_word' id='word_1_478' title='bbox 2252 3123 2413 3177; x_wconf 79' lang='grc' dir='ltr'>αὑτοῦ</span> <span class='ocrx_word' id='word_1_479' title='bbox 2442 3091 2716 3195; x_wconf 69' lang='grc' dir='ltr'>λήψονται,</span> <span class='ocrx_word' id='word_1_480' title='bbox 2760 3128 2850 3179; x_wconf 75' lang='grc' dir='ltr'><strong>καὶ</strong></span> <span class='ocrx_word' id='word_1_481' title='bbox 2865 3091 3172 3199; x_wconf 52' lang='grc' dir='ltr'>’πρόϐλημα</span> <span class='ocrx_word' id='word_1_482' title='bbox 3202 3129 3280 3189; x_wconf 88' lang='grc' dir='ltr'><strong>είς</strong></span> <span class='ocrx_word' id='word_1_483' title='bbox 3309 3127 3556 3198; x_wconf 81' lang='grc' dir='ltr'>διήγησιν</span> <span class='ocrx_word' id='word_1_484' title='bbox 3581 3127 3682 3179; x_wconf 85' lang='grc' dir='ltr'>αὑ-</span> 
     </span>
    </p>
   </div>
   <div class='ocr_carea' id='block_1_65' title="bbox 438 3196 2009 3275">
    <p class='ocr_par' dir='ltr' id='par_1_65' title="bbox 438 3196 2009 3275">
     <span class='ocr_line' id='line_1_65' title="bbox 438 3196 2009 3275; baseline 0.01 -30"><span class='ocrx_word' id='word_1_485' title='bbox 438 3208 598 3245; x_wconf 86' lang='lat' dir='ltr'><strong>suum</strong></span> <span class='ocrx_word' id='word_1_486' title='bbox 657 3196 969 3263; x_wconf 73' lang='lat' dir='ltr'><strong>agglavabit</strong></span> <span class='ocrx_word' id='word_1_487' title='bbox 1026 3197 1430 3253; x_wconf 85' lang='lat' dir='ltr'><strong>vehementer?</strong></span> <span class='ocrx_word' id='word_1_488' title='bbox 1486 3221 1502 3251; x_wconf 74' lang='grc' dir='ltr'><strong>ι</strong></span> <span class='ocrx_word' id='word_1_489' title='bbox 1571 3203 1767 3258; x_wconf 84' lang='lat' dir='ltr'><strong>Cuncti</strong></span> <span class='ocrx_word' id='word_1_490' title='bbox 1827 3217 2009 3275; x_wconf 86' lang='lat' dir='ltr'><strong>postea</strong></span> 
     </span>
    </p>
   </div>
   <div class='ocr_carea' id='block_1_66' title="bbox 438 3285 2015 3357">
    <p class='ocr_par' dir='ltr' id='par_1_66' title="bbox 438 3285 2015 3357">
     <span class='ocr_line' id='line_1_66' title="bbox 438 3285 2015 3357; baseline 0.01 -25"><span class='ocrx_word' id='word_1_491' title='bbox 438 3291 706 3351; x_wconf 85' lang='lat' dir='ltr'><strong>quotquot</strong></span> <span class='ocrx_word' id='word_1_492' title='bbox 733 3285 931 3352; x_wconf 89' lang='lat' dir='ltr'><strong>ubique</strong></span> <span class='ocrx_word' id='word_1_493' title='bbox 967 3295 1131 3350; x_wconf 91' lang='lat' dir='ltr'><strong>sunt,</strong></span> <span class='ocrx_word' id='word_1_494' title='bbox 1168 3302 1348 3341; x_wconf 88' lang='lat' dir='ltr'><strong>rerum</strong></span> <span class='ocrx_word' id='word_1_495' title='bbox 1396 3291 1520 3357; x_wconf 83' lang='lat' dir='ltr'><strong>ejus</strong></span> <span class='ocrx_word' id='word_1_496' title='bbox 1553 3294 1908 3349; x_wconf 87' lang='lat' dir='ltr'><strong>conversione</strong></span> <span class='ocrx_word' id='word_1_497' title='bbox 1941 3304 2015 3347; x_wconf 87' lang='lat' dir='ltr'><strong>at-</strong></span> 
     </span>
    </p>
   </div>
   <div class='ocr_carea' id='block_1_67' title="bbox 436 3371 2013 3446">
    <p class='ocr_par' dir='ltr' id='par_1_67' title="bbox 436 3371 2013 3446">
     <span class='ocr_line' id='line_1_67' title="bbox 436 3371 2013 3446; baseline 0.009 -22"><span class='ocrx_word' id='word_1_498' title='bbox 436 3371 636 3438; x_wconf 91' lang='lat' dir='ltr'><strong>toniti,</strong></span> <span class='ocrx_word' id='word_1_499' title='bbox 671 3381 929 3443; x_wconf 89' lang='lat' dir='ltr'><strong>tanquam</strong></span> <span class='ocrx_word' id='word_1_500' title='bbox 972 3377 1025 3429; x_wconf 91' lang='lat' dir='ltr'><strong>in</strong></span> <span class='ocrx_word' id='word_1_501' title='bbox 1077 3379 1351 3446; x_wconf 87' lang='lat' dir='ltr'><strong>parabola,</strong></span> <span class='ocrx_word' id='word_1_502' title='bbox 1385 3379 1566 3434; x_wconf 87' lang='lat' dir='ltr'><strong>dicent</strong></span> <span class='ocrx_word' id='word_1_503' title='bbox 1615 3399 1627 3434; x_wconf 91' lang='lat'><strong>:</strong></span> <span class='ocrx_word' id='word_1_504' title='bbox 1678 3382 2013 3438; x_wconf 78' lang='lat' dir='ltr'><strong>Miserrimus</strong></span> 
     </span>
    </p>
   </div>
   <div class='ocr_carea' id='block_1_68' title="bbox 441 3463 2010 3544">
    <p class='ocr_par' dir='ltr' id='par_1_68' title="bbox 441 3463 2010 3544">
     <span class='ocr_line' id='line_1_68' title="bbox 441 3463 2010 3544; baseline 0.01 -30"><span class='ocrx_word' id='word_1_505' title='bbox 441 3463 532 3516; x_wconf 90' lang='lat' dir='ltr'><strong>ille</strong></span> <span class='ocrx_word' id='word_1_506' title='bbox 557 3465 799 3518; x_wconf 89' lang='lat' dir='ltr'><strong>omnium</strong></span> <span class='ocrx_word' id='word_1_507' title='bbox 827 3468 918 3534; x_wconf 87' lang='lat' dir='ltr'><strong>qui</strong></span> <span class='ocrx_word' id='word_1_508' title='bbox 953 3467 1144 3520; x_wconf 79' lang='lat' dir='ltr'><strong>alienae</strong></span> <span class='ocrx_word' id='word_1_509' title='bbox 1184 3469 1258 3522; x_wconf 90' lang='lat' dir='ltr'><strong>rei</strong></span> <span class='ocrx_word' id='word_1_510' title='bbox 1287 3471 1474 3537; x_wconf 88' lang='lat' dir='ltr'><strong>rapina</strong></span> <span class='ocrx_word' id='word_1_511' title='bbox 1507 3486 1637 3526; x_wconf 89' lang='lat' dir='ltr'><strong>suas</strong></span> <span class='ocrx_word' id='word_1_512' title='bbox 1669 3489 1798 3540; x_wconf 85' lang='lat' dir='ltr'><strong>opes</strong></span> <span class='ocrx_word' id='word_1_513' title='bbox 1830 3485 2010 3544; x_wconf 83' lang='lat' dir='ltr'><strong>auget,</strong></span> 
     </span>
    </p>
   </div>
   <div class='ocr_carea' id='block_1_69' title="bbox 441 3553 2009 3628">
    <p class='ocr_par' dir='ltr' id='par_1_69' title="bbox 441 3553 2009 3628">
     <span class='ocr_line' id='line_1_69' title="bbox 441 3553 2009 3628; baseline 0.009 -24"><span class='ocrx_word' id='word_1_514' title='bbox 441 3553 534 3620; x_wconf 89' lang='lat' dir='ltr'><strong>qui</strong></span> <span class='ocrx_word' id='word_1_515' title='bbox 566 3555 747 3624; x_wconf 81' lang='lat' dir='ltr'><strong>gravis</strong></span> <span class='ocrx_word' id='word_1_516' title='bbox 776 3555 1010 3610; x_wconf 87' lang='lat' dir='ltr'><strong>subditis</strong></span> <span class='ocrx_word' id='word_1_517' title='bbox 1051 3555 1109 3609; x_wconf 89' lang='lat' dir='ltr'><strong>fit</strong></span> <span class='ocrx_word' id='word_1_518' title='bbox 1134 3557 1204 3611; x_wconf 93' lang='lat' dir='ltr'><strong>ob</strong></span> <span class='ocrx_word' id='word_1_519' title='bbox 1234 3573 1347 3611; x_wconf 62' lang='lat' dir='ltr'><strong>suae</strong></span> <span class='ocrx_word' id='word_1_520' title='bbox 1388 3560 1647 3616; x_wconf 63' lang='lat' dir='ltr'><strong>suavitatis</strong></span> <span class='ocrx_word' id='word_1_521' title='bbox 1677 3564 1888 3628; x_wconf 90' lang='lat' dir='ltr'><strong>pondus</strong></span> <span class='ocrx_word' id='word_1_522' title='bbox 1921 3583 1933 3617; x_wconf 88' lang='lat'><strong><em>:</em></strong></span> <span class='ocrx_word' id='word_1_523' title='bbox 1960 3564 2009 3617; x_wconf 88' lang='lat' dir='ltr'><strong>id</strong></span> 
     </span>
    </p>
   </div>
   <div class='ocr_carea' id='block_1_70' title="bbox 441 3642 2010 3723">
    <p class='ocr_par' dir='ltr' id='par_1_70' title="bbox 441 3642 2010 3723">
     <span class='ocr_line' id='line_1_70' title="bbox 441 3642 2010 3723; baseline 0.007 -28"><span class='ocrx_word' id='word_1_524' title='bbox 441 3642 585 3695; x_wconf 78' lang='lat' dir='ltr'><strong>enim</strong></span> <span class='ocrx_word' id='word_1_525' title='bbox 629 3644 900 3713; x_wconf 79' lang='lat' dir='ltr'><strong>significat</strong></span> <span class='ocrx_word' id='word_1_526' title='bbox 939 3646 1142 3704; x_wconf 84' lang='lat' dir='ltr'><strong>dictio.</strong></span> <span class='ocrx_word' id='word_1_527' title='bbox 1185 3647 1384 3700; x_wconf 83' lang='lat' dir='ltr'><strong>collare</strong></span> <span class='ocrx_word' id='word_1_528' title='bbox 1438 3665 1590 3702; x_wconf 75' lang='lat' dir='ltr'><strong>suum</strong></span> <span class='ocrx_word' id='word_1_529' title='bbox 1643 3654 1868 3719; x_wconf 79' lang='lat' dir='ltr'><strong>graviter</strong></span> <span class='ocrx_word' id='word_1_530' title='bbox 1917 3672 2010 3723; x_wconf 81' lang='lat' dir='ltr'><strong>ag-</strong></span> 
     </span>
    </p>
   </div>
   <div class='ocr_carea' id='block_1_71' title="bbox 441 3734 2011 3806">
    <p class='ocr_par' dir='ltr' id='par_1_71' title="bbox 441 3734 2011 3806">
     <span class='ocr_line' id='line_1_71' title="bbox 441 3734 2011 3806; baseline 0.009 -21"><span class='ocrx_word' id='word_1_531' title='bbox 441 3749 685 3802; x_wconf 74' lang='lat' dir='ltr'><strong>gravans.</strong></span> <span class='ocrx_word' id='word_1_532' title='bbox 724 3734 975 3789; x_wconf 85' lang='lat' dir='ltr'><strong>Profecto</strong></span> <span class='ocrx_word' id='word_1_533' title='bbox 1018 3737 1159 3788; x_wconf 82' lang='lat' dir='ltr'><strong>hami</strong></span> <span class='ocrx_word' id='word_1_534' title='bbox 1214 3739 1410 3806; x_wconf 81' lang='lat' dir='ltr'><strong>poterit</strong></span> <span class='ocrx_word' id='word_1_535' title='bbox 1466 3739 1529 3792; x_wconf 86' lang='lat' dir='ltr'><strong>ad</strong></span> <span class='ocrx_word' id='word_1_536' title='bbox 1592 3751 1890 3796; x_wconf 80' lang='lat' dir='ltr'><strong>extremum</strong></span> <span class='ocrx_word' id='word_1_537' title='bbox 1920 3762 2011 3798; x_wconf 81' lang='lat' dir='ltr'><strong>us-</strong></span> 
     </span>
    </p>
   </div>
   <div class='ocr_carea' id='block_1_72' title="bbox 441 3825 2010 3895">
    <p class='ocr_par' dir='ltr' id='par_1_72' title="bbox 441 3825 2010 3895">
     <span class='ocr_line' id='line_1_72' title="bbox 441 3825 2010 3895; baseline 0.008 -20"><span class='ocrx_word' id='word_1_538' title='bbox 441 3840 548 3891; x_wconf 90' lang='lat' dir='ltr'><strong>que</strong></span> <span class='ocrx_word' id='word_1_539' title='bbox 603 3825 714 3878; x_wconf 63' lang='lat' dir='ltr'><strong>haec</strong></span> <span class='ocrx_word' id='word_1_540' title='bbox 767 3840 925 3895; x_wconf 83' lang='lat' dir='ltr'><strong>agere</strong></span> <span class='ocrx_word' id='word_1_541' title='bbox 967 3845 977 3878; x_wconf 92' lang='lat'><strong>:</strong></span> <span class='ocrx_word' id='word_1_542' title='bbox 1018 3842 1252 3895; x_wconf 88' lang='lat' dir='ltr'><strong>namque</strong></span> <span class='ocrx_word' id='word_1_543' title='bbox 1301 3829 1353 3881; x_wconf 93' lang='lat' dir='ltr'><strong>id</strong></span> <span class='ocrx_word' id='word_1_544' title='bbox 1407 3829 1695 3883; x_wconf 85' lang='lat' dir='ltr'><strong>denotatur</strong></span> <span class='ocrx_word' id='word_1_545' title='bbox 1747 3835 2010 3888; x_wconf 80' lang='lat' dir='ltr'><strong>vocabulo</strong></span> 
     </span>
    </p>
   </div>
   <div class='ocr_carea' id='block_1_73' title="bbox 441 3919 2009 3990">
    <p class='ocr_par' dir='ltr' id='par_1_73' title="bbox 441 3919 2009 3990">
     <span class='ocr_line' id='line_1_73' title="bbox 441 3919 2009 3990; baseline 0.012 -24"><span class='ocrx_word' id='word_1_546' title='bbox 441 3931 743 3984; x_wconf 74' lang='lat' dir='ltr'><strong>quousque,</strong></span> <span class='ocrx_word' id='word_1_547' title='bbox 820 3919 966 3989; x_wconf 87' lang='lat' dir='ltr'><strong>quod</strong></span> <span class='ocrx_word' id='word_1_548' title='bbox 1031 3919 1085 3972; x_wconf 88' lang='lat' dir='ltr'><strong>in</strong></span> <span class='ocrx_word' id='word_1_549' title='bbox 1146 3924 1324 3978; x_wconf 88' lang='lat' dir='ltr'><strong>medio</strong></span> <span class='ocrx_word' id='word_1_550' title='bbox 1413 3919 1576 3990; x_wconf 65' lang='grc'><strong>240</strong></span> <span class='ocrx_word' id='word_1_551' title='bbox 1625 3923 1890 3989; x_wconf 76' lang='lat' dir='ltr'><strong>positum.</strong></span> <span class='ocrx_word' id='word_1_552' title='bbox 1943 3927 2009 3980; x_wconf 79' lang='lat' dir='ltr'><strong>ad</strong></span> 
     </span>
    </p>
   </div>
   <div class='ocr_carea' id='block_1_74' title="bbox 443 4003 2009 4080">
    <p class='ocr_par' dir='ltr' id='par_1_74' title="bbox 443 4003 2009 4080">
     <span class='ocr_line' id='line_1_74' title="bbox 443 4003 2009 4080; baseline 0.008 -26"><span class='ocrx_word' id='word_1_553' title='bbox 443 4005 624 4056; x_wconf 86' lang='lat' dir='ltr'><strong>omnia</strong></span> <span class='ocrx_word' id='word_1_554' title='bbox 653 4003 887 4057; x_wconf 81' lang='lat' dir='ltr'><strong>refertur</strong></span> <span class='ocrx_word' id='word_1_555' title='bbox 921 4006 1116 4074; x_wconf 90' lang='lat' dir='ltr'><strong>:quasi</strong></span> <span class='ocrx_word' id='word_1_556' title='bbox 1137 4006 1352 4060; x_wconf 85' lang='lat' dir='ltr'><strong>dicatur</strong></span> <span class='ocrx_word' id='word_1_557' title='bbox 1385 4025 1402 4060; x_wconf 77' lang='grc' dir='ltr'><strong>ε.</strong></span> <span class='ocrx_word' id='word_1_558' title='bbox 1429 4007 1577 4062; x_wconf 87' lang='lat' dir='ltr'><strong>Haud</strong></span> <span class='ocrx_word' id='word_1_559' title='bbox 1610 4009 1663 4061; x_wconf 90' lang='lat' dir='ltr'><strong>in</strong></span> <span class='ocrx_word' id='word_1_560' title='bbox 1692 4021 2009 4080; x_wconf 84' lang='lat' dir='ltr'><strong>perpetuum</strong></span> 
     </span>
    </p>
   </div>
   <div class='ocr_carea' id='block_1_75' title="bbox 442 4094 2013 4170">
    <p class='ocr_par' dir='ltr' id='par_1_75' title="bbox 442 4094 2013 4170">
     <span class='ocr_line' id='line_1_75' title="bbox 442 4094 2013 4170; baseline 0.007 -23"><span class='ocrx_word' id='word_1_561' title='bbox 442 4094 549 4148; x_wconf 83' lang='lat' dir='ltr'><strong>hoc</strong></span> <span class='ocrx_word' id='word_1_562' title='bbox 582 4101 725 4148; x_wconf 83' lang='lat' dir='ltr'><strong>statu</strong></span> <span class='ocrx_word' id='word_1_563' title='bbox 755 4095 860 4148; x_wconf 85' lang='lat' dir='ltr'><strong>erit</strong></span> <span class='ocrx_word' id='word_1_564' title='bbox 882 4133 896 4157; x_wconf 92' lang='lat'><strong>,</strong></span> <span class='ocrx_word' id='word_1_565' title='bbox 931 4095 1026 4148; x_wconf 88' lang='lat' dir='ltr'><strong>sed</strong></span> <span class='ocrx_word' id='word_1_566' title='bbox 1061 4097 1471 4151; x_wconf 87' lang='lat' dir='ltr'><strong>conversionem</strong></span> <span class='ocrx_word' id='word_1_567' title='bbox 1527 4114 1611 4153; x_wconf 83' lang='lat' dir='ltr'><strong>res</strong></span> <span class='ocrx_word' id='word_1_568' title='bbox 1662 4101 1779 4168; x_wconf 86' lang='lat' dir='ltr'><strong>ejus</strong></span> <span class='ocrx_word' id='word_1_569' title='bbox 1811 4106 2013 4170; x_wconf 79' lang='lat' dir='ltr'><strong>patien-</strong></span> 
     </span>
    </p>
   </div>
   <div class='ocr_carea' id='block_1_76' title="bbox 441 4183 1805 4258">
    <p class='ocr_par' dir='ltr' id='par_1_76' title="bbox 441 4183 1805 4258">
     <span class='ocr_line' id='line_1_76' title="bbox 441 4183 1805 4258; baseline 0.007 -24"><span class='ocrx_word' id='word_1_570' title='bbox 441 4191 555 4246; x_wconf 88' lang='lat' dir='ltr'><strong>tur,</strong></span> <span class='ocrx_word' id='word_1_571' title='bbox 587 4192 804 4252; x_wconf 86' lang='lat' dir='ltr'><strong>pr0pter</strong></span> <span class='ocrx_word' id='word_1_572' title='bbox 835 4183 1178 4254; x_wconf 79' lang='lat' dir='ltr'><strong>infligendam</strong></span> <span class='ocrx_word' id='word_1_573' title='bbox 1220 4187 1320 4256; x_wconf 90' lang='lat' dir='ltr'><strong>ipsi</strong></span> <span class='ocrx_word' id='word_1_574' title='bbox 1351 4204 1379 4240; x_wconf 88' lang='lat' dir='ltr'><strong>a</strong></span> <span class='ocrx_word' id='word_1_575' title='bbox 1415 4187 1523 4242; x_wconf 77' lang='lat' dir='ltr'><strong>Deo</strong></span> <span class='ocrx_word' id='word_1_576' title='bbox 1567 4205 1805 4258; x_wconf 65' lang='lat' dir='ltr'><strong>paenam.</strong></span> 
     </span>
    </p>
   </div>
   <div class='ocr_carea' id='block_1_77' title="bbox 2109 3214 3682 3289">
    <p class='ocr_par' dir='ltr' id='par_1_77' title="bbox 2109 3214 3682 3289">
     <span class='ocr_line' id='line_1_77' title="bbox 2109 3214 3682 3289; baseline 0.002 -24"><span class='ocrx_word' id='word_1_577' title='bbox 2109 3214 2235 3276; x_wconf 80' lang='grc' dir='ltr'>τοῦς</span> <span class='ocrx_word' id='word_1_578' title='bbox 2279 3216 2371 3267; x_wconf 77' lang='grc' dir='ltr'>καὶ</span> <span class='ocrx_word' id='word_1_579' title='bbox 2406 3214 2639 3285; x_wconf 81' lang='grc' dir='ltr'>ἐροῦσιν,</span> <span class='ocrx_word' id='word_1_580' title='bbox 2686 3218 2822 3271; x_wconf 77' lang='grc' dir='ltr'>Οὑαὶ</span> <span class='ocrx_word' id='word_1_581' title='bbox 2859 3221 2887 3270; x_wconf 91' lang='lat'><strong>6</strong></span> <span class='ocrx_word' id='word_1_582' title='bbox 2926 3219 3212 3289; x_wconf 84' lang='grc' dir='ltr'>πληθύνων</span> <span class='ocrx_word' id='word_1_583' title='bbox 3257 3218 3434 3288; x_wconf 88' lang='grc' dir='ltr'>ἐαυτῷ</span> <span class='ocrx_word' id='word_1_584' title='bbox 3469 3217 3537 3269; x_wconf 80' lang='grc' dir='ltr'>τὰ</span> <span class='ocrx_word' id='word_1_585' title='bbox 3575 3217 3682 3269; x_wconf 79' lang='grc' dir='ltr'><strong>οὐκ</strong></span> 
     </span>
    </p>
   </div>
   <div class='ocr_carea' id='block_1_78' title="bbox 2108 3303 3678 3377">
    <p class='ocr_par' dir='ltr' id='par_1_78' title="bbox 2108 3303 3678 3377">
     <span class='ocr_line' id='line_1_78' title="bbox 2108 3303 3678 3377; baseline 0.002 -24"><span class='ocrx_word' id='word_1_586' title='bbox 2108 3303 2236 3354; x_wconf 73' lang='grc' dir='ltr'>ὅντα</span> <span class='ocrx_word' id='word_1_587' title='bbox 2272 3303 2436 3356; x_wconf 84' lang='grc' dir='ltr'>αὑτοῦ</span> <span class='ocrx_word' id='word_1_588' title='bbox 2462 3303 2594 3368; x_wconf 63' lang='lat' dir='ltr'><strong>tam;</strong></span> <span class='ocrx_word' id='word_1_589' title='bbox 2619 3306 2760 3368; x_wconf 87' lang='grc' dir='ltr'>τίνος</span> <span class='ocrx_word' id='word_1_590' title='bbox 2790 3307 2884 3359; x_wconf 77' lang='grc' dir='ltr'><strong>καὶ</strong></span> <span class='ocrx_word' id='word_1_591' title='bbox 2917 3307 3164 3377; x_wconf 86' lang='grc' dir='ltr'>βαρύνων</span> <span class='ocrx_word' id='word_1_592' title='bbox 3189 3307 3280 3360; x_wconf 74' lang='grc' dir='ltr'>τὸν</span> <span class='ocrx_word' id='word_1_593' title='bbox 3305 3306 3482 3359; x_wconf 81' lang='grc' dir='ltr'>κλοιὸν</span> <span class='ocrx_word' id='word_1_594' title='bbox 3510 3303 3678 3359; x_wconf 76' lang='grc' dir='ltr'>αὑτοῦ</span> 
     </span>
    </p>
   </div>
   <div class='ocr_carea' id='block_1_79' title="bbox 2112 3391 3687 3465">
    <p class='ocr_par' dir='ltr' id='par_1_79' title="bbox 2112 3391 3687 3465">
     <span class='ocr_line' id='line_1_79' title="bbox 2112 3391 3687 3465; baseline 0.003 -23"><span class='ocrx_word' id='word_1_595' title='bbox 2112 3391 2422 3462; x_wconf 81' lang='grc' dir='ltr'>στιϐαρῶς;</span> <span class='ocrx_word' id='word_1_596' title='bbox 2455 3413 2472 3444; x_wconf 74' lang='grc' dir='ltr'><strong>ι</strong></span> <span class='ocrx_word' id='word_1_597' title='bbox 2532 3395 2804 3458; x_wconf 77' lang='grc' dir='ltr'>’Ἅπαντες</span> <span class='ocrx_word' id='word_1_598' title='bbox 2846 3395 2908 3464; x_wconf 83' lang='grc' dir='ltr'><strong>δὴ</strong></span> <span class='ocrx_word' id='word_1_599' title='bbox 2958 3395 3142 3448; x_wconf 69' lang='grc' dir='ltr'>λοιπὸν</span> <span class='ocrx_word' id='word_1_600' title='bbox 3177 3398 3225 3448; x_wconf 82' lang='grc' dir='ltr'>οἱ</span> <span class='ocrx_word' id='word_1_601' title='bbox 3265 3394 3541 3465; x_wconf 83' lang='grc' dir='ltr'>πανταχοῦ</span> <span class='ocrx_word' id='word_1_602' title='bbox 3577 3394 3687 3465; x_wconf 83' lang='grc' dir='ltr'><strong>τὴν</strong></span> 
     </span>
    </p>
   </div>
   <div class='ocr_carea' id='block_1_80' title="bbox 2112 3483 3683 3557">
    <p class='ocr_par' dir='ltr' id='par_1_80' title="bbox 2112 3483 3683 3557">
     <span class='ocr_line' id='line_1_80' title="bbox 2112 3483 3683 3557; baseline 0.003 -24"><span class='ocrx_word' id='word_1_603' title='bbox 2112 3484 2230 3534; x_wconf 80' lang='grc' dir='ltr'>κατ’</span> <span class='ocrx_word' id='word_1_604' title='bbox 2272 3483 2432 3536; x_wconf 81' lang='grc' dir='ltr'>αὑτὸν</span> <span class='ocrx_word' id='word_1_605' title='bbox 2473 3485 2770 3556; x_wconf 83' lang='grc' dir='ltr'>μεταϐολὴν</span> <span class='ocrx_word' id='word_1_606' title='bbox 2819 3488 3238 3557; x_wconf 80' lang='grc' dir='ltr'>ἐκπληττόμενοι</span> <span class='ocrx_word' id='word_1_607' title='bbox 3290 3487 3365 3548; x_wconf 84' lang='grc' dir='ltr'>ὼς</span> <span class='ocrx_word' id='word_1_608' title='bbox 3402 3488 3458 3538; x_wconf 86' lang='grc' dir='ltr'><strong>ἐν</strong></span> <span class='ocrx_word' id='word_1_609' title='bbox 3496 3503 3683 3556; x_wconf 88' lang='grc' dir='ltr'>παρα-</span> 
     </span>
    </p>
   </div>
   <div class='ocr_carea' id='block_1_81' title="bbox 2107 3571 3682 3648">
    <p class='ocr_par' dir='ltr' id='par_1_81' title="bbox 2107 3571 3682 3648">
     <span class='ocr_line' id='line_1_81' title="bbox 2107 3571 3682 3648; baseline 0.004 -25"><span class='ocrx_word' id='word_1_610' title='bbox 2107 3571 2260 3642; x_wconf 75' lang='grc' dir='ltr'>ϐολῇ,</span> <span class='ocrx_word' id='word_1_611' title='bbox 2303 3575 2501 3638; x_wconf 82' lang='grc' dir='ltr'>πάντες</span> <span class='ocrx_word' id='word_1_612' title='bbox 2554 3575 2770 3646; x_wconf 83' lang='grc' dir='ltr'>ἐροῦσιν</span> <span class='ocrx_word' id='word_1_613' title='bbox 2794 3592 2808 3606; x_wconf 74' lang='grc'><strong>⁸</strong></span> <span class='ocrx_word' id='word_1_614' title='bbox 2866 3577 3255 3640; x_wconf 83' lang='grc' dir='ltr'>Ἐλεεινότατος</span> <span class='ocrx_word' id='word_1_615' title='bbox 3295 3576 3358 3648; x_wconf 81' lang='grc' dir='ltr'><strong>δὴ</strong></span> <span class='ocrx_word' id='word_1_616' title='bbox 3393 3577 3608 3630; x_wconf 79' lang='grc' dir='ltr'>πάντων</span> <span class='ocrx_word' id='word_1_617' title='bbox 3650 3579 3682 3629; x_wconf 82' lang='grc'><strong>6</strong></span> 
     </span>
    </p>
   </div>
   <div class='ocr_carea' id='block_1_82' title="bbox 2108 3664 3686 3738">
    <p class='ocr_par' dir='ltr' id='par_1_82' title="bbox 2108 3664 3686 3738">
     <span class='ocr_line' id='line_1_82' title="bbox 2108 3664 3686 3738; baseline 0.003 -23"><span class='ocrx_word' id='word_1_618' title='bbox 2108 3664 2174 3716; x_wconf 85' lang='grc' dir='ltr'>τὰ</span> <span class='ocrx_word' id='word_1_619' title='bbox 2231 3665 2433 3735; x_wconf 84' lang='grc' dir='ltr'>ἐτέρων</span> <span class='ocrx_word' id='word_1_620' title='bbox 2492 3667 2911 3738; x_wconf 85' lang='grc' dir='ltr'>ἀφαιρούμενος,</span> <span class='ocrx_word' id='word_1_621' title='bbox 2967 3671 3060 3722; x_wconf 75' lang='grc' dir='ltr'><strong>καὶ</strong></span> <span class='ocrx_word' id='word_1_622' title='bbox 3107 3668 3196 3721; x_wconf 81' lang='grc' dir='ltr'><strong>τὸν</strong></span> <span class='ocrx_word' id='word_1_623' title='bbox 3244 3670 3440 3721; x_wconf 84' lang='grc' dir='ltr'>οἰκεῖον</span> <span class='ocrx_word' id='word_1_624' title='bbox 3495 3665 3686 3732; x_wconf 79' lang='grc' dir='ltr'>αὔξων</span> 
     </span>
    </p>
   </div>
   <div class='ocr_carea' id='block_1_83' title="bbox 2109 3754 3683 3829">
    <p class='ocr_par' dir='ltr' id='par_1_83' title="bbox 2109 3754 3683 3829">
     <span class='ocr_line' id='line_1_83' title="bbox 2109 3754 3683 3829; baseline 0.001 -23"><span class='ocrx_word' id='word_1_625' title='bbox 2109 3754 2356 3817; x_wconf 81' lang='grc' dir='ltr'>πλοῦτον,</span> <span class='ocrx_word' id='word_1_626' title='bbox 2402 3758 2430 3808; x_wconf 87' lang='lat'><strong>6</strong></span> <span class='ocrx_word' id='word_1_627' title='bbox 2475 3757 2642 3826; x_wconf 85' lang='grc' dir='ltr'>βαρὺς</span> <span class='ocrx_word' id='word_1_628' title='bbox 2683 3763 2795 3821; x_wconf 82' lang='grc' dir='ltr'>τοῖς</span> <span class='ocrx_word' id='word_1_629' title='bbox 2823 3760 3081 3825; x_wconf 86' lang='grc' dir='ltr'>ὑπηκόοις</span> <span class='ocrx_word' id='word_1_630' title='bbox 3117 3759 3202 3812; x_wconf 78' lang='grc' dir='ltr'>διὰ</span> <span class='ocrx_word' id='word_1_631' title='bbox 3245 3759 3342 3829; x_wconf 89' lang='grc' dir='ltr'><strong>τὴν</strong></span> <span class='ocrx_word' id='word_1_632' title='bbox 3372 3757 3683 3829; x_wconf 83' lang='grc' dir='ltr'>ὑπερϐολὴν</span> 
     </span>
    </p>
   </div>
   <div class='ocr_carea' id='block_1_84' title="bbox 2108 3845 3687 3920">
    <p class='ocr_par' dir='ltr' id='par_1_84' title="bbox 2108 3845 3687 3920">
     <span class='ocr_line' id='line_1_84' title="bbox 2108 3845 3687 3920; baseline 0.003 -25"><span class='ocrx_word' id='word_1_633' title='bbox 2108 3845 2203 3913; x_wconf 85' lang='grc' dir='ltr'><strong>τῆς</strong></span> <span class='ocrx_word' id='word_1_634' title='bbox 2243 3845 2554 3915; x_wconf 79' lang='grc' dir='ltr'>ὠμότητος-</span> <span class='ocrx_word' id='word_1_635' title='bbox 2599 3850 2753 3901; x_wconf 78' lang='grc' dir='ltr'>τοῦτο</span> <span class='ocrx_word' id='word_1_636' title='bbox 2785 3850 2892 3920; x_wconf 78' lang='grc' dir='ltr'>γὰρ</span> <span class='ocrx_word' id='word_1_637' title='bbox 2916 3851 3062 3918; x_wconf 86' lang='grc' dir='ltr'>λέγει</span> <span class='ocrx_word' id='word_1_638' title='bbox 3118 3849 3199 3911; x_wconf 80' lang='grc' dir='ltr'><strong>τὸ,</strong></span> <span class='ocrx_word' id='word_1_639' title='bbox 3239 3870 3257 3901; x_wconf 79' lang='grc' dir='ltr'><strong>ι</strong></span> <span class='ocrx_word' id='word_1_640' title='bbox 3301 3849 3544 3920; x_wconf 78' lang='grc' dir='ltr'>βαρύνων</span> <span class='ocrx_word' id='word_1_641' title='bbox 3587 3849 3687 3900; x_wconf 69' lang='grc' dir='ltr'>τὸν</span> 
     </span>
    </p>
   </div>
   <div class='ocr_carea' id='block_1_85' title="bbox 2113 3933 3686 4008">
    <p class='ocr_par' dir='ltr' id='par_1_85' title="bbox 2113 3933 3686 4008">
     <span class='ocr_line' id='line_1_85' title="bbox 2113 3933 3686 4008; baseline 0.01 -25"><span class='ocrx_word' id='word_1_642' title='bbox 2113 3933 2290 3986; x_wconf 80' lang='grc' dir='ltr'>κλοιὸν</span> <span class='ocrx_word' id='word_1_643' title='bbox 2323 3935 2488 3988; x_wconf 79' lang='grc' dir='ltr'>αὑτοῦ</span> <span class='ocrx_word' id='word_1_644' title='bbox 2536 3936 2837 4008; x_wconf 74' lang='grc' dir='ltr'>στιϐαρῶςο</span> <span class='ocrx_word' id='word_1_645' title='bbox 2879 3957 2898 3989; x_wconf 73' lang='grc' dir='ltr'><strong>ι</strong></span> <span class='ocrx_word' id='word_1_646' title='bbox 2949 3940 3010 3990; x_wconf 90' lang='grc' dir='ltr'><strong>οὑ</strong></span> <span class='ocrx_word' id='word_1_647' title='bbox 3056 3939 3163 4007; x_wconf 81' lang='grc' dir='ltr'>γὰρ</span> <span class='ocrx_word' id='word_1_648' title='bbox 3203 3941 3282 4000; x_wconf 79' lang='grc' dir='ltr'>εἰς</span> <span class='ocrx_word' id='word_1_649' title='bbox 3313 3937 3375 3989; x_wconf 82' lang='grc' dir='ltr'><strong>τὸ</strong></span> <span class='ocrx_word' id='word_1_650' title='bbox 3418 3935 3686 3998; x_wconf 75' lang='grc' dir='ltr'>παντελὲς</span> 
     </span>
    </p>
   </div>
   <div class='ocr_carea' id='block_1_86' title="bbox 2112 4023 3690 4096">
    <p class='ocr_par' dir='ltr' id='par_1_86' title="bbox 2112 4023 3690 4096">
     <span class='ocr_line' id='line_1_86' title="bbox 2112 4023 3690 4096; baseline 0.01 -23"><span class='ocrx_word' id='word_1_651' title='bbox 2112 4023 2399 4092; x_wconf 85' lang='grc' dir='ltr'>δυνήσεται</span> <span class='ocrx_word' id='word_1_652' title='bbox 2448 4026 2516 4080; x_wconf 87' lang='grc' dir='ltr'><strong>τά</strong></span> <span class='ocrx_word' id='word_1_653' title='bbox 2552 4027 2775 4080; x_wconf 80' lang='grc' dir='ltr'>τοιαῦτα</span> <span class='ocrx_word' id='word_1_654' title='bbox 2824 4031 3031 4081; x_wconf 70' lang='grc' dir='ltr'>ποιεῖν’</span> <span class='ocrx_word' id='word_1_655' title='bbox 3082 4028 3240 4081; x_wconf 74' lang='grc' dir='ltr'>τοῦτο</span> <span class='ocrx_word' id='word_1_656' title='bbox 3284 4027 3392 4096; x_wconf 77' lang='grc' dir='ltr'><strong>γὰρ</strong></span> <span class='ocrx_word' id='word_1_657' title='bbox 3423 4027 3568 4094; x_wconf 81' lang='grc' dir='ltr'>λέγει</span> <span class='ocrx_word' id='word_1_658' title='bbox 3595 4025 3690 4088; x_wconf 68' lang='grc' dir='ltr'>τὸν</span> 
     </span>
    </p>
   </div>
   <div class='ocr_carea' id='block_1_87' title="bbox 2117 4113 3684 4189">
    <p class='ocr_par' dir='ltr' id='par_1_87' title="bbox 2117 4113 3684 4189">
     <span class='ocr_line' id='line_1_87' title="bbox 2117 4113 3684 4189; baseline 0.01 -26"><span class='ocrx_word' id='word_1_659' title='bbox 2117 4130 2135 4162; x_wconf 76' lang='grc' dir='ltr'><strong>ι</strong></span> <span class='ocrx_word' id='word_1_660' title='bbox 2177 4113 2280 4176; x_wconf 72' lang='grc' dir='ltr'><strong>ἕως</strong></span> <span class='ocrx_word' id='word_1_661' title='bbox 2305 4116 2468 4179; x_wconf 88' lang='grc' dir='ltr'>τίνος,</span> <span class='ocrx_word' id='word_1_662' title='bbox 2503 4121 2556 4174; x_wconf 80' lang='grc' dir='ltr'><strong>»ὃ</strong></span> <span class='ocrx_word' id='word_1_663' title='bbox 2592 4119 2680 4171; x_wconf 75' lang='grc' dir='ltr'>διὰ</span> <span class='ocrx_word' id='word_1_664' title='bbox 2734 4119 2899 4188; x_wconf 82' lang='grc' dir='ltr'>μέσου</span> <span class='ocrx_word' id='word_1_665' title='bbox 2949 4120 3220 4189; x_wconf 88' lang='grc' dir='ltr'>κείμενον.</span> <span class='ocrx_word' id='word_1_666' title='bbox 3259 4119 3335 4189; x_wconf 78' lang='lat' dir='ltr'><strong>(p.</strong></span> <span class='ocrx_word' id='word_1_667' title='bbox 3372 4117 3495 4188; x_wconf 77' lang='grc'>566)</span> <span class='ocrx_word' id='word_1_668' title='bbox 3539 4115 3684 4187; x_wconf 78' lang='grc' dir='ltr'>πρὸς</span> 
     </span>
    </p>
   </div>
   <div class='ocr_carea' id='block_1_88' title="bbox 2112 4202 3684 4283">
    <p class='ocr_par' dir='ltr' id='par_1_88' title="bbox 2112 4202 3684 4283">
     <span class='ocr_line' id='line_1_88' title="bbox 2112 4202 3684 4283; baseline 0.002 -28"><span class='ocrx_word' id='word_1_669' title='bbox 2112 4202 2331 4260; x_wconf 75' lang='grc' dir='ltr'>ἅπαντα</span> <span class='ocrx_word' id='word_1_670' title='bbox 2363 4208 2696 4270; x_wconf 86' lang='grc' dir='ltr'>ἀποδέδοται,</span> <span class='ocrx_word' id='word_1_671' title='bbox 2729 4211 2815 4263; x_wconf 73' lang='grc' dir='ltr'>ἵνα</span> <span class='ocrx_word' id='word_1_672' title='bbox 2847 4211 2996 4283; x_wconf 78' lang='grc' dir='ltr'>εἴπῃ,</span> <span class='ocrx_word' id='word_1_673' title='bbox 3023 4212 3104 4264; x_wconf 85' lang='grc' dir='ltr'><strong>ὅτι</strong></span> <span class='ocrx_word' id='word_1_674' title='bbox 3133 4207 3246 4261; x_wconf 74' lang='grc' dir='ltr'>Οὐκ</span> <span class='ocrx_word' id='word_1_675' title='bbox 3271 4210 3348 4272; x_wconf 88' lang='grc' dir='ltr'>εἰς</span> <span class='ocrx_word' id='word_1_676' title='bbox 3377 4209 3438 4262; x_wconf 85' lang='grc' dir='ltr'>τὺ</span> <span class='ocrx_word' id='word_1_677' title='bbox 3480 4225 3684 4260; x_wconf 86' lang='grc' dir='ltr'>παντε-</span> 
     </span>
    </p>
   </div>
   <div class='ocr_carea' id='block_1_89' title="bbox 441 4271 3684 4372">
    <p class='ocr_par' dir='ltr' id='par_1_89' title="bbox 441 4271 3684 4372">
     <span class='ocr_line' id='line_1_89' title="bbox 441 4271 3684 4372; baseline 0.01 -51"><span class='ocrx_word' id='word_1_678' title='bbox 441 4271 531 4334; x_wconf 84' lang='grc' dir='ltr'>λὲς</span> <span class='ocrx_word' id='word_1_679' title='bbox 565 4273 849 4341; x_wconf 89' lang='grc' dir='ltr'>γενήσεται</span> <span class='ocrx_word' id='word_1_680' title='bbox 895 4273 1155 4337; x_wconf 75' lang='grc' dir='ltr'>τοιοῦτος,</span> <span class='ocrx_word' id='word_1_681' title='bbox 1211 4276 1510 4346; x_wconf 83' lang='grc' dir='ltr'>μεταϐολὴν</span> <span class='ocrx_word' id='word_1_682' title='bbox 1552 4279 1658 4330; x_wconf 82' lang='grc' dir='ltr'><strong>τῶν</strong></span> <span class='ocrx_word' id='word_1_683' title='bbox 1706 4284 1824 4333; x_wconf 78' lang='grc' dir='ltr'>κατ’</span> <span class='ocrx_word' id='word_1_684' title='bbox 1859 4285 2019 4338; x_wconf 77' lang='grc' dir='ltr'>αὑτὸν</span> <span class='ocrx_word' id='word_1_685' title='bbox 2051 4289 2369 4363; x_wconf 82' lang='grc' dir='ltr'>δεξομένων,</span> <span class='ocrx_word' id='word_1_686' title='bbox 2401 4298 2488 4351; x_wconf 80' lang='grc' dir='ltr'>διὰ</span> <span class='ocrx_word' id='word_1_687' title='bbox 2523 4299 2620 4372; x_wconf 89' lang='grc' dir='ltr'><strong>τὴν</strong></span> <span class='ocrx_word' id='word_1_688' title='bbox 2653 4271 2997 4371; x_wconf 64' lang='grc' dir='ltr'>ἐπαγομένην</span> <span class='ocrx_word' id='word_1_689' title='bbox 3037 4299 3185 4370; x_wconf 83' lang='grc' dir='ltr'>αὑτῷ</span> <span class='ocrx_word' id='word_1_690' title='bbox 3226 4299 3374 4370; x_wconf 80' lang='grc' dir='ltr'><strong>παρά</strong></span> <span class='ocrx_word' id='word_1_691' title='bbox 3412 4298 3504 4351; x_wconf 72' lang='grc' dir='ltr'>τοῦ</span> <span class='ocrx_word' id='word_1_692' title='bbox 3541 4298 3684 4352; x_wconf 76' lang='grc' dir='ltr'>Θεοῦ</span> 
     </span>
    </p>
   </div>
   <div class='ocr_carea' id='block_1_90' title="bbox 441 4363 734 4432">
    <p class='ocr_par' dir='ltr' id='par_1_90' title="bbox 441 4363 734 4432">
     <span class='ocr_line' id='line_1_90' title="bbox 441 4363 734 4432; baseline -0.003 -15"><span class='ocrx_word' id='word_1_693' title='bbox 441 4363 734 4432; x_wconf 86' lang='grc' dir='ltr'>τιμωρίαν.</span> 
     </span>
    </p>
   </div>
   <div class='ocr_carea' id='block_1_91' title="bbox 517 4449 2006 4543">
    <p class='ocr_par' dir='ltr' id='par_1_91' title="bbox 517 4449 2006 4530">
     <span class='ocr_line' id='line_1_91' title="bbox 517 4449 2006 4530; baseline 0.01 -28"><span class='ocrx_word' id='word_1_694' title='bbox 517 4449 682 4506; x_wconf 72' lang='lat' dir='ltr'><strong>Vens.</strong></span> <span class='ocrx_word' id='word_1_695' title='bbox 727 4451 878 4504; x_wconf 70' lang='lat'><strong>7-10.</strong></span> <span class='ocrx_word' id='word_1_696' title='bbox 911 4481 980 4490; x_wconf 87' lang='lat'><strong>-——</strong></span> <span class='ocrx_word' id='word_1_697' title='bbox 1007 4451 1209 4507; x_wconf 87' lang='lat' dir='ltr'><strong>Deinde</strong></span> <span class='ocrx_word' id='word_1_698' title='bbox 1253 4457 1484 4522; x_wconf 79' lang='lat' dir='ltr'><strong>qualiter</strong></span> <span class='ocrx_word' id='word_1_699' title='bbox 1517 4460 1901 4530; x_wconf 60' lang='lat' dir='ltr'><strong>(“inmoduqu</strong></span> <span class='ocrx_word' id='word_1_700' title='bbox 1950 4478 2006 4517; x_wconf 78' lang='lat' dir='ltr'><strong>ea</strong></span> 
     </span>
    </p>
   </div>
   <div class='ocr_carea' id='block_1_92' title="bbox 2110 4449 3687 4543">
    <p class='ocr_par' dir='ltr' id='par_1_92' title="bbox 2187 4469 3687 4543">
     <span class='ocr_line' id='line_1_92' title="bbox 2187 4469 3687 4543; baseline 0.003 -21"><span class='ocrx_word' id='word_1_701' title='bbox 2187 4471 2332 4541; x_wconf 87' lang='grc' dir='ltr'>Στίχ.</span> <span class='ocrx_word' id='word_1_702' title='bbox 2363 4472 2487 4534; x_wconf 79' lang='grc' dir='ltr'><strong>ζ’-ι’.</strong></span> <span class='ocrx_word' id='word_1_703' title='bbox 2531 4503 2601 4511; x_wconf 96' lang='lat'><strong><em>—</em></strong></span> <span class='ocrx_word' id='word_1_704' title='bbox 2631 4469 2764 4526; x_wconf 81' lang='grc' dir='ltr'>Εἶτα</span> <span class='ocrx_word' id='word_1_705' title='bbox 2808 4474 2927 4535; x_wconf 80' lang='grc' dir='ltr'>πῶς</span> <span class='ocrx_word' id='word_1_706' title='bbox 2968 4474 3062 4527; x_wconf 82' lang='grc' dir='ltr'><strong>καί</strong></span> <span class='ocrx_word' id='word_1_707' title='bbox 3097 4474 3217 4525; x_wconf 89' lang='grc' dir='ltr'>τίνα</span> <span class='ocrx_word' id='word_1_708' title='bbox 3250 4473 3340 4524; x_wconf 75' lang='grc' dir='ltr'><strong>τὸν</strong></span> <span class='ocrx_word' id='word_1_709' title='bbox 3367 4473 3563 4543; x_wconf 71' lang='grc' dir='ltr'>τρόπον</span> <span class='ocrx_word' id='word_1_710' title='bbox 3591 4473 3687 4526; x_wconf 85' lang='grc' dir='ltr'><strong>λέ-</strong></span> 
     </span>
    </p>
   </div>
   <div class='ocr_carea' id='block_1_93' title="bbox 445 4541 2012 4618">
    <p class='ocr_par' dir='ltr' id='par_1_93' title="bbox 445 4541 2012 4618">
     <span class='ocr_line' id='line_1_93' title="bbox 445 4541 2012 4618; baseline 0.008 -24"><span class='ocrx_word' id='word_1_711' title='bbox 445 4541 573 4594; x_wconf 79' lang='lat' dir='ltr'><strong>[ient</strong></span> <span class='ocrx_word' id='word_1_712' title='bbox 595 4542 766 4595; x_wconf 86' lang='lat' dir='ltr'><strong>dicit:</strong></span> <span class='ocrx_word' id='word_1_713' title='bbox 806 4560 823 4592; x_wconf 82' lang='grc' dir='ltr'><strong>ι</strong></span> <span class='ocrx_word' id='word_1_714' title='bbox 851 4544 993 4607; x_wconf 77' lang='lat' dir='ltr'><strong>Quia</strong></span> <span class='ocrx_word' id='word_1_715' title='bbox 1031 4544 1214 4597; x_wconf 82' lang='lat' dir='ltr'><strong>subito</strong></span> <span class='ocrx_word' id='word_1_716' title='bbox 1247 4559 1577 4616; x_wconf 84' lang='lat' dir='ltr'><strong>consurgent</strong></span> <span class='ocrx_word' id='word_1_717' title='bbox 1601 4551 1691 4618; x_wconf 91' lang='lat' dir='ltr'><strong>qui</strong></span> <span class='ocrx_word' id='word_1_718' title='bbox 1729 4553 2012 4607; x_wconf 85' lang='lat' dir='ltr'><strong>mordeant</strong></span> 
     </span>
    </p>
   </div>
   <div class='ocr_carea' id='block_1_94' title="bbox 443 4630 2014 4700">
    <p class='ocr_par' dir='ltr' id='par_1_94' title="bbox 443 4630 2014 4700">
     <span class='ocr_line' id='line_1_94' title="bbox 443 4630 2014 4700; baseline 0.008 -16"><span class='ocrx_word' id='word_1_719' title='bbox 443 4646 590 4692; x_wconf 88' lang='lat' dir='ltr'><strong>eum,</strong></span> <span class='ocrx_word' id='word_1_720' title='bbox 623 4637 678 4684; x_wconf 92' lang='lat' dir='ltr'><strong>et</strong></span> <span class='ocrx_word' id='word_1_721' title='bbox 711 4630 1019 4700; x_wconf 77' lang='lat' dir='ltr'><strong>vigilabunt</strong></span> <span class='ocrx_word' id='word_1_722' title='bbox 1052 4632 1401 4689; x_wconf 86' lang='lat' dir='ltr'><strong>insidiatores</strong></span> <span class='ocrx_word' id='word_1_723' title='bbox 1446 4637 1544 4700; x_wconf 90' lang='lat' dir='ltr'><strong>tui,</strong></span> <span class='ocrx_word' id='word_1_724' title='bbox 1588 4648 1642 4691; x_wconf 89' lang='lat' dir='ltr'><strong>et</strong></span> <span class='ocrx_word' id='word_1_725' title='bbox 1673 4641 1787 4695; x_wconf 84' lang='lat' dir='ltr'><strong>eris</strong></span> <span class='ocrx_word' id='word_1_726' title='bbox 1834 4647 1888 4696; x_wconf 88' lang='lat' dir='ltr'><strong>in</strong></span> <span class='ocrx_word' id='word_1_727' title='bbox 1925 4659 2014 4696; x_wconf 86' lang='lat' dir='ltr'><strong>ra-</strong></span> 
     </span>
    </p>
   </div>
   <div class='ocr_carea' id='block_1_95' title="bbox 443 4720 2015 4802">
    <p class='ocr_par' dir='ltr' id='par_1_95' title="bbox 443 4720 2015 4802">
     <span class='ocr_line' id='line_1_95' title="bbox 443 4720 2015 4802; baseline 0.01 -30"><span class='ocrx_word' id='word_1_728' title='bbox 443 4720 625 4788; x_wconf 86' lang='lat' dir='ltr'><strong>pinam</strong></span> <span class='ocrx_word' id='word_1_729' title='bbox 667 4720 767 4775; x_wconf 92' lang='lat' dir='ltr'><strong>eis.</strong></span> <span class='ocrx_word' id='word_1_730' title='bbox 815 4739 833 4772; x_wconf 73' lang='lat' dir='ltr'><strong>t</strong></span> <span class='ocrx_word' id='word_1_731' title='bbox 871 4720 1161 4793; x_wconf 77' lang='lat' dir='ltr'><strong>Emergent</strong></span> <span class='ocrx_word' id='word_1_732' title='bbox 1215 4733 1412 4792; x_wconf 66' lang='lat' dir='ltr'><strong>praeter</strong></span> <span class='ocrx_word' id='word_1_733' title='bbox 1469 4743 1686 4783; x_wconf 87' lang='lat' dir='ltr'><strong>onmem</strong></span> <span class='ocrx_word' id='word_1_734' title='bbox 1741 4746 2015 4802; x_wconf 77' lang='lat' dir='ltr'><strong>exspecta-</strong></span> 
     </span>
    </p>
   </div>
   <div class='ocr_carea' id='block_1_96' title="bbox 444 4811 2012 4879">
    <p class='ocr_par' dir='ltr' id='par_1_96' title="bbox 444 4811 2012 4879">
     <span class='ocr_line' id='line_1_96' title="bbox 444 4811 2012 4879; baseline 0.01 -15"><span class='ocrx_word' id='word_1_735' title='bbox 444 4811 647 4865; x_wconf 89' lang='lat' dir='ltr'><strong>tionem</strong></span> <span class='ocrx_word' id='word_1_736' title='bbox 682 4811 891 4877; x_wconf 90' lang='lat' dir='ltr'><strong>hostes,</strong></span> <span class='ocrx_word' id='word_1_737' title='bbox 919 4812 1133 4867; x_wconf 81' lang='lat' dir='ltr'><strong>damnis</strong></span> <span class='ocrx_word' id='word_1_738' title='bbox 1166 4816 1276 4868; x_wconf 90' lang='lat' dir='ltr'><strong>tuis</strong></span> <span class='ocrx_word' id='word_1_739' title='bbox 1303 4816 1517 4879; x_wconf 90' lang='lat' dir='ltr'><strong>intenti,</strong></span> <span class='ocrx_word' id='word_1_740' title='bbox 1545 4819 1687 4872; x_wconf 91' lang='lat' dir='ltr'><strong>bona</strong></span> <span class='ocrx_word' id='word_1_741' title='bbox 1717 4828 1807 4875; x_wconf 90' lang='lat' dir='ltr'><strong>tua</strong></span> <span class='ocrx_word' id='word_1_742' title='bbox 1832 4827 2012 4879; x_wconf 88' lang='lat' dir='ltr'><strong>omnia</strong></span> 
     </span>
    </p>
   </div>
   <div class='ocr_carea' id='block_1_97' title="bbox 442 4900 2010 4980">
    <p class='ocr_par' dir='ltr' id='par_1_97' title="bbox 442 4900 2010 4980">
     <span class='ocr_line' id='line_1_97' title="bbox 442 4900 2010 4980; baseline 0.01 -26"><span class='ocrx_word' id='word_1_743' title='bbox 442 4900 789 4970; x_wconf 83' lang='lat' dir='ltr'><strong>diripicntcs.</strong></span> <span class='ocrx_word' id='word_1_744' title='bbox 842 4922 860 4954; x_wconf 75' lang='grc' dir='ltr'><strong>ι</strong></span> <span class='ocrx_word' id='word_1_745' title='bbox 927 4903 1063 4969; x_wconf 86' lang='lat' dir='ltr'><strong>Quia</strong></span> <span class='ocrx_word' id='word_1_746' title='bbox 1115 4913 1173 4957; x_wconf 93' lang='lat' dir='ltr'><strong>tu</strong></span> <span class='ocrx_word' id='word_1_747' title='bbox 1232 4906 1481 4974; x_wconf 90' lang='lat' dir='ltr'><strong>spoliasti</strong></span> <span class='ocrx_word' id='word_1_748' title='bbox 1534 4918 1722 4978; x_wconf 71' lang='lat' dir='ltr'><strong>gentes</strong></span> <span class='ocrx_word' id='word_1_749' title='bbox 1790 4916 2010 4980; x_wconf 86' lang='lat' dir='ltr'><strong>multas,</strong></span> 
     </span>
    </p>
   </div>
   <div class='ocr_carea' id='block_1_98' title="bbox 443 4991 2012 5072">
    <p class='ocr_par' dir='ltr' id='par_1_98' title="bbox 443 4991 2012 5072">
     <span class='ocr_line' id='line_1_98' title="bbox 443 4991 2012 5072; baseline 0.012 -30"><span class='ocrx_word' id='word_1_750' title='bbox 443 4991 757 5058; x_wconf 90' lang='lat' dir='ltr'><strong>spoliabunt</strong></span> <span class='ocrx_word' id='word_1_751' title='bbox 797 5001 848 5045; x_wconf 88' lang='lat' dir='ltr'><strong>te</strong></span> <span class='ocrx_word' id='word_1_752' title='bbox 891 5007 1081 5048; x_wconf 90' lang='lat' dir='ltr'><strong>omnes</strong></span> <span class='ocrx_word' id='word_1_753' title='bbox 1127 4994 1322 5064; x_wconf 86' lang='lat' dir='ltr'><strong>reliqui</strong></span> <span class='ocrx_word' id='word_1_754' title='bbox 1361 5001 1567 5066; x_wconf 86' lang='lat' dir='ltr'><strong>populi,</strong></span> <span class='ocrx_word' id='word_1_755' title='bbox 1615 5012 1836 5072; x_wconf 90' lang='lat' dir='ltr'><strong>propter</strong></span> <span class='ocrx_word' id='word_1_756' title='bbox 1882 5022 2012 5060; x_wconf 85' lang='lat' dir='ltr'><strong>san-</strong></span> 
     </span>
    </p>
   </div>
   <div class='ocr_carea' id='block_1_99' title="bbox 441 5079 2016 5160">
    <p class='ocr_par' dir='ltr' id='par_1_99' title="bbox 441 5079 2016 5160">
     <span class='ocr_line' id='line_1_99' title="bbox 441 5079 2016 5160; baseline 0.014 -32"><span class='ocrx_word' id='word_1_757' title='bbox 441 5079 660 5145; x_wconf 80' lang='lat' dir='ltr'><strong>guinem</strong></span> <span class='ocrx_word' id='word_1_758' title='bbox 697 5080 1000 5145; x_wconf 82' lang='lat' dir='ltr'><strong>hominum,</strong></span> <span class='ocrx_word' id='word_1_759' title='bbox 1024 5093 1078 5137; x_wconf 91' lang='lat' dir='ltr'><strong>et</strong></span> <span class='ocrx_word' id='word_1_760' title='bbox 1127 5085 1460 5153; x_wconf 87' lang='lat' dir='ltr'><strong>impietatem</strong></span> <span class='ocrx_word' id='word_1_761' title='bbox 1509 5092 1746 5160; x_wconf 82' lang='lat' dir='ltr'><strong>regionis</strong></span> <span class='ocrx_word' id='word_1_762' title='bbox 1776 5109 1840 5149; x_wconf 90' lang='lat' dir='ltr'><strong>ac</strong></span> <span class='ocrx_word' id='word_1_763' title='bbox 1884 5098 2016 5152; x_wconf 87' lang='lat' dir='ltr'><strong>civi-</strong></span> 
     </span>
    </p>
   </div>
   <div class='ocr_carea' id='block_1_100' title="bbox 449 5169 2015 5247">
    <p class='ocr_par' dir='ltr' id='par_1_100' title="bbox 449 5169 2015 5247">
     <span class='ocr_line' id='line_1_100' title="bbox 449 5169 2015 5247; baseline 0.014 -28"><span class='ocrx_word' id='word_1_764' title='bbox 449 5169 599 5232; x_wconf 80' lang='lat' dir='ltr'><strong>tatis,</strong></span> <span class='ocrx_word' id='word_1_765' title='bbox 631 5178 684 5223; x_wconf 89' lang='lat' dir='ltr'><strong>et</strong></span> <span class='ocrx_word' id='word_1_766' title='bbox 705 5184 1028 5226; x_wconf 89' lang='lat' dir='ltr'><strong>cunctorum</strong></span> <span class='ocrx_word' id='word_1_767' title='bbox 1073 5175 1375 5230; x_wconf 90' lang='lat' dir='ltr'><strong>incolarum</strong></span> <span class='ocrx_word' id='word_1_768' title='bbox 1410 5179 1548 5247; x_wconf 89' lang='lat' dir='ltr'><strong>ejus.</strong></span> <span class='ocrx_word' id='word_1_769' title='bbox 1594 5200 1616 5232; x_wconf 88' lang='grc'><strong>›</strong></span> <span class='ocrx_word' id='word_1_770' title='bbox 1650 5181 2015 5247; x_wconf 87' lang='lat' dir='ltr'><strong>Quemadmo-</strong></span> 
     </span>
    </p>
   </div>
   <div class='ocr_carea' id='block_1_101' title="bbox 442 5260 2012 5338">
    <p class='ocr_par' dir='ltr' id='par_1_101' title="bbox 442 5260 2012 5338">
     <span class='ocr_line' id='line_1_101' title="bbox 442 5260 2012 5338; baseline 0.011 -26"><span class='ocrx_word' id='word_1_771' title='bbox 442 5260 573 5312; x_wconf 90' lang='lat' dir='ltr'><strong>dum</strong></span> <span class='ocrx_word' id='word_1_772' title='bbox 608 5260 722 5327; x_wconf 92' lang='lat' dir='ltr'><strong>ipse</strong></span> <span class='ocrx_word' id='word_1_773' title='bbox 753 5261 952 5329; x_wconf 89' lang='lat' dir='ltr'><strong>impetu</strong></span> <span class='ocrx_word' id='word_1_774' title='bbox 984 5261 1127 5318; x_wconf 90' lang='lat' dir='ltr'><strong>facto</strong></span> <span class='ocrx_word' id='word_1_775' title='bbox 1163 5266 1338 5320; x_wconf 90' lang='lat' dir='ltr'><strong>aliena</strong></span> <span class='ocrx_word' id='word_1_776' title='bbox 1377 5270 1626 5338; x_wconf 87' lang='lat' dir='ltr'><strong>rapuisti,</strong></span> <span class='ocrx_word' id='word_1_777' title='bbox 1661 5272 1734 5324; x_wconf 90' lang='lat' dir='ltr'><strong>ita</strong></span> <span class='ocrx_word' id='word_1_778' title='bbox 1775 5273 2012 5329; x_wconf 90' lang='lat' dir='ltr'><strong>vicissim</strong></span> 
     </span>
    </p>
   </div>
   <div class='ocr_carea' id='block_1_102' title="bbox 442 5349 2013 5424">
    <p class='ocr_par' dir='ltr' id='par_1_102' title="bbox 442 5349 2013 5424">
     <span class='ocr_line' id='line_1_102' title="bbox 442 5349 2013 5424; baseline 0.013 -24"><span class='ocrx_word' id='word_1_779' title='bbox 442 5356 534 5404; x_wconf 75' lang='lat' dir='ltr'><strong>tua</strong></span> <span class='ocrx_word' id='word_1_780' title='bbox 560 5349 884 5419; x_wconf 71' lang='lat' dir='ltr'><strong>diripiantur</strong></span> <span class='ocrx_word' id='word_1_781' title='bbox 911 5352 979 5406; x_wconf 91' lang='lat' dir='ltr'><strong>ab</strong></span> <span class='ocrx_word' id='word_1_782' title='bbox 1013 5354 1078 5408; x_wconf 91' lang='lat' dir='ltr'><strong>iis</strong></span> <span class='ocrx_word' id='word_1_783' title='bbox 1103 5355 1196 5422; x_wconf 91' lang='lat' dir='ltr'><strong>qui</strong></span> <span class='ocrx_word' id='word_1_784' title='bbox 1241 5358 1502 5424; x_wconf 90' lang='lat' dir='ltr'><strong>puniendi</strong></span> <span class='ocrx_word' id='word_1_785' title='bbox 1535 5363 1610 5415; x_wconf 89' lang='lat' dir='ltr'><strong>tui</strong></span> <span class='ocrx_word' id='word_1_786' title='bbox 1647 5377 1813 5418; x_wconf 90' lang='lat' dir='ltr'><strong>causa</strong></span> <span class='ocrx_word' id='word_1_787' title='bbox 1839 5366 2013 5420; x_wconf 84' lang='lat' dir='ltr'><strong>relicti</strong></span> 
     </span>
    </p>
   </div>
   <div class='ocr_carea' id='block_1_103' title="bbox 443 5441 2014 5515">
    <p class='ocr_par' dir='ltr' id='par_1_103' title="bbox 443 5441 2014 5515">
     <span class='ocr_line' id='line_1_103' title="bbox 443 5441 2014 5515; baseline 0.012 -24"><span class='ocrx_word' id='word_1_788' title='bbox 443 5447 573 5492; x_wconf 91' lang='lat' dir='ltr'><strong>sunt</strong></span> <span class='ocrx_word' id='word_1_789' title='bbox 605 5481 617 5494; x_wconf 84' lang='lat'><strong>.</strong></span> <span class='ocrx_word' id='word_1_790' title='bbox 644 5441 772 5510; x_wconf 90' lang='lat' dir='ltr'><strong>quia</strong></span> <span class='ocrx_word' id='word_1_791' title='bbox 815 5452 871 5496; x_wconf 91' lang='lat' dir='ltr'><strong>tu</strong></span> <span class='ocrx_word' id='word_1_792' title='bbox 922 5459 1118 5513; x_wconf 91' lang='lat' dir='ltr'><strong>nempe</strong></span> <span class='ocrx_word' id='word_1_793' title='bbox 1161 5447 1424 5515; x_wconf 90' lang='lat' dir='ltr'><strong>plurimos</strong></span> <span class='ocrx_word' id='word_1_794' title='bbox 1458 5449 1548 5505; x_wconf 88' lang='lat' dir='ltr'><strong>Dei</strong></span> <span class='ocrx_word' id='word_1_795' title='bbox 1582 5452 1817 5511; x_wconf 88' lang='lat' dir='ltr'><strong>famulos</strong></span> <span class='ocrx_word' id='word_1_796' title='bbox 1853 5456 2014 5510; x_wconf 88' lang='lat' dir='ltr'><strong>inter-</strong></span> 
     </span>
    </p>
   </div>
   <div class='ocr_carea' id='block_1_104' title="bbox 445 5526 2013 5606">
    <p class='ocr_par' dir='ltr' id='par_1_104' title="bbox 445 5526 2013 5606">
     <span class='ocr_line' id='line_1_104' title="bbox 445 5526 2013 5606; baseline 0.013 -25"><span class='ocrx_word' id='word_1_797' title='bbox 445 5526 649 5590; x_wconf 79' lang='lat' dir='ltr'><strong>fecisti,</strong></span> <span class='ocrx_word' id='word_1_798' title='bbox 691 5538 745 5583; x_wconf 89' lang='lat' dir='ltr'><strong>et</strong></span> <span class='ocrx_word' id='word_1_799' title='bbox 774 5531 1038 5588; x_wconf 86' lang='lat' dir='ltr'><strong>adversus</strong></span> <span class='ocrx_word' id='word_1_800' title='bbox 1067 5533 1159 5589; x_wconf 87' lang='lat' dir='ltr'><strong>Dei</strong></span> <span class='ocrx_word' id='word_1_801' title='bbox 1184 5539 1461 5606; x_wconf 77' lang='lat' dir='ltr'><strong>regionem</strong></span> <span class='ocrx_word' id='word_1_802' title='bbox 1507 5555 1571 5596; x_wconf 89' lang='lat' dir='ltr'><strong>ac</strong></span> <span class='ocrx_word' id='word_1_803' title='bbox 1601 5543 1875 5600; x_wconf 89' lang='lat' dir='ltr'><strong>civitatem</strong></span> <span class='ocrx_word' id='word_1_804' title='bbox 1912 5547 2013 5600; x_wconf 88' lang='lat' dir='ltr'><strong>im-</strong></span> 
     </span>
    </p>
   </div>
   <div class='ocr_carea' id='block_1_105' title="bbox 447 5617 2012 5701">
    <p class='ocr_par' dir='ltr' id='par_1_105' title="bbox 447 5617 2012 5701">
     <span class='ocr_line' id='line_1_105' title="bbox 447 5617 2012 5701; baseline 0.013 -30"><span class='ocrx_word' id='word_1_805' title='bbox 447 5617 533 5688; x_wconf 72' lang='lat' dir='ltr'><strong>pie</strong></span> <span class='ocrx_word' id='word_1_806' title='bbox 556 5619 743 5692; x_wconf 72' lang='lat' dir='ltr'><strong>egisti,</strong></span> <span class='ocrx_word' id='word_1_807' title='bbox 776 5631 967 5678; x_wconf 88' lang='lat' dir='ltr'><strong>contra</strong></span> <span class='ocrx_word' id='word_1_808' title='bbox 989 5639 1176 5680; x_wconf 90' lang='lat' dir='ltr'><strong>omnes</strong></span> <span class='ocrx_word' id='word_1_809' title='bbox 1206 5628 1438 5698; x_wconf 89' lang='lat' dir='ltr'><strong>denique</strong></span> <span class='ocrx_word' id='word_1_810' title='bbox 1461 5630 1608 5686; x_wconf 92' lang='lat' dir='ltr'><strong>illius</strong></span> <span class='ocrx_word' id='word_1_811' title='bbox 1638 5632 1866 5701; x_wconf 88' lang='lat' dir='ltr'><strong>incolas,</strong></span> <span class='ocrx_word' id='word_1_812' title='bbox 1888 5635 2012 5692; x_wconf 90' lang='lat' dir='ltr'><strong>Hie-</strong></span> 
     </span>
    </p>
   </div>
   <div class='ocr_carea' id='block_1_106' title="bbox 2111 4564 3688 4634">
    <p class='ocr_par' dir='ltr' id='par_1_106' title="bbox 2111 4564 3688 4634">
     <span class='ocr_line' id='line_1_106' title="bbox 2111 4564 3688 4634; baseline 0.001 -19"><span class='ocrx_word' id='word_1_813' title='bbox 2111 4579 2240 4630; x_wconf 89' lang='grc' dir='ltr'>γων,</span> <span class='ocrx_word' id='word_1_814' title='bbox 2285 4582 2303 4614; x_wconf 74' lang='grc' dir='ltr'><strong>ι</strong></span> <span class='ocrx_word' id='word_1_815' title='bbox 2344 4565 2466 4616; x_wconf 87' lang='grc' dir='ltr'>Ὅτι</span> <span class='ocrx_word' id='word_1_816' title='bbox 2495 4565 2750 4634; x_wconf 80' lang='grc' dir='ltr'>ἐξαίφνης</span> <span class='ocrx_word' id='word_1_817' title='bbox 2781 4565 3231 4634; x_wconf 80' lang='grc' dir='ltr'>ἐξαναστήσονται</span> <span class='ocrx_word' id='word_1_818' title='bbox 3263 4564 3546 4625; x_wconf 76' lang='grc' dir='ltr'>δάκνοντες</span> <span class='ocrx_word' id='word_1_819' title='bbox 3579 4565 3688 4616; x_wconf 81' lang='grc' dir='ltr'>αὑ-</span> 
     </span>
    </p>
   </div>
   <div class='ocr_carea' id='block_1_107' title="bbox 2110 4654 3691 4726">
    <p class='ocr_par' dir='ltr' id='par_1_107' title="bbox 2110 4654 3691 4726">
     <span class='ocr_line' id='line_1_107' title="bbox 2110 4654 3691 4726; baseline 0.001 -20"><span class='ocrx_word' id='word_1_820' title='bbox 2110 4654 2220 4719; x_wconf 87' lang='grc' dir='ltr'>τὸν,</span> <span class='ocrx_word' id='word_1_821' title='bbox 2257 4656 2352 4707; x_wconf 77' lang='grc' dir='ltr'>καὶ</span> <span class='ocrx_word' id='word_1_822' title='bbox 2380 4656 2704 4726; x_wconf 71' lang='grc' dir='ltr'>ἐκνήψουσιν</span> <span class='ocrx_word' id='word_1_823' title='bbox 2729 4658 2776 4709; x_wconf 84' lang='grc' dir='ltr'>οἱ</span> <span class='ocrx_word' id='word_1_824' title='bbox 2806 4655 3076 4708; x_wconf 86' lang='grc' dir='ltr'>ἐπίϐουλοί</span> <span class='ocrx_word' id='word_1_825' title='bbox 3105 4673 3222 4720; x_wconf 89' lang='grc' dir='ltr'>σου,</span> <span class='ocrx_word' id='word_1_826' title='bbox 3247 4656 3342 4708; x_wconf 75' lang='grc' dir='ltr'>καὶ</span> <span class='ocrx_word' id='word_1_827' title='bbox 3369 4655 3466 4726; x_wconf 77' lang='grc' dir='ltr'><strong>ἔσῃ</strong></span> <span class='ocrx_word' id='word_1_828' title='bbox 3496 4657 3691 4718; x_wconf 84' lang='grc' dir='ltr'>αὐτοῖς</span> 
     </span>
    </p>
   </div>
   <div class='ocr_carea' id='block_1_108' title="bbox 2111 4744 3685 4816">
    <p class='ocr_par' dir='ltr' id='par_1_108' title="bbox 2111 4744 3685 4816">
     <span class='ocr_line' id='line_1_108' title="bbox 2111 4744 3685 4816; baseline 0.001 -21"><span class='ocrx_word' id='word_1_829' title='bbox 2111 4746 2190 4806; x_wconf 79' lang='grc' dir='ltr'>εἰς</span> <span class='ocrx_word' id='word_1_830' title='bbox 2233 4744 2560 4815; x_wconf 77' lang='grc' dir='ltr'>διαρπαγήν.</span> <span class='ocrx_word' id='word_1_831' title='bbox 2588 4747 3085 4816; x_wconf 69' lang='grc' dir='ltr'>»Ἀναφανήσονται</span> <span class='ocrx_word' id='word_1_832' title='bbox 3130 4745 3239 4816; x_wconf 79' lang='grc' dir='ltr'><strong>γὰρ</strong></span> <span class='ocrx_word' id='word_1_833' title='bbox 3291 4744 3442 4816; x_wconf 86' lang='grc' dir='ltr'><strong>παρά</strong></span> <span class='ocrx_word' id='word_1_834' title='bbox 3489 4746 3685 4798; x_wconf 80' lang='grc' dir='ltr'>πᾶσαν</span> 
     </span>
    </p>
   </div>
   <div class='ocr_carea' id='block_1_109' title="bbox 2111 4833 3688 4905">
    <p class='ocr_par' dir='ltr' id='par_1_109' title="bbox 2111 4833 3688 4905">
     <span class='ocr_line' id='line_1_109' title="bbox 2111 4833 3688 4905; baseline 0.001 -21"><span class='ocrx_word' id='word_1_835' title='bbox 2111 4833 2302 4886; x_wconf 86' lang='grc' dir='ltr'>ἐλπίδα</span> <span class='ocrx_word' id='word_1_836' title='bbox 2342 4834 2610 4903; x_wconf 84' lang='grc' dir='ltr'>πολέμιοι,</span> <span class='ocrx_word' id='word_1_837' title='bbox 2660 4835 2808 4902; x_wconf 73' lang='grc' dir='ltr'>λέγει</span> <span class='ocrx_word' id='word_1_838' title='bbox 2850 4835 2904 4887; x_wconf 85' lang='grc' dir='ltr'>δὲ</span> <span class='ocrx_word' id='word_1_839' title='bbox 2946 4836 3072 4897; x_wconf 79' lang='grc' dir='ltr'>τοὺς</span> <span class='ocrx_word' id='word_1_840' title='bbox 3119 4836 3354 4905; x_wconf 79' lang='grc' dir='ltr'>Πέρσας,</span> <span class='ocrx_word' id='word_1_841' title='bbox 3393 4835 3442 4886; x_wconf 84' lang='grc' dir='ltr'>οἳ</span> <span class='ocrx_word' id='word_1_842' title='bbox 3482 4833 3688 4905; x_wconf 83' lang='grc' dir='ltr'>ὥσπερ</span> 
     </span>
    </p>
   </div>
   <div class='ocr_carea' id='block_1_110' title="bbox 2113 4924 3691 4994">
    <p class='ocr_par' dir='ltr' id='par_1_110' title="bbox 2113 4924 3691 4994">
     <span class='ocr_line' id='line_1_110' title="bbox 2113 4924 3691 4994; baseline 0.001 -19"><span class='ocrx_word' id='word_1_843' title='bbox 2113 4924 2349 4993; x_wconf 85' lang='grc' dir='ltr'>δήγμασι</span> <span class='ocrx_word' id='word_1_844' title='bbox 2377 4928 2493 4988; x_wconf 80' lang='grc' dir='ltr'>ταῖς</span> <span class='ocrx_word' id='word_1_845' title='bbox 2531 4925 2738 4994; x_wconf 85' lang='grc' dir='ltr'>ἐφόδοις</span> <span class='ocrx_word' id='word_1_846' title='bbox 2779 4927 2898 4988; x_wconf 87' lang='grc' dir='ltr'>ταῖς</span> <span class='ocrx_word' id='word_1_847' title='bbox 2935 4927 3160 4988; x_wconf 85' lang='grc' dir='ltr'>οἰκείαις</span> <span class='ocrx_word' id='word_1_848' title='bbox 3195 4924 3550 4978; x_wconf 77' lang='grc' dir='ltr'>διασπὰσουσί</span> <span class='ocrx_word' id='word_1_849' title='bbox 3588 4942 3691 4977; x_wconf 86' lang='grc' dir='ltr'><strong>σου</strong></span> 
     </span>
    </p>
   </div>
   <div class='ocr_carea' id='block_1_111' title="bbox 2113 5013 3694 5086">
    <p class='ocr_par' dir='ltr' id='par_1_111' title="bbox 2113 5013 3694 5086">
     <span class='ocr_line' id='line_1_111' title="bbox 2113 5013 3694 5086; baseline 0.001 -22"><span class='ocrx_word' id='word_1_850' title='bbox 2113 5013 2211 5083; x_wconf 87' lang='grc' dir='ltr'><strong>τὴν</strong></span> <span class='ocrx_word' id='word_1_851' title='bbox 2233 5013 2458 5083; x_wconf 88' lang='grc' dir='ltr'>δύναμιν</span> <span class='ocrx_word' id='word_1_852' title='bbox 2488 5020 2580 5068; x_wconf 69' lang='grc' dir='ltr'><strong>καὶ</strong></span> <span class='ocrx_word' id='word_1_853' title='bbox 2609 5015 2708 5086; x_wconf 89' lang='grc' dir='ltr'><strong>τὴν</strong></span> <span class='ocrx_word' id='word_1_854' title='bbox 2732 5015 3000 5081; x_wconf 83' lang='grc' dir='ltr'>ἐξουσίαν,</span> <span class='ocrx_word' id='word_1_855' title='bbox 3039 5015 3173 5085; x_wconf 84' lang='grc' dir='ltr'><strong>μετά</strong></span> <span class='ocrx_word' id='word_1_856' title='bbox 3217 5015 3415 5083; x_wconf 79' lang='grc' dir='ltr'>πολλῆς</span> <span class='ocrx_word' id='word_1_857' title='bbox 3447 5016 3544 5084; x_wconf 84' lang='grc' dir='ltr'>μὲν</span> <span class='ocrx_word' id='word_1_858' title='bbox 3584 5015 3694 5085; x_wconf 80' lang='grc' dir='ltr'>τῆς</span> 
     </span>
    </p>
   </div>
   <div class='ocr_carea' id='block_1_112' title="bbox 2113 5104 3690 5178">
    <p class='ocr_par' dir='ltr' id='par_1_112' title="bbox 2113 5104 3690 5178">
     <span class='ocr_line' id='line_1_112' title="bbox 2113 5104 3690 5178; baseline 0.001 -23"><span class='ocrx_word' id='word_1_859' title='bbox 2113 5105 2426 5173; x_wconf 84' lang='grc' dir='ltr'>ἐπιμελείας</span> <span class='ocrx_word' id='word_1_860' title='bbox 2475 5106 2544 5160; x_wconf 87' lang='grc' dir='ltr'>τὰ</span> <span class='ocrx_word' id='word_1_861' title='bbox 2595 5107 2731 5178; x_wconf 81' lang='grc' dir='ltr'>πρὸς</span> <span class='ocrx_word' id='word_1_862' title='bbox 2786 5106 2987 5176; x_wconf 83' lang='grc' dir='ltr'>βλάϐην</span> <span class='ocrx_word' id='word_1_863' title='bbox 3039 5106 3136 5174; x_wconf 86' lang='grc' dir='ltr'><strong>σὴν</strong></span> <span class='ocrx_word' id='word_1_864' title='bbox 3180 5104 3568 5176; x_wconf 80' lang='grc' dir='ltr'>ἐργαζόμενοι·</span> <span class='ocrx_word' id='word_1_865' title='bbox 3615 5105 3690 5157; x_wconf 79' lang='grc' dir='ltr'>δι’</span> 
     </span>
    </p>
   </div>
   <div class='ocr_carea' id='block_1_113' title="bbox 2113 5191 3686 5266">
    <p class='ocr_par' dir='ltr' id='par_1_113' title="bbox 2113 5191 3686 5266">
     <span class='ocr_line' id='line_1_113' title="bbox 2113 5191 3686 5266; baseline -0.001 -20"><span class='ocrx_word' id='word_1_866' title='bbox 2113 5195 2366 5264; x_wconf 83' lang='grc' dir='ltr'>ἁρπαγῆς</span> <span class='ocrx_word' id='word_1_867' title='bbox 2393 5195 2449 5247; x_wconf 88' lang='grc' dir='ltr'><strong>δέ</strong></span> <span class='ocrx_word' id='word_1_868' title='bbox 2480 5195 2574 5248; x_wconf 74' lang='grc' dir='ltr'><strong>καὶ</strong></span> <span class='ocrx_word' id='word_1_869' title='bbox 2609 5196 2677 5248; x_wconf 81' lang='grc' dir='ltr'><strong>τά</strong></span> <span class='ocrx_word' id='word_1_870' title='bbox 2717 5211 2800 5246; x_wconf 90' lang='grc' dir='ltr'>σοι·</span> <span class='ocrx_word' id='word_1_871' title='bbox 2848 5194 3115 5266; x_wconf 82' lang='grc' dir='ltr'>προσόντα</span> <span class='ocrx_word' id='word_1_872' title='bbox 3159 5194 3432 5261; x_wconf 75' lang='grc' dir='ltr'>τιθέμενοι</span> <span class='ocrx_word' id='word_1_873' title='bbox 3478 5191 3686 5244; x_wconf 85' lang='grc' dir='ltr'>πάντα.</span> 
     </span>
    </p>
   </div>
   <div class='ocr_carea' id='block_1_114' title="bbox 2117 5281 3689 5354">
    <p class='ocr_par' dir='ltr' id='par_1_114' title="bbox 2117 5281 3689 5354">
     <span class='ocr_line' id='line_1_114' title="bbox 2117 5281 3689 5354; baseline -0.001 -19"><span class='ocrx_word' id='word_1_874' title='bbox 2117 5303 2136 5335; x_wconf 74' lang='grc' dir='ltr'><strong>ι</strong></span> <span class='ocrx_word' id='word_1_875' title='bbox 2183 5285 2326 5336; x_wconf 87' lang='grc' dir='ltr'>Διότι</span> <span class='ocrx_word' id='word_1_876' title='bbox 2367 5285 2431 5336; x_wconf 82' lang='grc' dir='ltr'><strong>σὺ</strong></span> <span class='ocrx_word' id='word_1_877' title='bbox 2470 5284 2799 5346; x_wconf 84' lang='grc' dir='ltr'>ἐσκύλευσας</span> <span class='ocrx_word' id='word_1_878' title='bbox 2844 5283 2970 5354; x_wconf 76' lang='grc' dir='ltr'>ἔθνη</span> <span class='ocrx_word' id='word_1_879' title='bbox 3017 5283 3206 5347; x_wconf 82' lang='grc' dir='ltr'>πολλὰ,</span> <span class='ocrx_word' id='word_1_880' title='bbox 3241 5281 3593 5334; x_wconf 81' lang='grc' dir='ltr'>σκυλεύσουσί</span> <span class='ocrx_word' id='word_1_881' title='bbox 3623 5299 3689 5334; x_wconf 89' lang='grc' dir='ltr'><strong>σε</strong></span> 
     </span>
    </p>
   </div>
   <div class='ocr_carea' id='block_1_115' title="bbox 2112 5372 3691 5444">
    <p class='ocr_par' dir='ltr' id='par_1_115' title="bbox 2112 5372 3691 5444">
     <span class='ocr_line' id='line_1_115' title="bbox 2112 5372 3691 5444; baseline -0.003 -16"><span class='ocrx_word' id='word_1_882' title='bbox 2112 5375 2309 5437; x_wconf 85' lang='grc' dir='ltr'>πάντες</span> <span class='ocrx_word' id='word_1_883' title='bbox 2347 5377 2397 5428; x_wconf 78' lang='grc' dir='ltr'>οἱ</span> <span class='ocrx_word' id='word_1_884' title='bbox 2445 5373 2894 5444; x_wconf 84' lang='grc' dir='ltr'>ὑπολελειμμένοι</span> <span class='ocrx_word' id='word_1_885' title='bbox 2943 5375 3062 5426; x_wconf 74' lang='grc' dir='ltr'>λαοὶ</span> <span class='ocrx_word' id='word_1_886' title='bbox 3097 5373 3165 5426; x_wconf 79' lang='grc' dir='ltr'>δι’</span> <span class='ocrx_word' id='word_1_887' title='bbox 3215 5374 3424 5442; x_wconf 84' lang='grc' dir='ltr'>αἵματα</span> <span class='ocrx_word' id='word_1_888' title='bbox 3466 5372 3691 5442; x_wconf 79' lang='grc' dir='ltr'>ἀνθρὼ-</span> 
     </span>
    </p>
   </div>
   <div class='ocr_carea' id='block_1_116' title="bbox 2110 5460 3691 5532">
    <p class='ocr_par' dir='ltr' id='par_1_116' title="bbox 2110 5460 3691 5532">
     <span class='ocr_line' id='line_1_116' title="bbox 2110 5460 3691 5532; baseline -0.001 -17"><span class='ocrx_word' id='word_1_889' title='bbox 2110 5480 2248 5529; x_wconf 88' lang='grc' dir='ltr'>πων,</span> <span class='ocrx_word' id='word_1_890' title='bbox 2283 5463 2376 5515; x_wconf 83' lang='grc' dir='ltr'>καὶ</span> <span class='ocrx_word' id='word_1_891' title='bbox 2405 5463 2658 5526; x_wconf 89' lang='grc' dir='ltr'>ἀσεϐείας</span> <span class='ocrx_word' id='word_1_892' title='bbox 2679 5464 2780 5532; x_wconf 83' lang='grc' dir='ltr'>γῆς</span> <span class='ocrx_word' id='word_1_893' title='bbox 2818 5463 2911 5515; x_wconf 74' lang='grc' dir='ltr'><strong>καὶ</strong></span> <span class='ocrx_word' id='word_1_894' title='bbox 2950 5462 3156 5524; x_wconf 83' lang='grc' dir='ltr'>πόλεως</span> <span class='ocrx_word' id='word_1_895' title='bbox 3195 5463 3291 5514; x_wconf 74' lang='grc' dir='ltr'><strong>καὶ</strong></span> <span class='ocrx_word' id='word_1_896' title='bbox 3333 5462 3544 5514; x_wconf 82' lang='grc' dir='ltr'>πάντων</span> <span class='ocrx_word' id='word_1_897' title='bbox 3569 5460 3691 5514; x_wconf 83' lang='grc' dir='ltr'><strong>τῶν</strong></span> 
     </span>
    </p>
   </div>
   <div class='ocr_carea' id='block_1_117' title="bbox 2110 5551 3689 5625">
    <p class='ocr_par' dir='ltr' id='par_1_117' title="bbox 2110 5551 3689 5625">
     <span class='ocr_line' id='line_1_117' title="bbox 2110 5551 3689 5625; baseline -0.001 -19"><span class='ocrx_word' id='word_1_898' title='bbox 2110 5555 2504 5608; x_wconf 86' lang='grc' dir='ltr'>κατοικούντων</span> <span class='ocrx_word' id='word_1_899' title='bbox 2553 5557 2742 5625; x_wconf 84' lang='grc' dir='ltr'>αὑτήν.</span> <span class='ocrx_word' id='word_1_900' title='bbox 2790 5573 2809 5604; x_wconf 70' lang='grc' dir='ltr'><strong>ι</strong></span> <span class='ocrx_word' id='word_1_901' title='bbox 2852 5556 3059 5622; x_wconf 87' lang='grc' dir='ltr'>Ὂνπερ</span> <span class='ocrx_word' id='word_1_902' title='bbox 3109 5552 3219 5623; x_wconf 81' lang='grc' dir='ltr'><strong>γὰρ</strong></span> <span class='ocrx_word' id='word_1_903' title='bbox 3263 5553 3466 5622; x_wconf 86' lang='grc' dir='ltr'>τρόπον</span> <span class='ocrx_word' id='word_1_904' title='bbox 3515 5551 3689 5615; x_wconf 74' lang='grc' dir='ltr'>αὐτὸς</span> 
     </span>
    </p>
   </div>
   <div class='ocr_carea' id='block_1_118' title="bbox 2111 5640 3694 5716">
    <p class='ocr_par' dir='ltr' id='par_1_118' title="bbox 2111 5640 3694 5716">
     <span class='ocr_line' id='line_1_118' title="bbox 2111 5640 3694 5716; baseline -0.001 -21"><span class='ocrx_word' id='word_1_905' title='bbox 2111 5642 2278 5698; x_wconf 85' lang='grc' dir='ltr'>ἐπιὼν</span> <span class='ocrx_word' id='word_1_906' title='bbox 2307 5644 2519 5716; x_wconf 72' lang='grc' dir='ltr'>ἀφῄρου</span> <span class='ocrx_word' id='word_1_907' title='bbox 2547 5645 2614 5698; x_wconf 83' lang='grc' dir='ltr'>τὰ</span> <span class='ocrx_word' id='word_1_908' title='bbox 2642 5644 2864 5716; x_wconf 78' lang='grc' dir='ltr'>ἑτέρων,</span> <span class='ocrx_word' id='word_1_909' title='bbox 2890 5644 2981 5698; x_wconf 78' lang='grc' dir='ltr'><strong>τὸν</strong></span> <span class='ocrx_word' id='word_1_910' title='bbox 3008 5642 3172 5697; x_wconf 73' lang='grc' dir='ltr'>αὑτὸν</span> <span class='ocrx_word' id='word_1_911' title='bbox 3191 5641 3258 5714; x_wconf 77' lang='grc' dir='ltr'><strong>δὴ</strong></span> <span class='ocrx_word' id='word_1_912' title='bbox 3287 5640 3484 5712; x_wconf 81' lang='grc' dir='ltr'>τρόπον</span> <span class='ocrx_word' id='word_1_913' title='bbox 3513 5640 3694 5710; x_wconf 62' lang='grc' dir='ltr'>ἀφαυ-</span> 
     </span>
    </p>
   </div>
  </div>
