3844 6222
105 304 207 359 457

1092 304 1638 360 COMMENTARIUS
1676 306 1741 360 IN
1781 306 2124 363 llABACUCl
2157 307 2308 362 CAP.
2345 306 2406 363 Il.

3251 308 3363 365 458

109 420 397 489 ρεθήσεται
432 420 527 472 καὶ
566 421 634 473 τά
667 436 746 472 σοι
781 421 1047 490 προσόντα
1078 420 1225 489 παρά
1263 421 1369 471 τῶν
1398 421 1475 481 εἰς
1507 436 1679 488 τιμω-

1821 421 2026 473 usalem
2083 422 2322 486 scilicet,
2350 430 2402 475 et
2440 421 2701 489 quidquid
2758 420 2824 474 ad
2876 433 2996 475 eam
3034 420 3361 490 pertinebat.

112 512 233 581 ρίαν
294 512 392 582 σὴν
451 512 990 581 καταλελειμμένων
1052 512 1191 582 ὑπὲρ
1240 505 1313 565 ὧν
1371 509 1577 572 ἀνεῖλές
1624 526 1682 562 τε

108 604 398 663 πλείστους
432 603 538 656 τῶν
567 603 645 673 τῷ
676 602 793 671 Θεῷ
840 603 1241 673 προσηκόντων,
1273 602 1365 654 καὶ
1410 602 1685 669 ἠσέϐησας

110 695 189 755 εἷς
218 711 278 745 τε
302 693 402 763 τὴν
430 693 533 761 γῆν
560 693 657 763 τὴν
700 693 848 746 θείαν
880 695 973 746 καὶ
1002 694 1099 764 τὴν
1147 695 1319 757 πόλιν,
1353 696 1444 746 καὶ
1478 694 1686 755 πάντας

108 782 174 851 δὴ
225 784 352 845 τοὺς
395 783 675 846 οἰκοῦντας
705 784 893 853 αὐτὴν,
924 783 1071 851 λέγει
1111 783 1166 835 δὲ
1204 784 1328 854 περί
1362 801 1421 835 τε
1450 784 1549 853 τῆς
1589 785 1684 835 Ἰε-

118 873 403 943 ρουσαλὴμ
435 872 662 924 καὶτῶν
692 872 811 924 κατ’
846 871 1012 939 αὐτὴν
1053 872 1323 924 ἀπάντων.
1356 867 1468 924 Εἶθ’
1505 872 1579 933 ὡς
1622 870 1685 924 ἂν

116 962 466 1033 ἐπεμϐαίνων
497 962 642 1033 αὐτῷ
668 963 890 1026 δικαίως
933 962 1221 1014 πεπονθότι
1266 963 1507 1026 τοιαῦτα,
1540 961 1688 1029 λέγει

116 1052 218 1113 τὰς
248 1054 590 1122 παρανομίας
622 1051 762 1121 ὑπὲρ
791 1044 865 1105 ὧν
896 1050 993 1119 τὴν
1027 1050 1279 1120 τοιαύτην
1324 1050 1566 1105 δέδεκται
1606 1068 1687 1102 τι·

123 1142 336 1211 μωρίαν
355 1157 368 1169 ·
396 1160 415 1191 ‹
432 1142 492 1193 Ὢ
517 1143 544 1193 ὁ
572 1140 909 1193 πλεονεκτῶν
932 1140 1240 1204 πλεονεξίαν
1268 1140 1439 1211 κακὴν
1459 1140 1535 1210 τῷ
1558 1141 1691 1211 οἴκῳ

119 1232 308 1295 αὐτοῦ,
342 1233 421 1303 (p.
450 1231 576 1302 367)
618 1230 777 1296 τάξαι
810 1233 889 1295 εἰς
931 1231 1062 1300 ὕψος
1105 1232 1322 1286 νοσσιὰν
1366 1232 1552 1294 αὑτοῦ,
1596 1231 1691 1284 τοῦ

118 1321 498 1391 ἑκσπασθῆναι
529 1324 593 1375 ὲκ
624 1322 803 1392 χειρὸς
832 1323 1017 1377 κακῶν
1042 1324 1053 1374 !
1090 1322 1393 1375 ἐϐουλεύσω
1432 1322 1693 1392 αἰσχύνην

120 1412 201 1482 τῷ
231 1415 365 1484 οῖκῳ
400 1431 493 1466 σου
522 1454 536 1477 ,
579 1417 953 1486 συνεπέρανας
984 1416 1143 1478 λαοὺς
1174 1416 1427 1480 πολλοὺς,
1476 1418 1568 1469 καὶ
1610 1418 1695 1483 ἐξ-

122 1504 371 1573 ήμαρτεν
394 1506 427 1574 ή
457 1503 600 1575 ψυχή
632 1522 749 1557 σου.
772 1523 791 1555 ι
823 1506 990 1568 Αὐτὸς
1012 1500 1174 1575 ἦσθα,
1210 1508 1392 1575 φησὶν,
1418 1508 1445 1559 ὁ
1474 1508 1697 1578 ἀμέτρῳ

123 1594 465 1663 κεχρημένος
489 1597 555 1665 τῇ
590 1594 871 1664 πλεονεξία
903 1596 992 1647 ἐπὶ
1023 1594 1100 1665 τῷ
1124 1596 1214 1647 τὸν
1244 1596 1473 1649 πλοῦτον
1516 1597 1696 1662 αὔξειν

123 1683 217 1735 τὸν
240 1684 438 1736 οίκείον
473 1684 537 1737 ἐκ
567 1683 674 1735 τῶν
716 1684 1006 1755 ἀλλοτρίων
1033 1685 1238 1749 κακῶν,
1274 1686 1483 1756 ὑψηλήν
1510 1704 1567 1740 τε
1600 1688 1699 1755 τῆς

1797 510 2059 566 Posthine
2088 513 2245 581 quasi
2279 514 2328 568 ei
2354 513 2501 582 juste
2548 514 2819 569 insultans
2850 514 2979 566 talia
3010 528 3194 582 passo,
3245 529 3365 568 see--

1797 603 1905 655 lera
1933 603 2146 666 recitat,
2176 618 2408 671 quorum
2443 618 2607 656 causa
2653 618 2869 673 pmnam
2900 603 3214 671 hujusmodi
3244 605 3362 655 luit.

1798 715 1815 745 ι
1858 693 1901 747 Ο
1944 695 2035 762 qui
2076 695 2300 762 ampliat
2346 694 2625 747 avaritiam
2673 694 2867 747 malam
2909 693 3094 747 domui
3141 710 3273 759 suae,
3310 702 3365 746 ut

1798 792 1962 852 ponat
1991 783 2043 835 in
2076 783 2293 837 excelso
2321 783 2509 835 nidum
2542 798 2722 844 suum,
2754 792 2815 835 ut
2843 790 3069 837 eruatur
3096 782 3161 836 de
3200 798 3365 835 manu

1798 876 2063 927 malorum
2094 875 2105 925 ἒ
2137 873 2401 943 Cogitasti
2433 872 2812 928 confusionem
2864 874 3049 927 domui
3082 881 3206 939 tute,
3232 888 3365 927 con-

1800 962 2085 1031 sumpsisti
2120 963 2348 1030 populos
2379 962 2600 1026 multos,
2624 970 2677 1015 et
2711 962 2955 1031 peccavit
2985 962 3167 1015 anima
3194 970 3305 1015 tua.
3340 982 3358 1013 ι

1799 1052 1900 1115 Τυ,
1945 1053 2138 1122 inquit,
2166 1053 2453 1107 immodica
2495 1053 2726 1107 habendi
2763 1054 3061 1122 cupiditate
3096 1055 3363 1124 percitus,

1798 1144 1869 1197 ob
1922 1158 2053 1213 opes
2105 1154 2227 1198 tuas
2276 1160 2340 1198 ex
2376 1144 2567 1198 alienis
2618 1143 2832 1198 damnis
2868 1145 3163 1213 augendas,
3190 1147 3363 1199 subli-

1745 1300 1753 1305 ,
1800 1251 2052 1305 memque
2086 1236 2235 1305 regni
2266 1241 2342 1289 tui
2371 1234 2740 1290 conditionem
2773 1236 3153 1289 ostentandam
3186 1255 3199 1301 ;
3236 1237 3366 1289 dum

1801 1327 1914 1381 ιιωο
1950 1341 2161 1397 ageres,
2201 1327 2341 1380 haud
2377 1336 2553 1379 tamen
2606 1326 2832 1395 potuisti
2884 1326 3196 1380 discernere
3232 1343 3364 1396 quo-

1802 1420 1963 1474 modo
1990 1420 2436 1488 imponendorum
2467 1418 2564 1472 tibi
2600 1418 2865 1471 malorum
2889 1418 3102 1485 pondus
3128 1418 3365 1473 vitares:

1803 1511 1895 1565 sed
1925 1510 2125 1565 multos
2165 1509 2378 1563 interim
2429 1509 2647 1571 laedens,
2678 1515 2841 1577 atque
2880 1509 2932 1561 in
2958 1523 3148 1564 omnes
3180 1524 3372 1564 secure

1804 1616 2075 1670 peccans;
2115 1599 2260 1653 haud
2314 1599 2555 1662 divitias,
2586 1607 2644 1651 ut
2674 1598 2958 1662 credebas,
2984 1599 3078 1654 sed
3140 1600 3374 1669 ignomi-

1805 1693 1974 1754 niam,
2016 1697 2072 1743 ut
2112 1704 2301 1758 reapse
2330 1691 2506 1745 exitus
2537 1690 2797 1755 ostendit,
2830 1690 3013 1745 domui
3052 1699 3157 1745 tua:
3195 1692 3375 1745 conci-

123 1773 333 1836 οἰκείας
393 1773 665 1843 βασιλείας
729 1774 1007 1840 ἀποδεῖξαι
1066 1776 1163 1845 τήν
1222 1775 1480 1829 σύστασιν
1507 1792 1519 1806 ·
1581 1768 1697 1829 εἶτα

1818 1781 1983 1846 iasti;
2012 1795 2137 1833 nam
2168 1782 2237 1834 ob
2278 1781 2391 1835 haec
2431 1782 2614 1834 omnia
2662 1796 2782 1850 quae
2817 1780 3011 1835 fecisse
3058 1791 3109 1835 te
3140 1789 3374 1844 constat,

124 1863 299 1917 ταῦτα
336 1864 434 1934 μὲν
474 1865 695 1928 ἐποίεις,
725 1866 873 1927 ὅπως
916 1865 960 1918 δ’
1007 1866 1072 1920 ἂν
1101 1866 1419 1937 δυνηθείσης
1446 1866 1559 1921 τῶν
1598 1870 1695 1921 ὲπ-

1806 1871 1948 1924 hane
1980 1884 2196 1939 poenam
2232 1871 2562 1939 persolvisti.

127 1955 413 2024 αγομένων
442 1974 523 2009 σοι
552 1957 735 2009 κακῶν
778 1957 1094 2028 ἀπαλλαγὴν
1127 1959 1387 2031 εὕρασθαί
1413 1980 1554 2022 τινα,
1580 1965 1807 2018 συνιδεῖν
1833 1966 1892 2017 ού
1920 1963 2202 2034 δεδύνησαι
2226 1981 2238 1993 ·
2272 1965 2405 2017 ἀλλά
2434 1965 2539 2037 γὰρ
2565 1966 2785 2028 πολλοὺς
2814 1967 3013 2019 ἀδικῶν
3046 1966 3376 2037 παρανομῶν

124 2067 187 2103 τε
213 2052 292 2113 εἰς
322 2049 565 2113 ἅπαντας
606 2048 793 2113 ἀδεῶς,
840 2052 901 2103 ού
936 2050 1185 2114 πλοῦτον,
1232 2052 1305 2116 ὡς
1345 2052 1473 2123 ᾤου,
1515 2056 1774 2127 αἰσχύνην
1816 2056 1893 2120 δὲ,
1923 2057 1997 2119 ὡς
2045 2058 2077 2123 ή
2110 2055 2330 2119 ἔκϐασις
2373 2056 2658 2125 δεδήλωκε,
2690 2056 2764 2127 τῷ
2790 2056 2921 2128 οίκῳ
2960 2061 3264 2129 συνήγαγες
3298 2060 3376 2129 τῷ

130 2142 332 2196 σαυτοῦ
352 2158 367 2171 ·
390 2141 531 2212 ὑπὲρ
559 2142 667 2213 γὰρ
686 2143 939 2197 ἀπάντων
974 2137 1047 2197 ὧν
1070 2145 1542 2217 διαπεπραγμένος
1581 2144 1747 2218 ὦψαι,
1775 2151 1871 2222 τὴν
1908 2150 2174 2222 τιμωρίαν
2204 2150 2437 2214 δέδωκας
2467 2151 2685 2221 ταύτην.

202 2237 350 2306 Στίχ.
389 2244 476 2291 ια’.
513 2267 583 2276 -
633 2256 651 2288 t
708 2238 851 2291 Διότι
896 2238 1040 2302 λίθος
1084 2241 1148 2292 ἐκ
1198 2242 1375 2310 τοίχου
1429 2242 1704 2312 βοήσεται,

132 2329 229 2379 καὶ
260 2328 527 2397 κάνθαρος
562 2330 625 2380 ὲκ
656 2328 809 2392 ξύλου
842 2328 1129 2397 φθέγξεται
1158 2331 1315 2383 αὐτὰ.
1356 2350 1374 2382 ι
1408 2332 1705 2404 Τοιγαροῦν

133 2422 197 2471 ἐκ
230 2418 323 2472 τοῦ
358 2419 620 2486 μεγέθους
658 2419 764 2472 τῶν
794 2421 995 2483 κακῶν,
1044 2422 1137 2473 καὶ
1177 2422 1367 2474 ἐκτῶν
1405 2424 1705 2492 οἰκοδομῶν

131 2508 199 2571 ἃς
234 2510 419 2571 κακῶς
454 2511 744 2581 ἀνήγειρας
792 2512 1209 2581 ἀναπέμπονται
1246 2514 1487 2584 ὡσπερεὶ
1532 2516 1705 2582 φωναί

130 2619 279 2663 τινες
327 2603 726 2671 κατηγοροῦσαί
759 2620 853 2655 σου
896 2603 994 2673 τὴν
1036 2605 1366 2670 πλεονεξίαν,
1395 2607 1503 2659 τῶν
1529 2626 1587 2659 τε
1618 2608 1701 2659 λί-

135 2692 246 2744 θων
278 2694 557 2761 μονονουχὶ
589 2692 771 2762 φωνὴν
801 2694 1069 2761 ἀφιέντων
1112 2695 1252 2748 κατά
1288 2694 1379 2747 σοῦ
1425 2697 1703 2767 τοιαύτην,

136 2782 370 2834 καὶτῶν
410 2782 700 2851 σκωλήκων
740 2783 794 2835 δὲ
834 2784 929 2836 σὺν
958 2785 1139 2847 αὐτοῖς
1170 2785 1398 2848 ὁπόσους
1425 2788 1481 2839 ὲν
1515 2787 1706 2857 μέσαις

136 2877 259 2934 ταῖς
286 2874 394 2925 τῶν
427 2874 586 2926 λίθων
612 2891 670 2926 τε
702 2876 793 2926 καὶ
823 2875 1055 2927 πλίνθων
1082 2878 1347 2945 ἁρμογαῖς
1372 2879 1707 2947 ὲμφωλεύειν

137 2964 280 3027 ἔθος,
304 2964 337 3033 ἦ
364 2965 456 3017 καὶ
490 2967 545 3016 ὲν
582 2967 764 3035 μέσοις
787 2966 1045 3029 πολλάκις
1077 2968 1422 3036 εὑρίσκεσθαι
1467 2973 1577 3032 τοῖς
1620 2970 1709 3035 ξύ-

139 3054 252 3117 λοις
276 3074 290 3087 ·
325 3056 589 3125 κάνθαρον
626 3058 732 3125 γὰρ
774 3057 1003 3110 ἐνταῦθα
1048 3058 1193 3126 λέγει
1232 3058 1300 3111 τά
1344 3060 1399 3112 ἕν
1431 3077 1489 3112 τε
1532 3061 1708 3124 ξύλοις

141 3145 527 3213 εὑρισκόμενα,
581 3145 655 3213 (p.
703 3145 829 3213 568)
872 3146 929 3197 ἐν
972 3164 1029 3197 τε
1066 3149 1265 3217 τοίχοις
1308 3150 1363 3201 ὲν
1414 3149 1561 3218 μέσῳ
1600 3150 1708 3202 τῶν

141 3235 381 3289 πλίνθων
418 3236 673 3297 εἰωθότας
704 3236 1057 3305 ὲμφωλεύειν,
1088 3238 1161 3301 ὡς
1189 3239 1251 3292 ἄν
1278 3257 1359 3301 τις
1393 3240 1535 3293 εἴποι
1569 3240 1709 3303 ζωΰ-

144 3327 245 3396 φιά
274 3344 337 3379 τε
372 3328 463 3380 καὶ
494 3325 776 3394 σκώληκας
801 3328 974 3390 οὕτως
1005 3330 1312 3398 ὀνομάζων,
1362 3331 1436 3393 ὠς
1478 3331 1543 3384 ἂν
1563 3334 1714 3401 κοινῇ

140 3418 322 3490 ταύτῃ
367 3420 705 3489 προσηγορία
743 3418 1087 3489 καλουμένων
1122 3422 1377 3473 ἁπάντων
1408 3421 1517 3474 τῶν
1543 3421 1717 3473 τοιού-

138 3526 278 3562 των.
313 3510 467 3561 Ἐστι
499 3510 555 3563 δέ
584 3526 701 3561 τινα
734 3511 791 3561 ὲν
822 3514 931 3572 τοῖς
967 3514 1283 3577 καταγαίοις
1317 3512 1543 3564 εἰωθότα
1579 3512 1715 3580 μᾶλ-

140 3603 236 3653 λον
286 3602 344 3651 ev
392 3601 539 3670 μέσῳ
574 3602 668 3670 τῆς
699 3602 900 3664 νοτίδος
928 3602 1274 3667 εὑρίσκεσθαι
1315 3602 1349 3655 ἀ
1392 3602 1717 3672 κανθαρίδας

145 3690 411 3745 καλοῦσι·
456 3692 598 3754 τινὲς
640 3692 698 3745 δὲ
726 3692 933 3759 ἔφασαν
977 3692 1067 3744 τὸν
1114 3693 1282 3763 Σύρον
1325 3693 1593 3745 πάσσαλον
1633 3693 1720 3744 λέ⁹

147 3802 268 3851 γειν
286 3796 304 3814 ⁸
329 3783 441 3837 ἀλλ’
462 3784 685 3851 ἀνόητον
715 3783 799 3853 εἴη
833 3784 898 3837 ἂν
923 3785 1157 3854 ἀφέντας
1182 3786 1281 3853 τῆς
1322 3784 1592 3854 Ἐὕραῖδος
1623 3784 1719 3854 τὴν

146 3874 337 3943 φωνὴν
386 3872 507 3927 καθ’
554 3875 620 3942 ἢν
656 3876 685 3926 ὁ
725 3876 1010 3946 προφήτης
1055 3875 1372 3943 ἐφθέγξατο,
1413 3876 1589 3945 ἥνπερ
1627 3871 1720 3927 οὖν

146 3967 286 4033 ἡμῖν
336 3964 423 4017 διὰ
462 3966 561 4034 τῆς
600 3965 807 4027 οἰκείας
861 3962 1154 4035 ἑρμηνείας
1188 3967 1332 4036 σαφῆ
1384 3966 1721 4035 κατέστησαν

148 4055 347 4125 ἄνδρες
381 4053 802 4124 Ἐὅδομήκοντα,
844 4053 1055 4123 δόκιμοί
1100 4072 1159 4106 τε
1205 4054 1299 4106 καὶ
1340 4053 1580 4124 ἀκριϐῶς
1625 4055 1722 4123 τῆς

152 4145 402 4214 γλώττης
441 4145 797 4213 ἐπιστήμονες
828 4144 1058 4213 ἐκείνης,
1102 4146 1259 4214 Σύρῳ
1301 4146 1588 4217 προσέχειν
1629 4162 1723 4216 με-

150 4235 513 4305 ταϐεϐληκότι
538 4235 635 4305 τὴν
683 4234 948 4303 Ἐϐραίων
972 4238 1050 4297 εἰς
1076 4236 1173 4305 τήν
1200 4235 1385 4305 Σύρων
1403 4253 1415 4267 ι
1455 4232 1575 4288 εἶτα
1599 4236 1725 4288 πολ-

153 4326 316 4387 λάκις
346 4325 396 4377 τὸ
417 4327 662 4393 πταῖσμα
683 4324 742 4377 τὸ
778 4327 995 4387 οἰκεῖον,
1024 4326 1185 4393 νόμον
1224 4325 1533 4395 βουληθέντι
1556 4326 1725 4380 θεῖναι

156 4414 364 4482 φωνῆς,
394 4414 451 4476 ὃς
480 4414 625 4466 δοκεῖ
660 4431 772 4483 μοι,
804 4414 878 4482 μὴ
909 4416 1087 4477 συνεὶς
1116 4416 1144 4466 ὅ
1178 4414 1228 4467 τί
1258 4432 1387 4468 ποτε
1426 4415 1592 4483 λέγει,
1636 4415 1727 4467 τὸν

1877 2245 2044 2299 Vens.
2076 2247 2160 2298 ll.
2194 2275 2261 2285 —
2306 2264 2324 2295 r
2363 2244 2501 2310 Quia
2537 2246 2676 2313 lapis
2726 2246 2791 2299 de
2844 2247 3049 2315 pariete
3098 2247 3375 2307 clamabit,

1803 2346 1853 2390 et
1896 2337 2204 2390 searabmus
2253 2335 2319 2389 de
2360 2336 2508 2405 ligno
2540 2335 2791 2404 loquetur
2820 2352 2903 2391 ea.
2945 2357 2963 2389 ›
3001 2338 3169 2407 Igitur
3216 2337 3372 2408 241

1802 2443 1864 2481 ex
1892 2428 2113 2481 cumulo
2144 2427 2429 2493 malorum,
2464 2442 2675 2481 necnon
2708 2445 2772 2481 ex
2801 2429 3047 2483 mdiﬁciis
3094 2445 3213 2499 qua:
3240 2444 3374 2483 con-

1805 2524 1890 2569 tra
1934 2515 2013 2571 l'as
2052 2516 2327 2580 struxisti,
2374 2530 2535 2572 voces
2587 2517 2753 2572 veluti
2788 2518 3032 2588 quaedam
3088 2518 3379 2571 mittuntur

1816 2620 1937 2674 qua:
1960 2615 2107 2658 tuam
2142 2604 2423 2658 avaritiam
2458 2614 2738 2669 accusant,
2765 2607 2912 2661 saxis
2938 2606 3068 2673 ipsis
3095 2621 3378 2676 propemo.

1804 2695 1932 2749 dum
1971 2697 2050 2751 sic
2083 2704 2271 2749 contra
2328 2705 2389 2751 te
2440 2697 2825 2760 clamantibus,
2886 2711 3099 2751 necnon
3149 2704 3203 2751 et
3252 2711 3378 2748 ver-

1806 2786 1985 2839 inibus
2012 2792 2278 2855 quotquot
2324 2784 2381 2837 in
2429 2785 2622 2839 mediis
2663 2784 2812 2839 saxis
2866 2784 3209 2853 laterumque
3248 2784 3378 2853 jun-

1805 2878 1970 2932 eturis
2004 2878 2212 2931 latitare
2241 2877 2449 2939 solent,
2473 2884 2528 2929 et
2557 2875 2697 2928 intra
2728 2875 2868 2944 ligna
2900 2890 3039 2944 smpe
3067 2876 3376 2943 comperiri.

1808 2968 2018 3022 Etenim
2070 2968 2403 3022 scarabaeum
2451 2966 2555 3019 hoc
2610 2967 2729 3019 loco
2780 2966 3012 3034 appellat
3058 2966 3379 3019 animaleula

1812 3074 1932 3127 quae
1976 3058 2027 3111 in
2078 3058 2235 3125 lignis
2265 3066 2576 3119 occurrunt,
2611 3064 2664 3110 et
2710 3056 2764 3109 in
2799 3056 2967 3110 muris
3002 3058 3142 3109 intra
3178 3055 3382 3125 lapides

1815 3148 2073 3202 lateresve
2102 3148 2363 3211 cubitant,
2390 3147 2565 3215 quasi,
2590 3147 2831 3214 inquam,
2856 3146 2958 3200 hoc
2987 3146 3204 3199 nomine
3236 3146 3382 3198 dicat

1818 3239 2141 3291 animalcula
2172 3240 2375 3307 quaevis
2426 3250 2479 3293 et
2524 3253 2757 3300 vermes,
2794 3252 2889 3291 ceu
2933 3239 2976 3291 si
3018 3237 3197 3290 omnia
3230 3252 3380 3291 coin-

1819 3331 1965 3383 muni
2002 3331 2101 3383 hac
2132 3330 2490 3399 appellatione
2531 3330 2855 3383 vocitentur.
2892 3330 3029 3383 Sunt
3055 3328 3216 3381 etiam
3252 3328 3383 3382 sub-

1821 3427 2061 3472 terranea
2095 3419 2335 3487 quaedam
2387 3419 2441 3471 in
2492 3417 2665 3471 media
2706 3415 2972 3486 praecipue
3019 3414 3265 3483 rubigine
3302 3416 3385 3467 in-

1818 3511 1989 3564 veniri
2049 3511 2226 3574 solita,
2284 3523 2418 3578 quas
2475 3506 2823 3561 cantharidas
2870 3512 3084 3559 vocant.
3126 3503 3383 3557 Nonnulli

1822 3618 1948 3655 vero
1980 3602 2231 3655 dixerunt
2288 3600 2429 3669 apud
2482 3598 2675 3669 Syrum
2729 3598 3075 3666 interpretem
3123 3596 3384 3665 paxillum

1821 3693 1943 3761 legi.
1999 3693 2159 3760 Atqui
2208 3694 2430 3747 stultum
2488 3699 2570 3745 est
2613 3690 2817 3744 omissa
2867 3686 3128 3742 llebraica
3178 3688 3381 3756 lingua,

1821 3798 1925 3851 qua
1958 3784 2215 3853 propheta
2249 3784 2462 3837 loeutus
2489 3791 2591 3846 est,
2628 3780 2786 3849 cujus
2819 3780 3138 3833 vocabulum
3170 3779 3387 3847 propria

1823 3873 2263 3943 interpretatione
2302 3873 2640 3943 septuaginta
2671 3874 2772 3926 viri
2826 3872 2981 3927 nobis
3018 3871 3385 3932 declararunt,

1824 3964 2031 4031 probati
2069 3964 2321 4016 nimirum
2355 3963 2429 4015 illi
2462 3972 2514 4015 et
2540 3960 2658 4029 ejus
2688 3960 2884 4030 linguae
2914 3965 3167 4013 accurate
3206 3957 3387 4026 periti,
3416 4032 3424 4039 ι

1826 4053 1963 4125 Syro
1992 4054 2267 4108 attendere
2307 4053 2399 4123 qui
2444 4051 2765 4106 Hebraieum
2810 4050 3074 4121 scriptum
3124 4050 3189 4103 ad
3222 4048 3391 4119 Syro-

1826 4158 1945 4196 rum
1973 4157 2275 4197 sermonem
2300 4141 2578 4197 transtulit
2603 4160 2613 4195 :
2642 4141 2732 4210 qui
2766 4156 2905 4209 saepe
2934 4154 3173 4195 errorem
3227 4152 3390 4194 suum

1826 4246 1926 4303 pro
1969 4232 2164 4303 linguae
2207 4232 2391 4301 regula
2441 4232 2555 4286 vult
2608 4230 2918 4293 obtrudere,
2951 4238 3212 4300 quantum
3257 4226 3390 4281 mihi

1827 4324 2062 4387 videtur,
2097 4324 2223 4392 quid
2255 4324 2395 4377 dicat
2440 4323 2657 4377 minime
2700 4322 3002 4390 intelligens
3034 4339 3046 4373 :
3080 4321 3261 4388 itaque
3294 4333 3391 4387 pro

1829 4415 2101 4468 scarabaro
2128 4414 2327 4482 passim
2360 4413 2413 4465 in
2448 4414 2617 4467 muris
2644 4412 2887 4465 cubitare
2921 4410 3099 4475 solito,
3132 4410 3391 4477 paxillum

156 4504 429 4574 κάνθαρον
464 4505 603 4557 πάνυ
632 4520 695 4571 γε
733 4504 963 4558 εἰωθότα
1009 4503 1341 4574 ὲμφωλεύειν
1372 4508 1480 4567 τοῖς
1527 4505 1710 4574 τοίχοις

1831 4506 2031 4575 posuit,
2068 4512 2126 4557 ut
2176 4504 2464 4572 quamdam
2514 4504 2782 4557 sermonis
2828 4500 3101 4569 sequelam
3158 4499 3394 4551 retinere

156 4596 217 4649 τὸ
250 4615 270 4647 ι
326 4594 595 4657 πάσσαλος
633 4614 650 4645 ι
686 4594 1001 4659 τεθεικέναι,
1048 4595 1135 4647 ἵνα
1163 4595 1291 4665 δοκῇ
1333 4612 1453 4647 τινα
1490 4596 1550 4647 τὸ
1576 4595 1727 4662 λεγό-

160 4703 328 4755 μενον
352 4684 669 4738 ἀκολουθίαν
709 4685 853 4754 ἔχειν
874 4701 887 4714 ’
945 4685 1119 4738 καίτοι
1150 4702 1211 4752 γε
1247 4686 1519 4738 πάσσαλον
1546 4685 1610 4737 ὲκ
1640 4684 1729 4748 ξύ-

157 4778 253 4829 λου
291 4774 621 4844 φθέγγεσθαι
650 4775 1010 4828 ἀνακόλουθον
1047 4778 1213 4843 ἄγαν.
1244 4776 1428 4844 ἐπειδὴ
1452 4776 1517 4828 ἐκ
1547 4777 1727 4845 τοίχου

162 4868 267 4936 μὲν
294 4865 638 4935 ἐνδεχόμενον
657 4906 672 4929 ,
707 4868 771 4917 ὲκ
798 4865 954 4929 ξύλου
989 4866 1045 4918 δὲ
1082 4866 1262 4917 οὐκέτι
1282 4882 1296 4897 ·
1330 4867 1390 4918 οὐ
1414 4866 1518 4936 γὰρ
1542 4866 1731 4937 ὥσπερ

160 4961 228 5010 ἐκ
282 4957 444 5010 λίθων
496 4957 799 5010 συντίθεται
858 4961 1053 5027 τοῖχος,
1107 4956 1280 5020 οὓτως
1330 4960 1394 5009 ὲκ
1441 4959 1730 5012 πασσάλων

163 5046 338 5109 ξύλον.

236 5136 383 5206 Στίχ.
418 5136 597 5206 ιβ’-ιε’.
626 5166 697 5176 -
724 5137 800 5189 υὺ
828 5135 1008 5205 μέντοι
1030 5150 1093 5201 γε
1120 5136 1400 5205 προφήτης
1426 5136 1611 5206 ἐπειδὴ
1641 5138 1733 5189 καὶ

162 5232 229 5281 ὲκ
264 5228 375 5280 τῶν
410 5228 603 5299 τοίχων
636 5227 747 5280 εἴτε
802 5229 911 5279 τῶν
968 5229 1217 5280 ὲνιόντων
1256 5228 1438 5290 αὐτοῖς
1483 5228 1586 5297 ἔφη
1632 5228 1729 5298 τὴν

162 5319 503 5388 κατηγορίαν
534 5319 779 5386 γίνεσθαι
822 5320 943 5372 κατ’
976 5318 1165 5381 αὑτοῦ,
1199 5318 1377 5381 καλῶς
1421 5320 1728 5389 ἐπήγαγενο

170 5428 188 5457 ι
228 5409 366 5463 Οὐαὶ
391 5410 421 5461 ὁ
446 5410 741 5478 οἰκοδομῶν
770 5410 924 5462 πόλιν
955 5413 1013 5463 ἐν
1040 5410 1256 5479 αἵμασι,
1303 5410 1395 5462 καὶ
1431 5408 1735 5479 έτοιμάζων

168 5501 327 5554 πόλιν
356 5503 413 5554 ὲν
438 5501 673 5563 ἀδικίαις
693 5518 707 5533 ο
739 5501 802 5553 οὐ
828 5502 1001 5557 ταῦτά
1027 5503 1142 5554 ἐστι
1182 5500 1333 5571 παρά
1369 5501 1575 5570 Κυρίου
1603 5518 1740 5554 παν-

1832 4593 2124 4647 videretur.
2156 4590 2319 4659 Atqui
2370 4590 2630 4659 paxillum
2678 4604 2741 4642 ex
2783 4588 2927 4657 ligno
2965 4587 3131 4656 loqui,
3169 4603 3274 4640 non
3310 4595 3393 4641 est

1832 4688 2255 4736 consentaneum
2294 4698 2307 4732 :
2344 4694 2467 4732 nam
2507 4679 2551 4731 si
2596 4693 2656 4729 ex
2709 4692 2863 4730 muro
2912 4684 3109 4745 potest,
3147 4692 3211 4729 ex
3248 4676 3394 4743 ligno

1830 4785 2170 4840 nequaquam
2207 4789 2219 4823 :
2257 4785 2364 4823 non
2398 4769 2543 4823 enim
2595 4767 2735 4822 sicut
2789 4783 2852 4820 ex
2892 4766 3160 4836 lapidibus
3206 4782 3396 4821 murus

1837 4861 2141 4929 coniicitur,
2174 4861 2247 4914 ita
2281 4875 2345 4914 ex
2381 4858 2593 4928 paxillis
2621 4857 2845 4927 lignum.

1910 5133 2073 5187 Vens.
2100 5130 2369 5184 12-15-
2389 5128 2529 5198 Ergo
2559 5127 2839 5197 propheta,
2861 5126 3293 5195 quandoquidem
3324 5141 3389 5181 ex

1839 5229 2009 5281 muris
2025 5235 2078 5280 et
2096 5240 2163 5279 ex
2177 5222 2505 5277 haerentibus
2521 5220 2627 5274 illic
2640 5219 2981 5274 animaleulis
2994 5220 3393 5274 accusationem

1842 5315 1955 5370 ﬁeri
1975 5320 2164 5367 contra
2180 5312 2529 5383 Babylonium
2550 5310 2707 5374 dixit,
2724 5311 2976 5379 praeclare
2997 5309 3201 5364 addidit
3224 5329 3235 5363 :
3268 5328 3285 5359 ι
3309 5307 3401 5363 Va:

1834 5407 1927 5475 qui
1956 5405 2186 5459 aediﬁcat
2222 5403 2493 5457 civitatem
2537 5402 2591 5455 in
2638 5404 3016 5471 sanguinibus,
3047 5409 3100 5455 et
3132 5407 3399 5469 pramarat

1836 5498 2022 5552 urbem
2062 5496 2118 5549 in
2172 5493 2577 5563 iniquitatibus!
2616 5492 2731 5547 Non
2775 5499 2902 5546 sunt
2942 5493 3054 5545 hare
3103 5504 3134 5542 a
3173 5489 3400 5541 Domino

166 5592 533 5663 τοκράτοροςι
582 5594 658 5663 (p.
704 5593 829 5661 ⁸569)
873 5594 967 5646 καὶ
1004 5593 1250 5657 ἐξέλιπον
1287 5592 1413 5645 λαὸν
1452 5592 1634 5646 ἰκανὸν
1683 5593 1710 5644 ἑ

1840 5587 2231 5655 omnipotente.
2264 5584 2330 5637 Et
2358 5583 2670 5638 defecerunt
2697 5583 2881 5652 populi
2909 5580 3061 5634 multi
3084 5581 3139 5632 in
3172 5578 3316 5643 igne,
3348 5587 3401 5629 et

171 5686 331 5756 πυρὶ,
368 5685 461 5737 καὶ
499 5684 624 5755 ἔθνη
666 5684 835 5738 πολλά
862 5684 1267 5761 ὠλιγοψύχητεν
1287 5726 1298 5747 ,
1332 5684 1411 5735 ὅτι
1443 5682 1745 5753 πλησθήσε-

1845 5686 2031 5750 gentes
2067 5676 2246 5731 multa:
2288 5675 2469 5730 animo
2514 5673 2889 5729 conciderunt.
2931 5671 3067 5736 Quia
3110 5667 3402 5737 replebitur
