3830 6216
430 232 537 288 459

1589 247 1936 304 THEODORI
1971 247 2451 309 MOPSUESTE'NI

3565 259 3669 318 ὃίο

435 361 600 414 εστι-α,
660 358 719 405 ut
766 363 1059 425 cognoscat
1107 357 1330 428 gloriam
1377 359 1587 416 Domini
1623 363 1819 432 :quasi
1869 376 1998 431 aqua

2109 381 2198 417 ται
2227 368 2258 436 ἡ
2279 368 2348 437 γῆ
2373 368 2466 421 τοῦ
2490 373 2688 437 γνῶναι
2719 372 2815 444 τὴν
2843 373 3000 438 δόξαν
3033 374 3258 446 Κυρίου,
3283 374 3354 438 ώς
3377 374 3512 447 ὕδωρ
3535 375 3664 427 πολὺ

437 442 602 496 multa
640 443 802 516 242
833 449 1082 517 operiens
1119 453 1308 505 maria.
1345 472 1362 503 ι
1396 454 1530 520 Quis
1577 463 1628 509 te
1657 470 1765 509 non
1814 452 2007 509 deﬂeat

437 532 603 587 urbes
640 536 878 592 cwdibus
905 547 957 592 et
983 539 1360 609 iniquitatibus
1392 545 1786 600 aediﬁcantem?
1823 543 2008 614 Neque

437 624 582 676 enim
638 629 817 683 cernis
867 646 1112 698 quamam
1162 635 1254 687 tibi
1315 636 1476 705 hujus
1508 640 1584 693 rei
1614 654 1780 701 causa
1830 653 1860 691 a
1899 637 2008 691 Deo

435 714 744 771 {urerentur
780 721 940 773 mala.
1007 721 1087 776 Tu
1138 725 1354 794 quidem
1409 731 1629 796 mullos,
1675 738 1806 800 quot
1848 744 2008 784 nemo
2047 804 2051 807 π

440 806 708 872 reeitabit,
737 812 892 877 quasi
938 812 1061 882 igne
1098 815 1420 874 crudelitate
1454 829 1542 874 tua
1573 821 1954 891 consumpsisti
1992 840 2002 873 :

442 897 643 950 multos
687 899 753 953 ad
797 903 916 957 vita:
949 906 1150 958 exitum
1206 906 1562 967 intolerandis
1619 906 1878 968 arumnis
1914 912 2007 965 de-

441 986 638 1041 duxisti
687 1006 700 1042 :
747 995 1096 1060 quamobrem
1145 1014 1288 1053 tiunc
1334 1000 1447 1055 haec
1505 1003 1789 1057 sustines:
1826 1010 1884 1056 ut
1935 1002 2006 1054 ita

441 1092 630 1132 omnes
666 1095 758 1146 per
782 1085 966 1138 orbem
998 1093 1266 1142 terrarum
1294 1090 1538 1147 homines
1567 1101 1866 1162 agnoscant
1897 1109 2001 1146 ma-

439 1181 600 1234 gnam
658 1167 750 1224 Dei
808 1175 1200 1242 providentiam
1254 1181 1383 1234 talia
1411 1195 1758 1251 operantem,
1803 1183 2008 1252 tibiqm:

441 1257 511 1310 ob
540 1255 779 1314 facinora
813 1272 1016 1319 tantam
1057 1283 1270 1338 pinnam
1309 1273 1624 1342 imponenti,
1661 1284 2006 1346 peccatorum

440 1354 658 1403 tuorum
694 1355 1020 1410 multitudini
1051 1361 1480 1418 convenientem.
1522 1363 1843 1436 Rursusque
1882 1382 2004 1422 cum

438 1441 895 1504 exprobratione:
924 1463 941 1494 ι
970 1445 1015 1502 0
1064 1451 1155 1520 qui
1201 1455 1472 1523 propinat,
1510 1456 1708 1526 inquit,
1760 1457 2008 1526 proximo

440 1545 542 1583 suo
566 1533 972 1592 subrersionem
1005 1541 1296 1606 turbidam,
1326 1554 1380 1598 et
1409 1545 1640 1601 inebriat
1672 1554 1730 1601 ut
1758 1547 2009 1616 inspiciat

414 1616 496 1671 -iu
550 1621 838 1688 mluncas
887 1630 1107 1682 eorum!
1150 1649 1167 1680 ι
1206 1630 1322 1685 Dixi
1364 1633 1476 1703 jam
1529 1651 1700 1706 serpe.
1738 1636 1917 1689 vinum
1957 1645 2009 1690 ct

441 1711 614 1778 ipsam
664 1715 991 1782 polatiunem
1043 1735 1139 1789 pro
1176 1725 1432 1780 aerumnis
1482 1725 1610 1781 dici.
1647 1725 1729 1781 Tu
1763 1743 1893 1796 ergo
1925 1744 2004 1791 es,

439 1805 530 1871 qui
563 1806 830 1862 universis
860 1809 1168 1866 hominibus
1197 1815 1469 1870 turbidum
1507 1824 1692 1887 potum
1726 1820 2006 1888 propinas,

441 1895 709 1952 inebriare
742 1914 806 1953 ac
838 1902 1151 1960 subvertere
1183 1916 1433 1975 putantes
1459 1912 1681 1965 omnino
1717 1912 2006 1976 valentem,

439 1986 494 2038 id
518 1991 1025 2055 esl,gravissimum
1053 1999 1378 2066 supplicium
1418 2003 1630 2057 cunctis
1665 2001 1852 2056 infers.
1883 2003 2007 2056 llaec

437 2077 694 2142 faciebas,
727 2083 920 2152 inquit,
951 2086 1078 2140 dum
1118 2089 1293 2144 aliena
1326 2097 1758 2163 concupisceres,
1787 2097 1848 2150 et'
1873 2098 2004 2150 alie-

436 2185 536 2223 nos
561 2171 843 2230 thesauros
889 2181 1228 2246 scrutareris,
1289 2191 1346 2236 ut
1391 2184 1444 2238 iu
1498 2203 1608 2240 rem
1657 2195 1801 2240 tuam
1851 2204 2007 2243 sevo-

435 2269 591 2312 ('al‘CS
610 2295 625 2310 .

503 2544 668 2600 Vens.
703 2547 878 2602 lli-l8.
906 2580 961 2588 —
1002 2569 1020 2600 ι
1061 2551 1409 2608 Saturitatem
1448 2557 1754 2626 ignominiaa
1792 2559 1859 2612 de
1889 2561 2004 2630 glo-

432 2635 516 2689 ria
550 2636 672 2690 bibe
722 2649 775 2690 et
831 2649 888 2692 tu
923 2658 936 2693 :
969 2657 1064 2694 cor
1108 2657 1476 2701 cormuovetor
1520 2657 1572 2702 et
1624 2653 1947 2706 conculitor.
1981 2671 1999 2702 ›

431 2723 563 2790 Qua:
588 2726 752 2795 igitur
774 2729 894 2783 aliis
926 2729 1119 2793 fecisti,
1151 2733 1345 2803 dignus
1373 2737 1485 2804 ipse
1517 2741 1625 2807 pati
1659 2756 1756 2806 es;
1793 2749 1850 2794 ut
1881 2752 2007 2812 post

429 2830 644 2871 omnem
672 2819 816 2871 illam
847 2820 1072 2889 gloriam
1113 2823 1406 2891 ignominia
1445 2828 1693 2891 obrutus,
1724 2839 1922 2885 nutans
1953 2840 2006 2884 et

430 2909 744 2972 concidens,
797 2913 952 2979 quasi
1006 2914 1226 2982 crapula
1271 2915 1526 2982 quadam,
1565 2933 1592 2969 a
1635 2921 2003 2988 magnitudine

2111 459 2486 528 κατακαλύψαι
2513 462 2813 526 θαλάσσας.
2862 484 2881 516 ι
2921 467 3035 518 Οὐκ
3073 467 3136 520 ἄν
3170 483 3228 518 σε
3257 465 3571 535 θρηνήσειεν
3603 467 3664 516 ὲκ

2111 546 2284 614 φόνων
2313 549 2405 601 καὶ
2437 551 2660 605 ἀδικιῶν
2693 554 3164 617 κατασκευάζοντα
3201 554 3412 619 πόλεις;
3453 555 3526 608 Οὐ
3560 553 3665 622 γὰρ

2112 638 2385 710 συνεώρας
2445 642 2602 696 ἅτινα
2662 645 2802 716 ὑπὲρ
2861 645 3064 698 τούτων
3120 645 3536 716 ὲπενεχθήσεταί
3587 661 3667 696 σοι

2112 731 2263 801 παρά
2287 730 2381 784 τοῦ
2411 733 2544 788 Θεοῦ
2566 752 2578 763 ·
2608 735 2741 789 ἀλλά
2770 736 2996 800 πολλοὺς
3037 737 3134 806 μέν
3158 754 3309 800 τινας
3334 736 3425 788 καὶ
3464 735 3669 805 ἀμυθή-

2108 838 2234 885 τους
2257 821 2446 895 ὥσπερ
2480 827 2612 894 πυρὶ
2641 829 2706 896 τῇ
2741 825 2936 879 σαυτοῦ
2975 826 3358 888 καταναλώσας
3396 825 3666 894 ώμάτητι,

2109 911 2336 976 πολλοὺς
2360 914 2415 967 δὲ
2446 915 2580 987 πρὸς
2623 917 2754 970 αὐτὸ
2774 917 2834 968 τὸ
2870 916 3021 979 τέλος
3059 917 3262 986 ῆγαγες
3290 916 3383 968 τοῦ
3415 915 3528 985 βίου
3552 917 3668 976 ταῖς

2109 1003 2427 1071 ἀνηκέστοις
2457 1009 2759 1077 συμφοραῖς
2781 1022 2792 1034 ·
2825 1007 2963 1077 ὑπὲρ
2995 1001 3068 1061 ὧν
3106 1007 3170 1077 δὴ
3201 1006 3371 1060 ταῦτα
3404 1005 3499 1058 νῦν
3539 1007 3668 1056 ὑπο-

2113 1099 2312 1163 μενεῖς,
2368 1096 2507 1151 ὥστε
2559 1099 2804 1161 ἅπαντας
2848 1101 2973 1163 τοὺς
3027 1098 3168 1151 κατά
3211 1098 3315 1166 γῆν
3355 1096 3670 1168 ἀνθρώπους

2109 1187 2403 1252 ἐπιγνῶναι
2443 1189 2539 1259 τῆς
2576 1190 2724 1253 θείας
2748 1191 3054 1261 οἰκονομίας
3091 1191 3150 1244 τὸ
3183 1190 3408 1260 μέγεθος
3446 1188 3672 1243 τοιαῦτα

2109 1277 2482 1350 ἐργαζομένης
2502 1296 2514 1306 ·
2544 1280 2683 1333 οὕτω
2705 1282 2762 1334 τέ
2799 1299 2880 1334 σοι
2917 1281 2994 1351 τῷ
3020 1281 3250 1334 τοσαῦτα
3271 1280 3553 1351 δυνηθέντι
3581 1280 3671 1332 καὶ

2111 1371 2456 1440 πεποιηκότι,
2497 1372 2732 1445 φοϐερὰν
2776 1373 3033 1440 ἐπάγοντι
3075 1375 3172 1442 τὴν
3224 1373 3527 1444 τιμωρίαν,
3580 1371 3671 1425 καὶ

2110 1465 2424 1534 πρέπουσάν
2476 1483 2537 1534 γε
2593 1465 2670 1536 τῷ
2725 1467 2916 1538 πλήθει
2966 1467 3074 1520 τῶν
3129 1465 3529 1538 ἡμαρτημένων
3573 1464 3673 1516 ὑπὸ

2112 1559 2225 1614 σοῦ.
2262 1559 2365 1612 Καὶ
2392 1561 2551 1614 πάλιν
2588 1560 2949 1623 ὸνειδιστικῶς
2986 1560 3160 1628 λέγων
3180 1576 3196 1590 ο
3226 1577 3246 1610 ι
3278 1555 3349 1613 Ὦ
3376 1559 3406 1610 6
3438 1557 3670 1620 ποτίζων

2109 1651 2199 1703 τὸν
2242 1650 2467 1719 πλησίον
2523 1649 2685 1702 αὑτοῦ
2726 1651 3036 1721 ἀνατροπὴν
3085 1649 3330 1720 θολεράν,
3375 1648 3471 1702 καὶ
3509 1646 3672 1717 μεθύ-

2111 1759 2256 1795 σκων
2277 1743 2425 1804 ὅπως
2451 1739 2718 1809 ἐπιϐλέπῃ
2747 1740 2841 1792 ἐπὶ
2864 1741 2932 1793 τὰ
2960 1740 3195 1811 σπήλαια
3224 1737 3420 1793 αὐτῶν.
3459 1756 3479 1788 ι
3507 1732 3674 1788 Εἶπον

2109 1836 2366 1898 πολλάκις
2405 1836 2489 1888 ὅτι
2517 1837 2606 1888 τὸν
2635 1833 2776 1888 οἶνον
2819 1835 2913 1887 καὶ
2949 1834 3008 1886 τὸ
3054 1832 3224 1885 πίνειν
3261 1831 3424 1884 αὑτὸν
3460 1829 3553 1882 ἐπὶ
3577 1829 3672 1897 τῆς

2110 1929 2392 1998 συμφορᾶς
2428 1926 2594 1994 λέγει.
2641 1926 2712 1978 Σὺ
2753 1921 2866 1988 οὖν,
2893 1925 3076 1994 φησὶν.
3123 1919 3264 1992 ἦσθα
3318 1922 3347 1973 6
3386 1921 3551 1974 πᾶσιν
3589 1921 3675 1972 ἀν-

2109 2020 2347 2090 θρώποις
2378 2019 2528 2088 πόμα
2557 2017 2782 2078 Θολῶδες
2829 2015 3137 2085 προσάγων,
3171 2013 3461 2083 μεθύσκειν
3497 2029 3556 2064 τε
3583 2010 3672 2064 καὶ

2107 2111 2433 2182 ἀνατρέπειν
2482 2109 2575 2163 τὸν
2623 2108 2849 2161 πίνοντα
2892 2107 3187 2176 δυνάμενον
3232 2103 3545 2165 παντελῶςο
3588 2103 3669 2154 ἵνα

2107 2202 2258 2273 εἴπῃ,
2297 2200 2568 2270 τιμωρίαν
2613 2197 2921 2268 βαρυτάτην
2958 2196 3160 2250 ἅπασιν
3198 2197 3450 2261 ἐπάγωνο
3503 2191 3667 2246 ταῦτα

2106 2294 2182 2357 δὲ,
2209 2292 2393 2362 φησιν,
2422 2292 2624 2354 ἐποίεις
2649 2289 2759 2342 τῶν
2786 2288 3078 2358 ἀλλοτρίων
3114 2285 3414 2354 ἐπιθυμῶν,
3449 2285 3524 2353 (p.
3547 2285 3666 2351 370)

2108 2384 2345 2447 καὶτοὺς
2383 2382 2684 2452 θησαυροὺς
2725 2381 2850 2440 τοὺς
2883 2377 3197 2448 ἀλλοτρίους
3233 2374 3666 2446 ἀνερευνώμενος

2108 2476 2200 2528 καὶ
2230 2471 2429 2527 σαυτοῦ
2474 2474 2650 2524 ποιεῖν
2675 2469 2891 2522 ἐθέλων.

2178 2565 2322 2634 Στιχ,
2360 2569 2557 2632 ις’-ιη’,
2601 2591 2673 2602 -
2716 2581 2733 2611 ι
2785 2559 3106 2629 Πλησμονὴν
3153 2558 3374 2628 ἀτιμίας
3404 2558 3470 2610 ὲκ
3510 2555 3668 2624 δόξης

2107 2658 2195 2710 πίε
2226 2660 2318 2711 καὶ
2355 2655 2452 2709 σύ·
2487 2653 2684 2725 καρδία
2727 2653 3036 2722 σαλεύθητι,
3072 2651 3166 2704 καὶ
3213 2650 3478 2718 σείσθητι.
3534 2666 3552 2698 ι
3605 2647 3668 2697 ’Δ

2106 2751 2283 2803 τοίνυν
2332 2748 2636 2817 πεποίηκας
2677 2746 2904 2815 ἑτέροις,
2936 2745 3141 2804 δίκαιος
3185 2742 3249 2794 ἂν
3287 2740 3405 2809 εἴης
3448 2738 3662 2790 παθεῖν’

2107 2841 2171 2892 ἵν’
2192 2840 2251 2904 ἐξ
2275 2838 2493 2908 ἁπάσης
2523 2836 2739 2906 ἐκείνης
2767 2835 2865 2904 τῆς
2903 2834 3059 2902 δόξης
3099 2832 3323 2900 ἀτιμίας
3345 2827 3666 2900 πληρωθεὶς,

2104 2929 2550 2999 διασαλευόμενός
2578 2946 2638 2981 τε
2661 2930 2752 2980 καὶ
2778 2926 3134 2980 καταπίπτων
3171 2924 3245 2986 ὡς
3268 2921 3372 2974 ὑπό
3407 2937 3551 2982 τινος
3579 2919 3666 2987 μέ-

429 2997 725 3066 punitionis
763 3000 878 3056 lias.
925 3021 942 3053 ι
977 3003 1345 3059 Circumdedit
1375 3017 1424 3061 te
1451 3009 1586 3062 calix
1626 3009 1862 3066 dexterae
1893 3011 1997 3066 Do-

2104 3025 2202 3094 Θης
2235 3025 2300 3092 τῇ
2344 2997 2441 3092 τῆς
2481 3020 2747 3090 τιμωρίας
2788 3017 3062 3086 διαμένοις
3098 3014 3390 3084 ὑπερϐολῇ.
3445 3032 3463 3064 ι
3519 3010 3666 3063 Ἐκύο

429 3086 585 3151 mini,
612 3097 665 3143 et
689 3099 906 3158 aggesta
933 3099 1014 3146 est
1037 3092 1329 3161 ignominia
1358 3112 1522 3165 super
1543 3099 1770 3168 gloriam
1795 3109 1997 3154 tuam.»

427 3177 669 3232 Adduxit
711 3181 804 3235 tibi
852 3181 1076 3238 calicem
1117 3200 1273 3238 suum
1312 3185 1474 3247 Deus.
1509 3204 1606 3257 pro
1643 3205 1708 3243 eo
1759 3198 1817 3244 ut
1857 3191 2002 3245 dicat

427 3268 698 3324 decretam
727 3286 756 3325 a
795 3287 852 3326 se
885 3289 1120 3344 poenam,
1146 3285 1204 3328 ut
1231 3278 1401 3346 gloria
1443 3288 1531 3332 tua
1567 3283 1618 3333 iu
1651 3281 1999 3351 ignominiam

426 3358 712 3428 plurimam
755 3364 990 3433 undique
1038 3366 1092 3420 in
1142 3375 1194 3421 te
1240 3379 1551 3438 congestam
1595 3373 1848 3442 deinceps
1869 3390 2001 3429 con-

426 3457 686 3503 vertatur.
723 3469 740 3501 ι
782 3451 918 3518 Quia
951 3455 1201 3524 impietas
1229 3457 1416 3512 Libani
1451 3466 1657 3531 aperiet
1699 3455 1767 3525 te,
1813 3472 1867 3518 et
1902 3466 2000 3517 ini-

425 3539 568 3592 seria
597 3540 893 3597 bestiarum
947 3550 1169 3601 tcrrebit
1204 3561 1274 3611 te,
1317 3562 1535 3619 propter
1579 3555 1873 3624 sanguines
1902 3555 2000 3610 ho-

427 3630 651 3696 minum,
685 3641 739 3685 et
768 3634 1070 3704 iinpictates
1107 3650 1262 3695 terra:
1299 3651 1351 3695 et
1390 3645 1540 3699 urbis
1573 3646 1801 3715 ejusque
1845 3647 1998 3701 inco-

426 3721 618 3776 larum.
650 3742 669 3775 ›
700 3722 849 3780 Sicut
877 3729 1022 3782 enim
1045 3732 1309 3788 adversus
1339 3739 1592 3806 populum
1626 3740 1786 3807 impie
1817 3739 1994 3808 egisti,

425 3827 568 3866 nunc
591 3829 806 3884 pinnam
839 3818 973 3881 lues.
1005 3821 1250 3879 hostibus
1284 3824 1520 3881 ferarum
1559 3828 1662 3882 ritu
1699 3827 1858 3899 243
1899 3829 1994 3883 tibi

426 3903 820 3972 ingruentibus,
855 3919 1018 3980 atque
1057 3913 1111 3966 in
1142 3915 1359 3970 miseria
1397 3918 1565 3972 multa
1604 3920 1992 3983 constitueris;

424 4007 644 4064 propter
705 3997 950 4055 homines
977 4018 1008 4056 a
1053 4013 1105 4065 te
1134 4003 1520 4080 Hierosolymis
1561 4010 1897 4076 interfectos,
1943 4023 1998 4068 et

424 4084 548 4150 quia
584 4086 810 4143 sceleste
853 4099 1042 4145 contra
1088 4093 1176 4149 Dei
1229 4097 1500 4167 regionem
1542 4103 1836 4171 urbemque
1882 4106 1993 4174 egi-

403 4175 517 4238 ‘sti,
553 4176 754 4230 nemini
784 4193 1014 4248 parcens
1053 4183 1355 4241 incolarum
1395 4190 1535 4259 ejus.
1561 4191 1678 4247 Jam
1711 4209 1992 4266 postquam

425 4269 500 4323 illi
530 4279 751 4340 peccata
783 4273 1045 4331 adversus
1084 4282 1341 4349 populum
1389 4286 1752 4357 templumque
1800 4307 1993 4360 exproe

422 4363 618 4426 bravit,
644 4375 1043 4436 consequenter
1064 4369 1291 4426 subdit:
1331 4391 1350 4423 ι
1389 4373 1527 4439 Quid
1573 4379 1794 4446 prodest
1850 4358 1992 4435 scul-
2029 4358 2072 4412 θ

421 4452 570 4520 ptile,
597 4456 722 4523 quia
763 4457 1104 4524 sculpserunt
1149 4461 1314 4516 illud?
1363 4463 1629 4522 Fecerunt
1680 4471 1809 4524 illud
1858 4489 1992 4533 con-

419 4542 604 4603 ﬂati‘le,
635 4559 830 4599 vanum
863 4549 1236 4614 simulacrum,
1265 4557 1520 4623 quoniam
1571 4565 1795 4621 conlidit
1838 4568 1995 4625 ﬁctor

419 4633 474 4686 in
528 4633 781 4704 ﬁgmento
825 4653 947 4701 suo,
989 4648 1134 4694 muta
1185 4641 1362 4700 facere
1400 4648 1561 4704 idola.
1607 4673 1623 4703 ι
1658 4654 1737 4709 Tu
1771 4660 1989 4727 quidem

419 4739 604 4778 verum
645 4724 813 4781 Deum
856 4731 1201 4800 negligebas;
1248 4740 1513 4804 peccabas
1563 4759 1754 4802 secure
1791 4724 1990 4806 contra

418 4827 507 4868 res
540 4816 620 4868 vel
654 4815 900 4872 homines
942 4821 1009 4874 ad
1047 4837 1169 4876 eum
1198 4827 1564 4896 pertinentes;
1619 4837 1686 4890 ab
1728 4838 1887 4896 idolis
1938 4852 1991 4898 te

418 4904 663 4972 adjutum
712 4907 776 4960 iri
805 4910 1080 4976 putabas:
1122 4915 1267 4982 quod
1316 4918 1566 4977 humanze
1609 4941 1804 4984 manus
1849 4948 1989 4988 vano

419 4992 799 5049 simulamento
829 4995 1219 5066 formaveram,
1254 5015 1307 5058 tu
1343 5009 1570 5066 adorare
1599 5018 1876 5084 studebas,
1901 5023 1988 5091 ju-

415 5081 530 5134 γετί
561 5088 614 5135 te
659 5081 728 5135 ab
768 5083 930 5142 idolis
971 5093 1138 5147 mutis
1176 5105 1230 5150 et
1273 5097 1507 5156 humana
1543 5120 1706 5162 ulanu
1739 5081 1987 5172 formatis

415 5187 666 5240 sperans.

2105 3114 2308 3169 κλωσεν
2338 3113 2431 3164 ἐπὶ
2469 3111 2530 3163 σὲ
2557 3111 2814 3178 ποτήριον
2837 3108 3015 3170 δεξιᾶς
3045 3105 3270 3176 Κυρίου,
3307 3104 3400 3154 καὶ
3435 3099 3667 3170 συνήχθη

2103 3205 2295 3275 ἀτιμία
2335 3203 2424 3256 ἐπὶ
2455 3202 2551 3272 τὴν
2581 3199 2739 3263 δόξαν
2791 3215 2905 3251 σου.
2959 3216 2977 3248 δ
3038 3196 3313 3264 Ἐπήγαγε
3353 3195 3462 3263 γάρ
3504 3211 3580 3245 σοι
3611 3190 3668 3242 τὸ

2103 3296 2300 3347 οἰκεῖον
2329 3293 2585 3362 ποτήριον
2619 3292 2646 3342 6
2673 3289 2828 3353 θεὸς,
2855 3289 2940 3340 ἵνα
2961 3287 3092 3356 εἴπῃ
3123 3286 3221 3355 τὴν
3251 3287 3315 3336 ὲκ
3343 3285 3441 3353 τῆς
3470 3283 3667 3344 οἰκείας

2102 3386 2429 3454 ἀποφάσεως
2474 3383 2760 3453 τιμωρίαν,
2816 3383 2956 3435 ὥστε
3008 3396 3088 3431 σοι
3117 3378 3214 3449 τὴν
3254 3375 3408 3439 δόξαν
3449 3377 3530 3438 εἰς
3565 3391 3668 3427 ατι-

2105 3477 2232 3546 μίαν
2262 3476 2518 3545 πλείστην
2560 3471 2897 3542 πανταχόθεν
2930 3469 3324 3540 ἀθροιζομένην
3353 3469 3449 3521 ἐπὶ
3481 3467 3541 3519 σὲ
3585 3482 3669 3534 μεη

2101 3564 2464 3634 ταϐεϐλῆσθαι
2502 3562 2706 3615 λοιπόν.
2761 3580 2780 3612 ι
2837 3561 2981 3614 Διότι
3023 3559 3244 3613 ἀσέϐεια
3290 3557 3380 3610 τοῦ
3439 3557 3667 3610 Λιϐάνου

2103 3656 2331 3724 καλύψει
2368 3672 2448 3718 σε,
2481 3654 2573 3707 καὶ
2614 3651 2956 3722 ταλαιπωρία
2985 3650 3188 3720 θηρίων
3219 3651 3446 3718 πτοήσει
3486 3665 3563 3709 σε,
3602 3647 3664 3699 δι’

2101 3750 2306 3818 αἵματα
2353 3745 2679 3814 ἀνθρώπων,
2719 3744 2811 3796 καὶ
2847 3742 3100 3804 ἀσεϐείας
3141 3743 3242 3812 γῆς
3305 3742 3398 3794 καὶ
3458 3742 3664 3794 πάντων

2099 3840 2206 3892 τῶν
2256 3836 2650 3892 κατοικούντων
2692 3835 2882 3903 αὐτήν.
2939 3851 2958 3883 θ
3023 3833 3109 3894 Ὠς
3139 3832 3248 3902 γάρ
3291 3834 3370 3894 εἰς
3412 3832 3506 3886 τὸν
3543 3831 3664 3884 λαὸν

2099 3929 2398 4000 ἠσέϐησας,
2425 3926 2520 3980 νῦν
2557 3924 2748 3988 δώσεις
2782 3923 2937 3992 δίκην
2961 3923 3205 3986 δικαίως,
3237 3923 3424 3992 ὥσπερ
3462 3922 3564 3974 ὑπό
3597 3937 3665 3974 τι·

2099 4041 2203 4076 νων
2242 4021 2446 4092 θηρίων
2477 4018 2586 4072 τῶν
2615 4016 2878 4069 ἐπιόντων
2919 4031 3003 4066 σοι
3037 4014 3338 4084 πολεμίων·
3383 4017 3467 4076 είς
3507 4014 3662 4082 φόϐον

2098 4116 2190 4168 καὶ
2223 4109 2595 4179 ταλαιπωρίαν
2632 4107 2944 4178 καταστήσῃ
2985 4105 3183 4174 πολλήν
3205 4121 3218 4133 ·
3267 4105 3404 4175 ὑπὲρ
3427 4099 3503 4158 ὧν
3524 4105 3661 4157 ἀνεῖσ-

2096 4206 2184 4268 λές
2213 4221 2273 4256 τε
2304 4202 2608 4272 ἀνθρώπων
2635 4197 2777 4250 κατά
2816 4196 2912 4265 τὴν
2943 4197 3316 4267 Ἰερουσαλὴμ,
3336 4197 3431 4249 καὶ
3450 4195 3660 4265 ὴσέϐεις

2096 4297 2172 4359 εἴς
2207 4311 2266 4348 τε
2309 4294 2406 4364 τὴν
2435 4293 2538 4363 γῆν
2565 4294 2662 4363 τὴν
2689 4293 2838 4345 θείαν
2880 4291 2973 4346 καὶ
3008 4289 3105 4360 τὴν
3140 4288 3313 4352 πόλιν,
3363 4288 3488 4340 οὐδὲ
3536 4287 3658 4356 μίαν

2094 4387 2203 4438 τῶν
2248 4383 2538 4437 οἰκούντων
2577 4384 2746 4454 αὐτὴν
2788 4381 2952 4452 φειδὼ
2994 4379 3264 4432 ποιεῖσθαι
3315 4378 3654 4448 βουλόμενος.

2093 4477 2202 4530 Καὶ
2231 4474 2526 4544 ἐπειδήπερ
2561 4473 2706 4543 αύτῷ
2735 4474 2830 4542 τὴν
2869 4475 2946 4534 εἰς
2969 4471 3060 4523 τὸν
3091 4471 3216 4523 λαὸν
3253 4471 3344 4522 καὶ
3376 4469 3478 4540 τὴν
3511 4469 3660 4523 πόλιν

2092 4569 2183 4620 καὶ
2211 4568 2299 4620 τὸν
2339 4566 2463 4619 ναὸν
2487 4565 2760 4617 ὠνείδισεν
2787 4565 2844 4615 ἐν
2875 4563 3082 4624 τούτοις
3109 4560 3505 4631 πλημμέλειαν,
3531 4562 3655 4613 ἀκο-

2090 4659 2294 4721 λούθως
2325 4657 2521 4724 ἐπάγει
2544 4673 2555 4685 ·
2605 4675 2623 4708 ι
2671 4657 2734 4707 Τί
2777 4655 2977 4722 ὡφελεί
3021 4653 3275 4720 γλυπτὸν,
3307 4653 3390 4704 ὄτι
3423 4652 3654 4720 ἔγλυψαν

2091 4749 2219 4802 αὐτό
2243 4765 2257 4812 ;
2306 4748 2547 4801 ἔπλασαν
2575 4745 2706 4799 αὐτὸ
2733 4744 2988 4814 χώνευμα
3017 4742 3314 4811 φαντασίαν
3351 4742 3544 4810 ψευδῆ,
3576 4741 3653 4793 ὅτι

2090 4841 2344 4895 πέποιθεν
2373 4842 2402 4892 6
2429 4838 2638 4898 πλάσας
2668 4837 2761 4888 ἐπὶ
2788 4836 2848 4888 τὸ
2877 4836 3104 4906 πλάσμα
3127 4833 3290 4887 αὑτοῦ
3320 4833 3546 4902 ποιῆσαι
3577 4831 3652 4883 εί-

2085 4934 2228 4987 δωλα
2272 4930 2450 4998 κωφά.
2504 4947 2524 4980 ι
2583 4927 2741 4979 Ἀλλά
2785 4929 2892 4995 γὰρ
2921 4926 3145 4994 ἠμέλεις
3189 4925 3305 4994 μὲν,
3336 4925 3524 4994 φησιν,
3563 4921 3650 4974 τοῦ

2086 5026 2234 5084 ὄντος
2262 5019 2432 5073 Θεοῦ·
2467 5019 2544 5088 (p.
2579 5017 2704 5085 571)
2744 5019 2837 5070 καὶ
2864 5016 3227 5086 ὲπλημμέλεις
3259 5015 3426 5077 ἀδεῶς
3476 5017 3553 5075 εἰς
3588 5014 3651 5065 τὰ

2086 5114 2235 5184 αὐτῷ
2263 5131 2326 5182 γε
2353 5111 2697 5182 προσήκοντα
2717 5125 2730 5138 °
2777 5109 2878 5160 ὑπὸ
2905 5109 2960 5160 δὲ
2987 5107 3094 5160 τῶν
3121 5106 3353 5159 εἰδώλων
3377 5104 3648 5174 ώςρεληθή⁹

2092 5207 2275 5260 σεσθαι
2312 5201 2416 5273 (sou
2437 5219 2449 5232 ·
2471 5201 2499 5254 ὃ
2521 5204 2640 5263 ταῖς
2681 5199 3045 5269 ἀνθρωπίναις
3071 5199 3426 5268 είργασμένον
3463 5197 3652 5265 χερσὶν

415 5267 474 5371 ἐξ
493 5265 744 5371 aliaalii
773 5285 878 5322 τινι
907 5274 1175 5371 φαντασίᾳ
1205 5275 1521 5348 θεραπεύειν
1542 5286 1818 5357 ἔσπευδες,
1843 5295 2292 5371 ὠφεληθήσεσθαί
2323 5265 2374 5347 τι
2405 5293 2648 5362 οἰόμενος
2679 5265 2796 5344 ἀπὸ*
2817 5289 3049 5343 εἰδώλων
3087 5265 3317 5357 ἀιρώνων
3338 5288 3643 5358 ἀνθρωπεία

414 5354 758 5409 πλασθέντων
784 5359 927 5429 χειρί
933 5401 945 5413 .

483 5443 646 5502 Vens.
672 5448 847 5505 l9-20.
877 5483 944 5492 ——
966 5452 1156 5510 Postea
1184 5472 1549 5518 consentaneo
1581 5483 1828 5525 sermone
1856 5490 1979 5543 pro-

411 5538 654 5607 sequitur
710 5560 721 5595 :
777 5561 796 5593 ‹
849 5542 942 5599 Vae
982 5548 1072 5613 qui
1127 5548 1258 5603 dicit
1303 5552 1448 5622 ligno
1497 5576 1510 5610 :
1569 5538 1971 5631 lixpergiscere.

411 5643 570 5704 Surge
594 5648 606 5698 ;
633 5640 685 5686 et
714 5632 877 5704 lapidi
905 5656 916 5690 :
951 5637 1218 5696 Extollere
1251 5662 1261 5696 :
1297 5643 1428 5698 nihil
1463 5663 1586 5702 vero
1632 5651 1773 5704 aliud
1804 5670 1971 5728 quam

2156 5475 2299 5544 Στίχ.
2349 5473 2436 5538 ιθ¹,
2467 5481 2532 5530 κ’.
2593 5470 2723 5526 Εἶτα
2755 5473 3060 5535 ἀκολούθως
3123 5474 3348 5540 ἐπάγειο
3379 5490 3397 5520 ι
3436 5468 3570 5521 Οὐαὶ
3611 5469 3641 5518 6

2081 5564 2252 5631 λέγων
2288 5563 2364 5634 τῷ
2391 5563 2548 5634 ξύλῳ,
2577 5565 2867 5634 Ἔκνηψον,
2904 5564 3240 5634 ὲξεγέρθητι·
3273 5564 3362 5616 καὶ
3391 5561 3465 5630 τῷ
3488 5559 3634 5625 λίθῳ,

2083 5656 2384 5727 Ὕψώοητι·
2421 5658 2512 5710 καὶ
2562 5656 2690 5712 αὑτό
2739 5659 2849 5708 ἐστι
2885 5656 3148 5724 φαντασία
3171 5671 3183 5684 ο
3215 5653 3371 5707 τοῦτο
3406 5651 3462 5712 δέ
3493 5653 3637 5712 ἔστιν
