3844 6222
121 287 221 342 ιιι

1007 287 1558 346 COMMENTARIUS
1593 291 1658 345 IN
1701 290 2040 350 HABACUCI
2085 292 2506 348 OBATIONEM.

3283 294 3389 349 ΑΙίὶ

124 409 338 474 ἔλασμα
383 405 448 456 ἐκ
501 402 722 472 χρυσίου
781 403 874 455 καὶ
915 402 1197 474 ἀργυρίου.
1227 407 1321 460 καὶ
1357 409 1464 460 πᾶν
1494 407 1708 478 πνεῦμα

1826 409 2094 465 )hantasia
2118 418 2242 476 est;
2276 409 2328 464 id
2368 417 2450 464 est
2482 408 2598 463 auri
2627 409 3154 485 argentivelamina,
3186 411 3392 465 nullus-

123 497 222 546 οὐκ
255 496 402 546 ἐστιν
430 495 489 546 ἐν
515 493 663 564 αὐτῷ
682 511 696 526 ’
735 494 768 545 ό
796 493 852 546 δέ
899 494 1102 564 Κύριος
1144 497 1201 547 ἐν
1232 495 1342 566 ναῷ
1374 497 1515 567 ἁγίῳ
1544 497 1708 552 αὐτοῦ

124 585 460 639 εὐλαϐείσθω
488 587 596 640 ἀπὸ
634 587 925 656 προσώπου
957 587 1120 642 αὑτοῦ
1155 590 1303 641 πᾶσα
1335 591 1368 648 ἡ
1397 590 1492 658 γῆ.
1535 610 1554 641 ›
1589 589 1714 654 Πῶς

123 671 217 728 οὗν
249 677 346 727 οὐκ
374 675 732 738 ἐλεεινῶατος
759 677 876 747 εἴης
905 677 970 730 ἂν
1007 677 1081 740 ὡς
1116 678 1436 748 ἐγρηγορότι
1467 679 1544 749 τῷ
1573 679 1714 748 ξύλῳ

123 765 525 835 διαλεγόμενος,
549 767 641 819 καὶ
678 766 929 836 βοήθειαν
956 768 1032 829 ώς
1073 769 1134 832 ἐξ
1161 769 1366 839 ὑψηλοῦ
1411 768 1588 840 ζητῶν
1620 770 1712 824 τοῦ

124 857 366 921 εἰδώλου,
414 858 444 911 ὃ
491 859 751 927 φαντάζει
808 860 905 929 μὲν
945 861 1037 914 τὸν
1081 861 1290 932 ὁρῶντα
1329 863 1487 932 μόνον
1531 863 1606 924 ὠς
1656 863 1712 929 ἐξ

128 951 261 1018 ῦλης
310 952 810 1021 κατεσκευασμένον
865 954 1074 1022 τιμίας,
1122 953 1328 1025 ἔρημον
1369 955 1425 1007 δὲ
1477 955 1712 1023 ζωτικῆς

126 1043 312 1110 πάσης
342 1043 456 1096 ἐστὶ
499 1043 812 1112 δυνάμεωςς
855 1043 1032 1114 πολλῷ
1084 1045 1190 1114 γὰρ
1232 1041 1300 1116 ἦν
1348 1046 1568 1116 ἄμεινόν
1607 1065 1708 1108 σοι,

126 1130 334 1183 τούτων
393 1132 489 1199 μὲν
548 1134 905 1201 καταφρονεῖν
956 1135 1049 1186 καὶ
1086 1134 1289 1204 μηδένα
1340 1135 1496 1202 λόγον
1535 1135 1713 1187 αὐτῶν

123 1222 421 1284 ποιεῖσθαι,
465 1221 877 1290 ἀναλογίζεσθαι
939 1223 997 1276 δὲ
1042 1223 1136 1276 τοῦ
1183 1225 1314 1277 Θεοῦ
1357 1225 1419 1277 τὸ
1463 1227 1712 1295 μέγεθος,

127 1310 344 1379 ἔχοντος
399 1311 496 1380 μὲν
550 1312 777 1383 φοϐερὸν
828 1315 922 1366 καὶ
972 1315 1282 1386 ἀπόρρητον
1335 1315 1461 1369 ναὸν
1499 1317 1560 1369 τὸ
1605 1318 1714 1371 τῶν

125 1400 374 1471 οὐρανῶν
399 1403 730 1473 οἰκητήριον,
771 1403 1106 1474 κεκτημένου
1135 1405 1190 1457 δὲ
1217 1406 1341 1459 ναὸν
1370 1409 1462 1460 καὶ
1492 1410 1582 1462 ἐπὶ
1612 1411 1712 1479 γῆς

126 1490 214 1543 διὰ
241 1491 339 1560 τὴν
365 1492 474 1544 τῶν
504 1493 806 1564 ἀνθρώπων
831 1496 1018 1564 χρείαν
1038 1511 1050 1523 ·
1086 1497 1223 1565 πρὸς
1253 1497 1311 1549 ὃν
1342 1501 1403 1552 οὐ
1443 1502 1501 1553 σὲ
1534 1502 1710 1570 μόνον,

126 1579 267 1633 ἀλλὰ
295 1582 387 1633 καὶ
415 1582 618 1647 πάντας
649 1585 774 1647 τοὺς
802 1584 940 1638 κατὰ
967 1586 1070 1654 γῆν
1115 1587 1436 1659 ἀνθρώπους
1461 1593 1710 1662 ἀφορῶν-

125 1687 247 1734 τας,
287 1671 427 1740 μετὰ
461 1672 656 1724 πολλοῦ
707 1673 982 1743 προσῆκον
1029 1670 1099 1744 ἦν
1144 1676 1240 1728 τοῦ
1287 1675 1437 1740 δέους
1485 1680 1576 1732 καὶ
1614 1678 1712 1748 τὴν

1813 519 1919 574 que
1965 503 2019 556 in
2064 518 2130 557 eo
2168 503 2393 572 spiritus
2442 510 2543 557 est.
2587 500 2844 556 Dominus
2879 511 3060 555 autem
3101 501 3156 554 in
3189 507 3390 570 templo

1814 602 2006 649 sancto
2029 609 2131 648 suo
2160 611 2173 647 :
2203 605 2517 649 revereatur
2538 608 2566 644 a
2593 591 2728 646 facie
2747 592 2867 660 ejus
2887 592 3140 647 universa
3170 600 3336 646 terra.
3368 614 3384 641 ι

1813 685 2013 752 Quidni
2044 701 2173 756 ergo
2201 686 2542 741 miserrimus
2586 685 2682 747 sis,
2724 686 2816 754 qui
2858 685 3090 754 lapidem
3127 699 3225 740 ceu
3256 684 3391 752 vigi-

1813 779 2013 832 lantem
2054 779 2384 848 alloqueris;
2428 788 2479 832 et
2529 777 2811 841 auxilium,
2855 778 3008 846 quasi
3052 793 3117 830 ex
3157 778 3286 838 alto,
3320 777 3390 828 ab

1816 867 1960 922 idolo
1993 868 2278 937 exposcis.
2307 868 2450 933 quod
2486 866 2826 936 phantasiam
2860 867 3236 920 tantummodo
3267 881 3390 934 spe-

1814 958 1982 1011 ctanti
2019 957 2226 1024 objicit,
2278 972 2375 1011 ceu
2425 956 2661 1024 pretiosa
2713 956 2938 1009 materia
2982 963 3264 1018 constans,
3295 954 3388 1008 sed

1815 1056 1995 1101 tamen
2027 1050 2077 1101 vi
2112 1049 2258 1102 omni
2295 1047 2442 1100 vitali
2472 1047 2663 1100 caret?
2685 1044 2852 1098 Multo
2885 1046 2980 1098 tibi
3028 1045 3224 1098 melius
3252 1055 3388 1110 erat,

1817 1139 1928 1190 haec
1959 1146 2307 1192 contemnere
2335 1151 2400 1190 ac
2429 1135 2580 1189 flocci
2616 1134 2828 1200 facere;
2861 1147 2906 1189 et
2941 1137 3180 1204 cogitare
3211 1135 3390 1202 potius

1813 1229 1878 1282 de
1930 1229 2024 1283 Dei
2070 1229 2464 1298 magnitudine.
2497 1226 2588 1296 qui
2624 1226 2961 1280 tremendum
3023 1239 3392 1293 arcanumque

1815 1319 1976 1374 habet
2025 1321 2078 1372 in
2129 1323 2268 1371 melo
2330 1317 2718 1377 habitaculum,
2770 1326 2823 1369 et
2873 1315 2926 1368 in
2967 1316 3124 1369 terris
3176 1329 3392 1383 quaque

1813 1412 2069 1480 templum
2110 1410 2351 1480 possidet
2399 1409 2678 1462 hominum
2717 1407 2838 1463 uSui
2873 1406 3340 1460 accommodatum
3375 1423 3389 1464 ;

1813 1503 1878 1557 ad
1908 1519 2066 1573 quem
2111 1518 2218 1556 non
2267 1509 2317 1556 te
2376 1500 2574 1561 solum,
2621 1500 2715 1553 sed
2761 1509 2814 1552 et
2859 1513 3048 1552 omnes
3079 1512 3172 1566 per
3203 1496 3390 1550 orbem

1812 1595 2061 1649 homines
2100 1595 2372 1662 resp’cere
2407 1590 2574 1644 multa
2601 1605 2722 1642 cum
2761 1588 3064 1642 reverentia
3099 1594 3389 1656 oporteret,

1811 1687 2041 1754 ejusque
2099 1685 2416 1738 memoriam
2470 1690 2653 1734 mente
2704 1689 2909 1734 tenere.
2969 1679 3146 1747 Atque
3201 1677 3256 1730 in
3309 1676 3393 1730 his

127 1763 338 1815 ἔννοιαν
387 1764 530 1834 ἔχειν
581 1766 637 1818 ἐν
694 1766 904 1829 ἑαυτοῖς
947 1767 1046 1838 τὴν
1102 1769 1328 1820 ἐκείνου.
1377 1771 1461 1822 'Ev
1502 1772 1599 1840 μὲν
1647 1772 1711 1843 δὴ

1826 1777 2085 1832 :onclusit
2121 1775 2267 1828 illam
2313 1773 2380 1826 de
2426 1788 2530 1840 qua
2582 1785 2684 1826 nos
2731 1769 2994 1822 hactenus
3025 1768 3235 1837 egimus
3266 1781 3393 1836 pro-

126 1851 339 1916 τούτοις
393 1855 721 1924 συνεπέρανε
783 1855 893 1908 τῶν
954 1857 1363 1927 προειρημένων
1427 1860 1558 1929 ἡμῖν
1613 1862 1712 1930 τὴν

125 1944 466 2014 προφητείαν
499 1945 529 1996 ό
562 1946 827 2016 μακάριος
863 1947 1205 2018 Ἀμϐακοὺμ,
1240 1952 1316 2018 (p.
1357 1951 1482 2019 572)
1512 1951 1622 2004 τῶν
1655 1969 1711 2005 τε

126 2038 188 2088 ἐν
217 2033 296 2105 τῷ
351 2034 1076 2106 λαῷ·καταδυναστευόντων
1125 2043 1250 2104 τοὺς
1298 2041 1534 2110 πένητας
1585 2043 1716 2097 καθ-

127 2126 428 2196 αψάμενος,
470 2128 564 2181 καὶ
611 2130 710 2200 τὴν
759 2130 1210 2202 ὲπαχθησομένην
1253 2133 1437 2196 αὐτοῖς
1477 2133 1563 2186 διὰ
1617 2136 1715 2202 τῆς

128 2219 486 2274 Βαϐυλωνίων
509 2220 696 2290 ἐφόδου
727 2222 998 2293 τιμωρίαν
1039 2223 1230 2277 είπών.
1257 2225 1366 2276 Καὶ
1401 2227 1518 2295 μετ’
1543 2228 1716 2280 ἐκεῖνο

127 2312 228 2382 τὴν
274 2312 452 2366 αὐτῶν
501 2330 561 2366 τε
606 2313 714 2366 τῶν
777 2315 1132 2368 Βαϐυλωνίων
1181 2316 1417 2386 εἰρηκὼς
1472 2319 1562 2370 καὶ
1617 2319 1717 2390 τὴν

126 2403 389 2475 ὠμότητα
479 2405 607 2476 περί
635 2423 693 2457 τε
733 2406 862 2468 τοὺς
908 2407 1126 2470 λοιποὺς
1170 2409 1264 2462 καὶ
1302 2408 1400 2477 τὴν
1445 2409 1715 2479 Ἰερουσα-

125 2494 244 2566 λὴμ.
290 2498 588 2566 ἐχρήσαντο
632 2496 758 2560 τούς
803 2515 861 2551 τε
905 2499 1186 2562 οἰκοῦντας
1223 2501 1415 2570 αὐτὴν,
1463 2502 1612 2564 ὅπως
1657 2519 1717 2555 τε

126 2589 374 2642 κάκεῖνοι
401 2587 555 2650 δίκας
587 2589 686 2656 τῆς
717 2590 920 2652 οἰκείας
949 2589 1211 2646 δεδώκασι
1243 2594 1608 2664 παρανομίας.

515 2680 884 2732 ΠΡΟΣΕΥΧΗ
923 2683 1339 2736 ΑΜΒΑΚΟΥΜ.

198 2767 354 2839 Στίχ.
387 2768 455 2834 α’,
489 2770 550 2839 β’.
580 2804 640 2815 --
672 2773 875 2843 Τρέπει
907 2773 963 2825 δὲ
1009 2773 1100 2824 ἐπὶ
1134 2774 1442 2844 προσευχὴν
1474 2775 1720 2830 ἐντεῦθεν

125 2862 222 2916 τὸν
250 2861 429 2929 λόγον,
453 2863 510 2914 ἐν
548 2863 788 2933 σχήματι
819 2866 1129 2935 προσευχῆς
1167 2866 1234 2919 τὰ
1281 2867 1432 2938 παρὰ
1463 2867 1553 2920 τοῦ
1585 2867 1720 2921 Θεοῦ

126 2955 261 3026 περὶ
301 2954 393 3006 τὸν
437 2955 564 3008 λαὸν
613 2955 844 3025 ἐσόμενα
876 2957 1094 3027 μηνύων
1124 2959 1322 3025 ἀγαθά.
1364 2961 1626 3031 ’Δρχεται
1665 2960 1720 3012 δὲ

126 3047 336 3110 οὕτως·
377 3065 396 3097 ι
431 3047 620 3116 Κύριε,
656 3049 954 3117 είσακήκοα
989 3049 1088 3120 τὴν
1119 3051 1288 3120 ἀκοήν
1325 3068 1439 3116 σου,
1477 3051 1569 3104 καὶ
1599 3054 1722 3119 ἐφο-

127 3137 332 3206 ϐήθην.
367 3156 384 3188 ι
431 3136 622 3207 Ἀκοὴν
647 3136 794 3204 λέγει
837 3137 934 3206 τὴν
978 3138 1343 3209 ἐγγενομένην
1387 3139 1532 3209 αὐτῷ
1571 3140 1722 3209 παρὰ

125 3226 227 3301 τῷ
249 3225 386 3279 Θεοῦ
415 3227 754 3295 ἀποκάλυψιν
772 3244 786 3256 ·
811 3226 1000 3297 ὥσπερ
1029 3228 1123 3280 καὶ
1145 3231 1174 3281 ὁ
1197 3231 1463 3300 μακάριος
1498 3232 1722 3292 Ἡσαΐας

126 3318 216 3382 τδ,
255 3337 275 3369 ι
315 3318 410 3380 Τίς
441 3317 725 3370 ἐπίστευσε
765 3320 864 3388 τὴν
918 3318 1088 3390 ἀκοὴν
1122 3319 1310 3390 ἡμῶν;
1353 3338 1369 3370 ι
1411 3323 1506 3374 καὶ
1548 3325 1576 3375 ὁ
1622 3340 1724 3392 μα-

129 3409 329 3479 κάριος
358 3405 532 3460 Δαυῖδ.
569 3426 588 3458 ι
623 3408 803 3460 Κλινῶ
833 3409 930 3471 ηείς
977 3409 1294 3480 παραϐολὴν
1322 3415 1381 3464 τὸ
1406 3406 1500 3474 οὖς
1531 3430 1630 3482 μου
1653 3431 1665 3442 ·
1700 3432 1719 3464 ι

127 3496 323 3570 ὧνπερ
351 3496 449 3553 οὖν
487 3501 582 3554 καὶ
626 3503 684 3553 ἐν
727 3505 838 3564 τοῖς
876 3501 1166 3573 ἀνωτέροις
1201 3504 1546 3574 πεποιήμεθα
1591 3508 1725 3575 μνή-

137 3610 272 3664 μην.
315 3591 607 3645 Κάνταῦθα
653 3591 832 3644 τοίνυν
871 3592 1030 3646 τοῦτό
1077 3610 1260 3662 φησιν,
1293 3597 1374 3647 ὅτι
1425 3597 1727 3666 Δεξαμενὸς

139 3703 239 3738 σου
289 3685 392 3754 τὴν
442 3684 805 3753 ἀποκάλυψιν,
849 3685 916 3738 δι’
961 3679 1031 3757 ἦς
1067 3687 1389 3757 ἐγνώρισας,
1436 3688 1582 3750 ὅπως
1629 3689 1727 3757 μὲν

135 3775 434 3844 τιμωρήσῃ
461 3774 586 3835 τοὺς
616 3775 672 3826 ἐν
705 3771 784 3842 τῷ
812 3770 925 3842 λαῷ
954 3774 1402 3842 παρανομοῦντας
1427 3773 1515 3825 διὰ
1554 3773 1729 3826 Βαϐυ-

137 3865 370 3928 λωνίων,
399 3866 547 3927 ὅπως
570 3865 627 3917 δὲ
653 3864 814 3917 πάλιν
846 3867 956 3926 τοῖς
985 3863 1340 3927 Βαϐυλωνίοις
1364 3865 1626 3932 ἀνάλογον
1646 3859 1730 3927 οἷς

139 3954 683 4025 πεπλημμελήκεσαν
713 3952 932 4017 ἐπάξεις
970 3953 1067 4022 τὴν
1097 3955 1384 4023 τιμωρίαν,
1421 3953 1588 4021 φόϐου
1625 3955 1729 4016 πᾶς

140 4045 470 4120 ἐπληρώοην
497 4045 740 4108 εἰκότως.
774 4046 853 4114 (p.
879 4044 1003 4115 575)
1036 4062 1054 4096 ι
1085 4044 1276 4114 Κύριε,
1325 4045 1630 4114 κατενόησα
1661 4045 1730 4098 τὰ

145 4139 288 4210 ἔργα
331 4155 422 4191 σου
469 4139 566 4190 καὶ
609 4136 854 4207 ἐξέστην.
895 4156 914 4187 ι
956 4135 1434 4205 Ἀναλογισάμενος
1483 4136 1592 4206 γὰρ
1630 4137 1730 4192 ὅσα

147 4231 410 4293 ποικίλως
465 4229 770 4300 διαπράττῃ
820 4228 948 4298 περὶ
990 4227 1118 4290 τοὺς
1169 4227 1488 4296 ἀνθρώπους
1549 4225 1730 4292 ἀνεξι-

146 4323 322 4394 κακίᾳ
366 4339 427 4375 τε
480 4324 548 4391 τῇ
601 4320 794 4390 δεούσῃ
837 4317 1210 4388 κεχρημένος,
1253 4319 1350 4371 καὶ
1389 4318 1730 4389 ἀδιορθώτως

1816 1866 2051 1936 phetiam
2105 1864 2296 1918 beatus
2351 1861 2707 1926 Habacueus;
2773 1860 3046 1928 principes
3093 1855 3256 1911 simul
3299 1858 3394 1923 qui

1817 1970 2082 2024 pauperes
2143 1951 2520 2021 opprimebant
2580 1949 2911 2018 increpans,
2973 1944 3244 2012 simulque
3307 1941 3393 1994 in-

1817 2047 2091 2100 ferendam
2142 2045 2247 2096 illis
2297 2059 2326 2096 a
2369 2041 2678 2112 Babyloniis
2724 2053 2938 2108 pinnam
2981 2035 3143 2106 244
3179 2035 3392 2088 dicens.

1816 2138 2008 2188 Postea
2057 2133 2473 2202 Babyloniorum
2519 2131 2760 2199 ipsorum
2808 2127 3051 2180 narravit
3107 2124 3395 2186 saavitiam,

1815 2243 1978 2296 quant
2028 2233 2082 2279 et
2132 2225 2186 2277 in
2225 2232 2452 2278 exteros
2501 2229 2555 2276 et
2597 2228 2787 2275 contra
2821 2215 3122 2272 Jerusalem
3167 2214 3397 2282 ejusque

1817 2318 1963 2372 cives
2003 2322 2468 2385 exprompserant,
2503 2321 2555 2366 et
2590 2326 2698 2380 quo
2732 2319 2890 2380 pacto
2921 2316 2975 2364 et
3017 2307 3107 2364 isti
3145 2305 3397 2374 nequitiae

1819 2425 1931 2465 suae
1961 2423 2151 2479 pinnas
2183 2407 2406 2461 meritas
2432 2404 2702 2460 dederint.

2269 2683 2527 2741 ORATlO
2573 2679 2938 2736 IIABACUCI.

1893 2782 2088 2838 VsasJ
2104 2820 2118 2843 ,
2135 2781 2189 2833 εὶ.
2209 2810 2277 2818 --
2297 2778 2578 2832 Convertit
2602 2773 2797 2829 deinde
2823 2772 2890 2826 ad
2913 2769 3213 2824 orationem
3239 2766 3402 2822 verba

1821 2875 2104 2945 propheta,
2140 2879 2194 2926 et
2239 2872 2341 2926 sub
2383 2869 2592 2924 orantis
2629 2865 2811 2936 specie
2844 2873 3100 2918 eventura
3134 2859 3332 2931 pepulo
3371 2876 3402 2912 a

1823 2969 1932 3023 Deo
1960 2969 2100 3021 bona
2132 2963 2397 3042 pragdicit.
2447 2961 2540 3015 Sic
2583 2968 2765 3013 autem
2811 2955 3004 3024 incipit
3039 2973 3051 3007 :
3097 2969 3116 3004 ι
3154 2951 3405 3015 Domine,

1749 3082 1791 3138 ρ
1825 3057 2004 3113 audivi
2063 3055 2394 3110 auditionem
2445 3062 2616 3114 tuam,
2665 3056 2720 3105 et
2771 3048 2949 3103 timui.
2996 3066 3015 3099 ι
3055 3043 3403 3099 Auditionem

1825 3151 1956 3204 dicit
2001 3149 2197 3202 factam
2225 3146 2328 3201 sibi
2372 3160 2400 3198 a
2439 3143 2549 3198 Deo
2582 3141 3005 3204 revelationem;
3053 3138 3194 3192 sicut
3241 3136 3406 3188 etiam

1824 3241 1967 3312 apud
2020 3240 2238 3294 beatum
2302 3236 2492 3291 Isaiam
2535 3253 2549 3290 :
2603 3253 2622 3285 ι
2679 3233 2814 3298 Quis
2862 3228 3092 3284 credidit
3136 3224 3403 3280 auditioni

1826 3341 2026 3387 nostra:
2070 3331 2151 3385 "‘1
2186 3349 2203 3380 ι
2241 3328 2372 3383 Item
2422 3328 2614 3382 beatus
2669 3323 2889 3377 David:
2945 3340 2964 3372 ι
3023 3319 3298 3374 Inclinabo
3351 3318 3409 3370 in

1826 3423 2141 3494 parabolam
2173 3435 2358 3475 aurem
2391 3433 2565 3472 meam
2598 3415 2645 3448 "
2680 3435 2692 3467 :
2733 3433 2751 3465 ι
2784 3413 2942 3482 cujus
2973 3412 3049 3465 rei
3083 3412 3134 3463 in
3162 3409 3404 3477 superio-

1826 3518 1978 3570 ribus
2005 3529 2218 3583 quoque
2251 3510 2580 3564 mentionem
2617 3506 2864 3561 fecimus.
2899 3503 3011 3556 Hoc
3051 3503 3211 3572 igitur
3245 3500 3410 3554 etiam

1829 3607 1947 3659 loco
1971 3605 2082 3658 ait:
2109 3605 2342 3668 Accepta
2366 3615 2466 3668 ego
2518 3596 2843 3650 revelatione
2887 3601 2997 3654 tua,
3035 3604 3140 3660 qua
3190 3603 3275 3641 me
3307 3585 3407 3638 do-

1827 3693 2012 3750 cuisti.
2038 3687 2310 3759 quomodo
2347 3686 2636 3756 puniturus
2677 3681 2755 3736 sis
2791 3678 3209 3750 Babyloniorum
3240 3688 3412 3728 manu

1830 3791 2116 3854 peccantes
2149 3781 2200 3832 in
2237 3777 2469 3847 pepnln,
2500 3785 2553 3829 et
2586 3771 2862 3843 quomodo
2907 3769 3148 3825 vicissim
3180 3765 3406 3836 Babylo-

1828 3877 1938 3930 niis
1961 3885 2254 3941 congruam
2291 3868 2502 3922 dclictis
2538 3879 2725 3920 eorum
2758 3877 2974 3933 pmnam
3007 3860 3084 3916 sis
3123 3857 3419 3926 impositus

1830 3983 1959 4031 rus;
2012 3977 2210 4034 pavore
2249 3976 2368 4014 sum
2423 3957 2682 4026 repletus,
2729 3961 2781 4009 et
2846 3953 3060 4007 merito.
3095 3969 3114 4001 ι
3161 3949 3422 4011 Domine,

1829 4055 2171 4114 consitleravi
2206 4067 2367 4122 opera
2406 4057 2520 4108 tua,
2565 4056 2618 4103 et
2665 4046 2942 4116 obstupui.
2993 4065 3010 4096 ι
3045 4043 3424 4098 Considcrnns.

1828 4156 2029 4220 quanta
2081 4141 2436 4199 multifariam
2495 4137 2688 4192 feceris
2736 4151 2862 4207 erga
2913 4134 3159 4188 homines
3215 4132 3410 4185 idonea

1830 4239 2085 4310 patientia
2119 4245 2297 4297 utens,
2325 4242 2379 4287 et
2416 4248 2512 4286 eos
2545 4229 2638 4300 qui
2667 4229 2784 4283 sine
2827 4227 3142 4297 paenitentia
3175 4224 3412 4294 prolapsi

1831 4339 1958 4386 sunt
2019 4328 2370 4383 conveniente
2433 4322 2646 4376 ratione
2702 4320 2965 4389 puniens,
3021 4328 3242 4386 stupore
3289 4330 3414 4374 sum

149 4415 465 4478 πταίοντας,
504 4413 639 4482 μετὰ
674 4411 830 4476 λόγου
861 4410 953 4463 τοῦ
991 4411 1357 4481 προσήκοντος
1393 4411 1732 4482 τειμωρούμε.

1835 4429 2142 4488 correptus,
2171 4430 2385 4469 arcana:
2420 4423 2525 4466 tute
2565 4409 2915 4480 providentia:
2956 4407 3272 4475 sapientiam
3317 4405 3414 4457 ad-

147 4525 260 4571 νος,
293 4507 371 4568 είς
402 4505 654 4558 ἔκστασιν
681 4501 912 4572 ἐλήλυθα
941 4502 1032 4554 ἐπὶ
1062 4499 1140 4570 τῷ
1167 4501 1404 4571 θαύματι
1424 4501 1533 4553 τῶν
1563 4502 1736 4566 οὕτως

144 4598 479 4670 ἁπορῤήτως
518 4593 670 4664 παρὰ
709 4594 809 4663 τῆς
850 4593 950 4662 σῆς
1007 4593 1473 4662 οἰκονομουμένων
1521 4593 1732 4662 σοφίας.

153 4710 174 4742 ι
224 4689 317 4740 Ἐν
374 4687 523 4756 μέσῳ
556 4684 652 4738 δύο
695 4683 850 4748 ζώων
892 4684 1206 4753 γνωσθήσῃ.
1251 4702 1270 4734 ι
1314 4683 1443 4736 Ἰδοὺ
1490 4682 1600 4753 γὰρ
1644 4684 1736 4736 καὶ

147 4781 246 4833 νῦν
277 4777 466 4845 ὥσπερ
495 4777 552 4827 ἐν
580 4775 672 4827 δύο
691 4773 849 4838 ζώοις
889 4777 1000 4836 τοῖς
1024 4791 1082 4826 τε
1125 4775 1184 4825 ἐν
1223 4774 1301 4843 τῷ
1341 4773 1454 4843 λαῷ
1487 4774 1738 4844 πλημμε-

144 4872 306 4925 λοῦσι
336 4871 430 4922 καὶ
459 4871 570 4932 τοῖς
602 4867 960 4930 Βαϐυλωνίοις
997 4867 1114 4936 μετ’
1141 4865 1400 4930 ἐκείνους,
1424 4866 1483 4931 ἐξ
1510 4861 1584 4920 ὧν
1609 4869 1739 4938 περὶ

148 4961 446 5032 ἑκατέρους
483 4959 806 5026 πεποίηκας,
856 4959 954 5026 τήν
995 4974 1049 5008 τε
1089 4956 1317 5027 δύναμιν
1360 4959 1452 5010 καὶ
1498 4959 1596 5028 τὴν
1647 4975 1734 5010 σο-

148 5055 282 5122 φίαν
315 5053 408 5106 καὶ
438 5052 534 5120 τὴν
565 5051 691 5119 περὶ
723 5050 784 5101 τὸ
823 5049 1029 5100 δίκαιον
1069 5049 1383 5119 ἐπιμέλειαν
1430 5048 1732 5120 ἐγνώρισας

150 5144 376 5200 σαυτοῦ.
415 5163 433 5192 ι
478 5143 566 5195 Ἐν
595 5141 669 5211 τῷ
711 5143 946 5208 ἐγγίζειν
985 5141 1054 5196 τὰ
1099 5141 1190 5212 ἔτη
1231 5142 1634 5211 ἐπιγνωσθήσῃ,
1677 5143 1735 5192 ἐν

147 5237 230 5300 τῷ
261 5237 515 5305 παρεῖναι
543 5234 634 5285 τὸν
673 5232 865 5302 καιρὸν
886 5231 1266 5302 ἀναδειχθήσῃ,
1303 5253 1322 5284 ι
1353 5233 1466 5284 Νῦν
1501 5232 1598 5302 μὲν
1628 5232 1735 5304 γὰρ

151 5324 299 5378 αὐτὰ
333 5325 400 5377 δι’
440 5323 836 5392 ἀποκαλύψεως
881 5321 1222 5390 κατέστησας
1255 5325 1385 5393 ἡμῖν
1426 5322 1737 5393 γνώρισμα·

157 5416 604 5486 παραγενομένου
633 5416 690 5468 δὲ
721 5415 815 5468 τοῦ
857 5414 1072 5485 καιροῦ,
1098 5415 1219 5467 καθ’
1247 5415 1276 5466 ὃ
1304 5416 1575 5486 προσῆκεν
1605 5415 1744 5468 αὐτὰ

155 5504 300 5560 κατὰ
340 5505 401 5558 τὺ
444 5505 634 5558 δοκοῦν
677 5522 758 5557 σοι
802 5505 974 5574 πέρας
1024 5503 1227 5568 λαϐεῖν,
1278 5503 1500 5574 μείζονά
1539 5521 1601 5556 τε
1652 5505 1744 5559 καὶ

156 5598 500 5666 σαςεστέραν
529 5597 710 5660 αὐτοῖς
745 5597 924 5668 ἔργοις
960 5597 1059 5667 τῆς
1095 5597 1300 5660 οἰκείας
1334 5598 1613 5668 δυνάμεως
1650 5598 1744 5651 καὶ

267 5701 318 5738 ⁸³
347 5702 449 5764 lsa.
494 5720 615 5770 LIII,
655 5706 698 5758 I.
773 5707 818 5737 ¹³
852 5707 990 5762 l‘sal.
1033 5724 1194 5772 van,

1833 4512 2058 4564 mirans.
2097 4527 2115 4557 ι
2156 4508 2208 4560 In
2250 4505 2430 4558 medio
2476 4504 2707 4556 duorum
2763 4498 3075 4552 animalium
3111 4509 3411 4562 cognosce-1

1829 4603 1926 4656 ris.
1964 4622 1982 4653 ι
2025 4601 2161 4653 Ecce
2198 4597 2339 4651 enim
2370 4604 2423 4648 et
2459 4609 2622 4651 nunc,
2659 4591 2814 4661 quasi
2862 4593 2914 4643 in
2950 4590 3164 4642 duobus
3203 4588 3413 4640 anima-

1833 4694 1996 4754 libus,
2021 4689 2072 4742 ial
2099 4697 2182 4741 est
2213 4686 2394 4756 populi
2445 4683 2840 4753 peccatoribus,
2876 4691 2926 4732 et
2972 4694 3095 4731 mox
3147 4678 3199 4730 in
3239 4677 3416 4746 Baby-a

1835 4783 2016 4843 Iuniis,
2045 4795 2107 4833 ex
2157 4779 2224 4832 iis
2253 4792 2373 4846 qua:
2413 4777 2559 4828 circa
2588 4783 2848 4839 utrosque
2883 4769 3080 4831 fecisti,
3113 4767 3415 4837 potentiam

1837 4880 1982 4924 tuam
2026 4878 2187 4938 atque
2225 4865 2547 4936 sapientiam
2596 4862 2929 4931 justitiacqne
2987 4873 3174 4930 curam
3225 4865 3414 4911 osten-

1839 4963 1988 5017 disti.
2028 4981 2043 5011 ι
2076 4961 2210 5014 Cum
2257 4955 2807 5027 appropinquaverint
2840 4950 2988 5013 anni,
3025 4949 3414 5018 cognosceris;-

1839 5064 1963 5103 cnm
2013 5055 2224 5114 tempus
2279 5045 2479 5106 aderit,
2533 5040 3028 5096 demonstraheris.-
3055 5057 3075 5089 ι
3109 5036 3264 5090 Nunc
3305 5039 3418 5088 tunc

1843 5149 1969 5194 nota
2001 5139 2156 5193 nobis
2198 5136 2486 5191 revelando
2529 5133 2700 5189 fecisti
2729 5152 2741 5185 :
2775 5133 2866 5186 sed
2901 5130 3218 5184 adveniente
3253 5127 3418 5199 2&5

1844 5241 2102 5300 tempore,
2131 5246 2240 5299 quo
2275 5245 2338 5282 ea
2383 5235 2596 5296 oportet
2633 5234 2685 5279 te
2716 5223 2928 5277 volente
2959 5221 3164 5276 exitum
3195 5220 3424 5285 habere,

1842 5326 2102 5394 majorem
2149 5338 2212 5376 ac
2256 5319 2686 5374 manifestiorem
2727 5316 2980 5386 potentia:
3031 5331 3094 5368 ac
3139 5312 3420 5385 sapientiae

1841 5426 1946 5471 ture
1986 5415 2242 5484 operibus
2275 5412 2407 5482 ipsis
2447 5410 2610 5465 facies
2647 5408 3189 5464 demonstrationem.
3231 5423 3250 5455 ι
3281 5403 3418 5457 Cum

1843 5509 2057 5562 turbata
2103 5505 2264 5560 fuerit
2297 5504 2479 5558 anima
2528 5518 2667 5562 mea,
2704 5509 2759 5552 tu
2807 5502 2858 5553 in
2912 5501 2990 5552 ira
3032 5493 3420 5551 misericordia:

1843 5597 2236 5656 recordaberis.
2268 5613 2285 5646 ι
2319 5592 2472 5649 Tunc
2503 5607 2712 5647 summa
2754 5599 2845 5648 tua
2871 5589 3153 5661 apparebit
3178 5585 3420 5658 benignis
