3830 6216
443 247 464 298 ἰ
477 247 542 298 43

1603 248 1691 302 ΤΗ
1703 251 1955 307 EODORI
1996 253 2228 313 MOPSU
2242 259 2487 316 ESTENI

3586 282 3678 339 4-H

441 361 524 409 tas
556 370 679 428 erga
710 355 908 412 Judreae
939 358 1164 422 incolas,
1196 374 1319 414 cum
1351 377 1464 422 eos.
1496 374 1714 433 propter
1757 366 2009 421 inflictam

2116 372 2326 441 σοφίας,
2351 377 2450 447 τὴν
2489 379 2744 446 ἐπίδειξιν
2787 357 3006 455 ποίὴτῃ.
3048 405 3065 436 ι
3115 385 3200 440 Ἐν
3246 387 3321 457 τῷ
3358 390 3678 462 ταραχθῆναι

443 458 787 512 peccatorum
821 465 1056 518 paenam,
1084 453 1327 506 turbatos
1351 455 1542 510 animis
1573 465 1622 508 et
1657 456 1742 510 vix
1769 459 1851 511 sui
1872 474 2015 512 com-

446 548 618 603 jsotes.
657 538 1042 593 misericordia“:
1089 550 1194 595 tua:
1241 558 1466 605 memor,
1495 547 1754 601 aerumnis
1799 549 2016 601 subtra-

445 629 562 690 l.-es,
601 637 657 682 et
698 638 895 698 prater
913 647 1130 686 onmem
1167 634 1457 686 humanam
1501 651 1650 704 spem
1683 639 2016 707 postliminio

439 717 496 770 in
527 720 761 787 patriam
789 723 1068 779 restitues.

2121 461 2219 531 τὴν
2267 465 2446 536 ψυχήν
2486 487 2615 538 μου,
2661 473 2718 524 ἐν
2759 475 2892 545 ὀργῇ
2937 475 3115 540 ἐλέους
3156 480 3459 553 μνησθήσῃ.
3504 501 3522 533 ι
3557 461 3679 537 Τότε

2125 557 2420 625 φανήσεταί
2471 577 2562 613 σου
2604 564 2696 616 καὶ
2741 569 2838 634 τῆς
2884 569 3286 640 φιλανθρωπίας
3338 573 3370 642 ἡ
3421 573 3680 646 ὑπερϐολὴ

2124 645 2249 713 περὶ
2309 649 2434 712 τοὺς
2492 653 2589 722 τῆς
2644 656 2928 724 Ἰουδαίας,
2973 653 3046 714 ὧν
3095 661 3198 714 ὑπὸ
3241 663 3338 733 τῆς
3381 663 3545 734 ὀργῆς
3590 665 3682 733 τῆς

2119 735 2219 804 σῆς
2242 739 2340 809 τῆς
2376 758 2434 792 τε
2467 745 2792 818 ἐπαχθείσης
2821 751 3002 814 αὐτοῖς
3033 753 3169 823 ὑπὲρ
3200 747 3274 806 ὧν
3296 756 3681 825 πεπλημμελή-

445 826 570 862 κασι
594 813 861 881 τιμωρίας
888 813 1385 886 διατεταραγμένων
1413 818 1509 888 τὴν
1538 819 1712 890 ψυχὴν
1745 821 1836 874 καὶ
1860 821 1979 873 ούδέ
2011 823 2068 874 ὲν
2097 826 2305 890 ἑαυτοῖς
2325 831 2514 898 ὄντων,
2545 840 2759 908 μνήμην
2799 844 2895 910 τῆς
2929 841 3333 913 φιλανθρωπίας
3361 844 3460 913 τῆς
3491 845 3685 906 οἰκείας

444 900 832 969 ποιησάμενος,
854 903 1178 969 ἀπαλλάξεις
1200 925 1258 960 τε
1290 910 1485 973 αὐτοὺς
1508 913 1614 964 τῶν
1636 913 1840 977 κακῶν,
1869 914 1962 966 καὶ
1984 914 2275 983 ἐπανάξεις
2306 923 2397 975 ἐπὶ
2426 925 2495 977 τὰ
2519 928 2692 980 οἰκεῖα
2721 930 2870 1000 παρά
2901 933 3077 984 πᾶσαν
3115 933 3454 1004 ἀνθρωπίνην
3480 934 3680 987 ἐλπ’δα.

520 989 681 1045 Vsus.
706 993 818 1047 3-5.
847 1024 916 1033 —
951 1014 968 1046 ι
1012 995 1153 1051 Deus
1187 1001 1250 1053 de
1273 999 1528 1055 Thaaman
1551 1005 1750 1065 veniet,
1794 1013 2020 1059 sanctus

441 1077 510 1131 de
536 1089 718 1135 monte
744 1085 1021 1138 umbroso.
1058 1106 1075 1137 ι
1111 1086 1365 1144 Τίιωιιιοιι
1397 1092 1530 1146 dicit
1555 1093 1798 1148 Idumaeze
1819 1103 2019 1149 metro-

443 1170 605 1236 polim
662 1189 675 1225 :
738 1183 976 1229 montem
1037 1189 1216 1233 autem
1272 1184 1609 1250 umbrosum,
1647 1187 1796 1238 illum
1830 1188 2020 1256 inquo

441 1259 801 1330 Hierusalem,
847 1275 1033 1336 utpote
1066 1267 1155 1324 Dei
1192 1276 1580 1340 protectionem
1622 1278 1862 1346 undique
1897 1295 2020 1334 sor-

440 1347 619 1400 titum.
649 1348 797 1404 Tune
817 1368 944 1422 ergo
964 1357 1249 1424 apparebis
1280 1361 1345 1415 de
1372 1361 1627 1416 Thzeman
1655 1366 2012 1419 ldnmaaorum

444 1439 686 1499 veniens,
745 1458 881 1509 quos
929 1456 1147 1515 pmpter
1181 1465 1307 1504 suas
1343 1467 1469 1522 erga
1500 1468 1600 1508 nos
1645 1455 1876 1524 injurias
1901 1457 2010 1524 jam

445 1525 747 1594 punireris;
782 1530 847 1585 de
875 1545 1066 1588 sancto
1093 1545 1270 1591 autem
1299 1537 1478 1594 Sionis
1510 1551 1710 1606 monte,
1741 1551 2010 1612 quatenus

439 1631 564 1670 eum
623 1611 1036 1677 reditu‘nostro
1104 1627 1467 1684 clarissimum
1519 1636 1734 1688 cunctis
1797 1635 2011 1690 feceris.

447 1725 466 1756 α
506 1706 912 1777 Operuitcmlos
947 1717 1116 1772 virtus
1145 1719 1285 1788 ejus,
1312 1729 1365 1776 et
1400 1723 1575 1778 laudis
1608 1726 1726 1794 ejus
1752 1728 1906 1795 plena
1934 1737 2018 1783 est

445 1807 610 1854 terra.
648 1821 667 1852 ι
723 1803 955 1873 Operum
989 1823 1212 1863 suorum
1273 1813 1643 1884 magnitudine
1675 1819 1872 1870 cmlum
1905 1825 2017 1870 ter-

446 1906 672 1961 ramque
729 1897 974 1964 replebit,
1022 1899 1074 1952 in
1113 1910 1325 1955 tantum
1367 1909 1626 1959 utcuncti
1653 1909 1719 1960 ad
1756 1909 2015 1978 hynmum

441 1987 856 2048 convertantur,
913 1988 1236 2055 sapientiam
1280 2008 1341 2045 ac
1385 1996 1806 2062 magnitudinem
1836 2010 2016 2068 gesto-

442 2083 562 2121 rum
629 2072 697 2125 ab
758 2074 878 2142 ipso
937 2077 1292 2135 admirantes.
1359 2082 1494 2137 Nam
1529 2087 1629 2139 hoc
1677 2090 1837 2142 etiam
1895 2092 2016 2145 loco

441 2160 584 2227 quod
618 2177 908 2220 commune
952 2177 1035 2222 est
1067 2185 1164 2237 per
1203 2173 1470 2228 diaaresim
1505 2178 1656 2242 dicit,
1705 2196 1862 2248 quem
1905 2199 2013 2237 non

441 2249 840 2322 infrequentem
903 2258 1100 2317 divina:
1157 2262 1455 2334 Scriptura;
1497 2269 1830 2325 idiotismum
1891 2290 2013 2329 esse

437 2345 798 2400 ostendimus.
869 2348 1090 2406 Scilicet
1140 2357 1309 2410 caelos
1353 2366 1665 2428 terramque
1711 2364 1785 2414 ait
1814 2365 2012 2420 virtute

439 2428 532 2485 Dei
559 2444 796 2502 apertus,
820 2441 1074 2492 ntoumia
1099 2442 1246 2495 dicat
1276 2463 1289 2496 :
1315 2445 1634 2517 laudemque
1655 2442 1772 2517 ejus
1791 2463 2012 2522 propter

440 2539 526 2579 res
551 2535 730 2594 gestas
756 2531 1092 2586 abomuibus
1133 2537 1398 2589 cumulari
1449 2549 1720 2607 oportere.
1759 2562 1775 2592 ι
1817 2543 2007 2613 Splen-

437 2616 538 2668 dor
581 2617 699 2684 ejus
753 2622 908 2687 quasi
966 2623 1052 2676 lux
1113 2627 1235 2678 erit.
1293 2646 1310 2676 ι
1349 2627 1588 2683 Adventu
1649 2649 1769 2694 suo,
1814 2635 2006 2703 inquit,

437 2721 636 2760 cuncta
661 2711 1145 2782 lumineimplebit.
1178 2735 1195 2765 ι
1227 2719 1440 2770 (Zornua
1473 2721 1522 2772 in
1548 2725 1800 2779 manibus
1831 2727 2002 2792 ejus.»

438 2797 701 2852 Ostcndrt
763 2802 959 2858 habere
990 2822 1048 2858 se
1112 2808 1338 2863 idoneas
1385 2814 1448 2864 ad
1479 2828 1608 2868 suos
1636 2816 2007 2873 defendendos

2188 1012 2338 1081 Στίχ.
2366 1017 2503 1082 γ’-ε¹.
2549 1050 2606 1058 -
2642 1038 2659 1069 t
2697 1020 2752 1073 Ὀ
2788 1021 2918 1084 Θεὸς
2946 1023 3052 1075 ἀπὸ
3083 1024 3291 1092 Θαιμὰν
3321 1023 3457 1094 ἥξει,
3483 1027 3511 1077 ὁ
3538 1024 3684 1091 ἅγιος

2117 1101 2173 1168 ἐξ
2217 1105 2371 1176 ὅρους
2416 1111 2728 1164 κατασκίου.
2769 1131 2786 1164 ι
2821 1112 2896 1180 (p.
2929 1114 3052 1183 574)
3087 1114 3296 1184 Θαιμάν
3333 1118 3430 1184 μὲν
3460 1114 3558 1185 τὴν
3586 1133 3684 1183 μη-

2114 1196 2366 1264 τρόπολιν
2410 1198 2554 1266 λέγει
2607 1203 2704 1271 τῆς
2742 1202 3072 1272 Ἰδουμαίας·
3118 1205 3241 1274 ὅρος
3286 1205 3343 1258 δὲ
3397 1205 3685 1257 κατάσκιον

2117 1289 2177 1338 eo
2223 1289 2324 1358 τῆς
2357 1290 2727 1362 Ἰερουσαλὴμ,
2777 1293 2968 1365 ὥσπερ
3018 1295 3348 1366 πανταχόθεν
3389 1296 3488 1365 τῆς
3545 1297 3687 1358 θείας

2121 1377 2419 1448 ἠξιωμένον
2451 1383 2677 1452 σκέπης.
2709 1385 2838 1436 Τότε
2879 1381 2970 1437 οὖν
3009 1387 3219 1454 φανήσῃ
3260 1387 3366 1439 ἀπὸ
3390 1387 3602 1454 Θαιμάν
3631 1405 3683 1437 τε

2119 1467 2216 1536 τῆς
2260 1469 2560 1539 Ἱδουμαῖας
2589 1472 2898 1543 ἐρχόμενος,
2952 1473 3042 1536 οὓς
3091 1478 3376 1545 τιμωρήσῃ
3416 1475 3555 1545 ὑπὲρ
3595 1477 3686 1543 τῆς

2119 1559 2197 1620 εἰς
2226 1560 2373 1628 ἡμᾶς
2416 1560 2809 1630 πλημμελείας,
2844 1563 2938 1616 καὶ
2961 1565 3023 1617 ἐκ
3060 1563 3152 1616 τοῦ
3199 1566 3351 1632 ἁγίου
3388 1565 3547 1635 ὄρους
3595 1565 3682 1617 τοῦ

2119 1648 2254 1701 Σιὼν
2285 1650 2313 1702 ὃ
2342 1651 2589 1720 λαμπρὸν
2617 1653 2702 1706 διὰ
2741 1654 2838 1723 τῆς
2866 1654 3124 1707 ἐπανόδου
3153 1657 3315 1708 πᾶσιν
3343 1655 3553 1726 ἐργάσῃ
3589 1657 3685 1725 τῆς

2117 1741 2408 1810 ἡμετέρας.
2441 1761 2460 1792 ‹
2501 1742 2795 1813 Ἐκάλυψεν
2822 1746 3079 1817 οὐρανοὺς
3109 1750 3141 1818 ή
3177 1749 3342 1818 ἀρετὴ
3381 1749 3568 1812 αὑτοῦ,
3597 1751 3685 1802 καὶ

2114 1831 2212 1900 τῆς
2238 1832 2494 1895 αἰνέσεως
2518 1835 2679 1887 αὑτοῦ
2727 1836 2936 1908 πλήρης
2963 1841 2994 1908 ὴ
3023 1840 3111 1910 γῆ.
3157 1859 3173 1891 ι
3207 1839 3296 1910 Τῷ
3319 1840 3446 1907 γοῦν
3473 1839 3685 1909 μεγέθει

2114 1922 2220 1974 τῶν
2254 1926 2381 1993 παρ’
2413 1926 2575 1977 αὑτοῦ
2592 1927 2895 1996 γινομένων
2921 1931 3012 1983 καὶ
3036 1931 3259 2001 οὐρανὸν
3290 1931 3566 2002 πληρώσει
3596 1934 3686 1986 καὶ

2113 2014 2250 2082 γῆν·
2294 2013 2432 2067 ὥστε
2467 2015 2709 2079 ἅπαντας
2765 2019 2902 2089 πρὸς
2947 2020 3112 2089 ὕμνον
3143 2020 3438 2092 τρέπεσθαι
3482 2022 3682 2088 λοιπὸν,

2115 2104 2488 2173 θαυμάζοντας
2513 2109 2612 2176 τήν
2639 2125 2697 2160 τε
2730 2109 2920 2176 σοφίαν
2942 2111 3034 2163 καὶ
3065 2111 3125 2163 τὸ
3165 2112 3390 2180 μέγεθος
3417 2111 3525 2164 τῶν
3559 2115 3683 2181 παρ’

2113 2196 2275 2248 αὑτοῦ
2312 2199 2629 2267 γινομένων.
2672 2200 2826 2254 Κατὰ
2875 2201 3132 2271 διαίρεσιν
3175 2203 3281 2273 γάρ
3317 2202 3596 2256 κάνταῦθα
3627 2203 3683 2254 τὸ

2111 2287 2288 2338 κοινὸν
2341 2286 2510 2354 λέγει,
2556 2289 2690 2359 ὅπερ
2733 2286 2824 2342 οὖν
2865 2291 2958 2343 ἐπὶ
3006 2292 3212 2345 πολλῶν
3265 2293 3547 2365 ἐδείξαμεν
3588 2295 3681 2364 ἢδη

2114 2377 2308 2446 ἰδίωμα
2358 2379 2455 2447 τῆς
2506 2378 2652 2441 θείας
2700 2381 2940 2452 ὑπάρχον
2981 2383 3220 2453 Γραφῆς.
3277 2386 3386 2438 Καὶ
3437 2385 3545 2455 γὰρ
3595 2385 3683 2437 καὶ

2108 2468 2365 2538 οὐρανοὺς
2409 2469 2500 2520 καὶ
2537 2470 2639 2539 γῆν
2691 2471 3026 2539 κεκαλύφθαι
3069 2472 3214 2541 λέγει
3262 2477 3325 2544 τῇ
3371 2475 3540 2544 ἀρετῇ
3588 2476 3679 2528 τοῦ

2109 2557 2262 2619 Θεοῦ,
2306 2559 2389 2610 ἵνα
2420 2560 2544 2628 εἴπῃ
2593 2559 2653 2610 τὸ
2700 2559 2950 2629 σύμπαν·
2992 2563 3083 2614 καὶ
3133 2565 3231 2633 τὴν
3277 2563 3484 2616 αἴνεσιν
3521 2565 3679 2618 αὐτοῦ

2107 2647 2214 2698 τῶν
2243 2649 2539 2715 γεγονότων
2571 2650 2753 2702 ἕνεκεν
2801 2652 2951 2721 παρὰ
2989 2653 3185 2715 παντὸς
3221 2655 3416 2724 χρῆναι
3453 2654 3680 2725 πληρού-

2111 2739 2232 2792 σθαί
2265 2757 2418 2809 φησι.
2464 2760 2481 2790 ι
2515 2743 2621 2792 Καὶ
2649 2742 2848 2809 φέγγος
2888 2743 3052 2795 αὑτοῦ
3080 2745 3154 2806 ὡς
3181 2745 3293 2812 φῶς
3327 2745 3502 2798 ἔσται.
3542 2764 3561 2796 ι
3605 2747 3678 2814 Τῇ

2111 2833 2208 2902 μὲν
2233 2828 2322 2884 οὖν
2356 2833 2642 2902 ἐπιφανείᾳ
2682 2836 2748 2902 τῇ
2794 2834 2992 2905 οἰκείᾳ,
3013 2835 3195 2906 φησὶν,
3223 2836 3437 2889 ἅπαντα
3468 2837 3680 2906 πληρώ-

436 2891 601 2953 vires,
622 2901 676 2944 et
705 2892 788 2945 his
808 2894 1035 2952 infestos
1065 2899 1365 2956 domandos
1399 2921 1411 2956 :
1438 2907 1808 2974 metaphoram
1842 2924 2004 2977 porro

2115 2939 2188 2974 σει
2218 2923 2410 2988 φωτός.
2430 2941 2447 2972 ι
2468 2923 2687 2992 Κέρατα
2721 2925 2779 2976 ἐν
2809 2925 2992 2996 χερσὶν
3024 2926 3185 2978 αὑτοῦ
3217 2927 3450 2996 ὑπάρχει
3478 2927 3674 2996 αὐτῷ.»

438 2983 506 3035 ab
543 2985 869 3041 animalibus
920 3005 1040 3057 qua:
1085 2993 1344 3048 cornibus
1396 2993 1696 3062 decertant,
1750 3002 2002 3069 sumpsit.

441 3090 464 3124 α
514 3073 580 3126 Et
651 3079 832 3144 posuit
901 3080 1248 3136 dilectionem
1320 3087 1598 3140 robustam
1669 3088 2006 3146 fortitudinis

437 3180 569 3219 sua).
616 3185 634 3216 ι
672 3165 795 3222 llaec
825 3169 1080 3223 nimirum
1107 3172 1286 3238 faciet,
1313 3174 1475 3245 246
1502 3180 1871 3249 magnitudine
1897 3198 2008 3236 suae

437 3273 564 3327 erga
598 3275 698 3314 nos
735 3261 1041 3333 dilegtionis
1069 3271 1246 3319 utens.
1287 3288 1304 3316 α
1341 3267 1479 3320 Ante
1507 3267 1699 3321 faciem
1753 3269 1872 3338 ejus
1908 3271 2007 3325 ibit

437 3350 682 3404 verbum.
721 3371 739 3402 ι
780 3351 960 3408 Rebus
1001 3354 1135 3423 ipsis
1179 3357 1333 3425 praeit
1362 3358 1528 3411 futuri
1584 3361 1860 3427 revelatio,
1893 3378 2012 3431 qua:

437 3454 561 3492 cum
601 3443 856 3494 omnibus
889 3458 918 3495 a
970 3443 1076 3498 Deo
1126 3446 1405 3514 prOphetis
1455 3447 1593 3501 facta
1628 3448 1812 3514 fuerit,
1866 3467 2012 3506 nunc

436 3530 570 3584 mihi
593 3548 807 3602 quoque
841 3536 980 3588 haud
1007 3538 1187 3592 secius
1211 3538 1390 3592 oblata
1417 3538 1532 3593 fuit.
1569 3559 1587 3591 ι
1624 3541 1686 3596 Et
1707 3544 2012 3612 egredietur

436 3621 505 3674 ad
532 3627 928 3693 correptionem
980 3643 1075 3696 per
1125 3630 1351 3698 vestigia
1393 3631 1532 3700 ejus.
1579 3653 1596 3683 ι
1647 3633 2029 3713 Subsequitur

436 3731 564 3771 vero
592 3731 732 3787 Opus
761 3719 936 3788 ipsum
965 3739 979 3786 ;
1022 3721 1096 3774 ita
1141 3729 1201 3775 ut
1233 3733 1464 3792 utroque
1501 3728 1658 3780 modo
1689 3730 2012 3785 crudiantur

436 3806 503 3860 ad
529 3807 763 3862 ofﬁcium
786 3810 1052 3866 homines.
1074 3811 1204 3877 Quae
1226 3830 1310 3868 res
1347 3813 1542 3870 futura:
1563 3829 1688 3872 sunt
1717 3821 2009 3888 praedictae,

434 3913 513 3949 ea:
540 3907 728 3966 postea
760 3908 931 3956 nactae
960 3911 1086 3956 sunt
1117 3905 1341 3959 exitum.

2120 3013 2195 3082 (p.
2222 3013 2346 3083 575)
2388 3014 2557 3078 Δείξει
2591 3014 2647 3067 δέ
2679 3015 2840 3066 αὑτὸν
2883 3012 3193 3083 ἀρκούντως
3225 3012 3418 3082 ἔχοντα
3459 3011 3680 3082 ἀμύνειν

2122 3107 2220 3174 μὲν
2237 3109 2347 3169 τοῖς
2367 3106 2605 3168 οἰκείοις,
2625 3105 2938 3175 χειροῦσθαι
2959 3107 3016 3159 δὲ
3034 3106 3158 3167 τοὺς
3174 3104 3483 3174 ἐχθραίνειν
3503 3105 3678 3163 αὐτοῖς

2119 3195 2557 3265 ἐπιχειροῦνταςο
2603 3198 2667 3247 ἐκ
2705 3197 3018 3265 μεταφορᾶς
3046 3195 3153 3247 τῶν
3196 3196 3307 3257 τοῖς
3347 3193 3547 3263 κέρασι
3579 3209 3677 3261 μα-

2116 3287 2357 3352 χομένων
2388 3285 2541 3349 ζώων
2571 3286 2740 3349 οὕτως
2774 3285 2939 3338 εἰπών
2961 3303 2974 3315 ο
3021 3309 3035 3333 ι
3072 3284 3180 3337 Καὶ
3209 3285 3358 3337 ἔθετο
3400 3284 3678 3353 ἀγάπησιν

2119 3376 2380 3443 κραταιὰν
2410 3376 2588 3444 ἰσχύος
2615 3376 2810 3429 αὑτοῦ·
2853 3396 2871 3427 ι
2917 3377 3055 3446 ἆπερ
3084 3371 3176 3429 οὖν
3203 3373 3563 3445 διαπράξεται
3595 3371 3678 3424 διὰ

2115 3464 2176 3516 τὸ
2222 3466 2450 3536 μεγίστῃ
2479 3469 2545 3535 τῇ
2594 3468 2720 3537 περὶ
2755 3469 2899 3536 ἡμᾶς
2930 3466 3116 3536 ἀγάπῃ
3146 3461 3467 3535 κεχρῆσθαι.
3505 3482 3523 3514 ι
3570 3461 3679 3531 Πρὸ

2104 3551 2394 3622 προσώπου
2445 3550 2609 3602 αὐτοῦ
2671 3551 2958 3626 πορεύεται
3006 3549 3188 3616 λόγος·
3233 3568 3252 3600 ι
3287 3550 3392 3618 πρὸ
3453 3551 3554 3620 μὲν
3595 3547 3682 3603 οὖν

2103 3645 2210 3697 τῶν
2240 3643 2596 3712 πραγμάτων,
2633 3641 2986 3710 ἀποφαίνεται
3029 3640 3091 3692 τὸ
3123 3641 3400 3709 ἐσόμενον,
3429 3643 3569 3712 ὅπερ
3595 3639 3681 3694 οὖν

2108 3737 2336 3788 πάντοτε
2364 3733 2450 3786 διὰ
2475 3733 2583 3785 τῶν
2610 3733 2898 3802 προφητῶν
2927 3731 3113 3794 ποιῶν,
3144 3733 3239 3801 οὐχ
3267 3727 3430 3803 ἦττον
3462 3735 3559 3786 καὶ
3591 3733 3682 3784 νῦν

2106 3829 2376 3897 πεποίηκε
2407 3826 2474 3878 δι’
2513 3825 2668 3895 ἐμοῦ.
2709 3845 2725 3875 ι
2764 3826 2872 3877 Καὶ
2913 3823 3251 3889 ἐξελεύσεται
3300 3824 3379 3885 εἰς
3435 3824 3683 3876 παιδείαν

2109 3914 2247 3967 κατά
2294 3912 2455 3974 πόδας
2501 3913 2683 3964 αὑτοῦ.
2729 3931 2747 3963 ›
2798 3911 3104 3964 Ἀκολουθεῖ
3141 3911 3197 3963 δὲ
3248 3912 3339 3964 καὶ
3386 3913 3452 3965 τὸ
3505 3912 3682 3982 ἔργον,

436 3989 576 4044 ὥστε
605 3993 667 4045 δι’
696 3995 1016 4065 ἀμφοτέρων
1052 3999 1178 4060 τοὺς
1213 3999 1529 4068 ἀνθρώπους
1571 4005 1915 4061 παιδεύεσθαι
1944 4009 2004 4062 τὸ
2031 4010 2181 4062 δέον·
2217 4009 2284 4061 δι’
2314 4003 2387 4060 ὧν
2420 4024 2480 4058 τε
2518 4007 2842 4078 προείρηται
2879 4007 2935 4058 τὸ
2965 4005 3240 4074 ἐσόμενον,
3267 4006 3359 4058 καὶ
3406 4008 3487 4070 εἰς
3530 4007 3684 4078 ἔργον

435 4084 731 4156 ἐκόέὸηκεν
764 4087 1006 4158 ὕστερον.

510 4175 670 4230 Vens.
696 4179 848 4231 6-12.
891 4209 959 4218 -
993 4197 1010 4229 ι
1042 4179 1232 4243 Stetit,
1289 4190 1342 4235 et
1370 4193 1640 4236 commota
1666 4194 1748 4238 est
1776 4192 1939 4238 terra.
1984 4203 2003 4236 ι

440 4266 671 4320 Tantum
715 4284 1006 4338 apparens,
1069 4280 1267 4325 terram
1325 4283 1648 4330 commovet.
1698 4276 1874 4331 Veluti
1926 4285 2009 4330 est

437 4359 569 4412 illud
611 4379 621 4412 :
656 4378 673 4409 ‹
718 4359 856 4415 Deus
889 4363 1109 4416 stctitin
1138 4377 1412 4434 synagoga
1443 4364 1723 4420 deorum“
1744 4375 1790 4424 ;»
1840 4368 1891 4420 id
1923 4379 2007 4422 est

2183 4185 2330 4254 Στίχ.
2375 4182 2549 4252 ςὀιβ’.
2599 4213 2668 4222 -—-
2713 4201 2731 4232 ι
2772 4184 2960 4253 Ἔστη,
3009 4186 3098 4237 καὶ
3147 4183 3410 4255 ἐσαλεύθη
3457 4188 3491 4257 ἡ
3537 4187 3625 4256 γῆ.
3663 4207 3679 4238 ι

2110 4277 2304 4339 Φανείς
2358 4275 2515 4346 μόνον
2564 4275 2776 4327 σαλεύει
2816 4274 2912 4345 τὴν
2965 4279 3100 4346 γῆνο
3149 4279 3224 4340 ὡς
3265 4279 3346 4340 τὺ,
3384 4298 3402 4328 ι
3455 4280 3514 4331 Ὁ
3559 4279 3684 4340 Geo;

2111 4363 2240 4433 ἔστη
2270 4365 2327 4416 ἐν
2358 4365 2641 4433 συναγωγῇ
2673 4363 2829 4415 θεῶν’
2856 4381 2873 4412 ι
2897 4364 2981 4415 ἵνα
3010 4366 3136 4436 εἴπῃ
3159 4366 3238 4419 ὅτι
3265 4366 3419 4437 ὤφθη
3451 4369 3510 4420 ἐν
3537 4369 3682 4437 μέσῳ

436 4450 493 4503 in
521 4450 694 4504 medio
720 4467 908 4505 eorum
938 4453 1207 4521 apparuit.
1247 4472 1266 4504 ι
1296 4454 1542 4524 Aspexit,
1567 4463 1622 4510 et
1643 4464 2006 4513 extaunerunt

2115 4454 2305 4508 αὐτῶν.
2349 4475 2366 4505 ι
2417 4453 2734 4522 Ἐπέὁλεψε.
2765 4455 2858 4507 καὶ
2903 4455 3071 4526 ἐτάκη
3107 4457 3265 4527 ἔθνη·
3314 4457 3572 4530 διεθρύϐη
3620 4456 3684 4511 τὰ

436 4549 624 4612 gentes
655 4561 666 4595 :
700 4543 918 4596 contriti
951 4551 1080 4597 sunt
1133 4544 1396 4600 violenter
1434 4553 1668 4610 montes,
1717 4548 2010 4602 tabuerunt

436 4635 605 4689 colles
633 4636 820 4688 :eterni
849 4650 878 4688 a
914 4635 1194 4704 gressibus
1227 4637 1447 4693 aeternis
1507 4637 1646 4705 ejus.
1697 4656 1714 4688 ›
1765 4637 1860 4692 Vel
1892 4642 2010 4695 solo

437 4732 660 4793 aspectu
702 4734 890 4794 gentes
922 4740 1112 4782 omnes
1140 4727 1473 4796 pessumdat,
1508 4737 1789 4783 etmuntes
1813 4731 2009 4784 colles~

436 4831 542 4883 que
584 4816 841 4878 conterit,
899 4815 989 4884 qui
1043 4824 1193 4870 tanto
1225 4824 1466 4886 tempore
1520 4819 1570 4871 vi
1607 4821 1823 4887 propria
1859 4820 2010 4874 vide-

437 4904 634 4958 bantur
691 4915 951 4973 perstarc.
998 4906 1240 4976 Namque
1275 4909 1386 4964 haec
1407 4910 1622 4964 coalitus
1664 4910 1845 4965 facere
1893 4929 2010 4967 mos

437 4992 557 5059 ejus
589 5001 694 5054 est,
719 5003 773 5048 et
806 4997 891 5050 his
923 4998 1176 5065 operibus
1211 5001 1490 5069 regiminis
1520 5002 1603 5054 sui
1630 5015 1852 5056 cursum
1913 5004 2010 5058 de-

441 5089 748 5137 monstrare
778 5085 936 5136 solet.
965 5102 984 5134 ‹
1021 5084 1128 5140 Pro
1190 5089 1468 5143 laboribus
1499 5091 1608 5144 vidi
1662 5095 2008 5148 tabernacula

443 5169 786 5238 Ethiopum,
809 5174 1081 5240 pavebunt
1095 5181 1327 5233 tentoria
1349 5189 1507 5236 terra:
1530 5183 1761 5236 Madian.
1806 5202 1824 5235 ι
1853 5183 2010 5236 Nam-

443 5275 549 5326 que
597 5265 651 5310 et
697 5261 824 5312 olim
854 5277 976 5315 cum
1022 5264 1077 5316 in
1113 5264 1349 5338 Egypto
1403 5274 1752 5336 serviremus,
1793 5282 2010 5343 postea—

445 5364 608 5417 quam
631 5349 727 5402 tibi
757 5351 914 5404 libuit
940 5367 1038 5408 nos
1049 5371 1112 5408 ex
1137 5356 1227 5412 illo
1247 5361 1470 5414 servitio
1486 5362 1763 5432 expedire,
1789 5364 2006 5419 deserta

444 5439 681 5492 uidimus
727 5447 782 5493 et
815 5441 1175 5502 habitationes
1218 5447 1553 5520 Ethiopum,
1584 5469 1646 5507 ac
1687 5453 2004 5510 Madianita-

522 5610 582 5646 ⁸
613 5610 759 5667 Psal.
801 5631 982 5679 ant,
1014 5620 1058 5673 Ι.

2105 4546 2205 4617 ὅρη
2242 4544 2353 4615 βίᾳ,
2395 4545 2486 4597 καὶ
2523 4545 2794 4614 ἐτάκησαν
2826 4545 3001 4614 βουνοί
3040 4547 3246 4601 αἰώνιοι
3282 4549 3512 4619 πορείας
3562 4553 3686 4602 αἰω-

2106 4637 2249 4700 νίους
2281 4637 2464 4690 αὑτοῦ.
2499 4656 2516 4686 ι
2560 4635 2787 4689 Ἀπιδὼν
2815 4636 2871 4688 δὲ
2908 4637 3063 4707 μόνον
3113 4639 3238 4711 ἔθνη
3285 4657 3343 4692 τε
3388 4641 3682 4694 ἀπόλλυσιν

2106 4729 2223 4794 ὅλα,
2254 4728 2346 4780 καὶ
2397 4727 2495 4797 δρη
2545 4727 2634 4779 καὶ
2674 4726 2894 4795 βουνοὺς
2940 4728 3256 4798 διαθρύπτει
3288 4732 3354 4782 ἐκ
3389 4732 3589 4784 πολλοῦ
3622 4749 3683 4799 γε

2110 4817 2426 4871 συνεστάναι
2472 4816 2610 4869 κατὰ
2656 4817 2752 4886 τὴν
2799 4816 2950 4886 ἰσχὺν
2993 4817 3250 4871 δοκοῦντα
3295 4820 3393 4889 τὴν
3438 4821 3678 4872 οἰκείαν·

2107 4910 2292 4980 ἐπειδὴ
2338 4908 2543 4962 ἀνωθεν
2590 4907 2737 4978 αὐτῷ
2781 4907 3003 4961 τοιαῦτα
3044 4909 3466 4980 διαπράττεσθαι
3501 4913 3681 4983 ἔργον,

2107 5002 2199 5054 καὶ
2229 5001 2316 5053 διὰ
2345 4999 2600 5052 τοιούτων
2630 4998 2806 5069 ἔργων
2847 5000 2944 5069 τῆς
2989 5001 3298 5071 οἰκονομίας
3329 5003 3425 5071 τὴν
3458 5005 3682 5073 πορείαν

2106 5090 2503 5145 ἐπιδείκνυσθαι
2550 5089 2648 5158 τῆς
2696 5090 2918 5154 οἰκείας.
2957 5109 2975 5142 ‹
3019 5092 3163 5144 Ἀντὶ
3207 5093 3262 5145 δὲ
3316 5094 3501 5147 κόπων
3547 5091 3682 5148 εἶδον

2107 5182 2438 5251 σκηνώματα
2497 5181 2805 5243 Αἰθιόπων,
2865 5181 3258 5252 πτοηθήσονται
3325 5185 3525 5253 σκηναὶ
3583 5186 3681 5253 γῆς

2112 5273 2356 5342 Μαδιάμ.
2394 5291 2413 5324 ι
2447 5273 2554 5324 Καὶ
2586 5272 2691 5342 γὰρ
2737 5271 2901 5326 πάλαι
2948 5273 3211 5344 πρότερον
3257 5273 3493 5344 ὁπηνίκα
3545 5274 3683 5328 κατά

2111 5363 2209 5434 τὴν
2274 5364 2542 5431 Αἴγυπτον
2603 5364 2759 5433 ἡμῶν
2817 5361 3186 5427 δουλεύοντες,
3255 5365 3342 5418 ὅτε
3405 5364 3682 5434 βουληθεὶς

2111 5453 2422 5527 ἀπήλλαξας
2452 5454 2596 5525 ἡμᾶς
2629 5454 2726 5525 τῆς
2769 5454 2860 5507 ὑπ’
2907 5455 3225 5523 Αἰγυπτίοις
3250 5454 3508 5521 δουλείας,
3545 5450 3680 5512 εἶδον
