3830 6216
129 302 233 365 443

1032 306 1576 364 COMMENTARIUS
1599 307 1666 363 IN
1703 306 2044 363 IIADACUCI
2070 306 2493 363 ORATIONEM.

3276 306 3382 365 Ηϐ

132 423 366 492 ἐρήμους
399 424 499 487 τὰς
528 426 766 496 οἰκήσεις
801 424 1070 480 Αἰθιόπων
1105 444 1165 479 τε
1197 428 1291 481 καὶ
1330 427 1698 498 Μαδιηνα-ίων,

1809 444 1943 491 rum,
1997 436 2050 482 et
2096 435 2364 497 quotquot
2412 437 2541 481 tunc
2597 424 2938 479 inimicitiam
2982 425 3244 481 adversus
3282 442 3383 480 nos

130 514 216 565 καὶ
241 512 463 566 πάντων
487 531 549 581 γε
582 517 767 568 ὀπόσοι
811 517 910 587 τὴν
940 518 1138 588 ἔχθραν
1176 518 1397 590 ᾑροῦντο
1442 519 1562 571 τότε
1603 520 1704 589 τὴν

126 605 243 658 καθ’
278 606 460 676 ἡμῶν.
496 625 515 657 ι
559 609 650 678 Μὴ
693 612 749 662 ἐν
785 615 1044 681 ποταμοῖς
1097 613 1373 684 ὀργισθῇς,
1430 616 1622 684 Κύριε,
1670 614 1704 684 ἢ

122 697 178 748 ἐν
210 699 480 766 ποταμοῖς
512 700 541 751 ὸ
573 699 737 770 θυμός
770 718 883 765 σου,
924 702 998 772 (p.
1040 704 1162 773 576)
1198 704 1229 774 ἢ
1266 709 1323 758 ἐν
1369 706 1610 777 Θαλάσσῃ
1647 707 1706 759 τὸ

123 786 355 854 ὅρμημά
386 804 481 841 σου
508 806 523 854 ;
564 807 582 838 ι
623 790 782 852 Ἔθος
809 809 888 844 σοι
922 794 1061 846 κατὰ
1096 795 1355 865 ποταμῶν
1383 797 1475 848 καὶ
1504 796 1705 848 θαλάσ-

125 892 221 943 σης
272 877 377 946 τὴν
410 878 579 949 ὀργὴν
631 880 1030 936 ἐπιδείκνυσθαι
1077 885 1172 955 τὴν
1214 886 1453 939 οἰκείανο
1506 887 1566 939 τὸ
1598 886 1706 956 γὰρ

129 985 147 1017 ι
190 967 267 1036 μὴ
302 969 362 1019 ἐν
393 973 676 1039 ποταμοῖς,
711 990 730 1022 ι
762 973 883 1026 ἀντὶ
920 975 1034 1037 τοῦ,
1073 976 1184 1029 Οὐκ
1214 978 1270 1030 ἐν
1311 980 1571 1047 ποταμοῖς
1612 979 1707 1031 καὶ

123 1058 373 1130 θαλάσσῃ
394 1060 621 1114 πάντοτε
645 1063 741 1132 τὴν
767 1065 936 1134 ὀργὴν
962 1067 1055 1118 καὶ
1078 1067 1167 1118 τὸν
1196 1066 1364 1136 θυμὸν
1388 1067 1705 1133 ἐπιδέδειξαι

124 1150 410 1219 βουληθεὶς
436 1151 526 1203 τὸν
553 1154 767 1205 οἰκεῖον.
807 1154 1030 1222 Ἐπάγει
1060 1154 1220 1224 γοῦν·
1256 1175 1274 1207 ι
1314 1158 1433 1209 ’Ότι
1468 1157 1704 1228 ἐπιδήσῃ

123 1240 214 1290 ἐπὶ
233 1242 365 1302 τοὺς
401 1240 600 1304 ἵππους
642 1258 757 1306 σου,
791 1243 938 1313 καὶὴ
985 1245 1218 1298 ίππασία
1252 1264 1343 1299 σου
1393 1248 1654 1317 σωτηρία.
1680 1266 1698 1298 ι

125 1329 241 1380 "01'
265 1328 336 1382 ἂν
366 1331 778 1403 γὰρβουληθῇς,
800 1336 982 1406 φησὶν,
1013 1335 1199 1407 ὥσπερ
1229 1340 1311 1405 ἐφ’
1334 1338 1511 1391 ἵππων
1546 1339 1705 1392 τινῶν

124 1420 423 1474 ἐπιϐαίνων
452 1426 570 1486 ταῖς
600 1426 848 1495 ἀοράτοις
879 1429 969 1481 καὶ
999 1429 1394 1499 λειτουργικαῖς
1417 1429 1705 1499 δυνάμεσιν

122 1512 467 1577 ἐπιτάττεις’
510 1518 558 1568 οἱ
604 1517 660 1568 δὲ
708 1519 913 1582 πάντας
957 1522 1054 1589 μὲν
1099 1522 1307 1592 ἁθρόως
1342 1523 1703 1593 τιμωροῦνται

120 1605 249 1667 τοὺς
286 1606 591 1670 ἐναντίους·
625 1612 865 1681 σωτηρία
894 1613 949 1665 δὲ
990 1614 1236 1667 ἐντεῦθεν
1264 1614 1561 1682 ἐπιγίνεται
1594 1619 1704 1679 τοῖς

124 1694 256 1755 σοῖς.
301 1712 321 1744 ι
370 1696 649 1749 Ἐντείνων
690 1700 922 1763 ἐντενείς
962 1704 1022 1754 τὸ
1058 1702 1208 1767 τόξον
1239 1721 1333 1756 σου
1363 1706 1454 1757 ἐπὶ
1482 1705 1548 1759 τὰ
1574 1706 1703 1776 σκῆ-

1806 529 2189 588 susceperunt.
2230 538 2247 569 ι
2282 518 2419 571 Num
2449 516 2764 570 ﬂuminibus
2797 515 2971 569 iratus
2998 531 3079 576 es,
3131 515 3378 574 Domine,

1802 627 1932 664 num
1964 607 2230 680 (inquam)
2266 606 2764 662 adversusﬂumina
2795 605 2947 657 furor
2981 613 3128 665 tuus.
3163 613 3216 658 et
3247 619 3382 657 eon-

1807 709 1888 754 tra
1913 716 2060 755 mare
2084 702 2315 769 impetus
2347 699 2514 753 tuus?
2547 718 2566 749 ι
2596 697 2715 752 Mos
2744 697 2843 750 tibi
2870 703 2955 751 est
2980 696 3245 750 adversus
3278 693 3386 746 ﬂu-

1806 796 1952 846 mina
1985 800 2036 846 et
2064 807 2211 846 mare
2235 792 2369 844 iram
2400 798 2547 843 tuam
2572 788 2980 851 demonstrare;
3003 788 3057 840 id
3079 796 3162 840 est
3188 792 3381 840 contra

1806 884 2231 937 innumerabiles
2263 882 2490 952 populos
2521 880 2664 935 soles
2703 880 2875 934 iratus
2902 879 3197 949 potentiam
3230 890 3377 930 tuam

1806 973 2109 1026 ostendere.
2148 972 2282 1025 Nam
2332 970 2554 1033 locutio,
2585 988 2601 1021 ι
2634 985 2761 1022 num
2793 968 3128 1032 tlulninibus,
3167 986 3185 1019 ι
3224 967 3378 1036 poni-

1805 1071 1897 1117 tur
1939 1074 2057 1132 pro,
2087 1059 2201 1115 Non
2245 1062 2557 1115 ﬂuminibus
2617 1069 2778 1129 atque
2812 1061 2948 1114 mari
2996 1058 3132 1112 iram
3166 1071 3381 1124 semper

1805 1153 2151 1221 furoremque
2190 1161 2339 1205 tuum
2368 1152 2451 1205 vis
2499 1151 2895 1203 demonstrare.
2951 1146 3114 1199 Addit
3147 1146 3329 1213 itaque
3361 1159 3377 1195 :

1812 1264 1829 1297 ι
1866 1245 2000 1311 Quia
2031 1243 2295 1299 ascendes
2319 1258 2482 1312 super
2500 1257 2670 1310 equos
2697 1250 2855 1306 tuos;
2888 1247 2941 1293 et
2972 1236 3237 1307 equitatio
3261 1242 3376 1293 tua,

1805 1334 2053 1389 salvatio.
2077 1353 2095 1384 ι
2124 1332 2258 1386 Nam
2277 1347 2399 1385 cum
2425 1332 2684 1392 volueris,
2711 1331 2909 1396 inquit,
2928 1336 3187 1394 tanquam
3209 1337 3379 1390 equos

1804 1424 2066 1494 quosdam
2137 1423 2536 1485 conscendens,
2582 1419 2946 1475 invisibilibus
3006 1414 3381 1481 ministrisque

1806 1515 2097 1569 virtutibus
2116 1515 2348 1583 imperas
2379 1534 2391 1567 :
2427 1515 2507 1567 hae
2532 1529 2658 1567 vero
2681 1521 2907 1565 cunctos
2936 1509 3117 1563 subito
3143 1505 3380 1576 puniunt

1808 1606 2195 1661 adversarios:
2239 1614 2400 1674 atque
2434 1606 2562 1658 hinc
2590 1604 2791 1673 populo
2833 1612 2926 1655 tuo
2956 1602 3107 1656 salus
3136 1607 3375 1652 creatur.

1812 1714 1830 1746 ι
1892 1696 2181 1749 lntendens
2233 1695 2480 1749 intendes
2541 1709 2728 1747 arcum
2783 1700 2933 1745 tuum
2993 1705 3157 1759 super
3218 1686 3377 1758 247

122 1800 289 1853 πτρα,
328 1784 475 1852 λέγει
527 1786 748 1857 Κύριος.
787 1808 806 1840 ι
845 1791 1098 1861 Συνεχέσι
1149 1794 1204 1845 δέ
1245 1796 1363 1856 ταῖς
1417 1767 1707 1866 τιμωρίαις

1810 1798 2046 1856 sceptra,
2080 1788 2213 1840 dicit
2244 1786 2531 1841 Dominus.
2571 1804 2588 1837 ι
2623 1784 2905 1854 Perpetuis
2930 1779 3380 1849 castigationibus

120 1874 532 1938 κατακοντίζεις
555 1878 678 1939 τοὺς
721 1880 776 1930 ἐν
821 1878 1068 1950 βασιλείᾳ
1107 1883 1200 1933 καὶ
1249 1882 1534 1954 δυναστείᾳ
1577 1885 1707 1937 καθ-

122 1966 344 2019 εστάναι
397 1967 707 2032 δοκοῦντας.
746 1989 764 2021 ‹
797 1972 1069 2042 Ποταμοῖς
1118 1974 1412 2044 ῥαγήσεται
1460 1977 1493 2045 ή
1547 1976 1640 2046 γῆ.
1683 1994 1700 2026 ι

123 2056 287 2110 Ὠστε
328 2058 438 2110 τῶν
484 2060 746 2129 ποταμῶν
794 2062 893 2133 τὴν
946 2064 1221 2134 ἀναίρεσιν
1270 2068 1333 2117 ὲκ
1384 2066 1481 2135 τῆς
1540 2066 1708 2137 ὀργῆς

119 2148 318 2218 ἁθρόον
349 2151 640 2220 γινομένην
670 2152 767 2222 τῆς
800 2152 900 2222 σῆς
927 2154 1213 2225 διαρρῆξαι
1267 2156 1363 2225 τὴν
1405 2157 1507 2226 γῆν
1527 2174 1540 2187 ο
1589 2156 1707 2218 ἔθος

120 2239 226 2307 γὰρ
265 2240 430 2293 τοῦτο
464 2244 530 2311 τῇ
566 2244 636 2313 γῇ
675 2244 1014 2312 μειωθέντων
1049 2246 1337 2315 ὑπομένειν
1366 2247 1473 2297 τῶν
1504 2246 1708 2300 ὑδάτων

122 2329 226 2380 ἀπὸ
245 2329 349 2398 τῆς
370 2331 838 2403 ἐπακολουθούσης
860 2332 1153 2405 ξηρότητος
1182 2335 1426 2406 ὕστερον.
1460 2354 1476 2386 ι
1509 2336 1706 2404 Ὄψον-

120 2418 207 2471 ταί
250 2436 311 2471 σε
364 2424 460 2473 καὶ
492 2423 812 2493 ὠδινήσουσι
845 2424 979 2478 λαοί.
1029 2445 1048 2476 ι
1112 2427 1198 2479 Ἐν
1235 2427 1446 2489 ὀδύναις
1496 2426 1706 2480 ἔσονται

122 2509 387 2572 πλεῖστοι,
450 2512 571 2563 οὐδὲ
628 2515 724 2583 τὴν
781 2516 1042 2586 πρόσοψιν
1100 2520 1341 2585 ἐνεγκεῖν
1392 2518 1707 2589 δυνηθέντες

121 2599 217 2665 τήν
270 2599 399 2669 σήν.
460 2601 534 2668 (p.
583 2603 709 2669 577)
760 2625 778 2656 ι
811 2607 1123 2677 Σκορπίζων
1164 2608 1333 2661 ὕδατα
1396 2610 1635 2679 πορείας.
1683 2629 1700 2658 ι

136 2687 451 2755 Ἀφανίζεις
488 2692 596 2761 γὰρ
631 2692 909 2765 βουληθεὶς
963 2696 1182 2751 ἅπασαν
1226 2699 1415 2762 ὓδατος
1457 2700 1702 2763 διέξοδον.

130 2795 148 2828 ι
190 2780 439 2833 Ἔδωκεν
474 2783 507 2851 ἡ
545 2782 774 2848 ἄϐυσσος
804 2788 985 2858 φωνὴν
1017 2791 1205 2859 αὐτῆς,
1235 2790 1365 2859 ὕψος
1412 2791 1707 2859 φαντασίας

124 2872 315 2942 αὐτῆς.
357 2892 376 2923 ι
414 2874 547 2927 Τότε
599 2875 662 2945 δὴ
716 2878 808 2928 καὶ
853 2878 1087 2941 ἄϐυσσος
1134 2880 1322 2951 ὥσπερ
1366 2882 1485 2934 τινὰ
1524 2882 1705 2951 φωνὴν

124 2965 263 3016 κατὰ
313 2965 380 3017 τὸ
437 2966 663 3035 μέγεθος
716 2969 911 3039 ἀφήσει
965 2971 1023 3021 τὸ
1082 2973 1295 3035 οἰκεῖον,
1358 2972 1435 3041 τῷ
1482 2972 1705 3042 νεύματι

1812 1879 1997 1948 pulsas
2022 1893 2115 1933 eos
2147 1880 2240 1946 qui
2273 1878 2326 1930 in
2360 1892 2531 1947 regno
2561 1891 2624 1930 ac
2675 1881 2941 1944 potestate
2972 1869 3255 1926 constituti
3289 1868 3382 1918 vi—

1809 1971 2025 2025 dentur.
2064 1987 2082 2020 ι
2119 1968 2459 2024 Fluminibus
2484 1968 2762 2023 scindetur
2783 1976 2949 2021 terra.
2990 1983 3009 2015 ι
3038 1960 3379 2016 Fluminibus

1809 2069 2030 2131 repente
2061 2062 2128 2114 ab
2182 2063 2261 2115 ira
2292 2068 2383 2113 tua
2422 2060 2731 2124 exstinctis,
2757 2066 2901 2111 terra
2932 2054 3230 2109 seindetur.
3264 2051 3381 2103 Mos

1806 2155 1952 2210 enim
1985 2162 2068 2208 est
2104 2162 2162 2207 ut
2208 2153 2311 2207 hoc
2343 2162 2485 2206 terra
2518 2153 2774 2220 patiatur,
2811 2149 3111 2202 imminutis
3140 2147 3297 2214 aquis
3326 2153 3382 2197 et

1808 2255 2175 2315 consequente
2207 2260 2327 2297 mox
2377 2243 2644 2298 siccitate.
2684 2260 2702 2292 ι
2747 2240 3017 2294 Videbunt
3049 2247 3120 2304 te,
3150 2244 3202 2291 et
3227 2236 3377 2287 dole-

1808 2337 1942 2390 bunt
1989 2335 2193 2405 populi.
2238 2353 2255 2385 ›
2290 2331 2816 2386 Plurimidolorihus
2866 2328 3251 2396 corripientur,
3286 2340 3381 2376 nc-

1807 2441 1912 2495 que
1945 2425 2086 2478 ferre
2106 2431 2360 2495 poterunt
2407 2431 2688 2492 aspectum
2754 2431 2924 2474 tuum.
2968 2437 2985 2468 ι
3052 2417 3380 2484 Dispergeus

1808 2530 1975 2585 aquas
2007 2515 2242 2569 itineris.
2280 2534 2298 2566 ι
2344 2512 2664 2575 Praecludis,
2696 2512 2738 2565 si
2774 2509 2912 2563 forte
2974 2507 3232 2569 volueris,
3263 2519 3382 2557 om-

1809 2621 1929 2658 nem
1963 2620 2113 2672 aqua:
2146 2605 2371 2657 exitum.
2448 2621 2465 2653 ι
2509 2601 2665 2655 Dedit
2725 2600 2957 2669 ahyssus
2984 2611 3168 2651 vocem
3202 2608 3377 2648 suam.

1807 2694 2035 2746 altitudo
2082 2694 2379 2763 phantasia:
2425 2691 2568 2760 ejus.
2618 2710 2637 2742 ι
2679 2687 2835 2741 Tunc
2892 2687 3114 2756 quidem
3145 2684 3379 2751 abyssns

1808 2788 1969 2839 etiam
2031 2800 2214 2838 vocem
2251 2784 2537 2852 quamdam
2589 2798 2686 2850 pro
2713 2796 2809 2834 sua
2835 2775 3202 2847 magnitudine
3236 2773 3380 2832 edet,

1809 2888 1944 2931 nutu
1994 2885 2088 2929 tuo
2117 2891 2404 2931 concussa.
2471 2893 2487 2925 ι
2562 2875 2817 2927 Elevatus
2856 2881 2939 2924 est
2966 2870 3069 2930 sol,
3140 2873 3193 2919 et
3254 2865 3380 2917 luna

1809 2970 1956 3021 stetit
1989 2967 2040 3018 in
2062 2966 2253 3021 ordine
2280 2982 2398 3021 suo.
2435 2986 2451 3017 ι
2488 2965 2754 3030 Quoniam
2788 2962 2869 3015 sol
2901 2960 3153 3013 occidere
3181 2954 3383 3007 dicitur

125 3055 460 3153 κλονουμένη
490 3057 566 3127 τῷ
594 3057 688 3129 σῷ.
724 3077 741 3110 ι
788 3059 1028 3131 Ἐπήρθη
1060 3064 1086 3113 ὁ
1112 3063 1280 3131 ἥλιος,
1317 3064 1410 3115 καὶ
1439 3065 1469 3132 ή
1508 3062 1703 3133 σελήνη

1809 3059 2152 3125 angustiatis,
2193 3074 2342 3111 nunc
2406 3060 2521 3109 vult
2582 3056 2765 3108 dicere
2823 3053 2939 3106 fore
2971 3057 3030 3103 ut
3065 3048 3191 3109 illis,
3242 3059 3381 3116 quos

124 3145 272 3198 ἔσται
302 3148 365 3199 ἐν
395 3150 461 3218 τῇ
496 3148 645 3212 τάξει
693 3150 883 3220 αὐτῆς.
919 3171 936 3201 ι
977 3152 1191 3222 Ἐπειδὴ
1237 3153 1379 3204 δύειν
1423 3153 1567 3219 λέγει
1613 3152 1702 3205 τὸν

123 3238 270 3304 ἣλιον
303 3241 419 3300 τοῖς
451 3240 509 3291 ἐν
544 3241 827 3309 ἀνάγκαις,
872 3242 1103 3296 ἐνταῦθα
1144 3242 1299 3295 τοῦτο
1349 3243 1592 3313 βούλεται
1630 3244 1707 3294 εί-

1807 3158 1864 3202 ιυ
1894 3148 1945 3201 in
1971 3148 2333 3217 prosperitate
2359 3147 2716 3205 constituisti,
2742 3144 2892 3197 solet.
2914 3144 3039 3193 luna
3078 3136 3378 3192 secundum

1807 3239 2082 3308 propriam
2125 3246 2375 3291 naturam
2415 3235 2684 3306 splendidi
2742 3239 3060 3303 appareant.
3111 3246 3130 3279 ‹
3171 3226 3228 3279 In
3260 3226 3382 3279 luce

126 3330 267 3391 πεῖν,
307 3329 393 3381 ὅτι
417 3331 540 3393 Τοῖς
575 3332 727 3403 παρὰ
761 3333 853 3386 σοῦ
885 3336 941 3386 ἐν
977 3335 1253 3405 εὐπραγίᾳ
1290 3334 1705 3405 καθισταμένοις

1809 3329 1982 3398 iacula
2015 3338 2107 3382 tua
2142 3329 2314 3382 ibunt.
2360 3345 2377 3377 ι
2419 3324 2709 3395 Splendide
2750 3323 3026 3390 multaque
3059 3334 3183 3372 cum
3215 3318 3382 3371 clari-

127 3421 369 3488 φωτεινὰ
400 3423 543 3476 κατὰ
585 3424 680 3494 τὴν
703 3426 909 3479 οἰκείαν
938 3426 1098 3495 φύσὶν
1130 3429 1376 3495 φανεῖται
1410 3428 1437 3479 ὁ
1465 3428 1613 3496 ἦλιός
1646 3445 1706 3480 τε

128 3512 223 3564 καὶ
250 3514 283 3583 ἡ
315 3514 536 3584 σελήνη.
566 3534 584 3565 ι
616 3516 711 3579 Εἰς
744 3518 858 3584 φῶς
895 3517 1094 3586 βολίδες
1138 3536 1231 3571 σου
1257 3518 1637 3589 πορεύσονται’
1683 3538 1700 3569 ι

132 3603 445 3673 περιφανῶς
496 3605 589 3656 καὶ
634 3605 772 3674 μετὰ
828 3608 1027 3677 πολλῆς
1069 3610 1165 3678 τῆς
1200 3608 1576 3679 λαμπρότητος
1612 3610 1711 3660 ἐπ-

133 3692 277 3756 άξεις
300 3693 403 3756 τὰς
431 3694 641 3764 πληγὰς
665 3699 771 3758 τοῖς
801 3697 1080 3761 ἐναντίοις.
1110 3717 1127 3748 ι
1166 3699 1258 3760 Εἰς
1283 3699 1482 3765 φέγγος
1508 3699 1710 3766 ἀστρα-

132 3785 240 3854 πῆς
269 3786 450 3837 ὅπλων
483 3802 596 3838 σου.
637 3805 653 3835 ι
697 3788 1003 3857 Ἀστραπῆς
1038 3789 1191 3858 δίκην
1218 3788 1485 3857 ἐκλάμψει
1522 3806 1613 3840 σου
1642 3788 1709 3839 τὰ

132 3877 290 3941 ὅπλα,
320 3877 407 3927 ἵνα
434 3876 585 3946 εἴπῃ,
628 3878 689 3928 Ἡ
728 3881 865 3930 κατὰ
898 3879 1006 3930 τῶν
1038 3878 1308 3949 πολεμίων
1348 3880 1513 3949 ίσχύς.
1557 3897 1575 3929 ι
1624 3880 1710 3930 Ἐν

132 3968 328 4039 ἀπειλῇ
381 3985 473 4020 σου
522 3969 802 4037 ὀλιγώσεις
843 3974 966 4040 γῆν,
1010 3972 1101 4024 καὶ
1157 3975 1213 4027 ἐν
1251 3972 1406 4042 θυμῷ
1462 3972 1712 4036 κατάξεις

133 4060 279 4132 ἔθνη.
322 4082 341 4113 ι
380 4063 567 4115 Πᾶσαν
612 4063 708 4132 τὴν
738 4063 838 4133 γῆν
887 4063 1023 4131 μετὰ
1071 4065 1176 4117 τῶν
1219 4065 1508 4117 οἰκούντων
1546 4066 1712 4134 αὐτὴν

135 4151 413 4223 ὀργισθεὶς
452 4153 723 4221 ἀποφάσει
753 4155 883 4223 μόνῃ
921 4155 1196 4217 παντελῶς
1220 4155 1521 4218 ἀπολλύεις.

1807 3429 1916 3475 tate
1946 3422 2131 3489 plagas
2165 3418 2489 3472 adversariis
2517 3416 2623 3469 tuis
2652 3415 2945 3481 imponesu
2980 3412 3031 3463 ln
3063 3407 3382 3477 splendores

1808 3511 2212 3568 coruscationis
2256 3523 2536 3562 armorum
2590 3515 2829 3559 tuorum.
2872 3522 2890 3553 ›
2928 3501 3179 3570 Fulguris
3210 3499 3382 3552 instar

1809 3604 2171 3673 Splendebunt
2209 3616 2357 3653 arma
2426 3610 2537 3661 tua,
2575 3597 2626 3651 id
2650 3604 2736 3649 est.
2755 3602 2946 3647 contra
3004 3594 3189 3645 hostes
3224 3588 3384 3641 ferti-

1810 3696 1958 3748 tudo.
2006 3712 2023 3742 ι
2065 3692 2122 3744 In
2148 3690 2571 3743 counniuatiouc
2628 3695 2718 3739 tua
2756 3684 3046 3737 imminues
3073 3689 3294 3739 terram.
3329 3689 3383 3733 et

1810 3787 1864 3840 in
1900 3786 2082 3838 furore
2111 3796 2201 3836 tuo
2222 3782 2475 3836 detrahes
2542 3787 2747 3849 gentes.
2790 3794 2806 3825 ›
2839 3773 3155 3827 Uuiversam
3177 3777 3380 3823 terram

1811 3892 1935 3929 cum
1996 3875 2192 3929 incolis
2246 3875 2383 3940 suis,
2412 3886 2534 3925 cum
2598 3870 2770 3922 iratus
2803 3864 2992 3930 lueris,
3025 3877 3131 3916 uno
3164 3861 3382 3915 decreto

1812 3979 2030 4034 pessum
2062 3964 2181 4017 das.

201 4244 354 4312 Στίχ.
408 4250 603 4311 ιγ’-ις’.
658 4273 726 4284 ——
778 4263 796 4294 ι
854 4245 1105 4315 Ἐξῆλθες
1149 4246 1229 4308 είς
1282 4247 1553 4316 σωτηρίαν
1614 4245 1705 4300 τοῦ

1883 4242 2049 4298 Vens.
2092 4239 2359 4295 l3-16.—
2404 4256 2421 4288 ι
2456 4237 2721 4307 Egressus
2750 4250 2807 4287 es
2848 4233 2902 4285 in
2931 4232 3157 4286 salutem
3193 4227 3383 4297 populi

136 4335 261 4388 λαοῦ
296 4353 429 4396 σου.
462 4336 557 4388 τοῦ
588 4336 758 4389 σῶσαι
807 4339 934 4399 τοὺς
972 4338 1225 4407 χριστούς
1257 4355 1371 4391 σου.
1411 4358 1429 4388 ι
1467 4340 1715 4391 ’Ἀπαντα

137 4426 240 4497 γὰρ
265 4427 531 4495 πράττεις
560 4428 651 4480 ἐπὶ
682 4429 924 4499 σωτηρίᾳ
955 4429 1045 4481 τοῦ
1075 4429 1273 4481 οίκείου
1303 4429 1432 4481 λαοῦ
1466 4429 1559 4481 ἅτε
1586 4430 1715 4492 ἐξει-

136 4514 420 4584 λεγμένων
467 4517 618 4585 παρὰ
668 4518 791 4570 σοῦ·
856 4519 1109 4588 χριστοὺς
1156 4519 1264 4589 γὰρ
1310 4520 1545 4573 ἐνταῦθα
1589 4523 1714 4584 τοὺς

139 4608 560 4678 ἐξειλεγμένους
599 4608 771 4678 λέγει,
826 4610 886 4661 ού
933 4612 1056 4671 τοὺς
1101 4612 1527 4680 κεχρισμένους·
1573 4612 1647 4675 ὡς
1688 4616 1716 4664 ὁ

144 4701 413 4769 μακάριος
443 4698 605 4751 Δαυῖὄ
636 4700 762 4770 περί
784 4718 841 4752 τε
866 4700 960 4753 τοῦ
1004 4701 1250 4772 Ἀϐραὰμ
1285 4704 1377 4755 καὶ
1403 4702 1496 4755 τοῦ
1535 4703 1718 4756 Ἰσαάκ

141 4792 232 4843 καὶ
266 4790 361 4842 τοῦ
411 4789 624 4848 Ἰακὼϐ,
660 4791 852 4857 λέγων,
889 4810 907 4841 ‹
959 4791 1048 4862 Μὴ
1077 4792 1312 4845 ἅπτεσθε
1341 4793 1448 4845 τῶν
1483 4794 1718 4863 χριστῶν

147 4898 246 4949 μου
270 4920 285 4943 ,
317 4882 419 4932 καὶ
453 4882 511 4932 ἐν
536 4884 649 4943 τοῖς
679 4884 985 4952 προφήταις
1019 4901 1117 4952 μου
1147 4884 1220 4953 μὴ
1252 4883 1615 4955 πονηρεύεσθε
1642 4901 1655 4913 θ
1694 4903 1711 4935 ι

143 4971 403 5036 χριστοὺς
424 4968 523 5037 οὐχ
544 4969 618 5031 ὡς
644 4970 1057 5040 κεχρισμένους,
1088 4970 1287 5035 ἀλλ’ὡς
1314 4972 1717 5042 ἐξειλεγμένους

146 5057 339 5118 αὐτοὺς
386 5055 648 5127 εἰρηκώς.
688 5063 765 5126 (p.
824 5058 968 5127 378)
1008 5078 1026 5110 ι
1088 5060 1319 5123 Ἔὸαλες
1352 5063 1430 5122 είς
1477 5061 1717 5128 κεφαλὰς

147 5147 365 5215 ἀνόμων
397 5146 644 5200 θάνατον.
680 5167 698 5199 ι
747 5148 916 5219 Ύπέρ
944 5145 1132 5201 τούτού
1166 5149 1376 5218 θανάτῳ
1408 5151 1716 5220 περιϐαλείς

148 5237 269 5300 τοὺς
304 5237 601 5298 ἐναντίους.
650 5256 669 5288 ι
719 5239 1029 5310 Ἐξήγειρες
1062 5241 1292 5311 δεσμοὺς
1317 5241 1420 5303 ἕως
1445 5242 1715 5312 τραχήλου

150 5327 225 5388 εἰς
252 5326 432 5386 τέλος.
467 5345 486 5375 ι
512 5329 622 5379 Καὶ
649 5327 899 5397 δεσμίους
926 5330 1124 5393 αὐτοὺς
1146 5330 1474 5401 ἡττηθέντας
1508 5332 1720 5400 ἀποφα-

152 5417 279 5477 νεῖς.
313 5433 334 5465 ι
371 5416 639 5485 Διέκοψας
682 5419 739 5469 ἐν
788 5420 1042 5474 ἐκστάσει
1085 5423 1322 5491 κεφαλὰς
1354 5423 1646 5476 δυναστῶν.
1695 5443 1713 5476 ι

153 5503 289 5567 Τοὺς
323 5506 584 5577 πρότερον
622 5507 1041 5575 δυναστεύοντας
1074 5511 1211 5565 οὕτω
1238 5515 1304 5583 τῇ
1343 5512 1537 5565 σαυτοῦ
1580 5515 1714 5583 ὀργῇ

258 5678 304 5710 ι’
339 5677 491 5735 Psal.
528 5698 638 5747 etv,
676 5681 765 5737 15.

1811 4337 1912 4399 tui,
1949 4334 2016 4387 ad
2050 4330 2340 4388 salvandos
2366 4329 2602 4383 ehristos
2634 4336 2774 4381 tuos.
2806 4344 2824 4374 ι
2853 4323 3047 4377 Omnia
3079 4335 3175 4389 pro
3208 4320 3383 4373 salute

1813 4425 2015 4495 pr0prii
2066 4424 2250 4492 populi
2291 4422 2426 4490 agis,
2480 4420 2572 4487 qui
2608 4425 2827 4471 constat
2867 4431 2931 4469 ex
2973 4414 3162 4467 electis
3222 4411 3331 4463 tuis
3366 4427 3380 4461 :

1813 4515 2050 4569 christos
2072 4513 2217 4566 enim
2255 4512 2343 4563 hic
2366 4512 2565 4564 electos
2589 4507 2840 4577 appellat,
2864 4520 2971 4557 non
3003 4516 3129 4555 vero
3165 4507 3380 4553 unctos.

1816 4605 1968 4661 Sicut
1992 4607 2183 4660 be‘atus
2211 4602 2379 4658 David
2421 4601 2488 4655 de
2516 4601 2843 4662 Abrahamo,
2876 4598 3063 4649 lsaaco
3094 4600 3146 4647 et
3174 4591 3384 4645 Jacobo

1813 4699 2041 4767 loquens
2070 4714 2082 4749 :
2118 4712 2133 4743 ε
2157 4693 2352 4759 Nolite,
2375 4691 2571 4763 inquit,
2592 4698 2813 4759 tangere
2838 4687 3075 4741 christos
3128 4698 3300 4745 meos,
3329 4688 3383 4734 et

1814 4792 1870 4844 in
1896 4787 2174 4859 prophetis
2201 4786 2336 4838 meis
2357 4784 2525 4837 nolite
2558 4780 2841 4850 malignari
2872 4778 2953 4843 ";
2985 4795 3002 4826 ι
3039 4774 3276 4828 christos
3303 4770 3385 4823 vi-

1813 4882 2001 4936 delicet
2047 4894 2141 4931 eos
2200 4876 2497 4944 appellans.
2550 4890 2657 4926 non
2700 4872 2826 4941 quia
2857 4878 3071 4927 unctos,
3130 4865 3223 4919 sed
3254 4864 3384 4933 quia

1812 4973 2037 5025 electos.
2087 4986 2105 5018 ι
2154 4966 2349 5019 Misisti
2398 4966 2450 5017 in
2499 4966 2674 5030 capita
2716 4962 3025 5029 iniquorum
3075 4964 3326 5009 mortem.
3357 4973 3379 5005 ι

1815 5061 2109 5130 Propterea
2169 5057 2515 5112 adversarios
2552 5063 2725 5107 morte
2758 5050 3074 5119 occupabis.
3109 5065 3128 5099 ι
3190 5046 3384 5101 Susci-

1816 5151 1938 5204 tasti
1966 5147 2185 5202 vincula
2213 5160 2385 5214 usque
2415 5145 2480 5197 ad
2520 5144 2740 5204 collum,
2774 5140 2827 5192 in
2856 5138 3038 5191 tinem.
3086 5155 3105 5187 ι
3147 5136 3384 5204 Supera-

1817 5249 1904 5295 tos
1934 5256 1963 5293 a
2000 5248 2072 5301 te,
2103 5238 2316 5291 vinctos
2353 5235 2517 5289 etiam
2567 5232 2891 5287 ostentabis.
2936 5229 3100 5300 248
3126 5245 3145 5278 ι
3186 5224 3385 5280 ΡΙ·ωοὶ-

1817 5330 1946 5386 disti
1976 5331 2028 5382 in
2064 5337 2286 5397 stupore
2319 5326 2499 5393 capita
2528 5323 2854 5392 principum.
2897 5340 2916 5371 ι
2962 5322 3067 5374 Eos
3100 5317 3194 5387 qui
3227 5321 3389 5369 antea

1819 5420 2257 5479 dominabantur,
2311 5426 2416 5469 tam
2447 5415 2791 5469 vehementer
2820 5413 2901 5464 ira
2937 5419 3027 5463 tua
3074 5404 3388 5467 concidisti,

1828 5523 1885 5568 ut
1916 5511 2169 5567 omnibus
2198 5520 2389 5575 stupor
2431 5505 2610 5560 fuerit.
2648 5523 2665 5556 ι
2716 5502 3055 5559 Relaxabunt
3087 5498 3238 5551 frena
3264 5510 3393 5577 sua,
