3830 6216
412 235 518 290 ΔΗ
1573 233 1924 290 TllEODORl
1959 234 2014 288 Ml

2118 232 2188 289 5U
2201 230 2441 288 ESTENI
3551 224 3577 276 εί
3599 226 3660 279 ί3

419 361 560 412 sicut
601 369 802 423 pauper
843 351 1133 408 comedens
1191 353 1242 406 in
1282 354 1572 408 absconso.
1638 373 1656 405 ι
1692 353 1986 409 Resolvere

2118 352 2334 423 ’φοδρῶς
2360 351 2626 422 διέτεμες,
2661 351 2800 405 ὥστε
2851 353 3050 407 ἅπασιν
3095 350 3408 421 ἐγγενέσθαι
3439 348 3658 418 θαῦμα.

417 466 513 501 ut'a
553 461 652 500 sua
709 445 776 499 ad
815 445 1039 499 liberum
1067 460 1370 499 sermonem
1407 461 1514 500 non
1549 445 1859 509 audebunt;
1891 446 1986 502 sed

2161 442 2541 512 Σεισθήσονται
2593 443 2648 494 ἐν
2695 443 2852 514 αὐτῇ.
2909 465 2926 494 ι
2977 443 3335 513 Σαλευόμενοι
3385 441 3656 510 τιμωρίᾳ.

420 552 571 591 more
605 535 876 604 pauperis,
926 535 1016 602 qui
1059 534 1376 588 snbfuratus
1399 536 1602 604 aliquid
1638 537 1871 590 latenter
1894 552 1984 590 co—

421 626 610 684 metlit,
643 641 710 678 ne
737 624 871 678 forte
898 624 1352 692 deprehendatur,
1416 626 1587 679 multo
1636 642 1759 680 cum
1794 627 1989 684 timore

423 716 731 786 Suqttentur.
770 733 786 764 ι
831 715 893 767 Et
949 714 1317 783 superduxisti
1353 716 1408 768 in
1452 731 1600 770 mare
1647 733 1818 786 equos
1841 726 1985 784 tuos,

425 809 709 861 turbantes
744 821 913 876 aquas
947 807 1161 859 multas.
1207 825 1224 857 ι
1261 805 1536 862 lmmisisti
1567 807 1867 864 invisibiles
1895 825 1990 878 po-

426 908 648 959 testates
677 908 796 952 luas
825 897 1085 953 adversus
1118 898 1354 950 hostium
1390 899 1816 964 multitudinem,
1847 901 1990 954 mul-

427 999 536 1044 tam
579 989 684 1044 illis
741 989 1104 1043 turbationem
1151 1001 1574 1045 commoventes.
1629 1009 1648 1042 ι
1687 989 1989 1057 Custodivi,

425 1090 477 1133 et
522 1079 738 1148 expavit
779 1087 965 1133 venter
999 1093 1151 1134 meus
1201 1093 1230 1130 a
1266 1093 1396 1134 voce
1433 1079 1696 1134 orationis
1724 1081 1990 1136 labiorum

429 1184 695 1235 meorum,
747 1177 802 1224 et
848 1170 1131 1238 ingressus
1161 1179 1246 1226 est
1286 1178 1492 1225 tremor
1522 1171 1575 1223 in
1604 1184 1729 1225 ossa
1775 1185 1916 1234 mea,
1940 1179 1996 1228 et

429 1259 616 1314 subter
647 1275 734 1314 me
760 1260 1084 1314 conturbata
1131 1268 1214 1317 est
1268 1262 1530 1317 habitudo
1564 1277 1702 1316 mea.
1763 1281 1780 1314 ι
1843 1263 1996 1333 διειρθ

429 1351 597 1419 igitur
643 1351 791 1405 circa
829 1352 969 1405 mala
997 1368 1119 1422 quae
1148 1353 1449 1422 agebantur
1502 1355 1778 1410 silentium
1813 1367 1997 1412 tenere

431 1441 659 1506 malens,
709 1447 764 1497 et
819 1443 1052 1496 orationi
1093 1458 1307 1510 vacare,
1349 1445 1657 1500 futurorum
1707 1455 1996 1505 eventuum

433 1530 764 1585 revelatione
786 1539 1030 1601 accepta,
1057 1533 1220 1587 timor
1242 1544 1475 1590 mentem
1498 1551 1671 1592 meam
1689 1539 1996 1607 occupavit.

2095 553 2114 586 ι
2162 533 2493 599 Διανοίξουσι
2541 532 2793 601 χαλινοὺς
2842 534 3020 587 αὐτῶν
3066 534 3141 596 ὡς
3197 532 3388 585 ἐσθίων
3438 529 3662 598 πτωχὸς

2091 624 2287 694 λάθρα.
2328 643 2347 675 ι
2381 624 2650 686 Διανοῖξαι
2679 624 2739 675 τὸ
2763 624 2933 693 στόμα
2955 623 3132 678 αὐτῶν
3151 625 3232 686 είς
3266 623 3660 692 πεπαρρησια-

2095 715 2297 784 σμένην
2321 713 2381 766 οὐ
2411 712 2735 783 τολμήσουσι
2770 713 2955 767 λαλιάν
2975 730 2987 743 ’
3022 713 3177 782 δίκην
3204 712 3260 765 δὲ
3297 712 3534 778 πένητος
3569 725 3664 760 κε-

2093 805 2349 872 κλοφότος
2379 821 2431 856 τι
2467 804 2560 856 καὶ
2586 803 2856 874 λαθραίως
2891 803 3156 866 ἐσθίοντος
3184 803 3258 865 ὡς
3285 802 3350 855 ἂν
3383 801 3458 870 μὴ
3501 798 3620 867 ἁλῷ
3645 837 3660 859 ,

2097 897 2234 966 μετά
2263 896 2456 950 πολλοῦ
2480 896 2797 965 φθέγξονται
2819 895 2910 948 τοῦ
2939 894 3106 957 δέους.
3139 912 3156 944 ι
3195 894 3304 946 Καὶ
3323 889 3664 950 ὲπεϐίϐασας

2097 986 2222 1048 τοὺς
2270 987 2468 1049 ἵππους
2521 1003 2612 1038 σου
2668 987 2760 1038 ἐπὶ
2801 986 2898 1055 τὴν
2961 984 3234 1038 θάλασσαν
3282 982 3664 1052 ταράσσοντας

2097 1075 2262 1130 ὕδατα
2307 1077 2492 1131 πολλά.
2540 1097 2558 1130 ι
2610 1077 2926 1145 Ἐπαφῆκας
2963 1075 3060 1137 τὰς
3104 1074 3364 1146 άοράτους
3397 1072 3664 1139 δυνάμεις

2094 1168 2171 1238 τῷ
2194 1168 2385 1238 πλήθει
2425 1169 2534 1223 τῶν
2568 1168 2857 1237 πολεμίων,
2903 1167 3164 1236 μεγίστην
3208 1165 3389 1226 αὐτοῖς
3412 1162 3666 1232 ταραχὴν

2097 1260 2547 1330 ὲνεργαζομένας.
2581 1277 2598 1310 ι
2652 1257 3053 1328 Ἐφυλαξάμην,
3082 1257 3174 1310 καὶ
3199 1253 3436 1324 ἐπτοήθη
3466 1255 3501 1322 ἡ
3527 1269 3666 1321 καρ⁴

2095 1353 2182 1406 δία
2232 1369 2331 1422 μου
2389 1351 2498 1405 ἀπὸ
2539 1351 2720 1420 φωνῆς
2755 1349 3056 1418 προσευχῆς
3099 1345 3319 1417 χειλέων
3373 1361 3475 1414 μου
3510 1359 3525 1372 ·
3576 1342 3669 1394 καὶ

2098 1443 2317 1514 εἰσῆλθε
2351 1443 2550 1514 τρόμος
2582 1443 2662 1503 είς
2711 1458 2780 1494 τα
2825 1440 2958 1492 ὀστᾶ
3003 1455 3101 1508 μου
3128 1479 3142 1503 ,
3193 1436 3285 1489 καὶ
3311 1432 3668 1487 ὑποκάτωθέν

2102 1554 2202 1608 μου
2230 1533 2503 1605 ἐταράχθη
2532 1535 2565 1603 ὴ
2597 1532 2709 1597 ἕξις
2744 1549 2868 1602 μου.
2912 1550 2930 1583 ι
2979 1529 3243 1591 Πολλάκις
3271 1525 3401 1594 γοῦν
3425 1523 3521 1578 ἐπὶ
3554 1525 3669 1581 τοῖς

430 1625 486 1675 et
518 1628 635 1674 toto
687 1635 916 1692 corpore
943 1624 1264 1678 contremui.
1321 1644 1339 1677 ι
1399 1623 1758 1696 Requiescam
1810 1629 1866 1682 in
1910 1629 2000 1684 die

2118 1625 2496 1697 τραττομένοις
2535 1625 2722 1685 κακοῖς
2761 1623 2859 1692 τὴν
2886 1621 3114 1691 ἡσυχίαν
3153 1618 3403 1688 ἑλόμενος
3435 1614 3672 1680 ἀγαγεῖν

435 1711 818 1778 tribulationis,
843 1721 902 1767 ut
958 1715 1250 1771 ascendam
1299 1716 1367 1771 ad
1425 1694 1682 1787 populum
1727 1720 2000 1776 ineolatus

2199 1694 2472 1786 προσευχῇ
2503 1713 2870 1784 χρησάμενος,
2920 1711 3015 1766 καὶ
3053 1710 3182 1781 περὶ
3220 1707 3330 1760 τῶν
3363 1704 3671 1776 μελλόντων

434 1805 562 1859 mei.
602 1822 622 1856 ι
674 1802 897 1860 Miratus
930 1820 1051 1859 sum
1086 1807 1270 1860 audita
1329 1807 1636 1864 incredililti
1674 1825 1768 1877 per
1813 1818 2004 1879 poten-

435 1891 564 1947 tiam
603 1898 752 1946 tuam
783 1905 842 1946 re
873 1891 1085 1957 futura;
1136 1894 1282 1962 quod
1325 1910 1518 1965 nempe
1563 1911 1626 1950 ex
1656 1897 1747 1950 tali
1777 1897 2006 1950 tribula-

437 1983 582 2037 tione
603 1982 880 2053 tautisque
905 1984 1084 2048 malis,
1117 1985 1317 2054 quibus
1347 1985 1401 2040 in
1433 1987 1749 2056 captivitate
1788 1989 2004 2042 exerci-

439 2082 527 2128 tus
561 2073 660 2138 fui,
704 2075 949 2144 requiem
983 2089 1286 2145 consequar
1309 2084 1365 2130 et
1399 2078 1773 2132 molestiarum
1819 2078 2008 2147 depul-

437 2162 698 2216 sionem:
751 2165 884 2232 quin
940 2165 1109 2223 etiam
1175 2165 1242 2219 ad
1299 2166 1571 2224 incolatus
1615 2168 1787 2222 nostri
1831 2167 2008 2223 locum

439 2267 655 2323 pergam
692 2269 816 2308 cum
852 2256 1074 2324 preprio
1104 2255 1326 2324 populo.

2102 1808 2348 1862 ἐντεῦθεν
2372 1805 2710 1874 ἀποκάλυψιν
2735 1803 2936 1867 λαϐὼν,
2962 1801 3108 1872 φόϐῳ
3127 1817 3185 1854 τε
3212 1795 3548 1867 κατεσχέθην
3573 1794 3671 1861 τὴν

2101 1899 2355 1962 διάνοιαν,
2410 1898 2504 1950 καὶ
2538 1895 2740 1966 τρόμος
2796 1894 2915 1948 ὅλον
2962 1909 3027 1963 με
3081 1891 3148 1944 δι’
3197 1889 3318 1944 ὅλου
3377 1884 3668 1952 κατέσχεν.

2104 1989 2180 2058 (ι).
2206 1988 2331 2056 379)
2366 2006 2384 2038 ι
2433 1986 2840 2054 Ἀναπαύσομαι
2869 1986 2926 2036 tv
2957 1981 3136 2053 ἡμέρᾳ
3163 1978 3393 2047 θλίψεως
3418 1973 3514 2028 τοῦ
3548 1976 3670 2026 ἁνα-

2103 2077 2264 2147 6ἧναι
2298 2079 2378 2140 είς
2404 2076 2529 2130 λαὸν
2558 2075 2846 2146 παροικίας
2878 2090 2998 2143 μου.
3036 2089 3055 2123 ι
3090 2069 3200 2124 Καὶ
3226 2067 3334 2138 γὰρ
3363 2063 3671 2133 ἐθαύμαζον

2109 2165 2295 2235 μαθὼν
2332 2169 2565 2238 πρᾶγμα
2589 2167 2814 2222 ἄπιστον
2845 2163 3100 2234 ἐσόμενον
3121 2163 3188 2231 τῇ
3217 2159 3444 2228 δυνάμει
3470 2158 3536 2224 τῇ
3570 2156 3664 2222 σῇ·

2105 2261 2186 2314 ὅτι
2211 2263 2276 2313 ὲκ
2299 2259 2566 2328 τοσαύτης
2599 2259 2828 2328 θλίψεως
2854 2257 2948 2310 καὶ
2976 2253 3245 2308 τοσούτων
3272 2249 3482 2313 κακῶν,
3517 2248 3574 2298 tv
3595 2240 3670 2305 οῖς

437 2339 525 2394 διὰ
570 2341 670 2410 τῆς
717 2341 1091 2411 αίχμαλωσίας
1125 2343 1446 2414 έξητάσθην,
1490 2346 1546 2398 tv
1585 2347 1887 2401 ἀναπαύσει
1925 2366 1982 2400 τε
2025 2349 2214 2419 ἔσομαι
2260 2351 2354 2403 καὶ
2388 2350 2674 2418 ἀπαλλαγῇ
2715 2348 2824 2402 τῶν
2859 2345 3080 2399 δεινῶν·
3124 2342 3214 2404 καί
3250 2340 3312 2410 δὴ
3336 2339 3431 2394 καὶ
3455 2336 3548 2390 ἐπὶ
3577 2333 3672 2403 τὴν

439 2433 732 2502 παροικίαν
756 2434 854 2505 τὴν
885 2435 1155 2506 ἡμετέραν
1189 2437 1542 2508 ἀνελεύσομαι
1568 2441 1704 2508 μετά
1737 2440 1830 2494 τοῦ
1859 2440 1984 2494 λαοῦ
2017 2441 2106 2494 τοῦ
2132 2443 2352 2496 οἰκείου.

513 2614 680 2671 Vens.
714 2617 889 2670 i7-l9.
937 2648 1006 2657 —
1043 2638 1061 2670 ι
1107 2620 1375 2686 Quoniam
1408 2624 1540 2679 ficus
1581 2641 1688 2680 non
1714 2626 2012 2683 fructiﬁca-

2182 2628 2328 2698 Στίχ.
2365 2625 2550 2691 ιζ’-ιϐ’.
2590 2655 2664 2669 -—
2709 2644 2727 2676 ι
2763 2624 2905 2677 Διότι
2941 2621 3079 2690 συκῆ
3124 2619 3182 2671 οὐ
3231 2615 3673 2688 καρποφορήσει,

439 2707 543 2771 bit,
595 2714 648 2761 et
694 2724 801 2763 non
847 2719 1008 2764 erunt
1065 2715 1309 2780 germina
1345 2716 1398 2768 in
1450 2717 1676 2780 vitibus,
1723 2719 2014 2772 mentietur

2118 2719 2202 2771 καὶ
2225 2720 2323 2770 οὐκ
2359 2717 2508 2770 ἔσται
2533 2717 2845 2785 γεννήματα
2865 2715 2921 2765 ἐν
2951 2715 3067 2774 ταῖς
3093 2707 3356 2778 ἀμπέλοις
3379 2723 3392 2735 °
3420 2704 3671 2772 ψεύσεται

443 2813 583 2868 opus
603 2800 777 2864 olivae,
813 2809 867 2854 et
939 2816 1066 2856 arva
1091 2819 1196 2856 non
1256 2804 1483 2861 afferent
1522 2823 1735 2871 escam;
1768 2809 2014 2862 destituit

2118 2811 2268 2882 ἔργον
2302 2809 2487 2871 ἐλαίας
2506 2816 2532 2835 ’⁸
2564 2807 2655 2860 καὶ
2674 2805 2740 2858 τὰ
2775 2803 2930 2857 πεδία
2961 2803 3021 2854 ού
3055 2801 3265 2868 ποιήσει
3293 2796 3500 2866 βρῶσιν
3530 2812 3542 2824 ⁵
3594 2792 3672 2856 ἓξ-

443 2903 571 2943 esca
594 2905 743 2956 oves,
771 2900 825 2946 et
845 2908 951 2946 non
977 2894 1288 2949 suntboves
1323 2897 1374 2950 in
1399 2899 1755 2966 praesepibus.
1797 2919 1816 2950 ι
1853 2899 2014 2954 Vide-

2118 2902 2292 2954 έλιπεν
2325 2899 2431 2954 ἀπὸ
2471 2896 2722 2967 βρώσεως
2760 2893 3036 2964 πρόϐατα,
3077 2889 3166 2942 καὶ
3199 2887 3297 2955 οὐχ
3343 2884 3670 2953 ὑπάρχουσιν

432 2977 596 3042 bam,
654 2978 852 3048 inquit,
898 2981 1033 3034 iram
1087 2998 1305 3052 quoque
1350 2983 1615 3040 adversus
1665 2992 2014 3041 contumaces

2120 2994 2235 3064 βόες
2265 2993 2354 3046 ἐπὶ
2381 2992 2625 3060 φάτναις.
2657 3007 2674 3038 ι
2715 2984 2927 3053 Ἑώρων
2950 2982 3076 3051 γὰρ,
3111 2980 3262 3051 φησὶ,
3294 2977 3389 3030 καὶ
3417 2973 3673 3064 τὴν-κατά

450 3069 768 3134 terribilem,
798 3073 868 3126 ob
897 3087 1058 3141 quam
1087 3073 1209 3128 illos
1234 3089 1342 3130 non
1379 3075 1594 3131 hostilis
1625 3084 1836 3130 tantum
1869 3077 2014 3130 cala-

2118 3061 2223 3138 τῶν
2253 3083 2505 3137 ἐναντίων
2535 3077 2701 3148 ὀργὴν
2742 3075 2977 3146 φοϐεράν
3017 3088 3139 3125 τινα
3171 3066 3354 3132 οὖσαν,
3391 3067 3487 3135 ἀφ’
3518 3061 3580 3134 ἦς
3617 3064 3669 3113 οὐ

451 3162 613 3218 mitas
665 3165 952 3234 corripuit,
984 3166 1077 3220 sed
1125 3166 1288 3220 etiam
1347 3169 1634 3223 sterilitate
1703 3167 2014 3221 omnimoda

2119 3174 2186 3229 τά
2226 3175 2289 3225 ἐκ
2340 3171 2449 3224 τῶν
2497 3168 2767 3238 πολεμίων
2798 3166 2992 3225 αὐτοὺς
3029 3163 3189 3232 μόνον
3235 3161 3453 3227 συνεῖχε
3495 3157 3632 3209 κακά
3659 3171 3671 3184 ·

449 3254 699 3320 occupati
746 3253 984 3319 fuerunt,
1023 3256 1229 3310 nullum
1287 3257 1355 3311 de
1401 3257 1738 3326 germinilius
1794 3257 2014 3324 lignich

2125 3264 2261 3320 ἀλλὰ
2286 3263 2394 3332 γὰρ
2423 3262 2516 3314 καὶ
2563 3260 2667 3312 ὑπὸ
2698 3257 2974 3328 ἀκαρπίας
3003 3254 3314 3323 κατείχοντο
3344 3247 3641 3308 παντελοῦς
3660 3285 3674 3308 ,

450 3357 679 3412 carpere
703 3343 938 3397 fructum
958 3345 1219 3399 valentes.
1250 3344 1512 3400 Peribunt
1535 3347 1760 3414 insuper
1775 3347 2021 3414 jtuneuta

452 3431 658 3496 omnia,
694 3435 881 3501 pascui
908 3441 961 3488 et
991 3435 1260 3489 alimoniae
1301 3434 1538 3490 defectu.
1565 3455 1583 3486 ‹
1618 3435 1730 3505 Ego
1754 3444 1930 3489 autem
1967 3437 2020 3488 in

459 3521 688 3579 Domino
715 3525 878 3596 249
934 3527 1238 3592 exsultabo,
1268 3529 1491 3582 laetabor
1518 3529 1571 3581 in
1619 3526 1726 3581 Deo
1754 3529 2024 3584 salvatore

456 3629 597 3676 meo.
630 3635 649 3668 ι
678 3614 744 3669 Et
767 3631 852 3671 res
869 3616 1085 3686 quidem
1113 3619 1328 3672 illorum
1351 3618 1422 3672 ita
1439 3634 1498 3674 se
1523 3619 1834 3686 habebunt;
1869 3621 2023 3676 nobis

459 3712 661 3772 autem,
689 3713 741 3761 te
767 3708 1044 3776 suppetias
1087 3707 1311 3770 ferente,
1339 3710 1590 3779 voluptas
1612 3711 1715 3763 erit
1749 3719 1912 3779 atque
1937 3728 2024 3766 sa-

460 3796 567 3853 lus'.
604 3794 738 3850 Nam
768 3812 1091 3866 pronomen,
1116 3814 1238 3868 ego,
1273 3799 1406 3853 dicit
1447 3800 1500 3854 in
1539 3802 1760 3870 propria
1793 3817 2025 3871 persona

458 3887 526 3944 de
552 3889 808 3942 universo
852 3891 1078 3956 pepulo;
1106 3891 1200 3958 qui
1242 3905 1362 3945 mos
1398 3893 1781 3960 prophetarum
1823 3894 2029 3963 perfreo

460 3991 635 4045 quens
659 3987 764 4032 est.
799 3977 954 4032 Sicut
977 3979 1139 4032 etiam
1165 3980 1382 4033 beatum
1433 3981 1686 4035 Davidem
1712 3999 1899 4051 preces
1932 4000 2027 4053 pro

463 4068 739 4120 communi
759 4069 938 4135 populi
963 4083 1193 4136 persona
1227 4069 1513 4124 facientem
1545 4071 1830 4138 videmus;
1859 4076 2026 4128 veluti

462 4171 585 4210 cum
617 4156 691 4208 ait
729 4175 740 4210 :
785 4175 803 4206 ι
842 4159 896 4211 ln
933 4165 1004 4222 te,
1041 4157 1286 4223 Domine,
1317 4163 1550 4230 speravi,
1583 4179 1688 4217 non
1725 4165 2030 4222 confundar

463 4247 516 4306 in
540 4255 800 4302 atternum
830 4251 894 4303 “.
933 4269 950 4301 ι
979 4249 1107 4306 Item
1134 4269 1147 4305 :
1179 4271 1198 4304 ι
1229 4251 1474 4316 Domine,
1507 4257 1700 4309 exaudi
1727 4259 2027 4313 orationem

463 4353 659 4402 meam,
685 4348 738 4393 et
777 4341 986 4395 clamor
1015 4357 1166 4397 meus
1189 4342 1254 4396 ad
1289 4350 1342 4397 te
1367 4344 1548 4399 veniat
1570 4347 1635 4399 ".
1673 4365 1692 4399 ι
1732 4346 1857 4402 Πωο
1884 4349 2029 4402 enim

461 4447 526 4485 ex
568 4433 845 4486 communi
893 4433 1027 4487 dicit
1055 4436 1394 4504 captivorum
1425 4453 1654 4506 persona
1687 4457 1702 4505 ;
1731 4440 1803 4494 ita
1829 4447 1887 4494 ut
1917 4441 2032 4495 sin-

2123 3359 2219 3410 οὺκ
2247 3349 2816 3424 ὲκγεννημάτων,οι’τκ
2830 3349 2892 3400 ὲκ
2909 3346 3077 3410 ξύλων
3107 3343 3317 3414 καρπὸν
3350 3337 3677 3410 κομίσασθαι

2122 3444 2223 3500 οἶοί
2267 3464 2328 3500 τε
2368 3445 2548 3506 ὄντεςθ
2594 3440 3090 3513 προσαπολέσονται
3135 3437 3192 3490 δὲ
3249 3437 3341 3488 καὶ
3391 3433 3463 3486 τά
3518 3433 3674 3500 κτήνη

2123 3540 2318 3597 πάντα,
2352 3535 2555 3606 ἐρημίᾳ
2591 3533 2758 3602 νομῆς
2801 3549 2859 3584 τε
2891 3531 2984 3583 καὶ
3019 3528 3335 3600 βρωμάτων.
3382 3543 3402 3577 ι
3466 3521 3599 3591 Ἐγὼ
3625 3520 3676 3572 δὲ

2125 3630 2182 3682 tv
2213 3628 2290 3696 τῷ
2317 3627 2505 3696 Κυρίῳ
2531 3623 2924 3692 ἀγαλλιάσομαι
2942 3659 2957 3682 ,
2980 3621 3290 3690 χαρήσομαι
3325 3616 3423 3668 ἐπὶ
3463 3614 3540 3683 τῷ
3567 3610 3674 3677 Θεῷ

2123 3718 2200 3789 τῷ
2229 3717 2443 3788 Σωτῆρί
2479 3733 2599 3786 μου.
2645 3733 2663 3764 ι
2705 3713 2816 3767 Καὶ
2858 3711 2927 3764 τὰ
2955 3713 3051 3781 μὲν
3089 3711 3215 3780 περὶ
3251 3707 3495 3770 ἐκείνους
3535 3706 3674 3756 ἔσται

2125 3811 2348 3865 τοιαῦτα
2374 3827 2386 3840 ⁸
2421 3811 2555 3878 ἡμῖν
2575 3807 2632 3860 δὲ
2657 3810 2721 3876 τῇ
2758 3808 2823 3876 σῇ
2857 3805 3078 3874 βοηθείᾳ
3103 3803 3264 3873 ἡδονή
3299 3819 3359 3854 τε
3385 3801 3673 3872 προσέσται

2126 3903 2219 3956 καὶ
2253 3899 2527 3970 σωτηρία·
2561 3898 2622 3949 τὸ
2658 3897 2787 3966 γὰρ,
2831 3894 2940 3963 ἐγὼ
2973 3894 3048 3955 δὲ,
3082 3896 3146 3946 ὲκ
3174 3892 3466 3962 προσώπου
3497 3888 3588 3943 τοῦ
3608 3888 3676 3939 oi-

2127 3991 2272 4046 κείου
2306 3991 2433 4060 περὶ
2456 3988 2550 4041 τοῦ
2573 3986 2749 4040 κοινοῦ
2783 3986 2928 4053 λέγει
2953 3984 3104 4044 λαοῦ,
3133 3984 3268 4052 ὅπερ
3293 3977 3384 4034 οὖν
3412 3981 3532 4042 ἔθος
3562 3976 3678 4030 πολ·

2129 4080 2293 4150 λαχοῦ
2342 4080 2453 4140 τοῖς
2508 4077 2812 4146 προφήταις
2853 4075 3055 4126 ποιεῖν·
3098 4073 3184 4141 (p.
3224 4070 3368 4139 580)
3407 4070 3485 4132 ὡς
3531 4068 3616 4120 καὶ
3651 4065 3676 4114 ὁ

2135 4172 2399 4242 μακάριος
2425 4168 2585 4221 Δαυῒδ
2603 4168 2700 4229 τὰς
2719 4167 2958 4234 αἰτήσεις
2984 4165 3048 4216 ὲκ
3071 4161 3359 4233 προσώπου
3387 4160 3484 4213 τοῦ
3514 4157 3676 4213 αὐτῶν

2129 4261 2446 4330 ποιούμενος
2483 4258 2756 4327 φαίνεται·
2791 4257 2865 4318 ὡς
2906 4256 2980 4308 ὅτ’
3016 4255 3080 4307 ἂν
3125 4253 3258 4324 λέγῃ
3281 4269 3293 4281 ·
3339 4269 3358 4300 ι
3395 4251 3520 4303 Ἐπὶ
3570 4247 3674 4302 σοὶ.

2131 4352 2323 4423 Κύριε,
2363 4350 2565 4420 ἤλπισα
2588 4389 2601 4409 ,
2642 4349 2714 4418 μὴ
2741 4343 3186 4420 καταισχυνθείην
3217 4344 3294 4404 εἰς
3317 4341 3407 4393 τὸν
3433 4339 3630 4395 αἰῶνα·
3657 4355 3672 4385 ο

2133 4445 2247 4506 καὶ,
2288 4461 2305 4493 t
2332 4441 2524 4511 Κύριε,
2557 4439 2871 4491 εἰσάκουσον
2899 4438 2997 4505 τῆς
3030 4433 3334 4504 προσευχῆς
3368 4449 3471 4500 μου
3492 4474 3504 4493 ,
3534 4428 3618 4482 καὶ
3646 4428 3674 4494 ἡ

463 4523 572 4595 guli
613 4537 769 4592 prece
805 4525 906 4578 hac
947 4527 1230 4581 commode
1268 4528 1345 4580 uti
1387 4537 1608 4596 queant.
1648 4528 1851 4584 Eodem
1883 4545 2014 4584 nunt

2133 4533 2346 4604 κραυγή
2391 4547 2490 4600 μου
2550 4528 2684 4598 πρὸς
2718 4528 2773 4579 σὲ
2807 4525 3022 4578 ἐλθέτω.
3055 4542 3073 4573 ›
3108 4522 3291 4574 Ταῦτα
3326 4520 3436 4590 γὰρ
3489 4521 3550 4571 ἐκ
3593 4515 3676 4609 τοῦ

463 4617 626 4672 modo
656 4618 919 4688 propheta
963 4627 1224 4687 tanquam
1264 4635 1327 4673 ex
1369 4622 1646 4674 communi
1682 4637 1914 4690 persona
1948 4622 2024 4676 lo-

460 4710 668 4778 quitur,
701 4710 1142 4780 quandoquidem
1171 4720 1224 4766 et
1249 4711 1315 4766 de
1338 4713 1612 4768 communi
1634 4714 1868 4767 utilitate
1899 4715 2030 4782 agit.

2133 4625 2312 4678 κοινοῦ
2342 4622 2488 4689 λέγει
2522 4620 2628 4672 τῶν
2659 4619 2750 4670 ἐπὶ
2775 4618 2871 4687 τῆς
2900 4613 3271 4685 αἰχμαλωσίας
3297 4612 3485 4672 όντων,
3517 4609 3588 4668 ὡς
3618 4604 3676 4657 ἂν

2133 4717 2365 4769 ἑκάστου
2396 4713 2667 4783 ἁρμοδίως
2697 4712 2760 4780 τῇ
2809 4709 2957 4776 φωνῇ
2991 4705 3335 4776 χρησαμένου
3359 4701 3547 4770 ταύτῃ.
3586 4695 3677 4748 Τὸν

469 4817 487 4849 ι
529 4798 790 4852 Dominus
819 4799 982 4862 Deus,
1026 4802 1200 4855 virtus
1241 4817 1356 4855 mea
1384 4820 1396 4854 :
1422 4811 1476 4857 et
1498 4813 1656 4871 ponet
1687 4804 1851 4871 pedes
1883 4820 2014 4857 meo:

2133 4807 2293 4860 αὐτὸν
2325 4805 2388 4874 δὴ
2436 4803 2634 4874 τρόπον
2678 4801 2770 4853 καὶ
2806 4798 2899 4851 νῦν
2943 4799 2972 4849 ὁ
3005 4796 3288 4866 προφήτης
3323 4793 3397 4855 ὡς
3443 4789 3547 4846 ἀπὸ
3592 4789 3675 4839 τοῦ

463 4888 620 4957 quasi
652 4889 819 4948 cervi,
851 4897 905 4942 et
934 4889 1002 4942 ad
1048 4892 1262 4945 excelsa
1307 4907 1391 4946 me
1443 4893 1681 4954 deducit,
1735 4900 1792 4944 ut
1823 4894 2034 4946 vincam

466 4979 520 5030 in
545 4979 760 5032 cantico
783 4979 972 5047 ipsius.
1012 5001 1030 5033 ι
1067 4984 1114 5035 Is
1137 4982 1265 5036 mihi
1293 4983 1344 5034 in
1393 4983 1644 5036 omnibus
1665 4982 1807 5035 vires
1834 4998 2032 5052 suppe-

467 5069 623 5129 ditat,
647 5068 739 5136 qui
773 5085 874 5122 nos
901 5071 1147 5124 celeriter
1181 5071 1468 5126 admodum
1504 5073 1808 5142 captivitati
1833 5073 2036 5128 subdu-

468 5170 602 5216 cet:
656 5178 776 5216 uatn
807 5178 958 5217 more
1006 5179 1289 5220 cervorutn
1343 5169 1571 5222 celerem
1607 5170 1731 5223 inde
1773 5169 2034 5222 faciemus

471 5251 730 5306 reditum.
775 5253 1045 5308 Subiimes
1083 5265 1262 5310 autem
1286 5273 1385 5312 nos
1409 5274 1517 5327 pra:
1565 5260 1821 5313 omnibus
1851 5271 2037 5313 esten.-

474 5341 601 5406 det;
630 5342 705 5393 ita
733 5350 790 5393 ut
810 5342 965 5394 nobis
1001 5343 1133 5395 nihil
1167 5345 1311 5399 aliud
1337 5349 1593 5416 supersit,
1620 5363 1782 5416 quam
1806 5349 2036 5404 canticis

476 5436 641 5497 atque
665 5431 879 5498 hymnis
911 5430 1073 5486 Deum
1106 5435 1416 5492 celebrare:
1446 5441 1887 5511 quandoquidem
1922 5443 2035 5496 vic-

585 5601 633 5632 ⁸⁸
663 5601 804 5662 Psal.
845 5607 1048 5667 xxx,2.
1151 5611 1194 5639 ’⁷
1231 5609 1464 5678 Psalcu,
1505 5615 1558 5671 2.

2135 4895 2316 4950 κοινοῦ
2349 4895 2496 4962 λέγει
2536 4891 2729 4954 ταῦτα,
2770 4889 2956 4957 ἐπειδὴ
3001 4887 3094 4940 καὶ
3132 4884 3258 4954 περὶ
3286 4882 3392 4936 τῶν
3424 4881 3500 4948 τῷ
3531 4874 3677 4944 κοινῷ

2139 4985 2554 5056 προσεσομένων
2604 4979 2935 5047 δίαλέγεται.
2995 4996 3013 5028 ι
3044 4976 3247 5046 Κύριος
3294 4977 3324 5026 ό
3369 4972 3500 5034 Θεός
3547 4982 3676 5038 μου⁸

2139 5079 2364 5148 δύναμίς
2392 5094 2513 5146 μου·
2543 5077 2638 5127 καὶ
2668 5071 2818 5136 τάξει
2841 5071 2966 5132 τοὺς
2995 5069 3156 5130 πόδας
3190 5083 3291 5135 μου
3322 5065 3453 5116 ὡσεὶ
3474 5062 3672 5148 ἐλάφους

2141 5169 2235 5223 καὶ
2275 5147 2365 5221 ἐπὶ
2392 5166 2460 5220 τὰ
2493 5165 2672 5234 ὑψηλὰ
2723 5160 2942 5229 ὲπιϐιὸᾷ
2991 5176 3092 5228 με,
3133 5156 3226 5209 τοῦ
3277 5153 3494 5223 νικῆσαι
3534 5153 3588 5201 tv
3619 5147 3674 5213 τῇ

2144 5260 2252 5330 ᾠδῇ
2286 5257 2468 5310 αὑτοῦ.
2519 5275 2537 5306 ι
2573 5251 2746 5316 Αὐτὸς
2774 5253 2882 5320 γάρ
2908 5253 3054 5302 ἐστιν
3080 5249 3109 5300 ὁ
3137 5247 3237 5318 τὴν
3267 5248 3324 5298 tv
3351 5244 3514 5297 ἅπασι
3539 5238 3676 5330 δύνα-

2278 5367 2369 5420 μοι
2401 5347 2757 5418 χαριζόμενος
2782 5360 2795 5373 ο
2819 5343 2876 5405 ὃς
2900 5341 3085 5410 ἀφελεῖ
3111 5339 3206 5409 μὲν
3240 5339 3379 5407 ἡμᾶς
3409 5331 3544 5404 μετὰ
3571 5325 3675 5380 πολ·

2144 5442 2237 5498 λοῦ
2292 5439 2386 5494 τοῦ
2433 5439 2631 5510 τάχους
2675 5437 2773 5506 τῆς
2826 5431 3221 5503 αἰχμαλωσίας,
3279 5429 3431 5498 δίκην
3482 5421 3670 5486 ἐλάφων
