3830 6216
121 285 226 339 449

1119 278 1667 340 COMMENTARIUS
1703 277 1769 332 IN
1812 276 2177 333 SOPIIONIAE
2207 277 2360 333 CAP.
2404 278 2443 335 Ι.

3281 280 3388 335 450

130 404 313 468 ὀξεῖαν
347 403 447 475 τὴν
504 403 711 456 ἐκεῖθεν
758 400 1105 472 ἀναχώρησιν
1150 398 1535 468 ποιουμένυυς⁹
1574 395 1705 465 ὑψη-

1822 394 2007 448 Loriam
2042 394 2203 448 nobis
2229 395 2297 449 de
2321 394 2595 462 hostibus,
2625 404 2823 467 praeter
2849 412 3063 452 omnem
3094 374 3390 454 humanam

132 495 388 566 λοτέρους
421 496 477 548 δέ
524 497 669 565 ἡμᾶς
720 495 936 549 πάντων
984 492 1310 561 ἀποφαίνει,
1350 489 1490 541 ὥστε
1545 487 1709 557 μηδὲν

1817 500 1990 553 spem,
2022 487 2310 541 concessit.

129 584 314 654 ἕτερον
362 586 497 653 ἡμῖν
542 583 829 652 ἁρμόττειν
862 580 1068 646 λοιπὸν,
1108 581 1139 650 ἢ
1195 579 1255 631 τὸ
1282 580 1343 630 ἐν
1379 578 1541 647 ᾠδαῖς
1583 576 1678 628 καὶ
1708 574 1899 644 ὕμνοις
1937 570 2078 627 εἶναι
2118 578 2231 639 τοῖς
2271 577 2639 648 όφειλομένοις
2681 580 2758 649 τῷ
2796 578 2944 650 Θεῷο
3005 581 3145 652 ὑπὲρ
3188 574 3262 636 ὧν
3291 582 3393 653 τὴν

128 674 269 727 κατὰ
304 674 413 726 τῶν
436 675 649 744 ἐχθρῶν
677 674 784 726 τῶν
820 673 1103 743 ἡμετέρων
1138 672 1293 741 νίκην
1336 668 1481 740 παρά
1523 669 1703 721 πᾶσαν
1731 665 2083 737 ἀνθρωπίνην
2124 668 2317 723 ἐλπίδα
2350 670 2585 725 δέδωκεν
2609 673 2760 741 ἡμῖν.

136 884 3374 917 mm

649 1054 1213 1141 EPMHNEIA
1286 1047 1858 1136 ΣΟΦΟΝΙΟΥ
1957 1047 2183 1131 ΤΟΥ
2237 1046 2856 1131 ΠΡΟΦΗΤΟΥ

134 1422 1273 1540 COMMENTARIUS
1338 1428 1483 1541 IN
1555 1427 2380 1541 SOPHONlAM
2463 1426 3373 1539 PROPHETAM.

200 1814 278 1867 Οὐ
308 1812 497 1885 πόρρω
528 1814 619 1867 τοῦ
647 1815 918 1886 μακαρίου
960 1818 1283 1890 Ἀμϐακοῦμ
1309 1820 1385 1891 τῷ
1411 1822 1587 1893 χρόνῳ
1616 1822 1712 1893 τὴν

1890 1822 2043 1877 llaud
2078 1823 2268 1892 procul
2305 1822 2444 1876 beati
2472 1820 2745 1876 llabacuci
2775 1828 3017 1889 tempore
3047 1818 3385 1889 prophetiam

134 1907 473 1976 προφητείαν
499 1907 701 1977 ταύτην
732 1909 760 1960 ὁ
789 1909 1058 1980 μακάριος
1092 1913 1387 1981 πεποίηται
1419 1915 1705 1982 Σοφονίας·

133 2001 223 2052 ἐπὶ
255 2001 368 2069 γὰρ
409 2001 612 2054 Ἰωσίου
646 2000 740 2054 τοῦ
778 2000 1040 2071 βασιλέως
1067 2006 1168 2075 τῆς
1215 2008 1495 2073 Ἰουδαίας,
1528 2011 1710 2074 καθὼς

135 2093 165 2157 ἡ
220 2091 417 2154 Βίϐλος
472 2092 640 2162 δηλοῖ,
691 2096 1026 2165 προφητεύει
1061 2097 1129 2150 τὰ
1178 2101 1452 2169 παρόντα’
1492 2103 1607 2172 μεθ’
1652 2103 1710 2155 ὃν

134 2182 371 2251 βραχέος
399 2183 773 2253 διεληλυθότος
803 2187 1018 2256 χρόνου,
1054 2189 1131 2258 (p.
1178 2191 1304 2256 581)
1346 2192 1710 2265 ἐπεληλύθασί

131 2289 186 2323 τε
221 2277 289 2343 τῇ
354 2275 712 2347 Ἰερουσαλὴμ
757 2278 806 2329 οἱ
840 2279 1195 2345 Βαϐυλώνιοι,
1233 2284 1327 2336 καὶ
1360 2285 1581 2338 πλεῖστα
1612 2288 1713 2340 ὅσα

134 2365 273 2415 κατὰ
299 2365 402 2435 τὴν
449 2366 615 2419 Ἰούδα
665 2368 939 2432 διαθέντες
969 2371 1161 2442 φυλὴν,
1217 2374 1312 2427 καὶ
1342 2375 1571 2439 πολλοὺς
1614 2376 1711 2446 μὲν

132 2455 438 2519 ἀνελόντες,
477 2456 763 2522 πλείστους
790 2460 847 2513 δέ
886 2463 1265 2531 ἀπαγαγόντες
1299 2466 1675 2535 αἰχμαλώτους
1696 2508 1709 2529 ,

132 2547 304 2618 αὐτήν
346 2564 407 2600 τε
458 2548 767 2621 ἐπόρθησαν
811 2551 908 2623 τὴν
973 2553 1363 2626 Ἰερουσαλὴμ,
1395 2558 1489 2609 κα)⁸
1526 2556 1589 2627 δὴ
1621 2559 1713 2610 καὶ

132 2641 266 2710 πυρὶ
294 2639 391 2691 τόν
420 2656 480 2691 τε
519 2641 644 2695 ναὸν
669 2641 759 2695 τὸν
787 2642 926 2696 θεῖον
958 2644 1053 2697 καὶ
1081 2646 1189 2697 τῶν
1217 2645 1317 2716 τῆς
1334 2647 1540 2710 πόλεως
1574 2652 1715 2701 οἱκο-

129 2731 472 2801 δομημάτων
492 2730 561 2784 τά
586 2732 847 2786 κάλλιστα
875 2733 1209 2803 κατέφλεξαν
1241 2737 1474 2791 ἅπαντα·
1509 2739 1586 2791 ἔτι
1622 2739 1715 2791 καὶ

130 2822 189 2874 τὸ
243 2826 426 2891 τεῖχος
478 2822 649 2894 αὐτῆς
707 2823 985 2886 παντελῶς
1045 2826 1399 2891 καθελόντες,
1455 2828 1531 2891 ὡς
1581 2828 1714 2899 μηδὲ

1811 1915 1950 1968 hanc
1998 1916 2189 1969 beatus
2244 1914 2372 1967 fecit
2405 1912 2743 1981 Sophonias:
2795 1924 2920 1963 nam
2955 1910 3057 1964 sub
3085 1908 3233 1963 Josia
3263 1925 3387 1978 rege

1809 2003 2026 2066 Judaiaa,
2043 2004 2183 2059 sicut
2204 2004 2338 2057 liber
2355 2004 2713 2067 demonstrat,
2733 2000 3017 2070 pra‘sentia
3037 2000 3384 2053 vaticinatur.

1812 2099 1943 2151 Post
1970 2112 2129 2166 quem
2160 2096 2307 2150 brevi
2350 2096 2674 2165 interposito
2724 2095 2922 2163 spatio,
2988 2092 3385 2162 expeditionem

1813 2188 2059 2242 fecerunt
2090 2188 2350 2241 adversus
2387 2187 2725 2241 Hierusalem
2757 2185 3039 2255 Babylonii
3108 2185 3388 2253 plurimis-

1812 2297 1918 2350 que
1966 2280 2211 2333 cladibus
2255 2278 2409 2332 Judze
2456 2278 2656 2332 tribum
2707 2278 3029 2343 affecerunt,
3087 2274 3388 2329 interfectis

1812 2370 2036 2436 multis,
2097 2370 2346 2439 plurimis
2402 2370 2454 2422 in
2492 2367 2655 2437 250
2686 2369 3055 2437 captivitatem
3112 2366 3386 2426 abductis.

1813 2464 1928 2533 ipsa
1961 2472 2173 2517 vastata
2197 2461 2564 2525 Hierusalem,
2597 2460 2797 2529 templo
2817 2460 3005 2514 divino
3030 2459 3385 2520 inllanunato,

1812 2566 1859 2609 et
1899 2555 2277 2623 pulcherrimis
2312 2554 2466 2607 urbis
2502 2552 2748 2607 :editiciis
2797 2552 2920 2622 igne
2947 2551 3242 2605 crematis;
3293 2552 3388 2604 dc-

1815 2648 1978 2714 nique
2018 2645 2291 2698 mmnihus
2342 2646 2501 2698 etiam
2554 2643 2800 2698 funditus
2855 2644 3072 2705 dirutis,
3129 2659 3195 2697 ne
3242 2641 3385 2712 quod

1816 2736 2094 2790 munimen
2154 2734 2364 2798 incolas,
2408 2738 2452 2789 si
2508 2734 2646 2790 forte
2699 2736 2862 2805 aliqui
2919 2734 3135 2798 vellent,
3192 2734 3392 2787 habere

1820 2838 2060 2894 possent.
2104 2826 2363 2896 Sequitur
2397 2843 2528 2881 vero
2555 2837 2852 2880 consuetus
2882 2825 3004 2879 libri
3038 2825 3247 2879 titulus.

130 2917 440 2987 ἀσφάλειάν
496 2935 616 2970 τινα
658 2920 782 2980 τοὺς
828 2919 1201 2984 ἐνοικοῦντας,
1256 2924 1413 2993 εἴπερ
1448 2918 1541 2976 οῦν
1588 2940 1730 2986 τινες
1772 2923 2087 2993 ἐπιθυμοῖεν
2131 2922 2341 2987 τούτου,
2390 2922 2645 2975 δύνασθαι
2690 2922 2854 2992 ἔχειν.
2897 2920 3047 2990 Λῦτη
3089 2922 3188 2992 μὲν
3229 2915 3319 2972 οὖν
3358 2932 3392 2987 η

135 3014 380 3084 συνήθης
412 3012 709 3085 προγραφὴ
748 3013 841 3066 τοῦ
884 3015 1121 3083 βιϐλίου.

800 3105 955 3160 ΚΕΦ.
987 3106 1064 3159 Α’.

202 3197 361 3269 Στίχ.
403 3196 450 3251 α’
466 3197 554 3265 -γ’.
594 3227 665 3238 -—
698 3197 741 3249 ι’
769 3198 940 3266 Λόγος
978 3200 1184 3269 Κυρίου
1226 3200 1284 3263 ὃς
1324 3200 1539 3269 ἐγένετο
1582 3202 1718 3272 πρὸς

135 3288 405 3357 Σοφονίαν
430 3289 519 3341 τὸν
538 3288 630 3340 τοῦ
652 3289 841 3353 Χουσὶ,
871 3289 985 3341 υἱὸν
1012 3289 1276 3354 Γοδολίου,
1306 3290 1401 3343 τοῦ
1433 3292 1716 3361 Ἀμαρίου,

133 3382 230 3433 τοῦ
275 3380 546 3445 Ἐζεκίου,
578 3382 634 3433 ἐν
663 3381 895 3451 ἡμέραις
941 3382 1145 3435 Ἰωσίου
1194 3381 1309 3435 υίοῦ
1352 3382 1530 3453 Ἀμὼς
1560 3383 1715 3453 βασι-

2506 3101 2659 3155 CAP.
2690 3100 2730 3156 Ι.

1891 3195 2061 3251 Vens.
2090 3194 2206 3248 1-5.
2238 3223 2306 3231 -
2344 3211 2361 3242 ι
2384 3192 2622 3246 Verbum
2647 3189 2885 3256 Domini,
2914 3189 3057 3257 quod
3084 3188 3286 3243 factum
3313 3198 3397 3243 est

1821 3289 1885 3340 ad
1925 3286 2258 3355 Sophoniam
2294 3282 2461 3336 filium
2492 3282 2678 3343 Chusi,
2730 3281 2822 3334 filii
2860 3280 2971 3352 (49)
3004 3280 3265 3345 Godoliaa,
3300 3282 3393 3334 titii

1820 3378 2080 3439 Amariae,
2124 3376 2216 3428 ﬁlii
2267 3373 2493 3436 Ezeciaz,
2536 3375 2587 3425 in
2633 3372 2825 3426 diebus
2884 3371 3045 3425 Josiae
3086 3370 3179 3424 ﬁlii
3210 3373 3395 3425 Amosi

135 3472 276 3535 λέως
324 3470 523 3523 Ἰούδα*
568 3489 587 3520 ι
634 3472 691 3523 ἐν
744 3465 823 3533 οἷς
870 3470 1138 3540 δεδήλωκε
1189 3472 1280 3523 τόν
1328 3489 1387 3523 τε
1434 3474 1717 3542 προφήτην

1824 3471 1967 3540 regis
1996 3466 2168 3521 Judaa.
2192 3486 2208 3515 ι
2246 3466 2321 3518 Ex
2358 3465 2442 3518 his
2470 3463 2879 3516 demonstratur
2911 3462 3035 3531 quis
3071 3460 3237 3516 fuerit
3268 3478 3399 3530 pru-

136 3564 286 3623 Ξστις
320 3560 438 3612 ἐστὶ
468 3560 563 3610 καὶ
596 3558 717 3612 ὅθεν
753 3560 1124 3630 καταγόμενος
1156 3562 1249 3614 καὶ
1289 3563 1346 3613 ἐν
1384 3560 1490 3613 τίνι
1546 3561 1717 3632 καιρῷ

1824 3560 1985 3629 pheta
2031 3566 2085 3611 et
2114 3572 2143 3610 a
2172 3556 2371 3626 quibus
2403 3554 2627 3617 stirpem
2672 3553 2857 3616 ducat,
2910 3562 2961 3606 et
3011 3567 3121 3621 quo
3150 3559 3396 3621 tempo'e

140 3652 381 3702 ποιεῖται
417 3648 518 3717 τὴν
554 3648 907 3718 προφητείαν.
957 3649 1221 3719 ’Λρχεται
1250 3650 1307 3703 δὲ
1332 3651 1432 3721 τῆς
1461 3649 1571 3703 τῶν
1600 3652 1721 3703 ἐσο-

145 3742 325 3809 μένων
381 3739 741 3809 προρρήσεως
786 3739 990 3804 οὕτως*
1058 3758 1075 3790 t
1130 3742 1399 3811 Ἐκλείψει
1456 3743 1721 3795 ἐκλιπέτω

145 3831 323 3884 πάντα
352 3830 465 3883 ἀπὸ
492 3828 785 3900 προσώπου
814 3831 915 3900 τῆς
957 3831 1084 3901 γῆς.
1128 3831 1277 3899 λέγει
1312 3833 1536 3903 Κύριος.
1580 3852 1598 3883 ›
1626 3834 1722 3884 Γε-

143 3924 377 3990 γόνεσαν
409 3920 509 3991 μέν
542 3920 651 3990 γὰρ
683 3920 1014 3990 αἰχμάλωτοι
1046 3922 1322 3985 παντελῶς
1356 3926 1410 3976 αἰ
1445 3924 1577 3976 δέκα
1622 3943 1715 3991 φυ-

144 4014 266 4066 λαί·
306 4011 713 4081 κεκρατηκότες
763 4010 819 4064 δὲ
874 4013 1097 4065 ἐκείνων
1162 4013 1437 4084 Ἀσσύριοι
1487 4015 1720 4084 ἐπῆλθον

151 4102 249 4171 μέν
277 4102 375 4154 καὶ
404 4103 471 4169 τῇ
526 4098 880 4169 Ἰερουσαλὴμ
920 4098 995 4162 ώς
1024 4101 1340 4171 αἱρήσοντες
1373 4103 1465 4153 καὶ
1491 4104 1716 4173 ταύτην.

159 4195 245 4256 Ὠς
281 4193 341 4246 δέ
374 4192 472 4260 τὴν
504 4188 740 4261 φοϐερὰν
771 4190 984 4261 ἐκείνην
1032 4192 1279 4257 ἐδέξαντο
1310 4193 1401 4246 διὰ
1428 4193 1521 4246 τοῦ
1555 4196 1722 4264 ἀγγέ-

150 4286 238 4336 ὶου
282 4282 531 4352 πληγὴν,
590 4282 726 4351 μετὰ
772 4281 966 4335 πολλοῦ
1005 4284 1101 4352 μὲν
1142 4284 1234 4337 τοῦ
1280 4285 1433 4347 δέους
1484 4283 1623 4339 εἶδον
1670 4291 1719 4341 οί

150 4380 323 4432 λοιποὶ
356 4378 493 4447 πρὸς
535 4377 710 4445 φυγὴν
748 4378 933 4431 ὁπόσοι
978 4396 1041 4446 γε
1097 4380 1195 4448 τῆς
1240 4382 1325 4434 διὰ
1366 4380 1460 4434 τοῦ
1491 4381 1719 4448 ἀγγέλου

148 4470 418 4541 τιμωρίας
465 4468 755 4535 γεγόνεσαν
786 4468 968 4532 ἐκτός’
1005 4472 1062 4523 ἐν
1112 4473 1300 4543 εἰρήνῃ
1332 4473 1387 4525 δὲ
1424 4472 1612 4543 βαθείᾳ
1655 4472 1722 4525 τὰ

148 4562 289 4614 κατά
337 4559 439 4629 τὴν
494 4556 851 4628 Ἰερουσαλὴμ
895 4559 1118 4625 γέγονεν
1164 4563 1227 4613 ἐκ
1259 4562 1483 4615 τούτου·
1534 4563 1721 4632 ἐπειδὴ

146 4651 329 4703 τοίνυν
366 4649 490 4709 τοὺς
522 4648 619 4716 τῆς
654 4647 820 4699 Ἰούδα
864 4648 1036 4717 φυλῆς
1067 4650 1192 4713 τούς
1216 4669 1273 4703 τε
1308 4654 1407 4720 τὴν
1450 4652 1721 4723 Ἰερουσα-

146 4738 255 4808 λὴμ
293 4734 581 4797 οἰκοῦντας
601 4776 615 4798 ,
660 4736 721 4787 οὑ
752 4735 848 4804 τῆς
877 4737 1146 4806 τιμωρίας
1176 4739 1282 4793 τῶν
1326 4741 1625 4808 Ἀσσυρίων
1660 4743 1721 4794 τὸ

1822 3648 2161 3719 prephetiam
2186 3648 2367 3699 faciat.
2397 3643 2688 3697 Exorditur
2713 3653 2893 3696 autem
2924 3642 3230 3696 futurorum
3260 3658 3397 3712 pra:-

1821 3741 2114 3795 dictionem
2150 3738 2229 3792 sic
2259 3755 2271 3790 :
2312 3755 2329 3786 ι
2351 3733 2667 3788 Defectione
2704 3732 2959 3786 deﬁciant
2991 3734 3173 3786 omnia
3198 3747 3226 3784 a
3260 3731 3399 3799 facie

1825 3841 2004 3892 terrm.
2040 3829 2171 3883 dicit
2220 3828 2501 3881 Dominus.
2526 3844 2543 3876 ι
2583 3824 2822 3894 Οθριίνιο
2847 3826 2958 3891 jam
2995 3834 3207 3877 cunctzp
3239 3832 3397 3878 erant

1824 3922 2010 3975 decem
2077 3921 2292 3983 tribus;
2368 3919 2603 3971 victores
2668 3924 2846 3969 autem
2911 3915 3125 3969 illarum
3182 3914 3395 3986 Assyrii

1823 4012 2066 4082 aggressi
2123 4017 2252 4065 sunt
2292 4009 2453 4062 etiam
2503 4006 2863 4071 Hierusalem,
2899 4021 2996 4060 ceu
3028 4006 3167 4059 hanc
3193 4006 3397 4074 pariter

1824 4103 2059 4172 capturi.
2110 4100 2407 4169 Postquam
2444 4109 2622 4152 autem
2656 4098 2954 4152 terribilem
3004 4098 3151 4150 illam
3184 4097 3395 4165 experti

1824 4201 1952 4250 sunt
1984 4193 2051 4248 ab
2097 4192 2291 4262 angelo
2322 4189 2552 4253 cladem,
2598 4188 2790 4257 reliqui
2823 4203 2946 4241 cum
2983 4188 3186 4256 ingenti
3226 4196 3393 4252 metu,

1822 4290 2092 4353 quotquot
2112 4289 2263 4336 extra
2295 4279 2470 4348 angeli
2504 4277 3031 4330 animadversionem
3063 4276 3301 4341 fuerunt,
3336 4277 3393 4331 in

1824 4373 2006 4442 fugam
2037 4370 2286 4425 conversi
2318 4378 2468 4424 sunt.
2501 4368 2633 4421 Exin
2664 4368 2770 4419 alta
2800 4367 2851 4419 in
2888 4382 3019 4434 pace
3053 4365 3154 4419 fuit
3194 4366 3394 4420 Hirru-

1824 4465 2014 4517 salem.
2060 4461 2327 4527 Quoniam
2363 4461 2543 4527 itaque
2571 4456 2724 4510 Juda‘:
2750 4456 2949 4510 tribum
2978 4464 3035 4510 et
3058 4456 3395 4513 Hierusalem

1824 4555 1972 4609 cives
1994 4550 2312 4623 magnitudo
2338 4566 2511 4619 pmuae
2534 4549 2772 4615 Assyriis
2800 4547 3067 4617 imposita:
3088 4562 3193 4601 non
3217 4564 3399 4604 emen-

1824 4647 1992 4710 davit,
2053 4659 2156 4697 nec
2217 4642 2403 4696 decem
2453 4642 2693 4695 tribuum
2750 4639 3041 4707 captivitas
3095 4640 3392 4704 terrefecit,

1823 4737 2292 4806 perstiteruntquc
2324 4732 2465 4786 haud
2509 4733 2689 4786 minus
2726 4732 2832 4785 illis
2866 4731 3071 4800 injuste
3121 4731 3393 4801 impieque

150 4829 383 4900 μέγεθος
410 4826 791 4895 ἐσωφρόνισεν,
824 4826 882 4877 οὐ
909 4828 1016 4880 τῶν
1036 4828 1165 4881 δέκα
1192 4830 1369 4898 φυλῶν
1391 4832 1658 4903 ἐφόϐησεν
1684 4834 1716 4903 ἡ

1825 4830 2093 4891 viventes,
2156 4826 2285 4879 hinc
2314 4824 2626 4879 necessario
2656 4838 2890 4877 exorsus
2919 4831 3004 4877 est
3033 4823 3246 4887 dicens,
3297 4839 3395 4878 ne-

150 4913 525 4986 αίχμαλωσία,
548 4929 610 4981 με
621 4912 884 4979 μενήκασι
902 4912 957 4964 δέ
970 4912 1121 4965 οὐθὲν
1141 4913 1356 4966 ἔλαττον
1378 4915 1599 4966 ἐκείνων
1618 4930 1724 4966 πα-

152 5000 391 5073 ρανομία
416 5017 474 5052 τε
499 4999 823 5070 καὶάσεϐείᾳ
840 5000 1103 5064 συξῶντες
1125 5001 1218 5054 καὶ
1235 4996 1398 5059 οὗτοι.
1414 5001 1727 5068 ἀναγκαίως

150 5094 411 5149 ἐντεῦθεν
446 5092 648 5161 ἤρξατο
679 5091 837 5143 τοῦτο
866 5090 1057 5158 λέγων,
1102 5093 1181 5144 ὅτι
1227 5093 1438 5163 ἀνάγκη
1477 5093 1569 5145 καὶ
1598 5092 1726 5153 τοὺς

152 5183 484 5243 ὑπολοίπους
515 5180 758 5233 ἐκλιπεῖν
791 5178 883 5233 τοῦ
908 5178 1057 5239 λαοῦ,
1081 5178 1474 5248 ἀφαιρεθέντας
1508 5178 1604 5246 μὲν
1628 5178 1728 5245 τῆς

152 5276 253 5345 γῆς
272 5275 374 5344 τῆς
391 5271 742 5339 ἐπαγγελίας,
781 5270 1120 5337 ἀπαχθέντας
1138 5268 1192 5320 δέ
1212 5270 1289 5329 είς
1316 5265 1689 5336 αἰχμαλωσίαν
1707 5280 1721 5294 ’

154 5366 337 5435 ἐπειδὴ
368 5365 463 5417 καὶ
486 5358 631 5417 οὗτοι
661 5361 1049 5430 μεμενηκότες,
1075 5360 1225 5412 οὐδὲν
1258 5357 1481 5410 ἐκείνων
1508 5355 1726 5408 ἔλαττον

154 5455 411 5525 ὤφθησαν
444 5452 791 5515 ἀσεϐοῦντες.
817 5450 892 5519 (p.
924 5450 1049 5520 382)
1081 5449 1273 5512 Καλῶς
1300 5449 1356 5501 δὲ
1379 5448 1471 5502 καὶ
1511 5449 1567 5499 ἐν
1592 5447 1726 5500 ἀπο-

157 5546 436 5614 φάσειτὴν
471 5545 705 5615 μήνυσιν
740 5545 1004 5596 ποιεῖται*
1035 5540 1110 5604 ὼς
1145 5541 1209 5594 ἂν
1244 5540 1456 5602 δεικνὺς
1488 5539 1570 5592 ὅτι
1598 5535 1723 5591 τού-

228 5688 340 5759 (49)
383 5688 578 5743 Graece
611 5687 809 5755 ﬁlium.

1824 4934 1981 4975 cesse
2008 4918 2124 4973 fore
2155 4927 2214 4972 ut
2245 4918 2451 4986 reliqua
2481 4916 2641 4970 etiam
2673 4916 2854 4984 populi
2886 4930 3011 4984 pars
3040 4915 3279 4978 deficiat,
3326 4915 3396 4972 de

1827 5020 1967 5064 terra
1997 5009 2382 5081 promissionis
2411 5008 2652 5075 abrepta,
2697 5015 2751 5060 et
2784 5007 2836 5059 in
2864 5007 3237 5075 captivitatem
3283 5016 3394 5061 tra-

1824 5101 2018 5155 ducta:
2074 5098 2516 5169 quandoquidem
2568 5098 2621 5150 hi
2654 5099 2816 5152 etiam
2845 5098 2937 5167 qui
2973 5096 3086 5151 illic
3119 5112 3397 5152 remanseo

1824 5201 1967 5255 rant,
2005 5190 2150 5244 haud
2173 5191 2354 5244 minus
2378 5189 2485 5242 illis
2509 5188 2608 5243 visi
2643 5196 2773 5242 sunt
2803 5195 3143 5257 peccatores.
3170 5186 3399 5257 Egregie

1826 5291 2003 5337 autem
2047 5296 2168 5335 cum
2200 5280 2449 5334 absoluta
2494 5279 2759 5333 sententia
2794 5278 2923 5332 facit
2964 5278 3395 5347 praedictionem,

1826 5380 1886 5424 ut
1943 5371 2199 5426 ostendat
2250 5370 2445 5439 dignos
2497 5369 2619 5423 illos
2650 5376 2821 5422 semet
2857 5368 3149 5431 malisliis,
3204 5384 3300 5437 per
3334 5383 3398 5421 ea
3459 5395 3473 5405 -

1821 5477 1944 5530 qua!
1998 5440 2301 5530 gesserant,
2352 5459 2633 5524 effecisse;
2698 5459 2843 5513 unde
2875 5468 2928 5512 et
2964 5458 3108 5513 Deus
3158 5458 3288 5511 talia
3333 5458 3401 5510 de

1820 5552 1979 5623 251
2016 5553 2082 5608 iis
2105 5552 2399 5607 decernere
2426 5552 2694 5606 adductus
2720 5552 2809 5606 sit.
2843 5549 2961 5604 Jam
2988 5559 3276 5619 pastquam
3307 5560 3403 5620 ge-
