3844 6222
470 292 566 349 όκὶ

1639 288 1992 345 TllEODORI
2023 286 2506 345 MOPSUESTENI

3612 293 3713 350 452

469 412 724 468 neraliter
775 410 928 474 dixit,
985 409 1281 465 tDellciant
1337 411 1584 471 omnia,»
1640 412 1814 480 pergit
1865 411 2033 464 tlirert

2155 427 2264 462 των
2307 409 2491 473 ἀξίους
2535 409 2758 471 ἑαυτοὺς
2797 409 2861 462 δι’
2893 405 2968 463 ῶν
3014 409 3279 480 ἔπραττον
3328 411 3712 480 πεποιήκασιν·

467 503 873 571 particulatim:
916 502 1170 554 «Deﬁciat
1207 503 1388 562 homo,
1418 508 1470 555 et
1496 501 1742 570 jutnenla
1769 501 2043 567 deficiant,

466 605 681 645 necnon
733 591 858 644 caeli
895 590 1180 652 volucres,
1250 599 1302 641 et
1343 591 1511 643 maris
1550 589 1761 658 pisces:
1811 597 1865 643 et
1897 590 2044 642 inlir-

466 681 760 733 mabuntur
797 679 967 749 impii,
1009 689 1064 733 et
1097 679 1340 733 auferam
1388 680 1609 748 iniquos
1639 696 1666 734 a
1699 679 1837 734 facie
1860 689 2042 744 terrae,

466 778 598 830 dicit
633 775 915 830 Dominus.
945 795 962 826 ι
1010 773 1370 843 Hyperbolice
1395 773 1612 842 quidem
1641 774 1959 828 hominibus
1981 787 2045 828 ac

463 865 724 933 jumentis
765 865 1017 918 volucres
1043 879 1260 932 quoque
1288 874 1339 917 ct
1377 865 1548 931 pisces
1590 864 1891 933 cepulavit:
1961 864 2045 917 vel

467 957 630 1010 etiam
665 957 890 1026 tropice,
919 972 1016 1010 ceu
1041 957 1179 1009 solet
1207 955 1350 1024 loqui
1378 973 1391 1018 ;
1429 955 1501 1008 ita
1535 963 1592 1008 ut
1619 956 1868 1010 volucres
1899 955 2046 1009 dicat

470 1047 590 1100 illos
622 1047 715 1115 qtti
747 1048 1058 1116 principatu
1094 1047 1240 1099 inter
1258 1056 1488 1100 ca>teros
1519 1046 1765 1100 homines
1781 1046 2042 1112 eminent,

470 1138 648 1205 pisces
683 1153 810 1192 vero
858 1139 1100 1206 plebeios
1154 1138 1247 1205 qui
1289 1137 1441 1191 valde
1495 1137 1773 1191 humiliter
1823 1144 2041 1206 repunt.

471 1228 588 1281 Mox
624 1237 678 1280 et
703 1243 924 1281 causam
957 1229 1182 1286 addens.
1217 1247 1234 1277 ι
1263 1227 1326 1279 Et
1364 1228 1805 1292 inlirmahuntur,
1843 1227 2037 1296 inquit,

469 1319 642 1387 impii,
667 1326 718 1373 et
743 1320 986 1373 auferam
1015 1321 1234 1388 iniquos
1264 1319 1329 1373 de
1356 1319 1493 1373 facie
1533 1327 1709 1381 terrae,
1761 1320 1893 1373 dicit
1931 1320 2034 1372 Do-

467 1411 671 1464 minus.
701 1429 718 1461 ι
759 1408 861 1474 Qui
885 1411 1046 1478 impie
1077 1411 1388 1478 iujustrque
1419 1410 1624 1468 vivunt,
1655 1411 1720 1462 ad
1745 1418 2042 1464 extremam

467 1499 808 1551 deducentur
855 1499 1245 1559 inﬁrmitatem,
1308 1498 1434 1566 quia
1465 1499 1568 1552 sub
1598 1499 1813 1552 hostilis
1847 1515 2042 1553 manus

469 1589 578 1642 ictu
613 1587 848 1642 cadent:
888 1589 1079 1656 reliqui
1109 1603 1235 1640 vero
1268 1589 1539 1656 mancipio
1561 1588 1729 1657 capti,
1761 1589 2043 1642 abducen-

469 1687 552 1730 tur
581 1694 610 1730 a
636 1679 872 1748 regione,
905 1695 1063 1745 quam
1099 1693 1127 1729 a
1154 1694 1236 1732 nte
1260 1688 1536 1747 acceptam
1568 1694 1677 1732 non
1713 1680 1834 1733 sine
1856 1680 2041 1732 multis

470 1768 769 1822 sceleribus
801 1769 1126 1821 retinebant.

2145 501 2267 554 ὅθεν
2297 500 2359 571 δὴ
2385 501 2477 553 καὶ
2505 501 2880 571 ἀποφήνασθαι
2915 502 3043 572 περὶ
3070 501 3248 554 αὐτῶν
3293 500 3518 554 τοιαῦτα
3553 519 3717 572 προσο

2144 593 2310 661 ἦκται
2345 592 2495 655 Θεός.
2539 589 2670 644 Εἶτα
2713 588 3246 656 καθολικῶςεὶπὼν,ι
3268 589 3561 644 Ἑκλιπέτω
3590 594 3718 646 πάν-

2144 699 2250 746 τα,
2290 701 2312 734 θ
2347 683 2542 750 ἐπάγει
2588 683 2730 736 κατά
2762 683 2954 753 μέρος·
2997 701 3016 734 ι
3063 681 3364 735 Ἐκλιπέτω
3404 682 3716 752 ἄνθρωπος,

2144 772 2239 825 καὶ
2267 774 2439 844 κτήνη
2487 773 2774 837 ἐκλιπέτω,
2806 774 2876 827 τὰ
2921 773 3140 827 πετεινά
3167 774 3260 827 τοῦ
3283 773 3512 844 ούρανοῦ
3548 776 3641 828 καὶ
3667 779 3717 829 οἰ

2149 863 2330 934 ἰχθύες
2367 864 2468 933 τῆς
2509 864 2814 936 θαλάσσης·
2845 865 2942 919 καὶ
2965 864 3355 935 ἀσθενήσουσιν
3391 867 3438 918 οἱ
3471 865 3716 928 ἀσεόείςι

2145 955 2238 1007 καὶ
2269 954 2446 1024 ἐξαρῶ
2469 956 2594 1018 τοὺς
2619 955 2856 1025 ἀνόμους
2886 955 2997 1009 ἀπὸ
3027 955 3321 1026 προσώπου
3344 959 3443 1026 τῆς
3469 956 3598 1026 γῆς,
3630 955 3717 1009 λέ-

2145 1058 2229 1108 γει
2262 1041 2484 1113 Κύριος.
2516 1062 2533 1094 ι
2584 1042 2990 1114 Ὑπερὸολικῶς
3021 1044 3118 1112 μὲν
3146 1047 3256 1104 τοῖς
3287 1043 3598 1114 ἀνθρώποις
3628 1047 3720 1098 καὶ

2143 1136 2254 1195 τοῖς
2288 1135 2509 1204 κτήνεσι
2538 1135 2607 1187 τά
2628 1152 2687 1187 τε
2718 1134 2940 1188 πετεινά
2964 1135 3058 1187 καὶ
3087 1135 3212 1197 τοὺς
3237 1135 3427 1204 ἰχθύας
3451 1137 3714 1208 συνῆψεν·

2143 1224 2177 1291 ἢ
2217 1224 2312 1276 καὶ
2350 1226 2647 1293 τροπικῶς,
2694 1225 2874 1288 καθὼς
2892 1226 3078 1278 εἴωθεν
3117 1225 3324 1293 λέγειν,
3369 1228 3453 1280 ἵνα
3496 1230 3718 1282 πετεινὰ

2148 1314 2246 1382 μὲν
2284 1315 2413 1386 εἴπῃ
2455 1318 2583 1378 τοὺς
2630 1317 2946 1378 δυναστείας
2980 1317 3443 1388 ύπεραιρομένους
3475 1319 3585 1373 τῶν
3617 1319 3718 1371 λοι-

2144 1403 2280 1467 πῶν,
2319 1403 2504 1474 ἰχθύας
2540 1407 2596 1458 δὲ
2628 1407 2756 1468 τοὺς
2817 1407 2873 1458 ἐν
2914 1406 2992 1476 τῷ
3033 1407 3188 1476 δήμῳ
3228 1408 3316 1460 διὰ
3359 1409 3718 1479 ταπεινότητα

2144 1495 2409 1565 ἕρποντας
2470 1495 2688 1565 πολλήν.
2717 1498 2824 1548 Καὶ
2852 1498 2948 1566 τὴν
2982 1498 3159 1550 αἰτίαν
3186 1499 3241 1550 δέ
3271 1500 3512 1566 ἐπάγων,
3558 1518 3576 1550 ι
3614 1501 3716 1551 Καὶ

2144 1587 2530 1656 ἀσθενήσουσιν
2558 1589 2604 1640 οἱ
2633 1587 2866 1651 ἀσεϐεῖς,
2894 1589 2987 1639 καὶ
3005 1587 3182 1658 ἐξαρῶ
3205 1590 3328 1650 τοὺς
3352 1589 3588 1658 ἀνόμους
3616 1588 3718 1641 ἀπὸ

2145 1677 2439 1748 προσώπου
2482 1678 2582 1746 τῆς
2609 1679 2731 1747 γῆς,
2762 1677 2906 1744 λέγει
2937 1676 3160 1746 Κύριος.
3211 1696 3228 1728 ι
3267 1679 3330 1729 Oi
3367 1678 3473 1746 γὰρ
3498 1678 3717 1746 ἀσεόεξα

2073 1745 2114 1798 Β
2143 1745 2232 1821 καὶ
2260 1767 2458 1840 ἀνομίᾳ
2489 1745 2778 1832 συζῶντες,
2811 1768 2888 1836 (p.
2917 1745 3042 1835 585)
3079 1769 3157 1829 εἰς
3191 1767 3426 1837 παντελῆ
3452 1745 3716 1836 καταντήέ

473 1871 654 1906 σουσιν
683 1855 996 1919 ἀσθένειαν,
1031 1857 1132 1910 ὑπὸ
1164 1861 1229 1927 τῇ
1265 1859 1370 1910 τῶν
1400 1859 1668 1929 πολεμίων
1701 1860 2048 1922 πεπτωκότες
2089 1860 2263 1929 χειρί⁹
2298 1860 2348 1911 οί
2392 1860 2566 1912 λοιποί
2597 1876 2653 1912 τε
2689 1859 3030 1930 αἰχμαλωσίᾳ
3067 1859 3381 1930 ληφθέντες,
3419 1862 3716 1931 ἀφαιρεθή-

472 1965 650 2000 σονται
684 1948 781 2017 τῆς
821 1949 945 2017 γῆς,
973 1950 1038 2018 ἣν
1065 1953 1193 2020 παρ’
1226 1951 1357 2018 ἐμοῦ
1382 1951 1636 2016 λαϐόντες
1672 1953 1808 2022 μετὰ
1837 1952 2039 2022 πολλῆς
2063 1955 2313 2022 κατεῖχον
2341 1954 2439 2023 τῆς
2469 1953 2837 2022 παρανομίας.

542 2036 707 2093 Vens.
735 2039 854 2092 4-6.
878 2070 949 2079 -
967 2041 1170 2095 Deinde
1190 2043 1256 2096 de
1279 2045 1478 2111 quibus
1511 2046 1623 2098 haec
1647 2047 1815 2109 dicat,
1837 2046 2040 2100 clarius

468 2129 788 2198 explanans,
819 2149 835 2181 t
863 2129 1178 2196 Extendam,
1201 2133 1397 2203 inquit,
1426 2149 1642 2189 manum
1672 2153 1843 2192 meam
1879 2153 2041 2206 super

469 2217 684 2279 Judam,
713 2231 765 2273 et
799 2237 962 2290 super
991 2237 1180 2276 omnes
1211 2222 1551 2279 Hierusalem
1585 2227 1850 2283 incolas.»
1884 2228 2040 2283 Post-

469 2325 629 2376 quam
666 2311 732 2363 de
765 2311 908 2364 tribu
944 2321 997 2364 et
1027 2316 1161 2368 urbe
1208 2323 1494 2383 capturum
1548 2333 1606 2370 se
1656 2334 1843 2387 poenas
1879 2319 2033 2383 dixit,

469 2401 779 2453 necessario
813 2409 976 2455 tanta:
1030 2404 1520 2461 animadversionis
1576 2423 1772 2461 causas
1806 2412 2036 2463 recitat:

473 2509 488 2537 ι
520 2489 582 2542 Et
607 2491 848 2544 auferam
869 2496 935 2546 de
958 2494 1078 2547 loco
1111 2494 1218 2547 isto
1250 2498 1468 2550 nomina
1493 2497 1718 2562 Baalim,
1743 2508 1794 2553 et
1817 2501 2038 2554 nomina

468 2580 817 2634 delubrorum
841 2597 966 2635 cum
999 2585 1398 2645 sacerdotibus.
1425 2595 1478 2640 et
1502 2588 1593 2656 qui
1617 2589 1846 2642 adorant
1875 2605 2038 2658 super

470 2677 607 2722 tecta
639 2673 938 2724 exercitum
965 2674 1112 2733 caeli,
1164 2683 1216 2727 et
1259 2679 1350 2744 qui
1380 2677 1568 2744 jurant
1599 2693 1694 2746 per
1723 2677 2034 2740 Dominum,

467 2768 520 2810 et
549 2758 639 2827 qui
679 2759 866 2828 jurant
903 2778 996 2830 per
1047 2763 1430 2830 Melchomum,
1487 2774 1540 2819 et
1569 2767 1660 2836 qui
1700 2769 1977 2821 declinant
2007 2785 2036 2821 a

467 2847 716 2915 Domino,
755 2859 809 2903 et
843 2853 934 2918 qui
968 2851 1252 2907 Dominum
1285 2872 1393 2908 non
1421 2868 1689 2924 quaerunt,
1724 2870 1774 2910 et
1803 2860 1894 2927 qui
1928 2876 2036 2913 non

469 2939 705 2992 retinent
738 2939 1045 2995 Dominum.
1071 2962 1089 2994 ι
1145 2945 1369 3013 Ejiciam
1401 2949 1623 3000 omnino
1653 2950 1719 3001 de
1764 2950 1882 3002 loco
1912 2951 2034 3014 huc,

468 3029 662 3094 partim
705 3030 836 3083 credi
861 3033 1101 3100 tradens,
1124 3037 1319 3103 partim
1343 3039 1641 3106 captivitati
1668 3057 1681 3106 ;
1706 3040 1849 3092 idola
1875 3041 2035 3094 simul

467 3121 647 3171 omnia
675 3125 984 3186 destruens,
1019 3133 1071 3178 et
1102 3126 1318 3179 illorum
1354 3129 1648 3195 culturam,
1687 3146 1810 3184 cum
1849 3133 1914 3185 iis
1942 3134 2032 3202 qui

465 3209 780 3265 sacerdotes
825 3214 1141 3268 eorumdem
1175 3217 1532 3286 videbantur;
1587 3230 1862 3290 postremo
1911 3224 2034 3278 illos

2213 2047 2358 2115 Στίχ.
2373 2046 2522 2109 δ’-ς’.
2541 2079 2606 2087 -
2623 2044 2756 2099 Εἶτα
2787 2047 2879 2099 καὶ
2902 2063 2967 2098 πε
2977 2047 3028 2116 pi.
3044 2045 3201 2099 τίνων
3222 2046 3366 2114 λέγει
3387 2049 3711 2119 σαφέστερον

2143 2134 2331 2196 ποιῶν,
2394 2153 2412 2186 t
2449 2135 2557 2187 Καὶ
2600 2135 2802 2187 ἐκτενῶ
2854 2135 2952 2206 τὴν
2992 2137 3149 2207 χεῖρά
3206 2154 3305 2206 μου
3361 2139 3453 2190 ἐπὶ
3507 2139 3703 2192 Ἰούδαν

2143 2227 2234 2278 καὶ
2266 2224 2358 2277 ἐπὶ
2407 2224 2612 2288 πάντας
2654 2226 2780 2288 τοὺς
2845 2226 3230 2288 κατοικοῦντας
3285 2226 3656 2298 Ἰερουσαλήμ.
3688 2249 3706 2282 ι

2140 2318 2298 2369 Κατά
2350 2334 2408 2368 τε
2467 2318 2563 2385 τῆς
2623 2317 2826 2386 φυλῆς,
2895 2318 3036 2370 κατά
3096 2335 3151 2369 τε
3211 2319 3308 2386 τῆς
3362 2319 3569 2384 πόλεως
3627 2323 3712 2373 ἐπ-

2143 2407 2294 2472 άξειν
2319 2407 2552 2479 εἰρηκὼς
2580 2409 2677 2477 τὴν
2712 2407 2996 2478 τιμωρίαν,
3037 2409 3345 2474 ἀναγκαίως
3382 2410 3438 2462 δὲ
3482 2410 3578 2462 καὶ
3619 2411 3712 2472 τὰς

2139 2498 2238 2567 τῆς
2280 2499 2544 2568 τοσαύτης
2585 2499 2849 2568 τιμωρίας
2881 2499 3052 2566 λέγων
3089 2499 3284 2562 αἰτίας·
3337 2519 3356 2552 ι
3399 2501 3511 2553 Καὶ
3541 2502 3713 2571 ἐξαρῶ

2141 2591 2204 2640 ἐκ
2237 2587 2328 2640 τοῦ
2362 2589 2524 2641 τόπου
2558 2590 2624 2640 τὰ
2657 2590 2892 2658 ὀνόματα
2924 2590 3032 2641 τῶν
3079 2589 3310 2660 Βααλὶμ,
3356 2589 3450 2642 καὶ
3500 2593 3566 2644 τα
3599 2593 3711 2644 ὀνό-

2145 2697 2285 2749 ματα
2313 2679 2380 2731 τὰ
2413 2679 2520 2730 τῶν
2545 2679 2700 2750 ἱερῶν
2731 2680 2868 2750 μετά
2902 2679 3007 2732 τῶν
3041 2681 3246 2751 ίερέων,
3276 2680 3522 2743 καὶτοὺς
3551 2696 3708 2752 προσ-

2141 2769 2431 2830 κυνοῦντας
2452 2770 2540 2820 ἐπὶ
2564 2769 2630 2820 τὰ
2650 2767 2870 2832 δώματα
2897 2772 2959 2838 τῇ
2991 2771 3214 2839 στρατιᾷ
3241 2767 3328 2822 τοῦ
3353 2770 3602 2839 ούρανοῦ,
3623 2772 3711 2822 καὶ

2138 2858 2264 2919 τοὺς
2289 2855 2585 2924 ὀμνύοντας
2611 2857 2748 2908 κατὰ
2783 2856 2873 2909 τοῦ
2906 2857 3106 2926 Κυρίου
3131 2896 3144 2918 ,
3177 2857 3271 2910 καὶ
3321 2860 3448 2920 τοὺς
3489 2858 3708 2928 ὀμνύον-

2137 2965 2234 3006 τας
2279 2947 2418 2998 κατὰ
2460 2947 2551 2998 τοῦ
2597 2946 2846 3015 Μελχὸμ,
2897 2949 2990 3000 καὶ
3035 2948 3159 3009 τοὺς
3216 2947 3561 3012 ἐκκλίνοντας
3608 2949 3708 3002 ἀπὸ

2137 3032 2229 3084 τοῦ
2282 3032 2520 3102 Κυρίου,
2567 3034 2659 3084 καὶ
2706 3035 2830 3095 τοὺς
2885 3034 2958 3104 μὴ
3010 3035 3304 3103 ζητοῦντας
3363 3037 3455 3089 τὸν
3489 3037 3707 3108 Κύριον,

2139 3124 2231 3176 καὶ
2257 3124 2378 3185 τοὺς
2413 3123 2486 3192 μὴ
2514 3123 2904 3194 ἀντεχομένους
2930 3125 3021 3178 τοῦ
3049 3126 3271 3196 Κυρίου.
3307 3146 3325 3178 ι
3372 3129 3582 3196 Ἀφελῶ
3607 3130 3709 3198 γὰρ

2139 3212 2411 3274 παντελῶς
2436 3212 2526 3266 τοῦ
2557 3215 2717 3266 τόπου
2741 3215 2950 3278 τούτου,
2974 3217 3097 3278 τοὺς
3128 3217 3226 3286 μὲν
3254 3221 3318 3288 τῇ
3353 3222 3561 3290 σφαγῇ,
3592 3219 3711 3282 τοὺς

463 3300 554 3367 qui
586 3315 749 3370 super
783 3311 923 3355 tecta
979 3305 1346 3363 Iuminaribus
1385 3311 1509 3363 cmli
1538 3312 1744 3364 cultum
1777 3315 2033 3369 exhibere

2138 3302 2192 3354 δὲ
2216 3305 2280 3372 τῇ
2315 3303 2674 3374 αἰχμαλωσίᾳ,
2701 3307 3074 3372 συναφανίςων
3096 3309 3278 3370 αὐτοῖς
3311 3311 3399 3361 καὶ
3428 3311 3499 3362 τὲ
3522 3310 3710 3363 εἴδωλα

463 3390 779 3445 studebant.
808 3393 913 3448 Sed
941 3396 1146 3463 justam
1172 3399 1415 3467 apprime
1439 3401 1471 3452 ii
1499 3403 1772 3469 patientur
1795 3418 2030 3474 poenam,

463 3477 554 3544 qtti
603 3479 751 3531 circa
804 3485 1063 3550 templum
1123 3501 1300 3538 meum
1346 3497 1650 3551 versantes,
1689 3507 1797 3544 non
1837 3493 2033 3547 erube-

461 3577 623 3622 scunt
653 3569 921 3624 idolorum
947 3575 1117 3627 cultui
1149 3592 1373 3631 vacare:
1407 3579 1501 3632 sed
1531 3582 1691 3634 modo
1723 3582 1882 3652 252
1913 3584 2034 3652 qui-

460 3658 606 3720 dem,
665 3662 847 3716 cultus
888 3665 991 3717 mei
1019 3681 1076 3718 se
1106 3682 1374 3722 memores
1415 3673 1787 3736 ostendentes,
1821 3690 1916 3743 per
1948 3691 2033 3730 me

455 3748 676 3814 jurant;
719 3751 880 3806 modo
913 3763 1091 3806 autem
1127 3771 1221 3824 per
1259 3756 1402 3811 idola
1433 3776 1651 3830 quoque
1674 3763 1895 3832 jurant:
1950 3772 2032 3818 et-

458 3841 604 3889 enim
633 3839 986 3893 Melchomnm
1017 3844 1218 3896 idolum
1252 3848 1518 3914 nominat,
1541 3859 1598 3902 ut
1623 3867 1685 3905 ex
1713 3869 1838 3915 uno,
1870 3861 2032 3922 prout

460 3928 616 3990 solet,
657 3938 852 3982 cunt-ta
887 3931 1108 3988 denotet
1143 3934 1307 3990 idola.

2133 3393 2329 3454 πάντα,
2362 3395 2461 3463 τήν
2494 3411 2552 3445 τε
2595 3395 2680 3446 ἐπ’
2725 3397 2905 3459 αὐτοῖς
2945 3396 3262 3467 θεραπείαν,
3305 3400 3442 3467 μετὰ
3475 3401 3590 3454 τῶν
3637 3403 3712 3453 ἰε-

2135 3483 2380 3552 ρατεύειν
2414 3486 2595 3547 αὐτοῖς
2629 3486 2946 3552 δοκούντων,
2977 3489 3112 3559 πρὸς
3143 3489 3312 3542 ἅπασί
3345 3508 3403 3542 τε
3455 3495 3591 3555 τοὺς
3623 3493 3710 3544 ἐπί

2131 3573 2238 3626 τῶν
2259 3574 2520 3644 δωμάτων
2542 3577 2666 3638 τοὺς
2689 3577 2806 3628 κατ’
2830 3578 3053 3647 οὐρανὸν
3075 3582 3258 3650 φωστῆ
3268 3599 3364 3650 ρας
3384 3582 3708 3651 θεραπεύειν

2132 3666 2544 3729 ἐσπουδακότας
2578 3667 2788 3720 δικαίαν
2825 3672 2932 3741 γὰρ
2976 3671 3040 3743 δὴ
3077 3673 3306 3742 μάλιστα
3347 3669 3495 3727 οῦτοι
3534 3676 3708 3742 δέξον-

2136 3774 2225 3809 ται
2263 3757 2360 3827 τὴν
2409 3759 2693 3828 τιμωρίαν,
2736 3761 2785 3813 οἳ
2837 3762 2963 3831 περί
2993 3763 3082 3815 τὸν
3122 3764 3248 3816 ναὸν
3294 3765 3572 3829 οἰκοῦντες
3619 3767 3707 3820 τὸν

2137 3848 2268 3917 ἐμὸν
2313 3849 2410 3901 ούκ
2449 3849 2789 3918 αἰσχύνονται
2833 3853 2960 3922 περὶ
3006 3853 3104 3923 τὴν
3145 3853 3510 3908 τῶνείδώλων
3543 3857 3706 3927 ἀσχο-

2137 3936 2387 4005 λούμενοι
2413 3936 2736 4007 θεραπείαν·
2763 3939 2838 4008 (p.
2859 3940 2982 4010 584)
3009 3940 3142 3994 ἀλλὰ
3170 3942 3298 3994 ποτὲ
3325 3945 3422 4012 μὲν
3443 3945 3546 4014 τῆς
3570 3945 3706 4014 ἐμῆς

459 4017 815 4110 ἐνδείκνυνται
852 4020 1176 4110 ,θεραπείας
1231 4030 1532 4097 φροντίζειν
1581 4033 1658 4084 ὅτ’
1709 4033 1774 4086 ἂν
1834 4035 2017 4098 αὐτοῖς
2063 4035 2281 4106 ὀμνύειν
2321 4039 2440 4090 κατ’
2484 4038 2617 4107 ἐμοῦ
2666 4039 2829 4110 δοκῇ,
2878 4043 3006 4094 ποτὲ
3038 4043 3094 4095 δὲ
3131 4043 3270 4096 κατά
3311 4045 3421 4099 τῶν
3471 4047 3705 4101 εἰδώλων

457 4108 733 4176 ὀμνύούσι’
763 4109 986 4180 Μελχὸμ
1017 4115 1124 4184 γὰρ
1151 4116 1209 4168 τὸ
1239 4117 1449 4172 εἴδωλον
1469 4121 1649 4189 λέγει’
1684 4124 1748 4176 ἵν’
1773 4125 1864 4193 ἀφ’
1887 4126 2026 4189 ἐνὸς,
2063 4127 2246 4190 καθὼς
2283 4127 2490 4192 εἴωθεν,
2533 4128 2746 4184 ἃπαντα
2771 4108 2907 4204 εἴπῃ
2934 4133 3001 4186 τά
3034 4135 3240 4190 εἴδωλα.

527 4199 723 4254 Multas
759 4203 976 4256 memini
1009 4221 1093 4258 me
1126 4212 1540 4274 praetermittere
1577 4213 1792 4270 fabulas
1838 4231 2027 4271 eorum

457 4291 550 4359 qui
587 4291 652 4343 ad
705 4291 983 4361 Syriacam
1032 4297 1534 4365 interpretationem
1580 4305 1901 4372 respiciunt,
1960 4323 2029 4362 ne

2209 4219 2366 4271 Ἀλλά
2387 4220 2494 4287 γὰρ
2527 4221 2726 4285 πολλὰς
2755 4223 2854 4292 μὲν
2881 4219 2996 4278 οῖδα
3021 4226 3344 4296 μυθολογίας
3373 4233 3573 4302 παρεῖς
3596 4233 3702 4287 τῶν

2126 4309 2260 4380 πρὸς
2287 4311 2411 4371 τοὺς
2453 4311 2654 4380 Σύρους
2703 4314 3030 4385 κεχῃνότων,
3079 4316 3154 4379 ώς
3184 4318 3250 4370 ἂν
3299 4320 3373 4388 μὴ
3422 4322 3702 4394 φλυαριῶν

458 4378 677 4447 ineptiis
706 4379 918 4433 viderer
949 4381 1185 4434 divinam
1217 4385 1440 4453 implere
1468 4386 1830 4458 Scripturam.
1872 4392 2026 4447 Nunc

2138 4378 2332 4467 ῑοκοίην
2364 4378 2684 4470 ἐμπιμπλᾷν
2861 4403 3010 4455 θείαν
3051 4378 3311 4476 Γραφήνί
3331 4378 3388 4461 ἐν
3433 4378 3616 4482 καιρίᾖ
3645 4412 3701 4464 δὲ

459 4485 593 4524 vero
623 4479 932 4538 opportune
975 4474 1232 4527 existimo
1264 4478 1336 4529 rei
1381 4478 1542 4547 hujus
1576 4480 1758 4537 facere
1798 4485 2026 4537 mentio-

457 4576 604 4623 nem,
640 4562 710 4614 ob
739 4564 1147 4632 eoarguendum
1179 4577 1291 4620 tum
1328 4569 1378 4621 id
1419 4573 1562 4639 quod
1595 4575 1664 4627 ab
1715 4575 1850 4644 ipsis
1879 4591 2023 4628 nunc

458 4653 756 4720 incongrue
803 4654 1026 4712 dicitur.
1085 4664 1197 4708 tum
1242 4659 1402 4711 etiam
1447 4671 1637 4717 (uetera
1685 4666 2020 4734 hujttsmodi,

454 4757 577 4810 qum
605 4743 673 4795 ab
717 4743 908 4798 iisdem
944 4744 1112 4810 dicta,
1164 4762 1264 4815 ego
1290 4757 1468 4802 tamen
1496 4753 1566 4804 ob
1597 4769 1714 4806 eam
1747 4771 1908 4823 quam
1941 4773 2027 4810 re-

453 4830 553 4884 tuli
588 4845 808 4886 causam
861 4835 1203 4900 praztermisi.
1255 4837 1453 4892 Dicunt
1489 4840 1652 4910 igitur
1697 4846 2024 4900 vocabulum

456 4915 815 4975 Melchomum
849 4921 952 4975 hoc
997 4923 1117 4977 loco
1145 4941 1322 4995 regem
1367 4929 1705 4996 significare;
1741 4937 1865 5004 quia
1900 4936 2026 4991 Mel-

453 5007 612 5060 chom
656 5023 750 5062 rex
797 5009 997 5064 dicitur
1047 5013 1100 5065 in
1151 5013 1408 5084 Syrorum
1458 5029 1617 5087 atque
1668 5021 2017 5080 Heln-morum

453 5096 671 5165 lingua;
725 5099 817 5153 sed
867 5100 1191 5170 interpretes
1219 5120 1404 5160 errore
1436 5109 1708 5179 deceptos.
1762 5130 1858 5182 pro
1892 5131 2018 5186 rege

451 5186 811 5242 llelchomum
859 5189 1085 5252 dixisse,
1135 5194 1279 5261 qttod
1308 5204 1389 5248 cst
1417 5198 1637 5252 idolum.
1691 5202 1852 5271 Atqui
1886 5205 2017 5260 illud

455 5277 727 5346 imprimis
791 5283 1080 5349 Oportebat
1127 5285 1510 5351 considerare,
1567 5291 1808 5347 divinam
1871 5295 2020 5350 Scri-

379 5393 384 5396 -
452 5375 665 5438 pturam
698 5369 964 5425 llebraico
996 5387 1248 5427 sermone
1272 5374 1441 5431 fuisse
1468 5379 1753 5449 dictatam,
1811 5386 1878 5438 ad
1914 5389 2017 5457 Sy-

452 5473 639 5511 rorum
673 5467 850 5514 autem
887 5477 1046 5515 usum
1085 5463 1404 5517 translatam
1440 5466 1609 5524 fuisse
1647 5473 1746 5528 abs
1778 5476 2023 5543 quolibet

451 5548 672 5602 homine
707 5552 908 5619 (neque
934 5553 1077 5606 enim
1112 5551 1179 5606 ad
1222 5554 1367 5609 hunc
1403 5572 1575 5626 usque
1604 5561 1744 5616 diem
1775 5566 1900 5634 quis
1932 5567 2021 5622 ille

445 5639 609 5694 fuerit
652 5643 908 5698 rescitum
941 5646 1064 5716 est).
1122 5643 1178 5698 in
1213 5646 1524 5703 Graecorum
1562 5660 1743 5708 autem
1778 5656 2018 5726 linguam

2120 4487 2214 4542 νῦν
2242 4490 2462 4558 ἐνόμισα
2481 4489 2567 4542 διὰ
2595 4491 2783 4543 τούτου
2817 4495 3140 4564 ποιήσασθαι
3177 4500 3412 4568 μνήμην,
3439 4503 3518 4564 εἰς
3547 4503 3701 4570 ἔλεγ-

2125 4597 2216 4647 χον
2246 4580 2354 4631 εἴτε
2400 4580 2492 4632 τοῦ
2553 4580 2646 4632 νῦν
2670 4581 2728 4632 ού
2759 4581 2981 4645 δεόντως
3022 4586 3149 4656 παρ’
3183 4588 3358 4641 αὐτῶν
3380 4590 3696 4662 λεγομένου,

2126 4669 2235 4722 εἴτε
2288 4669 2380 4722 καὶ¹
2412 4670 2518 4722 τῶν
2557 4669 2774 4733 λοιπῶν,
2807 4671 2841 4724 ἀ
2870 4673 3133 4740 λεγόντων
3166 4677 3340 4730 αὐτῶν
3371 4681 3599 4750 παρῆκα
3632 4683 3697 4734 δι’

2126 4761 2190 4829 ἣν
2237 4759 2370 4830 ἔφην
2401 4760 2600 4812 αἰτίαν.
2640 4761 2871 4828 Λέγουσι
2917 4765 3022 4834 γὰρ
3061 4766 3141 4818 ὅτι
3191 4769 3414 4839 Μελχὸμ
3466 4773 3700 4827 ἐνταῦθα

2123 4849 2212 4902 τὸν
2253 4850 2470 4919 βασιλέα
2504 4851 2746 4920 βούλεται
2781 4856 2971 4906 εἰπεῖν·
3021 4859 3246 4928 Μελχδμ
3270 4861 3378 4931 γὰρ
3410 4863 3502 4915 τοῦ
3544 4865 3697 4934 βασιο

2123 4939 2256 5003 λέως
2279 4941 2570 5010 λεγομένου
2592 4943 2730 4997 κατά
2761 4945 2858 5014 τὴν
2886 4946 3072 5016 Σύρων
3106 4952 3198 5002 καὶ
3241 4951 3508 5022 Ἐϐραίων
3532 4956 3698 5022 γλῶτ-

2123 5047 2242 5092 ταν,
2281 5030 2644 5101 πλανηθέντας
2675 5034 2800 5096 τοὺς
2834 5036 3290 5106 ἑρμηνεύσαντας,
3320 5044 3442 5096 ἀντὶ
3475 5045 3571 5098 τοῦ
3604 5048 3696 5116 βα-

2128 5121 2337 5186 σιλέως,
2371 5123 2594 5193 Μελχὸμ
2631 5127 2822 5189 εἰπεῖν,
2865 5128 3000 5199 ὅπερ
3030 5131 3178 5184 ἐστὶν
3221 5133 3282 5186 τὸ
3307 5135 3540 5190 εἴδωλον.
3592 5139 3697 5202 Οὓς

2125 5213 2288 5281 ἐχρῆν
2319 5213 2425 5282 πρὸ
2454 5215 2669 5268 πάντων
2694 5217 2866 5270 ἐκεῖνο
2898 5219 3150 5288 συνιδεῖν,
3191 5224 3272 5276 ὅτι
3303 5226 3442 5279 κατά
3474 5230 3574 5297 μὲν
3601 5231 3695 5299 τὴν

2135 5302 2400 5370 Ἐϐραίων
2448 5304 2692 5370 γλῶτταν
2724 5307 2934 5377 εἴρηται
2975 5311 3044 5362 τὰ
3084 5312 3186 5382 τῆς
3233 5313 3381 5378 θείας
3428 5317 3653 5388 Γραφῆς
3683 5357 3698 5379 ,

2125 5392 2462 5460 ἡρμήνευται
2502 5393 2558 5445 δὲ
2599 5395 2767 5449 ταῦτα
2809 5400 2887 5460 εἰς
2928 5400 3026 5470 μὲν
3053 5401 3148 5472 τὴν
3178 5403 3364 5474 Σύρων
3405 5410 3536 5478 παρ’
3571 5410 3690 5461 ὅτου

2118 5480 2501 5568 δήποτεῌ(ούδὲ
2528 5482 2635 5554 γὰρ
2659 5485 2925 5554 ἔγνωσται
2958 5492 3120 5562 μέχρι
3158 5495 3258 5563 τῆς
3281 5496 3515 5568 τήμερον
3543 5499 3692 5560 ὅστις

2119 5569 2248 5622 ποτέ
2279 5563 2434 5632 οὗτός
2460 5572 2663 5644 ἐστιν
2691 5578 2768 5639 εἰς
2795 5577 2851 5629 δὲ
2880 5580 2977 5650 τὴν
3022 5581 3289 5651 Ἐλλήνων
3322 5563 3689 5655 ἐϐδομήκοντα

2119 5661 2540 5733 μετενηνόχασιν
2565 5665 2754 5738 ἄνδρες
2789 5672 3142 5743 πρεσϐύτεροι
3168 5675 3262 5729 τοῦ
3286 5676 3434 5744 λαοῦ,
3460 5680 3682 5751 ἐπιστή-
