  <div class='ocr_page' id='page_1' title='image "/cluster/home/n/w/nwhite01/storage/ocr_20150623/66/nnc1.0021886636/264.png"; bbox 0 0 3844 6222; ppageno 0'>
   <div class='ocr_carea' id='block_1_1' title="bbox 151 299 260 355">
    <p class='ocr_par' dir='ltr' id='par_1_1' title="bbox 151 299 260 355">
     <span class='ocr_line' id='line_1_1' title="bbox 151 299 260 355; baseline 0 -1"><span class='ocrx_word' id='word_1_1' title='bbox 151 299 260 355; x_wconf 67' lang='grc'><strong>453</strong></span> 
     </span>
    </p>
   </div>
   <div class='ocr_carea' id='block_1_2' title="bbox 1123 297 2444 355">
    <p class='ocr_par' dir='ltr' id='par_1_2' title="bbox 1123 297 2444 355">
     <span class='ocr_line' id='line_1_2' title="bbox 1123 297 2444 355; baseline -0.001 -3"><span class='ocrx_word' id='word_1_2' title='bbox 1123 298 1667 355; x_wconf 74' lang='lat' dir='ltr'><strong>COMMENTARIUS</strong></span> <span class='ocrx_word' id='word_1_3' title='bbox 1705 298 1766 352; x_wconf 82' lang='lat' dir='ltr'><strong>IN</strong></span> <span class='ocrx_word' id='word_1_4' title='bbox 1812 297 2174 355; x_wconf 61' lang='lat' dir='ltr'><strong>SOPllONIIE</strong></span> <span class='ocrx_word' id='word_1_5' title='bbox 2211 297 2361 352; x_wconf 78' lang='lat' dir='ltr'><strong>CAP.</strong></span> <span class='ocrx_word' id='word_1_6' title='bbox 2405 300 2444 351; x_wconf 89' lang='lat' dir='ltr'><strong>l.</strong></span> 
     </span>
    </p>
   </div>
   <div class='ocr_carea' id='block_1_3' title="bbox 3307 302 3411 355">
    <p class='ocr_par' dir='ltr' id='par_1_3' title="bbox 3307 302 3411 355">
     <span class='ocr_line' id='line_1_3' title="bbox 3307 302 3411 355; baseline 0.019 -2"><span class='ocrx_word' id='word_1_7' title='bbox 3307 302 3411 355; x_wconf 66' lang='lat'><strong>45-5</strong></span> 
     </span>
    </p>
   </div>
   <div class='ocr_carea' id='block_1_4' title="bbox 154 410 1741 489">
    <p class='ocr_par' dir='ltr' id='par_1_4' title="bbox 154 410 1732 486">
     <span class='ocr_line' id='line_1_4' title="bbox 154 410 1732 486; baseline 0.002 -21"><span class='ocrx_word' id='word_1_8' title='bbox 154 429 314 483; x_wconf 84' lang='grc' dir='ltr'>μονες</span> <span class='ocrx_word' id='word_1_9' title='bbox 347 412 447 480; x_wconf 82' lang='grc' dir='ltr'><strong>μὲν</strong></span> <span class='ocrx_word' id='word_1_10' title='bbox 472 410 712 480; x_wconf 73' lang='grc' dir='ltr'>ἀκριϐῶς</span> <span class='ocrx_word' id='word_1_11' title='bbox 739 411 837 480; x_wconf 79' lang='grc' dir='ltr'><strong>τῆς</strong></span> <span class='ocrx_word' id='word_1_12' title='bbox 863 412 1106 481; x_wconf 75' lang='grc' dir='ltr'><strong>γλώττης</strong></span> <span class='ocrx_word' id='word_1_13' title='bbox 1134 413 1236 482; x_wconf 82' lang='grc' dir='ltr'>τῆς</span> <span class='ocrx_word' id='word_1_14' title='bbox 1257 415 1481 478; x_wconf 77' lang='grc' dir='ltr'><strong>οἰκείας,</strong></span> <span class='ocrx_word' id='word_1_15' title='bbox 1509 417 1732 486; x_wconf 83' lang='grc' dir='ltr'>ἐπιστή-</span> 
     </span>
    </p>
   </div>
   <div class='ocr_carea' id='block_1_5' title="bbox 1846 410 3404 489">
    <p class='ocr_par' dir='ltr' id='par_1_5' title="bbox 1846 415 3404 489">
     <span class='ocr_line' id='line_1_5' title="bbox 1846 415 3404 489; baseline 0.004 -21"><span class='ocrx_word' id='word_1_16' title='bbox 1846 416 2178 485; x_wconf 81' lang='lat' dir='ltr'><strong>septuaginta</strong></span> <span class='ocrx_word' id='word_1_17' title='bbox 2213 415 2310 467; x_wconf 89' lang='lat' dir='ltr'><strong>viri</strong></span> <span class='ocrx_word' id='word_1_18' title='bbox 2343 424 2752 480; x_wconf 82' lang='lat' dir='ltr'><strong>converterunt,</strong></span> <span class='ocrx_word' id='word_1_19' title='bbox 2787 419 3031 472; x_wconf 78' lang='lat' dir='ltr'><strong>seniores</strong></span> <span class='ocrx_word' id='word_1_20' title='bbox 3073 419 3140 473; x_wconf 90' lang='lat' dir='ltr'><strong>de</strong></span> <span class='ocrx_word' id='word_1_21' title='bbox 3181 422 3404 489; x_wconf 87' lang='lat' dir='ltr'><strong>populo.</strong></span> 
     </span>
    </p>
   </div>
   <div class='ocr_carea' id='block_1_6' title="bbox 153 500 1734 575">
    <p class='ocr_par' dir='ltr' id='par_1_6' title="bbox 153 500 1734 575">
     <span class='ocr_line' id='line_1_6' title="bbox 153 500 1734 575; baseline 0.004 -25"><span class='ocrx_word' id='word_1_22' title='bbox 153 517 315 570; x_wconf 57' lang='grc' dir='ltr'>γωνες</span> <span class='ocrx_word' id='word_1_23' title='bbox 342 500 399 552; x_wconf 79' lang='grc' dir='ltr'>δὲ</span> <span class='ocrx_word' id='word_1_24' title='bbox 434 501 528 552; x_wconf 77' lang='grc' dir='ltr'>καὶ</span> <span class='ocrx_word' id='word_1_25' title='bbox 552 501 660 552; x_wconf 86' lang='grc' dir='ltr'><strong>τῶν</strong></span> <span class='ocrx_word' id='word_1_26' title='bbox 689 501 848 553; x_wconf 89' lang='grc' dir='ltr'>θείων</span> <span class='ocrx_word' id='word_1_27' title='bbox 879 501 1132 571; x_wconf 82' lang='grc' dir='ltr'>Γραφῶν,</span> <span class='ocrx_word' id='word_1_28' title='bbox 1178 503 1284 556; x_wconf 85' lang='grc' dir='ltr'><strong>ὑπό</strong></span> <span class='ocrx_word' id='word_1_29' title='bbox 1313 521 1371 555; x_wconf 90' lang='grc' dir='ltr'><strong>τε</strong></span> <span class='ocrx_word' id='word_1_30' title='bbox 1411 504 1505 556; x_wconf 87' lang='grc' dir='ltr'><strong>τοῦ</strong></span> <span class='ocrx_word' id='word_1_31' title='bbox 1547 505 1734 575; x_wconf 80' lang='grc' dir='ltr'><strong>ἱερέως</strong></span> 
     </span>
    </p>
   </div>
   <div class='ocr_carea' id='block_1_7' title="bbox 152 591 1732 664">
    <p class='ocr_par' dir='ltr' id='par_1_7' title="bbox 152 591 1732 664">
     <span class='ocr_line' id='line_1_7' title="bbox 152 591 1732 664; baseline 0.004 -22"><span class='ocrx_word' id='word_1_32' title='bbox 152 591 249 642; x_wconf 71' lang='grc' dir='ltr'><strong>καὶ</strong></span> <span class='ocrx_word' id='word_1_33' title='bbox 295 592 494 653; x_wconf 79' lang='grc' dir='ltr'>παντὸς</span> <span class='ocrx_word' id='word_1_34' title='bbox 530 591 622 643; x_wconf 89' lang='grc' dir='ltr'><strong>τοῦ</strong></span> <span class='ocrx_word' id='word_1_35' title='bbox 684 592 1079 661; x_wconf 83' lang='grc' dir='ltr'>Ὶσραηλιτικοῦ</span> <span class='ocrx_word' id='word_1_36' title='bbox 1116 593 1244 646; x_wconf 89' lang='grc' dir='ltr'>λαοῦ</span> <span class='ocrx_word' id='word_1_37' title='bbox 1281 594 1732 664; x_wconf 86' lang='grc' dir='ltr'>δοκιμασθέντες,</span> 
     </span>
    </p>
   </div>
   <div class='ocr_carea' id='block_1_8' title="bbox 154 682 1734 756">
    <p class='ocr_par' dir='ltr' id='par_1_8' title="bbox 154 682 1734 756">
     <span class='ocr_line' id='line_1_8' title="bbox 154 682 1734 756; baseline 0.003 -23"><span class='ocrx_word' id='word_1_38' title='bbox 154 685 230 748; x_wconf 90' lang='lat' dir='ltr'><strong>(p.</strong></span> <span class='ocrx_word' id='word_1_39' title='bbox 261 683 386 741; x_wconf 65' lang='lat'><strong>5.55)</strong></span> <span class='ocrx_word' id='word_1_40' title='bbox 425 683 501 744; x_wconf 82' lang='grc' dir='ltr'><strong>ὡς</strong></span> <span class='ocrx_word' id='word_1_41' title='bbox 535 682 602 735; x_wconf 83' lang='grc' dir='ltr'><strong>ἂν</strong></span> <span class='ocrx_word' id='word_1_42' title='bbox 628 683 845 735; x_wconf 88' lang='grc' dir='ltr'>πάντων</span> <span class='ocrx_word' id='word_1_43' title='bbox 891 684 1124 752; x_wconf 89' lang='grc' dir='ltr'>μάλιστα</span> <span class='ocrx_word' id='word_1_44' title='bbox 1160 684 1295 754; x_wconf 84' lang='grc' dir='ltr'>πρὸς</span> <span class='ocrx_word' id='word_1_45' title='bbox 1318 685 1416 755; x_wconf 85' lang='grc' dir='ltr'>τὴν</span> <span class='ocrx_word' id='word_1_46' title='bbox 1441 686 1734 756; x_wconf 81' lang='grc' dir='ltr'><strong>ἑρμηνείαν</strong></span> 
     </span>
    </p>
   </div>
   <div class='ocr_carea' id='block_1_9' title="bbox 153 767 1732 845">
    <p class='ocr_par' dir='ltr' id='par_1_9' title="bbox 153 767 1732 845">
     <span class='ocr_line' id='line_1_9' title="bbox 153 767 1732 845; baseline 0.001 -19"><span class='ocrx_word' id='word_1_47' title='bbox 153 772 324 836; x_wconf 58' lang='grc' dir='ltr'>ἄξιον</span> <span class='ocrx_word' id='word_1_48' title='bbox 364 767 439 824; x_wconf 81' lang='grc' dir='ltr'>ὧν</span> <span class='ocrx_word' id='word_1_49' title='bbox 480 775 579 842; x_wconf 84' lang='grc' dir='ltr'><strong>τήν</strong></span> <span class='ocrx_word' id='word_1_50' title='bbox 615 791 673 825; x_wconf 90' lang='grc' dir='ltr'><strong>τε</strong></span> <span class='ocrx_word' id='word_1_51' title='bbox 711 774 1007 844; x_wconf 78' lang='grc' dir='ltr'>ἑρμηνείαν</span> <span class='ocrx_word' id='word_1_52' title='bbox 1053 774 1146 826; x_wconf 72' lang='grc' dir='ltr'><strong>καὶ</strong></span> <span class='ocrx_word' id='word_1_53' title='bbox 1178 774 1274 845; x_wconf 77' lang='grc' dir='ltr'><strong>τὴν</strong></span> <span class='ocrx_word' id='word_1_54' title='bbox 1304 774 1513 827; x_wconf 78' lang='grc' dir='ltr'>ἔκδοσιν</span> <span class='ocrx_word' id='word_1_55' title='bbox 1560 777 1654 828; x_wconf 76' lang='grc' dir='ltr'>καὶ</span> <span class='ocrx_word' id='word_1_56' title='bbox 1687 777 1732 828; x_wconf 79' lang='grc' dir='ltr'>οἱ</span> 
     </span>
    </p>
   </div>
   <div class='ocr_carea' id='block_1_10' title="bbox 160 864 1729 936">
    <p class='ocr_par' dir='ltr' id='par_1_10' title="bbox 160 864 1729 936">
     <span class='ocr_line' id='line_1_10' title="bbox 160 864 1729 936; baseline 0.001 -22"><span class='ocrx_word' id='word_1_57' title='bbox 160 866 420 934; x_wconf 79' lang='grc' dir='ltr'>μακάριοι</span> <span class='ocrx_word' id='word_1_58' title='bbox 461 864 743 916; x_wconf 73' lang='grc' dir='ltr'><strong>ἀπόστολοι</strong></span> <span class='ocrx_word' id='word_1_59' title='bbox 788 865 1068 932; x_wconf 80' lang='grc' dir='ltr'>δεξάμενοι</span> <span class='ocrx_word' id='word_1_60' title='bbox 1114 864 1391 932; x_wconf 83' lang='grc' dir='ltr'>φαίνονται</span> <span class='ocrx_word' id='word_1_61' title='bbox 1429 865 1729 936; x_wconf 84' lang='grc' dir='ltr'><strong>προδήλως,</strong></span> 
     </span>
    </p>
   </div>
   <div class='ocr_carea' id='block_1_11' title="bbox 157 953 1736 1025">
    <p class='ocr_par' dir='ltr' id='par_1_11' title="bbox 157 953 1736 1025">
     <span class='ocr_line' id='line_1_11' title="bbox 157 953 1736 1025; baseline 0 -18"><span class='ocrx_word' id='word_1_62' title='bbox 157 956 206 1007; x_wconf 83' lang='grc' dir='ltr'>οἳ</span> <span class='ocrx_word' id='word_1_63' title='bbox 241 957 335 1007; x_wconf 76' lang='grc' dir='ltr'>καὶ</span> <span class='ocrx_word' id='word_1_64' title='bbox 364 957 474 1016; x_wconf 85' lang='grc' dir='ltr'>τοῖς</span> <span class='ocrx_word' id='word_1_65' title='bbox 501 957 605 1007; x_wconf 81' lang='grc' dir='ltr'><strong>ἀπὸ</strong></span> <span class='ocrx_word' id='word_1_66' title='bbox 629 953 794 1007; x_wconf 80' lang='grc' dir='ltr'>ἐθνῶν</span> <span class='ocrx_word' id='word_1_67' title='bbox 826 955 1243 1006; x_wconf 77' lang='grc' dir='ltr'>πεπιστευκόσιν</span> <span class='ocrx_word' id='word_1_68' title='bbox 1275 955 1382 1006; x_wconf 76' lang='grc' dir='ltr'>οὐδ’</span> <span class='ocrx_word' id='word_1_69' title='bbox 1405 955 1540 1017; x_wconf 79' lang='grc' dir='ltr'>ὅλως</span> <span class='ocrx_word' id='word_1_70' title='bbox 1566 972 1736 1025; x_wconf 80' lang='grc' dir='ltr'>προσ-</span> 
     </span>
    </p>
   </div>
   <div class='ocr_carea' id='block_1_12' title="bbox 158 1045 1734 1114">
    <p class='ocr_par' dir='ltr' id='par_1_12' title="bbox 158 1045 1734 1114">
     <span class='ocr_line' id='line_1_12' title="bbox 158 1045 1734 1114; baseline 0.001 -19"><span class='ocrx_word' id='word_1_71' title='bbox 158 1045 343 1112; x_wconf 86' lang='grc' dir='ltr'>έχουσι</span> <span class='ocrx_word' id='word_1_72' title='bbox 383 1045 642 1114; x_wconf 85' lang='grc' dir='ltr'>πρότερον</span> <span class='ocrx_word' id='word_1_73' title='bbox 686 1048 795 1106; x_wconf 85' lang='grc' dir='ltr'>τοῖς</span> <span class='ocrx_word' id='word_1_74' title='bbox 823 1045 922 1112; x_wconf 75' lang='grc' dir='ltr'>τῆς</span> <span class='ocrx_word' id='word_1_75' title='bbox 953 1045 1192 1106; x_wconf 81' lang='grc' dir='ltr'>Παλαιᾶς</span> <span class='ocrx_word' id='word_1_76' title='bbox 1242 1045 1547 1114; x_wconf 88' lang='grc' dir='ltr'>Διαθήκης,</span> <span class='ocrx_word' id='word_1_77' title='bbox 1593 1062 1734 1112; x_wconf 87' lang='grc' dir='ltr'>παρ-</span> 
     </span>
    </p>
   </div>
   <div class='ocr_carea' id='block_1_13' title="bbox 160 1135 1736 1205">
    <p class='ocr_par' dir='ltr' id='par_1_13' title="bbox 160 1135 1736 1205">
     <span class='ocr_line' id='line_1_13' title="bbox 160 1135 1736 1205; baseline 0.001 -19"><span class='ocrx_word' id='word_1_78' title='bbox 160 1135 370 1188; x_wconf 88' lang='grc' dir='ltr'>έδωκαν</span> <span class='ocrx_word' id='word_1_79' title='bbox 400 1135 498 1197; x_wconf 86' lang='grc' dir='ltr'>τὰς</span> <span class='ocrx_word' id='word_1_80' title='bbox 523 1135 668 1196; x_wconf 80' lang='grc' dir='ltr'>Θείας</span> <span class='ocrx_word' id='word_1_81' title='bbox 699 1135 916 1204; x_wconf 74' lang='grc' dir='ltr'>Γραφὰς</span> <span class='ocrx_word' id='word_1_82' title='bbox 944 1135 1034 1186; x_wconf 76' lang='grc' dir='ltr'><strong>ἐπὶ</strong></span> <span class='ocrx_word' id='word_1_83' title='bbox 1065 1136 1162 1203; x_wconf 85' lang='grc' dir='ltr'><strong>τῆς</strong></span> <span class='ocrx_word' id='word_1_84' title='bbox 1197 1136 1460 1205; x_wconf 88' lang='grc' dir='ltr'>Ἑλλήνων</span> <span class='ocrx_word' id='word_1_85' title='bbox 1483 1136 1736 1204; x_wconf 80' lang='grc' dir='ltr'>κειμένας</span> 
     </span>
    </p>
   </div>
   <div class='ocr_carea' id='block_1_14' title="bbox 160 1222 1736 1298">
    <p class='ocr_par' dir='ltr' id='par_1_14' title="bbox 160 1222 1736 1298">
     <span class='ocr_line' id='line_1_14' title="bbox 160 1222 1736 1298; baseline 0.003 -24"><span class='ocrx_word' id='word_1_86' title='bbox 160 1222 407 1292; x_wconf 78' lang='grc' dir='ltr'>γλώττης</span> <span class='ocrx_word' id='word_1_87' title='bbox 429 1224 567 1277; x_wconf 83' lang='grc' dir='ltr'>κατὰ</span> <span class='ocrx_word' id='word_1_88' title='bbox 589 1225 684 1292; x_wconf 79' lang='grc' dir='ltr'><strong>τὴν</strong></span> <span class='ocrx_word' id='word_1_89' title='bbox 709 1225 1228 1294; x_wconf 74' lang='grc' dir='ltr'>τῶνἘϐδομήκοντα</span> <span class='ocrx_word' id='word_1_90' title='bbox 1269 1228 1583 1297; x_wconf 75' lang='grc' dir='ltr'>ἑρμηνείανο</span> <span class='ocrx_word' id='word_1_91' title='bbox 1609 1227 1736 1298; x_wconf 84' lang='grc' dir='ltr'>παρ’</span> 
     </span>
    </p>
   </div>
   <div class='ocr_carea' id='block_1_15' title="bbox 161 1304 1738 1384">
    <p class='ocr_par' dir='ltr' id='par_1_15' title="bbox 161 1304 1738 1384">
     <span class='ocr_line' id='line_1_15' title="bbox 161 1304 1738 1384; baseline 0.002 -20"><span class='ocrx_word' id='word_1_92' title='bbox 161 1304 237 1364; x_wconf 81' lang='grc' dir='ltr'>ὧν</span> <span class='ocrx_word' id='word_1_93' title='bbox 267 1311 324 1364; x_wconf 82' lang='grc' dir='ltr'>δὲ</span> <span class='ocrx_word' id='word_1_94' title='bbox 353 1314 448 1364; x_wconf 70' lang='grc' dir='ltr'><strong>καὶ</strong></span> <span class='ocrx_word' id='word_1_95' title='bbox 492 1313 899 1382; x_wconf 78' lang='grc' dir='ltr'>παραλαϐόντες</span> <span class='ocrx_word' id='word_1_96' title='bbox 935 1313 1104 1376; x_wconf 81' lang='grc' dir='ltr'>αὑτὰς</span> <span class='ocrx_word' id='word_1_97' title='bbox 1128 1314 1220 1366; x_wconf 93' lang='grc' dir='ltr'><strong>νῦν</strong></span> <span class='ocrx_word' id='word_1_98' title='bbox 1265 1315 1457 1384; x_wconf 81' lang='grc' dir='ltr'>ἔχομεν</span> <span class='ocrx_word' id='word_1_99' title='bbox 1505 1316 1738 1378; x_wconf 75' lang='grc' dir='ltr'>ἅπαντες</span> 
     </span>
    </p>
   </div>
   <div class='ocr_carea' id='block_1_16' title="bbox 161 1401 1737 1475">
    <p class='ocr_par' dir='ltr' id='par_1_16' title="bbox 161 1401 1737 1475">
     <span class='ocr_line' id='line_1_16' title="bbox 161 1401 1737 1475; baseline 0.004 -23"><span class='ocrx_word' id='word_1_100' title='bbox 161 1405 209 1453; x_wconf 79' lang='grc' dir='ltr'>οἱ</span> <span class='ocrx_word' id='word_1_101' title='bbox 242 1401 302 1464; x_wconf 82' lang='grc' dir='ltr'><strong>ἐξ</strong></span> <span class='ocrx_word' id='word_1_102' title='bbox 326 1401 494 1453; x_wconf 82' lang='grc' dir='ltr'>ἐθνῶν</span> <span class='ocrx_word' id='word_1_103' title='bbox 520 1401 595 1470; x_wconf 82' lang='grc' dir='ltr'><strong>τῷ</strong></span> <span class='ocrx_word' id='word_1_104' title='bbox 615 1403 856 1472; x_wconf 79' lang='grc' dir='ltr'>Δεσπότῃ</span> <span class='ocrx_word' id='word_1_105' title='bbox 883 1405 1300 1467; x_wconf 77' lang='grc' dir='ltr'>πεπιστευκότες</span> <span class='ocrx_word' id='word_1_106' title='bbox 1326 1406 1563 1475; x_wconf 82' lang='grc' dir='ltr'>Χριστῷ,</span> <span class='ocrx_word' id='word_1_107' title='bbox 1595 1407 1652 1458; x_wconf 78' lang='grc' dir='ltr'><strong>έν</strong></span> <span class='ocrx_word' id='word_1_108' title='bbox 1680 1424 1737 1457; x_wconf 88' lang='grc' dir='ltr'><strong>τε</strong></span> 
     </span>
    </p>
   </div>
   <div class='ocr_carea' id='block_1_17' title="bbox 159 1491 1732 1564">
    <p class='ocr_par' dir='ltr' id='par_1_17' title="bbox 159 1491 1732 1564">
     <span class='ocr_line' id='line_1_17' title="bbox 159 1491 1732 1564; baseline 0.004 -22"><span class='ocrx_word' id='word_1_109' title='bbox 159 1493 282 1554; x_wconf 86' lang='grc' dir='ltr'>ταῖς</span> <span class='ocrx_word' id='word_1_110' title='bbox 304 1491 616 1560; x_wconf 81' lang='grc' dir='ltr'>ἐκκλησίαις</span> <span class='ocrx_word' id='word_1_111' title='bbox 630 1493 1091 1559; x_wconf 83' lang='grc' dir='ltr'>ἀναγινώσκοντες</span> <span class='ocrx_word' id='word_1_112' title='bbox 1106 1497 1197 1546; x_wconf 70' lang='grc' dir='ltr'><strong>καὶ</strong></span> <span class='ocrx_word' id='word_1_113' title='bbox 1215 1491 1486 1547; x_wconf 81' lang='grc' dir='ltr'>κατόἷκον</span> <span class='ocrx_word' id='word_1_114' title='bbox 1504 1496 1732 1564; x_wconf 76' lang='grc' dir='ltr'>ἔχοντες.</span> 
     </span>
    </p>
   </div>
   <div class='ocr_carea' id='block_1_18' title="bbox 161 1578 1738 1655">
    <p class='ocr_par' dir='ltr' id='par_1_18' title="bbox 161 1578 1738 1655">
     <span class='ocr_line' id='line_1_18' title="bbox 161 1578 1738 1655; baseline 0.003 -22"><span class='ocrx_word' id='word_1_115' title='bbox 161 1583 288 1644; x_wconf 85' lang='grc' dir='ltr'><strong>Πῶς</strong></span> <span class='ocrx_word' id='word_1_116' title='bbox 317 1578 408 1635; x_wconf 71' lang='grc' dir='ltr'>οὖν</span> <span class='ocrx_word' id='word_1_117' title='bbox 437 1584 534 1634; x_wconf 76' lang='grc' dir='ltr'><strong>οὐκ</strong></span> <span class='ocrx_word' id='word_1_118' title='bbox 549 1583 771 1652; x_wconf 79' lang='grc' dir='ltr'>ἀνόητον</span> <span class='ocrx_word' id='word_1_119' title='bbox 789 1584 1028 1652; x_wconf 76' lang='grc' dir='ltr'>νομίζειν</span> <span class='ocrx_word' id='word_1_120' title='bbox 1046 1584 1188 1636; x_wconf 78' lang='grc' dir='ltr'>ὃτιοί</span> <span class='ocrx_word' id='word_1_121' title='bbox 1218 1586 1313 1654; x_wconf 84' lang='grc' dir='ltr'><strong>μὲν</strong></span> <span class='ocrx_word' id='word_1_122' title='bbox 1341 1586 1738 1655; x_wconf 75' lang='grc' dir='ltr'>Ἐϐδομήκοντα</span> 
     </span>
    </p>
   </div>
   <div class='ocr_carea' id='block_1_19' title="bbox 161 1676 1738 1750">
    <p class='ocr_par' dir='ltr' id='par_1_19' title="bbox 161 1676 1738 1750">
     <span class='ocr_line' id='line_1_19' title="bbox 161 1676 1738 1750; baseline 0.004 -24"><span class='ocrx_word' id='word_1_123' title='bbox 161 1676 259 1727; x_wconf 76' lang='grc' dir='ltr'><strong>καὶ</strong></span> <span class='ocrx_word' id='word_1_124' title='bbox 287 1676 528 1728; x_wconf 88' lang='grc' dir='ltr'>τοσοῦτοι</span> <span class='ocrx_word' id='word_1_125' title='bbox 571 1678 664 1728; x_wconf 80' lang='grc' dir='ltr'><strong>καὶ</strong></span> <span class='ocrx_word' id='word_1_126' title='bbox 707 1677 937 1730; x_wconf 85' lang='grc' dir='ltr'>τοιοῦτοι</span> <span class='ocrx_word' id='word_1_127' title='bbox 972 1679 1065 1730; x_wconf 75' lang='grc' dir='ltr'>καὶ</span> <span class='ocrx_word' id='word_1_128' title='bbox 1103 1679 1245 1731; x_wconf 87' lang='grc' dir='ltr'>οῦτω</span> <span class='ocrx_word' id='word_1_129' title='bbox 1293 1679 1738 1750; x_wconf 81' lang='grc' dir='ltr'>δεδοκιμασμένοι</span> 
     </span>
    </p>
   </div>
   <div class='ocr_carea' id='block_1_20' title="bbox 158 1767 1738 1841">
    <p class='ocr_par' dir='ltr' id='par_1_20' title="bbox 158 1767 1738 1841">
     <span class='ocr_line' id='line_1_20' title="bbox 158 1767 1738 1841; baseline 0.004 -23"><span class='ocrx_word' id='word_1_130' title='bbox 158 1767 536 1834; x_wconf 75' lang='grc' dir='ltr'>διε-σφάλλοντο</span> <span class='ocrx_word' id='word_1_131' title='bbox 563 1769 687 1837; x_wconf 70' lang='grc' dir='ltr'>περὶ</span> <span class='ocrx_word' id='word_1_132' title='bbox 717 1768 879 1831; x_wconf 83' lang='grc' dir='ltr'>λέξιν,</span> <span class='ocrx_word' id='word_1_133' title='bbox 907 1770 956 1820; x_wconf 81' lang='grc' dir='ltr'>οἳ</span> <span class='ocrx_word' id='word_1_134' title='bbox 987 1770 1079 1821; x_wconf 78' lang='grc' dir='ltr'><strong>καὶ</strong></span> <span class='ocrx_word' id='word_1_135' title='bbox 1101 1771 1206 1839; x_wconf 81' lang='grc' dir='ltr'><strong>πρὸ</strong></span> <span class='ocrx_word' id='word_1_136' title='bbox 1237 1771 1416 1839; x_wconf 87' lang='grc' dir='ltr'>πάσης</span> <span class='ocrx_word' id='word_1_137' title='bbox 1444 1773 1738 1841; x_wconf 76' lang='grc' dir='ltr'>ἑρμηνείας</span> 
     </span>
    </p>
   </div>
   <div class='ocr_carea' id='block_1_21' title="bbox 159 1855 1734 1932">
    <p class='ocr_par' dir='ltr' id='par_1_21' title="bbox 159 1855 1734 1932">
     <span class='ocr_line' id='line_1_21' title="bbox 159 1855 1734 1932; baseline 0.005 -26"><span class='ocrx_word' id='word_1_138' title='bbox 159 1855 360 1925; x_wconf 61' lang='grc' dir='ltr'><strong>⁴ᾔδεσαν</strong></span> <span class='ocrx_word' id='word_1_139' title='bbox 387 1855 601 1919; x_wconf 87' lang='grc' dir='ltr'>πάντως</span> <span class='ocrx_word' id='word_1_140' title='bbox 629 1858 687 1909; x_wconf 80' lang='grc' dir='ltr'><strong>τὸ</strong></span> <span class='ocrx_word' id='word_1_141' title='bbox 716 1859 771 1908; x_wconf 83' lang='grc' dir='ltr'><strong>ἐν</strong></span> <span class='ocrx_word' id='word_1_142' title='bbox 804 1861 868 1926; x_wconf 79' lang='grc' dir='ltr'>τῇ</span> <span class='ocrx_word' id='word_1_143' title='bbox 899 1857 1018 1928; x_wconf 66' lang='grc' dir='ltr'>θείᾳ.</span> <span class='ocrx_word' id='word_1_144' title='bbox 1047 1859 1295 1928; x_wconf 88' lang='grc' dir='ltr'>κείμενον</span> <span class='ocrx_word' id='word_1_145' title='bbox 1313 1861 1523 1932; x_wconf 80' lang='grc' dir='ltr'>Γραφῇ,</span> <span class='ocrx_word' id='word_1_146' title='bbox 1542 1863 1634 1913; x_wconf 79' lang='grc' dir='ltr'><strong>καὶ</strong></span> <span class='ocrx_word' id='word_1_147' title='bbox 1659 1862 1734 1914; x_wconf 79' lang='grc' dir='ltr'>εί-</span> 
     </span>
    </p>
   </div>
   <div class='ocr_carea' id='block_1_22' title="bbox 159 1948 1738 2020">
    <p class='ocr_par' dir='ltr' id='par_1_22' title="bbox 159 1948 1738 2020">
     <span class='ocr_line' id='line_1_22' title="bbox 159 1948 1738 2020; baseline 0.004 -22"><span class='ocrx_word' id='word_1_148' title='bbox 159 1965 222 1998; x_wconf 87' lang='grc' dir='ltr'><strong>τε</strong></span> <span class='ocrx_word' id='word_1_149' title='bbox 251 1948 471 2015; x_wconf 82' lang='grc' dir='ltr'>βασιλέα</span> <span class='ocrx_word' id='word_1_150' title='bbox 499 1948 665 2015; x_wconf 80' lang='grc' dir='ltr'>λέγει,</span> <span class='ocrx_word' id='word_1_151' title='bbox 711 1949 819 2001; x_wconf 84' lang='grc' dir='ltr'>εἴτε</span> <span class='ocrx_word' id='word_1_152' title='bbox 859 1949 1104 2015; x_wconf 86' lang='grc' dir='ltr'>εἴδωλον;</span> <span class='ocrx_word' id='word_1_153' title='bbox 1178 1950 1636 2020; x_wconf 84' lang='grc' dir='ltr'>Ἀξιοπιστότερον</span> <span class='ocrx_word' id='word_1_154' title='bbox 1683 1951 1738 2004; x_wconf 81' lang='grc' dir='ltr'><strong>δὲ</strong></span> 
     </span>
    </p>
   </div>
   <div class='ocr_carea' id='block_1_23' title="bbox 164 2037 1740 2110">
    <p class='ocr_par' dir='ltr' id='par_1_23' title="bbox 164 2037 1740 2110">
     <span class='ocr_line' id='line_1_23' title="bbox 164 2037 1740 2110; baseline 0.004 -22"><span class='ocrx_word' id='word_1_155' title='bbox 164 2037 421 2088; x_wconf 82' lang='grc' dir='ltr'>ἁπάντων</span> <span class='ocrx_word' id='word_1_156' title='bbox 481 2038 702 2090; x_wconf 82' lang='grc' dir='ltr'>ἐκείνων</span> <span class='ocrx_word' id='word_1_157' title='bbox 757 2038 1083 2107; x_wconf 78' lang='grc' dir='ltr'>ὑπειλῆφθαι</span> <span class='ocrx_word' id='word_1_158' title='bbox 1145 2041 1417 2110; x_wconf 78' lang='grc' dir='ltr'>προσῆκεν</span> <span class='ocrx_word' id='word_1_159' title='bbox 1472 2040 1568 2094; x_wconf 77' lang='grc' dir='ltr'><strong>ἐνα</strong></span> <span class='ocrx_word' id='word_1_160' title='bbox 1619 2040 1740 2094; x_wconf 80' lang='grc' dir='ltr'>τινὰ</span> 
     </span>
    </p>
   </div>
   <div class='ocr_carea' id='block_1_24' title="bbox 161 2128 1741 2200">
    <p class='ocr_par' dir='ltr' id='par_1_24' title="bbox 161 2128 1741 2200">
     <span class='ocr_line' id='line_1_24' title="bbox 161 2128 1741 2200; baseline 0.003 -20"><span class='ocrx_word' id='word_1_161' title='bbox 161 2128 350 2195; x_wconf 78' lang='grc' dir='ltr'>ἁφανῆ</span> <span class='ocrx_word' id='word_1_162' title='bbox 393 2130 469 2191; x_wconf 90' lang='grc' dir='ltr'><strong>εἰς</strong></span> <span class='ocrx_word' id='word_1_163' title='bbox 518 2129 615 2198; x_wconf 88' lang='grc' dir='ltr'><strong>τὴν</strong></span> <span class='ocrx_word' id='word_1_164' title='bbox 657 2129 842 2198; x_wconf 83' lang='grc' dir='ltr'>Σύρων</span> <span class='ocrx_word' id='word_1_165' title='bbox 891 2130 1136 2197; x_wconf 79' lang='grc' dir='ltr'>γλῶτταν</span> <span class='ocrx_word' id='word_1_166' title='bbox 1187 2131 1628 2200; x_wconf 74' lang='grc' dir='ltr'>μεταϐεϐληκότα</span> <span class='ocrx_word' id='word_1_167' title='bbox 1674 2132 1741 2184; x_wconf 81' lang='grc' dir='ltr'>τὰ</span> 
     </span>
    </p>
   </div>
   <div class='ocr_carea' id='block_1_25' title="bbox 175 2216 1738 2289">
    <p class='ocr_par' dir='ltr' id='par_1_25' title="bbox 175 2216 1738 2289">
     <span class='ocr_line' id='line_1_25' title="bbox 175 2216 1738 2289; baseline 0.003 -20"><span class='ocrx_word' id='word_1_168' title='bbox 175 2216 468 2287; x_wconf 75' lang='grc' dir='ltr'>Ἐϐραίων,</span> <span class='ocrx_word' id='word_1_169' title='bbox 499 2219 572 2281; x_wconf 85' lang='grc' dir='ltr'>ὦς</span> <span class='ocrx_word' id='word_1_170' title='bbox 601 2219 664 2285; x_wconf 87' lang='grc' dir='ltr'><strong>γέ</strong></span> <span class='ocrx_word' id='word_1_171' title='bbox 695 2233 848 2287; x_wconf 84' lang='grc' dir='ltr'>φασι⁶</span> <span class='ocrx_word' id='word_1_172' title='bbox 887 2220 1021 2287; x_wconf 78' lang='grc' dir='ltr'>πρὸς</span> <span class='ocrx_word' id='word_1_173' title='bbox 1048 2219 1124 2288; x_wconf 81' lang='grc' dir='ltr'>τῷ</span> <span class='ocrx_word' id='word_1_174' title='bbox 1149 2222 1367 2272; x_wconf 80' lang='grc' dir='ltr'>κάκεῖνο</span> <span class='ocrx_word' id='word_1_175' title='bbox 1390 2220 1546 2289; x_wconf 85' lang='grc' dir='ltr'>δῆλον</span> <span class='ocrx_word' id='word_1_176' title='bbox 1580 2217 1738 2285; x_wconf 82' lang='grc' dir='ltr'>εἶναι,</span> 
     </span>
    </p>
   </div>
   <div class='ocr_carea' id='block_1_26' title="bbox 160 2309 1740 2382">
    <p class='ocr_par' dir='ltr' id='par_1_26' title="bbox 160 2309 1740 2382">
     <span class='ocr_line' id='line_1_26' title="bbox 160 2309 1740 2382; baseline 0.003 -21"><span class='ocrx_word' id='word_1_177' title='bbox 160 2310 249 2361; x_wconf 79' lang='grc' dir='ltr'>ὅτι</span> <span class='ocrx_word' id='word_1_178' title='bbox 274 2311 373 2378; x_wconf 78' lang='grc' dir='ltr'>τῆς</span> <span class='ocrx_word' id='word_1_179' title='bbox 398 2309 502 2361; x_wconf 83' lang='grc' dir='ltr'><strong>τῶν</strong></span> <span class='ocrx_word' id='word_1_180' title='bbox 529 2310 761 2363; x_wconf 88' lang='grc' dir='ltr'>εἰδώλων</span> <span class='ocrx_word' id='word_1_181' title='bbox 799 2310 985 2363; x_wconf 77' lang='grc' dir='ltr'>ἕνεκεν</span> <span class='ocrx_word' id='word_1_182' title='bbox 1011 2311 1303 2382; x_wconf 83' lang='grc' dir='ltr'>θεραπείας</span> <span class='ocrx_word' id='word_1_183' title='bbox 1333 2313 1528 2375; x_wconf 82' lang='grc' dir='ltr'>αὐτοὺς</span> <span class='ocrx_word' id='word_1_184' title='bbox 1555 2315 1583 2365; x_wconf 87' lang='grc' dir='ltr'><strong>ό</strong></span> <span class='ocrx_word' id='word_1_185' title='bbox 1610 2314 1740 2377; x_wconf 82' lang='grc' dir='ltr'>Θεὸς</span> 
     </span>
    </p>
   </div>
   <div class='ocr_carea' id='block_1_27' title="bbox 161 2400 1740 2475">
    <p class='ocr_par' dir='ltr' id='par_1_27' title="bbox 161 2400 1740 2475">
     <span class='ocr_line' id='line_1_27' title="bbox 161 2400 1740 2475; baseline 0.003 -23"><span class='ocrx_word' id='word_1_186' title='bbox 161 2401 404 2452; x_wconf 74' lang='grc' dir='ltr'>αἰτιᾶται</span> <span class='ocrx_word' id='word_1_187' title='bbox 438 2402 495 2452; x_wconf 85' lang='grc' dir='ltr'><strong>ἐν</strong></span> <span class='ocrx_word' id='word_1_188' title='bbox 544 2401 753 2464; x_wconf 82' lang='grc' dir='ltr'>τούτοις</span> <span class='ocrx_word' id='word_1_189' title='bbox 796 2400 884 2453; x_wconf 83' lang='grc' dir='ltr'>διὰ</span> <span class='ocrx_word' id='word_1_190' title='bbox 916 2400 1011 2453; x_wconf 87' lang='grc' dir='ltr'><strong>τοῦ</strong></span> <span class='ocrx_word' id='word_1_191' title='bbox 1061 2403 1359 2470; x_wconf 77' lang='grc' dir='ltr'>προφήτου·</span> <span class='ocrx_word' id='word_1_192' title='bbox 1407 2403 1501 2456; x_wconf 75' lang='grc' dir='ltr'>καὶ</span> <span class='ocrx_word' id='word_1_193' title='bbox 1554 2404 1740 2475; x_wconf 85' lang='grc' dir='ltr'>ἐπειδὴ</span> 
     </span>
    </p>
   </div>
   <div class='ocr_carea' id='block_1_28' title="bbox 161 2491 1737 2562">
    <p class='ocr_par' dir='ltr' id='par_1_28' title="bbox 161 2491 1737 2562">
     <span class='ocr_line' id='line_1_28' title="bbox 161 2491 1737 2562; baseline 0.003 -20"><span class='ocrx_word' id='word_1_194' title='bbox 161 2492 297 2560; x_wconf 77' lang='grc' dir='ltr'>περὶ</span> <span class='ocrx_word' id='word_1_195' title='bbox 324 2491 412 2542; x_wconf 79' lang='grc' dir='ltr'><strong>τὸν</strong></span> <span class='ocrx_word' id='word_1_196' title='bbox 447 2491 572 2544; x_wconf 75' lang='grc' dir='ltr'>ναὸν</span> <span class='ocrx_word' id='word_1_197' title='bbox 602 2492 691 2543; x_wconf 84' lang='grc' dir='ltr'><strong>τὸν</strong></span> <span class='ocrx_word' id='word_1_198' title='bbox 722 2491 862 2546; x_wconf 87' lang='grc' dir='ltr'>θεῖον</span> <span class='ocrx_word' id='word_1_199' title='bbox 891 2491 1040 2555; x_wconf 78' lang='grc' dir='ltr'>ὅντες</span> <span class='ocrx_word' id='word_1_200' title='bbox 1066 2492 1290 2545; x_wconf 86' lang='grc' dir='ltr'>τοιαῦτα</span> <span class='ocrx_word' id='word_1_201' title='bbox 1334 2493 1737 2562; x_wconf 86' lang='grc' dir='ltr'>διεπράττοντο,</span> 
     </span>
    </p>
   </div>
   <div class='ocr_carea' id='block_1_29' title="bbox 160 2583 1740 2653">
    <p class='ocr_par' dir='ltr' id='par_1_29' title="bbox 160 2583 1740 2653">
     <span class='ocr_line' id='line_1_29' title="bbox 160 2583 1740 2653; baseline 0.002 -19"><span class='ocrx_word' id='word_1_202' title='bbox 160 2583 325 2635; x_wconf 68' lang='grc' dir='ltr'>τοῦτο</span> <span class='ocrx_word' id='word_1_203' title='bbox 353 2583 532 2644; x_wconf 84' lang='grc' dir='ltr'>αὐτοῖς</span> <span class='ocrx_word' id='word_1_204' title='bbox 561 2585 952 2653; x_wconf 82' lang='grc' dir='ltr'>ἐπιμέμφεται,</span> <span class='ocrx_word' id='word_1_205' title='bbox 986 2585 1067 2638; x_wconf 80' lang='grc' dir='ltr'><strong>ὅτι</strong></span> <span class='ocrx_word' id='word_1_206' title='bbox 1106 2583 1199 2636; x_wconf 69' lang='grc' dir='ltr'>καὶ</span> <span class='ocrx_word' id='word_1_207' title='bbox 1224 2584 1313 2637; x_wconf 75' lang='grc' dir='ltr'>τὸν</span> <span class='ocrx_word' id='word_1_208' title='bbox 1337 2584 1429 2637; x_wconf 87' lang='grc' dir='ltr'><strong>τοῦ</strong></span> <span class='ocrx_word' id='word_1_209' title='bbox 1456 2584 1584 2637; x_wconf 88' lang='grc' dir='ltr'>ναοῦ</span> <span class='ocrx_word' id='word_1_210' title='bbox 1612 2585 1740 2638; x_wconf 75' lang='grc' dir='ltr'>Θεὸν</span> 
     </span>
    </p>
   </div>
   <div class='ocr_carea' id='block_1_30' title="bbox 161 2671 1739 2746">
    <p class='ocr_par' dir='ltr' id='par_1_30' title="bbox 161 2671 1739 2746">
     <span class='ocr_line' id='line_1_30' title="bbox 161 2671 1739 2746; baseline 0.003 -23"><span class='ocrx_word' id='word_1_211' title='bbox 161 2671 489 2742; x_wconf 82' lang='grc' dir='ltr'>θεραπεύειν</span> <span class='ocrx_word' id='word_1_212' title='bbox 519 2674 754 2737; x_wconf 79' lang='grc' dir='ltr'>ἐδόκουν,</span> <span class='ocrx_word' id='word_1_213' title='bbox 784 2675 1029 2727; x_wconf 84' lang='grc' dir='ltr'>τουτέστι</span> <span class='ocrx_word' id='word_1_214' title='bbox 1053 2676 1142 2727; x_wconf 83' lang='grc' dir='ltr'><strong>τὸν</strong></span> <span class='ocrx_word' id='word_1_215' title='bbox 1161 2673 1256 2726; x_wconf 87' lang='grc' dir='ltr'><strong>τοῦ</strong></span> <span class='ocrx_word' id='word_1_216' title='bbox 1289 2676 1486 2738; x_wconf 85' lang='grc' dir='ltr'>παντὸς</span> <span class='ocrx_word' id='word_1_217' title='bbox 1518 2675 1739 2746; x_wconf 82' lang='grc' dir='ltr'>Κύριον,</span> 
     </span>
    </p>
   </div>
   <div class='ocr_carea' id='block_1_31' title="bbox 161 2764 1740 2836">
    <p class='ocr_par' dir='ltr' id='par_1_31' title="bbox 161 2764 1740 2836">
     <span class='ocr_line' id='line_1_31' title="bbox 161 2764 1740 2836; baseline 0.001 -20"><span class='ocrx_word' id='word_1_218' title='bbox 161 2765 263 2816; x_wconf 76' lang='grc' dir='ltr'>καὶ</span> <span class='ocrx_word' id='word_1_219' title='bbox 301 2765 399 2833; x_wconf 79' lang='grc' dir='ltr'>τῆς</span> <span class='ocrx_word' id='word_1_220' title='bbox 441 2764 547 2816; x_wconf 82' lang='grc' dir='ltr'><strong>τῶν</strong></span> <span class='ocrx_word' id='word_1_221' title='bbox 582 2765 816 2818; x_wconf 82' lang='grc' dir='ltr'>εἰδώλων</span> <span class='ocrx_word' id='word_1_222' title='bbox 852 2765 950 2818; x_wconf 76' lang='grc' dir='ltr'><strong>οὐκ</strong></span> <span class='ocrx_word' id='word_1_223' title='bbox 981 2767 1265 2836; x_wconf 84' lang='grc' dir='ltr'>ἀπείχοντο</span> <span class='ocrx_word' id='word_1_224' title='bbox 1295 2766 1609 2836; x_wconf 86' lang='grc' dir='ltr'>θεραπείας.</span> <span class='ocrx_word' id='word_1_225' title='bbox 1636 2767 1740 2819; x_wconf 86' lang='grc' dir='ltr'><strong>Τοῦ</strong></span> 
     </span>
    </p>
   </div>
   <div class='ocr_carea' id='block_1_32' title="bbox 161 2855 1742 2926">
    <p class='ocr_par' dir='ltr' id='par_1_32' title="bbox 161 2855 1742 2926">
     <span class='ocr_line' id='line_1_32' title="bbox 161 2855 1742 2926; baseline 0.001 -18"><span class='ocrx_word' id='word_1_226' title='bbox 161 2856 226 2908; x_wconf 83' lang='grc' dir='ltr'>δὲ</span> <span class='ocrx_word' id='word_1_227' title='bbox 251 2855 467 2907; x_wconf 86' lang='grc' dir='ltr'>εἰδώλου</span> <span class='ocrx_word' id='word_1_228' title='bbox 501 2855 691 2907; x_wconf 86' lang='grc' dir='ltr'>τούτου</span> <span class='ocrx_word' id='word_1_229' title='bbox 723 2855 994 2925; x_wconf 85' lang='grc' dir='ltr'>μέμνηται</span> <span class='ocrx_word' id='word_1_230' title='bbox 1024 2857 1114 2908; x_wconf 80' lang='grc' dir='ltr'><strong>καὶ</strong></span> <span class='ocrx_word' id='word_1_231' title='bbox 1141 2857 1168 2907; x_wconf 88' lang='grc' dir='ltr'>ὁ</span> <span class='ocrx_word' id='word_1_232' title='bbox 1195 2857 1461 2926; x_wconf 85' lang='grc' dir='ltr'>μακάριος</span> <span class='ocrx_word' id='word_1_233' title='bbox 1512 2857 1688 2926; x_wconf 83' lang='grc' dir='ltr'>Ἀμὼς</span> <span class='ocrx_word' id='word_1_234' title='bbox 1715 2860 1742 2910; x_wconf 89' lang='grc' dir='ltr'>ὁ</span> 
     </span>
    </p>
   </div>
   <div class='ocr_carea' id='block_1_33' title="bbox 162 2947 1743 3017">
    <p class='ocr_par' dir='ltr' id='par_1_33' title="bbox 162 2947 1743 3017">
     <span class='ocr_line' id='line_1_33' title="bbox 162 2947 1743 3017; baseline 0.001 -20"><span class='ocrx_word' id='word_1_235' title='bbox 162 2947 456 3016; x_wconf 81' lang='grc' dir='ltr'>προφήτης</span> <span class='ocrx_word' id='word_1_236' title='bbox 489 2947 563 3014; x_wconf 88' lang='lat' dir='ltr'><strong>(p.</strong></span> <span class='ocrx_word' id='word_1_237' title='bbox 602 2947 724 3017; x_wconf 81' lang='grc'><strong>586)</strong></span> <span class='ocrx_word' id='word_1_238' title='bbox 751 2947 824 3009; x_wconf 80' lang='grc' dir='ltr'>ὡς</span> <span class='ocrx_word' id='word_1_239' title='bbox 856 2948 957 2999; x_wconf 81' lang='grc' dir='ltr'><strong>ὑπὸ</strong></span> <span class='ocrx_word' id='word_1_240' title='bbox 999 2948 1342 3016; x_wconf 81' lang='grc' dir='ltr'>Ἀμμανιτῶν</span> <span class='ocrx_word' id='word_1_241' title='bbox 1374 2948 1743 3016; x_wconf 78' lang='grc' dir='ltr'>θεραπευομέ-</span> 
     </span>
    </p>
   </div>
   <div class='ocr_carea' id='block_1_34' title="bbox 161 3035 1742 3107">
    <p class='ocr_par' dir='ltr' id='par_1_34' title="bbox 161 3035 1742 3107">
     <span class='ocr_line' id='line_1_34' title="bbox 161 3035 1742 3107; baseline 0.001 -19"><span class='ocrx_word' id='word_1_242' title='bbox 161 3054 284 3098; x_wconf 86' lang='grc' dir='ltr'>νου,</span> <span class='ocrx_word' id='word_1_243' title='bbox 318 3036 491 3104; x_wconf 87' lang='grc' dir='ltr'>λέγων</span> <span class='ocrx_word' id='word_1_244' title='bbox 518 3035 709 3098; x_wconf 78' lang='grc' dir='ltr'>οὕτως·</span> <span class='ocrx_word' id='word_1_245' title='bbox 740 3038 848 3089; x_wconf 82' lang='grc' dir='ltr'>Καὶ</span> <span class='ocrx_word' id='word_1_246' title='bbox 879 3037 1165 3107; x_wconf 82' lang='grc' dir='ltr'>πορεύεται</span> <span class='ocrx_word' id='word_1_247' title='bbox 1199 3037 1423 3107; x_wconf 81' lang='grc' dir='ltr'>Μελχὺμ</span> <span class='ocrx_word' id='word_1_248' title='bbox 1459 3039 1517 3089; x_wconf 83' lang='grc' dir='ltr'><strong>ἐν</strong></span> <span class='ocrx_word' id='word_1_249' title='bbox 1541 3040 1742 3106; x_wconf 86' lang='grc' dir='ltr'>αἰχμα-</span> 
     </span>
    </p>
   </div>
   <div class='ocr_carea' id='block_1_35' title="bbox 161 3127 1744 3199">
    <p class='ocr_par' dir='ltr' id='par_1_35' title="bbox 161 3127 1744 3199">
     <span class='ocr_line' id='line_1_35' title="bbox 161 3127 1744 3199; baseline -0.001 -17"><span class='ocrx_word' id='word_1_250' title='bbox 161 3128 363 3198; x_wconf 82' lang='grc' dir='ltr'>λωσίᾳ,</span> <span class='ocrx_word' id='word_1_251' title='bbox 399 3129 447 3180; x_wconf 85' lang='grc' dir='ltr'>οἱ</span> <span class='ocrx_word' id='word_1_252' title='bbox 480 3129 641 3198; x_wconf 82' lang='grc' dir='ltr'>ἱερεῖς</span> <span class='ocrx_word' id='word_1_253' title='bbox 667 3127 853 3191; x_wconf 74' lang='grc' dir='ltr'>αὐτοῦ,</span> <span class='ocrx_word' id='word_1_254' title='bbox 879 3129 970 3180; x_wconf 77' lang='grc' dir='ltr'><strong>καὶ</strong></span> <span class='ocrx_word' id='word_1_255' title='bbox 998 3129 1046 3180; x_wconf 86' lang='grc' dir='ltr'><strong>οἰ</strong></span> <span class='ocrx_word' id='word_1_256' title='bbox 1075 3129 1330 3199; x_wconf 77' lang='grc' dir='ltr'>ἄρχοντες</span> <span class='ocrx_word' id='word_1_257' title='bbox 1357 3129 1536 3180; x_wconf 80' lang='grc' dir='ltr'>αὐτῶν</span> <span class='ocrx_word' id='word_1_258' title='bbox 1567 3130 1658 3180; x_wconf 74' lang='grc' dir='ltr'>ἐπὶ</span> <span class='ocrx_word' id='word_1_259' title='bbox 1685 3129 1744 3180; x_wconf 88' lang='grc' dir='ltr'><strong>τὸ</strong></span> 
     </span>
    </p>
   </div>
   <div class='ocr_carea' id='block_1_36' title="bbox 165 3217 1745 3288">
    <p class='ocr_par' dir='ltr' id='par_1_36' title="bbox 165 3217 1745 3288">
     <span class='ocr_line' id='line_1_36' title="bbox 165 3217 1745 3288; baseline -0.002 -16"><span class='ocrx_word' id='word_1_260' title='bbox 165 3219 325 3282; x_wconf 78' lang='grc' dir='ltr'>αὐτὸ,</span> <span class='ocrx_word' id='word_1_261' title='bbox 355 3218 503 3285; x_wconf 87' lang='grc' dir='ltr'>λέγει</span> <span class='ocrx_word' id='word_1_262' title='bbox 531 3217 751 3288; x_wconf 85' lang='grc' dir='ltr'>Κύριος·</span> <span class='ocrx_word' id='word_1_263' title='bbox 786 3218 944 3270; x_wconf 85' lang='grc' dir='ltr'>τοῦτο</span> <span class='ocrx_word' id='word_1_264' title='bbox 964 3218 1135 3286; x_wconf 90' lang='grc' dir='ltr'>λέγων</span> <span class='ocrx_word' id='word_1_265' title='bbox 1158 3219 1185 3270; x_wconf 85' lang='grc' dir='ltr'><strong>ὃ</strong></span> <span class='ocrx_word' id='word_1_266' title='bbox 1207 3219 1297 3272; x_wconf 80' lang='grc' dir='ltr'>καὶ</span> <span class='ocrx_word' id='word_1_267' title='bbox 1319 3218 1586 3287; x_wconf 89' lang='grc' dir='ltr'>πολλαχοῦ</span> <span class='ocrx_word' id='word_1_268' title='bbox 1620 3218 1745 3287; x_wconf 88' lang='grc' dir='ltr'><strong>φαί⁹</strong></span> 
     </span>
    </p>
   </div>
   <div class='ocr_carea' id='block_1_37' title="bbox 166 3307 1744 3379">
    <p class='ocr_par' dir='ltr' id='par_1_37' title="bbox 166 3307 1744 3379">
     <span class='ocr_line' id='line_1_37' title="bbox 166 3307 1744 3379; baseline -0.003 -16"><span class='ocrx_word' id='word_1_269' title='bbox 166 3326 321 3363; x_wconf 88' lang='grc' dir='ltr'>νεται</span> <span class='ocrx_word' id='word_1_270' title='bbox 349 3307 436 3360; x_wconf 72' lang='grc' dir='ltr'>διὰ</span> <span class='ocrx_word' id='word_1_271' title='bbox 459 3307 566 3360; x_wconf 84' lang='grc' dir='ltr'><strong>τῶν</strong></span> <span class='ocrx_word' id='word_1_272' title='bbox 594 3307 883 3377; x_wconf 82' lang='grc' dir='ltr'>προφητῶν</span> <span class='ocrx_word' id='word_1_273' title='bbox 902 3309 1211 3378; x_wconf 79' lang='grc' dir='ltr'>εἰρημένον,</span> <span class='ocrx_word' id='word_1_274' title='bbox 1245 3309 1325 3360; x_wconf 80' lang='grc' dir='ltr'><strong>ὅτι</strong></span> <span class='ocrx_word' id='word_1_275' title='bbox 1351 3311 1384 3376; x_wconf 88' lang='grc' dir='ltr'><strong>ή</strong></span> <span class='ocrx_word' id='word_1_276' title='bbox 1411 3309 1552 3360; x_wconf 87' lang='grc' dir='ltr'>κατὰ</span> <span class='ocrx_word' id='word_1_277' title='bbox 1575 3310 1744 3379; x_wconf 81' lang='grc' dir='ltr'>ὀργὴν</span> 
     </span>
    </p>
   </div>
   <div class='ocr_carea' id='block_1_38' title="bbox 165 3398 1744 3469">
    <p class='ocr_par' dir='ltr' id='par_1_38' title="bbox 165 3398 1744 3469">
     <span class='ocr_line' id='line_1_38' title="bbox 165 3398 1744 3469; baseline 0 -17"><span class='ocrx_word' id='word_1_278' title='bbox 165 3400 291 3452; x_wconf 81' lang='grc' dir='ltr'>οἷαν</span> <span class='ocrx_word' id='word_1_279' title='bbox 339 3399 650 3468; x_wconf 76' lang='grc' dir='ltr'>ἐπαγομένη</span> <span class='ocrx_word' id='word_1_280' title='bbox 701 3398 941 3467; x_wconf 88' lang='grc' dir='ltr'>τιμωρία</span> <span class='ocrx_word' id='word_1_281' title='bbox 972 3401 1083 3460; x_wconf 86' lang='grc' dir='ltr'>τοῖς</span> <span class='ocrx_word' id='word_1_282' title='bbox 1131 3398 1448 3466; x_wconf 82' lang='grc' dir='ltr'>ἀλλοφύλοις</span> <span class='ocrx_word' id='word_1_283' title='bbox 1482 3399 1606 3469; x_wconf 86' lang='grc' dir='ltr'>ἄχρι</span> <span class='ocrx_word' id='word_1_284' title='bbox 1637 3399 1744 3453; x_wconf 85' lang='grc' dir='ltr'>τῶν</span> 
     </span>
    </p>
   </div>
   <div class='ocr_carea' id='block_1_39' title="bbox 166 3486 1743 3556">
    <p class='ocr_par' dir='ltr' id='par_1_39' title="bbox 166 3486 1743 3556">
     <span class='ocr_line' id='line_1_39' title="bbox 166 3486 1743 3556; baseline -0.001 -16"><span class='ocrx_word' id='word_1_285' title='bbox 166 3487 408 3541; x_wconf 74' lang='grc' dir='ltr'>εἰδώλων</span> <span class='ocrx_word' id='word_1_286' title='bbox 429 3486 646 3540; x_wconf 78' lang='grc' dir='ltr'>καὶτῶν</span> <span class='ocrx_word' id='word_1_287' title='bbox 671 3487 1055 3556; x_wconf 88' lang='grc' dir='ltr'>ίερατευόντων</span> <span class='ocrx_word' id='word_1_288' title='bbox 1076 3487 1252 3548; x_wconf 77' lang='grc' dir='ltr'>αὐτοῖς</span> <span class='ocrx_word' id='word_1_289' title='bbox 1280 3486 1591 3549; x_wconf 80' lang='grc' dir='ltr'>ἐξετείνετο.</span> <span class='ocrx_word' id='word_1_290' title='bbox 1625 3490 1743 3540; x_wconf 76' lang='grc' dir='ltr'><strong>Ὁτι</strong></span> 
     </span>
    </p>
   </div>
   <div class='ocr_carea' id='block_1_40' title="bbox 165 3576 1744 3648">
    <p class='ocr_par' dir='ltr' id='par_1_40' title="bbox 165 3576 1744 3648">
     <span class='ocr_line' id='line_1_40' title="bbox 165 3576 1744 3648; baseline -0.001 -16"><span class='ocrx_word' id='word_1_291' title='bbox 165 3580 226 3633; x_wconf 81' lang='grc' dir='ltr'>δὲ</span> <span class='ocrx_word' id='word_1_292' title='bbox 275 3577 491 3630; x_wconf 80' lang='grc' dir='ltr'>ἃπασαν</span> <span class='ocrx_word' id='word_1_293' title='bbox 524 3576 621 3647; x_wconf 79' lang='grc' dir='ltr'>τὴν</span> <span class='ocrx_word' id='word_1_294' title='bbox 671 3578 798 3648; x_wconf 76' lang='grc' dir='ltr'>περὶ</span> <span class='ocrx_word' id='word_1_295' title='bbox 841 3576 910 3629; x_wconf 83' lang='grc' dir='ltr'>τὰ</span> <span class='ocrx_word' id='word_1_296' title='bbox 953 3577 1143 3629; x_wconf 83' lang='grc' dir='ltr'>εἴδωλα</span> <span class='ocrx_word' id='word_1_297' title='bbox 1183 3576 1476 3648; x_wconf 84' lang='grc' dir='ltr'>θεραπείαν</span> <span class='ocrx_word' id='word_1_298' title='bbox 1523 3578 1586 3629; x_wconf 89' lang='grc' dir='ltr'><strong>ἐκ</strong></span> <span class='ocrx_word' id='word_1_299' title='bbox 1638 3578 1744 3631; x_wconf 84' lang='grc' dir='ltr'><strong>τῶν</strong></span> 
     </span>
    </p>
   </div>
   <div class='ocr_carea' id='block_1_41' title="bbox 167 3665 1745 3736">
    <p class='ocr_par' dir='ltr' id='par_1_41' title="bbox 167 3665 1745 3736">
     <span class='ocr_line' id='line_1_41' title="bbox 167 3665 1745 3736; baseline 0 -18"><span class='ocrx_word' id='word_1_300' title='bbox 167 3667 325 3736; x_wconf 74' lang='grc' dir='ltr'>παρὰ</span> <span class='ocrx_word' id='word_1_301' title='bbox 347 3669 458 3729; x_wconf 85' lang='grc' dir='ltr'>τοῖς</span> <span class='ocrx_word' id='word_1_302' title='bbox 487 3665 706 3732; x_wconf 87' lang='grc' dir='ltr'>Ἕλλησι</span> <span class='ocrx_word' id='word_1_303' title='bbox 731 3665 1181 3734; x_wconf 84' lang='grc' dir='ltr'>θρησκευομένων</span> <span class='ocrx_word' id='word_1_304' title='bbox 1204 3665 1471 3735; x_wconf 81' lang='grc' dir='ltr'>δαιμόνων</span> <span class='ocrx_word' id='word_1_305' title='bbox 1492 3665 1745 3718; x_wconf 82' lang='grc' dir='ltr'>εἵλκυσαν</span> 
     </span>
    </p>
   </div>
   <div class='ocr_carea' id='block_1_42' title="bbox 169 3755 1743 3828">
    <p class='ocr_par' dir='ltr' id='par_1_42' title="bbox 169 3755 1743 3828">
     <span class='ocr_line' id='line_1_42' title="bbox 169 3755 1743 3828; baseline 0 -19"><span class='ocrx_word' id='word_1_306' title='bbox 169 3759 222 3810; x_wconf 80' lang='grc' dir='ltr'>οἱ</span> <span class='ocrx_word' id='word_1_307' title='bbox 260 3757 616 3828; x_wconf 82' lang='grc' dir='ltr'>Ἰσραηλῖται,</span> <span class='ocrx_word' id='word_1_308' title='bbox 665 3757 820 3825; x_wconf 85' lang='grc' dir='ltr'>δῆλον</span> <span class='ocrx_word' id='word_1_309' title='bbox 853 3756 926 3818; x_wconf 87' lang='grc' dir='ltr'><strong>ώς</strong></span> <span class='ocrx_word' id='word_1_310' title='bbox 967 3757 996 3807; x_wconf 87' lang='grc' dir='ltr'><strong>ό</strong></span> <span class='ocrx_word' id='word_1_311' title='bbox 1055 3757 1318 3825; x_wconf 87' lang='grc' dir='ltr'>μακάριος</span> <span class='ocrx_word' id='word_1_312' title='bbox 1368 3755 1518 3823; x_wconf 85' lang='grc' dir='ltr'>λέγει</span> <span class='ocrx_word' id='word_1_313' title='bbox 1562 3758 1743 3810; x_wconf 80' lang='grc' dir='ltr'>Δαυῒδ’</span> 
     </span>
    </p>
   </div>
   <div class='ocr_carea' id='block_1_43' title="bbox 176 3843 1746 3916">
    <p class='ocr_par' dir='ltr' id='par_1_43' title="bbox 176 3843 1746 3916">
     <span class='ocr_line' id='line_1_43' title="bbox 176 3843 1746 3916; baseline -0.001 -18"><span class='ocrx_word' id='word_1_314' title='bbox 176 3867 196 3897; x_wconf 73' lang='grc' dir='ltr'><strong>ι</strong></span> <span class='ocrx_word' id='word_1_315' title='bbox 233 3847 344 3898; x_wconf 79' lang='grc' dir='ltr'><strong>Καὶ</strong></span> <span class='ocrx_word' id='word_1_316' title='bbox 363 3845 703 3915; x_wconf 85' lang='grc' dir='ltr'>ἐπεμίγησαν</span> <span class='ocrx_word' id='word_1_317' title='bbox 730 3847 784 3898; x_wconf 83' lang='grc' dir='ltr'><strong>ἐν</strong></span> <span class='ocrx_word' id='word_1_318' title='bbox 811 3848 922 3906; x_wconf 85' lang='grc' dir='ltr'>τοῖς</span> <span class='ocrx_word' id='word_1_319' title='bbox 953 3843 1146 3904; x_wconf 77' lang='grc' dir='ltr'>ἔθνεσι,</span> <span class='ocrx_word' id='word_1_320' title='bbox 1174 3846 1266 3896; x_wconf 77' lang='grc' dir='ltr'><strong>καὶ</strong></span> <span class='ocrx_word' id='word_1_321' title='bbox 1293 3844 1493 3914; x_wconf 78' lang='grc' dir='ltr'>ἔμαθον</span> <span class='ocrx_word' id='word_1_322' title='bbox 1519 3845 1588 3897; x_wconf 83' lang='grc' dir='ltr'>τὰ</span> <span class='ocrx_word' id='word_1_323' title='bbox 1611 3846 1746 3916; x_wconf 76' lang='grc' dir='ltr'>ἔργα</span> 
     </span>
    </p>
   </div>
   <div class='ocr_carea' id='block_1_44' title="bbox 171 3935 1747 4002">
    <p class='ocr_par' dir='ltr' id='par_1_44' title="bbox 171 3935 1747 4002">
     <span class='ocr_line' id='line_1_44' title="bbox 171 3935 1747 4002; baseline -0.001 -12"><span class='ocrx_word' id='word_1_324' title='bbox 171 3937 375 3996; x_wconf 83' lang='grc' dir='ltr'>αὐτῶν,</span> <span class='ocrx_word' id='word_1_325' title='bbox 399 3936 494 3989; x_wconf 74' lang='grc' dir='ltr'><strong>καὶ</strong></span> <span class='ocrx_word' id='word_1_326' title='bbox 526 3936 840 3988; x_wconf 87' lang='grc' dir='ltr'>ἐδούλευσαν</span> <span class='ocrx_word' id='word_1_327' title='bbox 860 3937 971 3997; x_wconf 88' lang='grc' dir='ltr'>τοῖς</span> <span class='ocrx_word' id='word_1_328' title='bbox 992 3935 1246 4002; x_wconf 85' lang='grc' dir='ltr'>γλυπτοῖς</span> <span class='ocrx_word' id='word_1_329' title='bbox 1269 3935 1464 3987; x_wconf 82' lang='grc' dir='ltr'>αὐτῶν·</span> <span class='ocrx_word' id='word_1_330' title='bbox 1498 3954 1514 3987; x_wconf 82' lang='grc' dir='ltr'><strong>ι</strong></span> <span class='ocrx_word' id='word_1_331' title='bbox 1536 3935 1747 4000; x_wconf 87' lang='grc' dir='ltr'>δεικνὺς</span> 
     </span>
    </p>
   </div>
   <div class='ocr_carea' id='block_1_45' title="bbox 171 4025 1748 4098">
    <p class='ocr_par' dir='ltr' id='par_1_45' title="bbox 171 4025 1748 4098">
     <span class='ocr_line' id='line_1_45' title="bbox 171 4025 1748 4098; baseline -0.001 -19"><span class='ocrx_word' id='word_1_332' title='bbox 171 4031 258 4082; x_wconf 76' lang='grc' dir='ltr'><strong>ὅτι</strong></span> <span class='ocrx_word' id='word_1_333' title='bbox 287 4026 382 4097; x_wconf 82' lang='grc' dir='ltr'><strong>τὴν</strong></span> <span class='ocrx_word' id='word_1_334' title='bbox 423 4026 641 4079; x_wconf 78' lang='grc' dir='ltr'>ἐκείνων</span> <span class='ocrx_word' id='word_1_335' title='bbox 686 4025 1000 4094; x_wconf 53' lang='grc' dir='ltr'><strong>⁴ἰλισπὰσαντο</strong></span> <span class='ocrx_word' id='word_1_336' title='bbox 1041 4026 1495 4098; x_wconf 88' lang='grc' dir='ltr'>εἰδωλολατρείαν·</span> <span class='ocrx_word' id='word_1_337' title='bbox 1541 4030 1616 4092; x_wconf 86' lang='grc' dir='ltr'>ὡς</span> <span class='ocrx_word' id='word_1_338' title='bbox 1657 4030 1748 4082; x_wconf 76' lang='grc' dir='ltr'><strong>τὸν</strong></span> 
     </span>
    </p>
   </div>
   <div class='ocr_carea' id='block_1_46' title="bbox 172 4117 1750 4189">
    <p class='ocr_par' dir='ltr' id='par_1_46' title="bbox 172 4117 1750 4189">
     <span class='ocr_line' id='line_1_46' title="bbox 172 4117 1750 4189; baseline 0.001 -19"><span class='ocrx_word' id='word_1_339' title='bbox 172 4119 340 4171; x_wconf 68' lang='grc' dir='ltr'>αὐτὸν</span> <span class='ocrx_word' id='word_1_340' title='bbox 378 4117 652 4186; x_wconf 81' lang='grc' dir='ltr'>φαίνεσθαι</span> <span class='ocrx_word' id='word_1_341' title='bbox 685 4118 882 4186; x_wconf 76' lang='grc' dir='ltr'>τρόπον</span> <span class='ocrx_word' id='word_1_342' title='bbox 931 4120 1024 4170; x_wconf 78' lang='grc' dir='ltr'>καὶ</span> <span class='ocrx_word' id='word_1_343' title='bbox 1055 4119 1153 4188; x_wconf 80' lang='grc' dir='ltr'><strong>τὴν</strong></span> <span class='ocrx_word' id='word_1_344' title='bbox 1183 4120 1310 4189; x_wconf 78' lang='grc' dir='ltr'>περὶ</span> <span class='ocrx_word' id='word_1_345' title='bbox 1355 4119 1415 4172; x_wconf 85' lang='grc' dir='ltr'><strong>τὸ</strong></span> <span class='ocrx_word' id='word_1_346' title='bbox 1458 4121 1692 4186; x_wconf 79' lang='grc' dir='ltr'>εἴδωλον,</span> <span class='ocrx_word' id='word_1_347' title='bbox 1722 4121 1750 4172; x_wconf 90' lang='grc' dir='ltr'><strong>ὃ</strong></span> 
     </span>
    </p>
   </div>
   <div class='ocr_carea' id='block_1_47' title="bbox 171 4207 1536 4279">
    <p class='ocr_par' dir='ltr' id='par_1_47' title="bbox 171 4207 1536 4279">
     <span class='ocr_line' id='line_1_47' title="bbox 171 4207 1536 4279; baseline -0.003 -14"><span class='ocrx_word' id='word_1_348' title='bbox 171 4209 401 4279; x_wconf 68' lang='grc' dir='ltr'>Μελχομ</span> <span class='ocrx_word' id='word_1_349' title='bbox 425 4208 686 4268; x_wconf 84' lang='grc' dir='ltr'>ἐκαλεῖτο,</span> <span class='ocrx_word' id='word_1_350' title='bbox 717 4207 1002 4277; x_wconf 88' lang='grc' dir='ltr'>θεραπείαν</span> <span class='ocrx_word' id='word_1_351' title='bbox 1029 4207 1223 4270; x_wconf 80' lang='grc' dir='ltr'>αὐτοὺς</span> <span class='ocrx_word' id='word_1_352' title='bbox 1253 4208 1536 4261; x_wconf 87' lang='grc' dir='ltr'>ποιεῖσθαι.</span> 
     </span>
    </p>
   </div>
   <div class='ocr_carea' id='block_1_48' title="bbox 1845 506 3402 577">
    <p class='ocr_par' dir='ltr' id='par_1_48' title="bbox 1845 506 3402 577">
     <span class='ocr_line' id='line_1_48' title="bbox 1845 506 3402 577; baseline 0.002 -18"><span class='ocrx_word' id='word_1_353' title='bbox 1845 506 2163 574; x_wconf 91' lang='lat' dir='ltr'><strong>peritissimi</strong></span> <span class='ocrx_word' id='word_1_354' title='bbox 2190 507 2384 575; x_wconf 67' lang='lat' dir='ltr'><strong>linguae</strong></span> <span class='ocrx_word' id='word_1_355' title='bbox 2407 508 2659 575; x_wconf 60' lang='lat' dir='ltr'><strong>propriae,</strong></span> <span class='ocrx_word' id='word_1_356' title='bbox 2696 509 2848 577; x_wconf 89' lang='lat' dir='ltr'><strong>periti</strong></span> <span class='ocrx_word' id='word_1_357' title='bbox 2877 512 3076 576; x_wconf 86' lang='lat' dir='ltr'><strong>pariter</strong></span> <span class='ocrx_word' id='word_1_358' title='bbox 3095 511 3402 564; x_wconf 88' lang='lat' dir='ltr'><strong>divinarum</strong></span> 
     </span>
    </p>
   </div>
   <div class='ocr_carea' id='block_1_49' title="bbox 1843 592 3408 669">
    <p class='ocr_par' dir='ltr' id='par_1_49' title="bbox 1843 592 3408 669">
     <span class='ocr_line' id='line_1_49' title="bbox 1843 592 3408 669; baseline 0.006 -24"><span class='ocrx_word' id='word_1_359' title='bbox 1843 592 2273 663; x_wconf 89' lang='lat' dir='ltr'><strong>Scripturarum,</strong></span> <span class='ocrx_word' id='word_1_360' title='bbox 2308 610 2336 647; x_wconf 92' lang='lat' dir='ltr'><strong>a</strong></span> <span class='ocrx_word' id='word_1_361' title='bbox 2373 596 2627 663; x_wconf 88' lang='lat' dir='ltr'><strong>pontiﬁce</strong></span> <span class='ocrx_word' id='word_1_362' title='bbox 2652 607 2961 666; x_wconf 87' lang='lat' dir='ltr'><strong>eunetoque</strong></span> <span class='ocrx_word' id='word_1_363' title='bbox 2987 600 3188 669; x_wconf 90' lang='lat' dir='ltr'><strong>populo</strong></span> <span class='ocrx_word' id='word_1_364' title='bbox 3231 600 3408 655; x_wconf 86' lang='lat' dir='ltr'><strong>Israe-</strong></span> 
     </span>
    </p>
   </div>
   <div class='ocr_carea' id='block_1_50' title="bbox 1841 685 3410 759">
    <p class='ocr_par' dir='ltr' id='par_1_50' title="bbox 1841 685 3410 759">
     <span class='ocr_line' id='line_1_50' title="bbox 1841 685 3410 759; baseline 0.003 -21"><span class='ocrx_word' id='word_1_365' title='bbox 1841 687 1995 740; x_wconf 89' lang='lat' dir='ltr'><strong>litico</strong></span> <span class='ocrx_word' id='word_1_366' title='bbox 2043 685 2275 754; x_wconf 77' lang='lat' dir='ltr'><strong>probati,</strong></span> <span class='ocrx_word' id='word_1_367' title='bbox 2325 699 2423 739; x_wconf 90' lang='lat' dir='ltr'><strong>ceu</strong></span> <span class='ocrx_word' id='word_1_368' title='bbox 2470 701 2578 754; x_wconf 79' lang='lat' dir='ltr'><strong>pra-</strong></span> <span class='ocrx_word' id='word_1_369' title='bbox 2605 688 2816 741; x_wconf 76' lang='lat' dir='ltr'><strong>caeteris</strong></span> <span class='ocrx_word' id='word_1_370' title='bbox 2856 689 3109 742; x_wconf 88' lang='lat' dir='ltr'><strong>omnibus</strong></span> <span class='ocrx_word' id='word_1_371' title='bbox 3140 690 3410 759; x_wconf 85' lang='lat' dir='ltr'><strong>interpre-</strong></span> 
     </span>
    </p>
   </div>
   <div class='ocr_carea' id='block_1_51' title="bbox 1840 776 3411 848">
    <p class='ocr_par' dir='ltr' id='par_1_51' title="bbox 1840 776 3411 848">
     <span class='ocr_line' id='line_1_51' title="bbox 1840 776 3411 848; baseline 0.002 -18"><span class='ocrx_word' id='word_1_372' title='bbox 1840 776 2008 830; x_wconf 90' lang='lat' dir='ltr'><strong>tando</strong></span> <span class='ocrx_word' id='word_1_373' title='bbox 2040 777 2253 830; x_wconf 88' lang='lat' dir='ltr'><strong>idonei:</strong></span> <span class='ocrx_word' id='word_1_374' title='bbox 2285 790 2517 844; x_wconf 88' lang='lat' dir='ltr'><strong>quorum</strong></span> <span class='ocrx_word' id='word_1_375' title='bbox 2568 776 3071 845; x_wconf 68' lang='lat' dir='ltr'><strong>interpretationem</strong></span> <span class='ocrx_word' id='word_1_376' title='bbox 3104 790 3266 848; x_wconf 88' lang='lat' dir='ltr'><strong>atque</strong></span> <span class='ocrx_word' id='word_1_377' title='bbox 3292 782 3411 834; x_wconf 89' lang='lat' dir='ltr'><strong>edi-</strong></span> 
     </span>
    </p>
   </div>
   <div class='ocr_carea' id='block_1_52' title="bbox 1841 869 3410 939">
    <p class='ocr_par' dir='ltr' id='par_1_52' title="bbox 1841 869 3410 939">
     <span class='ocr_line' id='line_1_52' title="bbox 1841 869 3410 939; baseline 0.004 -19"><span class='ocrx_word' id='word_1_378' title='bbox 1841 869 2042 923; x_wconf 89' lang='lat' dir='ltr'><strong>tionem</strong></span> <span class='ocrx_word' id='word_1_379' title='bbox 2080 869 2266 922; x_wconf 90' lang='lat' dir='ltr'><strong>beatos</strong></span> <span class='ocrx_word' id='word_1_380' title='bbox 2300 883 2518 936; x_wconf 85' lang='lat' dir='ltr'><strong>quoque</strong></span> <span class='ocrx_word' id='word_1_381' title='bbox 2539 869 2818 937; x_wconf 85' lang='lat' dir='ltr'><strong>apostolos</strong></span> <span class='ocrx_word' id='word_1_382' title='bbox 2849 879 3119 939; x_wconf 78' lang='lat' dir='ltr'><strong>receptam</strong></span> <span class='ocrx_word' id='word_1_383' title='bbox 3153 872 3410 926; x_wconf 82' lang='lat' dir='ltr'><strong>habuisse</strong></span> 
     </span>
    </p>
   </div>
   <div class='ocr_carea' id='block_1_53' title="bbox 1843 958 3411 1027">
    <p class='ocr_par' dir='ltr' id='par_1_53' title="bbox 1843 958 3411 1027">
     <span class='ocr_line' id='line_1_53' title="bbox 1843 958 3411 1027; baseline 0.003 -16"><span class='ocrx_word' id='word_1_384' title='bbox 1843 965 2106 1027; x_wconf 84' lang='lat' dir='ltr'><strong>apparet;</strong></span> <span class='ocrx_word' id='word_1_385' title='bbox 2143 958 2412 1026; x_wconf 88' lang='lat' dir='ltr'><strong>quietiam</strong></span> <span class='ocrx_word' id='word_1_386' title='bbox 2451 959 2834 1012; x_wconf 88' lang='lat' dir='ltr'><strong>accedentibus</strong></span> <span class='ocrx_word' id='word_1_387' title='bbox 2849 960 2913 1012; x_wconf 87' lang='lat' dir='ltr'><strong>ad</strong></span> <span class='ocrx_word' id='word_1_388' title='bbox 2947 960 3100 1013; x_wconf 90' lang='lat' dir='ltr'><strong>ﬁdem</strong></span> <span class='ocrx_word' id='word_1_389' title='bbox 3133 977 3197 1015; x_wconf 78' lang='lat' dir='ltr'><strong>ex</strong></span> <span class='ocrx_word' id='word_1_390' title='bbox 3231 963 3411 1016; x_wconf 80' lang='lat' dir='ltr'><strong>ethni-</strong></span> 
     </span>
    </p>
   </div>
   <div class='ocr_carea' id='block_1_54' title="bbox 1839 1047 3408 1122">
    <p class='ocr_par' dir='ltr' id='par_1_54' title="bbox 1839 1047 3408 1122">
     <span class='ocr_line' id='line_1_54' title="bbox 1839 1047 3408 1122; baseline 0.004 -22"><span class='ocrx_word' id='word_1_391' title='bbox 1839 1050 1939 1110; x_wconf 88' lang='lat' dir='ltr'><strong>cis,</strong></span> <span class='ocrx_word' id='word_1_392' title='bbox 1973 1056 2026 1101; x_wconf 92' lang='lat' dir='ltr'><strong>et</strong></span> <span class='ocrx_word' id='word_1_393' title='bbox 2065 1047 2232 1102; x_wconf 86' lang='lat' dir='ltr'><strong>Vetus</strong></span> <span class='ocrx_word' id='word_1_394' title='bbox 2264 1057 2421 1102; x_wconf 84' lang='lat' dir='ltr'><strong>antea</strong></span> <span class='ocrx_word' id='word_1_395' title='bbox 2452 1051 2857 1102; x_wconf 84' lang='lat' dir='ltr'><strong>Testamentum</strong></span> <span class='ocrx_word' id='word_1_396' title='bbox 2892 1067 3120 1119; x_wconf 88' lang='lat' dir='ltr'><strong>prorsus</strong></span> <span class='ocrx_word' id='word_1_397' title='bbox 3148 1055 3408 1122; x_wconf 75' lang='lat' dir='ltr'><strong>ignoran-</strong></span> 
     </span>
    </p>
   </div>
   <div class='ocr_carea' id='block_1_55' title="bbox 1839 1137 3408 1208">
    <p class='ocr_par' dir='ltr' id='par_1_55' title="bbox 1839 1137 3408 1208">
     <span class='ocr_line' id='line_1_55' title="bbox 1839 1137 3408 1208; baseline 0.005 -19"><span class='ocrx_word' id='word_1_398' title='bbox 1839 1138 2004 1200; x_wconf 89' lang='lat' dir='ltr'><strong>tibus,</strong></span> <span class='ocrx_word' id='word_1_399' title='bbox 2052 1139 2266 1191; x_wconf 79' lang='lat' dir='ltr'><strong>divinas</strong></span> <span class='ocrx_word' id='word_1_400' title='bbox 2310 1137 2659 1192; x_wconf 90' lang='lat' dir='ltr'><strong>tradiderunt</strong></span> <span class='ocrx_word' id='word_1_401' title='bbox 2703 1140 3038 1208; x_wconf 88' lang='lat' dir='ltr'><strong>Scripturas,</strong></span> <span class='ocrx_word' id='word_1_402' title='bbox 3091 1141 3408 1197; x_wconf 67' lang='lat' dir='ltr'><strong>Graecorum</strong></span> 
     </span>
    </p>
   </div>
   <div class='ocr_carea' id='block_1_56' title="bbox 1840 1229 3406 1303">
    <p class='ocr_par' dir='ltr' id='par_1_56' title="bbox 1840 1229 3406 1303">
     <span class='ocr_line' id='line_1_56' title="bbox 1840 1229 3406 1303; baseline 0.005 -22"><span class='ocrx_word' id='word_1_403' title='bbox 1840 1229 2022 1296; x_wconf 77' lang='lat' dir='ltr'><strong>lingua</strong></span> <span class='ocrx_word' id='word_1_404' title='bbox 2056 1245 2364 1297; x_wconf 82' lang='lat' dir='ltr'><strong>expressas.</strong></span> <span class='ocrx_word' id='word_1_405' title='bbox 2421 1231 2721 1284; x_wconf 89' lang='lat' dir='ltr'><strong>secundum</strong></span> <span class='ocrx_word' id='word_1_406' title='bbox 2777 1235 3121 1303; x_wconf 81' lang='lat' dir='ltr'><strong>septuaginta</strong></span> <span class='ocrx_word' id='word_1_407' title='bbox 3165 1236 3406 1290; x_wconf 82' lang='lat' dir='ltr'><strong>virorum</strong></span> 
     </span>
    </p>
   </div>
   <div class='ocr_carea' id='block_1_57' title="bbox 1841 1319 3410 1393">
    <p class='ocr_par' dir='ltr' id='par_1_57' title="bbox 1841 1319 3410 1393">
     <span class='ocr_line' id='line_1_57' title="bbox 1841 1319 3410 1393; baseline 0.006 -23"><span class='ocrx_word' id='word_1_408' title='bbox 1841 1319 2388 1387; x_wconf 78' lang='lat' dir='ltr'><strong>interpretationem:</strong></span> <span class='ocrx_word' id='word_1_409' title='bbox 2435 1335 2464 1372; x_wconf 89' lang='lat' dir='ltr'><strong>a</strong></span> <span class='ocrx_word' id='word_1_410' title='bbox 2496 1322 2693 1389; x_wconf 89' lang='lat' dir='ltr'><strong>quibus</strong></span> <span class='ocrx_word' id='word_1_411' title='bbox 2724 1338 2818 1378; x_wconf 89' lang='lat' dir='ltr'><strong>eas</strong></span> <span class='ocrx_word' id='word_1_412' title='bbox 2847 1334 3096 1393; x_wconf 89' lang='lat' dir='ltr'><strong>acceptas</strong></span> <span class='ocrx_word' id='word_1_413' title='bbox 3120 1341 3264 1380; x_wconf 91' lang='lat' dir='ltr'><strong>nunc</strong></span> <span class='ocrx_word' id='word_1_414' title='bbox 3292 1343 3410 1380; x_wconf 91' lang='lat' dir='ltr'><strong>om-</strong></span> 
     </span>
    </p>
   </div>
   <div class='ocr_carea' id='block_1_58' title="bbox 1839 1413 3406 1484">
    <p class='ocr_par' dir='ltr' id='par_1_58' title="bbox 1839 1413 3406 1484">
     <span class='ocr_line' id='line_1_58' title="bbox 1839 1413 3406 1484; baseline 0.006 -22"><span class='ocrx_word' id='word_1_415' title='bbox 1839 1426 1935 1462; x_wconf 89' lang='lat' dir='ltr'><strong>nes</strong></span> <span class='ocrx_word' id='word_1_416' title='bbox 1967 1420 2236 1475; x_wconf 84' lang='lat' dir='ltr'><strong>tenemus,</strong></span> <span class='ocrx_word' id='word_1_417' title='bbox 2267 1413 2359 1479; x_wconf 91' lang='lat' dir='ltr'><strong>qui</strong></span> <span class='ocrx_word' id='word_1_418' title='bbox 2386 1428 2448 1466; x_wconf 83' lang='lat' dir='ltr'><strong>ex</strong></span> <span class='ocrx_word' id='word_1_419' title='bbox 2483 1413 2718 1466; x_wconf 87' lang='lat' dir='ltr'><strong>ethnicis</strong></span> <span class='ocrx_word' id='word_1_420' title='bbox 2747 1415 2798 1466; x_wconf 93' lang='lat' dir='ltr'><strong>in</strong></span> <span class='ocrx_word' id='word_1_421' title='bbox 2834 1414 3036 1470; x_wconf 82' lang='lat' dir='ltr'><strong>Christi</strong></span> <span class='ocrx_word' id='word_1_422' title='bbox 3065 1426 3246 1484; x_wconf 86' lang='lat' dir='ltr'><strong>partes</strong></span> <span class='ocrx_word' id='word_1_423' title='bbox 3274 1433 3406 1471; x_wconf 88' lang='lat' dir='ltr'><strong>con-</strong></span> 
     </span>
    </p>
   </div>
   <div class='ocr_carea' id='block_1_59' title="bbox 1841 1500 3408 1575">
    <p class='ocr_par' dir='ltr' id='par_1_59' title="bbox 1841 1500 3408 1575">
     <span class='ocr_line' id='line_1_59' title="bbox 1841 1500 3408 1575; baseline 0.006 -23"><span class='ocrx_word' id='word_1_424' title='bbox 1841 1500 2147 1567; x_wconf 76' lang='lat' dir='ltr'><strong>cessimus;</strong></span> <span class='ocrx_word' id='word_1_425' title='bbox 2189 1517 2392 1572; x_wconf 83' lang='lat' dir='ltr'><strong>easque</strong></span> <span class='ocrx_word' id='word_1_426' title='bbox 2422 1512 2476 1556; x_wconf 89' lang='lat' dir='ltr'><strong>et</strong></span> <span class='ocrx_word' id='word_1_427' title='bbox 2524 1505 2577 1556; x_wconf 93' lang='lat' dir='ltr'><strong>in</strong></span> <span class='ocrx_word' id='word_1_428' title='bbox 2615 1506 2862 1558; x_wconf 81' lang='lat' dir='ltr'><strong>ecclesiis</strong></span> <span class='ocrx_word' id='word_1_429' title='bbox 2892 1507 3143 1575; x_wconf 83' lang='lat' dir='ltr'><strong>legimus.</strong></span> <span class='ocrx_word' id='word_1_430' title='bbox 3179 1520 3235 1562; x_wconf 90' lang='lat' dir='ltr'><strong>et</strong></span> <span class='ocrx_word' id='word_1_431' title='bbox 3263 1509 3408 1562; x_wconf 90' lang='lat' dir='ltr'><strong>domi</strong></span> 
     </span>
    </p>
   </div>
   <div class='ocr_carea' id='block_1_60' title="bbox 1842 1591 3407 1663">
    <p class='ocr_par' dir='ltr' id='par_1_60' title="bbox 1842 1591 3407 1663">
     <span class='ocr_line' id='line_1_60' title="bbox 1842 1591 3407 1663; baseline 0.007 -22"><span class='ocrx_word' id='word_1_432' title='bbox 1842 1591 2125 1646; x_wconf 75' lang='lat' dir='ltr'><strong>habemus.</strong></span> <span class='ocrx_word' id='word_1_433' title='bbox 2199 1592 2400 1657; x_wconf 87' lang='lat' dir='ltr'><strong>Quidni</strong></span> <span class='ocrx_word' id='word_1_434' title='bbox 2449 1609 2580 1663; x_wconf 84' lang='lat' dir='ltr'><strong>ergo</strong></span> <span class='ocrx_word' id='word_1_435' title='bbox 2633 1596 2887 1648; x_wconf 89' lang='lat' dir='ltr'><strong>insanum</strong></span> <span class='ocrx_word' id='word_1_436' title='bbox 2943 1597 3014 1650; x_wconf 86' lang='lat' dir='ltr'><strong>sit</strong></span> <span class='ocrx_word' id='word_1_437' title='bbox 3069 1598 3407 1662; x_wconf 82' lang='lat' dir='ltr'><strong>existimare,</strong></span> 
     </span>
    </p>
   </div>
   <div class='ocr_carea' id='block_1_61' title="bbox 1843 1682 3412 1754">
    <p class='ocr_par' dir='ltr' id='par_1_61' title="bbox 1843 1682 3412 1754">
     <span class='ocr_line' id='line_1_61' title="bbox 1843 1682 3412 1754; baseline 0.004 -21"><span class='ocrx_word' id='word_1_438' title='bbox 1843 1682 2187 1749; x_wconf 81' lang='lat' dir='ltr'><strong>septuaginta</strong></span> <span class='ocrx_word' id='word_1_439' title='bbox 2210 1683 2356 1736; x_wconf 85' lang='lat' dir='ltr'><strong>viros</strong></span> <span class='ocrx_word' id='word_1_440' title='bbox 2384 1684 2519 1735; x_wconf 85' lang='lat' dir='ltr'><strong>tales</strong></span> <span class='ocrx_word' id='word_1_441' title='bbox 2536 1683 2695 1752; x_wconf 78' lang='lat'><strong>253</strong></span> <span class='ocrx_word' id='word_1_442' title='bbox 2717 1691 3007 1752; x_wconf 85' lang='lat' dir='ltr'><strong>tantosque</strong></span> <span class='ocrx_word' id='word_1_443' title='bbox 3027 1684 3270 1754; x_wconf 84' lang='lat' dir='ltr'><strong>adeoque</strong></span> <span class='ocrx_word' id='word_1_444' title='bbox 3292 1701 3412 1754; x_wconf 89' lang='lat' dir='ltr'><strong>pro-</strong></span> 
     </span>
    </p>
   </div>
   <div class='ocr_carea' id='block_1_62' title="bbox 1775 1739 3409 1844">
    <p class='ocr_par' dir='ltr' id='par_1_62' title="bbox 1775 1739 3409 1844">
     <span class='ocr_line' id='line_1_62' title="bbox 1775 1739 3409 1844; baseline 0.002 -21"><span class='ocrx_word' id='word_1_445' title='bbox 1775 1739 1814 1793; x_wconf 74' lang='lat' dir='ltr'>B</span> <span class='ocrx_word' id='word_1_446' title='bbox 1843 1772 2022 1835; x_wconf 88' lang='lat' dir='ltr'><strong>batos,</strong></span> <span class='ocrx_word' id='word_1_447' title='bbox 2057 1787 2274 1827; x_wconf 86' lang='lat' dir='ltr'><strong>errasse</strong></span> <span class='ocrx_word' id='word_1_448' title='bbox 2305 1773 2361 1826; x_wconf 91' lang='lat' dir='ltr'><strong>in</strong></span> <span class='ocrx_word' id='word_1_449' title='bbox 2393 1774 2692 1838; x_wconf 88' lang='lat' dir='ltr'><strong>vocabulo;</strong></span> <span class='ocrx_word' id='word_1_450' title='bbox 2746 1774 2838 1842; x_wconf 90' lang='lat' dir='ltr'><strong>qui</strong></span> <span class='ocrx_word' id='word_1_451' title='bbox 2872 1784 2926 1828; x_wconf 86' lang='lat' dir='ltr'><strong>et</strong></span> <span class='ocrx_word' id='word_1_452' title='bbox 2955 1783 3080 1828; x_wconf 91' lang='lat' dir='ltr'><strong>ante</strong></span> <span class='ocrx_word' id='word_1_453' title='bbox 3109 1776 3409 1844; x_wconf 88' lang='lat' dir='ltr'><strong>quamlibet</strong></span> 
     </span>
    </p>
   </div>
   <div class='ocr_carea' id='block_1_63' title="bbox 1847 1861 3408 1933">
    <p class='ocr_par' dir='ltr' id='par_1_63' title="bbox 1847 1861 3408 1933">
     <span class='ocr_line' id='line_1_63' title="bbox 1847 1861 3408 1933; baseline 0.005 -20"><span class='ocrx_word' id='word_1_454' title='bbox 1847 1861 2350 1931; x_wconf 84' lang='lat' dir='ltr'><strong>interpretationem</strong></span> <span class='ocrx_word' id='word_1_455' title='bbox 2379 1864 2550 1931; x_wconf 84' lang='lat' dir='ltr'><strong>probe.</strong></span> <span class='ocrx_word' id='word_1_456' title='bbox 2568 1863 2813 1918; x_wconf 86' lang='lat' dir='ltr'><strong>sciebant</strong></span> <span class='ocrx_word' id='word_1_457' title='bbox 2832 1865 2960 1933; x_wconf 92' lang='lat' dir='ltr'><strong>quid</strong></span> <span class='ocrx_word' id='word_1_458' title='bbox 2983 1873 3125 1919; x_wconf 91' lang='lat' dir='ltr'><strong>esset</strong></span> <span class='ocrx_word' id='word_1_459' title='bbox 3149 1866 3203 1919; x_wconf 90' lang='lat' dir='ltr'><strong>in</strong></span> <span class='ocrx_word' id='word_1_460' title='bbox 3225 1866 3408 1920; x_wconf 87' lang='lat' dir='ltr'><strong>divina</strong></span> 
     </span>
    </p>
   </div>
   <div class='ocr_carea' id='block_1_64' title="bbox 1848 1953 3412 2024">
    <p class='ocr_par' dir='ltr' id='par_1_64' title="bbox 1848 1953 3412 2024">
     <span class='ocr_line' id='line_1_64' title="bbox 1848 1953 3412 2024; baseline 0.004 -20"><span class='ocrx_word' id='word_1_461' title='bbox 1848 1953 2150 2022; x_wconf 72' lang='lat' dir='ltr'><strong>Scriptura,</strong></span> <span class='ocrx_word' id='word_1_462' title='bbox 2193 1962 2246 2007; x_wconf 89' lang='lat' dir='ltr'><strong>et</strong></span> <span class='ocrx_word' id='word_1_463' title='bbox 2297 1965 2481 2009; x_wconf 91' lang='lat' dir='ltr'><strong>utrum</strong></span> <span class='ocrx_word' id='word_1_464' title='bbox 2518 1971 2695 2024; x_wconf 81' lang='lat' dir='ltr'><strong>regem</strong></span> <span class='ocrx_word' id='word_1_465' title='bbox 2730 1971 2791 2010; x_wconf 89' lang='lat' dir='ltr'><strong>ea</strong></span> <span class='ocrx_word' id='word_1_466' title='bbox 2821 1957 3024 2011; x_wconf 90' lang='lat' dir='ltr'><strong>diceret</strong></span> <span class='ocrx_word' id='word_1_467' title='bbox 3049 1971 3117 2010; x_wconf 87' lang='lat' dir='ltr'><strong>an</strong></span> <span class='ocrx_word' id='word_1_468' title='bbox 3167 1958 3412 2011; x_wconf 89' lang='lat' dir='ltr'><strong>idolum?</strong></span> 
     </span>
    </p>
   </div>
   <div class='ocr_carea' id='block_1_65' title="bbox 1845 2043 3411 2118">
    <p class='ocr_par' dir='ltr' id='par_1_65' title="bbox 1845 2043 3411 2118">
     <span class='ocr_line' id='line_1_65' title="bbox 1845 2043 3411 2118; baseline 0.005 -24"><span class='ocrx_word' id='word_1_469' title='bbox 1845 2043 1976 2096; x_wconf 73' lang='lat' dir='ltr'><strong>Nam</strong></span> <span class='ocrx_word' id='word_1_470' title='bbox 2013 2045 2216 2111; x_wconf 86' lang='lat' dir='ltr'><strong>majore</strong></span> <span class='ocrx_word' id='word_1_471' title='bbox 2249 2047 2350 2100; x_wconf 93' lang='lat' dir='ltr'><strong>ﬁde</strong></span> <span class='ocrx_word' id='word_1_472' title='bbox 2376 2047 2624 2114; x_wconf 84' lang='lat' dir='ltr'><strong>dignum,</strong></span> <span class='ocrx_word' id='word_1_473' title='bbox 2671 2063 2779 2115; x_wconf 63' lang='lat' dir='ltr'><strong>prae</strong></span> <span class='ocrx_word' id='word_1_474' title='bbox 2820 2048 3033 2102; x_wconf 65' lang='lat' dir='ltr'><strong>caeteris</strong></span> <span class='ocrx_word' id='word_1_475' title='bbox 3063 2050 3296 2112; x_wconf 88' lang='lat' dir='ltr'><strong>cunctis,</strong></span> <span class='ocrx_word' id='word_1_476' title='bbox 3323 2050 3411 2118; x_wconf 88' lang='lat' dir='ltr'><strong>ju-</strong></span> 
     </span>
    </p>
   </div>
   <div class='ocr_carea' id='block_1_66' title="bbox 1845 2135 3412 2204">
    <p class='ocr_par' dir='ltr' id='par_1_66' title="bbox 1845 2135 3412 2204">
     <span class='ocr_line' id='line_1_66' title="bbox 1845 2135 3412 2204; baseline 0.003 -16"><span class='ocrx_word' id='word_1_477' title='bbox 1845 2135 2029 2189; x_wconf 89' lang='lat' dir='ltr'><strong>dicare</strong></span> <span class='ocrx_word' id='word_1_478' title='bbox 2053 2145 2352 2204; x_wconf 88' lang='lat' dir='ltr'><strong>oporteret,</strong></span> <span class='ocrx_word' id='word_1_479' title='bbox 2395 2153 2560 2190; x_wconf 89' lang='lat' dir='ltr'><strong>unutn</strong></span> <span class='ocrx_word' id='word_1_480' title='bbox 2596 2137 2891 2204; x_wconf 87' lang='lat' dir='ltr'><strong>quemlibet</strong></span> <span class='ocrx_word' id='word_1_481' title='bbox 2913 2137 3205 2191; x_wconf 87' lang='lat' dir='ltr'><strong>obscurum</strong></span> <span class='ocrx_word' id='word_1_482' title='bbox 3237 2140 3412 2192; x_wconf 86' lang='lat' dir='ltr'><strong>humi-</strong></span> 
     </span>
    </p>
   </div>
   <div class='ocr_carea' id='block_1_67' title="bbox 1845 2227 3408 2295">
    <p class='ocr_par' dir='ltr' id='par_1_67' title="bbox 1845 2227 3408 2295">
     <span class='ocr_line' id='line_1_67' title="bbox 1845 2227 3408 2295; baseline 0.002 -16"><span class='ocrx_word' id='word_1_483' title='bbox 1845 2243 1966 2282; x_wconf 90' lang='lat' dir='ltr'><strong>nem</strong></span> <span class='ocrx_word' id='word_1_484' title='bbox 1997 2228 2088 2295; x_wconf 91' lang='lat' dir='ltr'><strong>qui</strong></span> <span class='ocrx_word' id='word_1_485' title='bbox 2131 2227 2182 2278; x_wconf 93' lang='lat' dir='ltr'><strong>in</strong></span> <span class='ocrx_word' id='word_1_486' title='bbox 2216 2229 2476 2295; x_wconf 58' lang='lat' dir='ltr'><strong>Syrorum</strong></span> <span class='ocrx_word' id='word_1_487' title='bbox 2513 2228 2751 2295; x_wconf 83' lang='lat' dir='ltr'><strong>linguam</strong></span> <span class='ocrx_word' id='word_1_488' title='bbox 2784 2230 3052 2281; x_wconf 81' lang='lat' dir='ltr'><strong>convertit</strong></span> <span class='ocrx_word' id='word_1_489' title='bbox 3085 2227 3408 2282; x_wconf 78' lang='lat' dir='ltr'><strong>l-lehraicum</strong></span> 
     </span>
    </p>
   </div>
   <div class='ocr_carea' id='block_1_68' title="bbox 1845 2315 3409 2386">
    <p class='ocr_par' dir='ltr' id='par_1_68' title="bbox 1845 2315 3409 2386">
     <span class='ocr_line' id='line_1_68' title="bbox 1845 2315 3409 2386; baseline 0.001 -18"><span class='ocrx_word' id='word_1_490' title='bbox 1845 2323 2077 2377; x_wconf 79' lang='lat' dir='ltr'><strong>textum,</strong></span> <span class='ocrx_word' id='word_1_491' title='bbox 2137 2325 2194 2368; x_wconf 91' lang='lat' dir='ltr'><strong>ut</strong></span> <span class='ocrx_word' id='word_1_492' title='bbox 2239 2319 2412 2369; x_wconf 85' lang='lat' dir='ltr'><strong>aiunt.</strong></span> <span class='ocrx_word' id='word_1_493' title='bbox 2478 2315 2842 2386; x_wconf 60' lang='lat' dir='ltr'><strong>Praeterquam</strong></span> <span class='ocrx_word' id='word_1_494' title='bbox 2889 2317 3033 2385; x_wconf 89' lang='lat' dir='ltr'><strong>quod</strong></span> <span class='ocrx_word' id='word_1_495' title='bbox 3085 2317 3216 2370; x_wconf 92' lang='lat' dir='ltr'><strong>illud</strong></span> <span class='ocrx_word' id='word_1_496' title='bbox 3247 2318 3409 2370; x_wconf 81' lang='lat' dir='ltr'><strong>etiam</strong></span> 
     </span>
    </p>
   </div>
   <div class='ocr_carea' id='block_1_69' title="bbox 1846 2404 3412 2478">
    <p class='ocr_par' dir='ltr' id='par_1_69' title="bbox 1846 2404 3412 2478">
     <span class='ocr_line' id='line_1_69' title="bbox 1846 2404 3412 2478; baseline 0 -17"><span class='ocrx_word' id='word_1_497' title='bbox 1846 2416 2012 2478; x_wconf 89' lang='lat' dir='ltr'><strong>patet,</strong></span> <span class='ocrx_word' id='word_1_498' title='bbox 2067 2423 2259 2476; x_wconf 90' lang='lat' dir='ltr'><strong>nempe</strong></span> <span class='ocrx_word' id='word_1_499' title='bbox 2309 2407 2374 2461; x_wconf 90' lang='lat' dir='ltr'><strong>de</strong></span> <span class='ocrx_word' id='word_1_500' title='bbox 2405 2407 2672 2461; x_wconf 87' lang='lat' dir='ltr'><strong>idolorum</strong></span> <span class='ocrx_word' id='word_1_501' title='bbox 2717 2407 2864 2460; x_wconf 91' lang='lat' dir='ltr'><strong>cultu</strong></span> <span class='ocrx_word' id='word_1_502' title='bbox 2918 2407 3083 2460; x_wconf 92' lang='lat' dir='ltr'><strong>Deum</strong></span> <span class='ocrx_word' id='word_1_503' title='bbox 3137 2404 3412 2461; x_wconf 86' lang='lat' dir='ltr'><strong>lsraelitas</strong></span> 
     </span>
    </p>
   </div>
   <div class='ocr_carea' id='block_1_70' title="bbox 1847 2496 3411 2567">
    <p class='ocr_par' dir='ltr' id='par_1_70' title="bbox 1847 2496 3411 2567">
     <span class='ocr_line' id='line_1_70' title="bbox 1847 2496 3411 2567; baseline 0.002 -18"><span class='ocrx_word' id='word_1_504' title='bbox 1847 2497 1950 2551; x_wconf 91' lang='lat' dir='ltr'><strong>hoc</strong></span> <span class='ocrx_word' id='word_1_505' title='bbox 1999 2499 2118 2552; x_wconf 90' lang='lat' dir='ltr'><strong>loco</strong></span> <span class='ocrx_word' id='word_1_506' title='bbox 2167 2513 2429 2551; x_wconf 90' lang='lat' dir='ltr'><strong>accusare</strong></span> <span class='ocrx_word' id='word_1_507' title='bbox 2472 2513 2566 2566; x_wconf 92' lang='lat' dir='ltr'><strong>per</strong></span> <span class='ocrx_word' id='word_1_508' title='bbox 2610 2498 2950 2566; x_wconf 83' lang='lat' dir='ltr'><strong>prophetam.</strong></span> <span class='ocrx_word' id='word_1_509' title='bbox 2988 2496 3054 2549; x_wconf 87' lang='lat' dir='ltr'><strong>Et</strong></span> <span class='ocrx_word' id='word_1_510' title='bbox 3092 2500 3216 2567; x_wconf 88' lang='lat' dir='ltr'><strong>quia</strong></span> <span class='ocrx_word' id='word_1_511' title='bbox 3264 2499 3411 2553; x_wconf 88' lang='lat' dir='ltr'><strong>circa</strong></span> 
     </span>
    </p>
   </div>
   <div class='ocr_carea' id='block_1_71' title="bbox 1846 2588 3414 2656">
    <p class='ocr_par' dir='ltr' id='par_1_71' title="bbox 1846 2588 3414 2656">
     <span class='ocr_line' id='line_1_71' title="bbox 1846 2588 3414 2656; baseline 0.001 -14"><span class='ocrx_word' id='word_1_512' title='bbox 1846 2588 2090 2642; x_wconf 78' lang='lat' dir='ltr'><strong>divinum</strong></span> <span class='ocrx_word' id='word_1_513' title='bbox 2147 2589 2404 2656; x_wconf 87' lang='lat' dir='ltr'><strong>templum</strong></span> <span class='ocrx_word' id='word_1_514' title='bbox 2453 2589 2769 2650; x_wconf 90' lang='lat' dir='ltr'><strong>incolentes,</strong></span> <span class='ocrx_word' id='word_1_515' title='bbox 2820 2589 2935 2641; x_wconf 70' lang='lat' dir='ltr'><strong>hare</strong></span> <span class='ocrx_word' id='word_1_516' title='bbox 2982 2590 3250 2656; x_wconf 81' lang='lat' dir='ltr'><strong>agebant,</strong></span> <span class='ocrx_word' id='word_1_517' title='bbox 3309 2590 3414 2643; x_wconf 90' lang='lat' dir='ltr'><strong>hoc</strong></span> 
     </span>
    </p>
   </div>
   <div class='ocr_carea' id='block_1_72' title="bbox 1850 2678 3411 2748">
    <p class='ocr_par' dir='ltr' id='par_1_72' title="bbox 1850 2678 3411 2748">
     <span class='ocr_line' id='line_1_72' title="bbox 1850 2678 3411 2748; baseline 0.001 -16"><span class='ocrx_word' id='word_1_518' title='bbox 1850 2680 1960 2733; x_wconf 91' lang='lat' dir='ltr'><strong>illis</strong></span> <span class='ocrx_word' id='word_1_519' title='bbox 1989 2679 2300 2748; x_wconf 70' lang='lat' dir='ltr'><strong>exprobrat,</strong></span> <span class='ocrx_word' id='word_1_520' title='bbox 2364 2678 2506 2747; x_wconf 87' lang='lat' dir='ltr'><strong>quod</strong></span> <span class='ocrx_word' id='word_1_521' title='bbox 2553 2693 2676 2731; x_wconf 88' lang='lat' dir='ltr'><strong>eum</strong></span> <span class='ocrx_word' id='word_1_522' title='bbox 2713 2680 2895 2747; x_wconf 83' lang='lat' dir='ltr'><strong>templi</strong></span> <span class='ocrx_word' id='word_1_523' title='bbox 2949 2678 3114 2732; x_wconf 89' lang='lat' dir='ltr'><strong>Deum</strong></span> <span class='ocrx_word' id='word_1_524' title='bbox 3163 2682 3411 2735; x_wconf 85' lang='lat' dir='ltr'><strong>venerari</strong></span> 
     </span>
    </p>
   </div>
   <div class='ocr_carea' id='block_1_73' title="bbox 1848 2769 3414 2830">
    <p class='ocr_par' dir='ltr' id='par_1_73' title="bbox 1848 2769 3414 2830">
     <span class='ocr_line' id='line_1_73' title="bbox 1848 2769 3414 2830; baseline 0.003 -10"><span class='ocrx_word' id='word_1_525' title='bbox 1848 2771 2186 2829; x_wconf 87' lang='lat' dir='ltr'><strong>viderentur,</strong></span> <span class='ocrx_word' id='word_1_526' title='bbox 2239 2770 2290 2822; x_wconf 91' lang='lat' dir='ltr'><strong>id</strong></span> <span class='ocrx_word' id='word_1_527' title='bbox 2339 2777 2421 2822; x_wconf 58' lang='lat' dir='ltr'><strong>est</strong></span> <span class='ocrx_word' id='word_1_528' title='bbox 2471 2770 2706 2823; x_wconf 78' lang='lat' dir='ltr'><strong>universi</strong></span> <span class='ocrx_word' id='word_1_529' title='bbox 2756 2769 2941 2821; x_wconf 89' lang='lat' dir='ltr'><strong>mundi</strong></span> <span class='ocrx_word' id='word_1_530' title='bbox 2995 2769 3305 2830; x_wconf 89' lang='lat' dir='ltr'><strong>Dominum,</strong></span> <span class='ocrx_word' id='word_1_531' title='bbox 3345 2773 3414 2826; x_wconf 86' lang='lat' dir='ltr'><strong>ab</strong></span> 
     </span>
    </p>
   </div>
   <div class='ocr_carea' id='block_1_74' title="bbox 1850 2860 3412 2929">
    <p class='ocr_par' dir='ltr' id='par_1_74' title="bbox 1850 2860 3412 2929">
     <span class='ocr_line' id='line_1_74' title="bbox 1850 2860 3412 2929; baseline -0.001 -16"><span class='ocrx_word' id='word_1_532' title='bbox 1850 2861 2116 2914; x_wconf 91' lang='lat' dir='ltr'><strong>idolorum</strong></span> <span class='ocrx_word' id='word_1_533' title='bbox 2159 2869 2339 2912; x_wconf 90' lang='lat' dir='ltr'><strong>tamen</strong></span> <span class='ocrx_word' id='word_1_534' title='bbox 2382 2875 2490 2913; x_wconf 93' lang='lat' dir='ltr'><strong>non</strong></span> <span class='ocrx_word' id='word_1_535' title='bbox 2533 2860 2881 2913; x_wconf 87' lang='lat' dir='ltr'><strong>abstinebant</strong></span> <span class='ocrx_word' id='word_1_536' title='bbox 2914 2861 3196 2929; x_wconf 88' lang='lat' dir='ltr'><strong>obsequio.</strong></span> <span class='ocrx_word' id='word_1_537' title='bbox 3245 2860 3412 2915; x_wconf 88' lang='lat' dir='ltr'><strong>Porro</strong></span> 
     </span>
    </p>
   </div>
   <div class='ocr_carea' id='block_1_75' title="bbox 1850 2950 3415 3020">
    <p class='ocr_par' dir='ltr' id='par_1_75' title="bbox 1850 2950 3415 3020">
     <span class='ocr_line' id='line_1_75' title="bbox 1850 2950 3415 3020; baseline -0.001 -16"><span class='ocrx_word' id='word_1_538' title='bbox 1850 2951 2012 3020; x_wconf 85' lang='lat' dir='ltr'><strong>hujus</strong></span> <span class='ocrx_word' id='word_1_539' title='bbox 2063 2951 2188 3003; x_wconf 89' lang='lat' dir='ltr'><strong>idoli</strong></span> <span class='ocrx_word' id='word_1_540' title='bbox 2235 2951 2424 3004; x_wconf 86' lang='lat' dir='ltr'><strong>beatus</strong></span> <span class='ocrx_word' id='word_1_541' title='bbox 2451 2965 2668 3018; x_wconf 87' lang='lat' dir='ltr'><strong>quoque</strong></span> <span class='ocrx_word' id='word_1_542' title='bbox 2718 2950 2962 3002; x_wconf 89' lang='lat' dir='ltr'><strong>meminit</strong></span> <span class='ocrx_word' id='word_1_543' title='bbox 3007 2952 3240 3005; x_wconf 86' lang='lat' dir='ltr'><strong>Amosus</strong></span> <span class='ocrx_word' id='word_1_544' title='bbox 3287 2967 3415 3018; x_wconf 91' lang='lat' dir='ltr'><strong>pro-</strong></span> 
     </span>
    </p>
   </div>
   <div class='ocr_carea' id='block_1_76' title="bbox 1847 3037 3413 3108">
    <p class='ocr_par' dir='ltr' id='par_1_76' title="bbox 1847 3037 3413 3108">
     <span class='ocr_line' id='line_1_76' title="bbox 1847 3037 3413 3108; baseline 0 -16"><span class='ocrx_word' id='word_1_545' title='bbox 1847 3041 2031 3108; x_wconf 85' lang='lat' dir='ltr'><strong>pheta,</strong></span> <span class='ocrx_word' id='word_1_546' title='bbox 2069 3054 2166 3092; x_wconf 83' lang='lat' dir='ltr'><strong>eeu</strong></span> <span class='ocrx_word' id='word_1_547' title='bbox 2204 3039 2272 3091; x_wconf 89' lang='lat' dir='ltr'><strong>ab</strong></span> <span class='ocrx_word' id='word_1_548' title='bbox 2317 3039 2638 3090; x_wconf 81' lang='lat' dir='ltr'><strong>Ammanitis</strong></span> <span class='ocrx_word' id='word_1_549' title='bbox 2667 3039 2896 3090; x_wconf 87' lang='lat' dir='ltr'><strong>adorati.</strong></span> <span class='ocrx_word' id='word_1_550' title='bbox 2949 3037 3086 3091; x_wconf 91' lang='lat' dir='ltr'><strong>Dieit</strong></span> <span class='ocrx_word' id='word_1_551' title='bbox 3129 3041 3309 3093; x_wconf 89' lang='lat' dir='ltr'><strong>enim:</strong></span> <span class='ocrx_word' id='word_1_552' title='bbox 3347 3039 3413 3092; x_wconf 77' lang='lat' dir='ltr'><strong>Et</strong></span> 
     </span>
    </p>
   </div>
   <div class='ocr_carea' id='block_1_77' title="bbox 1847 3129 3413 3198">
    <p class='ocr_par' dir='ltr' id='par_1_77' title="bbox 1847 3129 3413 3198">
     <span class='ocr_line' id='line_1_77' title="bbox 1847 3129 3413 3198; baseline 0.001 -17"><span class='ocrx_word' id='word_1_553' title='bbox 1847 3130 1993 3183; x_wconf 76' lang='lat' dir='ltr'><strong>vadit</strong></span> <span class='ocrx_word' id='word_1_554' title='bbox 2024 3129 2287 3183; x_wconf 80' lang='lat' dir='ltr'><strong>Melchum</strong></span> <span class='ocrx_word' id='word_1_555' title='bbox 2320 3132 2371 3182; x_wconf 94' lang='lat' dir='ltr'><strong>in</strong></span> <span class='ocrx_word' id='word_1_556' title='bbox 2403 3131 2794 3198; x_wconf 81' lang='lat' dir='ltr'><strong>captivitatem,</strong></span> <span class='ocrx_word' id='word_1_557' title='bbox 2819 3129 3046 3197; x_wconf 89' lang='lat' dir='ltr'><strong>ejusque</strong></span> <span class='ocrx_word' id='word_1_558' title='bbox 3074 3131 3413 3190; x_wconf 84' lang='lat' dir='ltr'><strong>sacerdotes.</strong></span> 
     </span>
    </p>
   </div>
   <div class='ocr_carea' id='block_1_78' title="bbox 1845 3218 3414 3289">
    <p class='ocr_par' dir='ltr' id='par_1_78' title="bbox 1845 3218 3414 3289">
     <span class='ocr_line' id='line_1_78' title="bbox 1845 3218 3414 3289; baseline -0.003 -14"><span class='ocrx_word' id='word_1_559' title='bbox 1845 3229 1899 3275; x_wconf 87' lang='lat' dir='ltr'><strong>et</strong></span> <span class='ocrx_word' id='word_1_560' title='bbox 1934 3221 2211 3289; x_wconf 86' lang='lat' dir='ltr'><strong>principes</strong></span> <span class='ocrx_word' id='word_1_561' title='bbox 2250 3221 2432 3287; x_wconf 90' lang='lat' dir='ltr'><strong>populi</strong></span> <span class='ocrx_word' id='word_1_562' title='bbox 2480 3220 2663 3281; x_wconf 91' lang='lat' dir='ltr'><strong>simul,</strong></span> <span class='ocrx_word' id='word_1_563' title='bbox 2711 3220 2843 3271; x_wconf 87' lang='lat' dir='ltr'><strong>dicit</strong></span> <span class='ocrx_word' id='word_1_564' title='bbox 2873 3218 3154 3273; x_wconf 89' lang='lat' dir='ltr'><strong>Dominus.</strong></span> <span class='ocrx_word' id='word_1_565' title='bbox 3193 3220 3304 3272; x_wconf 86' lang='lat' dir='ltr'><strong>lloc</strong></span> <span class='ocrx_word' id='word_1_566' title='bbox 3332 3219 3414 3272; x_wconf 88' lang='lat' dir='ltr'><strong>di-</strong></span> 
     </span>
    </p>
   </div>
   <div class='ocr_carea' id='block_1_79' title="bbox 1845 3310 3412 3382">
    <p class='ocr_par' dir='ltr' id='par_1_79' title="bbox 1845 3310 3412 3382">
     <span class='ocr_line' id='line_1_79' title="bbox 1845 3310 3412 3382; baseline -0.003 -13"><span class='ocrx_word' id='word_1_567' title='bbox 1845 3330 1999 3377; x_wconf 86' lang='lat' dir='ltr'><strong>cens,</strong></span> <span class='ocrx_word' id='word_1_568' title='bbox 2027 3313 2172 3382; x_wconf 91' lang='lat' dir='ltr'><strong>quod</strong></span> <span class='ocrx_word' id='word_1_569' title='bbox 2212 3327 2583 3380; x_wconf 61' lang='lat' dir='ltr'><strong>saepenumero</strong></span> <span class='ocrx_word' id='word_1_570' title='bbox 2618 3310 2760 3379; x_wconf 90' lang='lat' dir='ltr'><strong>apud</strong></span> <span class='ocrx_word' id='word_1_571' title='bbox 2788 3311 3078 3378; x_wconf 84' lang='lat' dir='ltr'><strong>prophetas</strong></span> <span class='ocrx_word' id='word_1_572' title='bbox 3106 3311 3281 3378; x_wconf 81' lang='lat' dir='ltr'><strong>legere</strong></span> <span class='ocrx_word' id='word_1_573' title='bbox 3309 3322 3412 3372; x_wconf 82' lang='lat' dir='ltr'><strong>est,</strong></span> 
     </span>
    </p>
   </div>
   <div class='ocr_carea' id='block_1_80' title="bbox 1845 3399 3414 3476">
    <p class='ocr_par' dir='ltr' id='par_1_80' title="bbox 1845 3399 3414 3476">
     <span class='ocr_line' id='line_1_80' title="bbox 1845 3399 3414 3476; baseline -0.004 -17"><span class='ocrx_word' id='word_1_574' title='bbox 1845 3406 1991 3476; x_wconf 89' lang='lat' dir='ltr'><strong>quod</strong></span> <span class='ocrx_word' id='word_1_575' title='bbox 2024 3419 2217 3472; x_wconf 88' lang='lat' dir='ltr'><strong>nempe</strong></span> <span class='ocrx_word' id='word_1_576' title='bbox 2243 3402 2486 3471; x_wconf 88' lang='lat' dir='ltr'><strong>qualibet</strong></span> <span class='ocrx_word' id='word_1_577' title='bbox 2533 3416 2598 3454; x_wconf 86' lang='lat' dir='ltr'><strong>ex</strong></span> <span class='ocrx_word' id='word_1_578' title='bbox 2646 3399 3041 3469; x_wconf 79' lang='lat' dir='ltr'><strong>indignatione.</strong></span> <span class='ocrx_word' id='word_1_579' title='bbox 3086 3400 3414 3468; x_wconf 83' lang='lat' dir='ltr'><strong>imponenda</strong></span> 
     </span>
    </p>
   </div>
   <div class='ocr_carea' id='block_1_81' title="bbox 1847 3491 3416 3565">
    <p class='ocr_par' dir='ltr' id='par_1_81' title="bbox 1847 3491 3416 3565">
     <span class='ocr_line' id='line_1_81' title="bbox 1847 3491 3416 3565; baseline -0.006 -14"><span class='ocrx_word' id='word_1_580' title='bbox 1847 3495 2171 3565; x_wconf 80' lang='lat' dir='ltr'><strong>alienigenis</strong></span> <span class='ocrx_word' id='word_1_581' title='bbox 2216 3508 2394 3564; x_wconf 77' lang='lat' dir='ltr'><strong>paena.</strong></span> <span class='ocrx_word' id='word_1_582' title='bbox 2425 3508 2598 3560; x_wconf 90' lang='lat' dir='ltr'><strong>usque</strong></span> <span class='ocrx_word' id='word_1_583' title='bbox 2622 3491 2689 3544; x_wconf 92' lang='lat' dir='ltr'><strong>ad</strong></span> <span class='ocrx_word' id='word_1_584' title='bbox 2720 3491 2863 3545; x_wconf 88' lang='lat' dir='ltr'><strong>idola</strong></span> <span class='ocrx_word' id='word_1_585' title='bbox 2895 3491 3203 3559; x_wconf 89' lang='lat' dir='ltr'><strong>horumque</strong></span> <span class='ocrx_word' id='word_1_586' title='bbox 3233 3506 3416 3544; x_wconf 82' lang='lat' dir='ltr'><strong>sacer--</strong></span> 
     </span>
    </p>
   </div>
   <div class='ocr_carea' id='block_1_82' title="bbox 1847 3578 3409 3645">
    <p class='ocr_par' dir='ltr' id='par_1_82' title="bbox 1847 3578 3409 3645">
     <span class='ocr_line' id='line_1_82' title="bbox 1847 3578 3409 3645; baseline -0.006 -5"><span class='ocrx_word' id='word_1_587' title='bbox 1847 3587 2008 3640; x_wconf 90' lang='lat' dir='ltr'><strong>dotes</strong></span> <span class='ocrx_word' id='word_1_588' title='bbox 2045 3583 2316 3636; x_wconf 89' lang='lat' dir='ltr'><strong>deveniet.</strong></span> <span class='ocrx_word' id='word_1_589' title='bbox 2353 3579 2508 3645; x_wconf 87' lang='lat' dir='ltr'><strong>Quod</strong></span> <span class='ocrx_word' id='word_1_590' title='bbox 2548 3587 2728 3632; x_wconf 90' lang='lat' dir='ltr'><strong>autem</strong></span> <span class='ocrx_word' id='word_1_591' title='bbox 2768 3594 2982 3631; x_wconf 90' lang='lat' dir='ltr'><strong>omnem</strong></span> <span class='ocrx_word' id='word_1_592' title='bbox 3014 3578 3283 3632; x_wconf 90' lang='lat' dir='ltr'><strong>idolorum</strong></span> <span class='ocrx_word' id='word_1_593' title='bbox 3320 3596 3409 3632; x_wconf 88' lang='lat' dir='ltr'><strong>su-</strong></span> 
     </span>
    </p>
   </div>
   <div class='ocr_carea' id='block_1_83' title="bbox 1846 3665 3412 3744">
    <p class='ocr_par' dir='ltr' id='par_1_83' title="bbox 1846 3665 3412 3744">
     <span class='ocr_line' id='line_1_83' title="bbox 1846 3665 3412 3744; baseline -0.004 -18"><span class='ocrx_word' id='word_1_594' title='bbox 1846 3674 2249 3744; x_wconf 83' lang='lat' dir='ltr'><strong>perstitionem,</strong></span> <span class='ocrx_word' id='word_1_595' title='bbox 2311 3686 2342 3723; x_wconf 88' lang='lat' dir='ltr'><strong>a</strong></span> <span class='ocrx_word' id='word_1_596' title='bbox 2389 3669 2552 3722; x_wconf 90' lang='lat' dir='ltr'><strong>cultis</strong></span> <span class='ocrx_word' id='word_1_597' title='bbox 2596 3666 2736 3736; x_wconf 89' lang='lat' dir='ltr'><strong>apud</strong></span> <span class='ocrx_word' id='word_1_598' title='bbox 2781 3667 3028 3721; x_wconf 88' lang='lat' dir='ltr'><strong>etlmicos</strong></span> <span class='ocrx_word' id='word_1_599' title='bbox 3074 3665 3412 3721; x_wconf 64' lang='lat' dir='ltr'><strong>daemonibus</strong></span> 
     </span>
    </p>
   </div>
   <div class='ocr_carea' id='block_1_84' title="bbox 1846 3757 3412 3826">
    <p class='ocr_par' dir='ltr' id='par_1_84' title="bbox 1846 3757 3412 3826">
     <span class='ocr_line' id='line_1_84' title="bbox 1846 3757 3412 3826; baseline -0.005 -7"><span class='ocrx_word' id='word_1_600' title='bbox 1846 3767 2102 3822; x_wconf 80' lang='lat' dir='ltr'><strong>lsraelitae</strong></span> <span class='ocrx_word' id='word_1_601' title='bbox 2159 3761 2555 3820; x_wconf 72' lang='lat' dir='ltr'><strong>contraxerint.</strong></span> <span class='ocrx_word' id='word_1_602' title='bbox 2618 3760 2958 3826; x_wconf 80' lang='lat' dir='ltr'><strong>exploratum</strong></span> <span class='ocrx_word' id='word_1_603' title='bbox 3029 3765 3134 3821; x_wconf 87' lang='lat' dir='ltr'><strong>est,</strong></span> <span class='ocrx_word' id='word_1_604' title='bbox 3197 3757 3412 3811; x_wconf 83' lang='lat' dir='ltr'><strong>dicente</strong></span> 
     </span>
    </p>
   </div>
   <div class='ocr_carea' id='block_1_85' title="bbox 1848 3845 3415 3914">
    <p class='ocr_par' dir='ltr' id='par_1_85' title="bbox 1848 3845 3415 3914">
     <span class='ocr_line' id='line_1_85' title="bbox 1848 3845 3415 3914; baseline -0.01 -3"><span class='ocrx_word' id='word_1_605' title='bbox 1848 3857 2005 3911; x_wconf 87' lang='lat' dir='ltr'><strong>beato</strong></span> <span class='ocrx_word' id='word_1_606' title='bbox 2022 3851 2313 3905; x_wconf 74' lang='lat' dir='ltr'><strong>Davide&quot;:</strong></span> <span class='ocrx_word' id='word_1_607' title='bbox 2357 3868 2375 3900; x_wconf 80' lang='grc' dir='ltr'><strong>ι</strong></span> <span class='ocrx_word' id='word_1_608' title='bbox 2397 3848 2460 3900; x_wconf 87' lang='lat' dir='ltr'><strong>Et</strong></span> <span class='ocrx_word' id='word_1_609' title='bbox 2483 3848 2752 3902; x_wconf 91' lang='lat' dir='ltr'><strong>commisti</strong></span> <span class='ocrx_word' id='word_1_610' title='bbox 2786 3855 2908 3900; x_wconf 89' lang='lat' dir='ltr'><strong>sunt</strong></span> <span class='ocrx_word' id='word_1_611' title='bbox 2948 3845 3087 3899; x_wconf 90' lang='lat' dir='ltr'><strong>inter</strong></span> <span class='ocrx_word' id='word_1_612' title='bbox 3117 3851 3326 3914; x_wconf 82' lang='lat' dir='ltr'><strong>gentes,</strong></span> <span class='ocrx_word' id='word_1_613' title='bbox 3358 3853 3415 3898; x_wconf 91' lang='lat' dir='ltr'><strong>et</strong></span> 
     </span>
    </p>
   </div>
   <div class='ocr_carea' id='block_1_86' title="bbox 1845 3933 3415 4009">
    <p class='ocr_par' dir='ltr' id='par_1_86' title="bbox 1845 3933 3415 4009">
     <span class='ocr_line' id='line_1_86' title="bbox 1845 3933 3415 4009; baseline -0.006 -11"><span class='ocrx_word' id='word_1_614' title='bbox 1845 3945 2149 3998; x_wconf 88' lang='lat' dir='ltr'><strong>didicerunt</strong></span> <span class='ocrx_word' id='word_1_615' title='bbox 2179 3955 2344 4009; x_wconf 84' lang='lat' dir='ltr'><strong>opera</strong></span> <span class='ocrx_word' id='word_1_616' title='bbox 2382 3953 2592 3998; x_wconf 90' lang='lat' dir='ltr'><strong>eorum,</strong></span> <span class='ocrx_word' id='word_1_617' title='bbox 2640 3943 2693 3990; x_wconf 88' lang='lat' dir='ltr'><strong>et</strong></span> <span class='ocrx_word' id='word_1_618' title='bbox 2719 3937 3028 3989; x_wconf 88' lang='lat' dir='ltr'><strong>servierunt</strong></span> <span class='ocrx_word' id='word_1_619' title='bbox 3067 3933 3415 4001; x_wconf 80' lang='lat' dir='ltr'><strong>sculptilibus</strong></span> 
     </span>
    </p>
   </div>
   <div class='ocr_carea' id='block_1_87' title="bbox 1847 4023 3410 4101">
    <p class='ocr_par' dir='ltr' id='par_1_87' title="bbox 1847 4023 3410 4101">
     <span class='ocr_line' id='line_1_87' title="bbox 1847 4023 3410 4101; baseline -0.01 -11"><span class='ocrx_word' id='word_1_620' title='bbox 1847 4049 2033 4090; x_wconf 91' lang='lat' dir='ltr'><strong>eorum</strong></span> <span class='ocrx_word' id='word_1_621' title='bbox 2056 4031 2312 4101; x_wconf 70' lang='lat' dir='ltr'><strong>;iquibus</strong></span> <span class='ocrx_word' id='word_1_622' title='bbox 2330 4028 2514 4084; x_wconf 83' lang='lat' dir='ltr'><strong>verbis</strong></span> <span class='ocrx_word' id='word_1_623' title='bbox 2533 4027 2870 4081; x_wconf 87' lang='lat' dir='ltr'><strong>demonstrat</strong></span> <span class='ocrx_word' id='word_1_624' title='bbox 2883 4023 3243 4077; x_wconf 88' lang='lat' dir='ltr'><strong>idololatriam</strong></span> <span class='ocrx_word' id='word_1_625' title='bbox 3259 4039 3410 4076; x_wconf 81' lang='lat' dir='ltr'><strong>suam</strong></span> 
     </span>
    </p>
   </div>
   <div class='ocr_carea' id='block_1_88' title="bbox 1848 4115 3414 4185">
    <p class='ocr_par' dir='ltr' id='par_1_88' title="bbox 1848 4115 3414 4185">
     <span class='ocr_line' id='line_1_88' title="bbox 1848 4115 3414 4185; baseline -0.009 -4"><span class='ocrx_word' id='word_1_626' title='bbox 1848 4127 2125 4182; x_wconf 87' lang='lat' dir='ltr'><strong>lsraelitas</strong></span> <span class='ocrx_word' id='word_1_627' title='bbox 2155 4123 2223 4177; x_wconf 91' lang='lat' dir='ltr'><strong>ab</strong></span> <span class='ocrx_word' id='word_1_628' title='bbox 2252 4121 2487 4177; x_wconf 86' lang='lat' dir='ltr'><strong>ethnicis</strong></span> <span class='ocrx_word' id='word_1_629' title='bbox 2511 4117 2895 4172; x_wconf 83' lang='lat' dir='ltr'><strong>condidicissc.</strong></span> <span class='ocrx_word' id='word_1_630' title='bbox 2943 4115 3066 4168; x_wconf 88' lang='lat' dir='ltr'><strong>Pari</strong></span> <span class='ocrx_word' id='word_1_631' title='bbox 3095 4131 3222 4185; x_wconf 80' lang='lat' dir='ltr'><strong>ergo</strong></span> <span class='ocrx_word' id='word_1_632' title='bbox 3253 4116 3414 4170; x_wconf 77' lang='lat' dir='ltr'><strong>modo</strong></span> 
     </span>
    </p>
   </div>
   <div class='ocr_carea' id='block_1_89' title="bbox 1851 4205 3414 4289">
    <p class='ocr_par' dir='ltr' id='par_1_89' title="bbox 1851 4205 3414 4289">
     <span class='ocr_line' id='line_1_89' title="bbox 1851 4205 3414 4289; baseline -0.011 -17"><span class='ocrx_word' id='word_1_633' title='bbox 1851 4226 2076 4289; x_wconf 88' lang='lat' dir='ltr'><strong>apparet</strong></span> <span class='ocrx_word' id='word_1_634' title='bbox 2103 4231 2198 4270; x_wconf 90' lang='lat' dir='ltr'><strong>eos</strong></span> <span class='ocrx_word' id='word_1_635' title='bbox 2223 4214 2370 4268; x_wconf 88' lang='lat' dir='ltr'><strong>circa</strong></span> <span class='ocrx_word' id='word_1_636' title='bbox 2401 4211 2630 4271; x_wconf 90' lang='lat' dir='ltr'><strong>idolum,</strong></span> <span class='ocrx_word' id='word_1_637' title='bbox 2661 4207 2804 4277; x_wconf 89' lang='lat' dir='ltr'><strong>quod</strong></span> <span class='ocrx_word' id='word_1_638' title='bbox 2839 4205 3102 4260; x_wconf 80' lang='lat' dir='ltr'><strong>Melchom</strong></span> <span class='ocrx_word' id='word_1_639' title='bbox 3127 4220 3414 4274; x_wconf 87' lang='lat' dir='ltr'><strong>nuncupa-</strong></span> 
     </span>
    </p>
   </div>
   <div class='ocr_carea' id='block_1_90' title="bbox 1851 4299 2887 4375">
    <p class='ocr_par' dir='ltr' id='par_1_90' title="bbox 1851 4299 2887 4375">
     <span class='ocr_line' id='line_1_90' title="bbox 1851 4299 2887 4375; baseline -0.014 -12"><span class='ocrx_word' id='word_1_640' title='bbox 1851 4312 2032 4370; x_wconf 88' lang='lat' dir='ltr'><strong>batur,</strong></span> <span class='ocrx_word' id='word_1_641' title='bbox 2071 4305 2513 4375; x_wconf 87' lang='lat' dir='ltr'><strong>supcrstitionem</strong></span> <span class='ocrx_word' id='word_1_642' title='bbox 2552 4299 2887 4354; x_wconf 79' lang='lat' dir='ltr'><strong>exercuisse.</strong></span> 
     </span>
    </p>
   </div>
   <div class='ocr_carea' id='block_1_91' title="bbox 246 4383 1741 4462">
    <p class='ocr_par' dir='ltr' id='par_1_91' title="bbox 246 4390 1741 4462">
     <span class='ocr_line' id='line_1_91' title="bbox 246 4390 1741 4462; baseline 0.001 -19"><span class='ocrx_word' id='word_1_643' title='bbox 246 4390 393 4460; x_wconf 88' lang='grc' dir='ltr'>Στίχ.</span> <span class='ocrx_word' id='word_1_644' title='bbox 426 4390 576 4454; x_wconf 80' lang='grc' dir='ltr'><strong>ς’-θ’.</strong></span> <span class='ocrx_word' id='word_1_645' title='bbox 623 4390 682 4441; x_wconf 89' lang='lat'><strong>&#39;0</strong></span> <span class='ocrx_word' id='word_1_646' title='bbox 733 4391 911 4460; x_wconf 85' lang='grc' dir='ltr'>μέντοι</span> <span class='ocrx_word' id='word_1_647' title='bbox 952 4407 1015 4458; x_wconf 91' lang='grc' dir='ltr'><strong>γε</strong></span> <span class='ocrx_word' id='word_1_648' title='bbox 1050 4391 1338 4460; x_wconf 85' lang='grc' dir='ltr'>προφήτης</span> <span class='ocrx_word' id='word_1_649' title='bbox 1367 4392 1478 4450; x_wconf 89' lang='grc' dir='ltr'>τοῖς</span> <span class='ocrx_word' id='word_1_650' title='bbox 1519 4391 1741 4462; x_wconf 80' lang='grc' dir='ltr'>εἰρημέ-</span> 
     </span>
    </p>
   </div>
   <div class='ocr_carea' id='block_1_92' title="bbox 1846 4383 3414 4462">
    <p class='ocr_par' dir='ltr' id='par_1_92' title="bbox 1924 4383 3414 4461">
     <span class='ocr_line' id='line_1_92' title="bbox 1924 4383 3414 4461; baseline -0.011 -10"><span class='ocrx_word' id='word_1_651' title='bbox 1924 4396 2084 4451; x_wconf 78' lang='lat' dir='ltr'><strong>Vsns.</strong></span> <span class='ocrx_word' id='word_1_652' title='bbox 2121 4395 2240 4447; x_wconf 87' lang='lat'><strong>6—9.</strong></span> <span class='ocrx_word' id='word_1_653' title='bbox 2269 4424 2338 4434; x_wconf 90' lang='lat'><strong>——</strong></span> <span class='ocrx_word' id='word_1_654' title='bbox 2367 4395 2479 4461; x_wconf 83' lang='lat' dir='ltr'><strong>Age</strong></span> <span class='ocrx_word' id='word_1_655' title='bbox 2513 4405 2643 4444; x_wconf 86' lang='lat' dir='ltr'><strong>vero</strong></span> <span class='ocrx_word' id='word_1_656' title='bbox 2679 4389 2938 4458; x_wconf 86' lang='lat' dir='ltr'><strong>propheta</strong></span> <span class='ocrx_word' id='word_1_657' title='bbox 2968 4393 3090 4454; x_wconf 91' lang='lat' dir='ltr'><strong>post</strong></span> <span class='ocrx_word' id='word_1_658' title='bbox 3125 4383 3414 4452; x_wconf 87' lang='lat' dir='ltr'><strong>superiora</strong></span> 
     </span>
    </p>
   </div>
   <div class='ocr_carea' id='block_1_93' title="bbox 172 4481 1743 4549">
    <p class='ocr_par' dir='ltr' id='par_1_93' title="bbox 172 4481 1743 4549">
     <span class='ocr_line' id='line_1_93' title="bbox 172 4481 1743 4549; baseline 0 -15"><span class='ocrx_word' id='word_1_659' title='bbox 172 4499 290 4544; x_wconf 87' lang='grc' dir='ltr'>νοις</span> <span class='ocrx_word' id='word_1_660' title='bbox 321 4482 489 4544; x_wconf 77' lang='grc' dir='ltr'>οὕτως</span> <span class='ocrx_word' id='word_1_661' title='bbox 525 4483 740 4549; x_wconf 86' lang='grc' dir='ltr'>ἐπάγει·</span> <span class='ocrx_word' id='word_1_662' title='bbox 791 4499 808 4529; x_wconf 80' lang='grc' dir='ltr'><strong>ι</strong></span> <span class='ocrx_word' id='word_1_663' title='bbox 859 4483 967 4534; x_wconf 73' lang='grc' dir='ltr'>Καὶ</span> <span class='ocrx_word' id='word_1_664' title='bbox 997 4482 1121 4543; x_wconf 86' lang='grc' dir='ltr'>τοὺς</span> <span class='ocrx_word' id='word_1_665' title='bbox 1152 4481 1490 4544; x_wconf 89' lang='grc' dir='ltr'>ἐκκλίνοντας</span> <span class='ocrx_word' id='word_1_666' title='bbox 1520 4483 1626 4535; x_wconf 70' lang='grc' dir='ltr'><strong>ἀπὸ</strong></span> <span class='ocrx_word' id='word_1_667' title='bbox 1650 4482 1743 4534; x_wconf 85' lang='grc' dir='ltr'><strong>τοῦ</strong></span> 
     </span>
    </p>
   </div>
   <div class='ocr_carea' id='block_1_94' title="bbox 173 4569 1746 4641">
    <p class='ocr_par' dir='ltr' id='par_1_94' title="bbox 173 4569 1746 4641">
     <span class='ocr_line' id='line_1_94' title="bbox 173 4569 1746 4641; baseline -0.001 -17"><span class='ocrx_word' id='word_1_668' title='bbox 173 4570 402 4641; x_wconf 82' lang='grc' dir='ltr'>Κυρίου,</span> <span class='ocrx_word' id='word_1_669' title='bbox 427 4569 519 4623; x_wconf 71' lang='grc' dir='ltr'><strong>καὶ</strong></span> <span class='ocrx_word' id='word_1_670' title='bbox 544 4572 667 4632; x_wconf 80' lang='grc' dir='ltr'>τοὺς</span> <span class='ocrx_word' id='word_1_671' title='bbox 702 4571 776 4641; x_wconf 81' lang='grc' dir='ltr'><strong>μή</strong></span> <span class='ocrx_word' id='word_1_672' title='bbox 808 4569 1101 4640; x_wconf 80' lang='grc' dir='ltr'>ζητοῦντας</span> <span class='ocrx_word' id='word_1_673' title='bbox 1128 4570 1216 4622; x_wconf 85' lang='grc' dir='ltr'><strong>τὸν</strong></span> <span class='ocrx_word' id='word_1_674' title='bbox 1243 4569 1466 4639; x_wconf 84' lang='grc' dir='ltr'>Κύριον,</span> <span class='ocrx_word' id='word_1_675' title='bbox 1504 4571 1596 4622; x_wconf 76' lang='grc' dir='ltr'><strong>καὶ</strong></span> <span class='ocrx_word' id='word_1_676' title='bbox 1623 4572 1746 4633; x_wconf 81' lang='grc' dir='ltr'>τοὺς</span> 
     </span>
    </p>
   </div>
   <div class='ocr_carea' id='block_1_95' title="bbox 176 4662 1746 4735">
    <p class='ocr_par' dir='ltr' id='par_1_95' title="bbox 176 4662 1746 4735">
     <span class='ocr_line' id='line_1_95' title="bbox 176 4662 1746 4735; baseline -0.003 -18"><span class='ocrx_word' id='word_1_677' title='bbox 176 4665 254 4735; x_wconf 81' lang='grc' dir='ltr'>μὴ</span> <span class='ocrx_word' id='word_1_678' title='bbox 294 4663 680 4733; x_wconf 77' lang='grc' dir='ltr'>ἀντεχομένους</span> <span class='ocrx_word' id='word_1_679' title='bbox 724 4663 816 4714; x_wconf 80' lang='grc' dir='ltr'><strong>τοῦ</strong></span> <span class='ocrx_word' id='word_1_680' title='bbox 861 4662 1084 4734; x_wconf 84' lang='grc' dir='ltr'>Κυρίου.</span> <span class='ocrx_word' id='word_1_681' title='bbox 1136 4680 1154 4712; x_wconf 71' lang='grc' dir='ltr'><strong>ι</strong></span> <span class='ocrx_word' id='word_1_682' title='bbox 1192 4662 1521 4731; x_wconf 85' lang='grc' dir='ltr'>Βουλόμενος</span> <span class='ocrx_word' id='word_1_683' title='bbox 1573 4663 1746 4714; x_wconf 76' lang='grc' dir='ltr'>εἰπεῖν</span> 
     </span>
    </p>
   </div>
   <div class='ocr_carea' id='block_1_96' title="bbox 169 4751 1746 4824">
    <p class='ocr_par' dir='ltr' id='par_1_96' title="bbox 169 4751 1746 4824">
     <span class='ocr_line' id='line_1_96' title="bbox 169 4751 1746 4824; baseline -0.003 -16"><span class='ocrx_word' id='word_1_684' title='bbox 169 4759 257 4809; x_wconf 85' lang='grc' dir='ltr'>ὅτι</span> <span class='ocrx_word' id='word_1_685' title='bbox 292 4754 401 4807; x_wconf 83' lang='grc' dir='ltr'><strong>ἀπὸ</strong></span> <span class='ocrx_word' id='word_1_686' title='bbox 443 4754 644 4807; x_wconf 87' lang='grc' dir='ltr'>τούτων</span> <span class='ocrx_word' id='word_1_687' title='bbox 677 4753 861 4824; x_wconf 85' lang='grc' dir='ltr'>δήλους</span> <span class='ocrx_word' id='word_1_688' title='bbox 899 4754 1121 4814; x_wconf 81' lang='grc' dir='ltr'>ἑαυτοὺς</span> <span class='ocrx_word' id='word_1_689' title='bbox 1155 4751 1478 4805; x_wconf 86' lang='grc' dir='ltr'>καθιστῶσιν</span> <span class='ocrx_word' id='word_1_690' title='bbox 1509 4752 1746 4823; x_wconf 84' lang='grc' dir='ltr'>ἀπηλλο-</span> 
     </span>
    </p>
   </div>
   <div class='ocr_carea' id='block_1_97' title="bbox 168 4843 1748 4917">
    <p class='ocr_par' dir='ltr' id='par_1_97' title="bbox 168 4843 1748 4917">
     <span class='ocr_line' id='line_1_97' title="bbox 168 4843 1748 4917; baseline -0.003 -17"><span class='ocrx_word' id='word_1_691' title='bbox 168 4845 509 4917; x_wconf 82' lang='grc' dir='ltr'>τριωμένους</span> <span class='ocrx_word' id='word_1_692' title='bbox 535 4844 810 4906; x_wconf 85' lang='grc' dir='ltr'>παντελῶς</span> <span class='ocrx_word' id='word_1_693' title='bbox 839 4845 935 4912; x_wconf 76' lang='grc' dir='ltr'>τῆς</span> <span class='ocrx_word' id='word_1_694' title='bbox 966 4844 1102 4913; x_wconf 83' lang='grc' dir='ltr'>ἐμῆς</span> <span class='ocrx_word' id='word_1_695' title='bbox 1130 4844 1339 4905; x_wconf 81' lang='grc' dir='ltr'>εὐνοίας</span> <span class='ocrx_word' id='word_1_696' title='bbox 1358 4883 1373 4904; x_wconf 94' lang='grc'><strong>,</strong></span> <span class='ocrx_word' id='word_1_697' title='bbox 1418 4843 1511 4895; x_wconf 79' lang='grc' dir='ltr'>καὶ</span> <span class='ocrx_word' id='word_1_698' title='bbox 1547 4843 1748 4912; x_wconf 87' lang='grc' dir='ltr'>μηδένα</span> 
     </span>
    </p>
   </div>
   <div class='ocr_carea' id='block_1_98' title="bbox 169 4931 1748 5002">
    <p class='ocr_par' dir='ltr' id='par_1_98' title="bbox 169 4931 1748 5002">
     <span class='ocr_line' id='line_1_98' title="bbox 169 4931 1748 5002; baseline -0.002 -16"><span class='ocrx_word' id='word_1_699' title='bbox 169 4935 334 5000; x_wconf 83' lang='grc' dir='ltr'>λόγον</span> <span class='ocrx_word' id='word_1_700' title='bbox 360 4933 637 4994; x_wconf 87' lang='grc' dir='ltr'>ἐθέλοντας</span> <span class='ocrx_word' id='word_1_701' title='bbox 658 4931 789 5002; x_wconf 87' lang='grc' dir='ltr'>ἐμοῦ</span> <span class='ocrx_word' id='word_1_702' title='bbox 801 4949 860 4984; x_wconf 90' lang='grc' dir='ltr'><strong>τε</strong></span> <span class='ocrx_word' id='word_1_703' title='bbox 878 4933 969 4984; x_wconf 81' lang='grc' dir='ltr'><strong>καὶ</strong></span> <span class='ocrx_word' id='word_1_704' title='bbox 991 4932 1098 4984; x_wconf 81' lang='grc' dir='ltr'>τῶν</span> <span class='ocrx_word' id='word_1_705' title='bbox 1115 4931 1236 5000; x_wconf 76' lang='grc' dir='ltr'>ἐμοὶ</span> <span class='ocrx_word' id='word_1_706' title='bbox 1259 4931 1557 4984; x_wconf 90' lang='grc' dir='ltr'>δοκούντων</span> <span class='ocrx_word' id='word_1_707' title='bbox 1580 4934 1748 4983; x_wconf 88' lang='grc' dir='ltr'>ποιεῖ-</span> 
     </span>
    </p>
   </div>
   <div class='ocr_carea' id='block_1_99' title="bbox 173 5020 1748 5094">
    <p class='ocr_par' dir='ltr' id='par_1_99' title="bbox 173 5020 1748 5094">
     <span class='ocr_line' id='line_1_99' title="bbox 173 5020 1748 5094; baseline -0.003 -16"><span class='ocrx_word' id='word_1_708' title='bbox 173 5026 323 5082; x_wconf 85' lang='grc' dir='ltr'>σθαι·</span> <span class='ocrx_word' id='word_1_709' title='bbox 357 5023 616 5094; x_wconf 90' lang='grc' dir='ltr'>πρόδηλον</span> <span class='ocrx_word' id='word_1_710' title='bbox 649 5023 756 5092; x_wconf 79' lang='grc' dir='ltr'><strong>γάρ</strong></span> <span class='ocrx_word' id='word_1_711' title='bbox 787 5023 859 5084; x_wconf 84' lang='grc' dir='ltr'>ὡς</span> <span class='ocrx_word' id='word_1_712' title='bbox 882 5023 978 5090; x_wconf 77' lang='grc' dir='ltr'>τῆς</span> <span class='ocrx_word' id='word_1_713' title='bbox 1015 5022 1154 5090; x_wconf 76' lang='grc' dir='ltr'>ἐμῆς</span> <span class='ocrx_word' id='word_1_714' title='bbox 1175 5020 1424 5088; x_wconf 89' lang='grc' dir='ltr'>γνώσεως</span> <span class='ocrx_word' id='word_1_715' title='bbox 1457 5022 1748 5091; x_wconf 84' lang='grc' dir='ltr'>ἀντεχόμε-</span> 
     </span>
    </p>
   </div>
   <div class='ocr_carea' id='block_1_100' title="bbox 172 5111 1747 5184">
    <p class='ocr_par' dir='ltr' id='par_1_100' title="bbox 172 5111 1747 5184">
     <span class='ocr_line' id='line_1_100' title="bbox 172 5111 1747 5184; baseline -0.004 -14"><span class='ocrx_word' id='word_1_716' title='bbox 172 5136 260 5173; x_wconf 91' lang='grc' dir='ltr'><strong>νοι</strong></span> <span class='ocrx_word' id='word_1_717' title='bbox 293 5115 548 5184; x_wconf 77' lang='grc' dir='ltr'>γνησίως,</span> <span class='ocrx_word' id='word_1_718' title='bbox 589 5113 687 5166; x_wconf 80' lang='grc' dir='ltr'>οὐκ</span> <span class='ocrx_word' id='word_1_719' title='bbox 719 5113 783 5166; x_wconf 85' lang='grc' dir='ltr'>ἄν</span> <span class='ocrx_word' id='word_1_720' title='bbox 813 5130 939 5164; x_wconf 84' lang='grc' dir='ltr'>ποτε</span> <span class='ocrx_word' id='word_1_721' title='bbox 970 5113 1267 5183; x_wconf 85' lang='grc' dir='ltr'>προσέσχον</span> <span class='ocrx_word' id='word_1_722' title='bbox 1297 5111 1553 5175; x_wconf 86' lang='grc' dir='ltr'>εἰδώλοις.</span> <span class='ocrx_word' id='word_1_723' title='bbox 1580 5113 1747 5182; x_wconf 87' lang='grc' dir='ltr'>Εἰρη-</span> 
     </span>
    </p>
   </div>
   <div class='ocr_carea' id='block_1_101' title="bbox 171 5202 1747 5271">
    <p class='ocr_par' dir='ltr' id='par_1_101' title="bbox 171 5202 1747 5271">
     <span class='ocr_line' id='line_1_101' title="bbox 171 5202 1747 5271; baseline -0.004 -10"><span class='ocrx_word' id='word_1_724' title='bbox 171 5207 292 5268; x_wconf 83' lang='grc' dir='ltr'><strong>κὼς</strong></span> <span class='ocrx_word' id='word_1_725' title='bbox 335 5203 392 5256; x_wconf 85' lang='grc' dir='ltr'>δὲ</span> <span class='ocrx_word' id='word_1_726' title='bbox 421 5203 636 5265; x_wconf 84' lang='grc' dir='ltr'>δικαίας</span> <span class='ocrx_word' id='word_1_727' title='bbox 678 5202 778 5270; x_wconf 85' lang='grc' dir='ltr'><strong>τῆς</strong></span> <span class='ocrx_word' id='word_1_728' title='bbox 821 5202 1086 5271; x_wconf 86' lang='grc' dir='ltr'>τιμωρίας</span> <span class='ocrx_word' id='word_1_729' title='bbox 1130 5202 1228 5264; x_wconf 79' lang='grc' dir='ltr'>τὰς</span> <span class='ocrx_word' id='word_1_730' title='bbox 1275 5203 1476 5265; x_wconf 81' lang='grc' dir='ltr'>αἰτίας,</span> <span class='ocrx_word' id='word_1_731' title='bbox 1523 5202 1747 5268; x_wconf 71' lang='grc' dir='ltr'>ἐπάγει*</span> 
     </span>
    </p>
   </div>
   <div class='ocr_carea' id='block_1_102' title="bbox 177 5290 1746 5362">
    <p class='ocr_par' dir='ltr' id='par_1_102' title="bbox 177 5290 1746 5362">
     <span class='ocr_line' id='line_1_102' title="bbox 177 5290 1746 5362; baseline -0.002 -15"><span class='ocrx_word' id='word_1_732' title='bbox 177 5315 196 5346; x_wconf 73' lang='grc' dir='ltr'><strong>ι</strong></span> <span class='ocrx_word' id='word_1_733' title='bbox 255 5292 586 5347; x_wconf 79' lang='grc' dir='ltr'>Εὐλασεῖσθε</span> <span class='ocrx_word' id='word_1_734' title='bbox 646 5292 753 5344; x_wconf 79' lang='grc' dir='ltr'>ἀπὸ</span> <span class='ocrx_word' id='word_1_735' title='bbox 816 5290 1107 5361; x_wconf 90' lang='grc' dir='ltr'>προσώπου</span> <span class='ocrx_word' id='word_1_736' title='bbox 1167 5291 1365 5362; x_wconf 86' lang='grc' dir='ltr'>Κυρίου</span> <span class='ocrx_word' id='word_1_737' title='bbox 1422 5291 1516 5344; x_wconf 89' lang='grc' dir='ltr'><strong>τοῦ</strong></span> <span class='ocrx_word' id='word_1_738' title='bbox 1571 5291 1706 5344; x_wconf 87' lang='grc' dir='ltr'>Θεοῦ</span> <span class='ocrx_word' id='word_1_739' title='bbox 1731 5332 1746 5357; x_wconf 94' lang='grc'><strong>,</strong></span> 
     </span>
    </p>
   </div>
   <div class='ocr_carea' id='block_1_103' title="bbox 171 5379 1748 5452">
    <p class='ocr_par' dir='ltr' id='par_1_103' title="bbox 171 5379 1748 5452">
     <span class='ocr_line' id='line_1_103' title="bbox 171 5379 1748 5452; baseline -0.004 -15"><span class='ocrx_word' id='word_1_740' title='bbox 171 5391 255 5452; x_wconf 89' lang='lat' dir='ltr'><strong>(p.</strong></span> <span class='ocrx_word' id='word_1_741' title='bbox 309 5382 436 5451; x_wconf 77' lang='lat'><strong>387)</strong></span> <span class='ocrx_word' id='word_1_742' title='bbox 468 5381 603 5434; x_wconf 84' lang='grc' dir='ltr'>διότι</span> <span class='ocrx_word' id='word_1_743' title='bbox 643 5381 808 5448; x_wconf 78' lang='grc' dir='ltr'>ἐγγὺς</span> <span class='ocrx_word' id='word_1_744' title='bbox 862 5379 1042 5451; x_wconf 78' lang='grc' dir='ltr'>ἡμέρα</span> <span class='ocrx_word' id='word_1_745' title='bbox 1081 5380 1320 5451; x_wconf 89' lang='grc' dir='ltr'>Κυρίου·</span> <span class='ocrx_word' id='word_1_746' title='bbox 1367 5380 1449 5432; x_wconf 86' lang='grc' dir='ltr'>ὃτι</span> <span class='ocrx_word' id='word_1_747' title='bbox 1486 5380 1748 5449; x_wconf 84' lang='grc' dir='ltr'>ἡτοίμασε</span> 
     </span>
    </p>
   </div>
   <div class='ocr_carea' id='block_1_104' title="bbox 171 5471 1748 5544">
    <p class='ocr_par' dir='ltr' id='par_1_104' title="bbox 171 5471 1748 5544">
     <span class='ocr_line' id='line_1_104' title="bbox 171 5471 1748 5544; baseline -0.004 -15"><span class='ocrx_word' id='word_1_748' title='bbox 171 5474 382 5544; x_wconf 87' lang='grc' dir='ltr'>Κύριος</span> <span class='ocrx_word' id='word_1_749' title='bbox 419 5473 516 5544; x_wconf 78' lang='grc' dir='ltr'>τὴν</span> <span class='ocrx_word' id='word_1_750' title='bbox 551 5471 740 5525; x_wconf 83' lang='grc' dir='ltr'>θυσίαν</span> <span class='ocrx_word' id='word_1_751' title='bbox 785 5472 947 5526; x_wconf 80' lang='grc' dir='ltr'>αὐτοῦ</span> <span class='ocrx_word' id='word_1_752' title='bbox 967 5514 980 5540; x_wconf 93' lang='grc'><strong>,</strong></span> <span class='ocrx_word' id='word_1_753' title='bbox 1008 5472 1202 5541; x_wconf 81' lang='grc' dir='ltr'>ήγίακε</span> <span class='ocrx_word' id='word_1_754' title='bbox 1235 5473 1358 5535; x_wconf 82' lang='grc' dir='ltr'>τοὺς</span> <span class='ocrx_word' id='word_1_755' title='bbox 1393 5471 1623 5542; x_wconf 80' lang='grc' dir='ltr'>κλητοὺς</span> <span class='ocrx_word' id='word_1_756' title='bbox 1652 5471 1748 5523; x_wconf 74' lang='grc' dir='ltr'>αύο</span> 
     </span>
    </p>
   </div>
   <div class='ocr_carea' id='block_1_105' title="bbox 287 5650 750 5716">
    <p class='ocr_par' dir='ltr' id='par_1_105' title="bbox 287 5650 750 5716">
     <span class='ocr_line' id='line_1_105' title="bbox 287 5650 750 5716; baseline -0.004 -12"><span class='ocrx_word' id='word_1_757' title='bbox 287 5653 330 5681; x_wconf 80' lang='grc'><strong>’⁸</strong></span> <span class='ocrx_word' id='word_1_758' title='bbox 359 5650 504 5705; x_wconf 81' lang='lat' dir='ltr'><strong>Psal.</strong></span> <span class='ocrx_word' id='word_1_759' title='bbox 538 5666 626 5716; x_wconf 71' lang='grc' dir='ltr'><strong>ιν,</strong></span> <span class='ocrx_word' id='word_1_760' title='bbox 660 5651 750 5705; x_wconf 78' lang='lat'><strong>55.</strong></span> 
     </span>
    </p>
   </div>
   <div class='ocr_carea' id='block_1_106' title="bbox 1847 4472 3412 4554">
    <p class='ocr_par' dir='ltr' id='par_1_106' title="bbox 1847 4472 3412 4554">
     <span class='ocr_line' id='line_1_106' title="bbox 1847 4472 3412 4554; baseline -0.01 -14"><span class='ocrx_word' id='word_1_761' title='bbox 1847 4487 1922 4540; x_wconf 88' lang='lat' dir='ltr'><strong>ita</strong></span> <span class='ocrx_word' id='word_1_762' title='bbox 1963 4486 2140 4554; x_wconf 88' lang='lat' dir='ltr'><strong>pergit</strong></span> <span class='ocrx_word' id='word_1_763' title='bbox 2172 4484 2424 4537; x_wconf 73' lang='lat' dir='ltr'><strong>dicerezc</strong></span> <span class='ocrx_word' id='word_1_764' title='bbox 2450 4480 2516 4533; x_wconf 89' lang='lat' dir='ltr'><strong>Et</strong></span> <span class='ocrx_word' id='word_1_765' title='bbox 2541 4495 2636 4534; x_wconf 89' lang='lat' dir='ltr'><strong>eos</strong></span> <span class='ocrx_word' id='word_1_766' title='bbox 2662 4483 2754 4547; x_wconf 88' lang='lat' dir='ltr'><strong>qui</strong></span> <span class='ocrx_word' id='word_1_767' title='bbox 2785 4476 3063 4530; x_wconf 88' lang='lat' dir='ltr'><strong>declinant</strong></span> <span class='ocrx_word' id='word_1_768' title='bbox 3097 4489 3126 4526; x_wconf 92' lang='lat' dir='ltr'><strong>a</strong></span> <span class='ocrx_word' id='word_1_769' title='bbox 3164 4472 3412 4531; x_wconf 84' lang='lat' dir='ltr'><strong>Domino.</strong></span> 
     </span>
    </p>
   </div>
   <div class='ocr_carea' id='block_1_107' title="bbox 1847 4561 3418 4646">
    <p class='ocr_par' dir='ltr' id='par_1_107' title="bbox 1847 4561 3418 4646">
     <span class='ocr_line' id='line_1_107' title="bbox 1847 4561 3418 4646; baseline -0.011 -15"><span class='ocrx_word' id='word_1_770' title='bbox 1847 4587 1900 4632; x_wconf 90' lang='lat' dir='ltr'><strong>et</strong></span> <span class='ocrx_word' id='word_1_771' title='bbox 1929 4578 2020 4646; x_wconf 90' lang='lat' dir='ltr'><strong>qui</strong></span> <span class='ocrx_word' id='word_1_772' title='bbox 2057 4591 2168 4629; x_wconf 85' lang='lat' dir='ltr'><strong>non</strong></span> <span class='ocrx_word' id='word_1_773' title='bbox 2197 4581 2443 4642; x_wconf 65' lang='lat' dir='ltr'><strong>quaerunt</strong></span> <span class='ocrx_word' id='word_1_774' title='bbox 2482 4570 2806 4628; x_wconf 87' lang='lat' dir='ltr'><strong>Dominum,</strong></span> <span class='ocrx_word' id='word_1_775' title='bbox 2839 4573 2893 4619; x_wconf 88' lang='lat' dir='ltr'><strong>et</strong></span> <span class='ocrx_word' id='word_1_776' title='bbox 2919 4565 3010 4633; x_wconf 89' lang='lat' dir='ltr'><strong>qui</strong></span> <span class='ocrx_word' id='word_1_777' title='bbox 3045 4579 3149 4615; x_wconf 87' lang='lat' dir='ltr'><strong>non</strong></span> <span class='ocrx_word' id='word_1_778' title='bbox 3181 4561 3418 4615; x_wconf 87' lang='lat' dir='ltr'><strong>retinent</strong></span> 
     </span>
    </p>
   </div>
   <div class='ocr_carea' id='block_1_108' title="bbox 1850 4650 3412 4730">
    <p class='ocr_par' dir='ltr' id='par_1_108' title="bbox 1850 4650 3412 4730">
     <span class='ocr_line' id='line_1_108' title="bbox 1850 4650 3412 4730; baseline -0.013 -8"><span class='ocrx_word' id='word_1_779' title='bbox 1850 4667 2158 4721; x_wconf 90' lang='lat' dir='ltr'><strong>Dominum.</strong></span> <span class='ocrx_word' id='word_1_780' title='bbox 2190 4681 2208 4713; x_wconf 74' lang='grc' dir='ltr'><strong>ι</strong></span> <span class='ocrx_word' id='word_1_781' title='bbox 2241 4660 2572 4730; x_wconf 85' lang='lat' dir='ltr'><strong>Signiﬁcans</strong></span> <span class='ocrx_word' id='word_1_782' title='bbox 2604 4657 2860 4711; x_wconf 90' lang='lat' dir='ltr'><strong>nimirum</strong></span> <span class='ocrx_word' id='word_1_783' title='bbox 2885 4691 2900 4714; x_wconf 91' lang='lat'><strong>,</strong></span> <span class='ocrx_word' id='word_1_784' title='bbox 2935 4668 3030 4706; x_wconf 88' lang='lat' dir='ltr'><strong>eos</strong></span> <span class='ocrx_word' id='word_1_785' title='bbox 3059 4652 3132 4704; x_wconf 90' lang='lat' dir='ltr'><strong>ita</strong></span> <span class='ocrx_word' id='word_1_786' title='bbox 3170 4650 3412 4719; x_wconf 85' lang='lat' dir='ltr'><strong>agendo,</strong></span> 
     </span>
    </p>
   </div>
   <div class='ocr_carea' id='block_1_109' title="bbox 1851 4739 3418 4804">
    <p class='ocr_par' dir='ltr' id='par_1_109' title="bbox 1851 4739 3418 4804">
     <span class='ocr_line' id='line_1_109' title="bbox 1851 4739 3418 4804; baseline -0.009 0"><span class='ocrx_word' id='word_1_787' title='bbox 1851 4749 2142 4804; x_wconf 86' lang='lat' dir='ltr'><strong>manifeste</strong></span> <span class='ocrx_word' id='word_1_788' title='bbox 2181 4745 2472 4802; x_wconf 88' lang='lat' dir='ltr'><strong>ostendere</strong></span> <span class='ocrx_word' id='word_1_789' title='bbox 2510 4760 2569 4798; x_wconf 89' lang='lat' dir='ltr'><strong>se</strong></span> <span class='ocrx_word' id='word_1_790' title='bbox 2607 4743 2841 4796; x_wconf 89' lang='lat' dir='ltr'><strong>omnino</strong></span> <span class='ocrx_word' id='word_1_791' title='bbox 2881 4740 3088 4792; x_wconf 89' lang='lat' dir='ltr'><strong>alienos</strong></span> <span class='ocrx_word' id='word_1_792' title='bbox 3127 4739 3194 4791; x_wconf 90' lang='lat' dir='ltr'><strong>ab</strong></span> <span class='ocrx_word' id='word_1_793' title='bbox 3229 4753 3418 4791; x_wconf 81' lang='lat' dir='ltr'><strong>amore</strong></span> 
     </span>
    </p>
   </div>
   <div class='ocr_carea' id='block_1_110' title="bbox 1853 4824 3414 4903">
    <p class='ocr_par' dir='ltr' id='par_1_110' title="bbox 1853 4824 3414 4903">
     <span class='ocr_line' id='line_1_110' title="bbox 1853 4824 3414 4903; baseline -0.01 -11"><span class='ocrx_word' id='word_1_794' title='bbox 1853 4840 1947 4894; x_wconf 87' lang='lat' dir='ltr'><strong>Dei</strong></span> <span class='ocrx_word' id='word_1_795' title='bbox 1979 4879 1993 4900; x_wconf 93' lang='lat'><strong>,</strong></span> <span class='ocrx_word' id='word_1_796' title='bbox 2035 4837 2350 4903; x_wconf 87' lang='lat' dir='ltr'><strong>nullamque</strong></span> <span class='ocrx_word' id='word_1_797' title='bbox 2391 4833 2556 4899; x_wconf 85' lang='lat' dir='ltr'><strong>hujus</strong></span> <span class='ocrx_word' id='word_1_798' title='bbox 2586 4873 2600 4895; x_wconf 92' lang='lat'><strong>,</strong></span> <span class='ocrx_word' id='word_1_799' title='bbox 2640 4837 2694 4882; x_wconf 89' lang='lat' dir='ltr'><strong>et</strong></span> <span class='ocrx_word' id='word_1_800' title='bbox 2733 4834 3129 4897; x_wconf 64' lang='lat' dir='ltr'><strong>praeceptorum</strong></span> <span class='ocrx_word' id='word_1_801' title='bbox 3169 4824 3414 4890; x_wconf 80' lang='lat' dir='ltr'><strong>eiusdem</strong></span> 
     </span>
    </p>
   </div>
   <div class='ocr_carea' id='block_1_111' title="bbox 1849 4913 3414 4990">
    <p class='ocr_par' dir='ltr' id='par_1_111' title="bbox 1849 4913 3414 4990">
     <span class='ocr_line' id='line_1_111' title="bbox 1849 4913 3414 4990; baseline -0.01 -6"><span class='ocrx_word' id='word_1_802' title='bbox 1849 4931 2053 4984; x_wconf 88' lang='lat' dir='ltr'><strong>habere</strong></span> <span class='ocrx_word' id='word_1_803' title='bbox 2104 4927 2390 4980; x_wconf 85' lang='lat' dir='ltr'><strong>rationem.</strong></span> <span class='ocrx_word' id='word_1_804' title='bbox 2443 4921 2800 4990; x_wconf 87' lang='lat' dir='ltr'><strong>Perspicuum</strong></span> <span class='ocrx_word' id='word_1_805' title='bbox 2837 4928 2920 4972; x_wconf 86' lang='lat' dir='ltr'><strong>est</strong></span> <span class='ocrx_word' id='word_1_806' title='bbox 2965 4918 3146 4977; x_wconf 89' lang='lat' dir='ltr'><strong>enim,</strong></span> <span class='ocrx_word' id='word_1_807' title='bbox 3183 4913 3329 4982; x_wconf 92' lang='lat' dir='ltr'><strong>quod</strong></span> <span class='ocrx_word' id='word_1_808' title='bbox 3367 4915 3414 4969; x_wconf 88' lang='lat' dir='ltr'><strong>si</strong></span> 
     </span>
    </p>
   </div>
   <div class='ocr_carea' id='block_1_112' title="bbox 1850 5005 3413 5075">
    <p class='ocr_par' dir='ltr' id='par_1_112' title="bbox 1850 5005 3413 5075">
     <span class='ocr_line' id='line_1_112' title="bbox 1850 5005 3413 5075; baseline -0.01 -2"><span class='ocrx_word' id='word_1_809' title='bbox 1850 5019 2077 5073; x_wconf 88' lang='lat' dir='ltr'><strong>ﬁdeliter</strong></span> <span class='ocrx_word' id='word_1_810' title='bbox 2108 5014 2397 5070; x_wconf 82' lang='lat' dir='ltr'><strong>scientiam</strong></span> <span class='ocrx_word' id='word_1_811' title='bbox 2428 5011 2532 5066; x_wconf 89' lang='lat' dir='ltr'><strong>mei</strong></span> <span class='ocrx_word' id='word_1_812' title='bbox 2565 5012 2862 5064; x_wconf 87' lang='lat' dir='ltr'><strong>retinerent</strong></span> <span class='ocrx_word' id='word_1_813' title='bbox 2883 5047 2898 5069; x_wconf 90' lang='lat'><strong>,</strong></span> <span class='ocrx_word' id='word_1_814' title='bbox 2928 5020 3272 5075; x_wconf 87' lang='lat' dir='ltr'><strong>nequaquam</strong></span> <span class='ocrx_word' id='word_1_815' title='bbox 3300 5005 3413 5059; x_wconf 84' lang='lat' dir='ltr'><strong>ido-</strong></span> 
     </span>
    </p>
   </div>
   <div class='ocr_carea' id='block_1_113' title="bbox 1847 5092 3418 5170">
    <p class='ocr_par' dir='ltr' id='par_1_113' title="bbox 1847 5092 3418 5170">
     <span class='ocr_line' id='line_1_113' title="bbox 1847 5092 3418 5170; baseline -0.008 -12"><span class='ocrx_word' id='word_1_816' title='bbox 1847 5107 1915 5162; x_wconf 92' lang='lat' dir='ltr'><strong>lis</strong></span> <span class='ocrx_word' id='word_1_817' title='bbox 1965 5105 2322 5159; x_wconf 71' lang='lat' dir='ltr'><strong>adhaarerent.</strong></span> <span class='ocrx_word' id='word_1_818' title='bbox 2366 5099 2529 5170; x_wconf 67' lang='grc'><strong>254,</strong></span> <span class='ocrx_word' id='word_1_819' title='bbox 2601 5097 2719 5151; x_wconf 88' lang='lat' dir='ltr'><strong>Jam</strong></span> <span class='ocrx_word' id='word_1_820' title='bbox 2756 5104 3041 5165; x_wconf 87' lang='lat' dir='ltr'><strong>postquam</strong></span> <span class='ocrx_word' id='word_1_821' title='bbox 3077 5094 3212 5147; x_wconf 78' lang='lat' dir='ltr'><strong>dixit</strong></span> <span class='ocrx_word' id='word_1_822' title='bbox 3255 5092 3418 5162; x_wconf 72' lang='lat' dir='ltr'><strong>justaa</strong></span> 
     </span>
    </p>
   </div>
   <div class='ocr_carea' id='block_1_114' title="bbox 1849 5183 3417 5257">
    <p class='ocr_par' dir='ltr' id='par_1_114' title="bbox 1849 5183 3417 5257">
     <span class='ocr_line' id='line_1_114' title="bbox 1849 5183 3417 5257; baseline -0.008 -9"><span class='ocrx_word' id='word_1_823' title='bbox 1849 5193 2341 5250; x_wconf 81' lang='lat' dir='ltr'><strong>animadversionis</strong></span> <span class='ocrx_word' id='word_1_824' title='bbox 2375 5204 2600 5244; x_wconf 88' lang='lat' dir='ltr'><strong>causam</strong></span> <span class='ocrx_word' id='word_1_825' title='bbox 2626 5227 2640 5250; x_wconf 93' lang='lat'><strong>,</strong></span> <span class='ocrx_word' id='word_1_826' title='bbox 2679 5185 3102 5257; x_wconf 69' lang='lat' dir='ltr'><strong>prosequiturzi</strong></span> <span class='ocrx_word' id='word_1_827' title='bbox 3140 5183 3352 5237; x_wconf 83' lang='lat' dir='ltr'><strong>Timete</strong></span> <span class='ocrx_word' id='word_1_828' title='bbox 3387 5199 3417 5236; x_wconf 90' lang='lat' dir='ltr'><strong>a</strong></span> 
     </span>
    </p>
   </div>
   <div class='ocr_carea' id='block_1_115' title="bbox 1852 5273 3417 5349">
    <p class='ocr_par' dir='ltr' id='par_1_115' title="bbox 1852 5273 3417 5349">
     <span class='ocr_line' id='line_1_115' title="bbox 1852 5273 3417 5349; baseline -0.01 -10"><span class='ocrx_word' id='word_1_829' title='bbox 1852 5286 1992 5340; x_wconf 83' lang='lat' dir='ltr'><strong>facie</strong></span> <span class='ocrx_word' id='word_1_830' title='bbox 2025 5283 2238 5339; x_wconf 88' lang='lat' dir='ltr'><strong>Domini</strong></span> <span class='ocrx_word' id='word_1_831' title='bbox 2270 5282 2399 5345; x_wconf 90' lang='lat' dir='ltr'><strong>Dei,</strong></span> <span class='ocrx_word' id='word_1_832' title='bbox 2431 5280 2559 5349; x_wconf 89' lang='lat' dir='ltr'><strong>quia</strong></span> <span class='ocrx_word' id='word_1_833' title='bbox 2587 5293 2755 5348; x_wconf 89' lang='lat' dir='ltr'><strong>prope</strong></span> <span class='ocrx_word' id='word_1_834' title='bbox 2787 5283 2873 5330; x_wconf 87' lang='lat' dir='ltr'><strong>est</strong></span> <span class='ocrx_word' id='word_1_835' title='bbox 2901 5275 3018 5329; x_wconf 87' lang='lat' dir='ltr'><strong>dies</strong></span> <span class='ocrx_word' id='word_1_836' title='bbox 3044 5273 3258 5328; x_wconf 89' lang='lat' dir='ltr'><strong>Domini</strong></span> <span class='ocrx_word' id='word_1_837' title='bbox 3282 5273 3375 5327; x_wconf 88' lang='lat' dir='ltr'><strong>Dei</strong></span> <span class='ocrx_word' id='word_1_838' title='bbox 3403 5313 3417 5338; x_wconf 92' lang='lat'><strong>,</strong></span> 
     </span>
    </p>
   </div>
   <div class='ocr_carea' id='block_1_116' title="bbox 1857 5364 3419 5447">
    <p class='ocr_par' dir='ltr' id='par_1_116' title="bbox 1857 5364 3419 5447">
     <span class='ocr_line' id='line_1_116' title="bbox 1857 5364 3419 5447; baseline -0.01 -16"><span class='ocrx_word' id='word_1_839' title='bbox 1857 5377 1985 5447; x_wconf 86' lang='lat' dir='ltr'><strong>quia</strong></span> <span class='ocrx_word' id='word_1_840' title='bbox 2018 5375 2233 5447; x_wconf 86' lang='lat' dir='ltr'><strong>paravit</strong></span> <span class='ocrx_word' id='word_1_841' title='bbox 2266 5373 2529 5428; x_wconf 90' lang='lat' dir='ltr'><strong>Dominus</strong></span> <span class='ocrx_word' id='word_1_842' title='bbox 2575 5370 2812 5423; x_wconf 88' lang='lat' dir='ltr'><strong>hostiam</strong></span> <span class='ocrx_word' id='word_1_843' title='bbox 2847 5381 3002 5422; x_wconf 89' lang='lat' dir='ltr'><strong>suam</strong></span> <span class='ocrx_word' id='word_1_844' title='bbox 3025 5405 3040 5429; x_wconf 89' lang='lat'><strong>,</strong></span> <span class='ocrx_word' id='word_1_845' title='bbox 3073 5372 3129 5418; x_wconf 88' lang='lat' dir='ltr'><strong>et</strong></span> <span class='ocrx_word' id='word_1_846' title='bbox 3173 5364 3419 5420; x_wconf 88' lang='lat' dir='ltr'><strong>sanctiﬁ-</strong></span> 
     </span>
    </p>
   </div>
   <div class='ocr_carea' id='block_1_117' title="bbox 1852 5453 3422 5531">
    <p class='ocr_par' dir='ltr' id='par_1_117' title="bbox 1852 5453 3422 5531">
     <span class='ocr_line' id='line_1_117' title="bbox 1852 5453 3422 5531; baseline -0.009 -8"><span class='ocrx_word' id='word_1_847' title='bbox 1852 5469 2001 5523; x_wconf 84' lang='lat' dir='ltr'><strong>cavit</strong></span> <span class='ocrx_word' id='word_1_848' title='bbox 2040 5474 2263 5522; x_wconf 77' lang='lat' dir='ltr'><strong>vocatos</strong></span> <span class='ocrx_word' id='word_1_849' title='bbox 2301 5479 2454 5520; x_wconf 86' lang='lat' dir='ltr'><strong>suos.</strong></span> <span class='ocrx_word' id='word_1_850' title='bbox 2489 5483 2505 5515; x_wconf 80' lang='grc' dir='ltr'><strong>ι</strong></span> <span class='ocrx_word' id='word_1_851' title='bbox 2537 5461 2644 5520; x_wconf 74' lang='lat' dir='ltr'><strong>Sed</strong></span> <span class='ocrx_word' id='word_1_852' title='bbox 2695 5460 2952 5531; x_wconf 84' lang='lat' dir='ltr'><strong>quoniam</strong></span> <span class='ocrx_word' id='word_1_853' title='bbox 3012 5457 3178 5512; x_wconf 89' lang='lat' dir='ltr'><strong>Deum</strong></span> <span class='ocrx_word' id='word_1_854' title='bbox 3233 5453 3422 5525; x_wconf 80' lang='lat' dir='ltr'><strong>negle-</strong></span> 
     </span>
    </p>
   </div>
  </div>
