3844 6222
415 261 520 318 455

1598 259 1949 317 THEODORI
1989 257 2473 316 MOPSUESTENI

3561 257 3675 315 453

421 382 614 447 sistis,
645 380 967 438 necessario
995 391 1142 432 nunc
1179 375 1449 431 timebitis
1479 377 1846 430 universalem
1885 375 1988 428 Do~

2093 374 2201 427 τοῦ.
2243 393 2261 425 ι
2311 373 2448 426 Ἀλλ’
2479 371 2666 442 ἐπειδὴ
2697 369 2910 441 ἀμελῶς
2953 371 3079 444 περὶ
3105 371 3165 425 τὸ
3191 372 3344 425 Θεῖον
3375 373 3678 444 ἐσχήκατε,

421 474 627 527 minum
649 514 664 538 ,
694 489 818 527 cum
851 471 1068 540 dignam
1097 482 1312 538 poenam
1342 466 1582 535 peccatis
1604 468 1802 522 vestris
1821 467 1994 534 impo-

421 562 664 618 net.Non
704 563 847 616 enim
888 562 1036 613 abest
1076 567 1293 626 tempus
1332 555 1493 620 illud,
1535 557 1647 609 imo
1685 557 1992 625 proximum

417 664 502 706 rst
525 693 540 719 ,
573 667 682 720 quo
713 669 809 706 vos
847 650 1100 704 hosﬁbus
1131 647 1287 717 quasi
1321 646 1572 700 victimas
1599 648 1777 700 tradet
1808 663 1821 699 :
1854 660 1994 714 quos

417 745 510 798 ille
563 746 749 798 hostes
801 741 1025 811 proprio
1071 738 1331 793 mandato
1381 736 1450 790 ad
1499 737 1604 791 hoc
1635 737 1797 806 elegit
1824 750 1992 790 voca-

416 835 626 900 vitque.
679 832 735 886 Id
783 833 928 884 enim
978 828 1292 896 signiﬁcant
1341 829 1544 893 verba,
1575 845 1594 878 ι
1630 825 1995 882 sanctiﬁcavit

418 931 645 977 vocatos
693 937 826 976 suos
853 961 867 985 ,
896 939 914 972 ι
947 921 1104 989 quasi
1154 920 1302 972 dicat
1357 919 1561 972 habere
1607 933 1667 972 se
1697 918 1812 986 jam
1845 916 1994 970 dele-

419 1021 572 1074 ctos,
605 1026 749 1080 quos
781 1010 847 1063 ad
888 1009 1030 1062 hanc
1064 1009 1300 1062 hostiam
1343 1006 1690 1060 maetandam
1725 1005 1941 1060 vocavit
1975 1022 1990 1070 ;

420 1103 605 1157 hostes
632 1101 894 1155 nimirum
927 1100 1258 1168 intelligens.
1284 1097 1376 1166 qui
1408 1107 1460 1150 et
1487 1113 1582 1151 vos
1611 1096 1991 1150 immolabunt.

423 1212 442 1244 ι
478 1192 543 1245 Et
575 1193 682 1247 erit
723 1193 776 1244 in
819 1193 908 1246 die
944 1190 1142 1244 hostiae
1178 1188 1390 1241 Domini
1414 1226 1428 1250 ,
1461 1198 1514 1242 et
1557 1187 1793 1240 ulciscar
1829 1201 1994 1256 super

421 1285 704 1352 principes
724 1325 738 1344 ,
773 1290 826 1335 ct
855 1298 1023 1350 super
1054 1286 1276 1334 domum
1308 1280 1452 1347 regis
1477 1318 1490 1340 ,
1527 1287 1582 1332 et
1611 1294 1776 1347 super
1803 1292 1994 1333 omnes

419 1374 512 1443 qni
548 1373 723 1426 induti
759 1381 886 1428 sunt
915 1381 1066 1425 veste
1097 1369 1408 1439 peregrina.
1444 1367 1509 1420 Et
1543 1369 1783 1422 ulciscar
1817 1369 1993 1422 mani-

421 1464 556 1515 l'este
589 1477 755 1530 super
786 1461 1057 1516 vestibula
1092 1461 1145 1512 in
1179 1460 1268 1514 die
1302 1460 1394 1512 illa
1416 1501 1430 1524 ,
1466 1460 1558 1527 qui
1588 1460 1863 1527 complent
1896 1459 1994 1513 do-

420 1567 566 1605 mum
600 1551 691 1605 Dei
722 1552 806 1605 sui
840 1551 1119 1620 impietate
1147 1565 1211 1602 ac
1245 1548 1392 1602 dolo.
1428 1567 1446 1600 ι
1474 1547 1743 1619 Tempore
1771 1550 1864 1603 illo
1895 1566 1996 1619 pu-

421 1643 568 1698 niam
599 1658 696 1698 eos
729 1642 823 1712 qui
861 1641 1143 1711 principes
1183 1639 1350 1694 vestri
1387 1638 1668 1701 videntur,
1708 1640 1994 1710 ipsamque

2092 465 2187 519 νῦν
2213 466 2341 534 γοῦν
2364 465 2453 518 ὑπ’
2478 465 2643 533 αὐτῆς
2666 465 2764 534 τῆς
2783 465 3027 534 ἀνάγκης
3051 463 3429 535 φοϐηθήσεσθε
3458 463 3550 516 τὸν
3577 464 3679 516 τοῦ

2094 555 2290 616 παντὸς
2323 553 2539 624 Κύριον,
2574 554 2663 607 ὅτε
2700 553 2797 624 τὴν
2828 553 3098 623 τιμωρίαν
3130 555 3258 623 ὑμῖν
3288 552 3446 616 ἀξίαν
3475 553 3682 620 ἐπάγει

2092 645 2200 698 τῶν
2232 644 2742 715 πλημμελημάτωνο
2774 644 2895 697 οὐδὲ
2933 644 3042 713 γὰρ
3073 643 3382 712 ἀφέστηκεν
3415 646 3444 696 ὸ
3481 645 3684 713 καιρὸς

2102 737 2330 798 ἐκεῖνος,
2375 735 2510 788 ἀλλά
2539 737 2633 787 καὶ
2688 735 2830 804 μάλα
2869 752 2929 802 γε
2957 733 3184 802 ἐγγύθεν
3215 731 3391 799 ἐστὶν,
3433 735 3494 786 ἐν
3517 727 3682 800 ᾧπερ

2095 827 2238 896 ὑμᾶς
2257 829 2320 896 τῇ
2345 825 2451 878 τῶν
2479 826 2751 895 πολεμίων
2790 826 3103 896 παραδώσει
3142 824 3323 896 θυσίᾳ,
3363 825 3458 887 οὓς
3486 825 3684 892 οἰκείῳ

2093 915 2474 985 προστάγματι
2507 915 2782 986 ἀφώρισέν
2813 931 2872 966 τε
2904 915 2996 966 καὶ
3035 913 3304 984 κέκληκεν
3343 916 3436 966 ἐπὶ
3463 916 3680 982 τούτῳ·

2093 1007 2249 1058 τοῦτο
2269 1005 2376 1076 γὰρ
2393 1005 2538 1074 λέγει
2560 1005 2638 1068 τὸ,
2665 1006 2887 1075 «ἡγίασε
2918 1006 3026 1074 (50)
3047 1005 3173 1067 τοὺς
3198 1005 3425 1075 κλητοὺς
3445 1004 3643 1065 αὐτοῦ,
3658 1023 3679 1054 ι

2097 1097 2182 1148 ἶνα
2215 1096 2345 1167 εἴπῃ
2378 1095 2458 1147 ὅτι
2501 1095 2913 1166 ἀφωρισμένους
2944 1094 3055 1164 ἔχει
3083 1096 3207 1156 τοὺς
3234 1097 3313 1157 εἰς
3351 1095 3451 1166 τὴν
3483 1095 3685 1147 θυσίαν

2092 1185 2292 1255 ταύτην
2312 1185 2695 1254 κεκλημένους·
2720 1185 2866 1252 λέγει
2885 1185 2942 1237 δὲ
2960 1186 3084 1248 τοὺς
3100 1185 3406 1254 πολεμίους,
3420 1186 3470 1237 οἳ
3499 1202 3680 1238 κατα-

2093 1279 2345 1332 θύσουσιν
2370 1279 2530 1348 ὑμᾶς.
2568 1296 2585 1327 ι
2618 1279 2727 1330 Καὶ
2748 1278 2899 1330 ἔσται
2925 1280 2982 1331 ἐν
3018 1278 3198 1348 ἡμέρᾳ.
3223 1277 3410 1340 θυσίας
3441 1278 3679 1347 Κυρίου,

2093 1372 2186 1422 καὶ
2226 1369 2496 1438 ἐκδικήσω
2524 1368 2634 1438 (5i)
2669 1370 2760 1421 ἐπὶ
2810 1369 2936 1431 τοὺς
2975 1369 3262 1439 ἄρχοντας,
3311 1369 3404 1420 καὶ
3441 1369 3535 1420 ἐπὶ
3585 1369 3683 1420 τὸν

2093 1456 2239 1512 οἰκον
2266 1459 2359 1512 τοῦ
2391 1459 2673 1528 βασιλέως,
2720 1460 2812 1512 καὶ
2839 1460 2930 1512 ἐπὶ
2981 1461 3188 1522 πάντας
3220 1461 3346 1522 τοὺς
3386 1459 3680 1527 ἐνδεδυμέ-

2093 1570 2218 1614 νους
2265 1553 2540 1622 ἐνδύματα
2569 1551 2841 1621 ἀλλότρια·
2883 1552 2976 1605 καὶ
3018 1551 3288 1619 ἐκδικήσω
3318 1551 3410 1602 ἐπὶ
3459 1551 3680 1611 πάντας

2095 1641 2349 1710 ἐμφανῶς
2395 1642 2486 1693 ἐπὶ
2512 1641 2582 1694 τὰ
2613 1640 2865 1709 πρόπυλα
2899 1643 2954 1692 ἐν
2985 1639 3166 1710 ἐκείνῃ
3193 1641 3257 1708 τῇ
3297 1639 3479 1708 ἡμέρᾳ
3503 1679 3515 1698 ,
3545 1640 3680 1697 τοὺς

419 1733 568 1803 regis
598 1731 821 1785 domum
863 1731 1116 1785 funditus
1153 1731 1470 1795 destruam,
1503 1731 1630 1800 quia
1667 1731 1720 1784 in
1761 1733 1990 1802 captivi-

2093 1733 2431 1803 πληροῦντας
2462 1734 2553 1786 τὸν
2593 1730 2739 1786 οἷκον
2775 1731 2869 1784 τοῦ
2912 1731 3048 1784 Θεοῦ
3077 1731 3253 1782 αὐτῶν
3281 1729 3534 1791 ἀσεϐείας
3573 1729 3680 1780 καὶ

425 1833 592 1877 tatem
627 1823 988 1877 abducendus
1015 1832 1100 1877 est
1132 1822 1178 1876 is
1210 1823 1302 1891 qui
1334 1831 1465 1876 tunc
1500 1838 1594 1876 rex
1625 1831 1808 1878 vester
1837 1823 1992 1879 vide-

420 1917 606 1969 bitur:
637 1923 801 1984 atque
829 1914 884 1967 in
909 1929 1102 1968 omnes
1139 1928 1368 1982 prorsus
1405 1914 1860 1979 animadvertam,
1897 1917 1991 1984 qui

421 2013 714 2072 tantopere
737 2003 1030 2058 imitationi
1055 2005 1399 2058 ethnicorum
1423 2013 1592 2058 semet
1623 2005 1991 2072 tradiderunt,

423 2104 479 2149 ut
511 2098 671 2150 etiam
702 2096 934 2151 vestium
973 2096 1194 2149 illarum
1232 2112 1392 2151 usum
1425 2096 1840 2157 aﬂ'cctaverint.
1871 2113 1991 2167 qua:

422 2206 449 2239 ιι
481 2189 596 2257 lege
643 2188 862 2250 vetitae,
915 2187 1171 2256 gentibus
1223 2196 1550 2256 congruunt.
1592 2187 1861 2253 Cunctos,
1899 2189 1988 2242 in-

421 2293 584 2346 quam
644 2286 770 2331 ante
799 2277 1074 2330 vestibula
1112 2276 1296 2344 templi
1329 2277 1550 2344 puniam
1575 2315 1589 2338 ,
1622 2284 1813 2329 contra
1843 2277 1990 2344 quod

421 2367 582 2434 inpie
611 2374 878 2435 egerunt;
930 2363 1060 2416 dum
1114 2364 1246 2417 illnc
1295 2363 1717 2432 ingrederentur
1769 2365 1989 2433 quidem

421 2457 493 2510 ob
533 2457 899 2510 simulandum
947 2457 1156 2508 cultum
1207 2469 1423 2518 meum,
1472 2455 1566 2508 sed
1608 2456 1828 2510 nonnisi
1865 2471 1988 2509 cum

422 2546 692 2615 hypocrisi
725 2554 778 2599 et
804 2546 931 2598 dolo
959 2544 1189 2597 introire
1219 2545 1349 2598 illuc
1377 2544 1640 2597 auderent
1667 2563 1680 2597 :
1717 2547 1988 2614 siquidem

425 2636 627 2688 nullam
664 2651 802 2688 vera:
833 2635 1113 2704 religionis
1134 2634 1402 2688 rationem
1441 2633 1644 2688 habere
1660 2636 1952 2692 voluerunt
1973 2677 1990 2702 ,

423 2727 517 2780 sed
549 2726 710 2781 idolis
745 2727 926 2795 potius
956 2727 1205 2780 studiose
1232 2725 1534 2782 adhaerere.

2088 1824 2260 1876 δόλου.
2291 1843 2309 1874 ι
2365 1825 2453 1876 Ἐν
2475 1824 2667 1892 ἐκείνῳ
2686 1823 2750 1892 δὴ
2772 1821 2848 1892 τῷ
2877 1822 3052 1892 καιρῷ
3081 1824 3206 1884 τοὺς
3236 1821 3425 1892 ἄρχειν
3458 1823 3514 1872 ἐν
3540 1821 3678 1889 ὑμῖν

2087 1909 2373 1980 δοκοῦντας
2405 1920 2783 1988 τιμωρήσομαι
2805 1935 2817 1947 ⁸
2859 1918 3017 1970 αὐτόν
3043 1934 3102 1969 τε
3144 1916 3416 1979 παντελῶς
3453 1916 3679 1985 ἀφανιῶ

2087 2008 2180 2060 τοῦ
2206 2009 2468 2077 βασιλέως
2499 2009 2588 2061 τὸν
2617 2007 2784 2073 οἷκον,
2829 2008 2923 2062 ἆτε
2959 2010 3096 2079 πρὸς
3139 2008 3520 2078 αἰχμαλωσίαν
3560 2008 3676 2059 ἀπ-

2089 2099 2316 2166 άγεσθαι
2352 2099 2632 2169 μέλλοντος
2669 2098 2763 2151 τοῦ
2795 2099 2912 2151 τότε
2949 2097 3246 2168 βασιλεύειν
3271 2098 3426 2167 ὑμῶν
3451 2097 3676 2150 δοκοῦν-

2084 2207 2196 2254 τος*
2238 2191 2314 2261 (p.
2355 2191 2480 2260 588)
2521 2192 2614 2243 καὶ
2658 2191 2863 2253 πάντας
2897 2191 2953 2242 δὲ
2986 2189 3238 2253 καθάπαξ
3282 2191 3672 2258 τιμωρήσομαι

2085 2283 2210 2344 τοὺς
2233 2280 2374 2333 οὕτω
2395 2281 2528 2352 πρὸς
2563 2281 2664 2351 τὴν
2699 2281 3027 2351 Ἑλληνικὴν
3068 2281 3295 2351 μίμησιν
3333 2281 3561 2341 ἑαυτοὺς
3589 2283 3673 2331 ἐκ·

2087 2372 2404 2436 δεδωκότας,
2454 2372 2528 2434 ὡς
2565 2373 2660 2425 καὶ
2688 2371 2796 2424 τῶν
2832 2373 3060 2442 ἱματίων
3106 2370 3300 2441 ζηλοῦν
3342 2370 3441 2440 τὴν
3471 2369 3672 2440 χρῆσιν

2087 2465 2185 2534 τὴν
2209 2463 2286 2533 τῷ
2315 2465 2462 2534 νόμῳ
2503 2465 2600 2534 μὲν
2627 2464 3102 2534 ἀπηγορευμένην,
3141 2466 3252 2526 τοῖς
3275 2462 3451 2515 ἔθνεσι
3474 2461 3531 2513 δέ
3569 2462 3671 2530 ἀρ-

2099 2554 2303 2622 μοδίαν.
2342 2556 2555 2617 Πάντας
2585 2555 2679 2625 δὴ,
2733 2554 2887 2623 φησι,
2928 2552 3238 2624 περιφανῶς
3284 2552 3672 2621 τιμωρήσομαι

2097 2645 2202 2715 πρὸ
2238 2646 2345 2699 τῶν
2370 2646 2464 2699 τοῦ
2501 2646 2630 2700 ναοῦ
2661 2645 2968 2717 προθύρων,
3002 2647 3078 2706 εἰς
3107 2644 3165 2696 δν
3197 2643 3445 2714 ἠσέϐουν,
3480 2641 3675 2693 είσιόνι

2096 2755 2187 2799 τες
2216 2738 2312 2806 μὲν
2342 2738 2418 2807 τῷ
2445 2739 2620 2790 δοκεῖν
2646 2739 2724 2798 εἰς
2752 2737 2890 2806 ἐμὴν
2930 2736 3248 2806 θεραπείαν,
3288 2735 3406 2800 μεθ’
3441 2732 3674 2802 ὑποκρί-

425 2834 561 2879 σεως
591 2817 648 2869 δὲ
677 2817 768 2869 καὶ
795 2815 945 2868 δόλου
986 2814 1253 2869 ποιεῖσθαι
1287 2815 1384 2885 τὴν
1415 2815 1617 2870 εἴσοδον
1645 2817 1950 2888 τολμῶντες
1969 2863 1982 2885 ,
2016 2826 2070 2878 ετ
2100 2843 2161 2894 γε
2190 2827 2290 2896 τῆς
2329 2829 2428 2897 μὲν
2452 2828 2730 2890 εὐσεϐείας
2765 2827 2960 2880 οὐθένα
2988 2827 3142 2892 λόγον
3184 2823 3464 2875 ἐϐούλοντο
3505 2821 3677 2873 ποιεῖ·

425 2908 568 2972 σθαι,
598 2909 708 2970 τοῖς
737 2905 971 2970 εἰδώλοις
993 2905 1050 2958 δέ
1080 2907 1434 2976 πρωανεῖχον
1471 2906 1694 2977 σπουδῇ.

498 3002 662 3058 Vsus.
701 3001 788 3066 10,
823 3001 999 3054 Η.-
1019 3019 1036 3053 ‹
1059 2999 1122 3055 Ει
1151 3000 1257 3054 erit
1287 2999 1376 3055 die
1407 3001 1524 3064 illa,
1549 3002 1684 3056 dicit
1704 3001 1989 3070 Dominus,

2166 3007 2306 3076 Στίχ,
2357 3012 2406 3067 ι’,
2451 3012 2536 3059 ια’.
2581 3035 2649 3046 -—
2686 3024 2704 3056 ι
2747 3005 2850 3056 Καὶ
2885 3004 3036 3056 ἔσται
3069 3006 3124 3055 ἐν
3159 3003 3338 3072 ἐκείνη
3371 3004 3430 3070 τῇ
3464 3002 3671 3071 ἡμέρᾳ,

424 3111 531 3148 vox
563 3093 826 3147 clamoris
857 3107 886 3145 a
921 3102 1075 3162 porta
1107 3091 1435 3146 cadentium
1457 3133 1473 3156 ,
1502 3101 1556 3146 et
1585 3094 1826 3148 ululatus
1857 3110 1888 3148 a
1918 3112 1998 3152 sev

427 3185 608 3238 cunda
631 3223 646 3247 ,
679 3192 732 3238 et
762 3183 1022 3236 contritio
1057 3196 1254 3251 magna
1284 3195 1316 3234 a
1349 3181 1606 3237 collibus.
1635 3201 1656 3234 ι
1678 3183 1832 3238 Tunc
1863 3200 1998 3242 sane

427 3292 527 3329 vox
579 3275 824 3344 quaedam
876 3273 1137 3327 terribilis
1193 3270 1543 3336 exaudietur,
1581 3287 1611 3326 a
1650 3283 1808 3344 porta
1857 3277 1996 3330 inci-

426 3370 617 3438 piens,
680 3375 906 3436 propter
967 3364 1156 3417 hostes
1224 3363 1593 3431 irrumpentes
1654 3366 1999 3436 multamque

425 3455 768 3510 occidionem
804 3453 965 3522 255
999 3452 1278 3505 facientes.
1329 3451 1571 3520 Excipiet
1621 3469 1755 3507 vero
1805 3471 1994 3510 vocem

426 3547 578 3600 illam
625 3545 868 3598 ululatus
906 3541 1269 3596 intolerabilis
1318 3541 1600 3594 hominum
1659 3558 1756 3612 per
1803 3545 1998 3602 domos

425 3637 790 3693 contritorum
817 3634 1076 3702 varieque
1099 3633 1441 3702 pereuntium
1473 3649 1488 3697 ;
1539 3634 1874 3705 insnperque
1905 3653 1999 3692 eo-

427 3743 547 3782 rum
581 3727 674 3796 qui
703 3725 770 3779 ad
803 3725 1037 3778 celsiora
1076 3724 1195 3776 loca
1230 3737 1329 3792 spe
1367 3722 1634 3778 evadendi
1673 3725 1998 3795 confugient

427 3818 521 3889 (id
553 3821 698 3874 enim
730 3819 861 3872 dicit
887 3815 1213 3870 vocabulum
1263 3814 1486 3869 collibus
1512 3817 1557 3877 ),
1606 3831 1786 3886 neque
1815 3825 1996 3873 tamen

429 3909 726 3980 quidquam
773 3908 896 3977 opis
937 3906 1250 3968 invenient,
1291 3905 1387 3959 sed
1428 3913 1735 3960 extremum
1783 3910 1995 3978 suppli-

429 3999 571 4054 cium
600 3997 894 4067 perferent.
913 3995 1124 4060 Quibus
1155 4003 1525 4048 consentanec
1547 3996 1732 4049 subdit
1753 4015 1796 4050 ει
1827 3996 1995 4053 Plan-

429 4089 552 4157 gite,
573 4089 669 4155 qui
712 4087 978 4140 habitatis
1020 4085 1319 4140 concisam.
1360 4105 1378 4136 ι
1407 4083 1596 4148 Nunc,
1648 4086 1860 4156 inquit,
1919 4089 1998 4143 la-

429 4175 664 4230 mentari
690 4175 913 4244 dignum
943 4185 1026 4228 est
1050 4174 1390 4228 habitatores
1415 4173 1756 4229 Hierusalem
1779 4214 1795 4238 ,
1831 4192 1996 4245 quam

428 4268 580 4319 varia
619 4267 766 4321 crede
815 4266 1124 4319 incolarum
1173 4264 1361 4320 hostes
1405 4264 1732 4329 concident,
1769 4267 1998 4336 ejusque

426 4359 661 4413 aediﬁcia
715 4356 1096 4427 perfringent,
1152 4361 1209 4409 et
1261 4355 1564 4424 inquilinos
1613 4356 1990 4412 trncidabnnt.

2101 4369 2396 4438 ρουσαλὴμ,
2431 4371 2496 4438 ἢν
2523 4367 2792 4439 διαφόρως
2817 4367 2906 4421 διὰ
2946 4368 3054 4420 τῶν
3096 4367 3385 4420 οἰκούντων
3426 4367 3666 4418 κατακό-
3775 4426 3779 4428 _

434 4448 619 4514 cQula
673 4445 968 4499 universus
1029 4444 1264 4513 populus
1319 4444 1661 4498 assimilatus
1722 4457 1807 4499 est
1856 4446 1998 4499 Cha-

429 4536 613 4601 naani,
635 4535 1006 4604 disperierunt
1031 4548 1222 4588 omnes
1247 4533 1338 4602 qui
1364 4534 1491 4587 elati
1521 4545 1676 4588 erant
1701 4545 1944 4604 argento.
1973 4555 1992 4588 ι

427 4626 882 4694 Quandoquidem
915 4623 1354 4678 Chananaeorum
1389 4639 1570 4678 mores
1603 4625 1798 4680 imitati
1831 4635 1994 4693 sunt,

428 4717 550 4770 ideo
580 4731 677 4784 par
706 4716 815 4770 illis
846 4714 1160 4769 sustinuere
1189 4714 1517 4782 supplicium
1540 4755 1555 4778 ,
1617 4718 1995 4787 pessumdati;

424 4806 882 4874 quemadmodum
916 4806 1126 4860 scilicet
1155 4813 1210 4857 et
1233 4805 1311 4857 illi
1346 4808 1630 4875 perierunt
1656 4821 1780 4861 cum
1809 4811 1991 4877 regio-

426 4909 548 4948 nem
589 4895 852 4950 lsraelitis
880 4894 1113 4949 tradidit
1143 4895 1309 4950 Deus.
1347 4895 1526 4949 Simul
1574 4899 1834 4966 peribunt
1867 4915 1993 4952 cum

426 4984 687 5050 reliquis,
722 4985 800 5036 illi
852 4985 946 5052 qui
1002 4986 1425 5054 superbiebant,
1478 4987 1688 5041 divitiis
1727 5003 1787 5042 se
1827 4989 1996 5044 fultos

426 5085 754 5130 cernentes:
796 5078 1007 5131 nullum
1063 5093 1092 5132 a
1147 5079 1264 5134 suis
1315 5079 1513 5148 opibus
1565 5083 1994 5134 emolumentum

427 5165 743 5229 habebunt,
776 5167 869 5221 sed
909 5177 1100 5222 contra
1128 5171 1354 5224 omnino
1390 5171 1547 5226 bonis
1579 5173 1696 5226 suis
1731 5174 1949 5242 spoliati
1973 5211 1988 5236 ,

429 5255 788 5324 pauperrimis
822 5257 1033 5312 similes
1064 5259 1216 5314 ﬁent.

2102 3098 2248 3166 λέγει
2273 3099 2494 3168 Κύριος,
2523 3096 2673 3167 φωνὴ
2698 3096 2946 3166 κραυγῆς
2975 3095 3080 3148 ἀπὸ
3102 3094 3274 3162 πύλης
3308 3091 3674 3145 ἀποκεντούν-

2099 3205 2228 3254 των,
2264 3188 2359 3242 καὶ
2384 3187 2679 3257 ὀλολυγμὸς
2705 3185 2813 3238 ἀπὸ
2843 3186 2941 3254 τῆς
2972 3184 3245 3254 δευτέρας,
3282 3185 3376 3236 καὶ
3416 3201 3676 3254 συντριμ-

2099 3281 2198 3351 μδς
2249 3279 2423 3350 μέγας
2462 3279 2568 3332 ἀπὸ
2595 3278 2701 3330 τῶν
2741 3274 2964 3348 βουνῶν.
3008 3296 3025 3326 ι
3064 3276 3197 3329 Τότε
3230 3275 3294 3344 δὴ
3328 3275 3531 3344 φοϐερὰ
3573 3275 3673 3340 μέν

2094 3389 2178 3434 τις
2205 3373 2492 3441 γενήσεται
2525 3369 2676 3439 φωνὴ
2704 3369 2812 3422 ἀπὸ
2841 3369 2939 3438 τῆς
2981 3367 3154 3436 πύλης
3185 3365 3419 3418 λαϐοῦσα
3445 3365 3543 3434 τὴν
3573 3366 3674 3432 ἀρ-

2095 3463 2214 3534 χὴν,
2242 3462 2331 3514 διά
2357 3461 2468 3514 τῶν
2489 3461 2762 3513 εἰσιόντων
2784 3477 2840 3511 τε
2873 3459 3166 3528 πολεμίων,
3197 3458 3290 3508 καὶ
3317 3455 3481 3507 πολὺν
3504 3456 3676 3524 ἐργα-

2096 3555 2338 3625 ζομένων
2371 3554 2462 3607 τὸν
2491 3553 2669 3621 φόνον·
2699 3552 3000 3617 διαδέξεται
3028 3550 3204 3620 δὲτὴν
3237 3549 3418 3618 φωνὴν
3451 3547 3674 3616 ἐκείνην

2095 3647 2318 3716 ὀλολυγή
2348 3663 2432 3709 τις
2457 3646 2728 3714 ἀφόρητος
2756 3644 2863 3696 τῶν
2890 3645 3008 3696 κατ’
3029 3641 3204 3694 οἰκίαν
3233 3639 3674 3710 συντριϐομένων

2093 3753 2153 3789 τε
2180 3737 2273 3790 καὶ
2308 3737 2692 3806 ἀπολλυμένων
2728 3735 3002 3797 ποικίλως.
3039 3734 3117 3786 ἔτι
3159 3733 3254 3786 καὶ
3282 3731 3389 3784 τῶν
3437 3733 3496 3782 ἐν
3526 3731 3671 3800 ὑψη-

2094 3826 2334 3897 λοτέροις
2363 3828 2550 3890 τόποις
2594 3826 2768 3879 ἐλπίδι
2799 3826 2973 3894 φυγῆς
3013 3823 3454 3893 κατατρεχόντων
3489 3821 3674 3885 (τοῦτο

2094 3915 2204 3985 γὰρ
2232 3915 2377 3984 λέγει
2430 3934 2449 3966 ι
2487 3915 2688 3985 βουνῶν
2723 3933 2740 3966 ι
2765 3917 2806 3980 ),
2836 3915 2898 3967 οὐ
2945 3914 3103 3983 μόνον
3148 3913 3299 3965 οὐδὲν
3343 3911 3673 3979 ὠφελεῖσθαι

2093 4007 2404 4078 δυναμένων
2435 4005 2701 4065 ἐντεῦθεν,
2728 4006 2862 4059 ἀλλὰ
2881 4005 2989 4076 γάρ
3015 4005 3106 4057 καὶ
3132 4005 3231 4073 τὴν
3257 4002 3489 4073 ἐσχάτην
3519 4001 3673 4072 δεχο-

2100 4097 2274 4166 μένων
2303 4097 2589 4169 τιμωρίαν.
2626 4095 2719 4159 Oi;
2748 4095 3053 4158 ἀκολούθως
3081 4094 3275 4162 ἐπάγει
3294 4110 3308 4124 ο
3347 4091 3663 4162 «Θρηνεῖτε,

2095 4189 2144 4238 οἱ
2174 4187 2546 4250 κατοικοῦντες
2567 4189 2664 4258 τὴν
2687 4185 3197 4256 κατακεκομμένην.
3231 4202 3251 4236 ›
3286 4181 3549 4236 Ἐνταῦθα
3578 4182 3664 4250 δὴ.

2098 4279 2250 4346 φησὶ,
2281 4278 2494 4347 θρηνεῖν
2527 4278 2768 4340 ἅπαντας
2801 4277 2948 4342 ἄξιον
2979 4279 3104 4340 τοὺς
3124 4275 3406 4337 οἰκοῦντας
3435 4273 3532 4342 τὴν
3571 4273 3670 4326 Ἰε-

2094 4459 2284 4527 ψουσιν
2328 4460 2378 4510 οἰ
2412 4459 2687 4529 πολέμιοι,
2721 4459 2820 4522 τάς
2867 4475 2926 4510 τε
2963 4456 3250 4527 οἰκοδομὰς
3277 4458 3445 4526 αὐτῆς
3485 4456 3667 4510 διατέ-

2099 4564 2352 4615 μνοντες,
2429 4549 2523 4601 καὶ
2587 4550 2713 4611 τοὺς
2782 4547 3166 4609 κατοικοῦντας
3219 4547 3663 4614 διασφάττοντες.

2101 4655 2120 4686 ι
2151 4637 2294 4689 Διότι
2315 4637 2427 4707 (52)
2454 4638 2710 4709 ὡμοιώθη
2743 4640 2848 4702 πᾶς
2869 4641 2898 4691 ὁ
2920 4637 3044 4700 λαὸς
3071 4638 3306 4702 Χαναὰν,
3335 4636 3636 4708 ἐξωλοθρεύ

2097 4727 2267 4798 θησαν
2298 4728 2496 4791 πάντες
2522 4730 2571 4781 οἱ
2608 4729 2904 4799 ἐπηρμένοι
2931 4728 3198 4798 ἀργυρίῳ.
3236 4747 3255 4778 υ
3304 4728 3519 4798 Ἐπειδὴ
3550 4728 3664 4797 γὰρ

2093 4815 2203 4869 τῶν
2221 4818 2540 4871 Χαναναίων
2555 4818 2884 4888 ἐμικήοαντο
2924 4820 3015 4871 τὸν
3042 4819 3263 4887 τρόπον,
3295 4821 3373 4888 (p.
3409 4819 3535 4885 389)
3575 4819 3665 4872 διά

2093 4909 2248 4962 τοῦτο
2262 4911 2652 4980 παραπλησίως
2671 4912 2897 4973 ἐκείνοις
2907 4912 3002 4964 καὶ
3016 4906 3114 4980 τὴν
3133 4909 3400 4979 τιμωρίαν
3415 4910 3666 4974 ἐδέξαντο

2091 5001 2448 5072 ἀπολλύμενοι
2491 5002 2791 5065 παντελῶς,
2825 5004 2992 5073 ὅνπερ
3030 5003 3092 5073 δὴ
3142 5002 3342 5072 τρόπον
3386 5001 3664 5056 ἀπώλοντο

2093 5093 2330 5144 κάκεῖνοι
2351 5093 2586 5163 ὁπηνίκα
2605 5095 2717 5155 τοῖς
2747 5093 3108 5164 Ἰσραηλίταις
3129 5092 3413 5160 παρεδίδου
3441 5093 3539 5162 τὴν
3560 5094 3662 5161 γῆν

2093 5184 2122 5233 ὁ
2154 5181 2303 5244 Θεός·
2339 5183 2897 5254 συναφανισθήσονται
2938 5183 3048 5254 γὰρ
3080 5182 3144 5254 δὴ
3179 5183 3380 5246 πάντες
3411 5186 3524 5246 τοῖς
3554 5184 3661 5236 λοι-

2096 5272 2215 5332 ποῖς
2243 5273 2337 5323 καὶ
2361 5273 2410 5323 οἰ
2441 5272 2579 5341 μέγα
2609 5271 2929 5342 φρονοῦντες
2965 5273 3055 5325 ἐπὶ
3083 5273 3296 5344 πλούτῳ
3333 5273 3661 5344 θεωροῦντες

428 5349 649 5412 ἑαυτοὺς
671 5389 687 5414 ,
739 5349 904 5420 μηδὲν
943 5353 1006 5404 ἐκ
1049 5353 1148 5424 τῆς
1178 5355 1438 5428 εὐπορίας
1478 5359 1667 5429 κέρδος
1696 5357 1982 5420 λαϐόντεςο
2017 5361 2323 5417 τούναντίον
2369 5365 2468 5434 μὲν
2497 5360 2590 5419 οὖν
2644 5367 2704 5418 ἐν
2749 5369 2814 5437 τῇ
2850 5367 3136 5437 ἀφαιρέσει
3164 5366 3273 5420 τῶν
3309 5366 3524 5420 οἰκείων
3557 5381 3662 5419 πα-

428 5437 714 5511 ραπλήσιοι
745 5443 1026 5510 γεγονότες
1049 5448 1159 5508 τοῖς
1187 5448 1460 5511 παντελῶς
1494 5451 1824 5520 πενομένοις.

499 5573 610 5632 (50)
648 5575 721 5626 Ila
754 5577 842 5630 hic
872 5577 994 5630 cod.

497 5642 610 5714 (51)
641 5645 776 5702 Cod.
814 5649 1107 5719 ἐκδίκησιν.

2162 5583 2272 5657 (5-2)
2303 5583 2435 5638 Cod.
2467 5584 2552 5637 διὰ
2588 5585 2658 5636 τί.
