3844 6222
125 212 223 268 μη

192 325 343 396 Στίχ.
379 324 578 396 ιβόις’.
611 353 681 366 -
716 343 736 377 ι
761 326 872 380 Καὶ
908 325 1061 379 ἔσται
1099 329 1156 380 ἐν
1186 332 1252 399 τῇ
1286 330 1470 401 ἡμέρᾳ
1497 328 1698 398 ἐκείνῃ,
1727 330 1777 387 Α

125 416 461 488 ἐξερευνήσω
483 417 581 488 τὴν
618 418 975 489 Ἰερουσαλὴμ
1002 419 1140 490 μετά
1166 420 1381 491 λύχνου.
1418 439 1438 472 ›
1482 419 1698 490 Ἐπειδὴ

130 514 232 576 τοῖς
280 511 344 564 τὰ
391 510 644 565 ἐνδότατα
687 511 782 565 καὶ
822 511 997 581 σκότῳ
1022 529 1137 573 πως
1171 514 1576 586 κατειλημμένα
1605 514 1700 584 ζη-

125 601 303 658 τοῦσιν
326 643 344 668 ,
384 602 505 666 ἔθος
548 602 730 673 λύχνῳ
784 602 1084 674 κεχρῆσθαι
1120 605 1256 672 πρὸς
1304 607 1697 678 ἀκριϐεστέραν

126 696 349 766 ἔρευναν
382 695 490 748 τῶν
527 694 1056 766 ἀποκεκρυμμένων,
1093 696 1248 752 τοῦτο
1264 696 1531 765 λέγει,ὅτι
1561 693 1697 766 μετά

126 785 322 856 πολλῆς
353 786 452 858 τῆς
480 783 764 857 ἀκριϐείας
791 784 1276 855 ἐξερευνηθὴσεται
1301 787 1478 839 πάντα
1502 786 1570 849 τά
1594 786 1694 856 τῆς

135 877 518 948 Ἰερουσαλὴμ,
559 877 635 940 ὠς
666 879 831 948 μηδὲν
857 877 966 930 τῶν
1007 878 1232 931 ἐνόντων
1270 877 1542 933 διαλαθεῖν
1573 879 1694 942 τοὺς

125 969 616 1039 πολεμίους.“οπερ
647 967 748 1040 [F.
773 962 961 1041 ᾧπερ]
989 968 1294 1031 ἀκολούθως
1321 970 1598 1040 ἐπήγαγεν
1610 970 1692 1031 τὸ,

127 1077 146 1108 ε
190 1060 697 1132 Ἐξωλοθρεύθησαν
721 1060 918 1123 πάντες
939 1061 988 1112 οἱ
1018 1059 1314 1130 ἐπηρμένοι
1343 1061 1590 1132 ἀργυρίῳ
1609 1077 1622 1090 ·
1668 1079 1687 1110 ι

121 1148 335 1211 δεικνὺς
372 1149 616 1202 ὃτιοῦτω
651 1151 826 1204 πάντα
851 1149 958 1203 τῶν
993 1147 1240 1219 εὐπόρων
1269 1148 1692 1221 ἀφαιρεθήσεται

121 1236 186 1288 τὰ
227 1237 357 1290 ὄντα
377 1278 394 1304 ,
426 1238 642 1302 οὐθενὸς
675 1239 855 1292 λαθεῖν
897 1237 1003 1292 τῶν
1033 1239 1304 1309 πολεμίων
1336 1240 1436 1309 τὴν
1469 1238 1692 1310 ἔρευναν

118 1328 433 1398 δυναμένου.
491 1348 509 1380 ι
546 1331 654 1382 Καὶ
699 1331 965 1401 ἐκδικήσω
1014 1330 1107 1383 ἐπὶ
1149 1331 1275 1392 τοὺς
1322 1330 1520 1400 ἄνδρας
1565 1331 1691 1394 τοὺς

119 1420 589 1492 καταφρονοῦντας
626 1422 717 1474 ἐπὶ
760 1423 826 1474 τὰ
867 1421 1194 1492 φυλάγματα
1227 1418 1427 1484 αὐτῶν,
1442 1417 1568 1482 τοὺς
1599 1421 1690 1474 λέ-

116 1528 314 1580 γοντας
353 1515 411 1565 ἐν
441 1515 560 1574 ταῖς
591 1513 839 1584 καρδίαις
875 1512 1073 1579 αὐτῶν,
1103 1513 1178 1566 Οὐ
1209 1513 1284 1584 μὴ
1316 1512 1691 1586 ἀγαθοποιήσῃ

117 1602 344 1673 Κύριος,
367 1603 484 1656 ούδέ
513 1603 586 1674 μὴ
612 1603 860 1674 κακώσῃ.
893 1623 912 1656 ι
947 1606 1340 1678 Τιμωρήσομαι
1373 1605 1502 1676 γάρ,
1533 1606 1685 1675 φησὶ,

114 1693 359 1758 τούτους,
409 1693 497 1763 (p.
534 1693 670 1766 590)
713 1695 762 1748 οἳ
810 1695 918 1749 τῶν
952 1695 1051 1766 μὲν
1104 1697 1539 1767 προσταγμάτων
1585 1696 1690 1748 τῶν

112 1783 268 1854 ἐμῶν
302 1783 398 1836 καὶ
433 1785 531 1854 τῆς
565 1783 859 1854 θεραπείας
891 1786 1252 1856 κατεφρόνουν
1283 1786 1561 1851 παντελῶς
1595 1788 1691 1858 τῆς

112 1873 292 1944 ἐμῆς,
339 1875 431 1941 ἀφ’
460 1868 533 1927 ὧν
581 1873 645 1946 δὴ
695 1875 1057 1942 φυλάττεσθαι
1090 1877 1184 1931 καὶ
1217 1877 1587 1950 διατηρεῖσθαι
1626 1880 1691 1931 ἐκ

111 1963 300 2033 πάσης
350 1961 612 2032 ἠδύναντο
655 1963 947 2035 ἐπηρείαςο
983 1965 1357 2036 διακειμένους
1399 1966 1456 2018 δὲ
1487 1967 1567 2020 ὅτι
1612 1965 1690 2038 μὴ

107 2049 224 2107 οἷόν
259 2056 316 2106 τέ
349 2073 400 2107 τι
447 2055 614 2108 κακὸν
653 2056 834 2118 αὐτοῖς
874 2057 1230 2128 ἐπενεχθῆναι
1264 2056 1486 2110 τοιαῦτα
1514 2074 1692 2127 παρα-

109 2145 406 2217 νομοῦσινο
444 2147 505 2200 τὸ
552 2149 682 2219 γάρ,
708 2166 726 2198 ι
767 2148 841 2200 Οὐ
878 2148 952 2218 μὴ
981 2139 1356 2220 ἀγαθοποιῆσῃ
1388 2147 1622 2218 Κύριος,
1666 2166 1686 2198 ι

109 2240 258 2294 κατά
317 2240 603 2312 ὑπόκρισιν
653 2240 1058 2308 ἀναγνωστέον,
1121 2240 1242 2294 ἀντὶ
1279 2241 1407 2304 τοῦ,
1471 2239 1693 2307 Ἀγαθο-

107 2332 354 2402 ποιήσει.
409 2350 426 2381 ι
463 2332 572 2385 Καὶ
599 2330 751 2384 ἔσται
789 2333 822 2400 ἡ
858 2330 1088 2401 δύναμις
1122 2330 1300 2385 αὐτῶν
1353 2333 1433 2395 είς
1461 2331 1693 2404 διαρπα-

107 2425 238 2493 γὴν,
271 2423 364 2475 καὶ
384 2424 430 2474 οἱ
459 2417 596 2474 οἶκοι
620 2421 799 2474 αὐτῶν
820 2422 900 2484 είς
941 2423 1272 2492 ἀφανισμόνο
1299 2422 1391 2476 καὶ
1417 2422 1693 2492 οἰκοδομή-

109 2531 302 2570 σουσιν
356 2515 564 2576 οἰκίας,
609 2513 702 2570 καὶ
736 2514 795 2568 ού
831 2513 905 2585 μὴ
939 2515 1333 2585 κατοικήσωσιν
1371 2515 1429 2567 ἐν
1472 2514 1688 2576 αὑταῖς*

107 2608 207 2659 καὶ
243 2604 743 2672 καταφυτεύσουσιν
791 2604 1147 2674 ἀμπελῶνας,
1185 2607 1280 2658 καὶ
1317 2607 1374 2657 ού
1414 2604 1491 2676 μὴ
1527 2606 1692 2658 πίωσι

60 2684 62 2686 ⁷
106 2698 204 2750 τὸν
240 2694 384 2749 οἶνον
423 2695 632 2748 αὐτῶνθ
667 2696 749 2748 ὅτι
773 2697 938 2763 ἐγγὺς
963 2695 1142 2767 ἡμέρα
1165 2696 1426 2769 Κυρίουή
1461 2695 1691 2766 μεγάλη,

103 2791 284 2858 ἐγγὺς
341 2789 434 2840 καὶ
479 2789 670 2856 ταχεῖα
709 2787 933 2857 σφόδρα.
979 2807 998 2838 ι
1037 2787 1192 2845 Πᾶσα
1245 2787 1341 2856 μὲν
1382 2782 1474 2840 οὖν
1517 2788 1692 2846 αὐτῶν

103 2883 139 2951 ἡ
167 2881 408 2951 δύναμις
446 2880 549 2934 ὑπὸ
578 2881 689 2936 τῶν
716 2879 988 2949 πολεμίων
1021 2877 1519 2952 περιαιρεθήσεταισ
1551 2881 1694 2948 ἀφα-

104 2974 465 3044 νισθήσονται
507 2973 564 3026 δὲ
595 2973 688 3029 καὶ
715 2971 916 3035 πάντες
959 2971 1135 3024 αὐτῶν
1160 2972 1210 3023 οἱ
1239 2966 1406 3024 οἶκοι·
1443 2971 1536 3028 καὶ
1567 2970 1689 3024 οὔτε

100 3067 225 3120 τῶν
251 3067 420 3119 οῐκων
448 3065 866 3129 ἀπολαύσουσιν,
895 3062 990 3127 οὓς
1023 3063 1162 3134 με.τά
1193 3063 1390 3134 πολλῆς
1411 3064 1689 3135 οἰκοδομή.

105 3173 316 3219 σαντες
363 3155 705 3225 ἐπιμελείας,
735 3153 857 3208 οὔτε
887 3152 1008 3207 τῶν
1026 3153 1311 3223 γεωργιῶν
1347 3154 1454 3207 τῶν
1481 3154 1696 3209 οἰκείων

99 3246 385 3317 λήψονται
416 3246 506 3299 τὸν
539 3246 777 3318 καρπόν·
828 3245 1014 3315 ἐπειδὴ
1048 3244 1310 3314 πάρεστιν
1348 3245 1442 3298 καὶ
1471 3245 1696 3315 πλησίον

102 3340 260 3406 ἄγαν
283 3338 434 3391 ἐστὶν
463 3339 644 3410 ἡμέρα
665 3339 757 3392 τοῦ
779 3338 935 3400 Θεοῦ,
965 3339 1086 3397 καθ’
1112 3341 1177 3409 ἢν
1206 3336 1498 3407 ἐκϐήσεται
1525 3336 1698 3388 πάντα

101 3430 266 3498 ἅπερ
313 3425 406 3482 οῦν
446 3429 824 3497 ἀποπέφανται
880 3430 998 3483 κατ’
1029 3429 1208 3483 αὐτῶν
1241 3431 1269 3481 ὁ
1299 3427 1452 3490 Θεός.
1491 3445 1510 3478 ι
1541 3427 1696 3496 Φωνὴ

101 3521 338 3592 ἡμέρας
383 3522 587 3594 Κυρίου
618 3521 793 3592 πικρά
839 3523 933 3578 καὶ
962 3521 1172 3592 σκληρὰ
1211 3523 1484 3574 τέτακται.
1525 3539 1545 3571 ι
1582 3520 1696 3572 Με-

111 3615 366 3683 μήνυται
415 3615 523 3684 γὰρ
565 3616 594 3667 ό
640 3613 829 3685 καιρὸς
873 3614 970 3684 τῆς
1011 3613 1334 3682 ἀποφάσεως
1379 3611 1480 3682 τῆς
1525 3611 1693 3675 θείας,

1079 214 1628 274 COMMENTARIUS
1664 210 1730 266 ΙΝ
1772 205 2138 264 ΞΟΡΗΟΝΙτΕ
2179 203 2330 260 CAP.
2368 203 2406 257 Ι.

3264 201 3370 260 458

1882 318 2043 373 Vens.
2083 316 2267 370 1246.
2300 343 2368 357 --
2403 333 2422 364 ι
2455 312 2518 366 Et
2566 314 2671 367 erit
2716 313 2772 366 in
2807 313 2894 368 die
2928 328 3044 376 uta,
3083 317 3366 370 scrutabor

1801 410 2144 466 Hierusalem
2178 423 2301 464 cum
2324 408 2599 462 lucerna.»
2621 405 2890 471 Quoniam
2921 421 3134 472 eorum,
3160 407 3252 477 qui
3290 410 3370 462 in-

1801 506 1930 556 tima
1965 504 2084 568 etin
2105 502 2343 557 tenebris
2370 500 2589 555 condita
2621 508 2894 568 quaarunt,
2912 514 3032 554 mos
3049 501 3370 556 estlucerna

1800 596 1876 650 uti
1900 593 1967 648 ad
1991 594 2394 648 accuratiorem
2415 593 2692 648 latentium
2723 606 2906 647 rerum
2935 594 3370 664 vestigationem,

1795 687 2002 740 idcirco
2036 685 2115 741 sic
2141 685 2402 754 loquitur,
2457 682 2573 738 fore
2616 698 2810 754 nempe
2845 696 2904 737 ut
2929 686 3100 739 multa
3129 701 3253 739 cum
3285 702 3371 740 se-

1795 779 2022 832 dttlitate
2057 777 2397 848 vestigentur
2415 792 2504 831 res
2532 790 2723 830 omnes
2745 775 3106 840 llieruSaIem,
3146 786 3204 831 ιιι
3234 779 3372 831 nihil

1795 880 1960 936 opum
2020 864 2141 935 ejus
2187 865 2370 919 hostes
2425 864 2604 918 lateat.
2654 865 2772 929 Quo
2812 866 2870 917 lit
2912 873 2972 918 ut
3005 876 3370 922 consentanee

1795 957 2114 1028 subjungat,
2147 973 2167 1008 ι
2203 955 2585 1025 Disperierunt
2617 972 2808 1013 omnes
2839 957 2966 1011 elati
2995 961 3370 1028 argentopsi-

1794 1048 2058 1117 gttilicans
2075 1045 2193 1100 fore
2217 1057 2274 1099 ut
2295 1045 2478 1099 cuncti
2510 1045 2740 1099 divitum
2761 1047 3001 1102 thesauri
3017 1047 3365 1117 diripiantur,

1793 1155 1917 1196 cum
1972 1140 2110 1196 nihil
2161 1139 2404 1202 hostium
2460 1137 2870 1206 vestigationem
2932 1140 3231 1194 vitaturum
3273 1141 3363 1198 sit.

1797 1251 1816 1283 ι
1847 1230 1914 1284 Et
1935 1230 2168 1285 ulciscar
2195 1245 2360 1299 super
2383 1229 2553 1292 viros,
2575 1229 2668 1299 qui
2701 1237 3056 1284 contemnunt
3089 1231 3369 1287 custodias

1792 1338 1942 1387 suas,
1975 1323 2069 1393 qui
2101 1321 2292 1376 dicunt
2324 1321 2377 1374 in
2403 1319 2663 1376 cordibus
2689 1320 2846 1375 suis:
2880 1317 3079 1393 Utique
3107 1338 3176 1377 ne
3205 1321 3361 1376 facit»

1793 1417 1930 1471 bene
1950 1414 2236 1477 Dominus,
2262 1427 2318 1468 et
2346 1429 2454 1468 non
2476 1413 2641 1466 faciat
2663 1414 2822 1469 male.
2839 1433 2856 1466 ι
2883 1414 3016 1481 llos,
3047 1416 3245 1485 inquit,
3267 1431 3335 1485 pu

1791 1509 1937 1558 niam
1970 1506 2064 1575 qui
2097 1512 2366 1574 praecepta
2412 1519 2530 1557 mea
2566 1504 2886 1574 cultumque
2914 1505 3135 1560 omnino
3178 1521 3339 1576 asper

1794 1605 2015 1664 nantur,
2049 1597 2249 1667 quibus
2288 1595 2550 1651 custodiri
2589 1610 2653 1650 ac
2693 1597 2900 1651 servari
2937 1597 3006 1652 ab
3031 1599 3177 1652 oumi
3206 1598 3369 1668 256

1725 1670 1766 1727 Β
1794 1689 2122 1744 detrimento
2151 1698 2435 1757 poterant:
2454 1698 2753 1759 contraque
2779 1691 3095 1744 existimant
3127 1692 3367 1746 [ierinou

1796 1795 1958 1850 posse
1998 1788 2056 1834 ut
2081 1781 2208 1834 mali
2235 1781 2444 1850 aliquid
2478 1782 2561 1835 eis
2582 1781 2798 1835 accidat
2824 1782 2951 1835 talia
2989 1783 3360 1852 peccantibus.

1793 1871 1930 1926 Nam
1958 1871 2129 1926 dictio
2151 1890 2169 1923 ι
2210 1870 2291 1927 Ne
2330 1873 2465 1927 bene
2490 1870 2682 1935 faciat,
2712 1891 2732 1922 ι
2773 1874 2998 1943 ﬁgurate
3031 1874 3254 1945 legenda
3282 1885 3368 1930 σει

1792 1978 1916 2034 pro,
1950 1963 2090 2020 bene
2119 1962 2305 2020 faciet.
2337 1982 2355 2015 ι
2397 1962 2463 2017 Ει
2494 1965 2594 2019 erit
2623 1964 2881 2018 fortitudo
2911 1980 3102 2019 eorum
3133 1965 3188 2020 in
3221 1966 3340 2022 dire

1791 2055 2058 2124 ptionem,
2121 2065 2174 2111 et
2226 2055 2422 2111 domus
2467 2071 2656 2110 eorum
2712 2057 2765 2111 in
2819 2057 3231 2126 dissipationem
3265 2074 3277 2109 :
3311 2069 3364 2112 et

1792 2147 2141 2202 aediﬁcabttnt
2185 2148 2400 2214 domos,
2455 2155 2511 2202 et
2555 2164 2667 2203 non
2701 2149 3026 2204 hubitahunt
3056 2149 3113 2204 in
3164 2151 3280 2216 eis;
3311 2161 3365 2205 et

1795 2241 2118 2310 plantabunt
2157 2243 2364 2304 vineas,
2420 2251 2474 2295 et
2532 2255 2640 2294 nou
2699 2241 2885 2296 bibent
2925 2241 3362 2307 vinumearum,

1793 2331 1922 2400 quia
1954 2331 2115 2400 juxta
2166 2339 2252 2386 est
2320 2330 2437 2385 dies
2486 2330 2701 2385 Domini
2740 2346 2958 2403 magna,
2992 2335 3151 2400 juxta
3195 2343 3277 2388 est
3312 2342 3365 2386 et

1793 2421 1950 2476 velox
1974 2421 2159 2476 nimis.
2185 2439 2204 2473 ι
2238 2419 2532 2484 Universa,
2565 2422 2761 2492 inquit,
2787 2437 2974 2476 eorum
3011 2424 3269 2479 fortitudo
3296 2427 3364 2478 ab

1793 2511 2043 2568 hostibus
2069 2513 2468 2583 exstinguetur,
2517 2512 2870 2568 destruantur
2923 2526 3134 2568 cuncta:
3165 2515 3363 2571 domus

1792 2618 1984 2657 eorum
2013 2622 2028 2657 :
2062 2618 2240 2676 neque
2271 2603 2520 2659 aediﬁciis
2580 2605 2830 2659 fruentur
2859 2620 2980 2676 quas
3009 2605 3192 2661 sedula
3233 2623 3364 2662 cura

1794 2704 2201 2753 exstruxerant.
2235 2711 2414 2766 neque
2447 2697 2516 2751 de
2544 2697 2690 2752 arvis
2711 2696 2826 2751 suis
2853 2697 3090 2751 fructum
3118 2713 3360 2766 carpent.

1794 2787 2062 2853 Quoniam
2123 2786 2272 2840 adest
2305 2804 2582 2858 propeque
2616 2795 2698 2842 est
2729 2788 2822 2842 Dei
2852 2787 2994 2852 dies,
3021 2805 3134 2859 quo
3165 2799 3362 2843 cuneta

1792 2878 2042 2932 evenient
2068 2893 2188 2947 qua:
2215 2877 2283 2931 de
2321 2879 2431 2933 illis
2457 2878 2694 2932 decrevit
2720 2877 2884 2932 Deus.
2919 2896 2938 2928 ε
2975 2877 3090 2932 Vox
3121 2878 3224 2931 diei
3261 2879 3364 2931 Do-

1794 2970 1925 3024 mini
1958 2984 2142 3023 amara
2158 2979 2213 3024 et
2238 2970 2374 3024 dura
2409 2970 2584 3039 posita
2608 2978 2711 3027 est.
2745 2990 2763 3021 ι
2787 2968 3106 3025 Praedicitur
3152 2981 3364 3038 tempus

1794 3059 1963 3113 divini
1996 3059 2220 3125 decreti,
2253 3060 2618 3114 amaritudine
2651 3062 2815 3112 multa
2840 3071 2893 3112 ct
2928 3061 3222 3128 asperitate
3249 3064 3363 3132 pte-

1796 3166 2002 3208 num..¢
2041 3151 2241 3207 Potens
2297 3153 2416 3206 dies
2477 3153 2588 3207 irae.
2621 3171 2641 3204 ι
2680 3150 2901 3208 Validtts
2927 3152 3217 3208 admodum
3259 3155 3362 3208 diei

1795 3245 1942 3299 illius
1974 3242 2144 3298 furor.
2174 3263 2192 3294 ι
2229 3243 2352 3299 Dies
2387 3245 2500 3309 illa,
2533 3243 2650 3299 dies
2691 3245 3064 3300 tribulationis
3091 3253 3143 3298 et
3195 3261 3366 3316 angu»

1797 3335 1934 3400 stiaa,
1969 3335 2086 3390 dies
2115 3335 2615 3405 intempestivitatis
2658 3344 2711 3389 et
2751 3337 2925 3400 exitii,
2955 3335 3071 3392 dies
3109 3338 3364 3391 tenebra-

1801 3442 1917 3479 rum
1951 3434 2004 3480 et
2030 3427 2306 3496 caliginis,
2335 3427 2454 3481 dies
2476 3427 2686 3482 nebula:
2718 3438 2772 3484 et
2795 3427 3050 3490 turbinis,
3075 3428 3193 3483 dies
3225 3429 3366 3484 tubze

1793 3529 1848 3574 et
1883 3520 2137 3574 clamoris
2184 3537 2348 3590 super
2385 3521 2550 3575 urbes
2583 3521 2822 3575 munitas
2853 3528 2906 3574 et
2945 3537 3108 3590 super
3139 3525 3387 3593 angulos‘

1793 3611 2058 3666 excelsos.
2093 3628 2111 3660 ι

103 3703 322 3774 πολλῆς
351 3705 574 3775 πικρίας
601 3721 660 3757 τε
690 3704 781 3756 καὶ
809 3704 1141 3774 τραχύτητος
1167 3705 1370 3774 γέμων.
1411 3722 1430 3754 ι
1459 3704 1670 3770 Δυνατὴ
1696 3701 1879 3772 ἡμέρα
1908 3701 2097 3771 ὀργῆς.
2133 3719 2150 3750 ι
2172 3699 2411 3769 ’ἰσχυρὸς
2446 3700 2583 3768 ἄγαν
2621 3702 2718 3770 τῆς
2745 3703 2956 3772 ἡμέρας
2983 3704 3190 3773 ἐκείνης
3217 3705 3244 3756 ό
3270 3704 3364 3758 Ou.-

105 3795 242 3865 μός.
265 3813 284 3845 ι
311 3796 373 3846 Ἠ
404 3796 581 3866 ἡμέρα
609 3795 809 3865 ἐκείνη,
833 3796 1013 3868 ἡμέρα
1047 3795 1275 3864 θλίψεως
1301 3796 1392 3848 καὶ
1423 3794 1687 3863 ἀνάγκης,
1722 3794 1904 3863 ἡμέρα
1937 3792 2143 3862 ἀωρίας
2174 3793 2268 3844 καὶ
2298 3793 2626 3862 ἀφανισμοῦ,
2657 3793 2838 3864 ἡμέρα
2871 3793 3090 3856 σκότους
3117 3795 3208 3847 καὶ
3240 3797 3366 3863 γνό-

102 3905 246 3957 φου,
277 3885 462 3956 ἡμέρα
491 3887 716 3956 νεφέλης
739 3885 832 3938 καὶ
865 3884 1113 3957 ὁμίχλης,
1144 3885 1326 3956 ἡμέρα
1350 3883 1646 3953 σάλπιγγος
1674 3883 1766 3937 καὶ
1795 3880 2041 3954 κραυγῆς
2063 3882 2138 3950 (p.
2170 3879 2297 3950 '59!)
2333 3879 2426 3936 ἐπὶ
2451 3879 2550 3943 τὰς
2580 3881 2760 3946 πόλεις
2783 3885 2881 3968 τὰς
2905 3886 3125 3955 ὀχυρὰς,
3153 3889 3243 3940 καὶ
3275 3889 3368 3942 ἐπὶ

98 3978 218 4036 τὰς
253 3976 455 4044 γωνίας
483 3976 578 4039 τὰς
615 3975 842 4047 ὑψηλάς.
884 3996 903 4027 ι

187 4067 344 4138 Στίχ.
381 4067 465 4130 ιζ’,
503 4075 589 4138 ιη’,
622 4099 692 4107 -
721 4068 853 4120 Τότε
885 4069 992 4138 γὰρ
1039 4068 1250 4138 ἀνάγκη
1292 4085 1349 4121 τε
1395 4067 1484 4120 καὶ
1519 4065 1697 4137 Θλίψις

99 4162 276 4219 ἔσται
311 4160 478 4231 πολλὴ
498 4201 512 4223 ,
548 4161 641 4212 καὶ
691 4160 905 4216 θάνατοι
935 4159 1104 4232 ἄωροι
1130 4161 1238 4213 τῶν
1281 4163 1338 4212 ἐν
1365 4160 1532 4230 νηπία
1558 4175 1695 4227 σφα-

99 4248 368 4318 ζομένων
399 4249 462 4316 τῇ
492 4247 706 4318 ἠλικίαο
757 4249 1060 4319 ἀφανισμός
1081 4266 1142 4302 τε
1169 4249 1470 4323 ἀνθρώπων
1495 4249 1660 4312 πολὺς
1679 4290 1694 4310 ,

1866 4063 2030 4118 Vens.
2066 4062 2251 4117 l7-l8.
2281 4093 2350 4104 —
2380 4060 2536 4116 Tunc
2563 4063 2708 4116 enim
2759 4067 3025 4132 angustiae
3064 4076 3222 4120 erunt
3249 4109 3261 4129 ,
3313 4078 3366 4122 et

1793 4155 2072 4210 tribulatio
2097 4155 2287 4217 multa,
2323 4160 2377 4207 et
2405 4152 2712 4206 itumaturze
2747 4165 2950 4211 mortes
2974 4157 3026 4208 iu
3063 4169 3243 4211 teneta
3275 4175 3363 4213 oc-

1793 4247 2032 4300 cisorum
2054 4255 2232 4306 aetate,
2251 4243 2427 4298 caedes
2455 4245 2736 4298 hominum
2763 4247 2956 4311 multa,
2991 4247 3064 4299 ita
3097 4250 3367 4306 utabhinc

97 4341 192 4403 ὡς
241 4337 489 4390 ἐντεῦθεν
544 4339 786 4402 ἅπαντας
841 4340 1018 4394 δοκεῖν
1068 4340 1266 4410 σκότῳ,
1292 4341 1473 4410 γνόφῳ
1522 4342 1556 4410 ἡ
1590 4357 1694 4392 τινι

1798 4338 2079 4391 videantur
2109 4350 2298 4390 omnes
2329 4334 2592 4397 tenebris,
2630 4334 2884 4404 caligine,
2915 4349 2968 4390 et
2999 4339 3196 4393 nebula
3231 4356 3367 4408 qua-

96 4424 323 4497 νεφέλῃ
374 4426 764 4497 περικεχύσθαι
814 4430 906 4483 καὶ
944 4429 1178 4500 ὀμίχλην
1217 4430 1250 4499 ἦ
1284 4447 1343 4482 τε
1385 4430 1493 4500 γὰρ
1540 4429 1694 4483 πολε-

1798 4429 1921 4499 dam
1953 4442 2017 4481 ac
2045 4426 2264 4480 turbine
2297 4425 2689 4480 circumfundi.
2721 4424 2854 4481 Nam
2905 4437 2958 4482 et
2991 4428 3181 4484 bellica
3212 4431 3364 4496 tuba,

99 4520 261 4590 μικὴ
295 4517 558 4586 σάλπιγξ,
603 4521 694 4573 καὶ
733 4523 764 4592 ἡ
815 4521 951 4591 μετά
977 4522 1179 4590 ταύτης
1213 4523 1364 4593 φωνὴ
1395 4523 1503 4576 τῶν
1540 4522 1694 4576 πολε-

1798 4529 1849 4576 et
1870 4521 2010 4575 hanc
2043 4521 2371 4574 subsecutus
2404 4517 2644 4571 hostium
2670 4517 2880 4572 clamor
2918 4519 3184 4576 altissime
3214 4539 3364 4579 reso-

98 4612 266 4682 μίων
291 4609 546 4679 μέγιστον
567 4613 760 4683 ἡχήσει
785 4613 1232 4682 προσημαίνουσα
1250 4613 1358 4666 τῶν
1382 4631 1438 4666 τε
1460 4614 1694 4686 ἰσχυρῶν

1798 4614 1973 4674 nabit,
2027 4610 2361 4664 munitarum
2402 4609 2618 4662 urbium
2661 4625 2726 4662 ac
2767 4610 3090 4679 palatioruut
3141 4617 3364 4670 exitium

93 4705 335 4758 πόλεων
384 4703 478 4755 καὶ
520 4703 627 4755 τῶν
674 4703 946 4774 μεγίστων
997 4703 1184 4761 οἰκιῶν
1222 4704 1321 4776 τὴν
1355 4705 1694 4778 καθαίρεσιν.

1798 4703 2150 4774 portendens.
2186 4722 2202 4754 ι
2237 4703 2305 4758 Et
2331 4701 2604 4756 tribulabo
2637 4701 2908 4767 homines,
2931 4711 2984 4757 et
3012 4705 3366 4762 ambulabunt

97 4817 124 4848 ι
176 4795 303 4850 Καὶ
347 4794 584 4863 aettem
624 4795 750 4857 τοὺς
781 4794 1138 4865 ἀνθρώπους,
1184 4796 1286 4850 καὶ
1342 4797 1694 4867 πορεύσονται

1798 4806 1858 4852 ut
1885 4795 2035 4854 caeci,
2057 4799 2183 4864 quia
2205 4793 2430 4847 Domino
2449 4802 2809 4862 peccaverunt
2843 4810 2853 4846 :
2876 4793 3217 4851 eteﬂ‘undam
3239 4814 3369 4853 san-

87 4890 191 4951 ὼς
223 4883 442 4953 τυφλοὶ,
474 4886 556 4938 ὃτι
603 4883 679 4954 τῷ
717 4884 906 4956 Κυρίῳ
946 4885 1282 4956 ἐξήμαρτον·
1314 4889 1404 4940 καὶ
1436 4888 1609 4957 ἐκχεῶ
1638 4887 1694 4942 τὸ

1800 4889 2018 4958 guinem
2069 4901 2262 4939 eorum
2320 4887 2462 4940 sicut
2512 4886 2812 4956 pulveretu,
2856 4896 2909 4939 et
2949 4903 3143 4943 carnes
3177 4906 3364 4946 eorum

85 4977 266 5050 αἷμα
315 4975 493 5031 αὐτῶν
537 4977 612 5038 ὡς
670 4976 829 5047 χοῦν,
870 4978 963 5029 καὶ
1009 4977 1110 5040 τὰς
1161 4977 1369 5050 σάρκας
1408 4979 1586 5032 αὐτῶν
1625 4979 1694 5043 ὡς

1800 4983 1944 5035 sicut
1976 4988 2218 5034 stercora
2253 4977 2436 5031 boum.
2479 4996 2498 5027 ›
2534 4976 2928 5030 Tribulationis
2975 4995 3226 5042 excessu.
3259 4999 3365 5037 non

89 5069 370 5146 βόλϐιτα.
419 5088 438 5122 ι
474 5070 552 5139 Τῇ
586 5067 684 5139 μὲν
713 5068 823 5138 γὰρ
867 5069 1142 5140 ὑπερϐολῇ
1173 5069 1272 5140 τῆς
1313 5070 1543 5141 θλίψεως
1567 5071 1694 5126 διοίμ

1799 5077 1959 5127 erunt
2013 5069 2174 5126 caecis
2236 5068 2552 5130 dissimiles,
2602 5083 2670 5122 ne
2712 5068 2800 5120 illa
2831 5069 3051 5138 quidem
3097 5086 3219 5132 qua:
3244 5083 3369 5126 aute

85 5178 282 5219 deum.
323 5160 537 5228 τυφλῶν
581 5159 760 5213 οὐδέν’
809 5159 928 5215 οὐδὲ
972 5160 1040 5216 τὰ
1087 5161 1194 5232 πρὸ
1230 5160 1407 5215 ποδῶν
1436 5163 1568 5235 όρᾷν
1599 5157 1694 5216 οἷοί

1802 5161 1967 5232 pedes
1993 5168 2125 5214 sunt
2177 5159 2364 5214 videre
2391 5159 2651 5213 valentes.
2688 5159 2887 5230 Atque,
2947 5169 3006 5214 ut
3049 5166 3360 5218 summatim

83 5275 167 5311 τε
238 5253 429 5316 ὅντεςο
482 5253 758 5306 πείσονται
810 5251 867 5305 δὲ
901 5251 1115 5306 ἅπαντα
1169 5254 1446 5323 συντόμως
1493 5256 1694 5316 εἰπεῖν,

1801 5254 2001 5318 dicant,
2038 5250 2172 5306 nihil
2205 5267 2312 5304 non
2345 5250 2503 5320 257
2545 5251 2840 5321 patientur,
2883 5253 3010 5322 quia
3043 5261 3284 5325 graviter
3313 5261 3365 5311 in

86 5343 428 5414 ἐπειδὴπερ
451 5343 588 5410 ἄγαν
610 5340 884 5410 ἠσέϐησαν
913 5343 986 5405 είς
1021 5341 1152 5398 Θεόν
1171 5357 1184 5372 ⁸
1208 5341 1348 5412 ὑπὲρ
1371 5333 1446 5393 ὧν
1473 5342 1694 5412 αἵματός

1802 5344 1968 5400 Deum
1997 5352 2380 5412 peccaverunt.
2401 5341 2475 5394 Ea
2503 5351 2725 5412 propter
2752 5351 2807 5398 et
2838 5345 3121 5414 sanguinis
3148 5346 3369 5408 ell‘usio.

87 5456 176 5492 τε
216 5434 440 5506 ἔκχυσις
487 5433 562 5497 ὼς
613 5435 674 5484 ἐκ
725 5432 918 5486 πολλοῦ
956 5434 1244 5502 γενήσεται
1296 5432 1485 5500 φόνου·
1544 5431 1694 5485 αἵτε

1801 5445 2058 5505 tanquam
2108 5435 2292 5488 multae
2321 5434 2618 5490 occisionis
2655 5435 2778 5500 erit,
2819 5443 2873 5490 et
2901 5437 3211 5494 occisorum
3244 5454 3360 5495 car-

86 5529 236 5588 τῶν
277 5524 730 5596 ἀποθνησκόντων
780 5524 981 5593 σάρκες
1016 5523 1236 5592 ἀτάφων
1280 5522 1545 5594 μενόντων
1595 5522 1694 5574 τᾶ»¹

1805 5544 1922 5592 nes,
1987 5526 2276 5595 insepultis
2336 5525 2566 5579 mortuis
2614 5527 2985 5592 manentibus,
3017 5529 3175 5597 quasi
3216 5531 3374 5587 timus

91 5617 558 5690 ἀναιρουμένων,
589 5614 719 5667 ὡσεὶ
765 5615 965 5685 κόπρος
998 5631 1082 5675 τις
1131 5615 1267 5669 κατὰ
1303 5615 1498 5680 παντὸς

1805 5621 2025 5687 quidam
2055 5617 2203 5672 omni
2240 5616 2356 5672 loco
2394 5615 2767 5686 jactabuntur.
2808 5637 2826 5668 ι
2864 5616 2927 5670 Et
2962 5631 3243 5686 argentum
3278 5637 3370 5679 auo

454 5709 721 5768 PATBOL.
756 5708 870 5765 Gn.
917 5705 1114 5765 LXVI.
2993 5707 3064 5772 15
