3844 6222
540 309 568 358 1!
577 308 642 359 Si)

1736 310 1766 360 Ἰ
1785 310 2082 362 lllLODUlll
2123 307 2604 364 MUPSUES'I'LNI

3687 320 3780 366 4b"

541 433 772 488 rumque
800 433 990 472 eorum
1051 434 1156 472 non
1194 418 1388 488 poterit
1422 418 1652 474 liberare
1681 433 1776 474 eos
1807 420 1862 474 in
1896 420 1986 475 die
2025 421 2116 475 ira:

2231 438 2370 474 σεται
2434 423 2619 476 τόπου.
2672 434 2690 468 ε
2744 423 2853 476 Kai
2909 422 2969 477 τὸ
3014 422 3274 494 ἀργύριον
3321 423 3414 477 καὶ
3465 425 3526 478 τὸ
3578 429 3781 498 χρυσίον

541 511 778 576 homini,
801 519 854 564 et
877 511 1000 581 igne
1017 511 1114 565 zeli
1141 510 1259 580 ejus
1280 512 1907 604 consumetuwniversa
1933 524 2076 568 terra
2103 532 2114 567 :

539 608 667 673 quia
691 604 1219 658 consummationem
1243 612 1299 657 et
1326 594 1732 657 festinationem
1764 603 1925 659 faciet
1955 620 2120 674 super

538 709 730 750 omnes
776 702 937 748 terra:
999 694 1358 747 habitatores.
1396 712 1414 743 ›
1447 691 1592 746 Nihil
1635 693 1772 763 ipsis
1821 694 2120 765 proderunt

539 787 741 838 divitiae
756 785 1112 855 quasinjuste
1127 791 1613 849 coaeervaverunt,
1636 786 1760 853 quia
1796 785 1908 838 haec
1939 787 2119 840 omnia

539 886 783 946 tempore
835 876 928 929 illo
981 876 1177 930 divina:
1203 874 1399 928 cedent
1448 872 1561 936 irae,
1603 888 1725 942 quae
1769 875 1911 944 ignis
1945 874 2120 928 instar

539 972 852 1025 universam
887 977 1174 1023 consumet
1206 975 1407 1020 terram
1429 1005 1444 1030 ,
1477 975 1708 1020 cunctos
1738 975 1916 1018 autem
1966 965 2119 1017 babi-

539 1070 742 1116 tatorcs
782 1061 902 1130 ejus
952 1060 1117 1113 multa
1169 1073 1290 1111 eum
1332 1057 1678 1111 festinatione
1719 1057 2115 1124 pessumdabit.

539 1153 742 1206 Deinde
775 1159 898 1220 post
941 1151 1208 1203 malorum
1261 1148 1693 1216 prmdictionem,
1729 1148 1782 1200 in
1815 1163 1964 1216 spem
2000 1148 2121 1201 illos

541 1263 638 1315 pm
667 1261 818 1299 more
847 1259 947 1299 suo
975 1241 1236 1312 propheta
1263 1241 1500 1308 erigens,
1528 1239 1704 1309 pergit
1729 1239 1943 1294 dicere:

2216 512 2396 566 αὐτῶν
2446 513 2506 565 οὐ
2561 513 2635 584 μὴ
2691 515 2890 585 δυνηθῇ
2942 514 3217 578 ἐξελέσθαι
3266 517 3459 582 αὐτοὺς
3505 521 3562 572 ὲν
3615 523 3780 594 ἡμέρᾳ

2216 603 2385 673 ὀργῆς
2429 603 2634 674 Κυρίου
2659 643 2674 668 ,
2703 604 2795 657 καὶ
2825 605 2885 658 ἐν
2929 607 3061 675 πυρὶ
3095 606 3452 675 ζήλουάύτοῦ
3477 613 3780 664 καταναλω-

2219 692 2442 764 θήσεται
2483 694 2633 747 πᾶσα
2681 694 2715 764 ἠ
2756 694 2829 765 γῆ
2853 710 2866 724 υ
2912 695 3046 746 διότι
3081 695 3390 749 συντέλειαν
3443 699 3536 751 καὶ
3567 701 3784 769 σπουδὴν

2219 787 2432 857 ποιήσει
2465 788 2558 840 ἐπὶ
2597 786 2806 850 πάντας
2854 787 2980 849 τοὺς
3034 789 3423 853 κατοικοῦντας
3459 790 3555 861 τὴν
3608 791 3726 860 γῆν.
3761 811 3778 844 ι

2223 875 2448 942 Ὄνησις
2494 876 2678 939 αὐτοῖς
2722 876 2947 946 οὐδεμία
2998 877 3090 929 τοῦ
3133 878 3362 932 πλούτου
3414 882 3698 950 γενήσεται
3735 884 3785 934 ὃν

2222 970 2524 1038 συνήγαγον
2572 971 2803 1034 ἀδίκως,
2863 972 2952 1041 (p.
2998 972 3134 1038 599.)
3185 973 3373 1044 ἐπειδὴ
3413 975 3586 1028 ταῦτα
3627 978 3786 1029 πάντα

2221 1059 2360 1112 κατά
2391 1059 2481 1111 τὸν
2531 1061 2721 1131 καιρὸν
2770 1064 2975 1116 ἐκεῖνον
3025 1064 3251 1134 δεύτερα
3304 1065 3402 1135 τῆς
3440 1067 3609 1136 ὀργῆς
3650 1067 3786 1120 ἔσται

2217 1151 2318 1219 τῆς
2364 1151 2548 1216 Θείας,
2603 1151 2636 1222 ἢ
2675 1154 2848 1225 πυρὸς
2876 1155 3034 1224 δίκην
3075 1158 3255 1211 πᾶσαν
3288 1159 3386 1228 μὲν
3424 1158 3788 1212 καταναλώσει

2221 1243 2319 1311 τὴν
2350 1244 2483 1312 γῆν,
2522 1244 2737 1308 πάντας
2779 1246 2836 1299 δὲ
2892 1249 3019 1310 τοὺς
3061 1248 3404 1314 ἐνοικοῦντας
3447 1250 3616 1320 αὐτὴν
3669 1251 3790 1320 μετὰ

538 1333 730 1386 τολλοῦ
755 1349 818 1400 γε
846 1331 1098 1384 ἀπολέσει
1123 1329 1216 1382 τοῦ
1244 1330 1463 1399 τάχους.
1500 1324 1632 1382 Εἶτα
1673 1330 1808 1398 μετά
1840 1329 1939 1399 τὴν
1977 1333 2206 1400 μήνυσιν
2240 1332 2347 1383 τῶν
2380 1331 2599 1397 κακῶν,
2635 1333 2918 1399 εὐέλπιδας
2945 1337 3140 1400 αὐτοὺς
3174 1336 3355 1400 καθὼς
3383 1337 3575 1392 εἴωθεν
3618 1337 3648 1390 ὁ
3671 1353 3792 1408 προ-

539 1432 610 1497 είηή
618 1444 713 1497 της
743 1423 929 1488 ποιῶν,
959 1422 1151 1490 ἐπάγει

1203 1511 1356 1565 CAP.
1386 1511 1450 1565 ιι.

611 1606 914 1661 Vsus-lii.
949 1634 1013 1645 —
1061 1623 1080 1655 ι
1109 1602 1554 1673 Congregamini,
1607 1601 1884 1671 simulque
1940 1611 2119 1660 orate.

535 1716 669 1772 gens
695 1699 992 1758 inerudita.
1027 1704 1320 1766 antequam
1370 1695 1516 1749 ﬁalis
1550 1703 1606 1748 ut
1634 1693 1732 1748 llos
1751 1695 2123 1763 pertransiens

537 1792 789 1853 diurnus,
847 1795 1139 1855 antequam
1185 1783 1367 1837 veniat
1407 1797 1574 1852 super
1631 1797 1728 1837 vos
1770 1783 1849 1835 ira
1917 1781 2124 1836 furoris

2870 1519 3026 1573 ΚΕΦ.
3069 1519 3144 1572 B'.

2290 1608 2436 1679 Στίχ.
2472 1607 2616 1674 α’-γ’.
2667 1638 2736 1648 -
2782 1627 2800 1660 ι
2835 1610 3144 1682 Συνάχθητε
3210 1611 3302 1663 καὶ
3357 1611 3706 1683 συνδεήθητε,
3737 1618 3789 1670 τὸ

2221 1696 2372 1758 ἔθνος
2392 1697 2452 1750 τὸ
2475 1697 2795 1752 ἀπαίδευτον
2820 1699 2926 1769 πρὸ
2951 1699 3044 1752 τοῦ
3073 1699 3325 1768 γενέσθαι
3359 1700 3503 1770 ὑμᾶς
3530 1701 3608 1763 ὡς
3649 1701 3790 1763 ἄνθος

2224 1787 2750 1858 παραπορευόμενον
2774 1788 3008 1859 ἡμέρας,
3037 1791 3140 1860 πρὸ
3161 1790 3254 1843 τοῦ
3277 1789 3524 1843 ἐπελθεῖν
3550 1792 3636 1860 ἐφ’
3662 1792 3790 1861 ὑμᾶς

538 1875 772 1930 Domini.
817 1893 834 1924 ι
881 1873 1075 1943 Agesis
1107 1871 1272 1934 enim,
1302 1883 1496 1923 omnes
1524 1868 1620 1938 qui
1655 1869 1926 1922 hactenus
1959 1869 2118 1922 ollieii

2231 1880 2390 1950 ὒργὴν
2424 1879 2598 1950 θυμοῦ
2631 1881 2922 1950 Κυρίουέι
2976 1881 3134 1934 Ἀλλά
3165 1884 3271 1954 γὰρ
3310 1883 3547 1948 ἅπαντες
3577 1887 3730 1956 ὑμεῖς
3751 1885 3791 1936 οἱ

538 1965 706 2021 vestri
728 1963 1080 2032 disciplinam
1103 1975 1212 2014 non
1253 1958 1582 2028 excepistis,
1619 1973 1767 2010 nunc
1793 1958 2122 2026 congregati

538 2069 855 2112 communes
877 2053 986 2108 Deo
1009 2067 1200 2123 preces
1221 2051 1484 2114 extollite,
1516 2066 1586 2104 ne
1616 2049 1755 2104 forte
1779 2049 1928 2104 floris
1949 2050 2125 2102 instar

538 2155 760 2218 repente
781 2145 1193 2202 marcescentis.
1217 2157 1531 2214 supremum
1556 2143 1783 2197 exitium
1815 2143 2120 2211 patiamini,

549 2248 660 2290 tuta
689 2237 744 2290 in
771 2250 868 2289 vos
901 2234 1143 2287 irruente
1161 2233 1344 2286 divina
1376 2231 1478 2284 ira.
1504 2249 1521 2281 ι
1549 2229 1788 2296 Qumrite
1811 2231 2123 2296 Dominum,

537 2329 719 2384 cimcti
748 2328 986 2383 humiles
1029 2337 1206 2380 terrae.
1244 2343 1262 2376 ι
1298 2323 1408 2378 Vos
1430 2324 1526 2393 qui
1569 2339 1680 2393 prae
1719 2323 1930 2378 caeteris
1968 2330 2126 2375 terrae

539 2424 776 2486 incolis,
836 2419 1248 2476 calamitatibus
1302 2417 1526 2472 inﬂictis
1579 2416 1848 2471 humiliati
1914 2415 2120 2479 fuistis,

541 2527 686 2565 nunc
713 2517 996 2578 resumpto
1017 2521 1159 2560 vera:
1190 2506 1412 2575 pietatis
1440 2503 1648 2570 studio,
1685 2504 2124 2557 misericordiam

541 2603 829 2672 implorata
863 2600 1125 2654 divinam.
1168 2615 1187 2648 ‹
1223 2596 1496 2650 Judicium
1546 2596 1845 2665 operamini
1878 2604 1932 2649 et
1959 2595 2128 2664 justi-

539 2697 672 2750 tiam
723 2693 972 2763 quaerite.
1006 2711 1024 2744 ι
1071 2689 1227 2746 Nunc
1255 2688 1384 2743 facti
1422 2689 1558 2758 justi
1590 2688 1786 2742 debita:
1819 2687 2124 2742 honestatis

539 2788 776 2857 judices,
818 2785 1308 2849 discernentesque
1337 2795 1365 2832 a
1393 2779 1671 2834 deteriore
1703 2779 1921 2840 melius,
1959 2768 2125 2848 justi-

544 2877 630 2928 tiae
643 2874 767 2927 date
784 2886 1027 2942 operam.
1052 2889 1067 2920 ι
1081 2869 1318 2934 Quterite
1335 2865 1812 2920 mansuetudinem
1830 2874 1882 2918 et
1903 2880 2130 2935 respon-

543 2961 667 3016 dete
697 2974 781 3024 ea,
802 2956 1238 3028 utprotegamini
1269 2956 1322 3007 in
1355 2953 1442 3008 die
1472 2953 1567 3007 ira:
1583 2952 1851 3007 Domini.»
1873 2951 2128 3006 Mansue-

544 3053 788 3107 tudinem
806 3051 990 3120 eligite
1009 3055 1064 3102 et
1085 3046 1426 3118 patientiam,
1457 3060 1618 3100 secus
1647 3059 1711 3099 ac
1732 3044 1861 3098 olim
1915 3043 2131 3113 iniusta:

545 3156 846 3213 pauperum
875 3135 1216 3208 oppressioni
1246 3151 1467 3206 operam
1501 3133 1764 3190 dedistis:
1797 3133 1964 3204 258
1996 3134 2130 3204 quin

2229 1969 2388 2038 μέχρι
2433 1967 2525 2020 τοῦ
2550 1967 2708 2038 δεῦρο
2753 1968 2850 2039 τὴν
2880 1968 2988 2024 τῶν
3018 1971 3402 2041 προσηκόντων
3431 1973 3492 2024 ού
3522 1972 3791 2044 δεξάμενοι

2225 2059 2496 2123 παιδείαν,
2539 2059 2634 2114 νῦν
2667 2060 2797 2128 γοῦν
2845 2061 3186 2124 συνελθόντες
3206 2105 3220 2129 ,
3245 2063 3428 2127 κοινὰς
3461 2065 3560 2127 τὰς
3591 2065 3792 2136 δεήσεις

2225 2151 2300 2220 τῷ
2325 2151 2444 2222 Θεῷ
2473 2152 2852 2222 προσαγάγετε
2871 2195 2887 2218 ,
2919 2153 2994 2217 ὼς
3019 2153 3084 2208 ἂν
3109 2161 3180 2232 μὴ
3212 2153 3366 2224 δίκην
3389 2155 3584 2219 ἄνθους
3613 2157 3794 2228 ἀθρόον

2226 2238 2615 2304 ἀφανισθέντος
2669 2241 2912 2311 παντελῆ
2975 2241 3072 2312 τὴν
3119 2240 3392 2295 ἀπώλειαν
3436 2244 3790 2317 ὑπομείνητε,

2226 2329 2502 2394 ὁλοτελοῦς
2541 2333 2626 2400 ἐφ’
2655 2332 2799 2402 ὑμᾶς
2846 2332 3159 2402 ἐνεχθείσης
3187 2334 3286 2403 τῆς
3314 2335 3483 2406 ὀργῆς
3509 2335 3613 2406 τῆς
3633 2338 3789 2397 θείας.

2234 2441 2251 2472 ι
2287 2423 2561 2492 Ζητήσατε
2595 2423 2685 2476 τὸν
2715 2423 2942 2494 Κύριον,
2979 2425 3181 2488 πάντες
3209 2429 3454 2480 ταπεινοὶ
3487 2427 3612 2498 γῆς.
3645 2447 3664 2481 ›
3696 2430 3793 2481 Καὶ

2227 2513 2274 2563 οί
2309 2512 2456 2580 παρὰ
2493 2512 2700 2575 πάντας
2723 2514 2848 2574 τοὺς
2875 2514 2974 2584 τὴν
3009 2514 3112 2582 γῆν
3147 2515 3431 2580 οἰκοῦντας
3461 2519 3587 2580 ταῖς
3621 2519 3792 2570 ἐπενε-

2229 2603 2471 2673 χθείσαις
2505 2605 2632 2674 ὑμῖν
2681 2609 2984 2676 συμφοραῖς
3021 2607 3508 2676 τεταπεινωμένοι,
3538 2610 3791 2680 ἐπιμελη-

2231 2690 2416 2752 θέντες
2445 2690 2544 2759 τῆς
2585 2691 2886 2757 εὐσεϐείας,
2916 2693 3005 2744 τὸν
3039 2693 3186 2746 ἔλεον
3239 2695 3498 2764 αἰτήσαι-ε
3526 2695 3621 2750 τὸν
3643 2699 3787 2750 θεῖον.

2235 2797 2254 2830 ‹
2294 2781 2481 2850 Κρῖμα
2529 2779 2837 2851 ὲργάσασθε
2889 2781 2984 2835 καὶ
3040 2782 3312 2854 ζητήσατε
3365 2785 3727 2856 δικαιοσύνην.
3772 2805 3788 2836 ι

2229 2873 2344 2925 Νῦν
2375 2872 2525 2943 ὀρθοὶ
2555 2872 2649 2926 τοῦ
2698 2873 3066 2944 προσήκοντος
3116 2877 3396 2946 γενόμενοι
3430 2879 3653 2948 κριταὶ,
3710 2878 3790 2931 καὶ

2229 2963 2596 3031 διακρίνοντες
2621 2964 2686 3016 ὲκ
2719 2964 2812 3017 τοῦ
2836 2965 3078 3037 χείρονος
3105 2967 3164 3019 τὸ
3187 2969 3432 3037 κρεῖττον
3457 2968 3790 3038 ἐπιμελεῖσθε

2224 3045 2317 3098 τοῦ
2331 3046 2560 3101 δικαίου.
2579 3049 2655 3117 (p.
2678 3048 2808 3119 595)
2829 3067 2846 3099 ι
2870 3052 3148 3121 Ζητήσατε
3172 3051 3450 3119 πραότητα
3463 3051 3554 3103 καὶ
3581 3051 3792 3122 ἀποκρίο

2225 3135 2380 3190 νεσθε
2413 3135 2575 3201 αὐτὰ,
2608 3138 2756 3201 ὅπως
2793 3140 3137 3207 σκεπασθῆτε
3183 3141 3238 3192 ὲν
3280 3140 3460 3212 ἡμέρᾳ
3485 3141 3664 3212 ὀργῆς
3695 3143 3795 3194 Κυμ

544 3236 682 3290 adeo
711 3229 1230 3303 spondete,morum
1253 3229 1448 3281 borum
1472 3226 1586 3280 fore
1623 3241 1722 3280 vos
1753 3227 2050 3280 studiosos:
2075 3225 2124 3278 id

2231 3227 2368 3296 ρίου.
2401 3246 2420 3279 ι
2468 3229 2803 3283 Ἐπιείκειαν
2837 3231 3022 3283 ἕλεσθε
3057 3231 3148 3283 καὶ
3185 3229 3556 3295 ἀνεξικακίαν,
3587 3232 3702 3285 ἀνθ’
3736 3228 3793 3301 ἧς

546 3327 690 3380 enim
709 3324 1077 3390 valetdictio,c
1091 3321 1500 3392 Respondeteea
1517 3327 1881 3388 pultempore
1904 3318 2126 3387 punitio-

2231 3319 2492 3390 πρότερον
2519 3322 2661 3374 κατά
2679 3322 2786 3374 τῶν
2817 3323 3155 3392 πενεστέρων
3182 3323 3534 3392 ὲπετηδεύετε
3574 3324 3792 3386 ἀδικίας,

549 3416 635 3470 nis
657 3409 1075 3482 consequamini
1110 3407 1345 3476 aliquam
1362 3422 1390 3458 a
1410 3405 1518 3459 Deo
1531 3421 1708 3474 opem.
1732 3406 1922 3461 Postea
1944 3409 2126 3462 recitat

2231 3412 2322 3464 καὶ
2352 3412 2415 3483 δὴ
2441 3412 2698 3466 σύνθεσθε
2729 3413 2965 3485 περὶτὴν
2978 3415 3184 3467 τούτων
3201 3415 3344 3485 ἔχειν
3368 3415 3607 3485 σπουδήν
3629 3415 3796 3469 ’τοῦτο

548 3503 861 3560 inferendas
888 3499 1212 3571 alienigenis
1237 3498 1646 3567 castigationes,
1669 3506 1891 3568 propter
1912 3499 2126 3554 illorum

2231 3503 2338 3574 γὰρ
2366 3503 2512 3572 λέγει
2532 3505 2612 3569 τὸ,
2645 3523 2663 3556 ι
2697 3507 2806 3558 Καὶ
2829 3505 3191 3576 ἀποκρίνεσθε
3213 3506 3372 3567 αύτά,
3403 3525 3420 3557 ι
3447 3508 3521 3570 ὼς
3551 3508 3622 3561 ἂν
3644 3524 3796 3578 προσ-

547 3601 810 3666 adversus
859 3593 1137 3650 lsraelitas
1198 3590 1564 3660 iniquitatem,
1625 3598 1685 3642 ut
1738 3591 1818 3644 sic
1869 3591 2128 3659 majorem

553 3692 644 3745 Dei
675 3703 802 3761 erga
836 3688 937 3742 hos
959 3684 1184 3739 tutelam
1220 3683 1579 3737 demonstret.

2229 3595 2438 3662 γένοιτο
2463 3596 2592 3664 ὑμῖν
2625 3597 2681 3647 έν
2716 3595 2793 3665 τῷ
2826 3595 3003 3664 καιρῷ
3032 3596 3132 3664 τῆς
3162 3597 3432 3668 τιμωρίας
3458 3603 3644 3668 τυχεῖν
3665 3616 3794 3660 τινος

2229 3683 2380 3752 παρά
2427 3683 2520 3735 τοῦ
2561 3682 2696 3736 Θεοῦ
2745 3684 3019 3754 βοηθείας.
3060 3681 3190 3737 Εἶτα
3220 3684 3365 3752 λέγει
3394 3683 3492 3748 τὰς
3519 3686 3665 3738 κατά
3703 3683 3794 3734 τῶν

550 3781 842 3852 ἀλλοτρίων
885 3775 1153 3848 τιμωρίας
1215 3775 1354 3846 ὑπὲρ
1408 3773 1505 3845 τῆς
1551 3775 1630 3836 είς
1664 3774 1858 3836 αὐτοὺς
1909 3774 2123 3838 ἀδικίας
2166 3775 2466 3844 ἐπάγεσθαι
2501 3779 2797 3848 μελλούσας
2819 3779 2892 3842 ὡς
2919 3777 2984 3831 ἂν
3019 3776 3238 3848 μείζονα
3290 3776 3391 3846 τῆς
3434 3777 3566 3848 περὶ
3616 3777 3797 3837 αὐτοὺς

549 3873 874 3947 κηδεμονίας
901 3872 994 3925 τοῦ
1022 3871 1155 3923 Θεοῦ
1183 3871 1467 3940 ποιήσαιτο
1497 3868 1594 3940 τὴν
1621 3868 1910 3934 ἀπόδειξιν.

629 3968 790 4021 Vens.
823 3965 940 4020 4-6.
984 3989 1040 4004 ι-
1073 3982 1091 4014 (
1127 3964 1263 4030 Quia
1293 3963 1438 4018 Gaza
1471 3965 1781 4034 diripietur,
1812 3974 1866 4020 et
1897 3965 2130 4021 Ascalon

548 4063 604 4117 in
637 4059 1057 4123 desolationem,
1095 4065 1149 4111 et
1183 4057 1386 4112 Azotus
1416 4057 1644 4111 meridie
1703 4041 2044 4127 projicietur,
2081 4070 2130 4113 et

557 4159 801 4207 Accaron
832 4150 1224 4205 eradicabitur.
1262 4171 1280 4203 ι
1307 4150 1640 4220 Alienigenze
1669 4164 1885 4212 omnes,
1910 4160 2133 4220 propter

551 4263 611 4298 ea
638 4257 756 4311 quae
779 4245 1045 4295 adversus
1095 4257 1195 4296 vos
1232 4250 1479 4310 egerunt,
1534 4255 1640 4294 non
1679 4240 1900 4310 vulgare
1923 4239 2132 4308 suppli-

551 4339 697 4392 cium
757 4335 1052 4406 perferent.
1109 4333 1228 4390 Jam
1263 4333 1560 4397 «meridie,
1602 4352 1620 4385 ι
1667 4348 1959 4387 commune
2009 4334 2131 4386 aliis

553 4427 896 4489 vocabulum,
923 4425 1055 4480 dicit
1079 4440 1198 4496 pro,
1231 4423 1537 4488 manifeste.
1565 4425 1638 4478 ita
1665 4433 1721 4478 ut
1753 4440 1839 4479 res
1864 4423 2131 4478 neminem

554 4520 716 4573 lateat
765 4535 779 4574 τ
822 4534 946 4573 nam
991 4532 1112 4589 qum
1152 4517 1223 4571 de‘
1265 4516 1495 4586 singulis
1539 4516 1670 4570 dicit
1713 4516 1970 4579 urbibus,
2023 4516 2136 4568 sive

555 4611 722 4669 Gaia.
761 4611 876 4666 sive
911 4608 1347 4672 Ascalone,'sive
1387 4609 1632 4677 reliquis,
1673 4607 2036 4662 communiter
2071 4606 2138 4659 de

553 4703 809 4756 mimibus
841 4700 995 4764 dicit,
1023 4699 1126 4754 etsi
1160 4699 1333 4754 diviso
1392 4713 1676 4762 sermone,
1717 4705 1775 4752 ut
1809 4697 1968 4752 solet.
2011 4695 2139 4750 Vult

2299 3967 2446 4037 Στίχ.
2481 3966 2627 4031 δ’-ς’.
2669 3999 2736 4008 -
2773 3986 2792 4020 ι
2832 3967 2977 4020 Διότι
3027 3968 3175 4032 Γάζα
3212 3968 3596 4040 διηρπασμένη
3639 3969 3795 4022 ἔσται,

2228 4060 2322 4112 καὶ
2368 4059 2644 4112 ’Λσκάλων
2692 4059 2771 4122 είς
2803 4057 3142 4130 ἀφανισμὸν,
3185 4058 3282 4113 καὶ
3322 4059 3565 4124 ’Ἄζωτος
3599 4075 3797 4129 μεσημ-

2228 4149 2387 4221 ϐρίας
2421 4149 2799 4220 ἐκριφήσεται,
2844 4149 2939 4201 καὶ
2979 4147 3262 4220 Ἀκκαρὼν
3295 4147 3744 4220 ἐκριζωθήσεται.
3779 4165 3794 4197 ν

2230 4236 2436 4303 Πάντες
2453 4239 2563 4310 γὰρ
2631 4241 2681 4294 οἱ
2735 4239 3052 4308 ἀλλόφυλοι,
3095 4239 3232 4312 ὑπὲρ
3271 4233 3347 4295 ὧν
3382 4239 3500 4293 καθ’
3531 4239 3692 4311 ὑμῶν
3715 4255 3796 4290 πε-

2231 4331 2522 4400 ποιήκασι,
2570 4332 2840 4402 τιμωρίαν
2887 4331 3129 4398 δέξονται
3182 4333 3242 4384 οὐ
3278 4331 3376 4404 τὴν
3403 4331 3711 4401 τυχοῦσανο
3748 4332 3799 4381 τί»

2231 4421 2339 4492 γὰρ
2395 4441 2413 4474 ‹
2468 4423 2816 4495 μεσημϐρίας
2862 4441 2881 4473 ι
2927 4422 3069 4476 κατὰ
3119 4422 3299 4476 κοινοῦ
3355 4422 3502 4491 λέγει
3545 4423 3672 4476 ἀντῖ⁵
3695 4421 3798 4481 τοῦ,

2235 4514 2519 4586 προδήλως
2541 4554 2555 4576 ,
2607 4514 2680 4577 ὡς
2726 4515 2934 4585 μηθένα
2969 4515 3029 4567 τὸ
3058 4515 3341 4585 γινόμενον
3379 4513 3593 4568 λαθεῖν·
3628 4514 3666 4569 ἃ
3708 4516 3803 4583 γὰρ

2235 4609 2362 4677 περὶ
2397 4609 2634 4678 ἑκάστης
2665 4607 2813 4675 λέγει
2843 4607 2950 4660 τῶν
2995 4607 3201 4661 πόλεων
3221 4647 3234 4672 ,
3270 4605 3325 4658 εί
3349 4623 3407 4658 τε
3436 4604 3637 4678 Γάζης,
3677 4609 3728 4659 et
3752 4622 3802 4656 τε

2251 4698 2620 4763 Ἀσκάλωνος,
2676 4698 2731 4750 εἴ
2749 4715 2808 4750 τε
2846 4698 2954 4751 τῶν
2999 4699 3230 4763 λοιπῶν,
3276 4699 3415 4752 κατά
3448 4698 3632 4752 κοινοῦ
3687 4699 3803 4768 περὶ

553 4796 697 4849 enim
730 4793 912 4847 dicere
943 4800 1171 4846 cunctas
1201 4791 1630 4860 alienigenarum
1666 4793 1830 4846 urbes
1864 4789 2126 4859 direptum

2239 4791 2428 4843 πασῶν
2468 4791 2616 4858 λέγει
2668 4790 2857 4844 διελὼν
2888 4790 2966 4860 τῷ
3012 4791 3186 4862 λόγῳ,
3222 4789 3404 4853 καθὼς
3453 4790 3639 4848 εἴωθε.
3683 4790 3801 4842 Βού-

554 4889 1002 4956 destructumque
1028 4886 1119 4950 iri,
1149 4893 1203 4940 et
1237 4886 1384 4939 omni
1417 4901 1515 4941 sua
1541 4885 1872 4954 proprietate
1893 4882 2132 4953 dejectas

556 4993 873 5047 supremum
906 4977 1176 5030 excidium
1215 4990 1497 5046 passuras.
1549 4993 1567 5026 ι
1610 4973 1696 5028 Va:
1729 4973 1824 5043 qui
1872 4974 2132 5028 habitatis

556 5069 859 5122 funiculum
879 5068 1067 5132 maris,
1091 5069 1310 5122 advena:
1330 5067 1638 5122 Cretenses“:
1663 5065 1894 5120 Verbum
1919 5066 2130 5119 Domini

556 5176 723 5230 super
752 5174 870 5221 vos,
893 5159 1152 5213 Chanaan
1189 5168 1331 5214 terra
1359 5159 1680 5212 alienorum.
1704 5158 1767 5211 Et
1790 5157 2011 5228 perdam
2037 5174 2131 5211 vos

555 5255 623 5307 de
643 5251 1002 5304 habitatione.
1026 5249 1207 5304 Eterit
1223 5251 1381 5305 Creta
1411 5267 1610 5319 pascua
1635 5265 1883 5320 gregum,
1905 5258 1957 5303 et
1992 5250 2133 5302 ovile

558 5357 841 5414 pecorum.
885 5361 903 5394 ι
942 5340 1078 5407 Quia
1131 5343 1416 5395 maritimae
1461 5345 1624 5398 urbes
1660 5343 1765 5396 illa:
1803 5349 1982 5403 erant,
2014 5341 2132 5394 idco

557 5434 865 5489 funiculum
891 5434 1059 5488 maris
1081 5450 1173 5490 cas
1203 5435 1514 5505 appellavit,
1545 5437 1690 5490 sicut
1719 5436 1884 5490 etiam
1943 5433 2135 5488 beatus

562 5526 728 5582 David
755 5527 829 5580 ait
864 5525 951 5580 his
983 5527 1163 5581 verbis
1191 5543 1203 5580 :
1239 5547 1257 5580 ‹
1290 5527 1439 5583 Dabo
1470 5530 1567 5584 tibi
1609 5539 1812 5585 terram
1843 5527 2132 5591 Chanaan,

562 5619 865 5673 funiculum
905 5618 1236 5676 increditatis
1275 5631 1472 5677 vestrae
1497 5623 1542 5655 ⁸⁸
1573 5640 1586 5678 :
1619 5638 1636 5671 ι
1664 5638 1838 5693 pron
1855 5632 1912 5679 ut
1943 5621 2085 5674 dical
2120 5635 2132 5670 ε

636 5731 680 5761 ³⁸
712 5728 834 5786 Psal
880 5747 989 5798 ειν,
1031 5731 1117 5786 ll.

2235 4882 2385 4935 λεται
2413 4881 2520 4951 γάρ
2550 4883 2723 4935 εἰπεῖν
2754 4882 2836 4935 ὅτι
2871 4883 3042 4935 πᾶσαι
3069 4880 3179 4933 τῶν
3209 4879 3519 4950 ἀλλοφύλων
3545 4881 3602 4933 ai
3632 4880 3800 4940 πόλεις

2235 4970 2702 5042 διαρπαγήσονταί
2772 4987 2832 5024 τε
2884 4971 2978 5024 καὶ
3028 4969 3515 5041 ἀφανισθήσονται,
3569 4971 3666 5023 καὶ
3712 4970 3799 5038 τῆς

2232 5060 2438 5122 οἰκείας
2459 5062 2761 5133 εὐπραγίας
2779 5064 3168 5134 ἀπορριφεῖσαι
3193 5063 3424 5133 παντελῆ
3441 5063 3683 5129 δέξονται
3703 5063 3794 5131 τὴν

2230 5151 2523 5206 ἀπώλειαν.
2573 5172 2591 5204 ι
2629 5155 2765 5208 Οὐαὶ
2799 5155 2850 5206 οἱ
2889 5153 3264 5217 κατοικοῦντες
3297 5155 3356 5207 τὸ
3390 5155 3678 5225 σχοίνισμα
3706 5155 3795 5221 τῆς

2233 5241 2527 5313 θαλάσσης,
2551 5244 2801 5312 πάροικοι
2817 5243 3050 5315 Κρητῶν
3075 5261 3088 5274 ·
3122 5244 3278 5312 λόγος
3300 5246 3505 5316 Κυρίου
3529 5248 3612 5314 ἐφ’
3636 5247 3796 5316 ὑμᾶς.

2232 5335 2454 5388 Χαναὰν
2493 5335 2560 5405 γῆ
2605 5335 2948 5404 ἀλλοφύλων·
2983 5335 3079 5388 καὶ
3119 5335 3305 5388 ἀπολῶ
3339 5337 3482 5407 ὑμᾶς
3524 5338 3587 5390 ὲκ
3625 5355 3798 5390 κατοι-

2233 5427 2386 5491 κίας·
2425 5428 2518 5481 καὶ
2548 5426 2697 5480 ἔσται
2743 5427 2927 5499 Κρήτη
2972 5427 3112 5498 νομὴ
3146 5429 3428 5498 ποιμνίων,
3457 5429 3548 5483 καὶ
3593 5431 3798 5499 μάνδρα

2235 5520 2542 5593 προϐάτων.
2577 5541 2596 5573 ι
2631 5521 2706 5592 (p.
2753 5521 2880 5591 ὅθί)
2933 5520 3148 5592 Ἐπειδὴ
3182 5519 3481 5592 παραλῖους
3531 5517 3670 5574 εἶναι
3709 5522 3798 5577 τὰς

2238 5614 2422 5676 πόλεις
2471 5612 2786 5677 συνέϐαινε,
2839 5611 3123 5682 σχοίνισμα
3172 5611 3444 5681 θαλάσσης
3494 5609 3663 5673 αὑτὰς
3713 5609 3795 5660 κέ-
