3830 6216
193 251 287 306 661

1165 258 1814 316 COMMENTARIUS-IN
1855 259 2221 316 SOPHONIIE
2251 260 2403 316 CAP.
2448 259 2513 313 ll.

3329 259 3432 314 462

191 371 415 444 κληκεν,
447 376 526 439 ὡς
569 376 598 429 6
643 376 911 448 μακάριος
959 377 1106 446 λέγει
1150 379 1314 434 Δαυὶδ
1351 380 1556 447 λέγων’
1623 398 1641 430 ι
1679 379 1769 430 Σοὶ

1886 379 2211 435 l’ossessioni
2228 387 2419 434 vestrm
2434 379 2677 434 addicam
2693 377 3118 432 Chananzeormn
3139 379 3436 445 regionem,

192 463 348 518 δώσω
416 467 516 537 τὴν
571 468 676 539 γῆν
726 468 983 535 Χαναὰν,
1057 470 1347 539 σχοίνισμα
1402 469 1761 541 κληρονομίας

191 555 370 625 ὑμῶν·
413 575 433 609 ι
468 557 554 611 ἵνα
585 559 738 629 εἴπῃ,
790 559 870 612 ὅτι
897 560 991 622 Εἰς
1037 559 1229 630 κτῆσιν
1274 561 1403 630 ὑμῖν
1431 558 1640 629 ἁφοριῶ
1668 557 1765 628 τὴν

187 643 514 703 Χαναναίων
547 648 670 720 γῆν,
701 651 766 702 ἐκ
791 651 1107 720 μεταφορᾶς
1129 650 1236 702 τῶν
1274 650 1468 720 σχοίνῳ
1503 647 1764 719 μετρούν-

190 756 300 791 των
320 739 432 792 τῶν
456 757 515 792 τε
535 740 875 811 διοριζόντων
893 740 990 811 τὴν
1014 743 1137 812 γῆν.
1167 740 1354 805 Οῦτως
1375 737 1465 794 οῦν
1488 739 1767 794 κάνταῦθα

187 827 342 894 λέγει
385 847 404 879 ι
442 829 503 881 τὸ
549 830 836 900 σχοίνισμα
868 830 966 901 τῆς
1000 830 1306 902 Θαλάσσης,
1348 851 1366 883 ι
1396 831 1514 884 ἀντὶ
1538 829 1630 882 τοῦ
1656 869 1670 892 ,
1703 832 1766 882 Οἱ

188 920 288 989 τὴν
333 920 764 990 παραθαλάττιον
813 921 1083 985 οἰκοῦντες
1115 924 1326 994 μερίδα.
1371 923 1444 975 Τὸ
1471 922 1527 974 δὲ
1562 939 1579 972 ι
1623 919 1766 991 πάρ-

187 1026 332 1061 οικοι
362 1011 596 1082 Κρητῶν
633 1032 650 1062 ι
681 1011 829 1079 λέγει
853 1053 866 1076 ,
901 1013 1086 1082 ἐπειδὴ
1133 1015 1363 1078 τινεςιέκ
1395 1014 1618 1083 Κρήτης
1647 1013 1768 1066 κατ’

193 1101 468 1170 ἐμπορίαν
525 1103 712 1156 αὐτόθι
762 1105 1197 1174 παραγεγονὸτες
1246 1105 1321 1168 ὼς
1378 1107 1456 1169 είς
1515 1105 1766 1174 παραθα-

192 1191 454 1252 λασσίους
516 1194 731 1260 πόλεις,
789 1197 958 1249 οἰκεῖν
1002 1197 1206 1248 εἴλοντο
1249 1197 1377 1267 παρ’
1428 1197 1631 1258 αὐτοῖς.
1682 1197 1770 1259 Ὠς

195 1283 294 1334 καὶ
324 1283 474 1353 παρᾶ
504 1283 582 1354 τῷ
625 1285 803 1355 Ἀμὼς
843 1286 1013 1354 λέγει·
1069 1306 1087 1338 ‹
1130 1287 1435 1355 Κατακύξξιω
1487 1285 1658 1357 φυλὴν
1709 1284 1770 1350 ἐξ

194 1375 410 1444 ἀνδρῶν
456 1374 710 1446 Χαρρὰν,
761 1397 779 1428 ›
815 1378 942 1447 περὶ
982 1379 1090 1432 τῶν
1135 1378 1345 1432 ἐκεῖθεν
1393 1381 1460 1450 τῇ
1493 1377 1770 1448 Δαμασκῷ

193 1468 605 1536 παροικούντων
644 1469 845 1538 λέγων·
877 1469 1048 1534 οὕτως
1090 1471 1197 1542 γὰρ
1228 1472 1322 1523 καὶ
1353 1469 1587 1523 ἐνταῦθα
1627 1486 1770 1540 παρ-

193 1557 380 1620 οίκους
421 1560 652 1632 Κρητῶν
701 1563 884 1627 καλεῖ,
945 1563 1031 1616 ἵνα
1081 1565 1209 1634 εἴπῃ
1237 1565 1362 1625 τοὺς
1407 1565 1536 1634 παρ’
1583 1562 1768 1624 αὐτοῖς

191 1649 477 1714 οἰκοῦντας
519 1654 750 1725 Κρητῶν
773 1672 786 1683 ·
821 1654 1066 1724 βούλεται
1100 1651 1193 1708 οῦν
1245 1649 1420 1702 εἰπεῖν
1442 1647 1522 1700 ὅτι
1551 1649 1770 1706 Ἀθλιώ-

1875 480 2089 539 sumpta
2119 470 2432 539 metaphora
2462 470 2722 538 abiisqni
2755 469 3014 524 funiculis
3037 471 3336 523 metiuntur
3376 486 3437 524 ac

1872 560 2119 614 dividunt
2149 569 2340 616 terras.
2374 561 2449 614 Ita
2479 578 2620 614 nunc
2650 561 2810 613 etiam
2850 581 2865 609 ι
2905 559 3202 614 funiculum
3227 564 3391 615 maris
3417 584 3435 613 ›

1871 648 2024 711 dicit,
2055 663 2153 718 pro
2170 650 2455 704 maritima:
2469 645 2636 715 partis
2666 641 2878 699 incolis.
2896 648 3135 717 Denique
3155 669 3170 700 ‹
3201 651 3437 705 advenas

1872 741 2157 797 Cretenses
2192 738 2870 810 adicit,quianonnulliex
2906 742 3066 793 Creta
3117 750 3440 797 mercatura:

1873 852 2037 889 causa
2091 836 2221 890 illuc
2267 834 2538 905 progressi
2593 841 2779 902 utpulc
2813 834 2877 886 ad
2913 834 3076 888 urbes
3112 836 3435 896 maritimas,

1875 928 1949 980 ibi
1988 927 2233 980 habitare
2268 919 2595 979 maluerunt.
2628 923 2780 976 Sll'lll.
2809 926 2970 976 etiam
3005 926 3144 993 apud
3175 926 3436 980 Amosum

1876 1019 2078 1071 dicitur
2108 1037 2122 1073 :
2154 1036 2171 1068 ι
2212 1016 2505 1071 Concidam
2541 1016 2739 1068 tribum
2770 1033 2831 1069 ex
2865 1016 2995 1069 viris
3026 1017 3270 1070 Charran
3300 1020 3366 1080 '9,
3416 1038 3432 1069 ι

1877 1110 2106 1179 loquens
2131 1110 2342 1164 scilicet
2370 1111 2434 1160 de
2466 1105 2611 1161 illius
2643 1108 2881 1175 regionis
2904 1110 3127 1164 advenis
3163 1112 3308 1166 circa
3331 1110 3438 1164 Da-

1879 1218 2124 1258 mascum
2154 1201 2541 1255 incolentibus.
2566 1200 2659 1253 Sic
2689 1216 2834 1253 nunc
2851 1217 3068 1270 quoque
3097 1203 3436 1258 Cretensium

1875 1293 2117 1348 advenas
2173 1291 2326 1356 dicit,
2361 1306 2457 1361 pro
2503 1307 2566 1344 ea
2602 1301 2754 1360 parte
2792 1291 2956 1361 259
2989 1293 3284 1347 incolarum
3322 1311 3444 1365 qua:

1876 1384 2033 1438 Creta
2069 1390 2187 1438 erat
2219 1382 2451 1436 oriunda
2502 1379 2630 1435 Vult
2656 1398 2786 1451 ergo
2815 1382 2996 1438 dicere
3027 1402 3041 1438 :
3073 1383 3444 1443 infelicissimi

1877 1473 2119 1528 omnium
2147 1467 2330 1524 cuncti
2342 1480 2463 1536 vos,
2481 1465 2572 1539 q'ui
2590 1470 2917 1524 maritimam
2934 1483 3146 1542 partem
3185 1474 3443 1531 habitatis

1877 1578 1999 1617 cum
2031 1562 2388 1617 Cretensibus
2410 1560 2653 1616 advenis.
2672 1559 2914 1616 Decrevit
2930 1571 3119 1618 contra
3135 1583 3233 1622 vos
3253 1583 3443 1624 omnes

1878 1655 2042 1718 Deus,
2065 1671 2098 1710 ο
2123 1655 2484 1710 Chananzeam
2515 1655 2821 1710 habitantes
2848 1657 3183 1729 alienigenae,
3204 1662 3436 1732 perditu'

192 1757 352 1794 τατοι
400 1745 637 1812 πάντων,
668 1747 864 1809 πάντες
913 1747 1071 1816 ὑμεῖς
1117 1746 1166 1797 οἰ
1196 1745 1294 1818 τὴν
1337 1743 1772 1817 παραθαλάττιον

1886 1765 1994 1803 rum
2021 1763 2081 1804 se
2108 1763 2205 1804 vos
2222 1748 2467 1812 omnino,
2495 1765 2703 1804 necnon
2735 1766 2765 1804 a
2795 1751 3147 1807 Cretensibus
3178 1756 3318 1824 apud
3347 1772 3444 1811 vos

193 1833 475 1897 οἰκοῦντες
521 1837 735 1908 μερίδα,
761 1838 899 1907 μετὰ
931 1840 1024 1892 καὶ
1060 1839 1168 1893 τῶν
1200 1837 1603 1908 παροικούντων
1647 1837 1772 1908 ὑμῖν

1892 1841 2168 1895 labitatam
2223 1842 2502 1910 regionem
2533 1843 2676 1910 (qua:
2698 1858 2960 1912 past-unm
2995 1846 3082 1900 fiet
3123 1863 3366 1917 gregum,
3392 1861 3444 1902 ct

201 1926 472 1995 Κρητῶν·
529 1930 908 1998 ἀποπέφανται
963 1933 1072 2005 γὰρ
1126 1932 1264 1985 κατὰ
1312 1933 1529 1986 πάντων
1561 1929 1713 2002 ὑμῶν
1744 1934 1772 1985 6

1886 1933 2034 1988 statio
2061 1933 2266 2003 ovium)
2305 1933 2358 1986 in
2392 1933 2744 1989 solitudinem
2777 1944 2985 1990 vastam
3024 1937 3248 2007 rediget.

189 2018 335 2084 Θεὸς
359 2018 465 2072 τῶν
492 2022 779 2076 οἰκούντων
800 2024 898 2095 τὴν
913 2025 1223 2080 Χαναναίαν
1253 2025 1592 2093 ἀλλοφύλων·
1622 2026 1706 2080 ὅτι
1735 2027 1876 2096 ὑμᾶς
1904 2045 1961 2079 τε
1989 2027 2241 2080 ἀπολέσει
2266 2027 2567 2090 παντελῶς,
2589 2031 2680 2081 καὶ
2708 2029 2803 2099 τὴν
2833 2030 2896 2083 ἐκ
2926 2031 3031 2084 τῶν
3061 2033 3294 2102 Κρητῶν
3316 2040 3444 2107 παρ’

194 2117 333 2184 ὑμῖν
358 2118 682 2190 οἰκουμένην
701 2119 910 2190 χώραν,
943 2123 1079 2193 νομή
1104 2139 1161 2174 τε
1184 2122 1444 2192 ποιμνίων
1477 2123 1571 2176 κα)⁵
1591 2122 1798 2194 οἴκησις
1822 2123 2108 2195 προϐάτων
2125 2164 2139 2187 ,
2184 2123 2270 2177 διὰ
2300 2124 2397 2193 τῆς
2436 2124 2672 2194 ἐρημίας
2712 2125 3019 2195 παραδώσει
3045 2122 3143 2196 τῆς
3178 2128 3401 2200 πολλῆς.

271 2231 421 2300 Στξχ.
448 2229 587 2293 ζ’.--
612 2251 630 2283 ι
670 2233 780 2286 Καὶ
811 2234 960 2288 ἔσται
983 2235 1043 2288 τὸ
1069 2235 1355 2305 σχοίνισμα
1378 2236 1472 2305 τῆς
1507 2234 1781 2306 θαλάσσης

185 2329 314 2390 τοῖς
357 2327 702 2391 καταλοίποις
727 2329 883 2382 οἴκου
943 2328 1107 2383 Ἰούδα
1126 2344 1138 2358 ⁸
1163 2330 1249 2382 ἐπ’
1279 2329 1474 2392 αὐτοὺς
1511 2329 1778 2398 νεμήσον-

188 2435 293 2473 ται
322 2419 383 2471 ἐν
413 2423 526 2483 τοῖς
567 2421 736 2483 οἴκοις
776 2421 1132 2485 Ἀσκάλωνος,
1183 2421 1363 2491 δείλης
1417 2421 1778 2475 καταλύσουσι

187 2511 312 2564 ἀπὸ
346 2512 635 2584 προσώπου
665 2513 774 2566 τῶν
801 2513 930 2565 υἰῶν
972 2513 1161 2578 Ἰούδα,
1195 2516 1277 2568 ὃτι
1301 2513 1640 2566 ἐπέσκεπται
1677 2514 1778 2565 αύ-

193 2605 331 2665 τοῦς
355 2602 559 2673 Κύριος
583 2606 614 2657 6
644 2603 775 2668 Θεὸς
808 2604 1015 2669 αύτῶν,
1034 2606 1128 2657 καὶ
1159 2605 1467 2675 ἀπέστρεψε
1512 2605 1611 2675 τὴν
1661 2605 1781 2673 αἰχ-

191 2698 486 2767 μαλωσίαν
518 2699 717 2753 αὐτῶν.
755 2718 772 2750 ι
807 2699 888 2768 (ρ.
933 2699 1058 2770 595)
1087 2701 1149 2752 Ol
1187 2701 1294 2770 γὰρ
1335 2699 1779 2769 περισωζόμενοι,

191 2793 392 2862 φησιν,
426 2795 492 2844 ἐκ
519 2791 617 2862 τῆς
641 2791 734 2844 τοῦ
769 2791 936 2845 Ἰούδα
958 2791 1150 2860 φυλῆς,
1181 2791 1359 2860 πάσης
1386 2791 1448 2860 δὴ
1473 2790 1570 2859 τῆς
1601 2805 1781 2858 παρα-

193 2881 494 2936 θαλαττίου
547 2881 834 2946 καθέξουσι
885 2882 1117 2952 μερίδος,
1159 2881 1253 2933 καὶ
1293 2883 1471 2931 πᾶσαν
1515 2877 1684 2946 αὐτὴν
1709 2876 1783 2940 ὡς

186 2973 415 3026 οἰκείαν
448 2975 772 3044 νεμήσονται
810 2973 1014 3046 χώραν,
1047 2973 1186 3025 ὥστε
1219 2973 1344 3036 τοὺς
1372 2972 1472 3042 τῆς
1514 2969 1784 3024 Ἀσκάλω-

1948 2236 2113 2292 Vens.
2156 2237 2210 2290 7.
2252 2266 2323 2276 -—
2366 2256 2383 2287 ‹
2415 2236 2478 2290 Et
2521 2237 2626 2291 erit
2676 2235 2956 2292 funiculus
2996 2239 3164 2295 maris
3221 2242 3447 2312 reliquis

1875 2329 1944 2383 de
1971 2330 2131 2383 domo
2154 2327 2313 2384 Iudae
2345 2347 2358 2383 :
2391 2344 2555 2399 super
2584 2329 2733 2398 ipsos
2765 2339 3062 2398 pascentur
3093 2332 3146 2384 in
3180 2332 3440 2388 domibus

1876 2418 2185 2481 Ascalonis,
2217 2417 2285 2472 ad
2309 2433 2594 2487 vesperam
2626 2418 2969 2486 requiescant
2996 2435 3025 2472 a
3046 2419 3185 2474 facie
3212 2422 3445 2476 ﬁliorum

1873 2509 2046 2572 Judae,
2069 2510 2196 2578 quia
2219 2509 2401 2564 visitat
2421 2525 2516 2563 eos
2539 2508 2801 2564 Dominus
2822 2508 2962 2564 Deus
2983 2525 3192 2575 eorum,
3219 2521 3274 2567 et
3292 2529 3449 2569 aver-

1877 2603 1943 2654 tit
1970 2599 2340 2670 captivitatem
2373 2601 2632 2668 ipsorum.
2662 2619 2680 2650 ι
2710 2598 2845 2653 Nam
2870 2602 2964 2670 qui
2991 2606 3192 2656 servati
3223 2604 3446 2668 fuerint.

1880 2692 2078 2762 inquit,
2128 2693 2195 2746 de
2217 2689 2372 2745 Judze
2404 2691 2574 2754 tribu,
2621 2700 2788 2745 totam
2829 2693 3091 2747 tenebunt
3125 2696 3450 2752 maritimam

1883 2794 2112 2853 partem,
2144 2785 2402 2853 illamque
2436 2798 2650 2838 omnem
2700 2785 2859 2843 quasi
2899 2799 3054 2839 suam
3095 2787 3333 2842 incolent
3361 2803 3454 2843 re-

1879 2878 2092 2947 gionem
2129 2891 2304 2944 usque
2331 2876 2674 2930 Ascalonem.
2705 2873 2834 2928 Vult
2869 2887 3046 2932 autem
3076 2895 3138 2932 ex
3169 2895 3276 2933 una
3317 2895 3451 2934 cun-

1884 2976 2001 3020 ctas
2031 2966 2461 3034 alienigenarum
2497 2967 2660 3020 urbes
2683 2965 2884 3029 dicere,
2914 2982 3065 3022 more
3093 2984 3196 3023 suo
3227 2989 3254 3022 a
3291 2980 3446 3040 parte

190 3079 315 3125 νος.
345 3033 602 3116 Βούλεται
648 3063 706 3117 δέ
739 3033 968 3134 alpis;
1002 3033 1107 3126 ’τὰς
1150 3063 1277 3125 ὅλας
1327 3033 1772 3128 τῶνῗὰλλοφύλωι

1887 3067 2060 3112 totum
2105 3033 2453 3128 significans,
2498 3058 2755 3112 timentes
2787 3058 3022 3112 ﬁliorum
3054 3059 3206 3116 Iudae
3239 3033 3453 3117 fortitu-

191 3155 399 3217 πόλεις
434 3156 629 3221 εἰπεῖν,
658 3155 841 3218 καθὼς
885 3156 1074 3210 εἴωθεν
1101 3155 1208 3209 ἀπὸ
1240 3155 1438 3225 μέρους
1459 3153 1518 3206 τὸ
1541 3151 1659 3204 ὅλον
1687 3167 1786 3204 m-

189 3245 339 3309 λῶν,
376 3247 758 3318 ὑφορωμένους
786 3248 895 3300 τῶν
945 3249 1076 3302 υίῶν
1127 3248 1292 3301 Ἰούδα
1315 3248 1414 3318 τὴν
1439 3246 1613 3316 ἰσχὺν,
1648 3242 1783 3313 μετὰ

190 3337 406 3390 πολλοῦ
436 3338 526 3390 τοῦ
560 3339 712 3402 δέους
738 3341 850 3402 τοῖς
875 3337 1094 3401 οἰκείοις
1125 3338 1331 3407 διάγειν
1350 3355 1364 3368 ·
1390 3336 1453 3390 τὸ
1484 3335 1610 3406 γὰρ,
1632 3353 1650 3385 ι
1675 3331 1784 3386 δεί-

187 3430 308 3499 λης
369 3429 768 3490 καταλύσουσι,
809 3449 827 3480 ι
881 3430 1038 3482 τοῦτο
1085 3430 1252 3495 λέγει.
1302 3426 1520 3497 Ἐπειδὴ
1566 3425 1674 3496 γὰρ
1723 3423 1784 3476 τὸ

199 3541 225 3575 ι
277 3522 624 3592 μεσημϐρίας
648 3543 666 3574 ι
699 3521 920 3594 εἴληφεν
949 3523 1041 3576 ἐπὶ
1073 3522 1165 3575 τοῦ
1197 3518 1510 3592 προφανῶς,
1539 3517 1600 3569 τὸ
1633 3533 1652 3566 ι
1678 3514 1784 3571 δεί-

191 3611 308 3682 λης
357 3631 378 3663 ρ
408 3613 597 3664 ἔλαϐεν
640 3613 732 3665 ἐπὶ
766 3612 861 3666 τοῦ
909 3613 1091 3676 δέους·
1126 3612 1200 3674 ὡς
1255 3610 1363 3664 τῶν
1411 3606 1777 3662 λανθανόντων

195 3703 523 3771 φευγόντων
549 3705 647 3773 μὲν
673 3704 761 3756 τὸν
783 3705 1040 3775 ἡμερινὸν
1068 3704 1278 3774 καιρὸν,
1315 3701 1408 3756 ἐπὶ
1437 3701 1494 3754 δὲ
1511 3700 1600 3753 τὸν
1621 3694 1780 3750 ἐσπέ-

193 3809 328 3864 ρισν
347 3793 702 3864 κατατρέχειν
732 3793 995 3847 εἰωθότων
1023 3794 1196 3846 ἐλπίδι
1230 3791 1322 3846 τοῦ
1360 3790 1560 3845 λαθεῖν.
1594 3787 1780 3840 Ταῦτα

1882 3149 2086 3211 dinem,
2120 3149 2292 3202 multo
2319 3163 2443 3201 cum
2478 3163 2680 3217 pavore
2701 3148 2756 3201 in
2781 3150 3004 3218 pmprio
3033 3152 3150 3205 solo
3171 3152 3450 3222 degentes.

1882 3239 2016 3294 Nam
2069 3239 2259 3301 dictio,
2291 3257 2311 3290 ι
2344 3238 2423 3294 Ad
2469 3255 2751 3309 vesperam
2805 3241 3200 3309 requiescent,»
3242 3245 3345 3300 hoc
3383 3251 3458 3301 si-

1883 3327 2298 3402 gnilicat.SieuI
2325 3331 2476 3385 enim
2531 3350 2549 3381 ι
2577 3331 2808 3388 meridie
2832 3351 2852 3386 ι
2899 3349 2998 3402 pro
3038 3336 3345 3397 manifeste,
3382 3340 3455 3393 ita

1891 3435 1910 3468 ι
1930 3419 2210 3488 vesperam
2232 3436 2249 3467 ι
2270 3431 2368 3486 pro
2385 3417 2786 3487 timore:quasi
2817 3423 2852 3477 ii
2887 3425 2980 3494 qui
3025 3428 3193 3481 latere
3233 3431 3457 3484 student

1891 3509 2150 3563 diurnum
2181 3519 2393 3578 tempus
2445 3511 2638 3572 vitent.
2666 3513 2977 3581 vespertino
3014 3527 3191 3570 autem
3243 3518 3458 3574 discur-

1889 3613 2009 3653 rere
2039 3599 2271 3662 soleant,
2303 3599 2548 3652 latitandi
2580 3615 2693 3669 spe.
2721 3599 2865 3665 llaec,
2910 3603 3108 3672 inquit,
3139 3617 3298 3660 erunt
3331 3625 3457 3663 tum

1889 3691 2033 3746 Deus
2063 3690 2214 3745 Judae
2243 3691 2446 3744 tribum
2472 3691 2700 3746 visitans
2720 3700 2930 3748 avertet
2951 3709 3052 3750 eos
3078 3711 3108 3749 a
3140 3700 3457 3767 captivitate

1890 3790 2051 3849 atque
2077 3782 2132 3835 in
2166 3781 2396 3850 patriam
2422 3797 2617 3835 rursus
2648 3783 2856 3837 auxilio
2891 3799 2992 3840 suo
3018 3788 3294 3844 restituet.

182 3886 285 3951 δὲ,
323 3884 508 3956 φησιν,
547 3885 719 3950 ἔσται,
756 3885 973 3939 ἐπειδὰν
1018 3884 1453 3955 ἐπισκεψάμενος
1493 3883 1522 3936 6
1570 3878 1704 3942 Θεὸς
1765 3876 1888 3936 τοὺὸ
1921 3873 2018 3942 τῆς
2052 3871 2221 3926 Ἰούδα
2251 3872 2422 3942 φυλῆς
2445 3870 2804 3937 ἀπαλλάξειέν
2824 3891 2883 3926 τε
2914 3875 3110 3939 αὐτοὺς
3134 3877 3230 3948 τῆς
3259 3881 3460 3951 αἰχμα-

192 3979 434 4042 λωσίας,
460 3977 554 4031 καὶ
583 3976 720 4049 πρὸς
751 3978 818 4031 τὰ
841 3979 1013 4034 οἰκεῖα
1036 3978 1195 4034 πάλιν
1228 3976 1366 4047 μετὰ
1389 3976 1486 4045 τῆς
1519 3971 1653 4035 ἰδίας
1691 3966 2024 4034 ἐπαναγάγοι
2051 3963 2332 4036 βοηθείας,

275 4090 436 4160 Στίχ.
474 4097 610 4161 η’-ι¹.
642 4121 713 4132 --
745 4087 878 4146 Εῖτα
911 4090 1021 4146 ἀπὸ
1067 4089 1176 4145 τῶν
1206 4086 1518 4157 ἀλλοφύλων
1547 4085 1630 4154 ἐφ’
1674 4081 1790 4137 ἐτέ‹

200 4201 339 4252 ρους
415 4184 667 4253 μετάγων
717 4183 808 4236 τὸν
861 4183 1040 4253 λόγον,
1098 4201 1120 4234 ι
1163 4181 1408 4235 Ἤκουσα
1455 4177 1790 4246 ὀνειδισμοὺς

193 4272 406 4334 Μωὰϐ,
440 4275 533 4325 καὶ
568 4274 954 4345 κονδυλισμοὺς
979 4272 1112 4326 υἱῶν
1157 4270 1383 4342 Ἀμμὼν
1428 4271 1485 4322 ἐν
1516 4264 1597 4331 οἷς
1635 4266 1792 4319 ὠνείο

198 4366 360 4429 διζον
409 4364 500 4416 τὸν
531 4363 657 4416 λαόν
691 4381 815 4434 μου,
854 4365 946 4417 καὶ
974 4361 1369 4434 ἐμεγαλύνοντο
1410 4359 1503 4412 ἐπὶ
1549 4357 1618 4410 τὰ
1665 4357 1789 4428 ὅρια

1958 4077 2120 4134 Vens.
2165 4077 2318 4131 8-10.
2358 4107 2430 4117 ——
2465 4077 2672 4134 Deinde
2713 4078 2786 4134 ab
2826 4079 3146 4150 alienigenis
3195 4083 3261 4137 ad
3317 4085 3455 4140 alios

1889 4185 2196 4225 sermonem
2241 4167 2629 4235 transferens,
2693 4170 2819 4224 ait:
2862 4172 3103 4227 «Audivi
3163 4179 3458 4245 Opprebria

1887 4262 2065 4327 Moab,
2093 4270 2147 4317 et
2179 4263 2545 4317 contumelias
2578 4261 2812 4317 filiorum
2839 4263 3094 4328 Ammon,
3137 4269 3340 4336 quibus
3372 4286 3462 4324 ex-

1887 4353 2222 4425 probrabant
2247 4353 2454 4423 populo
2489 4369 2633 4421 meo,
2682 4361 2736 4408 et
2770 4356 3264 4425 magnificabantur
3296 4377 3464 4429 super

196 4456 382 4512 αὐτοῦ
405 4491 418 4504 .
443 4454 546 4508 Διά
562 4453 718 4510 τοῦτο
755 4455 832 4520 ζῶ
861 4455 992 4524 ἐγὼ,
1021 4456 1168 4524 λέγει
1225 4453 1432 4525 Κύριος
1481 4451 1591 4505 τῶν
1623 4449 1772 4503 δυνά·

1891 4449 2150 4502 terminos
2176 4445 2317 4513 ejus.
2365 4444 2682 4516 Propterea.
2707 4448 2832 4500 vivo
2862 4463 2984 4515 ego,
3017 4448 3150 4502 dicit
3177 4449 3459 4515 Dominus,

197 4564 361 4615 μεων
395 4547 424 4598 6
447 4545 577 4607 Θεδς
603 4545 840 4617 Ἰσραὴλ,
865 4547 946 4598 ὅτι
971 4544 1143 4598 Μωὰὸ
1163 4544 1239 4607 ὠς
1259 4543 1464 4613 Σόδομα
1494 4540 1645 4593 ἔσται
1661 4578 1676 4602 ,
1700 4541 1793 4592 καὶ⁹

191 4638 319 4689 υἱοὶ
364 4636 591 4706 ’Δμμὼν
609 4637 688 4699 ὡς
724 4637 994 4709 Γόμορρα.
1027 4656 1044 4689 ι
1070 4635 1183 4689 Καὶ
1205 4635 1272 4688 τὰ
1313 4633 1461 4703 παρὰ
1484 4630 1790 4686 Μωαϐιτῶν

193 4731 304 4782 καὶ
357 4729 710 4798 Ἀμμανιτῶν
760 4732 839 4792 είς
887 4731 1012 4792 τοὺς
1062 4728 1229 4798 ἐμοὺς
1282 4726 1542 4796 γινόμενα
1580 4722 1788 4794 ἐώρων,

188 4824 285 4891 (ι).
315 4819 448 4888 596)
489 4820 583 4872 ἇτε
610 4820 792 4888 ἔλεγον
838 4821 1020 4881 αὐτοῖς
1054 4816 1396 4880 ὀνειδίζοντες
1431 4814 1507 4876 ὠς
1555 4812 1704 4866 οὐδὲν
1728 4812 1790 4862 ἐκ

193 4916 310 4983 τῆς
338 4913 482 4982 ἐμῆς
500 4911 894 4982 ὠφελουμένοις
918 4909 1232 4981 θεραπείας,
1248 4909 1348 4959 ὅσα
1371 4923 1430 4958 τε
1453 4904 1634 4965 αὐτοῖς
1651 4901 1791 4958 κατὰ

189 5005 306 5074 τὴν
330 5003 562 5071 δύναμιν
592 5003 687 5074 τὴν
706 5003 910 5056 οἰκείαν
939 5001 1146 5070 ἐπῆγον
1170 4999 1318 5052 κακά
1343 5016 1356 5030 ο
1377 4996 1515 5049 ὥστε
1548 4995 1641 5048 καὶ
1676 4991 1792 5062 μεθ’

192 5097 312 5148 {me
321 5094 627 5165 p6a‘m'36q;
645 5095 742 5163 τῆς
762 5092 1132 5164 μεγαλαυχίας
1147 5091 1254 5143 τῶν
1270 5087 1432 5160 ὁρίων
1459 5083 1794 5154 ἐφάπτεσθαι

185 5188 316 5241 τῶν
335 5187 509 5254 ἐμῶν,
527 5187 600 5249 ὡς
632 5187 695 5239 ἂν
714 5187 894 5247 αὐτοῖς
919 5186 1213 5255 προσήκειν
1238 5179 1556 5250 ὀφειλόντων
1579 5177 1762 5232 λοιπόν
1781 5190 1794 5203 ·

189 5282 353 5348 ὑπὲρ
389 5270 464 5329 ὧν
503 5277 565 5347 δὴ
592 5278 838 5346 Σοδόμων
893 5295 952 5329 τε
985 5277 1081 5328 καὶ
1115 5274 1409 5345 Γομόρρων
1459 5271 1786 5340 μιμήσονται

187 5374 307 5441 τὴν
343 5368 602 5438 ἐρημίαν.
645 5388 662 5421 ι
701 5370 809 5423 Καὶ
837 5369 1126 5440 Δαμασκὸς
1161 5363 1555 5435 ἐκλελειμμένη
1591 5361 1666 5424 ὡς
1691 5359 1788 5430 θη-

194 5461 396 5534 μωνιὰ
429 5459 628 5522 ἅλωνος
649 5461 743 5514 καὶ
775 5460 1118 5532 ἡφανισμένη
1149 5461 1228 5523 εἰς
1257 5458 1347 5512 τὸν
1374 5456 1544 5511 αἰῶνα
1563 5472 1574 5486 ο
1613 5452 1708 5507 καὶ
1739 5454 1787 5505 οἱ

273 5691 324 5723 ⁵⁸
362 5691 552 5754 Amos,
592 5703 627 5752 ι,
654 5686 706 5744 5.

1887 4539 2015 4608 quia
2047 4537 2204 4590 Moab
2241 4538 2383 4592 sicut
2415 4536 2652 4592 Sodoma
2680 4539 2802 4602 erit,
2824 4549 2878 4593 et
2910 4539 2999 4593 ﬁlii
3039 4541 3270 4596 Annnon
3303 4547 3461 4612 quasi

1889 4629 2213 4683 Gomorrha.
2244 4647 2260 4680 ι
2292 4628 2650 4683 Moabitarum
2687 4645 2904 4700 quoque
2931 4639 2983 4682 ct
3015 4633 3456 4687 Ammanitarum

1889 4721 2150 4776 adversus
2187 4735 2336 4774 meos
2367 4720 2620 4776 videbam
2655 4721 2922 4782 facinora,
2959 4731 3012 4774 et
3041 4722 3188 4791 quod
3218 4724 3298 4778 eis
3331 4740 3463 4778 con—

1888 4813 2156 4867 viriantes
2216 4811 2487 4878 dicerent,
2537 4811 2748 4866 nullum
2783 4811 2946 4882 260
2979 4812 3044 4867 iis
3095 4812 3212 4866 fore
3253 4813 3464 4867 emolu-

1890 4909 2132 4958 mentum
2168 4903 2348 4958 cultus
2377 4904 2512 4968 mei;
2557 4909 2760 4973 quanta
2788 4901 3021 4971 denique
3075 4904 3212 4957 mala
3255 4905 3465 4960 viribus

1892 5004 2009 5050 suis
2040 4995 2359 5049 intulerunt.
2407 4996 2582 5063 Atque
2627 4995 2702 5046 ita
2740 4993 3086 5064 gioriabundi
3129 4994 3265 5051 ﬁnes
3313 5013 3465 5051 meos

1892 5088 2233 5148 invaserunt,
2267 5101 2367 5140 ceu
2394 5086 2610 5140 futuros
2634 5087 2687 5139 in
2719 5094 2994 5155 posterum
3027 5087 3170 5154 juris
3199 5088 3462 5158 ipsormn.

1894 5176 2262 5242 Quamobrem
2323 5174 2694 5229 Sodomorum
2733 5186 2897 5245 atque
2949 5160 3267 5234 Comorrbae
3306 5198 3468 5251 cxpe-

1897 5270 2106 5324 rientur
2141 5267 2471 5324 vastitatem.
2508 5285 2526 5318 ι
2557 5267 2622 5320 Ει
2667 5267 2968 5324 Damascus
3017 5269 3277 5325 derelicta
3325 5275 3470 5331 sim

1898 5375 2125 5415 acervus
2176 5373 2338 5423 arca},
2395 5372 2459 5411 ac
2494 5357 2762 5428 dissipata
2811 5360 2868 5413 in
2927 5369 3215 5415 mternum.
3281 5362 3344 5416 lit
3375 5369 3468 5433 qui

1898 5453 2087 5523 reliqui
2123 5451 2323 5508 fuerint
2355 5451 2421 5507 de
2448 5452 2648 5522 populo
2683 5468 2804 5508 meo
2832 5452 3093 5525 diripient
3135 5470 3251 5522 eos,
3291 5465 3344 5510 et
3382 5472 3472 5514 re-
