3844 6222
439 277 544 332 465

1651 265 2000 323 TllEODORl
2032 260 2515 318 MOPSUESTENI

3577 265 3691 340 nn,

439 389 582 446 sidui
649 388 824 458 gentis
879 402 1010 441 meae
1065 387 1421 457 possidebunt
1475 401 1592 441 eos.
1637 408 1652 437 ι
1705 385 2003 440 Damascus

2121 382 2431 436 κατάλοιποι
2457 380 2587 435 λαοῦ
2618 398 2720 451 μου
2749 381 3085 453 διαρπῶνται
3112 380 3329 444 αὐτοὺς,
3371 382 3466 434 καὶ
3497 382 3545 434 oi
3582 401 3671 438 κα-

438 483 624 544 etiam,
657 481 852 550 inquit,
905 480 1064 548 quasi
1115 495 1345 534 acervus
1381 479 1435 532 in
1485 494 1608 534 area
1645 480 1918 534 contritus
1957 487 2014 534 et

441 574 802 628 conculcatus
847 572 1184 636 destruetur,
1241 581 1407 642 atque
1468 570 1728 642 ignobilis
1778 568 1887 636 ﬁet,
1946 585 2014 624 ex

441 674 654 718 tumore
689 663 932 716 maximo
969 663 1250 732 multaque
1298 662 1554 730 superbia
1606 661 1660 714 in
1711 661 1873 715 imam
1923 661 2016 715 de-

442 766 614 810 tracta
642 754 1001 808 humilitatem
1038 773 1049 806 :
1085 753 1157 806 ita
1193 761 1251 806 ut
1287 755 1380 823 qui
1411 754 1604 822 reliqui
1629 753 1696 808 de
1727 753 1865 807 meis
1901 751 2015 806 fue-

440 851 575 911 rint,
631 847 978 916 reditumque
1021 845 1220 910 sortiti,
1278 856 1512 900 cunctos
1567 847 1678 902 sint
1723 846 2011 916 direpturi,

440 953 497 995 et
527 939 732 994 alienas
783 953 912 1006 opes
961 953 1058 1006 pro
1091 936 1206 990 suis
1247 935 1578 1006 possessuri.
1635 955 1652 986 ι
1685 936 1810 989 Haec
1854 943 2016 989 erunt

439 1049 520 1087 eis
569 1046 668 1101 pro
728 1029 1058 1084 contumelia
1108 1043 1228 1090 sua,
1280 1028 1406 1096 quia
1449 1027 1740 1081 conviciati
1793 1034 1920 1082 sunt
1962 1036 2016 1080 et

443 1119 774 1191 magnificati
806 1127 936 1173 sunt
994 1133 1158 1185 super
1213 1117 1467 1185 populum
1512 1115 1726 1170 Domini
1760 1115 2012 1184 omnipo-

440 1215 670 1269 tentis.)
701 1211 846 1274 llmc,
898 1211 1095 1280 inquit,
1131 1209 1409 1279 patientur
1466 1218 1685 1278 propter
1733 1223 1888 1262 suam
1930 1208 2018 1261 ad-

441 1321 634 1360 versus
694 1302 861 1357 Demn
925 1303 1231 1364 audaciam,
1279 1309 1332 1354 et
1385 1309 1610 1371 propter
1657 1300 2016 1354 contumelias

438 1397 638 1468 quibus
689 1395 820 1449 mihi
878 1394 1190 1464 populoque
1225 1407 1345 1445 meo
1398 1391 1690 1444 conviciati
1740 1398 1888 1453 sunt,
1940 1390 2019 1443 in-

441 1491 706 1544 sultantes
761 1488 808 1541 ei
855 1487 1067 1541 scilicet
1114 1495 1372 1552 tanquam
1410 1485 1667 1538 extremis
1711 1484 1869 1536 malis
1920 1481 2015 1535 de-

439 1597 640 1637 lliCI‘SO.

510 1759 677 1814 Vens.
703 1761 786 1823 ll,
815 1759 903 1813 12.
944 1785 1012 1800 κ-
1055 1777 1072 1809 ι
1100 1757 1393 1828 Apparebit
1408 1757 1676 1812 Dominus
1703 1770 1868 1824 super
1895 1770 2012 1819 eos,

441 1861 496 1907 et
526 1852 807 1921 disperdet
841 1865 1032 1905 omnes
1082 1850 1214 1905 deos
1246 1848 1488 1919 gentium
1523 1857 1706 1912 terrae,
1739 1854 1794 1902 et
1821 1846 2018 1902 adora-

447 1944 579 1997 bunt
605 1958 726 1998 eum
760 1943 960 2012 singuli
988 1942 1055 1996 de
1096 1941 1214 1996 loco
1244 1955 1366 2005 suo,
1414 1949 1626 2002 cunctae
1658 1939 1853 1995 insulae
1886 1954 2018 2009 gen-

443 2036 602 2089 tium.
633 2053 651 2086 ›
690 2034 959 2090 Illustrem
1018 2033 1183 2089 faciet
1229 2034 1492 2089 ultionem
1527 2049 1685 2090 suam
1718 2032 1884 2098 Deus,
1942 2034 2017 2087 ita

443 2135 502 2180 ut
532 2127 862 2197 alienigenas
891 2141 1083 2182 omnes
1107 2141 1231 2180 cum
1267 2127 1432 2182 cultis
1463 2127 1530 2181 ab
1562 2126 1643 2181 cis
1673 2126 1780 2181 diis
1814 2125 2022 2196 disper-

441 2220 533 2273 dat
569 2236 582 2272 :
616 2234 725 2288 quo
753 2218 843 2272 ﬁet
884 2225 943 2271 ut
995 2218 1194 2288 reliqui
1259 2232 1451 2272 omnes
1483 2219 1688 2287 ubique
1745 2217 2016 2282 homines,

441 2313 496 2366 in
566 2310 794 2365 urbibus
853 2309 1183 2377 insulisque,
1237 2307 1331 2362 Dei
1378 2308 1727 2363 facinoribus
1776 2308 2018 2374 attoniti,

440 2419 730 2459 commune
764 2403 838 2454 illi
875 2401 1195 2472 obsequium
1233 2401 1545 2464 exhibeant,
1574 2401 1628 2454 in
1661 2416 1760 2455 sna
1786 2401 2021 2470 quisque

443 2494 676 2548 statione
705 2507 979 2546 summam
1005 2491 1154 2544 illius
1196 2491 1493 2558 potentiam
1529 2489 1872 2544 conﬁtentes.
1914 2509 1931 2540 ι
1956 2489 2022 2542 Ει

444 2599 573 2643 vos,
596 2579 901 2652 Ethiopes,
929 2583 1396 2656 vulneratigladto
1418 2602 1562 2643 meo.
1593 2603 1612 2635 ι
1648 2581 1759 2637 Vos
1791 2597 2020 2651 ,ῳιοιιυο

443 2675 624 2745 gladio
653 2690 680 2726 a
715 2675 852 2728 meis
889 2672 1216 2742 puniemini,
1250 2680 1474 2743 propter
1507 2688 1571 2727 ea
1603 2689 1723 2744 qua:
1754 2673 2019 2728 adversus

443 2770 544 2821 hos
569 2765 858 2836 peccastis.
879 2765 1168 2833 EthiOpes
1181 2773 1361 2819 autem
1385 2781 1532 2819 nunc
1554 2766 1717 2820 etiam
1742 2767 1874 2820 dicit
1897 2767 2020 2820 illos

441 2854 678 2927 JEgj'pto
713 2855 996 2910 finitimos.
1030 2852 1122 2908 Sic
1147 2864 1330 2908 autem
1360 2854 1601 2925 loquitur
1641 2855 1860 2909 beatum
1893 2855 2018 2909 imi-

2108 473 2353 527 τάλοιποι
2384 472 2568 536 ἔθνους
2600 489 2702 544 μου
2741 470 3239 543 κληρονομήσουσιν
3267 470 3485 536 αὐτούς.
3521 490 3542 526 ι
3575 474 3674 528 Καὶ

2108 567 2142 637 ή
2167 565 2459 636 Δαμασκδς
2485 565 2563 630 δὲ,
2594 566 2778 635 φησὶν,
2803 565 2879 630 ὠς
2913 565 2978 619 ἂν
3014 565 3078 635 θη
3089 563 3264 634 μωνιά
3282 565 3340 617 ἐν
3363 563 3530 618 ἆλωνι
3562 582 3674 618 συν-

2109 658 2358 730 τριϐεῖσα
2400 658 2758 729 ἀφανισθείη,
2812 657 2985 722 οὕτως
3033 657 3246 728 ἀφανὴς
3293 658 3583 728 γενήσεται
3625 657 3678 720 ἐξ

2111 751 2276 820 ὄγκου
2309 752 2566 822 μεγίστου
2601 751 2695 805 καὶ
2736 750 3111 822 ὑπερηφανίας
3155 748 3354 820 πολλῆς
3388 751 3469 813 εἰς
3496 765 3676 802 ταπει-

2111 844 2309 914 νότητα
2355 843 2688 915 καταχθεϊσα
2719 843 3013 913 μεγίστην·
3045 841 3183 894 ὥστε
3213 842 3338 903 τοὺς
3382 840 3679 910 ὑπολιμπαο

2111 933 2367 1003 νομένους
2391 932 2500 986 τῶν
2541 932 2691 1003 ἐμῶν
2719 932 2814 986 καὶ
2862 933 2963 1002 τῆς
3003 931 3259 984 ἐπανόδου
3311 931 3602 1000 τυχόντας,
3629 931 3680 981 ἐν

2110 1024 2388 1095 διαρπαγῇ
2431 1042 2490 1076 τε
2546 1022 2873 1094 ποιήσασθαι
2907 1023 3110 1085 πάντας
3153 1021 3348 1083 αὐτοὺς
3380 1020 3470 1073 καὶ
3500 1019 3682 1090 κτῆσιν

2115 1114 2250 1168 ἰδίαν
2306 1118 2456 1185 σχεῖν
2509 1116 2576 1168 τὰ
2632 1115 2875 1168 ἐκείνων.
2925 1131 2946 1165 ι
3002 1114 3148 1184 Αὐτὴ
3201 1113 3384 1174 αὐτοῖς
3433 1111 3554 1164 ἀντὶ
3593 1111 3683 1178 τῆς

2114 1204 2326 1276 ὕϐρεως
2373 1206 2574 1265 αὐτῶν,
2622 1206 2756 1259 διότι
2798 1205 3080 1258 ὠνείδισαν
3125 1205 3221 1257 καὶ
3245 1201 3682 1274 ἐμεγαλύνθησαν

2114 1298 2207 1349 ἐπὶ
2247 1297 2336 1350 τὸν
2370 1297 2496 1350 λαὸν
2526 1297 2730 1368 Κυρίου
2782 1296 3240 1368 παντοκράτορος.
3292 1316 3310 1347 ι
3348 1294 3534 1348 Ταῦτα
3561 1293 3683 1362 γὰρ,

2114 1389 2268 1456 φησὶ,
2301 1389 2580 1440 πείσονται
2632 1389 2772 1460 ὑπὲρ
2817 1380 2893 1442 ὧν
2937 1388 3240 1460 ἐτόλμησαν
3279 1390 3358 1451 εἰς
3392 1388 3523 1441 Θεὸν
3546 1431 3560 1454 ,
3598 1388 3685 1440 καὶ

2113 1481 2419 1551 ἐξυϐρίζειν
2451 1481 2803 1545 ὀνειδίζοντες
2837 1485 2950 1546 τοῖς
2983 1485 3137 1553 ἐμοῖς
3161 1481 3248 1534 ἐπ’
3281 1480 3404 1550 ἐμοὶ
3433 1497 3687 1533 κατεπαι-

2047 1607 2087 1659 Β
2119 1574 2336 1645 ρόμενοι
2387 1572 2564 1624 αὐτῶν
2617 1571 2692 1635 ὡς
2743 1570 2810 1625 ἂν
2842 1573 2900 1626 ἐν
2959 1574 3265 1642 συμφοραῖς
3316 1572 3484 1626 ὄντων
3531 1569 3687 1640 ἐσχά-

2118 1682 2259 1727 ταις.

2189 1755 2337 1824 Στίχ.
2372 1760 2460 1819 ια’,
2500 1753 2580 1823 ιβ’.
2615 1782 2684 1792 --
2716 1771 2735 1803 ι
2759 1751 3056 1822 Ἐπιφανὴς
3084 1751 3247 1823 ἔσται,
3267 1751 3469 1823 Κύριος
3497 1751 3586 1805 ἐπ’
3606 1751 3692 1804 a5-

2116 1846 2263 1911 τοὺς,
2283 1846 2376 1898 καὶ
2410 1843 2779 1917 ἐξολοορεύσει
2802 1843 3009 1907 πάντας
3039 1843 3166 1907 τοὺς
3198 1843 3366 1908 Θεοὺς
3388 1842 3496 1897 τῶν
3525 1842 3690 1896 ἐθνῶν

2116 1942 2217 2011 τῆς
2247 1941 2368 2010 γῆς·
2410 1939 2486 2010 (p.
2514 1939 2639 2010 597)
2671 1940 2764 1993 xui.
2790 1938 3255 2013 προσκυνήσουσιν
3285 1935 3432 2007 αύτῷ
3465 1936 3690 1998 ἕκαστος

2118 2036 2183 2087 ἐκ
2208 2036 2373 2088 τόπου
2406 2033 2572 2087 αὑτοῦ
2611 2035 2781 2088 πᾶσαι
2825 2035 2882 2087 αἱ
2929 2035 3082 2104 νῆσοι
3112 2031 3218 2085 τῶν
3251 2031 3439 2084 ἐθνῶν.
3479 2051 3497 2083 ι
3528 2031 3690 2099 Περι-

2120 2127 2263 2197 φανῆ
2288 2127 2470 2180 τοίνυν
2504 2129 2788 2197 ποιήσεται
2836 2127 2937 2197 τὴν
2973 2126 3180 2180 οἰκείαν
3219 2125 3463 2178 ἐκδικίαν
3485 2127 3511 2177 ὁ
3542 2123 3688 2186 Θεὸς,

2119 2219 2260 2273 ὥστε
2295 2220 2501 2281 πάντας
2535 2220 2662 2282 τοὺς
2682 2217 2995 2281 ἀλλοτρίους
3030 2217 3166 2288 μετὰ
3208 2215 3316 2268 τῶν
3355 2215 3484 2286 παρ’
3513 2216 3692 2276 αὐτοῖς

2120 2313 2569 2384 θρησκευομένων
2629 2311 2890 2365 ἀπολέσαι
2951 2309 3120 2363 θεῶν’
3182 2308 3428 2370 ἅπαντάς
3471 2325 3532 2360 τε
3572 2307 3692 2368 τοὺς

2121 2404 2398 2474 πανταχοῖ»
2425 2404 2608 2456 λοιπὸν
2643 2400 2983 2474 ἀνθρώπους,
3021 2401 3075 2454 εἴ
3096 2418 3156 2454 τε
3194 2402 3252 2452 ἐν
3299 2399 3516 2452 πόλεσιν
3562 2399 3614 2451 εί
3637 2414 3694 2450 τε

2120 2500 2176 2550 ἐν
2203 2498 2407 2567 νήσοις,
2435 2495 2634 2566 πολλὴν
2663 2496 2755 2548 ἐπὶ
2781 2497 2892 2558 τοῖς
2918 2493 3070 2565 παρά
3095 2491 3188 2545 τοῦ
3219 2491 3354 2544 Θεοῦ
3393 2490 3695 2560 γινομένοις

2117 2590 2216 2659 τὴν
2246 2587 2506 2659 ἔκπληξιν
2530 2586 2816 2652 λαϐόντας,
2851 2586 3036 2655 κοινὴν
3067 2582 3216 2653 αὐτῷ
3261 2585 3358 2654 τήν
3387 2582 3695 2652 προσκύνη-

2121 2696 2205 2732 σιν
2254 2677 2581 2739 ὰποδιδόναι,
2609 2678 2666 2729 ἐν
2698 2677 2810 2738 τοῖς
2849 2673 2997 2736 ἰδίοις
3025 2671 3254 2725 ἑκάστου
3300 2670 3487 2732 τόποις
3519 2666 3700 2739 ὁμολο-

2119 2769 2344 2839 γοῦντος
2388 2769 2486 2839 τῆς
2540 2766 2825 2836 δυνάμεως
2857 2763 3020 2817 αὐτοῦ
3049 2762 3148 2834 τὴν
3181 2761 3508 2831 ὑπερϐολήν.
3537 2780 3555 2811 ι
3593 2757 3701 2811 Καὶ

2121 2863 2297 2931 ὑμεῖς,
2328 2860 2600 2924 Αἰθίοπες,
2639 2855 2975 2929 τραυματίαι
3017 2855 3292 2926 ῥομφαίας
3340 2869 3440 2923 μου
3490 2850 3636 2904 ἐστέ.
3677 2869 3694 2899 ι

443 2957 568 3000 tans
599 2945 917 3015 prophetam
952 2944 1350 3015 Amosum,qui
1374 2943 1501 2998 dum
1534 2943 1748 3000 lsraelis
1781 2960 1880 3000 nec
1909 2961 2017 3000 non

2121 2952 2232 3005 Καὶ
2251 2951 2403 3004 αὐτοὶ
2427 2949 2481 3002 δέ
2505 2949 2647 3018 ξίφει
2682 2948 2794 3016 (55)
2832 2946 2922 2999 διὰ
2946 2946 3054 2998 τῶν
3078 2945 3226 3016 ἐμῶν
3252 2938 3701 3013 τιμωρηθήσεσθε

447 3036 783 3091 Hierusalem
821 3035 1036 3090 futuros
1059 3051 1221 3091 casus
1244 3036 1460 3100 recitat,
1478 3035 1724 3090 meminit
1763 3036 1920 3106 261
1946 3038 2022 3090 si-

443 3130 553 3183 mul
576 3129 1025 3199 alienigenarum,
1051 3130 1231 3199 qualia
1249 3129 1459 3185 scilicet
1480 3129 1694 3198 passuri
1713 3129 1822 3184 sint
1838 3129 2026 3182 Dama-

443 3219 614 3283 sceni,
636 3220 810 3290 Tyrii,
849 3218 1092 3284 Idumaei,
1116 3221 1463 3283 Ammanitae,
1509 3221 1800 3290 caeterique
1829 3235 2023 3276 omnes

442 3331 674 3384 quorum
707 3313 838 3368 facit
867 3313 1216 3366 mentionem.
1252 3311 1454 3367 Eodem
1507 3313 1674 3382 igitur
1706 3313 1867 3366 modo
1901 3314 2027 3368 bea—

443 3415 530 3461 tus
560 3406 870 3477 Sophonias
903 3413 1191 3474 postquam
1222 3416 1483 3459 eventura
1527 3405 1648 3458 urbi
1670 3404 2015 3459 Hierusalem

447 3517 475 3553 a
509 3499 822 3570 Babyloniis
853 3499 993 3551 mala
1028 3496 1298 3567 praedixit,
1354 3505 1620 3551 memorat
1659 3498 1822 3551 etiam
1855 3505 2020 3567 quot-

446 3601 582 3663 quot
635 3591 724 3645 bis
752 3592 820 3644 ab
871 3589 996 3644 aliis
1037 3589 1289 3660 gentibus
1335 3587 1518 3643 clades
1559 3596 1716 3642 erant
1750 3604 1844 3657 per
1880 3589 2014 3642 illud

444 3694 660 3754 tempus
696 3692 1129 3751 superventuraz.
1158 3679 1504 3749 Quapropter
1541 3687 1667 3750 post
1700 3691 1828 3735 ante
1871 3680 2017 3736 dicta

444 3789 752 3829 sermonem
776 3773 1036 3828 transfert
1071 3772 1140 3826 ad
1169 3772 1426 3843 Assyrios
1475 3781 1530 3827 et
1576 3770 1834 3836 Niniven,
1886 3772 2016 3842 quia

443 3865 701 3922 nimirum
735 3873 863 3916 tunc
893 3862 1538 3934 BabyloniiAssyriorum
1557 3862 1846 3931 imperium
1878 3863 2020 3917 dele-

442 3961 657 4014 verunt,
717 3953 861 4022 regia
914 3952 1160 4020 ipsorum
1212 3951 1346 4005 urbe
1400 3949 1594 4006 Ninire
1649 3951 1913 4006 subversa
1965 3959 2019 4006 et

445 4047 686 4102 vastitati
714 4045 1043 4101 omnimodae
1071 4044 1290 4099 tradita.
1331 4043 1484 4099 Unde
1511 4044 1664 4098 addit
1697 4064 1708 4098 :

2121 3044 2262 3114 ὑπὲρ
2296 3035 2370 3095 ὧν
2406 3039 2909 3112 πεπλημμελήκατε
2951 3040 3030 3101 εἰς
3066 3037 3263 3098 αὐτούς
3297 3052 3310 3065 ·
3353 3035 3618 3095 Αἰθίοπας
3646 3031 3700 3083 δὲ

2121 3135 2216 3189 καὶ
2241 3133 2337 3187 νῦν
2359 3136 2484 3196 τοὺς
2510 3133 2907 3202 πλησιάζοντας
2936 3129 3195 3199 Αἰγύπτῳ
3217 3128 3382 3197 λέγει.
3401 3127 3576 3180 Ταυτὶ
3597 3125 3701 3195 μὲν

2122 3217 2214 3280 οὖν
2249 3224 2370 3278 καθ’
2399 3225 2693 3296 ὁμοιότητα
2744 3222 2837 3276 τοῦ
2883 3222 3150 3294 μακαρίου
3197 3219 3377 3291 Ἀμὼς
3417 3217 3515 3271 τοῦ
3571 3233 3705 3287 προ-

2124 3320 2296 3389 φήτου
2332 3317 2518 3388 φησὶν,
2546 3317 2604 3378 ὃς
2631 3315 2701 3369 τά
2723 3332 2782 3368 τε
2824 3314 2901 3386 τῷ
2941 3313 3176 3385 Ἰσραήλ,
3199 3313 3269 3366 τά
3300 3329 3360 3366 τε
3393 3314 3459 3382 τῇ
3507 3311 3706 3381 Ἰερου-

2121 3409 2304 3480 σαλὴμ
2333 3407 2724 3478 συμϐησόμενα
2753 3407 2948 3474 λέγων,
2981 3406 3255 3475 μέμνηται
3288 3403 3382 3456 καὶ
3418 3400 3533 3454 τῶν
3560 3399 3705 3454 ἁλλο-

2116 3501 2284 3573 τρίων
2331 3501 2506 3554 ὁπόσα
2544 3500 2825 3552 πείσονται
2878 3498 2973 3551 καὶ
3026 3496 3198 3559 αὐτοὶ,
3244 3492 3603 3564 Δαμασκηνοί
3648 3507 3706 3542 τε

2117 3593 2261 3661 λέγω
2293 3592 2391 3644 καὶ
2450 3591 2679 3663 Τύριοι,
2727 3591 3014 3660 Ἰδουμαῖοι
3065 3590 3158 3641 καὶ
3201 3589 3558 3658 Ἀμμανῖται,
3615 3586 3708 3637 καὶ

2117 3686 2320 3748 πάντες
2351 3685 2408 3737 δέ
2428 3683 2639 3736 ὁπόσων
2679 3682 2970 3754 πεποίηται
2998 3681 3220 3751 μνήμην
3238 3697 3251 3710 υ
3283 3679 3374 3732 τὸν
3402 3677 3571 3732 αὑτὸν
3601 3676 3709 3747 γάρ

2122 3778 2186 3851 δὴ
2240 3777 2442 3848 τρόπον
2488 3775 2583 3828 καὶ
2620 3777 2648 3828 ὁ
2683 3774 2952 3845 μακάριος
3010 3773 3272 3840 Σοφονίας
3317 3771 3386 3825 τὰ
3438 3772 3574 3841 περὶ
3607 3769 3706 3838 τὴν

2136 3869 2491 3944 Ἰερουσαλὴμ
2518 3869 2752 3939 ἐσόμενα
2792 3866 2942 3937 παρὰ
2980 3865 3087 3917 τῶν
3113 3863 3468 3918 Βαϐυλωνίων
3498 3864 3560 3914 ἐν
3588 3860 3708 3914 τούο

2123 3981 2237 4027 τοις
2289 3962 2486 4030 λέγων,
2519 3959 2795 4029 μέμνηται
2829 3958 2924 4010 καὶ
2956 3957 3064 4008 τῶν
3108 3957 3209 4010 ὅσα
3250 3957 3364 4018 τοῖς
3400 3952 3710 4022 ἀλλοτρίοις

2126 4059 2243 4111 κατ’
2275 4057 2480 4109 ἐκεῖνον
2522 4051 2840 4124 συμϐαίνειν
2875 4049 3109 4121 ἤμελλεν
3155 4048 3246 4101 τὸν
3290 4046 3503 4117 καιρόν.
3541 4042 3713 4100 Ὅθεν

441 4139 505 4207 δὴ
529 4136 666 4208 μετά
684 4137 753 4190 τά
783 4135 1165 4208 προρρηθέντα
1202 4134 1295 4187 ἐπὶ
1327 4136 1452 4198 τοὺς
1489 4134 1808 4203 Ἀσσυρίους
1837 4156 1895 4192 τε
1918 4145 2012 4198 καὶ
2042 4146 2140 4218 τὴν
2163 4143 2366 4213 Νινευὴ
2407 4142 2633 4210 μετάγει
2663 4141 2755 4192 τὸν
2779 4138 2936 4207 λόγον
2957 4155 2971 4168 ·
3010 4138 3198 4208 ἐπειδὴ
3227 4138 3346 4191 τότε
3371 4135 3711 4188 Βαϐυλώνιοι

444 4230 538 4284 καὶ
568 4229 665 4301 τὴν
681 4227 978 4300 Ἀσσυρίων
1000 4226 1246 4281 καθεῖλον
1277 4225 1471 4297 ἀρχὴν,
1491 4226 1590 4297 τὴν
1615 4225 2003 4297 βασιλεύουσαν
2036 4239 2094 4291 ἐν
2119 4238 2300 4299 αὐτοῖς
2331 4233 2505 4298 πόλιν,
2525 4238 2602 4302 (p.
2632 4231 2755 4301 598)
2778 4231 2876 4301 τὴν
2909 4230 3110 4302 Νινευὴ
3141 4229 3304 4297 λέγω,
3327 4227 3712 4298 ἐκπορθήσαν-

442 4323 532 4385 τές
565 4339 623 4375 τε
656 4321 749 4375 καὶ
783 4321 990 4393 ἐρημίᾳ
1034 4318 1288 4373 παντελεῖ
1312 4319 1833 4387 παραδόντες.Ὄθεν
1863 4324 2089 4395 ἐπάγει⁶

515 4417 684 4473 Vens.
754 4417 936 4471 13-15.
976 4447 1046 4460 -
1089 4433 1106 4466 ι
1137 4415 1201 4468 Et
1271 4414 1535 4469 extendet
1587 4433 1808 4472 manum
1865 4436 2018 4476 suam

2197 4424 2345 4493 Στίχ.
2377 4420 2643 4492 ιγ’-ιε⁷.-
2665 4439 2684 4472 ι
2721 4422 2830 4475 Καὶ
2862 4423 3071 4473 ἐκτενεῖ
3100 4421 3198 4488 τὴν
3232 4421 3388 4488 χεῖρα
3416 4414 3590 4469 αὐτοῦ
3621 4414 3716 4467 ἐπὶ

445 4526 608 4580 super
632 4511 968 4580 aquilonem,
1009 4517 1065 4564 et
1098 4508 1289 4578 perdet
1319 4508 1632 4579 Assyrium,
1662 4518 1717 4562 et
1749 4525 1913 4578 ponet
1937 4512 2028 4566 Ni-

446 4603 603 4656 niven
653 4602 707 4656 in
747 4601 1140 4656 desolationem
1189 4601 1508 4668 inaquosam
1533 4603 1690 4668 quasi
1722 4601 2018 4657 desertum.

447 4695 511 4747 lit
536 4705 830 4764 pascentur
854 4695 907 4747 in
933 4693 1112 4746 medio
1134 4691 1256 4759 ejus
1285 4706 1498 4761 greges.
1531 4699 1586 4746 et
1615 4708 1804 4748 omnes
1837 4695 2022 4749 bestia;

2129 4515 2352 4588 βορρᾶν,
2398 4516 2493 4569 καὶ
2542 4515 2734 4568 ἀπολεῖ
2789 4514 2881 4568 τὸν
2922 4512 3238 4581 Ἀσσύριον,
3269 4511 3364 4562 καὶ
3403 4509 3563 4579 θήσει
3613 4506 3715 4576 τὴν

2128 4605 2332 4677 Νινευὴ
2369 4608 2452 4670 είς
2508 4606 2814 4676 ἀφανισμὸν
2850 4605 3076 4676 ἄνυδρον
3107 4604 3183 4666 ὡς
3230 4602 3456 4673 ἔρημον,
3491 4599 3594 4654 καὶ
3624 4617 3714 4653 νε·

2131 4701 2363 4768 μήσεται
2383 4701 2441 4752 ὲν
2477 4699 2626 4770 μέσῳ
2652 4699 2822 4770 αὐτῆς
2844 4697 3095 4770 ποίμνια,
3125 4699 3219 4752 καὶ
3234 4696 3411 4750 πάντα
3439 4693 3508 4746 τὰ
3541 4692 3717 4764 θηρία

445 4798 622 4850 ωτι-ξε,
655 4798 708 4842 et
734 4787 1155 4841 chamaeleontes
1185 4794 1239 4838 et
1273 4783 1428 4836 ericii
1459 4783 1512 4836 in
1544 4785 1881 4854 praesepibus
1907 4787 2018 4855 ejus

2125 4790 2221 4858 τῆς
2246 4789 2371 4858 γῆς,
2406 4789 2501 4843 καὶ
2527 4791 2915 4860 χαμαιλέοντες
2946 4789 3040 4842 καὶ
3068 4789 3234 4858 ἐχῖνοι
3263 4789 3322 4842 ἐν
3354 4790 3465 4850 τοῖς
3493 4785 3718 4855 φατνώ-

443 4880 722 4934 cnbabunt
749 4897 762 4932 :
794 4889 844 4932 et
873 4878 1063 4933 bestia:
1112 4875 1429 4929 clamabunt
1476 4874 1529 4928 in
1583 4874 1754 4931 foveis
1785 4877 1928 4946 ejus,
1972 4885 2028 4932 et

444 4971 594 5024 corvi
650 4971 706 5023 in
747 4970 924 5039 portis
955 4969 1096 5037 ejus,
1149 4968 1276 5037 quia
1314 4967 1512 5019 cedrus
1556 4967 1787 5021 altitudo
1831 4969 1971 5038 ejus.
2001 4989 2019 5021 ι

443 5062 696 5116 Profecto
739 5063 905 5114 etiam
940 5063 1008 5115 ab
1055 5062 1297 5131 Assyriis
1345 5074 1538 5129 poenas
1585 5075 1888 5128 reposcam,
1929 5063 2022 5130 qui

446 5156 538 5207 tali
570 5169 694 5206 cum
746 5154 1028 5222 proposito
1063 5152 1405 5206 Hierusalem
1461 5153 1703 5220 aggressi
1742 5161 1890 5205 sunt.
1929 5151 2024 5206 Et-

443 5245 589 5296 enim
624 5244 867 5312 ipsorum
888 5242 1090 5311 regiam
1113 5243 1298 5296 urbem
1320 5239 1548 5295 Niniven
1562 5241 1697 5296 adeo
1715 5241 2017 5305 destruant,

443 5345 504 5387 ut
536 5336 694 5404 plane
725 5335 944 5389 deserta
986 5334 1096 5395 fiat,
1155 5341 1207 5387 et
1256 5334 1308 5387 in
1341 5333 1520 5388 medio
1552 5333 1673 5403 ejus
1723 5341 2018 5404 pascantur

443 5442 652 5496 greges,
672 5436 724 5480 et
752 5426 879 5482 ferae
898 5428 1164 5488 habitent,
1181 5436 1233 5479 et
1264 5433 1533 5496 quotquot
1559 5426 1815 5479 animalia
1839 5427 2020 5480 solent

445 5518 500 5570 in
539 5515 930 5572 desertissimis
961 5518 1094 5573 locis
1139 5517 1406 5572 cubitare.
1462 5515 1572 5572 Has
1607 5524 1785 5571 autem
1839 5516 2013 5585 justas

517 5677 628 5742 (53)
667 5678 800 5732 Cod.
829 5677 976 5747 ξίφη.

2129 4897 2289 4950 μασιν
2323 4881 2493 4951 αὐτῆς
2524 4882 2994 4953 κοιτασθήσονται,
3029 4881 3122 4935 καὶ
3163 4881 3328 4952 θηρία
3361 4882 3612 4950 φωνήσει
3659 4880 3717 4930 ἐν

2123 4971 2236 5032 τοῖς
2275 4970 2634 5042 διορύγμασιν
2673 4972 2862 5042 αὐτῆς,
2894 4973 2989 5026 καὶ
3012 4972 3245 5042 κόρακες
3288 4973 3344 5024 ἐν
3373 4975 3484 5034 τοῖς
3520 4969 3717 5023 πυλῶ-

2122 5075 2204 5112 σιν
2233 5062 2438 5131 αὑτῆς·
2479 5062 2613 5115 διότι
2663 5063 2850 5133 κέδρος
2885 5063 2946 5117 τὸ
2980 5064 3270 5133 ἀνάστημα
3312 5061 3502 5132 αὐτῆς.
3543 5081 3563 5113 ι
3605 5062 3718 5114 Καὶ

2116 5151 2225 5221 γὰρ
2258 5151 2351 5204 καὶ
2383 5152 2532 5223 παρὰ
2565 5152 2676 5206 τῶν
2705 5154 3001 5226 Ἀσσυρίων
3021 5156 3142 5208 τότε
3168 5154 3231 5225 δὴ
3259 5153 3497 5224 λήψομαι
3525 5153 3717 5216 δίκας.

2128 5243 2267 5313 μετὰ
2304 5243 2559 5316 τοιαύτης
2579 5244 2807 5316 γνώμης
2851 5246 3098 5300 ἐπελθεῖν
3141 5244 3621 5316 ἐπιχειρησάντων
3650 5248 3717 5313 τῇ

2138 5335 2494 5408 Ἰερουσαλήμ
2534 5355 2548 5369 ⁸
2589 5337 2806 5408 ἀφανιῶ
2838 5338 2946 5409 γὰρ
2990 5340 3168 5392 αὐτῶν
3223 5339 3316 5392 καὶ⁵
3366 5336 3578 5406 Νινευὴ
3617 5336 3722 5404 τὴ)

2129 5426 2372 5496 βασιλίδα
2408 5429 2594 5484 πόλιν’
2633 5430 2774 5485 ῶστε
2829 5429 3080 5498 γενέσθαι
3135 5431 3234 5500 μὲν
3287 5429 3454 5502 αὐτὴν
3496 5427 3720 5498 ἔρημον

2135 5518 2431 5583 παντελῶς,
2466 5521 2524 5575 ἐν
2574 5522 2725 5594 μέσῳ
2755 5523 2811 5577 δέ
2841 5522 3014 5593 αὐτῆς
3049 5522 3276 5593 ποίμνιά
3307 5539 3366 5574 τε
3415 5518 3716 5587 νέμεσθαι,
