3844 6222
154 320 265 383 δατ

1108 320 1654 377 COMMENTARIUS
1693 321 1757 376 IN
1798 318 2165 376 SOPIlONIzE
2215 317 2367 373 CAP.
2411 319 2497 373 Ill.

3312 313 3414 370 466

156 439 254 493 καὶ
285 437 449 509 θηρία
474 437 699 506 διάγειν,
716 437 897 491 καὶτὰ
922 436 1084 493 λοιπὰ
1113 440 1176 511 δὴ
1197 439 1313 504 ζῶα
1350 442 1523 495 ὁπόσα
1547 444 1604 494 ὲν
1626 444 1737 505 τοῖς

1857 440 1985 494 labit
2015 455 2226 510 poznas,
2257 440 2386 509 quia
2430 445 2618 493 contra
2656 452 2847 491 omnes
2890 433 3241 504 superbiehat
3278 432 3417 486 civi-

157 529 519 600 ὲρημοτάτοις
552 530 893 599 ὲμφωλεύειν
936 531 1125 584 εἴωθεν
1152 531 1355 597 τόποις.
1392 533 1609 603 Ταύτην
1633 535 1738 604 γὰρ

156 622 320 673 δώσει
364 620 517 692 δίκην
574 621 789 674 δικαίαν
841 621 980 692 ὑπὲρ
1029 615 1104 675 ὧν
1164 622 1307 693 μέγα
1353 625 1495 678 κατὰ
1552 626 1741 678 πασῶν

159 713 377 783 ἐφρόνει
414 712 525 765 τῶν
569 713 795 775 πόλεων,
820 713 1020 766 ὡσανεὶ
1061 714 1255 786 κέδρου
1305 716 1461 787 δίκην
1511 718 1647 789 πρὸς
1673 719 1741 772 τὰ

158 803 326 856 λοιπὰ
358 804 687 874 κρινομένης
715 805 858 872 φυτὰ
901 806 1286 879 ὑπερφέρουσα
1316 808 1425 861 τῶν
1463 810 1736 864 ἁπάντων.

166 911 183 942 ι
206 893 358 962 Αὕτη
384 896 418 963 ἡ
449 894 600 957 πόλις
625 897 655 964 ἡ
683 896 1010 966 φαυλίστρια
1040 899 1072 966 ἡ
1101 899 1425 952 κατοικοῦσα
1447 901 1738 967 ἐπ’ὲλπίδι,

159 986 192 1052 ὴ
227 983 458 1051 λέγουσα
491 986 548 1037 ὲν
582 985 779 1054 καρδίᾳ
814 986 1002 1056 αὐτῆς,
1042 987 1181 1054 Ἐγώ
1204 990 1339 1057 εἰμι,
1374 990 1467 1043 καὶ
1500 991 1598 1043 ούκ
1627 991 1740 1045 ἔστι

165 1076 283 1142 μετ’
300 1074 401 1145 ἐμὲ
430 1074 563 1128 ἔτι.»
587 1075 819 1146 Εὔδηλον
843 1077 901 1129 δὲ
919 1077 999 1129 ὅτι
1031 1079 1095 1131 ὲκ
1112 1079 1212 1147 τῆς
1230 1080 1438 1141 πόλεως
1464 1081 1570 1134 τῶν
1600 1082 1740 1135 ὲνοι-

163 1163 403 1218 κούντων
423 1165 482 1217 τὸ
511 1167 766 1238 φρόνημα
791 1168 939 1236 λέγει
960 1186 973 1199 ·
998 1169 1058 1221 οὐ
1089 1169 1200 1241 γὰρ
1229 1170 1294 1242 δὴ
1322 1171 1449 1243 περὶ
1472 1172 1580 1225 τῶν
1603 1171 1741 1243 ἀψύ-

164 1274 275 1323 χων
308 1256 471 1309 λίθων
501 1258 676 1311 ταῦτά
718 1276 902 1328 φησιν.
935 1258 1082 1330 Αὕτη
1122 1261 1322 1325 τοίνυν,
1354 1264 1535 1333 φησὶν,
1594 1264 1739 1317 ἐστιν

163 1347 196 1412 ἡ
228 1346 576 1418 φαυλίστρια,
612 1348 733 1401 ἀντὶ
766 1350 881 1412 τοῦ,
916 1352 949 1420 ὴ
984 1353 1161 1409 πάντα
1195 1354 1293 1423 μὲν
1316 1354 1737 1425 ὲκφαυλίζουσα,

166 1434 239 1495 (p.
289 1428 417 1495 399)
457 1432 551 1482 καὶ
610 1431 781 1502 μηθὲν
837 1429 1141 1499 εἶναιτοὺς
1198 1438 1417 1501 λοιποὺς
1464 1441 1739 1511 ἡγουμένη

165 1518 303 1585 πρὸς
351 1519 570 1589 ἑαυτὴν,
613 1522 804 1591 ἀρκεῖν
832 1522 888 1574 δὲ
916 1524 1079 1595 ἑαυτῇ
1106 1526 1239 1596 πρὸς
1269 1528 1480 1580 ἅπαντα
1516 1528 1739 1601 ὑπειλη-

166 1612 332 1676 φυῖα·
355 1611 514 1664 τοῦτο
551 1613 660 1680 γάρ
700 1615 815 1667 ἐστι
853 1614 914 1667 τὸ
948 1637 965 1666 ι
1004 1617 1334 1671 κατοικοῦσα
1367 1621 1453 1670 ἐπ’
1487 1620 1681 1684 ἐλπίδι,
1715 1639 1733 1671 ι

166 1701 289 1753 ἀντὶ
338 1702 431 1753 τοῦ
451 1743 466 1765 ,
500 1703 688 1758 ἐλπίδα
720 1706 845 1775 περὶ
878 1707 1078 1777 ἑαυτῆς
1119 1705 1315 1778 ἔχουσα
1356 1708 1431 1772 ὡς
1464 1709 1617 1763 οὐδὲν
1656 1710 1741 1762 ού·

1844 541 2003 596 tates,
2029 532 2184 603 quasi
2203 531 2398 585 cedrus
2419 532 2559 584 inter
2600 530 2837 600 reliquas
2876 527 3103 581 arbores
3130 534 3295 594 caput
3322 541 3413 579 cx-

1845 622 2062 676 tollens.
2107 640 2124 671 ι
2156 619 2279 675 llazc
2308 628 2393 675 est
2422 621 2613 674 civitas
2644 618 3010 688 vilipendens,
3054 632 3175 685 qua:
3204 616 3414 669 habitat

1843 714 1896 766 in
1933 728 2048 782 spe,
2076 728 2195 782 qua:
2220 712 2354 765 dicit
2385 712 2437 765 in
2482 711 2646 766 corde
2696 726 2796 765 suo
2827 728 2840 763 :
2869 709 2979 780 Ego
3016 726 3160 772 sum,
3208 715 3261 762 et
3303 724 3413 760 non

1842 812 1926 857 est
1960 812 2081 873 post
2104 819 2187 857 me
2233 803 2486 872 amplius.
2511 822 2528 854 ι
2561 801 2715 855 Patet
2765 802 3079 871 prophetam
3131 799 3280 853 urbis
3316 815 3414 852 no-

1844 896 1989 949 mine
2016 896 2313 949 incolarum
2364 895 2673 963 superbiam
2696 894 2954 947 denotare
2988 909 3003 947 :
3040 906 3213 962 neque
3266 890 3410 945 enim

1843 988 1910 1043 de
1950 988 2240 1043 insensatis
2286 987 2557 1055 lapidibus
2608 986 2723 1039 haec
2766 984 2917 1038 dicit.
2960 984 3083 1040 llazc
3134 993 3218 1039 est
3258 998 3410 1053 ergo,

1842 1079 2042 1149 inquit,
2074 1080 2203 1132 urbs
2236 1076 2594 1147 vilipendens.
2620 1076 2672 1130 id
2720 1085 2804 1131 est
2837 1076 3079 1131 omnium
3135 1084 3413 1144 contemp-

1842 1164 1975 1229 trix,
2004 1172 2262 1218 ctonmes
2280 1165 2515 1234 reliquas
2535 1181 2647 1234 prae
2676 1181 2734 1219 se
2753 1165 2908 1218 flocci
2938 1165 3163 1224 faciens.
3201 1165 3413 1233 sibique

1840 1258 1943 1327 ipsi
1978 1258 2041 1311 ad
2066 1259 2245 1311 omnia
2274 1258 2520 1313 suilicere
2560 1257 2901 1313 existimans.
2936 1257 2992 1311 ld
3023 1259 3166 1310 enim
3208 1258 3411 1327 signiti-

1840 1360 1969 1404 cant
2018 1350 2178 1420 262
2214 1349 2374 1403 verba
2427 1368 2444 1399 ι
2476 1348 2729 1403 habitans
2767 1348 2823 1401 in
2853 1363 2969 1417 spe,
2996 1368 3013 1399 ι
3052 1349 3104 1402 id
3130 1357 3234 1412 est,
3260 1364 3410 1417 spem

1840 1442 2032 1498 fovens
2058 1444 2192 1496 nihil
2226 1456 2463 1510 unquam
2488 1442 2613 1495 mali
2631 1456 2689 1497 se
2711 1442 2808 1496 abs
2826 1442 3067 1511 quolibet
3087 1457 3406 1511 passuram:

1841 1535 2058 1587 unicam
2081 1542 2255 1588 semet
2300 1532 2642 1595 existimans,
2692 1532 3005 1601 nullamque
3052 1532 3240 1585 urbem
3293 1548 3413 1586 essi:

1840 1625 2058 1693 dignam
2090 1640 2208 1693 qua:
2238 1639 2423 1677 secum
2449 1634 2816 1692 comparetur.
2851 1622 2947 1677 llis
2978 1637 3087 1676 non
3136 1623 3254 1677 sine
3289 1639 3416 1677 con-

1843 1717 1986 1770 vicio
2015 1716 2199 1779 dictis,
2225 1714 2454 1784 ejusque
2500 1715 2762 1768 adversus
2796 1728 2988 1769 omnes
3021 1714 3275 1784 superbia
3314 1716 3413 1769 0b-

164 1792 358 1845 δέποτε
388 1796 682 1866 πεισομένη
713 1797 842 1865 παρ’
874 1797 1060 1867 ἐτέρου
1100 1799 1267 1851 κακόν
1300 1816 1315 1831 ο
1344 1795 1632 1871 διακεμένη
1654 1815 1735 1867 τε,

1857 1808 2078 1874 iurgata,
2102 1778 2318 1876 egregie
2349 1778 2501 1859 addit
2533 1822 2547 1859 :
2582 1822 2599 1855 ι
2630 1803 2911 1869 Quomodo
2953 1778 3107 1858 facta
3125 1814 3208 1860 est
3238 1806 3291 1859 in
3324 1821 3417 1859 so-

171 1886 355 1954 φησὶν,
387 1886 464 1949 ὡς
500 1887 632 1958 μόνη
674 1905 731 1941 τε
755 1884 918 1955 οὖσα,
942 1891 1036 1942 καὶ
1057 1890 1176 1942 οὐδὲ
1207 1892 1264 1943 ἐν
1288 1890 1366 1961 τῷ
1396 1885 1535 1945 εἶναι
1566 1892 1747 1964 κρίνεο

1865 1894 2151 1959 itudinem,
2178 1895 2231 1948 in
2263 1910 2525 1965 pascuum
2566 1893 2905 1949 bestiarum?
2962 1892 3154 1949 Omnis
3197 1895 3288 1963 qui
3324 1911 3416 1963 per

171 1975 297 2027 σθαι
345 1974 511 2041 ἀξίων
550 1976 723 2030 ούσῶν
752 1977 861 2030 τῶν
903 1978 1103 2031 λοιπῶν
1140 1979 1346 2032 πόλεων
1390 1980 1527 2050 πρὸς
1553 1981 1745 2051 αὐτήν.

1857 2001 1961 2040 3am
1994 1987 2271 2049 transibit,
2319 1987 2558 2042 sibilabit
2593 2003 2896 2058 manusque
2937 2002 3065 2043 suas
3111 2002 3418 2041 commove-

171 2059 307 2116 Εἶτα
328 2064 692 2129 ὀνειδιστικῶς
715 2066 886 2120 ταῦτα
913 2067 1100 2133 εἰπὼν,
1133 2071 1224 2122 καὶ
1257 2070 1355 2140 τὴν
1376 2071 1516 2125 κατὰ
1533 2071 1747 2126 πάντων

1857 2075 1946 2128 bit.
1974 2075 2367 2145 )llemqualem
2386 2088 2611 2147 experta
2646 2093 2705 2134 es
2727 2079 3168 2142 conversionem,
3214 2078 3268 2131 in
3301 2088 3418 2131 Ian-

169 2155 436 2219 ὀνειδίσας
452 2157 750 2228 ὑπεροψίαν
766 2160 924 2230 αὐτῇ,
940 2160 1197 2215 κάλλιστα
1216 2162 1431 2230 ἐπάγει·
1455 2182 1471 2213 ι
1486 2163 1609 2227 Πῶς
1630 2164 1752 2233 ὲγέ-

1857 2175 1962 2221 tum
1990 2175 2045 2222 ut
2072 2182 2337 2237 pascuum
2372 2169 2670 2224 bestiarum
2692 2170 2933 2226 evaseris
2960 2210 2975 2234 ,
3008 2179 3069 2224 ut
3092 2186 3283 2224 omnes
3324 2171 3415 2238 qui

170 2264 296 2299 νετο
314 2250 393 2311 είς
419 2250 723 2321 ἀφανισμὸν
747 2250 884 2323 νομὴ
912 2251 1147 2323 θηρίων;
1176 2255 1284 2315 πᾶς
1303 2257 1331 2308 ὁ
1356 2257 1748 2327 παραπορευό-

1857 2259 2001 2328 iuxta
2025 2268 2076 2315 te
2101 2267 2406 2326 transeunt,
2432 2262 2741 2327 exsibilent,
2772 2278 3077 2332 manusque
3120 2279 3252 2318 suas
3291 2279 3418 2331 erga

174 2355 338 2408 μενος
366 2339 536 2410 αὐτῆς
580 2344 778 2412 συριεί,
796 2343 889 2395 καὶ
917 2344 1128 2414 κινήσει
1166 2345 1265 2408 τὰς
1294 2347 1480 2416 χεῖρας
1511 2347 1695 2401 αὐτοῦ.
1722 2369 1741 2401 ι

186 2430 348 2485 Ἀλλὰ
378 2432 485 2504 γὰρ
518 2434 635 2486 οἵαν
663 2434 1085 2506 ὑπομεμένηκας
1114 2436 1213 2508 τὴν
1245 2438 1544 2509 μεταϐολὴν
1564 2478 1577 2501 ,
1600 2441 1748 2505 ὅπως

1851 2353 2229 2419 teintendant,
2264 2362 2465 2408 tantam
2498 2354 2761 2410 mirantes
2789 2355 3201 2410 conversionem
3229 2358 3241 2408 ε
3278 2354 3418 2420 Quid

1849 2459 1980 2498 vero
2008 2444 2293 2499 dicentes?

172 2523 228 2574 δὲ
252 2526 330 2589 είς
350 2526 584 2596 ἐρημίαν
616 2527 890 2591 καταστὰς
922 2527 1058 2599 νομὴ
1086 2528 1316 2597 γέγονας
1348 2529 1581 2601 θηρίων;
1612 2531 1750 2583 ὥστε
1787 2532 2032 2596 ἅπαντας
2059 2534 2185 2596 τοὺς
2211 2533 2503 2604 παριόντας
2534 2532 2803 2604 συρίττειν
2830 2550 2889 2586 τε
2918 2534 3011 2586 ἐπὶ
3036 2534 3119 2586 σοὶ
3138 2535 3232 2586 καὶ
3255 2537 3421 2586 κινεῖν

171 2614 274 2675 τὰς
303 2619 506 2686 χεῖρας,
531 2616 904 2687 θαυμάζοντας
923 2636 1014 2670 σου
1042 2619 1141 2690 τὴν
1167 2619 1434 2691 τοσαύτην
1470 2620 1772 2691 μεταϐολήν
1789 2638 1801 2651 ⁸
1836 2622 1925 2674 καὶ
1962 2622 2015 2675 τί
2042 2621 2216 2688 λέγειν
2239 2638 2254 2686 ς

830 2777 981 2828 ΚΕΦ.
1017 2777 1085 2830 Ρ.

250 2890 396 2959 Στίχ.
422 2898 490 2953 α’,
618 2921 685 2931 —
724 2887 821 2943 (Ὦ
854 2894 886 2961 ἡ
932 2894 1197 2962 ἐπιφανὴς
1242 2893 1335 2945 καὶ
1368 2892 1747 2963 λελυτρωμένη

2497 2780 2648 2835 CAP.
2686 2782 2774 2837 Ill.

1930 2893 2090 2948 Vens.
2110 2895 2159 2957 1,
2178 2892 2307 2949 2,-
2333 2911 2351 2946 ‹
2378 2891 2421 2947 0
2453 2894 2683 2949 illustris
2704 2902 2758 2948 et
2787 2894 3061 2961 redempta
3088 2892 3298 2958 civitas,
3327 2909 3419 2946 co-

177 2945 416 3049 176).t;?ﬂ
453 2945 749 3051 περιστερὰ
778 2945 886 3034 οὐκ.
916 2945 1202 3052 εἰσήκουσε
1235 2984 1417 3052 φωνῆς
1438 3025 1451 3049 ,
1486 2945 1751 3038 ούδὲιεέδέι1

1857 2984 2052 3037 Iumba!
2087 2981 2205 3036 Non
2234 2982 2510 3038 exaudivit
2531 2998 2752 3045 vocem;
2786 2998 2891 3035 non
2919 2983 3140 3036 admisit
3172 2980 3417 3051 discipli-

175 3071 307 3135 ξατο
337 3071 599 3135 παιδείαν,
632 3072 724 3124 ἐπὶ
752 3072 829 3142 τῷ
853 3072 1039 3145 Κυρίῳ
1068 3074 1166 3125 οὐκ
1195 3073 1472 3127 ἐπεποίθει
1500 3074 1750 3145 καὶπρὸς

178 3161 273 3214 τὸν
306 3161 439 3214 Θεὸν
464 3161 633 3232 αὐτῆς
663 3162 761 3215 οὐκ
812 3163 1058 3233 ἤγγισεν.
1094 3184 1113 3215 ›
1148 3164 1355 3228 Ταῦτα,
1380 3167 1563 3235 φησὶν,
1596 3166 1751 3237 ὲροῦ-

180 3270 288 3317 σιν,
317 3253 515 3323 Ὀπόση
538 3271 622 3317 τις
640 3251 707 3325 ἦν
738 3256 771 3325 ἡ
802 3255 1006 3326 ταύτης
1036 3256 1378 3325 περιφάνεια,
1408 3258 1556 3320 ὅπως
1590 3258 1755 3311 ἀπάν-

177 3361 288 3397 των
331 3343 657 3415 ἐκεχώριστο
687 3344 793 3397 τῶν
839 3344 1023 3398 κακῶν
1044 3363 1057 3409 ;
1081 3346 1239 3399 τοῦτο
1270 3346 1378 3420 γὰρ
1411 3346 1576 3413 λέγει,
1615 3368 1633 3399 ι
1664 3348 1753 3401 λε-

179 3435 503 3506 λυτρωμένη
545 3453 558 3466 ·
595 3455 613 3488 ι
649 3438 817 3508 ὁπόση
860 3455 942 3500 τις
999 3438 1169 3508 αὐτῆς
1215 3433 1285 3509 ἦν
1337 3441 1369 3509 ή
1414 3440 1749 3508 εὐπρέπειας

179 3526 279 3595 τὴν
311 3525 420 3597 γὰρ
442 3527 765 3598 περιστερὰν
789 3528 943 3581 τοῦτό
974 3546 1158 3599 φησιν,
1179 3530 1363 3601 ἐπειδή
1390 3548 1506 3593 πως
1526 3531 1753 3601 τερπνὸν

180 3620 240 3671 ἐν
266 3619 472 3689 ὀρνέοις
504 3617 641 3673 εἶναι
665 3621 811 3673 δοκεῖ
840 3620 902 3673 τὸ
936 3621 1072 3685 ζῶον
1106 3623 1200 3675 καὶ
1226 3622 1473 3694 σοϐαρῶς
1500 3624 1712 3693 βαδίζον
1735 3641 1750 3656 ⁸

180 3709 326 3764 οὕτω
358 3712 451 3765 καὶ
470 3714 498 3764 ὁ
523 3713 787 3783 μακάριος
821 3711 967 3780 λέγει
986 3712 1149 3765 Δαυΐδ
1169 3730 1182 3744 ο
1230 3732 1247 3763 ι
1301 3714 1425 3767 Ἐὰν
1459 3716 1755 3786 κοιμηθῆτε

184 3801 290 3855 ἀνὰ
318 3801 496 3871 μέσων
522 3801 629 3855 τῶν
658 3802 894 3874 κλήρων,
917 3806 990 3873 (p.
1017 3804 1141 3873 400)
1165 3805 1282 3856 ἐκεῖ
1301 3805 1567 3876 πτέρυγες
1598 3824 1756 3879 περι-

184 3893 385 3963 στερᾶς
431 3893 970 3963 περιηργυρωμέναι,
1003 3894 1098 3945 καὶ
1128 3895 1195 3946 τὰ
1235 3896 1548 3966 μετάφρενα
1590 3898 1760 3969 αὐτῆς

182 3987 243 4037 ὲν
273 3984 575 4055 χλωρότητι
628 3984 871 4055 χρυσίουο
919 4005 935 4035 ι
980 3984 1350 4050 ἀπολαϐόντας
1379 3988 1478 4057 τὴν
1524 3989 1627 4059 γῆν
1662 3989 1759 4059 τῆς

184 4078 541 4146 ἐπαγγελίας,
594 4078 846 4130 ἁπάντων
899 4076 1185 4145 φανεῖσθαι
1232 4079 1358 4141 τοὺς
1422 4080 1760 4151 Ἰσραηλίτας

185 4170 582 4241 τερπνοτέρους
634 4170 805 4237 λέγων
858 4172 923 4240 τῇ
974 4170 1073 4239 τῆς
1111 4173 1438 4243 περιστερᾶς
1475 4174 1759 4243 ὁμοιώσει’

1852 3074 2077 3139 nam;in
2111 3074 2337 3129 Domino
2371 3090 2480 3128 non
2508 3081 2593 3129 cst
2624 3074 2851 3135 conlisa,
2877 3073 3050 3127 ctDeo
3076 3089 3175 3129 suo
3206 3089 3312 3127 non
3329 3090 3421 3143 ap-

1853 3166 2257 3237 propinquavit.
2286 3186 2303 3218 ι
2350 3166 2441 3221 Sic
2480 3181 2690 3231 omnes,
2717 3167 2914 3236 inquit.
2952 3165 3133 3219 dicent
3170 3166 3423 3230 :Quanta

1855 3260 1957 3313 fuit
2008 3260 2170 3327 hujus
2223 3259 2554 3313 celebritas!
2602 3268 2867 3328 quantum
2909 3258 3055 3311 onmi
3111 3257 3426 3311 calamitate

1855 3352 2043 3406 aberat
2064 3352 2077 3403 l
2124 3346 2179 3402 Id
2195 3349 2394 3418 quippe
2408 3347 2632 3400 denotat
2646 3344 2830 3410 dictio,
2845 3365 2861 3396 ι
2881 3345 3424 3417 τοάοιηριςιδριιειηιει

1854 3443 1974 3513 ejus
2000 3440 2350 3512 pulchritudo
2382 3440 2524 3495 erat!
2568 3438 2671 3493 hoc
2701 3439 2846 3492 enim
2894 3438 3115 3493 denotat
3159 3438 3424 3493 columbm

1858 3533 2202 3595 vocabulum,
2234 3530 2378 3602 quod
2410 3530 2611 3584 animal
2637 3529 2851 3583 videtur
2870 3530 3011 3582 inter
3030 3544 3159 3583 aves
3181 3529 3428 3598 apprime

1858 3623 2175 3678 delectabile
2211 3631 2264 3675 et
2308 3636 2432 3674 cum
2485 3619 2750 3689 dignitate
2794 3619 3069 3672 incedens.
3123 3616 3214 3671 Sic
3264 3619 3428 3670 etiam

1858 3717 2052 3769 beatus
2084 3714 2159 3767 ait
2188 3712 2356 3767 David
2389 3730 2403 3767 :
2445 3730 2463 3763 ι
2495 3710 2550 3764 Si
2592 3710 3037 3765 dormiatisinter
3067 3709 3275 3763 medios
3320 3708 3429 3762 cle-

1859 3821 1973 3871 ros,
2008 3805 2079 3860 ibi
2115 3806 2213 3858 ala:
2246 3805 2511 3860 columbae
2543 3804 2929 3875 deargentataa,
2960 3812 3014 3856 et
3042 3803 3264 3857 dorsum
3308 3802 3429 3870 ejus

1860 3912 1983 3951 cum
2009 3896 2216 3967 pallore
2250 3898 2367 3949 auri
2382 3894 2479 3949 ³⁰.ι
2510 3894 2647 3948 Dicit
2682 3892 2936 3947 nimirum
2973 3891 3427 3964 postacquisitam

1863 3986 2247 4056 promissionis
2281 3997 2504 4049 terram,
2541 3984 2813 4040 lsraelitas
2858 3984 3027 4038 videri
3074 3999 3181 4053 prae
3219 3984 3431 4040 caeteris

1864 4080 2235 4145 delectabilcs,
2301 4080 2365 4133 ad
2417 4079 2679 4132 Columba!
2723 4076 3157 4131 similitudinem.
3205 4073 3281 4129 Ita
3329 4076 3431 4131 hoc

1863 4170 2025 4224 etiam
2078 4171 2199 4224 loco
2230 4171 2414 4224 dicere
2445 4169 2615 4222 voluit
2650 4183 2747 4237 pro
2791 4169 3016 4237 pulchra
3060 4175 3112 4222 et
3158 4170 3428 4238 speciosa.

184 4263 332 4316 οὕτω
360 4262 636 4315 κάνταῦθα
670 4263 847 4316 εἰπεῖν
872 4262 1169 4334 ⁴ἠϐουλήθη,
1215 4265 1335 4317 ἀντὶ
1374 4264 1489 4330 τοῦ,
1517 4266 1695 4337 ὡραία
1724 4268 1753 4340 ἢ

1864 4259 2024 4317 Velut
2080 4263 2240 4315 etiam
2281 4262 2472 4317 beatus
2521 4259 2800 4314 Nahumus
2848 4260 2895 4315 ei
2939 4260 3253 4314 convicians
3313 4262 3429 4315 ait:

187 4355 492 4425 ἐπιτερπής
512 4371 526 4385 ·
562 4354 636 4417 ὡς
664 4353 756 4406 καὶ
787 4355 815 4405 ὁ
850 4355 1117 4423 μακάριος
1145 4355 1339 4425 Ναούμ
1370 4355 1640 4421 ὀνειδίζων
1668 4360 1768 4411 αὐ-

186 4451 256 4517 τῇ
292 4446 440 4515 λέγει
465 4444 548 4509 τὸ,
581 4464 599 4495 ι
638 4446 817 4517 Πόρνη
850 4444 988 4516 καλὴ
1018 4446 1111 4499 καὶ
1152 4446 1422 4518 ἐπίχαρις.
1457 4467 1474 4498 ι
1509 4448 1765 4521 Τοιαύτη,

189 4540 379 4610 φησὶν,
408 4534 561 4601 οὖσα,
592 4537 687 4607 τῆς
730 4537 824 4590 τοῦ
874 4536 1214 4607 πεμφθέντος
1256 4539 1391 4608 πρὸς
1423 4540 1592 4610 αὐτὴν
1637 4558 1768 4612 προ-

189 4632 367 4701 φήτου
400 4630 586 4699 φωνῆς
632 4631 731 4682 οὐκ
766 4630 846 4693 εἰς
882 4628 1032 4692 τέλος
1077 4629 1327 4699 ἤκουσεν,
1358 4631 1477 4683 οὐδὲ
1529 4632 1767 4703 παντελῆ

189 4724 293 4794 τὴν
346 4722 554 4775 ἐκεῖθεν
612 4720 827 4791 ἐδέξατο
879 4720 1261 4774 διδασκαλίαν’
1304 4722 1439 4792 πρὸς
1486 4724 1678 4793 μικρὸν
1710 4724 1767 4777 δὲ

194 4815 628 4886 μεταϐάλλεσθαι
659 4812 889 4867 δοκούσα
915 4854 929 4877 ,
960 4809 1117 4874 αὖθις
1146 4813 1239 4866 ἐπὶ
1291 4814 1389 4885 τὴν
1441 4816 1642 4885 ἑαυτῆς
1675 4817 1768 4869 ἀν-

189 4910 431 4981 έδραμεν
464 4907 663 4959 κακίαν
683 4922 697 4937 ⁸
734 4905 853 4957 οὐδὲ
886 4904 1015 4973 γοῦν
1052 4904 1208 4973 λόγον
1247 4906 1365 4958 τινὰ
1396 4905 1489 4958 τοῦ
1528 4906 1614 4960 τὸν
1642 4924 1771 4978 προ-

191 5001 374 5069 φήτην
418 4997 837 5058 ἀποστείλαντος
866 4996 1159 5066 ἐποιήσατο
1188 4995 1345 5055 θεοῦ,
1368 4996 1487 5048 οὐδὲ
1520 4996 1771 5065 ἐδοκίμα-

194 5109 289 5143 σεν
333 5088 481 5158 αύτῷ
533 5088 717 5141 λοιπὸν
776 5086 1153 5157 προσανέχειν,
1207 5085 1463 5156 τοιαύτην
1520 5088 1770 5158 εἰληφυῖα

192 5184 415 5251 πεῖραν.
442 5180 763 5234 Τούναντίον
788 5179 886 5250 μὲν
918 5174 1010 5231 οὖν
1040 5178 1251 5248 ἀπέστη
1285 5196 1345 5231 τε
1374 5178 1538 5232 αὐτοῦ
1576 5197 1771 5233 παντε-

191 5276 325 5339 λῶς,
364 5274 458 5328 καὶ
516 5273 650 5341 πρὸς
700 5271 935 5342 πόλεμον
979 5270 1144 5323 αὑτοῦ
1178 5271 1436 5341 κατέστη,
1484 5273 1622 5342 μετὰ
1673 5272 1770 5342 τὴν

189 5367 304 5419 τῶν
339 5365 471 5417 δέκα
496 5363 675 5432 φυλῶν
706 5362 982 5434 ἀναίρεσιν
1013 5360 1373 5432 ὲπεληλυθυία
1396 5366 1460 5433 τῇ
1496 5364 1771 5434 Ἰερουσα-

191 5456 332 5525 λὴμ,
362 5456 421 5505 ὲν
471 5448 614 5525 ᾗπερ
649 5448 788 5505 εἶναι
843 5450 936 5503 τοῦ
983 5448 1118 5503 Θεοῦ
1170 5450 1451 5505 συνέϐαινε
1500 5453 1592 5505 τὸν
1621 5456 1766 5509 ναόν.

207 5544 476 5600 Ἐνταῦθα
506 5545 665 5597 πάλιν
697 5547 743 5596 οἱ
776 5542 1079 5614 θαυμαστοὶ
1111 5541 1396 5611 μυθολόγοι
1421 5544 1527 5598 τῶν
1562 5545 1769 5617 Σύρων,

271 5732 316 5765 κ
345 5732 395 5788 ιλ
421 5733 676 5790 aLvau,
712 5730 791 5785 ll.
871 5730 911 5763 "
942 5727 1077 5784 Nah.
1118 5745 1195 5797 ιιι,
1228 5727 1279 5781 4.

1869 4373 1887 4405 ι
1913 4353 2167 4409 Meretrix
2222 4353 2443 4423 pulchra
2486 4361 2539 4405 et
2567 4352 2888 4421 gratiosa“.
2927 4371 2945 4403 ι
2985 4351 3131 4405 Talis
3167 4367 3291 4405 cum
3341 4369 3431 4407 es-

1867 4455 1948 4501 set
1981 4445 2215 4513 (Ninive)
2247 4444 2400 4499 missi
2434 4443 2500 4497 ad
2530 4460 2647 4495 eam
2697 4443 2973 4513 propheta:
3012 4443 3191 4496 noluit
3244 4458 3431 4497 vocem

1867 4553 2038 4607 usque
2068 4537 2133 4589 ad
2184 4534 2342 4588 linem
2397 4534 2604 4595 audire,
2662 4549 2839 4603 neque
2879 4532 3171 4603 perfectam
3216 4534 3431 4587 admisit

1866 4628 2245 4697 disciplinam;
2283 4623 2378 4679 sed
2413 4625 2809 4693 tantispervisa
2838 4626 3104 4685 converti,
3136 4640 3329 4679 rursus
3367 4626 3431 4679 ad

1869 4717 2116 4769 eamdem
2151 4715 2384 4769 recurrit
2410 4714 2729 4784 nequitiam.
2769 4714 2911 4767 Nihil
2942 4714 3094 4783 pensi
3132 4712 3295 4768 Deum
3348 4715 3445 4767 ha—

1869 4808 1985 4861 buit
2029 4806 2119 4876 qui
2154 4805 2473 4875 prophetam
2507 4803 2750 4866 miserat,
2785 4818 2959 4872 neque
2996 4802 3156 4873 263
3199 4802 3275 4856 illi
3310 4802 3427 4857 obe-

1870 4901 1987 4953 dire
2043 4900 2303 4967 deinceps
2348 4897 2540 4960 voluit,
2596 4909 2907 4965 quanquam
2951 4896 3058 4949 tale
3114 4902 3436 4965 tantumque

1869 4992 2299 5060 experimentum
2342 4995 2580 5058 ceperat.
2646 4986 2750 5040 Sed
2791 4994 2979 5041 contra
3030 4988 3212 5057 potius
3261 5002 3289 5039 a
3329 4985 3437 5041 Deo

1870 5098 2097 5153 prorsus
2145 5081 2392 5145 recessit,
2434 5079 2544 5132 imo
2592 5079 2791 5133 bellum
2850 5080 2903 5132 in
2949 5095 3071 5133 eum
3125 5080 3436 5143 commovit,

1869 5190 1993 5228 cum
2049 5181 2169 5243 post
2215 5174 2401 5227 decem
2452 5173 2688 5226 tribuum
2744 5173 3050 5237 excidium,
3098 5172 3436 5227 Hierusalem

1868 5266 2057 5319 adorta
2091 5272 2195 5327 est,
2228 5278 2335 5334 qna
2366 5264 2420 5316 in
2460 5263 2596 5317 urbe
2628 5263 2887 5332 templum
2926 5264 3015 5317 Dei
3059 5274 3195 5317 erat.
3224 5263 3437 5318 llursns

1868 5358 1956 5411 hic
2005 5355 2279 5411 mirabiles
2327 5353 2585 5425 Syrorum
2659 5353 2954 5424 mythologi
3021 5355 3172 5408 aiunt
3247 5376 3258 5407 :
3310 5369 3435 5408 mm

1870 5452 2128 5521 Syrorum
2186 5448 2367 5517 lingua
2416 5445 2674 5517 appellari
2720 5446 3047 5499 columbam.
3102 5445 3434 5515 Sephoniam

1869 5544 2051 5614 igitur,
2079 5541 2317 5597 voluisse
2352 5540 2492 5594 hanc
2526 5538 2796 5608 appellare
2835 5539 3109 5608 prOphctm
3148 5537 3297 5593 Jonae
3342 5553 3437 5593 ur-
