3830 6216
386 341 484 400 567

1588 341 1936 398 THEODORI
1973 339 2452 400 MOPSUESTENI

3533 320 3634 376 ωτι

387 463 504 512 hem
533 500 548 524 ,
582 460 675 528 qui
711 461 816 513 illic
847 460 1161 528 prmdicavit
1194 478 1206 512 :
1243 468 1296 512 at
1329 459 1576 514 Graecum
1604 459 1957 530 interpretem

2083 461 2265 526 Ἰωνα,
2318 458 2472 528 φασὶ,
2518 455 2734 522 λέγεται
2781 451 2924 508 κατὰ
2956 449 3054 522 τὴν
3107 445 3293 517 Σύρων
3321 443 3561 513 γλῶτταν
3601 443 3638 515 ἡ

384 551 698 603 columbam
728 567 836 603 non
873 554 990 604 sine
1026 567 1211 605 errore
1245 551 1471 604 divisse.
1501 549 1604 602 Sed
1634 553 1779 604 enim
1813 551 1960 618 quod

387 655 494 692 non
545 643 889 711 septuaginta
935 643 1036 695 viri
1101 644 1423 702 erraverint,
1479 640 1572 696 sed
1623 643 1736 709 ipse.
1780 641 1962 710 potius

389 726 687 799 Scriptura:
723 729 895 801 Syrus
930 732 1202 801 interpres
1245 747 1463 786 errores
1504 745 1700 800 passus
1741 732 1963 785 creden-

390 821 493 876 dus
525 823 614 887 sit,
645 823 852 877 dictum
885 841 912 877 a
953 825 1111 879 nobis
1146 834 1303 878 antea
1344 823 1480 879 satis
1510 824 1634 878 fuit.
1667 823 1799 876 Illud
1832 836 1962 876 vero

388 913 664 982 quomodo
714 915 766 968 bi
798 917 919 968 miri
961 917 1257 986 mythologi
1287 932 1395 970 non
1437 917 1766 985 intelligunt,
1812 913 1960 985 quod

390 1021 486 1074 per
504 1007 812 1062 convicium
845 1009 975 1063 dicit
1013 1028 1026 1040 -
1059 1026 1078 1060 ι
1113 1008 1157 1063 Ο
1190 1010 1419 1064 illustris
1445 1017 1497 1063 et
1527 1010 1803 1077 redempta
1830 1006 1964 1061 civi-

392 1105 495 1161 tas,
528 1099 853 1154 columbah
893 1099 1016 1156 Haec
1046 1110 1174 1156 sunt
1204 1103 1348 1156 enim
1382 1109 1435 1156 et
1465 1101 1572 1154 alia
1619 1099 1956 1168 hujusmodi,

390 1188 551 1242 veluti
573 1190 714 1259 apud
737 1189 1077 1246 Nahumum:
1123 1193 1410 1247 «Meretrix
1448 1194 1672 1262 pulchra
1689 1204 1739 1247 et
1760 1192 1961 1261 gratio-

391 1296 509 1346 ειη»
539 1283 792 1337 similiter
822 1299 969 1337 nunc
997 1285 1158 1338 etiam
1191 1286 1455 1354 exprobat
1480 1285 1625 1338 illam
1659 1299 1764 1352 qua
1806 1292 1961 1337 antea

391 1373 728 1440 gloriabatur
767 1374 1188 1430 formositatem.
1231 1376 1620 1430 Verumtamen
1657 1373 1808 1428 Jona:
1835 1388 1965 1444 pro-

392 1461 564 1530 pheta:
593 1465 784 1519 urbem
811 1507 824 1524 .
864 1474 1153 1535 propterea
1189 1467 1333 1535 quod
1365 1467 1433 1520 ab
1468 1467 1561 1520 illo
1591 1466 1799 1521 salvata
1833 1463 1958 1525 fuit,

392 1571 669 1626 nunquam
713 1574 836 1613 eam
884 1563 930 1615 si
981 1561 1422 1628 conviciareturl,
1463 1559 1714 1614 dixisset.
1754 1559 1823 1610 At
1873 1556 1962 1610 isti

392 1646 632 1703 dictione
661 1665 769 1704 non
814 1652 1114 1715 intellecta,
1156 1651 1224 1706 ad
1280 1650 1538 1722 Syriacas
1565 1651 1849 1719 anilesque
1876 1647 1958 1700 fa-

392 1736 549 1793 bulas
582 1744 832 1797 conversi
869 1754 1018 1799 sunt.

2065 551 2386 622 περιστερὰ·
2421 551 2450 601 ὁ
2477 549 2574 619 μέν
2594 543 2685 601 οὗν
2719 546 3027 616 προφήτης,
3066 541 3221 593 Ἰωνᾶ
3241 537 3336 590 τοῦ
3361 537 3639 607 προφήτου

2069 642 2222 694 πόλιν
2254 640 2425 709 αὐτὴν
2463 637 2706 708 βούλεται
2738 631 2918 701 λέγειν
2945 631 3032 685 διὰ
3061 629 3122 682 τὸ
3145 627 3334 681 αὐτόθι
3359 624 3589 695 κηρύξαι
3621 637 3637 650 ⁸

2069 735 2096 784 ὁ
2128 729 2466 802 ἑρμηνεύσας
2493 729 2569 792 δέ,
2588 724 2918 797 περιστερὰν
2948 721 3116 789 αὐτὴν
3148 714 3269 771 εἷπε
3295 714 3636 783 διασφαλείς.

2073 824 2205 893 Περὶ
2232 823 2329 892 μεν
2361 817 2456 874 οὖν
2501 817 2602 872 τοῦ·
2643 818 2717 888 μὴ
2749 819 2874 878 τοὺς
2915 813 3315 882 Ἐὃδομήκοντα
3355 806 3638 875 ἐσφάλθαι,

2069 914 2148 980 (p.
2178 911 2301 977 401)
2343 909 2432 962 τὸν
2453 908 2507 960 δέ
2535 909 2613 971 εἰς
2639 907 2738 976 τὴν
2769 903 2958 974 Σύρων
2988 901 3237 970 γλῶτταν
3258 895 3648 968 ήρμηνευκότπ

2066 1005 2166 1074 τὴν
2199 1003 2418 1074 Γραφὴν
2457 999 2634 1070 πολλῷ
2675 997 3008 1065 δικαιότερον
3045 993 3112 1045 ἂν
3139 989 3455 1060 νομισθῆναι
3485 984 3644 1039 τοῦτο

2075 1094 2422 1156 πεπονθέναι,
2445 1092 2658 1163 εἴρηται
2681 1088 2912 1161 πρόσθεν
2940 1089 3075 1157 ἡμῖν
3098 1081 3410 1154 ἀρκούντως
3429 1096 3442 1109 ·
3468 1080 3650 1131 ἐκεῖνα

2067 1186 2123 1238 δὲ
2149 1187 2197 1237 oi
2227 1184 2529 1254 θαυμαστοὶ
2571 1180 2855 1251 μυθολόγοι
2887 1178 3002 1240 πῶς
3031 1176 3092 1227 οὑ
3131 1172 3365 1226 συνεῖδον
3395 1171 3477 1224 ὅτι
3503 1169 3645 1220 ὀνει-

2078 1277 2236 1342 δίζων
2271 1279 2342 1346 τῇ
2376 1274 2526 1328 πόλει
2553 1273 2782 1342 λέγει,.‹
2825 1267 2898 1324 Ὦ
2929 1266 3196 1337 ἐπιφανὴς
3245 1265 3338 1317 καὶ
3377 1261 3646 1332 λε).υτρω·-

2076 1368 2209 1438 μένη
2269 1365 2440 1428 πόλις,
2472 1365 2505 1433 ὴ
2558 1361 2896 1434 περιστερά;
2935 1378 2953 1409 ι
3011 1355 3240 1410 τοιαῦτα
3282 1353 3391 1423 γὰρ
3432 1351 3528 1404 καὶ
3575 1347 3656 1401 τὰ

2067 1458 2216 1528 ἑξῆς,
2248 1451 2359 1510 οἷον
2391 1455 2504 1507 ἐστὶ
2530 1455 2624 1506 καὶ
2654 1453 2806 1522 παρὰ
2837 1449 2915 1520 τῷ
2944 1449 3138 1515 Ναοὺμ
3170 1445 3278 1510 τδ,ι
3299 1444 3475 1512 Πόρνη
3506 1439 3647 1506 καλὴ

2066 1550 2162 1602 καὶ
2198 1547 2454 1617 ἐπίχαρις
2473 1559 2518 1597 ἰ
2553 1544 2754 1614 ὁμοίως
2783 1542 2890 1613 γὰρ
2916 1542 3052 1610 αὑτῇ
3080 1534 3357 1591 κάνταῦθα
3397 1530 3654 1593 ὀνειδίςετ

2067 1643 2152 1710 ἐφ’
2243 1637 2475 1710 πρόσθεν
2503 1635 2824 1705 ἐσεμνύνετο
2853 1630 3151 1703 εὐπρεπείᾳ
3171 1645 3183 1659 ’
3219 1627 3373 1680 Ἰωνᾶ
3397 1625 3453 1677 δέ
3493 1623 3653 1714 πολιν

2067 1713 2234 1803 αὑτὴν
2285 1729 2379 1783 τοῦ
2433 1727 2720 1796 προφήτου
2766 1727 2853 1778 διὰ
2883 1723 2946 1776 τδ
2989 1721 3050 1786 ἐξ
3097 1719 3304 1773 ἐκείνου
3355 1713 3648 1769 σεσῶσθαι-

392 1831 491 1882 οὑκ
511 1833 575 1886 ἄν
606 1848 734 1886 ποτε
756 1835 1026 1899 ὀνειδίζων
1048 1836 1171 1907 ἔφη·
1201 1835 1316 1889 ἀλλ’
1345 1837 1394 1889 οἱ
1430 1835 1526 1905 μὲν
1547 1835 1607 1889 οὑ
1642 1831 1954 1903 νενοηκότες
1987 1829 2046 1880 τὸ
2067 1823 2379 1896 εἰρημένον,
2411 1821 2503 1873 ἐπὶ
2536 1815 2833 1886 Συριακούς
2863 1828 2927 1867 τε·
2948 1815 3038 1868 καὶ
3063 1811 3328 1884 γραώδεις
3350 1809 3658 1879 ἐτράποντο

397 1918 619 1991 μύθους.

467 2104 634 2160 Vens.
664 2105 784 2163 5-6.
811 2138 879 2149 υ-
918 2112 1116 2170 Verum
1179 2110 1443 2180 propheta
1473 2117 1838 2163 conscntanee
1873 2121 1962 2159 se«
1999 2108 2040 2164 Β

395 2199 618 2265 quentia
670 2214 887 2270 quoque
947 2201 1133 2263 addit,
1177 2201 1415 2271 priscam
1463 2201 1608 2254 illius
1657 2194 1969 2252 felicitatem

397 2291 605 2346 ironice
628 2293 789 2347 simul
830 2300 883 2348 et
918 2309 1040 2347 cum
1067 2293 1317 2348 convicio
1356 2308 1704 2348 memorans:
1746 2310 1763 2342 ι
1798 2287 1966 2343 Prin-

398 2381 547 2451 cipes
569 2382 688 2451 ejus
717 2382 773 2437 in
808 2400 870 2439 ea
895 2384 1059 2438 veluti
1090 2385 1370 2453 rugientes
1400 2385 1602 2437 leones.
1644 2401 1660 2432 ι
1691 2379 1838 2435 Adeo
1875 2396 1972 2448 po-

398 2482 612 2538 tentes,
662 2484 716 2529 et
753 2477 1018 2532 adversus
1054 2491 1246 2530 omnes
1287 2476 1484 2544 asperi.
1533 2495 1551 2526 (
1602 2471 1823 2527 Iudices
1854 2473 1973 2541 ejus

401 2571 460 2621 ut
492 2569 602 2637 lupi
646 2570 895 2634 Arabiae,
951 2567 1091 2625 nihil
1121 2569 1470 2624 dimittebant
1507 2571 1558 2622 in
1613 2584 1792 2621 mane.
1837 2582 1856 2617 ν
1891 2567 1972 2619 Ad

400 2673 515 2713 rem
557 2659 949 2714 conficiendam
994 2662 1237 2725 celeres,
1288 2669 1346 2715 ut
1387 2676 1495 2714 una
1543 2658 1844 2728 eademque
1888 2656 1975 2710 die

403 2760 600 2805 cuncta
633 2753 944 2816 concidant,
992 2753 1236 2823 nihilque
1277 2768 1386 2805 non
1425 2753 1735 2805 confectura
1788 2749 1841 2802 in
1876 2764 1973 2816 po-

404 2853 609 2896 sterum
641 2844 971 2913 relinquant.
1015 2863 1032 2895 l
1066 2843 1352 2912 Propheta:
1379 2845 1500 2909 ejus
1526 2841 1722 2912 spiritu
1757 2841 1972 2910 perciti,

406 2931 506 2988 viri
553 2944 976 3005 contemptores.
1017 2955 1037 2986 ›
1073 2935 1175 3000 Qui
1218 2936 1361 3005 apud
1409 2936 1607 3006 ipsam,
1636 2933 1845 3003 inquit,
1885 2949 1977 2986 va-

407 3029 617 3080 ticinari
649 3031 937 3095 spondent,
973 3028 1146 3081 multo
1177 3043 1302 3081 cum
1332 3027 1476 3083 fastu
1507 3028 1625 3082 visa
1662 3026 1764 3080 sibi
1791 3025 1979 3095 loque-

409 3118 624 3170 bantur.
696 3133 716 3165 ι
763 3117 1083 3177 Sacerdotes
1137 3119 1259 3188 ejus
1318 3119 1695 3173 contaminant
1755 3127 1974 3178 sancta,

409 3217 634 3278 peccant
661 3209 714 3261 iu
752 3209 942 3277 legem.
985 3227 1005 3260 ι
1038 3207 1141 3274 Qui
1182 3209 1325 3279 apud
1357 3225 1450 3264 eos
1487 3209 1636 3278 fungi
1668 3209 1980 3264 sacerdotio

408 3296 754 3364 videbantur,
803 3300 969 3372 264
1020 3309 1212 3355 contra
1242 3302 1413 3372 legem
1461 3317 1637 3356 meam
1672 3308 1981 3368 contraque

407 3392 664 3460 templum
703 3393 864 3459 impie
898 3391 1162 3460 agebant;
1204 3398 1259 3446 et
1297 3407 1436 3462 quos
1485 3391 1851 3458 obsequentes
1881 3388 1978 3441 ha-

2138 2100 2285 2169 Στίχ.
2325 2095 2480 2165 γ’-ς¹.
2505 2119 2574 2134 --
2606 2093 2665 2144 ὐ
2695 2092 2751 2145 δέ
2785 2092 3069 2163 προφήτης
3111 2083 3418 2144 ἀκολούθως
3462 2079 3560 2134 καὶ
3583 2078 3655 2130 τὰ

2073 2196 2201 2265 ἐξῆς
2219 2194 2432 2261 ἐπάγει,
2457 2187 2552 2261 τὴν
2574 2186 2808 2241 παλαιὰν
2833 2182 3136 2253 εὐπραγίαν
3161 2177 3330 2246 αὐτῆς
3353 2170 3655 2244 εἰρωνικῶς

2073 2305 2132 2341 τε
2155 2263 2269 2357 ἅμα
2300 2285 2472 2352 λέγων
2502 2282 2595 2336 καὶ
2623 2271 2986 2338 ὀνειδιστικῶς
3004 2291 3016 2304 ·
3052 2294 3068 2324 ι
3095 2274 3155 2325 Οἱ
3184 2269 3440 2340 ἄρχοντες
3479 2263 3651 2331 αὑτῆς

2075 2383 2132 2433 ἐν
2166 2380 2303 2448 ἀυτῇ
2339 2377 2412 2438 ὼς
2450 2375 2664 2435 λέοντες
2693 2369 3014 2440 ὠρυόμενοι.
3051 2385 3069 2417 ι
3107 2361 3260 2416 Οὕτω
3308 2357 3526 2412 δυνατοὶ
3559 2354 3654 2406 καὶ

2076 2471 2217 2525 κατὰ
2263 2470 2479 2522 πάντων
2525 2461 2935 2533 θρασυνόμενοι,
2978 2476 2996 2507 ι
3030 2458 3091 2508 Οἱ
3144 2452 3325 2523 κριταὶ
3370 2450 3541 2518 αὐτῆς
3579 2446 3656 2505 ὡς

2075 2563 2228 2614 λύκοι
2263 2559 2360 2629 τῆς
2404 2554 2681 2626 Ἀραϐίας,
2711 2553 2810 2622 οὑχ
2839 2548 3165 2602 ὑπελίποντο
3197 2542 3276 2606 εἷς
3317 2541 3378 2594 τὸ
3421 2537 3588 2608 πρωΐ.
3629 2556 3651 2587 ν

2091 2653 2262 2717 ὀξεῖς
2310 2650 2436 2718 περὶ
2480 2647 2542 2699 τὸ
2592 2649 2764 2714 πέρας
2804 2640 3102 2695 ἐπιτιθέναι
3146 2639 3259 2697 τοῖς
3308 2635 3651 2703 πράγμασιν,

2077 2747 2217 2798 ὥστε
2247 2743 2556 2812 αὐθημερον
2605 2738 2821 2792 ἅπαντα
2864 2733 3103 2804 τέμνειν,
3131 2729 3225 2782 καὶ
3263 2725 3428 2798 μηδὲν
3461 2721 3659 2783 ἀτελὲς

2079 2841 2157 2901 εἰς
2197 2837 2296 2906 τὴν
2341 2833 2466 2903 ἐξῆς
2503 2830 2741 2898 ἀφιέναι.
2803 2847 2821 2878 ι
2854 2829 2915 2879 Οἱ
2950 2823 3225 2896 προφῆται
3272 2818 3442 2887 αὑτῆς
3489 2832 3655 2870 πνευ-

2083 2928 2375 3000 ματοφόροι
2418 2923 2604 2994 ἄνδρες
2663 2915 3090 2989 καταφρονηταί.
3129 2932 3148 2965 ι
3204 2910 3315 2964 Καὶ
3347 2910 3396 2961 οἱ
3420 2910 3477 2960 ἐν

2079 2997 2154 3086 δέ,
2190 2997 2343 3089 φησλ..
2385 3013 2744 3087 μαντεύεσθαι
2775 3007 3252 3077 ἐπαγγελλόμενοι,
3288 3001 3426 3073 μετὰ
3454 2997 3657 3066 πολλῆς

2081 3112 2381 3185 ὑπεροψίας
2413 3109 2480 3162 τὰ
2511 3105 2770 3160 δοκοῦντα
2799 3101 3143 3170 ἐφθέγγοντο.
3195 3117 3212 3150 ι
3245 3095 3308 3148 Οἱ
3345 3095 3512 3162 ἱερεῖς
3559 3091 3658 3143 αύ-

2080 3208 2178 3276 τῆς
2201 3201 2486 3274 βεϐηλοῦσι
2509 3199 2574 3252 τὰ
2598 3197 2748 3266 ἆγια,
2777 3195 2870 3247 καὶ
2889 3191 3173 3245 ἀσεϐοῦσιν
3201 3190 3278 3252 εἰς
3304 3186 3394 3240 τὸν
3417 3186 3601 3253 νόμον.
3634 3200 3656 3232 ν

2086 3302 2160 3367 (p.
2192 3292 2341 3363 402)
2397 3291 2509 3344 Καὶ
2564 3291 2612 3342 oi
2662 3284 2945 3346 δοκοῦντες
2989 3281 3045 3334 δέ
3101 3281 3229 3350 παρ’
3272 3277 3455 3367 αὑτοῖς
3505 3277 3654 3367 ἱερα-

2081 3388 2278 3449 τεύειν,
2325 3385 2404 3446 είς
2436 3400 2498 3434 τε
2536 3381 2626 3433 τὸν
2673 3379 2834 3446 νόμον
2865 3376 2958 3428 τὸν
3008 3373 3138 3443 ἐμὸν
3176 3370 3255 3433 εἷς
3291 3386 3350 3421 τε
3389 3365 3481 3418 τὸν
3533 3363 3662 3416 ναὸν

411 3485 630 3547 hebant,
669 3485 732 3535 ῗιιΙ
774 3483 889 3537 haec
928 3483 1049 3553 ipsa
1083 3484 1291 3538 scelera
1324 3483 1571 3538 studiose
1607 3479 1976 3536 concitabant.

2087 3479 2336 3550 ἠσέϐουν,
2395 3470 2682 3542 διεγείρειν
2742 3469 2833 3522 ἐπὶ
2889 3466 3062 3519 ταῦτα
3125 3463 3250 3524 τοὺς
3305 3456 3660 3527 πειθομένους

406 3575 770 3639 Quamobrem
803 3585 1209 3644 consequenter
1243 3575 1429 3631 subdit
1463 3593 1476 3627 :
1509 3593 1528 3625 ι
1579 3573 1846 3627 Dominus
1883 3587 1980 3624 au-

410 3677 512 3716 tem
533 3663 717 3730 justus
748 3663 800 3716 in
835 3663 1016 3717 medio
1049 3678 1262 3726 eorum,
1288 3670 1341 3716 et
1369 3662 1504 3715 nihil
1544 3671 1664 3731 aget
1687 3661 1933 3730 iniquum
1964 3679 1976 3713 :

410 3769 566 3807 niaue
603 3752 1130 3823 proferetjudicium
1166 3768 1328 3806 suum
1366 3754 1421 3807 in
1447 3754 1646 3807 lucem.
1683 3773 1703 3804 ι
1742 3751 1810 3804 At
1833 3749 1978 3804 enim

409 3847 542 3898 nihil
588 3847 666 3898 eis
703 3846 907 3914 profuit
953 3846 1045 3899 illa
1106 3846 1373 3911 iniquitas
1420 3860 1433 3896 :
1484 3860 1722 3914 namque
1773 3846 1826 3898 in
1871 3859 1982 3898 me—

410 3935 502 3992 ‹Ιὶο
543 3953 732 3992 eorum
786 3939 1111 3993 versabatur
1163 3937 1338 3998 Deus,
1383 3939 1597 3992 etiamsi
1647 3954 1771 3991 cuin
1826 3934 1979 3991 ﬂocci

413 4029 685 4082 faciebant
727 4028 868 4097 :qui
911 4036 1097 4082 tamen
1147 4045 1479 4098 magnopere
1521 4031 1750 4100 justitiae
1794 4039 1980 4092 tenax,

411 4135 480 4175 ne
509 4135 654 4174 nunc
702 4121 921 4189 quidem
964 4121 1159 4175 horum
1203 4121 1546 4191 iniquitatem
1577 4123 1671 4177 diu
1707 4121 1983 4176 dominari

387 4214 553 4282 _sinct
582 4213 814 4266 :etenim
847 4227 971 4266 cum
999 4213 1246 4281 iniquum
1275 4222 1488 4284 reputet
1521 4215 1773 4283 impunes
1803 4213 1986 4266 dimit-

409 4316 524 4361 tere
551 4304 866 4374 hujusmodi
909 4305 1192 4369 homines,
1223 4315 1572 4375 properatum
1614 4306 1884 4374 judicium
1917 4306 1984 4360 de

414 4398 501 4451 his
542 4397 859 4465 exercebit,
909 4397 1296 4465 publicamque
1345 4399 1583 4466 imponet
1609 4398 1689 4452 eis
1733 4406 1985 4466 peccato-

413 4505 532 4543 rum
604 4489 970 4559 punitionem.
1033 4487 1168 4542 Nam
1226 4489 1504 4558 duplicata
1559 4488 1985 4554 dictio,nnane

413 4599 591 4644 mane,
621 4598 639 4628 ι
662 4595 934 4636 summam
965 4582 1308 4636 celeritatem
1363 4583 1605 4634 denotat.
1657 4579 1860 4633 Deinde
1905 4578 1982 4632 rei

413 4674 665 4728 effectum
720 4673 1043 4742 significans
1071 4690 1115 4726 ;‹
1143 4674 1196 4727 ln
1230 4671 1566 4740 corruptela,
1597 4669 1796 4738 inquit,
1841 4668 1982 4721 traxi

415 4766 700 4834 superbos,
753 4764 1010 4833 dissipati
1052 4769 1182 4816 sunt
1234 4761 1414 4831 anguli
1470 4775 1682 4823 eorum,
1736 4761 1985 4814 desertas

415 4857 638 4911 omnino
674 4857 866 4908 faciam
897 4856 1018 4908 vias
1058 4868 1272 4916 eorum,
1311 4853 1384 4904 ita
1413 4861 1471 4905 ut
1509 4868 1671 4906 nemo
1703 4852 1832 4905 illuc
1865 4867 1991 4920 per-

422 4957 665 5000 transeat
698 4967 710 5000 :
760 4946 1081 5001 defecerunt
1128 4946 1385 4999 civitates
1412 4957 1634 5005 eorum,
1662 4944 1790 5010 quia
1835 4957 1996 4995 nemo

420 5049 670 5108 superest
714 5038 796 5091 vel
820 5037 1109 5089 inhabitat.
1164 5056 1181 5086 ›
1231 5033 1574 5102 Corruptela:
1615 5028 1815 5085 tradidi
1871 5033 1996 5086 illos

421 5137 641 5198 propter
695 5127 1004 5194 superbiam
1065 5142 1077 5174 :
1139 5125 1420 5179 destruam
1472 5133 1698 5177 cunctas
1749 5126 1992 5192 ipsorum

424 5222 698 5280 civitates,
762 5233 958 5286 resque
1009 5218 1223 5270 illorum
1273 5217 1340 5270 ad
1390 5225 1592 5269 tantam
1647 5214 1995 5270 solitudinem

421 5315 662 5384 redigam
689 5351 706 5377 ,
738 5319 796 5364 ut
827 5311 961 5380 ipsa:
994 5309 1284 5377 incognita:
1316 5306 1511 5361 futura:
1553 5308 1665 5361 sint
1693 5318 1991 5361 transeun-

419 5407 554 5458 tium
580 5401 844 5471 penuria;
873 5399 1019 5469 quod
1055 5398 1234 5467 ipsum
1268 5400 1484 5453 cunctis
1521 5415 1739 5467 quoque
1768 5399 1994 5454 urbibus

417 5498 667 5561 eveniet,
701 5495 830 5565 quia
866 5494 1052 5547 nullus
1085 5491 1344 5559 deinceps
1380 5492 1559 5544 inc‘ola
1603 5491 1913 5544 invenietur
1938 5491 1991 5543 in

418 5590 517 5642 eis.
553 5586 808 5640 Jamvero
841 5601 1133 5656 pos:quam
1179 5587 1266 5641 his
1309 5583 1491 5639 verbis
1529 5581 1751 5636 Ninives
1781 5582 1995 5636 desola—

421 5678 622 5732 tionem
658 5677 928 5742 ostendit,
967 5687 1020 5732 ct
1055 5674 1332 5747 Assyriaci
1370 5670 1587 5742 imperii
1617 5670 1986 5735 eversionem,

421 5768 578 5822 venit
607 5768 670 5822 ad
697 5767 911 5824 Iudaeos
951 5784 1282 5832 sermonem,
1320 5764 1500 5836 aitque
1528 5781 1540 5815 :

2089 3545 2271 3633 αὐτοῖς
2321 3567 2503 3620 πᾶσαν
2561 3565 2775 3635 ἔχοντες
2799 3558 2896 3629 τὴν
2929 3555 3182 3624 σπουδήν.
3217 3545 3313 3613 Οἷς
3351 3546 3658 3606 ἀκολούθως

2088 3665 2405 3736 ἐπήγαγενο
2435 3679 2453 3713 ι
2500 3660 2557 3713 '0
2589 3659 2646 3712 δέ
2679 3656 2883 3727 Κύριος
2926 3653 3132 3714 δίκαιος
3170 3651 3227 3703 ἐν
3267 3647 3414 3719 μέσῳ
3455 3642 3661 3736 αὑτῶν,

2088 3759 2183 3813 καὶ
2209 3758 2268 3810 οὑ
2297 3756 2372 3826 μὴ
2405 3754 2603 3823 ποιήσῃ
2641 3750 2821 3803 ἄδικον
2842 3766 2854 3777 ·
2895 3744 3038 3817 πρωῒ
3086 3743 3244 3796 δώσει
3295 3741 3466 3808 κρῖμα
3490 3734 3660 3790 αὑτοῦ

2089 3851 2169 3912 είς
2204 3846 2339 3915 φῶς.
2381 3863 2399 3895 ι
2457 3841 2618 3894 Ἀλλὰ
2650 3839 2759 3909 γὰρ
2803 3835 2957 3889 οὑθέν
2983 3833 3176 3904 ὄφελος
3209 3831 3390 3890 αὐτοῖς
3438 3827 3664 3895 γέγονεν

2088 3937 2186 4009 τῆς
2215 3935 2561 4007 παρανομίας
2595 3931 2808 3999 ἐκείνης
2833 3945 2845 3957 ·
2888 3927 2981 3981 καὶ
3017 3925 3126 3994 γὰρ
3155 3923 3250 3977 xui
3287 3921 3530 3972 ἀκόντων
3567 3917 3666 3971 uti-

2088 4029 2197 4082 τῶν
2255 4029 2312 4080 ἐν
2350 4026 2499 4097 μέσῳ
2536 4023 2667 4084 Θεὸς
2705 4021 2977 4090 ὑπῆρχεν,
3016 4020 3064 4069 εί
3111 4015 3206 4068 καὶ
3251 4012 3458 4084 μηδένα
3504 4010 3664 4077 λόγον

2090 4118 2256 4174 αὑτοῦ
2315 4116 2584 4171 ποιεῖσθαι
2643 4111 2957 4165 ἐϐούλοντοο
3016 4109 3076 4171 ὃς
3131 4106 3328 4176 πολλὴν
3374 4103 3514 4172 ἔχων
3568 4100 3662 4153 τοῦ

2089 4213 2300 4267 δικαίου
2349 4209 2625 4281 φροντίδα,
2669 4205 2789 4258 ούδέ
2823 4202 2918 4257 νῦν
2948 4201 3196 4267 ἀνέξεται
3230 4201 3328 4269 τῆς
3360 4195 3514 4268 παρὰ
3539 4191 3664 4246 τού-

2090 4322 2196 4357 των
2242 4295 2660 4368 ἐπιτελουμένης
2718 4296 2927 4357 ἀδικίας
2981 4293 3073 4344 ἐπὶ
3105 4290 3258 4358 [πολὺ
3316 4285 3660 4357 κρατούσης·

2091 4395 2272 4448 ἄδικον
2300 4391 2354 4444 δέ
2387 4389 2732 4460 ἡγησάμενος
2758 4386 2817 4438 τὸ
2844 4381 3225 4453 ἀτιμωρήτους
3247 4381 3464 4446 ἀφεῖναι
3487 4373 3663 4428 τοιού-

2091 4503 2216 4548 τους
2239 4483 2417 4547 δντας,
2436 4481 2610 4545 ὀξεῖαν
2645 4477 2823 4548 κρίσιν
2854 4476 2962 4527 τῶν
2980 4475 3099 4528 κατ’
3125 4472 3316 4534 αὐτοὺς
3353 4469 3662 4538 ποιήσεται,

2092 4576 2186 4628 καὶ
2215 4571 2478 4644 πρόδηλον
2501 4571 2684 4632 αὐτοῖς
2714 4566 2903 4630 ἐπάξει
2928 4567 3026 4636 τὴν
3055 4565 3194 4633 ὑπὲρ
3222 4562 3327 4614 τῶν
3367 4557 3665 4628 ἐπταισμέ-

2092 4683 2197 4718 νων
2225 4663 2494 4734 τιμωρίαν
2522 4678 2535 4692 ·
2569 4659 2769 4730 τὸξγὰρ
2800 4680 2817 4709 ‹
2860 4657 3003 4728 πρωῒ
3040 4655 3185 4726 πρωϊ
3225 4673 3242 4704 ι
3276 4653 3373 4722 τὴν
3399 4651 3541 4718 ἄγαν
3569 4665 3665 4701 τα-

2092 4757 2298 4828 χύτητα
2357 4754 2523 4820 λέγει.
2579 4748 2710 4804 Εἶτα
2765 4749 2886 4802 τίνα
2946 4748 3013 4801 τὰ
3051 4749 3116 4799 ἐκ
3159 4744 3348 4798 τούτου
3401 4742 3665 4810 γινόμενα

2092 4847 2294 4912 λέγων’
2356 4863 2373 4894 ι
2429 4843 2515 4894 Ἐν
2564 4839 2829 4910 διαφθορᾷ
2885 4837 3203 4890 κατέσπασα
3262 4833 3661 4902 ὑπερηφάνους,

2093 4931 2466 5003 ἠφανίσθησαν
2515 4930 2708 4998 γωνίαι
2741 4927 2951 4981 αὑτῶν·
2994 4924 3327 4997 ἐξερημὼσω
3379 4921 3479 4984 τὰς
3511 4921 3666 4980 ὀδοὺς

2093 5024 2270 5077 αὑτῶν
2318 5022 2379 5074 τὸ
2418 5022 2676 5090 παράπαν
2701 5019 2794 5072 τοῦ
2829 5019 2902 5090 μὴ
2935 5016 3264 5070 διοδεύεσθαι
3287 5032 3300 5046 ο
3333 5012 3581 5078 ἐξέλιπον
3609 5011 3665 5063 αἱ

2095 5117 2276 5178 πόλεις
2310 5113 2486 5168 αὑτῶν
2517 5112 2669 5183 παρὰ
2688 5112 2748 5165 τὸ
2775 5111 2976 5182 μηδένα
3004 5109 3268 5180 ὑπάρχειν
3315 5105 3445 5175 μηδέ
3488 5120 3665 5156 κατοι⁴

2094 5211 2230 5262 κεῖν.
2269 5228 2285 5258 ι
2315 5206 2593 5276 Διαφθορᾷ
2634 5204 2730 5275 μὲν
2754 5204 2864 5275 γὰρ
2912 5203 3109 5265 αὑτοὺς
3135 5200 3224 5253 διὰ
3253 5199 3348 5269 τὴν
3381 5198 3662 5267 ὑπερηφα-

2093 5301 2210 5354 νίαν
2256 5300 2436 5354 αὐτῶν
2475 5297 2873 5370 παραδέδωκαο
2905 5293 3121 5363 ἀφανιῶ
3161 5293 3219 5345 δέ
3252 5292 3430 5353 πάσας
3481 5287 3663 5341 αὐτῶν

2090 5395 2190 5456 τὰς
2221 5392 2436 5454 πόλεις’
2485 5393 2565 5452 εἰς
2605 5388 2874 5457 τοσαύτην
2911 5404 2969 5438 τε
3001 5385 3231 5456 ἐρημίαν
3260 5383 3372 5446 ἄξω
3421 5380 3490 5433 τὰ
3529 5377 3661 5448 παρ’

2092 5485 2293 5549 αὑτοῖς,
2319 5488 2394 5552 (ρ.
2429 5482 2530 5536 405
2560 5481 2576 5551 )
2611 5480 2750 5534 ὥστε
2788 5479 2883 5533 καὶ
2917 5477 3016 5541 τὰς
3049 5476 3200 5537 ὁδοὺς
3223 5473 3407 5526 λοιπὸν
3435 5471 3660 5540 ἀδήλους

2092 5571 2230 5628 εἷναι
2265 5573 2472 5644 ἐρημίᾳ
2499 5571 2606 5624 τῶν
2641 5571 2984 5624 διοδευόντων
3007 5609 3023 5632 ,
3053 5561 3195 5640 ⁴ᾗπερ
3230 5561 3323 5617 οὖν
3355 5559 3658 5632 παραδώσω

2097 5666 2190 5720 καὶ
2218 5665 2317 5728 τὰς
2338 5665 2519 5726 πόλεις
2545 5663 2724 5716 αὐτῶν
2758 5662 2994 5722 ἁπάσας,
3015 5659 3157 5712 ὥστε
3185 5655 3388 5727 μηθένα
3410 5649 3657 5705 οἰκοῦντα

2098 5750 2443 5822 εὑρίσκεσθαι
2477 5752 2533 5802 ἐν
2569 5750 2775 5814 αὑταῖς.
2824 5747 2984 5802 Ἀλλὰ
3023 5746 3132 5818 γὰρ
3173 5741 3417 5816 δηλώσας
3451 5742 3509 5794 ὲν
3537 5736 3658 5791 τού·
