3844 6222
54 292 163 347 ιω)
1003 306 1551 367 COMMENTARIUS
1580 309 1651 365 1N

1777 312 2045 371 ΡΙΙΟΝΙΑΞ
2086 317 2239 373 CAP.
2274 317 2359 373 Ill.

2088 102 2115 127 Ι

3227 322 3331 375 4ἳο

42 420 171 507 τοῖς
208 411 304 463 καὶ
332 413 428 483 τῆς
459 415 658 489 Νινευῆ
688 418 789 491 τὴν
827 421 1085 504 ἐρημίαν,
1122 426 1223 497 τῆς
1260 446 1319 480 τε
1349 428 1455 481 τῶν
1501 430 1804 501 Ἀσσυρίων
1835 433 2008 505 ἀρχῆς
2045 437 2143 506 τὴν
2175 436 2511 507 καθαίρεσιν,
2542 437 2733 507 τρέπει
2763 436 2896 507 πρὸς
2918 433 3043 501 τοῦς
3066 438 3164 507 τῆς
3207 438 3332 491 Ἰου-

46 506 220 570 «hia;
248 508 340 562 τὸν
371 511 525 579 λόγον
552 516 642 567 καί
667 535 830 587 φησιν
852 536 863 549 ο

134 602 291 673 Στίχ.
322 604 388 670 ζ’,
414 614 486 675 η’.
509 638 577 646 —
608 629 626 659 ί
662 606 829 664 Εἶπον
849 630 861 643 ·
891 614 1036 683 Πλὴν
1064 616 1313 684 φοϐεῖσθέ
1347 636 1435 689 με,
1459 622 1552 673 καὶ
1575 619 1662 672 δέ-

1836 621 2002 677 Vsas.
2043 624 2094 686 7,
2129 626 2182 677 8.
2208 657 2274 664 —
2305 645 2321 675 ι
2361 626 2477 678 Dixi
2513 642 2528 679 :
2563 623 2964 679 Verumtamem
2998 625 3184 679 timete
3220 638 3330 684 nio,

50 694 232 758 ξασθε
256 697 522 761 παιδείαν,
544 704 637 753 καὶ
653 703 715 755 οὐ
738 704 810 774 μὴ
830 704 1243 778 ἐξολοθρευθῆτε
1270 710 1328 775 ἐξ
1357 711 1651 785 ὀφθαλμῶν

50 790 242 880 αξτῆς
264 792 354 847 διὰ
381 796 556 849 πάντα
585 797 685 852 ὅσα
705 799 990 872 ἐξεδίκησα
1015 804 1101 855 ἐπ’
1129 807 1319 876 αὑτήν.
1348 826 1366 858 ι
1391 807 1525 878 Ἤδη
1552 809 1652 880 μὲν

47 876 155 933 οὗν
212 883 501 952 προλαϐὼν
526 885 981 960 διεμαρτυράμην
1016 892 1144 960 ὑμῖν
1181 892 1267 945 διὰ
1296 893 1402 947 τῶν
1436 876 1653 967 προφη-

48 972 197 1039 τῶν,
232 974 376 1028 ὥστε
405 977 463 1028 ἐν
504 978 650 1048 φόϐῳ
695 981 789 1051 μὲν
834 981 975 1050 ἔχειν
1000 983 1122 1053 ἐμὲ,
1153 985 1247 1038 (ita
1274 986 1471 1057 ῥᾳδίως
1509 989 1655 1060 ὑμᾶς

52 1067 105 1118 εἰ
148 1068 396 1122 πταίοιτε
422 1070 514 1123 καὶ
556 1074 912 1143 τιμωρεῖσθαι
947 1076 1266 1148 δυνάμενον,
1306 1078 1561 1145 δέξασθαι
1596 1081 1655 1135 δὲ

54 1160 168 1229 τὴν
194 1163 617 1234 προσαγομένην
640 1167 766 1236 ὑμῖν
786 1166 1133 1223 διδασκαλίαν
1153 1173 1621 1245 ἐπαγγειλάμενος
1637 1193 1653 1207 ⁸

56 1252 195 1305 οὔτε
225 1254 513 1324 ἀφανίζειν
546 1257 711 1327 ὑμᾶς,
770 1260 818 1311 εἰ
850 1258 1025 1313 ταῦτα
1066 1265 1288 1328 ποιοῖτε,
1321 1266 1422 1335 τῆς
1476 1284 1643 1336 προσ-

58 1346 249 1412 όψεως
290 1347 390 1416 τῆς
443 1347 581 1418 ἐμῆς
621 1349 1017 1422 ἀφαιρεθέντας
1063 1352 1171 1405 τῶν
1212 1355 1416 1421 τόπων,
1457 1358 1513 1409 ἐν
1546 1350 1660 1409 οἵσ-

64 1454 181 1506 περ
230 1437 573 1492 διατέτακται
614 1440 713 1511 τῆς
748 1440 1043 1513 θεραπείας
1094 1445 1238 1514 ὑμᾶς
1280 1447 1661 1517 ἐπιμελεῖσθαι

62 1527 176 1597 τῆς
226 1528 401 1598 ἐμῆς·
464 1531 577 1583 οὐτ’
630 1531 709 1584 ἔτι
763 1532 1162 1607 διαπράξασθαι
1214 1536 1418 1590 τούτων
1474 1537 1510 1590 ὃ.
1565 1538 1662 1593 νῦν

56 1619 358 1691 ζπήγαγον
387 1622 515 1692 ὑμῖν
538 1625 617 1686 εἰς
643 1623 887 1677 ἐκδικίαν
911 1618 985 1679 ὧν
1011 1626 1514 1698 πεπλημμελήγέιτε
1536 1629 1662 1682 πολ-

59 1712 255 1776 λάκις.
283 1732 302 1765 ι
354 1714 673 1785 Ἐτοιμάζου
701 1755 716 1779 ,
769 1716 1021 1789 ὄρθρισον
1047 1760 1060 1781 ,
1097 1718 1416 1790 διέφθαρται
1449 1723 1599 1774 πᾶσα
1626 1723 1659 1791 ὴ

61 1806 582 1876 ὲπιφυλλίςξαύτῶν.
615 1828 633 1860 ι
679 1808 817 1862 Ἀλλ’
839 1812 1025 1881 ἐπειδὴ
1048 1812 1172 1864 τότε
1206 1811 1267 1864 τὸ
1292 1812 1409 1865 δέον
1442 1814 1665 1884 παρελί-

62 1916 209 1954 πετε
237 1900 331 1953 καὶ
355 1900 657 1954 πεπόνθατε
684 1900 927 1965 τοιαῦτα,
956 1902 1050 1956 νῦν
1082 1902 1212 1971 γοῦν
1242 1905 1468 1970 ἑαυτοὺς
1489 1907 1565 1969 εἰς
1605 1904 1666 1958 τὸ

1754 724 1807 767 et
1834 716 2070 783 excipite
2108 716 2491 786 disciplinam,
2528 724 2693 786 atque
2726 717 2801 771 ita
2835 732 2945 770 non
2981 715 3233 786 peribitis
3264 729 3329 767 ex

1755 806 1931 860 oculis
1960 807 2127 870 illius,
2160 819 2383 877 propter
2410 824 2473 862 ea
2495 809 2699 872 omnia,
2737 822 2859 878 quae
2880 809 3028 861 ultus
3056 822 3177 862 sum
3201 819 3337 858 con-

1756 903 1839 946 tra
1897 910 2039 951 eam.
2085 918 2101 948 ι
2150 896 2487 968 iampridem
2547 906 2783 955 testatus
2853 899 3010 953 vobis
3064 912 3186 952 sum
3237 911 3334 965 per

1758 988 2072 1057 prophetas,
2110 997 2167 1043 ut
2205 1005 2289 1043 me
2334 991 2623 1056 timeretis,
2670 991 2764 1061 qui
2802 990 2963 1045 facile
2999 1004 3246 1059 possum,
3286 988 3333 1043 si

1759 1070 2138 1148 peccaveritis,
2165 1080 2394 1148 punire;
2434 1092 2598 1151 atque
2629 1091 2689 1136 ut
2718 1081 2846 1135 data
2885 1082 3094 1135 monita
3127 1080 3338 1149 recipe-

1759 1169 1896 1224 retis
1928 1170 2275 1239 denuntiavi,
2308 1189 2590 1242 nunquam
2626 1188 2761 1239 vos,
2801 1173 2849 1228 si
2894 1174 2971 1227 ita
3000 1188 3099 1228 vos
3147 1188 3337 1243 gesse-

1762 1262 1903 1326 ritis,
1960 1278 2047 1317 me
2089 1263 2523 1330 destructurum,
2569 1282 2746 1337 neque
2785 1281 2817 1320 a
2871 1266 3007 1321 locis
3053 1281 3194 1336 quos
3238 1280 3340 1333 ego

1761 1360 1985 1423 aspectu
2040 1371 2163 1410 meo
2202 1356 2396 1427 dignos
2445 1357 2672 1427 judico,
2713 1358 3071 1429 expulsurum
3119 1375 3130 1409 :
3184 1356 3339 1410 deni-

1761 1460 1869 1514 que
1907 1445 2047 1499 nihil
2078 1462 2268 1501 eorum
2301 1456 2609 1518 gesturum,
2636 1466 2756 1520 quae
2798 1465 2945 1503 nunc
2985 1456 3336 1520 peccatorum

1762 1547 2074 1594 vestrorum
2110 1541 2464 1595 multitudine
2486 1541 2646 1613 265
2672 1549 2983 1597 commotus
3015 1542 3096 1594 ira
3129 1539 3344 1594 vindice

1765 1633 2097 1702 perpetravi.
2152 1650 2170 1682 ι
2224 1632 2563 1702 Praeparare,
2599 1648 2871 1703 consurge
2908 1632 3173 1697 diluculo,
3221 1646 3347 1684 eor-

1768 1735 1924 1793 rupta
1956 1732 2041 1778 est
2068 1722 2400 1779 frondositas
2444 1739 2656 1778 eorum.
2696 1743 2715 1776 ι
2753 1724 2858 1779 Sed
2894 1726 3024 1794 quia
3061 1734 3193 1777 tunc
3225 1722 3345 1777 olli-

1767 1816 1913 1870 cium
1941 1824 2189 1871 vestrum
2217 1816 2567 1883 deseruistis,
2597 1816 2831 1887 ideoque
2862 1817 2977 1870 haac
3003 1816 3345 1885 pertulistis;

1769 1924 1917 1963 nunc
1958 1916 2172 1963 vosmet
2216 1916 2533 1979 comparate
2569 1911 2634 1963 ad
2680 1909 3046 1964 obedicndum
3073 1907 3348 1961 mandatis

61 1993 196 2046 δέον
240 1995 695 2064 παρασκευάσατε
738 1996 817 2057 εἰς
852 1996 913 2048 τὸ
953 1997 1089 2066 μετὰ
1122 1999 1302 2070 πάσης
1349 2000 1665 2070 ἐπιμελείας

1777 2003 1902 2057 meis
1943 2002 2237 2057 sedulitate
2277 1975 2425 2056 omni
2477 2018 2539 2056 ac
2590 2003 2809 2070 studio;
2841 2003 3041 2072 quippe
3078 2001 3173 2070 qui
3217 2014 3350 2052 mea:

61 2102 131 2137 τε
165 2084 265 2137 καὶ
296 2084 532 2152 σπουδῆς
564 2083 673 2150 τῶν
704 2086 839 2156 παρ’
886 2085 1026 2156 ἐμοῦ
1055 2086 1500 2159 διατεταγμένων
1541 2092 1672 2143 ἀντι

62 2176 323 2247 έχεσθαι,
351 2168 445 2229 ἅτε
478 2176 572 2228 καὶ
608 2176 709 2245 τῆς
748 2177 1074 2248 κηδεμονίας
1100 2197 1201 2250 μου
1242 2180 1343 2249 τῆς
1373 2182 1500 2253 περὶ
1529 2182 1673 2251 ὑμᾶς

61 2268 356 2335 ἀπόδειξιν
392 2267 606 2338 ἔχοντες
654 2269 715 2322 τὸ
760 2272 941 2324 πᾶσαν
978 2270 1261 2335 παντελῶς
1310 2273 1673 2345 ἀφαιρεθῆναι

64 2363 201 2433 τὴνξ
231 2359 461 2431 δύναμιν
503 2362 608 2415 τῶν
672 2361 903 2433 ἐχθρῶν.
953 2382 970 2415 ι
1011 2363 1111 2417 Διὰ
1155 2365 1316 2417 τοῦτο
1380 2366 1675 2437 ὑπόμεινόν

69 2472 170 2524 με,
213 2454 367 2522 λέγει
396 2456 599 2525 Κύριος
619 2496 634 2518 ,
668 2456 743 2525 (p.
783 2455 888 2508 404
919 2455 934 2511 l
961 2458 1039 2519 εἰς
1069 2458 1283 2527 ἡμέραν
1317 2458 1663 2522 ἀναστάσεως

70 2564 182 2616 μου
240 2549 334 2609 εἰς’
363 2546 682 2618 μαρτύριον.
724 2566 743 2598 ι
782 2549 893 2601 Καὶ
945 2548 1238 2602 διατελεῖτε
1269 2549 1333 2620 δὴ
1378 2551 1515 2621 πρὸς
1566 2551 1665 2621 ἐμὲ

67 2640 418 2712 ἀφορῶντες,
449 2642 543 2695 καὶ
576 2641 674 2706 τὴν
700 2642 831 2713 παρ’
856 2641 992 2712 ἐμοῦ
1025 2641 1279 2712 βοήθειαν
1307 2644 1667 2714 ἀναμένοντες

65 2735 141 2807 ἣν
192 2734 341 2788 κατὰ
389 2734 579 2804 καιρὸν
611 2735 740 2804 ὑμῖν
774 2734 1017 2805 παρέξω,
1055 2735 1132 2798 ὡς
1178 2735 1244 2788 ἐκ
1290 2736 1498 2808 νεκρῶν
1524 2737 1668 2807 ὑμᾶς

67 2825 343 2889 ἁνιστῶν,
398 2825 494 2879 καὶ
549 2824 909 2879 ἀπαλλάττων
970 2826 1069 2897 μὲν
1126 2827 1224 2896 τῆς
1271 2827 1666 2897 αἰχμαλωσίας,

68 2916 379 2984 ἐπανάγων
410 2914 465 2968 δέ
491 2915 699 2978 πάντας
722 2916 866 2985 ὑμᾶς
899 2915 991 2968 ἐπὶ
1019 2914 1088 2968 τὰ
1117 2916 1313 2970 οἰκεῖα.
1346 2916 1531 2971 Ταῦτα
1561 2919 1669 2990 γὰρ

72 3009 251 3060 πάλαι
284 3024 345 3060 τε
376 3005 465 3059 διὰ
491 3006 596 3059 τῶν
627 3004 921 3077 προφητῶν
957 3005 1048 3058 καὶ
1089 3004 1184 3058 νῦν
1234 3006 1363 3075 ὑμῖν
1400 3007 1670 3078 ἐπήγγελ-

1764 2108 1897 2163 erga
1943 2108 2041 2147 vos
2097 2092 2456 2162 providentia:
2508 2094 3040 2148 demonstrationem
3095 2090 3347 2150 habetis,

1770 2185 2007 2240 hostium
2051 2194 2363 2241 vestrorum
2408 2188 2671 2255 potentiae
2723 2199 3042 2257 supremum
3087 2182 3352 2236 extermi-

1772 2277 1945 2332 nium.
1977 2295 1996 2329 ι
2036 2278 2332 2348 Propterea
2361 2289 2620 2348 exspecta
2648 2292 2769 2346 me,
2800 2277 2936 2333 dicit
2971 2275 3261 2336 Dominus,
3294 2276 3353 2327 in

1772 2371 1918 2425 diem
1948 2372 2373 2427 resurrectionis
2403 2388 2537 2427 mea:
2569 2372 2624 2426 in
2654 2370 3054 2426 testimonium.
3099 2386 3118 2418 ι
3155 2366 3235 2419 Ad
3267 2382 3353 2418 me

1768 2463 2114 2517 continenter
2165 2464 2451 2534 respicite,
2502 2478 2799 2533 meumque
2863 2461 3128 2516 auxilium
3177 2474 3345 2529 expc,

1772 2563 1919 2610 ctate
1936 2557 2079 2626 quod
2105 2573 2207 2613 suo
2229 2566 2470 2627 tempore
2496 2556 2799 2621 conferam,
2824 2554 2952 2609 dum
2974 2569 3073 2608 vos
3094 2561 3352 2622 tanquam

1773 2661 1803 2699 a
1827 2649 2062 2703 mortuis
2086 2648 2389 2713 suscitabo,
2422 2656 2475 2703 et
2495 2647 2779 2718 expediam
2814 2644 3157 2714 captivitate,
3190 2650 3355 2713 atque

1776 2737 1842 2791 ad
1884 2741 2105 2808 propria
2155 2755 2605 2811 unumquemque
2646 2741 2765 2795 loca
2818 2739 3099 2793 reducam.
3146 2735 3357 2806 Quippe

1778 2830 1893 2885 haec
1932 2832 2063 2886 olim
2094 2849 2192 2903 per
2212 2836 2530 2904 prophetas,
2563 2842 2616 2889 et
2647 2848 2795 2887 nunc
2818 2831 3000 2886 denuo
3030 2830 3358 2885 collaturum

1778 2939 1865 2979 me
1892 2926 2047 2981 vobis
2074 2929 2341 2997 spondeo,
2371 2938 2430 2982 ut
2470 2929 2717 2983 veritatis
2747 2926 3177 2997 promissionum
3208 2939 3353 2977 mea-

1776 3028 1899 3068 rum
1942 3020 2100 3073 testis
2128 3019 2285 3074 vobis
2309 3020 2380 3073 sit
2402 3034 2582 3073 rerum
2610 3019 2809 3074 exitus.

75 3117 183 3167 μαι
220 3097 479 3170 παρέξειν
505 3139 521 3164 ν
571 3098 646 3161 ὡς
682 3098 748 3151 ἂν
786 3098 1091 3169 μαρτυρίαν
1126 3099 1223 3168 τῆς
1260 3098 1518 3170 ἀληθείας
1562 3100 1678 3153 τῶν
1718 3109 1848 3179 παρ’
1881 3108 2017 3181 ἐμοῦ
2068 3113 2563 3185 προηγορευμένων
2594 3112 2767 3183 ἔχοιτε
2802 3111 2909 3165 τῶν
2933 3109 3234 3180 γινομένων
3260 3110 3359 3179 τὴν

72 3192 333 3246 ιΞ.νι6ασινΔ

152 3284 309 3355 Στίκ.
338 3287 407 3353 0',
443 3288 496 3338 t'.
527 3313 595 3325 —
629 3302 648 3334 ι
676 3283 821 3356 ᾼιότι
858 3283 919 3335 τὺ
952 3283 1126 3355 κρῖμα
1166 3300 1267 3354 μου
1319 3285 1399 3346 εἰς
1428 3302 1673 3354 συναγω-

1852 3291 2020 3349 Vens.
2067 3294 2122 3359 9,
2156 3296 2242 3350 10.
2276 3325 2342 3334 —
2377 3315 2395 3346 ι
2425 3295 2562 3361 Quia
2588 3294 2857 3365 judicium
2902 3309 3082 3349 meum
3118 3292 3187 3348 ad
3227 3309 3363 3346 con-

73 3380 188 3446 γὰς
222 3376 404 3430 ἐθνῶν
435 3375 531 3429 τοῦ
583 3376 925 3443 εἰσδέξασθαι
961 3377 1199 3447 βασιλεῖς
1230 3376 1323 3430 τοῦ
1364 3378 1552 3448 ἐκχέαι
1585 3380 1671 3431 ἐπ’

77 3470 293 3532 αὐτοὺς
328 3469 507 3522 πᾶσαν
526 3468 697 3539 ὀργὴν
731 3466 904 3538 θυμοῦ
930 3484 1029 3538 μου
1050 3484 1062 3497 ·
1093 3468 1227 3522 διότι
1254 3470 1312 3520 ἐν
1342 3469 1478 3537 πυρί
1508 3468 1670 3539 ζήλου

85 3582 195 3635 μου
249 3561 763 3631 καταναλωθήσεται
798 3561 947 3613 πᾶσα
982 3560 1016 3630 ή
1073 3559 1168 3629 γῆ.
1211 3580 1229 3612 ι
1276 3560 1410 3613 Τότε
1454 3560 1561 3631 γὰρ
1608 3560 1672 3631 δὴ

86 3654 336 3724 μάλιστα
365 3653 509 3723 σαφῆ
555 3652 653 3722 τὴν
692 3651 873 3720 κρίσιν
919 3650 1259 3721 ἐπιδείξομαι
1293 3652 1392 3722 τὴν
1426 3653 1563 3722 ἐμὴν
1608 3652 1675 3722 ἢν

85 3749 238 3819 ὑπὲρ
271 3746 427 3816 ὑμῶν
479 3746 800 3815 ποιήσομαι,
832 3745 957 3807 τοὺς
994 3744 1327 3813 πανταχόθεν
1358 3743 1676 3815 ἀθροιζομέ-

84 3858 219 3903 νους
252 3839 368 3894 τῶν
416 3838 583 3891 ἐθνῶν
619 3838 723 3889 ὑπὸ
759 3837 1031 3907 τιμωρίαν
1078 3836 1262 3904 ἀγῶν’
1311 3836 1539 3899 πολλοὺς
1569 3836 1676 3905 γὰρ

84 3935 153 4005 δὴ
189 3932 449 4003 βασιλέας
476 3949 536 3984 τε
569 3934 665 3985 καὶ
693 3933 979 4001 σατράπας
1002 3932 1098 3985 σὺν
1130 3934 1242 3995 τοῖς
1264 3930 1483 3991 οἰκείοις
1514 3947 1677 4001 στρα-

85 4027 343 4088 τοπέδοις
377 4026 469 4078 ἐπὶ
502 4025 601 4095 τὴν
634 4024 986 4096 Ἰερουσαλὴμ
1007 4023 1317 4095 χωροῦντας
1345 4022 1673 4093 εἰσδέξομαι,

85 4123 374 4175 τουτέστιν
418 4121 589 4175 ἐλθεῖν
615 4121 760 4175 ἐάσω
781 4164 795 4186 ,
827 4122 967 4175 ὥστε
996 4121 1140 4190 σαφῆ
1176 4122 1274 4191 μέν
1320 4139 1421 4191 μου
1451 4120 1549 4191 τὴν
1574 4137 1678 4191 κη-

87 4214 353 4284 δεμονίαν
387 4213 483 4284 τὴν
515 4213 645 4283 περὶ
693 4214 836 4283 ὑμᾶς
880 4213 1061 4265 αὐτῶν
1115 4212 1336 4282 ποιῆσαι
1376 4211 1485 4265 τῶν
1534 4228 1679 4283 πρα-

92 4307 369 4375 γμάτωνο
432 4305 631 4377 πολλὴν
684 4306 738 4359 δέ
805 4324 924 4359 τινα
964 4306 1061 4376 τὴν
1114 4306 1200 4359 ἐπ’
1260 4307 1455 4369 αὐτοὺς
1511 4305 1679 4377 ὀργὴν

92 4399 313 4469 ἐκχέαι,
354 4399 533 4451 πᾶσάν
562 4416 619 4450 τε
643 4399 811 4468 αὐτὴν
841 4399 958 4452 κατ’
992 4398 1173 4451 αὐτῶν
1207 4400 1429 4469 κινῆσαι
1451 4415 1464 4428 ·
1493 4397 1680 4467 ἐπειδὴ

93 4491 302 4543 ὡσανεὶ
328 4490 416 4542 διὰ
445 4490 618 4563 πυρὸς
650 4490 913 4545 ἀναλώσω
941 4491 1148 4553 πάντας
1180 4490 1378 4553 αὐτοὺς
1403 4489 1548 4561 ζήλῳ
1575 4488 1682 4541 τινί¹

90 4584 513 4654 λαμϐανόμενος
536 4621 550 4643 ,
578 4584 662 4636 ὅτι
698 4583 839 4635 κατὰ
879 4582 989 4635 τῶν
1018 4582 1233 4635 οἰκείων
1268 4581 1378 4634 τῶν
1410 4579 1560 4651 ἐμῶν
1590 4596 1681 4632 τε-

94 4676 411 4747 τολμήκασι
458 4675 746 4729 τοσοῦτον·
782 4677 858 4745 (p.
914 4675 1063 4744 405)
1111 4674 1258 4741 λέγει
1298 4674 1357 4726 δέ
1401 4673 1511 4725 τῶν
1555 4671 1684 4743 περὶ

92 4768 193 4821 τὸν
220 4766 344 4837 Γὼγ
370 4768 575 4829 ἕνεκεν,
598 4766 692 4828 οὓς
719 4767 857 4835 μετὰ
878 4766 976 4837 τὴν
998 4766 1254 4820 ἐπάνοδον
1284 4764 1685 4836 ἐπεληλυθότας

96 4862 296 4923 αὐτοῖς
367 4860 775 4931 ἀναριθμήτους
838 4859 999 4921 ὄντας
1077 4858 1358 4912 ἀπώλεσεν
1416 4859 1686 4923 ἅπαντας.

102 4972 120 5002 ι
148 4952 279 5004 Ὅτι
306 4950 427 5004 τότε
487 4952 847 5024 μεταστρέψω
904 4952 995 5004 ἐπὶ
1052 4952 1214 5016 λαοὺς
1291 4952 1547 5020 γλῶσσαν
1607 4953 1688 5017 εἰς

95 5042 298 5110 γενεὰς
352 5042 563 5100 αὐτῶν,
600 5042 695 5094 τοῦ
748 5043 1123 5095 ἐπικαλεῖσθαι
1171 5043 1377 5105 πάντας
1418 5042 1480 5094 τὸ
1517 5042 1688 5112 ὄνομα

96 5136 334 5207 Κυρίου,
374 5134 466 5188 τοῦ
500 5133 773 5187 δουλεύειν
803 5133 950 5204 αὑτῴ
981 5135 1085 5186 ὑπὸ
1118 5134 1282 5202 ζυγὸν
1307 5134 1422 5188 έναι
1452 5154 1470 5186 ι
1491 5134 1688 5205 Θαῦμα

97 5228 235 5297 γοῦν
287 5226 465 5279 κοινὸν
521 5228 770 5288 ἅπαντας
812 5224 1041 5297 λήψεται
1092 5227 1218 5289 τοὺς
1269 5226 1545 5295 πανταχοῦ
1579 5226 1688 5280 τῶν

100 5320 413 5391 ἀνθρώπων
461 5320 553 5372 ἐπὶ
600 5321 666 5389 τῇ
716 5318 995 5389 καινότητι
1033 5319 1142 5372 τῶν
1181 5319 1501 5389 γινομένων,
1546 5319 1688 5371 ὥστε

102 5412 309 5465 ὡσανεὶ
360 5412 458 5481 μιᾷ
496 5410 714 5482 γλώττῃ
756 5409 1132 5480 κεχρημένους
1159 5412 1285 5474 τοὺς
1313 5413 1370 5464 ἐν
1414 5411 1689 5482 διαφόροις

99 5521 161 5556 τε
190 5502 543 5566 καθεστῶτας
571 5503 775 5567 τόποις,
812 5504 906 5555 καὶ
931 5504 1013 5567 εἰς
1034 5504 1265 5574 διάφορα
1299 5502 1685 5568 συντελοῦντας

102 5594 260 5665 ἔθνη,
286 5593 592 5662 συμφώνως
618 5593 748 5647 Θεόν
778 5612 835 5647 τε
868 5595 1150 5664 ὁμολογεῖν
1184 5596 1273 5649 τὸν
1310 5595 1418 5649 τῶν
1473 5596 1687 5666 Ἰσραη-

103 5688 271 5739 λιτῶν
302 5686 453 5747 Θεὸν,
492 5685 680 5756 ὥσπερ
712 5687 803 5753 ὑφ’
837 5686 917 5738 ἐνὶ
957 5685 1106 5757 ζυγῷ
1148 5688 1355 5751 πάντας
1384 5688 1689 5741 καταστάν-

110 5794 214 5843 τας
257 5778 595 5849 μακαριστὴν
637 5777 888 5849 ἡγεῖσθαι
931 5780 1029 5850 τὴν
1072 5779 1162 5832 ὑπ’
1210 5778 1357 5851 αὑτῷ
1409 5778 1689 5845 δουλείαν,

1781 3388 2126 3457 gregationes
2157 3390 2421 3458 gentium,
2462 3396 2519 3443 ut
2553 3388 2848 3458 corripiam
2878 3403 3057 3459 reges,
3088 3394 3149 3442 ut
3182 3386 3362 3441 eﬁ‘un-
3430 3422 3433 3425 ‹

1781 3477 1904 3530 dam
1958 3491 2123 3547 super
2172 3493 2269 3532 eos
2333 3486 2504 3532 totam
2551 3479 2687 3532 iram
2727 3478 2932 3533 furoris
2957 3480 3084 3545 mei,
3128 3478 3252 3548 quia
3307 3480 3363 3530 in

1782 3567 1905 3637 igne
1947 3570 2048 3622 zeli
2100 3572 2204 3624 mei
2248 3578 2606 3624 consumetur
2635 3570 2890 3624 universa
2935 3578 3103 3624 terra.
3150 3587 3168 3619 ι
3207 3566 3364 3622 Tunc

1783 3661 2020 3714 maxime
2054 3662 2315 3716 ultionem
2348 3677 2525 3717 meam
2554 3662 2900 3717 manifestam
2927 3661 3175 3726 reddam,
3200 3677 3363 3732 quam

1786 3766 1884 3819 pro
1917 3752 2073 3806 vobis
2109 3752 2359 3808 facturus
2392 3768 2537 3816 sum,
2578 3768 2701 3807 cum
2746 3761 2935 3822 gentes
2966 3751 3207 3823 undique
3234 3766 3365 3805 coa-

1741 3901 1744 3904 ,
1783 3854 2033 3898 cervatas
2059 3859 2233 3914 paenae
2265 3844 2580 3913 subjiciam.
2611 3843 2810 3900 Multos
2849 3845 2994 3899 enim
3025 3859 3178 3913 rcges
3204 3852 3366 3912 atque

1785 3945 2033 4004 satrapas
2085 3951 2209 3989 cum
2255 3938 2372 3991 suis
2425 3937 2759 3991 exercitibus
2797 3936 3058 3993 adversus
3101 3936 3361 3990 Hierusa-

1788 4027 1891 4080 lem
1932 4026 2205 4083 irruentes
2232 4028 2522 4096 excipiam,
2548 4028 2599 4082 id
2628 4035 2714 4082 est
2734 4029 2920 4083 venire
2950 4026 3280 4098 permittam,
3306 4033 3367 4080 ut

1787 4131 1963 4170 meam
2013 4132 2141 4170 mox
2191 4133 2319 4189 erga
2360 4132 2458 4174 vos
2498 4119 2723 4173 tutelam
2766 4119 2929 4173 rebus
2964 4118 3097 4188 ipsis
3142 4118 3367 4173 demon-

1787 4216 1956 4263 strem
2007 4226 2021 4264 :
2070 4210 2297 4264 multam
2343 4210 2400 4264 in
2464 4225 2559 4266 eos
2608 4210 2746 4265 iram
2792 4209 3088 4275 eﬂ‘undam,
3145 4218 3368 4280 totoque

1789 4301 1995 4369 impetu
2059 4300 2428 4371 intorquebo,
2491 4302 2620 4372 quia
2674 4310 2937 4373 tanquam
2993 4302 3120 4372 igne
3175 4317 3368 4357 omnes

1789 4408 2112 4448 consumam
2140 4395 2258 4449 zelo
2290 4394 2527 4465 quodam
2559 4404 2871 4468 correptus,
2904 4404 3189 4465 propterea
3221 4396 3365 4464 quod

1789 4492 1976 4537 contra
2010 4486 2271 4556 populum
2306 4502 2486 4541 meum
2525 4488 2652 4540 talia
2699 4488 2817 4540 ausi
2851 4494 3000 4540 sunt.
3038 4485 3265 4554 Insuper
3301 4485 3369 4539 de

1792 4575 1927 4647 Gogi
1984 4592 2203 4646 quoque
2256 4578 2589 4633 exercitibus
2648 4578 2812 4629 verba
2878 4575 3026 4635 facit,
3072 4590 3209 4644 quos
3246 4587 3369 4644 post

1790 4670 2162 4725 lsraelitarum
2194 4671 2431 4725 reditum
2479 4686 2601 4724 cum
2649 4671 2861 4724 inﬁnito
2904 4685 3132 4722 numero
3180 4669 3370 4722 incur-

1790 4762 1999 4816 sionem
2044 4760 2307 4815 l'acientes
2353 4760 2611 4831 perdidit.
2652 4778 2669 4809 ι
2704 4758 2842 4824 Quia
2887 4764 3021 4811 tunc
3054 4766 3370 4812 convertam

1792 4869 1958 4918 super
1992 4854 2223 4923 populos
2256 4854 2495 4924 linguam
2542 4852 2598 4905 in
2647 4850 3030 4921 generationes
3063 4866 3276 4915 eorum,
3312 4859 3374 4903 ut

1789 4945 2044 4998 invocent
2084 4960 2276 4999 omnes
2322 4959 2520 4998 nomen
2556 4942 2793 5006 Domini,
2832 4941 2997 5013 266
3044 4951 3103 4995 ut
3153 4942 3201 4995 ei
3251 4950 3373 4994 tan-

1793 5052 1956 5105 quam
2013 5052 2119 5089 uno
2171 5036 2273 5091 sub
2303 5036 2435 5107 jugo
2484 5035 2747 5091 serviant.
2784 5055 2802 5086 ι
2836 5034 3140 5089 Admiratio
3180 5050 3373 5087 omnes

1792 5129 2102 5184 communis
2140 5129 2399 5199 corripiet
2430 5128 2629 5197 ubique
2670 5127 2936 5197 gentium,
2966 5132 3191 5196 propter
3219 5134 3373 5179 acta-

1790 5237 1913 5273 rum
1968 5236 2149 5275 rerum
2215 5222 2530 5283 novitatem,
2578 5221 2652 5274 ita
2706 5228 2765 5274 ut
2812 5220 2996 5273 cuncti
3053 5234 3159 5273 una
3206 5218 3370 5273 veluti

1792 5314 1976 5383 lingua
2026 5322 2268 5380 utentes,
2314 5314 2409 5383 qui
2456 5314 2690 5368 diversis
2738 5311 2991 5366 habitant
3032 5311 3370 5380 regionibus,

1790 5416 1845 5459 et
1868 5406 1926 5459 in
1954 5406 2137 5461 varias
2168 5405 2329 5459 scissi
2358 5412 2487 5461 sunt
2510 5414 2722 5476 gentes,
2755 5419 2861 5458 una
2887 5418 3019 5457 voce
3044 5401 3215 5457 Deum
3248 5416 3369 5457 esse

1793 5496 2177 5562 conﬁteantur,
2228 5497 2598 5553 lsraelitarum
2637 5495 2829 5559 Deum,
2872 5505 2925 5549 et
2968 5504 3226 5563 tanquam
3278 5493 3369 5545 uni

1790 5592 1924 5659 jugo
1983 5588 2215 5658 subjecti
2277 5590 2495 5643 beatum
2557 5586 2875 5642 existiment
2921 5583 2968 5637 ei
3013 5583 3252 5646 servire,
3309 5598 3367 5635 ea

1796 5684 2052 5738 nimirum
2086 5681 2346 5737 beneﬁcia
2375 5686 2663 5735 cernentes
2693 5678 2894 5749 quibus
2923 5692 3025 5745 ego
3055 5690 3151 5728 vos
3176 5673 3340 5742 digna

1798 5783 1953 5831 turus
1999 5790 2139 5832 sum.
2175 5792 2193 5826 ι
2231 5771 2411 5846 Usque
2440 5788 2470 5827 a
2512 5772 2708 5829 ﬁnibus
2752 5772 3036 5827 ﬂuminum
3080 5766 3366 5837 Ethiopiz
