3830 6216
460 313 549 369 ιη
1623 312 1973 369 THEODORI
2020 307 2500 370 MOPSUESTENI

3589 301 3698 358 4-72

458 429 723 494 excipiam
766 427 1136 497 supplicantes
1170 428 1302 482 mihi
1340 447 1356 482 :
1387 444 1512 484 eum
1556 430 1822 503 dispersis
1845 431 2026 503 (meis)

2148 431 2224 501 ltcp’
2255 425 2330 484 ὧν
2357 429 2586 497 αύτοίγε
2625 426 2904 492 ἀξιοῦσθαι
2933 424 3152 496 μέλλετε
3188 424 3316 493 παρ’
3343 421 3499 493 ἐμοῦ.
3544 441 3562 472 ε
3602 423 3695 473 Ἐκ

460 516 593 570 mihi
635 518 886 572 victimas
927 519 1174 574 afferent.
1222 539 1239 570 ι
1276 518 1508 576 Venient
1549 522 1753 594 itaque,
1801 539 2058 592 meoque!

460 609 687 663 servitio
744 611 1025 674 accedent,
1075 612 1143 665 ab
1187 609 1502 682 Ethiopum
1549 615 1888 684 regionibus,
1936 615 2030 684 qui

461 700 745 754 vobiscum
798 718 944 756 nunc
988 704 1302 771 captivitate
1345 707 1632 775 dispersis,
1678 714 1807 760 tunc
1849 715 2028 760 autem

463 792 792 858 reducibus,
833 796 1200 849 communiter
1246 797 1377 850 mihi
1431 798 1680 851 victimas
1739 797 2027 852 adducent.

2137 521 2388 591 περάτων
2434 517 2692 588 ποταμῶν
2730 517 3010 577 Αἰθιοπίας
3054 512 3413 584 προσδέξομαι
3438 513 3561 574 τοὺς
3586 512 3695 565 ίκεο

2139 610 2428 672 τεύοντας,
2477 609 2613 678 μετά
2660 607 2765 659 τῶν
2805 605 3216 675 διεσπαρμένων
3255 602 3458 654 οἴσουσι
3508 601 3696 662 θυσίας

2143 720 2252 772 μοι.
2285 721 2305 754 ι
2359 701 2697 754 Ἐλεύσονται
2740 699 2868 766 γοῦν
2919 700 2986 768 τῇ
3029 695 3239 766 δουλεία
3277 693 3697 765 προστρέχοντες

2143 797 2208 864 τῇ
2235 795 2340 864 ἐμῇ
2382 793 2489 846 ἀπὸ
2521 793 2628 846 τῶν
2671 791 2954 852 Αἰθιοπίας
2990 788 3190 859 μερῶν,
3220 788 3270 840 oi.
3309 786 3425 857 μεθ’
3459 784 3608 855 ὑμῶν
3635 784 3699 852 δὴ

461 885 568 938 τῶν
595 887 689 938 νῦν
717 887 816 956 μὲν
846 887 1258 958 διεσπαρμένων
1283 892 1341 941 ἐν
1371 892 1437 961 τῇ
1467 890 1834 961 αἰχμαλωσίᾳ,
1863 887 2336 960 ἐπανεληλυθότων
2358 886 2415 938 δέ
2445 887 2587 944 τότε,
2620 885 2802 946 κοινάς
2842 901 2930 954 μοι
2959 882 3285 954 προσάξουσι
3315 880 3413 943 τὰς
3439 879 3645 940 θυσίας.

540 980 701 1037 Vens.
741 984 922 1038 ll-lb'.
958 1017 1021 1024 —
1053 1005 1070 1036 ι
1109 985 1166 1040 lu
1201 988 1287 1042 die
1317 988 1407 1041 illa
1430 1004 1538 1042 non
1569 989 1924 1042 confunderis
1965 988 2033 1040 ab

467 1076 721 1128 omnibus
761 1075 1243 1133 adiuventionibus
1275 1080 1406 1142 tuis,
1443 1080 1644 1150 quibus
1676 1080 1838 1149 impie
1877 1079 2034 1148 egisti

466 1168 518 1218 in
553 1183 655 1230 me,
688 1169 814 1236 quia
847 1177 976 1223 tunc
1003 1171 1248 1224 auferam
1277 1187 1306 1224 a
1339 1179 1392 1226 te
1423 1173 1718 1242 vilipendia
1750 1179 2038 1225 contume-

465 1259 549 1311 lia:
585 1266 710 1323 tuae,
764 1269 816 1314 et
851 1261 989 1314 ultra
1043 1277 1151 1316 non
1201 1262 1429 1332 adjicies
1459 1272 1518 1317 ut
1569 1264 1821 1333 glorieris
1875 1277 2041 1333 super

468 1359 706 1403 montem
763 1361 1014 1405 sanctum
1067 1368 1268 1407 meum.
1306 1372 1324 1405 ›
1382 1353 1479 1408 Illo
1525 1354 1741 1423 quidem
1793 1361 2037 1423 tempore

467 1442 604 1493 nihil
647 1443 944 1510 experieris
987 1458 1202 1510 eorum,
1245 1460 1366 1513 quae
1416 1460 1562 1499 nunc
1612 1445 1904 1515 impietatis
1934 1453 2039 1498 tuae

467 1547 631 1585 causa
654 1534 864 1600 patiens
883 1533 1088 1602 pudore
1112 1536 1344 1604 plurimo
1368 1535 1638 1590 obrueris.
1669 1535 1873 1588 Cuncta
1895 1535 2036 1588 enim

468 1638 588 1692 quze
608 1625 821 1693 egistis,
855 1627 1177 1696 obsequium
1209 1642 1386 1693 meum
1417 1628 1770 1696 negligentes,
1799 1626 2040 1693 mihique

469 1729 631 1768 omne
660 1730 831 1784 genus
856 1715 1067 1785 injuriae
1104 1732 1199 1786 per
1243 1717 1513 1770 idolorum
1549 1718 1864 1771 servitutem
1903 1715 2040 1770 infe-

471 1815 677 1868 rentes,
714 1807 827 1860 haec
855 1808 1070 1876 inquam
1108 1809 1294 1877 procul
1339 1809 1594 1862 omnibus
1627 1808 1778 1862 vobis
1819 1807 2038 1868 faciam,

473 1909 663 1964 pinnas
707 1896 866 1952 simul
915 1901 983 1953 ob
1019 1915 1082 1954 ea
1135 1900 1290 1952 vobis
1335 1901 1617 1968 impositas
1663 1900 1940 1960 auferens,
1987 1907 2044 1952 ut

473 1998 568 2040 vos
591 1986 849 2057 deinceps
891 1989 943 2043 in
969 1999 1152 2046 monte
1181 1991 1276 2060 qui
1307 1991 1475 2044 cultui
1509 2006 1628 2044 meo
1661 1999 1743 2046 est
1769 1991 2040 2054 addictus,

471 2077 562 2130 tali
626 2093 749 2132 cum
811 2083 1066 2151 superbia
1113 2098 1220 2136 non
1253 2085 1611 2148 consistatis,
1662 2085 1767 2138 mei
1824 2085 2042 2155 quidem

469 2169 648 2232 obliti,
686 2171 895 2224 cultum
933 2187 1061 2226 vero
1089 2188 1306 2227 omnem
1347 2174 1666 2229 exhibentes
1700 2175 1881 2229 idolis.
1921 2193 1940 2226 ι
1981 2174 2046 2227 Et

472 2262 774 2332 relinquam
801 2264 854 2316 iu
879 2271 932 2318 te
962 2266 1218 2334 populum
1253 2278 1596 2320 mansuetum
1622 2274 1675 2320 et
1706 2267 1983 2320 humilem.
2020 2286 2038 2318 ›

469 2348 744 2406 Deducam
777 2370 875 2408 vos
911 2355 1046 2408 satis
1087 2355 1334 2410 eruditos
1365 2371 1430 2410 ex
1468 2357 1804 2426 captivitate,
1840 2364 1896 2410 ut
1930 2356 2041 2426 jam

470 2454 749 2499 mansuete
810 2446 1202 2516 humiliterque
1256 2449 1523 2509 virentes.
1571 2450 1655 2518 pie
1711 2451 1860 2502 cultu
1925 2466 2046 2504 meo

471 2534 793 2604 fungamini.
834 2535 984 2590 Unde
1022 2537 1211 2591 addit:
1253 2557 1272 2588 ι
1307 2539 1371 2592 Et
1402 2542 1735 2594 verebuntur
1761 2557 1790 2594 a
1828 2543 2046 2596 nomine

474 2623 688 2679 Domini
722 2628 966 2697 reliquis:
1006 2627 1249 2689 lsraelis,
1299 2640 1352 2684 et
1389 2647 1496 2684 non
1547 2630 1748 2686 facient
1785 2633 2044 2702 iniquita-

471 2723 602 2781 tcm,
638 2723 692 2771 et
735 2733 846 2771 non
881 2719 1172 2787 loquentur
1205 2735 1367 2782 vana,
1413 2731 1468 2776 et
1512 2739 1618 2776 non
1653 2725 1960 2778 invenietur
1991 2725 2044 2776 in

471 2821 565 2858 m-c
599 2820 788 2860 eorum
817 2808 1000 2877 lingua
1047 2810 1256 2872 dolosa,
1296 2826 1554 2880 quoniam
1599 2814 1701 2882 ipsi
1730 2823 2043 2883 pascentur,

472 2909 528 2952 et
559 2915 664 2952 non
689 2901 794 2954 erit
820 2901 980 2971 267
1011 2901 1101 2971 qui
1131 2909 1404 2957 exterreat
1423 2920 1537 2959 eos.
1571 2923 1590 2956 ι
1624 2904 2045 2960 Perseverabitis

475 2997 654 3043 autem
727 3005 825 3044 vos
873 2992 1102 3046 reduces
1163 3007 1194 3046 e
1255 2994 1568 3064 captivitate
1615 3011 1812 3050 nomen
1864 3013 2042 3050 meum

2206 987 2353 1056 Στίχ.
2421 989 2606 1037 ια’-ιε’.
2659 1009 2728 1019 -
2760 980 2881 1031 (Ἐν
2928 980 2993 1048 τῇ
3029 977 3214 1047 ήμέρᾳ
3265 973 3447 1044 ἐκείνῃ
3507 973 3568 1025 ού
3630 973 3700 1042 μὴ

2136 1077 2538 1147 καταισχυνθῇς
2583 1077 2647 1126 ἐκ
2689 1073 2909 1124 πάντων
2962 1068 3071 1121 τῶν
3111 1065 3556 1136 ἐπιτηδευμάτων
3612 1079 3703 1115 σου

2136 1163 2211 1223 ὧν
2245 1167 2520 1237 ἠσέϐησας
2567 1166 2644 1226 εἰς
2676 1162 2796 1232 ἐμὲ,
2831 1162 2910 1213 ὅτι
2937 1159 3056 1212 τότε
3108 1155 3343 1227 περιελῶ
3370 1155 3477 1208 ἀπὸ
3502 1154 3596 1206 σοῦ
3637 1154 3704 1204 τά

2141 1260 2490 1330 φαυλίσματα
2515 1255 2615 1325 τῆς
2659 1251 2866 1324 ὕϐρεώς
2895 1268 2987 1304 σου
3006 1291 3020 1314 ,
3057 1250 3151 1303 καὶ
3181 1249 3282 1302 οὐκ
3315 1248 3393 1300 ἔτι
3433 1247 3506 1318 μὴ
3535 1263 3704 1316 προσ-

2147 1355 2245 1423 θῇς
2288 1349 2381 1402 τοῦ
2428 1345 2834 1418 μεγαλαυχῆσαι
2864 1344 2954 1395 ἐπὶ
2991 1341 3052 1393 τὸ
3082 1339 3207 1409 ὅρος
3253 1338 3314 1391 τὸ
3342 1339 3495 1406 ἆγιόν
3531 1354 3652 1407 μου.
3688 1356 3708 1387 ›

2145 1444 2281 1496 Κατ’
2306 1442 2512 1493 ἐκεῖνον
2541 1438 2603 1507 δὴ
2632 1437 2722 1489 τὸν
2756 1433 2944 1504 καιρὸν
2976 1434 3072 1501 οὐχ
3103 1431 3394 1501 ὑπομενεῖς
3421 1427 3578 1481 οὐθὲν
3603 1428 3712 1482 τῶν

2145 1538 2245 1591 ὅσα
2293 1537 2382 1590 διὰ
2414 1537 2512 1599 τὰς
2563 1533 2814 1596 ἀσεϐείας
2865 1549 2959 1584 σου
3006 1530 3288 1600 πάσχουσα
3339 1525 3434 1580 νῦν
3481 1523 3715 1593 αἰσχύνῃ

2148 1628 2536 1699 περιϐέϐλησαι
2592 1627 2846 1696 πλείστῃ·
2899 1623 3074 1676 πάντα
3111 1621 3218 1691 γὰρ
3242 1621 3337 1672 ὅσα
3379 1617 3714 1685 πεποιήκατε

2148 1718 2564 1790 ἐκφαυλίζοντές
2593 1735 2650 1770 τε
2687 1717 2756 1768 τά
2792 1715 2929 1784 ἐμά,
2970 1713 3063 1766 καὶ
3093 1711 3350 1771 παντοίας
3379 1706 3592 1778 ὕϐρεώς
3627 1721 3718 1774 μοι

2145 1810 2234 1863 διὰ
2257 1809 2355 1880 τῆς
2397 1809 2523 1877 περὶ
2556 1807 2622 1859 τά
2655 1805 2847 1858 εἴδωλα
2883 1802 3173 1874 θεραπείας
3218 1800 3491 1868 γινόμενοι
3522 1795 3715 1867 πρόξε-

2146 1919 2244 1966 νοι,
2275 1902 2350 1971 (p.
2383 1900 2487 1953 406
2512 1900 2530 1970 )
2557 1897 2788 1967 περιελῶ
2818 1896 2880 1966 δὴ
2907 1894 2964 1959 ἐξ
2993 1893 3245 1946 ἁπάντων
3277 1889 3450 1961 ὑμῶν,
3488 1890 3584 1942 ἆτε
3625 1889 3717 1940 καὶ

2144 2000 2240 2061 τὰς
2264 1998 2354 2050 ἐπὶ
2383 1996 2589 2057 τούτοις
2620 1991 2947 2061 ἐπαχθείσας
2977 1991 3102 2058 ὑμῖν
3132 1985 3400 2057 τιμωρίας
3431 1983 3718 2052 ἀφαιρῶν⁸

2145 2092 2220 2154 ti);
2254 2087 2449 2160 μηκέτι
2485 2086 2561 2156 μὴ
2590 2085 2643 2136 δέ
2668 2085 2809 2153 ὑμᾶς
2839 2083 2896 2134 ἐν
2918 2079 2992 2150 τῷ
3021 2080 3134 2150 όρει
3158 2077 3234 2148 τῷ
3259 2076 3395 2146 πρὸς
3425 2074 3718 2146 θεραπείαν

2144 2182 2282 2254 ἐμὴν
2311 2177 2614 2233 καθεστῶτι
2639 2176 2773 2246 μετά
2805 2171 3175 2245 ὑπερηφανίας
3201 2171 3407 2236 διάγειν
3428 2167 3718 2235 τοσαύτης,

2145 2272 2480 2346 ἀμελοῦντας
2525 2269 2623 2341 μὲν
2656 2267 2763 2320 τῶν
2795 2265 2916 2319 κατ’
2953 2261 3085 2334 ἐμὲ,
3123 2260 3416 2332 θεραπείαν
3445 2259 3502 2312 δὲ
3539 2261 3720 2310 πᾶσαν

2147 2368 2522 2440 προσάγοντας
2560 2365 2674 2424 τοῖς
2723 2358 2982 2420 εἰδώλοις.
3033 2374 3050 2407 t
3083 2356 3190 2409 Καὶ
3244 2352 3610 2422 ὑπολείψομαι
3663 2353 3719 2402 ἐν

2147 2461 2229 2513 σοὶ
2254 2458 2381 2512 λαὸν
2413 2457 2584 2527 πρᾶον
2616 2454 2711 2506 καὶ
2746 2451 3018 2505 ταπεινόν.
3059 2467 3078 2499 ι
3125 2444 3407 2509 Ἐπανάξω
3433 2445 3540 2514 γάρ
3578 2444 3719 2513 ὑμᾶς

2147 2549 2609 2620 πεπαιδευμένους
2644 2549 2708 2599 ἐκ
2741 2545 2841 2614 τῆς
2867 2539 3261 2613 αἰχμαλωσίας,
3286 2536 3425 2590 ὥστε
3452 2535 3720 2607 πραότητι

2146 2642 2240 2695 καὶ
2291 2639 2638 2708 ταπεινότητι
2681 2635 2954 2700 συζῶντας
3003 2632 3069 2685 δι’
3127 2626 3412 2690 εὐλαϐείας
3456 2626 3605 2695 ἔχειν
3655 2625 3724 2677 τὰ

2148 2734 2275 2803 ἐμά.
2314 2731 2475 2785 Ὅθεν
2505 2730 2735 2797 ἐπάγει·
2787 2745 2806 2778 ι
2838 2727 2945 2780 Καὶ
2983 2720 3444 2791 εὐλαϐηθήσονται
3485 2716 3598 2768 ἀπὸ
3629 2714 3721 2766 τοῦ

2147 2822 2407 2894 ὀνόματος
2430 2821 2633 2891 Κυρίου
2670 2821 2717 2873 οἰ
2757 2817 3072 2871 κατάλοιποι
3103 2813 3196 2865 τοῦ
3241 2811 3489 2880 Ἰσραὴλ,
3529 2808 3629 2862 καὶ
3664 2809 3721 2860 ού

2149 2917 2462 2984 ποιήσουσιν
2502 2910 2713 2965 ἀδικίαν
2741 2949 2755 2973 ,
2796 2908 2892 2960 καὶ
2927 2907 2987 2960 ού
3021 2905 3316 2975 λαλήσουσι
3349 2902 3590 2970 μάταια’
3631 2897 3725 2954 καὶ

2149 3009 2208 3062 ού
2243 3009 2317 3078 μὴ
2345 3005 2542 3075 εὑρεθῇ
2593 3005 2650 3057 ἐν
2675 3001 2753 3073 τῷ
2790 3002 3014 3072 στόματι
3046 2998 3224 3052 αὐτῶν
3269 2997 3486 3065 γλῶσσα
3535 2994 3721 3049 δολίαο

475 3080 656 3133 timori
693 3079 977 3145 habentes,
1009 3080 1077 3134 ab
1105 3081 1392 3151 iniquitate
1422 3086 1568 3139 onmi
1599 3086 1956 3151 abstinentes,
1991 3097 2042 3142 et

2148 3099 2280 3152 διότι
2316 3097 2469 3151 αὐτοί
2512 3096 2877 3167 νεμήσονται,
2919 3092 3016 3144 καὶ
3057 3091 3158 3144 οὐκ
3213 3089 3364 3142 ἔσται
3403 3088 3431 3138 ό
3471 3084 3726 3154 ἐκφοϐῶν

474 3172 619 3224 omni
653 3172 783 3226 vitio
815 3175 1052 3243 purgati,
1095 3176 1181 3228 cui
1222 3187 1380 3229 antea
1426 3176 1611 3232 fuistis
1643 3179 1863 3233 obnoxii
1901 3197 1914 3233 :
1949 3195 2042 3232 ca-

472 3259 666 3314 vebitis
689 3268 868 3315 autem
897 3264 1192 3330 quominus
1219 3265 1424 3316 cultum
1453 3281 1628 3320 meum
1649 3267 1836 3320 dolosa
1865 3277 2045 3322 mente

472 3349 763 3413 simuletis,
804 3350 932 3404 dum
978 3352 1138 3406 idolis
1187 3353 1500 3408 adltmretis.
1550 3355 1690 3410 Hinc
1729 3359 1886 3412 vobis
1921 3377 2046 3412 cutt-

473 3438 641 3509 tinget
666 3450 724 3493 ut
744 3456 935 3496 secure
953 3457 1184 3513 prorsus
1205 3446 1527 3512 pascamini.
1553 3450 1859 3517 vestrisque
1889 3451 2045 3503 bonis

475 3531 753 3598 fruamini,
795 3541 958 3602 atque
997 3534 1050 3587 in
1081 3536 1188 3588 alta
1220 3537 1408 3604 requie
1444 3539 1662 3602 vivatis,
1699 3541 1915 3594 nemine
1951 3557 2045 3596 vos

477 3626 699 3680 turbare
731 3629 1034 3697 vestrisque
1082 3629 1304 3684 sedibus
1335 3630 1608 3686 abducere
1643 3634 1876 3686 valente.
1921 3632 2047 3689 llaec

474 3717 582 3770 illis
615 3726 735 3786 post
787 3718 1019 3772 reditum
1074 3718 1190 3774 fore
1235 3722 1578 3787 vaticinatus,
1607 3721 1801 3777 deinde
1846 3724 2040 3778 addit:

480 3827 499 3858 ι
537 3808 745 3863 Lmtare
777 3811 953 3874 valde,
1013 3810 1118 3864 filia
1155 3810 1328 3878 Sion;
1363 3814 1616 3882 praedica,
1649 3815 1760 3867 lilia
1791 3814 2046 3870 Hierusa-

476 3898 612 3963 lem;
645 3901 858 3951 exsulta
890 3908 944 3953 et
979 3900 1253 3954 delectare
1291 3907 1403 3955 toto
1438 3903 1604 3955 corde
1641 3912 1753 3968 tuo,
1793 3903 1899 3958 filia
1931 3903 2046 3960 llic-

474 3995 746 4059 rusalem;
783 3995 1010 4049 abstulit
1035 3994 1298 4050 Dominus
1327 4003 1550 4064 peccata
1581 4003 1694 4059 tua,
1727 3997 1953 4050 redemit
1994 4007 2046 4052 te

475 4084 739 4140 Dominus
789 4085 856 4140 de
920 4102 1085 4139 manu
1141 4087 1488 4141 inimicorum
1539 4095 1794 4154 tuorum;
1857 4098 2046 4158 regnat

475 4176 740 4231 Dominus
775 4176 828 4230 in
855 4178 1034 4230 medio
1057 4179 1132 4230 tui
1159 4198 1170 4230 :
1193 4192 1301 4231 non
1334 4175 1548 4230 videbis
1577 4179 1714 4231 tuala
1739 4179 1989 4234 ulterius.
2021 4199 2039 4231 ι

478 4269 533 4321 In
565 4269 878 4322 omnimoda
911 4268 1169 4336 deinceps
1201 4269 1478 4336 voluptate
1507 4281 1750 4331 versare,
1790 4284 1822 4321 o
1847 4269 2047 4323 llieru-

474 4360 687 4422 salem,
735 4376 856 4414 cum
906 4361 1052 4415 omni
1127 4360 1309 4415 laetitia
1367 4371 1419 4414 et
1471 4362 1827 4416 delectatione
1879 4365 2043 4416 vitam

2145 3190 2360 3252 αὐτούς.
2405 3209 2422 3240 ι
2458 3189 2768 3257 Διαμενεῖτε
2804 3183 2911 3255 γὰρ
2941 3186 2989 3236 οἱ
3027 3180 3484 3251 ἐπανεληλυθότες
3521 3180 3592 3231 ἐκ
3627 3177 3725 3245 τῆς

2146 3280 2518 3351 αἰχμαλωσίας
2554 3280 2610 3331 ἐν
2649 3275 2799 3346 φόϐῳ
2831 3275 2929 3346 μὲν
2956 3275 3169 3345 ἔχοντες
3204 3272 3301 3341 τὴν
3339 3269 3476 3341 ἐμὴν
3526 3271 3726 3339 ὀνομα-

2149 3375 2302 3435 σίαν,
2335 3371 2549 3434 ἀδικίας
2583 3370 2638 3423 δὲ
2676 3369 3007 3438 ἀπεχόμενοι
3054 3367 3264 3436 πάσης,
3314 3365 3408 3417 καὶ
3444 3361 3558 3415 τῶν
3601 3363 3725 3415 ἁτο·

2146 3462 2286 3515 πιῶν
2313 3459 2708 3531 καθαρεύοντες
2748 3457 2814 3521 ἃς
2834 3457 2899 3528 δὴ
2937 3455 3184 3526 μετῄειτε
3225 3455 3521 3526 πρότερον·
3553 3453 3724 3523 φυλά-

2147 3554 2301 3621 ξεσθε
2355 3553 2411 3605 δὲ
2457 3553 2578 3604 τότε
2612 3550 2708 3605 καὶ
2738 3550 2798 3603 τὸ
2837 3549 3030 3619 δολερᾷ
3059 3551 3126 3619 τῇ
3166 3546 3374 3617 διανοίᾳ
3409 3547 3726 3616 προσποιετα

2148 3645 2269 3698 σθαι
2303 3645 2400 3715 μὲν
2429 3644 2528 3712 τὴν
2577 3643 2714 3712 ἐμὴν
2745 3642 3062 3714 θεραπείαν,
3106 3639 3462 3710 προσκεῖσθαι
3512 3639 3574 3692 δὲ
3619 3639 3724 3700 τοῖς

2145 3735 2382 3798 εἰδώλοις
2403 3752 2416 3767 ο
2447 3733 2694 3788 ἐντεῦθεν
2720 3733 2848 3802 γοῦν
2878 3733 3005 3802 ὑμῖν
3035 3730 3331 3803 προσέσται
3368 3729 3460 3783 καὶ
3489 3730 3551 3782 τὸ
3589 3729 3727 3798 μετὰ

2145 3827 2326 3896 πάσης
2349 3825 2530 3886 ἀδείας
2558 3822 2813 3893 νέμεσθαί
2841 3839 2899 3874 τε
2923 3821 3017 3874 καὶ
3037 3817 3330 3875 ἀπολαύειν
3356 3819 3462 3872 τῶν
3483 3819 3725 3880 οἰκείων,

2146 3921 2203 3970 ἐν
2231 3917 2416 3989 ἁπάσῃ
2442 3933 2501 3968 τε
2531 3916 2735 3983 διάγειν
2770 3913 3092 3976 ἀναπαύσει,
3138 3911 3360 3983 μηδενὸς
3388 3913 3532 3980 ὑμᾶς
3566 3914 3727 3964 ἐκτα-

2149 4012 2366 4083 ράττειν
2406 4027 2465 4062 τε
2502 4009 2596 4062 καί
2628 4009 2862 4079 άφιστᾷν
2904 4006 3012 4060 τῶν
3041 4005 3255 4058 οἰκείων
3288 4006 3468 4057 τόπων
3507 4006 3626 4057 οἴου
3671 4021 3726 4057 τε

2145 4102 2315 4163 ὖντος.
2367 4099 2550 4152 Ταῦτα
2602 4097 2995 4166 ὑποσχόμενος
3041 4095 3219 4157 αὐτοῖς
3270 4092 3606 4164 παρέσεσθαι
3665 4094 3728 4146 ἐκ

2145 4195 2243 4264 τῆς
2300 4192 2590 4254 ἐπανόδου,
2653 4189 2849 4256 ἐπάγει
2897 4188 3119 4241 λοιπόν·
3179 4206 3197 4239 ι
3234 4185 3426 4256 Χαῖρε,
3483 4185 3728 4254 θύγατερ

2146 4283 2321 4346 Σιὼν,
2392 4283 2620 4354 σφόδρα·
2681 4283 2960 4352 κήρυσσε,
3021 4279 3255 4348 θύγατερ
3332 4275 3723 4347 Ἰερουσαλὴμ,

2148 4381 2224 4446 (ρ.
2263 4375 2389 4443 407)
2459 4372 2748 4443 εὐφραίνου
2808 4370 2904 4424 καὶ
2958 4368 3300 4440 κατατέρπου
3352 4369 3411 4434 ἐξ
3456 4367 3588 4435 ὅλης
3631 4366 3727 4436 τῆς

473 4453 626 4523 exige
661 4472 672 4506 :
711 4467 836 4506 nam
866 4470 988 4508 cum
1026 4463 1114 4506 tua
1155 4453 1338 4506 omnia
1377 4462 1600 4522 peccata
1640 4453 1784 4507 Deus
1825 4453 2042 4508 deleve-

2148 4463 2375 4535 καρδίας
2405 4480 2518 4526 σου,
2557 4461 2792 4529 θύγατερ
2823 4459 3211 4530 Ἰερουσαλήμ·
3252 4459 3486 4528 περιεῖλε
3520 4459 3729 4528 Κύριος

472 4548 564 4610 rit,
605 4547 914 4602 necessario
964 4555 1018 4600 te
1066 4548 1134 4599 ab
1182 4545 1532 4600 inimicorum
1591 4553 1878 4616 potentatu
1915 4547 2047 4601 sub-

472 4638 647 4698 duxit,
703 4638 901 4703 quibus
961 4652 1085 4691 eras
1141 4637 1387 4704 subjecta
1455 4636 1582 4688 dum
1631 4635 1811 4704 justas
1859 4650 2048 4706 poenas

473 4731 671 4784 lueres.
725 4728 842 4783 Erit
876 4747 1003 4784 vero
1030 4729 1175 4799 apud
1218 4738 1270 4782 te
1314 4727 1511 4781 abhinc
1558 4726 1722 4788 Deus,
1757 4742 1852 4796 per
1887 4745 2046 4782 suum

472 4837 600 4891 erga
667 4828 720 4877 te
775 4823 1158 4892 patrocinium,
1211 4819 1490 4888 proprium
1550 4833 1776 4887 regnum
1821 4818 2048 4873 demon-

475 4925 680 4968 strans.
717 4913 899 4979 Quare
925 4915 1070 4968 nulla
1100 4914 1212 4983 jam
1247 4913 1310 4966 ad
1349 4918 1400 4964 te
1431 4909 1799 4979 propinquare
1821 4910 2046 4963 calami-

474 5014 559 5059 tas
588 5006 804 5072 poterit.

2145 4554 2215 4608 τά
2241 4554 2552 4624 ἀδικήματά
2590 4569 2712 4604 σου’
2748 4550 3080 4620 λελύτρωταί
3116 4568 3172 4602 σε
3211 4549 3412 4620 Κύριος
3443 4552 3506 4602 ἐκ
3547 4549 3731 4619 χειρὸς

2146 4645 2356 4717 ἐχθρῶν
2401 4643 2525 4696 σου·
2588 4641 2860 4712 βασιλεύει
2904 4642 3110 4715 Κύριος
3161 4645 3218 4695 ἐν
3278 4642 3425 4710 μέσῳ
3465 4657 3595 4692 σου·
3633 4641 3732 4692 οὐκ

2145 4739 2265 4808 ὄψει
2298 4736 2442 4790 κακά
2471 4736 2674 4788 οὐκέτι.
2721 4756 2738 4782 ι
2781 4736 2868 4787 Ἐν
2895 4735 3105 4804 ἡδοναῖς
3127 4734 3183 4786 δὲ
3205 4732 3386 4786 λοιπὸν
3416 4731 3572 4798 δίαγε
3607 4750 3733 4785 παν⁴

2148 4828 2339 4891 τοίαις,
2381 4821 2425 4878 ὦ
2480 4825 2861 4896 Ἰερουσαλὴμ,
2926 4827 3046 4896 μετ’
3093 4823 3430 4894 εὐφροσύνης
3468 4824 3566 4876 καὶ
3605 4824 3731 4893 τέρ-

2151 4918 2296 4988 ψεως
2321 4918 2577 4986 διάγουσα
2603 4917 2923 4981 παντελοῦςο
2960 4916 3175 4987 ἀφελών
3203 4917 3308 4986 γάρ
3335 4933 3426 4967 σου
3453 4915 3640 4968 πάντα
3665 4919 3734 4966 vd:

2157 5010 2599 5083 παρανομήματα
2624 5011 2652 5062 ὁ
2671 5009 2823 5072 Θεὸς,
2847 5009 3156 5076 ἀναγκαίως
3183 5025 3241 5059 σε
3264 5009 3357 5060 καὶ
3381 5005 3488 5059 τῶν
3514 5004 3732 5076 ἐχθρῶν

476 5108 662 5178 ἀφεῖλε
694 5109 1030 5174 δυναστείας,
1065 5112 1151 5179 ὑφ’
1180 5109 1272 5174 οὒς
1294 5109 1652 5172 ἐπεπτώκεις,
1677 5109 1777 5178 τῆς
1805 5108 2075 5179 τιμωρίας
2103 5108 2322 5162 διδοῦσα
2348 5108 2501 5170 δίκας
2521 5122 2534 5135 ·
2571 5106 2724 5158 ἔσται
2753 5123 2811 5159 τε
2849 5105 3053 5176 Κύριος
3087 5108 3142 5159 ὲν
3173 5105 3254 5157 σοὶ
3289 5104 3476 5156 λοιπὸν
3508 5102 3596 5157 διὰ
3635 5103 3732 5170 τῆς

475 5205 553 5263 εἰς
584 5201 643 5253 σέ
677 5202 998 5271 κηδεμονίας
1026 5202 1123 5271 τὴν
1157 5202 1359 5254 οἰκείαν
1388 5200 1661 5271 βασιλείαν
1691 5199 1971 5252 δεικνύων·
2012 5200 2088 5263 ώς
2129 5197 2296 5271 μήδέν
2324 5199 2404 5252 ἐτι
2435 5214 2517 5250 σοι
2546 5197 2904 5266 προσεγγίσαι
2933 5190 3043 5248 οἶόν
3065 5213 3122 5247 τε
3152 5191 3289 5248 εἷναι
3319 5193 3510 5248 κακόν.

549 5293 713 5347 Vens.
772 5294 950 5347 lii-9.0.
981 5325 1042 5332 —
1076 5316 1092 5345 ι
1131 5294 1398 5366 Tempore
1439 5296 1531 5350 illo
1584 5294 1730 5349 dicet
1780 5293 2044 5350 Dominus

477 5386 815 5439 Hierusalem
847 5405 858 5440 :
892 5386 1294 5453 Confide,Sion,
1319 5405 1427 5443 non
1454 5390 1830 5445 dissolvantur
1852 5402 2049 5442 manus

478 5489 602 5532 tua).
642 5477 903 5531 Dominus
935 5477 1076 5533 Deus
1110 5487 1240 5534 tuus
1267 5481 1321 5533 in
1365 5489 1418 5535 te
1448 5498 1461 5534 :
1487 5491 1679 5549 potens
1716 5480 1949 5535 salvabit
1973 5488 2048 5542 te,

477 5583 527 5622 ιιι.
581 5570 861 5624 ren0vabit
893 5559 942 5624 fe
983 5572 1248 5625 charitate
1295 5587 1413 5635 sua,
1466 5581 1519 5627 et
1569 5573 1844 5628 laetabitur
1897 5574 2048 5628 inte

479 5657 857 5723 delectatione,
893 5661 1048 5730 quasi
1081 5661 1134 5715 in
1182 5660 1272 5716 die
1301 5662 1551 5716 solemni.
1585 5651 1651 5714 Et
1697 5664 2049 5731 congregabit

479 5750 814 5806 contractos.
861 5771 876 5802 ι
907 5753 1062 5806 'l'nnc
1112 5753 1182 5808 ab
1234 5755 1380 5809 omni
1444 5753 1760 5809 infirmitate
1805 5755 2051 5809 tuebitur

2221 5297 2367 5366 Στίχ.
2406 5300 2580 5359 ις¹οκ’.
2606 5323 2671 5332 ——
2691 5311 2708 5341 ι
2732 5291 2915 5361 Ἑντῷ
2949 5290 3124 5361 καιρῷ
3149 5290 3338 5361 ἐκείνῳ
3373 5291 3490 5360 ἐρεῖ
3521 5289 3729 5359 Κύριος

2150 5390 2214 5458 τῇ
2256 5385 2609 5457 Ἰερουσαλήμ
2634 5401 2646 5414 ·
2685 5381 2921 5453 Θάρσει,’
2962 5381 3117 5442 Σιὼν,
3155 5380 3228 5450 μὴ
3256 5377 3643 5449 παρείσθωσαν
3673 5377 3728 5429 αῖ

2151 5479 2330 5551 χεῖρές
2355 5495 2447 5529 σου
2469 5493 2482 5505 °
2514 5476 2716 5545 Κύριος
2743 5476 2772 5525 ὁ
2804 5473 2934 5536 Θεός
2969 5491 3061 5525 σου
3087 5477 3143 5525 ἐν
3171 5473 3272 5535 σοὶ,
3307 5471 3530 5533 δυνατὸς
3561 5469 3729 5522 σώσει

2154 5589 2231 5634 σε,
2257 5569 2448 5633 ἐπάξει
2504 5568 2594 5620 ἐπὶ
2641 5567 2700 5620 σὲ
2738 5565 3094 5637 εὐφροσύνην,
3136 5565 3227 5617 καὶ
3251 5564 3450 5617 καινιεῖ
3482 5579 3539 5615 σε
3564 5561 3626 5614 ἐν
3661 5561 3727 5631 τῇ

2153 5664 2426 5731 ἀγαπήσει
2458 5659 2642 5721 αὐτοῦ,
2680 5660 2771 5711 καὶ
2800 5656 3226 5728 εὐφρανθήσεται
3257 5655 3348 5707 ἐπὶ
3383 5654 3465 5707 σοὶ¹
3507 5655 3561 5704 ἐν
3595 5650 3728 5721 τέρ-

2153 5757 2244 5823 ψει
2287 5755 2360 5817 ὡς
2418 5755 2474 5803 ἐν
2523 5752 2700 5823 ἡμέρᾳ
2745 5751 2954 5821 ἑορτῆς,
2994 5753 3086 5807 καὶ
3129 5749 3338 5813 συνάξει
3373 5748 3499 5811 τοὺς
3539 5759 3730 5799 συνικ-
