3830 6216
160 319 277 370 Ι.Ἱό

1307 318 1857 373 COMMENTARIUS
1882 316 1947 373 IN
1982 317 2315 377 AGGAEUM.

3313 310 3419 365 HI

156 431 520 501 τριμμένους.
559 444 576 482 ι
610 430 740 484 Τότε
785 431 841 484 δέ
884 432 1064 503 πάσης
1120 432 1391 497 ἐκλύσεως
1453 432 1746 497 ἀπαλλάξει

1861 433 2190 491 Hierusalem
2234 434 2399 499 Deus,
2441 434 2558 503 ipse
2607 445 2754 486 tuam
2792 444 2892 485 sua
2932 435 3135 483 Virtute
3165 426 3417 488 salvabit,

160 526 265 593 τὴν
311 524 704 594 Ἰερουσαλὴμὸ
730 524 880 588 Θεὸς,
910 524 1071 587 αὐτὸς
1097 526 1265 595 αὐτὴν
1293 526 1381 579 διὰ
1402 527 1499 596 τῆς
1538 527 1744 587 οἰκείας

165 615 489 686 περισῴζων
515 616 812 684 δυνάμεως.
856 618 912 669 ἐν
962 617 1128 687 πολλῇ
1166 632 1224 670 τε
1257 617 1517 679 καθιστὰς
1547 618 1744 688 εὐφρο-

168 708 311 780 σύνῃ
331 710 633 761 ἀνακαινιεῖ
658 708 753 778 τὴν
791 709 917 780 περὶ
950 709 1093 779 ὑμᾶς
1135 710 1354 779 ἀγάπην
1379 726 1392 739 ·
1424 708 1647 762 τοιαῦτα
1681 710 1744 779 δὴ

166 801 428 870 πράττων
448 818 507 853 τε
536 802 626 853 καί
665 802 1102 872 ἐπιδεικνύμενος
1130 804 1226 872 τῆς
1252 804 1523 873 ὑμετέρας
1562 803 1745 855 ἕνεκεν

170 890 465 959 σωτηρίας,
496 886 690 960 οἷάπερ
713 891 1018 956 ἐπεδείξατό
1037 909 1162 944 ποτε
1191 893 1327 961 μετὰ
1358 891 1565 945 πολλῶν
1589 891 1749 962 τερά-

168 996 282 1032 των
308 998 367 1033 τε
396 976 489 1034 καὶ
514 982 802 1052 θαυμάτων
835 982 1114 1051 ἐξαγαγὼν
1141 985 1282 1053 ὑμᾶς
1314 986 1411 1053 τῆς
1449 983 1742 1052 Αἰγύπτου.

171 1072 330 1125 Οὕτω
350 1073 461 1142 γὰρ
479 1073 541 1142 δὴ
560 1076 652 1126 καὶ
682 1074 778 1127 νῦν
802 1074 945 1144 ὑμᾶς
975 1073 1079 1128 ὑπὸ
1110 1076 1206 1144 τῆς
1234 1074 1608 1145 αἰχμαλωσίας
1636 1092 1751 1127 συν.

169 1162 462 1232 τριϐέντας
486 1164 780 1229 ἀπαλλάξει
810 1182 869 1216 τε
911 1164 1017 1217 τῶν
1060 1167 1393 1234 κατεχόντων
1421 1166 1627 1230 κακῶν,
1655 1168 1749 1218 καὶ

172 1250 447 1304 ἀποδώσει
471 1254 583 1314 τοῖς
623 1252 841 1315 οἰκείοις
886 1252 1065 1306 πάλιν.
1098 1271 1115 1303 t
1154 1254 1308 1310 Ούαὶ,
1337 1252 1417 1315 τίς
1444 1252 1632 1304 ἔλαϐεν
1661 1253 1748 1303 ἐπ’

172 1341 347 1411 αὐτὴν
367 1342 699 1412 ὀνειδισμῶκ
741 1342 870 1395 Ἰδοὺ
894 1343 1004 1411 ἐγὼ
1036 1344 1172 1397 ποιῶ
1200 1346 1256 1395 ἐν
1279 1345 1360 1396 σοι
1384 1343 1567 1395 ἕνεκεν
1591 1341 1747 1412 ἐμοῦ,

170 1431 323 1500 λέγει
350 1430 574 1499 Κύριος.
586 1444 605 1477 ι
617 1431 830 1504 (ρ.408)
847 1433 1007 1489 Ἀλλὰ
1021 1437 1091 1505 γα
1099 1454 1129 1507 ρ
1146 1432 1499 1489 ἐλεεινότατοι
1514 1429 1629 1482 οϊτι
1653 1447 1749 1483 πε-

172 1520 632 1591 πλημμεληκότες
688 1524 765 1582 είς
819 1520 1008 1589 αὐτὴν,
1044 1523 1121 1583 είς
1154 1518 1249 1583 οὒς
1296 1519 1437 1590 ὑπὲρ
1475 1520 1627 1589 ὑμῶν
1655 1519 1752 1590 τὴν

171 1611 381 1662 οἰκείαν
412 1611 731 1675 ἐπιδείξεται
784 1610 1012 1680 δύναμιν
1050 1611 1079 1663 ὁ
1117 1611 1248 1675 Θεός
1270 1626 1281 1641 ·
1314 1612 1453 1665 ὥστε
1478 1612 1571 1664 καὶ
1602 1612 1751 1682 παρὰ

172 1705 342 1755 πᾶσιν
363 1703 667 1773 ἀνθρώποις
694 1704 1025 1772 ὀνομαστοὺς
1041 1703 1183 1773 ὑμᾶς
1218 1706 1307 1756 ἐπὶ
1332 1707 1444 1767 τοῖς
1475 1705 1750 1772 γεγονόσιν

1855 537 2017 596 alque
2052 529 2103 580 in
2151 528 2316 579 multa
2370 526 2643 579 hilaritate
2676 524 3038 582 constituens.
3093 535 3245 575 suam
3292 534 3421 589 erga

1858 634 1952 671 vos
1997 620 2318 673 charitatem
2361 616 2723 671 instaurabit:
2752 616 2903 685 paria
2954 615 3058 668 illis
3105 612 3313 666 faciens
3368 619 3424 663 et

1856 716 2141 761 ostentans
2175 717 2367 763 vestrae
2392 707 2587 761 salutis
2618 721 2808 769 causa,
2848 705 3030 774 qualia
3076 703 3206 756 olim
3246 708 3424 755 osten-

1854 799 2005 861 tavit,
2040 814 2163 851 cum
2202 814 2310 852 non
2352 799 2471 853 sine
2504 797 2765 867 prodigiis
2804 798 2990 851 multis
3042 807 3206 864 atque
3254 793 3421 845 mira-

1857 889 1998 943 culis
2022 889 2260 960 A‘lgypto
2297 905 2393 944 vos
2421 889 2631 945 eduxit.
2660 888 2751 945 Sic
2778 905 2922 943 nunc
2952 889 3112 942 etiam
3147 901 3240 939 vos
3271 884 3421 937 cala-

1859 980 2042 1033 mitate
2065 980 2229 1049 268
2260 980 2526 1033 contritos
2570 979 2641 1032 ab
2682 978 3002 1049 urgentibus
3038 974 3197 1029 malis
3231 973 3424 1026 libera-

1856 1071 1954 1133 bit,
1996 1080 2050 1124 et
2101 1072 2154 1123 iu
2204 1071 2431 1139 patriam
2488 1072 2760 1125 restituet.
2818 1088 2836 1120 ι
2875 1067 2987 1127 Vae.
3030 1068 3120 1135 qui
3152 1064 3425 1133 acceperit

1857 1176 2026 1229 super
2054 1174 2174 1215 eam
2220 1161 2605 1230 opprobrium!
2643 1160 2781 1214 Ecce
2814 1174 2915 1230 ego
2954 1159 3095 1212 facio
3132 1158 3185 1210 in
3218 1166 3268 1210 te
3300 1170 3423 1223 pro-

1856 1262 1976 1322 pter
2034 1267 2136 1315 me,
2190 1254 2322 1304 dicit
2366 1252 2645 1306 Dominus.
2686 1271 2705 1303 ›
2763 1251 3011 1304 Profecto
3064 1247 3424 1303 infelicissimi

1854 1350 2019 1397 erunt
2072 1342 2165 1411 qui
2218 1342 2422 1410 aliquid
2475 1342 2741 1395 adversus
2804 1341 3140 1394 Hierusalem
3190 1339 3425 1407 egerint,

1857 1434 2016 1501 cujus
2063 1433 2239 1501 gratia
2279 1432 2419 1487 Deus
2452 1434 2749 1502 potentiam
2799 1448 2952 1485 suam
3007 1440 3323 1499 expromet;
3371 1428 3425 1481 in

1856 1533 2070 1578 tantum
2127 1532 2185 1577 ut
2223 1524 2365 1592 apud
2404 1540 2593 1577 omnes
2647 1525 2896 1577 homines
2943 1523 3135 1575 famosi
3185 1520 3430 1577 evadatis

1857 1616 1928 1668 ob
1958 1616 2218 1668 collatum
2254 1615 2409 1668 vol-is
2437 1620 2716 1669 (mle-stem
2752 1630 2927 1683 opem.
2979 1632 2997 1662 ι
3034 1613 3297 1679 Tempore
3337 1610 3427 1661 illo

1858 1705 2083 1759 salvabo
2128 1719 2468 1773 oppressam,
2526 1713 2578 1757 et
2619 1704 2905 1772 expulsam
2946 1700 3227 1769 recipiam.
3261 1716 3279 1747 ι
3329 1695 3430 1748 Pu-

174 1796 204 1845 ύ
214 1793 330 1862 μῶν
350 1811 414 1861 γε
430 1795 609 1846 ἕνεκεν
630 1791 790 1846 εἶναι.
814 1812 832 1845 ι
858 1796 944 1847 Ἐν
960 1795 1037 1865 τῷ
1065 1798 1242 1865 καιρῴ
1274 1798 1465 1869 ἐκείνῳ
1491 1799 1647 1867 σώσω
1660 1800 1754 1870 τὴν

1862 1797 2008 1850 niam
2051 1796 2197 1860 illos,
2244 1796 2465 1850 salvabo
2510 1804 2689 1850 autem
2737 1804 2818 1849 tot
2869 1795 3025 1848 malis
3077 1794 3330 1855 obrutos,
3376 1798 3430 1844 et

169 1884 652 1954 ἐκπεπιεσμένῃν,
699 1884 792 1936 καὶ¹
846 1884 946 1955 τὴν
1004 1886 1335 1957 ἀπωσμένην
1373 1888 1706 1958 εἰσδέξομαι·
1733 1909 1750 1941 ι

168 1978 555 2046 τιμωρήσομαι
577 1976 673 2045 μὲν
695 1977 803 2048 γὰρ
828 1976 1086 2041 ἐκείνως,
1110 1977 1399 2049 περισὼσω
1426 1980 1483 2032 δὲ
1504 1980 1628 2044 τοὺς
1652 1980 1756 2033 ὑπὸ

168 2067 505 2138 τηλικούτων
522 2067 706 2120 κακῶν
720 2068 876 2121 πιεσθ
885 2069 1189 2134 ἐντας.τοὺς
1210 2070 1562 2141 ἁπωσμένους
1573 2089 1631 2125 τε
1649 2072 1758 2125 τῶν

167 2159 392 2213 οἰκείων
418 2160 672 2224 ἐπανάξω
701 2159 861 2213 πάλιν
887 2161 979 2213 ἐπὶ
1016 2161 1083 2213 τὰ
1114 2163 1305 2217 οἰκεῖα.
1337 2182 1355 2214 ι
1388 2164 1494 2216 Καὶ
1525 2164 1757 2233 ϐήσομαι

167 2252 373 2314 αὐτοὺς
394 2253 473 2314 εἰς
498 2252 776 2323 καύχημα,
801 2253 893 2306 καὶ
916 2254 1245 2323 ὀνομαστοὺς
1269 2257 1324 2306 ὲν
1350 2256 1499 2327 πάσῃ
1514 2259 1577 2326 τῇ
1602 2259 1670 2327 γῇ
1691 2261 1751 2324 fi

168 2345 315 2397 ὥστε
332 2345 526 2407 αὐτοὺς
544 2347 605 2397 ἐκ
633 2345 739 2397 τῶν
757 2346 884 2415 παρ’
911 2346 1042 2415 ἐμοῦ
1067 2347 1193 2416 περὶ
1214 2348 1409 2410 αὐτοὺς
1425 2349 1757 2418 γιγνομὲνων

167 2439 225 2489 ἐν
241 2435 487 2505 θαύματί
502 2453 559 2489 τε
576 2438 668 2489 καί
682 2436 920 2500 ἐπαίνοις
938 2439 1087 2507 παρὰ
1103 2440 1265 2491 πᾶσιν
1278 2437 1578 2509 ἀνθρώποις
1595 2437 1753 2495 εἶναι.

173 2543 193 2574 ι
236 2526 356 2578 Καὶ
382 2525 936 2596 καταισχυνθήσονται
972 2529 1029 2579 ἐν
1054 2527 1133 2597 τῷ
1156 2528 1335 2598 καιρῷ
1365 2530 1559 2600 ἐκείνῳ
1584 2531 1660 2582 ὅτ’
1690 2532 1757 2584 ἂν

169 2615 363 2678 καλῶς
384 2616 511 2684 ὑμῖν
540 2619 767 2687 ποιήσω,
789 2619 881 2672 καὶ
911 2621 969 2672 ἐν
990 2618 1067 2689 τῷ
1101 2618 1278 2690 καιρῷ
1307 2622 1382 2673 ὅτ’
1418 2619 1481 2674 ἂν
1512 2622 1756 2687 εἰσδέξω-

174 2724 276 2775 μαι
310 2708 476 2775 ὑμᾶς.
522 2728 538 2757 ι
578 2708 1070 2780 Περιὸληθήσονται
1118 2712 1225 2782 γὰρ
1275 2711 1501 2783 αἰσχύνῃ
1540 2713 1687 2782 πασῃ
1709 2714 1757 2764 οἱ

173 2796 441 2868 ὑμέτεροι
472 2800 734 2869 πολέμιοι,
771 2802 935 2855 ἐπειδ⁸
960 2801 1025 2855 ἂν
1055 2802 1123 2855 τὰ
1152 2803 1413 2857 κάλλιστα
1460 2805 1589 2874 περὶ
1616 2805 1758 2873 ὑμᾶς

172 2888 315 2940 διαπ
326 2888 670 2958 ραττόμενος,
696 2891 775 2953 εἰς
795 2891 860 2944 τὰ
873 2893 1047 2944 οἰκεῖα
1060 2892 1219 2945 πάλιν
1235 2894 1375 2963 ὑμᾶς
1400 2894 1754 2963 ἐπαναγάγω.

181 3000 199 3031 ι
236 2979 393 3031 Διότι
422 2980 576 3033 δώσω
614 2982 758 3051 ὑμᾶς
784 2983 1133 3051 ὀνομαστοὺς,
1178 2986 1270 3037 καί
1303 2987 1382 3048 εἰς
1412 2987 1670 3059 καύχημα
1704 2991 1761 3041 ἐν

174 3072 321 3123 πᾶσι
357 3074 464 3133 τοῖς
491 3071 694 3136 λοιποῖς
724 3074 821 3144 τῆς
846 3075 970 3143 γῆς,
997 3077 1052 3127 ἐν
1082 3075 1157 3146 τῷ
1196 3077 1541 3149 ἐπιστρέφειν
1568 3097 1634 3149 με
1665 3080 1760 3151 τὴν

175 3164 563 3233 αἰχμαλωσίαν
610 3165 762 3235 ὑμῶν
810 3165 1037 3219 ἐνώπιον
1078 3167 1251 3237 ὑμῶν,
1285 3169 1432 3235 λέγει
1480 3172 1701 3241 Κύριος.
1737 3192 1755 3224 ι

176 3251 441 3305 Τοσαῦτα
493 3254 599 3322 γὰρ
640 3255 733 3307 καὶ
765 3254 1063 3324 τηλικαῦτα
1102 3258 1229 3323 περὶ
1257 3260 1399 3321 ὑμᾶς
1420 3276 1477 3311 τε
1507 3262 1599 3312 καὶ
1622 3260 1759 3329 ὑπὲρ

1862 1902 1960 1941 sua
1992 1887 2171 1955 patria
2206 1886 2465 1956 expulsos
2514 1886 2856 1955 postliminio
2902 1886 2957 1938 in
2992 1898 3111 1938 eam
3146 1882 3425 1937 reducam.

1868 1998 1886 2029 ‹
1919 1978 1984 2031 Ει
2014 1992 2215 2047 ponam
2243 1992 2339 2032 eos
2374 1979 2429 2030 in
2457 1976 2707 2044 gloriam,
2739 1984 2794 2029 et
2819 1971 3058 2029 famosos
3084 1974 3138 2027 in
3172 1972 3428 2026 universa

1861 2081 2027 2125 terra.
2069 2088 2087 2121 ι
2125 2068 2236 2123 llos
2270 2080 2438 2131 certe,
2464 2069 2533 2121 ob
2573 2084 2636 2121 ea
2671 2083 2793 2137 qua:
2825 2067 3069 2136 ipsorum
3110 2080 3278 2120 causa
3304 2062 3428 2127 feci,

1863 2161 2224 2215 admiratione
2281 2177 2345 2216 ac
2404 2160 2655 2215 audibus
2704 2174 2895 2212 omnes
2952 2158 3199 2211 homines
3245 2171 3434 2225 prose-

1863 2264 2118 2324 quentur.
2164 2274 2181 2305 ι
2211 2255 2279 2309 Et
2326 2255 2734 2310 confundentur
2774 2262 3020 2322 tempore
3074 2252 3168 2305 illo
3212 2252 3433 2321 quando

1864 2347 2001 2401 bene
2028 2348 2182 2403 vobis
2206 2348 2410 2413 fecero,
2444 2356 2499 2402 et
2526 2358 2769 2417 tempore
2798 2361 2908 2415 quo
2938 2358 3231 2412 suscepere
3256 2358 3374 2397 vos.
3408 2362 3427 2393 ι

1864 2437 2079 2492 Pudore
2122 2440 2346 2493 omnino
2395 2438 2778 2494 suffundenlur
2827 2436 3034 2491 inimici
3062 2435 3252 2499 vestri,
3307 2449 3430 2488 cum

1864 2532 2029 2586 rebus
2084 2532 2280 2586 vestris
2327 2532 2544 2601 egregie
2589 2530 2907 2594 consulens,
2951 2529 3006 2582 in
3062 2528 3292 2597 patriam
3335 2540 3434 2580 vos

1866 2624 2172 2678 restituam.
2216 2642 2235 2674 ‹
2275 2623 2415 2689 Quia
2445 2623 2641 2677 faciam
2682 2638 2779 2677 vos
2807 2623 3049 2677 illustres
3079 2629 3241 2689 atque
3273 2617 3435 2673 uobi-

1864 2709 1946 2763 les
1976 2710 2116 2764 inter
2142 2709 2383 2779 reliquos
2421 2726 2614 2767 onmes
2663 2719 2825 2766 terra:
2856 2711 3113 2781 pepulos,
3134 2724 3259 2763 cum
3299 2722 3435 2763 con-

1865 2810 2084 2855 vertero
2138 2803 2515 2871 captivitatem
2568 2811 2805 2857 vestram
2857 2818 3039 2857 coram
3083 2801 3265 2863 vobis,
3306 2798 3438 2853 dicit

1868 2892 2154 2947 Dominus.
2195 2913 2213 2945 ι
2257 2893 2361 2947 Tot
2404 2904 2666 2963 tantaque
2711 2895 2859 2948 circa
2892 2910 2988 2948 vos
3030 2908 3237 2963 proque
3281 2890 3441 2944 vobis

1867 2983 2133 3039 adversus
2163 2993 2379 3039 vestros
2408 2986 2663 3039 inimicos
2699 3000 2878 3054 agam,
2917 2993 2975 3038 ut
3013 2984 3219 3052 ubique
3246 2996 3437 3036 omnes

1870 3080 2223 3133 memoraturi
2269 3081 2380 3134 sint
2423 3094 2520 3133 vos
2564 3094 2627 3134 ac
2671 3078 2968 3140 laudaturi,
3003 3077 3265 3129 mirantes
3295 3088 3435 3143 quo-

1866 3172 2027 3225 modo
2060 3172 2154 3225 tali
2191 3188 2282 3227 vos
2314 3172 2633 3242 captivitate
2675 3170 2958 3240 expeditos
2999 3170 3051 3221 in
3089 3169 3319 3238 patriam
3354 3182 3438 3219 re-

1865 3264 2131 3317 stituerim
2158 3264 2291 3333 (54).

177 3344 347 3416 ὑμῶν
374 3346 513 3397 κατὰ
544 3345 647 3397 τῶν
682 3345 890 3416 ἐχθρῶν
932 3349 1234 3419 ἐργάσομαι
1275 3351 1383 3403 τῶν
1418 3351 1719 3421 ὑμετέρων,
1743 3352 1882 3405 ὥστε
1925 3354 2167 3418 ἅπαντας
2200 3357 2323 3417 τοὺς
2350 3353 2624 3425 πανταχοῦ
2661 3354 2748 3407 διὰ
2788 3353 3005 3423 μνήμης
3038 3368 3097 3403 τε
3126 3350 3266 3420 ἔχειν
3297 3351 3440 3417 ὑμᾶς

178 3443 278 3493 καὶ
311 3442 568 3586 ἐπαίκλων,
604 3446 692 3512 (p.
722 3443 846 3513 409)
874 3444 1249 3515 θαυμάζοντας
1293 3443 1444 3517 ᾧτινι
1472 3448 1536 3519 δὴ
1562 3449 1640 3520 τῷ
1664 3450 1848 3522 τρόπῳ
1871 3451 1970 3522 τῆς
1988 3450 2243 3522 τοιαύτης
2269 3450 2642 3522 αἰχμαλωσίας
2667 3449 2810 3520 ὑμᾶς
2825 3446 3137 3511 ἀπαλλάξας
3165 3445 3439 3512 ἐπανήγαο

180 3548 281 3586 γον
313 3549 392 3586 εις
417 3550 446 3585 τ
515 3536 710 3586 οικεῖα.

180 3548 281 3601 γον
313 3536 392 3595 εἰς
417 3536 485 3586 τὰ
515 3536 710 3588 οἰκεῖα.

262 3712 381 3781 (54)
421 3710 718 3784 Postquam
785 3717 853 3769 de
895 3730 1026 3768 vero
1084 3715 1366 3785 Sophonia
1398 3716 1651 3785 ﬁgimus,
1706 3718 1761 3772 in

188 3782 549 3837 Hebmorum
574 3782 879 3840 armarium
919 3782 1356 3855 Christiaitaeque
1396 3782 1655 3841 Ecclesiae
1683 3802 1767 3841 ca-

190 3869 394 3906 uonem
442 3863 681 3921 recepto,
721 3874 826 3911 non
871 3857 1017 3924 piget
1062 3857 1226 3909 alium
1262 3870 1482 3924 quoque
1531 3871 1769 3911 comme-

190 3938 411 3995 morare
440 3924 549 3995 sed
580 3926 961 3995 apocryphum
1006 3924 1367 3995 Sophoniam,
1396 3941 1560 3994 quem
1597 3926 1772 3979 citant

190 3992 449 4048 Clemens
489 3992 647 4048 Alexi.
681 3992 883 4051 suam.
910 3994 1007 4050 lib.
1038 3992 1097 4061 v,
1143 3996 1227 4061 II,
1261 4006 1316 4050 et
1349 3992 1775 4051 SIAthauasius

1869 3721 1926 3774 in
1972 3720 2031 3775 S.
2082 3719 2382 3789 Scriptura:
2427 3719 2648 3787 synopsi
2693 3736 2747 3773 η.
2788 3718 2874 3772 75.
2928 3718 3038 3789 lmo
3093 3725 3147 3789 et
3183 3716 3445 3789 Virgilius

1870 3790 2183 3845 Tolosanus
2210 3786 2603 3859 grauuuaticus
2642 3804 2669 3840 a
2709 3790 2865 3843 nobis
2904 3787 3088 3859 editus
3122 3786 3443 3859 AA_._class.

1872 3868 1916 3913 t.
1953 3858 2019 3923 V,
2052 3876 2104 3930 p.
2139 3855 2240 3919 2οζ
2279 3858 2524 3928 quzedam
2558 3858 2876 3927 Sufphouim
2922 3858 3129 3912 Hebraei
3164 3855 3311 3926 (falsi
3358 3869 3442 3910 ta-

1876 3930 2025 3999 men)
2061 3932 2222 3984 verba
2253 3930 2533 3999 insperato
2560 3931 2721 3984 nobis
2752 3930 2965 3983 recitat.

231 4226 3445 4256 Μ

726 4437 1287 4523 ΕΡΜΗΝΕΙΑ
1378 4434 1754 4519 ΑΓΓΑΙ(

1927 4433 2154 4519 ΤΟΥ
2243 4431 2886 4517 ΠΡΟΦΗΤΟΥ.

1777 4671 1847 4686 ᾗ

202 4850 1361 4972 COMMENTARIUS
1493 4849 1636 4961 IN
1792 4840 2425 4959 AGG/EUM
2541 4836 3453 4956 PROPHETAM.

284 5293 449 5364 Ὠσηὲ
484 5307 582 5363 μεν
624 5295 717 5347 καὶ
759 5292 911 5361 Ἰωὴλ
952 5294 1046 5345 καὶ
1096 5291 1275 5362 ’Δμὼς
1324 5300 1415 5344 καὶ
1462 5290 1695 5361 Μιχαίας
1731 5308 1754 5342 ο

1956 5287 2119 5359 269
2156 5286 2301 5341 Beati
2349 5290 2623 5356 propheta:
2669 5280 2838 5337 Oseas
2874 5287 2925 5334 et
2978 5277 3092 5333 Joel
3128 5285 3183 5333 et
3218 5276 3457 5331 Amosun

203 5386 468 5456 μακάριοι
492 5386 763 5455 προφῆται
800 5380 977 5438 κοινὸν
998 5382 1134 5455 πρὸς
1153 5383 1365 5437 ἅπαντα
1398 5384 1489 5436 τὸν
1518 5383 1753 5453 Ἰσραηλι

1880 5391 2043 5450 atque
2084 5378 2332 5432 Michazas
2380 5377 2447 5430 ad
2487 5375 2798 5430 universum
2836 5370 3035 5442 pariter
3086 5368 3454 5424 Israelitarum

197 5478 358 5531 τικδν
378 5476 505 5529 λαὸν
530 5476 808 5529 ἐποιοῦντο
824 5477 914 5528 τὸν
955 5476 1131 5543 λόγον,
1158 5476 1285 5537 τούς
1313 5492 1371 5527 τε
1401 5476 1509 5527 τῶν
1530 5475 1658 5527 δέκα
1682 5492 1749 5543 φυ

1882 5472 2139 5544 populum
2167 5470 2328 5524 verba
2350 5468 2615 5533 fecerunt,
2644 5481 2834 5535 nempe
2860 5474 2910 5519 et
2934 5464 2999 5517 ad
3033 5464 3216 5517 decem
3253 5461 3455 5527 tribus,

199 5570 314 5621 λῶν
373 5562 449 5621 ὧν
492 5566 802 5620 ἐϐασίλευεν
842 5568 874 5635 ἡ
910 5567 1210 5636 Σαμάρεια,
1253 5568 1346 5618 καὶ
1404 5565 1509 5635 μὴν
1547 5567 1640 5617 καὶ
1662 5566 1754 5617 του

1885 5578 2118 5633 quarum
2150 5559 2464 5630 metropolis
2488 5557 2732 5612 Samaria
2765 5555 3167 5621 eratjtemque
3206 5552 3269 5605 ad
3304 5549 3459 5604 ludat

200 5662 306 5730 τῆς
356 5660 520 5713 Ἰούδα
544 5660 733 5729 φυλῆς,
762 5658 886 5721 τούς
908 5675 966 5710 τε
990 5659 1087 5727 τὴν
1115 5656 1467 5727 Ἰερουσαλὴμ
1486 5658 1754 5720 οἰκοῦντας

1888 5654 2221 5723 conjunctim
2300 5651 2502 5705 tribum
2586 5649 2841 5716 civesque
2920 5643 3456 5713 Hierosolymorum;

203 5750 554 5820 ἀμφοτέρους
604 5750 830 5821 ὁμοίως·
864 5747 955 5801 ἐπί
1004 5765 1061 5801 τι
1093 5750 1212 5810 ταῖς
1240 5747 1512 5810 ἀσεϐείαις
1546 5748 1636 5799 καὶ
1662 5749 1752 5798 ταῖ

1889 5763 2027 5817 quos
2048 5759 2241 5800 omnes
2289 5742 2528 5812 peccatis
2584 5739 2799 5796 deditos
2825 5747 2881 5794 et
2906 5738 3247 5792 diversorum
3271 5732 3459 5789 crimi-
