3830 6216
358 291 467 346 475

1557 294 1903 352 TllEODORl
1955 293 2434 354 MOPSUESTENI

3535 292 3635 348 476

362 425 492 464 num
525 423 650 465 reos
687 424 842 481 aeque
887 409 1287 482 objurgabant;
1345 413 1572 483 adjectis
1616 417 1938 486 impenden-

2055 417 2412 486 παρανομίαις
2437 414 2749 484 ἐλέγχοντες
2781 409 2868 478 αἷς
2909 413 3293 483 διεπράττοντο
3329 411 3588 474 ποικίλως
3617 427 3632 441 ⁸

361 510 495 562 tium
536 509 803 562 malorum
838 508 1023 573 minis,
1047 507 1092 562 si
1123 509 1240 562 sine
1288 509 1608 577 paenitentia
1657 511 1942 577 delinque-

362 605 484 650 rent
517 617 530 652 :
561 613 661 652 ceu
689 613 878 668 reapse
900 597 1006 651 illis
1033 597 1254 658 accidit,
1309 597 1495 650 decem
1529 598 1736 652 scilicet
1769 600 1945 667 primo

360 687 618 742 tribubus
645 689 712 743 ab
739 688 1001 759 Assyriis,
1037 689 1234 743 deinde
1281 685 1436 742 Iudae
1492 689 1656 742 tribui
1689 703 1717 741 a
1774 688 1944 760 Baby-

363 779 545 834 loniis.
581 779 684 834 Sed
715 789 894 834 tamen
925 795 1048 834 cum
1093 780 1179 834 his
1225 780 1673 849 praedictionibus
1728 779 1940 834 felicem

361 890 578 944 quoque
606 889 788 928 rerum
825 874 1236 929 conversionem
1270 873 1611 942 spondebant
1647 873 1940 942 prOphetse,

362 982 556 1036 nempe
586 965 730 1036 quod
774 967 1006 1036 populus
1051 965 1369 1034 captivitate
1416 964 1702 1034 expeditus
1735 963 1788 1017 in
1848 979 1944 1033 pa-

361 1059 523 1112 triam
590 1073 913 1114 reversurus
992 1065 1155 1112 esset.
1220 1057 1416 1112 Beatus
1476 1067 1656 1111 autem
1738 1055 1943 1110 Abdias

364 1164 553 1218 poenas
603 1147 852 1204 Idumaais
899 1150 1046 1203 circa
1084 1147 1291 1202 reditus
1347 1156 1562 1216 tempus
1619 1145 1942 1217 inﬂigendas

363 1248 568 1294 narrat.
609 1239 809 1295 Beatus
839 1238 1008 1296 Jonas
1051 1239 1324 1294 excidium
1383 1237 1644 1293 Ninivitis
1679 1239 1939 1302 minatur,

363 1330 466 1384 nisi
530 1347 560 1384 a
608 1345 706 1384 sua
771 1331 973 1384 malitia
1029 1329 1378 1399 resipuerint.
1427 1329 1626 1384 Beatus
1662 1329 1943 1384 Nabumus

360 1419 585 1478 Ninives
638 1421 1004 1484 obsidionem,
1038 1421 1388 1490 universique
1419 1421 1630 1491 imperii
1683 1421 1942 1492 Assyrio-

362 1527 481 1564 rum
515 1513 856 1567 eversionem
880 1511 1146 1582 pt'zecinit,
1176 1526 1337 1582 quam
1357 1527 1386 1564 a
1410 1511 1720 1583 Babyloniis
1748 1526 1942 1580 exper-

361 1601 470 1654 ιυιί
503 1609 679 1656 erant.
707 1602 857 1658 Beati
903 1603 1178 1672 pr0phetae
1207 1603 1496 1658 Abacucus
1527 1618 1591 1658 ac
1631 1602 1941 1673 Sophonias

364 1700 714 1763 posteaquam
788 1693 974 1749 decem
1044 1695 1226 1750 tribus
1285 1695 1496 1765 Assyrii
1541 1694 1653 1764 jam
1697 1695 1938 1764 populati

2047 509 2429 578 προστιθέντες
2472 507 2530 560 δὲ
2579 507 2672 560 καὶ
2703 508 2770 559 τὰ
2803 507 2942 577 ὑπὲρ
2974 504 3180 558 τούτων
3212 504 3393 567 αὐτοῖς
3420 504 3631 572 ἀμετα-

2046 605 2252 669 νοήτως
2284 600 2534 652 πταίουσι
2563 598 2955 668 συμϐησόμενα
2982 596 3148 659 κακὰ,
3177 597 3245 650 τά
3270 613 3328 647 τε
3358 597 3479 658 ταῖς
3504 594 3635 646 δέκα

2046 690 2238 760 φυλαῖς
2285 689 2548 762 πρότερον
2585 690 2690 743 ὑπὸ
2728 690 2838 741 τῶν
2880 689 3179 760 ’Ᾱσσυρίων
3217 687 3518 758 συμϐάντα,
3543 686 3636 738 καὶ

2046 779 2114 833 τὰ
2163 783 2274 844 τοῖς
2324 780 2418 832 τοῦ
2464 779 2632 832 Ἰούδα
2670 778 2843 848 φυλῆς
2875 779 2979 832 ὑπὸ
3017 777 3374 830 Βαϐυλωνίων
3404 775 3635 845 ὕστερον

2044 872 2344 942 γεγονόταο·
2381 865 2461 936 οἷς
2493 889 2598 940 περ
2623 868 2715 926 οῦν
2741 873 2834 926 καὶ
2853 872 2950 942 τὴν
2981 872 3072 923 ἐπὶ
3101 870 3162 922 τὸ
3191 871 3432 940 κρεῖττον
3456 870 3635 922 αὐτῶν

2048 963 2346 1033 μεταϐολὴν
2367 963 2731 1034 ἐπισυνῆπτον
2752 963 2870 1025 ταῖς
2902 961 3239 1032 προρρήσεσι
3257 962 3375 1023 ταῖς
3399 959 3631 1016 ἑαυτῶν.

2043 1058 2124 1111 ὃτι
2145 1075 2202 1110 τε
2217 1057 2511 1126 ἀφεθέντες
2534 1058 2633 1128 τῆς
2646 1055 3129 1127 αἰχμαλωσίαςέπί
3147 1054 3247 1125 τὴν
3271 1053 3452 1124 χώραν
3472 1053 3636 1106 πάλιν

2044 1151 2420 1202 ἁνελεύσονται
2437 1150 2534 1219 τὴν
2555 1151 2781 1202 οἰκείαν.
2799 1147 3009 1201 Ἀϐδιοῦ
3035 1149 3131 1218 μὲν
3147 1146 3240 1199 τοῦ
3257 1146 3523 1218 μακαρίου
3536 1144 3636 1216 τὴν

2056 1240 2373 1310 Ἰδουμαίοις
2392 1241 2530 1294 κατὰ
2547 1241 2637 1294 τὸν
2655 1241 2753 1310 τῆς
2765 1241 3025 1294 ἐπανόδου
3045 1240 3237 1312 καιρὸν
3255 1241 3637 1311 ἐπαχθησομέ⁶

2043 1331 2399 1402 νηνλέγοντος
2417 1332 2685 1402 τιμωρίαν
2707 1348 2721 1361 ·
2751 1332 2904 1384 Ἰωνᾶ
2931 1331 2987 1384 δὲ
3004 1330 3098 1384 τοῦ
3121 1332 3393 1402 μακαρίου
3410 1331 3507 1402 τὴν
3534 1349 3636 1384 κα-

2042 1423 2352 1494 ταστροφὴν
2370 1422 2762 1492 ἀπειλήσαντος
2791 1424 2837 1475 Ν
2845 1423 3118 1486 ινευίταις,
3144 1423 3191 1474 εἰ
3222 1423 3296 1494 μὴ
3313 1423 3408 1492 τῆς
3427 1422 3638 1476 ἑαυτῶν

2046 1513 2432 1582 μεταϐάλοιντο
2494 1514 2726 1576 κακίας·
2789 1514 2865 1583 (p.
2922 1515 3047 1584 M0)
3104 1514 3200 1568 τοῦ
3249 1515 3520 1585 μακαρίου
3573 1514 3634 1566 δέ

2043 1605 2237 1674 Ναοὺμ
2291 1605 2477 1674 σαφῶς
2527 1607 2626 1677 τήν
2681 1623 2741 1659 τε
2791 1605 3105 1677 πολιορκίαν
3135 1607 3232 1678 τῆς
3278 1606 3498 1676 Νινευὴ,
3541 1607 3638 1660 καὶ

2043 1696 2144 1768 τὴν
2177 1697 2497 1768 καθαίρεσιν
2518 1697 2738 1769 ἀπάσης
2764 1699 2861 1770 τῆς
2894 1699 3002 1752 τῶν
3033 1698 3332 1769 Ἀσσυρίων
3354 1699 3637 1769 βασιλείας

367 1787 603 1848 fuerant.
635 1787 859 1857 suisque
887 1787 1110 1843 sedibus
1182 1763 1435 1856 abreptas
1471 1787 1523 1840 in
1546 1763 1939 1856 captivitatem

2055 1763 2361 1859 μηνύοντος-
2397 1763 2703 1861 προδήλως,
2745 1763 2829 1860 ἦν’
2862 1790 2968 1843 ὑπὸ
3015 1763 3370 1844 Βαϐυλωνίων
3408 1789 3638 1860 ἔμελλον

360 1879 781 1942 transtulerant,
818 1877 972 1933 Iuda:
1009 1881 1234 1944 tribum,
1265 1896 1386 1948 quae
1415 1881 1530 1934 sola
1557 1862 1676 1934 erat
1709 1879 1940 1948 reliqua,

358 1970 618 2039 civesque
669 1970 821 2026 urbis
880 1971 1383 2041 Hierosolymorum
1413 1970 1480 2025 de
1528 1984 1627 2024 sua
1656 1969 1944 2038 iniquitate

363 2061 650 2131 legumque
688 2061 981 2118 violatione
1029 2073 1356 2133 coarguunt,
1409 2071 1572 2131 atque
1631 2061 1942 2116 adfuturam

360 2153 514 2207 aiunt
565 2168 594 2206 a
642 2153 957 2226 Babyloniis
1020 2157 1304 2216 ultionem.
1353 2156 1496 2210 haud
1542 2155 1791 2226 equidem
1821 2169 1944 2210 sero

361 2245 514 2313 pede,
551 2247 644 2301 sed
697 2247 800 2314 iam
845 2249 1172 2317 proximam,
1217 2265 1342 2303 cum
1373 2249 1636 2302 malorum
1670 2249 1939 2312 omnium,

358 2352 479 2403 quae
505 2337 758 2405 praedicti
779 2337 1011 2404 fuerant,
1039 2341 1265 2395 cohorte
1301 2357 1314 2393 :
1345 2349 1396 2394 et
1427 2354 1557 2395 sane
1577 2339 1941 2409 propinquum

357 2442 540 2480 terum
568 2429 774 2483 exitum
809 2428 1116 2501 Sophonias
1136 2431 1398 2500 propheta
1422 2430 1590 2483 canit.

2045 1879 2358 1950 ὑπομένειν.
2406 1881 2728 1952 Ἀμϐακοὺμ
2763 1882 2821 1934 δὲ
2854 1883 2948 1936 καὶ
2987 1883 3248 1951 Σοφονίας
3289 1883 3338 1935 οἱ
3374 1883 3636 1953 μακάριοι

2046 1973 2320 2040 προφῆται
2337 1971 2437 2043 ἤδη
2467 1973 2574 2025 τῶν
2610 1973 2668 2026 ἐν
2692 1977 2812 2037 ταῖς
2833 1974 2964 2027 δέκα
2981 1973 3638 2045 φυλαῖςέκπορθηθέντων

2043 2079 2099 2114 τε
2139 2062 2244 2115 ὑπὸ
2271 2063 2379 2116 τῶν
2417 2065 2725 2136 Ἀσσυρίων
2756 2066 2851 2119 καὶ
2880 2065 3122 2135 παντελῆ
3142 2068 3242 2137 τήν
3270 2084 3328 2118 τε
3354 2066 3640 2137 αἰχμαλω-

2047 2152 2166 2206 σίαν
2189 2155 2281 2207 καὶ
2310 2153 2407 2225 τὴν
2446 2156 2510 2208 ἐκ
2544 2157 2653 2210 τῶν
2690 2157 2872 2211 τόπων
2902 2157 3010 2210 τῶν
3052 2158 3267 2211 οἰκείων
3306 2158 3639 2229 μετάστασιν

2045 2243 2374 2316 δεξαμένων,
2408 2248 2535 2310 τοὺς
2570 2249 2670 2318 τῆς
2715 2249 2886 2304 Ἰούδα
2944 2251 3117 2321 φυλῆς
3153 2253 3365 2321 μόνους,
3401 2251 3528 2314 τούς
3577 2267 3638 2304 τε

2047 2335 2140 2388 ἐπὶ
2172 2338 2271 2406 τῆς
2306 2339 2663 2411 Ἰερουσαλὴμ
2719 2342 3022 2405 οἰκοῦντας,
3074 2343 3166 2395 ἐπὶ
3209 2346 3328 2406 ταῖς
3361 2343 3639 2407 ἀσεϐείαις

2049 2429 2229 2483 αὐτῶν
2259 2431 2540 2501 ἐλέγχουσι
2564 2435 2657 2486 καὶ
2688 2437 2811 2497 ταῖς
2839 2434 3227 2506 παρανομίαις,
3257 2434 3509 2502 λέγοντες
3537 2433 3639 2505 τὴν

357 2519 445 2574 διὰ
471 2521 580 2575 τῶν
601 2523 955 2579 Βαϐυλωνίων
991 2525 1083 2578 ἐπὶ
1108 2525 1318 2588 τούτοις
1338 2523 1788 2596 ἐπαχθησομένην
1818 2523 2002 2588 αὐτοῖς
2025 2525 2175 2595 παρὰ
2196 2527 2289 2580 τοῦ
2321 2528 2457 2582 Θεοῦ
2478 2529 2770 2601 τιμωρίαν,
2799 2530 2860 2582 οὐ
2899 2530 3037 2600 μετὰ
3072 2530 3238 2584 πολύν
3271 2547 3335 2598 γε
3368 2532 3640 2600 ἐσομένην

356 2615 449 2666 τὸν
477 2615 686 2685 χρόνον,
712 2615 826 2669 ἀλλ’
851 2616 926 2680 ὡς
966 2616 1093 2669 εὐθύ
1129 2634 1192 2685 γε
1214 2619 1309 2670 καὶ
1343 2617 1681 2688 παραχρῆμα
1706 2615 1813 2668 τῶν
1843 2615 2200 2686 μηνυομένων
2230 2619 2417 2672 κακῶν
2440 2621 2882 2693 ἐπελευσομένων
2915 2624 3095 2686 αὐτοῖς
3119 2622 3395 2685 ἁπάντων,
3421 2623 3516 2675 καὶ
3542 2624 3638 2690 ἐγ-

357 2707 596 2779 γυτέραν
618 2725 682 2776 γε
702 2708 810 2760 τῶν
844 2709 1119 2781 ἐσομένων
1147 2709 1245 2780 τὴν
1268 2709 1492 2764 ἔκϐασιν
1515 2708 1772 2776 Σοφονίου
1807 2706 2101 2777 μηνύοντος
2127 2708 2345 2764 ἔσεσθαι
2375 2712 2468 2765 τοῦ
2499 2714 2801 2784 προφήτου.

429 2805 593 2874 27o
622 2803 823 2861 Beatus
851 2820 980 2860 vero
1011 2806 1240 2876 Aggaeus
1276 2808 1563 2876 propheta,
1607 2806 1767 2873 cujus
1795 2821 1940 2860 nunc

356 2897 688 2967 explanandi
740 2912 863 2952 cum
911 2896 1003 2953 Dei
1034 2900 1208 2968 gratia
1249 2900 1538 2954 consilium
1571 2914 1600 2952 a
1629 2899 1787 2955 nobis
1819 2915 1942 2953 sus-

2131 2807 2383 2874 Ἀγγαῐος
2419 2807 2476 2859 δέ
2498 2810 2525 2860 ὁ
2555 2808 2828 2879 μακάριος
2854 2808 3161 2878 προφήτης,
3184 2800 3243 2862 οὗ
3267 2807 3332 2878 δὴ
3348 2807 3637 2878 πρόκειται

2047 2895 2144 2948 νῦν
2169 2898 2300 2967 ἡμῖν
2339 2896 2476 2949 Θεοῦ
2529 2898 2710 2968 χάριτι
2766 2897 3036 2951 ποιεῖσθαι
3074 2897 3172 2970 τὴν
3215 2901 3533 2970 σαφήνειαν,
3571 2901 3635 2954 οὑ

358 2998 574 3060 ceptum
592 2998 696 3052 est,
730 2989 1046 3045 vaticinium
1070 3007 1228 3045 suum
1254 3007 1360 3045 non
1393 2991 1553 3046 modo
1579 2991 1726 3045 circa
1759 3007 1940 3045 recen-

2055 2986 2145 3057 τῆς
2199 2987 2576 3057 αἰχμαλωσίας
2629 2989 2790 3058 μόνον
2843 2990 2943 3060 ήδη
2997 2991 3371 3062 γεγενημένης
3405 2992 3504 3061 τῆς
3526 2993 3634 3045 ὑπὸ

357 3090 466 3134 tem
500 3079 1000 3151 Hierosolymorum
1046 3098 1076 3136 a
1116 3081 1432 3153 Babyloniis
1460 3090 1741 3152 captorum
1789 3083 1936 3136 cala-

359 3170 603 3224 mitatem
655 3169 817 3236 facit;
866 3185 1053 3225 verum
1088 3172 1250 3225 etiam
1291 3172 1502 3227 solutos
1534 3172 1646 3240 jam
1678 3173 1939 3227 servitute

361 3262 656 3327 lsraelitas,
715 3272 878 3332 atque
922 3265 974 3318 in
1009 3265 1238 3333 patriam
1283 3276 1477 3334 praeter
1503 3281 1716 3319 omnem
1748 3267 1939 3319 huma-

361 3372 485 3410 nam
537 3373 688 3426 spem
749 3355 840 3411 Dei
875 3359 1048 3427 gratia
1085 3360 1390 3418 restitutos,
1447 3360 1693 3413 oratione
1726 3377 1821 3414 sua
1852 3375 1938 3414 re-

357 3444 526 3498 duces
551 3445 867 3513 alloquitur,
897 3448 988 3505 qui
1021 3447 1073 3498 in
1120 3447 1354 3514 propriis
1385 3448 1593 3502 laribus
1643 3451 1939 3507 versaban-

365 3552 471 3604 tur,
491 3549 750 3608 tautoque
765 3535 1026 3594 beneficio
1046 3535 1369 3592 mirabiliter
1381 3535 1466 3591 usi
1503 3536 1746 3605 fuerant;
1775 3547 1940 3608 atque

357 3639 548 3677 eorum
602 3625 655 3679 in
687 3626 874 3695 templi
913 3627 1274 3683 aedificatione
1306 3629 1589 3699 segnitiem
1639 3631 1890 3701 objurgat
1920 3651 1934 3688 :

357 3717 502 3784 quod
554 3718 814 3788 templum
853 3727 912 3772 ut
957 3720 1340 3784 aedificaretur,
1370 3722 1512 3777 haud
1568 3725 1817 3793 equidem
1853 3727 1936 3779 sui

357 3818 752 3863 causatantam
785 3827 970 3866 curam
1024 3815 1247 3882 gerebat
1287 3815 1453 3879 Deus,
1487 3817 1577 3886 qui
1607 3821 1935 3889 caeteroquin

357 3902 436 3952 ait
467 3920 478 3953 :
513 3919 532 3951 ι
573 3903 786 3957 Caelum
815 3905 945 3958 mihi
973 3907 1225 3970 thronus,
1251 3915 1395 3963 terra
1423 3919 1603 3965 autem
1639 3913 1935 3966 scabellum

358 3991 555 4059 pedum
589 4009 856 4048 meorum.
912 3997 1043 4064 Quae
1092 4008 1176 4054 est
1210 4001 1313 4054 ista
1359 4003 1556 4057 domus
1586 4020 1748 4071 quam
1802 4006 1932 4059 mihi

313 4157 328 4172 ο
357 4083 662 4146 mdilicatis,
696 4086 773 4138 ait
809 4085 1092 4154 Dominus;
1124 4101 1217 4144 aut
1239 4091 1490 4159 quisnam
1535 4093 1684 4148 locus
1735 4097 1937 4164 quietis

359 4189 494 4228 mem
526 4175 605 4227 "1'
639 4192 657 4225 ι
701 4175 952 4230 Profecto
998 4180 1130 4232 nihil
1175 4197 1280 4235 non
1339 4199 1562 4250 parvum
1600 4195 1704 4248 est,
1739 4188 1783 4242 si
1818 4204 1939 4257 quae

359 4264 598 4319 diximus
623 4281 745 4319 cum
796 4267 884 4322 Dei
936 4272 1307 4338 magnitudine
1355 4284 1758 4341 comparentur,
1818 4296 1938 4346 qtize

2045 3078 2398 3132 Βαϐυλωνίων
2432 3083 2544 3144 τοῖς
2595 3079 2737 3134 κατὰ
2784 3080 2882 3152 τὴν
2915 3081 3274 3154 Ἰερουσαλὴμ
3301 3083 3636 3155 ἐπαχθείσης

2041 3173 2273 3224 ποιεῖται
2312 3171 2410 3242 τὴν
2458 3172 2818 3241 προφητείαν,
2866 3171 3001 3225 ἀλλὰ
3043 3174 3151 3244 γὰρ
3199 3173 3636 3243 ἀπαλλαγέντων

2043 3263 2141 3333 μὲν
2160 3262 2270 3315 τῶν
2309 3262 2658 3333 Ἰσραηλιτῶν
2685 3263 2784 3335 ἥδη
2812 3264 2911 3334 τῆς
2937 3263 3334 3335 αἰχμαλωσίας,
3362 3266 3634 3329 ἐπανελη-

2039 3353 2278 3406 λυθότων
2325 3353 2383 3406 δέ
2437 3352 2602 3406 πάλιν
2654 3354 2736 3416 εἰς
2759 3354 2858 3424 τὴν
2905 3354 3088 3424 χώραν
3125 3353 3223 3425 τὴν
3249 3355 3455 3408 οἰκείαν
3481 3356 3637 3426 παρὰ

2039 3448 2222 3500 πᾶσαν
2250 3445 2593 3516 ἀνθρωπίνην
2631 3444 2822 3498 ἐλπίδα
2854 3447 3037 3516 χάριτι
3082 3446 3228 3517 Θείᾳ,
3263 3447 3340 3516 (ρ.
3373 3449 3498 3515 411)
3520 3452 3636 3511 τοῖς

2037 3538 2217 3607 λόγοις
2245 3538 2510 3607 κέχρηται
2529 3539 2642 3599 τοῖς
2663 3536 2905 3598 οἰκείοις,
2927 3537 3052 3600 τοὺς
3072 3536 3547 3605 ἐπανεληλυθότας
3574 3555 3634 3590 τε

2040 3631 2134 3684 καὶ
2169 3631 2263 3683 ἐπὶ
2310 3629 2410 3698 τῆς
2464 3629 2672 3690 οἰκείας
2704 3628 2992 3694 διάγοντας
3025 3627 3209 3698 χώρας
3235 3627 3335 3697 τῆς
3361 3628 3634 3698 τοσαύτης

2041 3723 2261 3794 χάριτος
2287 3719 2606 3790 παραδόξως
2639 3717 3008 3788 τετυχηκότας
3030 3718 3269 3789 ἐλέγχων
3291 3718 3383 3770 ἐπὶ
3411 3722 3476 3789 τῇ
3505 3722 3634 3790 περὶ

2038 3815 2137 3884 τὴν
2169 3813 2454 3883 οἰκοδομὴν
2506 3810 2600 3863 τοῦ
2630 3809 2759 3864 ναοῦ
2793 3808 3037 3881 ῥᾳθυμίᾳ
3060 3827 3072 3840 ·
3117 3805 3176 3864 οὗ
3207 3810 3304 3881 τῆς
3339 3811 3634 3881 οἰκοδομῆς

2040 3907 2304 3977 πρόδηλον
2326 3906 2400 3967 ὼς
2414 3905 2511 3974 οὐχ
2551 3902 2746 3957 ἑαυτοῦ
2771 3920 2834 3970 γε
2860 3903 3045 3956 ἕνεκεν
3071 3897 3184 3972 εἶχε
3211 3903 3472 3973 φροντίδα
3503 3904 3635 3957 πολο

2038 3997 2135 4068 λὴν
2166 3997 2194 4048 ὁ
2223 3995 2376 4057 Θεὸς,
2408 3994 2481 4055 ὡς
2512 3993 2673 4054 αὐτὸς
2718 3991 2846 4060 περὶ
2875 3989 3070 4043 ἐαυτοῦ
3099 4006 3294 4058 φησιν·
3334 4010 3350 4040 ι
3375 3991 3434 4041 '0
3467 3991 3636 4062 ούρα-

2039 4091 2124 4152 νός
2162 4105 2250 4158 μοι
2289 4086 2509 4157 θρόνος,
2537 4087 2570 4155 ἠ
2601 4083 2659 4136 δέ
2687 4085 2757 4155 γῆ
2795 4081 3082 4136 ὑποπόδιον
3125 4079 3234 4133 τῶν
3274 4081 3449 4134 ποδῶν
3489 4099 3628 4151 μου·

2041 4185 2192 4236 ποῖον
2217 4178 2406 4232 τοῦτον
2431 4172 2580 4230 οἰκον
2609 4173 2992 4246 οἰκοδομήσετέ
3025 4190 3137 4243 μοι,
3163 4171 3310 4239 λέγει
3329 4173 3570 4245 Κύριος;
3597 4173 3632 4242 ἢ

2038 4275 2121 4334 τίς
2146 4273 2310 4334 τόπος
2332 4270 2430 4340 τῆς
2444 4266 2842 4330 καταπαύσεώς
2858 4283 2959 4337 μου
2986 4265 3135 4329 ἐστί;
3175 4285 3192 4316 ι
3229 4264 3420 4317 Καίτοι
3438 4283 3502 4333 γε
3543 4283 3632 4335 μι-

360 4372 448 4410 res
471 4371 661 4412 omnes
689 4367 901 4415 creatas
928 4370 1136 4416 tantum
1180 4366 1413 4432 excedit,
1438 4378 1701 4437 quantum
1733 4369 1937 4425 homini

2055 4365 2176 4438 κρὸν
2205 4363 2296 4416 καὶ
2329 4362 2507 4423 τοῦτο,
2545 4361 2593 4412 εἰ
2625 4359 2761 4432 πρὸς
2787 4359 2847 4411 τὸ
2870 4358 3096 4428 μέγεθος
3120 4357 3188 4410 τὰ
3209 4357 3476 4428 εἰρημένα
3501 4373 3632 4410 σκο-

361 4464 462 4502 nec
493 4448 590 4503 fari
659 4452 800 4506 licet.
854 4451 1244 4510 Verumtamen
1298 4455 1458 4522 Deus,
1487 4461 1576 4513 cui
1628 4460 1934 4516 animarum

358 4554 491 4592 cura
534 4550 638 4605 est,
667 4543 1032 4598 lsraelitarum
1055 4548 1237 4616 potius
1258 4563 1425 4603 causa
1456 4549 1520 4604 de
1555 4553 1738 4621 templi
1775 4554 1941 4607 aediﬁ-

359 4631 575 4686 catione
613 4640 896 4702 tantopere
923 4633 1224 4690 laborabat.
1261 4635 1396 4690 Nam
1416 4638 1540 4707 quia
1585 4639 1638 4692 in
1666 4641 1940 4696 mandatis

359 4722 602 4789 dederat,
637 4733 694 4778 ut
742 4741 807 4780 eo
840 4727 893 4779 in
947 4727 1066 4781 loco
1096 4729 1409 4798 temploque
1460 4733 1777 4800 congregati
1813 4748 1943 4786 con-

359 4831 555 4884 gruum
589 4817 846 4886 legitimis
893 4819 1334 4877 institutionibus
1360 4823 1564 4877 cultum
1595 4823 1698 4879 sibi
1730 4823 1943 4893 persol-

359 4915 591 4974 verent;
631 4917 792 4979 atque
843 4909 928 4964 his
986 4914 1331 4968 caeremoniis
1357 4915 1601 4970 exerceri
1652 4932 1680 4970 a
1739 4917 1942 4986 populo

360 4997 679 5074 religionem
705 4999 941 5062 volebat.
984 5010 1044 5055 ut
1094 5011 1218 5074 apte
1272 5005 1420 5059 illinc
1449 5016 1690 5076 tempore
1734 5025 1834 5062 suo
1875 5011 1943 5065 ad

362 5100 710 5141 communem
742 5093 1128 5159 peragendam“
1142 5094 1375 5148 salutem
1400 5095 1654 5153 Christus
1684 5097 1944 5155 Dominus

364 5177 418 5230 in
447 5192 614 5232 carne
650 5191 988 5249 emergeret;
1021 5183 1140 5238 ideo
1170 5186 1238 5241 de
1282 5187 1385 5242 hoc
1413 5187 1642 5243 aedificio
1674 5191 1944 5246 sollicitus

363 5267 680 5322 necessario
701 5280 852 5333 erat;
909 5289 1101 5342 nempe
1133 5286 1190 5330 ut
1220 5282 1575 5335 conventibus
1611 5281 1663 5335 in
1715 5298 1780 5336 eo
1801 5284 1944 5338 cele-

366 5357 592 5412 brandis
615 5374 790 5414 mores
818 5376 950 5417 suos
979 5366 1290 5420 emendaret
1315 5371 1565 5439 populus,
1597 5373 1814 5441 cuiprae
1838 5387 1946 5426 cae-

370 5446 525 5507 teris.
575 5455 633 5498 ut
664 5447 799 5512 dixi,
846 5451 1158 5510 hominibus
1210 5464 1415 5512 tantam
1457 5459 1600 5515 Deus
1641 5477 1830 5517 curam
1861 5464 1946 5518 di-

365 5545 598 5608 gnanter
623 5537 982 5609 iinpertiebﬂ.
1029 5547 1164 5603 Nam
1198 5549 1359 5607 sicuti
1388 5553 1654 5610 sacriﬁcia
1680 5564 1732 5611 et
1752 5563 1944 5612 caetera

437 5711 486 5743 ³³
528 5707 633 5767 isa.
675 5732 819 5784 vat,
864 5723 909 5776 1.

2039 4461 2191 4510 πεῖτο
2213 4455 2272 4508 τὸ
2293 4454 2454 4514 θεῖον,
2472 4453 2725 4506 ἁπάντων
2751 4468 2814 4519 γε
2831 4451 2937 4504 τῶν
2965 4452 3133 4503 ὄντων
3153 4448 3430 4520 προδήλως
3461 4450 3636 4521 ὑπερ-

2040 4551 2309 4620 κείμενον,
2338 4546 2445 4600 οὑδ’
2463 4545 2658 4598 ὁπόσον
2673 4545 2846 4596 εἰπεῖν
2872 4561 2928 4595 τε
2951 4543 2981 4612 ἢ
3010 4543 3197 4611 νοῆσαι
3215 4541 3428 4595 δύναιτο
3440 4541 3504 4595 ἄν
3525 4558 3632 4604 τις.

2052 4641 2192 4694 ’Λλλ’
2230 4640 2368 4709 ὑπὲρ
2399 4635 2579 4690 αὐτῶν
2605 4652 2669 4703 γε
2691 4635 2800 4688 τῶν
2842 4633 3190 4704 Ἰσραηλιτῶν
3219 4635 3247 4685 ὀ
3284 4633 3392 4684 τῶν
3421 4632 3636 4703 ἀνθρω-

2046 4733 2215 4786 πείων
2273 4730 2459 4801 ψυχῶν
2497 4729 2814 4798 κηδόμενος,
2867 4727 2964 4796 τῆς
3022 4725 3307 4795 οἰκοδομῆς
3359 4724 3452 4778 τοῦ
3499 4726 3634 4779 ναοῦ

2041 4825 2210 4877 πολὺν
2244 4825 2470 4875 ποιεῖται
2499 4821 2589 4873 τὸν
2617 4819 2796 4887 λόγον.
2845 4817 3061 4888 Ἐπειδὴ
3081 4816 3188 4888 γὰρ
3205 4815 3487 4879 διετάξατο
3525 4815 3633 4886 μὲν

2039 4919 2097 4970 ἐν
2126 4916 2315 4986 ἐκείνῳ
2351 4914 2428 4984 τῷ
2475 4931 2532 4967 τε
2585 4913 2735 4982 τόπῳ
2783 4911 2984 4980 καὶτῷ
3041 4910 3155 4980 ναῷ
3206 4909 3490 4974 συνιόντας.
3533 4911 3635 4981 τὴν

2041 5009 2389 5078 καθήκουσαν
2419 5005 2567 5074 αὐτῷ
2596 5007 2708 5066 τοῖς
2743 5005 2986 5072 νομικοῖς
3019 5001 3471 5072 παραγγέλμασιν
3495 5001 3634 5055 ἀκο-

2040 5097 2246 5160 λούθως
2275 5096 2581 5150 ἀποδιδόναι
2629 5093 2946 5164 θρησκείαν,
2970 5092 3057 5146 διὰ
3087 5091 3302 5144 πάντων
3327 5091 3385 5144 δὲ
3422 5092 3634 5148 τούτων

2048 5189 2139 5242 ἐπὶ
2179 5188 2277 5258 τῆς
2309 5187 2591 5247 εὐσεϐείας
2620 5185 2867 5238 ἐϐούλετο
2907 5182 3223 5254 συνέχεσθαι
3262 5181 3353 5236 τὸν
3377 5183 3530 5248 λαὸν,
3555 5185 3633 5247 ὠς

2049 5282 2114 5335 ἂν
2169 5281 2553 5351 προσηκόντως
2613 5279 2823 5332 ἐκεῖθεν
2882 5278 3022 5332 κατὰ
3074 5275 3262 5346 καιρὸν
3308 5275 3500 5347 ὀφθείη
3538 5274 3633 5328 τδν

2047 5373 2233 5427 δέοντα
2267 5373 2405 5444 ὑπὲρ
2449 5373 2547 5442 τῆς
2601 5372 2854 5426 ἁπάντων
2887 5369 3159 5441 σωτηρίας
3188 5370 3216 5421 ὁ
3255 5368 3534 5436 Δεσπότης
3571 5369 3634 5422 τὸ

2048 5463 2189 5517 κατὰ
2249 5465 2426 5534 σάρκα
2487 5462 2740 5535 Χριστὸς,
2792 5461 3102 5530 ἀναγκαίως
3135 5459 3237 5529 τῆς
3281 5459 3631 5529 κατασκευῆς

2050 5555 2367 5626 ἐπιμέλειαν
2393 5557 2625 5610 ἐποιεῖτο
2663 5554 2758 5610 τοῦ
2788 5557 2936 5622 ναοῦ,
2977 5555 3052 5618 ὡς
3087 5554 3151 5608 ἂν
3177 5553 3206 5606 ὁ
3238 5550 3366 5614 λαὸς
3405 5551 3494 5606 διὰ
3527 5552 3630 5624 τῆς
