3856 6226
3159 165 3178 192 \

1187 197 1214 207 ρ

107 273 222 330 677
1113 279 1672 342 COMMENTARIUS
1707 285 1775 340 IN
1813 287 2048 343 AGGzEl
2083 288 2236 342 CAP.
2263 285 2302 342 Ι.
3292 287 3402 342 ιη

107 397 169 447 ἐν
194 393 361 466 αὖτῷ
380 393 703 464 συναγωγῆς
717 393 815 465 τὴν
838 393 1117 465 βελτίωσιν
1140 396 1366 468 δέχοιτο,
1389 400 1531 471 ὑπὲρ
1548 400 1714 455 ἀπάν-

1823 401 2083 470 ejusmodi
2111 403 2250 456 Deus
2293 400 2505 472 recipit,
2531 415 2639 456 non
2669 399 2800 472 quia
2840 399 2956 470 ipse
2985 398 3072 455 his
3093 409 3269 472 egeat,
3306 403 3400 456 sed

109 504 256 547 των,
316 489 395 552 ὡς
442 488 597 558 ἔφην,
629 488 932 558 ἀνθρώπων
961 488 1062 557 τῆς
1097 489 1238 544 οῦτω
1291 492 1492 564 πολλῆς
1523 512 1582 546 τε
1626 494 1719 547 καὶ

1823 495 2112 548 utilitatum
2150 504 2462 551 nostrarum
2505 510 2708 554 causa:
2742 496 2824 550 sic
2872 495 3032 549 etiam
3069 495 3250 564 templi
3298 503 3404 548 stu-

116 581 402 650 μεγίστ-ης
441 580 760 649 ἀξιούμενος
818 580 1166 650 ἐπιμελείας·
1227 582 1305 646 ὡς
1353 570 1462 656 γὰρ
1521 584 1719 638 θυσιῶν

1823 586 1968 640 rlium
2023 603 2136 658 pne
2179 603 2238 643 se
2266 587 2494 650 ferebat,
2525 603 2631 642 non
2671 587 2923 657 equidem
2978 587 3063 643 sui
3096 588 3401 658 gratia,sed

115 672 388 742 ἀνέχεται
413 673 507 724 καὶ
533 672 643 724 τῶν
663 672 839 724 ἄλλων
860 671 922 738 δὴ
946 672 1052 724 τῶν
1079 673 1333 727 τοιούτων
1352 677 1380 728 ὁ
1395 675 1546 738 Θεὸς,
1568 676 1719 729 οὑοέν

1823 678 2156 745 Iudaeorum,
2211 697 2348 751 quos
2399 681 2512 736 illic
2551 680 2872 751 congregari
2921 680 3238 749 justamque
3291 676 3402 730 Deo

113 765 335 817 τούτων
345 765 594 835 δεόμενος
606 765 858 831 καθάπαξ
873 765 1034 828 αὐτὸς
1046 765 1130 818 διὰ
1145 766 1241 836 τὴν
1253 767 1525 839 ἡμετέραν
1536 770 1719 840 χρείαν

1823 771 2142 840 religionem
2173 775 2502 843 persolvere,
2540 775 2840 844 prae127l
2877 771 3111 835 caeteris,
3143 777 3203 824 ut
3237 768 3402 840 paulo

117 859 203 924 (p.
223 853 519 924 412)οῦτω
541 855 633 907 καὶ
683 853 783 922 τῆς
824 872 889 906 πε
899 857 949 924 pi
972 855 1063 908 τὸν
1079 856 1204 909 ναὸν
1218 859 1392 928 εἴχετο
1420 859 1719 928 φροντίδος,

116 947 223 1017 οὺχ
239 946 442 1000 ἐαυτοῦ
456 964 519 1016 γε
532 946 736 1009 ἕνεκεν,
751 945 864 998 ἀλλ’
883 947 1022 1018 ὑπὲρ
1036 947 1280 1011 ἐκείνων,
1297 948 1390 1012 οὒς
1402 949 1589 1003 αὐτόθι
1607 967 1724 1004 συν-

121 1039 268 1091 ιέναι
285 1055 347 1089 τε
377 1039 472 1090 καὶ
492 1035 588 1107 τὴν
601 1036 949 1107 καθήκουσαν
971 1036 1048 1107 τῷ
1074 1037 1192 1108 Θεῷ
1214 1038 1505 1109 θεραπείαν
1529 1041 1720 1094 ἀποδι-

120 1128 276 1182 δόναι
299 1130 574 1198 προσῆκον
593 1124 661 1199 ἦν
681 1129 821 1199 ὑπὲρ
843 1130 1094 1183 ἁπάντων
1110 1147 1174 1198 γε
1195 1129 1517 1200 ἀνθρώπων,
1535 1131 1720 1203 ὥσπερ

121 1217 221 1273 οῦν
245 1221 424 1289 ἔφθην
446 1219 679 1290 πρόσθεν
709 1221 900 1275 εἰπών.
942 1223 1093 1290 Ἔχει
1121 1221 1179 1274 δέ
1211 1237 1332 1274 τινα
1363 1222 1458 1276 καὶ
1488 1226 1720 1294 μήνυσιν

1825 872 1950 918 ante
1983 864 2118 930 dixi,
2139 865 2472 929 hominibus,
2496 881 2709 935 aequum
2737 871 2875 919 erat.
2902 862 3228 916 Futurarum
3261 876 3402 930 prae-

1824 965 1973 1010 terea
2003 970 2187 1010 rerum
2249 959 2457 1011 mentio
2485 956 2666 1026 aliqua
2707 956 2760 1009 in
2794 955 2977 1009 libello
3022 961 3136 1020 est;
3166 965 3401 1022 quarum

1797 1045 2078 1100 'notitiam
2135 1063 2201 1102 ex
2256 1047 2392 1117 ipsis
2465 1048 2684 1117 scriptis
2743 1059 3074 1116 cognoscere
3153 1048 3399 1113 praestat.

1824 1132 1938 1188 Hoc
1965 1145 2047 1191 est
2077 1137 2242 1206 igitur
2259 1147 2637 1208 argumentum
2667 1137 2813 1202 libri,
2846 1135 3068 1206 quijam
3085 1134 3399 1206 singillatim

1822 1229 2198 1296 explanandus
2230 1241 2335 1286 est.

123 1314 409 1384 ἐσομένων
437 1314 496 1367 τὸ
527 1314 746 1384 βιϐλίον,
784 1316 892 1370 τῶν
918 1318 1046 1386 περὶ
1077 1316 1168 1368 τὸν
1197 1316 1320 1385 Γὼγ
1353 1318 1516 1389 φημὶ,
1543 1321 1611 1390 ἢν
1641 1321 1738 1372 ἀπ’
1766 1322 1948 1376 αὐτῶν
1973 1325 2082 1377 τῶν
2115 1329 2512 1399 γεγραμμένων
2545 1325 2766 1397 ἄμεινον
2807 1326 2903 1379 ἴδοι
2930 1342 3014 1389 τις
3043 1324 3136 1379 ἄν·
3165 1324 3278 1379 ἀλλ’
3307 1317 3400 1380 οὗ·

122 1428 218 1476 τος
251 1411 354 1480 μὲν
374 1413 404 1466 ό
423 1409 515 1465 τοῦ
541 1411 746 1482 βιϐλίου
775 1412 995 1476 σκοπός.
1027 1413 1362 1484 Προσεκτέον
1388 1413 1446 1467 δὲ
1469 1416 1583 1478 τοῖς
1605 1416 1747 1468 κατὰ
1773 1417 1938 1486 μέρος
1974 1419 2178 1474 λοιπόν.

802 1507 959 1563 ΚΕΦ.
982 1509 1056 1560 Λ’.

200 1599 356 1669 Στίχ.
391 1605 463 1661 α’,
489 1598 554 1668 β’.
581 1631 644 1640 --
680 1619 698 1650 ‹
741 1599 830 1653 Ἐν
864 1599 1042 1669 δὲ’τῷ
1089 1600 1325 1672 δευτέρῳ
1353 1601 1460 1654 ἔτει
1500 1603 1590 1654 ἐπὶ
1614 1604 1716 1653 Δα-

131 1689 282 1760 ρείου
320 1689 415 1743 τοῦ
474 1690 754 1760 βασιλέως.
794 1693 853 1746 ἐν
888 1690 964 1760 τῷ
1005 1691 1134 1761 μηνὶ
1179 1691 1254 1762 τῷ
1282 1692 1448 1762 ἕκτῳ,
1483 1696 1578 1764 μιᾷ
1620 1694 1714 1746 τοῦ

2497 1517 2648 1572 CAP.
2689 1517 2726 1570 Ι.

1895 1607 2056 1663 Vens.
2093 1610 2143 1671 1,
2175 1609 2230 1660 2.
2273 1636 2340 1646 —-
2378 1627 2396 1658 ι
2439 1607 2598 1661 Αηιιο
2625 1607 2766 1662 Darii
2821 1605 3101 1677 negnantis
3133 1604 3400 1666 secundo,

1822 1715 2009 1754 mense
2041 1710 2214 1760 sexto,
2243 1698 2330 1752 die
2377 1714 2479 1752 una
2538 1699 2755 1768 (prima)
2802 1698 3030 1760 mensis,
3093 1697 3269 1752 factus
3317 1705 3404 1749 cst

131 1780 305 1852 μηνὸς
341 1781 558 1849 ἐγένετο
599 1781 756 1850 λόγος
780 1784 986 1853 Κυρίου
1025 1781 1082 1833 ἐν
1127 1783 1271 1853 χειρὶ
1323 1783 1576 1851 Ἀγγαίου
1619 1782 1712 1836 τοῦ

1823 1807 1999 1847 sermo
2028 1793 2238 1846 Domini
2289 1793 2342 1844 in
2379 1807 2540 1845 manu
2574 1792 2751 1861 Aggzei
2792 1791 3070 1860 propheta;
3098 1789 3288 1844 dicens
3318 1806 3332 1841 :
3377 1809 3396 1838 ι

130 1873 420 1943 προφήτου
471 1873 680 1942 λέγων’
716 1893 736 1926 ι
793 1877 851 1929 ἐν
893 1873 1130 1945 δευτέρῳ
1183 1874 1280 1943 μὲν
1337 1875 1445 1927 ἔτει
1487 1877 1713 1944 Δαρείου

130 1964 365 2034 Περσῶν
415 1964 787 2033 βασιλεύοντος
835 1964 931 2018 τοῦ
981 1966 1235 2038 τετάρτου
1269 1965 1405 2035 μετὰ
1432 1966 1614 2036 Κύρον
1656 1967 1715 2031 ὃς

132 2053 354 2123 πρῶτος
390 2053 588 2123 Μήδων
638 2070 699 2105 τε
747 2052 843 2107 καὶ
876 2055 1099 2123 Περσῶν
1129 2055 1268 2108 κατά
1317 2056 1508 2109 ταυτὸν
1537 2056 1715 2110 ἐϐασί-

127 2144 348 2205 λευσεν,
381 2144 855 2215 ἐπανεληλυθότων
886 2146 986 2214 ήδη
1011 2148 1090 2208 είς
1113 2145 1183 2198 τά
1203 2148 1378 2199 οἰκεῖα
1406 2147 1512 2199 τῶν
1529 2163 1586 2199 τε
1615 2148 1715 2216 τῆς

142 2236 322 2290 Ἰούδα
354 2237 525 2307 φυλῆς
559 2237 778 2291 καὶτῶν
807 2237 1010 2291 λοιπῶν
1047 2239 1357 2310 ὁπόσοιπερ
1386 2239 1566 2303 αὐτοῖς
1593 2257 1712 2294 συνο

130 2329 381 2382 ανελθείν
416 2329 722 2400 προθυμίαν
756 2329 934 2401 ἔσχον,
966 2331 1060 2384 καὶ
1089 2330 1152 2400 δὴ
1182 2331 1276 2383 καὶ
1311 2332 1407 2401 τῆς
1451 2333 1716 2402 Ἰερουσα-

128 2418 248 2488 λὴμ
277 2417 659 2488 ἀπειληφότων
712 2419 811 2491 τὴν
858 2421 1092 2491 οἴκησιν,
1137 2422 1387 2488 Ἀγγαῖον
1415 2422 1508 2476 τὸν
1540 2423 1716 2493 μακά-

135 2525 255 2578 ριον
280 2511 564 2580 προφήτην
619 2510 1006 2580 ἀποκαλύψεως
1042 2511 1303 2580 ἠξιῶσθαι
1337 2513 1487 2577 θείας
1528 2514 1713 2585 φησὶν,

132 2602 231 2652 ἐπὶ
254 2601 331 2670 τῷ
357 2600 454 2672 τὴν
483 2601 589 2654 τῶν
611 2604 994 2672 προσηκόντων
1026 2605 1257 2670 διάλεξιν
1287 2607 1422 2678 πρὸς
1453 2609 1580 2670 τοὺς
1620 2607 1716 2660 άν-

133 2692 464 2761 εληλυθότας
516 2695 841 2762 ποιήσασθαι
894 2696 1003 2748 τῶν
1063 2697 1350 2764 Ἰουδαίων,
1381 2699 1477 2751 καὶ
1516 2699 1624 2770 πρό
1651 2715 1715 2765 γε

132 2784 247 2835 τῶν
277 2783 451 2836 ἄλλων
473 2785 575 2853 τῆς
600 2786 886 2856 οἰκοδομῆς
914 2788 1353 2858 καταμελοῦντας
1379 2789 1592 2859 ἐλέγξαι
1621 2789 1715 2843 τοῦ

133 2873 290 2934 ναοῦ,
326 2874 383 2925 ὃν
410 2874 473 2945 δὴ
508 2876 743 2945 μάλιστα
766 2877 1226 2948 ἐπανεληλυθότας
1256 2880 1363 2932 ἀπὸ
1392 2881 1492 2951 τῆς
1516 2882 1717 2952 αἰχμα-

133 2965 340 3027 λωσίας
384 2967 520 3035 μετά
554 2967 752 3036 πολλῆς
790 2969 1066 3039 ἀνεγεῖραι
1099 2971 1195 3040 τῆς
1218 2971 1522 3042 προθυμίας
1549 2989 1716 3044 προσ-

132 3055 273 3123 ῆκον
326 3053 413 3126 ἦν.
464 3057 911 3129 Ἐπισημαίνεται
967 3059 1023 3113 δέ
1075 3062 1168 3113 καὶ
1202 3061 1292 3114 τὸν
1321 3062 1465 3131 μῆνα
1495 3064 1589 3116 καλ⁹
1615 3063 1712 3134 τὴν

1816 1895 1960 1937 anno
1996 1884 2236 1938 secundo
2281 1881 2423 1935 Darii
2472 1880 2766 1935 Persarum
2819 1882 2984 1950 regis,
3031 1880 3214 1949 quarti
3281 1886 3408 1947 [ost

1815 1973 2014 2045 Cyrum
2065 1974 2216 2027 illum
2272 1974 2364 2041 qui
2413 1972 2624 2042 primus
2680 1972 2957 2026 Medorum
3015 1970 3178 2025 simul
3237 1974 3402 2033 atque

1815 2067 2104 2121 Persarum
2139 2067 2427 2136 imperium
2473 2073 2744 2127 tenuerat,
2780 2079 2903 2118 cum
2930 2063 3042 2133 jam
3091 2063 3145 2116 in
3170 2061 3398 2133 patriam

1817 2173 1877 2214 se
1907 2159 2241 2228 recepissent
2270 2165 2534 2228 quotquot
2559 2173 2627 2213 ex
2648 2155 2801 2210 Iudae
2828 2155 2972 2208 tribu
2997 2161 3053 2209 et
3077 2169 3142 2208 ex
3176 2151 3413 2220 reliquis

1817 2258 2010 2320 sponte
2029 2263 2153 2302 cum
2188 2249 2278 2302 illa
2313 2249 2494 2303 redire
2510 2249 3064 2312 voluerant,cumque
3087 2243 3124 2296 ii
3149 2241 3402 2295 Hieroso-

1819 2343 2087 2413 lymorum
2127 2341 2319 2395 urbem
2369 2339 2482 2409 jam
2543 2338 2864 2398 incolerent,
2918 2337 3116 2390 beatus
3175 2334 3411 2403 Aggreus-

1818 2435 2082 2503 propheta
2129 2432 2312 2485 divina
2381 2429 2714 2485 revelatione
2765 2429 3122 2483 collustratus
3170 2425 3410 2488 dicitur;

1819 2533 1878 2579 ut
1902 2524 1949 2580 is
1971 2523 2227 2578 nimirum
2259 2523 2488 2577 reduces
2510 2519 2729 2576 Judaaos
2752 2519 2822 2575 de
2844 2519 3034 2573 ciliciis
3062 2517 3399 2579 admoneret,

1820 2626 1979 2685 atque
2011 2617 2273 2686 apprime‘
2303 2613 2687 2686 negligentiam
2731 2627 2920 2668 eorum
2974 2612 3028 2666 in
3083 2607 3408 2664 aediﬁcando

1821 2709 2022 2778 templo
2055 2709 2389 2777 obiurgaret,
2441 2706 2535 2776 qui
2581 2721 2716 2761 sane
2748 2703 3023 2762 excitandi
3056 2703 3202 2756 illius
3227 2699 3404 2753 maxi-

1821 2818 1968 2855 mum
2038 2800 2280 2855 studium
2332 2801 2653 2856 debuissent
2711 2811 3050 2868 expromere.
3122 2792 3409 2863 Signiﬁcat

1819 2893 1985 2948 etiam
2009 2906 2250 2946 mensem
2282 2906 2344 2945 ac
2372 2891 2537 2955 diem,
2572 2903 2682 2959 quo
2722 2886 3024 2944 secundum
3059 2883 3152 2937 Dei
3196 2882 3403 2936 revela-

1821 2982 2023 3036 tionem
2045 2981 2302 3050 propheta
2321 2980 2388 3033 ad
2411 2981 2665 3050 populum
2685 2977 2831 3048 loqui
2855 2991 3016 3032 orsus
3029 2970 3407 3034 estzutdeinde

1824 3073 2112 3128 ordinatim
2131 3073 2276 3124 dicat
2291 3070 2420 3141 quid
2437 3073 2516 3125 eis
2533 3069 2791 3124 acciderit
2811 3069 2880 3121 ob
2893 3067 3195 3136 neglectum
3219 3064 3400 3133 templi

134 3147 352 3216 ἡμέραν
389 3149 509 3200 καθ’
540 3151 604 3218 ἣν
653 3149 712 3214 ἐξ
765 3149 1154 3220 ἀποκαλύψεως
1185 3152 1332 3217 θείας
1362 3155 1390 3206 ό
1434 3157 1717 3226 προφήτης

1823 3164 2464 3232 ωιιίίίοἰιιιιιςιιιιοιιιοηιιο
2487 3163 2708 3215 meliore
2748 3162 2801 3214 in
2831 3168 2972 3213 statu
3005 3168 3134 3211 tunc
3167 3156 3402 3220 fuerint,

135 3241 341 3310 ἐχρῆτο
364 3244 477 3303 τοῖς
502 3242 637 3313 πρὸς
685 3243 969 3306 Ἰουδαίους
1011 3243 1210 3312 λόγοις,
1241 3245 1316 3309 ὼς
1339 3245 1405 3298 ἄν
1441 3249 1713 3318 τεταγμέ-

137 3353 247 3398 νως
267 3335 490 3400 δείξειεν
521 3338 668 3399 ὅπως
699 3339 794 3408 μὲν
829 3339 1011 3400 αὐτοῖς
1036 3339 1112 3406 (p.
1145 3337 1270 3404 M5)
1297 3339 1396 3408 τῆς
1427 3340 1716 3410 οἰκοδομῆς

139 3425 404 3495 ἀμελοῦσι
434 3425 529 3479 τοῦ
559 3427 684 3480 ναοῦ
715 3427 781 3480 τά
811 3429 1107 3500 πράγματα
1134 3430 1437 3484 διακεῖσθαι
1463 3431 1714 3485 συνέϐαι-

137 3533 250 3580 νεν,
295 3518 424 3585 ὅσην
473 3517 529 3569 δὲ
591 3519 925 3588 μετάστασιν
969 3521 1060 3572 ἐπὶ
1112 3520 1174 3572 τό
1221 3523 1466 3590 κρεῖττον
1519 3520 1718 3576 ἔλαϐον

141 3607 382 3678 ὁπηνίκα
412 3608 509 3677 τῆς
537 3608 663 3680 περὶ
685 3609 774 3662 τὸν
798 3609 923 3663 ναὸν
951 3609 1239 3679 οἰκοδομῆς
1274 3609 1372 3681 τὴν
1412 3613 1718 3681 προσήκου-

145 3715 244 3751 σαν
281 3697 424 3769 ἐχειν
443 3697 674 3768 ἤρξαντο
705 3701 979 3771 φροντίδα.
1017 3701 1148 3754 Τίνα
1189 3701 1246 3753 δὲ
1274 3696 1343 3773 ῆν
1369 3701 1512 3773 ἆπερ
1545 3704 1718 3755 εἰπεῖν

145 3792 281 3860 πρὸς
308 3792 506 3854 αὐτοὺς
541 3794 568 3846 ὁ
597 3795 878 3863 προφήτης
916 3793 1206 3864 ἐκελεύσθη
1245 3794 1398 3864 παρὰ
1429 3795 1522 3848 τοῦ
1558 3794 1716 3863 Θεοῦ,

144 3882 273 3951 ἑξῆς
301 3882 483 3953 φησίν.
511 3903 529 3934 ι
557 3883 718 3937 Εἰπὸν
736 3885 871 3955 πρὸς
901 3884 1204 3955 Ζοροϐάϐελ
1222 3885 1314 3938 τὸν
1336 3885 1430 3938 τοῦ
1453 3886 1720 3958 Σαλαθιήλ

147 3977 214 4028 ἐκ
246 3976 413 4047 φυλῆς
452 3976 640 4038 Ἰούδα,
673 3976 766 4029 καὶ
805 3977 938 4046 πρὸς
982 3977 1187 4047 Ἰησοῦν
1225 3978 1316 4032 τὸν
1343 3978 1435 4032 τοῦ
1476 3980 1722 4032 Ἰωσεδὲκ

145 4069 240 4121 τὸν
267 4070 412 4139 ίερέα
437 4069 528 4122 τὸν
553 4068 722 4139 μέγαν
744 4069 924 4136 λέγων
949 4087 961 4100 ·
991 4069 1129 4122 Τάδε
1163 4069 1308 4138 λέγει
1339 4070 1542 4142 Κύριος
1586 4089 1721 4125 παν-

149 4162 431 4230 τοκράτωρ
461 4159 662 4227 λέγων’
699 4161 756 4214 '0
786 4161 909 4224 λαὸς
934 4155 1089 4233 οὗτος
1105 4161 1371 4226 λέγουσιν,
1404 4163 1514 4232 Οὐχ
1547 4163 1672 4232 ῆκει
1692 4165 1720 4216 ὁ

152 4253 340 4324 καιρὸς
364 4251 458 4305 τοῦ
484 4252 830 4322 οἰκοδομῆσαι
878 4254 968 4306 τὸν
1011 4250 1156 4306 οἷκον
1173 4255 1400 4326 Κυρίου.
1432 4274 1449 4305 ι
1494 4255 1722 4310 Κελεύει

151 4348 260 4417 γὰρ
286 4346 434 4415 αύτῷ
460 4349 595 4418 πρός
626 4365 686 4400 τε
714 4347 800 4400 τὸν
827 4346 1125 4416 Ζοροϐάϐελ
1144 4346 1202 4409 ὃς
1217 4346 1316 4413 τῆς
1351 4345 1519 4399 Ἰούδα
1548 4346 1722 4415 φυλῆς

152 4439 431 4508 ὑπάρχων,
450 4439 513 4492 ἔκ
529 4457 584 4492 τε
601 4437 694 4491 τοῦ
719 4440 985 4510 μακαρίου
1003 4439 1163 4492 Δαυὶδ
1188 4438 1558 4508 καταγόμενος
1581 4438 1722 4491 κατὰ

148 4529 248 4590 τὰς
263 4527 592 4594 ἐπαγγελίας
619 4529 719 4590 τὰς
750 4527 898 4590 θείας
946 4528 1230 4580 ἐϐασίλευε
1259 4528 1379 4580 τότε
1406 4526 1501 4581 τοῦ
1548 4526 1679 4580 λαοῦ
1707 4546 1722 4560 ο

152 4619 246 4668 καὶ
302 4617 411 4687 μὴν
444 4618 536 4669 καὶ
576 4617 711 4687 πρὸς
755 4617 845 4669 τὸν
889 4617 1132 4670 Ἰωσεδὲκ
1167 4617 1393 4687 Ἰησοῦν,
1437 4617 1496 4679 ὃς
1537 4616 1600 4670 τὸ
1625 4617 1726 4688 τῆς

151 4709 556 4780 ἀρχιερωσύνης
576 4708 734 4785 ἔργον
765 4709 1054 4781 ἀκολουθίᾳ
1085 4709 1275 4777 γένους
1302 4709 1444 4763 κατὰ
1471 4710 1568 4781 τὴν
1592 4711 1727 4763 Μω-

153 4799 348 4870 σαῖκὴν
379 4799 620 4863 διάταξιν
661 4801 723 4852 ἐκ
765 4799 857 4852 τοῦ
909 4799 1116 4869 Ἀαρὼν
1155 4802 1527 4872 καταγόμενος
1571 4803 1726 4854 ἐκτε-

151 4892 264 4943 λεῖν
289 4892 663 4952 ἐπεπίστευτο,
689 4892 861 4942 εἰπεῖν
895 4889 1067 4942 ταῦτα
1104 4890 1247 4961 άπερ
1279 4888 1372 4945 οὖν
1406 4893 1494 4944 ἐπ’
1519 4892 1727 4962 ἐλέγχῳ

151 4985 250 5052 τῆς
282 4980 411 5050 περὶ
445 4980 532 5032 τὸν
562 4982 686 5033 ναὸν
718 4980 810 5033 τοῦ
845 4981 974 5034 λαοῦ
1011 4981 1283 5052 ῥᾳθυμίας
1319 4980 1527 5046 διδάξαι
1562 4999 1730 5052 προσ-

153 5074 285 5140 ῆκον
316 5068 402 5141 ἦν.
428 5071 611 5124 Ταῦτα
661 5072 769 5143 γὰρ
820 5072 884 5143 δὴ
946 5074 1083 5143 πρὸς
1126 5073 1345 5135 τούτους
1381 5073 1612 5142 μάλιστα
1654 5072 1734 5136 ὡς

154 5164 487 5233 ἡγουμένους
539 5165 762 5228 εἰκότως
789 5165 1029 5233 ἐλέγετο·
1077 5165 1172 5219 ἅτε
1209 5166 1303 5219 καὶ
1348 5165 1474 5228 τοὺς
1512 5165 1730 5228 λοιποὺς

154 5256 436 5326 διεγείρειν
489 5255 583 5307 ἐπὶ
627 5255 688 5307 τὸ
717 5257 946 5327 πρᾶγμα
989 5256 1324 5324 ὀφείλοντας,
1353 5256 1599 5325 φαίνεται
1627 5256 1728 5308 οὐκ

157 5349 336 5410 αὐτοῖς
381 5348 439 5399 ἐν
468 5347 542 5414 τῷ
571 5347 714 5417 λόγῳ
765 5349 1276 5419 καταμεμφόμενος,
1307 5349 1439 5400 ἀλλά
1473 5347 1548 5418 τῷ
1571 5347 1685 5417 λαῷ
1708 5365 1722 5378 ο

157 5441 230 5502 ὡς
252 5439 404 5504 δῆλον
432 5434 569 5490 εἶναι
591 5440 733 5493 ὄτιοί
761 5440 857 5510 μὲν
886 5441 986 5511 τὴν
1017 5443 1396 5513 προσήκουσαν
1427 5437 1569 5510 εῐχον
1600 5441 1727 5510 περὶ

156 5533 216 5584 τὸ
278 5533 508 5602 πρᾶγμα
566 5533 891 5604 προθυμίαν,
927 5538 1002 5604 (p.
1035 5534 1160 5601 4M)
1224 5533 1459 5588 ἐκτελεῖν
1491 5533 1548 5585 δέ
1589 5533 1724 5604 ὅπερ

1815 3271 1939 3311 cum
1961 3265 2290 3311 structuram
2316 3253 2459 3305 illam
2481 3253 2645 3305 alacri
2679 3253 3066 3319 animourgere
3098 3254 3398 3316 coeperunt.

1814 3345 1932 3402 lam
1951 3361 2197 3416 quaenam
2227 3345 2294 3399 iis
2322 3344 2581 3414 propheta
2603 3342 2783 3395 dicere
2812 3355 2840 3393 a
2864 3339 2971 3392 Deo
3000 3338 3400 3404 jussnsl‘uerat.

1817 3441 1874 3492 in
1895 3438 2247 3508 sequentibus
2268 3419 2545 3490 declarat':
2582 3451 2599 3483 ι
2632 3432 2875 3502 Loquere
2915 3431 2979 3483 ad
3015 3429 3402 3484 Zorobabelem

1819 3528 2130 3584 Salathiclis
2153 3528 2320 3581 [ilium
2339 3529 2405 3581 de
2431 3526 2574 3579 tribu
2589 3523 2761 3588 Judze,
2779 3532 2832 3577 et
2859 3523 2923 3576 ad
2945 3521 3128 3576 Jcsum
3157 3519 3402 3574 Josedeci

1819 3623 1986 3676 lilium
2007 3621 2342 3675 sacerdotem
2367 3618 2836 3688 maguum,dicens
2858 3635 2870 3670 :
2896 3617 3018 3670 Haec
3041 3615 3114 3666 ait
3131 3614 3391 3666 Dominus

1818 3711 2162 3781 omnipotens
2178 3709 2399 3763 dicens:
2422 3707 2659 3775 Populus
2678 3709 2779 3761 iste
2796 3707 2949 3769 dicit,
2968 3703 3086 3758 Non
3103 3704 3250 3757 venit
3271 3711 3409 3756 tem-

1818 3819 1920 3874 pus
1935 3800 2237 3857 aediﬁcandi
2250 3801 2469 3855 domum
2495 3798 2726 3853 Domini.
2743 3797 2989 3851 )Mandat
3004 3797 3078 3860 ei,
3096 3804 3152 3849 ut
3167 3793 3407 3848 Zoroha-

1821 3896 1924 3950 beli
1954 3895 2047 3963 qui
2079 3893 2146 3948 de
2166 3891 2646 3960 Judac272tribu
2674 3897 2917 3950 ortus,et
2944 3889 3010 3943 de
3027 3889 3166 3942 beati
3187 3887 3411 3946 Davidis

1820 3980 2076 4049 posteris,
2102 3977 2257 4046 juxta
2291 3976 2504 4029 divinas
2532 3974 2922 4043 promissioncs
2948 3973 3208 4042 regnabat
3234 3971 3285 4023 in
3313 3985 3408 4038 po-

1822 4069 1982 4138 pulo;
2006 4068 2131 4120 item
2146 4064 2275 4120 Jcsu
2293 4062 2540 4118 Josedeci
2559 4064 2690 4124 lilio,
2716 4062 2803 4116 cui
2828 4061 3183 4116 sacerdotalis
3201 4061 3404 4129 cperis,

1822 4160 1892 4213 ob
1911 4159 2106 4213 seriem
2123 4155 2338 4227 generis
2354 4157 2510 4224 juxta
2523 4153 2816 4208 Mosaicam
2834 4153 3299 4211 constitutionem,
3317 4160 3411 4205 ut-

1822 4256 1948 4319 pote
1969 4263 2029 4302 ex
2049 4245 2267 4300 Aarone
2283 4245 2540 4306 oriundo,
2561 4243 2963 4296 administratio
2980 4242 3270 4296 commissa
3291 4241 3409 4294 fue-

1822 4349 1928 4403 rat,
1945 4340 2164 4394 mandat
2187 4339 2298 4391 haec
2321 4337 2503 4391 dicere
2527 4351 2647 4404 quae
2664 4333 2728 4388 ad
2747 4335 3242 4404 reprehendendam
3263 4335 3409 4388 circa

1828 4432 2088 4502 templum
2109 4430 2391 4500 segnitiem
2421 4443 2543 4496 apta
2565 4437 2741 4481 erant.
2764 4426 2934 4481 Porro
2960 4427 3074 4480 haec
3107 4427 3405 4495 praesertim

1829 4522 2061 4578 ducibus
2097 4521 2292 4574 merito
2335 4519 2680 4583 dicebautur,
2710 4519 2802 4588 qui
2844 4518 3109 4587 reliquum
3148 4518 3404 4586 populum

1829 4617 1896 4671 ad
1935 4631 2073 4685 opus
2099 4613 2453 4668 exstimulare
2480 4612 2750 4666 debebant
2779 4631 2791 4666 :
2826 4621 2880 4666 et
2910 4612 3261 4666 nihilominus
3297 4627 3404 4664 non

1830 4718 1936 4764 tam
1967 4708 2134 4761 duces
2165 4721 2326 4774 quam
2362 4705 2620 4775 populum
2645 4705 2938 4773 objurgare
2969 4703 3233 4772 propheta
3262 4704 3407 4755 vide-

1827 4807 1938 4864 tur;
1993 4797 2284 4852 constabat
2305 4797 2447 4849 enim
2471 4795 2643 4850 duces
2665 4796 3079 4849 convenientem
3105 4794 3287 4863 operis
3308 4810 3407 4848 cu-

1827 4905 1942 4945 ram
1979 4889 2248 4959 gessisse,
2283 4886 2424 4940 haud
2460 4895 2639 4940 tamen
2673 4887 2783 4938 voti
2816 4894 3098 4955 compotes
3141 4885 3254 4940 fieri
3277 4924 3292 4948 ,
3323 4902 3408 4938 re.-

1827 4991 2028 5037 nuente
2064 4981 2262 5051 populo
2290 4979 2356 5034 ad
2397 4979 2450 5032 id
2478 4979 2757 5048 cooperari
2793 4997 2806 5032 :
2835 4978 3191 5048 quamobrem
3225 4977 3308 5031 his
3340 4993 3405 5030 ea

1828 5091 1948 5144 qua:
1971 5074 2036 5128 ad
2073 5073 2254 5143 populi
2290 5071 2722 5142 obiurgationem
2774 5072 3120 5141 pertinebant
3151 5070 3302 5135 dicit,
3344 5078 3406 5122 ut

1827 5174 1880 5224 et
1915 5166 2017 5236 ipsi
2048 5165 2221 5234 magis
2249 5163 2312 5216 ad
2337 5178 2474 5233 opus
2512 5163 2902 5228 excitarentur,
2932 5170 2986 5217 et
3014 5163 3247 5233 populus
3274 5177 3410 5216 cou-

1827 5271 2014 5328 gruam
2047 5257 2444 5324 corrcptionem
2475 5253 2769 5324 acciperet,
2809 5269 2916 5324 quo
2950 5254 3097 5308 omni
3125 5255 3408 5309 alacritate

1831 5348 2045 5404 aedilicii
2081 5347 2359 5403 laboribus
2385 5347 2676 5411 instarent,
2704 5347 2930 5416 suisque
2975 5347 3206 5400 ducibus
3235 5347 3404 5401 multa

1832 5455 1955 5495 cum
1985 5439 2262 5495 docilitate
2291 5438 2596 5501 obedirent,
2642 5447 2911 5507 quatenus
2955 5438 3059 5493 sibi
3092 5437 3194 5491 hoc
3233 5437 3284 5490 in
3312 5453 3408 5492 ne-

1834 5532 1983 5602 gotio
2021 5531 2399 5601 przeciperent,
2437 5537 2696 5600 tanquam
2729 5529 2821 5584 Dei
2835 5529 2991 5602 jussa
3030 5528 3278 5582 factoris.

157 5620 433 5674 ἐϐούλοντο
473 5621 749 5685 ἀδυνάτως
788 5619 962 5693 εἶχον,
985 5624 1084 5676 οὑκ
1125 5623 1400 5685 ἐθέλοντος
1446 5622 1628 5685 αὐτοῖς
1665 5619 1760 5674 τοῦ
1807 5619 1938 5674 λαοῦ
1983 5620 2120 5692 πρὸς
2147 5621 2304 5674 τοῦτο
2331 5620 2730 5692 συμπράττειν·
2762 5619 2949 5689 διόπερ
2983 5619 3193 5681 τούτοις
3227 5617 3292 5671 τά
3319 5615 3407 5669 ἐπ’

158 5711 364 5783 ἐλέγχῳ
395 5711 489 5766 τοῦ
526 5711 655 5767 λαοῦ
709 5713 1045 5768 συντείνοντα
1088 5713 1256 5784 λέγει,
1288 5713 1363 5778 ὡς
1396 5713 1462 5768 ἂν
1489 5705 1633 5768 οὗτοί
1667 5730 1725 5766 τε
1752 5712 1950 5782 μᾶλλον
1981 5713 2071 5767 ἐπὶ
2099 5713 2159 5766 τὸ
2190 5712 2350 5785 ἔργον
2382 5710 2729 5782 διεγερθεῖεν,
2774 5714 3009 5767 κάκεῖνοι
3037 5712 3094 5765 δέ
3127 5710 3411 5781 διόρθωσιν
