3856 6226
471 299 567 356 £79

1674 295 2024 352 THEODORI
2065 297 2541 356 MOPSUESTENI

3593 302 3709 360 480

466 416 704 486 δέξαιντο
739 419 835 488 τὴν
862 418 1237 488 προσήκουσαν
1255 455 1270 480 ,
1310 417 1389 480 είς
1420 416 1478 469 τὸ
1512 417 1657 488 πάσῃ
1683 420 1750 488 τῇ
1778 414 2054 487 προθυμίᾳ
2085 414 2154 468 τὰ
2191 417 2528 471 συντείνοντα
2559 418 2640 480 εις
2670 415 2767 488 τὴν
2797 417 3085 490 οἰκοδομὴν
3108 417 3202 470 τοῦ
3229 416 3358 471 ναοῦ
3386 418 3702 491 διαπράττε-

467 511 611 574 σθαι,
644 511 738 563 καὶ
771 509 910 580 μετά
957 509 1157 578 πολλῆς
1199 525 1264 577 γε
1297 507 1575 560 πείθεσθαι
1608 509 1719 570 τοῖς
1752 505 2073 576 ἡγουμένοις
2106 505 2203 576 τῆς
2251 507 2626 578 ἑτοιμότητος,
2659 508 2794 580 πρὸς
2843 509 2988 582 ἅπερ
3022 509 3088 564 ἂν
3131 510 3314 568 αὑτοῖς
3357 511 3482 582 περὶ
3512 511 3712 566 τούτου

463 603 776 667 κελεύωσιν,
817 603 894 667 ὡς
924 603 1066 656 κατά
1096 602 1349 673 βούλησιν
1381 603 1531 656 θείαν
1556 602 1616 655 τὸ
1645 602 1922 672 ἐπίταγμα
1952 599 2314 670 ποιουμένοις.

541 695 701 751 Vens.
728 697 849 751 5-5.
875 725 948 736 -
967 695 1084 750 Jam
1105 711 1234 750 vero
1257 695 1322 749 ad
1353 695 1532 765 populi
1553 695 2027 764 reprehensionem

2204 694 2354 765 Στίχ.
2385 701 2530 764 γ’·-έ,
2556 726 2628 736 --
2647 696 2994 768 Τρεπόμενος
3033 697 3088 752 δὲ
3120 697 3213 752 ἐπὶ
3239 697 3329 750 τὸν
3367 698 3584 768 ἔλεγχον
3610 701 3712 754 τοῦ

465 803 786 848 conversus.
820 789 1080 858 pra-clare
1111 803 1178 843 ex
1233 789 1475 858 ipsorum
1512 789 1764 844 simulata
1793 800 2031 842 excusa-

465 883 609 937 tione
636 879 850 934 initium
886 881 1056 945 ducit,
1078 896 1184 950 qua
1213 887 1449 943 utentes,
1479 879 1727 950 specioso
1743 894 1864 932 cum
1895 893 2032 948 pra:-

467 980 617 1027 textu
647 972 1036 1028 existimabant
1069 987 1128 1026 se
1158 987 1319 1041 posse
1362 987 1502 1041 opus
1530 971 1824 1041 negligere.
1867 971 2034 1023 Aiunt

463 1064 632 1129 enim,
691 1063 888 1134 inquit,
952 1062 1195 1116 nondum
1255 1070 1467 1132 tempus
1491 1060 1791 1115 mdiﬁcandi
1847 1061 2030 1130 templi

464 1155 676 1218 adesse,
704 1155 778 1209 ita
811 1165 870 1209 ut
898 1155 1095 1209 merito
1145 1167 1362 1207 cessare
1395 1153 1464 1207 ab
1492 1167 1658 1222 opere.
1698 1152 2030 1206 viderentur.

466 1246 669 1302 Deinde
698 1245 888 1300 falsam
915 1245 1056 1300 hanc
1103 1245 1476 1300 defensionem
1505 1259 1812 1313 eoarguens
1840 1258 1905 1297 ex
1939 1259 2033 1298 ne-

464 1338 634 1405 quitia
665 1345 838 1391 ortam
889 1337 957 1392 ad
1012 1337 1236 1391 desidia:
1293 1337 1571 1390 obtentum
1601 1335 1774 1405 pergit
1807 1334 2029 1389 dicere:

469 1449 489 1481 ι
528 1429 592 1482 Ει
639 1429 840 1484 factum
885 1437 970 1482 est
1017 1430 1240 1482 verbum
1288 1427 1502 1481 Domini
1554 1427 1610 1480 in
1665 1427 2034 1497 manuAggzei

464 1521 760 1590 prophetzc,
787 1519 976 1575 dicens
1003 1540 1017 1573 :
1052 1518 1111 1574 Si
1140 1530 1352 1589 tempus
1374 1519 1593 1589 quidem
1649 1519 1804 1574 vobis
1831 1527 1916 1574 est
1945 1521 2036 1574 ha-

464 1612 668 1666 bitandi
700 1613 753 1665 in
785 1613 1038 1667 domibus
1071 1612 1268 1666 vestris
1307 1612 1592 1680 laqueatis.
1621 1612 1816 1668 domus
1851 1621 2031 1666 autem

467 1704 579 1758 haac
608 1704 824 1758 deserta
860 1700 978 1758 est?
1008 1723 1025 1754 ›
1069 1702 1270 1756 Deinde
1321 1703 1397 1756 ait
1426 1721 1438 1756 :
1470 1703 1548 1756 Ad
1576 1712 1786 1758 vestras
1812 1705 2030 1772 quidem

463 1797 854 1850 aedificationes
885 1795 1076 1850 scdulo
1129 1795 1464 1858 incumbitis,
1521 1811 1661 1864 quas
1714 1810 1822 1849 non
1853 1795 2031 1848 solum

464 1887 707 1942 studiosa
731 1901 893 1957 opera
920 1887 1193 1948 excitatis,
1239 1901 1426 1941 verum
1460 1887 1624 1940 etiam
1669 1888 1800 1942 tetis
1827 1887 2033 1941 viribus

462 1981 744 2036 exornatis
783 1998 795 2033 :
825 1981 994 2034 solius
1024 1990 1202 2033 autem
1255 1979 1439 2049 templi
1470 1979 1786 2034 exstruendi
1814 1987 2028 2049 tempus

460 2075 640 2128 adhuc
668 2073 992 2128 nonadest?
1036 2071 1222 2141 Neque
1260 2086 1355 2126 vos
1403 2072 1586 2140 pudet,
1619 2087 1838 2126 causam
1874 2072 2029 2125 vobis
2061 2049 2104 2104 Β

460 2164 748 2235 cujuslibet
770 2163 896 2218 boni
932 2163 1121 2227 Deum,
1152 2162 1205 2215 in
1233 2160 1394 2230 273
1419 2169 1566 2214 tanta
1591 2161 1838 2215 vastitate
1867 2163 2032 2216 relin-

461 2257 652 2326 quere?
683 2258 754 2309 ita
786 2264 845 2308 ut
879 2263 1074 2309 vestra
1096 2253 1314 2325 quidem
1340 2254 1534 2307 domus
1563 2268 1670 2306 non
1697 2253 2031 2308 aedificentur

463 2346 859 2408 tantummodo,
913 2361 1100 2400 verum
1153 2347 1312 2399 etiam
1367 2345 1515 2400 omni
1569 2359 1692 2398 cum
1742 2345 2030 2401 sedulitate

458 2447 834 2502 exornentur;
861 2451 985 2490 area
1032 2451 1161 2490 vero
1218 2436 1402 2505 templi
1432 2451 1658 2505 prorsus
1695 2437 1907 2490 deserta
1937 2438 2027 2501 sit,

461 2528 596 2582 nihil
620 2527 774 2583 vobis
804 2529 868 2581 ad
889 2526 1006 2594 ejus
1025 2534 1358 2582 structuram
1402 2530 1654 2586 conferre
1700 2533 2025 2589 volentibus.

465 2636 484 2670 ι
528 2618 590 2671 Et
615 2633 760 2673 nunc
789 2619 902 2672 haec
936 2617 1067 2673 dicit
1113 2617 1374 2675 Dominus
1420 2622 1764 2693 omnipotens
1794 2643 1807 2680 :
1841 2625 2031 2684 Ponite

458 2709 624 2763 corda
654 2716 836 2764 vestra
862 2709 928 2761 ad
951 2710 1069 2764 vias
1101 2718 1328 2768 vestras.
1355 2731 1372 2764 ι
1402 2711 1692 2784 Reputate,
1723 2717 1916 2788 inquit,
1944 2735 2030 2776 res

458 2809 691 2865 vestras,
716 2810 770 2854 et
798 2799 940 2854 facta
991 2802 1292 2870 explorate,
1350 2806 1444 2874 qui
1497 2806 1736 2862 divinum
1766 2812 2028 2880 templum

465 2893 772 2962 negligitis;
821 2899 874 2949 et
903 2909 1152 2963 quamam
1201 2896 1358 2952 vobis
1408 2897 1636 2966 proinde
1679 2901 2026 2971 contigerint.

462 2984 614 3040 Patet
637 2999 816 3039 autem
845 2986 1162 3055 prophetam
1191 2988 1453 3042 vocabulo
1473 2990 1816 3056 vigiliarum
1843 3007 2029 3063 opera,

465 3085 624 3146 prout
649 3078 806 3138 solet,
835 3077 1143 3148 designare.

529 3247 697 3304 Vens.
736 3249 851 3304 6-8.
875 3247 1162 3304 —Postea
1197 3249 1330 3305 dicit
1357 3268 1370 3304 :
1404 3270 1422 3302 ι
1454 3249 1788 3309 Seminastis
1818 3258 1987 3313 multa
2010 3299 2026 3324 ,

461 3351 515 3398 et
545 3343 808 3398 intulistis
839 3357 1013 3413 pauca
1042 3361 1055 3396 :
1085 3343 1422 3408 comedistis,
1444 3353 1498 3398 et
1525 3360 1635 3399 non
1669 3347 1735 3401 ad
1769 3349 2030 3404 saturita-
2054 3383 2104 3448 ο

463 3444 570 3490 tem
600 3449 616 3486 :
653 3435 891 3501 bibistis,
918 3442 973 3490 et
999 3450 1108 3489 non
1133 3433 1201 3488 ad
1229 3434 1548 3494 ebrietatem
1575 3455 1589 3493 :
1623 3438 1880 3496 induistis
1909 3458 2026 3506 vos,

460 3535 514 3582 et
539 3539 649 3581 non
679 3527 817 3582 estis
849 3527 1102 3581 calefacti
1139 3527 1194 3581 in
1229 3528 1308 3582 eis
1335 3545 1348 3581 :
1383 3539 1437 3584 et
1467 3530 1561 3599 qui
1592 3531 1874 3589 mercedes
1901 3548 2032 3590 con-

458 3621 755 3691 gregabat,
789 3623 1134 3676 coacervavit
1156 3637 1250 3676 eas
1273 3622 1328 3676 in
1361 3625 1638 3679 sacculum
1667 3635 1970 3696 pertusum.
2003 3649 2022 3682 ι

457 3712 858 3776 Considerate,
911 3714 967 3769 in
1012 3722 1273 3782 quantam
1329 3727 1525 3772 vestrae
1580 3718 1808 3789 ignaviae
1859 3735 2029 3776 causa

461 3804 794 3862 deveneritis
823 3816 1120 3878 egestatem
1153 3817 1207 3865 et
1233 3809 1309 3864 rei
1341 3811 1669 3866 necessaria:
1696 3813 1985 3881 penuriam
2012 3833 2025 3868 :

465 3897 541 3952 ita
573 3909 634 3953 ut
662 3899 731 3956 de
763 3902 952 3958 multis
984 3903 1291 3958 seminibus
1325 3905 1582 3975 exiguum
1617 3903 1857 3958 fructum
1909 3907 2026 3958 col-

464 3987 734 4057 legeritis.
771 3999 824 4044 et
861 4007 1040 4062 neque
1080 4009 1206 4050 esca
1253 4010 1430 4064 neque
1474 4003 1604 4065 potu
1649 4011 1827 4066 neque
1858 3999 2027 4051 vesti-

465 4087 647 4133 mento
681 4081 816 4136 satis
855 4081 958 4136 frui
998 4086 1320 4153 potueritis,
1364 4102 1541 4156 neque
1578 4095 1866 4157 urgentem
1897 4104 2027 4160 ege-

460 4177 655 4224 statem
689 4172 927 4238 satiare,
961 4175 1090 4243 quia
1127 4177 1282 4232 vobis
1330 4179 1642 4232 necessaria
1690 4180 1870 4234 omnia
1929 4182 2027 4236 de-

461 4257 701 4314 fuerunt.
749 4259 890 4316 Hinc
921 4265 1086 4317 etiam
1132 4267 1426 4335 pensiones
1476 4277 1705 4332 vestrae,
1757 4279 2027 4340 quotquot

461 4347 709 4403 locandis
739 4351 885 4421 agris
915 4353 999 4406 vel
1049 4355 1174 4410 aliis
1207 4355 1526 4424 hujusmodi
1559 4363 1982 4429 eomparavistis
2004 4405 2020 4430 ,

459 4437 527 4490 ad
562 4438 795 4493 nihilum
828 4441 1064 4497 redactae
1106 4444 1327 4498 fuerunt
1361 4465 1372 4500 :
1409 4449 1609 4502 etenim
1654 4450 2026 4518 pessumdatis

460 4528 729 4585 fructibus
763 4572 776 4593 ,
816 4549 883 4586 ne
923 4536 1215 4604 pensiones
1255 4537 1476 4605 quidem
1513 4553 1541 4591 a
1584 4540 2024 4610 redemptoribus

459 4619 575 4672 dari
616 4623 908 4690 potuerint.
968 4623 1121 4680 Sicut
1167 4636 1346 4681 autem
1380 4629 1433 4681 in
1467 4644 1728 4685 crumena
1759 4642 1852 4686 aut
1887 4650 2024 4703 pan-

2136 784 2284 850 λαοῦ,
2313 786 2495 852 καλῶς
2523 790 2586 842 ἐκ
2611 790 2710 857 τῆς
2763 785 3150 861 πεπλασμένης
3193 789 3374 842 αὑτῶν
3413 792 3714 859 ἀπολογίας

2138 881 2367 932 ποιεῖται
2407 879 2506 951 τὴν
2548 882 2743 952 ἀρχὴν,
2774 875 2920 954 ᾗπερ
2958 881 3286 952 κεχρημένοι
3339 881 3714 953 εὑπροσώπως

2135 970 2460 1041 καταμελεῖν
2501 972 2716 1026 ἐδόκουν
2750 971 2844 1025 τοῦ
2889 971 3073 1043 ἔργου.
3100 973 3332 1040 Λέγουσι
3358 975 3486 1044 γὰρ,
3517 975 3710 1044 φησὶν,

2132 1060 2284 1115 οὔπω
2315 1065 2564 1133 παρεῖναι
2595 1061 2694 1132 τῆς
2743 1063 3028 1134 οἰκοδομῆς
3064 1062 3156 1116 τοῦ
3187 1063 3318 1117 ναοῦ
3350 1063 3442 1116 τὸν
3490 1067 3711 1134 καιρὸν,

2133 1153 2209 1215 ὡς
2263 1151 2330 1206 ἂν
2391 1154 2611 1217 δικαίως
2660 1154 2987 1224 ἀμελοῦντες
3059 1155 3332 1223 φαίνοιντο
3373 1153 3472 1207 τοῦ
3519 1155 3713 1226 ἔργου.

2132 1241 2264 1297 Εἶτα
2295 1245 2680 1316 πεπλασμένην
2713 1246 2950 1316 ἐλέγχων
2973 1245 3070 1316 τὴν
3097 1246 3393 1312 ἀπολογίαν
3421 1247 3484 1299 ἐκ
3509 1247 3716 1310 κακίας

2133 1335 2448 1406 ηὑρημένην
2494 1339 2572 1400 είς
2607 1337 2975 1408 προκάλυμμα
3015 1339 3111 1409 τῆς
3147 1339 3439 1410 ῥᾳθυμίας,
3470 1340 3671 1408 ἐπάγει
3699 1359 3712 1370 ·

2139 1446 2158 1479 ι
2187 1427 2298 1482 Καὶ
2357 1429 2572 1497 ἐγένετο
2619 1429 2777 1498 λόγος
2821 1429 3026 1500 Κυρίου
3059 1433 3117 1484 ἐν
3145 1433 3288 1502 χειρὶ
3324 1432 3576 1501 Ἀγγαίου
3609 1433 3716 1485 τοῦ

2133 1520 2408 1589 προφήτου
2437 1520 2609 1588 λέγων
2634 1539 2647 1552 ⁸
2682 1522 2744 1573 El
2776 1521 2966 1592 καιρὸς
2995 1521 3096 1593 μὲν
3123 1523 3253 1591 ὑμῖν
3284 1524 3399 1575 ἐστι
3419 1523 3512 1574 τοῦ
3533 1525 3717 1576 οίκεῖν

2131 1607 2188 1661 ἐν
2215 1609 2382 1672 οἴκοις
2407 1609 2560 1678 ὑμῶν
2585 1609 3014 1681 κοιλοστάθμοις,
3031 1613 3060 1664 ὁ
3083 1611 3138 1664 δέ
3158 1607 3304 1675 οἶκος
3325 1605 3476 1675 οὗτος
3505 1611 3598 1682 ὲξη
3609 1615 3684 1683 pf;
3700 1643 3719 1652 -

2135 1713 2308 1767 μωται
2337 1714 2352 1761 ;
2396 1717 2414 1749 ›
2455 1694 2593 1754 Εἶτά
2628 1687 2793 1771 φησίν
2819 1714 2834 1730 ⁸
2868 1701 3005 1772 Περὶ
3037 1701 3134 1772 μὲν
3160 1701 3258 1765 τὰς
3291 1701 3576 1772 οἰκοδομὰς
3605 1703 3716 1765 τὰς

2131 1788 2336 1851 οίκείας
2379 1787 2552 1852 οὕτως
2601 1790 2989 1855 ἐσπουδάκατε,
3043 1793 3104 1845 οὑ
3135 1792 3292 1862 μόνον
3328 1793 3466 1864 μετά
3500 1791 3717 1864 πολλῆς

2130 1879 2298 1943 αὑτάς
2327 1880 2699 1951 ἀνεγείροντες
2725 1883 2827 1950 τῆς
2843 1883 3173 1955 προθυμίας,
3201 1884 3336 1938 ἀλλά
3367 1886 3462 1938 καὶ
3494 1885 3716 1940 καλλω-

2134 1970 2379 2035 πίζοντες
2410 1972 2578 2036 αὑτὰς
2610 1975 2709 2027 σὺν
2737 1975 2882 2046 πάσῃ
2917 1975 3141 2047 δυνάμει
3171 1977 3286 2046 ’τῷ
3313 1977 3371 2030 δὲ
3408 1977 3520 2047 ναῷ
3554 1978 3716 2049 μόνῳ

2131 2062 2321 2130 καιρὸς
2347 2063 2634 2133 οίκοδομῆς
2687 2065 2747 2117 οὐ
2785 2067 3078 2135 πάρεστιν;
3117 2068 3237 2120 οὑδὲ
3265 2067 3578 2138 αἰσχύνεσθε
3611 2069 3716 2122 τὸν

2132 2154 2311 2222 πάσης
2344 2154 2472 2224 ὑμῖν
2509 2155 2605 2224 τῆς
2641 2156 2910 2226 σωτηρίας
2941 2158 3107 2210 αἴτιον
3136 2159 3194 2210 ἐν
3235 2158 3468 2229 τοσαύτη
3494 2161 3710 2228 τυγχά-

2129 2261 2285 2298 νοντα
2320 2245 2682 2317 περιορῶντες
2711 2249 2935 2320 ἐρημίᾳ,
2967 2248 3192 2320 (p.4l5)
3224 2251 3298 2315 ὡς
3331 2251 3398 2304 τὰ
3434 2253 3531 2322 μὲν
3554 2254 3712 2322 οἰκή-

2133 2355 2278 2408 ματα
2335 2339 2488 2409 ὑμῶν
2535 2339 2628 2392 καὶ
2671 2339 2948 2408 γεγονέναι
2982 2342 3121 2410 μετά
3149 2337 3212 2394 δὲ
3260 2345 3711 2398 κεκαλλωπίσθαι

2133 2428 2270 2497 μετά
2299 2429 2498 2500 πολλῆς
2547 2428 2686 2497 ἄγαν
2720 2429 2820 2498 τῆς
2874 2431 3211 2501 ἐπιμελείας,
3256 2433 3348 2486 τοῦ
3371 2433 3499 2488 ναοῦ
3525 2434 3583 2488 δὲ
3611 2436 3712 2488 τὸν

2127 2517 2291 2571 τόπον
2310 2519 2514 2590 ἐρημίᾳ
2536 2517 2928 2590 παραδεδόσθαι
2954 2518 3055 2585 έτι,
3078 2520 3248 2592 μηθὲν
3273 2524 3426 2594 ὑμῶν
3446 2525 3524 2586 είς
3549 2525 3708 2576 nixo-

2129 2608 2295 2678 δομὴν
2332 2609 2494 2662 αὐτοῦ
2546 2607 2768 2678 ποιῆσαι
2814 2609 3065 2676 καθάπαξ
3090 2612 3382 2683 ἑλομένων.
3420 2633 3439 2666 ι
3472 2615 3583 2670 Καὶ
3604 2617 3712 2670 νῦν

2129 2699 2253 2754 τάδε
2288 2700 2432 2768 λέγει
2454 2701 2654 2773 Κύριος
2675 2705 3093 2776 παντοκράτωρο
3121 2704 3327 2770 Τάξατε
3355 2705 3452 2770 τὰς
3474 2706 3709 2780 καρδίας

2131 2787 2283 2858 ὑμῶν
2343 2789 2541 2852 εἰςτὰς
2577 2790 2729 2854 ὁδοὺς
2783 2791 2958 2863 ὑμῶν.
2999 2811 3016 2844 ι
3069 2792 3506 2860 Ἀναλογίσασθε,
3539 2795 3706 2862 φησὶ,

2129 2879 2198 2932 τά
2235 2879 2356 2933 καθ’
2385 2880 2608 2946 ἐαυτοὺς
2635 2884 2727 2937 καὶ
2768 2884 3102 2954 δοκιμάσατε
3150 2884 3250 2954 μὲν
3288 2883 3324 2937 ἃ
3355 2885 3708 2954 πεπράχατε,

2130 2967 2223 3024 τοῦ
2248 2969 2378 3024 ναοῦ
2427 2973 2978 3044 καταρῤᾳθυμοῦντες
3009 2973 3101 3028 τοῦ
3148 2974 3314 3039 θείου,
3342 2975 3461 3028 τίνα
3489 2975 3544 3028 δὲ
3571 2976 3710 3046 ὑμῖν

2130 3062 2195 3115 ἐκ
2219 3061 2407 3116 τούτου
2431 3062 2793 3134 συμϐέϐηκεν.
2831 3063 3068 3135 Εὑδηλον
3097 3063 3206 3136 γὰρ
3228 3066 3309 3119 ὅτι
3342 3065 3494 3128 όδοὺς
3521 3065 3708 3118 αὑτῶν

2128 3151 2229 3216 τὰς
2267 3151 2492 3221 πράξεις
2521 3153 2700 3206 αὐτῶν
2730 3152 2904 3219 καλεῖ,
2935 3153 3120 3218 καθὼς
3147 3154 3354 3211 εἴωθεν.

2202 3243 2350 3313 Στίχ.
2381 3250 2538 3314 ς’-η’.
2585 3272 2654 3285 ·-·
2692 3240 2828 3298 Εἶτα
2848 3244 2997 3315 λέγει
3023 3264 3038 3278 ·
3093 3264 3112 3298 ι
3158 3245 3478 3317 Ἐσπείρατε
3505 3244 3708 3313 πολλὰ,

2132 3337 2226 3389 καὶ
2242 3336 2594 3405 είσηνέγκατε
2613 3337 2786 3406 ὀλίγα·
2815 3339 3071 3408 ἐφάγετε,
3102 3340 3196 3393 καὶ
3223 3340 3322 3392 οὑκ
3350 3341 3429 3403 εἰς
3455 3339 3710 3411 πλησμο-

2133 3432 2260 3500 νήνο
2298 3430 2479 3483 ἐπίετε
2499 3469 2514 3493 ,
2557 3431 2653 3484 καὶ
2683 3431 2785 3484 οὑκ
2817 3432 2897 3494 είς
2927 3431 3118 3502 μέθην·
3164 3431 3573 3502 περιεϐάλεσθε,
3607 3433 3709 3487 καὶ

2131 3525 2232 3577 οὑκ
2259 3524 2630 3596 ἐθερμάνθητε
2662 3525 2720 3579 ἐν
2752 3525 2953 3588 αὐτοῖς’
2988 3528 3135 3580 καὶὸ
3163 3527 3289 3590 τοὺς
3317 3526 3540 3597 μισθοὺς
3570 3544 3706 3581 συν-

2134 3617 2314 3685 άγων,
2367 3620 2670 3687 συνήγαγεν
2703 3620 2783 3682 είς
2823 3617 3022 3690 δεσμὸν
3050 3619 3479 3688 τετρυπημένον.
3508 3637 3528 3670 ι
3580 3619 3706 3672 Ἐν-

2131 3711 2358 3780 νοήσατε
2387 3710 2497 3781 γὰρ
2521 3711 2579 3763 ἐν
2604 3711 2704 3783 ὅσῃ
2745 3711 2834 3765 διὰ
2870 3711 2969 3782 τὴν
3021 3709 3292 3782 ρᾳθυμίαν
3323 3710 3539 3780 ἐκείνην
3567 3729 3709 3766 κατ-

2130 3802 2324 3872 έστητε
2350 3802 2526 3873 ἐνδείᾳ
2552 3820 2612 3856 τε
2645 3803 2740 3857 καὶ
2773 3805 2964 3858 σπάνει
2989 3802 3096 3856 τῶν
3121 3803 3432 3872 ἀναγκαίων
3452 3821 3465 3834 ·
3490 3803 3565 3868 ὡς
3591 3803 3710 3857 ἀπὸ

2130 3893 2339 3946 πολλῶν
2389 3896 2488 3964 μὲν
2536 3895 2864 3966 σπερμάτων
2897 3895 3101 3966 βραχὺν
3145 3895 3420 3964 συλλέγειν
3463 3895 3702 3967 καρπὸν,

2131 3985 2421 4038 ἀπολαύειν
2467 3987 2522 4039 δέ
2557 3986 2631 4058 μὴ
2663 3987 2889 4059 τροφῆς,
2924 3988 2998 4057 μὴ
3042 3988 3226 4053 πότου,
3266 3987 3338 4058 μὴ
3385 3987 3708 4058 ἐνδυμάτων

2130 4077 2268 4148 πρὸς
2302 4079 2460 4147 κόρον
2491 4079 2588 4147 τῆς
2618 4078 3046 4149 κατεπειγούσης
3073 4080 3263 4150 χρείας
3287 4120 3303 4145 ,
3353 4079 3445 4132 ἅτε
3478 4079 3704 4133 πάντων

2130 4168 2503 4233 σπανιζόντων
2531 4171 2657 4240 ὑμῖν
2683 4169 2792 4224 τῶν
2818 4171 3150 4240 ἀναγκαίων.
3187 4172 3282 4224 Ἐκ
3306 4171 3363 4224 δὲ
3391 4172 3580 4224 τούτου
3602 4171 3706 4224 καὶ

2127 4260 2198 4315 τὰ
2249 4260 2573 4333 μισθώματα
2627 4263 2774 4333 ὑμῖν,
2826 4263 2902 4326 ὡς
2949 4263 3113 4328 εἰκὸς,
3161 4263 3367 4334 ὅσαπερ
3427 4262 3703 4315 ἐποιεῖσθε

2129 4352 2334 4421 ἀγρούς
2360 4369 2421 4406 τε
2459 4353 2876 4422 ἐκμισθοῦντες,
2920 4354 3016 4407 καὶ
3040 4353 3215 4408 ὁπόσα
3257 4354 3319 4424 δὴ
3361 4353 3584 4406 τοιαῦτα
3619 4355 3703 4418 εἰς

2127 4446 2278 4500 οὐδὲν
2322 4447 2530 4514 ἐγίνετο
2561 4446 2751 4515 ὄφελος
2771 4463 2784 4476 ·
2836 4446 3022 4518 ἐπειδὴ
3065 4446 3170 4499 τῶν
3200 4446 3427 4515 καρπῶν
3459 4445 3702 4499 ἀπολλυ-

2131 4538 2326 4610 μένων,
2355 4539 2476 4592 οὑδὲ
2501 4539 2570 4592 τά
2597 4537 2922 4609 μισθώματα
2955 4540 3083 4609 ὑμῖν
3110 4539 3260 4610 παρά
3283 4537 3390 4590 τῶν
3419 4538 3704 4608 ἐκλαμδαο

2127 4629 2324 4682 νόντων
2353 4627 2620 4682 τελεῖσθαι
2661 4628 2882 4682 δυνατὸν
2925 4629 3188 4698 ὑπῆρχεν.
3235 4629 3305 4696 (p.
3327 4627 3452 4696 H6)
3483 4627 3701 4696 Ὥσπερ

460 4713 640 4768 niculo
669 4723 762 4767 aut
805 4717 1001 4784 quovis
1033 4717 1142 4771 alio
1177 4718 1496 4785 involucra,
1544 4722 1686 4791 quod
1737 4733 2020 4794 pertusum

2131 4721 2183 4773 δέ
2216 4721 2273 4773 ἐν
2302 4717 2568 4790 βαλαντίῳ
2599 4721 2632 4791 ἢ
2665 4720 2820 4791 ράκει
2848 4720 2881 4789 ἦ
2907 4737 3010 4772 τινι
3041 4719 3176 4781 ὅλως
3207 4718 3496 4786 ἀποδέσμῳ
3526 4719 3576 4770 εί
3603 4733 3699 4770 τε-

460 4802 656 4868 fuerit,
693 4808 1007 4862 coacervari
1042 4816 1326 4878 argentum
1359 4813 1548 4881 nequit
1576 4852 1590 4874 ,
1624 4813 1769 4881 quod
1800 4816 2028 4871 omnino

457 4894 704 4950 elllucret
748 4911 810 4949 ac
843 4899 1066 4966 periret,
1109 4900 1193 4955 sic
1229 4903 1396 4954 etiam
1434 4903 1793 4971 pereuntibus
1833 4903 2028 4960 fructi-

461 4985 598 5048 bus,
648 4993 861 5040 vestras
898 5003 1115 5057 quoque
1167 4989 1466 5058 pensiones
1513 4987 1764 5058 deperire
1796 5005 2028 5047 necesse

460 5076 583 5129 fuit.
611 5094 631 5127 ‹
658 5075 781 5130 Ilaec
814 5079 890 5130 ait
916 5077 1180 5135 Dominus
1202 5081 1549 5152 omnipotens
1581 5099 1592 5134 :
1627 5079 1822 5136 Ponite
1850 5083 2022 5135 corda

459 5172 642 5218 vestra
673 5165 741 5220 ad
773 5166 892 5222 vias
933 5176 1150 5224 vestras
1178 5188 1192 5224 :
1233 5172 1517 5226 ascendite
1559 5172 1612 5225 in
1660 5181 1902 5226 montem
1929 5213 1944 5238 ,
1973 5183 2028 5227 et

457 5258 742 5326 praecidite
765 5259 910 5328 ligna
929 5299 945 5322 ,
976 5267 1032 5314 et
1060 5260 1270 5317 deferte
1290 5303 1304 5326 ,
1338 5279 1402 5318 ac
1429 5265 1694 5334 templum
1725 5265 2015 5331 aedificate,

456 5355 512 5400 et
538 5346 856 5402 delcctabor
882 5348 938 5403 in
967 5365 1032 5404 eo
1056 5391 1070 5415 ,
1100 5361 1154 5405 et
1180 5353 1550 5422 glorificabor,
1581 5355 1659 5408 ait
1686 5353 1974 5412 Dominus.
2002 5374 2022 5408 ι

459 5436 552 5491 Eia
590 5453 724 5520 ergo
756 5437 873 5493 haec
909 5451 1222 5510 reputantes
1242 5484 1256 5507 ,
1292 5445 1455 5500 facite
1483 5461 1603 5514 qure
1636 5447 1906 5502 hactenus
1934 5465 2030 5503 ne-

457 5529 740 5596 glexistis,
777 5531 940 5604 274
971 5543 1026 5588 et
1053 5534 1122 5590 de
1155 5537 1360 5606 templo
1406 5538 1745 5594 exstruendo
1803 5541 2022 5596 solliciti

456 5630 666 5689 estote,
703 5623 849 5694 ligna
887 5627 1285 5698 praecidentes,
1319 5643 1384 5684 ac
1422 5631 1633 5701 reliqua
1671 5630 2023 5687 aediﬁcationi

456 5723 651 5772 Idonea
701 5717 874 5775 multo
922 5734 1048 5776 cum
1097 5722 1264 5778 animi
1312 5721 1525 5780 fervore
1574 5731 1858 5789 parantes.
1906 5723 2023 5794 Ego

2123 4812 2472 4885 τρυπημένον
2513 4811 2618 4882 εἴη,
2649 4811 3000 4879 συλλέγεσθαι
3041 4809 3303 4882 ἀργύριον
3327 4809 3577 4879 οὐδαμῶς
3603 4809 3699 4862 δυ-

2123 4904 2303 4970 νατὸν,
2319 4904 2632 4957 διεκπίπτον
2662 4905 2754 4957 καὶ
2781 4903 3149 4972 ἀπολλύμενον
3180 4903 3414 4966 πάντως,
3432 4901 3607 4964 οὕτως
3627 4904 3694 4972 τῇ

2123 4994 2232 5046 τῶν
2267 4993 2493 5064 καρπῶν
2526 4992 2770 5064 ἀπωλείᾳ
2803 4993 2898 5047 καὶ
2934 4991 3002 5045 τά
3035 4990 3364 5063 μισθώματα
3405 4991 3534 5060 ὑμῖν
3571 5007 3700 5042 συν-

2124 5083 2529 5154 διαφθείρεσθαι
2558 5086 2850 5152 ἀναγκαῖον
2879 5085 3143 5155 ὑπῆρχεν.
3185 5101 3203 5133 ι
3231 5082 3368 5135 Τάδε
3397 5081 3543 5149 λέγει
3583 5080 3699 5134 K6-

2132 5193 2244 5246 ριος
2276 5177 2671 5247 παντοκράτωρ
2691 5193 2704 5205 ο
2737 5175 2905 5228 Θέσθε
2929 5175 3027 5238 τὰς
3055 5175 3284 5246 καρδίας
3312 5173 3464 5242 ὑμῶν
3487 5175 3566 5236 εἰς
3594 5173 3699 5234 τὰς

2126 5265 2278 5327 ὁδοὺς
2310 5265 2491 5334 ὑμῶν’
2527 5265 2758 5335 ἀνάϐητε
2791 5267 2883 5318 ἐπὶ
2913 5266 2972 5319 τὸ
3005 5265 3151 5338 ὅρος,
3183 5266 3277 5320 καὶ
3307 5265 3509 5334 κόψατε
3540 5262 3696 5328 ξύλα,

2127 5355 2219 5408 καὶ
2247 5354 2450 5419 οἴσατε,
2477 5359 2572 5409 καὶ
2601 5359 2990 5428 οίκοδομήσατε
3018 5357 3184 5422 οἷκον,
3213 5359 3305 5411 καὶ
3334 5358 3608 5426 εὑδοκήσω
3638 5357 3698 5408 ἐν

2127 5445 2276 5516 αὑτῷ
2309 5446 2404 5499 καὶ
2431 5446 2907 5519 ἐνδοξασθήσομαι,
2940 5443 3061 5501 εἷπε
3094 5448 3317 5518 Κύριος.
3350 5467 3370 5500 ι
3410 5445 3569 5499 Ἀλλά
3586 5444 3699 5515 γὰρ

2129 5534 2300 5590 ταῦτα
2328 5537 2796 5607 ἀναλογισάμενοι,
2830 5539 3191 5610 διορθώσασθε
3225 5539 3324 5609 μὲν
3347 5538 3417 5592 τά
3444 5537 3537 5591 νῦν
3566 5537 3696 5608 παρ’

2131 5627 2285 5698 ὑμῶν
2307 5628 2675 5700 ἀμελούμενα,
2703 5631 2798 5684 καὶ
2822 5632 3141 5701 φροντίσατε
3169 5633 3268 5704 τῆς
3294 5631 3582 5704 οἰκοδομῆς
3597 5629 3695 5685 τοῦ

2129 5719 2258 5775 ναοῦ
2279 5735 2296 5756 ο
2333 5719 2466 5786 ξύλα
2495 5737 2556 5774 τε
2587 5721 2930 5794 ἐκτεμόντες,
2959 5725 3052 5779 καὶ
3076 5724 3146 5779 τά
3174 5724 3338 5780 λοιπά
3372 5725 3437 5796 δὴ
3465 5725 3532 5779 τὰ
3560 5722 3692 5796 πρὸ,
