3830 6216
114 297 222 357 ιει

1113 284 1670 346 COMMENTARIUS
1731 279 1799 336 IN
1871 261 2108 338 ACGIEI
2145 283 2298 339 CAP.
2332 283 2367 337 ι.

3271 275 3388 330 ιεε.

117 419 221 485 τὴν
247 411 538 484 οίκοδομὴν
568 411 846 480 ἐπιτήδεια
889 407 1027 479 μετά
1060 407 1264 474 πολλῆς
1292 403 1701 471 εἰσενέγκαντες

1826 412 1936 452 vero
1973 397 2221 452 vicissim
2269 396 2373 449 hoc
2411 402 2594 448 vestro
2627 392 2818 462 templi
2857 391 3089 446 aediﬁcio
3127 392 3371 449 delecta-

116 509 223 576 τῆς
252 505 563 578 προθυμίας
585 520 599 533 ·
645 500 898 572 ἀρεσθεὶς
930 499 988 552 δὲ
1021 499 1115 552 καὶ
1146 497 1306 559 αὑτὸς
1335 498 1402 566 τῇ
1432 491 1702 563 γενομένῃ

120 601 258 669 παρ’
297 597 450 668 ὑμῶν
489 595 742 664 οἰκοδομῇ
769 591 863 645 τοῦ
887 590 1038 651 ναοῦ,
1068 590 1290 643 τοιαῦτα
1318 589 1398 650 είς
1431 584 1703 656 ὑμετέραν

121 690 446 761 εὐεργεσίαν
470 686 792 758 ἐργάσομαι,
821 683 856 736 ἃ
890 682 1039 753 παρά
1065 681 1198 733 πᾶσί
1232 696 1298 749 με
1326 677 1541 744 ποιήσει
1566 674 1705 741 γνώ-

123 799 312 852 ριμον,
340 781 417 843 ὠς
444 779 675 849 μέγιστα
707 777 829 836 τοὺς
876 773 1055 844 εὐνοίᾳ
1088 789 1177 842 μοι
1211 768 1489 823 πείθεσθαι
1521 766 1704 837 βουλο-

125 875 327 945 μένους
352 872 647 942 δυνάμενον
676 867 926 936 ὠφελεῖν.

195 965 346 1032 Στίχ.
378 963 541 1014 θ’-ια’.
585 989 638 1000 -
688 953 820 1010 Εἶτα
848 954 1008 1009 πάλιν
1045 953 1474 1023 ὑπομιμνήσκων
1507 948 1705 1010 αὑτοὺς

120 1047 200 1110 ὧν
222 1055 288 1108 τὸ
319 1054 581 1123 πρότερον
620 1049 707 1102 διὰ
740 1049 837 1118 τὴν
870 1047 1139 1118 ρᾳθυμίαν
1167 1043 1458 1113 ὑπέμενον,
1497 1041 1593 1094 καὶ
1623 1041 1699 1091 εἰ-

120 1146 264 1214 πὼν,
319 1165 336 1195 ι
361 1143 730 1211 Ἐπεϐλέψατε
771 1143 850 1202 είς
895 1137 1096 1200 πολλὰ,
1142 1137 1237 1191 καὶ
1279 1135 1493 1203 ἐγένετο
1525 1133 1703 1200 ὀλίγα,

118 1241 220 1293 καὶ
243 1237 535 1308 εἰσηνέχθη
573 1236 651 1297 εἰς
683 1233 775 1285 τὸν
799 1228 968 1296 οἷκον,
1013 1229 1107 1284 καὶ
1139 1227 1447 1298 ἐξεφύσησα
1488 1225 1644 1279 αὑτά.
1681 1243 1698 1274 ι

120 1334 240 1387 Ἰνα
261 1332 394 1402 είπῃ
409 1331 510 1383 ὃτι·
530 1328 669 1381 Οὑτε
685 1328 811 1389 τοὺς
827 1324 1070 1397 καρποὺς
1095 1323 1222 1394 ὑμῖν
1239 1323 1303 1375 ἐκ
1329 1321 1428 1391 τῆς
1443 1319 1547 1389 γῆς
1564 1335 1705 1389 παρ-

118 1423 342 1493 έχεσθαι
379 1420 542 1473 εἴων·
578 1419 672 1472 καὶ⁹
699 1417 770 1470 τά
804 1416 1064 1469 δοκοῦντα
1103 1413 1382 1480 γίνεσθαι,
1417 1411 1702 1464 ἀπόλλυον.

128 1514 368 1583 Ἑτέρως
417 1509 648 1576 ἐπάγει⁶
709 1525 727 1558 ι
767 1506 866 1558 Διὰ
904 1504 1063 1557 τοῦτο
1114 1503 1238 1556 τάδε
1297 1501 1442 1569 λέγει
1503 1499 1706 1572 Κύριος

119 1600 523 1671 παντοκράτωρ
544 1638 558 1661 ,
605 1597 624 1666 (
641 1614 692 1666 p.
721 1596 821 1650 417
848 1597 864 1666 )
893 1594 1031 1647 Ἀνθ’
1057 1586 1132 1646 ὧν
1163 1595 1192 1644 ὁ
1222 1588 1370 1654 οἶκός
1415 1607 1517 1661 μου
1560 1590 1706 1641 ἐστὶν

120 1698 222 1766 ἔρῃ
233 1711 354 1765 μος,
370 1694 529 1764 ὑμεῖς
554 1691 612 1743 δὲ
637 1689 857 1743 διώκετε
879 1688 1106 1748 ἕκαστος
1129 1687 1208 1748 είς
1238 1685 1327 1736 τὸν
1349 1679 1495 1735 οἷκον
1517 1678 1704 1744 αὑτοῦ,

118 1787 211 1839 διὰ
254 1786 414 1838 τοῦτο
460 1783 637 1846 ἀνέξει
686 1784 715 1834 6
759 1780 986 1851 οὐρανὸς
1033 1777 1140 1830 ἀπὸ
1166 1776 1394 1847 δρόσου,
1435 1773 1528 1826 καὶ
1569 1774 1602 1842 ὴ
1635 1772 1704 1840 γῆ

120 1879 391 1930 στελεῖται
434 1876 500 1927 τά
531 1873 760 1944 ἐκφόρια
803 1871 973 1939 αὑτῆς
1021 1873 1106 1939 ἐφ’
1143 1870 1324 1939 ὑμᾶς·
1379 1867 1473 1920 καὶ
1519 1864 1705 1930 ἐπάξω

123 1970 403 2041 ῥομφαίαν
446 1968 538 2020 ἐπὶ⁹
566 1967 664 2036 τὴν
689 1966 812 2034 γῆν,
850 1965 943 2016 καὶ
977 1963 1071 2015 ἐπὶ
1103 1961 1171 2014 τὰ
1198 1960 1322 2032 ὅρη,
1359 1960 1453 2012 καὶ
1490 1957 1581 2010 ἐπὶ
1613 1957 1705 2010 τὸν

122 2067 296 2125 σῖτον,
329 2062 424 2114 καὶ
459 2060 552 2112 ἐπὶ
585 2058 675 2111 τὸν
704 2051 866 2119 οἶνον,
898 2055 992 2108 καὶ
1024 2053 1116 2107 ἐπὶ
1147 2053 1208 2105 τὸ
1244 2051 1442 2109 ἔλαιον,
1481 2049 1575 2102 καὶ
1615 2051 1706 2100 ἐπὶ

120 2156 310 2208 πάντα
340 2154 440 2204 ὅσα
483 2150 707 2220 ἐκφέρει
747 2149 782 2217 ἡ
813 2147 907 2215 γῆ,
940 2145 1032 2198 καὶ
1071 2145 1163 2196 ἐπὶ
1195 2144 1322 2204 τοὺς
1363 2140 1703 2210 ἀνθρώπους.

121 2249 223 2301 καὶ
262 2246 357 2298 ἐπὶ
383 2244 454 2297 τά
486 2243 683 2313 κτήνη,
715 2241 810 2294 καὶ
842 2239 935 2291 ἐπὶ
965 2237 1172 2300 πάντας
1205 2237 1330 2298 τοὺς
1373 2234 1566 2295 πόνους
1599 2232 1706 2284 τῶν

120 2337 328 2408 χειρῶν
357 2333 560 2388 αὑτῶν.
603 2351 621 2382 ι
664 2328 922 2383 Βούλεται
962 2327 1019 2379 δὲ
1048 2325 1136 2378 διὰ
1162 2323 1365 2376 τούτων
1404 2321 1600 2383 αὑτοὺς
1632 2313 1707 2372 ὧν

120 2427 459 2498 ἀμελοῦντες
507 2421 604 2475 τοῦ
641 2419 769 2474 ναοῦ
816 2417 1150 2471 πεπόνθεσαν
1196 2413 1524 2482 ὑπομνῆσαι.
1577 2409 1708 2461 Ὅτε

119 2522 259 2590 γάρ,
291 2519 446 2587 φησι,
474 2515 565 2568 τὸν
604 2509 752 2565 οἷκον
780 2510 870 2563 τὸν
902 2509 1033 2580 ἐμὸν
1062 2509 1119 2559 ἐν
1151 2506 1358 2576 ἐρημίᾳ
1382 2502 1711 2572 τυγχάνοντα

121 2613 522 2685 περιορῶντες,
558 2608 686 2679 περὶ
726 2607 826 2676 τὴν
853 2602 1140 2673 οἰκοδομὴν
1167 2601 1274 2655 τῶν
1317 2598 1480 2652 οἴκων
1511 2600 1710 2650 ἐσπου-

119 2706 323 2770 δάζετε
357 2703 465 2755 τῶν
501 2701 667 2763 ἰδίων,
707 2699 850 2762 τότε,
881 2696 1066 2767 φησὶν,
1097 2695 1126 2747 ὃ
1170 2710 1230 2746 τε
1261 2691 1415 2754 ὑετὸς
1444 2689 1709 2758 ἐπείχετο,

119 2801 229 2853 καί¹
275 2801 309 2868 ἡ
358 2797 430 2866 γῆ
477 2795 568 2848 τὸν
612 2791 823 2864 καρπὸν
850 2791 949 2844 οὑκ
981 2788 1190 2850 ἐδίδου,
1232 2785 1326 2838 καὶ
1374 2783 1562 2853 ὥσπερ
1608 2782 1716 2834 τινί

123 2894 279 2961 ξίφει
330 2891 536 2950 πάντας
575 2887 701 2948 τοὺς
745 2884 836 2936 ἐπὶ
876 2885 975 2952 τῆς
1007 2882 1108 2950 γῆς
1141 2878 1401 2948 ἠφάνιζον
1445 2874 1711 2945 καρποὺς.

122 2984 445 3054 ἁπτόμενος
493 2979 590 3032 καὶ
643 2974 944 3047 ἀνθρώπων
997 2973 1091 3026 καὶ⁵
1150 2968 1365 3054 κτηνῶν
1373 3052 1378 3054 Δ
1415 2965 1674 3027 πολλάκις
1697 3005 1713 3031 ,

1805 496 1894 543 tus
1917 531 1930 553 ,
1967 503 2028 543 ea
2063 487 2220 543 vobis
2259 486 2528 542 beneficia
2563 485 2880 549 conferam,
2915 500 3036 554 qua
3068 499 3154 540 me
3191 486 3370 554 palam

1805 581 2133 646 ostendent,
2187 581 2312 636 illos
2347 582 2583 636 maxime
2611 581 2807 652 juvare
2837 582 3106 636 valentem
3143 580 3236 650 qui
3278 581 3377 635 he-

1807 675 2000 728 nevolo
2021 674 2288 743 obsequio
2321 673 2452 726 tnihi
2487 673 2770 729 obediunt.

1876 952 2047 1006 Vsus.
2091 952 2243 1005 9-H.
2280 980 2346 989 -—
2381 950 2596 1006 Rursus
2653 962 2840 1021 postea
2899 969 3374 1020 ccinmemorans,

1806 1060 1926 1114 qua:
1969 1051 2127 1096 antea
2185 1054 2404 1112 propter
2455 1059 2610 1098 suam
2656 1047 2946 1115 segnitiem
2989 1049 3373 1116 pertulerunt,

1805 1137 1920 1188 ait:
1956 1152 1974 1185 ι
2009 1133 2348 1204 Βεερειιίειὶε
2373 1134 2440 1188 ad
2486 1136 2678 1201 multa;
2710 1146 2764 1190 et
2806 1136 2949 1190 facta
2989 1148 3119 1194 sunt
3161 1154 3330 1209 pauca
3357 1181 3372 1205 ,

1805 1233 1860 1280 et
1890 1226 2039 1279 illata
2067 1236 2197 1279 sunt
2227 1225 2281 1278 in
2310 1225 2572 1291 domum,
2606 1235 2661 1281 et
2691 1226 2974 1282 exsulﬂavi
3003 1244 3088 1284 ea.
3124 1249 3140 1280 ι
3173 1229 3225 1283 Id
3254 1241 3372 1295 est,

1810 1315 1890 1370 Ne
1920 1318 2106 1386 fruges
2134 1317 2352 1385 quidem
2381 1318 2582 1370 vobisa
2611 1329 2753 1371 terra
2786 1319 3123 1387 suppeditari
3149 1321 3251 1376 sivi
3281 1340 3294 1374 :
3323 1331 3377 1374 et

1807 1424 1928 1477 qua:
1957 1417 2097 1462 ιιιιιιε
2131 1409 2478 1470 videbantur,
2508 1424 2602 1462 eas
2632 1411 3007 1478 pessumdedi.
3034 1411 3172 1465 Tum
3201 1419 3377 1482 pergit

1809 1500 1990 1553 dicere
2020 1519 2031 1553 :
2066 1520 2083 1550 ι
2107 1500 2404 1569 Propterea
2437 1501 2549 1554 haec
2583 1503 2659 1554 ait
2689 1500 2954 1558 Dominus
2985 1505 3332 1574 omnipotens
3360 1548 3373 1561 .

1814 1584 1951 1651 Quia
1967 1585 2163 1640 domus
2182 1602 2300 1641 mea
2341 1589 2556 1646 deserta
2585 1599 2702 1657 est,
2730 1608 2827 1648 vos
2861 1602 3041 1648 autem
3073 1599 3378 1665 properatis

1809 1683 2183 1752 unusquisque
2207 1683 2259 1736 in
2285 1684 2556 1753 pr0priam
2583 1684 2829 1748 domum,
2852 1685 3059 1740 idcirco
3084 1687 3379 1743 abstinebit

1811 1774 2010 1824 coelum
2049 1788 2077 1823 a
2111 1787 2270 1835 rore,
2321 1783 2374 1826 et
2426 1785 2570 1827 terra
2623 1776 2912 1830 subtrahet
2958 1780 3376 1846 procreationes

1811 1879 1941 1918 suas
1971 1865 2146 1918 Vobis.
2182 1863 2244 1917 Et
2277 1865 2533 1920 inducam
2581 1868 2820 1936 gladium
2865 1884 3034 1939 super
3064 1881 3296 1932 terram,
3328 1879 3383 1925 et

1809 1971 1975 2025 super
2006 1969 2218 2012 montes
2241 1997 2256 2021 ,
2286 1972 2339 2013 et
2369 1975 2536 2030 super
2563 1961 2838 2025 triticum,
2868 1971 2924 2018 et
2957 1979 3124 2034 super
3154 1966 3336 2019 vinum
3365 2004 3380 2029 ,

1808 2056 1862 2101 et
1896 2063 2067 2117 super
2098 2049 2319 2116 oleum,
2357 2061 2410 2105 et
2444 2067 2611 2121 super
2643 2054 2828 2114 omnia
2875 2070 2998 2125 quas
3051 2057 3214 2112 tellus
3262 2073 3387 2127 ger-

1809 2143 2011 2205 minat,
2053 2153 2107 2199 et
2146 2161 2310 2213 super
2348 2146 2635 2214 homines,
2693 2156 2748 2203 et
2805 2166 2971 2220 super
3002 2150 3290 2218 jumenta,
3331 2165 3385 2208 et

1809 2233 2026 2289 labores
2054 2237 2329 2304 quoslibet
2360 2252 2620 2291 manuum
2661 2251 2994 2294 vestrarum.
3029 2261 3046 2292 ι
3076 2240 3171 2298 His
3203 2245 3385 2300 verbis

1808 2324 1926 2378 vult
1956 2327 2038 2380 eis
2072 2326 2128 2379 in
2164 2328 2484 2380 memoriam
2519 2343 2780 2383 revocare
2818 2347 2942 2400 quae
2970 2333 3041 2385 ob
3077 2334 3384 2404 neglectum

1810 2417 2075 2486 templum
2127 2418 2271 2471 mala
2327 2421 2688 2488 pertulerant.
2740 2420 2876 2476 Dum
2931 2425 3114 2487 enim,
3169 2427 3385 2496 inquit,

1809 2505 2073 2574 templum
2125 2521 2304 2559 meum
2359 2507 2412 2559 in
2449 2508 2705 2561 vastitate
2748 2510 2934 2578 jacere
2977 2512 3259 2576 sinentes,
3297 2531 3389 2568 ve-

1811 2604 2049 2648 strarum
2082 2595 2279 2648 aedium
2309 2597 2669 2650 exstructioni
2699 2613 2922 2667 operam
2957 2600 3208 2668 dabatis;
3238 2612 3390 2670 ιιιιιιο,

1815 2684 2018 2754 inquit,
2057 2685 2232 2739 imber
2262 2686 2574 2755 prohibitus
2605 2686 2728 2752 fuit,
2754 2690 2916 2744 tellus
2940 2691 3124 2761 fruges
3153 2697 3390 2764 negavit,

1814 2782 1868 2828 et
1899 2775 2135 2842 quodam
2171 2776 2340 2829 veluti
2375 2777 2561 2847 gladio
2589 2791 2821 2835 cunctos
2856 2796 2957 2850 ego
2985 2790 3144 2838 terras
3178 2786 3394 2840 fructus

1815 2866 2104 2932 destruxi,
2157 2867 2477 2923 hominibus
2531 2885 2751 2939 quoque
2802 2887 2867 2928 ac
2915 2872 3185 2944 jumentis
3244 2876 3390 2930 haud

1821 2975 1949 3013 raro
2001 2961 2328 3030 percussis;
2385 2965 2602 3018 cunctis
2652 2966 2919 3035 denique,
2967 2975 3025 3020 ut
3080 2973 3393 3024 summatim

124 3051 318 3132 πάντα
338 3090 396 3126 τε
429 3071 707 3140 συντόμως
738 3069 908 3119 εἰπεῖν
928 3063 1163 3126 ἀπολλὺς
1183 3062 1322 3132 ὑπὲρ
1344 3052 1418 3111 ὧν
1449 3059 1711 3110 ἐπονεῖτε.

1826 3051 1998 3105 dicam
2021 3093 2036 3118 ,
2071 3052 2354 3106 laboribus
2387 3056 2582 3107 vestris
2618 3058 3006 3124 pcssumdatis.
3039 3057 3158 3112 Jam
3194 3071 3394 3129 praeter

138 3167 275 3220 Ἐπὶ
299 3165 407 3234 γὰρ
435 3165 501 3232 τῇ
534 3161 820 3230 προτροπῇ
847 3156 940 3209 τοῦ
973 3154 1239 3224 ἀναϐῆναι
1270 3153 1364 3206 καὶ
1398 3150 1561 3219 κόψαι
1584 3147 1715 3214 ξύλα

125 3259 384 3326 ἐνεγκεῖν
407 3272 469 3307 τε
513 3254 608 3306 καὶ
635 3249 917 3321 φροντίσαι
948 3249 1047 3316 τῆς
1077 3245 1383 3315 οἰκοδομῆς,
1407 3242 1579 3295 ταῦτα
1621 3243 1720 3292 ἐπ-

126 3355 342 3422 ήγαγε,
367 3349 433 3417 τῇ
467 3347 653 3415 μνήμῃ
702 3342 808 3394 τῶν
851 3337 1150 3408 γεγονότων
1179 3334 1359 3405 φοϐῶν
1403 3332 1598 3396 αὑτοὺς
1644 3331 1719 3402 μὴ

131 3442 403 3516 ὸᾳθὺμως
429 3435 682 3502 δέξασθαι
710 3434 772 3486 τὸ
802 3433 1106 3501 ἐπίταγμα.
1147 3427 1376 3496 Ἐπάγει
1405 3427 1536 3495 γοῦν
1561 3443 1574 3454 ο

212 3617 364 3684 Στίχ.
398 3613 578 3683 ιβ’-ιδ’.
608 3642 677 3651 -
720 3629 738 3660 ι
767 3608 1008 3661 ’Ἤκουσε
1037 3602 1342 3674 Ζοροϐάϐελ
1368 3604 1396 3655 ὁ
1420 3599 1513 3653 τοῦ
1549 3599 1720 3652 Σαλα-

135 3709 267 3778 θιὴλ
300 3711 366 3760 ὲκ
399 3704 569 3773 φυλῆς
616 3701 807 3764 Ἰούδα,
840 3699 935 3753 καὶ
975 3695 1178 3767 Ἰησοῦς
1220 3697 1248 3748 6
1281 3691 1374 3746 τοῦ
1417 3692 1659 3745 Ἰωσεδὲκ
1693 3691 1721 3742 6

138 3795 327 3865 ἱερεὺς
358 3793 386 3844 6
419 3791 612 3862 μέγας,
655 3790 748 3842 καὶ
791 3788 992 3848 πάντες
1024 3786 1073 3837 οἱ
1100 3784 1416 3837 κατάλοιποι
1441 3781 1533 3834 τοῦ
1571 3779 1720 3846 λαοῦ,

135 3887 246 3951 τῆς
270 3883 456 3952 φωνῆς
484 3881 690 3952 Κυρίου
717 3879 809 3932 τοῦ
841 3876 976 3931 Θεοῦ
1021 3875 1220 3938 αὐτῶν,
1253 3875 1345 3928 καὶ
1392 3873 1499 3926 τῶν
1549 3872 1724 3938 λόγων

153 3977 418 4047 Ἀγγαίου
449 3973 542 4027 τοῦ
571 3974 875 4044 προφήτου,
915 3970 1103 4023 καθότι
1141 3966 1521 4034 ἐξαπέστειλεν
1562 3965 1726 4017 αὑτὸν

141 4069 353 4141 Κύριος
383 4070 413 4121 ὀ
458 4066 590 4129 Θεὸς
632 4063 810 4118 αὑτῶν
841 4063 977 4134 πρὸς
1010 4061 1226 4123 αὑτοὺς,
1271 4060 1364 4113 καὶ
1411 4056 1652 4128 ἐφοϐήθη
1701 4059 1728 4110 ὁ

142 4165 275 4226 λαὸς
300 4161 411 4215 ἀπὸ
443 4157 734 4230 προσώπου
765 4157 991 4228 Κυρίου.
1025 4174 1043 4206 ι
1096 4154 1319 4216 Δεικνὺς
1365 4152 1447 4204 ὅτι
1495 4151 1593 4202 οὑκ
1633 4151 1728 4202 ἁν-

144 4254 380 4323 ωφελεῖς
410 4253 460 4304 οἱ
489 4252 636 4318 λόγοι
674 4250 931 4318 γεγόνασι
975 4247 1111 4317 πρὸς
1157 4246 1386 4317 αὑτοὺς,
1437 4243 1639 4306 πάντες
1671 4241 1730 4294 δέ

145 4348 249 4418 τὴν
291 4348 356 4398 ἐκ
401 4345 509 4396 τῶν
541 4342 844 4413 εἰρημένων
877 4338 1202 4409 φοϐηθέντες
1245 4335 1474 4405 ἀπειλὴν
1507 4334 1730 4386 ἐνευσαν

1823 3145 2267 3200 exhortationem
2323 3157 2378 3198 ut
2417 3146 2484 3198 ad
2520 3149 2866 3216 praecidenda
2904 3165 2967 3204 ac
2998 3151 3288 3206 deferenda
3333 3154 3399 3207 li-

1821 3253 1926 3307 gna
1958 3239 2321 3294 ascenderem
2347 3281 2361 3303 ,
2398 3251 2453 3293 et
2484 3241 2699 3294 aedilicii
2737 3257 2924 3296 curam
2967 3254 3252 3313 gererent,
3285 3247 3399 3301 haec

1823 3330 2068 3394 addidit,
2115 3332 2518 3401 praeteritorum
2571 3334 2832 3388 nimirum
2877 3339 3139 3391 memoria
3188 3349 3399 3396 terrens

1826 3424 1947 3478 illos
1975 3425 2270 3493 quominus
2304 3426 2546 3494 segniter
2580 3427 2892 3482 mandatqu
2922 3431 3259 3499 exciperent.
3291 3431 3400 3486 Ad-

1824 3514 1905 3568 dit
1940 3516 2146 3585 igitur:

1896 3604 2062 3662 Vens.
2106 3606 2294 3662 12-14.
2332 3641 2398 3650 ——
2427 3629 2445 3662 ι
2489 3609 2558 3664 Et
2614 3611 2828 3666 audivit
2883 3611 3189 3670 Zorobabel
3246 3612 3402 3668 Sala-

1825 3699 2012 3755 thielis
2044 3699 2190 3756 lilius
2221 3703 2285 3755 de
2315 3704 2458 3756 tribu
2491 3702 2646 3758 Juda:
2669 3744 2684 3769 ,
2716 3714 2770 3759 et
2789 3703 2951 3761 Jesus
2981 3704 3228 3762 Josedeci
3258 3708 3401 3763 (ilius

1826 3791 1988 3862 275
2038 3794 2296 3850 sacerdos
2333 3811 2601 3866 magnus,
2643 3806 2697 3851 et
2735 3799 2930 3868 reliqui
2970 3814 3160 3854 omnes
3195 3801 3261 3854 de
3300 3816 3400 3870 po-

1827 3885 1988 3952 pulo,
2018 3899 2209 3939 vocem
2251 3884 2469 3941 Domini
2509 3886 2604 3942 Dei
2649 3892 2770 3954 sui,
2818 3897 2871 3944 et
2921 3906 3202 3946 sermones
3221 3893 3400 3961 Agga-i

1830 3975 2108 4044 propheta:
2125 4019 2140 4041 ,
2168 3984 2330 4046 prout
2355 3980 2582 4032 miserat
2605 3993 2728 4032 eum
2756 3981 3014 4036 Dominus
3039 3979 3184 4035 Deus
3212 3997 3400 4036 eorum

1830 4065 1897 4118 ad
1956 4065 2140 4136 ipsos,
2189 4067 2480 4138 timuitque
2529 4070 2788 4138 populus_
2818 4087 2848 4125 a
2900 4071 3041 4128 facie
3104 4072 3340 4128 Domini.
3377 4093 3395 4126 ι

1831 4155 2083 4211 Ostendit
2118 4157 2261 4213 haud
2297 4159 2532 4224 inaniter
2566 4159 2708 4215 facta
2743 4161 2908 4216 verba
2945 4163 3010 4216 ad
3048 4180 3144 4217 eos
3184 4163 3400 4230 fuisse;

1832 4249 2035 4305 etenim
2081 4252 2266 4306 cuncti
2312 4253 2602 4322 pra:dictas
2647 4255 2826 4314 minas
2871 4266 3120 4313 verentes
3171 4259 3236 4313 ad
3286 4265 3402 4312 ozli-

1835 4342 1983 4396 cium
2017 4343 2294 4398 redierant
2322 4364 2334 4399 :
2373 4345 2446 4399 ita
2487 4353 2546 4398 ut
2586 4347 2788 4401 missus
2819 4362 2847 4399 a
2884 4346 2994 4402 Deo
3027 4350 3290 4419 propheta
3319 4353 3405 4404 di-

146 4441 290 4512 πρὸς
317 4440 380 4491 τὸ
411 4437 531 4490 δέον
558 4450 572 4465 °
621 4437 697 4504 (p.
729 4434 854 4502 418)
888 4431 1028 4485 ὥστε
1061 4431 1154 4484 καὶ
1181 4428 1552 4481 ἀποσταλέντα
1582 4424 1711 4496 παρέ

1837 4434 1978 4487 xerit
2025 4434 2192 4488 eiszt
2229 4433 2338 4506 Ego
2394 4427 2677 4491 vobiscum
2725 4453 2882 4502 sum,
2935 4441 3011 4491 ait
3064 4438 3348 4494 Dominus.
3381 4459 3400 4490 ι

142 4533 246 4587 τοῦ
273 4530 411 4585 Θεοῦ
445 4529 536 4582 τὸν
571 4527 856 4600 προφήτην
886 4526 1058 4577 εἰπεῖν
1094 4522 1230 4593 πρὸς
1260 4521 1476 4582 αὐτοὺς,
1531 4537 1550 4568 ι
1591 4516 1734 4585 Ἐγώ

147 4628 271 4695 εἰμι
305 4621 424 4694 μεθ’
461 4620 634 4690 ὑμῶν,
662 4619 810 4687 λέγει
847 4617 1111 4687 Κύριος.)
1179 4614 1266 4676 Ὠς
1303 4612 1368 4665 ἂν
1407 4610 1628 4675 δείξειεν
1653 4611 1733 4662 ὅτι

147 4719 274 4786 ἅμα
304 4712 664 4784 μετεϐάλοντο
705 4711 797 4765 τὸν
827 4711 1056 4780 τρόπον,
1091 4707 1185 4759 καὶ
1230 4706 1358 4776 περὶ
1398 4704 1499 4772 τὴν
1531 4701 1734 4754 οἰκοδο-

152 4807 266 4877 μὴν
295 4805 393 4858 τοῦ
421 4803 551 4857 ναοῦ
579 4802 678 4873 τὴν
707 4801 942 4871 σπουδὴν
973 4800 1128 4870 ἔσχον
1148 4838 1162 4862 ,
1207 4797 1304 4850 καὶ
1352 4796 1514 4860 εὐθὺς
1560 4798 1735 4865 ἐπηγ-

147 4896 379 4966 γείλατο
406 4893 538 4955 Θεὸς
564 4895 620 4946 ἐν
645 4892 846 4945 ἅπασιν
874 4891 1053 4953 αὑτοῖς
1081 4889 1179 4959 τὴν
1211 4887 1404 4941 ἐαυτοῦ
1436 4890 1737 4959 παρασχεῖν

149 4983 518 5056 κηδεμονίαν·
566 4981 723 5034 τοῦτο
761 4980 870 5050 γὰρ
907 4980 1055 5050 δηλοῖ
1081 4979 1164 5040 τὺ,
1197 4998 1214 5028 ι
1246 4977 1374 5044 Εἰμὶ
1401 4979 1519 5048 μεθ’
1557 4980 1732 5050 ὑμῶν,

150 5080 306 5145 λέγει
359 5075 581 5146 Κύριος,
609 5093 628 5124 ι
679 5073 798 5125 ἀντὶ
826 5071 942 5131 τοῦ,
985 5068 1157 5122 συνών
1200 5086 1260 5122 τε
1299 5070 1428 5140 ὑμῖν
1455 5072 1547 5123 καὶ
1581 5071 1740 5142 κηδὸ-

156 5186 323 5238 μενος
349 5168 443 5218 καὶ
472 5167 651 5218 πᾶσαν
678 5163 864 5233 χρείαν
888 5164 1015 5232 ὑμῖν
1046 5160 1292 5234 πληρῶν.
1329 5163 1468 5215 (Κᾱῖ
1491 5161 1740 5232 ἐξήγειρε

155 5261 368 5332 Κύριος
397 5258 460 5310 τὸ
490 5256 703 5326 πνεῦμα
737 5254 1039 5325 Ζοροϐάϐελ
1062 5252 1156 5306 τοῦ
1187 5253 1454 5326 Σαλαθιὴλ
1485 5257 1546 5307 ἐκ
1572 5255 1744 5323 φυλῆς

167 5352 377 5411 Ἰούδα,
433 5350 528 5402 καὶ
579 5348 642 5399 τὸ
693 5345 908 5415 πνεῦμα
974 5345 1148 5417 Ἰησοῦ
1206 5346 1297 5399 τοῦ
1369 5347 1610 5400 Ἰωσεδὲκ
1649 5345 1742 5398 τοῦ

157 5445 358 5514 ἱερέως
387 5441 480 5494 τοῦ
518 5440 773 5511 μεγάλου,
808 5441 900 5493 καὶ
930 5439 990 5491 τὸ
1016 5437 1230 5508 πνεῦμα
1260 5438 1367 5490 τών
1397 5437 1743 5491 καταλοίπων

155 5537 364 5597 παντὸς
400 5534 495 5587 τοῦ
530 5532 683 5596 λαοῦ,
728 5534 822 5586 καὶ
854 5531 1092 5602 εἰσῆλθε,
1137 5531 1232 5584 καὶ
1264 5531 1480 5583 ἐποίουν
1515 5529 1651 5601 ἔργα
1688 5532 1746 5582 ἐν

155 5628 237 5698 τῷ
260 5629 398 5696 οἴκῳ
418 5626 623 5693 Κυρίου
650 5625 1086 5696 παντοκράτορος
1109 5620 1244 5675 Θεοῦ
1275 5620 1474 5674 αὑτῶν.
1490 5641 1507 5672 ι
1543 5621 1616 5673 υὺ
1639 5620 1748 5690 γάρ

157 5717 536 5791 ἐπηγγείλατο
569 5715 731 5788 μόνον
774 5715 934 5778 αὑτὸς
983 5713 1079 5786 τὴν
1128 5713 1334 5770 οἰκείαν
1367 5713 1688 5784 κηδεμονίαν
1721 5713 1750 5763 6

1834 4523 2040 4594 Nempe
2068 4535 2128 4578 ut
2159 4526 2448 4590 ostendat,
2483 4530 2625 4596 quod
2659 4529 2823 4582 simul
2868 4545 2931 4582 ac
2980 4545 3162 4585 mores
3211 4531 3408 4584 imum-

1837 4623 2059 4681 tarunt,
2110 4627 2163 4669 et
2217 4617 2538 4672 aediﬁcando
2590 4621 2790 4689 templo
2835 4619 3077 4674 studium
3130 4620 3407 4689 impende--

1838 4715 2003 4769 runt,
2037 4706 2223 4760 statim
2276 4706 2421 4763 Deus
2465 4710 2781 4779 promiserit
2836 4725 2894 4764 se
2940 4711 3301 4779 patrocinium
3341 4712 3406 4766 ad

1839 4797 2026 4851 omnia
2068 4797 2465 4851 exhibiturum.
2503 4797 2719 4851 Etenim
2761 4800 2865 4852 hoc
2902 4799 3166 4853 denotant
3203 4799 3407 4854 verba:

1846 4904 1864 4938 ι
1899 4886 2190 4943 Vobiscum
2244 4904 2364 4943 sum
2391 4930 2406 4954 ,
2465 4890 2540 4943 ait
2618 4888 2922 4956 Dominus;
2955 4907 2974 4941 ι
3036 4889 3086 4946 id
3113 4896 3214 4953 est,
3243 4885 3410 4946 Vobis

1841 4980 2070 5041 adsum,
2127 4982 2457 5045 consulens,
2513 4990 2569 5035 et
2618 4981 2883 5050 quidquid
2935 4982 3092 5037 vobis
3142 4999 3279 5051 opus
3329 4995 3412 5038 est

1843 5073 2218 5141 suppeditans.
2251 5092 2268 5123 ι
2299 5072 2363 5125 Et
2393 5075 2683 5127 suscitavit
2713 5071 2974 5125 Dominus
3014 5073 3269 5142 spiritum
3307 5074 3412 5127 Zo-

1845 5165 2121 5218 robabelis
2162 5164 2253 5217 ﬁlii
2298 5164 2611 5218 Salatltielis
2649 5165 2718 5218 de
2757 5163 2906 5216 tribu
2948 5161 3137 5226 Judae,
3169 5173 3223 5217 et
3253 5166 3415 5233 spiri-

1848 5266 1958 5309 tum
1997 5254 2126 5309 Jesn
2169 5256 2263 5308 lilii
2295 5253 2547 5309 Josedeei
2568 5295 2582 5318 ,
2613 5257 2917 5310 sacerdotis
2950 5257 3174 5325 magni,
3204 5264 3257 5309 et
3295 5257 3420 5309 reli—

1847 5363 2076 5417 quorum
2131 5347 2200 5402 de
2253 5348 2401 5401 omni
2452 5347 2694 5416 populo,
2749 5347 2843 5416 qui
2900 5347 3184 5416 ingressus
3231 5356 3314 5399 est
3355 5347 3417 5398 ad

1848 5457 1986 5511 opus
2016 5437 2321 5493 faciendum
2357 5441 2409 5492 iu
2446 5439 2609 5492 domo
2645 5438 2859 5492 Domini
2892 5437 3288 5508 omnipotentis
3324 5435 3418 5490 Dei

1850 5533 1957 5589 sui.
1996 5531 2300 5587 rNimirum
2328 5533 2471 5588 haud
2526 5548 2688 5588 suum
2739 5533 3116 5588 tantummodo
3169 5533 3415 5600 patroci-

1850 5624 2002 5677 nium
2039 5623 2302 5708 promisit
2327 5621 2496 5687 Deus,
2532 5621 2627 5677 sed
2657 5623 2994 5677 alacritatem
3025 5620 3187 5675 simul
3220 5621 3420 5675 dueum

1851 5716 2150 5770 concitavit
2183 5716 2536 5774 universique
2577 5715 2794 5784 populi,
2844 5723 2900 5768 ut
2947 5713 3162 5769 caeteris
3209 5714 3422 5768 cunctis
