3856 6226
246 301 350 360 ὓῦ5

1302 281 1848 341 COMMENTARIUS
1881 283 1949 339 IN
1981 281 2212 340 AGGEI
2250 282 2400 338 CAP.
2433 282 2495 336 ll.

3401 280 3503 337 686

244 436 374 474 σατε
399 416 576 472 πάντα
602 413 672 468 τὰ
693 411 840 481 ἔθνη,
871 406 1220 480 βαπτίζοντες
1241 409 1438 471 αὐτοὺς
1462 409 1540 470 εἰς
1570 407 1631 459 τὸ
1657 407 1827 477 ὄνομα

1943 413 2138 473 gentes,
2175 405 2512 475 baptizantes
2542 417 2637 457 cos
2667 401 2722 456 in
2753 401 2973 456 nomine
3003 400 3180 458 Patris
3208 409 3260 456 et
3294 400 3416 458 Filii
3450 412 3502 456 et

243 511 340 565 τοῦ
362 509 574 580 Πατρδς
603 507 698 562 καὶ
714 503 809 558 τοῦ
837 502 966 556 Υίοῦ
996 501 1091 554 καὶ
1122 500 1217 553 τοῦ
1252 499 1406 568 ἀγίου
1437 499 1769 569 Πνεύματος·
1802 518 1820 550 ι

244 599 338 670 ἀφ’
373 593 448 653 ὧν
500 599 564 670 δή
615 595 957 668 μανθάνομεν
1008 590 1216 662 Πατρός
1263 607 1320 643 τε
1355 589 1644 661 πρόσωπον
1677 589 1826 652 ἴδιον,

245 693 342 743 καὶ
411 689 542 742 Υίοῦ
597 687 888 758 πρόσωπον
940 683 1108 746 ῐδιον,
1158 682 1253 734 καὶ
1307 681 1619 750 Πνεύματος
1673 680 1826 748 ἁγίου

246 781 543 850 πρόσωπον
574 777 724 840 ἴδιον,
754 775 852 844 τῆς
886 773 1036 835 θείας
1061 772 1154 824 καὶ
1188 770 1356 823 ἀϊδίου
1390 771 1575 833 οὐσίας
1604 770 1829 822 ἕκαστον

245 871 454 928 τούτων
507 864 646 922 εἶναι
688 866 999 936 νομίζοντες
1039 865 1257 933 ὁμοίως,
1293 861 1387 915 ἆτε
1434 863 1561 931 μιᾶς
1595 863 1693 932 μὲν
1731 863 1831 932 τῆς

253 961 554 1032 μαθητείας
583 958 747 1029 οὔσης
771 957 838 1027 ἢν
867 955 958 1008 ἐπὶ
983 954 1300 1025 διδασκαλίᾳ
1327 954 1424 1023 τῆς
1447 954 1594 1018 θείας
1618 954 1832 1018 ἐξεπαι-

251 1053 467 1106 δεύοντο
501 1049 751 1118 γνώσεως
776 1064 789 1076 ·
838 1047 956 1108 ἐνὸς
991 1045 1047 1096 δὲ
1077 1044 1169 1098 τοῦ
1211 1043 1580 1113 βαπτίσματος
1618 1047 1711 1096 τοῦ
1745 1044 1830 1096 ἐπ’

250 1144 474 1213 ὀνόματι
498 1140 700 1194 τούτων
723 1136 1120 1207 πληρουμένου.
1162 1133 1226 1188 Ἡ
1249 1135 1541 1196 Παλαιὰδὲ,
1571 1134 1643 1198 ὼς
1674 1135 1830 1205 ἔφην,

251 1233 480 1306 Πνεῦμα
513 1233 667 1301 ἆγιον
703 1233 760 1283 ἐν
799 1230 912 1300 ίδίῳ
945 1225 1220 1300 προσώπῳ
1251 1227 1344 1280 καὶ
1382 1227 1674 1280 ὑποστάσει
1704 1227 1829 1298 ἰδίᾳ,

251 1325 677 1398 κεχωρισμένως
713 1323 807 1375 τοῦ
855 1320 991 1373 Θεοῦ
1035 1319 1134 1372 οὐκ
1173 1318 1475 1387 ἠπίστατο·
1516 1318 1737 1388 Πνεῦμα
1777 1319 1834 1372 δὲ

252 1418 410 1483 ἅγιον
447 1413 653 1474 ἐκάλει,
695 1413 815 1482 ἦτοι
860 1409 1086 1479 Πνεῦμα
1115 1407 1270 1471 Θεοῦ,
1310 1408 1407 1476 τὴν
1445 1408 1604 1477 χάριν
1646 1408 1832 1472 αὐτοῦ,

251 1510 288 1579 ἦ
324 1508 421 1578 τήν
451 1503 857 1574 ὲπιστασίαν,ἢ
897 1503 994 1570 τὴν
1033 1500 1438 1572 κηδεμονίαν,ἢ
1475 1502 1572 1572 τὴν
1613 1502 1738 1571 περί
1782 1519 1834 1553 τι

253 1599 514 1662 διάθεσιν,
543 1596 718 1666 ἥεῖτι
747 1594 1006 1648 τοιοῦτον·
1044 1595 1114 1664 (p.
1142 1594 1266 1662 421)
1297 1593 1436 1646 «Ποῦ
1459 1593 1707 1664 πορευθῶ
1731 1594 1836 1646 ἀπὸ

253 1689 351 1742 τοῦ
378 1687 695 1756 Πνεῦμα-σός
729 1701 859 1746 σου;
899 1684 995 1738 καὶ
1022 1685 1129 1737 ἀπὸ
1151 1684 1243 1736 τοῦ
1280 1683 1570 1752 προσώπου
1602 1701 1692 1737 σου
1733 1684 1836 1737 ποῦ

1931 495 2170 566 Spiritus
2199 497 2371 551 sancti
2391 496 2436 526 ³³
2457 513 2470 548 :
2495 513 2514 546 ι
2549 495 2691 547 unde
2723 493 2987 548 discimus
3005 492 3180 548 Patris
3211 508 3499 563 personam

1929 588 2225 656 propriam,
2257 594 2312 640 et
2349 585 2468 639 Filii
2501 599 2790 654 personam
2836 587 3135 654 propriam,
3165 595 3217 637 et
3265 582 3500 652 Spiritus

1931 681 2102 733 sancti
2135 693 2417 748 personam
2455 678 2759 746 pt‘Opt‘iatt‘t,
2811 692 3260 746 unumquemque
3307 677 3500 730 horum

1931 770 2170 825 divinam
2197 785 2260 823 ac
2286 769 2671 838 sempiternam
2711 783 2865 837 teque
2897 767 3096 821 habere
3140 767 3501 821 substantiam

1931 868 2255 928 censentes;
2289 860 2728 930 quandoquidem
2760 875 2865 913 una
2894 867 2978 914 est
3004 860 3273 923 doctrina,
3307 870 3415 928 qua
3448 859 3502 910 in

1931 957 2131 1010 divime
2178 957 2421 1011 scientia:
2473 954 2769 1008 traditione
2831 955 3215 1009 imbuebantur
3265 974 3277 1008 :
3334 970 3504 1008 unutn

1934 1049 2060 1101 item
2087 1049 2353 1118 baptisma
2381 1049 2432 1100 in
2461 1048 2679 1102 nomine
2705 1048 2896 1100 horum
2924 1047 3204 1101 collatmn.
3244 1048 3314 1100 At
3358 1044 3507 1100 Scri-

1933 1148 2092 1208 ptura
2123 1146 2300 1200 vetus,
2332 1146 2390 1190 ttt
2421 1139 2557 1200 dixi,
2597 1136 2860 1207 Spiritum
2906 1147 3155 1191 sanctum
3204 1137 3256 1190 in
3288 1137 3505 1206 propria

1933 1246 2194 1299 persona,
2241 1232 2375 1284 etin
2431 1231 2646 1298 propria
2680 1230 2987 1300 hypostasi,
3037 1245 3284 1284 seorsum
3333 1245 3362 1283 a
3413 1229 3505 1284 Dei

1935 1325 2170 1393 generali
2218 1325 2437 1376 notione
2482 1323 2749 1376 nescivit:
2786 1319 3048 1392 Spiritum
3082 1338 3209 1374 vero
3257 1329 3506 1375 sanctum

1935 1416 2049 1468 sive
2081 1414 2342 1483 Spiritum
2377 1413 2490 1476 Dei,
2535 1415 2764 1481 gratiam
2801 1413 2974 1483 ipsius
3005 1415 3256 1476 vocabat,
3292 1413 3375 1469 vel
3407 1414 3509 1467 im-

1937 1507 2147 1576 perium
2180 1521 2242 1558 ac
2281 1505 2697 1575 providentiam,
2735 1505 2816 1558 vel
2853 1519 2978 1570 erga
3011 1504 3215 1572 aliquid
3264 1503 3509 1558 affectio—

1937 1613 2080 1654 nem.
2104 1597 2184 1648 vel
2207 1597 2422 1666 quidvis
2448 1595 2776 1664 huiusmodi.
2816 1613 2834 1646 ι
2863 1596 3024 1663 Quoa
3045 1595 3250 1665 Spiritu
3276 1603 3368 1649 tuo
3391 1596 3511 1648 ibo?

1937 1700 1986 1742 ct
2027 1703 2054 1740 a
2101 1687 2236 1741 facie
2271 1696 2361 1740 tua
2391 1705 2500 1756 quo
2549 1689 2747 1757 fugiam
2768 1686 2850 1738 u?
2888 1705 2906 1736 ι
2961 1684 3087 1738 Vult
3134 1687 3280 1740 enim
3329 1687 3511 1743 dicere

257 1780 450 1849 φύγως
475 1798 492 1829 ›
525 1751 780 1830 Θούλεται
800 1775 907 1846 γὰρ
927 1778 1098 1828 εἰπεῖν
1120 1776 1201 1828 ὃτι
1230 1751 1372 1840 Ἐξω
1400 1777 1499 1845 τῆς
1521 1776 1837 1840 ἐπιστασίας

1943 1774 2055 1827 ﬁeri
2086 1790 2192 1826 non
2227 1789 2406 1842 posse.
2437 1785 2487 1827 ut
2522 1789 2674 1828 extra
2702 1785 2851 1827 tuum
2884 1773 3171 1842 imperium
3204 1777 3330 1839 sim,
3380 1793 3510 1846 quo-

259 1893 358 1928 σου
389 1872 641 1941 γενέσθαι
674 1873 734 1924 οὐ
761 1870 1003 1933 δυνατὸν,
1043 1869 1232 1939 ἐπειδὴ
1276 1870 1443 1938 πάρει
1487 1871 1596 1931 τοῖς
1636 1871 1832 1922 πᾶσιν·

256 1964 458 2032 ἐπάγει
499 1960 628 2030 γοῦν
668 1961 804 2030 πρὸς
845 1959 934 2010 τὸν
976 1956 1130 2016 Θεὸν,
1167 1955 1348 2028 ορκέτι
1386 1954 1697 2025 Πνεῦματος
1738 1971 1833 2023 μευ

262 2052 538 2125 μνημένος
556 2069 570 2083 ·
605 2069 624 2102 ι
649 2051 774 2103 Ἐάν
797 2047 982 2102 ἀναϐῶ
1000 2048 1078 2108 είς
1096 2045 1188 2099 τὸν
1216 2046 1460 2116 οὐρανὸν,
1489 2047 1552 2098 σὺ
1578 2047 1694 2098 ἐκεῖ
1715 2040 1784 2097 εἷ·
1812 2063 1831 2094 ι

259 2147 349 2198 ἵνα
375 2145 503 2214 εῐπῃ
529 2143 610 2195 ὃτι
647 2139 822 2190 Ὅπου
840 2137 957 2189 ποτ’
980 2135 1045 2189 ἂν
1068 2133 1134 2199 ὦ,
1161 2138 1265 2190 ὑπὸ
1297 2137 1395 2208 τὴν
1421 2137 1668 2204 ἐξουσίαν
1702 2137 1838 2190 καθ-

253 2237 469 2306 έστηκα
500 2234 596 2304 τὴν
628 2232 747 2303 σήν,
778 2231 899 2284 καθ’
927 2231 992 2300 ἠν
1008 2230 1155 2292 ὅπως
1177 2229 1242 2283 ἂν
1269 2228 1457 2300 ἐθέλῃς
1484 2245 1540 2282 τε
1564 2231 1677 2291 τοῖς
1705 2229 1838 2282 πᾶσι

259 2326 454 2398 παρὼν
503 2326 574 2380 τὰ
625 2324 746 2379 κατ’
785 2323 885 2393 ἐμὲ
926 2322 1146 2384 διοικείς
1168 2338 1184 2352 ·
1245 2340 1263 2372 ι
1293 2321 1365 2373 Τὸ
1397 2320 1622 2391 Πνεῦμά
1655 2337 1751 2373 σου
1776 2319 1839 2373 τὸ

259 2416 466 2484 ἀγαθὸν
505 2417 762 2486 ὁδηγήσει
805 2430 869 2484 με
903 2415 960 2465 ἐν
984 2415 1052 2483 γῇ
1083 2411 1284 2482 εὐθείᾳ·
1315 2430 1334 2463 ι
1371 2412 1458 2465 ἵνα
1487 2413 1633 2485 εἴπῃ,
1679 2413 1840 2480 Ἀγα-

247 2511 446 2582 θὸτητι
471 2508 703 2562 πάντοτε
740 2507 810 2558 τά
840 2503 960 2558 κατ’
997 2504 1098 2575 ἐμὲ
1131 2504 1430 2574 διοικήσας,
1465 2504 1606 2558 κατὰ
1633 2503 1838 2574 ταύτην

260 2621 331 2672 με
359 2603 455 2655 καὶ
485 2601 582 2654 νῦν
611 2599 900 2663 ἐπανάξεις
924 2613 938 2626 ·
985 2617 1003 2648 ε
1029 2598 1102 2649 Τὸ
1126 2595 1351 2665 Πνεῦμά
1379 2614 1472 2650 σου
1493 2597 1556 2650 τὸ
1578 2597 1729 2666 ἅγιον
1762 2597 1837 2666 μὴ

255 2696 557 2767 ἀντανέλῃς
596 2696 690 2748 ἀπ’
725 2691 880 2760 ἐμοῦ,
905 2712 924 2744 ι
974 2691 1061 2744 ἵνα
1095 2690 1258 2763 εἴπῃ,
1301 2690 1412 2759 Τὴν
1439 2688 1712 2760 ἐξαίρετόν
1743 2705 1837 2740 σου

255 2789 357 2840 καὶ
387 2785 767 2855 ἐξειλεγμένην
811 2782 1133 2854 κηδεμονίαν
1171 2781 1266 2834 ἀπ’
1312 2779 1446 2850 ἐμοῦ
1492 2779 1565 2850 μὴ
1613 2780 1835 2852 ἀφέλῃς.

260 2879 451 2939 υῦτως
475 2879 568 2932 καὶ
598 2876 831 2930 ἐνταῦθα
856 2875 1030 2943 λέγει·
1075 2891 1094 2925 ι
1115 2874 1226 2927 Καὶ
1259 2873 1319 2926 τὺ
1346 2871 1570 2941 Πνεῦμά
1599 2889 1699 2942 μου
1749 2875 1839 2940 ἐφ-

259 2974 490 3042 έστηκεν
522 2971 580 3022 ἐν
613 2969 763 3040 μέσῳ
795 2967 970 3038 ὑμῶν·
1002 2985 1020 3019 ι
1059 2967 1144 3019 ἵνα
1175 2964 1325 3038 εἴπῃ,
1368 2966 1432 3016 Ἠ
1469 2964 1680 3035 χάριςή
1706 2965 1834 3036 ἐμή,

1940 1867 2086 1920 niam
2120 1867 2376 1920 omnibus
2409 1868 2568 1921 rebus
2611 1865 2762 1920 ades.
2803 1865 2979 1936 Pergit
3013 1867 3195 1936 itaque
3223 1869 3402 1922 direre
3445 1867 3513 1921 dc

1941 1957 2050 2012 Deo
2087 1959 2292 2012 omissa
2333 1959 2572 2026 Spiritus
2616 1959 2922 2013 mentione:
2963 1976 2982 2009 ι
3010 1958 3068 2012 Si
3117 1961 3415 2015 ascendcro
3458 1959 3513 2014 in

1939 2051 2160 2114 ccelum,
2195 2062 2250 2103 tu
2280 2050 2350 2102 ibi
2386 2067 2443 2102 es
2470 2051 2545 2117 ";
2579 2064 2596 2095 ι
2615 2049 2922 2116 ubicunque
2940 2046 3107 2116 fuero,
3127 2055 3229 2109 sub
3250 2063 3516 2124 potesmte

1941 2150 2032 2196 tua
2072 2157 2190 2197 sum
2219 2145 2576 2205 constitutus,
2612 2158 2716 2210 qua
2746 2145 3238 2211 quomodocunque
3279 2148 3517 2202 volueris

1939 2235 2154 2289 cunctis
2179 2249 2440 2303 praesens,
2467 2250 2556 2289 res
2587 2250 2736 2288 meas
2767 2237 3061 2304 gubernas.
3089 2255 3105 2284 ε
3129 2235 3366 2306 Spiritus
3391 2247 3517 2294 tuus

1941 2329 2114 2382 bonus
2153 2327 2382 2380 deducet
2415 2342 2498 2381 me
2527 2327 2580 2380 in
2613 2336 2811 2380 terrain
2844 2335 3048 2381 rectam
3071 2329 3148 2395 “;
3175 2349 3193 2381 ι
3224 2331 3396 2397 idest,
3418 2333 3518 2384 Bo-

1941 2419 2110 2472 nitate
2152 2428 2240 2470 tua
2283 2433 2368 2470 res
2406 2433 2553 2471 meas
2596 2418 2930 2488 gubernans,
2973 2419 3072 2472 hac
3105 2421 3218 2490 ipsa
3249 2437 3336 2475 me
3376 2438 3518 2474 tmnc

1943 2509 2191 2563 reduces.
2225 2528 2240 2559 ι
2276 2508 2537 2578 Spiritum
2583 2517 2832 2562 sanctum
2885 2521 3036 2563 tuum
3089 2526 3157 2565 ne
3214 2512 3432 2566 auferas
3489 2530 3518 2566 a

1943 2618 2060 2667 me;
2087 2620 2104 2650 ι
2131 2601 2180 2653 id
2206 2608 2288 2653 est
2313 2601 2583 2669 peculiare
2601 2603 2970 2671 selevtumque
2997 2605 3355 2674 patrocinium
3383 2622 3409 2658 a
3436 2623 3520 2661 me

1943 2710 2047 2746 non
2067 2694 2303 2748 auferas.
2321 2693 2411 2746 Sic
2432 2689 2593 2742 etiam
2614 2689 2713 2740 hoc
2734 2686 2994 2742 lucoait”
3015 2709 3027 2744 :
3047 2707 3066 2739 ι
3095 2696 3334 2766 Spiritus
3366 2714 3521 2751 meus

1941 2785 2113 2838 astitit
2155 2784 2207 2837 in
2240 2783 2417 2837 medio
2451 2788 2617 2838 vestri
2641 2803 2655 2849 ;
2679 2783 2880 2846 sidesl,
2903 2785 3083 2840 Gratia
3121 2804 3238 2842 mea
3261 2803 3521 2858 mcusquc

1940 2890 2065 2945 erga
2095 2891 2194 2930 vos
2232 2875 2458 2930 affectus
2486 2876 2768 2929 vobiscum
2801 2893 2906 2936 ρει.
2937 2880 3235 2946 praesidens
3259 2895 3522 2950 suamque

1939 2967 2096 3019 vobis
2131 2982 2286 3034 opem
2317 2967 2589 3035 przehens.
2616 2967 2770 3020 Sient
2796 2969 3048 3024 videlicet
3069 2971 3306 3025 animam
3338 2973 3390 3025 in
3419 2972 3523 3025 Deo

260 3063 360 3116 καὶ
385 3063 419 3132 ἡ
461 3060 588 3130 περὶ
622 3059 766 3128 ὑμᾶς
798 3055 1034 3119 διάθεσις
1071 3054 1322 3108 συνέσται
1367 3055 1516 3124 ὑμῖν,
1550 3054 1837 3122 ἐφεστῶσά

1943 3055 2098 3118 dicit,
2133 3070 2239 3109 non
2271 3057 2427 3124 quasi
2457 3058 2747 3125 quamdam
2775 3069 3130 3139 nypostasnn,
3152 3063 3242 3116 sed
3274 3063 3522 3117 aﬂectum

258 3171 322 3207 τε
343 3153 438 3207 καὶ
466 3152 563 3220 τὴν
593 3150 788 3219 ἑαυτῆς
810 3151 942 3219 ἡμῖν
963 3147 1276 3220 παρέχουσα
1295 3145 1578 3214 ὠφέλειαν.
1624 3147 1711 3209 Ὡς
1731 3146 1839 3217 γὰρ

259 3247 362 3316 τὴν
390 3245 565 3315 ψυχήν
598 3243 690 3295 ἐπὶ
733 3241 826 3293 τοῦ
868 3239 1004 3293 Θεοῦ
1035 3240 1202 3308 λέγει,
1237 3239 1335 3309 οὐχ
1375 3239 1669 3292 ὑπόστασίν
1697 3256 1838 3302 τινα,

258 3337 362 3406 τὴν
389 3335 445 3388 δὲ
475 3333 602 3402 περί
634 3350 688 3384 τι
715 3330 950 3384 διάθεσιν
973 3329 1146 3392 οὕτως
1169 3328 1476 3399 ὀνομάζων·
1518 3323 1630 3381 οἷον
1668 3330 1744 3381 ὅτ’
1777 3329 1841 3382 ἂν

261 3426 420 3496 λέγῃ,
459 3443 476 3474 ι
508 3424 619 3485 Τὰς
639 3421 925 3490 νεομηνίας
951 3419 1104 3489 ὑμῶν
1137 3419 1229 3472 καὶ
1257 3419 1324 3472 τὰ
1355 3419 1602 3472 σάϐϐατα
1635 3421 1780 3488 μισεῖ
1806 3421 1837 3489 ή

259 3515 408 3585 ψυχή
435 3531 558 3583 μου,
589 3531 606 3562 ι
651 3512 737 3565 ἵνα
766 3510 864 3581 τὴν
893 3510 1127 3563 διάθεσιν
1165 3512 1292 3581 εἴπῃ
1325 3510 1445 3563 καθ’
1472 3511 1537 3581 ἢν
1567 3510 1746 3578 ἐμίσει
1775 3511 1842 3562 τὰ

1943 3161 2071 3211 erga
2099 3146 2303 3214 aliquid
2332 3148 2406 3198 ita
2439 3148 2749 3202 nmninans.
2775 3144 2948 3201 Veluti
2969 3131 3092 3201 eum
3113 3146 3262 3204 dicit;
3289 3165 3305 3194 ι
3334 3153 3522 3206 amp"-

1944 3235 2044 3289 das
2075 3244 2317 3295 vestras.
2367 3245 2419 3289 et
2473 3237 2696 3290 sabbata
2747 3237 2861 3290 odit
2915 3238 3094 3292 anima
3121 3255 3236 3292 mea
3257 3240 3523 3304 ³⁸;›;ιίΐι·-

1944 3327 2177 3379 ctionem
2226 3325 2392 3396 278
2434 3327 2578 3380 illam
2611 3328 2940 3397 signiﬁcans,
2970 3345 3074 3399 qua
3108 3331 3320 3383 illorum
3359 3349 3524 3404 opera

1944 3418 2134 3472 oderat
2166 3420 2429 3488 improbis
2459 3420 2704 3474 moribus
2750 3421 3122 3490 prmditorum.
3151 3425 3222 3477 Ita
3261 3427 3526 3494 Spiritum

1944 3526 2160 3580 quoque
2179 3511 2332 3565 dicit.
2354 3510 2552 3564 Verum
2574 3512 2739 3565 dehis
2760 3515 2894 3568 satis
2914 3530 3189 3585 superque
3208 3517 3410 3570 dictum
3432 3520 3526 3573 sit.

262 3609 397 3676 παρ’
430 3605 610 3658 αὐτῶν
632 3604 894 3673 γινόμενα
922 3599 1210 3672 μοχθηρῶν
1239 3601 1406 3654 ὄντων
1445 3601 1534 3654 τὸν
1557 3600 1756 3670 τρόπον
1784 3615 1797 3630 ·
1828 3598 2002 3662 οὕτως
2048 3601 2143 3653 καὶ
2176 3599 2236 3652 τὸ
2270 3601 2490 3672 Πνεῦμα
2534 3601 2700 3669 λέγει.
2721 3602 2876 3656 Ἀλλὰ
2921 3603 3023 3676 γὰρ
3049 3606 3222 3658 ταῦτα
3255 3609 3353 3677 μὲν
3390 3608 3528 3680 ὑπὲρ

264 3703 508 3764 πλείονος
533 3699 770 3772 είρήσθω
789 3697 888 3768 τῆς
913 3697 1216 3769 ἀκριϐείας.

339 3815 490 3867 Στίκ.
523 3819 659 3878 ις’-ι’.
690 3840 762 3850 —-
803 3811 860 3864 ’0
892 3810 950 3862 δέ
981 3826 1044 3878 γε
1083 3809 1217 3872 Θεὸς
1245 3809 1433 3881 ἐπειδὴ
1465 3810 1699 3881 διήγειρε
1746 3811 1843 3880 μὲν

264 3910 325 3960 ἐν
373 3909 485 3968 τοῖς
532 3903 953 3976 προειρημένοις
999 3903 1089 3955 τὸν
1130 3901 1256 3955 λαὸν
1301 3903 1392 3956 διὰ
1432 3903 1526 3955 τοῦ
1563 3904 1841 3973 προφήτου

265 3995 401 4066 περὶ
437 3995 498 4047 τὸ
534 3992 693 4064 ἔργον
725 3995 826 4063 τῆς
858 3990 1146 4062 οἰκοδομῆς
1177 3991 1465 4062 αὐτάρκως
1503 3992 1597 4044 καὶ
1644 3991 1844 4062 προθυ-

271 4089 535 4159 μοτέρους
561 4084 876 4156 εἰργάσατο,
919 4083 994 4154 (p.
1024 4083 1148 4153 422)
1191 4081 1336 4153 ἐώρα
1362 4082 1420 4134 δὲ
1462 4083 1843 4154 συλλογιζομέ-

266 4197 392 4242 νους
421 4177 583 4231 πόθεν
617 4177 682 4231 ἂν
711 4178 893 4240 αὐτοῖς
925 4176 1278 4246 προσγένοιτο
1305 4174 1542 4228 τοσαῦτα
1571 4175 1650 4228 ἐτι
1683 4192 1841 4228 πενο-

272 4273 453 4342 μένοις
485 4272 550 4323 ἐκ
580 4270 680 4339 τῆς
706 4268 1106 4339 αἰχμαλωσίας.
1139 4268 1230 4336 ἀφ’
1261 4260 1334 4320 ὧν
1362 4267 1588 4320 δυνατὸν
1613 4267 1758 4322 κατά
1783 4269 1844 4321 τὸ

269 4362 545 4433 προσῆκόν
575 4378 638 4415 τε
669 4359 1072 4432 ἀπαρτισθῆναι
1100 4359 1191 4415 τὸν
1224 4359 1346 4412 ναὸν
1373 4361 1466 4414 καὶ
1491 4362 1671 4412 πᾶσαν
1695 4359 1842 4429 αὐτῷ

2011 3804 2182 3860 Vens.
2216 3804 2373 3861 6-10.
2410 3805 2474 3859 Et
2523 3806 2665 3863 Deus
2710 3808 2930 3876 quidem
2960 3824 3084 3862 cum
3123 3811 3418 3864 excitasset
3471 3813 3526 3866 in

1943 3899 2214 3968 pra-dictis
2247 3901 2506 3969 populum
2539 3917 2634 3971 per
2664 3903 2983 3971 prophetam
3007 3903 3073 3956 ad
3119 3905 3332 3959 a‘diiicii
3365 3922 3524 3976 opus,

1943 3990 2184 4058 satisque
2217 4007 2338 4044 eum
2373 4001 2678 4061 promptum
2718 3993 3010 4060 eﬂecisset,
3050 3999 3309 4050 cernebat
3347 4008 3526 4052 tamen

1941 4096 2065 4135 eum
2092 4092 2452 4150 reputantem,
2490 4086 2761 4139 undenam
2797 4086 2899 4142 sibi
2939 4090 3163 4158 pauperi
3197 4105 3260 4142 ex
3301 4091 3530 4160 captivi-

1947 4181 2056 4227 tate
2106 4174 2334 4230 facultas
2386 4179 2521 4231 [οι-οι
2571 4178 2732 4248 digne
2781 4181 3043 4249 templum
3094 4183 3446 4245 exstruendi,
3477 4191 3526 4236 tt

1952 4277 2251 4334 congruum
2277 4277 2527 4320 ornatum
2553 4271 2808 4332 addendi,
2833 4273 3047 4338 qualem
3074 4282 3232 4326 antea
3262 4274 3530 4329 habuerat

1958 4357 2011 4409 in
2045 4359 2336 4412 structuris
2376 4374 2438 4411 ac
2469 4361 2614 4414 vasis
2652 4363 2858 4416 sanctis
2899 4373 2953 4415 ct
2987 4365 3250 4434 reliquis;
3299 4365 3531 4438 ideoque

267 4455 368 4524 τὴν
398 4454 778 4524 προσήκουσαν
810 4451 1142 4522 εὐπρέπειαν
1167 4449 1516 4520 ἀποδοθῆναι,
1542 4452 1658 4504 οἵαν
1685 4451 1749 4522 δὴ
1781 4453 1837 4503 τὸ

1951 4452 2136 4507 addit:
2174 4455 2502 4514 «Couiidite.
2547 4474 2720 4528 neque
2752 4461 3068 4516 Inclinatis.)
3124 4460 3276 4526 Haec,
3318 4465 3532 4534 inquit,

269 4545 535 4616 πρότερον
566 4538 712 4613 εἶχεν
745 4544 804 4595 ἐν
831 4541 1138 4612 οἰκοδομαῖς
1167 4558 1227 4594 τε
1263 4543 1357 4594 καὶ
1384 4541 1633 4594 σκεύεσιν
1665 4541 1842 4608 ἁγίοις

266 4638 365 4690 καὶ
410 4639 522 4699 τοῖς
572 4636 800 4698 λοιποῖς,
855 4635 1084 4703 ἐπάγει·
1147 4653 1165 4686 ‹
1222 4633 1601 4706 Θαρσεῖτε,μὴ
1641 4635 1706 4706 δὴ
1751 4651 1846 4702 φο-

267 4729 471 4782 ϐεῖσθε.
520 4748 538 4780 υ
579 4728 716 4799 Περὶ¹
754 4726 989 4791 τούτων,
1026 4728 1193 4798 φησι,
1232 4729 1327 4782 καὶ
1369 4728 1484 4791 πῶς
1511 4727 1708 4789 ἔνεστι,
1770 4727 1844 4796 μή

268 4819 544 4892 φοϐεῖσθε.
593 4838 611 4871 ι
659 4819 804 4872 Διότι
840 4819 966 4873 τάδε
999 4820 1147 4888 λέγει
1185 4819 1388 4890 Κύριος
1427 4818 1838 4890 παντοκράτωρ·

269 4915 394 4967 Ἔτι
430 4913 576 4979 ἅπαξ
621 4911 731 4981 ἐγὼ
774 4914 902 4966 σεΞω
947 4914 1036 4966 τὸν
1081 4913 1306 4984 οὐρανὸν
1348 4912 1442 4965 καὶ
1475 4912 1573 4983 τὴν
1615 4911 1719 4982 γῆν
1750 4912 1844 4964 κα)⁵

265 5007 367 5076 τὴν
395 5004 668 5058 θάλασσαν
702 5005 797 5058 καὶ
818 5008 916 5074 τὴν
939 5003 1127 5074 ξηράν·
1167 5004 1260 5058 καὶ
1286 5003 1554 5056 συσσείσω
1575 5004 1752 5057 πάντα
1781 5003 1849 5055 τὰ

265 5097 395 5168 ἔθνη
423 5113 436 5126 ⁸
469 5098 562 5149 καὶ
591 5097 710 5166 ἥξει
742 5097 810 5149 τὰ
841 5095 1071 5149 ἐκλεκτὰ
1113 5095 1328 5147 πάντων
1372 5094 1479 5147 τῶν
1521 5093 1718 5147 ἐθνῶν·
1755 5095 1849 5147 καὶ

265 5191 458 5260 πλήσω
473 5190 566 5243 τὸν
583 5186 731 5243 οἷκον
746 5187 933 5241 τοῦτον
950 5188 1125 5255 δόξης,
1150 5188 1296 5257 λέγει
1319 5187 1522 5259 Κύριος
1543 5186 1843 5256 παντοκρά-

264 5297 397 5352 τωρ·
429 5281 561 5334 διότι
593 5281 854 5352 μεγάληή
883 5281 1010 5347 δόξα
1039 5279 1130 5332 τοῦ
1157 5281 1306 5332 οἴκου
1334 5279 1522 5332 τούτου
1541 5319 1557 5346 ,
1581 5279 1614 5348 ἡ
1637 5277 1837 5348 ἐσχάτη

265 5373 408 5442 ὑπὲρ
437 5373 536 5442 τὴν
559 5373 802 5443 πρώτην,
833 5373 978 5441 λέγει
1001 5371 1201 5443 Κύριος
1224 5371 1639 5442 παντοκράτωρ,
1667 5371 1762 5423 καὶ
1783 5371 1840 5422 ἐν

264 5463 343 5534 τῷ
369 5464 520 5534 τόπῳ
547 5462 722 5534 τούτῳ
749 5464 905 5516 δώσω
932 5465 1153 5535 εἰρήνην
1174 5504 1188 5527 ,
1219 5463 1368 5532 λέγει
1399 5462 1603 5535 Κύριος
1642 5480 1842 5516 παντο-

265 5639 384 5763 Γ³³
419 5640 609 5697 Matth.
653 5655 848 5710 xxvttt,
878 5643 964 5697 i9.
1041 5643 1084 5674 ³⁵
1123 5642 1266 5698 Psal.
1308 5657 1574 5709 CXXXVIII,
1617 5643 1667 5696 7-

303 5734 355 5763 de

303 5734 355 5763 do

1751 5643 1792 5674 ⁸³
1834 5640 1968 5696 Ibid.
1992 5644 2045 5699 8.

1952 4547 2224 4614 quomodo
2282 4546 2457 4601 futura
2508 4549 2645 4612 sint,
2702 4567 2768 4604 ne
2816 4553 3125 4622 ambigatis.
3164 4573 3182 4604 ι
3223 4555 3360 4620 Quia
3416 4557 3530 4610 haec

1953 4637 2085 4690 dicit
2107 4637 2367 4691 Dominus
2401 4640 2777 4707 omnipotens:
2807 4642 3000 4696 Adhuc
3032 4659 3134 4712 ego
3163 4647 3360 4699 cadum
3401 4663 3531 4700 con-

1953 4729 2100 4782 cutio
2132 4735 2186 4781 ct
2220 4737 2418 4783 terram
2450 4746 2513 4784 ac
2545 4745 2694 4786 mare
2727 4742 2781 4788 et
2811 4735 3018 4788 aridam
3046 4753 3058 4788 :
3097 4745 3151 4789 et
3177 4739 3532 4792 commovebo

1953 4833 2144 4874 omnes
2187 4828 2410 4886 gentes:
2447 4831 2500 4875 et
2545 4823 2763 4878 venient
2812 4827 2984 4879 electa
3017 4842 3247 4896 quaeque
3287 4829 3528 4882 omnium

1953 4915 2236 4982 gentium:
2286 4922 2342 4969 et
2384 4915 2620 4984 implebo
2671 4916 2890 4971 domum
2945 4923 3085 4974 hanc
3137 4921 3346 4990 gloria.
3398 4926 3527 4976 dim

1952 5005 2213 5060 “()lliilllls
2239 5008 2622 5076 (minipotens:
2651 5011 2776 5078 quia
2800 5026 2990 5071 magna
3015 5015 3117 5065 erit
3141 5014 3310 5082 gloria
3333 5013 3530 5070 (ionius

1951 5097 2136 5165 hujus,
2171 5099 2441 5166 posterior
2472 5113 2581 5167 pra:
2605 5098 2807 5165 priore,
2842 5099 2976 5153 dicit
3001 5098 3264 5155 Dominus
3290 5103 3527 5172 ontnipo-

1953 5200 2104 5244 tens:
2155 5198 2210 5243 et
2240 5191 2344 5243 hoc
2375 5192 2428 5242 in
2479 5192 2596 5246 loco
2627 5191 2768 5244 dabo
2817 5207 3038 5261 pacem,
3089 5191 3220 5245 dicit
3271 5191 3532 5249 homines

1950 5282 2322 5350 omnipotens,
2354 5291 2408 5335 et
2431 5299 2615 5351 pacem
2650 5285 2844 5338 anima:
2872 5284 2926 5337 in
2961 5286 3376 5354 acquisitionem
3415 5303 3532 5338 om-

1952 5375 2004 5427 ni
2036 5373 2348 5436 aediﬁcanti,
2389 5383 2446 5427 ut
2474 5377 2734 5444 tempium
2766 5377 2865 5431 hoc
2901 5385 3169 5433 exstruat.
3198 5397 3216 5430 ι
3252 5377 3325 5432 De
3361 5395 3534 5447 penn-

1949 5465 2032 5517 ria
2064 5467 2535 5532 necessariorum,
2580 5468 2774 5538 inquit,
2822 5487 2888 5524 ne
2933 5471 3157 5525 soliieit-i
3204 5471 3326 5526 sitis
3369 5492 3382 5527 ι
3433 5489 3533 5540 ego

2127 5645 2171 5677 ³⁶
2212 5644 2356 5700 Psal.
2400 5662 2566 5714 cum,
2601 5648 2682 5701 i0.
2761 5647 2799 5677 ³’
2844 5647 3059 5711 Psal.L,
3110 5649 3190 5703 i5.

3270 5649 3312 5678 ³⁸
3353 5650 3436 5702 lsa
3490 5667 3528 5718 ι,
