3856 6226
420 241 520 300 487

1573 233 1923 290 THEODORI
1962 234 2448 294 MOPSUESTENI

3541 249 3670 305 482

418 369 565 409 enim
595 360 823 410 cunctas
856 367 992 423 pene
1036 362 1390 406 commovens
1424 359 1631 421 gentes,
1664 367 1862 422 magno
1893 368 1996 406 uua

2102 353 2346 425 κράτωρ,
2371 352 2465 404 καλ
2488 352 2713 423 είρήνην
2735 351 2913 423 ψυχῆς
2941 355 3020 418 εἰς
3045 356 3392 427 περιποίησιν
3417 361 3577 414 παντὶ
3600 363 3673 432 τῷ

421 461 575 501 mero
624 446 918 514 multisque
975 443 1230 514 praeditas
1279 443 1507 514 opibus,
1557 442 1624 496 ad
1673 459 1771 498 vos
1807 445 1996 499 venire

421 537 756 606 permittam.
790 535 924 591 Dicit
957 543 1138 589 autem
1174 534 1309 606 Gogi
1359 535 1638 605 pepulum,
1676 551 1785 605 quo
1831 534 1997 590 adve-

421 630 626 691 niente,
653 635 783 681 tunc
812 628 1044 680 maxime
1066 626 1260 686 domus
1284 627 1448 696 hujus
1477 627 1648 697 gloria
1675 628 1995 682 int-[arescet

423 728 645 791 propter
681 735 854 774 meam
890 721 1148 774 tutelam:
1186 735 1311 774 nam
1353 721 1568 776 illorum
1611 731 1893 792 argentum
1941 729 1995 775 et

423 828 638 875 aurum,
669 821 719 865 et
748 811 1033 880 quidquid,
1066 819 1120 862 ut
1143 811 1452 865 summatim
1479 811 1678 873 dicam,
1710 812 1745 864 ii
1773 811 1991 875 habent,

423 918 602 959 meum
630 912 734 965 est,
758 903 1014 972 quoniam
1045 901 1178 954 nihil
1209 901 1262 955 in
1292 903 1492 956 nmndo
1524 918 1703 958 meum
1731 919 1840 957 non
1874 911 1992 964 est,

421 995 547 1065 quia
575 1006 826 1048 creatura
858 994 1039 1047 omnis
1059 1010 1196 1063 opus
1228 1009 1406 1047 meum
1431 1001 1551 1048 est:
1584 1010 1704 1064 quae
1726 1010 1831 1064 ego
1862 995 1995 1064 ipsis

419 1092 604 1152 erepta
655 1083 719 1136 ad
751 1097 850 1136 vos
895 1084 1245 1144 transferam,
1279 1084 1483 1136 nullam
1519 1085 1586 1138 iis
1629 1083 1884 1152 injuriam
1917 1083 1997 1136 fa-

421 1175 574 1230 ciens
604 1176 695 1243 qui
729 1190 837 1227 non
871 1190 967 1227 sua
1008 1176 1386 1244 possidebant;
1424 1175 1518 1229 sed
1572 1191 1688 1228 mea
1717 1175 1842 1244 jure
1883 1191 1996 1230 nte-

419 1264 637 1334 ritoque
667 1265 801 1318 meis
831 1264 1120 1318 cnt'tferetts
1143 1282 1157 1330 ;
1182 1265 1253 1316 ita
1285 1271 1341 1316 ut
1364 1265 1588 1332 gloriam
1617 1275 1791 1320 meam
1819 1264 1874 1318 in
1895 1264 1997 1319 hoc

420 1357 622 1425 templo
655 1371 748 1424 per
774 1371 836 1409 ea
869 1372 990 1424 quae
1008 1371 1189 1424 geram
1214 1364 1540 1410 ostensurus
1558 1355 1685 1419 sim,
1705 1371 1892 1425 preces
1909 1373 1997 1410 ve-

419 1455 565 1501 stras
601 1446 764 1516 279
803 1447 911 1500 illic
938 1447 1236 1516 excipietis,
1278 1447 1544 1516 vobisque
1587 1448 1854 1503 adversus
1896 1449 1994 1502 ho-

420 1547 533 1594 stes
597 1540 740 1593 vires
801 1537 1192 1607 suppeditans,
1250 1539 1384 1592 tales
1439 1548 1728 1608 tantosque
1787 1538 1880 1607 qui
1941 1545 2010 1620 et,

419 1645 637 1683 omnem
667 1645 955 1686 numerum
992 1637 1344 1700 exsuperant,
1375 1637 1429 1685 et
1455 1631 1647 1684 bellica
1681 1631 1872 1700 peritia
1909 1631 1995 1684 in-

2102 443 2358 509 κτίζοντι,
2396 443 2491 497 τοῦ
2526 444 2826 515 ἁναστῆλαι
2863 446 2953 498 τὸν
2985 446 3108 498 ναὸν
3136 447 3345 502 τοῦτον.
3385 468 3403 499 ι
3439 450 3573 521 Περὶ
3618 452 3672 504 δέ

2101 539 2199 607 τῆς
2247 538 2492 601 σπάνεως
2522 537 2632 590 τῶν
2668 538 3006 607 ἐπιτηδείων,
3043 540 3197 608 φησὶ,
3235 539 3308 610 μὴ
3339 542 3667 610 φροντίζετε·

2106 629 2262 698 μόνον
2296 629 2406 698 γάρ
2435 629 2532 700 οὐχ
2562 629 2775 683 ἅπαντα
2810 630 3097 694 συσσείσας
3126 632 3193 687 τά
3232 632 3378 702 ἔθνη,
3418 635 3584 688 πολλά
3614 652 3669 687 τε

2102 723 2194 774 καὶ
2227 722 2424 774 πολλοῦ
2454 722 2691 791 γέμοντα
2722 724 2977 790 πλούτου,
3007 726 3090 794 ἐφ’
3128 728 3272 797 ὑμᾶς
3305 727 3478 780 ἐλθεῖν
3507 728 3665 780 ἐάσω.

2102 814 2267 880 Λέγει
2295 813 2349 864 δὲ
2373 816 2498 876 τοὺς
2533 815 2660 884 περὶ
2688 815 2777 868 τὸν
2807 815 2959 885 Γὼγ.
3002 811 3076 870 ὧν
3103 818 3436 889 ἐληλυθότων
3459 820 3576 871 τότε
3607 818 3670 889 δὴ

2102 905 2200 972 τῆς
2248 903 2405 973 δόξης
2457 905 2550 956 τοῦ
2603 903 2753 956 οἴκου
2800 905 2990 958 τούτου
3043 906 3104 959 τὸ
3161 907 3389 976 μέγεθος
3445 906 3671 975 ἐκφανὲς

2103 998 2312 1068 ποιήσω
2353 996 2438 1048 διὰ
2473 998 2570 1066 τῆς
2598 998 2923 1069 κηδεμονίας
2961 997 3061 1068 τῆς
3100 1000 3238 1069 ἐμῆς
3265 1016 3278 1030 θ
3321 1000 3413 1052 καὶ
3447 999 3552 1067 γὰρ
3579 1000 3671 1052 καὶ

2101 1089 2162 1142 τὸ
2191 1088 2452 1158 ἀργύριον
2480 1089 2541 1140 τὸ
2564 1089 2765 1159 προσὸν
2797 1089 3044 1157 ἐκείνοις,
3081 1090 3159 1160 (p.
3181 1091 3306 1161 425)
3334 1092 3426 1144 καὶ
3453 1091 3514 1144 τὸ
3538 1109 3670 1163 χρυ-

2104 1178 2248 1244 σίον,
2281 1179 2376 1232 καὶ
2424 1179 2601 1232 πάντα
2645 1180 2708 1252 δὴ
2759 1181 3038 1251 συντόμως
3085 1184 3259 1235 εἰπεῖν
3290 1182 3360 1236 τὰ
3404 1185 3670 1254 προσόντα

2101 1269 2329 1332 ἐκείνοις
2353 1270 2487 1339 ἐμά’
2522 1269 2616 1322 ἆτε
2637 1269 2701 1340 δὴ
2731 1269 2904 1321 πάντα
2925 1269 3054 1323 ὄντα
3085 1271 3225 1340 ἐμά’
3255 1271 3377 1322 ἐπεὶ
3405 1273 3497 1324 καὶ
3525 1274 3670 1326 πᾶσα

2102 1357 2260 1429 ἔργον
2307 1361 2340 1429 ἠ
2383 1358 2560 1420 κτίσις
2600 1358 2766 1429 ἐμόν’
2809 1359 2953 1429 ἅπερ
3002 1355 3094 1412 οὖν
3140 1359 3372 1428 ἀφελὼν,
3410 1364 3488 1425 είς
3531 1363 3671 1432 ὑμᾶς

2104 1451 2447 1518 μεταστήσω,
2478 1447 2578 1502 οὐκ
2611 1447 2810 1501 ἀδικῶν
2847 1449 2974 1509 τοὺς
3003 1449 3226 1518 ἔχοντας
3257 1451 3309 1502 οἳ
3337 1468 3398 1520 γε
3429 1447 3571 1523 εἶχον
3603 1452 3670 1506 τὰ

2105 1538 2178 1609 μὴ
2206 1538 2402 1592 αὐτῶν·
2431 1538 2502 1591 τὰ
2525 1538 2636 1610 ἐμὰ
2658 1539 2714 1593 δὲ
2742 1539 2967 1603 είκότως
2995 1541 3168 1605 διδοὺς
3195 1544 3305 1605 τοῖς
3336 1545 3508 1613 ἐμοῖς·
3531 1544 3666 1597 ὥστε

2101 1630 2198 1702 τὴν
2241 1630 2362 1684 τότε
2399 1631 2755 1702 δεικνυμένην
2808 1634 2936 1702 περὶ
2976 1632 3067 1686 τὸν
3099 1630 3246 1686 οἷκον
3284 1634 3472 1689 τοῦτον
3517 1636 3671 1700 δόξαν

419 1719 552 1771 victi
588 1730 752 1772 sunt:
787 1734 896 1788 quo
920 1719 1012 1773 ﬁet
1049 1728 1106 1772 ιιι
1131 1720 1343 1774 cunctis
1375 1720 1546 1788 major
1577 1733 1832 1790 appareat
1863 1738 1996 1791 pra:—

2100 1724 2192 1791 ἀφ’
2214 1717 2288 1775 ὧν
2309 1723 2731 1794 διαπράττομαι,
2757 1723 3039 1794 δεχόμενός
3064 1743 3124 1778 τε
3149 1726 3300 1797 ὑμῶν
3321 1728 3416 1792 τάς
3446 1729 3501 1780 ἐν
3526 1719 3673 1799 αὐτῷ

421 1823 570 1874 setis,
615 1825 779 1878 quam
830 1810 1109 1884 praeterita
1162 1812 1350 1880 templi
1400 1812 1561 1880 hujus
1599 1814 1817 1882 gloria:
1871 1816 1998 1882 quia

425 1898 603 1966 majus
633 1899 734 1952 hoc
771 1899 1045 1954 videbitur
1081 1901 1312 1965 facinus,
1347 1918 1510 1972 quam
1545 1903 1699 1970 prius
1733 1903 1866 1956 illud
1899 1905 2001 1958 sub

421 1989 662 2061 Assyriis
694 1992 776 2045 vel
815 1992 1145 2062 quibusdam
1199 1994 1360 2046 aliis:
1399 2002 1682 2063 prepterea
1715 1997 1857 2063 quod
1892 2013 1998 2048 tton

424 2081 768 2135 multitudine
806 2091 1043 2147 tantum,
1068 2084 1160 2138 sed
1192 2085 1376 2154 vigore
1407 2087 1570 2138 etiam
1608 2094 1770 2154 atque
1804 2087 2000 2155 peritia

424 2179 726 2237 praesentes
764 2171 948 2225 hostes
984 2173 1180 2242 priscis
1211 2175 1561 2229 antecellant.
1590 2177 1799 2240 QuibUs
1823 2177 2002 2228 omni-

425 2261 524 2317 bns
546 2264 749 2318 virtute
781 2280 899 2318 mea
931 2265 1256 2320 mirabiliter
1280 2269 1585 2335 superatis,
1613 2269 1664 2320 in
1691 2269 2002 2322 otnnimoda

424 2368 554 2421 pace
597 2353 812 2417 vivetis,
866 2356 1165 2425 tranquillo
1210 2357 1396 2410 animo
1440 2367 1665 2428 propter
1715 2359 2002 2426 cujuslibet

425 2442 596 2497 hostis
628 2444 1025 2512 depulsionem,
1065 2445 1424 2516 plurimisque
1460 2448 1732 2502 manubiis
1762 2449 1888 2503 inde
1914 2467 2002 2504 re-

424 2535 674 2601 portatis,
725 2551 957 2605 quarum
1009 2537 1169 2607 potiti
1216 2537 1430 2592 facilem
1478 2540 1746 2594 habebitis
1791 2543 2001 2610 copiam

421 2641 520 2695 pro
577 2635 761 2681 vestro
820 2628 978 2682 libito
1035 2632 1296 2697 templum
1351 2629 1454 2684 hoc
1499 2634 1814 2686 exstruendi
1851 2647 1903 2687 et
1946 2635 2002 2689 in

420 2715 594 2770 altum
645 2719 958 2783 attollendi,
1009 2727 1067 2773 ut
1091 2719 1261 2774 decus
1303 2735 1462 2774 suum
1518 2722 1733 2782 haheat.
1784 2735 2004 2794 pmpter

419 2824 516 2864 eos
544 2811 635 2880 qui
681 2812 876 2866 orandi
927 2822 982 2868 et
1025 2813 1234 2867 cultum
1265 2813 1559 2894 exhibendi
1588 2831 1754 2872 causa
1803 2833 2004 2872 conve-

420 2901 594 2955 niettt.

2099 1813 2335 1883 δεήσεις,
2387 1817 2483 1868 καλ⁸
2527 1817 2778 1887 παρέχων
2822 1818 2948 1887 ὑμῖν
2983 1817 3043 1869 τὸ
3092 1819 3230 1870 κατὰ
3257 1817 3363 1871 τῶν
3396 1819 3673 1890 πολεμίων

2101 1907 2317 1976 κράτος,
2345 1906 2614 1960 τοσούτων
2640 1926 2697 1961 τε
2720 1909 2888 1962 ὄντων
2915 1911 3005 1962 καὶ
3040 1908 3315 1975 τοιούτων,
3341 1910 3416 1973 ὡς
3443 1910 3672 1981 ἀριθμὸν

2104 1997 2199 2065 μὲν
2225 1996 2422 2059 αὐτοὺς
2450 1995 2525 2066 τῷ
2555 1997 2744 2062 πλήθει
2773 2001 2950 2070 νικᾷν,
2971 2001 3428 2074 άκαταμαχήτους
3447 2002 3504 2056 δὲ
3539 2001 3672 2056 εἶναι

2098 2086 2185 2140 διά
2214 2087 2443 2158 δύναμίν
2489 2106 2548 2142 τε
2579 2107 2671 2143 και
2704 2091 3008 2163 πολεμικὴν
3040 2095 3333 2166 ἐμπειρίαν
3354 2113 3366 2124 ·
3396 2099 3508 2160 τοῖς
3544 2099 3672 2150 πᾶσι

2100 2177 2274 2231 δοκεῖν
2322 2181 2545 2249 μείζονα
2591 2183 2876 2250 φαίνεσθαι
2922 2184 3021 2255 τῆς
3061 2185 3190 2238 ποτὲ
3233 2187 3360 2258 περὶ
3395 2187 3485 2239 τὸν
3524 2183 3668 2240 οἶκον

2099 2271 2288 2325 τοῦτον
2322 2274 2580 2344 φανείσης
2611 2275 2803 2346 δόξης·
2832 2278 2929 2332 άτε
2963 2281 3057 2332 καὶ
3090 2280 3182 2333 τοῦ
3221 2280 3383 2352 ἔργου
3428 2281 3668 2352 μείζονος

2100 2363 2251 2426 ὄντος
2278 2365 2310 2436 ἢ
2343 2367 2607 2440 πρότερον
2639 2370 2728 2422 ἐπί
2757 2388 2817 2422 τε
2843 2371 2950 2424 τῶν
2992 2372 3365 2445 Ἀσσυρίων,ἣ
3397 2375 3490 2427 καί
3515 2392 3670 2427 τινων

2103 2456 2302 2526 ἐτέρων
2335 2458 2578 2524 ἐγένετο’
2611 2460 2704 2512 διὰ
2734 2461 2796 2513 τὸ
2837 2463 2897 2514 οὐ
2939 2463 3132 2533 πλήθει
3167 2465 3358 2534 μόνον,
3404 2465 3541 2520 ἀλλὰ
3582 2468 3670 2518 καὶ

2102 2546 2328 2618 δυνάμει
2365 2551 2458 2604 καὶ
2490 2553 2752 2624 ἐμπειρίᾳ
2780 2554 3050 2626 πολεμικῇ
3090 2557 3216 2620 τοὺς
3236 2556 3331 2610 νῦν
3357 2558 3670 2629 ὑπεραίρειν

2101 2637 2208 2692 τῶν
2236 2640 2434 2695 πάλαι·
2461 2636 2536 2696 ὧν
2564 2643 2626 2716 δὴ
2652 2644 2866 2699 πάντων
2886 2650 2952 2718 τῇ
2981 2650 3086 2718 ἐμῇ
3109 2648 3336 2720 δυνάμει
3359 2649 3672 2721 παραδόξως

2107 2734 2522 2803 περιγεγονὸτες
2553 2738 2611 2788 ἐν
2631 2738 2823 2810 εἰρήνῃ
2850 2741 3104 2793 παντελεῖ
3127 2741 3445 2812 γενήσεσθε,
3476 2742 3672 2815 ἀθόρυο

2105 2821 2188 2874 ὅθί
2215 2840 2273 2876 τε
2309 2827 2430 2890 ταῖς
2467 2827 2660 2897 ψυχαῖς
2689 2829 3033 2901 διαμένοντες
3066 2832 3154 2886 διὰ
3181 2835 3241 2887 τὺ
3272 2835 3467 2900 παντὸς
3493 2835 3668 2907 ἀπηλο-

2102 2912 2297 2983 λάχθαι
2326 2915 2614 2987 πολεμίου,
2646 2921 2739 2974 καὶ
2769 2921 2998 2977 πλεῖστα
3024 2925 3122 2978 ὅσα
3153 2927 3218 2979 ἐκ
3246 2925 3353 2980 τῶν
3379 2929 3487 2990 τοῖς
3515 2925 3671 2979 πόλει

426 2993 569 3063 μίοις
607 2993 918 3066 προσόντων
947 2993 1165 3068 λάφυρα
1207 2997 1640 3066 συναγαγόντες·
1673 2999 1709 3054 ἆ
1746 3004 2197 3074 περιποιήσαντες
2234 3008 2479 3076 ἑαυτοῖς,
2510 3009 2730 3066 εὔκολον
2762 3013 2910 3078 ἕξετε
2943 3015 3291 3088 βουληθέντες
3321 3018 3417 3090 τὴν
3445 3018 3671 3090 δύναμιν

418 3087 513 3141 τοῦ
539 3087 630 3141 τὸν
651 3087 775 3140 ναὸν
804 3087 989 3142 τοῦτον
1025 3090 1428 3173 κατασκευάσαι
1458 3108 1518 3143 τε
1547 3091 1641 3145 καὶ
1669 3094 1970 3164 άνεγεῖραί,
1995 3095 2070 3160 ὡς
2095 3096 2160 3150 ἂν
2185 3099 2282 3170 τήν
2305 3101 2510 3156 οἰκείαν
2535 3104 2868 3176 εὐπρέπειαν
2887 3107 3020 3178 ἔχοι,
3037 3110 3135 3181 τῆς
3156 3111 3264 3165 τῶν
3290 3113 3348 3164 ἐν
3369 3113 3518 3184 αὐτῷ
3545 3130 3667 3166 συνο

426 3186 614 3242 ιόντων
648 3186 831 3238 ’ἐνεκεν
865 3185 1028 3256 εὐχῆς
1061 3203 1120 3239 τε
1151 3167 1604 3258 καὶθεραπείας..

490 3293 656 3350 Vens.
683 3295 868 3349 11-15.
887 3293 1092 3350 -—Jam
1124 3307 1413 3367 postquam
1446 3299 1720 3368 praedictis
1742 3301 1996 3357 omnibus

2112 3344 2118 3349 .
2172 3304 2320 3375 Στίχ.
2354 3313 2533 3361 ια’-ιε’.
2552 3338 2624 3348 -
2640 3311 2714 3381 (p.
2729 3310 2858 3381 424)
2875 3313 2972 3366 Διὰ
2989 3314 3050 3386 δὴ
3071 3317 3286 3370 πάντων
3301 3317 3406 3371 τῶν
3426 3323 3670 3394 προειλη-

420 3387 554 3443 satis
579 3403 675 3441 eos
693 3387 1015 3441 adhortatus
1033 3397 1137 3450 est,
1165 3398 1326 3458 atque
1350 3389 1416 3443 ad
1437 3407 1658 3460 operam
1690 3393 1994 3446 aediﬁcandi

420 3479 655 3549 impulit,
691 3480 1152 3549 pron'tissionibus
1180 3483 1343 3535 etiam
1388 3484 1442 3536 in
1473 3499 1622 3553 spem
1654 3487 1850 3548 erexit,
1883 3486 1997 3540 fore

423 3579 481 3625 ut
507 3571 676 3624 ntulta
711 3571 968 3626 beatitate
1008 3570 1262 3625 fruantur
1302 3573 1429 3628 facti
1466 3577 1714 3631 hostibus
1751 3579 1998 3646 superio-

423 3677 528 3724 res,
557 3669 610 3715 et
644 3663 789 3731 quod
813 3664 996 3717 omnia
1034 3664 1097 3718 ad
1141 3666 1326 3734 templi
1356 3665 1773 3722 :edii‘tcatiouetu
1801 3669 1997 3724 idonea

422 3754 658 3806 habituri
699 3752 901 3806 allatim
931 3757 1062 3809 sint.
1103 3755 1368 3812 Caeterum
1403 3766 1550 3814 recte
1585 3760 1707 3814 illos
1743 3762 1997 3833 posthinc

424 3846 666 3898 victuros
704 3845 936 3913 putavit,
969 3854 1023 3900 et
1065 3846 1119 3899 in
1163 3847 1390 3918 reliquis
1423 3863 1714 3907 curaturos
1747 3861 1999 3921 peccato-

421 3950 540 3988 rum
604 3951 827 3989 suorum
891 3938 1352 3993 emendationem.
1420 3939 1511 3996 Sic
1581 3955 1759 3997 autem
1821 3943 1992 3999 dicit:

427 4045 446 4078 ι
472 4026 675 4092 Quarta
700 4035 751 4081 et
771 4028 1029 4084 vicesima
1053 4031 1258 4086 mensis
1285 4033 1437 4095 noni,
1464 4049 1609 4088 anno
1634 4039 1878 4092 secundo
1893 4037 1996 4093 sub

423 4117 608 4179 Dario,
652 4117 829 4171 lactus
863 4127 948 4172 est
998 4134 1180 4174 sermo
1213 4121 1428 4176 Domini
1465 4125 1532 4178 ad
1564 4126 1818 4196 Aggazum
1868 4145 1996 4199 pro-

423 4207 640 4276 phetam
671 4207 900 4264 dicens:
949 4210 1073 4266 lltec
1120 4213 1254 4267 dicit
1299 4214 1990 4290 Dominus‘omuipotens:

427 4303 711 4370 Interroga
744 4318 888 4356 nunc
935 4304 1247 4360 sacerdotes
1295 4307 1466 4377 legem
1500 4308 1726 4364 dicens:
1759 4309 1813 4367 Si
1846 4327 1997 4367 sum-

425 4388 590 4462 psi-rit
649 4391 811 4446 homo
842 4408 1059 4447 carnem
1102 4405 1344 4450 sanetatn
1378 4399 1430 4451 in
1479 4401 1792 4456 summitate
1835 4406 1997 4458 vesti-

422 4486 590 4535 menti
617 4483 721 4545 sui,
750 4493 803 4537 et
835 4485 1069 4554 tetigerit
1097 4491 1388 4544 summitas
1419 4489 1726 4546 vestimenti
1751 4479 1992 4565 ejus°pa-

421 4590 542 4628 Item
564 4584 656 4627 aut
677 4590 787 4628 rem
805 4589 1011 4630 coctam
1031 4587 1122 4630 aut
1139 4581 1322 4632 vinum
1349 4591 1441 4634 aut
1461 4583 1661 4647 oleum,
1692 4595 1785 4639 aut
1808 4602 1993 4655 quem-

419 4665 550 4720 libet
577 4667 780 4730 cibum,
813 4683 942 4720 tmm
975 4670 1438 4725 sanetiticabitur?
1465 4671 1992 4748 Respoaderuntque

419 4757 733 4813 sacerdotes
761 4767 814 4814 et
843 4761 1097 4815 dixerunt
1138 4761 1545 4834 :Neqmtquant.
1599 4766 1848 4838 Dixitque
1885 4772 1987 4840 Ag-

418 4865 610 4918 gtrus:
650 4849 706 4903 Si
743 4851 975 4921 tetigerit
1000 4854 1180 4906 animo
1225 4857 1460 4924 pollutus
1497 4859 1564 4912 de
1594 4861 1848 4915 omnibus
1885 4863 1990 4927 his,

420 4956 548 4992 num
575 4942 1035 4996 contaminabitur
1051 4945 1072 4997 ?
1091 4943 1619 5019 Hespouderuntque
1643 4955 1987 5010 sacerdotes:

421 5032 910 5087 Contamittabitur.
939 5035 1346 5108 ltesponditque
1365 5041 1610 5110 Aggmus.
1631 5053 1684 5097 et
1703 5046 1838 5099 dixit
1865 5065 1878 5101 :
1903 5047 1994 5102 Sic

423 5123 652 5192 populus
689 5123 808 5181 iste.
832 5133 885 5177 et
915 5126 994 5180 sic
1017 5143 1146 5196 gens
1167 5129 1277 5184 hiec
1300 5147 1482 5185 coram
1512 5149 1616 5197 me,
1651 5135 1783 5189 dicit
1815 5137 1993 5192 Domi-

422 5230 558 5277 nus;
593 5221 647 5268 et
667 5214 831 5284 280
857 5219 936 5270 sic
973 5221 1153 5272 omnia
1182 5237 1346 5290 opera
1382 5241 1638 5280 manuum
1677 5243 1866 5283 eorum
1895 5248 1912 5288 ;
1941 5241 1994 5287 et

421 5306 732 5373 quicunque
752 5309 1262 5379 appropinquaverit
1286 5315 1436 5380 illuc,
1459 5322 1940 5381 contaminabitur.
1967 5344 1985 5378 ι

425 5392 549 5450 \‘alt
569 5395 692 5452 illos
710 5397 1129 5468 reprehendere,
1155 5403 1247 5474 qui
1269 5419 1425 5461 sacra
1445 5415 1594 5475 vasa,
1611 5418 1664 5464 et
1682 5412 1890 5483 reliqua
1910 5414 1993 5468 di-

478 5571 604 5668 (158)
658 5570 732 5668 Ita
786 5573 1008 5632 Graecus
1059 5588 1263 5668 textus.
1292 5590 1472 5668 vitam
1497 5587 1828 5668 V_:_t_t_icanus,
1868 5611 1992 5652 cum
2029 5596 2280 5656 Arabico.
2318 5604 2421 5661 Sed
2455 5610 2667 5667 meliuS'
2689 5613 2741 5668 in

426 5652 638 5720 uulgato
664 5649 923 5709 dicuntur
950 5657 1304 5714 contaminari
1329 5660 1511 5715 omnia
1534 5660 1644 5716 illic
1671 5649 1869 5720 oblata.

2101 3394 2278 3462 φότων
2309 3399 2621 3468 ἀρκούντως
2652 3403 2848 3467 αὐτοὺς
2874 3408 3320 3479 προτρεψάμενός
3347 3427 3405 3462 τε
3445 3416 3540 3465 καὶ
3575 3433 3662 3466 παι

2103 3491 2389 3561 ρορμήσας
2413 3493 2506 3544 ἐπὶ
2525 3493 2585 3545 τὸ
2613 3492 2774 3564 ἔργον
2792 3496 2890 3567 τῆς
2906 3498 3196 3570 οἰκοδομῆς
3213 3541 3226 3562 ,
3248 3503 3341 3555 καὶ
3359 3503 3421 3575 δή
3445 3507 3538 3557 καὶ
3553 3511 3669 3571 ταῖς

2099 3580 2449 3648 ἐπαγγελίαις
2473 3585 2756 3651 εὐέλπιδας
2779 3590 3028 3660 ποιήσας,
3052 3590 3140 3646 ὅτι
3160 3594 3360 3666 πολλῆς
3386 3597 3672 3668 μεθέξουσι

2097 3673 2195 3742 τῆς
2250 3673 2509 3748 εὐπορίας
2550 3683 2956 3752 κεκρατηκότες
3005 3684 3112 3737 τῶν
3153 3688 3449 3759 πολεμίων,
3481 3692 3560 3757 ὡς
3605 3694 3668 3747 ἂν

2098 3762 2314 3818 ἅπαντα
2348 3769 2484 3837 πρός
2513 3787 2572 3822 τε
2613 3771 2710 3842 τὴν
2738 3773 3023 3846 οἰκοδομὴν
3055 3779 3149 3831 τοῦ
3181 3781 3309 3834 ναοῦ
3341 3786 3433 3837 καὶ
3465 3788 3599 3857 πρὸς
3640 3790 3667 3842 ὅ

2097 3873 2150 3910 τι
2175 3856 2239 3909 ἂν
2269 3857 2500 3914 ἐθέλοιεν
2523 3861 2730 3931 ἄφθονα
2755 3864 2948 3935 ἔχοιεν.
2974 3869 3080 3922 Τοῦ
3106 3870 3292 3926 λοιποῦ
3320 3856 3664 3948 καλῶςὲχειν

2099 3949 2342 4020 ἡγήσατο
2372 3952 2463 4004 καὶ
2489 3953 2587 4025 τήν
2629 3956 2687 4008 ἐν
2727 3957 2934 4028 ἑτέροις
2969 3959 3251 4032 διόρθωσιν
3290 3967 3471 4032 αὐτοῖς
3499 3987 3664 4040 προσ-

2098 4044 2322 4110 αγαγεῖν
2355 4046 2412 4097 ἐν
2445 4041 2639 4117 οἷσπερ
2672 4050 3002 4120 ἡμάρτανον.
3037 4055 3201 4124 Λέγει
3230 4057 3285 4112 δὲ
3313 4059 3504 4124 οὕτως·
3535 4083 3553 4114 ι
3586 4064 3663 4135 Τῇ

2096 4134 2308 4206 τετράδι
2342 4135 2437 4188 καὶ
2472 4139 2646 4193 εἰκάδι
2672 4139 2763 4194 τοῦ
2792 4142 2982 4196 ἐνάτου
3011 4147 3199 4214 μηνὸς,
3233 4148 3386 4213 ἔτους
3410 4134 3661 4220 δευτέρου

2096 4227 2190 4278 ἐπὶ
2227 4227 2482 4296 Δαρείου,
2525 4228 2741 4297 ἐγένετο
2775 4231 2930 4302 λόγος
2975 4236 3179 4308 Κυρίου
3223 4243 3358 4312 πρὸς
3414 4245 3664 4313 Ἀγγαίον

2094 4317 2185 4372 τὸν
2224 4320 2507 4391 προφήτην
2537 4319 2737 4391 λέγων’
2778 4325 2914 4379 Τάδε
2943 4326 3092 4397 λέγει
3127 4332 3330 4402 Κύριος
3358 4342 3662 4411 παντοκρά-

2095 4412 2226 4479 τωρ·
2283 4411 2658 4483 Ἐπερώτησον
2690 4415 2816 4479 τοὺς
2857 4419 3019 4492 ἱερεῖς
3067 4422 3230 4494 νόμον
3275 4425 3475 4494 λέγων’
3540 4432 3662 4486 Ἐὰν

2096 4499 2232 4573 λάϐῃ
2257 4501 2541 4574 ἄνθρωπος
2568 4505 2733 4575 κρέας
2759 4509 2914 4576 ἅγιον
2949 4512 3006 4564 ἐν
3033 4513 3110 4584 τῷ
3143 4515 3296 4587 ἄκρῳ
3323 4519 3413 4572 τοῦ
3448 4522 3662 4590 ἱματίου

2095 4591 2282 4653 αὐτοῦ,
2305 4594 2398 4647 καὶ
2425 4594 2628 4666 ἆψηται
2649 4598 2709 4651 τὸ
2729 4600 2896 4670 ἄκρον
2922 4603 3018 4656 τοῦ
3055 4606 3268 4675 ἱματίου
3302 4612 3466 4666 αὐτοῦ
3494 4614 3660 4685 ἄρτου

2093 4682 2136 4776 ἢ,
2168 4683 2445 4755 ἑψήματος
2471 4688 2503 4758 ἢ
2535 4690 2677 4742 οἴνου
2723 4691 2754 4764 ἦ
2793 4693 2970 4749 ἐλαίου
3001 4697 3092 4751 καὶ⁵
3119 4702 3316 4766 παντὸς
3353 4682 3658 4776 βρώματος,

2093 4775 2142 4827 εί
2178 4776 2601 4848 άγιασθήσεται;
2632 4782 2739 4834 Καὶ
2769 4785 3147 4860 ἀπεκρίθησαν
3174 4795 3224 4845 οἱ
3257 4797 3436 4865 ἱερεῖς,
3475 4801 3570 4853 καὶ
3594 4796 3644 4856 εἷ

2094 4883 2212 4920 πον·
2261 4871 2410 4939 Οὐχί.
2469 4875 2577 4927 Καὶ
2609 4873 2761 4930 εἶπεν
2816 4881 3096 4950 Ἀγγαῖοςο
3156 4889 3281 4942 Ἐάν
3319 4891 3522 4964 ἅψηται
3565 4916 3660 4967 με-

2096 4963 2519 5061 μιασμένοςέπὶ
2541 4966 2684 5040 ψυχῇ
2720 4971 2827 5024 ἀπὸ
2857 4975 3074 5029 πάντων
3097 4980 3320 5044 τούτων,
3355 4986 3404 5036 εί
3436 4963 3660 5061 μιανθήο

2093 5067 2280 5116 σεται;
2318 5054 2425 5107 Καὶ
2466 5057 2839 5132 ἀπεκρίθησαν
2879 5067 2927 5118 οἱ
2964 5068 3128 5138 ἱερεῖς
3164 5074 3258 5126 καὶ
3296 5054 3468 5129 εἶπον·
3503 5054 3647 5134 Μιαύ

2091 5144 2331 5238 tineam}.
2364 5149 2474 5203 Kal
2497 5152 2768 5226 ἀπεκρίθη
2808 5159 3179 5230 ’Λγγαῖος,καὶ
3201 5165 3353 5223 εἶπεν
3371 5188 3383 5200 ·
3426 5172 3614 5238 Οὕτως
3641 5179 3662 5228 ὁ

2089 5235 2216 5300 λαὸς
2248 5232 2419 5306 οὗτος,
2461 5244 2553 5295 καὶ
2581 5245 2754 5310 οὕτως
2779 5249 2839 5303 τὸ
2865 5251 3016 5318 ἔθνος
3055 5256 3214 5312 τοῦτο
3245 5259 3474 5316 ἐνώπιον
3503 5265 3658 5336 ἐμοῦ,

2090 5326 2252 5428 λέγει.
2274 5331 2478 5428 Κύριος
2499 5351 2511 5362 ·
2551 5338 2645 5428 καὶ
2664 5339 2834 5405 οὕτως
2862 5345 3042 5399 πάντα
3065 5348 3134 5402 τά
3159 5349 3297 5421 ἔργα
3325 5355 3432 5407 τῶν
3465 5326 3657 5428 χείρῶν

2090 5419 2255 5473 αὐτοῦ
2276 5436 2289 5450 ⁸
2333 5423 2426 5477 καὶ
2461 5425 2520 5488 ὃς
2559 5427 2653 5481 ἐὰν
2678 5431 2868 5504 ἐγγίσῃ
2901 5436 3018 5488 ἐκεῖ
3047 5419 3200 5509 (56),
3231 5419 3601 5514 μιανθήσετάι.
3634 5465 3649 5494 ι

2803 5615 3104 5686 llehraico,
3137 5620 3274 5695 Syro
3324 5633 3487 5696 atque
3534 5623 3647 5683 Lat.
