3830 6216
190 281 298 332 ὖὟε)

1248 269 1794 328 COMMENTARIUS
1835 269 1898 320 IN
1949 267 2170 322 AG'GA‘II
2207 267 2358 322 CAP.
2413 266 2480 318 11.

3330 271 3436 327 1'90

192 397 449 449 ἰὶούλεται
493 397 587 466 μὲν
623 397 815 459 αὐτοὺς
862 395 1102 463 ἐλέγχειν
1144 393 1216 455 ὡς
1248 393 1354 444 τῶν
1402 391 1609 444 σκευῶν
1653 389 1760 440 τῶν

1872 389 1990 440 vino
2011 387 2176 441 cultui
2203 399 2442 454 congrua
2472 383 2802 454 negligenter
2823 379 3293 452 imlil‘l‘ereuterque
3320 396 3437 438 tan-

191 488 508 556 ἱερατικῶν,
537 488 629 539 καὶ
653 487 760 544 τῶν
787 485 990 538 λοιπῶν
1011 485 1075 554 δή
1101 484 1207 536 τῶν
1229 486 1294 553 τῇ
1320 483 1410 535 τοῦ
1437 481 1578 534 θείου
1605 481 1766 550 θερα-

191 581 322 648 πείᾳ
351 579 733 648 προσηκόντων
755 576 971 648 ἀμελῶς
1001 576 1094 628 καὶ
1123 577 1426 644 προχείρως
1455 571 1768 640 ἐφαπτομέ-

190 689 337 733 νους,
372 675 468 722 καὶ
497 670 557 722 ού
594 670 729 740 μετὰ
755 669 849 722 τοῦ
886 669 1257 738 προσήκοντος
1292 665 1478 727 δέους,
1513 665 1590 734 (ρ.
1639 661 1764 731 4⁸25)

190 763 332 831 ὑπὲρ
369 756 430 814 οὗ
459 762 522 831 δὴ
564 763 674 822 τοῖς
721 759 920 829 ἱερεῦσι
956 760 1328 826 προσαγαγεῖν
1369 757 1468 826 τὴν
1499 753 1766 825 ἐρώτησιν

189 853 396 921 ταύτην
428 850 725 922 προσέταξε
759 850 842 920 τῷ
881 851 1129 919 προφήτῃ
1151 889 1165 914 ,
1201 849 1295 902 ἆτε
1330 848 1389 898 ἐν
1434 845 1660 906 ἐκείνοις
1704 843 1766 895 ὂν

187 943 250 993 τὸ
277 944 346 995 τὰ
371 942 594 993 τοιαῦτα
621 944 677 994 ἐν
706 941 930 1010 ἀμελείᾳ
956 939 1240 1000 ποιεῖσθαι,
1263 937 1296 1006 ἢ
1320 936 1454 1006 μετὰ
1482 934 1576 987 τοῦ
1604 950 1766 1004 προσ-

193 1035 412 1101 ήκοντος
453 1031 623 1095 δέους.
663 1031 936 1084 Κάλλιστα
974 1031 1030 1083 δὲ
1079 1031 1171 1082 καὶ
1214 1029 1310 1098 τὴν
1354 1025 1623 1097 ἐρώτησιν
1654 1025 1762 1077 ἀπὸ

189 1124 424 1175 εὐτελῶν
455 1124 778 1193 ἐποιήσατο,
808 1122 893 1174 ἵνα
939 1123 1198 1190 μειζόνως
1229 1121 1289 1171 τὸ
1328 1119 1466 1175 κατᾶ
1495 1120 1561 1168 τὶ
1595 1116 1762 1182 σκεύη

189 1217 255 1266 τὰ
307 1216 438 1282 ἆγια
475 1215 850 1284 πλημμέλημα
892 1211 1126 1283 αὐξήσῃ.
1165 1212 1325 1278 Λέγει
1364 1210 1541 1262 τοίνυν
1570 1210 1671 1270 ὅτι,
1704 1209 1769 1259 Εἴ

188 1323 271 1368 τις
306 1308 472 1376 κρέας
503 1305 652 1373 ἅγιον
693 1305 752 1357 τὸ
799 1305 904 1358 ἀπὸ
944 1305 1133 1368 θυσίας
1178 1303 1210 1374 ἢ
1259 1319 1402 1363 τινος
1449 1301 1763 1371 προσφορᾶς

189 1397 524 1467 ἡγιασμένον
549 1400 611 1449 ἐν
634 1398 786 1467 μέρει
817 1398 922 1449 τινὶ
945 1396 1038 1449 τοῦ
1073 1396 1288 1465 ίματίου
1323 1393 1533 1464 ἐμϐάλῃ
1565 1391 1656 1445 τοῦ
1684 1393 1754 1443 οξ-

188 1491 360 1554 κείου,
397 1486 516 1541 εἶτα
553 1490 710 1541 τοῦτο
753 1489 815 1558 δὴ
851 1488 916 1540 τὸ
943 1487 1110 1557 ἄκρον
1153 1485 1342 1555 ἐτέρου
1386 1484 1530 1546 τινος
1571 1483 1760 1552 ἅψεται

187 1583 334 1632 οἴνου
379 1583 412 1651 ἢ
464 1579 643 1633 ἐλαίου
683 1581 715 1650 ἦ
753 1581 874 1632 ὅτου
910 1580 973 1649 δή
1021 1595 1152 1631 ποτε
1197 1575 1304 1630 τῶν
1351 1575 1607 1647 βρωτῶν,
1651 1570 1763 1644 ἆρα

187 1673 345 1740 ῖιγιον
379 1673 527 1725 ἔσται
555 1675 613 1726 τὸ
636 1674 846 1726 τοιοῦτο
867 1671 955 1726 διὰ
976 1673 1075 1740 τὴν
1102 1670 1195 1724 τοῦ
1222 1670 1390 1740 ἄκρου
1423 1667 1518 1719 τοῦ
1550 1665 1762 1736 ἱματίου

1873 479 2088 546 gebant,
2106 487 2156 532 et
2179 493 2284 530 non
2299 490 2422 529 cum
2446 474 2798 529 conveniente
2816 486 3016 544 pavore
3039 492 3053 527 :
3077 489 3180 540 qua
3197 489 3360 542 super
3379 491 3440 529 ne

1874 570 2186 623 sacerdotes
2218 566 2706 637 ipsosinterrogari
2738 582 2770 618 a-
2801 565 3062 634 propheta
3095 564 3442 630 Deusjubet,

1876 659 1928 709 in
1955 673 2183 725 quorum
2211 657 2438 710 arbitrio
2459 663 2572 709 erat
2600 656 2714 709 haec
2742 655 2821 707 vel
2843 654 3178 723 negligenter
3207 653 3288 706 vel
3311 669 3448 706 eum.

1873 746 2053 799 debito
2093 758 2235 800 metu
2265 753 2517 800 tractare.
2546 744 2771 814 Egregie
2797 758 2926 797 vero
2955 744 3432 812 interrogatioumu

1874 837 2069 890 vilibus
2098 837 2152 890 in
2196 837 2356 890 rebus
2382 836 2528 898 facit,
2562 845 2620 888 ut
2665 835 2928 889 adversus
2959 847 3118 888 sacra-
3151 847 3276 887 vasa
3309 847 3434 901 pec-

1872 934 2052 980 catum
2082 928 2252 996 magis
2284 934 2500 994 augeat.
2541 925 2636 978 Ait-
2671 924 2836 994 igitur
2869 940 2884 976 :
2918 919 3123 988 Quodsi
3163 923 3287 991 quis
3312 936 3437 974 san-

1870 1026 2014 1071 ctam
2053 1032 2273 1072 carnem
2305 1017 2373 1072 de
2406 1016 2625 1070 victima
2657 1022 2752 1068 aut
2783 1015 3021 1083 qualibet
3050 1013 3345 1072 oblatione,
3381 1012 3434 1065 in

1873 1120 2080 1176 partem
2119 1109 2360 1178 aliquam
2395 1105 2702 1161 vestimenti
2746 1106 2827 1158 sui
2861 1102 3192 1172 coniecerit;
3239 1100 3436 1155 deinde

1875 1200 2035 1267 hujus
2066 1199 2230 1254 vestis
2261 1197 2546 1253 summitas
2600 1195 2744 1249 aliud
2771 1196 2970 1264 aliquid
3013 1194 3298 1264 contigerit
3322 1193 3436 1246 sive

1871 1290 2057 1342 vinum
2095 1289 2217 1342 sive
2270 1287 2473 1349 oleum,
2518 1284 2636 1338 sive
2677 1284 2971 1352 quamlibet
3022 1283 3181 1335 aliam
3231 1297 3432 1343 escam.

1872 1394 1998 1432 num
2032 1377 2106 1440 id,
2129 1378 2373 1444 inquam,
2400 1381 2650 1429 sanctum
2675 1373 2860 1426 evadet
2883 1380 3102 1442 propter
3124 1371 3324 1426 summi
3347 1387 3437 1424 ve-

1871 1468 2110 1524 stimenti
2158 1476 2505 1529 contactum,
2569 1467 2621 1518 in
2679 1480 2787 1534 quo
2828 1479 2956 1519 t-aro
2985 1465 3234 1532 .reposita
3284 1461 3437 1516 erat!

1871 1556 1948 1610 llli
1979 1571 2108 1610 vero
2137 1561 2498 1628 congruenter
2527 1556 2946 1622 responderunt,
2979 1569 3092 1607 rem
3124 1553 3434 1622 huiusmodi

1871 1658 2113 1703 sanetam
2153 1663 2260 1702 non
2307 1648 2443 1709 fore,
2475 1656 2742 1716 quatenus
2785 1661 2893 1700 non
2936 1644 3236 1699 suiliciehat
3271 1645 3436 1699 vestis

186 1739 356 1832 ἀρὴν,
394 1766 450 1815 ἐν
484 1757 636 1835 ᾧπερ
663 1764 919 1817 ἀπέκειτο
951 1763 1013 1814 τὸ
1035 1739 1244 1831 Ϋκρέας;
1277 1763 1339 1812 0i
1378 1759 1436 1811 δέ
1463 1755 1766 1818 ἀκολούθως

1872 1742 2177 1804 summitas,
2211 1740 2266 1794 in
2296 1755 2403 1810 qua
2438 1754 2567 1794 caro
2612 1749 2797 1795 sancta
2847 1739 3056 1793 inclusa
3089 1745 3256 1800 esset,
3287 1752 3435 1792 cont-

188 1855 399 1920 ἒφασκν
437 1855 518 1906 ὅτι
557 1853 630 1923 μὴ
672 1853 827 1921 ἅγιον
851 1853 1057 1921 γίνεται
1087 1851 1147 1902 τὸ
1178 1847 1406 1908 τοιοῦτο,
1441 1849 1516 1909 ὠς
1542 1847 1640 1899 οὐκ
1674 1845 1767 1898 αὒο

188 1945 413 2012 τάρκως
442 1941 654 2011 ἔχοντος
684 1941 776 1994 τοῦ
804 1942 974 2010 ἄκρου
1007 1938 1100 1992 τού
1131 1937 1342 2008 ἱματίου
1377 1935 1464 1988 διὰ
1498 1934 1560 1985 τὸ
1589 1934 1767 2000 ἐγκεί-

195 2051 356 2102 μενον
387 2033 553 2102 κρέας
577 2032 730 2100 ἅγιον
765 2032 935 2102 ἐτέρῳ
963 2029 1153 2100 βρωτῷ
1180 2030 1268 2080 τὸν
1304 2027 1570 2094 ἁγιασμόν
1607 2024 1763 2093 παρέ-

189 2141 329 2194 κειν.
369 2121 501 2189 Εἶτα
553 2124 714 2178 πάλιν
746 2125 957 2194 ἐρωτᾷ,
1001 2122 1125 2174 Ἐάν
1177 2119 1233 2172 δέ
1276 2135 1358 2180 τις
1400 2118 1766 2187 μεμιασμένος

187 2217 275 2282 ἐφ’
314 2217 422 2284 ὅτῳ
466 2215 664 2284 δήποτε
705 2214 906 2283 ἅψηται
940 2211 1048 2265 τῶν
1082 2209 1368 2270 τοιούτων,
1416 2207 1613 2277 μιαίνει
1650 2201 1765 2275 ἆρα

188 2306 411 2366 πάντως
446 2303 602 2365 αὐτὰ,
643 2303 675 2372 ἢ
705 2301 797 2367 οὖ;
830 2304 891 2354 Oi
920 2301 976 2353 δὲ
1013 2294 1224 2368 ἔφασαν
1269 2297 1520 2368 μιαίνειν.
1573 2294 1763 2347 Ἢῦου-

183 2399 328 2469 λήθη
358 2396 413 2448 δέ
444 2395 532 2447 διὰ
560 2394 760 2447 τούτων
789 2390 964 2445 εἰπεῖν
999 2391 1104 2454 ὅτι,
1137 2389 1353 2456 ’Ὠσπερ
1377 2385 1438 2439 τὸ
1475 2386 1641 2455 ἄκρον
1670 2384 1762 2435 τοῦ

192 2489 432 2555 ἱματίου,
463 2485 525 2536 ού
552 2483 638 2537 διὰ
665 2483 727 2535 τὸ
762 2481 1104 2550 ἐπικείμενον
1136 2477 1290 2544 ἆγιον
1322 2475 1568 2544 ἁγιάζειν
1606 2474 1764 2526 δύνα-

191 2597 278 2630 :1:
309 2579 366 2630 τὸ
391 2577 769 2647 προσεγγίζζον,
798 2575 830 2626 ό
857 2570 1226 2642 μεμιασμὲνος
1253 2568 1306 2619 δέ
1335 2566 1634 2636 ἁπτόμενος
1657 2565 1764 2616 τῶν

190 2671 452 2722 τοιούτων
497 2667 698 2738 μιαίνει
746 2665 959 2726 πάντως
1002 2663 1169 2721 αύτὰ,
1207 2659 1346 2712 οὕτω
1392 2659 1496 2728 χρὴ
1526 2656 1763 2725 νομίζειν

190 2764 283 2814 καὶ
307 2763 448 2830 ὑμᾶς
471 2759 807 2828 ἁπτομένους
829 2754 1148 2825 προχείρως,
1179 2767 1254 2822 ῳ.
1277 2750 1400 2815 4:756)
1429 2755 1521 2802 καὶ
1539 2751 1598 2801 ού
1630 2749 1764 2817 μετὰ

188 2853 282 2904 τοῦ
311 2853 678 2922 προσήκοντος
714 2846 1050 2915 σεϐάσματος
1075 2843 1180 2896 τῶν
1204 2841 1498 2894 immixti»;
1528 2839 1760 2898 σκευῶν,

189 2946 220 3013 ἢ
270 2945 380 2996 τῶν
414 2946 562 3006 ὅπως
592 2941 721 2994 ποτέ
761 2938 839 3009 τῷ
872 2936 990 3007 Θεῷ
1037 2935 1438 3006 προσηκόντων,
1476 2933 1555 2985 ὅτι
1595 2932 1691 3000 οὐχ
1738 2933 1766 2983 ό

189 3035 418 3086 ἐκείνων
446 3030 714 3100 ἁγιασμὸς
749 3029 891 3098 ὑμᾶς
933 3025 1167 3095 ἁγιάζει,
1207 3026 1234 3076 ὁ
1262 3024 1319 3076 δὲ
1349 3023 1609 3092 ὑμέτερος
1638 3019 1761 3122 τρό-
1786 3067 1834 3122 C

187 3141 290 3187 τεῆς
327 3121 702 3192 μεμιασμένος
725 3117 806 3170 ὢν
820 3116 977 3187 ὓϐριν
1007 3113 1397 3186 προστρίϐεται
1428 3114 1538 3174 τοῖς
1570 3109 1764 3177 ἁγίοις,

191 3219 353 3284 εἴπερ
385 3211 479 3265 οἷν
511 3209 688 3263 αὐτῶν
729 3208 832 3272 ἐξω
866 3205 958 3260 τού
990 3207 1364 3276 προσήκοντος
1407 3202 1768 3270 ἐφαπτόμενοι

191 3303 496 3374 φαίνοισθε.
527 3299 685 3353 Ὅθεν
709 3299 802 3352 καὶ
827 3301 856 3350 ό
885 3298 1167 3368 προφήτης
1189 3294 1543 3364 ἀποκρίνεται
1574 3293 1647 3354 ὡς
1675 3290 1765 3344 τοῦ

188 3393 330 3446 Θεοῦ
381 3391 628 3452 εἰπόντος
663 3389 742 3440 ὅτι
767 3428 780 3451 ,
826 3386 1047 3439 Τοιοῦτο
1093 3385 1158 3454 δὴ
1201 3383 1296 3436 καὶ
1342 3383 1413 3434 τὸ·
1446 3384 1576 3451 παρ’
1618 3379 1769 3449 ὑμῶν

195 3483 484 3550 γινόμενον
503 3479 666 3541 ἐστιν,
693 3477 769 3528 ὅτ’
793 3475 857 3528 ἂν
879 3472 1125 3543 ἃπτησθέ
1151 3487 1295 3533 τινος
1313 3471 1422 3523 τῶν
1451 3470 1572 3540 ἐμοὶ
1601 3485 1767 3537 προσ-

192 3574 443 3642 τριόιτως
489 3569 690 3635 ἁγίων·
724 3566 863 3618 ὥστε
919 3564 1216 3635 προσήκειν
1258 3562 1402 3630 ὑμᾶς
1457 3559 1650 3611 εἰδέναι
1689 3560 1768 3610 ὅτι

196 3666 306 3726 πᾶς
341 3660 574 3728 ἐγγίζων
604 3657 727 3726 ἐμοὶ
757 3655 1036 3726 (ἐγγίζειν
1078 3655 1187 3722 γάρ
1220 3653 1343 3722 ἐμοὶ
1364 3652 1508 3719 λέγω
1530 3689 1544 3713 ,
1577 3651 1636 3702 τὸ
1663 3651 1769 3703 τῶν

195 3756 321 3824 ἐμοὶ
350 3750 732 3822 προσηκόντων
777 3764 836 3799 τε
877 3746 970 3798 καὶ
999 3744 1381 3814 ἀνακειμένων
1415 3741 1768 3810 ἐφάπτεσθαι)

195 3849 244 3896 εἰ
270 3841 576 3912 προχείρως
610 3839 702 3891 καὶ
728 3837 784 3888 ὲν
815 3835 1045 3904 ἀμελείᾳ
1071 3833 1166 3886 καὶ
1189 3832 1586 3901 καταφρονήσει
1616 3828 1772 3881 τοῦτο

199 3934 403 4004 ποιοίη,
439 3933 501 3983 ού
549 3932 709 4000 μόνον
745 3926 961 3988 οὐθενὸς
1001 3924 1262 3976 ἀπολαύει
1311 3923 1534 3994 κέρδους
1571 3923 1633 3973 ἐκ
1674 3922 1769 3988 τῆς

201 4025 366 4093 ἁφῆς,
399 4021 534 4074 ἀλλὰ
573 4020 682 4090 γὰρ
715 4017 807 4071 καὶ
841 4015 1125 4086 μολύνεται
1156 4011 1652 4084 προσαδικούμενος
1679 4012 1771 4062 καὶ

203 4111 715 4184 πφσὸλαπτόμενος
734 4149 748 4171 ,
781 4107 918 4178 ὑπὲρ
951 4101 1026 4159 ὧν
1054 4103 1160 4156 τῶν
1189 4101 1361 4165 οὕτως
1391 4102 1560 4168 ἁγίων
1596 4101 1772 4170 ἥψατο

200 4205 526 4276 προχείρως.
583 4218 602 4250 ι
655 4200 881 4252 Ἕνεκεν
927 4196 1036 4248 τῶν
1087 4194 1388 4265 λημμάτων
1436 4191 1613 4246 αὐτῶν
1663 4190 1771 4242 τῶν

198 4291 464 4364 ὀρθρινῶν
519 4288 936 4358 ὀδυνηθήσονται
985 4284 1093 4338 ἀπὸ
1151 4283 1442 4354 προσώπου
1499 4278 1770 4350 πονηριῶν

199 4383 399 4443 αὐτῶν,
433 4380 524 4432 καὶ
564 4380 804 4446 ἐμισεῐτε
841 4376 898 4426 ἐν
933 4373 1128 4435 πύλαις
1161 4371 1498 4439 ἐλέγχοντας.
1554 4387 1572 4418 ι
1613 4369 1769 4436 Λημ-

201 4473 390 4541 μάτων
430 4469 635 4532 αὐτῶν,
676 4467 768 4520 ἵνα
807 4466 935 4537 εἴπῃ
985 4463 1059 4525 ὼς
1115 4459 1552 4529 ἐπελαμϐάνοντο
1598 4456 1765 4526 πράτ-

194 4579 382 4624 τοντες
407 4561 466 4612 οὐ
491 4559 734 4618 δεόντως.
774 4556 942 4624 ’Υπὲρ
966 4554 1072 4623 γὰρ
1095 4547 1188 4613 ὧν,
1213 4551 1398 4620 φησὶν,
1430 4549 1768 4618 ἐπεχειρεῖτε

199 4651 464 4722 πράξεσιν
497 4648 748 4710 ἀτόποις,
780 4645 987 4716 ὅρθριοι
1021 4644 1100 4705 εἰς
1133 4640 1291 4693 τοῦτο
1326 4638 1725 4706 διανιστάμενοι
1752 4675 1768 4700 ,

198 4747 293 4798 καὶ
323 4743 457 4814 μετά
483 4744 659 4811 πάσης
687 4739 756 4792 τὰ
780 4741 956 4794 ἄτοπα
976 4737 1076 4805 τῆς
1102 4734 1335 4803 σπουδῆς
1367 4730 1762 4792 ἐπιτελοῦντες,

1871 1831 2196 1886 municando
2224 1831 2378 1885 alteri
2412 1846 2552 1886 esca:
2575 1830 3086 1886 sanetilicationem.
3113 1829 3235 1884 Mox
3257 1829 3438 1884 denuo

1869 1919 2166 1990 interrogat
2203 1937 2216 1973 :
2260 1917 2316 1972 Si
2364 1919 2486 1988 quis
2525 1917 3018 1988 quomodocunque
3070 1918 3308 1987 pollutus
3351 1933 3438 1969 ms

1869 2009 2177 2078 hujusmodi
2221 2009 2483 2078 attigerit.
2520 2025 2647 2062 num
2681 2009 2802 2062 illas
2828 2009 3050 2062 omnino
3069 2008 3436 2063 contaminat?

1861 2098 1947 2153 .llli
1993 2115 2120 2154 vero
2170 2101 2423 2154 dixerunt
2451 2119 2463 2150 :
2491 2097 2860 2153 Contaminat.
2905 2098 3090 2153 Voluit
3121 2107 3310 2152 autem
3341 2113 3436 2166 per

1869 2191 1982 2246 haec
2007 2191 2209 2255 dicere,
2237 2191 2383 2260 quod
2404 2191 2713 2246 vestimenti
2739 2190 2957 2260 quidem
2989 2190 3276 2246 summitas
3311 2206 3433 2259 pro-

1869 2288 1984 2349 pter
2022 2294 2132 2333 rem
2165 2287 2412 2334 sanctam
2450 2278 2716 2332 inclusam
2755 2278 3096 2334 sanctiﬁcare
3128 2278 3434 2348 proximum

1867 2370 2067 2437 aliquid
2112 2377 2380 2439 nequeat;
2427 2369 2521 2423 sed
2561 2368 2707 2438 quod
2754 2369 2914 2424 homo
2948 2369 3190 2438 pollutus
3225 2369 3271 2423 si
3304 2370 3434 2437 quid

1866 2462 2128 2531 ejusmodi
2170 2470 2374 2528 tangat,
2420 2461 2575 2529 plane
2622 2461 2751 2514 illud
2795 2460 3155 2514 Contamiuet:
3209 2460 3436 2530 ideoque

1866 2553 2219 2614 credendum,
2259 2549 2402 2619 quod
2437 2550 2481 2604 si
2514 2563 2613 2604 vos
2645 2557 2869 2611 temere,
2903 2555 2957 2602 et
2986 2549 3104 2603 sine
3139 2547 3328 2601 debita
3349 2564 3434 2601 re-

1867 2646 2064 2714 ligione
2100 2659 2228 2698 vasa
2277 2657 2455 2706 sacra,
2505 2641 2586 2695 vel
2626 2639 2891 2710 quidquid
2921 2639 3106 2692 divino
3144 2639 3312 2692 cultui
3343 2639 3437 2692 aci-

1865 2735 2068 2787 dictum
2099 2739 2200 2794 est,
2256 2730 2560 2800 tetigeritis,
2603 2729 2744 2782 haud
2792 2729 3017 2784 illorum
3053 2729 3312 2784 sanctitas
3342 2745 3437 2782 vos

1866 2822 2186 2884 sanctiﬁcet,
2227 2821 2318 2876 sed
2365 2822 2472 2874 vita
2514 2828 2694 2876 vestra
2730 2821 3014 2890 inquinata
3053 2820 3434 2874 contumeliam

1865 2915 2030 2969 rebus
2073 2915 2282 2967 sanctis
2327 2920 2598 2981 aspergat,
2636 2911 2903 2981 siquidem
2955 2910 3078 2965 illas
3108 2911 3315 2979 absque
3345 2913 3437 2963 dc-

1867 3003 1978 3056 bita
2007 3002 2308 3055 reverentia
2345 2996 2684 3054 eontrectare
2714 2998 3027 3054 videamini.
3074 2998 3434 3063 Quamobrem

1869 3091 2030 3146 etiam
2065 3090 2332 3159 propheta
2371 3091 2685 3160 respondet,
2733 3099 2990 3159 tanquam
3022 3088 3130 3144 Deo
3161 3089 3435 3159 loquente,

1871 3181 1975 3234 hoc
2003 3179 2178 3248 ipsum
2209 3178 2369 3247 231
2406 3179 2474 3233 ab
2511 3179 2577 3233 iis
2603 3178 2714 3232 ﬁeri
2748 3178 3181 3246 quotiescunque
3201 3192 3288 3233 res
3315 3192 3439 3232 san-

1870 3281 1986 3324 ctas
2000 3271 2167 3323 cultui
2187 3284 2306 3323 meo
2331 3269 2578 3322 addictas
2596 3267 2892 3337 tetigerint.
2911 3266 3272 3332 Quamobrem
3297 3269 3438 3322 scire

1871 3361 2102 3423 debetis,
2146 3359 2443 3428 quemlibet
2487 3358 2620 3411 mihi
2661 3357 3117 3428 propinquantem
3180 3359 3433 3427 (propiu-

1870 3468 2038 3522 quare
2067 3461 2246 3505 autem
2274 3450 2406 3503 mihi
2441 3449 2592 3503 illum
2628 3449 2772 3513 dico,
2801 3449 2893 3519 qui
2933 3464 3020 3504 res
3054 3463 3204 3504 meas
3240 3449 3438 3503 lnihive

1871 3544 2078 3597 oblatas
2119 3541 2391 3610 attingit),
2435 3541 2482 3595 si
2511 3548 2714 3596 temere
2742 3556 2806 3595 ac
2853 3539 3152 3596 socorditer
3182 3549 3275 3594 aut
3307 3555 3437 3594 conn

1871 3635 2112 3703 temptim
2141 3633 2196 3688 id
2226 3640 2372 3703 agat,
2401 3647 2510 3686 non
2544 3632 2704 3687 modo
2732 3634 2941 3687 nullum
2969 3647 3036 3687 ex
3063 3639 3318 3686 contactu
3350 3649 3438 3686 ea-

1871 3741 1999 3794 pere
2019 3725 2465 3787 emolumentum,
2487 3738 2676 3778 verum
2700 3723 2863 3778 etiam
2895 3722 3168 3792 inquinari
3199 3739 3304 3776 non
3320 3723 3437 3776 sine

1872 3831 1970 3868 sua
2011 3815 2170 3883 culpa
2213 3828 2276 3866 ac
2325 3813 2542 3880 damno,
2597 3822 2880 3883 propterea
2919 3813 3064 3883 quod
3096 3821 3306 3867 temere
3350 3828 3438 3868 res

1873 3906 2008 3959 adeo
2035 3913 2253 3959 sanctas
2290 3905 2729 3959 contrectaverit.
2783 3903 3050 3972 «Pmpter
3078 3917 3300 3957 munera
3338 3918 3436 3959 sua

1874 3997 2136 4051 matutina
2162 3995 2474 4051 dolebunta
2516 3995 2654 4049 facie
2696 3995 3044 4065 iniquitatem
3079 4009 3337 4050 suarum:
3384 4008 3438 4050 et

1872 4087 2108 4140 oderatis
2131 4096 2418 4157 arguentes
2441 4087 2492 4140 in
2527 4085 2720 4154 portis.
2745 4103 2764 4135 ι
2795 4083 3012 4138 Munera
3035 4083 3167 4138 dicit
3190 4099 3311 4153 qua:
3331 4101 3435 4138 non

1873 4186 2019 4232 recte
2051 4178 2260 4248 agendo
2300 4177 2662 4245 accipiebant.
2699 4173 2926 4245 Propter
2973 4175 3251 4245 improbos
3283 4186 3439 4231 actus

1872 4277 2102 4330 vestros,
2133 4282 2270 4336 quos
2301 4266 2542 4321 diluculo
2570 4272 2983 4336 consurgentes,
3011 4263 3322 4319 omnimoda
3355 4280 3440 4319 se-

1874 4358 2100 4412 dulitate
2126 4357 2484 4420 exercebatis,
2504 4357 2558 4409 in
2585 4354 2770 4423 gravia
2809 4353 2950 4406 mala
2969 4352 3265 4411 incidis-tis.
3297 4367 3440 4422 pree-

1874 4449 2062 4505 sertim
2083 4447 2210 4516 quia
2227 4447 2614 4516 prophetarum
2641 4442 3117 4513 reprehensionem
3145 4457 3301 4510 aequo
3323 4444 3441 4496 ani-

1873 4555 1963 4594 mo
2003 4554 2111 4591 non
2133 4536 2379 4601 tulistis;
2408 4535 2723 4604 indignatus
2758 4532 2842 4586 his
2869 4531 2998 4586 dum
3029 4531 3083 4584 in
3110 4533 3282 4600 portis
3311 4545 3440 4583 cou-

1874 4633 2151 4690 sisterent,
2182 4638 2241 4706 ut
2288 4640 2631 4682 communem
2667 4624 2881 4679 cunctis
2915 4621 3342 4692 ingredientibus
3387 4632 3440 4675 et

1873 4724 2204 4780 exeuntibus
2241 4722 2401 4777 dictis
2436 4721 2553 4775 suis
2584 4719 2877 4774 suaderent
2913 4717 3367 4771 emendationem.

198 4842 263 4908 τῇ
290 4835 555 4906 βαρύτητι
575 4830 681 4885 τῶν
710 4827 1148 4900 προσγεγονότων
1169 4826 1296 4894 ὑμῖν
1323 4822 1780 4893 περιπεπτιίικατε
1807 4816 2010 4878 κακῶν,
2033 4816 2126 4867 καὶ
2152 4811 2330 4882 πολλῷ
2351 4829 2413 4880 γε
2445 4811 2605 4864 πλέον
2643 4809 2831 4879 ἐπειδὴ
2855 4808 2946 4860 τὸν
2989 4807 3157 4879 παρά-
3187 4808 3292 4860 τῶν
3317 4823 3442 4877 προ-

198 4900 386 4996 φίητῶν
414 4923 629 4993 ἔλεγχον
654 4923 753 4974 οὐκ
780 4919 1022 4991 ἐδέχεσθε
1043 4935 1058 4950 ο
1087 4919 1162 4988 (p.
1199 4917 1324 4986 427)
1357 4915 1758 4984 ἐδυσχεραίνετε
1798 4912 1855 4964 δέ
1899 4910 2035 4981 πρὸς
2082 4907 2277 4969 αὐτοὺς
2303 4908 2394 4959 ἐπί
2448 4907 2563 4963 ταῖς
2598 4903 2790 4967 πύλαις
2826 4901 3088 4964 ἑστῶτας,
3115 4901 3192 4963 ὡς
3232 4900 3296 4954 ἂν
3328 4918 3441 4954 κοι-

199 5028 296 5094 νὴν
335 5025 503 5077 ἅπασι
526 5021 634 5081 τοῖς
663 5014 888 5069 είσιοῦσί
921 5030 978 5068 τε
1011 5016 1105 5067 καὶ
1131 5012 1331 5077 ἐξιοῦσι
1363 5011 1459 5081 τὴν
1493 5009 1602 5062 ἀπὺ
1630 5009 1736 5061 τῶν
1775 5005 2082 5075 λεγομένων
2124 5003 2449 5073 προσάγοιεν
2489 4997 2847 5070 ἐνδιόρθωσιν.

270 5114 419 5181 Στίχ.
455 5115 625 5173 ις’-κ’.
659 5134 730 5145 -
763 5123 784 5156 ι
823 5105 931 5158 Καὶ
983 5105 1077 5156 νῦν
1106 5103 1262 5156 θέσθε
1289 5102 1353 5172 δὴ
1390 5102 1482 5154 ἐπὶ
1507 5101 1606 5162 τάς
1637 5115 1773 5168 καρ-

199 5208 319 5266 ἰίας
370 5200 522 5272 ὑμῶν
574 5198 682 5251 ἀπὸ
720 5197 816 5266 τῆς
853 5195 1065 5266 ἡμέρας
1111 5193 1314 5258 ταύτης
1373 5193 1466 5244 καὶ
1517 5189 1773 5259 ὑπεράνω

202 5295 308 5364 πρὸ
356 5291 450 5343 τοῦ
487 5291 658 5343 θεῖναι
698 5287 841 5339 λίθον
890 5287 980 5337 ἐπὶ
1009 5283 1153 5337 λίθον
1183 5285 1241 5336 ἐν
1270 5282 1348 5351 τῷ
1385 5281 1496 5350 ναῷ
1523 5280 1729 5349 Κυρίου
1755 5292 1768 5306 ·

201 5387 341 5445 τίνες
389 5377 486 5451 ἦτε
519 5381 610 5434 ὅτε
651 5372 963 5429 ἐνεϐάλλετε
1004 5377 1084 5438 είς
1129 5373 1363 5444 κυψέλην
1393 5372 1566 5425 εἴκοσι
1601 5371 1770 5431 σάτα,

196 5475 292 5525 καὶ
321 5472 528 5538 ἐγίνετο
567 5469 698 5521 δέκα
733 5468 870 5521 σάτα
900 5465 1124 5536 κριθῆςο
1160 5466 1255 5517 καὶ
1287 5461 1660 5531 εἰσεπορεύετο
1693 5461 1772 5521 εἰς

197 5566 256 5617 τὸ
302 5563 587 5630 ὑπολήνιον
626 5559 942 5628 ἐξαντλῆσαι
987 5559 1320 5626 πεντήκοντα
1362 5552 1630 5625 μετρητὰς
1679 5551 1771 5603 καὶ

197 5655 440 5725 ἐγίνοντο
477 5652 677 5704 είκοσιν
764 5649 1006 5714 ἐπάταξα
1035 5647 1177 5711 ὑμᾶς
1229 5649 1284 5697 ἐν
1326 5644 1525 5714 ἀφορίᾳ
1573 5643 1665 5695 καὶ
1712 5644 1768 5693 ἐν

519 5748 792 5806 Panos.
835 5745 952 5806 Gn.
1001 5743 1212 5805 LXVI.

1939 5094 2106 5149 Vsus.
2141 5091 2326 5147 16-20.
2391 5121 2459 5130 —
2496 5104 2516 5140 ι
2577 5087 2640 5141 Et
2679 5102 2825 5141 nunc
2858 5085 3040 5157 ponite
3091 5085 3147 5138 in
3187 5084 3442 5138 eordibn.

1869 5187 2064 5242 vestris
2083 5202 2113 5238 ιι
2139 5185 2225 5237 die
2248 5185 2348 5236 hac
2365 5191 2418 5237 et
2440 5196 2624 5249 supra,
2655 5189 2943 5247 antequam
2981 5183 3275 5246 poneretur
3307 5175 3442 5242 lapis-

1872 5294 2036 5347 super
2077 5276 2308 5346 lapidem
2355 5275 2406 5327 iu
2441 5273 2642 5340 templo
2681 5270 2928 5324 Domini:
2963 5269 3180 5337 quinam
3212 5266 3441 5330 fueritis,

1871 5367 2089 5436 quando
2115 5363 2412 5418 mittebatis
2443 5362 2496 5415 in
2527 5362 2780 5432 cypselen
2801 5358 2989 5428 viginti
3015 5364 3155 5414 sata,
3176 5362 3226 5408 et
3248 5354 3444 5407 fiebant

1877 5459 2062 5513 decem
2097 5465 2214 5511 sata
2244 5455 2434 5509 hordei
2470 5472 2482 5506 :
2519 5461 2573 5507 et
2611 5448 3065 5522 ingrcdiehamini
3103 5445 3344 5499 torcular
3386 5452 3445 5496 ut

1878 5547 2168 5602 hauriretis
2187 5545 2582 5616 quinquaginta
2613 5543 2986 5610 a-mphoras,et
3006 5535 3205 5589 ﬁebant
3234 5533 3440 5602 viginti.

1876 5637 2130 5694 Percussi
2149 5653 2242 5693 vos
2261 5636 2569 5700 sterilitate,
2585 5641 2638 5685 et
2658 5633 2800 5686 aeris
2818 5627 3188 5696 corruptione,
3208 5636 3257 5676 ιιι
3275 5636 3445 5696 ⁵ειτιιιιρ

3043 5720 3118 5778 1.6
