3830 6216
412 269 515 328 691

1620 272 1968 359 TIIEODORI
2006 270 2487 326 MOPSUESTENI
3545 269 3651 325 492

414 393 542 447 dine
601 389 783 443 omnia
844 403 1011 459 opera
1076 403 1338 443 manuum
1389 396 1726 453 vestrarum;
1775 398 1827 443 et
1885 404 1986 441 non

2095 386 2459 456 ἀνεμοφθορίᾳ
2489 385 2580 438 καὶ
2608 384 2665 436 ἐν
2700 383 2907 457 χαλάζῃ
2945 383 3118 437 πάντα
3149 384 3216 438 τά
3246 384 3382 455 ἔργα
3408 386 3516 439 τῶν
3544 405 3657 456 χει-

415 479 620 536 reversi
651 480 785 535 estis
832 479 900 534 ad
929 493 1034 542 me,
1073 477 1210 533 dicit
1232 476 1514 532 Dominus.
1537 477 1808 547 Apponite
1841 491 1986 530 nunc

416 572 581 627 corda
613 584 788 625 vestra
825 585 855 623 a
884 569 972 624 die
1005 570 1108 625 ista
1156 577 1210 623 et
1238 583 1427 638 supra,
1464 584 1493 620 a
1533 575 1731 637 quarta
1759 573 1813 620 et
1841 567 1986 620 vice.

414 665 552 718 sima
583 665 708 717 noni
741 662 993 723 mensis,
1031 669 1088 716 et
1117 676 1147 714 a
1177 661 1265 715 die
1300 675 1407 731 qua
1464 659 1815 713 fundamenta
1839 657 1987 726 jacta

416 760 545 809 sunt
586 752 769 821 templi
830 750 1064 805 Domini.
1116 749 1310 804 Ponite
1359 751 1412 805 in
1446 749 1706 803 cordibus
1765 746 1985 810 vestris,

416 854 596 899 utrum
628 844 804 897 adhuc
854 851 1219 912 cognoscetur
1278 857 1442 911 super
1496 855 1700 904 aream,
1761 846 1816 891 et
1857 852 1986 891 num

415 936 592 990 adhuc
644 934 737 988 viti
788 941 842 989 et
872 933 998 988 ﬁcui
1052 942 1105 987 et
1151 934 1548 1003 malogranato,
1593 940 1649 986 et
1695 929 1987 984 arboribus

414 1027 568 1091 olem,
598 1042 718 1095 qua:
734 1024 971 1080 fructum
999 1032 1222 1094 negant,
1256 1040 1320 1080 ex
1346 1024 1450 1079 hac
1476 1024 1563 1079 die
1592 1022 1932 1078 benedicam.
1964 1038 1982 1069 ι

413 1117 831 1187 Comparatione
882 1117 1131 1172 instituta
1185 1116 1490 1186 superioris
1547 1114 1832 1184 temporis,
1876 1127 1988 1182 quo

414 1207 603 1278 templi
632 1206 1047 1262 aediﬁcationem
1082 1207 1446 1276 negligebant,
1475 1214 1529 1259 et
1564 1203 1849 1273 prmsentis
1879 1217 1989 1271 quo

416 1313 609 1368 urgere
638 1313 777 1369 opus
814 1305 1116 1367 cmperant,
1152 1297 1441 1352 ostendere
1471 1296 1640 1349 voluit
1664 1309 1845 1348 rerum
1868 1308 1990 1361 qua:

416 1390 579 1461 282
603 1390 738 1461 ipsis
763 1389 1100 1444 obvenerant
1139 1387 1502 1443 diﬂ‘erentiam
1542 1406 1555 1441 :
1594 1394 1648 1440 ct
1680 1388 1732 1439 in
1786 1392 1988 1454 quanta

414 1484 695 1554 neglectus
733 1490 973 1552 tempore
1027 1480 1230 1536 versati
1290 1478 1523 1533 fuissent
1576 1479 1885 1535 sterilitate.
1937 1484 1990 1529 et

417 1585 618 1647 quanta
649 1576 789 1629 bona
817 1572 1024 1642 experti
1071 1578 1358 1639 postquam
1408 1565 1741 1622 exstruendo
1789 1566 1990 1635 templo

417 1669 642 1722 multam
719 1664 1080 1719 contulissent
1141 1660 1505 1716 sedulitatem.
1564 1657 1726 1725 Ergo,
1791 1656 1986 1725 inquit,

2091 474 2198 544 ρῶν
2241 475 2428 545 ὑμῶν·
2476 476 2570 528 καὶ
2610 475 2709 528 οὐκ
2755 475 3120 549 ἐπεστρέψατε
3181 477 3318 547 1:96;
3354 494 3455 545 με,
3510 477 3658 545 λέγει

2089 566 2289 636 Κύριος
2339 566 2731 637 παντοκράτωρ
2751 580 2762 594 ·
2800 564 2997 631 τάξατε
3027 565 3089 635 δὴ
3121 566 3221 630 τὰς
3254 568 3478 637 καρδίας
3508 568 3660 637 ὑμῶν

2088 654 2197 707 ἀπὸ
2225 654 2324 723 τῆς
2359 653 2571 724 ἡμέρας
2622 654 2823 723 ταύτης
2873 655 2963 707 καὶ
2995 654 3266 720 ἐπέκεινα,
3308 657 3413 708 ἀπὸ
3442 659 3539 727 τῆς
3568 675 3661 710 τε·

2087 744 2280 815 τράδος
2315 744 2407 798 καὶ
2436 744 2646 807 εἰκάδος
2682 744 2774 797 τοῦ
2829 744 3019 797 ἐνάτου
3062 746 3264 815 μηνὸς,
3298 748 3389 799 καὶ
3423 748 3531 799 ἀπδ
3558 748 3663 816 τῆς

2088 836 2300 906 ἡμέρας
2327 830 2395 905 ἦς
2427 834 2758 905 ἐθεμελιώοη
2792 837 2820 889 ὁ
2841 835 2964 898 ναὸς
2987 836 3192 904 Κυρίου
3215 854 3228 867 ·
3272 836 3427 890 θέσθε
3453 840 3512 890 ἐν
3539 841 3663 901 ταῖς

2088 927 2334 1000 καρδίαις
2378 926 2530 996 ὑμῶν
2559 927 2607 979 εί
2641 926 2723 979 ἐτι
2760 927 3224 997 ἐπιγνωσθήσεται
3254 928 3344 981 ἐπὶ
3372 930 3471 999 τῆς
3508 930 3629 982 ἅλω
3649 946 3661 958 ·

2089 1017 2184 1070 καὶ
2227 1018 2275 1069 εί
2323 1016 2405 1069 ἐτι
2436 1019 2469 1087 ή
2515 1016 2756 1087 ἄμπελος
2802 1019 2894 1070 καὶ
2938 1019 2972 1088 ἠ
3019 1017 3157 1087 ουκῆ
3206 1018 3299 1070 καὶ
3332 1017 3430 1088 ροὰ
3473 1020 3567 1073 καὶ
3595 1019 3668 1071 τά

2090 1107 2221 1172 ξύλα
2263 1106 2365 1175 τῆς
2404 1107 2588 1170 ἐλαίας
2632 1106 2704 1160 τά
2749 1108 2811 1161 οῦ
2867 1108 3098 1178 φέροντα
3134 1109 3377 1179 καρπὸν.
3422 1111 3530 1163 ἀπὸ
3560 1111 3666 1174 τῆς

2090 1197 2298 1267 ἡμέρας
2342 1196 2548 1267 ταύτης
2589 1197 2885 1269 εὐλογήσω.
2941 1218 2959 1250 ι
3002 1198 3308 1269 Παραθέσει
3341 1201 3505 1253 πάλιν
3553 1202 3669 1253 τῶν

2089 1305 2147 1340 τε
2198 1288 2493 1359 πρότερον,
2536 1289 2625 1341 ὅτε
2659 1306 2764 1359 περ
2807 1289 3044 1359 ἠμέλουν
3090 1289 3192 1359 τῆς
3247 1290 3529 1361 οἰκοδομῆς
3567 1291 3669 1344 τοῦ

2088 1380 2251 1442 ναοῦ.
2287 1382 2381 1433 καὶ
2424 1380 2532 1435 τῶν
2568 1380 2663 1434 νῦν
2708 1379 2857 1445 ἐξότε
2903 1398 3007 1450 περ
3058 1380 3376 1446 σπουδάζειν
3428 1383 3673 1454 ήρξαντο

2091 1472 2218 1540 περὶ
2244 1471 2305 1523 τὸ
2332 1470 2511 1542 ἔργον,
2541 1470 2813 1542 ἠϐουλήθη
2849 1470 3016 1535 δεῖξαι
3054 1471 3164 1524 τῶν
3196 1474 3493 1540 γεγονότων
3535 1476 3673 1546 περὶ

2090 1561 2285 1624 αὐτοὺς
2332 1560 2428 1631 τήν
2461 1560 2754 1632 διαφοράνο
2810 1562 2903 1615 καὶ
2948 1563 3006 1615 ἐν
3053 1563 3153 1633 ὅσῃ
3201 1563 3297 1628 μὲν
3334 1564 3672 1635 ἀμελοῦντες

2090 1651 2290 1722 ἀφορίᾳ
2328 1652 2624 1720 γεγόνεσαν
2643 1694 2657 1716 ,
2696 1654 2835 1706 ὅσων
2870 1653 2927 1707 δὲ
2961 1656 3180 1724 ἀγαθῶν
3210 1660 3268 1711 ἐν
3297 1655 3462 1728 πείρᾳ
3493 1658 3666 1709 κατέ-

416 1765 667 1829 reputate
730 1755 1013 1825 superiora
1073 1759 1344 1820 tempora,
1377 1763 1500 1803 cum
1541 1746 1780 1801 nondum
1819 1745 1986 1800 aedili-

2098 1757 2321 1809 στησαν,
2338 1740 2520 1812 ἐπειδὴ
2537 1744 2602 1813 τῇ
2620 1742 2713 1794 τοῦ
2731 1742 2858 1796 ναοῦ
2881 1746 3164 1815 προσέχειν
3182 1746 3432 1816 οἰκοδομῇ
3457 1747 3670 1817 προθυ-

417 1847 575 1901 candi
636 1844 818 1914 templi
877 1857 1067 1896 curam
1119 1838 1509 1909 susceperatis,
1559 1836 1614 1891 in
1664 1836 1989 1905 quibusnam

417 1951 599 1992 rerum
626 1934 903 2005 adjunctis
933 1930 1307 1993 versaremini,
1325 1945 1447 1985 cum
1466 1929 1720 1983 nimirum
1746 1929 1994 1998 manipu-

417 2029 499 2083 los
546 2024 882 2096 colligebatis
935 2023 1129 2093 viginti
1185 2031 1430 2077 satorum
1490 2019 1690 2075 fructui
1736 2019 1992 2089 suppedi-

415 2119 584 2172 tando
610 2116 828 2180 idonea,
858 2118 948 2170 vix
995 2124 1173 2169 autem
1203 2114 1492 2169 exstabant
1547 2114 1734 2167 decem
1773 2121 1993 2181 propter

416 2209 632 2279 frugum
657 2207 1043 2277 corruptelam.
1071 2205 1134 2259 Et
1155 2204 1374 2275 quidem
1407 2204 1570 2259 etiam
1592 2203 1718 2257 vitis
1752 2201 1987 2255 fructum

415 2304 623 2352 tantum
638 2296 978 2367 colligebatis
1006 2303 1269 2364 quantum
1298 2293 1576 2363 amphoris
1598 2290 1989 2361 quinquaginta

416 2386 707 2458 implendis
737 2386 874 2442 satis
902 2394 1054 2452 erat;
1087 2394 1324 2441 attamen
1356 2385 1444 2437 vix
1481 2384 1668 2453 viginti
1721 2381 1990 2436 elﬁcieba-

418 2479 511 2542 tis,
548 2478 675 2547 quia
708 2485 763 2533 et
809 2476 895 2531 hic
927 2477 995 2531 ab
1024 2490 1150 2531 aere
1174 2482 1403 2530 exustus
1450 2472 1645 2527 fuerat.
1691 2471 1833 2525 Sane
1891 2487 1991 2542 ego

416 2566 572 2622 vobis
600 2565 799 2620 immisi
825 2563 1128 2620 sterilitatis
1158 2563 1409 2632 aerisque
1436 2561 1747 2631 pestilentis
1778 2563 1985 2630 plagas,

416 2657 549 2728 quin
578 2658 741 2712 etiam
792 2654 1055 2727 grandine
1088 2661 1299 2708 vestros
1355 2667 1544 2707 omnes
1589 2651 1802 2706 labores
1864 2667 1989 2721 per-

415 2748 574 2802 didi:
612 2761 708 2801 vos
765 2753 944 2801 autem
984 2751 1107 2814 post
1167 2745 1258 2798 illa
1316 2758 1534 2813 quoque
1589 2743 1987 2797 contumaciam

413 2845 651 2893 vestram
684 2834 1005 2891 retinuistis.
1045 2833 1151 2889 Sed
1192 2849 1278 2897 ea,
1324 2834 1519 2902 inquit,
1556 2832 1815 2902 praeteriti
1850 2841 1988 2885 tem-

414 2925 565 2997 poris
599 2931 746 2980 sunt.
799 2923 951 2978 Nunc
979 2939 1109 2978 vero
1158 2922 1520 2986 considerate,
1549 2937 1796 2990 quaenam
1834 2920 1988 2975 vobis

413 3032 478 3070 ex
508 3016 597 3069 illa
628 3016 717 3069 die
745 3015 1048 3076 evenerint,
1079 3027 1183 3082 qua
1213 3011 1278 3065 ad
1331 3011 1514 3079 templi
1569 3010 1983 3065 aediﬁcationem

413 3107 658 3177 cmpistis
685 3107 1016 3161 “incumbere

415 3212 554 3252 area:
584 3196 840 3259 fructum,
870 3210 1044 3265 neque
1073 3196 1351 3257 arborum,
1380 3195 1806 3266 comparandum
1863 3211 1987 3249 cum

415 3287 693 3357 superiore
729 3304 742 3340 :
770 3302 834 3341 ex
860 3285 945 3341 his
969 3286 1111 3339 enim
1137 3295 1297 3339 antea
1314 3284 1495 3337 nullus
1512 3285 1667 3339 vobis
1693 3298 1989 3354 proventus

414 3378 663 3433 exstabat
699 3397 712 3433 :
755 3385 1040 3447 postquam
1070 3391 1198 3430 vero
1216 3377 1403 3445 templi
1439 3375 1539 3430 mei
1571 3392 1754 3429 curam
1782 3378 1986 3447 geritis,

415 3472 600 3524 omnia
627 3478 809 3525 vestra
841 3468 1312 3523 benedictionibus
1341 3468 1473 3521 meis
1516 3469 1824 3531 cumulatis,
1856 3469 1989 3522 ube-

415 3574 528 3613 rem
558 3560 711 3615 vobis
733 3558 886 3615 eli'eci
927 3558 1141 3629 frugum
1194 3573 1373 3613 usum.
1419 3556 1537 3611 Jam
1572 3570 1856 3627 postquam
1916 3561 1988 3613 ita

414 3664 510 3704 eos
560 3650 877 3705 cohortatus
921 3651 1117 3712 fuerat,
1159 3656 1321 3719 atque
1353 3649 1420 3703 ad
1462 3665 1602 3719 opus
1657 3650 1989 3705 excitaverat

417 3749 660 3796 veterum
729 3757 907 3796 rerum
968 3740 1253 3803 memoria,
1291 3747 1347 3793 et
1405 3740 1768 3809 posteriorum
1804 3740 1987 3809 adjec-

419 3830 586 3893 tione,
631 3839 854 3902 propter
878 3847 1033 3886 suam
1087 3831 1266 3885 adhuc
1313 3830 1650 3901 ambigentes
1682 3833 1983 3899 penuriam,

416 3931 609 3973 rursus
642 3918 850 3974 animos
873 3919 958 3974 eis
989 3919 1137 3975 addit
1157 3920 1344 3975 dicens
1376 3937 1389 3974 :
1686 3926 1702 3937 ‘

487 4100 653 4155 Vens.
693 4099 886 4154 2I-23.
914 4132 985 4140 —
1021 4121 1039 4152 ι
1080 4101 1144 4154 Ει
1179 4101 1378 4155 factum
1402 4108 1484 4156 est
1516 4102 1737 4156 verbum
1774 4103 1984 4157 Domini

416 4193 654 4248 secundo
676 4190 743 4245 ad
787 4191 1036 4262 Aggaaum
1062 4192 1380 4262 prophetam
1421 4202 1617 4262 quarta
1644 4202 1698 4247 ct
1729 4196 1987 4250 vicesima

417 4285 642 4348 mensis,
692 4283 925 4338 dicens:
987 4282 1235 4352 Loquere
1274 4283 1340 4337 ad
1404 4283 1793 4340 Zorobabelem
1834 4285 1980 4339 Sala-

1081 3124 1094 3160 :
1147 3104 1493 3174 comperietis
1567 3104 1732 3168 enim,
1811 3118 1987 3172 neque
2014 3104 2061 3139 ιδ

2098 1831 2224 1900 μίαν
2249 1831 2405 1901 ἔσχον
2428 1832 2647 1904 πολλήν.
2686 1833 3101 1901 Ἀναλογίσασθε
3134 1833 3228 1890 οὖν
3246 1877 3260 1899 ,
3296 1838 3447 1906 φησὶ,
3474 1836 3544 1889 τά
3565 1838 3671 1904 τίς

2093 1922 2304 1992 ἡμέρας
2351 1922 2626 1994 ἀνώτερα,
2661 1923 2745 1993 (p.
2774 1924 2911 1994 428)
2949 1927 3037 1979 ὅτε
3070 1928 3222 1981 οὔπω
3246 1928 3343 1997 τῆς
3371 1927 3670 1996 οἰκοδομῆς

2093 2012 2432 2082 ἐφροντίζετε
2477 2012 2568 2065 τοῦ
2598 2013 2725 2066 ναοῦ
2744 2054 2759 2078 ,
2801 2016 2860 2067 ἐν
2906 2016 3036 2078 οἵοις
3079 2012 3177 2086 ἦτε
3198 2059 3212 2082 ,
3238 2018 3317 2069 ὅτι
3345 2016 3665 2084 συνι,λέγετε

2096 2104 2193 2174 μὲν
2231 2105 2519 2175 δράγματα
2559 2106 2719 2159 ἱκανὰ
2742 2108 2953 2178 καρπὸν
2987 2107 3159 2161 εἴκοσι
3198 2110 3373 2162 σάτων
3408 2109 3665 2162 ἀποδιδό-

2092 2212 2198 2255 ναι.
2231 2195 2384 2266 μόγις
2411 2196 2467 2248 δὲ
2492 2197 2750 2261 ἐξεδίδοτο
2775 2198 2905 2252 δέκα
2932 2201 2995 2252 ἐκ
3015 2200 3108 2253 τοῦ
3132 2203 3256 2264 τοὺς
3287 2201 3531 2272 καρποὺς
3559 2201 3668 2253 διε-

2093 2284 2347 2355 φθάρθαι.
2387 2287 2494 2339 Καὶ
2536 2286 2641 2357 μὴν
2677 2287 2772 2340 καὶ
2801 2289 2898 2359 τῆς
2924 2288 3166 2358 ἀμπέλου
3201 2289 3412 2359 καρποῦ
3445 2290 3665 2341 συνελέ-

2091 2392 2214 2442 γετε
2259 2375 2392 2445 πρὸς
2448 2377 2781 2448 πεντήκοντα
2838 2378 3121 2448 μετρητῶν
3153 2379 3426 2449 ἀρκοῦντα
3457 2381 3665 2451 φοράν,

2092 2467 2182 2518 καὶ
2213 2466 2367 2536 μόγις
2414 2465 2735 2537 ἐκομίζεσθε
2774 2469 2945 2521 εἴκοσι
2974 2469 3063 2522 διὰ
3091 2469 3154 2521 τὸ
3179 2471 3404 2523 κάκεῖνα
3436 2472 3671 2542 ἐξηράν-

2091 2556 2180 2609 θαι
2214 2556 2292 2627 τῷ
2320 2558 2469 2628 ἀέρι’
2516 2557 2670 2626 κάγὼ
2702 2558 2799 2629 μέν
2827 2559 3104 2629 ἐπήγαγον
3129 2560 3256 2629 ὑμῖν
3286 2560 3499 2629 πληγὰς
3535 2564 3667 2629 ἀφο-

2095 2648 2210 2719 ρίας
2242 2666 2300 2702 τε
2327 2649 2421 2702 καὶ
2444 2650 2862 2721 ἀνεμοφθορίας,
2895 2650 2989 2703 καὶ
3016 2650 3078 2722 δή
3109 2653 3202 2704 καὶ
3223 2651 3429 2722 χαλάζῃ
3453 2652 3667 2715 πάντας

2093 2736 2245 2805 ὑμῶν
2284 2738 2522 2806 ἠφάνισα
2558 2739 2682 2801 τοὺς
2730 2739 2958 2802 πόνους·
3010 2742 3229 2810 ἐμένετε
3283 2741 3339 2794 δέ
3385 2743 3666 2811 άκαμπεῖς

2092 2828 2186 2881 καὶ
2214 2828 2349 2896 πρὸς
2370 2829 2574 2881 ἐκεῖνα.
2613 2828 2771 2882 Ἀλλά
2795 2829 2968 2883 ταῦτα
2994 2829 3093 2900 μὲν
3117 2830 3221 2900 πρὸ
3243 2830 3451 2893 τούτου,
3477 2834 3662 2902 φησίν.

2104 2917 2517 2986 Ἀναλογίσασοε
2564 2920 2620 2973 δέ
2648 2922 2735 2973 ἐπ’
2782 2923 3007 2985 ἐκείνοις
3043 2918 3238 2993 οἷάπερ
3269 2924 3395 2993 ὑμῖν
3430 2924 3541 2977 ἀπὸ
3570 2925 3666 2994 τῆς

2092 3010 2304 3079 ἠμέρας
2336 3013 2548 3083 ἐκείνης
2582 3016 2943 3085 προσγέγονεν
2971 3019 3027 3068 ἐν
3062 3009 3205 3088 ᾗπερ
3228 3017 3355 3086 περὶ
3378 3017 3475 3084 τὴν
3516 3019 3664 3069 οἰκος

2090 3103 2256 3174 δομὴν
2286 3105 2651 3160 ἐσπουδάσατε
2686 3106 2777 3159 τοῦ
2810 3107 2936 3160 ναοῦ
2962 3125 2974 3137 ·
3008 3109 3266 3179 εὑρήσετε
3293 3109 3399 3179 γάρ
3429 3108 3557 3161 οὔτε
3576 3108 3665 3160 τὸν

2090 3197 2187 3262 τῆς
2217 3193 2420 3258 ἅλωνος
2469 3195 2710 3266 καρπὸν,
2744 3194 2868 3249 οὔτε
2907 3196 2996 3248 τὸν
3031 3197 3138 3248 τῶν
3189 3196 3450 3266 δένδρων.
3488 3213 3666 3267 παρα-

2093 3286 2238 3338 θέσει
2284 3286 2392 3339 τῶν
2438 3287 2560 3339 τότε
2610 3286 3006 3355 ἐπιγνωσθῆναι
3042 3286 3354 3356 δυνάμενον.
3392 3286 3665 3356 Πρότερον

2095 3377 2192 3445 μὲν
2222 3376 2330 3447 γὰρ
2359 3378 2482 3446 ὑμῖν
2526 3377 2698 3440 οὐδεὶς
2728 3377 2783 3443 ἐξ
2813 3376 2993 3431 αὐτῶν
3020 3377 3215 3430 ἐδίδοτο
3246 3380 3484 3448 καρπός·
3516 3377 3665 3441 ἐξότε

2090 3470 2145 3523 δὲ
2174 3471 2304 3541 περὶ
2337 3471 2431 3523 τὸν
2461 3470 2586 3524 ναὸν
2619 3471 2990 3524 ἐσπουδάσατε
3021 3472 3109 3523 τὸν
3131 3470 3278 3541 ἐμὸν,
3314 3471 3489 3524 πάντα
3518 3470 3668 3523 εὐλο-

2091 3559 2215 3626 γίας
2270 3557 2566 3630 πληρώσας
2611 3559 2679 3613 τὰ
2717 3561 2985 3630 προσόντα
3032 3560 3189 3630 ὑμῖν,
3244 3560 3470 3628 ἄφθονον
3522 3562 3667 3626 ἔχειν

2091 3649 2321 3720 ἐποίησα
2357 3650 2466 3704 τῶν
2515 3650 2743 3721 καρπῶν
2781 3653 2878 3722 τὴν
2921 3652 3241 3705 ἀπόλαυσιν.
3277 3648 3405 3705 Εἶτα
3454 3653 3664 3715 τούτοις

2092 3742 2285 3805 αὐτοὺς
2320 3741 2481 3795 πάλιν
2530 3741 2971 3813 προτρεψάμενος
3005 3742 3097 3794 καὶ
3143 3741 3413 3811 διεγείρας
3444 3744 3574 3812 περὶ
3605 3743 3666 3795 τὺ

2091 3839 2251 3908 ἔργον
2292 3840 2358 3908 τῇ
2419 3839 2603 3907 μνήμῃ
2643 3836 2751 3889 τῶν
2806 3835 3049 3889 παλαιῶν
3105 3836 3197 3889 καὶ⁴
3248 3838 3313 3906 τῇ
3364 3837 3665 3907 παραθέσει

2091 3929 2198 3982 τῶν
2228 3928 2452 3997 ὕστερον
2472 3970 2486 3994 ,
2514 3928 2602 3981 διὰ
2642 3928 2740 3998 τὴν
2769 3927 2957 3980 πενίαν
2986 3926 3420 3996 ἀμφιϐάλλοντας
3453 3929 3533 3980 ἔτι
3566 3931 3665 3998 τὴν

2090 4020 2314 4081 οἰκείαν,
2354 4018 2764 4090 παραθαρρύνει
2796 4018 2956 4071 πάλιν
2979 4017 3072 4071 καί
3100 4034 3264 4086 φησιν
3288 4017 3483 4080 οὕτως’

2161 4111 2178 4178 (
2199 4126 2251 4179 ρ.
2284 4110 2421 4181 429)
2444 4110 2590 4178 Στίχ.
2615 4108 2834 4175 κα’-κγ⁹.
2863 4138 2924 4148 -
2960 4127 2977 4159 ι
3007 4108 3115 4159 Καὶ
3140 4108 3354 4175 ἐγένετο
3376 4107 3535 4176 λόγος
3559 4108 3662 4160 Ku-

2094 4199 2208 4269 ρίου
2238 4203 2301 4253 ἐκ
2322 4200 2572 4271 δευτέρου
2597 4199 2734 4270 πρὸς
2774 4199 3021 4266 Ἀγγαίον
3050 4199 3137 4251 τὸν
3168 4199 3479 4268 προφήτην,
3511 4200 3571 4250 ἐν
3597 4200 3660 4269 τῇ

2090 4290 2304 4361 τετράδι
2326 4292 2419 4343 καὶ
2448 4291 2621 4344 εἰκάδι
2650 4288 2743 4342 τοῦ
2768 4291 2954 4360 μηνὸς,
2986 4288 3178 4356 λέγων’
3210 4288 3377 4343 Εἰπὸν
3407 4290 3545 4358 πρὸς
3570 4291 3663 4342 Ζοο

417 4374 599 4429 thielis
633 4373 802 4428 ﬁlium
843 4373 910 4428 de
937 4374 1084 4428 tribu
1138 4372 1312 4437 δυάδι,
1347 4374 1538 4429 dicens
1575 4392 1587 4426 :
1635 4376 1827 4431 Adhuc
1885 4391 1984 4447 ego

2096 4381 2323 4453 ροϐάϐελ
2364 4382 2454 4434 τὸν
2492 4380 2586 4433 τοῦ
2614 4380 2879 4451 Σαλαθιήλ
2918 4382 2979 4432 ἐκ
3010 4379 3180 4449 φυλῆς
3223 4379 3392 4433 Ἰούδα
3415 4423 3429 4445 ,
3452 4380 3627 4449 λέγων
3647 4397 3662 4410 ·

416 4466 582 4521 semel
607 4477 922 4519 commoveo
960 4465 1158 4518 caelum
1181 4473 1235 4519 et
1266 4472 1486 4528 terram,
1515 4480 1579 4519 ac
1605 4482 1755 4520 mare
1791 4474 1844 4521 et
1873 4467 1983 4521 ari-

414 4558 560 4612 dam.
595 4556 658 4609 Et
677 4556 988 4612 subvertam
1019 4556 1247 4610 thronos
1280 4570 1489 4625 regum,
1524 4565 1578 4611 et
1612 4558 1831 4627 perdam
1872 4557 1984 4612 for-

416 4648 701 4703 titudinem
739 4645 884 4715 regis
941 4646 1204 4714 gentium,
1238 4647 1659 4716 subvertamque
1692 4664 1888 4704 currus
1930 4656 1984 4702 et

418 4749 742 4793 ascensorcs
776 4743 870 4788 :et
903 4732 1236 4789 descendent
1271 4736 1394 4803 equi
1445 4745 1497 4789 et
1544 4750 1864 4792 ascensores
1893 4754 1984 4791 eo-

415 4838 558 4883 rum,
588 4825 965 4892 unusquisque
998 4836 1121 4875 cum
1164 4822 1346 4891 gladio
1370 4822 1533 4893 283
1569 4824 1830 4881 adversus
1870 4827 1982 4881 fra-

415 4923 552 4968 trem
583 4929 765 4967 suum.
803 4932 822 4963 ι
860 4911 1067 4967 Similia
1107 4912 1382 4982 prioribus
1427 4914 1590 4981 dicit;
1629 4915 1756 4969 talia
1784 4918 1985 4986 quippe

416 5014 545 5059 sunt
558 5005 738 5059 verba:
751 5021 768 5051 ι
784 4999 1055 5058 ELfactum
1072 5005 1392 5059 eslvcrbum
1418 5005 1628 5060 Domini
1652 5008 1893 5062 secundo
1915 5007 1983 5063 ad

414 5102 690 5165 Aggzeum.
713 5093 898 5161 iAtqui
919 5094 974 5149 in
1004 5094 1381 5162 superioribus
1411 5105 1638 5165 apparet
1664 5113 1807 5167 smpe
1837 5097 1983 5152 divi-

418 5198 543 5237 nam
573 5183 954 5236 revelationem
986 5184 1262 5251 accepisse
1318 5189 1657 5254 prophetam,
1692 5197 1746 5242 et
1785 5205 1985 5245 secun-

417 5275 546 5329 dum
573 5273 719 5326 illam
753 5273 953 5342 populo
999 5274 1256 5328 locutum.
1292 5273 1396 5329 Sed
1422 5292 1564 5330 nunc
1597 5279 1672 5332 ait
1724 5298 1743 5330 ι
1791 5297 1987 5339 secun-

416 5366 542 5426 do,»
576 5363 704 5432 quia
734 5379 821 5417 res
850 5362 983 5432 Gogi
1006 5364 1185 5419 denuo
1216 5365 1524 5433 denuntiat,
1563 5378 1620 5422 ut
1641 5372 1734 5440 qui
1769 5384 1987 5444 pr0pter

417 5460 634 5513 illarum
684 5456 1113 5525 magnitudinem
1171 5459 1584 5527 discredebant,
1659 5469 1984 5522 sententiam

419 5548 628 5602 ﬁrmam
663 5546 1025 5616 susciperent,
1078 5549 1339 5617 quoniam
1378 5549 1519 5603 haud
1551 5554 1717 5607 semel
1749 5562 1999 5625 tantum-1

417 5636 599 5701 modo.
665 5652 852 5693 verum
903 5638 1067 5694 etiam
1125 5638 1399 5707 secundo,
1480 5640 1834 5699 denuntiabat
1893 5663 1986 5702 eas

2093 4473 2214 4524 Ἔτι
2242 4470 2388 4534 ἅπαξ
2412 4469 2523 4539 ἐγὼ
2545 4471 2673 4523 σείω
2703 4470 2793 4523 τὸν
2822 4470 3047 4539 οὐρανὸν
3076 4470 3169 4523 καὶ
3195 4471 3292 4534 τὴν
3318 4471 3420 4540 γῆν
3446 4472 3542 4525 καὶ
3567 4471 3665 4541 τὴν

2086 4561 2354 4616 θάλασσαν
2400 4562 2492 4615 καὶ
2524 4561 2621 4631 τὴν
2672 4559 2840 4632 ξηράν
2864 4578 2875 4591 ·
2922 4561 3016 4614 καὶ
3053 4561 3411 4631 καταστρέφω
3441 4561 3666 4632 Θρόνους

2087 4653 2368 4723 βασιλέων,
2398 4653 2492 4707 καὶ
2520 4652 2884 4723 ἐξολοθρεύσω
2908 4651 3138 4721 δύναμιν
3178 4651 3442 4721 βασιλέως
3471 4652 3663 4712 ἐθνῶν,

2086 4745 2179 4798 καὶ
2231 4744 2590 4815 καταστρέφω
2643 4743 2900 4814 ἅρματα,
2955 4743 3048 4795 καὶ
3086 4743 3390 4804 ἀναϐάτας·
3426 4743 3522 4795 καὶ
3565 4762 3651 4797 κα-

2084 4836 2410 4906 ταϐήσονται
2454 4835 2608 4887 ἵπποι
2641 4836 2733 4887 καὶ
2772 4833 3038 4887 ἀναϐάται
3084 4833 3294 4895 αὐτῶν,
3348 4833 3573 4887 ἕκαστοι
3610 4836 3667 4887 ἐν

2088 4927 2335 4997 ῥομφαίᾳ
2385 4927 2518 4997 πρὸς
2549 4925 2639 4978 τὸν
2673 4925 2900 4994 ἀδελφὺν
2949 4923 3135 4978 αὐτοῦ.
3175 4942 3193 4974 ι
3236 4924 3318 4976 Τά
3354 4925 3494 4976 αὐτὰ
3553 4927 3668 4988 τοῖς

2086 5017 2370 5087 προτέροις
2417 5016 2563 5084 λέγει
2585 5031 2596 5044 ·
2626 5016 2783 5069 τοῦτο
2818 5020 2925 5088 γὰρ
2952 5018 3102 5088 δηλοῖ
3124 5018 3212 5085 τὺ,
3253 5039 3271 5072 ι
3308 5021 3418 5073 Καὶ
3452 5022 3667 5089 ἐγένετο

2086 5105 2244 5174 λόγος
2275 5108 2478 5177 Κυρίου
2527 5109 2590 5160 ἐκ
2633 5107 2886 5178 δευτέρου
2934 5109 3069 5180 πρὸς
3109 5110 3379 5178 Ἀγγαῖον.
3423 5130 3440 5161 ι
3474 5112 3665 5164 Καίτοι

2087 5213 2151 5264 γε
2187 5195 2431 5265 φαίνεται
2474 5199 2531 5248 ἐν
2560 5201 2672 5260 τοῖς
2717 5199 3008 5269 ἀνωτέροις
3038 5200 3295 5265 πολλάκις
3322 5203 3665 5271 ἀποκάλυψίν

2087 5304 2146 5339 τε
2197 5287 2342 5339 θείαν
2388 5286 2676 5357 δεξάμενος
2710 5291 2738 5340 ό
2788 5291 3072 5360 προφήτης
3119 5292 3214 5343 καὶ
3261 5293 3405 5346 κατά
3462 5292 3666 5361 ταύτην

2087 5374 2385 5445 διαλεχθεὶς
2433 5376 2511 5445 τῷ
2547 5375 2680 5446 λαῷ.
2729 5377 2892 5430 Ἀλλά
2931 5377 3088 5431 τοῦτό
3133 5396 3296 5449 φησιν
3331 5399 3348 5429 ι
3391 5382 3454 5433 ἐκ
3484 5381 3666 5433 δευτέ-

2094 5483 2208 5535 pou,
2250 5486 2268 5517 ι
2303 5468 2385 5519 ὅτι
2415 5467 2481 5520 τά
2512 5469 2638 5538 περὶ
2682 5467 2774 5520 τοῦ
2807 5468 2928 5536 Γὼγ
2957 5468 3053 5520 νῦν
3089 5468 3250 5523 πάλιν
3282 5469 3446 5532 αὐτὸς
3490 5471 3665 5534 ἐπαγο

2090 5555 2366 5623 γέλλεται,
2400 5557 2484 5609 ἵνα
2521 5558 2595 5627 μὴ
2638 5558 2726 5611 διά
2748 5558 2810 5610 τὸ
2840 5557 3068 5627 μέγεθος
3108 5558 3378 5611 ἀπιστῶσι
3408 5558 3486 5628 τῷ
3512 5558 3668 5626 λεγοο

2080 5647 2263 5719 μένῳ,
2298 5648 2663 5719 ἀναμφίϐολον
2681 5649 2750 5719 ,δέ
2781 5648 2946 5719 ἔχωσι
2984 5649 3082 5720 τὴν
3104 5648 3348 5720 γνώμην,
3379 5652 3442 5705 ἐκ
3472 5648 3567 5703 τοῦ
3590 5647 3666 5722 μὴ
