3830 6216
186 310 289 356 ιττδ

1273 304 1719 359 (ῙΟΜΜΕΝΤΑΗΙ
1732 308 1816 362 US
1857 310 1917 361 IN
1961 309 2299 364 ZACIIARIA
2312 310 2379 363 Μ.

3331 307 3431 361 ιοι

188 421 345 490 μόνον
377 421 559 487 ἅπαξ,
598 420 733 475 ἀλλᾶ
780 422 873 476 καὶ
921 422 1170 494 δεύτερον
1216 426 1645 494 ἐπαγγείλασθαι
1695 428 1762 480 τὰ

1874 429 2030 485 Deus.
2071 430 2208 484 Dicit
2256 431 2398 484 enim
2430 430 2478 485 ei
2519 446 2529 481 :
2589 428 2669 482 En
2700 443 2799 499 ego
2834 425 3222 498 propemodum
3252 430 3432 480 omnia

184 514 323 565 αὗτά
366 513 458 565 τὸν
511 512 663 566 Θεόν.
726 509 861 566 Εῖπε
891 514 999 585 γὰρ
1043 514 1212 585 αὐτῷ,
1266 517 1450 587 φησιν,
1483 518 1562 571 ὅτι
1589 520 1762 571 Μονο-

185 603 335 672 νουχὶ
393 603 683 666 συσσείσας
744 601 959 657 ἅπαντα
1019 608 1401 677 καταστροφὴν
1460 609 1766 680 ἐργάσομαι

186 693 400 746 πολλῶν
445 694 711 763 βασιλέων
754 695 962 764 θρόνοις
998 694 1292 765 βασιλικοῖς
1348 700 1763 770 κοσμουμένων,

186 785 283 852 τὴν
316 784 544 853 δύναμίν
575 802 633 837 τε
683 787 860 838 πᾶσαν
907 786 1083 838 αὐτῶν
1129 786 1438 854 ἀφανίζων,
1471 791 1563 841 καὶ
1603 807 1772 842 κατα-

189 874 439 944 στρέψων
490 872 560 924 τὰ
592 873 809 944 ἅρματα
842 875 939 926 σὺν
980 874 1091 935 τοῖς
1146 874 1610 944 ἐπαναϐεϐηκόσιν
1668 875 1764 926 αὑ-

188 955 486 1023 τοῖς”ὦστε
506 964 584 1023 εἰς
604 960 862 1028 ἀλλήλους
887 961 1084 1022 αὐτοὺς
1104 962 1502 1031 συμπεσόντας,
1523 962 1540 1030 (
1558 977 1610 1031 p.
1638 963 1761 1031 4‘50)

185 1049 309 1111 τούς
340 1067 401 1102 τε
437 1050 637 1112 ἵππους
683 1050 775 1102 καὶ
803 1051 929 1111 τοὺς
974 1049 1368 1119 ἐπιϐεϐηκότας
1392 1051 1497 1105 τῶν
1537 1053 1720 1106 ἵππων
1741 1093 1759 1117 ,

187 1140 435 1210 ἀλλήλων
458 1141 710 1208 γενέσθαι
741 1140 1000 1208 σφαγέας,
1028 1141 1121 1192 καὶ
1150 1140 1315 1193 πολὺν
1340 1143 1764 1214 ἀποτελεσθῆναι

185 1231 276 1282 τδν
320 1232 481 1298 φόνον
500 1274 514 1296 ,
555 1230 960 1302 ἀναιρουμένων
990 1231 1169 1283 αὐτῶν
1201 1233 1292 1286 ὑπ’
1321 1233 1565 1304 ἀλλήλων
1584 1251 1596 1264 ·
1630 1237 1765 1306 ὅπερ

186 1318 278 1373 οὖν
317 1323 652 1391 ἐργάσομαι,
689 1321 827 1374 ὥστε
870 1322 1025 1391 δῆλον
1054 1322 1111 1387 ἐξ
1161 1323 1411 1378 ἁπάντων
1472 1326 1761 1393 γενέσθαι,

1862 522 2203 581 concutiens,
2282 518 2691 575 subversioncm
2804 517 3033 586 patrabo
3133 516 3433 569 multorum

1863 626 2052 679 regum
2102 610 2318 664 thronis
2388 609 2661 679 regalibus
2750 608 3121 677 pi-mditorum.
3216 620 3433 658 omnem

1864 701 2081 755 illorum
2103 701 2398 770 potentiam
2443 700 2751 759 destruens,
2778 708 2827 751 et
2866 704 3207 751 rurrus‘cnm
3245 710 3436 751 ascen-

1866 793 2087 847 soribus
2146 792 2261 847 suis
2312 792 2667 853 subvertens;
2714 792 2783 841 ita
2843 800 2900 843 ut
2958 788 3188 841 invicem
3237 787 3438 856 impin-

1867 891 2055 949 gentes
2092 888 2205 933 tum
2244 881 2367 948 equi
2425 888 2536 932 tum
2568 893 2831 946 equorum
2864 891 3204 935 ascensores,
3260 875 3433 928 mutui

1866 972 2139 1026 occisores
2196 970 2345 1035 ﬁant,
2403 971 2737 1039 multamque
2780 967 2982 1022 czedem
3011 966 3247 1022 elliciant
3300 965 3439 1018 alter

1869 1062 2096 1115 alterum
2158 1062 2549 1116 interimentes.
2587 1060 2741 1125 Quod
2780 1058 2999 1128 quidem
3028 1074 3127 1128 ego
3158 1073 3334 1127 agam,
3378 1062 3437 1109 nt

1871 1151 2044 1219 palam
2075 1152 2327 1206 omnibus
2353 1152 2462 1214 liat,
2488 1150 2631 1203 haud
2669 1165 2925 1202 manuum
2956 1156 3260 1203 vestrarum
3293 1162 3434 1217 opus

1871 1239 2010 1293 hanc
2058 1255 2178 1293 esse
2202 1240 2326 1294 belli
2354 1238 2767 1293 conversionem
2796 1248 2954 1307 atque
2997 1236 3303 1300 victoriam,
3340 1236 3433 1291 sed

1872 1329 2126 1396 potentiae
2160 1343 2292 1383 mete
2327 1326 2534 1381 viribus
2568 1326 2748 1380 omnia
2772 1341 2894 1379 esse
2930 1325 3197 1379 confecta.

184 1413 267 1464 ὅτι
316 1414 381 1464 οὐ
419 1413 516 1482 τῆς
550 1413 816 1483 ὑμετέρας
855 1413 944 1465 διά
985 1414 1163 1484 χειρὸς
1211 1414 1368 1485 ἔργον
1404 1419 1437 1487 ἡ
1485 1420 1659 1489 τροπὴ
1698 1417 1791 1472 τοῦ
1831 1420 2063 1491 πολέμου
2099 1421 2192 1474 καὶ
2235 1421 2268 1486 ἡ
2310 1420 2467 1489 νίκη,
2513 1418 2617 1471 ὑπὸ
2675 1419 2731 1470 δὲ
2790 1418 2884 1487 τῆς
2922 1418 3204 1487 δυνάμεως
3243 1418 3435 1469 ἀποτε-

184 1501 439 1555 τέλεσται
468 1501 526 1553 τὸ
553 1502 661 1553 πᾶν
689 1501 786 1570 τῆς
816 1501 976 1571 ἐμῆς.

260 1592 412 1659 Στίχ.
440 1589 540 1642 κδ’.
564 1619 634 1629 -
669 1607 686 1640 t
733 1590 820 1642 Ἑν
846 1593 911 1661 τῇ
940 1591 1119 1662 ἡμέρα
1159 1594 1361 1664 ἐκείνῃ,
1388 1593 1535 1662 λέγει
1563 1595 1765 1666 Κύριος

192 1679 622 1750 παντοκράτωρ,
662 1678 896 1750 λήψομαί
946 1682 1385 1753 σε,Ζοροϐἀϐελ,
1407 1684 1497 1737 τὸν
1535 1685 1627 1739 τοῦ
1664 1686 1765 1738 Σα-

1943 1591 2109 1646 Vens.
2139 1590 2323 1644 24.—
2375 1608 2394 1640 ι
2436 1588 2529 1643 Die
2570 1589 2683 1651 illa,
2719 1587 2852 1643 dicit
2892 1588 3154 1645 Dominus
3184 1592 3438 1662 omnipo-

1871 1688 1993 1736 tens
2019 1717 2034 1744 ,
2078 1695 2349 1735 assumam
2391 1688 2442 1735 te
2470 1679 2861 1735 Zorobabelem
2896 1678 3205 1735 Salathielis
3242 1681 3435 1742 tilium,

190 1770 389 1839 λαθιὴλ
414 1770 504 1822 τὸν
526 1768 706 1821 δοῦλόν
738 1788 858 1838 μου,
886 1771 1035 1840 λέγει
1056 1773 1284 1844 Κύριος·
1311 1778 1401 1829 καλ⁵
1441 1777 1674 1848 θήσομαί
1706 1794 1764 1831 σε

1874 1787 2086 1828 servum
2139 1787 2340 1837 meum,
2375 1770 2511 1826 dicit
2550 1771 2811 1825 Dominus
2844 1790 2858 1823 :
2912 1781 2965 1827 et
2998 1787 3193 1840 ponam
3240 1781 3291 1827 te
3315 1781 3433 1828 tan-

191 1863 270 1925 ὠς
310 1862 610 1933 σφραγῖδαο
648 1861 779 1914 διότι
803 1879 862 1914 σε
892 1862 1137 1932 ᾑρέτισα,
1158 1864 1305 1933 λέγει
1336 1867 1536 1939 Κύριος
1572 1886 1766 1922 παντοο

192 1954 437 2023 κράτωρ.
479 1972 500 2005 ι
532 1952 663 2005 Τότε
687 1953 771 2021 δὴ,
801 1955 984 2022 φησὶν,
1015 1948 1059 2007 ὧ
1087 1956 1410 2026 Ζοροϐάϐελ,
1446 1959 1543 2027 τῆς
1563 1961 1767 2022 οἰκείας

190 2046 435 2111 ἀξιώσας
464 2043 763 2115 ἡγούμενον
800 2043 894 2096 τοῦ
946 2046 1337 2116 Ἰσραηλιτικού
1362 2048 1514 2111 λαοῦ,
1553 2051 1768 2103 πάντων

192 2139 463 2210 κρατῆσαι
498 2135 934 2207 παρασκευάσω·
990 2135 1133 2188 ὥστε
1182 2136 1241 2201 ἐξ
1274 2138 1450 2190 αὐτῶν
1491 2138 1648 2207 δῆλον
1678 2156 1769 2207 γε-

192 2228 383 2282 νέσθαι
421 2228 527 2280 τῶν
564 2228 763 2297 ἔργων,
806 2229 886 2281 ὅτι
935 2227 1100 2298 ψήφῳ
1150 2232 1215 2299 τῇ
1261 2232 1367 2300 ἐμῇ
1417 2230 1665 2298 βασιλεύς
1710 2249 1769 2284 τε

192 2320 400 2391 ᾕρησαι
431 2318 687 2387 βεϐαίως,
725 2318 820 2371 καὶ
848 2319 1107 2389 ἀρεσκείᾳ
1136 2322 1200 2388 τῇ
1240 2320 1345 2390 ἐμῇ
1380 2323 1459 2381 είς
1488 2319 1584 2389 τὴν
1614 2320 1769 2384 ἀξίαν

194 2411 609 2481 προκεχείρισαι
650 2408 856 2479 ταύτην
881 2424 894 2436 °
945 2409 1143 2472 παντὸς
1172 2410 1418 2472 συνέντος
1464 2412 1529 2463 ἂν
1575 2411 1770 2482 ῥαδίως

190 2501 274 2555 ὅτι
302 2500 595 2570 δυνηθῆναί
640 2518 697 2553 σε
738 2500 908 2555 ταῦτα
960 2500 1209 2571 οὐδαμῶς
1244 2497 1354 2554 οἷόν
1391 2520 1449 2554 τε
1495 2499 1581 2573 ἦν,
1615 2505 1662 2555 εἰ
1696 2504 1769 2573 μὴ

191 2591 335 2644 κατά
358 2591 586 2661 γνώμην
611 2592 753 2661 ἐμὴν
776 2591 836 2644 τὸ
875 2591 1175 2661 βασιλεύειν
1206 2592 1364 2663 ἔχων,
1389 2595 1492 2664 ἐμῇ
1523 2597 1589 2664 τῇ
1632 2596 1769 2664 ῥοπῇ

189 2681 287 2734 καὶ
312 2681 415 2751 τὴν
448 2680 716 2751 τοσαύτην
743 2684 1072 2755 κατεπράξω
1116 2683 1293 2756 νίκην.
1355 2685 1569 2755 Ἐπειδὴ
1599 2685 1707 2756 γὰρ
1737 2687 1768 2755 ἡ

200 2774 439 2844 σφραγὶς
474 2772 823 2843 ἐπιτιθεμένη
858 2774 1155 2843 ἀσφάλειάν
1201 2792 1321 2828 τινα
1366 2778 1475 2838 τοῖς
1509 2777 1771 2845 ἐμϐαλλου

195 2862 381 2932 μένοις
410 2862 668 2933 παρέχειν
705 2863 869 2923 δοκεῖ,
900 2863 1058 2915 τοῦτο
1094 2863 1241 2931 λέγει
1271 2863 1330 2916 τὺ
1352 2886 1397 2928 ,ι
1417 2866 1661 2934 Θήσομαί
1712 2882 1768 2917 σε

187 2953 265 3015 ὡς
300 2947 767 3023 σφραγῖδα,›ἀντὶ
789 2950 913 3019 τοῦ,
945 2953 1111 3018 Δείξω
1142 2972 1199 3007 σε
1230 2956 1525 3023 ἀσφάλειαν
1560 2958 1653 3009 καὶ
1687 2957 1771 3026 βε-

193 3043 425 3097 ϐαίωσιν
450 3045 579 3097 ὄντα
602 3045 800 3107 παντὸς
826 3045 919 3097 τού
950 3044 1104 3108 λαοῦ,
1140 3045 1233 3098 ἆτε
1260 3047 1525 3098 τοσούτων
1552 3050 1617 3116 τῇ
1644 3049 1772 3116 ἡγε-

1871 1879 2032 1933 quam
2070 1863 2445 1934 signaculum;
2503 1864 2629 1933 quia
2682 1871 2734 1919 te
2772 1863 2933 1935 elegi.
2987 1865 3122 1919 dicit
3171 1865 3433 1921 Dominus

1870 1954 2233 2025 omnipotens.
2278 1973 2297 2005 ο
2330 1952 2485 2009 Tunc
2515 1969 2645 2009 vero
2675 1961 2749 2019 te,
2782 1956 2876 2017 ait,
2903 1971 2935 2009 ο
2957 1955 3283 2019 Zorobabel,
3318 1971 3438 2010 meo

1869 2046 2099 2115 dignans
2131 2044 2335 2099 auxilio
2370 2045 2564 2098 ducem
2624 2045 2807 2114 populi
2869 2046 3173 2110 lsraelitici,
3225 2050 3439 2101 cunctis

1869 2134 2138 2189 dominari
2170 2133 2363 2187 faciam
2394 2154 2404 2187 :
2438 2134 2510 2185 ita
2549 2142 2605 2186 ut
2632 2150 2696 2187 ex
2740 2134 2871 2204 ipsis
2900 2136 3159 2205 operibus
3188 2137 3438 2206 explora—

1873 2234 1989 2279 tum
2022 2226 2136 2291 ﬁat,
2171 2233 2226 2279 te
2255 2224 2516 2294 suﬂ‘ragio
2541 2239 2659 2279 meo
2686 2240 2862 2295 regem
2901 2227 3148 2281 stabilem
3183 2230 3437 2290 electum,

1873 2328 2099 2383 meoque
2132 2313 2467 2382 beneplacito
2498 2312 2561 2366 ad
2582 2312 2717 2366 hanc
2737 2316 3437 2386 assumptumdignitatem;

1874 2415 1930 2457 ut
1965 2420 2123 2459 nemo
2174 2419 2282 2458 non
2332 2403 2493 2458 facile
2526 2404 2789 2474 intelligat
2842 2414 2892 2458 te
2945 2406 3257 2461 nullatenus
3307 2409 3438 2463 talia

1872 2496 2115 2564 potuisse
2144 2504 2363 2565 patrare
2413 2494 2677 2558 facinora,
2724 2495 2827 2549 nisi
2878 2496 3156 2551 voluntate
3195 2512 3313 2552 mea
3345 2514 3439 2555 rex

1874 2586 2067 2648 factus,
2092 2601 2192 2655 ope
2216 2584 2421 2654 pariter
2452 2600 2571 2641 mea
2598 2586 2877 2641 victoriam
2903 2593 3109 2640 tantam
3133 2589 3435 2645 retulisses.

1871 2679 2003 2733 Nam
2033 2681 2175 2734 sicut
2193 2680 2534 2751 signaculum
2560 2680 2874 2751 impositum
2894 2682 3119 2735 tutelam
3142 2684 3434 2752 quamdam

1873 2773 2166 2841 suppositae
2187 2771 2265 2825 rei
2292 2770 2544 2825 conferre
2570 2770 2801 2836 videtur,
2834 2772 2955 2826 ideo
2995 2773 3130 2827 dicit
3156 2793 3168 2827 :
3192 2793 3208 2824 ι
3234 2773 3437 2828 Ponam

1872 2870 1925 2917 te
1957 2872 2214 2932 tauquam
2256 2863 2620 2933 signaculum,
2648 2880 2666 2913 ι
2702 2862 2755 2916 id
2790 2871 2895 2927 est,
2916 2861 3206 2918 Ostendam
3239 2873 3291 2920 te
3319 2881 3443 2921 esse

1873 2953 2037 3023 284,
2090 2957 2313 3008 tutelam
2351 2953 2623 3021 totiusque
2674 2954 2853 3022 populi
2883 2954 3303 3021 ﬁrmamentum,
3346 2956 3439 3025 qui

1873 3043 2001 3093 talia
2029 3042 2232 3096 ducatu
2264 3051 2359 3095 tuo
2376 3046 2705 3096 consecutus
2756 3048 2860 3100 est,
2891 3039 2982 3108 qui
3024 3056 3144 3095 meo
3180 3040 3438 3111 suﬂ‘ragio

197 3133 362 3203 μονία
409 3134 765 3204 τυγχάνοντος
806 3138 871 3205 τῇ
908 3138 971 3206 σῇ
995 3177 1008 3197 ,
1043 3136 1226 3206 ἐπειδὴ
1256 3138 1422 3208 ψήφῳ
1460 3139 1592 3209 πρὸς
1614 3139 1766 3193 τοῦτο

1874 3133 1939 3186 ad
1967 3132 2019 3186 id
2048 3131 2206 3185 cilicii
2234 3131 2438 3185 electus
2472 3145 2553 3185 es.
2588 3128 2680 3184 Sic
2711 3130 2874 3183 etiam
2908 3129 2959 3182 in
3006 3128 3316 3199 Evangeliis
3350 3129 3435 3182 div

194 3223 401 3294 ᾕρησαι
436 3227 503 3294 τῇ
543 3226 670 3297 ἐμῇ.
704 3225 886 3287 Οὕτως
918 3227 1010 3279 καὶ
1043 3228 1100 3278 ἐν
1142 3230 1253 3289 τοῖς
1286 3228 1635 3296 Εὑαγγελίοις
1681 3229 1772 3281 λέο

196 3331 321 3381 γει·
414 3334 431 3365 ι
468 3315 670 3369 Τοῦτον
697 3317 805 3387 γὰρ
837 3320 864 3370 ὁ
898 3318 1087 3388 Πατὴρ
1120 3320 1449 3388 ἐσφράγισεν
1486 3323 1514 3373 ὁ
1542 3320 1707 3385 Θεὸς,
1746 3340 1765 3373 ι

194 3405 319 3457 ἀντὶ
364 3404 455 3459 τοῦ
475 3447 488 3468 ,
524 3406 720 3460 Τοῦτον
756 3408 986 3474 βεϐαίως
1010 3409 1260 3474 ἀπέδειξε
1287 3410 1541 3478 πρόξενον
1571 3410 1772 3464 ἅπασιν

196 3494 511 3565 ἀνθρώποις
547 3495 653 3550 τῶν
696 3496 964 3565 μεγίστων
1018 3497 1256 3565 ἀγαθῶν.
1287 3496 1371 3565 (p.
1418 3498 1555 3564 451)
1605 3500 1715 3551 Καὶ
1748 3499 1777 3551 ὁ

202 3587 474 3657 μακάριος
511 3587 568 3639 δὲ
610 3585 849 3650 Παῦλος·
922 3605 939 3636 ι
988 3588 1052 3639 Ἡ
1094 3587 1201 3657 γὰρ
1246 3587 1477 3657 σφραγὶς
1504 3588 1599 3656 τῆς
1641 3588 1776 3657 ἐμῆς

199 3678 511 3746 ἀποστολῆς
549 3678 703 3747 ὑμεῖς
748 3680 899 3741 ἐστε,
954 3698 972 3729 ι
1009 3674 1128 3730 ἀντὶ
1158 3673 1284 3738 τοῦ,
1347 3677 1634 3730 Βεϐαιοῦτέ
1686 3694 1774 3746 μοι

198 3768 301 3837 τὴν
339 3768 846 3837 ἀποστολὴν,ὐμεῖς
899 3769 945 3819 οἱ
990 3768 1431 3830 πεπιστευκότες.
1474 3766 1577 3821 Τὸν
1615 3768 1775 3821 αὑτὸν

199 3856 293 3913 οὖν
333 3860 535 3929 τρόπον
579 3858 857 3912 κάνταῦθα
900 3858 1043 3926 λέγει
1091 3860 1179 3921 τὸ,
1244 3877 1261 3909 ι
1299 3858 1548 3928 Θήσομαί
1597 3876 1655 3910 σε
1701 3858 1779 3921 ὡς

203 3952 510 4022 σφραγῖδα,
551 3968 569 4001 ι
604 3949 724 4001 ἀντὶ
757 3948 849 4000 τοῦ
872 3988 886 4012 ,
930 3947 1161 4000 Βεϐσίαν
1185 3948 1449 4011 ἀποδείξω
1489 3946 1585 4017 τὴν
1626 3947 1777 4016 βασι-

201 4040 353 4091 λείαν
399 4038 498 4107 τὴν
546 4037 642 4107 σὴν
682 4038 766 4090 ἐπ’
813 4037 1044 4106 ἀσφαλεῖ
1096 4038 1347 4090 ἁπάντων
1393 4035 1499 4089 τῶν
1533 4036 1775 4102 οἰκείων,

204 4128 470 4199 ἀρεσκείᾳ,
502 4126 948 4198 προϐεϐλημένην
979 4130 1045 4197 τῇ
1079 4128 1206 4197 ἐμῇ.
1245 4128 1477 4190 Εἰκότως
1513 4128 1570 4181 δὲ
1605 4129 1781 4182 ἀπαν-

210 4219 381 4289 ταχοῦ
410 4221 562 4288 κοινῇ
596 4217 731 4289 πρός
751 4234 808 4269 τε
834 4217 923 4269 τὸν
971 4218 1272 4287 Ζοροϐάϐελ
1306 4218 1397 4271 καὶ
1443 4218 1532 4271 τὸν
1574 4218 1779 4290 Ἰησοῦν

203 4309 615 4379 διαλεγόμενος,
676 4308 906 4361 ἐνταῦθα
952 4308 1087 4378 πρὸς
1127 4309 1218 4362 τὸν
1270 4308 1573 4381 Ζοροϐάϐελ
1618 4310 1780 4380 μόνον

203 4398 505 4469 ἐποιήσατο
553 4397 643 4450 τὸν
688 4396 876 4464 λόγον,
928 4398 1222 4469 ἐπειδήπερ
1265 4398 1358 4450 τοῦ
1403 4398 1637 4470 πολέμου
1682 4400 1781 4469 τὴν

208 4487 505 4558 ἠγεμονίαν
532 4486 611 4557 τῷ
647 4486 855 4556 βασιλεῖ
884 4486 1119 4557 μάλιστα
1153 4488 1445 4557 προσήκειν
1468 4488 1650 4558 ἐχρῆν..

1875 3224 2017 3276 citur
2040 3240 2053 3276 ;
2074 3221 2261 3276 «Hunc
2281 3220 2422 3274 enim
2454 3219 2615 3273 Pater
2654 3220 2889 3289 signavit
2940 3217 3082 3273 Deus
3133 3219 3199 3281 κ,
3224 3219 3308 3272 vid
3332 3228 3439 3281 est.

1878 3312 2033 3367 Hunc
2045 3311 2269 3365 firmiter
2285 3310 2513 3380 praebuit
2546 3310 2683 3363 Deus
2704 3310 2946 3363 datorem
2970 3309 3181 3363 cunctis
3208 3307 3442 3363 homini-

1878 3405 1981 3459 bus
2016 3402 2373 3456 maximorum
2403 3401 2690 3455 bonorum.
2725 3397 2860 3452 Tum
2897 3407 2950 3453 et
2981 3400 3172 3454 beatus
3194 3397 3437 3454 Paulus:

1882 3512 1901 3545 ι
1940 3491 2289 3562 Signaculum
2318 3489 2654 3559 apostolatus
2698 3487 2873 3543 nostri
2923 3502 3020 3541 vos
3050 3486 3203 3549 estis,
3222 3485 3309 3539 aid
3334 3493 3440 3548 est,

1877 3583 2131 3640 Firmatis
2148 3579 2277 3633 mihi
2304 3578 2666 3647 apostolatum
2702 3592 2799 3632 vos
2849 3576 2942 3645 qui
2981 3574 3309 3629 credidistis.
3339 3576 3443 3627 Eo-

1876 3676 1996 3729 dem
2025 3673 2207 3741 itaque
2236 3672 2396 3726 modo
2424 3671 2511 3725 hic
2552 3671 2716 3724 etiam
2746 3669 2878 3723 dicit
2907 3668 2952 3699 ⁴⁰
2982 3686 2994 3721 :
3026 3685 3043 3718 ι
3080 3665 3281 3720 Ponant
3302 3676 3352 3720 te
3387 3676 3444 3720 ut

1877 3763 2238 3835 signaculum,
2266 3779 2285 3812 ι
2309 3761 2359 3815 id
2389 3758 2707 3824 est,Stabile
2725 3759 3004 3813 ostendam
3026 3772 3249 3826 regnum
3267 3766 3440 3817 tuum.

1878 3854 2024 3924 quod
2060 3854 2128 3908 ob
2160 3863 2376 3906 tuorum
2418 3853 2659 3905 omnium
2718 3850 2965 3915 tutelam,
2998 3850 3277 3904 voluntate
3324 3863 3444 3901 mea

1879 3946 2238 4001 constitutum
2270 3943 2392 3998 fuit.
2414 3942 2534 3997 1am
2569 3958 2693 3997 cum
2727 3942 2927 4012 ubique
2955 3942 3320 3997 communiter
3349 3939 3446 3993 Zo-

1880 4033 2187 4088 robabelem
2238 4032 2399 4087 simul
2437 4039 2492 4087 et
2536 4030 2719 4087 Jesum
2777 4032 3048 4085 allocutus
3108 4030 3200 4094 sit,
3252 4029 3447 4085 merito

1882 4139 2028 4178 nunc
2112 4123 2503 4178 Zorobabelem
2579 4123 2755 4179 solum
2848 4121 3164 4193 alloquitur,
3274 4136 3445 4190 quan—

1882 4216 2173 4285 doquidem
2242 4216 2369 4272 belli
2430 4215 2663 4271 ducatus
2746 4216 2858 4286 regi
2920 4214 3193 4283 praecipue
3250 4228 3446 4273 convev

1884 4306 2087 4361 aiebat.

278 4622 324 4652 ³⁹
349 4620 509 4675 Joan.
538 4637 615 4685 vi,
638 4621 727 4676 27.
804 4619 895 4674 ιοι
929 4620 1056 4676 Cor.
1091 4633 1168 4687 ιι,
1206 4621 1261 4676 2.

768 4886 1324 4970 EPMHNEIA
1400 4882 1766 4972 ZAXAP]

1874 4888 1945 4974 Υ
1999 4890 2226 4976 ΤΟΥ
2278 4888 2923 4979 ΠΡΟΦΗΤΟΥ.

208 5236 1349 5353 COMMENTARIUS
1435 5244 1578 5352 IN
1640 5239 2474 5355 ZACHARIAM
2534 5244 3460 5360 PROPHETAM.

282 5611 437 5665 Κατά
469 5611 561 5664 τὸν
604 5612 766 5665 αὑτὸν
802 5612 990 5681 καιρδν
1052 5612 1288 5682 ’Δγγαίῳ
1326 5615 1576 5685 προφήτῃ
1630 5614 1766 5684 δῆλό.

1969 5615 2083 5672 Sub
2105 5614 2245 5671 idem
2285 5623 2520 5685 tempus,
2555 5632 2663 5687 quo
2709 5618 2903 5673 beatus
2952 5619 3182 5690 Aggaeus
3244 5620 3299 5674 in
3346 5635 3447 5689 pro

207 5701 327 5755 ἐστι
363 5703 457 5756 καὶ
484 5703 513 5753 ό
551 5702 819 5772 μακάριος
854 5701 1211 5773 προφητεύων
1248 5702 1553 5773 Ζαχαρίαςο
1590 5706 1646 5758 ἐν
1679 5705 1762 5758 ετε

1897 5706 2073 5774 plietis
2102 5706 2448 5773 versabatur,
2474 5707 2693 5762 beatum
2722 5710 2884 5764 etiam
2913 5709 3239 5766 Zachariam
3273 5711 3457 5769 vatici-
