3830 6216
210 317 318 368 437

1167 333 1714 390 COMMENTARIUS
1750 335 1812 390 IN
1850 337 2221 392 ZACHAIKIJE
2257 339 2406 395 CAP.
2440 339 2480 394 1.
3349 342 3452 397 £95

203 427 392 522 λόγος,
425 433 686 504 πρόδηλον
739 438 836 507 μὲν
881 440 962 494 ὅτι
1006 441 1098 495 καὶ
1159 444 1432 516 Ἀσσύριοι
1467 447 1558 499 καὶ
1609 446 1783 499 Βαϐυ-

1898 457 2098 502 :onstat
2162 451 2415 521 Assyrios
2477 467 2541 506 ac
2593 452 2920 522 Babylonios
2971 460 3094 509 ante
3137 455 3186 507 id
3237 463 3446 520 tempus

204 517 390 572 λὼνιοι
419 522 720 579 δεδώκεσαν
745 528 842 598 ήδη
869 530 1023 596 δίκας
1047 535 1187 588 κατά
1213 537 1301 588 τὸν
1331 538 1520 606 καιρὸν
1552 538 1775 592 ἐκεῖνον.

207 609 429 679 Μήδους
454 613 510 666 δὲ
549 616 728 687 Κύρος
765 620 1008 675 καθεῖλεο
1053 625 1171 695 μεθ’
1200 626 1258 679 ὃν
1296 628 1556 699 τέταρτος
1593 629 1780 696 γέγονε

209 702 454 770 Δαρεῖος·
508 708 657 775 παρὰ
691 709 914 780 Περσῶν
959 713 1016 766 δὲ
1049 715 1172 767 οὐδὲ
1218 717 1407 785 γέγονέ
1448 735 1500 770 τι
1549 717 1781 786 χαλεπὸν

204 794 320 853 τοῖς
376 792 770 866 Ἰσραηλίταιςο
819 803 1129 858 τούναντίον
1185 807 1282 876 μὲν
1307 804 1398 861 οὖν
1449 804 1508 862 εὖ
1551 808 1655 861 ὑπὸ
1686 809 1783 878 τῆς

210 882 488 952 βασιλείας
532 888 730 944 ἐπα-θον
752 894 986 965 ἐκείνης,
1020 898 1282 968 πρότερον
1318 900 1416 969 μὲν
1443 901 1640 964 αὐτοὺς
1667 901 1782 954 Κύ-

212 991 306 1043 ρου
340 977 436 1029 τοῦ
481 980 694 1049 πρώτου
731 984 1146 1052 βασιλεύσαντος
1176 989 1406 1057 ἀφέντος
1451 991 1551 1060 τῆς
1583 992 1782 1060 αἰχμα-

209 1066 446 1134 λωσίας,
496 1074 612 1140 μετ’
663 1075 839 1127 ἐκεῖνο
870 1076 926 1129 δὲ
976 1079 1204 1148 Δαρείου
1256 1083 1366 1142 τοῖς
1416 1080 1618 1145 λοιποῖς
1675 1082 1781 1134 τῶν

223 1157 495 1214 Ἰουδαίων
549 1164 639 1217 τοῦ
677 1166 921 1220 ἀνελθεῖν
958 1172 1039 1231 εἰς
1087 1171 1156 1222 τὰ
1195 1173 1368 1223 οἰκεῖα
1411 1172 1782 1242 παρασχόντος

210 1249 310 1317 τὴν
362 1249 564 1306 ἄδειαν.
618 1255 679 1307 Εἰ
708 1255 763 1308 δὲ
806 1259 898 1310 καὶ
931 1258 1094 1330 ἕτερά
1123 1278 1206 1322 τις
1237 1259 1476 1330 βούλοιτο
1527 1263 1785 1332 σημαίνε-

211 1339 338 1391 σθαι
387 1340 455 1394 τά
499 1343 740 1414 τέσσαρα
781 1347 984 1418 κέρατα
1032 1349 1217 1413 κακῶς
1263 1351 1628 1406 διατεθεικότα
1660 1355 1785 1417 τοὺς

225 1430 563 1500 Ἰσραηλίτας
591 1435 683 1487 ἐπὶ
713 1435 804 1488 τού
850 1439 949 1508 τῆς
980 1441 1354 1510 αἰχμαλωσίας
1385 1442 1609 1513 καιροῦ,
1651 1445 1785 1515 πρό-

211 1522 376 1590 δηλον
398 1523 481 1576 ὅτι
512 1525 737 1579 κάκεῖνα
763 1527 935 1599 πέρας
963 1529 1192 1600 εἰλήφει.
1235 1531 1373 1585 Ἀλλ’
1397 1533 1570 1588 ἔοικεν
1602 1536 1630 1588 ό
1657 1552 1786 1606 προ-

215 1614 395 1682 φήτης
425 1613 533 1666 τῶν
574 1615 829 1669 τοιούτων
879 1618 969 1672 διὰ
996 1618 1154 1674 τοῦτο
1197 1624 1552 1693 μνημονεύειν
1571 1665 1585 1689 ,
1617 1625 1691 1688 ὡς
1721 1625 1786 1678 ἂν

216 1705 310 1756 καὶ
343 1705 442 1772 τῆς
475 1704 622 1768 Θείας
648 1706 864 1777 χάριτος
889 1709 975 1763 διά
1014 1712 1170 1764 τοῦτο
1201 1712 1294 1766 νῦν
1326 1713 1472 1783 αὐτῷ
1500 1713 1656 1766 τοῦτο
1681 1715 1787 1767 δει-

1883 552 2075 606 poenas
2103 539 2294 593 luisse.
2337 539 2520 593 Medos
2559 539 2686 594 item
2729 541 2958 611 imperio
3002 556 3030 594 a
3065 542 3205 612 Cyro
3247 544 3447 612 spolia-

1885 633 1969 682 tos
2009 627 2214 682 scimus
2246 646 2259 680 :
2302 636 2424 696 post
2462 644 2622 698 quem
2667 630 2914 700 reliquus
2955 639 3040 686 est
3081 642 3309 698 quartus
3342 632 3447 685 Da-

1883 719 2023 774 rius.
2058 718 2228 772 Porro
2263 733 2291 771 a
2335 717 2520 774 Persis
2553 720 2690 773 nihil
2733 721 3022 783 molestum
3058 722 3321 777 lsraelitis
3362 737 3448 775 ac-

1884 806 2048 872 cidit;
2091 808 2199 860 imo
2239 808 2423 861 omnia
2471 823 2630 863 secus
2669 809 2738 864 ab
2776 811 3005 865 istorum
3045 827 3213 882 regno
3239 815 3446 880 experti

1883 908 2046 963 sunt;
2088 897 2230 968 Cyro
2279 899 2510 968 primum
2555 899 2768 968 imperii
2817 908 3038 956 auctore
3081 904 3443 972 captivitatem

1884 987 2162 1052 solvente;
2201 986 2395 1040 deinde
2437 986 2597 1041 Dario
2630 986 2829 1044 Iudaeis
2881 991 3105 1059 reliquis
3150 999 3209 1044 ut
3249 991 3301 1044 in
3353 1007 3446 1060 pa-

1889 1078 2049 1129 triam
2096 1077 2334 1132 redirent
2373 1077 2652 1146 largiente.
2689 1078 2840 1143 Quod
2886 1081 2929 1134 si
2963 1081 3085 1149 quis
3127 1082 3270 1135 aliud
3317 1084 3446 1150 quid

1887 1167 1974 1222 his
2021 1179 2255 1238 quatuor
2295 1169 2572 1232 cornibus,
2627 1185 2747 1238 quae
2799 1170 3058 1226 lsraelitis
3115 1173 3446 1242 captivitatis

1888 1268 2129 1330 tempore
2159 1267 2484 1328 nocuerunt,
2518 1261 2818 1330 signiﬁcari
2867 1264 3186 1325 arbitratur,
3233 1274 3448 1318 constat

1886 1349 1936 1402 id
1962 1365 2179 1418 quoque
2207 1349 2317 1418 jam
2347 1357 2460 1402 tum
2493 1349 2653 1405 ﬁnem
2683 1350 2897 1404 fecisse.
2932 1351 3037 1406 Sed
3067 1355 3209 1406 enim
3238 1355 3448 1409 videtur

1890 1441 2146 1509 propheta
2180 1440 2384 1494 idcirco
2423 1441 2619 1494 horum
2658 1441 2970 1496 meminisse
3003 1443 3203 1510 (divina
3243 1446 3450 1500 scilicet

1881 1531 2056 1599 gratia
2099 1531 2169 1584 ob
2205 1530 2259 1584 id
2309 1532 2486 1599 ipsum
2528 1531 2641 1585 haec
2680 1530 2865 1585 eadem
2896 1533 2945 1586 ei
2995 1533 3445 1603 demonstrante),

1887 1631 1946 1674 ut
1983 1636 2013 1674 a
2056 1621 2266 1676 coelesti
2307 1621 2633 1676 revelatione
2681 1630 2889 1676 certum
2925 1624 3040 1691 ipse
3092 1639 3271 1678 rerum
3329 1641 3450 1695 per-

1889 1720 2132 1766 actarum
2159 1712 2527 1766 testimOuium
2564 1712 2867 1781 acciperet,
2905 1728 3144 1782 suosque
3175 1715 3449 1771 auditores

215 1794 517 1864 κνυούσης,
561 1797 625 1848 ἵν’
659 1800 720 1850 ἐκ
753 1801 851 1870 τῆς
885 1802 1277 1871 ἀποκαλύψεως
1315 1803 1415 1873 τῆς
1446 1803 1593 1867 θείας
1627 1805 1785 1868 αὐτός

1898 1802 2116 1856 omnino
2165 1802 2426 1856 certiores
2463 1801 2663 1856 iaceret
2707 1800 2775 1856 de
2819 1800 3036 1857 decreta
3076 1803 3313 1859 inimicis
3358 1821 3451 1861 eo-

215 1899 276 1935 τε
325 1885 545 1952 βεϐαίαν
574 1886 682 1960 ἔχῃ·
698 1891 804 1942 τῶν
829 1893 1127 1958 γεγονότων
1158 1893 1254 1965 τὴν
1285 1894 1494 1959 πίστιν,
1532 1896 1626 1949 καὶ
1662 1897 1787 1958 τοὺς

215 1974 512 2039 ἀκούοντας
553 1977 610 2030 δὲ
647 1980 890 2050 ἀκριϐῶς
923 1983 1212 2036 πεπεῖσθαι
1243 1984 1486 2056 διδάσκῃ,
1520 1987 1600 2038 ὅτι
1637 1985 1786 2056 μένει

218 2067 318 2135 μὲν
356 2069 390 2136 ἡ
424 2068 533 2122 τῶν
582 2070 962 2142 λελυπηκότων
997 2077 1192 2138 αὐτοὺς
1221 2078 1459 2148 τιμωρία
1480 2095 1492 2107 ·
1541 2078 1688 2147 μένει
1731 2077 1787 2130 δὲ

217 2159 311 2209 καὶ
351 2161 533 2223 αὐτοῖς
560 2160 750 2231 βέϐαια
775 2163 843 2216 τὰ
868 2165 968 2235 τῆς
994 2165 1237 2238 δοθείσης
1260 2169 1595 2240 εὐεργεσίας.
1630 2169 1789 2240 Εῐρη-

213 2265 308 2300 ται
337 2250 396 2302 δὲ
426 2251 596 2304 ταῦτα
626 2255 758 2322 ἡμῖν
785 2255 883 2323 οὐχ
932 2256 1116 2320 ἁπλῶς
1135 2301 1151 2320 ,
1186 2257 1300 2312 ἀλλ’
1332 2259 1420 2313 ἵνα
1454 2260 1527 2329 μὴ
1568 2261 1660 2313 ἐπὶ
1689 2260 1788 2328 τῆς

218 2341 361 2392 κατὰ
409 2343 573 2412 μέρος
613 2346 906 2416 ἑρμηνείας
937 2347 1166 2418 ὁρῶντές
1189 2368 1311 2404 τινα
1353 2352 1683 2421 μηνυόμενα,
1713 2350 1790 2413 ὠς

218 2429 288 2482 ἂν
319 2433 554 2501 ἐσόμενα
573 2475 588 2498 ,
616 2435 651 2489 ἀ
677 2439 896 2504 γέγονεν
919 2440 1039 2511 ἥδη,
1071 2441 1434 2511 θαυμάζωμεν
1463 2442 1495 2512 ἢ
1523 2442 1789 2513 διαπορῶ-

221 2541 322 2592 μεν
352 2527 482 2595 περί
508 2526 601 2578 τοῦ
640 2529 915 2599 σχήματος
944 2531 1038 2584 τοῦ
1067 2533 1376 2602 λεγομένου.
1426 2533 1509 2604 (p.
1543 2534 1677 2601 455)
1711 2534 1790 2587 Τὰ

221 2616 324 2682 μὲν
339 2615 406 2684 δὴ
428 2616 528 2686 τῆς
549 2617 850 2682 ὑποθέσεως
872 2621 928 2672 ἐν
947 2620 1154 2684 τούτοις
1170 2639 1181 2650 ·
1209 2623 1346 2675 κατὰ
1368 2623 1529 2692 μέρος
1550 2623 1605 2676 δὲ
1623 2640 1790 2694 προσ-

219 2704 410 2758 εκτέον
438 2706 644 2774 λοιπὸν,
679 2708 860 2772 καθὼς
899 2709 964 2763 ἂν
994 2713 1026 2780 ἡ
1060 2711 1177 2765 θεία
1215 2712 1372 2782 χάρις
1398 2712 1542 2782 διδῷ.

871 2800 1026 2851 ΚΕΦ.
1067 2800 1144 2851 A'.

297 2883 445 2951 Στίχ.
477 2885 619 2939 α’-δ’.
643 2915 716 2928 —-
749 2906 767 2938 ι
808 2888 894 2941 Ἐν
920 2887 996 2957 τῷ
1036 2889 1202 2960 ὀγδόῳ
1226 2891 1354 2959 μηνὶ
1375 2889 1526 2953 ἔτους
1546 2891 1792 2961 δευτέρου

219 2977 316 3028 ἐπὶ
347 2978 597 3046 Δαρείου,
639 2979 852 3043 ἐγένετο
899 2979 1054 3046 λόγος
1097 2981 1297 3052 Κυρίου
1341 2981 1475 3052 πρὸς
1525 2983 1795 3054 Ζαχαρίαν

219 3067 314 3118 τὸν
357 3066 453 3120 τοῦ
489 3069 789 3138 Βαραχίου,
823 3072 936 3122 υἱὸν
991 3071 1151 3123 Ἐδδὼ
1172 3115 1185 3137 ,
1220 3072 1311 3126 τὸν
1346 3074 1660 3144 προφήτην,
1705 3073 1792 3126 λέ-

219 3174 353 3223 γων.
396 3176 415 3208 ι
459 3158 562 3210 Τὸν
599 3159 695 3227 μὲν
731 3159 916 3229 χρόνον
947 3161 1212 3231 ἐδήλωσεν
1246 3163 1302 3214 ὲν
1333 3161 1542 3226 τούτοις
1581 3162 1702 3216 καθ’
1736 3164 1792 3216 ὃν

220 3247 433 3318 ἠξιώθη
466 3248 565 3318 τῆς
598 3250 992 3319 ἀποκαλύψεως
1029 3251 1126 3321 τῆς
1167 3251 1349 3314 θείας·
1390 3252 1510 3305 τίνα
1555 3253 1612 3305 δὲ
1653 3253 1795 3324 άπερ

221 3337 520 3407 ἐκελεύσθη
553 3338 688 3409 πρὸς
715 3339 806 3392 τὸν
836 3339 960 3393 λαὸν
988 3342 1182 3404 εἰπεῖν,
1206 3341 1331 3410 ἑξῆς
1361 3342 1578 3410 ἐπάγει.
1611 3361 1628 3393 ι
1675 3344 1794 3413 Ὠρ-

221 3429 388 3498 γίσθη
449 3431 653 3499 Κύριος
701 3431 794 3482 ἐπὶ
842 3433 968 3494 τοὺς
1007 3433 1248 3502 πατέρας
1290 3433 1442 3500 ὑμῶν
1481 3434 1650 3505 ὀργὴν
1697 3452 1794 3503 με-

222 3522 418 3589 γάλην.
470 3541 488 3572 ι
525 3523 740 3594 Πρέπον
776 3523 853 3592 τῷ
885 3524 1060 3597 καιρῷ
1088 3525 1148 3577 τὸ
1189 3527 1473 3596 προοίμιον
1506 3528 1798 3597 ἐποιήσατο

221 3615 251 3664 ό
282 3615 588 3683 προφήτης·
617 3615 805 3685 ἐπειδὴ
836 3617 944 3686 γάρ
973 3617 1170 3685 νεαρὰν
1196 3618 1289 3670 καὶ
1317 3616 1534 3670 ἔναυλον
1561 3619 1670 3670 τῶν
1699 3619 1796 3688 τῆς

223 3703 600 3772 αἰχμαλωσίας
633 3707 817 3758 κακῶν
858 3703 1002 3776 εἶχον
1044 3708 1139 3777 τὴν
1177 3713 1414 3779 μνήμην,
1449 3709 1571 3779 ἄρτι
1609 3725 1667 3760 τε
1698 3709 1796 3760 αύ-

222 3795 326 3861 τῆς
349 3795 757 3862 ἀπαλλαγέντες
785 3800 878 3850 καὶ
902 3801 980 3861 εἰς
1006 3799 1075 3852 τὰ
1100 3801 1274 3851 οἰκεῖα
1297 3799 1611 3852 ἐπανελθεῖν
1639 3801 1798 3871 δυνη-

225 3885 434 3950 θέντες,
461 3886 686 3948 εἰκότως
717 3888 822 3957 πρὸ
849 3890 1050 3952 παντὸς
1075 3889 1233 3957 λόγου
1261 3890 1359 3959 τῆς
1389 3891 1674 3961 συμφορᾶς
1701 3891 1798 3942 αύ-

225 3979 352 4040 τοὺς
387 3977 798 4048 ὑπομιμνήσκει
829 3980 928 4048 τῆς
959 3981 1160 4050 ἀρτίως
1189 3980 1594 4050 γεγενημένης-ο
1627 3982 1700 4044 ὡς
1734 3983 1798 4035 ἂν

226 4071 292 4138 τῇ
325 4071 430 4140 μνή
441 4085 517 4140 μῃ
544 4068 652 4121 τῶν
680 4070 977 4137 γεγονότων
998 4071 1349 4139 φυλάττοιντο
1375 4074 1454 4134 είς
1477 4075 1670 4144 πεῖραν
1691 4073 1799 4127 τῶν

224 4158 407 4210 αὐτῶν
447 4159 780 4228 καταστῆναι
819 4159 998 4212 πάλιν.
1047 4161 1193 4211 Ἴστε
1238 4160 1374 4231 γὰρ,
1411 4161 1611 4231 φησὶν,
1645 4163 1798 4234 ὀργι-

229 4249 376 4312 σθεὶς
406 4249 599 4319 ἡλίκην
626 4251 737 4311 τοῖς
769 4250 1003 4319 πατράσι
1036 4251 1147 4311 τοῖς
1197 4250 1481 4322 ὑμετέροις
1523 4253 1801 4321 ἐπήγαγον

143 4369 149 4372 -
224 4342 521 4412 τιμωρίαν,
555 4341 680 4392 οἴων
705 4356 764 4392 τε
788 4341 983 4401 αὐτοὺς
1010 4339 1096 4392 διὰ
1120 4341 1216 4411 τὴν
1247 4343 1529 4396 ἀπείθειαν
1556 4345 1612 4395 έν
1636 4343 1801 4414 πείρᾳ.

1891 1909 2009 1947 rum
2045 1907 2226 1962 paena,
2281 1902 2334 1947 et
2377 1892 2442 1946 de
2483 1891 2733 1946 beneﬁcii
2792 1892 3063 1960 impetrati
3116 1897 3446 1950 constantia.

1889 1986 2066 2055 Atque
2116 1985 2230 2039 hazc
2259 1999 2356 2055 ego
2384 1998 2492 2037 non
2535 1991 2738 2038 temere
2784 1983 3042 2052 praefatus
3082 2001 3227 2050 sum,
3264 1987 3360 2042 sed
3394 1996 3452 2042 ut

1889 2074 2018 2128 dum
2071 2075 2128 2128 in
2171 2089 2337 2129 cursu
2381 2074 2848 2143 interpretationis
2889 2075 3134 2143 quaedam
3169 2076 3308 2132 forte
3350 2093 3449 2133 ceu

1891 2167 2070 2221 futura
2111 2173 2425 2230 occurrent,
2457 2165 2702 2235 quaejam
2731 2174 3046 2234 evenerant,
3075 2182 3145 2221 ne
3170 2169 3450 2232 miremur,

1891 2274 2068 2329 neque
2094 2259 2163 2313 de
2209 2258 2309 2324 rei,
2347 2273 2467 2326 quae
2509 2257 2730 2320 dicitur,
2772 2258 2954 2311 oblata
2999 2259 3182 2328 specie
3214 2262 3454 2332 ambiga-

1891 2365 2033 2404 mus.
2079 2348 2154 2404 De
2185 2347 2483 2418 prophetia:
2512 2353 2835 2416 argumento
2870 2348 3154 2406 hactenus.
3197 2350 3455 2419 Superest

1894 2447 1952 2492 ut
1983 2455 2071 2494 res
2119 2439 2380 2508 singulas,
2435 2448 2596 2507 prout
2638 2436 2823 2490 divina
2872 2442 3048 2508 gratia
3098 2443 3453 2505 concesserit,

1891 2545 2298 2601 persequamur.

2547 2801 2696 2857 CAP.
2734 2802 2773 2854 1.

1973 2894 2131 2949 Vsus.
2169 2893 2282 2948 l-l.
2312 2921 2381 2932 -—-
2407 2911 2426 2944 ι
2461 2893 2666 2949 Octavo
2699 2908 2887 2947 mense
2917 2893 3045 2946 anni
3077 2891 3326 2953 secundi,
3355 2892 3456 2944 im-

1898 2996 2123 3056 perante
2154 2985 2335 3049 Dario,
2373 2984 2549 3041 factus
2580 2995 2664 3040 est
2689 2999 2872 3040 sermo
2903 2983 3114 3037 Domini
3151 2983 3215 3035 ad
3245 2981 3460 3035 Zacha-

1898 3080 2036 3132 riam
2063 3077 2358 3142 Barachiae,
2389 3077 2482 3130 ﬁlii
2509 3077 2621 3148 (57)
2647 3076 2909 3137 Eddonis,
2937 3074 3274 3144 prophetam.
3313 3093 3329 3122 ι
3364 3070 3459 3124 His

1897 3169 2076 3224 verbis
2126 3178 2336 3237 tempus
2384 3167 2690 3237 signiﬁcat,
2727 3166 2888 3235 287
2917 3181 3026 3234 quo
3075 3163 3254 3216 divina
3309 3177 3460 3215 reve-

1897 3260 2098 3313 latione
2149 3257 2348 3328 dignus
2405 3257 2624 3311 habitus
2669 3267 2754 3310 est
2787 3274 2800 3310 :
2839 3255 3098 3322 deinceps
3139 3267 3268 3307 vero
3307 3252 3458 3306 addit

1895 3365 2014 3420 quan
2067 3348 2133 3403 ad
2179 3349 2436 3418 p0pulum
2482 3345 2628 3415 loqui
2664 3345 2856 3414 jussus
2900 3343 3020 3398 fuit.
3072 3361 3090 3393 ι
3121 3341 3321 3397 Grandi
3375 3341 3456 3395 ira

1898 3438 2158 3492 adversus
2205 3443 2460 3505 parentes
2509 3442 2723 3489 vestros
2770 3434 2945 3487 iratus
2993 3438 3076 3486 est
3121 3430 3401 3485 Dominus.
3435 3448 3454 3481 ι

1897 3530 2209 3598 Congruum
2247 3526 2475 3596 tempori
2517 3523 2802 3581 exordium
2837 3522 3100 3592 propheta
3131 3521 3290 3586 fecit;
3335 3534 3459 3572 nam

1896 3620 2024 3687 quia
2069 3624 2338 3672 recentem
2389 3615 2567 3670 adhuc
2613 3620 3046 3684 praesentemque
3092 3612 3358 3664 malorum
3406 3611 3460 3661 in

1898 3709 2210 3778 captivitate
2269 3708 2670 3763 e-xantlatorum
2740 3703 3048 3757 retinebant
3107 3701 3458 3763 memoriam;

1898 3799 2098 3867 quippe
2125 3799 2216 3866 qui
2248 3799 2335 3851 vix
2376 3811 2496 3851 eam
2544 3794 2884 3865 depulerant,
2923 3793 3123 3861 vixque
3156 3791 3298 3844 lares
3335 3804 3464 3844 suos

1901 3901 2223 3956 recuperare
2289 3891 2603 3952 potuerant;
2678 3883 2873 3938 merito
2944 3889 3232 3948 antequam
3314 3879 3462 3932 aliud

1900 3979 2069 4046 dicat,
2121 3978 2484 4031 calamitatem
2535 3976 2727 4029 iisdem
2779 3975 3020 4034 rel'ricat,
3077 3987 3238 4041 quam
3293 3984 3464 4039 nuper

1904 4070 2141 4140 perpessi
2197 4069 2448 4131 fuerant;
2493 4077 2551 4119 ut
2597 4065 2851 4119 nimirum
2906 4065 3304 4132 praeteritorum
3347 4076 3466 4116 ma-

1903 4163 2076 4216 lorum
2122 4175 2389 4215 memores
2427 4165 2680 4212 caverent
2711 4158 2898 4225 utique
2933 4173 2998 4210 ne
3033 4157 3084 4208 in
3111 4155 3296 4209 eadem
3342 4167 3466 4206 rur-

1904 4268 1999 4307 sus
2043 4253 2365 4305 inciderent.
2401 4247 2604 4311 Nostis,
2665 4248 2842 4316 inquit
2892 4246 3054 4308 Deus,
3101 4252 3332 4312 quantas
3365 4258 3465 4312 ego

1906 4345 2078 4396 iratus
2105 4341 2421 4410 parentibus
2449 4340 2645 4393 vestris
2671 4352 2860 4408 poenas
2890 4336 3264 4405 imposuerim,
3291 4347 3467 4400 quan-

227 4434 541 4501 κατέστησα
567 4432 772 4498 κακῶν,
803 4431 1016 4502 ἀφελὼν
1063 4434 1160 4503 μὲν
1192 4434 1286 4503 τῆς
1319 4434 1420 4504 γῆς
1450 4435 1546 4503 τῆς
1573 4434 1792 4496 οἰκείας,

1907 4435 2084 4502 lisque
2129 4429 2552 4485 adversitatibus
2604 4436 2824 4498 propter
2877 4427 3118 4494 ipsorum
3183 4431 3467 4477 contuma.

226 4520 535 4590 ἀπαγαγὼν
577 4522 634 4574 δὲ
681 4523 1055 4592 αἰχμαλώτους
1105 4525 1185 4586 εἰς
1225 4525 1327 4593 γῆν
1371 4523 1688 4594 ἀλλοτρίαν,
1735 4524 1801 4592 ἣν

225 4614 678 4684 οὖπω-πρότερον
704 4611 860 4668 εἶδον.
898 4632 916 4664 ι
954 4616 1065 4667 Καὶ
1098 4618 1240 4686 ἐρεῖς
1267 4617 1402 4686 πρὸς
1427 4617 1642 4677 αὐτοὺς,
1665 4615 1800 4667 Τάδε

225 4705 374 4772 λέγει
409 4705 613 4774 Κύριος
647 4707 1070 4778 παντοκράτωρο
1120 4706 1506 4777 Ἐπιστρέψατε
1541 4706 1677 4775 πρός
1710 4723 1796 4776 με,

227 4796 379 4862 λέγει
422 4795 629 4863 Κύριος
671 4795 782 4847 τῶν
829 4796 1110 4866 δυνάμεων
1137 4835 1149 4856 ,
1191 4797 1284 4849 καὶ
1320 4797 1801 4866 ὲπιστραφήσομαι

228 4885 366 4954 πρὸς
400 4885 565 4954 ὑμᾶς,
600 4883 747 4951 λέγει
776 4884 974 4954 Κύριος
1001 4885 1108 4937 τῶν
1143 4885 1422 4955 δυνάμεων
1442 4901 1454 4912 ·
1482 4886 1575 4937 καὶ
1611 4885 1684 4955 μὴ
1709 4884 1796 4952 γίο

225 4975 386 5028 νεσθε
430 4974 612 5038 καθὼς
643 4977 690 5028 οί
732 4976 962 5046 πατέρες
995 4976 1146 5047 ὑμῶν
1186 4974 1267 5040 οἷς
1300 4977 1585 5030 ἐνεκάλουν
1618 4978 1799 5036 αὐτοῖς

227 5066 279 5117 ol
311 5067 587 5136 προφῆται
616 5067 664 5118 οἱ
701 5066 1008 5138 ἔμπροσθεν
1037 5068 1317 5135 λέγοντες,
1358 5070 1446 5137 (p.
1481 5067 1614 5137 456)
1662 5067 1799 5120 Τάδε

228 5154 381 5222 λέγει
417 5156 618 5227 Κύριος
665 5156 1091 5230 παντοκράτωρ,
1145 5158 1545 5229 ’Δποστρέψατε
1591 5157 1653 5225 δὴ
1695 5157 1801 5211 ἀπὸ

229 5247 343 5300 τῶν
381 5246 522 5300 ὁδῶν
552 5248 706 5317 ὑμῶν
749 5249 857 5300 τῶν
888 5249 1159 5320 πονηρῶν,
1206 5250 1300 5303 καὶ
1325 5250 1432 5302 ἀπὸ
1472 5249 1578 5302 τῶν
1613 5252 1801 5319 ἐπιτη-

230 5337 518 5408 δευμάτων
547 5337 700 5408 ὑμῶν
726 5338 836 5392 τῶν
864 5339 1114 5410 πονηρῶν
1133 5356 1146 5369 ·
1173 5341 1266 5392 καὶ
1292 5341 1390 5393 οὐκ
1415 5341 1674 5409 ἥκουσαν,
1709 5343 1802 5393 καὶ

231 5431 288 5482 οὐ
346 5430 649 5500 προσέσχον
698 5430 792 5482 τοῦ
845 5430 1162 5485 εἰσακοῦσαί
1215 5448 1348 5501 μου,
1398 5430 1544 5500 λέγει
1601 5431 1803 5502 Κύριος

235 5521 649 5592 παντοκράτωρ.
716 5543 734 5573 ι
796 5523 957 5576 Ἀλλὰ
1001 5522 1096 5576 νῦν
1144 5523 1272 5592 γοῦν
1324 5524 1652 5584 ἀποστάντες
1705 5521 1804 5589 τῆς

273 5681 388 5752 ('i?)
440 5683 529 5738 Cr.
577 5682 767 5748 ﬁlium.

1901 4524 2040 4577 ciam
2087 4537 2182 4576 eos
2229 4521 2524 4582 obruerim,
2579 4521 2750 4587 patria
2793 4516 3077 4585 spoliatos.
3126 4515 3178 4567 in
3234 4513 3465 4564 alienam

1905 4613 2177 4681 regionem
2231 4623 2393 4678 quam
2445 4621 2718 4674 nunquam
2757 4606 3005 4658 viderant
3051 4601 3321 4656 serviliter
3367 4599 3464 4651 ab-

1904 4711 2076 4754 actos.
2127 4720 2143 4748 ι
2190 4699 2455 4768 Dicesque
2498 4696 2600 4757 eis,
2637 4693 2762 4749 Haec
2806 4695 2881 4747 ait
2921 4693 3184 4747 Dominus
3217 4689 3467 4758 omnipo-

1905 4803 2024 4845 tens
2073 4788 2469 4844 :Revertimini
2515 4786 2580 4839 ad
2624 4801 2744 4848 me,
2813 4783 2944 4838 dicit
2983 4783 3244 4836 Dominus
3290 4781 3467 4834 virtu-

1910 4897 2056 4950 tum;
2084 4891 2139 4936 et
2171 4896 2268 4952 ego
2289 4887 2579 4936 convertar
2607 4878 2671 4932 ad
2705 4892 2824 4941 vos,
2855 4876 2987 4930 dicit
3014 4874 3271 4928 Dominus
3296 4875 3467 4929 virtu-

1910 4988 2042 5029 tum.
2115 4971 2298 5042 Neque
2343 4971 2484 5025 ﬁatis
2527 4978 2586 5023 ut
2631 4975 2812 5037 patres
2854 4967 3061 5028 vestri,
3107 4979 3247 5034 quos
3286 4979 3468 5034 repre-

1912 5063 2220 5119 hendebant
2245 5063 2552 5131 superiores
2589 5057 2861 5126 propheta:
2889 5056 3133 5109 dicentes
3187 5071 3200 5106 :
3240 5055 3366 5106 Haec
3393 5055 3468 5105 ait

1915 5155 2176 5209 Dominus
2202 5153 2543 5222 omnipotens
2575 5170 2590 5207 :
2619 5149 2873 5205 Recedite
2919 5161 2949 5200 a
2993 5147 3094 5198 viis
3130 5143 3328 5198 vestris
3361 5157 3471 5195 ma-

1911 5248 1996 5310 lis,
2025 5255 2186 5315 atqne
2225 5259 2254 5297 a
2303 5243 2502 5300 studiis
2541 5241 2738 5296 vestris
2769 5239 2951 5294 malis.
2996 5235 3079 5291 Illi
3111 5243 3296 5290 tamen
3338 5234 3469 5288 mihi

1909 5353 2019 5394 non
2066 5336 2444 5398 obediverunt,
2487 5348 2662 5403 neque
2701 5331 2838 5386 meis
2876 5328 3057 5384 verbis
3106 5340 3294 5380 aurem
3328 5340 3470 5394 pra:-

1913 5432 2168 5493 bnerunt,
2223 5428 2300 5480 ait
2355 5425 2616 5480 Dominus
2671 5423 3039 5491 omnipotens.
3078 5437 3096 5470 ι
3141 5417 3295 5471 Nunc
3339 5431 3473 5484 ergo

1915 5522 2120 5574 omissa
2171 5518 2472 5572 imitatione
2515 5515 2780 5583 majorum
2810 5517 3115 5564 vestrorum
3160 5506 3228 5560 ad
3267 5518 3352 5558 me
3391 5517 3476 5555 re-
