3830 6216
439 353 542 410 499

1612 332 1960 391 THEODORI
2000 323 2486 386 MOI‘SUESTENI

3567 303 3667 356 500

442 469 696 537 spicite,‘
724 465 966 534 meisque
1011 458 1173 517 dictis
1225 475 1288 514 ac
1337 457 1560 512 monitis
1615 461 1802 509 erecto
1847 453 2009 506 oculo

2144 447 2396 516 ιιμήσεως
2430 441 2537 494 τῶν
2576 437 2825 507 πατέρων
2865 431 2972 486 τῶν
3022 427 3257 488 οἰκείων,
3288 421 3422 496 πρός
3455 437 3516 491 με
3543 421 3667 470 ἁπο-

2224 536 2229 537 ⁷
2484 534 2492 537 ‘
2613 529 2625 537 ⁸
2750 526 2759 537 ⁵
2921 525 2936 537 ⁸
2969 524 2981 537 ·
3068 519 3094 530 ⁵
3131 519 3151 537 ‘
3173 515 3394 537 ---ιμ-..-
3436 512 3557 537 .‘....'.’..
3585 507 3666 537 ..-ἴ

445 561 728 621 attendite,
775 566 833 610 ιιι
877 571 978 626 ego
1012 567 1231 624 quoque
1259 565 1358 604 vos
1394 549 1707 618 respiciam,
1737 543 2013 612 vestrique

444 662 633 702 curam
661 646 890 700 libenter
914 656 1116 714 geram.
1151 639 1228 694 Ne
1255 645 1440 708 patres
1479 643 1691 690 vestros
1726 629 2011 686 imitemini

442 733 790 787 vehementer
838 735 1048 792 cavete,
1094 725 1189 796 qui
1247 739 1371 778 cum
1421 721 1516 776 diu
1581 721 1923 785 multumque
1983 730 2011 766 a

445 823 642 893 priscis
673 820 955 890 prophetis
1002 815 1263 873 admoniti
1310 813 1543 868 fuissent
1586 818 1748 879 atque
1781 807 2013 869 exorati,

445 928 554 982 quo
603 913 809 967 scilicet
871 926 899 962 a
963 925 1059 963 sua
1122 907 1388 976 pravitate
1437 901 1772 957 recederent.
1838 913 2013 966 neque

447 1003 756 1057 auscultare
796 1000 1107 1060 voluerunt,
1151 1011 1326 1063 neque
1374 995 1540 1046 ullam
1583 990 2012 1043 admonitionum

449 1093 715 1145 rationem
747 1092 961 1143 habere.

2112 507 2340 604 δλέψατε
2362 577 2374 598 ,
2413 534 2506 586 καὶ
2534 529 2669 601 πρὸς
2705 526 2774 578 τὰ
2810 525 2936 594 παρ’
2966 519 3098 591 ἐμοῦ
3131 515 3397 586 λεγόμενα
3436 512 3557 580 ὑμῖν
3585 507 3671 604 καὶ

2113 597 2592 697 συμδουλευόμενα
2639 616 2932 686 τεταμένον
2979 612 3128 682 ἔχετε
3186 608 3468 697 τὸᾼῦμμαΖ
3503 600 3576 662 ὡς
3613 597 3673 697 ἂν

2115 685 2209 768 καλ
2241 713 2405 775 αὐτὸς
2449 685 2652 779 ἐφορᾷν
2692 685 2819 774 ὑμίν
2862 701 2957 755 καὶ
2981 700 3048 752 δι’
3082 693 3402 765 ἐπιμελείας
3445 689 3584 758 ἔχειν
3613 685 3677 736 τὰ

2114 806 2236 860 καθ’
2289 805 2432 874 ὑμᾶς
2489 801 2746 869 ἑλοίμην·
2795 789 3100 864 φυλάξασθε
3147 788 3205 841 δὲ
3234 787 3411 838 πᾶσαν
3460 779 3679 874 μίμησιν

2119 897 2219 966 τὴν
2266 896 2401 967 πρὸς
2448 893 2574 955 τοὺς
2619 890 2860 960 πατέρας
2886 885 3012 946 τοὺς
3045 878 3374 951 ὑμετέρους·
3415 875 3464 925 οἳ
3492 868 3682 936 πολλὴν

2121 988 2214 1042 καὶ
2241 985 2437 1056 συχνὴν
2481 982 2631 1052 παρὰ
2677 979 2784 1033 τῶν
2824 972 3114 1047 προφητῶν
3155 969 3263 1023 τῶν
3302 966 3559 1033 πρότερον
3596 976 3683 1027 γε-

2123 1052 2363 1148 νομένων
2395 1052 2702 1146 συμϐουλὴν
2729 1070 3010 1139 δεξάμενοι
3048 1063 3142 1116 καὶ
3176 1058 3512 1129 παραίνεσιν,
3553 1052 3687 1148 ῶστε

448 1181 547 1249 τῆς
587 1179 780 1241 κακίας
830 1177 1124 1243 ἀποστῆναι
1186 1174 1286 1242 τῆς
1313 1171 1538 1233 οἰκείας,
1575 1171 1665 1222 καὶ
1705 1168 1957 1237 κερδᾶναι
2013 1165 2101 1236 τὴν
2137 1142 2276 1236 ὑπὲρ
2327 1164 2433 1218 τῶν
2469 1142 2662 1224 *κακῶς
2707 1155 3108 1228 πεπραγμένων
3163 1150 3342 1211 αὐτοῖς
3391 1142 3684 1215 τιμωρίαν,

447 1272 570 1328 οὔτε
622 1271 904 1341 προσέχειν
949 1268 1070 1322 οὔτε
1119 1267 1274 1332 λόγον
1322 1266 1442 1319 τινὰ
1493 1263 1762 1317 ποιεῖσθαι
1797 1261 1903 1314 τῶν
1931 1259 2284 1314 διδασκόντων
2309 1259 2607 1311 ἐδούλοντο.

525 1359 687 1413 Vens.
747 1359 799 1423 5,
822 1360 985 1413 6.-—.
1008 1357 1197 1411 Patres
1259 1354 1424 1409 vestri
1471 1353 1694 1406 ubinam
1756 1350 1918 1404 sunt?
1969 1355 2022 1402 et

451 1452 727 1520 prOphetae
760 1465 887 1502 num
933 1463 1148 1517 semper
1180 1445 1398 1500 vivent?
1429 1443 1523 1498 Eia
1558 1459 1710 1497 meos
1737 1455 2021 1496 sermones

453 1541 620 1612 εδδ
649 1542 930 1608 legemque
977 1553 1148 1592 meam
1200 1539 1454 1606 excipite,
1501 1532 1767 1604 quidquid
1811 1545 1910 1600 ego
1945 1529 2024 1582 vi-

454 1633 655 1688 delicet
701 1630 957 1700 praecipio
1009 1630 1062 1682 in
1097 1625 1302 1699 Spiritu
1341 1641 1462 1681 meo
1512 1625 1692 1679 servis
1734 1623 1868 1676 meis
1900 1637 2025 1690 pro-

457 1723 660 1792 phetis,
683 1721 776 1790 qui
803 1730 988 1789 patres
1017 1727 1228 1773 vestros
1254 1713 1804 1786 comprehenderunt.
1840 1731 1857 1763 ι
1893 1709 2026 1763 Pro-

458 1814 598 1867 l'ecto
626 1827 841 1882 aequum
879 1818 964 1865 est
996 1824 1094 1863 vos
1132 1815 1406 1877 reputare,
1449 1805 1594 1875 quod
1638 1818 1813 1872 neque
1849 1811 2030 1871 patres

459 1903 624 1958 vestri
657 1901 770 1971 jam
803 1900 1082 1969 supersint
1127 1913 1304 1966 neque
1340 1896 1614 1965 propheta:
1643 1913 1655 1947 :
1683 1908 1808 1946 nam
1851 1899 1904 1945 et
1935 1892 2032 1945 hos

459 2000 514 2046 et
574 1991 701 2045 illos
757 1988 1066 2042 communis
1119 1995 1328 2039 natura:
1390 1985 1650 2037 interitus
1717 1980 2030 2048 intercepit,

461 2081 760 2152 quominus
801 2080 969 2134 vitam
1012 2077 1222 2132 diutius
1259 2080 1645 2145 propagarent.
1687 2069 1751 2123 Et
1800 2069 1876 2122 illi
1906 2068 2030 2135 qui-

465 2175 588 2228 dem
623 2187 654 2227 e
687 2170 823 2224 vivis
853 2176 1232 2233 excesserunt,
1268 2163 1630 2220 contumacia:
1670 2176 1781 2213 suae
1819 2171 2033 2229 poenam

463 2264 708 2335 experti;
770 2261 1049 2331 prophetae
1087 2267 1267 2313 autem
1323 2256 1423 2310 etsi
1474 2254 1636 2321 hujus
1697 2253 1818 2306 vita:
1877 2250 2034 2302 linem

464 2356 733 2416 fecerunt,
767 2352 1124 2405 nihilominus
1160 2348 1448 2402 verborum
1487 2358 1710 2399 suorum
1753 2340 2035 2395 veritatem

466 2444 629 2499 factis
688 2443 1221 2511 comprobaverunt;
1264 2434 1707 2506 quandoquidem
1757 2432 1841 2484 vel
1903 2427 2038 2498 ipsis

468 2533 696 2587 mortuis
735 2529 991 2583 vaticinia
1035 2541 1194 2582 suum
1247 2525 1452 2578 exitum
1502 2536 1655 2589 aeque
1696 2519 2036 2580 habuerunt;

467 2621 594 2688 quia
627 2620 743 2672 ha'c
787 2617 1044 2670 nimirum
1081 2629 1166 2668 me
1202 2613 1427 2682 jubente
1473 2610 1617 2663 edita
1659 2607 1890 2660 fuerant.
1945 2603 2040 2658 llis

471 2709 735 2780 exemplis
782 2709 1018 2761 monitos
1051 2720 1136 2766 ea,
1183 2718 1304 2772 quae
1350 2699 1629 2771 prophetae
1668 2712 1788 2752 meo
1819 2697 2042 2750 nomine

471 2799 654 2862 aiunt,
689 2815 794 2852 non
831 2795 1225 2866 parvipendere
1252 2792 1430 2852 decet,
1468 2791 1576 2842 imo
1610 2788 1694 2842 his
1731 2785 2042 2840 auscultare

471 2905 592 2961 quae
628 2888 864 2959 spiritali
888 2886 1061 2957 gratia
1097 2883 1352 2937 commoti
1403 2881 1743 2950 loquuntur:
1782 2892 1907 2930 nam
1949 2891 2042 2930 ne—

471 2997 578 3051 que
607 2979 754 3034 dicta
786 2980 853 3033 ab
891 2979 958 3033 iis
990 2975 1196 3030 irritari
1224 2981 1452 3044 queunt,
1481 2984 1660 3041 neque
1691 2968 1845 3022 vobis
1873 2966 2043 3020 dicto-

2200 1351 2347 1419 Στίχ.
2385 1355 2446 1410 ε’,
2484 1346 2664 1412 ς’.-ε
2679 1346 2740 1398 οι
2770 1341 3001 1412 πατέρες
3030 1335 3182 1406 ὑμῶν
3212 1329 3318 1386 ποῦ
3343 1331 3449 1382 εἰσι
3476 1343 3489 1389 ;
3521 1324 3615 1378 καὶ
3643 1319 3686 1375 οἰ

2130 1414 2402 1510 προφῆται
2445 1439 2518 1508 μὴ
2560 1439 2639 1499 είς
2689 1435 2778 1488 τὸν
2825 1433 2998 1487 αἰῶνα
3038 1429 3333 1498 ζήσονται;
3381 1419 3526 1489 Πλὴν
3571 1414 3692 1510 τοὺς

2129 1502 2316 1596 λόγους
2357 1502 2457 1600 μού
2505 1502 2598 1582 καὶ
2643 1525 2712 1579 τα
2746 1523 2954 1594 νόμιμά
3007 1536 3108 1590 μου
3160 1512 3400 1584 δέχεσθε,
3455 1511 3556 1562 ὅσα
3590 1502 3694 1600 ἐγιὶ)

2132 1598 2446 1690 ἐντέλλομαι
2493 1621 2550 1672 ἐν
2592 1615 2869 1685 ιινεύματί
2916 1629 3016 1683 μου
3045 1612 3154 1672 τοῖς
3199 1605 3404 1665 δούλοις
3443 1616 3544 1666 μου
3584 1598 3692 1658 τοῖς

2134 1688 2456 1784 προφήταις,
2481 1712 2530 1763 οἳ
2552 1708 2846 1763 κατέλαϐον
2879 1706 3004 1767 τοὺς
3028 1701 3267 1769 πατέρας
3297 1695 3471 1765 ὑμῶν.
3515 1711 3531 1743 ι
3569 1688 3699 1743 Καί-

2131 1781 2212 1856 τοι
2240 1781 2311 1871 γε
2342 1801 2518 1864 καλῶς
2553 1799 2619 1854 ἂν
2648 1799 2760 1868 ἔχοι
2792 1797 3016 1850 κάκεῖνο
3048 1792 3192 1861 ὑμᾶς
3241 1781 3660 1852 συλλογίσασθαι
3681 1816 3695 1840 ,

2131 1897 2211 1948 ὅτι
2251 1892 2372 1947 οὔτε
2403 1895 2450 1945 οἱ
2485 1891 2716 1961 πατέρες
2746 1888 2903 1958 ὑμῶν
2939 1886 3075 1938 εἰσὶν
3101 1883 3179 1935 ἔτι
3201 1922 3215 1945 ,
3251 1877 3370 1932 οὔτε
3405 1877 3455 1928 οἰ
3488 1871 3693 1942 προφῆ-

2133 2001 2221 2038 ται
2242 2001 2255 2014 ·
2307 1979 2744 2051 προκατελάὃετο
2776 1977 2832 2029 δὲ
2866 1975 3152 2034 κάκείνους
3177 1971 3270 2023 καὶ
3291 1967 3516 2026 τούτους
3541 1965 3569 2015 ὁ
3595 1977 3700 2013 κοι-

2135 2075 2224 2137 νὸς
2257 2073 2353 2142 τῆς
2386 2071 2602 2140 φύσεως
2634 2070 2862 2131 θάνατος
2881 2108 2895 2131 ,
2927 2065 3019 2117 ἐπὶ
3052 2063 3296 2116 πλεῖστον
3331 2053 3694 2124 ἐκτεταμένην

2135 2165 2278 2234 ἔχειν
2315 2163 2412 2232 τὴν
2443 2161 2650 2214 οἰκείαν
2690 2159 2835 2228 ζωὴν
2882 2157 2983 2209 οὐκ
3029 2155 3168 2207 ἐῶν’
3221 2157 3294 2220 (p.
3339 2147 3465 2214 457)
3510 2142 3621 2197 ἀλλ’
3651 2142 3695 2193 οἰ

2141 2259 2236 2327 μὲν
2280 2253 2647 2324 ἀπεληλύθασι
2691 2253 2787 2321 τὴν
2839 2251 2902 2302 ἐκ
2953 2246 3057 2316 τῆς
3093 2241 3373 2301 ἀπειθείας
3424 2237 3698 2305 δεξάμενοι

2137 2347 2402 2416 τιμωρίαν
2427 2363 2438 2376 ·
2477 2346 2525 2397 οἰ
2566 2344 2840 2413 προφῆται
2872 2340 2929 2393 δὲ
2967 2339 3063 2392 καὶ
3090 2334 3431 2402 παυσάμενοι
3463 2327 3560 2380 τοῦ
3605 2340 3698 2377 πα-

2144 2413 2323 2508 ρόντος
2356 2436 2471 2504 βίου
2504 2433 2611 2490 τῶν
2653 2433 2869 2486 οἰκείων
2912 2429 3173 2501 ῥημάτων
3207 2425 3390 2495 ἔργοις
3429 2413 3699 2478 ἐπέδειξαν

2139 2531 2238 2600 τὴν
2295 2527 2593 2598 ἀλήθειαν·
2653 2524 2776 2576 ἐπεὶ
2837 2521 2931 2575 καὶ
2993 2511 3459 2583 τετελευτηκότων
3502 2505 3694 2564 αὐτῶν,

2139 2597 2294 2676 ούθὲν
2339 2619 2500 2694 ἧττον
2552 2620 2695 2687 ἅπερ
2741 2611 2892 2667 εἶπον
2943 2613 3022 2674 εἰς
3077 2610 3247 2679 πέρας
3301 2603 3563 2672 ἐξήγετο,
3614 2597 3702 2650 an

2142 2718 2258 2772 κατ’
2307 2689 2443 2787 ἐμὴν
2483 2711 2747 2781 εἰρημένα
2795 2704 3044 2774 γνώμην.
3084 2700 3222 2770 Πρὸς
3276 2695 3339 2765 δὴ
3390 2692 3554 2787 τοῦτο
3579 2689 3702 2787 ὰφοῖ

2145 2778 2352 2881 ρῶντας
2382 2778 2647 2876 προσήκοι
2681 2799 2746 2852 ἂν
2783 2797 2856 2867 μὴ
2895 2795 3146 2864 πάρεργα
3173 2785 3443 2881 ποιεῖσθαι
3479 2780 3546 2881 τά
3586 2778 3700 2881 παέ

2143 2866 2276 2966 ἐμοῦ
2329 2866 2576 2947 διάτῶν
2635 2866 2929 2959 προφητῶν
2987 2880 3290 2948 λεγόμενα·
3342 2869 3596 2942 δέχεσθαι
3653 2866 3703 2917 δὲ

2146 2986 2323 3040 πάντα
2366 2985 2574 3051 ὅσαπερ
2618 2978 2744 3047 ὑμῖν
2792 2975 2880 3027 διὰ
2918 2971 3295 3044 πνευματικῆς
3350 2967 3573 3035 λέγουσι
3616 2960 3705 3030 τῆς

475 3086 594 3124 rum
635 3069 916 3138 neglectus
967 3080 1161 3119 vacare
1205 3061 1444 3133 periculo
1489 3068 1689 3130 potest.
1732 3056 1830 3112 His
1859 3057 2037 3110 verbis

2149 3077 2370 3147 χάριτος
2395 3089 2409 3103 ·
2451 3072 2573 3124 ἐπεὶ
2605 3071 2741 3140 μήτε
2771 3065 3074 3136 ψευσθῆναι
3107 3057 3218 3114 οἷόν
3246 3059 3305 3111 τέ
3335 3074 3389 3109 τι
3421 3055 3533 3107 τῶν
3567 3051 3707 3117 λεγο-

474 3169 837 3229 compunctus
859 3157 1112 3229 populus,
1139 3169 1372 3225 quorum
1396 3153 1613 3208 veritati
1638 3151 1878 3220 locuples
1902 3149 2043 3202 facta

475 3253 845 3309 testimonium
878 3249 1105 3312 dabant,
1138 3248 1221 3303 sic
1260 3244 1566 3315 respondit,
1605 3253 1663 3297 ut
1699 3241 2041 3296 docilitatem

475 3345 784 3398 animorum
827 3355 1050 3397 suorum
1089 3338 1434 3393 manifestam
1478 3335 1704 3390 faceret.
1747 3353 1765 3384 ι
1801 3333 2047 3398 ReSpon-

476 3432 692 3496 derunt,
737 3433 933 3502 inquit,
982 3440 1147 3502 atque
1191 3430 1450 3483 dixerunt
1494 3445 1507 3481 :
1559 3424 1730 3480 Sicuti
1781 3424 2050 3494 disposuit

481 3525 740 3581 Dominus
773 3523 1118 3591 omnipotens
1164 3518 1344 3574 facere
1398 3516 1558 3571 nobis
1589 3515 1890 3570 secundum
1935 3514 2050 3567 vias

479 3625 717 3675 nostras,
740 3621 794 3668 et
819 3611 1116 3667 secundum
1145 3607 1326 3662 studia
1345 3615 1554 3670 nostra,
1575 3604 1655 3658 sic
1681 3603 1806 3657 fecit
1825 3601 2004 3655 nobis.
2028 3618 2045 3650 ι

485 3701 1158 3770 Verbumtdisposuitrpro
1192 3697 1542 3766 disposuerat
1565 3694 1789 3764 ponitur
1813 3709 1825 3745 :
1851 3691 2049 3746 etenim

483 3794 623 3848 haud
669 3792 737 3847 de
769 3789 1044 3860 praesenti,
1085 3785 1178 3842 sed
1216 3787 1282 3840 de
1313 3785 1584 3855 praeterita
1631 3797 1692 3838 re
1734 3795 1914 3836 sermo
1945 3789 2049 3834 est.

480 3883 758 3947 Fatemur,
800 3881 998 3949 inquit,
1039 3892 1160 3946 qua:
1213 3874 1362 3929 Deus
1413 3873 1570 3928 nobis
1618 3879 1883 3927 eventura
1928 3885 2054 3940 por-

483 3971 758 4032 tenderat,
799 3982 1042 4038 congruo
1078 3964 1418 4019 facinoribus
1467 3962 1672 4017 nostris
1717 3961 1960 4024 decreto,
1991 3974 2054 4015 ea

486 4076 585 4116 nos
654 4074 841 4114 revera
901 4065 1157 4126 expertos
1213 4055 1386 4109 fuisse
1431 4068 1646 4122 :quare
1707 4052 2057 4106 vehementer

485 4153 644 4208 nobis
685 4165 1007 4220 persuasum
1047 4155 1130 4202 est
1174 4147 1444 4200 dictorum
1505 4143 1814 4197 divinorum
1859 4141 2058 4196 verita-

486 4254 590 4296 tem
631 4258 754 4297 esse
781 4241 1164 4295 certissimam.
1202 4237 1326 4292 Haec
1357 4238 1628 4301 elocutus,
1669 4233 2054 4289 revelationem

485 4335 745 4402 deinceps
791 4332 1055 4401 propheta
1095 4339 1282 4384 narrat
1322 4327 1424 4383 sibi
1463 4343 1493 4381 a
1539 4325 1648 4380 Deo
1688 4325 1950 4387 oblatam,
1989 4338 2053 4376 cx

2151 3142 2325 3238 μένων
2372 3165 2502 3234 παρ’
2555 3161 2754 3226 αὐτῶν,
2801 3157 2926 3228 μήθ’
2971 3156 3098 3225 ὑμῖν
3156 3149 3442 3205 ἀκίνδυνον
3496 3142 3705 3212 ἀμελεῖν

2149 3236 2388 3310 ἐθέλουσι
2409 3255 2515 3306 τῶν
2542 3253 2672 3322 παρ’
2697 3249 2876 3303 αὐτῶν
2897 3245 3227 3316 λεγομένων.
3267 3241 3388 3293 Ἐπὶ
3417 3240 3485 3309 δὴ
3511 3236 3706 3295 τούτοις

2150 3345 2374 3406 εἰκότως
2405 3344 2513 3405 τοῖς
2546 3341 2788 3412 ῥήμασιν
2814 3339 2861 3390 οί
2892 3335 2984 3389 τοῦ
3015 3333 3166 3397 λαοῦ,
3197 3332 3290 3385 ἅτε
3315 3328 3423 3382 τῶν
3459 3323 3705 3398 πραγμά-

2149 3452 2255 3488 των
2279 3435 2344 3503 τῇ
2364 3432 2470 3484 τῶν
2493 3428 2798 3498 λεγομένων
2821 3424 3047 3495 ἀληθείᾳ
3077 3419 3502 3493 μαρτυρούντων
3523 3414 3708 3482 αὐτάρ·

2150 3541 2280 3588 κως,
2316 3521 2605 3590 ἀπόκρισιν
2633 3519 2976 3586 ἐποιήσαντο,
3006 3511 3154 3581 σαφῆ
3181 3511 3279 3579 τῆς
3301 3503 3707 3576 εὐγνωμοσύνης

2152 3613 2361 3668 ἑαυτῶν
2386 3611 2746 3682 παρεχόμενοι
2773 3607 2872 3678 τὴν
2900 3603 3194 3668 ἀπόδειξιν.
3230 3619 3247 3651 ι
3280 3600 3387 3653 Καὶ
3415 3593 3708 3666 ἀπεκρίθη-

2154 3724 2252 3760 σαν
2294 3706 2402 3776 γὰρ
2428 3744 2442 3768 ,
2490 3703 2674 3773 φησὶν,
2707 3701 2802 3753 καὶ
2834 3693 2986 3750 εἷπον
3010 3714 3022 3725 ·
3076 3692 3275 3754 Καθὼς
3313 3689 3708 3760 παρατέτακται

2154 3796 2356 3866 Κύριος
2407 3790 2804 3861 παντοκράτωρ
2849 3786 2941 3841 τοῦ
2987 3785 3208 3855 ποιῆσαι
3264 3782 3395 3852 ἡμῖν
3438 3776 3583 3832 κατὰ
3623 3773 3710 3834 τὰς

2153 3862 2303 3947 ὁδούς
2331 3881 2508 3953 ἡμῶν,
2534 3877 2791 3932 καὶκατὰ
2818 3875 2887 3929 τὰ
2911 3871 3315 3943 ἐπιτηδεύματα
3341 3866 3523 3936 ἡμῶν,
3553 3862 3711 3921 οὕτως

2155 3973 2407 4042 ἐποίησεν
2436 3972 2586 4041 ἡμῖν.
2624 3986 2641 4019 ι
2669 3967 2743 4020 Τὸ
2777 3984 2795 4017 ι
2836 3962 3266 4034 παρατέτακται,
3301 3977 3319 4010 ι
3344 3954 3714 4024 Παρετέτακτο

2155 4038 2333 4130 λέγει-⁸
2362 4059 2422 4112 οὐ
2453 4038 2560 4128 γὰρ
2586 4057 2714 4126 περὶ
2744 4053 3027 4125 παρόντων
3059 4048 3384 4114 διαλέγεται,
3417 4043 3559 4096 ἀλλὰ
3593 4038 3711 4130 περὶ

2156 4126 2264 4206 τῶν
2312 4126 2610 4219 γεγονότων
2653 4146 2776 4217 ἤδη.
2824 4139 3254 4212 Ὀμολογοῦμεν,
3289 4137 3477 4206 φησὶν,
3510 4135 3590 4186 ὅτι
3612 4126 3714 4184 οἷά-

2159 4255 2264 4310 περ
2285 4240 2312 4290 ό
2338 4224 2468 4298 Θεδς
2494 4235 2814 4303 ἀπεφήνατο
2838 4228 3090 4298 γενέσθαι
3112 4243 3178 4278 πε
3188 4227 3239 4296 ρὶ
3265 4225 3431 4294 ἡμᾶς,
3469 4219 3714 4310 ἀνάλογον

2160 4301 2892 4392 οἷς.ἐπράττομεν-ἐκϐαλὼν
2935 4315 3032 4385 τὴν
3065 4313 3357 4380 ἀπόφασιν,
3404 4305 3631 4392 τοιαῦτα
3665 4301 3717 4353 δὲ

485 4442 592 4494 qua
618 4441 740 4480 cum
773 4426 887 4494 ipse
920 4439 1025 4477 non
1059 4423 1276 4477 dubiam
1307 4421 1537 4491 publica:
1561 4418 1837 4474 felicitatis
1860 4416 2037 4471 conlir'

2162 4412 2255 4466 καὶ
2314 4408 2657 4478 πεπόνθαμεν
2721 4405 2861 4458 ὥστε
2929 4401 3132 4471 σφόδρα
3183 4398 3328 4467 ἡμᾶς
3394 4391 3711 4446 πεπεῖσθαι,

485 4519 778 4572 mationem
829 4516 1090 4584 percepit,
1124 4522 1239 4567 tum
1286 4512 1514 4566 fidenter
1567 4508 1909 4565 auditoribus
1941 4507 2055 4561 visa

488 4610 776 4663 nuntiavit.
813 4607 901 4660 Sic
927 4617 1106 4660 autem
1139 4606 1250 4658 ait:

2167 4503 2242 4574 (p.
2265 4502 2389 4567 458)
2411 4502 2492 4554 ὅτι
2509 4496 2896 4568 ἀναντίῤῥητος
2912 4491 3019 4545 τῶν
3041 4489 3190 4561 παρὰ
3205 4485 3336 4539 Θεοῦ
3358 4479 3714 4574 λεγομένωνὴ

2163 4569 2386 4662 άλήθεια
2405 4607 2417 4620 ·
2449 4589 2543 4642 καὶ
2571 4588 2671 4639 οὐκ
2687 4583 2963 4638 ἀκίνδυνον
2995 4581 3117 4650 ἡμῖν
3136 4575 3353 4647 ἀμελεῖν
3386 4569 3719 4642 βουλομένοις

484 4703 592 4756 τῶν
612 4705 743 4774 παρ’
764 4702 926 4755 αὑτοῦ
946 4700 1272 4770 λεγομένων.
1304 4696 1518 4749 Τούτων
1559 4695 1729 4757 οὕτως
1770 4690 2095 4762 εἰρημένων,
2132 4683 2470 4752 ἀποκάλυψιν
2513 4680 2694 4733 λοιπὸν
2737 4681 2764 4731 ό
2796 4676 3081 4746 προφήτης
3126 4671 3389 4740 διηγεῖται
3421 4664 3720 4735 δειχθεῖσαν

485 4797 632 4868 αὑτῷ
671 4755 821 4866 παρὰ
850 4797 942 4850 τοῦ
990 4755 1146 4859 έεόῦ,
1180 4793 1271 4861 ἀφ’
1301 4788 1368 4864 ἧς
1413 4791 1574 4853 αὐτός
1633 4807 1688 4842 τε
1712 4755 1928 4858 ήάκριέἦ
1965 4784 2075 4838 τῶν
2124 4781 2251 4852 περὶ
2278 4779 2369 4831 τὸν
2397 4776 2523 4829 λαὸν
2566 4771 2787 4840 ἀγαθῶν
2826 4769 2924 4838 τὴν
2953 4767 3131 4820 πίστιν
3181 4759 3471 4831 ἐλάμϐανε,
3499 4755 3717 4811 καὶτοῖς

487 4889 740 4944 ἀκούουσι
795 4887 1138 4959 θαρρούντως
1181 4883 1561 4955 εὐηγγελίζετο
1611 4883 1678 4936 τὰ
1732 4875 2218 4950 φαινόμενα.Λέγει
2251 4873 2306 4926 δὲ
2333 4870 2537 4930 οὕτως’

557 4979 724 5048 289
771 4976 936 5032 Vens.
992 4977 1146 5034 7-l0.
1192 5005 1261 5016 —
1314 4994 1331 5027 ι
1398 4975 1493 5030 Die
1546 4974 1800 5027 vicesima
1861 4977 2056 5041 quarta

490 5071 696 5123 mensis
729 5068 1026 5129 undecimi,
1059 5067 1150 5132 qui
1183 5075 1266 5121 est
1297 5067 1470 5131 sabat,
1504 5064 1744 5118 secundo
1776 5062 1920 5115 Darii
1958 5077 2056 5115 an~

488 5175 579 5222 no,
624 5173 805 5212 sermo
841 5157 1052 5212 Domini
1088 5157 1263 5213 factus
1303 5167 1386 5214 est
1411 5157 1479 5211 ad
1534 5155 1855 5208 Zachariam
1894 5153 2058 5206 Bara-

2241 4963 2390 5033 Στίχ.
2419 4961 2551 5024 ζ’-ι’.
2583 4985 2654 4998 --
2692 4976 2709 5008 ι
2749 4957 2827 5026 Τῇ
2857 4953 3074 5026 τετράδι
3105 4950 3198 5004 καὶ
3249 4945 3454 5008 εἰκάδι,
3480 4943 3562 5014 τῷ
3586 4939 3718 4994 ἐνδεο

2162 5057 2312 5125 κάτῳ
2339 5032 2508 5124 μηνὶ,
2540 5043 2694 5112 οὗτός
2728 5049 2875 5100 ἐστιν
2907 5047 2935 5097 ό
2974 5043 3078 5114 μὴν
3116 5039 3307 5103 σαὸὰτ,
3334 5039 3393 5090 ἐν
3422 5037 3480 5090 δέ
3513 5033 3592 5104 τῷ
3615 5032 3720 5085 δευ·

2157 5122 2299 5218 τέρω
2340 5122 2450 5198 ἔτει
2479 5144 2570 5197 ἐπὶ
2608 5139 2834 5212 Δαρείου
2856 5177 2870 5203 ,
2911 5135 3126 5204 ἐγένετο
3167 5131 3324 5199 λόγος
3354 5127 3558 5196 Κυρίου
3593 5122 3719 5194 πρὸς

488 5218 644 5313 cliize,
677 5249 771 5303 filii
797 5249 908 5316 (58)
938 5249 1198 5309 Eddonis.
1216 5250 1558 5320 prophetam,
1582 5246 1790 5301 dicens.
1826 5264 1844 5295 ι
1884 5243 2037 5298 Verb:

2160 5240 2433 5310 Ζαχαρίαν
2466 5237 2558 5290 τὸν
2584 5234 2678 5289 τοῦ
2709 5231 3004 5302 Βαραχίου,
3026 5230 3141 5282 υἱὸν
3181 5223 3366 5290 Ἐδδὼ,
3403 5223 3494 5277 τὸν
3518 5218 3717 5315 προφη-

492 5361 514 5395 σ
555 5341 746 5396 Sermo
769 5337 984 5392 Domini
1016 5335 1191 5393 factus
1221 5347 1306 5394 est
1331 5356 1349 5388 ι
1375 5353 1492 5407 pro,
1517 5337 1698 5390 divina
1731 5335 2037 5388 revelatiom

2162 5305 2280 5403 την,
2305 5305 2500 5396 λέγων.
2533 5346 2550 5378 ι
2580 5327 2654 5378 Τὸ
2677 5323 2958 5390 ιἘγένετο
2976 5319 3132 5386 λόγος
3154 5316 3379 5384 Κυρίου,
3420 5331 3437 5363 ι
3463 5310 3586 5364 ἀντὶ
3612 5305 3717 5364 τοῦ.

485 5449 587 5502 ego
617 5433 812 5501 dignus
834 5430 1050 5485 habitus
1069 5446 1212 5491 sum,
1245 5399 1556 5499 ponuntur;
1595 5429 1739 5482 unde
1767 5425 2028 5481 revelatio

2177 5399 2589 5490 ’Ᾰποκαλύψεως
2629 5415 2867 5487 ἠξιώθην
2901 5413 3080 5476 θείαςο
3117 5410 3238 5464 ὅθεν
3271 5407 3367 5478 τὴν
3389 5399 3719 5502 timuit:de

487 5483 936 5579 ulmvindicans:
967 5539 986 5570 ι
1303 5483 1590 5580 noctem,»
1630 5517 1828 5587 inquit.
1875 5512 2037 5582 Neqln

2169 5511 2342 5580 λέγων
2368 5483 2572 5573 λοιπὸν,
2621 5483 2664 5559 ι⁷
2693 5483 2970 5575 Ἑώρακα,
3023 5499 3191 5570 φησὶ,
3222 5497 3321 5566 τὴν
3359 5493 3548 5548 νύκτα.
3588 5507 3607 5542 ι
3647 5483 3716 5539 Οὐ

558 5697 674 5772 (58)
705 5699 890 5758 Grece
924 5701 1120 5771 ﬁlium.
1162 5698 1421 5756 Scholion
1449 5697 1696 5754 Graecum
1727 5712 1759 5750 a
1795 5710 1955 5752 manu
1983 5688 2322 5758 recentiore,
2360 5695 2422 5743 ut
2461 5694 2515 5743 et
2547 5684 2851 5758 Sequentia.
