3830 6216
182 235 288 289 505

1120 235 1675 293 COMMENTARIUS
1706 235 1772 289 ΙΝ
1812 234 2183 290 ZACHARLE
2226 234 2381 290 CAP.
2423 234 2463 320 ξ.

3334 241 3438 296 506

183 352 275 404 θεν
320 352 390 422 δὴ
433 352 630 416 πάντες
667 353 960 422 ἠπίσταντο
1005 353 1224 424 Πατέρα
1254 356 1347 408 καὶ
1383 355 1529 418 Υίὺν,
1574 356 1667 408 καὶ
1692 354 1759 425 δὴ

1895 369 1972 422 [ne
2001 353 2179 408 Patris
2215 355 2577 410 substantiam
2611 353 2920 408 habentem.
2951 353 3105 419 Quod
3139 355 3184 408 si
3215 362 3419 425 prophe

183 443 340 495 τοῦτο
387 445 452 495 ὲκ
496 443 602 495 τῶν
639 443 798 496 θείων
840 444 1178 497 ἐδιδάσκοντο
1213 445 1465 516 Γραφῶν,
1520 445 1624 515 πρὸ
1655 445 1761 496 τῶν

181 534 361 587 ἄλλων
403 535 602 604 ᾔδεσαν
640 536 705 588 ἂν
737 536 787 588 οἱ
825 535 1110 590 ἀπόστολοι
1149 537 1307 590 τοῦτο
1331 554 1346 567 ο
1381 536 1494 589 ἀλλ’
1539 535 1760 605 εὔδηλον

183 622 258 683 ὡς
289 622 393 674 οὐκ
443 622 664 692 ᾕδεσαν,
713 623 914 694 ἔμαθον
941 625 996 678 δὲ
1026 627 1264 696 ὁπηνίκα
1304 626 1396 679 τοῦ
1448 626 1762 696 Πνεύματος

185 713 381 766 ἔλαϐον
417 716 516 785 τὴν
560 716 719 786 χάριν
755 718 1088 788 φοιτήσασαν
1122 721 1207 772 ἐπ’
1253 719 1446 782 αὐτοὺς
1497 719 1635 787 μετά
1667 717 1764 788 τὴν

185 805 264 864 εἰς
285 803 553 873 οὐρανοὺς
575 805 759 858 ἄνοδον
783 806 876 858 τοῦ
904 807 1175 861 Δεσπότου
1199 808 1454 877 Χριστοῦ.
1485 807 1644 860 Ὅθεν
1673 807 1764 860 καὶ

183 897 212 946 ὁ
236 895 445 967 Κύριός
467 915 600 968 φησι
622 899 758 968 πρὸς
785 901 1001 963 αὐτοὺς,
1033 919 1050 951 ι
1088 901 1209 952 Ἔτι
1239 899 1409 952 πολλά
1432 899 1537 968 ἔχω
1565 899 1761 967 λέγειν,

185 984 298 1036 ἀλλ’
330 985 396 1037 ού
417 985 643 1040 δύνασθε
669 987 958 1056 βαστάζειν
986 989 1128 1058 ἄρτι·
1163 991 1239 1042 ὅτ’
1267 991 1331 1043 ἂν
1358 989 1413 1041 δὲ
1435 988 1560 1058 ἔλθῃ
1592 991 1765 1040 ἐκεῖνο

183 1075 243 1126 τὸ
278 1075 512 1146 Πνεῦμα
534 1077 634 1147 τῆς
660 1078 962 1148 ἀληθείας,(
993 1096 1044 1149 p.
1075 1080 1202 1145 442)
1232 1079 1485 1151 ὁδηγήσει
1519 1081 1660 1148 ὑμᾶς
1687 1081 1765 1142 εἰς

191 1170 380 1221 πᾶσαν
411 1169 511 1238 τὴν
540 1169 812 1240 ἀλήθειαν.
848 1190 867 1221 ι
903 1173 964 1223 Εἰ
991 1172 1048 1224 δὲ
1072 1172 1172 1240 τὴν
1211 1173 1442 1242 θεότητα
1467 1172 1560 1224 τοῦ
1591 1173 1764 1224 Μονο-

187 1258 383 1324 γενοῦς
428 1260 726 1328 ἠπίσταντο
749 1302 765 1324 ,
795 1263 888 1315 καὶ
924 1261 987 1332 δὴ
1023 1263 1118 1315 καὶ
1159 1262 1377 1332 Πατέρα
1404 1263 1496 1314 τὸν
1525 1262 1599 1324 ὡς
1635 1261 1766 1316 Θεὸν

187 1348 323 1401 Θεοῦ
354 1350 598 1420 Πατέρα,
641 1353 692 1404 τί
720 1353 786 1418 δὴ
825 1352 1028 1406 τούτων
1057 1351 1240 1423 μεῖζον
1282 1350 1368 1424 ἦν,
1404 1353 1432 1405 ὃ
1475 1353 1766 1423 μανθάνειν

187 1441 425 1510 ἡμελλον
448 1442 702 1514 ὖστερονς
732 1444 842 1515 Τὴν
863 1445 1040 1498 τοίνυν
1058 1443 1287 1514 θεότητα
1315 1444 1408 1497 τοῦ
1435 1444 1768 1511 Μονογενοῦς

185 1533 313 1585 οὔτε
336 1534 608 1603 ἠπίστατό
631 1552 715 1598 τις
733 1535 841 1589 τῶν
867 1537 973 1605 πρὸ
996 1536 1093 1605 τῆς
1121 1534 1213 1586 τοῦ
1239 1536 1507 1588 Δεσπότου
1531 1534 1767 1606 Χριστοῦ

191 1627 519 1696 παρουσίας,
549 1625 673 1680 οῦτε
705 1644 788 1691 τις
812 1626 920 1680 τῶν
949 1627 1240 1698 προφητῶν
1270 1627 1398 1684 περὶ
1425 1626 1629 1697 ταύτης
1651 1626 1769 1680 δια-

188 1716 412 1782 λέγεται
446 1717 580 1785 (62).

278 1806 431 1857 Ἐπεὶ
476 1807 693 1859 κάκεῖνο
731 1808 909 1877 πάσης
955 1806 1138 1870 ἀνοίας
1181 1807 1299 1861 ἐστὶ
1335 1807 1550 1878 μεστὸν,
1585 1806 1777 1878 ἀληθέ-

193 1911 390 1957 στερον
431 1895 487 1947 δὲ
527 1898 719 1958 εἰπεῖν,
757 1896 1200 1967 φρενοϐλαϐείας,
1251 1897 1312 1951 τὸ
1365 1898 1541 1966 λέγειν
1578 1900 1658 1951 ὅτι
1701 1897 1776 1950 ὅτ’

192 1985 259 2038 ἄν
287 1984 523 2052 ἀγγέλου
563 2003 620 2037 τε
651 1986 923 2056 μέμνηται
965 1987 1057 2038 καὶ
1100 1985 1318 2056 Κυρίου,
1351 1986 1491 2040 κατά
1524 1985 1710 2040 τοῦτον
1745 1986 1779 2058 η

195 2074 411 2128 Παλαιά
448 2075 538 2127 τὸν
582 2075 706 2128 Υίὸν
734 2075 825 2127 τοῦ
864 2076 998 2128 Θεοῦ
1031 2077 1178 2144 λέγει
1199 2093 1212 2106 ·
1245 2076 1334 2140 οὓς
1364 2077 1531 2147 έχρῆν
1563 2079 1780 2146 αἰσχυν-

196 2164 362 2234 θῆναι
396 2164 544 2233 γοῦν,
573 2166 666 2218 τοῦ
713 2167 981 2237 μακαρίου
1031 2167 1239 2220 Παύλου
1284 2168 1380 2238 τὴν
1419 2167 1602 2237 φωνὴν
1643 2167 1780 2221 διαι-

199 2256 425 2326 ροῦντος
468 2259 532 2308 ὲκ
571 2257 679 2311 τῶν
720 2258 962 2326 ἀγγέλων
1005 2258 1096 2312 τὸν
1141 2258 1290 2324 Υίὸν,
1335 2259 1428 2311 καὶ
1478 2258 1782 2320 δεικνύντος

198 2347 276 2410 ὡς
314 2347 505 2399 τούτου
549 2365 609 2400 τε
659 2349 909 2402 κάκείνου
940 2350 1000 2402 τὸ
1036 2351 1199 2421 μέσον
1237 2352 1353 2404 ἐστὶ
1390 2351 1482 2403 καὶ
1511 2351 1781 2415 τοσοῦτον,

198 2437 324 2489 ὅσον
356 2455 421 2506 γε
450 2439 714 2509 ὑπερέτου
759 2441 852 2493 καὶ
895 2443 1185 2500 Δεσπότου.
1221 2441 1381 2511 Λέγει
1424 2442 1552 2510 γοῦν
1583 2441 1781 2504 οὕτως·

208 2547 226 2579 ι
270 2529 382 2582 Καὶ
417 2529 548 2600 πρὸς
589 2531 686 2600 μὲν
725 2533 847 2596 τοὺς
875 2534 1135 2601 ἀγγέλους
1168 2534 1334 2602 λέγει,
1373 2524 1428 2587 Ὀ
1460 2534 1628 2588 ποιῶν
1661 2535 1786 2598 τοὺς

200 2617 470 2684 ἀγγέλους
516 2620 677 2674 αὑτοῦ
737 2623 1058 2692 πνεύματα,
1120 2625 1215 2680 καὶ
1265 2627 1390 2690 τοὺς
1446 2626 1788 2699 λειτουργοὺς

203 2709 372 2762 αὑτοῦ
424 2711 592 2782 πυρὸς
631 2710 828 2783 φλόγα·
873 2732 890 2764 ι
920 2714 1054 2784 πρὸς
1097 2715 1155 2769 δὲ
1195 2716 1288 2769 τὸν
1318 2717 1464 2782 Υίὸν,
1503 2736 1520 2768 ι
1565 2718 1623 2772 '0
1668 2718 1791 2790 θρό-

203 2817 296 2865 νος
345 2818 462 2866 σου,
518 2805 546 2855 ό
604 2803 768 2868 Θεὸς,
812 2806 892 2868 είς
934 2806 1024 2860 τὸν
1069 2807 1239 2860 αἰῶνα
1281 2809 1375 2862 τοῦ
1415 2809 1640 2873 αίῶνος·
1690 2811 1788 2882 ρά-

207 2894 332 2957 ϐδος
373 2894 662 2966 εὐθύτητος
709 2898 744 2968 ἡ
788 2897 978 2968 ῥάϐδος
1020 2899 1119 2969 τῆς
1161 2899 1434 2970 βασιλείας
1473 2918 1586 2967 σου,
1629 2920 1650 2954 ι
1685 2901 1790 2954 δει-

206 2989 340 3050 κνὺς
376 2988 573 3041 ὁπόσον
621 2990 738 3042 ἐστὶ
788 2989 848 3044 τὸ
886 2991 1162 3063 διάφορον,
1206 2993 1336 3046 Υίοῦ
1382 3011 1442 3047 τε
1486 2995 1578 3048 καὶ⁵
1621 2995 1789 3064 ἀγγέ-

207 3082 345 3135 λων·
400 3083 493 3136 καὶ
547 3084 630 3136 ὅτι
680 3084 812 3156 μηδὲ
867 3085 1142 3140 συνελθεῖν
1194 3082 1304 3140 οἷόν
1359 3105 1418 3140 τε
1467 3087 1564 3156 τὰς
1611 3088 1791 3157 φωνὰς

207 3174 470 3245 ἀλλήλαις
510 3175 731 3240 ταύτας,
774 3177 882 3232 τῶν
930 3179 1028 3249 μὲν
1083 3179 1336 3250 ἀοράτων
1383 3179 1661 3250 δυνάμεων
1700 3182 1793 3234 καὶ

209 3265 350 3332 πρὸς
409 3264 745 3334 λειτουργίαν
807 3267 1217 3340 ἐκτεταγμένων
1272 3271 1496 3334 είκότως
1549 3269 1793 3338 ἀγγέλων

211 3357 310 3409 καὶ
354 3356 703 3427 λειτουργῶν,
750 3359 838 3413 διὰ
875 3361 974 3432 τὴν
1007 3362 1306 3432 ὑπουργίαν
1336 3363 1682 3433 καλουμένων
1718 3365 1796 3425 εἰς

212 3450 280 3517 ἦν
326 3449 620 3518 ἐτύγχανον
659 3451 1124 3523 προϐεϐλημένοι·
1175 3455 1266 3510 τοῦ
1311 3456 1441 3510 Υίοῦ
1491 3457 1548 3510 δὲ
1595 3455 1797 3519 ταύτας

219 3541 320 3607 μὲν
360 3541 422 3592 ού
466 3543 822 3612 προσιεμένου
872 3546 968 3607 τὰς
1023 3546 1226 3614 φωνὰς,
1275 3548 1441 3616 μόνην
1489 3549 1544 3600 δὲ
1594 3547 1798 3619 ταύτην

216 3627 620 3698 ἀναδεξαμένου
662 3630 759 3701 τὴν
802 3633 982 3703 φωνὴν
1028 3634 1266 3699 δικαίως,
1295 3637 1414 3706 τὴν,
1456 3655 1474 3687 ι
1527 3637 1584 3690 '0
1612 3636 1798 3707 θρόνος

221 3734 336 3782 σου,
367 3721 397 3770 ὀ
422 3719 573 3782 Θεὸς,
605 3722 682 3784 είς
717 3721 807 3774 τὸν
847 3723 1017 3776 αἰῶνα
1048 3725 1141 3777 τοῦ
1179 3725 1396 3789 αἰῶνος,
1432 3727 1506 3795 (ρ.
1539 3727 1664 3796 445)
1705 3728 1798 3798 ῥά-

221 3809 344 3871 ϐδος
374 3810 726 3883 εὐθύτητοςὴ
766 3813 956 3884 ῥάϐδος
987 3818 1084 3886 τῆς
1125 3815 1396 3885 βασιλείας
1436 3835 1550 3881 σου,
1599 3837 1618 3869 ι
1663 3820 1800 3889 ὅπερ

220 3898 343 3949 ἐστὶ
379 3898 629 3966 λέγοντος
663 3901 830 3954 ἀΐδιον
870 3903 1091 3972 βασιλέα
1127 3904 1328 3977 Κύριον
1368 3907 1478 3959 τῶν
1523 3908 1797 3972 ἁπάντων,

225 3991 285 4041 ἐν
321 3990 576 4061 εύθύτητι
619 3994 765 4064 πάσῃ
805 3995 865 4046 τὸ
905 3997 1011 4048 πᾶν
1054 3995 1374 4050 διοικοῦντα·
1417 3997 1533 4060 πῶς
1571 3995 1663 4053 οὖν
1703 3999 1803 4051 οὐκ

225 4079 453 4146 ἀνόητον
507 4082 599 4134 καὶ
651 4083 875 4151 μανικὸν
927 4084 1190 4153 τοσαύτης
1238 4085 1341 4138 ὑπὸ
1385 4085 1475 4138 τοῦ
1531 4087 1801 4156 μακαρίου

226 4172 438 4224 Παύλου
469 4171 568 4240 τῆς
611 4172 870 4244 διαφορᾶς
913 4177 1045 4245 ἡμῖν
1088 4175 1562 4248 ύποδεδειγμένης,
1600 4179 1804 4248 τολμᾷν

229 4262 483 4330 συνάγειν
522 4264 591 4316 τὰ
627 4263 933 4335 ἀσύμϐατα,
970 4266 1063 4318 καὶ
1095 4265 1272 4334 λέγειν
1309 4269 1403 4320 καὶ
1440 4269 1674 4336 ἄγγελον
1712 4271 1805 4322 καὶ

1869 455 1938 499 ta:
1960 454 2012 501 et
2035 447 2108 500 illi
2142 458 2350 502 veteres
2373 447 2556 501 cuncti
2580 447 2862 501 novissent
2886 444 3100 500 Patrem
3134 463 3194 504 ac
3215 447 3438 511 Filium,

1870 538 2033 606 idque
2071 553 2100 590 a
2143 539 2346 593 divinis
2387 537 2690 607 Scripturis
2732 538 2908 593 edocti
2962 537 3218 596 fuissent.
3257 541 3443 607 utique

1870 630 2097 697 apostoli
2145 646 2254 698 pra:
2301 631 2514 683 caeteris
2554 629 2867 684 scivissent.
2927 628 3035 684 Sed
3086 640 3302 684 constat
3349 646 3444 683 eos

1871 720 2173 789 ignorasse,
2205 729 2258 774 et
2287 728 2400 774 tum
2443 722 2662 774 demum
2708 720 2995 783 didicisse,
3033 737 3155 774 cum
3205 718 3447 790 Spiritus

1871 811 2047 864 sancti
2094 811 2322 879 gratiam
2374 819 2699 878 receperunt
2734 810 2785 862 in
2836 826 2932 866 eos
2974 811 3272 864 immissam
3323 819 3445 880 post

1865 900 2070 954 Christi
2109 900 2318 953 Domini
2352 901 2403 953 in
2435 902 2604 956 callus
2637 901 2892 954 reditum.
2923 899 3076 954 Unde
3096 908 3148 954 et
3184 901 3444 954 Dentibus

1870 993 2173 1046 aii-batillis
2191 989 2263 1042 ηε
2299 1011 2316 1042 ε
2345 993 2533 1047 Adhuc
2559 993 2725 1048 multa
2751 993 2927 1046 habeo
2949 992 3104 1046 vobis
3121 993 3321 1053 dicere,
3349 993 3443 1046 Sed

1874 1099 1980 1136 non
2015 1084 2244 1152 potestis
2275 1091 2492 1152 portare
2519 1081 2715 1149 modo;
2749 1098 2871 1135 cum
2904 1091 3081 1136 autem
3123 1085 3330 1134 vent-rit
3356 1081 3444 1134 ilic

1874 1172 2107 1241 Spiritus
2126 1174 2392 1233 veritatis,
2410 1173 2640 1228 deducet
2660 1190 2754 1227 vos
2771 1174 2824 1226 in
2847 1188 3063 1227 omnem
3089 1174 3387 1226 veritatem.
3417 1191 3438 1222 ›

1873 1264 2025 1327 Quod
2059 1264 2104 1318 si
2134 1265 2386 1318 deitatem
2419 1263 2688 1333 Unigeniti
2727 1265 3044 1327 scivissem,
3079 1264 3312 1331 itemque
3341 1261 3444 1314 Pa-

1874 1361 2010 1406 trem
2045 1369 2142 1408 ceu
2171 1352 2338 1406 Deum
2383 1353 2475 1408 Dei
2509 1355 2744 1416 Patrem,
2781 1354 2909 1423 quid
2942 1354 3119 1421 majus
3164 1358 3446 1422 supererat

1875 1446 2020 1515 quod
2060 1453 2245 1514 postea
2294 1445 2611 1500 discerent?
2659 1446 2831 1517 Igitur
2872 1444 3153 1515 Uuigeniti
3188 1444 3446 1499 deitatem

1875 1552 1974 1590 nec
2000 1537 2289 1604 quisquam
2321 1537 2473 1590 novit
2502 1547 2628 1590 ante
2657 1536 2863 1590 Christi
2893 1535 3104 1587 Domini
3132 1535 3445 1596 adventum,

1877 1645 2054 1698 neque
2079 1628 2276 1698 aliquis
2307 1628 2696 1698 prophetarum
2734 1629 2799 1682 de
2831 1628 2934 1681 hac
2961 1627 3225 1697 loquitur.

1946 1812 2177 1880 Insuper
2203 1817 2257 1864 et
2281 1806 2412 1862 illud
2436 1815 2578 1878 puta:
2601 1808 2924 1878 insipientiae
2951 1809 3164 1878 plenum
3191 1818 3292 1873 est,
3318 1808 3450 1870 imo,

1879 1915 1936 1957 ut
1951 1903 2131 1956 verius
2142 1901 2376 1961 dicatur,
2396 1899 2640 1962 insaniae,
2658 1898 2908 1953 videlicet
2922 1899 2966 1950 si
2982 1900 3106 1966 quis
3123 1897 3287 1961 dicat,
3307 1897 3450 1965 quod

1883 1997 1973 2050 ubi
2003 1995 2178 2066 angeli
2210 1993 2416 2048 mentio
2437 1993 2495 2046 lit
2518 2008 2581 2046 ac
2602 1990 2837 2055 Domini,
2868 1990 2938 2043 ibi
2965 1990 3131 2044 Vetus
3167 1987 3451 2059 Scriptura

1880 2087 2077 2142 Filium
2112 2085 2203 2140 Dei
2239 2086 2481 2139 denotet.
2517 2082 2679 2153 Atqui
2716 2081 2998 2150 oportebat
3029 2081 3266 2135 revereri
3309 2081 3451 2134 beati

1882 2177 2034 2231 Pauli
2053 2190 2238 2231 vocem
2260 2173 2645 2243 distinguentis
2670 2171 2739 2224 ab
2767 2170 2970 2238 angelis
2995 2167 3212 2233 Filium,
3237 2178 3290 2222 et
3314 2168 3443 2222 inter

1885 2269 2033 2322 hunc
2060 2275 2223 2335 atque
2246 2265 2369 2319 illos
2385 2264 2733 2318 intervallum
2758 2270 2965 2314 tantum
2990 2259 3261 2328 ponentis,
3281 2273 3448 2328 quan-

1887 2369 1998 2414 tum
2021 2367 2104 2413 est
2129 2359 2268 2411 inter
2301 2355 2560 2410 famulum
2603 2353 3021 2420 Dominumque.
3053 2349 3145 2404 Sic
3171 2366 3303 2420 ergo
3335 2351 3410 2402 ait
3439 2366 3451 2400 :

1891 2469 1909 2500 ι
1942 2449 2005 2502 Ει
2035 2450 2098 2502 ad
2125 2448 2345 2517 angelos
2366 2445 2582 2516 quidem
2613 2443 2745 2500 dicit
2774 2440 2904 2506 :Qui
2927 2443 3055 2496 facit
3075 2443 3299 2509 angelos
3328 2457 3458 2496 suos

1887 2541 2133 2613 spiritus,
2154 2547 2204 2593 et
2225 2538 2502 2594 ministros
2533 2550 2663 2590 suos
2689 2535 2832 2604 ignis
2850 2533 3142 2586 ﬂammam.
3161 2531 3241 2586 Ad
3262 2530 3455 2584 Filium

1889 2644 2067 2686 autem
2098 2649 2110 2684 :
2147 2629 2404 2687 Thronus
2453 2639 2601 2692 tuus,
2638 2627 2800 2693 Deus,
2839 2627 2892 2678 in
2924 2625 3180 2680 sarculum
3231 2624 3412 2678 saeculi
3446 2643 3457 2676 :

1889 2726 2042 2795 virga
2075 2723 2372 2794 aequitatis,
2416 2722 2567 2790 virga
2598 2721 2752 2790 regni
2807 2718 2884 2772 tui
2911 2718 2987 2783 Μ;
3018 2735 3035 2768 ι
3077 2715 3460 2770 demonstrans

1888 2826 2094 2889 quanta
2129 2817 2201 2872 sit
2236 2815 2544 2870 dill‘erentia
2578 2812 2702 2866 Filii
2755 2813 2822 2864 ab
2851 2811 3081 2878 angelis,
3117 2818 3171 2861 et
3218 2806 3360 2877 quod
3396 2817 3464 2859 ne

1891 2904 2197 2977 comparari
2250 2903 2470 2972 quidem
2530 2902 2644 2956 hac
2696 2898 2956 2954 vocabula
3008 2896 3172 2967 293
3216 2896 3358 2949 inter
3405 2911 3466 2950 se

1893 2998 2141 3068 possint:
2191 2992 2563 3049 invisibilibus
2597 2991 2817 3060 quidem
2851 2988 3236 3058 potestatibus,
3271 2994 3325 3040 et
3364 2986 3461 3039 mi-

1894 3087 2178 3146 nistrando
2223 3086 2478 3151 addictis,
2526 3083 2722 3139 merito
2774 3081 3088 3151 angelorum
3143 3080 3364 3132 nomine
3414 3089 3461 3129 et

1896 3180 2269 3235 ministrorum
2312 3183 2534 3244 prepter
2586 3171 2950 3226 ministerium
3001 3170 3329 3241 appellatis,
3380 3170 3465 3221 cui

1897 3277 2025 3326 sunt
2053 3268 2259 3334 creati;
2297 3265 2434 3320 Filio
2465 3273 2646 3319 autem
2689 3261 3007 3332 hujusmodi
3049 3262 3320 3316 diCliOllea
3357 3277 3464 3312 non

1899 3361 2153 3431 patiente,
2179 3371 2346 3411 unam
2359 3354 2646 3424 verojuste
2661 3353 2971 3415 admitente,
2985 3351 3040 3408 id
3051 3361 3134 3409 est
3151 3371 3162 3404 :
3185 3373 3200 3400 ι
3214 3353 3432 3405 ΤΙκ-οιιιι
3443 3369 3468 3403 s

1898 3461 2048 3508 titus.
2080 3451 2244 3514 Deus,
2277 3450 2330 3504 in
2361 3449 2584 3512 saacula,
2635 3447 2782 3514 virga
2817 3444 3092 3514 aequitatis
3139 3445 3290 3513 virga
3322 3444 3468 3511 regni

1901 3543 2204 3611 tui;iquod
2242 3540 2465 3610 perinde
2507 3547 2593 3593 est
2637 3552 2699 3591 ac
2740 3537 2923 3590 dicere
2954 3537 3344 3604 sempiternum
3388 3550 3471 3586 re-

1897 3645 2015 3699 gem
2052 3628 2449 3696 Dominumque
2493 3627 2760 3688 omnium,
2808 3624 2955 3678 omni
2994 3624 3248 3692 aequitate
3279 3631 3475 3675 cuncta

1901 3729 2198 3788 regentem.
2243 3718 2444 3785 Quidni
2494 3718 2659 3787 igitur
2708 3716 2972 3784 insipiens
3003 3715 3074 3768 sit
3109 3725 3271 3782 atque
3309 3711 3478 3765 furio-

1904 3827 2045 3874 sum,
2074 3819 2223 3864 tanta
2258 3809 2415 3863 nobis
2437 3824 2466 3861 a
2499 3809 2659 3861 beato
2684 3807 2852 3860 Paulo
2878 3805 3184 3858 differentia
3207 3811 3474 3857 monstra-

1902 3909 1979 3970 ta,
2006 3901 2265 3970 copulare
2294 3899 2496 3956 audere
2533 3912 2656 3967 qua:
2683 3894 2936 3964 componi
2970 3900 3268 3962 nequeunt,
3306 3906 3369 3945 ac
3395 3890 3477 3944 di-

1905 4007 2030 4048 cere
2075 3991 2192 4045 ﬁeri
2223 4005 2382 4060 posse
2410 3997 2469 4043 ut
2505 3988 2734 4057 angelus
2763 4001 2827 4040 ac
2859 3985 3126 4040 Dominus
3157 3984 3367 4038 dicatur
3393 3981 3482 4035 Fi-

1908 4083 2054 4138 lius?
2083 4081 2252 4136 Plane
2293 4081 2459 4151 igitur
2487 4081 2826 4150 exploratum
2854 4085 2961 4143 est,
2993 4076 3138 4146 quod
3171 4076 3261 4130 tibi
3293 4075 3484 4144 hujus-

1912 4174 2057 4230 modi
2093 4172 2300 4243 aliquid
2334 4174 2390 4226 in
2421 4172 2605 4225 divina
2636 4170 2921 4239 Scriptura
2951 4167 3149 4233 fertur,
3181 4167 3252 4222 ibi
3289 4166 3358 4221 de
3387 4181 3487 4219 an-

1910 4271 2028 4340 gelo
2064 4270 2242 4338 agitur
2296 4268 2604 4323 ministerio
2649 4280 2862 4329 eorum,
2919 4263 2987 4318 de
3031 4263 3228 4331 quibus
3281 4273 3482 4318 sermo.

231 4352 436 4423 Κύριον
470 4354 691 4408 δυνατὸν
719 4355 1080 4424 λέγεσθαιτὸν
1110 4358 1270 4423 Υἱόν;
1313 4358 1450 4411 Ἀλλ’
1477 4358 1696 4430 εὔδηλον
1723 4361 1782 4412 ὅτ

1911 4361 2128 4416 addicto
2159 4382 2171 4415 :
2209 4358 2258 4392 ⁸⁸
2287 4359 2413 4429 quia
2445 4374 2635 4413 omnes
2666 4367 2792 4412 sunt
2832 4351 3286 4409 administratorii
3325 4350 3486 4419 spiri-

228 4446 380 4496 ὁπότ’
411 4445 476 4498 ἄν
501 4462 553 4496 τι
575 4445 810 4499 τοιοῦτον
833 4447 888 4500 έν
913 4449 980 4518 τῇ
1013 4446 1132 4518 θείᾳ
1152 4448 1383 4519 φέρηται
1403 4449 1612 4519 Γραφῇ,
1640 4449 1804 4517 ἀγγέ-

230 4535 324 4587 λου
357 4538 454 4606 μὲν
477 4537 750 4608 μέμνηται
776 4537 868 4591 τοῦ
890 4538 1023 4608 πρὸς
1041 4538 1137 4608 τὴν
1155 4539 1452 4608 ὑπηρεσίαν
1473 4541 1807 4610 ἐκτεταγμέ-

1917 4462 2004 4507 tus
2036 4453 2088 4508 in
2119 4451 2482 4504 ministerium
2516 4449 2668 4502 missi
2710 4455 2929 4516 propter
2958 4459 3052 4498 eos
3082 4444 3173 4512 qui
3201 4439 3484 4497 haeredita-

1914 4550 2019 4596 tem
2045 4541 2262 4609 capient
2293 4539 2508 4599 salutis,
2542 4544 2600 4590 ut
2628 4536 2818 4589 beatus
2843 4535 2917 4586 ait
2947 4531 3169 4585 Paulus.

230 4644 324 4680 νου
364 4630 473 4684 τῶν
513 4629 901 4698 δεικνυμένων·
953 4628 1136 4699 ἐπειδὴ
1190 4629 1388 4693 πάντες
1434 4632 1541 4683 είσὶ
1583 4629 1929 4701 λειτουργικά
1973 4631 2257 4699 πνεύματα
2307 4631 2384 4691 εἰς
2435 4627 2708 4682 διακονίαν
2749 4621 3185 4692 ἀποστελλόμενα
3226 4619 3313 4672 διὰ
3365 4619 3489 4679 τοὺς

235 4723 528 4793 μέλλοντας
572 4719 923 4789 κληρονομεῖν
954 4717 1247 4788 σωτηρίαν,
1283 4718 1357 4780 ὡς
1386 4721 1414 4770 ό
1445 4719 1710 4790 μακάριος
1745 4721 1950 4783 Παῦλος
1979 4736 2130 4790 φησι.

307 4813 512 4883 Κύριον
558 4813 615 4866 δὲ
662 4813 912 4882 ὀνομάζει
947 4815 1008 4868 ού
1051 4815 1141 4868 τὸν
1167 4813 1400 4882 ἄγγελον
1440 4813 1582 4868 οὕτω
1607 4813 1809 4879 καλῶν,

233 4906 328 4958 ἐπὶ
357 4904 488 4957 Θεὸν
519 4903 574 4956 δὲ
604 4904 886 4976 ἀναφέρων
917 4902 1011 4958 τοῦ
1044 4905 1327 4974 γινομένου
1374 4905 1438 4958 τὸ
1479 4905 1637 4976 ἔργον
1663 4923 1676 4936 ·
1704 4906 1814 4960 ὤσ-

236 5013 345 5066 περ
377 4991 470 5049 οὖν
515 4995 608 5048 καὶ
653 4995 701 5048 οἱ
743 4995 1017 5065 προφῆται
1066 4995 1324 5058 πολλάκις
1366 4994 1435 5053 τὰ
1482 4996 1816 5067 ἁρμόττοντα

1989 4815 2277 4868 Dominum
2309 4818 2489 4865 autem
2527 4809 2792 4870 nominat,
2819 4822 2925 4861 non
2961 4804 3103 4875 quod
3139 4803 3386 4874 angelum
3419 4806 3492 4859 ita

1919 4907 2178 4975 appellet,
2212 4905 2307 4960 sed
2348 4904 2412 4956 ad
2442 4902 2607 4956 Deum
2651 4903 2726 4953 rei
2755 4907 2920 4969 gestae
2965 4913 3186 4966 operam
3229 4896 3490 4949 referens.

1920 4995 2101 5051 Veluti
2159 4997 2321 5052 etiam
2383 4994 2659 5064 prophetae
2697 5006 2840 5060 saepe
2901 4991 3062 5044 verba
3126 4987 3315 5040 dicunt
3383 4985 3490 5040 Deo

310 5130 356 5161 ⁸⁸
381 5130 538 5184 Joan.
577 5147 687 5198 xw,
731 5131 816 5196 12,
861 5133 944 5186 1⁵5.
985 5131 1028 5163 ⁸⁸
1068 5130 1232 5187 Hebr.
1272 5147 1310 5195 1,
1350 5132 1406 5198 7,
1445 5131 1496 5186 8.
1574 5134 1619 5164 ⁵⁰
1661 5132 1794 5187 ibid.
1839 5133 1924 5189 Η.

314 5248 425 5319 (62)
447 5248 724 5319 Scholion.
749 5249 858 5319 Καὶ
882 5249 1036 5302 τοῦτο
1061 5249 1286 5318 ἀμαθῶς
1316 5249 1571 5319 νομίζεις.
1591 5249 1816 5312 Ἡσαΐας
1911 5250 2041 5317 ἡμῖν
2096 5245 2193 5315 τὴν
2238 5242 2541 5319 σωτηρίανᾲ
2565 5240 2668 5319 ὣς.
2697 5256 2800 5319 ποί.)
2834 5237 2947 5319 ’καὶ
2983 5235 3190 5319 λαύτρς.
3219 5233 3382 5319 φησὶν
3406 5273 3419 5292 ,
3450 5231 3515 5319 ᾊ

238 5322 350 5388 γάρ
381 5317 568 5387 ὥσπερ
603 5317 689 5389 διά
724 5317 1130 5389 τοῦᾼτρισαγίου
1177 5320 1276 5381 τὰς
1313 5317 1458 5389 τρεῖς
1494 5319 1817 5389 ὑποστάσεις

618 5336 689 5369 κα
724 5336 816 5369 του
852 5336 1130 5440 τδρισαγιου
1177 5336 1276 5381 τας
1313 5336 1458 5389 τρεις
1494 5336 1817 5380 υποστασεις

618 5386 727 5439 ῦτω
753 5387 848 5439 καὶ
905 5388 959 5440 ιά
986 5387 1078 5440 τοῦ
1103 5388 1420 5452 είπεῖν,Καί
1447 5390 1688 5456 καλεῖται
1716 5388 1817 5456 τῆς

244 5457 491 5528 μεγάλης
517 5456 986 5528 βουλῆςᾰγγελος,
1028 5457 1255 5528 ἄγγελον
1297 5459 1456 5510 αὑτὸν
1488 5455 1625 5510 εἶναι
1649 5455 1815 5528 λέγει,

239 5526 300 5581 οὐ
331 5526 493 5596 κατὰ
532 5526 631 5596 τὴν
676 5527 858 5579 οὐσίαν
897 5526 1004 5578 τῶν
1047 5527 1323 5594 ἀγγέλων,
1370 5527 1504 5580 ἀλλά
1546 5529 1685 5580 κατά
1722 5527 1819 5596 τὴν

237 5593 511 5666 Δεσπότου
535 5593 631 5666 τῆν
659 5596 849 5648 αὐτοῦ·
881 5596 1058 5666 εἱγγὰρ
1086 5593 1364 5665 ἀπεστάλη
1398 5597 1548 5666 παρά
1584 5597 1674 5647 τοῦ
1706 5593 1816 5648 Πα-

240 5662 373 5730 τρὸς
409 5668 484 5729 ὡς
520 5662 626 5718 ἀπὸ
667 5665 867 5733 αἰτίου,
914 5662 1139 5734 ἄγγελός
1186 5662 1362 5735 ἐστιν,
1399 5662 1680 5736 ἀνήγγειλε
1710 5666 1817 5734 γὰρ

239 5387 554 5454 ὑποφαίνει,
586 5387 727 5439 οὕτω
753 5387 848 5439 καὶ

1912 5303 2122 5388 ἥκουσα
2150 5303 2315 5388 ’παρᾲ
2499 5309 2711 5388 Πατρδς
2747 5306 3048 5388 ἀνήγγειλα
3088 5303 3498 5388 ύμῖν-οκαὶῆμὴ

1915 5371 2161 5456 παράτρε
2170 5403 2233 5456 πε
2248 5371 2357 5456 ’τὴν
2365 5451 2377 5456 _
2390 5371 2710 5456 Ἀπσστόλου
2735 5371 2891 5456 ῥῆσιν
2908 5371 2983 5428 ’δι’
3017 5371 3493 5456 ἐιτθέρανιείσαχθεῖέ

1917 5441 2015 5509 σαν
2071 5441 2268 5508 α’ίτίαν.
2311 5441 2444 5505 Ἠοε
2503 5453 2624 5503 item
2679 5441 2915 5512 imperite
2968 5441 3273 5521 arbitraris-.-
3320 5441 3494 5521 Isaias

1915 5527 2052 5580 enim
2101 5527 2234 5578 sicut
2278 5538 2368 5590 per
2403 5522 2682 5591 trisﬁqgium
2723 5531 2825 5591 tres
2871 5531 3118 5591 personas
3162 5513 3381 5591 indicat,
3422 5513 3500 5562 im

1925 5597 2082 5649 etiam
2110 5595 2215 5646 illis
2250 5582 2463 5646 rerbisu
2493 5582 2584 5644 Hic
2619 5582 2911 5660 appellatur
2945 5584 3118 5653 magni
3158 5582 3363 5660 consilii
3400 5596 3500 5632 an-

1926 5665 2068 5732 qclus
2109 5663 2243 5729 (lsa.
2291 5677 2363 5728 Ir,
2403 5661 2514 5726 6),ρ
2557 5651 2798 5728 αρτάείίιιυι
2841 5659 3008 5722 ipsum
3035 5651 3170 5706 Vcssc
3214 5651 3364 5716 dicit,
3399 5664 3501 5702 non
