  <div class='ocr_page' id='page_1' title='image "/cluster/home/n/w/nwhite01/storage/ocr_20150623/66/nnc1.0021886636/292.png"; bbox 0 0 3830 6216; ppageno 0'>
   <div class='ocr_carea' id='block_1_1' title="bbox 143 255 1764 340">
    <p class='ocr_par' dir='ltr' id='par_1_1' title="bbox 143 265 1748 340">
     <span class='ocr_line' id='line_1_1' title="bbox 143 265 1748 340; baseline -0.014 0"><span class='ocrx_word' id='word_1_1' title='bbox 143 286 250 340; x_wconf 70' lang='grc' dir='ltr'><strong>ῐίοῦ</strong></span> <span class='ocrx_word' id='word_1_2' title='bbox 1103 266 1654 327; x_wconf 74' lang='lat' dir='ltr'><strong>COMMENTARIUS</strong></span> <span class='ocrx_word' id='word_1_3' title='bbox 1686 265 1748 319; x_wconf 73' lang='lat' dir='ltr'><strong>IN</strong></span> 
     </span>
    </p>
   </div>
   <div class='ocr_carea' id='block_1_2' title="bbox 1871 255 3403 340">
    <p class='ocr_par' dir='ltr' id='par_1_2' title="bbox 1871 255 3403 319">
     <span class='ocr_line' id='line_1_2' title="bbox 1871 255 3403 319; baseline -0.008 0"><span class='ocrx_word' id='word_1_4' title='bbox 1871 264 2136 319; x_wconf 68' lang='grc' dir='ltr'><strong>ΒΠΑΒΙίΕ</strong></span> <span class='ocrx_word' id='word_1_5' title='bbox 2176 263 2329 319; x_wconf 70' lang='grc' dir='ltr'><strong>(ἋΡ.</strong></span> <span class='ocrx_word' id='word_1_6' title='bbox 2374 265 2414 318; x_wconf 89' lang='grc'>1.</span> <span class='ocrx_word' id='word_1_7' title='bbox 3298 255 3403 307; x_wconf 71' lang='lat' dir='ltr'><strong>Ml)</strong></span> 
     </span>
    </p>
   </div>
   <div class='ocr_carea' id='block_1_3' title="bbox 144 371 1764 467">
    <p class='ocr_par' dir='ltr' id='par_1_3' title="bbox 144 384 1764 467">
     <span class='ocr_line' id='line_1_3' title="bbox 144 384 1764 467; baseline -0.011 -16"><span class='ocrx_word' id='word_1_8' title='bbox 144 402 200 452; x_wconf 73' lang='grc' dir='ltr'><strong>ἐν</strong></span> <span class='ocrx_word' id='word_1_9' title='bbox 230 398 379 467; x_wconf 72' lang='grc' dir='ltr'>ἐμοὶ,</span> <span class='ocrx_word' id='word_1_10' title='bbox 418 414 435 445; x_wconf 72' lang='grc' dir='ltr'><strong>ι</strong></span> <span class='ocrx_word' id='word_1_11' title='bbox 467 390 633 460; x_wconf 80' lang='grc' dir='ltr'><strong>λέγει,</strong></span> <span class='ocrx_word' id='word_1_12' title='bbox 671 388 857 460; x_wconf 78' lang='grc' dir='ltr'>ἐπειδὴ</span> <span class='ocrx_word' id='word_1_13' title='bbox 881 388 981 441; x_wconf 79' lang='grc' dir='ltr'><strong>οὐκ</strong></span> <span class='ocrx_word' id='word_1_14' title='bbox 1005 386 1200 451; x_wconf 78' lang='grc' dir='ltr'>ἔξωθεν</span> <span class='ocrx_word' id='word_1_15' title='bbox 1234 385 1538 457; x_wconf 79' lang='grc' dir='ltr'><strong>φερομένης</strong></span> <span class='ocrx_word' id='word_1_16' title='bbox 1565 384 1726 453; x_wconf 73' lang='grc' dir='ltr'>ἤκουε</span> <span class='ocrx_word' id='word_1_17' title='bbox 1757 425 1764 441; x_wconf 39' lang='grc' dir='ltr'><strong><em>ι</em></strong></span> 
     </span>
    </p>
   </div>
   <div class='ocr_carea' id='block_1_4' title="bbox 1871 371 3409 467">
    <p class='ocr_par' dir='ltr' id='par_1_4' title="bbox 1871 371 3409 434">
     <span class='ocr_line' id='line_1_4' title="bbox 1871 371 3409 434; baseline -0.007 -2"><span class='ocrx_word' id='word_1_18' title='bbox 1871 381 2082 434; x_wconf 89' lang='lat' dir='ltr'><strong>uoniam</strong></span> <span class='ocrx_word' id='word_1_19' title='bbox 2113 380 2255 432; x_wconf 84' lang='lat' dir='ltr'><strong>hami</strong></span> <span class='ocrx_word' id='word_1_20' title='bbox 2290 389 2597 433; x_wconf 77' lang='lat' dir='ltr'><strong>extrorsun</strong></span> <span class='ocrx_word' id='word_1_21' title='bbox 2632 378 2850 430; x_wconf 78' lang='lat' dir='ltr'><strong>allatam</strong></span> <span class='ocrx_word' id='word_1_22' title='bbox 2894 389 3081 428; x_wconf 90' lang='lat' dir='ltr'><strong>vocem</strong></span> <span class='ocrx_word' id='word_1_23' title='bbox 3133 371 3409 434; x_wconf 91' lang='lat' dir='ltr'><strong>audiebat,</strong></span> 
     </span>
    </p>
   </div>
   <div class='ocr_carea' id='block_1_5' title="bbox 145 462 1764 558">
    <p class='ocr_par' dir='ltr' id='par_1_5' title="bbox 145 462 1732 558">
     <span class='ocr_line' id='line_1_5' title="bbox 145 462 1732 558; baseline -0.014 -14"><span class='ocrx_word' id='word_1_24' title='bbox 145 462 375 558; x_wconf 65' lang='grc' dir='ltr'>φωνῆς,</span> <span class='ocrx_word' id='word_1_25' title='bbox 432 482 567 537; x_wconf 83' lang='grc' dir='ltr'><strong>ἀλλά</strong></span> <span class='ocrx_word' id='word_1_26' title='bbox 629 481 770 534; x_wconf 83' lang='grc' dir='ltr'>κατὰ</span> <span class='ocrx_word' id='word_1_27' title='bbox 822 476 1161 545; x_wconf 71' lang='grc' dir='ltr'>ἀποκάλυψιν</span> <span class='ocrx_word' id='word_1_28' title='bbox 1220 472 1732 542; x_wconf 86' lang='grc' dir='ltr'>ἐναποτυπουμένης</span> 
     </span>
    </p>
   </div>
   <div class='ocr_carea' id='block_1_6' title="bbox 1871 462 3412 558">
    <p class='ocr_par' dir='ltr' id='par_1_6' title="bbox 1871 462 3412 538">
     <span class='ocr_line' id='line_1_6' title="bbox 1871 462 3412 538; baseline -0.008 -13"><span class='ocrx_word' id='word_1_29' title='bbox 1871 471 1930 525; x_wconf 86' lang='lat' dir='ltr'><strong>ed</strong></span> <span class='ocrx_word' id='word_1_30' title='bbox 1956 473 2002 523; x_wconf 85' lang='lat' dir='ltr'><strong>vi</strong></span> <span class='ocrx_word' id='word_1_31' title='bbox 2040 470 2382 525; x_wconf 87' lang='lat' dir='ltr'><strong>revelatiouis</strong></span> <span class='ocrx_word' id='word_1_32' title='bbox 2411 468 2576 538; x_wconf 77' lang='lat'><strong>295</strong></span> <span class='ocrx_word' id='word_1_33' title='bbox 2620 469 2671 520; x_wconf 92' lang='lat' dir='ltr'><strong>in</strong></span> <span class='ocrx_word' id='word_1_34' title='bbox 2709 478 2886 520; x_wconf 88' lang='lat' dir='ltr'><strong>mente</strong></span> <span class='ocrx_word' id='word_1_35' title='bbox 2927 463 3147 534; x_wconf 86' lang='lat' dir='ltr'><strong>propria</strong></span> <span class='ocrx_word' id='word_1_36' title='bbox 3184 462 3412 528; x_wconf 78' lang='lat' dir='ltr'><strong>impres-</strong></span> 
     </span>
    </p>
   </div>
   <div class='ocr_carea' id='block_1_7' title="bbox 150 551 1764 643">
    <p class='ocr_par' dir='ltr' id='par_1_7' title="bbox 150 551 1732 643">
     <span class='ocr_line' id='line_1_7' title="bbox 150 551 1732 643; baseline -0.011 -13"><span class='ocrx_word' id='word_1_37' title='bbox 150 551 315 629; x_wconf 73' lang='grc' dir='ltr'>αὑτοῦ</span> <span class='ocrx_word' id='word_1_38' title='bbox 352 575 418 643; x_wconf 82' lang='grc' dir='ltr'>τῇ</span> <span class='ocrx_word' id='word_1_39' title='bbox 446 569 671 640; x_wconf 74' lang='grc' dir='ltr'>διανοίᾳ.</span> <span class='ocrx_word' id='word_1_40' title='bbox 716 570 800 631; x_wconf 82' lang='grc' dir='ltr'>Ὠς</span> <span class='ocrx_word' id='word_1_41' title='bbox 842 568 935 621; x_wconf 78' lang='grc' dir='ltr'><strong>καὶ</strong></span> <span class='ocrx_word' id='word_1_42' title='bbox 974 569 1001 619; x_wconf 92' lang='lat'><strong>6</strong></span> <span class='ocrx_word' id='word_1_43' title='bbox 1034 565 1299 635; x_wconf 82' lang='grc' dir='ltr'>μακάριος</span> <span class='ocrx_word' id='word_1_44' title='bbox 1333 564 1533 633; x_wconf 82' lang='grc' dir='ltr'>Πέτρος</span> <span class='ocrx_word' id='word_1_45' title='bbox 1568 562 1732 631; x_wconf 72' lang='grc' dir='ltr'>ἤκουε</span> 
     </span>
    </p>
   </div>
   <div class='ocr_carea' id='block_1_8' title="bbox 1871 551 3408 643">
    <p class='ocr_par' dir='ltr' id='par_1_8' title="bbox 1871 551 3408 618">
     <span class='ocr_line' id='line_1_8' title="bbox 1871 551 3408 618; baseline -0.01 -3"><span class='ocrx_word' id='word_1_46' title='bbox 1871 578 1972 618; x_wconf 90' lang='lat' dir='ltr'><strong>am.</strong></span> <span class='ocrx_word' id='word_1_47' title='bbox 1999 562 2326 618; x_wconf 89' lang='lat' dir='ltr'><strong>Sicutetiam</strong></span> <span class='ocrx_word' id='word_1_48' title='bbox 2358 561 2545 614; x_wconf 88' lang='lat' dir='ltr'><strong>beatus</strong></span> <span class='ocrx_word' id='word_1_49' title='bbox 2569 559 2759 612; x_wconf 87' lang='lat' dir='ltr'><strong>Petrus</strong></span> <span class='ocrx_word' id='word_1_50' title='bbox 2786 557 2944 610; x_wconf 78' lang='lat' dir='ltr'><strong>verba</strong></span> <span class='ocrx_word' id='word_1_51' title='bbox 2990 556 3077 607; x_wconf 89' lang='lat' dir='ltr'><strong>illa</strong></span> <span class='ocrx_word' id='word_1_52' title='bbox 3106 551 3362 605; x_wconf 88' lang='lat' dir='ltr'><strong>audiebat</strong></span> <span class='ocrx_word' id='word_1_53' title='bbox 3394 567 3408 581; x_wconf 78' lang='grc' dir='ltr'><strong><em>ο</em></strong></span> 
     </span>
    </p>
   </div>
   <div class='ocr_carea' id='block_1_9' title="bbox 149 653 1734 730">
    <p class='ocr_par' dir='ltr' id='par_1_9' title="bbox 149 653 1734 730">
     <span class='ocr_line' id='line_1_9' title="bbox 149 653 1734 730; baseline -0.011 -9"><span class='ocrx_word' id='word_1_54' title='bbox 149 670 230 729; x_wconf 74' lang='grc' dir='ltr'>τὸ,</span> <span class='ocrx_word' id='word_1_55' title='bbox 267 686 285 719; x_wconf 75' lang='grc' dir='ltr'><strong>ι</strong></span> <span class='ocrx_word' id='word_1_56' title='bbox 326 662 621 727; x_wconf 74' lang='grc' dir='ltr'>Ἀναστὰς,</span> <span class='ocrx_word' id='word_1_57' title='bbox 665 662 871 730; x_wconf 86' lang='grc' dir='ltr'>Πέτρε,</span> <span class='ocrx_word' id='word_1_58' title='bbox 916 659 1076 711; x_wconf 86' lang='grc' dir='ltr'>θῦσον</span> <span class='ocrx_word' id='word_1_59' title='bbox 1124 659 1217 710; x_wconf 73' lang='grc' dir='ltr'><strong>καὶ</strong></span> <span class='ocrx_word' id='word_1_60' title='bbox 1263 656 1421 725; x_wconf 90' lang='grc' dir='ltr'>φάγε.</span> <span class='ocrx_word' id='word_1_61' title='bbox 1458 674 1475 707; x_wconf 67' lang='grc' dir='ltr'><strong>ι</strong></span> <span class='ocrx_word' id='word_1_62' title='bbox 1504 653 1734 722; x_wconf 74' lang='grc' dir='ltr'>Εὔδηλον</span> 
     </span>
    </p>
   </div>
   <div class='ocr_carea' id='block_1_10' title="bbox 151 743 1737 823">
    <p class='ocr_par' dir='ltr' id='par_1_10' title="bbox 151 743 1737 823">
     <span class='ocr_line' id='line_1_10' title="bbox 151 743 1737 823; baseline -0.011 -11"><span class='ocrx_word' id='word_1_63' title='bbox 151 759 207 812; x_wconf 82' lang='grc' dir='ltr'>δὲ</span> <span class='ocrx_word' id='word_1_64' title='bbox 242 760 326 811; x_wconf 78' lang='grc' dir='ltr'>ὅτι</span> <span class='ocrx_word' id='word_1_65' title='bbox 376 757 477 809; x_wconf 72' lang='grc' dir='ltr'><strong>οὐκ</strong></span> <span class='ocrx_word' id='word_1_66' title='bbox 505 754 564 820; x_wconf 81' lang='grc' dir='ltr'>ἐξ</span> <span class='ocrx_word' id='word_1_67' title='bbox 610 750 851 823; x_wconf 76' lang='grc' dir='ltr'>οὐρανῶν</span> <span class='ocrx_word' id='word_1_68' title='bbox 897 749 1121 819; x_wconf 79' lang='grc' dir='ltr'>ἐφέρετο</span> <span class='ocrx_word' id='word_1_69' title='bbox 1164 748 1383 815; x_wconf 77' lang='grc' dir='ltr'>τοιαύτη</span> <span class='ocrx_word' id='word_1_70' title='bbox 1419 746 1566 814; x_wconf 82' lang='grc' dir='ltr'>φωνὴ</span> <span class='ocrx_word' id='word_1_71' title='bbox 1603 743 1737 813; x_wconf 80' lang='grc' dir='ltr'>πρὸς</span> 
     </span>
    </p>
   </div>
   <div class='ocr_carea' id='block_1_11' title="bbox 156 831 1734 917">
    <p class='ocr_par' dir='ltr' id='par_1_11' title="bbox 156 831 1734 917">
     <span class='ocr_line' id='line_1_11' title="bbox 156 831 1734 917; baseline -0.011 -15"><span class='ocrx_word' id='word_1_72' title='bbox 156 849 348 902; x_wconf 70' lang='grc' dir='ltr'>αὐτόν*</span> <span class='ocrx_word' id='word_1_73' title='bbox 390 846 424 917; x_wconf 80' lang='grc' dir='ltr'>ἢ</span> <span class='ocrx_word' id='word_1_74' title='bbox 464 845 571 915; x_wconf 80' lang='grc' dir='ltr'>γὰρ</span> <span class='ocrx_word' id='word_1_75' title='bbox 596 844 659 896; x_wconf 86' lang='grc' dir='ltr'>ἂν</span> <span class='ocrx_word' id='word_1_76' title='bbox 702 842 795 895; x_wconf 75' lang='grc' dir='ltr'><strong>καὶ</strong></span> <span class='ocrx_word' id='word_1_77' title='bbox 833 842 1011 893; x_wconf 77' lang='grc' dir='ltr'>πᾶσαν</span> <span class='ocrx_word' id='word_1_78' title='bbox 1042 839 1322 908; x_wconf 78' lang='grc' dir='ltr'>ἐπλήρωσε</span> <span class='ocrx_word' id='word_1_79' title='bbox 1361 835 1456 906; x_wconf 83' lang='grc' dir='ltr'>τὴν</span> <span class='ocrx_word' id='word_1_80' title='bbox 1488 831 1734 902; x_wconf 83' lang='grc' dir='ltr'>οίκουμέ·</span> 
     </span>
    </p>
   </div>
   <div class='ocr_carea' id='block_1_12' title="bbox 158 922 1738 1008">
    <p class='ocr_par' dir='ltr' id='par_1_12' title="bbox 158 922 1738 1008">
     <span class='ocr_line' id='line_1_12' title="bbox 158 922 1738 1008; baseline -0.011 -16"><span class='ocrx_word' id='word_1_81' title='bbox 158 958 251 1007; x_wconf 84' lang='grc' dir='ltr'><strong>νην</strong></span> <span class='ocrx_word' id='word_1_82' title='bbox 283 939 318 1008; x_wconf 84' lang='grc' dir='ltr'>ἡ</span> <span class='ocrx_word' id='word_1_83' title='bbox 345 935 441 990; x_wconf 89' lang='grc' dir='ltr'><strong>τοῦ</strong></span> <span class='ocrx_word' id='word_1_84' title='bbox 476 933 763 1004; x_wconf 79' lang='grc' dir='ltr'>λεγομένου</span> <span class='ocrx_word' id='word_1_85' title='bbox 801 930 1001 999; x_wconf 85' lang='grc' dir='ltr'>γνῶσις</span> <span class='ocrx_word' id='word_1_86' title='bbox 1022 948 1035 959; x_wconf 88' lang='grc'><strong>·</strong></span> <span class='ocrx_word' id='word_1_87' title='bbox 1083 927 1483 982; x_wconf 80' lang='grc' dir='ltr'>ἐναπετυποῦτο</span> <span class='ocrx_word' id='word_1_88' title='bbox 1504 926 1557 977; x_wconf 83' lang='grc' dir='ltr'><strong>δὲ</strong></span> <span class='ocrx_word' id='word_1_89' title='bbox 1592 922 1738 993; x_wconf 76' lang='grc' dir='ltr'>αὐτῷ</span> 
     </span>
    </p>
   </div>
   <div class='ocr_carea' id='block_1_13' title="bbox 160 1016 1737 1101">
    <p class='ocr_par' dir='ltr' id='par_1_13' title="bbox 160 1016 1737 1101">
     <span class='ocr_line' id='line_1_13' title="bbox 160 1016 1737 1101; baseline -0.01 -19"><span class='ocrx_word' id='word_1_90' title='bbox 160 1035 191 1100; x_wconf 81' lang='grc' dir='ltr'>ἡ</span> <span class='ocrx_word' id='word_1_91' title='bbox 240 1030 417 1101; x_wconf 80' lang='grc' dir='ltr'>φωνὴ,</span> <span class='ocrx_word' id='word_1_92' title='bbox 460 1027 535 1090; x_wconf 86' lang='grc' dir='ltr'><strong>ὡς</strong></span> <span class='ocrx_word' id='word_1_93' title='bbox 588 1025 653 1078; x_wconf 85' lang='grc' dir='ltr'>ἂν</span> <span class='ocrx_word' id='word_1_94' title='bbox 693 1022 983 1094; x_wconf 80' lang='grc' dir='ltr'>οὐρανόθεν</span> <span class='ocrx_word' id='word_1_95' title='bbox 1025 1021 1159 1091; x_wconf 81' lang='grc' dir='ltr'>πρὸς</span> <span class='ocrx_word' id='word_1_96' title='bbox 1215 1019 1375 1072; x_wconf 74' lang='grc' dir='ltr'>αὑτὸν</span> <span class='ocrx_word' id='word_1_97' title='bbox 1420 1016 1737 1085; x_wconf 77' lang='grc' dir='ltr'>γιγνομένη.</span> 
     </span>
    </p>
   </div>
   <div class='ocr_carea' id='block_1_14' title="bbox 162 1102 1741 1180">
    <p class='ocr_par' dir='ltr' id='par_1_14' title="bbox 162 1102 1741 1180">
     <span class='ocr_line' id='line_1_14' title="bbox 162 1102 1741 1180; baseline -0.013 -8"><span class='ocrx_word' id='word_1_98' title='bbox 162 1122 283 1172; x_wconf 83' lang='grc' dir='ltr'><strong>Ὅτι</strong></span> <span class='ocrx_word' id='word_1_99' title='bbox 308 1118 369 1170; x_wconf 85' lang='grc' dir='ltr'><strong>δέ</strong></span> <span class='ocrx_word' id='word_1_100' title='bbox 400 1117 495 1169; x_wconf 78' lang='grc' dir='ltr'><strong>τὸν</strong></span> <span class='ocrx_word' id='word_1_101' title='bbox 522 1112 783 1168; x_wconf 81' lang='grc' dir='ltr'>λαλοῦντα</span> <span class='ocrx_word' id='word_1_102' title='bbox 810 1109 1039 1180; x_wconf 80' lang='grc' dir='ltr'>ἄγγελον</span> <span class='ocrx_word' id='word_1_103' title='bbox 1065 1108 1230 1177; x_wconf 80' lang='grc' dir='ltr'>αὐτῷ,</span> <span class='ocrx_word' id='word_1_104' title='bbox 1260 1106 1349 1158; x_wconf 74' lang='grc' dir='ltr'><strong>τὸν</strong></span> <span class='ocrx_word' id='word_1_105' title='bbox 1377 1102 1741 1172; x_wconf 83' lang='grc' dir='ltr'>ἐπιϐεϐηκότα</span> 
     </span>
    </p>
   </div>
   <div class='ocr_carea' id='block_1_15' title="bbox 175 1186 1739 1277">
    <p class='ocr_par' dir='ltr' id='par_1_15' title="bbox 175 1186 1739 1277">
     <span class='ocr_line' id='line_1_15' title="bbox 175 1186 1739 1277; baseline -0.02 -7"><span class='ocrx_word' id='word_1_106' title='bbox 175 1218 268 1269; x_wconf 72' lang='grc' dir='ltr'><strong>ἐπὶ</strong></span> <span class='ocrx_word' id='word_1_107' title='bbox 288 1216 383 1267; x_wconf 84' lang='grc' dir='ltr'><strong>τὸν</strong></span> <span class='ocrx_word' id='word_1_108' title='bbox 413 1215 582 1266; x_wconf 80' lang='grc' dir='ltr'>ἵππον</span> <span class='ocrx_word' id='word_1_109' title='bbox 601 1208 690 1262; x_wconf 74' lang='grc' dir='ltr'>τὸν</span> <span class='ocrx_word' id='word_1_110' title='bbox 716 1205 922 1277; x_wconf 72' lang='grc' dir='ltr'>πυρρὸν</span> <span class='ocrx_word' id='word_1_111' title='bbox 942 1204 1109 1269; x_wconf 84' lang='grc' dir='ltr'>λέγει,</span> <span class='ocrx_word' id='word_1_112' title='bbox 1133 1198 1289 1267; x_wconf 77' lang='grc' dir='ltr'>δῆλον</span> <span class='ocrx_word' id='word_1_113' title='bbox 1307 1213 1319 1225; x_wconf 68' lang='grc'><strong>⁸</strong></span> <span class='ocrx_word' id='word_1_114' title='bbox 1343 1195 1416 1256; x_wconf 84' lang='grc' dir='ltr'>ὡς</span> <span class='ocrx_word' id='word_1_115' title='bbox 1439 1192 1545 1261; x_wconf 88' lang='grc' dir='ltr'><strong>γάρ</strong></span> <span class='ocrx_word' id='word_1_116' title='bbox 1568 1186 1739 1250; x_wconf 72' lang='grc' dir='ltr'>εἶπεν,</span> 
     </span>
    </p>
   </div>
   <div class='ocr_carea' id='block_1_16' title="bbox 174 1281 1742 1373">
    <p class='ocr_par' dir='ltr' id='par_1_16' title="bbox 174 1281 1742 1373">
     <span class='ocr_line' id='line_1_16' title="bbox 174 1281 1742 1373; baseline -0.018 -15"><span class='ocrx_word' id='word_1_117' title='bbox 174 1327 191 1358; x_wconf 81' lang='grc' dir='ltr'><strong>ι</strong></span> <span class='ocrx_word' id='word_1_118' title='bbox 232 1308 380 1373; x_wconf 83' lang='grc' dir='ltr'><strong>Ἐγὼ</strong></span> <span class='ocrx_word' id='word_1_119' title='bbox 402 1302 561 1369; x_wconf 81' lang='grc' dir='ltr'>δείξω</span> <span class='ocrx_word' id='word_1_120' title='bbox 588 1317 669 1354; x_wconf 88' lang='grc' dir='ltr'><strong>σοι</strong></span> <span class='ocrx_word' id='word_1_121' title='bbox 696 1298 747 1351; x_wconf 86' lang='grc' dir='ltr'><strong>τί</strong></span> <span class='ocrx_word' id='word_1_122' title='bbox 780 1299 896 1349; x_wconf 88' lang='grc' dir='ltr'>ἐστι</span> <span class='ocrx_word' id='word_1_123' title='bbox 925 1293 1119 1356; x_wconf 82' lang='grc' dir='ltr'>ταῦτα,</span> <span class='ocrx_word' id='word_1_124' title='bbox 1139 1310 1156 1341; x_wconf 74' lang='grc' dir='ltr'><strong>ι</strong></span> <span class='ocrx_word' id='word_1_125' title='bbox 1182 1288 1395 1355; x_wconf 87' lang='grc' dir='ltr'>ἐπάγει,</span> <span class='ocrx_word' id='word_1_126' title='bbox 1422 1302 1440 1334; x_wconf 75' lang='grc' dir='ltr'><strong>ι</strong></span> <span class='ocrx_word' id='word_1_127' title='bbox 1477 1281 1586 1335; x_wconf 71' lang='grc' dir='ltr'>Καὶ</span> <span class='ocrx_word' id='word_1_128' title='bbox 1608 1282 1742 1332; x_wconf 87' lang='grc' dir='ltr'>ἀπε-</span> 
     </span>
    </p>
   </div>
   <div class='ocr_carea' id='block_1_17' title="bbox 169 1368 1742 1469">
    <p class='ocr_par' dir='ltr' id='par_1_17' title="bbox 169 1368 1742 1469">
     <span class='ocr_line' id='line_1_17' title="bbox 169 1368 1742 1469; baseline -0.021 -17"><span class='ocrx_word' id='word_1_129' title='bbox 169 1368 335 1469; x_wconf 80' lang='grc' dir='ltr'>κρίθη</span> <span class='ocrx_word' id='word_1_130' title='bbox 366 1398 396 1449; x_wconf 93' lang='lat'><strong>6</strong></span> <span class='ocrx_word' id='word_1_131' title='bbox 425 1394 563 1465; x_wconf 77' lang='grc' dir='ltr'>ἀνὴρ</span> <span class='ocrx_word' id='word_1_132' title='bbox 594 1394 622 1445; x_wconf 94' lang='lat'><strong>6</strong></span> <span class='ocrx_word' id='word_1_133' title='bbox 647 1386 962 1459; x_wconf 79' lang='grc' dir='ltr'>ἐφεστηκὼς</span> <span class='ocrx_word' id='word_1_134' title='bbox 1002 1381 1271 1452; x_wconf 87' lang='grc' dir='ltr'>ἀναμέσον</span> <span class='ocrx_word' id='word_1_135' title='bbox 1296 1376 1401 1429; x_wconf 82' lang='grc' dir='ltr'>τῶν</span> <span class='ocrx_word' id='word_1_136' title='bbox 1427 1373 1617 1445; x_wconf 84' lang='grc' dir='ltr'>ὀρέων,</span> <span class='ocrx_word' id='word_1_137' title='bbox 1647 1368 1742 1422; x_wconf 75' lang='grc' dir='ltr'><strong>καὶ</strong></span> 
     </span>
    </p>
   </div>
   <div class='ocr_carea' id='block_1_18' title="bbox 170 1463 1743 1558">
    <p class='ocr_par' dir='ltr' id='par_1_18' title="bbox 170 1463 1743 1558">
     <span class='ocr_line' id='line_1_18' title="bbox 170 1463 1743 1558; baseline -0.02 -14"><span class='ocrx_word' id='word_1_138' title='bbox 170 1463 493 1558; x_wconf 38' lang='grc' dir='ltr'>είπεν-πρός</span> <span class='ocrx_word' id='word_1_139' title='bbox 659 1474 819 1536; x_wconf 75' lang='grc' dir='ltr'>Οὗτοί</span> <span class='ocrx_word' id='word_1_140' title='bbox 864 1480 1000 1531; x_wconf 74' lang='grc' dir='ltr'>εἰσιν</span> <span class='ocrx_word' id='word_1_141' title='bbox 1041 1475 1133 1537; x_wconf 86' lang='grc' dir='ltr'><strong>οὒς</strong></span> <span class='ocrx_word' id='word_1_142' title='bbox 1162 1467 1507 1535; x_wconf 77' lang='grc' dir='ltr'>ἐξαπέστειλε</span> <span class='ocrx_word' id='word_1_143' title='bbox 1542 1463 1743 1531; x_wconf 81' lang='grc' dir='ltr'>Κύριος</span> 
     </span>
    </p>
   </div>
   <div class='ocr_carea' id='block_1_19' title="bbox 172 1552 1742 1647">
    <p class='ocr_par' dir='ltr' id='par_1_19' title="bbox 172 1552 1742 1647">
     <span class='ocr_line' id='line_1_19' title="bbox 172 1552 1742 1647; baseline -0.018 -16"><span class='ocrx_word' id='word_1_144' title='bbox 172 1552 536 1647; x_wconf 23' lang='grc' dir='ltr'>περιοδεῦσαι*</span> <span class='ocrx_word' id='word_1_145' title='bbox 553 1573 651 1642; x_wconf 80' lang='grc' dir='ltr'>τὴν</span> <span class='ocrx_word' id='word_1_146' title='bbox 680 1572 818 1639; x_wconf 83' lang='grc' dir='ltr'>γῆν·</span> <span class='ocrx_word' id='word_1_147' title='bbox 862 1588 879 1621; x_wconf 77' lang='grc' dir='ltr'><strong>ι</strong></span> <span class='ocrx_word' id='word_1_148' title='bbox 925 1570 1001 1635; x_wconf 89' lang='lat' dir='ltr'><strong>(p.</strong></span> <span class='ocrx_word' id='word_1_149' title='bbox 1038 1565 1162 1633; x_wconf 68' lang='grc'><strong>446)</strong></span> <span class='ocrx_word' id='word_1_150' title='bbox 1200 1559 1382 1629; x_wconf 86' lang='grc' dir='ltr'>σαφὼς</span> <span class='ocrx_word' id='word_1_151' title='bbox 1420 1555 1630 1615; x_wconf 79' lang='grc' dir='ltr'>δεικνὺς</span> <span class='ocrx_word' id='word_1_152' title='bbox 1662 1552 1742 1604; x_wconf 87' lang='grc' dir='ltr'><strong>ὃτι</strong></span> 
     </span>
    </p>
   </div>
   <div class='ocr_carea' id='block_1_20' title="bbox 172 1643 1742 1730">
    <p class='ocr_par' dir='ltr' id='par_1_20' title="bbox 172 1643 1742 1730">
     <span class='ocr_line' id='line_1_20' title="bbox 172 1643 1742 1730; baseline -0.018 -8"><span class='ocrx_word' id='word_1_153' title='bbox 172 1643 335 1730; x_wconf 74' lang='grc' dir='ltr'>αὐτὸς</span> <span class='ocrx_word' id='word_1_154' title='bbox 368 1668 575 1727; x_wconf 85' lang='grc' dir='ltr'>ἐκεῖνος</span> <span class='ocrx_word' id='word_1_155' title='bbox 596 1665 624 1717; x_wconf 98' lang='lat'><strong>6</strong></span> <span class='ocrx_word' id='word_1_156' title='bbox 652 1662 831 1729; x_wconf 75' lang='grc' dir='ltr'>ὀφθεὶς</span> <span class='ocrx_word' id='word_1_157' title='bbox 858 1657 1007 1727; x_wconf 82' lang='grc' dir='ltr'>αὐτῷ</span> <span class='ocrx_word' id='word_1_158' title='bbox 1027 1655 1163 1726; x_wconf 82' lang='grc' dir='ltr'>ἀνὴρ</span> <span class='ocrx_word' id='word_1_159' title='bbox 1192 1656 1249 1705; x_wconf 86' lang='grc' dir='ltr'><strong>ἐν</strong></span> <span class='ocrx_word' id='word_1_160' title='bbox 1277 1652 1426 1722; x_wconf 82' lang='grc' dir='ltr'>μέσῳ</span> <span class='ocrx_word' id='word_1_161' title='bbox 1447 1648 1554 1701; x_wconf 81' lang='grc' dir='ltr'>τῶν</span> <span class='ocrx_word' id='word_1_162' title='bbox 1575 1643 1742 1715; x_wconf 85' lang='grc' dir='ltr'>ὀρέων</span> 
     </span>
    </p>
   </div>
   <div class='ocr_carea' id='block_1_21' title="bbox 1839 639 3417 730">
    <p class='ocr_par' dir='ltr' id='par_1_21' title="bbox 1839 639 3417 730">
     <span class='ocr_line' id='line_1_21' title="bbox 1839 639 3417 730; baseline -0.013 -19"><span class='ocrx_word' id='word_1_163' title='bbox 1839 657 2319 730; x_wconf 67' lang='grc' dir='ltr'>ιὲιινεεηε,ι)θιτε,</span> <span class='ocrx_word' id='word_1_164' title='bbox 2345 650 2533 705; x_wconf 86' lang='lat' dir='ltr'><strong>occide</strong></span> <span class='ocrx_word' id='word_1_165' title='bbox 2570 661 2624 703; x_wconf 89' lang='lat' dir='ltr'><strong>et</strong></span> <span class='ocrx_word' id='word_1_166' title='bbox 2670 650 2956 702; x_wconf 86' lang='lat' dir='ltr'><strong>manduca.</strong></span> <span class='ocrx_word' id='word_1_167' title='bbox 2999 664 3018 698; x_wconf 84' lang='grc'>›</span> <span class='ocrx_word' id='word_1_168' title='bbox 3048 643 3200 696; x_wconf 80' lang='lat' dir='ltr'><strong>Patet</strong></span> <span class='ocrx_word' id='word_1_169' title='bbox 3255 639 3417 694; x_wconf 89' lang='lat' dir='ltr'><strong>nimi-</strong></span> 
     </span>
    </p>
   </div>
   <div class='ocr_carea' id='block_1_22' title="bbox 1836 733 3414 811">
    <p class='ocr_par' dir='ltr' id='par_1_22' title="bbox 1836 733 3414 811">
     <span class='ocr_line' id='line_1_22' title="bbox 1836 733 3414 811; baseline -0.012 -11"><span class='ocrx_word' id='word_1_170' title='bbox 1836 763 1955 800; x_wconf 85' lang='lat' dir='ltr'><strong>rum</strong></span> <span class='ocrx_word' id='word_1_171' title='bbox 2003 746 2146 800; x_wconf 91' lang='lat' dir='ltr'><strong>haud</strong></span> <span class='ocrx_word' id='word_1_172' title='bbox 2192 745 2259 798; x_wconf 91' lang='lat' dir='ltr'><strong>de</strong></span> <span class='ocrx_word' id='word_1_173' title='bbox 2306 745 2461 797; x_wconf 73' lang='lat' dir='ltr'><strong>caelis</strong></span> <span class='ocrx_word' id='word_1_174' title='bbox 2508 743 2770 811; x_wconf 87' lang='lat' dir='ltr'><strong>allapsam</strong></span> <span class='ocrx_word' id='word_1_175' title='bbox 2802 736 3111 804; x_wconf 88' lang='lat' dir='ltr'><strong>hujusmodi</strong></span> <span class='ocrx_word' id='word_1_176' title='bbox 3143 733 3207 786; x_wconf 91' lang='lat' dir='ltr'><strong>ad</strong></span> <span class='ocrx_word' id='word_1_177' title='bbox 3262 733 3414 784; x_wconf 91' lang='lat' dir='ltr'><strong>illum</strong></span> 
     </span>
    </p>
   </div>
   <div class='ocr_carea' id='block_1_23' title="bbox 1837 824 3414 902">
    <p class='ocr_par' dir='ltr' id='par_1_23' title="bbox 1837 824 3414 902">
     <span class='ocr_line' id='line_1_23' title="bbox 1837 824 3414 902; baseline -0.011 -11"><span class='ocrx_word' id='word_1_178' title='bbox 1837 853 2087 892; x_wconf 81' lang='lat' dir='ltr'><strong>vocem:</strong></span> <span class='ocrx_word' id='word_1_179' title='bbox 2136 836 2336 902; x_wconf 85' lang='lat' dir='ltr'><strong>alioqui</strong></span> <span class='ocrx_word' id='word_1_180' title='bbox 2405 834 2718 888; x_wconf 54' lang='lat' dir='ltr'><strong>universum</strong></span> <span class='ocrx_word' id='word_1_181' title='bbox 2793 829 3054 883; x_wconf 83' lang='lat' dir='ltr'><strong>mundum</strong></span> <span class='ocrx_word' id='word_1_182' title='bbox 3131 824 3414 891; x_wconf 75' lang='lat' dir='ltr'><strong>implesset</strong></span> 
     </span>
    </p>
   </div>
   <div class='ocr_carea' id='block_1_24' title="bbox 1837 913 3413 990">
    <p class='ocr_par' dir='ltr' id='par_1_24' title="bbox 1837 913 3413 990">
     <span class='ocr_line' id='line_1_24' title="bbox 1837 913 3413 990; baseline -0.013 -8"><span class='ocrx_word' id='word_1_183' title='bbox 1837 928 1994 982; x_wconf 72' lang='lat' dir='ltr'><strong>dictae</strong></span> <span class='ocrx_word' id='word_1_184' title='bbox 2031 928 2107 980; x_wconf 85' lang='lat' dir='ltr'><strong>rei</strong></span> <span class='ocrx_word' id='word_1_185' title='bbox 2136 926 2363 990; x_wconf 81' lang='lat' dir='ltr'><strong>notitia;</strong></span> <span class='ocrx_word' id='word_1_186' title='bbox 2412 924 2506 979; x_wconf 90' lang='lat' dir='ltr'><strong>sed</strong></span> <span class='ocrx_word' id='word_1_187' title='bbox 2541 925 2595 977; x_wconf 86' lang='lat' dir='ltr'><strong>in</strong></span> <span class='ocrx_word' id='word_1_188' title='bbox 2628 938 2693 977; x_wconf 87' lang='lat' dir='ltr'><strong>eo</strong></span> <span class='ocrx_word' id='word_1_189' title='bbox 2732 920 3142 988; x_wconf 86' lang='lat' dir='ltr'><strong>imprimebatur</strong></span> <span class='ocrx_word' id='word_1_190' title='bbox 3179 930 3279 966; x_wconf 74' lang='lat' dir='ltr'><strong>vox</strong></span> <span class='ocrx_word' id='word_1_191' title='bbox 3320 913 3413 963; x_wconf 89' lang='lat' dir='ltr'><strong>illa</strong></span> 
     </span>
    </p>
   </div>
   <div class='ocr_carea' id='block_1_25' title="bbox 1838 1005 3418 1087">
    <p class='ocr_par' dir='ltr' id='par_1_25' title="bbox 1838 1005 3418 1087">
     <span class='ocr_line' id='line_1_25' title="bbox 1838 1005 3418 1087; baseline -0.011 -16"><span class='ocrx_word' id='word_1_192' title='bbox 1838 1026 2093 1087; x_wconf 77' lang='lat' dir='ltr'><strong>tanquam</strong></span> <span class='ocrx_word' id='word_1_193' title='bbox 2123 1016 2338 1070; x_wconf 74' lang='lat' dir='ltr'><strong>cmlitus</strong></span> <span class='ocrx_word' id='word_1_194' title='bbox 2377 1014 2441 1066; x_wconf 86' lang='lat' dir='ltr'><strong>ad</strong></span> <span class='ocrx_word' id='word_1_195' title='bbox 2469 1028 2591 1064; x_wconf 90' lang='lat' dir='ltr'><strong>eum</strong></span> <span class='ocrx_word' id='word_1_196' title='bbox 2614 1011 2872 1063; x_wconf 87' lang='lat' dir='ltr'><strong>demissa.</strong></span> <span class='ocrx_word' id='word_1_197' title='bbox 2914 1005 3065 1071; x_wconf 88' lang='lat' dir='ltr'><strong>Quod</strong></span> <span class='ocrx_word' id='word_1_198' title='bbox 3099 1018 3224 1056; x_wconf 76' lang='lat' dir='ltr'><strong>vero</strong></span> <span class='ocrx_word' id='word_1_199' title='bbox 3254 1016 3418 1068; x_wconf 85' lang='lat' dir='ltr'><strong>ange-</strong></span> 
     </span>
    </p>
   </div>
   <div class='ocr_carea' id='block_1_26' title="bbox 1842 1091 3419 1175">
    <p class='ocr_par' dir='ltr' id='par_1_26' title="bbox 1842 1091 3419 1175">
     <span class='ocr_line' id='line_1_26' title="bbox 1842 1091 3419 1175; baseline -0.013 -13"><span class='ocrx_word' id='word_1_200' title='bbox 1842 1111 1951 1162; x_wconf 92' lang='lat' dir='ltr'><strong>lum</strong></span> <span class='ocrx_word' id='word_1_201' title='bbox 1974 1107 2075 1162; x_wconf 83' lang='lat' dir='ltr'><strong>sibi</strong></span> <span class='ocrx_word' id='word_1_202' title='bbox 2102 1106 2404 1175; x_wconf 82' lang='lat' dir='ltr'><strong>loquentem</strong></span> <span class='ocrx_word' id='word_1_203' title='bbox 2427 1102 2559 1155; x_wconf 85' lang='lat' dir='ltr'><strong>dicit</strong></span> <span class='ocrx_word' id='word_1_204' title='bbox 2588 1102 2736 1154; x_wconf 92' lang='lat' dir='ltr'><strong>illum</strong></span> <span class='ocrx_word' id='word_1_205' title='bbox 2770 1099 2861 1167; x_wconf 90' lang='lat' dir='ltr'><strong>qui</strong></span> <span class='ocrx_word' id='word_1_206' title='bbox 2890 1098 3011 1150; x_wconf 87' lang='lat' dir='ltr'><strong>rufo</strong></span> <span class='ocrx_word' id='word_1_207' title='bbox 3036 1108 3177 1163; x_wconf 87' lang='lat' dir='ltr'><strong>equo</strong></span> <span class='ocrx_word' id='word_1_208' title='bbox 3215 1091 3419 1144; x_wconf 80' lang='lat' dir='ltr'><strong>inside-</strong></span> 
     </span>
    </p>
   </div>
   <div class='ocr_carea' id='block_1_27' title="bbox 1842 1180 3416 1261">
    <p class='ocr_par' dir='ltr' id='par_1_27' title="bbox 1842 1180 3416 1261">
     <span class='ocr_line' id='line_1_27' title="bbox 1842 1180 3416 1261; baseline -0.014 -6"><span class='ocrx_word' id='word_1_209' title='bbox 1842 1202 1952 1261; x_wconf 81' lang='lat' dir='ltr'><strong>bat,</strong></span> <span class='ocrx_word' id='word_1_210' title='bbox 1990 1195 2332 1250; x_wconf 89' lang='lat' dir='ltr'><strong>manifestum</strong></span> <span class='ocrx_word' id='word_1_211' title='bbox 2359 1202 2460 1247; x_wconf 90' lang='lat' dir='ltr'><strong>est.</strong></span> <span class='ocrx_word' id='word_1_212' title='bbox 2498 1190 2632 1245; x_wconf 87' lang='lat' dir='ltr'><strong>Nam</strong></span> <span class='ocrx_word' id='word_1_213' title='bbox 2664 1199 2945 1259; x_wconf 85' lang='lat' dir='ltr'><strong>postquam</strong></span> <span class='ocrx_word' id='word_1_214' title='bbox 2979 1188 3075 1247; x_wconf 88' lang='lat' dir='ltr'><strong>ait,</strong></span> <span class='ocrx_word' id='word_1_215' title='bbox 3123 1203 3140 1236; x_wconf 79' lang='grc' dir='ltr'><strong>ι</strong></span> <span class='ocrx_word' id='word_1_216' title='bbox 3182 1182 3290 1250; x_wconf 81' lang='lat' dir='ltr'><strong>Ego</strong></span> <span class='ocrx_word' id='word_1_217' title='bbox 3319 1180 3416 1233; x_wconf 89' lang='lat' dir='ltr'><strong>tibi</strong></span> 
     </span>
    </p>
   </div>
   <div class='ocr_carea' id='block_1_28' title="bbox 1840 1269 3419 1353">
    <p class='ocr_par' dir='ltr' id='par_1_28' title="bbox 1840 1269 3419 1353">
     <span class='ocr_line' id='line_1_28' title="bbox 1840 1269 3419 1353; baseline -0.013 -11"><span class='ocrx_word' id='word_1_218' title='bbox 1840 1285 2120 1342; x_wconf 86' lang='lat' dir='ltr'><strong>ostendam</strong></span> <span class='ocrx_word' id='word_1_219' title='bbox 2148 1284 2274 1353; x_wconf 91' lang='lat' dir='ltr'><strong>quid</strong></span> <span class='ocrx_word' id='word_1_220' title='bbox 2308 1283 2417 1336; x_wconf 88' lang='lat' dir='ltr'><strong>sint</strong></span> <span class='ocrx_word' id='word_1_221' title='bbox 2450 1281 2582 1344; x_wconf 73' lang='lat' dir='ltr'><strong>haec,</strong></span> <span class='ocrx_word' id='word_1_222' title='bbox 2616 1300 2634 1332; x_wconf 82' lang='lat'><strong>)</strong></span> <span class='ocrx_word' id='word_1_223' title='bbox 2661 1278 2829 1341; x_wconf 82' lang='lat' dir='ltr'><strong>addit,</strong></span> <span class='ocrx_word' id='word_1_224' title='bbox 2869 1295 2887 1327; x_wconf 76' lang='grc' dir='ltr'><strong>ι</strong></span> <span class='ocrx_word' id='word_1_225' title='bbox 2929 1275 2993 1328; x_wconf 87' lang='lat' dir='ltr'><strong>Et</strong></span> <span class='ocrx_word' id='word_1_226' title='bbox 3021 1271 3296 1341; x_wconf 84' lang='lat' dir='ltr'><strong>respondit</strong></span> <span class='ocrx_word' id='word_1_227' title='bbox 3325 1269 3419 1337; x_wconf 85' lang='lat' dir='ltr'><strong>qui</strong></span> 
     </span>
    </p>
   </div>
   <div class='ocr_carea' id='block_1_29' title="bbox 1843 1364 3420 1437">
    <p class='ocr_par' dir='ltr' id='par_1_29' title="bbox 1843 1364 3420 1437">
     <span class='ocr_line' id='line_1_29' title="bbox 1843 1364 3420 1437; baseline -0.013 -6"><span class='ocrx_word' id='word_1_228' title='bbox 1843 1378 2024 1431; x_wconf 85' lang='lat' dir='ltr'><strong>stabat</strong></span> <span class='ocrx_word' id='word_1_229' title='bbox 2060 1376 2201 1428; x_wconf 88' lang='lat' dir='ltr'><strong>inter</strong></span> <span class='ocrx_word' id='word_1_230' title='bbox 2233 1380 2466 1435; x_wconf 88' lang='lat' dir='ltr'><strong>montes,</strong></span> <span class='ocrx_word' id='word_1_231' title='bbox 2506 1369 2747 1437; x_wconf 83' lang='lat' dir='ltr'><strong>dixitque</strong></span> <span class='ocrx_word' id='word_1_232' title='bbox 2788 1367 2920 1419; x_wconf 88' lang='lat' dir='ltr'><strong>mihi</strong></span> <span class='ocrx_word' id='word_1_233' title='bbox 2954 1384 2966 1417; x_wconf 92' lang='lat'><strong>:</strong></span> <span class='ocrx_word' id='word_1_234' title='bbox 3001 1364 3088 1418; x_wconf 92' lang='lat' dir='ltr'><strong>lsti</strong></span> <span class='ocrx_word' id='word_1_235' title='bbox 3125 1369 3251 1416; x_wconf 87' lang='lat' dir='ltr'><strong>sunt</strong></span> <span class='ocrx_word' id='word_1_236' title='bbox 3282 1373 3420 1427; x_wconf 89' lang='lat' dir='ltr'><strong>quos</strong></span> 
     </span>
    </p>
   </div>
   <div class='ocr_carea' id='block_1_30' title="bbox 1844 1449 3419 1522">
    <p class='ocr_par' dir='ltr' id='par_1_30' title="bbox 1844 1449 3419 1522">
     <span class='ocr_line' id='line_1_30' title="bbox 1844 1449 3419 1522; baseline -0.013 0"><span class='ocrx_word' id='word_1_237' title='bbox 1844 1469 1992 1522; x_wconf 89' lang='lat' dir='ltr'><strong>misit</strong></span> <span class='ocrx_word' id='word_1_238' title='bbox 2029 1465 2288 1518; x_wconf 89' lang='lat' dir='ltr'><strong>Dominus</strong></span> <span class='ocrx_word' id='word_1_239' title='bbox 2320 1473 2377 1515; x_wconf 90' lang='lat' dir='ltr'><strong>ut</strong></span> <span class='ocrx_word' id='word_1_240' title='bbox 2408 1470 2609 1516; x_wconf 88' lang='lat' dir='ltr'><strong>terram</strong></span> <span class='ocrx_word' id='word_1_241' title='bbox 2642 1458 2997 1513; x_wconf 82' lang='lat' dir='ltr'><strong>circumirent</strong></span> <span class='ocrx_word' id='word_1_242' title='bbox 3031 1470 3045 1508; x_wconf 90' lang='lat'>:</span> <span class='ocrx_word' id='word_1_243' title='bbox 3079 1472 3096 1504; x_wconf 73' lang='grc' dir='ltr'><strong>ι</strong></span> <span class='ocrx_word' id='word_1_244' title='bbox 3130 1449 3419 1505; x_wconf 81' lang='lat' dir='ltr'><strong>manifeste</strong></span> 
     </span>
    </p>
   </div>
   <div class='ocr_carea' id='block_1_31' title="bbox 1844 1543 3425 1624">
    <p class='ocr_par' dir='ltr' id='par_1_31' title="bbox 1844 1543 3425 1624">
     <span class='ocr_line' id='line_1_31' title="bbox 1844 1543 3425 1624; baseline -0.013 -9"><span class='ocrx_word' id='word_1_245' title='bbox 1844 1560 2173 1621; x_wconf 80' lang='lat' dir='ltr'><strong>ostendens,</strong></span> <span class='ocrx_word' id='word_1_246' title='bbox 2250 1556 2399 1609; x_wconf 88' lang='lat' dir='ltr'><strong>illum</strong></span> <span class='ocrx_word' id='word_1_247' title='bbox 2474 1570 2566 1624; x_wconf 81' lang='lat' dir='ltr'><strong>qui</strong></span> <span class='ocrx_word' id='word_1_248' title='bbox 2640 1557 2967 1622; x_wconf 87' lang='lat' dir='ltr'><strong>apparuerat</strong></span> <span class='ocrx_word' id='word_1_249' title='bbox 3037 1547 3213 1601; x_wconf 90' lang='lat' dir='ltr'><strong>visum</strong></span> <span class='ocrx_word' id='word_1_250' title='bbox 3284 1543 3425 1596; x_wconf 77' lang='lat' dir='ltr'><strong>inter</strong></span> 
     </span>
    </p>
   </div>
   <div class='ocr_carea' id='block_1_32' title="bbox 1845 1634 3422 1710">
    <p class='ocr_par' dir='ltr' id='par_1_32' title="bbox 1845 1634 3422 1710">
     <span class='ocr_line' id='line_1_32' title="bbox 1845 1634 3422 1710; baseline -0.014 -4"><span class='ocrx_word' id='word_1_251' title='bbox 1845 1660 2059 1707; x_wconf 85' lang='lat' dir='ltr'><strong>montes</strong></span> <span class='ocrx_word' id='word_1_252' title='bbox 2108 1648 2416 1710; x_wconf 90' lang='lat' dir='ltr'><strong>umbrosos,</strong></span> <span class='ocrx_word' id='word_1_253' title='bbox 2458 1644 2703 1698; x_wconf 89' lang='lat' dir='ltr'><strong>eumdem</strong></span> <span class='ocrx_word' id='word_1_254' title='bbox 2738 1656 2860 1697; x_wconf 89' lang='lat' dir='ltr'><strong>esse</strong></span> <span class='ocrx_word' id='word_1_255' title='bbox 2888 1639 2981 1708; x_wconf 90' lang='lat' dir='ltr'><strong>qui</strong></span> <span class='ocrx_word' id='word_1_256' title='bbox 3012 1638 3067 1689; x_wconf 92' lang='lat' dir='ltr'><strong>in</strong></span> <span class='ocrx_word' id='word_1_257' title='bbox 3127 1649 3192 1689; x_wconf 90' lang='lat' dir='ltr'><strong>eo</strong></span> <span class='ocrx_word' id='word_1_258' title='bbox 3226 1634 3422 1702; x_wconf 88' lang='lat' dir='ltr'><strong>loque-</strong></span> 
     </span>
    </p>
   </div>
   <div class='ocr_carea' id='block_1_33' title="bbox 171 1724 1764 1821">
    <p class='ocr_par' dir='ltr' id='par_1_33' title="bbox 171 1735 1744 1821">
     <span class='ocr_line' id='line_1_33' title="bbox 171 1735 1744 1821; baseline -0.017 -8"><span class='ocrx_word' id='word_1_259' title='bbox 171 1760 277 1813; x_wconf 80' lang='grc' dir='ltr'><strong>τῶν</strong></span> <span class='ocrx_word' id='word_1_260' title='bbox 318 1757 654 1819; x_wconf 81' lang='grc' dir='ltr'>κατασκίων,</span> <span class='ocrx_word' id='word_1_261' title='bbox 693 1752 854 1815; x_wconf 82' lang='grc' dir='ltr'>αὐτὸς</span> <span class='ocrx_word' id='word_1_262' title='bbox 884 1746 951 1821; x_wconf 73' lang='grc' dir='ltr'>ἦν</span> <span class='ocrx_word' id='word_1_263' title='bbox 987 1750 1015 1802; x_wconf 92' lang='lat'><strong>6</strong></span> <span class='ocrx_word' id='word_1_264' title='bbox 1055 1745 1234 1802; x_wconf 84' lang='grc' dir='ltr'>λαλῶν</span> <span class='ocrx_word' id='word_1_265' title='bbox 1265 1746 1321 1796; x_wconf 85' lang='grc' dir='ltr'><strong>ἐν</strong></span> <span class='ocrx_word' id='word_1_266' title='bbox 1346 1739 1520 1810; x_wconf 81' lang='grc' dir='ltr'>αὐτῷ’</span> <span class='ocrx_word' id='word_1_267' title='bbox 1561 1738 1620 1799; x_wconf 85' lang='grc' dir='ltr'>ὃς</span> <span class='ocrx_word' id='word_1_268' title='bbox 1652 1735 1744 1788; x_wconf 73' lang='grc' dir='ltr'><strong>καὶ</strong></span> 
     </span>
    </p>
   </div>
   <div class='ocr_carea' id='block_1_34' title="bbox 1871 1724 3425 1821">
    <p class='ocr_par' dir='ltr' id='par_1_34' title="bbox 1871 1724 3425 1809">
     <span class='ocr_line' id='line_1_34' title="bbox 1871 1724 3425 1809; baseline -0.014 -13"><span class='ocrx_word' id='word_1_269' title='bbox 1871 1750 2041 1805; x_wconf 82' lang='lat' dir='ltr'><strong>)atur,</strong></span> <span class='ocrx_word' id='word_1_270' title='bbox 2071 1748 2124 1795; x_wconf 93' lang='lat' dir='ltr'><strong>et</strong></span> <span class='ocrx_word' id='word_1_271' title='bbox 2155 1739 2245 1809; x_wconf 91' lang='lat' dir='ltr'><strong>qui</strong></span> <span class='ocrx_word' id='word_1_272' title='bbox 2277 1740 2322 1792; x_wconf 91' lang='lat' dir='ltr'><strong>ei</strong></span> <span class='ocrx_word' id='word_1_273' title='bbox 2366 1742 2645 1805; x_wconf 86' lang='lat' dir='ltr'><strong>receperat</strong></span> <span class='ocrx_word' id='word_1_274' title='bbox 2678 1733 2962 1787; x_wconf 90' lang='lat' dir='ltr'><strong>docturum</strong></span> <span class='ocrx_word' id='word_1_275' title='bbox 2999 1742 3120 1783; x_wconf 86' lang='lat' dir='ltr'><strong>esse</strong></span> <span class='ocrx_word' id='word_1_276' title='bbox 3152 1724 3425 1795; x_wconf 89' lang='lat' dir='ltr'><strong>quodnam</strong></span> 
     </span>
    </p>
   </div>
   <div class='ocr_carea' id='block_1_35' title="bbox 170 1824 1739 1913">
    <p class='ocr_par' dir='ltr' id='par_1_35' title="bbox 170 1824 1739 1913">
     <span class='ocr_line' id='line_1_35' title="bbox 170 1824 1739 1913; baseline -0.02 -11"><span class='ocrx_word' id='word_1_277' title='bbox 170 1848 406 1913; x_wconf 78' lang='grc' dir='ltr'>διδάξειν</span> <span class='ocrx_word' id='word_1_278' title='bbox 431 1844 592 1899; x_wconf 78' lang='grc' dir='ltr'>αὑτὸν</span> <span class='ocrx_word' id='word_1_279' title='bbox 618 1842 901 1911; x_wconf 83' lang='grc' dir='ltr'>ὑπέσχετο,</span> <span class='ocrx_word' id='word_1_280' title='bbox 924 1837 1044 1891; x_wconf 87' lang='grc' dir='ltr'>τίνα</span> <span class='ocrx_word' id='word_1_281' title='bbox 1061 1836 1124 1905; x_wconf 85' lang='grc' dir='ltr'><strong>δὴ</strong></span> <span class='ocrx_word' id='word_1_282' title='bbox 1142 1831 1313 1887; x_wconf 90' lang='grc' dir='ltr'>ταῦτα</span> <span class='ocrx_word' id='word_1_283' title='bbox 1329 1828 1396 1881; x_wconf 87' lang='grc' dir='ltr'>τὰ</span> <span class='ocrx_word' id='word_1_284' title='bbox 1414 1825 1520 1878; x_wconf 84' lang='grc' dir='ltr'><strong>τῶν</strong></span> <span class='ocrx_word' id='word_1_285' title='bbox 1540 1824 1739 1875; x_wconf 73' lang='grc' dir='ltr'><strong>ἵππων⁸</strong></span> 
     </span>
    </p>
   </div>
   <div class='ocr_carea' id='block_1_36' title="bbox 170 1912 1755 1997">
    <p class='ocr_par' dir='ltr' id='par_1_36' title="bbox 170 1912 1755 1997">
     <span class='ocr_line' id='line_1_36' title="bbox 170 1912 1755 1997; baseline -0.011 -14"><span class='ocrx_word' id='word_1_286' title='bbox 170 1933 264 1983; x_wconf 76' lang='grc' dir='ltr'><strong>καὶ</strong></span> <span class='ocrx_word' id='word_1_287' title='bbox 308 1931 375 1997; x_wconf 66' lang='grc' dir='ltr'><strong>(ἰὴ</strong></span> <span class='ocrx_word' id='word_1_288' title='bbox 415 1936 508 1981; x_wconf 78' lang='grc' dir='ltr'><strong>καὶ</strong></span> <span class='ocrx_word' id='word_1_289' title='bbox 555 1927 789 1989; x_wconf 79' lang='grc' dir='ltr'>ἐδίδαξεν</span> <span class='ocrx_word' id='word_1_290' title='bbox 823 1922 992 1979; x_wconf 77' lang='grc' dir='ltr'>εἰπὼν</span> <span class='ocrx_word' id='word_1_291' title='bbox 1038 1920 1271 1989; x_wconf 79' lang='grc' dir='ltr'>καθεξῆς</span> <span class='ocrx_word' id='word_1_292' title='bbox 1301 1920 1402 1981; x_wconf 81' lang='grc' dir='ltr'>ὅτι,</span> <span class='ocrx_word' id='word_1_293' title='bbox 1431 1912 1583 1971; x_wconf 76' lang='grc' dir='ltr'>Οὗτοι</span> <span class='ocrx_word' id='word_1_294' title='bbox 1618 1914 1755 1968; x_wconf 73' lang='grc' dir='ltr'>εἰσὶν</span> 
     </span>
    </p>
   </div>
   <div class='ocr_carea' id='block_1_37' title="bbox 170 2006 1755 2090">
    <p class='ocr_par' dir='ltr' id='par_1_37' title="bbox 170 2006 1755 2090">
     <span class='ocr_line' id='line_1_37' title="bbox 170 2006 1755 2090; baseline -0.01 -17"><span class='ocrx_word' id='word_1_295' title='bbox 170 2023 219 2073; x_wconf 77' lang='grc' dir='ltr'>οἱ</span> <span class='ocrx_word' id='word_1_296' title='bbox 257 2019 571 2090; x_wconf 81' lang='grc' dir='ltr'>πέμπεσθαι</span> <span class='ocrx_word' id='word_1_297' title='bbox 609 2016 857 2078; x_wconf 78' lang='grc' dir='ltr'>εἰωθότες</span> <span class='ocrx_word' id='word_1_298' title='bbox 903 2012 1055 2084; x_wconf 81' lang='grc' dir='ltr'>παρὰ</span> <span class='ocrx_word' id='word_1_299' title='bbox 1102 2010 1197 2064; x_wconf 89' lang='grc' dir='ltr'><strong>τοῦ</strong></span> <span class='ocrx_word' id='word_1_300' title='bbox 1247 2009 1381 2063; x_wconf 89' lang='grc' dir='ltr'>Θεοῦ</span> <span class='ocrx_word' id='word_1_301' title='bbox 1422 2009 1512 2061; x_wconf 77' lang='grc' dir='ltr'><strong>ἐπὶ</strong></span> <span class='ocrx_word' id='word_1_302' title='bbox 1551 2007 1629 2077; x_wconf 81' lang='grc' dir='ltr'><strong>τῷ</strong></span> <span class='ocrx_word' id='word_1_303' title='bbox 1658 2006 1755 2077; x_wconf 84' lang='grc' dir='ltr'>τὴν</span> 
     </span>
    </p>
   </div>
   <div class='ocr_carea' id='block_1_38' title="bbox 173 2098 1757 2179">
    <p class='ocr_par' dir='ltr' id='par_1_38' title="bbox 173 2098 1757 2179">
     <span class='ocr_line' id='line_1_38' title="bbox 173 2098 1757 2179; baseline -0.008 -18"><span class='ocrx_word' id='word_1_304' title='bbox 173 2112 273 2179; x_wconf 74' lang='grc' dir='ltr'>γῆν</span> <span class='ocrx_word' id='word_1_305' title='bbox 305 2110 527 2162; x_wconf 79' lang='grc' dir='ltr'>ἆπαεαν</span> <span class='ocrx_word' id='word_1_306' title='bbox 562 2105 912 2177; x_wconf 86' lang='grc' dir='ltr'>ἐκπεριῖέναι,</span> <span class='ocrx_word' id='word_1_307' title='bbox 962 2103 1056 2155; x_wconf 71' lang='grc' dir='ltr'>καὶ</span> <span class='ocrx_word' id='word_1_308' title='bbox 1098 2101 1195 2172; x_wconf 80' lang='grc' dir='ltr'><strong>τὴν</strong></span> <span class='ocrx_word' id='word_1_309' title='bbox 1242 2101 1584 2170; x_wconf 87' lang='grc' dir='ltr'>καθήκουσαν</span> <span class='ocrx_word' id='word_1_310' title='bbox 1629 2098 1757 2149; x_wconf 86' lang='grc' dir='ltr'>ἐκα-</span> 
     </span>
    </p>
   </div>
   <div class='ocr_carea' id='block_1_39' title="bbox 176 2187 1755 2269">
    <p class='ocr_par' dir='ltr' id='par_1_39' title="bbox 176 2187 1755 2269">
     <span class='ocr_line' id='line_1_39' title="bbox 176 2187 1755 2269; baseline -0.008 -17"><span class='ocrx_word' id='word_1_311' title='bbox 176 2199 374 2268; x_wconf 78' lang='grc' dir='ltr'>σταχοῦ</span> <span class='ocrx_word' id='word_1_312' title='bbox 404 2198 644 2269; x_wconf 83' lang='grc' dir='ltr'>πληροῦν</span> <span class='ocrx_word' id='word_1_313' title='bbox 674 2196 1013 2266; x_wconf 87' lang='grc' dir='ltr'>λειτουργίαν</span> <span class='ocrx_word' id='word_1_314' title='bbox 1036 2192 1177 2246; x_wconf 87' lang='grc' dir='ltr'><strong>κατά</strong></span> <span class='ocrx_word' id='word_1_315' title='bbox 1212 2193 1272 2245; x_wconf 73' lang='grc' dir='ltr'>τὸ</span> <span class='ocrx_word' id='word_1_316' title='bbox 1298 2190 1487 2244; x_wconf 86' lang='grc' dir='ltr'>δοκοῦν</span> <span class='ocrx_word' id='word_1_317' title='bbox 1514 2188 1592 2259; x_wconf 84' lang='grc' dir='ltr'><strong>τῷ</strong></span> <span class='ocrx_word' id='word_1_318' title='bbox 1615 2187 1755 2256; x_wconf 81' lang='grc' dir='ltr'>Θεῷ.</span> 
     </span>
    </p>
   </div>
   <div class='ocr_carea' id='block_1_40' title="bbox 178 2278 1758 2359">
    <p class='ocr_par' dir='ltr' id='par_1_40' title="bbox 178 2278 1758 2359">
     <span class='ocr_line' id='line_1_40' title="bbox 178 2278 1758 2359; baseline -0.009 -16"><span class='ocrx_word' id='word_1_319' title='bbox 178 2291 411 2359; x_wconf 64' lang='grc' dir='ltr'>Εὔδηλον</span> <span class='ocrx_word' id='word_1_320' title='bbox 448 2290 547 2359; x_wconf 84' lang='grc' dir='ltr'><strong>μὲν</strong></span> <span class='ocrx_word' id='word_1_321' title='bbox 585 2284 676 2343; x_wconf 80' lang='grc' dir='ltr'><strong>οὖν</strong></span> <span class='ocrx_word' id='word_1_322' title='bbox 712 2289 793 2341; x_wconf 81' lang='grc' dir='ltr'><strong>ὅτι</strong></span> <span class='ocrx_word' id='word_1_323' title='bbox 828 2286 957 2356; x_wconf 79' lang='grc' dir='ltr'>περὶ</span> <span class='ocrx_word' id='word_1_324' title='bbox 998 2284 1242 2352; x_wconf 87' lang='grc' dir='ltr'>ἀγγέλων</span> <span class='ocrx_word' id='word_1_325' title='bbox 1289 2281 1473 2353; x_wconf 66' lang='grc' dir='ltr'>φησιν’</span> <span class='ocrx_word' id='word_1_326' title='bbox 1512 2278 1758 2347; x_wconf 88' lang='grc' dir='ltr'>ἀγγέλων</span> 
     </span>
    </p>
   </div>
   <div class='ocr_carea' id='block_1_41' title="bbox 176 2369 1755 2451">
    <p class='ocr_par' dir='ltr' id='par_1_41' title="bbox 176 2369 1755 2451">
     <span class='ocr_line' id='line_1_41' title="bbox 176 2369 1755 2451; baseline -0.014 -9"><span class='ocrx_word' id='word_1_327' title='bbox 176 2382 282 2451; x_wconf 65' lang='grc' dir='ltr'><strong>γὰρ</strong></span> <span class='ocrx_word' id='word_1_328' title='bbox 320 2380 480 2451; x_wconf 68' lang='grc' dir='ltr'>ἔργον</span> <span class='ocrx_word' id='word_1_329' title='bbox 513 2379 698 2432; x_wconf 81' lang='grc' dir='ltr'>τοῦτο·</span> <span class='ocrx_word' id='word_1_330' title='bbox 744 2378 899 2431; x_wconf 85' lang='grc' dir='ltr'>τοῦτο</span> <span class='ocrx_word' id='word_1_331' title='bbox 937 2377 994 2429; x_wconf 83' lang='grc' dir='ltr'>δὲ</span> <span class='ocrx_word' id='word_1_332' title='bbox 1042 2377 1103 2428; x_wconf 88' lang='grc' dir='ltr'><strong>οὐ</strong></span> <span class='ocrx_word' id='word_1_333' title='bbox 1153 2375 1276 2436; x_wconf 79' lang='grc' dir='ltr'>τοὺς</span> <span class='ocrx_word' id='word_1_334' title='bbox 1323 2374 1524 2434; x_wconf 83' lang='grc' dir='ltr'>ἵππους</span> <span class='ocrx_word' id='word_1_335' title='bbox 1577 2369 1755 2437; x_wconf 80' lang='grc' dir='ltr'>λέγει·</span> 
     </span>
    </p>
   </div>
   <div class='ocr_carea' id='block_1_42' title="bbox 176 2463 1760 2542">
    <p class='ocr_par' dir='ltr' id='par_1_42' title="bbox 176 2463 1760 2542">
     <span class='ocr_line' id='line_1_42' title="bbox 176 2463 1760 2542; baseline -0.008 -17"><span class='ocrx_word' id='word_1_336' title='bbox 176 2473 298 2525; x_wconf 76' lang='grc' dir='ltr'>ὅθεν</span> <span class='ocrx_word' id='word_1_337' title='bbox 346 2474 439 2525; x_wconf 73' lang='grc' dir='ltr'><strong>καὶ</strong></span> <span class='ocrx_word' id='word_1_338' title='bbox 489 2473 516 2523; x_wconf 92' lang='lat'><strong>6</strong></span> <span class='ocrx_word' id='word_1_339' title='bbox 567 2471 901 2542; x_wconf 81' lang='grc' dir='ltr'>ἑρμηνεύων,</span> <span class='ocrx_word' id='word_1_340' title='bbox 958 2467 1290 2522; x_wconf 82' lang='grc' dir='ltr'>ἀπεστάλθαι</span> <span class='ocrx_word' id='word_1_341' title='bbox 1350 2465 1495 2531; x_wconf 84' lang='grc' dir='ltr'>λέγει</span> <span class='ocrx_word' id='word_1_342' title='bbox 1541 2463 1760 2523; x_wconf 81' lang='grc' dir='ltr'>τούτους</span> 
     </span>
    </p>
   </div>
   <div class='ocr_carea' id='block_1_43' title="bbox 180 2552 1761 2634">
    <p class='ocr_par' dir='ltr' id='par_1_43' title="bbox 180 2552 1761 2634">
     <span class='ocr_line' id='line_1_43' title="bbox 180 2552 1761 2634; baseline -0.009 -17"><span class='ocrx_word' id='word_1_343' title='bbox 180 2567 272 2617; x_wconf 75' lang='grc' dir='ltr'><strong>ἐπὶ</strong></span> <span class='ocrx_word' id='word_1_344' title='bbox 299 2566 361 2617; x_wconf 85' lang='grc' dir='ltr'><strong>τὸ</strong></span> <span class='ocrx_word' id='word_1_345' title='bbox 402 2564 744 2634; x_wconf 82' lang='grc' dir='ltr'>περιοδεῦσαι</span> <span class='ocrx_word' id='word_1_346' title='bbox 782 2564 879 2631; x_wconf 79' lang='grc' dir='ltr'><strong>τὴν</strong></span> <span class='ocrx_word' id='word_1_347' title='bbox 906 2560 1053 2631; x_wconf 82' lang='grc' dir='ltr'>γῆν,,</span> <span class='ocrx_word' id='word_1_348' title='bbox 1099 2561 1159 2612; x_wconf 82' lang='grc' dir='ltr'><strong>οὐ</strong></span> <span class='ocrx_word' id='word_1_349' title='bbox 1207 2560 1331 2621; x_wconf 79' lang='grc' dir='ltr'>τοὺς</span> <span class='ocrx_word' id='word_1_350' title='bbox 1374 2556 1589 2617; x_wconf 78' lang='grc' dir='ltr'>ἵππους,</span> <span class='ocrx_word' id='word_1_351' title='bbox 1627 2552 1761 2606; x_wconf 84' lang='grc' dir='ltr'><strong>ἀλλά</strong></span> 
     </span>
    </p>
   </div>
   <div class='ocr_carea' id='block_1_44' title="bbox 180 2640 1759 2725">
    <p class='ocr_par' dir='ltr' id='par_1_44' title="bbox 180 2640 1759 2725">
     <span class='ocr_line' id='line_1_44' title="bbox 180 2640 1759 2725; baseline -0.008 -18"><span class='ocrx_word' id='word_1_352' title='bbox 180 2659 306 2719; x_wconf 72' lang='grc' dir='ltr'>τοὺς</span> <span class='ocrx_word' id='word_1_353' title='bbox 351 2655 750 2725; x_wconf 80' lang='grc' dir='ltr'>ἐπιϐεϐηκότας</span> <span class='ocrx_word' id='word_1_354' title='bbox 794 2654 995 2721; x_wconf 80' lang='grc' dir='ltr'>λέγων·</span> <span class='ocrx_word' id='word_1_355' title='bbox 1026 2650 1336 2719; x_wconf 84' lang='grc' dir='ltr'>ἀναγκαίως</span> <span class='ocrx_word' id='word_1_356' title='bbox 1364 2649 1418 2701; x_wconf 77' lang='grc' dir='ltr'>δὲ</span> <span class='ocrx_word' id='word_1_357' title='bbox 1460 2647 1553 2699; x_wconf 72' lang='grc' dir='ltr'><strong>καὶ</strong></span> <span class='ocrx_word' id='word_1_358' title='bbox 1594 2640 1759 2703; x_wconf 73' lang='grc' dir='ltr'>οὗτοι,</span> 
     </span>
    </p>
   </div>
   <div class='ocr_carea' id='block_1_45' title="bbox 186 2739 1763 2816">
    <p class='ocr_par' dir='ltr' id='par_1_45' title="bbox 186 2739 1763 2816">
     <span class='ocr_line' id='line_1_45' title="bbox 186 2739 1763 2816; baseline -0.008 -15"><span class='ocrx_word' id='word_1_359' title='bbox 186 2750 278 2801; x_wconf 64' lang='lat' dir='ltr'><strong>ita</strong></span> <span class='ocrx_word' id='word_1_360' title='bbox 304 2747 545 2815; x_wconf 78' lang='grc' dir='ltr'>ἄγγελοι,</span> <span class='ocrx_word' id='word_1_361' title='bbox 578 2749 659 2816; x_wconf 84' lang='grc' dir='ltr'>ἐφ’</span> <span class='ocrx_word' id='word_1_362' title='bbox 689 2747 868 2799; x_wconf 82' lang='grc' dir='ltr'>ἵππων</span> <span class='ocrx_word' id='word_1_363' title='bbox 900 2744 1181 2813; x_wconf 79' lang='grc' dir='ltr'>ὤφθησαν,</span> <span class='ocrx_word' id='word_1_364' title='bbox 1234 2740 1374 2794; x_wconf 86' lang='grc' dir='ltr'><strong>κατά</strong></span> <span class='ocrx_word' id='word_1_365' title='bbox 1412 2740 1503 2792; x_wconf 85' lang='grc' dir='ltr'><strong>τὸν</strong></span> <span class='ocrx_word' id='word_1_366' title='bbox 1542 2739 1633 2791; x_wconf 78' lang='grc' dir='ltr'>ἐπὶ</span> <span class='ocrx_word' id='word_1_367' title='bbox 1672 2739 1763 2790; x_wconf 77' lang='grc' dir='ltr'><strong>τὸν</strong></span> 
     </span>
    </p>
   </div>
   <div class='ocr_carea' id='block_1_46' title="bbox 185 2829 1764 2906">
    <p class='ocr_par' dir='ltr' id='par_1_46' title="bbox 185 2829 1764 2906">
     <span class='ocr_line' id='line_1_46' title="bbox 185 2829 1764 2906; baseline -0.007 -16"><span class='ocrx_word' id='word_1_368' title='bbox 185 2842 352 2892; x_wconf 73' lang='grc' dir='ltr'>ἵππον</span> <span class='ocrx_word' id='word_1_369' title='bbox 386 2838 751 2906; x_wconf 84' lang='grc' dir='ltr'>ἐπιϐεϐηκότα</span> <span class='ocrx_word' id='word_1_370' title='bbox 797 2836 886 2889; x_wconf 79' lang='grc' dir='ltr'>τὸν</span> <span class='ocrx_word' id='word_1_371' title='bbox 918 2834 1155 2906; x_wconf 70' lang='grc' dir='ltr'>πυρρόν·</span> <span class='ocrx_word' id='word_1_372' title='bbox 1184 2832 1290 2883; x_wconf 83' lang='grc' dir='ltr'><strong>τῶν</strong></span> <span class='ocrx_word' id='word_1_373' title='bbox 1323 2830 1420 2900; x_wconf 85' lang='grc' dir='ltr'><strong>μὲν</strong></span> <span class='ocrx_word' id='word_1_374' title='bbox 1453 2830 1632 2882; x_wconf 76' lang='grc' dir='ltr'>ἵππων</span> <span class='ocrx_word' id='word_1_375' title='bbox 1671 2829 1764 2896; x_wconf 84' lang='grc' dir='ltr'>δη-</span> 
     </span>
    </p>
   </div>
   <div class='ocr_carea' id='block_1_47' title="bbox 186 2920 1763 3000">
    <p class='ocr_par' dir='ltr' id='par_1_47' title="bbox 186 2920 1763 3000">
     <span class='ocr_line' id='line_1_47' title="bbox 186 2920 1763 3000; baseline -0.008 -15"><span class='ocrx_word' id='word_1_376' title='bbox 186 2932 421 2985; x_wconf 82' lang='grc' dir='ltr'>λούντων</span> <span class='ocrx_word' id='word_1_377' title='bbox 468 2930 564 3000; x_wconf 82' lang='grc' dir='ltr'>τὴν</span> <span class='ocrx_word' id='word_1_378' title='bbox 615 2927 887 2998; x_wconf 87' lang='grc' dir='ltr'>ταχύτητα</span> <span class='ocrx_word' id='word_1_379' title='bbox 932 2927 1034 2995; x_wconf 75' lang='grc' dir='ltr'>τῆς</span> <span class='ocrx_word' id='word_1_380' title='bbox 1081 2923 1438 2994; x_wconf 80' lang='grc' dir='ltr'>λειτουργίας.</span> <span class='ocrx_word' id='word_1_381' title='bbox 1473 2922 1653 2974; x_wconf 82' lang='grc' dir='ltr'>Ἀλλοι</span> <span class='ocrx_word' id='word_1_382' title='bbox 1708 2920 1763 2972; x_wconf 82' lang='grc' dir='ltr'><strong>δέ</strong></span> 
     </span>
    </p>
   </div>
   <div class='ocr_carea' id='block_1_48' title="bbox 188 3009 1766 3096">
    <p class='ocr_par' dir='ltr' id='par_1_48' title="bbox 188 3009 1766 3096">
     <span class='ocr_line' id='line_1_48' title="bbox 188 3009 1766 3096; baseline -0.01 -19"><span class='ocrx_word' id='word_1_383' title='bbox 188 3022 421 3096; x_wconf 71' lang='grc' dir='ltr'>πυρῤὸν,</span> <span class='ocrx_word' id='word_1_384' title='bbox 455 3022 545 3075; x_wconf 75' lang='grc' dir='ltr'>τὸν</span> <span class='ocrx_word' id='word_1_385' title='bbox 571 3019 737 3089; x_wconf 78' lang='grc' dir='ltr'>θυμὸν</span> <span class='ocrx_word' id='word_1_386' title='bbox 771 3019 826 3071; x_wconf 82' lang='grc' dir='ltr'><strong>ὃν</strong></span> <span class='ocrx_word' id='word_1_387' title='bbox 857 3017 995 3070; x_wconf 87' lang='grc' dir='ltr'><strong>κατά</strong></span> <span class='ocrx_word' id='word_1_388' title='bbox 1021 3017 1128 3070; x_wconf 84' lang='grc' dir='ltr'>τῶν</span> <span class='ocrx_word' id='word_1_389' title='bbox 1159 3014 1451 3084; x_wconf 89' lang='grc' dir='ltr'>ἀλλοτρίων</span> <span class='ocrx_word' id='word_1_390' title='bbox 1478 3009 1641 3081; x_wconf 75' lang='grc' dir='ltr'>εἶχον,</span> <span class='ocrx_word' id='word_1_391' title='bbox 1673 3013 1766 3063; x_wconf 75' lang='grc' dir='ltr'><strong>καὶ</strong></span> 
     </span>
    </p>
   </div>
   <div class='ocr_carea' id='block_1_49' title="bbox 187 3104 1764 3178">
    <p class='ocr_par' dir='ltr' id='par_1_49' title="bbox 187 3104 1764 3178">
     <span class='ocr_line' id='line_1_49' title="bbox 187 3104 1764 3178; baseline -0.01 -9"><span class='ocrx_word' id='word_1_392' title='bbox 187 3118 296 3169; x_wconf 77' lang='grc' dir='ltr'><strong>τῶν</strong></span> <span class='ocrx_word' id='word_1_393' title='bbox 330 3111 539 3165; x_wconf 73' lang='grc' dir='ltr'>λευκῶν</span> <span class='ocrx_word' id='word_1_394' title='bbox 582 3110 636 3162; x_wconf 79' lang='grc' dir='ltr'><strong>δὲ</strong></span> <span class='ocrx_word' id='word_1_395' title='bbox 680 3110 758 3170; x_wconf 85' lang='grc' dir='ltr'><strong>είς</strong></span> <span class='ocrx_word' id='word_1_396' title='bbox 810 3109 1035 3178; x_wconf 82' lang='grc' dir='ltr'>μήνυσιν</span> <span class='ocrx_word' id='word_1_397' title='bbox 1081 3110 1179 3176; x_wconf 76' lang='grc' dir='ltr'>τῆς</span> <span class='ocrx_word' id='word_1_398' title='bbox 1219 3104 1611 3174; x_wconf 86' lang='grc' dir='ltr'>περιεσομένης</span> <span class='ocrx_word' id='word_1_399' title='bbox 1656 3105 1764 3165; x_wconf 83' lang='grc' dir='ltr'>τοῖς</span> 
     </span>
    </p>
   </div>
   <div class='ocr_carea' id='block_1_50' title="bbox 200 3193 1766 3275">
    <p class='ocr_par' dir='ltr' id='par_1_50' title="bbox 200 3193 1766 3275">
     <span class='ocr_line' id='line_1_50' title="bbox 200 3193 1766 3275; baseline -0.009 -17"><span class='ocrx_word' id='word_1_400' title='bbox 200 3203 565 3275; x_wconf 77' lang='grc' dir='ltr'>Ἰσραηλίταις</span> <span class='ocrx_word' id='word_1_401' title='bbox 592 3199 989 3269; x_wconf 83' lang='grc' dir='ltr'>λαμπρότητος,</span> <span class='ocrx_word' id='word_1_402' title='bbox 1026 3198 1088 3249; x_wconf 84' lang='grc' dir='ltr'><strong>ἐκ</strong></span> <span class='ocrx_word' id='word_1_403' title='bbox 1112 3197 1209 3267; x_wconf 78' lang='grc' dir='ltr'>τῆς</span> <span class='ocrx_word' id='word_1_404' title='bbox 1239 3195 1418 3248; x_wconf 80' lang='grc' dir='ltr'>αὐτῶν</span> <span class='ocrx_word' id='word_1_405' title='bbox 1450 3193 1766 3263; x_wconf 84' lang='grc' dir='ltr'>ὑπουργίας,</span> 
     </span>
    </p>
   </div>
   <div class='ocr_carea' id='block_1_51' title="bbox 188 3285 1771 3366">
    <p class='ocr_par' dir='ltr' id='par_1_51' title="bbox 188 3285 1771 3366">
     <span class='ocr_line' id='line_1_51' title="bbox 188 3285 1771 3366; baseline -0.007 -19"><span class='ocrx_word' id='word_1_406' title='bbox 188 3298 255 3366; x_wconf 68' lang='grc' dir='ltr'>ἦν</span> <span class='ocrx_word' id='word_1_407' title='bbox 291 3291 634 3352; x_wconf 82' lang='grc' dir='ltr'>ἐκτελοῦντες</span> <span class='ocrx_word' id='word_1_408' title='bbox 662 3291 709 3342; x_wconf 76' lang='grc' dir='ltr'>οἱ</span> <span class='ocrx_word' id='word_1_409' title='bbox 742 3288 981 3357; x_wconf 82' lang='grc' dir='ltr'>ἄγγελοι,</span> <span class='ocrx_word' id='word_1_410' title='bbox 1005 3288 1103 3350; x_wconf 87' lang='grc' dir='ltr'><strong>τάς</strong></span> <span class='ocrx_word' id='word_1_411' title='bbox 1130 3305 1187 3340; x_wconf 90' lang='grc' dir='ltr'><strong>τε</strong></span> <span class='ocrx_word' id='word_1_412' title='bbox 1214 3286 1479 3359; x_wconf 85' lang='grc' dir='ltr'>τιμωρίας</span> <span class='ocrx_word' id='word_1_413' title='bbox 1511 3285 1771 3353; x_wconf 85' lang='grc' dir='ltr'>ἐπάγουσι</span> 
     </span>
    </p>
   </div>
   <div class='ocr_carea' id='block_1_52' title="bbox 192 3376 1774 3451">
    <p class='ocr_par' dir='ltr' id='par_1_52' title="bbox 192 3376 1774 3451">
     <span class='ocr_line' id='line_1_52' title="bbox 192 3376 1774 3451; baseline -0.006 -12"><span class='ocrx_word' id='word_1_414' title='bbox 192 3390 303 3449; x_wconf 78' lang='grc' dir='ltr'>τοῖς</span> <span class='ocrx_word' id='word_1_415' title='bbox 335 3384 542 3437; x_wconf 80' lang='grc' dir='ltr'>τούτων</span> <span class='ocrx_word' id='word_1_416' title='bbox 566 3382 755 3446; x_wconf 80' lang='grc' dir='ltr'>ἀξίοις,</span> <span class='ocrx_word' id='word_1_417' title='bbox 802 3382 895 3434; x_wconf 77' lang='grc' dir='ltr'><strong>καὶ</strong></span> <span class='ocrx_word' id='word_1_418' title='bbox 941 3385 1040 3444; x_wconf 86' lang='grc' dir='ltr'><strong>τὰς</strong></span> <span class='ocrx_word' id='word_1_419' title='bbox 1084 3380 1288 3451; x_wconf 85' lang='grc' dir='ltr'>δωρεὰς</span> <span class='ocrx_word' id='word_1_420' title='bbox 1328 3378 1652 3449; x_wconf 84' lang='grc' dir='ltr'>παρέχουσιν</span> <span class='ocrx_word' id='word_1_421' title='bbox 1680 3376 1774 3439; x_wconf 80' lang='grc' dir='ltr'><strong>οὓς</strong></span> 
     </span>
    </p>
   </div>
   <div class='ocr_carea' id='block_1_53' title="bbox 195 3471 1232 3542">
    <p class='ocr_par' dir='ltr' id='par_1_53' title="bbox 195 3471 1232 3542">
     <span class='ocr_line' id='line_1_53' title="bbox 195 3471 1232 3542; baseline -0.006 -12"><span class='ocrx_word' id='word_1_422' title='bbox 195 3479 260 3531; x_wconf 80' lang='grc' dir='ltr'><strong>ἂν</strong></span> <span class='ocrx_word' id='word_1_423' title='bbox 295 3475 548 3538; x_wconf 74' lang='grc' dir='ltr'>τοιούτοις</span> <span class='ocrx_word' id='word_1_424' title='bbox 576 3472 895 3541; x_wconf 83' lang='grc' dir='ltr'>ἀμείϐεσθαι</span> <span class='ocrx_word' id='word_1_425' title='bbox 928 3471 1055 3542; x_wconf 79' lang='grc' dir='ltr'>θέλῃ</span> <span class='ocrx_word' id='word_1_426' title='bbox 1085 3472 1232 3535; x_wconf 87' lang='grc' dir='ltr'>Θεός.</span> 
     </span>
    </p>
   </div>
   <div class='ocr_carea' id='block_1_54' title="bbox 277 3552 1775 3640">
    <p class='ocr_par' dir='ltr' id='par_1_54' title="bbox 277 3552 1775 3640">
     <span class='ocr_line' id='line_1_54' title="bbox 277 3552 1775 3640; baseline -0.012 -16"><span class='ocrx_word' id='word_1_427' title='bbox 277 3572 425 3640; x_wconf 85' lang='grc' dir='ltr'>Στίχ.</span> <span class='ocrx_word' id='word_1_428' title='bbox 452 3576 539 3633; x_wconf 84' lang='grc' dir='ltr'>ια’,</span> <span class='ocrx_word' id='word_1_429' title='bbox 571 3569 747 3639; x_wconf 82' lang='grc' dir='ltr'><strong>ιβ’.--</strong></span> <span class='ocrx_word' id='word_1_430' title='bbox 777 3568 840 3619; x_wconf 85' lang='grc' dir='ltr'><strong>Ἦ</strong></span> <span class='ocrx_word' id='word_1_431' title='bbox 866 3567 921 3618; x_wconf 83' lang='grc' dir='ltr'><strong>δὲ</strong></span> <span class='ocrx_word' id='word_1_432' title='bbox 938 3565 1044 3618; x_wconf 86' lang='grc' dir='ltr'><strong>τῶν</strong></span> <span class='ocrx_word' id='word_1_433' title='bbox 1061 3562 1367 3632; x_wconf 79' lang='grc' dir='ltr'>λεγομένων</span> <span class='ocrx_word' id='word_1_434' title='bbox 1396 3556 1686 3619; x_wconf 83' lang='grc' dir='ltr'>ἀπόδειξις,</span> <span class='ocrx_word' id='word_1_435' title='bbox 1707 3552 1775 3607; x_wconf 81' lang='grc' dir='ltr'>τὰ</span> 
     </span>
    </p>
   </div>
   <div class='ocr_carea' id='block_1_55' title="bbox 206 3644 1773 3730">
    <p class='ocr_par' dir='ltr' id='par_1_55' title="bbox 206 3644 1773 3730">
     <span class='ocr_line' id='line_1_55' title="bbox 206 3644 1773 3730; baseline -0.013 -15"><span class='ocrx_word' id='word_1_436' title='bbox 206 3663 357 3730; x_wconf 75' lang='grc' dir='ltr'>έξῆς.</span> <span class='ocrx_word' id='word_1_437' title='bbox 392 3680 407 3712; x_wconf 83' lang='grc' dir='ltr'><strong>ι</strong></span> <span class='ocrx_word' id='word_1_438' title='bbox 454 3658 850 3730; x_wconf 81' lang='grc' dir='ltr'>Ἀπεκρίθησαν</span> <span class='ocrx_word' id='word_1_439' title='bbox 881 3656 1009 3727; x_wconf 83' lang='grc' dir='ltr'>γὰρ,</span> <span class='ocrx_word' id='word_1_440' title='bbox 1037 3654 1220 3723; x_wconf 74' lang='grc' dir='ltr'>φησὶν,</span> <span class='ocrx_word' id='word_1_441' title='bbox 1246 3651 1321 3721; x_wconf 78' lang='grc' dir='ltr'>τῷ</span> <span class='ocrx_word' id='word_1_442' title='bbox 1342 3648 1555 3716; x_wconf 85' lang='grc' dir='ltr'>ἀγγέλῳ</span> <span class='ocrx_word' id='word_1_443' title='bbox 1575 3644 1773 3714; x_wconf 80' lang='grc' dir='ltr'>Κυρίου</span> 
     </span>
    </p>
   </div>
   <div class='ocr_carea' id='block_1_56' title="bbox 204 3735 1775 3821">
    <p class='ocr_par' dir='ltr' id='par_1_56' title="bbox 204 3735 1775 3821">
     <span class='ocr_line' id='line_1_56' title="bbox 204 3735 1775 3821; baseline -0.013 -17"><span class='ocrx_word' id='word_1_444' title='bbox 204 3752 283 3821; x_wconf 83' lang='grc' dir='ltr'><strong>τῷ</strong></span> <span class='ocrx_word' id='word_1_445' title='bbox 313 3749 579 3818; x_wconf 80' lang='grc' dir='ltr'>ἐφεστῶτι</span> <span class='ocrx_word' id='word_1_446' title='bbox 603 3748 873 3817; x_wconf 87' lang='grc' dir='ltr'>ἀναμέσον</span> <span class='ocrx_word' id='word_1_447' title='bbox 902 3746 1008 3798; x_wconf 82' lang='grc' dir='ltr'><strong>τῶν</strong></span> <span class='ocrx_word' id='word_1_448' title='bbox 1028 3745 1217 3815; x_wconf 81' lang='grc' dir='ltr'>ὀρέων,</span> <span class='ocrx_word' id='word_1_449' title='bbox 1249 3740 1343 3793; x_wconf 71' lang='grc' dir='ltr'><strong>καὶ</strong></span> <span class='ocrx_word' id='word_1_450' title='bbox 1369 3735 1542 3791; x_wconf 58' lang='grc' dir='ltr'>εἷπον</span> <span class='ocrx_word' id='word_1_451' title='bbox 1567 3736 1775 3801; x_wconf 89' lang='grc' dir='ltr'>Περιω-</span> 
     </span>
    </p>
   </div>
   <div class='ocr_carea' id='block_1_57' title="bbox 205 3827 1778 3911">
    <p class='ocr_par' dir='ltr' id='par_1_57' title="bbox 205 3827 1778 3911">
     <span class='ocr_line' id='line_1_57' title="bbox 205 3827 1778 3911; baseline -0.012 -17"><span class='ocrx_word' id='word_1_452' title='bbox 205 3842 479 3911; x_wconf 81' lang='grc' dir='ltr'>δεύσαμεν</span> <span class='ocrx_word' id='word_1_453' title='bbox 514 3839 608 3909; x_wconf 78' lang='grc' dir='ltr'>τὴν</span> <span class='ocrx_word' id='word_1_454' title='bbox 629 3839 734 3907; x_wconf 81' lang='grc' dir='ltr'>γῆν</span> <span class='ocrx_word' id='word_1_455' title='bbox 760 3839 970 3890; x_wconf 84' lang='grc' dir='ltr'>πᾶσαν·</span> <span class='ocrx_word' id='word_1_456' title='bbox 1002 3836 1093 3887; x_wconf 69' lang='grc' dir='ltr'><strong>καὶ</strong></span> <span class='ocrx_word' id='word_1_457' title='bbox 1116 3834 1223 3886; x_wconf 83' lang='grc' dir='ltr'>ἰδοὺ</span> <span class='ocrx_word' id='word_1_458' title='bbox 1263 3832 1411 3883; x_wconf 77' lang='grc' dir='ltr'>πᾶσα</span> <span class='ocrx_word' id='word_1_459' title='bbox 1443 3830 1475 3898; x_wconf 78' lang='grc' dir='ltr'>ἡ</span> <span class='ocrx_word' id='word_1_460' title='bbox 1500 3827 1571 3895; x_wconf 88' lang='grc' dir='ltr'><strong>γῆ</strong></span> <span class='ocrx_word' id='word_1_461' title='bbox 1598 3840 1778 3878; x_wconf 87' lang='grc' dir='ltr'>κατοι-</span> 
     </span>
    </p>
   </div>
   <div class='ocr_carea' id='block_1_58' title="bbox 206 3916 1775 4000">
    <p class='ocr_par' dir='ltr' id='par_1_58' title="bbox 206 3916 1775 4000">
     <span class='ocr_line' id='line_1_58' title="bbox 206 3916 1775 4000; baseline -0.012 -14"><span class='ocrx_word' id='word_1_462' title='bbox 206 3937 386 3986; x_wconf 85' lang='grc' dir='ltr'>κεῖται</span> <span class='ocrx_word' id='word_1_463' title='bbox 420 3932 515 3984; x_wconf 77' lang='grc' dir='ltr'><strong>καὶ</strong></span> <span class='ocrx_word' id='word_1_464' title='bbox 534 3930 817 4000; x_wconf 79' lang='grc' dir='ltr'>ἡσυχάζει.</span> <span class='ocrx_word' id='word_1_465' title='bbox 853 3947 869 3978; x_wconf 72' lang='grc' dir='ltr'><strong>ι</strong></span> <span class='ocrx_word' id='word_1_466' title='bbox 906 3928 1018 3979; x_wconf 84' lang='grc' dir='ltr'>Οὐκ</span> <span class='ocrx_word' id='word_1_467' title='bbox 1044 3927 1107 3979; x_wconf 82' lang='grc' dir='ltr'><strong>ἂν</strong></span> <span class='ocrx_word' id='word_1_468' title='bbox 1124 3926 1248 3986; x_wconf 82' lang='grc' dir='ltr'>τοὺς</span> <span class='ocrx_word' id='word_1_469' title='bbox 1266 3924 1461 3982; x_wconf 77' lang='grc' dir='ltr'>ἵππους</span> <span class='ocrx_word' id='word_1_470' title='bbox 1478 3916 1623 3987; x_wconf 82' lang='grc' dir='ltr'>αὐτῷ</span> <span class='ocrx_word' id='word_1_471' title='bbox 1638 3918 1775 3969; x_wconf 84' lang='grc' dir='ltr'>ἀπο-</span> 
     </span>
    </p>
   </div>
   <div class='ocr_carea' id='block_1_59' title="bbox 206 4008 1777 4091">
    <p class='ocr_par' dir='ltr' id='par_1_59' title="bbox 206 4008 1777 4091">
     <span class='ocr_line' id='line_1_59' title="bbox 206 4008 1777 4091; baseline -0.011 -16"><span class='ocrx_word' id='word_1_472' title='bbox 206 4022 495 4091; x_wconf 84' lang='grc' dir='ltr'>κεκρίσθαι</span> <span class='ocrx_word' id='word_1_473' title='bbox 528 4016 713 4079; x_wconf 81' lang='grc' dir='ltr'>εἷπον,’</span> <span class='ocrx_word' id='word_1_474' title='bbox 742 4018 868 4071; x_wconf 86' lang='grc' dir='ltr'>ποία</span> <span class='ocrx_word' id='word_1_475' title='bbox 896 4020 1004 4087; x_wconf 82' lang='grc' dir='ltr'>γὰρ</span> <span class='ocrx_word' id='word_1_476' title='bbox 1032 4016 1097 4069; x_wconf 80' lang='grc' dir='ltr'><strong>ἂν</strong></span> <span class='ocrx_word' id='word_1_477' title='bbox 1130 4014 1222 4067; x_wconf 74' lang='grc' dir='ltr'>καὶ</span> <span class='ocrx_word' id='word_1_478' title='bbox 1239 4014 1443 4080; x_wconf 86' lang='grc' dir='ltr'>γένοιτο</span> <span class='ocrx_word' id='word_1_479' title='bbox 1464 4009 1569 4062; x_wconf 82' lang='grc' dir='ltr'>ἀπὸ</span> <span class='ocrx_word' id='word_1_480' title='bbox 1598 4008 1777 4060; x_wconf 81' lang='grc' dir='ltr'>ἵππων</span> 
     </span>
    </p>
   </div>
   <div class='ocr_carea' id='block_1_60' title="bbox 208 4094 1779 4181">
    <p class='ocr_par' dir='ltr' id='par_1_60' title="bbox 208 4094 1779 4181">
     <span class='ocr_line' id='line_1_60' title="bbox 208 4094 1779 4181; baseline -0.013 -17"><span class='ocrx_word' id='word_1_481' title='bbox 208 4112 357 4181; x_wconf 72' lang='grc' dir='ltr'>φωνή</span> <span class='ocrx_word' id='word_1_482' title='bbox 383 4128 399 4175; x_wconf 89' lang='grc'>;</span> <span class='ocrx_word' id='word_1_483' title='bbox 427 4110 501 4180; x_wconf 93' lang='lat' dir='ltr'><strong>(p.</strong></span> <span class='ocrx_word' id='word_1_484' title='bbox 526 4109 652 4177; x_wconf 72' lang='grc'><strong>447)</strong></span> <span class='ocrx_word' id='word_1_485' title='bbox 678 4107 814 4161; x_wconf 89' lang='grc' dir='ltr'><strong>ἀλλά</strong></span> <span class='ocrx_word' id='word_1_486' title='bbox 832 4105 988 4177; x_wconf 83' lang='grc' dir='ltr'>δῆλον</span> <span class='ocrx_word' id='word_1_487' title='bbox 1012 4106 1095 4158; x_wconf 82' lang='grc' dir='ltr'>ὅτι</span> <span class='ocrx_word' id='word_1_488' title='bbox 1117 4103 1240 4165; x_wconf 78' lang='grc' dir='ltr'>τοὺς</span> <span class='ocrx_word' id='word_1_489' title='bbox 1262 4101 1369 4153; x_wconf 85' lang='grc' dir='ltr'><strong>τῶν</strong></span> <span class='ocrx_word' id='word_1_490' title='bbox 1395 4101 1575 4152; x_wconf 87' lang='grc' dir='ltr'>ἵππων</span> <span class='ocrx_word' id='word_1_491' title='bbox 1597 4094 1779 4149; x_wconf 85' lang='grc' dir='ltr'>ἐπιϐε-</span> 
     </span>
    </p>
   </div>
   <div class='ocr_carea' id='block_1_61' title="bbox 207 4185 1779 4264">
    <p class='ocr_par' dir='ltr' id='par_1_61' title="bbox 207 4185 1779 4264">
     <span class='ocr_line' id='line_1_61' title="bbox 207 4185 1779 4264; baseline -0.006 -17"><span class='ocrx_word' id='word_1_492' title='bbox 207 4196 446 4264; x_wconf 79' lang='grc' dir='ltr'>ϐηκότας</span> <span class='ocrx_word' id='word_1_493' title='bbox 491 4192 637 4259; x_wconf 87' lang='grc' dir='ltr'>λέγει</span> <span class='ocrx_word' id='word_1_494' title='bbox 662 4230 677 4253; x_wconf 94' lang='grc'><strong>,</strong></span> <span class='ocrx_word' id='word_1_495' title='bbox 712 4190 759 4241; x_wconf 83' lang='grc' dir='ltr'>οἳ</span> <span class='ocrx_word' id='word_1_496' title='bbox 812 4191 868 4240; x_wconf 86' lang='grc' dir='ltr'><strong>ἐν</strong></span> <span class='ocrx_word' id='word_1_497' title='bbox 902 4190 1082 4258; x_wconf 86' lang='grc' dir='ltr'>μορφῇ</span> <span class='ocrx_word' id='word_1_498' title='bbox 1130 4186 1440 4255; x_wconf 84' lang='grc' dir='ltr'>φαινόμενοι</span> <span class='ocrx_word' id='word_1_499' title='bbox 1472 4185 1779 4256; x_wconf 82' lang='grc' dir='ltr'>ἀνθρώπου,</span> 
     </span>
    </p>
   </div>
   <div class='ocr_carea' id='block_1_62' title="bbox 210 4276 1783 4356">
    <p class='ocr_par' dir='ltr' id='par_1_62' title="bbox 210 4276 1783 4356">
     <span class='ocr_line' id='line_1_62' title="bbox 210 4276 1783 4356; baseline -0.005 -19"><span class='ocrx_word' id='word_1_500' title='bbox 210 4282 605 4356; x_wconf 77' lang='grc' dir='ltr'>παραπλησίως</span> <span class='ocrx_word' id='word_1_501' title='bbox 624 4280 717 4332; x_wconf 90' lang='grc' dir='ltr'><strong>τοῦ</strong></span> <span class='ocrx_word' id='word_1_502' title='bbox 740 4279 1007 4349; x_wconf 87' lang='grc' dir='ltr'>ἀναμέσον</span> <span class='ocrx_word' id='word_1_503' title='bbox 1028 4281 1132 4331; x_wconf 82' lang='grc' dir='ltr'><strong>τῶν</strong></span> <span class='ocrx_word' id='word_1_504' title='bbox 1152 4278 1321 4348; x_wconf 84' lang='grc' dir='ltr'>ὀρέων</span> <span class='ocrx_word' id='word_1_505' title='bbox 1342 4276 1450 4329; x_wconf 84' lang='grc' dir='ltr'>τῶν</span> <span class='ocrx_word' id='word_1_506' title='bbox 1473 4278 1783 4330; x_wconf 84' lang='grc' dir='ltr'>κατασκίων</span> 
     </span>
    </p>
   </div>
   <div class='ocr_carea' id='block_1_63' title="bbox 1856 1820 3427 1897">
    <p class='ocr_par' dir='ltr' id='par_1_63' title="bbox 1856 1820 3427 1897">
     <span class='ocr_line' id='line_1_63' title="bbox 1856 1820 3427 1897; baseline -0.015 -10"><span class='ocrx_word' id='word_1_507' title='bbox 1856 1836 1959 1886; x_wconf 87' lang='lat' dir='ltr'><strong>hoc</strong></span> <span class='ocrx_word' id='word_1_508' title='bbox 2003 1838 2148 1886; x_wconf 76' lang='lat' dir='ltr'><strong>esset</strong></span> <span class='ocrx_word' id='word_1_509' title='bbox 2173 1844 2437 1897; x_wconf 88' lang='lat' dir='ltr'><strong>equorum</strong></span> <span class='ocrx_word' id='word_1_510' title='bbox 2470 1824 2769 1892; x_wconf 82' lang='lat' dir='ltr'><strong>negotium.</strong></span> <span class='ocrx_word' id='word_1_511' title='bbox 2816 1820 3026 1889; x_wconf 84' lang='lat' dir='ltr'><strong>Reapse</strong></span> <span class='ocrx_word' id='word_1_512' title='bbox 3047 1824 3228 1869; x_wconf 89' lang='lat' dir='ltr'><strong>autem</strong></span> <span class='ocrx_word' id='word_1_513' title='bbox 3273 1820 3427 1882; x_wconf 87' lang='lat' dir='ltr'><strong>post-</strong></span> 
     </span>
    </p>
   </div>
   <div class='ocr_carea' id='block_1_64' title="bbox 1858 1903 3431 1981">
    <p class='ocr_par' dir='ltr' id='par_1_64' title="bbox 1858 1903 3431 1981">
     <span class='ocr_line' id='line_1_64' title="bbox 1858 1903 3431 1981; baseline -0.013 -5"><span class='ocrx_word' id='word_1_514' title='bbox 1858 1938 1923 1977; x_wconf 88' lang='lat' dir='ltr'><strong>ea</strong></span> <span class='ocrx_word' id='word_1_515' title='bbox 1967 1921 2155 1975; x_wconf 88' lang='lat' dir='ltr'><strong>docuit</strong></span> <span class='ocrx_word' id='word_1_516' title='bbox 2186 1920 2396 1981; x_wconf 86' lang='lat' dir='ltr'><strong>dicens,</strong></span> <span class='ocrx_word' id='word_1_517' title='bbox 2428 1918 2524 1970; x_wconf 88' lang='lat' dir='ltr'><strong>hos</strong></span> <span class='ocrx_word' id='word_1_518' title='bbox 2566 1929 2687 1969; x_wconf 91' lang='lat' dir='ltr'><strong>esse</strong></span> <span class='ocrx_word' id='word_1_519' title='bbox 2715 1911 2809 1981; x_wconf 88' lang='lat' dir='ltr'><strong>qui</strong></span> <span class='ocrx_word' id='word_1_520' title='bbox 2846 1910 2986 1963; x_wconf 89' lang='lat' dir='ltr'><strong>mitti</strong></span> <span class='ocrx_word' id='word_1_521' title='bbox 3018 1908 3193 1962; x_wconf 86' lang='lat' dir='ltr'><strong>solent</strong></span> <span class='ocrx_word' id='word_1_522' title='bbox 3243 1919 3273 1956; x_wconf 89' lang='lat' dir='ltr'><strong>a</strong></span> <span class='ocrx_word' id='word_1_523' title='bbox 3322 1903 3431 1956; x_wconf 88' lang='lat' dir='ltr'><strong>Deo</strong></span> 
     </span>
    </p>
   </div>
   <div class='ocr_carea' id='block_1_65' title="bbox 1858 1994 3428 2070">
    <p class='ocr_par' dir='ltr' id='par_1_65' title="bbox 1858 1994 3428 2070">
     <span class='ocr_line' id='line_1_65' title="bbox 1858 1994 3428 2070; baseline -0.013 -5"><span class='ocrx_word' id='word_1_524' title='bbox 1858 2012 1924 2065; x_wconf 92' lang='lat' dir='ltr'><strong>ad</strong></span> <span class='ocrx_word' id='word_1_525' title='bbox 1956 2010 2396 2065; x_wconf 87' lang='lat' dir='ltr'><strong>circumeundam</strong></span> <span class='ocrx_word' id='word_1_526' title='bbox 2423 2016 2649 2070; x_wconf 87' lang='lat' dir='ltr'><strong>terram,</strong></span> <span class='ocrx_word' id='word_1_527' title='bbox 2677 2011 2731 2057; x_wconf 92' lang='lat' dir='ltr'><strong>et</strong></span> <span class='ocrx_word' id='word_1_528' title='bbox 2756 2000 3086 2056; x_wconf 85' lang='lat' dir='ltr'><strong>conveniens</strong></span> <span class='ocrx_word' id='word_1_529' title='bbox 3104 1994 3428 2065; x_wconf 80' lang='lat' dir='ltr'><strong>explendum</strong></span> 
     </span>
    </p>
   </div>
   <div class='ocr_carea' id='block_1_66' title="bbox 1857 2084 3423 2171">
    <p class='ocr_par' dir='ltr' id='par_1_66' title="bbox 1857 2084 3423 2171">
     <span class='ocr_line' id='line_1_66' title="bbox 1857 2084 3423 2171; baseline -0.012 -15"><span class='ocrx_word' id='word_1_530' title='bbox 1857 2103 2057 2171; x_wconf 89' lang='lat' dir='ltr'><strong>ubique</strong></span> <span class='ocrx_word' id='word_1_531' title='bbox 2124 2099 2484 2153; x_wconf 85' lang='lat' dir='ltr'><strong>ministerium</strong></span> <span class='ocrx_word' id='word_1_532' title='bbox 2543 2105 2701 2164; x_wconf 89' lang='lat' dir='ltr'><strong>prout</strong></span> <span class='ocrx_word' id='word_1_533' title='bbox 2752 2092 2840 2147; x_wconf 92' lang='lat' dir='ltr'><strong>Dei</strong></span> <span class='ocrx_word' id='word_1_534' title='bbox 2904 2091 3157 2144; x_wconf 81' lang='lat' dir='ltr'><strong>voluntas</strong></span> <span class='ocrx_word' id='word_1_535' title='bbox 3212 2084 3423 2139; x_wconf 88' lang='lat' dir='ltr'><strong>tulerit.</strong></span> 
     </span>
    </p>
   </div>
   <div class='ocr_carea' id='block_1_67' title="bbox 1858 2177 3430 2260">
    <p class='ocr_par' dir='ltr' id='par_1_67' title="bbox 1858 2177 3430 2260">
     <span class='ocr_line' id='line_1_67' title="bbox 1858 2177 3430 2260; baseline -0.015 -12"><span class='ocrx_word' id='word_1_536' title='bbox 1858 2194 2082 2248; x_wconf 85' lang='lat' dir='ltr'><strong>Constat</strong></span> <span class='ocrx_word' id='word_1_537' title='bbox 2114 2192 2276 2260; x_wconf 82' lang='lat' dir='ltr'><strong>igitur</strong></span> <span class='ocrx_word' id='word_1_538' title='bbox 2299 2189 2365 2242; x_wconf 90' lang='lat' dir='ltr'><strong>de</strong></span> <span class='ocrx_word' id='word_1_539' title='bbox 2386 2187 2590 2257; x_wconf 83' lang='lat' dir='ltr'><strong>angelis</strong></span> <span class='ocrx_word' id='word_1_540' title='bbox 2609 2184 2927 2255; x_wconf 84' lang='lat' dir='ltr'><strong>prophetam</strong></span> <span class='ocrx_word' id='word_1_541' title='bbox 2962 2181 3141 2247; x_wconf 91' lang='lat' dir='ltr'><strong>loqui;</strong></span> <span class='ocrx_word' id='word_1_542' title='bbox 3175 2185 3259 2232; x_wconf 91' lang='lat' dir='ltr'><strong>est</strong></span> <span class='ocrx_word' id='word_1_543' title='bbox 3283 2177 3430 2229; x_wconf 89' lang='lat' dir='ltr'><strong>enim</strong></span> 
     </span>
    </p>
   </div>
   <div class='ocr_carea' id='block_1_68' title="bbox 1859 2265 3431 2353">
    <p class='ocr_par' dir='ltr' id='par_1_68' title="bbox 1859 2265 3431 2353">
     <span class='ocr_line' id='line_1_68' title="bbox 1859 2265 3431 2353; baseline -0.013 -15"><span class='ocrx_word' id='word_1_544' title='bbox 1859 2286 1961 2339; x_wconf 92' lang='lat' dir='ltr'><strong>hoc</strong></span> <span class='ocrx_word' id='word_1_545' title='bbox 1983 2282 2155 2353; x_wconf 80' lang='lat' dir='ltr'><strong>angeli</strong></span> <span class='ocrx_word' id='word_1_546' title='bbox 2176 2282 2404 2335; x_wconf 88' lang='lat' dir='ltr'><strong>ollicium</strong></span> <span class='ocrx_word' id='word_1_547' title='bbox 2431 2298 2443 2333; x_wconf 91' lang='lat'><strong>:</strong></span> <span class='ocrx_word' id='word_1_548' title='bbox 2468 2279 2534 2331; x_wconf 90' lang='lat' dir='ltr'><strong>de</strong></span> <span class='ocrx_word' id='word_1_549' title='bbox 2557 2278 2641 2330; x_wconf 91' lang='lat' dir='ltr'><strong>his</strong></span> <span class='ocrx_word' id='word_1_550' title='bbox 2665 2289 2814 2343; x_wconf 87' lang='lat' dir='ltr'><strong>ergo,</strong></span> <span class='ocrx_word' id='word_1_551' title='bbox 2846 2289 2950 2326; x_wconf 92' lang='lat' dir='ltr'><strong>non</strong></span> <span class='ocrx_word' id='word_1_552' title='bbox 2976 2271 3042 2325; x_wconf 90' lang='lat' dir='ltr'><strong>de</strong></span> <span class='ocrx_word' id='word_1_553' title='bbox 3070 2270 3247 2337; x_wconf 84' lang='lat' dir='ltr'><strong>equis,</strong></span> <span class='ocrx_word' id='word_1_554' title='bbox 3269 2265 3431 2319; x_wconf 86' lang='lat' dir='ltr'><strong>verba</strong></span> 
     </span>
    </p>
   </div>
   <div class='ocr_carea' id='block_1_69' title="bbox 1864 2357 3433 2442">
    <p class='ocr_par' dir='ltr' id='par_1_69' title="bbox 1864 2357 3433 2442">
     <span class='ocr_line' id='line_1_69' title="bbox 1864 2357 3433 2442; baseline -0.012 -14"><span class='ocrx_word' id='word_1_555' title='bbox 1864 2375 1990 2428; x_wconf 88' lang='lat' dir='ltr'><strong>facit</strong></span> <span class='ocrx_word' id='word_1_556' title='bbox 2019 2394 2031 2428; x_wconf 87' lang='lat'>:</span> <span class='ocrx_word' id='word_1_557' title='bbox 2085 2373 2435 2442; x_wconf 86' lang='lat' dir='ltr'><strong>quamobrem</strong></span> <span class='ocrx_word' id='word_1_558' title='bbox 2469 2378 2521 2423; x_wconf 90' lang='lat' dir='ltr'><strong>et</strong></span> <span class='ocrx_word' id='word_1_559' title='bbox 2550 2370 2597 2423; x_wconf 89' lang='lat' dir='ltr'><strong>is</strong></span> <span class='ocrx_word' id='word_1_560' title='bbox 2623 2367 2716 2436; x_wconf 91' lang='lat' dir='ltr'><strong>qui</strong></span> <span class='ocrx_word' id='word_1_561' title='bbox 2771 2362 3071 2433; x_wconf 88' lang='lat' dir='ltr'><strong>respondit,</strong></span> <span class='ocrx_word' id='word_1_562' title='bbox 3105 2360 3303 2412; x_wconf 84' lang='lat' dir='ltr'><strong>missos</strong></span> <span class='ocrx_word' id='word_1_563' title='bbox 3334 2357 3433 2409; x_wconf 89' lang='lat' dir='ltr'><strong>hos</strong></span> 
     </span>
    </p>
   </div>
   <div class='ocr_carea' id='block_1_70' title="bbox 1863 2447 3432 2520">
    <p class='ocr_par' dir='ltr' id='par_1_70' title="bbox 1863 2447 3432 2520">
     <span class='ocr_line' id='line_1_70' title="bbox 1863 2447 3432 2520; baseline -0.013 -1"><span class='ocrx_word' id='word_1_564' title='bbox 1863 2466 2031 2520; x_wconf 90' lang='lat' dir='ltr'><strong>fuisse</strong></span> <span class='ocrx_word' id='word_1_565' title='bbox 2057 2465 2132 2517; x_wconf 90' lang='lat' dir='ltr'><strong>ait</strong></span> <span class='ocrx_word' id='word_1_566' title='bbox 2162 2464 2227 2516; x_wconf 90' lang='lat' dir='ltr'><strong>ad</strong></span> <span class='ocrx_word' id='word_1_567' title='bbox 2259 2460 2700 2516; x_wconf 88' lang='lat' dir='ltr'><strong>circumeundam</strong></span> <span class='ocrx_word' id='word_1_568' title='bbox 2740 2463 2963 2514; x_wconf 89' lang='lat' dir='ltr'><strong>terram,</strong></span> <span class='ocrx_word' id='word_1_569' title='bbox 3004 2451 3147 2505; x_wconf 76' lang='lat' dir='ltr'><strong>haud</strong></span> <span class='ocrx_word' id='word_1_570' title='bbox 3181 2447 3432 2517; x_wconf 87' lang='lat' dir='ltr'><strong>equidem</strong></span> 
     </span>
    </p>
   </div>
   <div class='ocr_carea' id='block_1_71' title="bbox 1862 2537 3433 2626">
    <p class='ocr_par' dir='ltr' id='par_1_71' title="bbox 1862 2537 3433 2626">
     <span class='ocr_line' id='line_1_71' title="bbox 1862 2537 3433 2626; baseline -0.015 -14"><span class='ocrx_word' id='word_1_571' title='bbox 1862 2571 2067 2626; x_wconf 84' lang='lat' dir='ltr'><strong>equos,</strong></span> <span class='ocrx_word' id='word_1_572' title='bbox 2131 2554 2223 2609; x_wconf 89' lang='lat' dir='ltr'><strong>sed</strong></span> <span class='ocrx_word' id='word_1_573' title='bbox 2270 2553 2482 2621; x_wconf 78' lang='lat' dir='ltr'><strong>equitcs</strong></span> <span class='ocrx_word' id='word_1_574' title='bbox 2544 2549 2777 2615; x_wconf 43' lang='lat' dir='ltr'><strong>dicens,</strong></span> <span class='ocrx_word' id='word_1_575' title='bbox 2806 2542 3125 2597; x_wconf 84' lang='lat' dir='ltr'><strong>Necessario</strong></span> <span class='ocrx_word' id='word_1_576' title='bbox 3170 2549 3347 2592; x_wconf 90' lang='lat' dir='ltr'><strong>autem</strong></span> <span class='ocrx_word' id='word_1_577' title='bbox 3380 2537 3433 2588; x_wconf 74' lang='grc' dir='ltr'><strong>1ιὶ</strong></span> 
     </span>
    </p>
   </div>
   <div class='ocr_carea' id='block_1_72' title="bbox 1862 2633 3434 2718">
    <p class='ocr_par' dir='ltr' id='par_1_72' title="bbox 1862 2633 3434 2718">
     <span class='ocr_line' id='line_1_72' title="bbox 1862 2633 3434 2718; baseline -0.016 -16"><span class='ocrx_word' id='word_1_578' title='bbox 1862 2664 2078 2718; x_wconf 87' lang='lat' dir='ltr'><strong>quoque</strong></span> <span class='ocrx_word' id='word_1_579' title='bbox 2115 2654 2371 2710; x_wconf 83' lang='lat' dir='ltr'><strong>tanquam</strong></span> <span class='ocrx_word' id='word_1_580' title='bbox 2423 2640 2596 2709; x_wconf 79' lang='lat' dir='ltr'><strong>angeli</strong></span> <span class='ocrx_word' id='word_1_581' title='bbox 2632 2637 2788 2706; x_wconf 88' lang='lat' dir='ltr'><strong>equis</strong></span> <span class='ocrx_word' id='word_1_582' title='bbox 2824 2633 3122 2687; x_wconf 84' lang='lat' dir='ltr'><strong>insidentes</strong></span> <span class='ocrx_word' id='word_1_583' title='bbox 3168 2640 3434 2696; x_wconf 82' lang='lat' dir='ltr'><strong>apparue-</strong></span> 
     </span>
    </p>
   </div>
   <div class='ocr_carea' id='block_1_73' title="bbox 1863 2717 3436 2803">
    <p class='ocr_par' dir='ltr' id='par_1_73' title="bbox 1863 2717 3436 2803">
     <span class='ocr_line' id='line_1_73' title="bbox 1863 2717 3436 2803; baseline -0.017 -9"><span class='ocrx_word' id='word_1_584' title='bbox 1863 2717 2019 2801; x_wconf 80' lang='lat' dir='ltr'><strong>runt,</strong></span> <span class='ocrx_word' id='word_1_585' title='bbox 2082 2737 2146 2789; x_wconf 90' lang='lat' dir='ltr'><strong>ad</strong></span> <span class='ocrx_word' id='word_1_586' title='bbox 2217 2736 2337 2803; x_wconf 87' lang='lat' dir='ltr'><strong>ejus</strong></span> <span class='ocrx_word' id='word_1_587' title='bbox 2372 2746 2615 2785; x_wconf 86' lang='lat' dir='ltr'><strong>normam</strong></span> <span class='ocrx_word' id='word_1_588' title='bbox 2658 2728 2751 2797; x_wconf 92' lang='lat' dir='ltr'><strong>qui</strong></span> <span class='ocrx_word' id='word_1_589' title='bbox 2791 2740 2932 2795; x_wconf 92' lang='lat' dir='ltr'><strong>equo</strong></span> <span class='ocrx_word' id='word_1_590' title='bbox 2972 2721 3093 2775; x_wconf 92' lang='lat' dir='ltr'><strong>rufo</strong></span> <span class='ocrx_word' id='word_1_591' title='bbox 3136 2717 3436 2780; x_wconf 87' lang='lat' dir='ltr'><strong>insidebat;</strong></span> 
     </span>
    </p>
   </div>
   <div class='ocr_carea' id='block_1_74' title="bbox 1863 2809 3440 2901">
    <p class='ocr_par' dir='ltr' id='par_1_74' title="bbox 1863 2809 3440 2901">
     <span class='ocr_line' id='line_1_74' title="bbox 1863 2809 3440 2901; baseline -0.017 -16"><span class='ocrx_word' id='word_1_592' title='bbox 1863 2833 2020 2901; x_wconf 90' lang='lat' dir='ltr'><strong>equis</strong></span> <span class='ocrx_word' id='word_1_593' title='bbox 2049 2828 2295 2882; x_wconf 85' lang='lat' dir='ltr'><strong>videlicet</strong></span> <span class='ocrx_word' id='word_1_594' title='bbox 2327 2820 2614 2877; x_wconf 78' lang='lat' dir='ltr'><strong>ministerii</strong></span> <span class='ocrx_word' id='word_1_595' title='bbox 2651 2818 2983 2872; x_wconf 87' lang='lat' dir='ltr'><strong>celeritatem</strong></span> <span class='ocrx_word' id='word_1_596' title='bbox 3030 2809 3440 2871; x_wconf 86' lang='lat' dir='ltr'><strong>indicantibus;</strong></span> 
     </span>
    </p>
   </div>
   <div class='ocr_carea' id='block_1_75' title="bbox 1866 2901 3437 2980">
    <p class='ocr_par' dir='ltr' id='par_1_75' title="bbox 1866 2901 3437 2980">
     <span class='ocr_line' id='line_1_75' title="bbox 1866 2901 3437 2980; baseline -0.018 -4"><span class='ocrx_word' id='word_1_597' title='bbox 1866 2923 1990 2976; x_wconf 88' lang='lat' dir='ltr'><strong>rufo</strong></span> <span class='ocrx_word' id='word_1_598' title='bbox 2008 2927 2185 2974; x_wconf 91' lang='lat' dir='ltr'><strong>autem</strong></span> <span class='ocrx_word' id='word_1_599' title='bbox 2211 2917 2391 2971; x_wconf 86' lang='lat' dir='ltr'><strong>colore</strong></span> <span class='ocrx_word' id='word_1_600' title='bbox 2410 2916 2543 2966; x_wconf 92' lang='lat' dir='ltr'><strong>iram</strong></span> <span class='ocrx_word' id='word_1_601' title='bbox 2564 2926 2671 2980; x_wconf 91' lang='lat' dir='ltr'><strong>qua</strong></span> <span class='ocrx_word' id='word_1_602' title='bbox 2694 2910 2746 2961; x_wconf 92' lang='lat' dir='ltr'><strong>in</strong></span> <span class='ocrx_word' id='word_1_603' title='bbox 2766 2904 3109 2961; x_wconf 89' lang='lat' dir='ltr'><strong>adversarios</strong></span> <span class='ocrx_word' id='word_1_604' title='bbox 3128 2901 3437 2955; x_wconf 79' lang='lat' dir='ltr'><strong>fervebant:</strong></span> 
     </span>
    </p>
   </div>
   <div class='ocr_carea' id='block_1_76' title="bbox 1868 2994 3440 3082">
    <p class='ocr_par' dir='ltr' id='par_1_76' title="bbox 1868 2994 3440 3082">
     <span class='ocr_line' id='line_1_76' title="bbox 1868 2994 3440 3082; baseline -0.018 -13"><span class='ocrx_word' id='word_1_605' title='bbox 1868 3015 2098 3082; x_wconf 82' lang='lat' dir='ltr'><strong>denique</strong></span> <span class='ocrx_word' id='word_1_606' title='bbox 2151 3019 2205 3064; x_wconf 91' lang='lat' dir='ltr'><strong>et</strong></span> <span class='ocrx_word' id='word_1_607' title='bbox 2257 3007 2475 3076; x_wconf 87' lang='lat' dir='ltr'><strong>quidam</strong></span> <span class='ocrx_word' id='word_1_608' title='bbox 2519 3004 2656 3067; x_wconf 91' lang='lat' dir='ltr'><strong>albi,</strong></span> <span class='ocrx_word' id='word_1_609' title='bbox 2719 3000 3084 3055; x_wconf 80' lang='lat' dir='ltr'><strong>lsraelitarutn</strong></span> <span class='ocrx_word' id='word_1_610' title='bbox 3138 2994 3440 3047; x_wconf 87' lang='lat' dir='ltr'><strong>claritatem</strong></span> 
     </span>
    </p>
   </div>
   <div class='ocr_carea' id='block_1_77' title="bbox 1870 3080 3443 3171">
    <p class='ocr_par' dir='ltr' id='par_1_77' title="bbox 1870 3080 3443 3171">
     <span class='ocr_line' id='line_1_77' title="bbox 1870 3080 3443 3171; baseline -0.015 -15"><span class='ocrx_word' id='word_1_611' title='bbox 1870 3080 2281 3171; x_wconf 80' lang='lat' dir='ltr'><strong>portendebant,</strong></span> <span class='ocrx_word' id='word_1_612' title='bbox 2313 3112 2375 3150; x_wconf 80' lang='lat' dir='ltr'><strong>ex</strong></span> <span class='ocrx_word' id='word_1_613' title='bbox 2404 3095 2617 3147; x_wconf 83' lang='lat' dir='ltr'><strong>illorum</strong></span> <span class='ocrx_word' id='word_1_614' title='bbox 2672 3090 2973 3144; x_wconf 90' lang='lat' dir='ltr'><strong>ministerio</strong></span> <span class='ocrx_word' id='word_1_615' title='bbox 3004 3085 3265 3145; x_wconf 89' lang='lat' dir='ltr'><strong>futuram,</strong></span> <span class='ocrx_word' id='word_1_616' title='bbox 3296 3080 3443 3150; x_wconf 90' lang='lat' dir='ltr'><strong>quod</strong></span> 
     </span>
    </p>
   </div>
   <div class='ocr_carea' id='block_1_78' title="bbox 1871 3178 3439 3259">
    <p class='ocr_par' dir='ltr' id='par_1_78' title="bbox 1871 3178 3439 3259">
     <span class='ocr_line' id='line_1_78' title="bbox 1871 3178 3439 3259; baseline -0.014 -12"><span class='ocrx_word' id='word_1_617' title='bbox 1871 3208 2056 3247; x_wconf 86' lang='lat' dir='ltr'><strong>revera</strong></span> <span class='ocrx_word' id='word_1_618' title='bbox 2095 3189 2265 3259; x_wconf 84' lang='lat' dir='ltr'><strong>angeli</strong></span> <span class='ocrx_word' id='word_1_619' title='bbox 2318 3191 2594 3246; x_wconf 80' lang='lat' dir='ltr'><strong>exercent,</strong></span> <span class='ocrx_word' id='word_1_620' title='bbox 2629 3196 2819 3252; x_wconf 74' lang='lat' dir='ltr'><strong>pmnas</strong></span> <span class='ocrx_word' id='word_1_621' title='bbox 2868 3179 3042 3233; x_wconf 79' lang='lat' dir='ltr'><strong>noxiis</strong></span> <span class='ocrx_word' id='word_1_622' title='bbox 3077 3178 3439 3246; x_wconf 85' lang='lat' dir='ltr'><strong>imponentes,</strong></span> 
     </span>
    </p>
   </div>
   <div class='ocr_carea' id='block_1_79' title="bbox 1874 3265 3445 3344">
    <p class='ocr_par' dir='ltr' id='par_1_79' title="bbox 1874 3265 3445 3344">
     <span class='ocr_line' id='line_1_79' title="bbox 1874 3265 3445 3344; baseline -0.014 -5"><span class='ocrx_word' id='word_1_623' title='bbox 1874 3284 2134 3339; x_wconf 86' lang='lat' dir='ltr'><strong>beneficia</strong></span> <span class='ocrx_word' id='word_1_624' title='bbox 2171 3295 2297 3335; x_wconf 86' lang='lat' dir='ltr'><strong>vero</strong></span> <span class='ocrx_word' id='word_1_625' title='bbox 2341 3279 2447 3332; x_wconf 90' lang='lat' dir='ltr'><strong>illis</strong></span> <span class='ocrx_word' id='word_1_626' title='bbox 2499 3290 2636 3344; x_wconf 91' lang='lat' dir='ltr'><strong>quos</strong></span> <span class='ocrx_word' id='word_1_627' title='bbox 2675 3272 2819 3327; x_wconf 88' lang='lat' dir='ltr'><strong>Deus</strong></span> <span class='ocrx_word' id='word_1_628' title='bbox 2866 3268 3204 3325; x_wconf 88' lang='lat' dir='ltr'><strong>remunerari</strong></span> <span class='ocrx_word' id='word_1_629' title='bbox 3257 3265 3445 3319; x_wconf 83' lang='lat' dir='ltr'><strong>volue-</strong></span> 
     </span>
    </p>
   </div>
   <div class='ocr_carea' id='block_1_80' title="bbox 1875 3378 1962 3431">
    <p class='ocr_par' dir='ltr' id='par_1_80' title="bbox 1875 3378 1962 3431">
     <span class='ocr_line' id='line_1_80' title="bbox 1875 3378 1962 3431; baseline -0.046 0"><span class='ocrx_word' id='word_1_630' title='bbox 1875 3378 1962 3431; x_wconf 92' lang='lat' dir='ltr'><strong>rit.</strong></span> 
     </span>
    </p>
   </div>
   <div class='ocr_carea' id='block_1_81' title="bbox 1948 3538 3443 3619">
    <p class='ocr_par' dir='ltr' id='par_1_81' title="bbox 1948 3538 3443 3619">
     <span class='ocr_line' id='line_1_81' title="bbox 1948 3538 3443 3619; baseline -0.014 -8"><span class='ocrx_word' id='word_1_631' title='bbox 1948 3558 2113 3612; x_wconf 73' lang='lat' dir='ltr'><strong>Vens.</strong></span> <span class='ocrx_word' id='word_1_632' title='bbox 2143 3555 2230 3619; x_wconf 84' lang='grc' dir='ltr'>Η,</span> <span class='ocrx_word' id='word_1_633' title='bbox 2258 3551 2344 3605; x_wconf 74' lang='grc'><strong>12.</strong></span> <span class='ocrx_word' id='word_1_634' title='bbox 2370 3579 2439 3590; x_wconf 89' lang='lat'>—</span> <span class='ocrx_word' id='word_1_635' title='bbox 2461 3548 2734 3602; x_wconf 88' lang='lat' dir='ltr'><strong>Dictorum</strong></span> <span class='ocrx_word' id='word_1_636' title='bbox 2761 3552 2941 3599; x_wconf 89' lang='lat' dir='ltr'><strong>autem</strong></span> <span class='ocrx_word' id='word_1_637' title='bbox 2969 3539 3361 3594; x_wconf 89' lang='lat' dir='ltr'><strong>demonstratio</strong></span> <span class='ocrx_word' id='word_1_638' title='bbox 3390 3538 3443 3590; x_wconf 90' lang='lat' dir='ltr'><strong>in</strong></span> 
     </span>
    </p>
   </div>
   <div class='ocr_carea' id='block_1_82' title="bbox 1879 3631 3450 3719">
    <p class='ocr_par' dir='ltr' id='par_1_82' title="bbox 1879 3631 3450 3719">
     <span class='ocr_line' id='line_1_82' title="bbox 1879 3631 3450 3719; baseline -0.016 -13"><span class='ocrx_word' id='word_1_639' title='bbox 1879 3646 2235 3719; x_wconf 86' lang='lat' dir='ltr'><strong>sequentibus</strong></span> <span class='ocrx_word' id='word_1_640' title='bbox 2282 3643 2357 3696; x_wconf 88' lang='lat' dir='ltr'><strong>fit.</strong></span> <span class='ocrx_word' id='word_1_641' title='bbox 2413 3640 2520 3693; x_wconf 70' lang='lat' dir='ltr'><strong>«Et</strong></span> <span class='ocrx_word' id='word_1_642' title='bbox 2558 3637 2976 3707; x_wconf 88' lang='lat' dir='ltr'><strong>responderunt,</strong></span> <span class='ocrx_word' id='word_1_643' title='bbox 3022 3633 3219 3700; x_wconf 91' lang='lat' dir='ltr'><strong>inquit,</strong></span> <span class='ocrx_word' id='word_1_644' title='bbox 3254 3631 3450 3699; x_wconf 88' lang='lat' dir='ltr'><strong>angelo</strong></span> 
     </span>
    </p>
   </div>
   <div class='ocr_carea' id='block_1_83' title="bbox 1882 3722 3446 3805">
    <p class='ocr_par' dir='ltr' id='par_1_83' title="bbox 1882 3722 3446 3805">
     <span class='ocr_line' id='line_1_83' title="bbox 1882 3722 3446 3805; baseline -0.012 -12"><span class='ocrx_word' id='word_1_645' title='bbox 1882 3738 2120 3799; x_wconf 88' lang='lat' dir='ltr'><strong>Domini,</strong></span> <span class='ocrx_word' id='word_1_646' title='bbox 2165 3736 2255 3805; x_wconf 87' lang='lat' dir='ltr'><strong>qui</strong></span> <span class='ocrx_word' id='word_1_647' title='bbox 2288 3734 2467 3789; x_wconf 86' lang='lat' dir='ltr'><strong>stabat</strong></span> <span class='ocrx_word' id='word_1_648' title='bbox 2520 3731 2661 3784; x_wconf 87' lang='lat' dir='ltr'><strong>inter</strong></span> <span class='ocrx_word' id='word_1_649' title='bbox 2691 3734 2923 3789; x_wconf 89' lang='lat' dir='ltr'><strong>montes,</strong></span> <span class='ocrx_word' id='word_1_650' title='bbox 2960 3731 3123 3793; x_wconf 88' lang='lat' dir='ltr'><strong>atque</strong></span> <span class='ocrx_word' id='word_1_651' title='bbox 3158 3722 3446 3775; x_wconf 74' lang='lat' dir='ltr'><strong>dixerunt:</strong></span> 
     </span>
    </p>
   </div>
   <div class='ocr_carea' id='block_1_84' title="bbox 1882 3813 3450 3887">
    <p class='ocr_par' dir='ltr' id='par_1_84' title="bbox 1882 3813 3450 3887">
     <span class='ocr_line' id='line_1_84' title="bbox 1882 3813 3450 3887; baseline -0.015 0"><span class='ocrx_word' id='word_1_652' title='bbox 1882 3829 2312 3887; x_wconf 79' lang='lat' dir='ltr'><strong>Circumivimus</strong></span> <span class='ocrx_word' id='word_1_653' title='bbox 2340 3830 2652 3879; x_wconf 88' lang='lat' dir='ltr'><strong>universam</strong></span> <span class='ocrx_word' id='word_1_654' title='bbox 2679 3829 2880 3875; x_wconf 87' lang='lat' dir='ltr'><strong>terram</strong></span> <span class='ocrx_word' id='word_1_655' title='bbox 2905 3834 2919 3883; x_wconf 91' lang='lat'><strong>;</strong></span> <span class='ocrx_word' id='word_1_656' title='bbox 2950 3823 3004 3871; x_wconf 89' lang='lat' dir='ltr'><strong>et</strong></span> <span class='ocrx_word' id='word_1_657' title='bbox 3027 3829 3155 3868; x_wconf 90' lang='lat' dir='ltr'><strong>ecce</strong></span> <span class='ocrx_word' id='word_1_658' title='bbox 3196 3813 3450 3867; x_wconf 83' lang='lat' dir='ltr'><strong>universa</strong></span> 
     </span>
    </p>
   </div>
   <div class='ocr_carea' id='block_1_85' title="bbox 1883 3907 3453 3986">
    <p class='ocr_par' dir='ltr' id='par_1_85' title="bbox 1883 3907 3453 3986">
     <span class='ocr_line' id='line_1_85' title="bbox 1883 3907 3453 3986; baseline -0.013 -10"><span class='ocrx_word' id='word_1_659' title='bbox 1883 3932 2026 3978; x_wconf 88' lang='lat' dir='ltr'><strong>terra</strong></span> <span class='ocrx_word' id='word_1_660' title='bbox 2055 3921 2358 3982; x_wconf 87' lang='lat' dir='ltr'><strong>habitatur,</strong></span> <span class='ocrx_word' id='word_1_661' title='bbox 2398 3924 2453 3970; x_wconf 91' lang='lat' dir='ltr'><strong>et</strong></span> <span class='ocrx_word' id='word_1_662' title='bbox 2483 3914 2739 3986; x_wconf 87' lang='lat' dir='ltr'><strong>quiescit.</strong></span> <span class='ocrx_word' id='word_1_663' title='bbox 2769 3930 2787 3964; x_wconf 74' lang='grc' dir='ltr'><strong>ι</strong></span> <span class='ocrx_word' id='word_1_664' title='bbox 2822 3908 2979 3963; x_wconf 83' lang='lat' dir='ltr'><strong>Haud</strong></span> <span class='ocrx_word' id='word_1_665' title='bbox 3013 3907 3259 3976; x_wconf 88' lang='lat' dir='ltr'><strong>equidem</strong></span> <span class='ocrx_word' id='word_1_666' title='bbox 3284 3918 3453 3973; x_wconf 88' lang='lat' dir='ltr'><strong>equos</strong></span> 
     </span>
    </p>
   </div>
   <div class='ocr_carea' id='block_1_86' title="bbox 1884 4004 3453 4081">
    <p class='ocr_par' dir='ltr' id='par_1_86' title="bbox 1884 4004 3453 4081">
     <span class='ocr_line' id='line_1_86' title="bbox 1884 4004 3453 4081; baseline -0.014 -13"><span class='ocrx_word' id='word_1_667' title='bbox 1884 4013 1987 4070; x_wconf 86' lang='lat' dir='ltr'><strong>sibi</strong></span> <span class='ocrx_word' id='word_1_668' title='bbox 2011 4010 2177 4081; x_wconf 75' lang='lat'><strong>296</strong></span> <span class='ocrx_word' id='word_1_669' title='bbox 2195 4007 2546 4078; x_wconf 84' lang='lat' dir='ltr'><strong>respondisse</strong></span> <span class='ocrx_word' id='word_1_670' title='bbox 2568 4004 2702 4059; x_wconf 88' lang='lat' dir='ltr'><strong>dicit</strong></span> <span class='ocrx_word' id='word_1_671' title='bbox 2726 4019 2740 4067; x_wconf 92' lang='lat'><strong>;</strong></span> <span class='ocrx_word' id='word_1_672' title='bbox 2766 4016 2890 4054; x_wconf 90' lang='lat' dir='ltr'><strong>nam</strong></span> <span class='ocrx_word' id='word_1_673' title='bbox 2915 4012 3161 4069; x_wconf 67' lang='lat' dir='ltr'><strong>quaenam</strong></span> <span class='ocrx_word' id='word_1_674' title='bbox 3187 4008 3453 4065; x_wconf 90' lang='lat' dir='ltr'><strong>equorum</strong></span> 
     </span>
    </p>
   </div>
   <div class='ocr_carea' id='block_1_87' title="bbox 1883 4086 3453 4166">
    <p class='ocr_par' dir='ltr' id='par_1_87' title="bbox 1883 4086 3453 4166">
     <span class='ocr_line' id='line_1_87' title="bbox 1883 4086 3453 4166; baseline -0.012 -9"><span class='ocrx_word' id='word_1_675' title='bbox 1883 4117 1989 4157; x_wconf 80' lang='lat' dir='ltr'><strong>vox</strong></span> <span class='ocrx_word' id='word_1_676' title='bbox 2037 4100 2272 4155; x_wconf 82' lang='lat' dir='ltr'><strong>fuisset?</strong></span> <span class='ocrx_word' id='word_1_677' title='bbox 2310 4096 2428 4153; x_wconf 87' lang='lat' dir='ltr'><strong>.Sed</strong></span> <span class='ocrx_word' id='word_1_678' title='bbox 2474 4101 2622 4166; x_wconf 88' lang='lat' dir='ltr'><strong>patet</strong></span> <span class='ocrx_word' id='word_1_679' title='bbox 2660 4093 2875 4163; x_wconf 91' lang='lat' dir='ltr'><strong>equites</strong></span> <span class='ocrx_word' id='word_1_680' title='bbox 2905 4090 2974 4145; x_wconf 86' lang='lat' dir='ltr'><strong>ab</strong></span> <span class='ocrx_word' id='word_1_681' title='bbox 3015 4105 3082 4144; x_wconf 92' lang='lat' dir='ltr'><strong>eo</strong></span> <span class='ocrx_word' id='word_1_682' title='bbox 3112 4089 3243 4151; x_wconf 80' lang='lat' dir='ltr'><strong>dici,</strong></span> <span class='ocrx_word' id='word_1_683' title='bbox 3275 4086 3368 4156; x_wconf 91' lang='lat' dir='ltr'><strong>qui</strong></span> <span class='ocrx_word' id='word_1_684' title='bbox 3398 4088 3453 4139; x_wconf 91' lang='lat' dir='ltr'><strong>in</strong></span> 
     </span>
    </p>
   </div>
   <div class='ocr_carea' id='block_1_88' title="bbox 1884 4177 3457 4259">
    <p class='ocr_par' dir='ltr' id='par_1_88' title="bbox 1884 4177 3457 4259">
     <span class='ocr_line' id='line_1_88' title="bbox 1884 4177 3457 4259; baseline -0.013 -13"><span class='ocrx_word' id='word_1_685' title='bbox 1884 4191 2124 4246; x_wconf 89' lang='lat' dir='ltr'><strong>hominis</strong></span> <span class='ocrx_word' id='word_1_686' title='bbox 2174 4189 2344 4259; x_wconf 88' lang='lat' dir='ltr'><strong>ﬁgura</strong></span> <span class='ocrx_word' id='word_1_687' title='bbox 2386 4186 2577 4248; x_wconf 89' lang='lat' dir='ltr'><strong>oblati,</strong></span> <span class='ocrx_word' id='word_1_688' title='bbox 2620 4184 2688 4237; x_wconf 86' lang='lat' dir='ltr'><strong>ad</strong></span> <span class='ocrx_word' id='word_1_689' title='bbox 2736 4196 2982 4236; x_wconf 89' lang='lat' dir='ltr'><strong>normam</strong></span> <span class='ocrx_word' id='word_1_690' title='bbox 3028 4178 3147 4248; x_wconf 89' lang='lat' dir='ltr'><strong>ejus</strong></span> <span class='ocrx_word' id='word_1_691' title='bbox 3191 4178 3282 4246; x_wconf 91' lang='lat' dir='ltr'><strong>qui</strong></span> <span class='ocrx_word' id='word_1_692' title='bbox 3318 4177 3457 4229; x_wconf 89' lang='lat' dir='ltr'><strong>inter</strong></span> 
     </span>
    </p>
   </div>
   <div class='ocr_carea' id='block_1_89' title="bbox 1887 4272 3455 4346">
    <p class='ocr_par' dir='ltr' id='par_1_89' title="bbox 1887 4272 3455 4346">
     <span class='ocr_line' id='line_1_89' title="bbox 1887 4272 3455 4346; baseline -0.015 -7"><span class='ocrx_word' id='word_1_693' title='bbox 1887 4291 2101 4339; x_wconf 88' lang='lat' dir='ltr'><strong>montes</strong></span> <span class='ocrx_word' id='word_1_694' title='bbox 2137 4282 2431 4335; x_wconf 80' lang='lat' dir='ltr'><strong>umbrosas</strong></span> <span class='ocrx_word' id='word_1_695' title='bbox 2474 4290 2617 4346; x_wconf 90' lang='lat' dir='ltr'><strong>equo</strong></span> <span class='ocrx_word' id='word_1_696' title='bbox 2651 4273 2777 4329; x_wconf 86' lang='lat' dir='ltr'><strong>rufo</strong></span> <span class='ocrx_word' id='word_1_697' title='bbox 2826 4272 3071 4327; x_wconf 88' lang='lat' dir='ltr'><strong>insidens</strong></span> <span class='ocrx_word' id='word_1_698' title='bbox 3109 4272 3455 4338; x_wconf 87' lang='lat' dir='ltr'><strong>apparuerat,</strong></span> 
     </span>
    </p>
   </div>
   <div class='ocr_carea' id='block_1_90' title="bbox 208 4354 1764 4445">
    <p class='ocr_par' dir='ltr' id='par_1_90' title="bbox 208 4354 1764 4443">
     <span class='ocr_line' id='line_1_90' title="bbox 208 4354 1764 4443; baseline -0.005 -16"><span class='ocrx_word' id='word_1_699' title='bbox 208 4354 299 4443; x_wconf 40' lang='grc' dir='ltr'><strong>ἐφ(</strong></span> <span class='ocrx_word' id='word_1_700' title='bbox 328 4375 497 4426; x_wconf 81' lang='grc' dir='ltr'>ἵππου</span> <span class='ocrx_word' id='word_1_701' title='bbox 542 4370 800 4438; x_wconf 82' lang='grc' dir='ltr'>φανέντος</span> <span class='ocrx_word' id='word_1_702' title='bbox 838 4369 1048 4439; x_wconf 78' lang='grc' dir='ltr'>πυρροῦ</span> <span class='ocrx_word' id='word_1_703' title='bbox 1075 4409 1089 4433; x_wconf 90' lang='grc'><strong>,</strong></span> <span class='ocrx_word' id='word_1_704' title='bbox 1138 4367 1359 4429; x_wconf 77' lang='grc' dir='ltr'>εἰκότως</span> <span class='ocrx_word' id='word_1_705' title='bbox 1412 4367 1671 4434; x_wconf 88' lang='grc' dir='ltr'>ἀνάλογον</span> <span class='ocrx_word' id='word_1_706' title='bbox 1716 4370 1764 4437; x_wconf 64' lang='grc' dir='ltr'>τῇ</span> 
     </span>
    </p>
   </div>
   <div class='ocr_carea' id='block_1_91' title="bbox 1871 4354 3456 4445">
    <p class='ocr_par' dir='ltr' id='par_1_91' title="bbox 1893 4354 3456 4442">
     <span class='ocr_line' id='line_1_91' title="bbox 1893 4354 3456 4442; baseline -0.015 -12"><span class='ocrx_word' id='word_1_707' title='bbox 1893 4377 2087 4430; x_wconf 89' lang='lat' dir='ltr'><strong>merito</strong></span> <span class='ocrx_word' id='word_1_708' title='bbox 2116 4385 2418 4442; x_wconf 82' lang='lat' dir='ltr'><strong>congruum</strong></span> <span class='ocrx_word' id='word_1_709' title='bbox 2452 4368 2652 4437; x_wconf 83' lang='lat' dir='ltr'><strong>speciei</strong></span> <span class='ocrx_word' id='word_1_710' title='bbox 2688 4381 2808 4419; x_wconf 89' lang='lat' dir='ltr'><strong>cum</strong></span> <span class='ocrx_word' id='word_1_711' title='bbox 2846 4379 2909 4418; x_wconf 89' lang='lat' dir='ltr'><strong>eo</strong></span> <span class='ocrx_word' id='word_1_712' title='bbox 2930 4362 3198 4431; x_wconf 81' lang='lat' dir='ltr'><strong>dialogum</strong></span> <span class='ocrx_word' id='word_1_713' title='bbox 3222 4354 3456 4410; x_wconf 91' lang='lat' dir='ltr'><strong>habituri</strong></span> 
     </span>
    </p>
   </div>
   <div class='ocr_carea' id='block_1_92' title="bbox 205 4456 1782 4535">
    <p class='ocr_par' dir='ltr' id='par_1_92' title="bbox 205 4456 1782 4535">
     <span class='ocr_line' id='line_1_92' title="bbox 205 4456 1782 4535; baseline -0.006 -17"><span class='ocrx_word' id='word_1_714' title='bbox 205 4468 329 4535; x_wconf 62' lang='grc' dir='ltr'>ἴιψει</span> <span class='ocrx_word' id='word_1_715' title='bbox 354 4465 455 4534; x_wconf 81' lang='grc' dir='ltr'>τὴν</span> <span class='ocrx_word' id='word_1_716' title='bbox 482 4461 615 4533; x_wconf 78' lang='grc' dir='ltr'>πρὸς</span> <span class='ocrx_word' id='word_1_717' title='bbox 638 4459 800 4512; x_wconf 80' lang='grc' dir='ltr'>αὐτὸν</span> <span class='ocrx_word' id='word_1_718' title='bbox 826 4458 1093 4512; x_wconf 87' lang='grc' dir='ltr'>ποιεῖσθαι</span> <span class='ocrx_word' id='word_1_719' title='bbox 1131 4457 1363 4523; x_wconf 83' lang='grc' dir='ltr'>διάλεξιν</span> <span class='ocrx_word' id='word_1_720' title='bbox 1396 4456 1626 4527; x_wconf 74' lang='grc' dir='ltr'>ἤμελλον</span> <span class='ocrx_word' id='word_1_721' title='bbox 1646 4497 1659 4521; x_wconf 93' lang='grc'><strong>,</strong></span> <span class='ocrx_word' id='word_1_722' title='bbox 1692 4458 1782 4525; x_wconf 79' lang='grc' dir='ltr'>ἀφ’</span> 
     </span>
    </p>
   </div>
   <div class='ocr_carea' id='block_1_93' title="bbox 207 4548 1788 4627">
    <p class='ocr_par' dir='ltr' id='par_1_93' title="bbox 207 4548 1788 4627">
     <span class='ocr_line' id='line_1_93' title="bbox 207 4548 1788 4627; baseline -0.004 -18"><span class='ocrx_word' id='word_1_723' title='bbox 207 4557 271 4627; x_wconf 69' lang='grc' dir='ltr'>ἧς</span> <span class='ocrx_word' id='word_1_724' title='bbox 313 4558 376 4627; x_wconf 80' lang='grc' dir='ltr'>δὴ</span> <span class='ocrx_word' id='word_1_725' title='bbox 401 4557 494 4607; x_wconf 79' lang='grc' dir='ltr'><strong>καὶ</strong></span> <span class='ocrx_word' id='word_1_726' title='bbox 523 4557 550 4607; x_wconf 93' lang='lat'><strong>6</strong></span> <span class='ocrx_word' id='word_1_727' title='bbox 581 4554 865 4625; x_wconf 79' lang='grc' dir='ltr'>προφήτης</span> <span class='ocrx_word' id='word_1_728' title='bbox 899 4551 1038 4605; x_wconf 85' lang='grc' dir='ltr'><strong>κατά</strong></span> <span class='ocrx_word' id='word_1_729' title='bbox 1068 4548 1405 4617; x_wconf 75' lang='grc' dir='ltr'>ἀποκάλυψιν</span> <span class='ocrx_word' id='word_1_730' title='bbox 1427 4549 1533 4601; x_wconf 85' lang='grc' dir='ltr'><strong>τῶν</strong></span> <span class='ocrx_word' id='word_1_731' title='bbox 1564 4548 1788 4617; x_wconf 85' lang='grc' dir='ltr'>λεγομέ-</span> 
     </span>
    </p>
   </div>
   <div class='ocr_carea' id='block_1_94' title="bbox 208 4640 1789 4716">
    <p class='ocr_par' dir='ltr' id='par_1_94' title="bbox 208 4640 1789 4716">
     <span class='ocr_line' id='line_1_94' title="bbox 208 4640 1789 4716; baseline -0.008 -13"><span class='ocrx_word' id='word_1_732' title='bbox 208 4668 316 4703; x_wconf 83' lang='grc' dir='ltr'><strong>νων</strong></span> <span class='ocrx_word' id='word_1_733' title='bbox 350 4646 597 4711; x_wconf 87' lang='grc' dir='ltr'>ἀκούων,</span> <span class='ocrx_word' id='word_1_734' title='bbox 636 4645 733 4716; x_wconf 82' lang='grc' dir='ltr'><strong>τὴν</strong></span> <span class='ocrx_word' id='word_1_735' title='bbox 766 4643 824 4707; x_wconf 79' lang='grc' dir='ltr'><strong>ἐξ</strong></span> <span class='ocrx_word' id='word_1_736' title='bbox 854 4641 1028 4696; x_wconf 75' lang='grc' dir='ltr'>αὐτῶν</span> <span class='ocrx_word' id='word_1_737' title='bbox 1053 4640 1392 4694; x_wconf 80' lang='grc' dir='ltr'>διδασκαλίαν</span> <span class='ocrx_word' id='word_1_738' title='bbox 1425 4640 1653 4710; x_wconf 85' lang='grc' dir='ltr'>ἐδέχετο.</span> <span class='ocrx_word' id='word_1_739' title='bbox 1687 4640 1789 4693; x_wconf 82' lang='grc' dir='ltr'><strong>Εὕ-</strong></span> 
     </span>
    </p>
   </div>
   <div class='ocr_carea' id='block_1_95' title="bbox 208 4732 1789 4810">
    <p class='ocr_par' dir='ltr' id='par_1_95' title="bbox 208 4732 1789 4810">
     <span class='ocr_line' id='line_1_95' title="bbox 208 4732 1789 4810; baseline -0.006 -17"><span class='ocrx_word' id='word_1_740' title='bbox 208 4742 367 4810; x_wconf 81' lang='grc' dir='ltr'>δηλον</span> <span class='ocrx_word' id='word_1_741' title='bbox 395 4738 505 4808; x_wconf 79' lang='grc' dir='ltr'>γὰρ</span> <span class='ocrx_word' id='word_1_742' title='bbox 541 4739 621 4790; x_wconf 86' lang='grc' dir='ltr'><strong>ὃτι</strong></span> <span class='ocrx_word' id='word_1_743' title='bbox 656 4737 807 4789; x_wconf 83' lang='grc' dir='ltr'>πᾶσα</span> <span class='ocrx_word' id='word_1_744' title='bbox 836 4736 869 4804; x_wconf 83' lang='grc' dir='ltr'>ἡ</span> <span class='ocrx_word' id='word_1_745' title='bbox 902 4733 1240 4802; x_wconf 70' lang='grc' dir='ltr'>ἀποκάλυψις</span> <span class='ocrx_word' id='word_1_746' title='bbox 1270 4733 1361 4784; x_wconf 69' lang='grc' dir='ltr'>καὶ</span> <span class='ocrx_word' id='word_1_747' title='bbox 1395 4732 1461 4783; x_wconf 80' lang='grc' dir='ltr'>τὰ</span> <span class='ocrx_word' id='word_1_748' title='bbox 1500 4732 1587 4784; x_wconf 81' lang='grc' dir='ltr'>ἐπ’</span> <span class='ocrx_word' id='word_1_749' title='bbox 1620 4732 1789 4802; x_wconf 80' lang='grc' dir='ltr'>αὐτῆς</span> 
     </span>
    </p>
   </div>
   <div class='ocr_carea' id='block_1_96' title="bbox 211 4824 1789 4900">
    <p class='ocr_par' dir='ltr' id='par_1_96' title="bbox 211 4824 1789 4900">
     <span class='ocr_line' id='line_1_96' title="bbox 211 4824 1789 4900; baseline -0.005 -17"><span class='ocrx_word' id='word_1_750' title='bbox 211 4829 603 4900; x_wconf 78' lang='grc' dir='ltr'>θεωρούμενα,</span> <span class='ocrx_word' id='word_1_751' title='bbox 638 4829 733 4880; x_wconf 75' lang='grc' dir='ltr'><strong>καὶ</strong></span> <span class='ocrx_word' id='word_1_752' title='bbox 790 4826 897 4878; x_wconf 82' lang='grc' dir='ltr'>εἴτε</span> <span class='ocrx_word' id='word_1_753' title='bbox 952 4824 1254 4895; x_wconf 84' lang='grc' dir='ltr'>ἐρώτησις,</span> <span class='ocrx_word' id='word_1_754' title='bbox 1301 4824 1409 4875; x_wconf 77' lang='grc' dir='ltr'>εἴτε</span> <span class='ocrx_word' id='word_1_755' title='bbox 1468 4824 1789 4894; x_wconf 82' lang='grc' dir='ltr'>ἀπόκρισις,</span> 
     </span>
    </p>
   </div>
   <div class='ocr_carea' id='block_1_97' title="bbox 210 4915 1790 4991">
    <p class='ocr_par' dir='ltr' id='par_1_97' title="bbox 210 4915 1790 4991">
     <span class='ocr_line' id='line_1_97' title="bbox 210 4915 1790 4991; baseline -0.003 -18"><span class='ocrx_word' id='word_1_756' title='bbox 210 4923 311 4976; x_wconf 76' lang='grc' dir='ltr'>εἶθ’</span> <span class='ocrx_word' id='word_1_757' title='bbox 337 4924 366 4975; x_wconf 85' lang='grc' dir='ltr'>ὃ</span> <span class='ocrx_word' id='word_1_758' title='bbox 404 4939 458 4974; x_wconf 89' lang='grc' dir='ltr'><strong>τι</strong></span> <span class='ocrx_word' id='word_1_759' title='bbox 487 4922 704 4991; x_wconf 86' lang='grc' dir='ltr'>δήποτε,</span> <span class='ocrx_word' id='word_1_760' title='bbox 738 4919 912 4971; x_wconf 85' lang='grc' dir='ltr'>πάντα</span> <span class='ocrx_word' id='word_1_761' title='bbox 942 4920 1034 4970; x_wconf 77' lang='grc' dir='ltr'><strong>ἐπὶ</strong></span> <span class='ocrx_word' id='word_1_762' title='bbox 1066 4918 1164 4985; x_wconf 81' lang='grc' dir='ltr'>τῆς</span> <span class='ocrx_word' id='word_1_763' title='bbox 1193 4915 1585 4984; x_wconf 82' lang='grc' dir='ltr'>ἀποκαλύψεως</span> <span class='ocrx_word' id='word_1_764' title='bbox 1617 4917 1790 4969; x_wconf 86' lang='grc' dir='ltr'>διετυ-</span> 
     </span>
    </p>
   </div>
   <div class='ocr_carea' id='block_1_98' title="bbox 213 5008 1792 5080">
    <p class='ocr_par' dir='ltr' id='par_1_98' title="bbox 213 5008 1792 5080">
     <span class='ocr_line' id='line_1_98' title="bbox 213 5008 1792 5080; baseline -0.004 -14"><span class='ocrx_word' id='word_1_765' title='bbox 213 5014 382 5066; x_wconf 84' lang='grc' dir='ltr'>ποῦτο</span> <span class='ocrx_word' id='word_1_766' title='bbox 397 5030 410 5043; x_wconf 93' lang='grc'><strong>·</strong></span> <span class='ocrx_word' id='word_1_767' title='bbox 437 5014 512 5076; x_wconf 81' lang='grc' dir='ltr'>ὡς</span> <span class='ocrx_word' id='word_1_768' title='bbox 541 5013 606 5067; x_wconf 80' lang='grc' dir='ltr'><strong>ἂν</strong></span> <span class='ocrx_word' id='word_1_769' title='bbox 627 5012 715 5065; x_wconf 87' lang='grc' dir='ltr'><strong>διά</strong></span> <span class='ocrx_word' id='word_1_770' title='bbox 735 5011 952 5063; x_wconf 86' lang='grc' dir='ltr'>πάντων</span> <span class='ocrx_word' id='word_1_771' title='bbox 973 5012 1070 5080; x_wconf 80' lang='grc' dir='ltr'><strong>τὴν</strong></span> <span class='ocrx_word' id='word_1_772' title='bbox 1093 5008 1435 5062; x_wconf 88' lang='grc' dir='ltr'>διδασκαλίαν</span> <span class='ocrx_word' id='word_1_773' title='bbox 1460 5009 1487 5059; x_wconf 92' lang='lat'><strong>6</strong></span> <span class='ocrx_word' id='word_1_774' title='bbox 1512 5010 1792 5079; x_wconf 79' lang='grc' dir='ltr'>προφήτης</span> 
     </span>
    </p>
   </div>
   <div class='ocr_carea' id='block_1_99' title="bbox 211 5098 1794 5172">
    <p class='ocr_par' dir='ltr' id='par_1_99' title="bbox 211 5098 1794 5172">
     <span class='ocr_line' id='line_1_99' title="bbox 211 5098 1794 5172; baseline -0.003 -17"><span class='ocrx_word' id='word_1_775' title='bbox 211 5104 505 5172; x_wconf 78' lang='grc' dir='ltr'>δεξάμενος</span> <span class='ocrx_word' id='word_1_776' title='bbox 527 5144 540 5163; x_wconf 91' lang='grc'><strong>,</strong></span> <span class='ocrx_word' id='word_1_777' title='bbox 574 5100 735 5164; x_wconf 86' lang='grc' dir='ltr'>αὑτός</span> <span class='ocrx_word' id='word_1_778' title='bbox 766 5117 825 5152; x_wconf 89' lang='grc' dir='ltr'><strong>τε</strong></span> <span class='ocrx_word' id='word_1_779' title='bbox 861 5100 1040 5152; x_wconf 88' lang='grc' dir='ltr'>πίστιν</span> <span class='ocrx_word' id='word_1_780' title='bbox 1069 5100 1194 5169; x_wconf 77' lang='grc' dir='ltr'>περὶ</span> <span class='ocrx_word' id='word_1_781' title='bbox 1230 5098 1338 5152; x_wconf 83' lang='grc' dir='ltr'><strong>τῶν</strong></span> <span class='ocrx_word' id='word_1_782' title='bbox 1376 5099 1647 5167; x_wconf 85' lang='grc' dir='ltr'>ἐσομένων</span> <span class='ocrx_word' id='word_1_783' title='bbox 1680 5098 1794 5167; x_wconf 78' lang='grc' dir='ltr'>ἔχοι</span> 
     </span>
    </p>
   </div>
   <div class='ocr_carea' id='block_1_100' title="bbox 215 5189 1794 5264">
    <p class='ocr_par' dir='ltr' id='par_1_100' title="bbox 215 5189 1794 5264">
     <span class='ocr_line' id='line_1_100' title="bbox 215 5189 1794 5264; baseline -0.003 -17"><span class='ocrx_word' id='word_1_784' title='bbox 215 5196 461 5264; x_wconf 75' lang='grc' dir='ltr'>βεϐαίαν.</span> <span class='ocrx_word' id='word_1_785' title='bbox 482 5195 575 5247; x_wconf 81' lang='grc' dir='ltr'><strong>καὶ</strong></span> <span class='ocrx_word' id='word_1_786' title='bbox 597 5195 675 5255; x_wconf 79' lang='grc' dir='ltr'><strong>είς</strong></span> <span class='ocrx_word' id='word_1_787' title='bbox 698 5191 915 5261; x_wconf 86' lang='grc' dir='ltr'>ἐτέρους</span> <span class='ocrx_word' id='word_1_788' title='bbox 938 5191 1155 5260; x_wconf 82' lang='grc' dir='ltr'>ἐκφέροι</span> <span class='ocrx_word' id='word_1_789' title='bbox 1177 5189 1274 5258; x_wconf 83' lang='grc' dir='ltr'><strong>τὴν</strong></span> <span class='ocrx_word' id='word_1_790' title='bbox 1297 5189 1578 5257; x_wconf 84' lang='grc' dir='ltr'>ὠφέλειαν.</span> <span class='ocrx_word' id='word_1_791' title='bbox 1610 5190 1794 5243; x_wconf 84' lang='grc' dir='ltr'>Ἐοικε</span> 
     </span>
    </p>
   </div>
   <div class='ocr_carea' id='block_1_101' title="bbox 211 5277 1803 5352">
    <p class='ocr_par' dir='ltr' id='par_1_101' title="bbox 211 5277 1803 5352">
     <span class='ocr_line' id='line_1_101' title="bbox 211 5277 1803 5352; baseline -0.004 -14"><span class='ocrx_word' id='word_1_792' title='bbox 320 5286 411 5337; x_wconf 76' lang='grc' dir='ltr'>τὸν</span> <span class='ocrx_word' id='word_1_793' title='bbox 445 5282 809 5352; x_wconf 86' lang='grc' dir='ltr'>ἐπιϐεϐηκότα</span> <span class='ocrx_word' id='word_1_794' title='bbox 840 5282 931 5332; x_wconf 75' lang='grc' dir='ltr'>ἐπὶ</span> <span class='ocrx_word' id='word_1_795' title='bbox 969 5280 1059 5333; x_wconf 84' lang='grc' dir='ltr'><strong>τὸν</strong></span> <span class='ocrx_word' id='word_1_796' title='bbox 1090 5280 1255 5332; x_wconf 77' lang='grc' dir='ltr'>ἵππον</span> <span class='ocrx_word' id='word_1_797' title='bbox 1301 5277 1573 5349; x_wconf 85' lang='grc' dir='ltr'>ἀναμέσον</span> <span class='ocrx_word' id='word_1_798' title='bbox 1611 5280 1803 5351; x_wconf 77' lang='grc' dir='ltr'>ὀρέων,</span> 
     </span>
    </p>
   </div>
   <div class='ocr_carea' id='block_1_102' title="bbox 212 5369 1808 5444">
    <p class='ocr_par' dir='ltr' id='par_1_102' title="bbox 212 5369 1808 5444">
     <span class='ocr_line' id='line_1_102' title="bbox 212 5369 1808 5444; baseline -0.003 -14"><span class='ocrx_word' id='word_1_799' title='bbox 212 5378 450 5444; x_wconf 56' lang='grc' dir='ltr'>ἄγγελον</span> <span class='ocrx_word' id='word_1_800' title='bbox 504 5371 839 5426; x_wconf 83' lang='grc' dir='ltr'>αἰνίττεσθαι</span> <span class='ocrx_word' id='word_1_801' title='bbox 888 5372 980 5423; x_wconf 83' lang='grc' dir='ltr'><strong>τὸν</strong></span> <span class='ocrx_word' id='word_1_802' title='bbox 1044 5369 1321 5440; x_wconf 85' lang='grc' dir='ltr'>ἐφεστῶτα</span> <span class='ocrx_word' id='word_1_803' title='bbox 1370 5369 1448 5439; x_wconf 83' lang='grc' dir='ltr'><strong>τῷ</strong></span> <span class='ocrx_word' id='word_1_804' title='bbox 1498 5370 1638 5423; x_wconf 78' lang='grc' dir='ltr'>ἔθνει</span> <span class='ocrx_word' id='word_1_805' title='bbox 1701 5372 1808 5426; x_wconf 84' lang='grc' dir='ltr'><strong>τῶν</strong></span> 
     </span>
    </p>
   </div>
   <div class='ocr_carea' id='block_1_103' title="bbox 224 5462 1799 5537">
    <p class='ocr_par' dir='ltr' id='par_1_103' title="bbox 224 5462 1799 5537">
     <span class='ocr_line' id='line_1_103' title="bbox 224 5462 1799 5537; baseline 0 -19"><span class='ocrx_word' id='word_1_806' title='bbox 224 5465 584 5537; x_wconf 65' lang='grc' dir='ltr'>Ἰσραηλιτῶν</span> <span class='ocrx_word' id='word_1_807' title='bbox 610 5503 625 5528; x_wconf 85' lang='grc'><strong>,</strong></span> <span class='ocrx_word' id='word_1_808' title='bbox 662 5464 803 5516; x_wconf 83' lang='grc' dir='ltr'><strong>κατά</strong></span> <span class='ocrx_word' id='word_1_809' title='bbox 848 5463 910 5516; x_wconf 82' lang='grc' dir='ltr'><strong>τὸ</strong></span> <span class='ocrx_word' id='word_1_810' title='bbox 950 5462 1237 5534; x_wconf 77' lang='grc' dir='ltr'>εἰρημένον</span> <span class='ocrx_word' id='word_1_811' title='bbox 1265 5503 1276 5525; x_wconf 88' lang='grc'><strong>,</strong></span> <span class='ocrx_word' id='word_1_812' title='bbox 1327 5479 1344 5513; x_wconf 84' lang='lat' dir='ltr'><strong>t</strong></span> <span class='ocrx_word' id='word_1_813' title='bbox 1373 5462 1637 5533; x_wconf 87' lang='grc' dir='ltr'>Ἕστησεν</span> <span class='ocrx_word' id='word_1_814' title='bbox 1676 5464 1799 5537; x_wconf 87' lang='grc' dir='ltr'>ὅρια</span> 
     </span>
    </p>
   </div>
   <div class='ocr_carea' id='block_1_104' title="bbox 284 5640 841 5705">
    <p class='ocr_par' dir='ltr' id='par_1_104' title="bbox 284 5640 841 5705">
     <span class='ocr_line' id='line_1_104' title="bbox 284 5640 841 5705; baseline -0.009 -7"><span class='ocrx_word' id='word_1_815' title='bbox 284 5644 333 5674; x_wconf 72' lang='grc'><strong>⁸⁸</strong></span> <span class='ocrx_word' id='word_1_816' title='bbox 373 5642 531 5697; x_wconf 75' lang='lat' dir='ltr'><strong>Deut.</strong></span> <span class='ocrx_word' id='word_1_817' title='bbox 578 5656 750 5705; x_wconf 75' lang='lat' dir='ltr'><strong>xuii,</strong></span> <span class='ocrx_word' id='word_1_818' title='bbox 790 5640 841 5695; x_wconf 87' lang='lat'><strong>8.</strong></span> 
     </span>
    </p>
   </div>
   <div class='ocr_carea' id='block_1_105' title="bbox 1892 4449 3458 4532">
    <p class='ocr_par' dir='ltr' id='par_1_105' title="bbox 1892 4449 3458 4532">
     <span class='ocr_line' id='line_1_105' title="bbox 1892 4449 3458 4532; baseline -0.015 -11"><span class='ocrx_word' id='word_1_819' title='bbox 1892 4474 2085 4530; x_wconf 89' lang='lat' dir='ltr'><strong>erant;</strong></span> <span class='ocrx_word' id='word_1_820' title='bbox 2145 4480 2211 4518; x_wconf 76' lang='lat' dir='ltr'><strong>ex</strong></span> <span class='ocrx_word' id='word_1_821' title='bbox 2257 4478 2365 4532; x_wconf 92' lang='lat' dir='ltr'><strong>quo</strong></span> <span class='ocrx_word' id='word_1_822' title='bbox 2414 4460 2578 4515; x_wconf 91' lang='lat' dir='ltr'><strong>etiam</strong></span> <span class='ocrx_word' id='word_1_823' title='bbox 2631 4456 2888 4527; x_wconf 88' lang='lat' dir='ltr'><strong>propheta</strong></span> <span class='ocrx_word' id='word_1_824' title='bbox 2934 4468 3031 4521; x_wconf 87' lang='lat' dir='ltr'><strong>per</strong></span> <span class='ocrx_word' id='word_1_825' title='bbox 3080 4449 3458 4503; x_wconf 83' lang='lat' dir='ltr'><strong>rcvelationem</strong></span> 
     </span>
    </p>
   </div>
   <div class='ocr_carea' id='block_1_106' title="bbox 1893 4538 3458 4629">
    <p class='ocr_par' dir='ltr' id='par_1_106' title="bbox 1893 4538 3458 4629">
     <span class='ocr_line' id='line_1_106' title="bbox 1893 4538 3458 4629; baseline -0.016 -16"><span class='ocrx_word' id='word_1_826' title='bbox 1893 4573 2013 4629; x_wconf 66' lang='lat' dir='ltr'><strong>quae</strong></span> <span class='ocrx_word' id='word_1_827' title='bbox 2037 4557 2355 4610; x_wconf 89' lang='lat' dir='ltr'><strong>dicebantur</strong></span> <span class='ocrx_word' id='word_1_828' title='bbox 2380 4552 2629 4612; x_wconf 88' lang='lat' dir='ltr'><strong>audiens,</strong></span> <span class='ocrx_word' id='word_1_829' title='bbox 2663 4564 2844 4602; x_wconf 89' lang='lat' dir='ltr'><strong>rerum</strong></span> <span class='ocrx_word' id='word_1_830' title='bbox 2870 4544 3115 4598; x_wconf 91' lang='lat' dir='ltr'><strong>notitiam</strong></span> <span class='ocrx_word' id='word_1_831' title='bbox 3152 4538 3458 4593; x_wconf 89' lang='lat' dir='ltr'><strong>hauriebat.</strong></span> 
     </span>
    </p>
   </div>
   <div class='ocr_carea' id='block_1_107' title="bbox 1894 4629 3462 4713">
    <p class='ocr_par' dir='ltr' id='par_1_107' title="bbox 1894 4629 3462 4713">
     <span class='ocr_line' id='line_1_107' title="bbox 1894 4629 3462 4713; baseline -0.013 -12"><span class='ocrx_word' id='word_1_832' title='bbox 1894 4650 2120 4701; x_wconf 74' lang='lat' dir='ltr'><strong>Constat</strong></span> <span class='ocrx_word' id='word_1_833' title='bbox 2150 4645 2295 4699; x_wconf 90' lang='lat' dir='ltr'><strong>enim</strong></span> <span class='ocrx_word' id='word_1_834' title='bbox 2323 4641 2621 4713; x_wconf 89' lang='lat' dir='ltr'><strong>quamlibet</strong></span> <span class='ocrx_word' id='word_1_835' title='bbox 2650 4636 3058 4696; x_wconf 84' lang='lat' dir='ltr'><strong>revelationem,</strong></span> <span class='ocrx_word' id='word_1_836' title='bbox 3108 4642 3162 4685; x_wconf 91' lang='lat' dir='ltr'><strong>et</strong></span> <span class='ocrx_word' id='word_1_837' title='bbox 3192 4646 3280 4683; x_wconf 88' lang='lat' dir='ltr'><strong>res</strong></span> <span class='ocrx_word' id='word_1_838' title='bbox 3315 4629 3367 4681; x_wconf 92' lang='lat' dir='ltr'><strong>in</strong></span> <span class='ocrx_word' id='word_1_839' title='bbox 3398 4642 3462 4681; x_wconf 88' lang='lat' dir='ltr'><strong>ea</strong></span> 
     </span>
    </p>
   </div>
   <div class='ocr_carea' id='block_1_108' title="bbox 1895 4717 3460 4802">
    <p class='ocr_par' dir='ltr' id='par_1_108' title="bbox 1895 4717 3460 4802">
     <span class='ocr_line' id='line_1_108' title="bbox 1895 4717 3460 4802; baseline -0.015 -9"><span class='ocrx_word' id='word_1_840' title='bbox 1895 4740 2063 4801; x_wconf 84' lang='lat' dir='ltr'><strong>visas,</strong></span> <span class='ocrx_word' id='word_1_841' title='bbox 2115 4738 2227 4790; x_wconf 83' lang='lat' dir='ltr'><strong>sive</strong></span> <span class='ocrx_word' id='word_1_842' title='bbox 2277 4730 2662 4802; x_wconf 84' lang='lat' dir='ltr'><strong>interrogando</strong></span> <span class='ocrx_word' id='word_1_843' title='bbox 2712 4728 2824 4791; x_wconf 85' lang='lat' dir='ltr'><strong>flat,</strong></span> <span class='ocrx_word' id='word_1_844' title='bbox 2895 4726 3009 4780; x_wconf 74' lang='lat' dir='ltr'><strong>sive</strong></span> <span class='ocrx_word' id='word_1_845' title='bbox 3058 4717 3460 4791; x_wconf 86' lang='lat' dir='ltr'><strong>respondendo,</strong></span> 
     </span>
    </p>
   </div>
   <div class='ocr_carea' id='block_1_109' title="bbox 1898 4810 3464 4897">
    <p class='ocr_par' dir='ltr' id='par_1_109' title="bbox 1898 4810 3464 4897">
     <span class='ocr_line' id='line_1_109' title="bbox 1898 4810 3464 4897; baseline -0.013 -13"><span class='ocrx_word' id='word_1_846' title='bbox 1898 4831 2012 4884; x_wconf 85' lang='lat' dir='ltr'><strong>sive</strong></span> <span class='ocrx_word' id='word_1_847' title='bbox 2058 4826 2486 4897; x_wconf 78' lang='lat' dir='ltr'><strong>quomodolibet,</strong></span> <span class='ocrx_word' id='word_1_848' title='bbox 2539 4821 2682 4876; x_wconf 90' lang='lat' dir='ltr'><strong>haud</strong></span> <span class='ocrx_word' id='word_1_849' title='bbox 2727 4820 2886 4873; x_wconf 90' lang='lat' dir='ltr'><strong>aliter</strong></span> <span class='ocrx_word' id='word_1_850' title='bbox 2922 4830 3083 4885; x_wconf 90' lang='lat' dir='ltr'><strong>quam</strong></span> <span class='ocrx_word' id='word_1_851' title='bbox 3114 4810 3464 4866; x_wconf 88' lang='lat' dir='ltr'><strong>revelationis</strong></span> 
     </span>
    </p>
   </div>
   <div class='ocr_carea' id='block_1_110' title="bbox 1897 4906 3463 4993">
    <p class='ocr_par' dir='ltr' id='par_1_110' title="bbox 1897 4906 3463 4993">
     <span class='ocr_line' id='line_1_110' title="bbox 1897 4906 3463 4993; baseline -0.012 -18"><span class='ocrx_word' id='word_1_852' title='bbox 1897 4929 2026 4993; x_wconf 86' lang='lat' dir='ltr'><strong>typo</strong></span> <span class='ocrx_word' id='word_1_853' title='bbox 2052 4920 2202 4974; x_wconf 78' lang='lat' dir='ltr'><strong>fieri:</strong></span> <span class='ocrx_word' id='word_1_854' title='bbox 2236 4927 2297 4972; x_wconf 94' lang='lat' dir='ltr'><strong>ut</strong></span> <span class='ocrx_word' id='word_1_855' title='bbox 2328 4932 2423 4989; x_wconf 86' lang='lat' dir='ltr'><strong>per</strong></span> <span class='ocrx_word' id='word_1_856' title='bbox 2450 4916 2565 4969; x_wconf 69' lang='lat' dir='ltr'><strong>haec</strong></span> <span class='ocrx_word' id='word_1_857' title='bbox 2586 4912 2765 4969; x_wconf 89' lang='lat' dir='ltr'><strong>omnia</strong></span> <span class='ocrx_word' id='word_1_858' title='bbox 2787 4909 3047 4980; x_wconf 81' lang='lat' dir='ltr'><strong>prepheta</strong></span> <span class='ocrx_word' id='word_1_859' title='bbox 3070 4906 3316 4965; x_wconf 88' lang='lat' dir='ltr'><strong>edoctus,</strong></span> <span class='ocrx_word' id='word_1_860' title='bbox 3349 4911 3463 4956; x_wconf 89' lang='lat' dir='ltr'><strong>tum</strong></span> 
     </span>
    </p>
   </div>
   <div class='ocr_carea' id='block_1_111' title="bbox 1900 4999 3463 5082">
    <p class='ocr_par' dir='ltr' id='par_1_111' title="bbox 1900 4999 3463 5082">
     <span class='ocr_line' id='line_1_111' title="bbox 1900 4999 3463 5082; baseline -0.015 -15"><span class='ocrx_word' id='word_1_861' title='bbox 1900 5014 2015 5082; x_wconf 88' lang='lat' dir='ltr'><strong>ipse</strong></span> <span class='ocrx_word' id='word_1_862' title='bbox 2046 5011 2352 5065; x_wconf 87' lang='lat' dir='ltr'><strong>futurorum</strong></span> <span class='ocrx_word' id='word_1_863' title='bbox 2380 5014 2672 5062; x_wconf 90' lang='lat' dir='ltr'><strong>eventuum</strong></span> <span class='ocrx_word' id='word_1_864' title='bbox 2705 5003 2914 5056; x_wconf 89' lang='lat' dir='ltr'><strong>firmam</strong></span> <span class='ocrx_word' id='word_1_865' title='bbox 2950 4999 3105 5051; x_wconf 87' lang='lat' dir='ltr'><strong>fidem</strong></span> <span class='ocrx_word' id='word_1_866' title='bbox 3133 4999 3463 5062; x_wconf 77' lang='lat' dir='ltr'><strong>conciperet,</strong></span> 
     </span>
    </p>
   </div>
   <div class='ocr_carea' id='block_1_112' title="bbox 1901 5085 3470 5173">
    <p class='ocr_par' dir='ltr' id='par_1_112' title="bbox 1901 5085 3470 5173">
     <span class='ocr_line' id='line_1_112' title="bbox 1901 5085 3470 5173; baseline -0.011 -16"><span class='ocrx_word' id='word_1_867' title='bbox 1901 5111 2065 5173; x_wconf 89' lang='lat' dir='ltr'><strong>atque</strong></span> <span class='ocrx_word' id='word_1_868' title='bbox 2112 5101 2234 5155; x_wconf 89' lang='lat' dir='ltr'><strong>aliis</strong></span> <span class='ocrx_word' id='word_1_869' title='bbox 2279 5114 2495 5169; x_wconf 91' lang='lat' dir='ltr'><strong>quoque</strong></span> <span class='ocrx_word' id='word_1_870' title='bbox 2525 5097 2811 5150; x_wconf 90' lang='lat' dir='ltr'><strong>utilitatem</strong></span> <span class='ocrx_word' id='word_1_871' title='bbox 2862 5090 3253 5158; x_wconf 88' lang='lat' dir='ltr'><strong>impertiretur.</strong></span> <span class='ocrx_word' id='word_1_872' title='bbox 3301 5085 3470 5139; x_wconf 80' lang='lat' dir='ltr'><strong>l’orro</strong></span> 
     </span>
    </p>
   </div>
   <div class='ocr_carea' id='block_1_113' title="bbox 1902 5176 3472 5264">
    <p class='ocr_par' dir='ltr' id='par_1_113' title="bbox 1902 5176 3472 5264">
     <span class='ocr_line' id='line_1_113' title="bbox 1902 5176 3472 5264; baseline -0.013 -17"><span class='ocrx_word' id='word_1_873' title='bbox 1902 5194 2117 5249; x_wconf 84' lang='lat' dir='ltr'><strong>videtur</strong></span> <span class='ocrx_word' id='word_1_874' title='bbox 2146 5208 2242 5264; x_wconf 90' lang='lat' dir='ltr'><strong>per</strong></span> <span class='ocrx_word' id='word_1_875' title='bbox 2273 5192 2425 5245; x_wconf 90' lang='lat' dir='ltr'><strong>illum</strong></span> <span class='ocrx_word' id='word_1_876' title='bbox 2453 5190 2715 5256; x_wconf 87' lang='lat' dir='ltr'><strong>equitem,</strong></span> <span class='ocrx_word' id='word_1_877' title='bbox 2758 5188 2984 5240; x_wconf 90' lang='lat' dir='ltr'><strong>innuere</strong></span> <span class='ocrx_word' id='word_1_878' title='bbox 3014 5182 3263 5251; x_wconf 90' lang='lat' dir='ltr'><strong>angelum</strong></span> <span class='ocrx_word' id='word_1_879' title='bbox 3298 5176 3472 5231; x_wconf 86' lang='lat' dir='ltr'><strong>Israe-</strong></span> 
     </span>
    </p>
   </div>
   <div class='ocr_carea' id='block_1_114' title="bbox 1900 5268 3472 5353">
    <p class='ocr_par' dir='ltr' id='par_1_114' title="bbox 1900 5268 3472 5353">
     <span class='ocr_line' id='line_1_114' title="bbox 1900 5268 3472 5353; baseline -0.013 -14"><span class='ocrx_word' id='word_1_880' title='bbox 1900 5288 2117 5339; x_wconf 90' lang='lat' dir='ltr'><strong>litarum</strong></span> <span class='ocrx_word' id='word_1_881' title='bbox 2169 5283 2315 5353; x_wconf 85' lang='lat' dir='ltr'><strong>genti</strong></span> <span class='ocrx_word' id='word_1_882' title='bbox 2358 5281 2760 5351; x_wconf 64' lang='lat' dir='ltr'><strong>praesidentem,</strong></span> <span class='ocrx_word' id='word_1_883' title='bbox 2809 5278 2965 5346; x_wconf 82' lang='lat' dir='ltr'><strong>juxta</strong></span> <span class='ocrx_word' id='word_1_884' title='bbox 3014 5274 3254 5327; x_wconf 86' lang='lat' dir='ltr'><strong>dictum:</strong></span> <span class='ocrx_word' id='word_1_885' title='bbox 3292 5268 3472 5321; x_wconf 65' lang='lat' dir='ltr'><strong>«Con-</strong></span> 
     </span>
    </p>
   </div>
   <div class='ocr_carea' id='block_1_115' title="bbox 1900 5359 3478 5441">
    <p class='ocr_par' dir='ltr' id='par_1_115' title="bbox 1900 5359 3478 5441">
     <span class='ocr_line' id='line_1_115' title="bbox 1900 5359 3478 5441; baseline -0.014 -11"><span class='ocrx_word' id='word_1_886' title='bbox 1900 5377 2082 5431; x_wconf 91' lang='lat' dir='ltr'><strong>stituit</strong></span> <span class='ocrx_word' id='word_1_887' title='bbox 2114 5374 2383 5429; x_wconf 88' lang='lat' dir='ltr'><strong>terminos</strong></span> <span class='ocrx_word' id='word_1_888' title='bbox 2408 5372 2731 5441; x_wconf 89' lang='lat' dir='ltr'><strong>populorum</strong></span> <span class='ocrx_word' id='word_1_889' title='bbox 2760 5368 2918 5439; x_wconf 74' lang='lat' dir='ltr'><strong>juxta</strong></span> <span class='ocrx_word' id='word_1_890' title='bbox 2952 5378 3237 5420; x_wconf 88' lang='lat' dir='ltr'><strong>numerum</strong></span> <span class='ocrx_word' id='word_1_891' title='bbox 3267 5359 3478 5428; x_wconf 84' lang='lat' dir='ltr'><strong>angelo-</strong></span> 
     </span>
    </p>
   </div>
   <div class='ocr_carea' id='block_1_116' title="bbox 1907 5452 3480 5531">
    <p class='ocr_par' dir='ltr' id='par_1_116' title="bbox 1907 5452 3480 5531">
     <span class='ocr_line' id='line_1_116' title="bbox 1907 5452 3480 5531; baseline -0.011 -13"><span class='ocrx_word' id='word_1_892' title='bbox 1907 5480 2029 5520; x_wconf 88' lang='lat' dir='ltr'><strong>rum</strong></span> <span class='ocrx_word' id='word_1_893' title='bbox 2060 5464 2154 5519; x_wconf 89' lang='lat' dir='ltr'><strong>Dei</strong></span> <span class='ocrx_word' id='word_1_894' title='bbox 2179 5464 2245 5514; x_wconf 78' lang='lat'><strong>“.</strong></span> <span class='ocrx_word' id='word_1_895' title='bbox 2268 5483 2286 5516; x_wconf 77' lang='grc' dir='ltr'><strong>ι</strong></span> <span class='ocrx_word' id='word_1_896' title='bbox 2324 5462 2591 5527; x_wconf 84' lang='lat' dir='ltr'><strong>Quoniam</strong></span> <span class='ocrx_word' id='word_1_897' title='bbox 2625 5474 2754 5531; x_wconf 83' lang='lat' dir='ltr'><strong>ergo</strong></span> <span class='ocrx_word' id='word_1_898' title='bbox 2784 5456 2976 5526; x_wconf 89' lang='lat' dir='ltr'><strong>reliqui</strong></span> <span class='ocrx_word' id='word_1_899' title='bbox 3018 5452 3215 5524; x_wconf 83' lang='lat' dir='ltr'><strong>angeli,</strong></span> <span class='ocrx_word' id='word_1_900' title='bbox 3248 5464 3394 5504; x_wconf 69' lang='lat' dir='ltr'><strong>curae</strong></span> <span class='ocrx_word' id='word_1_901' title='bbox 3421 5454 3480 5501; x_wconf 88' lang='lat' dir='ltr'><strong>ut</strong></span> 
     </span>
    </p>
   </div>
  </div>
