3830 6216
439 245 533 302 811

1626 256 1710 309 Tll
1724 257 1969 312 EODORI
2016 257 2492 314 MOPSUI‘ISTENI
2555 266 2560 270 ’

3576 267 3676 318 5ῒὲ

442 377 539 426 ιιςιι·
569 366 683 411 erat
712 356 1027 424 participes,
1057 356 1122 411 de
1145 358 1438 414 antedictis
1492 361 1874 431 loquebantur,
1912 365 2004 417 alii

2128 366 2280 419 :Ovth
2309 368 2446 420 κατά
2481 369 2711 438 ἀριθμὸν
2761 370 3005 436 ἀγγέλων
3037 370 3191 425 Θεοῦ.
3220 391 3238 422 ι
3283 372 3486 443 Ὥσπερ
3513 371 3605 426 οὖν
3631 378 3676 427 οί

441 463 570 501 vero
614 448 777 501 etiam
838 447 1056 500 aiebant
1113 449 1425 504 universam
1466 458 1664 505 terram
1722 455 1774 506 in
1831 457 2014 524 quiete

446 540 690 604 versari;
732 555 794 595 ex
830 540 913 592 his
946 540 1035 593 ille
1062 556 1278 610 quoque
1307 543 1652 598 occasionem
1691 556 1885 602 nactus
1907 557 2010 612 est,

443 635 532 696 qui
577 632 718 684 inter
767 631 1055 685 umbrosos
1099 642 1310 686 montes
1341 635 1656 703 apparebat,
1705 653 1803 691 ceu
1831 641 2011 708 populi

444 723 545 774 sibi
575 737 705 774 cura
736 722 1070 784 concredita,
1091 737 1153 776 ac
1181 723 1372 779 dolens
1397 725 1557 778 veluti
1585 729 1727 796 quod
1747 744 1869 780 cum
1895 747 2014 783 oiu-

445 815 530 865 nia
563 814 742 880 quiete
779 825 1017 882 agerent,
1044 815 1212 867 solius
1246 813 1582 869 Hierusalem
1609 833 1696 871 res
1723 821 2014 874 turbaren-

445 913 552 966 tur,
575 904 943 969 occasionem,
969 906 1208 974 inquam,
1233 907 1378 975 cepit
1405 923 1617 975 precem
1644 911 1932 978 quamdam
1961 922 2014 965 et

443 994 872 1046 obsecrationem
923 1009 1020 1063 pro
1065 995 1324 1050 universo
1359 1000 1557 1066 popqu
1588 998 1677 1052 Dei
1727 1001 2008 1056 ollerendi.

452 1101 469 1132 ι
489 1080 790 1150 Respondit
813 1085 980 1149 enim,
1019 1085 1212 1154 inquit,
1237 1089 1462 1156 angelus
1487 1087 1698 1143 Domini
1766 1093 2016 1163 dixitque

447 1170 558 1230 (ille
583 1170 790 1224 scilicet
817 1172 911 1240 qui
946 1172 1084 1227 inter
1111 1185 1322 1231 montes
1361 1178 1727 1245 consistebat;
1759 1197 1882 1233 nam
1911 1198 2014 1236 ca:-

448 1261 547 1312 teri
591 1261 899 1314 universam
939 1273 1142 1315 terram
1192 1264 1446 1318 dixerant
1483 1267 1718 1320 habitari
1765 1277 1820 1323 et
1855 1271 2014 1338 quie-

448 1352 620 1421 scere)
647 1373 658 1406 :
755 1352 977 1408 Domine
1004 1355 1370 1424 omnipotens,
1405 1373 1692 1428 quousque
1717 1375 1824 1414 non
1853 1362 2014 1415 inise-

444 1444 650 1497 reberis
682 1441 1036 1507 Hierusalem,
1073 1447 1402 1516 urbiumque
1426 1447 1600 1511 ludar,
1630 1466 1769 1519 quas
1795 1461 2016 1519 septua-

443 1537 590 1600 ginta
617 1535 728 1602 jam
761 1551 934 1590 annos
966 1547 1294 1605 aspernatus
1316 1540 1454 1593 es?)
1501 1540 1693 1596 Dicens
1725 1558 2015 1612 propemo-

441 1627 572 1676 dum
597 1643 608 1677 ε
648 1625 873 1679 (Σαξιοτὶε
897 1629 1148 1697 gentibus
1175 1631 1453 1695 omnibus,
1487 1640 1663 1685 tutum
1689 1633 1899 1702 praebes
1929 1635 2012 1687 in-

2114 455 2288 508 λοιποὶ
2319 455 2424 509 τῶν
2453 457 2697 524 ἀγγέλων
2728 458 3103 521 κοινωνοῦντες
3128 459 3202 522 ὼς
3233 460 3375 524 είκὸς
3395 463 3488 531 τῆς
3523 481 3680 531 φρον-

2114 543 2256 607 τίδος
2291 546 2420 616 περί
2447 545 2552 597 τῶν
2584 547 2954 617 προκειμένων
2976 547 3296 615 διελέγοντο,
3336 551 3381 602 οἳ
3420 552 3511 602 καὶ
3541 552 3678 620 ἐμή-

2118 653 2284 688 νυσαν
2319 636 2465 706 αὐτῷ
2493 637 2553 690 τὸ
2576 639 2754 689 πᾶσαν
2786 637 2881 707 τὴν
2910 638 3009 704 γῆν
3039 640 3094 689 ἐν
3129 640 3324 708 ἡσυχία
3357 639 3680 693 καθεστῶσι

2114 728 2233 779 τότε
2257 744 2272 759 ο
2301 728 2392 795 ἀφ’
2422 722 2495 779 ὧν
2531 728 2592 798 δὴ
2627 729 2718 781 καὶ
2748 729 2929 799 χώραν
2957 732 3157 792 ἐκεῖνος
3194 731 3370 782 λαϐὼν
3409 732 3682 798 ἀναμέσον

2115 821 2223 870 τῶν
2251 820 2560 871 κατασκίων
2586 819 2756 887 ὀρέων
2781 820 2963 887 ὀφθεὶς
2981 860 2995 882 ,
3026 825 3096 890 (ιι.
3123 821 3244 889 448)
3267 822 3340 884 ὠς
3369 823 3432 874 ἂν
3463 823 3563 891 τὴν
3594 823 3682 873 τοῦ

2116 908 2246 962 λαοῦ
2273 911 2525 980 φροντίδα
2567 912 3020 980 πεπιστευμένος,
3051 913 3143 963 καί
3173 929 3222 964 τι
3273 914 3362 964 καὶ
3401 912 3596 964 παθὼν
3641 916 3684 963 εἰ

2119 1000 2294 1052 πάντα
2336 999 2433 1068 μέν
2462 999 2607 1051 ἔστιν
2635 1002 2690 1052 ἐν
2724 1001 2954 1070 ⁴ἡσυχία,
2989 1001 3057 1053 τά
3095 999 3234 1053 κατὰ
3272 1001 3368 1070 τὴν
3409 1003 3685 1070 'lzpoum-

2114 1089 2223 1159 λὴμ
2263 1089 2318 1142 δὲ
2376 1089 2793 1158 διατετάρακται
2829 1091 2984 1159 μόνα,
3005 1091 3168 1160 εὐχήν
3201 1107 3318 1142 τινα
3366 1091 3459 1142 καὶ
3504 1091 3686 1159 assam

2113 1181 2256 1249 ὑπὲρ
2287 1179 2484 1242 παντὸς
2519 1181 2610 1232 τοῦ
2651 1179 2836 1244 ἔθνους
2868 1183 3136 1252 προσάγει
3181 1181 3258 1251 τῷ
3293 1181 3430 1250 Θεῷ.
3480 1201 3496 1230 ι
3525 1183 3687 1233 Ἀπε-

2116 1271 2277 1340 κρίθη
2310 1271 2453 1341 γάρ,
2492 1272 2653 1341 φησιν
2679 1310 2694 1334 ,
2736 1273 2764 1323 ὁ
2789 1272 3016 1340 ἄγγελος
3055 1273 3255 1342 Κυρίου
3307 1275 3399 1326 καὶ
3453 1269 3633 1323 εἶπεν.
3669 1292 3683 1320 ι

2129 1363 2360 1425 Ἐκεῖνος
2510 1365 2538 1414 6
2581 1363 2850 1433 ἀναμέσον
2882 1365 2989 1416 τῶν
3037 1364 3205 1434 ὀρέων
3237 1364 3474 1432 ἐφεστὼς
3500 1404 3514 1424 ,
3553 1365 3690 1433 ὅπερ

2114 1449 2207 1505 οὖν
2256 1449 2408 1504 εἷπον
2436 1453 2484 1504 οἱ
2533 1451 2707 1504 λοιποὶ
2741 1452 2801 1504 τὸ
2833 1453 3012 1506 πᾶσαν
3039 1452 3136 1522 τὴν
3169 1453 3270 1521 γῆν
3316 1451 3690 1504 κατοικεῖσθαι

2116 1544 2208 1595 καὶ
2234 1543 2545 1612 ἡσυχάζειν.
2589 1560 2606 1590 ι
2633 1541 2803 1612 Κύριε
2843 1542 3232 1612 παντοκράτωρ
3252 1581 3267 1605 ,
3295 1542 3396 1602 ἕως
3433 1541 3585 1603 τίνος
3631 1541 3688 1591 ού

2119 1633 2192 1702 μὴ
2216 1633 2442 1703 ἐλεήσῃς
2470 1633 2569 1702 τὴν
2614 1633 2966 1703 Ἰερουσαλὴμ
2993 1633 3086 1685 καὶ
3129 1632 3224 1694 τὰς
3275 1632 3451 1694 πόλεις
3494 1629 3688 1689 Ἰούδα.

443 1717 678 1768 colatum
709 1726 761 1771 et
789 1718 1047 1786 quietem,
1082 1720 1264 1789 inqua
1319 1723 1440 1777 illas
1474 1723 1676 1777 versari
1713 1726 2013 1792 concedis;

2128 1723 2180 1785 hi;
2209 1723 2487 1794 ὑπερεῖδες
2537 1723 2695 1777 τοῦτο
2720 1724 3113 1793 ἐϐδομηκοστὺν
3139 1725 3255 1786 ἔτος
3279 1743 3293 1787 ;
3321 1743 3338 1774 ι
3387 1725 3692 1792 Μονονουχὶ

443 1807 560 1859 sola
593 1823 720 1861 vero
761 1820 875 1872 tua,
940 1817 998 1863 ut
1045 1812 1277 1877 videtur,
1323 1813 1658 1869 Hierusalem
1692 1823 1748 1870 et
1799 1817 2018 1886 reliqua:

444 1893 596 1950 Iudae
622 1897 873 1951 civitates
897 1903 1176 1954 communi
1210 1903 1311 1955 hoc
1340 1920 1449 1958 non
1481 1904 1739 1959 fruuntur
1767 1921 2014 1960 munere.

448 1983 555 2040 Sed
601 1989 858 2054 quoniam
909 1990 984 2044 rei
1033 1992 1196 2057 hujus
1225 2009 1391 2048 causa
1425 2003 1646 2063 peccata
1668 1998 2015 2060 exstiterunt,

443 2084 606 2143 atque
652 2079 947 2150 impietatis
1004 2084 1270 2151 studium,
1334 2086 1496 2156 297
1545 2097 1597 2141 et
1647 2089 2014 2153 contumacia,

446 2172 818 2226 misericordia
861 2176 1020 2229 malis
1061 2176 1184 2244 ejus
1221 2179 1485 2236 medetor.
1529 2188 1585 2233 et
1616 2194 1884 2233 annorum
1921 2197 2021 2232 nu-

445 2277 656 2314 merum
697 2265 998 2332 respiciens
1029 2268 1230 2336 quibus
1264 2269 1348 2321 his
1392 2282 1719 2340 premuntur
1743 2273 2020 2326 calamita-

446 2353 612 2415 tibus,
653 2356 1010 2411 suilicientem
1039 2359 1150 2427 jam
1183 2363 1422 2428 peccatis
1452 2364 1748 2416 arbitrator
1781 2365 2022 2432 punitio-

446 2455 565 2492 nem
607 2443 746 2494 mala
785 2443 918 2501 hac.
954 2462 1075 2512 qua:
1112 2446 1260 2514 ipsos
1294 2455 1449 2500 tanto
1479 2458 1724 2518 tempore
1754 2452 2013 2502 obruunt.

446 2533 808 2593 Qmmobreui
865 2539 1151 2592 clementia
1205 2551 1294 2594 tua
1345 2554 1569 2610 peccato
1622 2544 1768 2596 omni
1816 2543 2014 2606 deleto,

447 2623 733 2689 pristinam
787 2627 954 2680 redde
1003 2630 1440 2697 prosperitatem,
1499 2640 1557 2684 ut
1584 2639 1639 2684 et
1677 2631 2016 2685 Hierusalem

447 2711 599 2779 fuxta
645 2716 879 2781 priori-ni
920 2716 1146 2770 formam
1176 2719 1496 2785 aediﬁcetur,
1531 2729 1584 2774 et
1619 2722 1839 2792 reliquae
1864 2721 2017 2775 Judae

446 2803 696 2857 civitates
727 2807 906 2858 ilenno
937 2808 1267 2861 consistant.

2113 1816 2307 1882 λέγων,
2333 1816 2471 1868 Ilia:
2499 1818 2610 1878 τοῖς
2629 1816 2831 1878 λοιποῖς
2852 1815 3027 1868 ἐθνεσι
3047 1818 3158 1877 τοῖς
3179 1816 3314 1868 κατά
3338 1815 3438 1883 γῆν
3470 1815 3691 1882 ἀσφαλῆ

2117 1903 2387 1974 παρέσχες
2409 1903 2504 1974 τὴν
2527 1905 2737 1974 οἴκησιν
2766 1904 2860 1957 καὶ
2889 1905 2988 1975 τὴν
3012 1903 3240 1974 ἡσυχίαν
3262 1943 3275 1966 ,
3314 1904 3429 1972 μεθ’
3458 1899 3531 1974 ἦς
3566 1903 3693 1954 ἐτα-

2117 1993 2213 2059 ξας
2240 1993 2444 2062 διάγειν
2478 1993 2673 2057 αὐτούς
2692 2011 2706 2024 ο
2735 1995 2870 2064 μόνη
2888 1995 2942 2048 δὲ
2983 1997 3016 2064 ή
3043 1994 3109 2064 σὴ
3147 1995 3223 2057 ὡς
3246 1993 3417 2047 ἔοικεν
3441 2033 3457 2057 ,
3488 1995 3692 2063 Ἰερου-

2119 2082 2300 2152 σαλὴμ
2345 2084 2439 2135 καὶ
2479 2084 2534 2136 αἱ
2579 2085 2762 2137 λοιπαὶ
2808 2083 2901 2136 τοῦ
2945 2083 3111 2136 Ἰούδα
3157 2083 3337 2146 πόλεις
3373 2083 3471 2153 τῆς
3505 2084 3692 2151 κοινῆς

2114 2173 2314 2242 ταύτης
2357 2175 2458 2226 οὐκ
2517 2173 2848 2226 ἀπολαύουσι
2911 2174 3134 2244 δωρεᾶς.
3201 2173 3338 2225 Ἀλλ’
3391 2174 3690 2244 ἐπειδήπερ

2115 2263 2263 2315 αἰτία
2300 2263 2503 2316 τούτων
2530 2263 2712 2326 αὐτοῖς
2740 2263 2806 2316 τά
2863 2264 3232 2334 ἁμαρτήματα
3264 2263 3483 2332 γέγονε,
3534 2263 3630 2316 καὶ
3659 2267 3688 2331 ἡ

2115 2355 2214 2423 τῆς
2262 2355 2511 2417 ἀσεϐείας
2544 2355 2845 2424 ἐπιμέλεια,
2880 2355 2974 2407 καὶ
3005 2355 3066 2406 τὸ
3095 2353 3377 2416 δυσπειθὲς
3401 2394 3416 2416 ,
3449 2354 3592 2421 ἐλέῳ
3630 2353 3690 2422 δὴ

2113 2444 2183 2496 τά
2217 2447 2337 2498 κατ’
2372 2443 2539 2508 αύτάς
2568 2445 2746 2508 ῐασαι,
2782 2445 2814 2514 ἢ
2853 2445 2988 2514 πρὸς
3023 2445 3111 2496 τὸν
3143 2443 3373 2514 ἀριθμὸν
3410 2443 3524 2496 τῶν
3557 2444 3691 2496 ἐτῶν

2126 2535 2438 2604 ἀποϐλέψας
2473 2537 2532 2587 ἐν
2569 2531 2648 2598 οἷς
2696 2538 2755 2589 ἐν
2785 2539 2905 2598 ταῖς
2938 2537 3238 2608 συμφοραῖς
3278 2538 3535 2605 γεγόνασι
3566 2535 3692 2588 ταύ-

2124 2643 2275 2689 ταις,
2305 2625 2576 2696 ἀρκοῦσαν
2606 2627 2744 2696 ὑπὲρ
2775 2621 2848 2680 ὧν
2872 2629 3117 2698 ἥμαρτον
3153 2627 3362 2694 λόγισαι
3386 2627 3486 2696 τὴν
3521 2643 3692 2696 τιμω-

2128 2717 2247 2786 ρίαν
2275 2718 2378 2769 τῶν
2425 2719 2481 2770 ἐν
2530 2718 2768 2788 τοσούτῳ
2811 2719 2986 2790 χρόνῳ
3016 2720 3452 2790 περιεσχηκότων
3498 2720 3694 2782 αὐτοὺς

2123 2809 2308 2863 κακῶν
2331 2826 2342 2840 ·
2381 2809 2514 2880 ἐλέῳ
2545 2827 2603 2862 τε
2625 2810 2807 2880 οἰκείῳ
2823 2811 2889 2862 τὰ
2922 2813 3290 2882 ἁμαρτήματα
3313 2812 3490 2866 αὐτῶν
3521 2829 3690 2882 παρα-

456 2894 791 2962 γραψάμενος
819 2895 1048 2956 ἅπαντα,
1079 2898 1170 2949 καὶ
1212 2899 1307 2968 τὴν
1350 2899 1584 2952 παλαιὰν
1614 2900 1792 2962 αὐτοῖς
1831 2901 2062 2962 ἀποδοὺς
2091 2900 2392 2970 εὐπραγίαν
2414 2918 2428 2931 ·
2465 2902 2604 2954 ὥστε
2638 2903 2732 2954 καὶ
2762 2902 2861 2972 τὴν
2895 2901 3245 2972 Ἰερουσαλὴμ
3277 2903 3586 2972 οἰκισθῆναι
3639 2902 3695 2955 τὸ

449 2983 710 3057 πρότερον
764 2990 948 3059 σχῆμα
1019 2992 1114 3044 καὶ
1142 2993 1240 3055 τὰς
1265 2993 1458 3056 λοιπὰς
1491 2995 1582 3047 τοῦ
1627 2995 1798 3048 Ἰούδα
1838 2996 2020 3059 τώλεις
2059 2993 2210 3059 αὖθις
2243 2997 2522 3066 συστῆναι.

522 3077 684 3134 Vatis.
724 3081 802 3142 l5,
826 3081 908 3134 l7.
937 3111 997 3120 -—
1029 3083 1252 3152 Insuper
1283 3087 1455 3154 pergit
1483 3086 1699 3139 dicere:
1735 3105 1753 3136 ι
1775 3085 2021 3155 Respon-

2193 3085 2338 3154 Στίχ.
2371 3093 2459 3153 ιγ’.
2489 3087 2572 3151 ιζ’.
2600 3118 2666 3128 -—
2687 3087 2829 3157 Πρὸς
2857 3086 2913 3140 δὲ
2937 3085 3113 3138 ταῦτα
3134 3086 3358 3153 ἐπάγει·
3378 3104 3396 3136 ι
3424 3087 3539 3140 Καὶ
3567 3087 3696 3139 άπε-

449 3172 639 3239 ιιὶιιιυε
673 3171 936 3227 Dominus
967 3177 1316 3244 omnipotens
1352 3178 1544 3246 angelo
1573 3179 1812 3246 loquenti
1847 3178 1902 3232 in
1938 3194 2023 3232 me

449 3259 590 3312 bona
621 3262 780 3313 verba
828 3270 882 3314 et
929 3279 1208 3318 sermones
1259 3267 1728 3321 consolatorios.»
1769 3266 2022 3322 Ostendit

452 3351 539 3405 his
591 3351 772 3406 verbis
828 3353 967 3407 hanc
1023 3371 1143 3409 esse
1193 3358 1493 3410 orationem
1545 3359 1693 3411 illius
1743 3357 1834 3425 qui
1885 3361 2024 3411 inter

453 3451 665 3496 montes
714 3445 1004 3499 umbrosus
1057 3447 1381 3516 loquebatur
1426 3450 1478 3500 in
1517 3463 1615 3505 eo:
1677 3445 1764 3502 cui
1836 3444 2015 3515 inquit

453 3536 805 3603 respondisse
898 3536 1065 3590 Deum
1119 3538 1307 3607 plenos
1357 3539 1694 3609 benignitate
1743 3553 2025 3594 sermones

453 3627 856 3696 multorumque
907 3628 1174 3682 honorum
1222 3631 1605 3698 promissor-es,
1660 3631 1865 3698 quique
1911 3645 2027 3682 om-

454 3717 583 3770 nino
639 3719 703 3771 ad
747 3721 1143 3776 consolandum
1189 3722 1499 3776 sullicerent
1550 3721 1799 3775 homines
1839 3721 1891 3773 in
1946 3729 2026 3773 tot

453 3810 729 3878 tantisque
775 3814 1042 3879 angustiis
1089 3821 1394 3868 versantes.
1429 3811 1641 3877 Quibus
1681 3812 1863 3865 verbis
1910 3811 2026 3881 ipse

454 3902 679 3968 angelus
720 3902 785 3954 ad
827 3902 1080 3956 ﬁduciam
1121 3912 1358 3965 erectus,
1410 3903 1681 3971 signiﬁcat
1719 3902 2020 3971 prophetae,

454 4006 576 4057 qua:
622 3991 726 4045 sibi
785 3992 925 4045 Deus
978 3993 1192 4046 dixerat
1241 3993 1480 4045 maxima
1534 3994 1675 4046 bona
1725 3992 2023 4056 spondeus,

456 4096 578 4147 qua:
607 4080 872 4150 deinceps
904 4083 1025 4136 urbi
1063 4081 1399 4136 Hierusalem
1434 4082 1700 4135 conferet.
1739 4103 1755 4133 ‹
1780 4081 2028 4150 Dixitque

459 4173 591 4226 mihi
614 4174 838 4241 angelus
865 4175 955 4242 qui
982 4175 1037 4228 in
1061 4190 1146 4226 me
1179 4174 1534 4243 loquebatur:
1566 4175 1773 4235 ulaina,
1801 4173 2022 4227 dicens:

462 4266 588 4318 llzee
653 4264 786 4316 dicit
809 4262 1068 4317 Dominus
1088 4265 1469 4332 omnipotens:
1509 4261 1726 4318 Zelatus
1748 4279 1866 4316 sum
1898 4262 2026 4315 Sion

460 4359 624 4422 atque
670 4353 1010 4408 Hierusalem
1057 4355 1176 4409 zelo
1216 4370 1430 4422 magno.
1471 4355 1534 4408 Et
1573 4355 1652 4409 ira
1695 4371 1886 4424 magna
1920 4355 2029 4407 ira-

2129 3175 2288 3245 κρίθη
2312 3176 2511 3244 Κύριος
2538 3175 2926 3246 παντοκράτωρ
2952 3174 3030 3245 τῷ
3047 3175 3260 3244 ἀγγέλῳ
3282 3175 3357 3244 τῷ
3374 3174 3628 3227 λαλοῦντι
3645 3179 3696 3227 ἐν

2130 3268 2251 3335 ἐμοὶ
2265 3271 2481 3337 ῥήματα
2493 3268 2630 3319 καλά
2647 3269 2738 3320 καὶ
2750 3267 2936 3334 λόγους
2949 3285 3023 3320 πα
3030 3266 3409 3337 ρακλητικούς.
3433 3286 3450 3316 ι
3473 3267 3551 3335 (p.
3574 3267 3605 3319 4
3616 3267 3694 3331 59)

2133 3358 2337 3424 Ἐδειξε
2371 3358 2462 3410 καὶ
2503 3359 2589 3411 διὰ
2617 3357 2804 3410 τούτου
2839 3359 2920 3410 ὅτι
2951 3357 3112 3410 αὑτοῦ
3158 3356 3248 3409 τοῦ
3293 3357 3568 3427 ἀναμέσον
3595 3357 3698 3407 τῶν

2128 3449 2299 3519 ὁρέων
2330 3449 2435 3501 τῶν
2464 3449 2770 3500 κατασκίων
2813 3447 2910 3500 τοῦ
2939 3446 3222 3508 λαλοῦντος
3269 3447 3327 3497 ἐν
3354 3445 3503 3514 αὐτῷ
3540 3447 3636 3497 καὶ
3667 3447 3695 3512 ἡ

2129 3539 2308 3608 δέησις
2329 3535 2394 3609 ἦν
2422 3538 2559 3606 αὕτη
2583 3555 2596 3568 ·
2628 3538 2761 3609 πρὸς
2787 3538 2845 3590 ὃν
2865 3538 3010 3604 λέγει
3039 3538 3128 3589 τὸν
3154 3537 3285 3588 Θεὸν
3307 3535 3700 3605 ἀποκεκρίσθαι

2132 3629 2334 3698 πολλῆς
2383 3630 2712 3696 άγαθὸτητος
2761 3629 3025 3698 γέμοντας
3078 3629 3294 3693 λόγους,
3349 3627 3443 3680 καὶ
3492 3627 3700 3680 πολλῶν

2132 3722 2351 3789 ἀγαθῶν
2381 3722 2600 3791 ἔχοντας
2635 3720 2965 3788 ἐπαγγελίαν
2989 3760 3004 3781 ,
3039 3721 3131 3772 καὶ
3181 3720 3396 3782 ἱκανοὺς
3444 3720 3702 3772 παντοίαν

2133 3811 2474 3882 παράκλησιν
2502 3812 2610 3872 τοῖς
2637 3811 2692 3861 ἐν
2727 3809 3000 3871 τοσούτοις
3030 3825 3085 3861 τε
3105 3809 3197 3860 καὶ
3217 3807 3494 3871 τοιαύταις
3532 3825 3704 3878 προσο

2134 3906 2358 3970 ἀγαγεῖν
2404 3904 2685 3969 ἀνάγκαις.
2734 3899 2847 3970 Ἐφ’
2897 3895 2976 3962 οἷς
3027 3902 3089 3970 δὴ
3141 3899 3234 3952 καὶ
3286 3901 3314 3952 6
3364 3899 3597 3966 ἄγγελος
3647 3898 3703 3950 τὸ

2134 3993 2354 4064 θαρρεῖν
2385 3991 2583 4057 λαϐὼν,
2620 3989 2810 4061 μηνύει
2833 3990 2909 4060 τῷ
2939 3993 3189 4060 προφήτῃ
3222 3984 3416 4059 οἷάπερ
3450 3989 3602 4059 αὐτῷ
3629 3990 3705 4040 ε’·-

2137 4099 2268 4152 ρητο
2322 4083 2471 4152 παρά
2525 4082 2617 4134 τοῦ
2650 4081 2785 4134 Θεοῦ
2835 4081 3161 4148 ἐπαγγελίαν
3212 4081 3482 4151 μεγίστων
3515 4081 3706 4150 ἔχοντα

2136 4174 2374 4243 ἀγαθῶν,
2411 4174 2443 4228 ἃ
2475 4175 2600 4244 περὶ
2629 4174 2724 4244 τὴν
2751 4175 3105 4244 Ἰερουσαλὴμ
3131 4173 3452 4237 ἐπιδείξεται
3477 4175 3572 4226 τοῦ
3600 4175 3707 4225 λοι-

2136 4267 2260 4321 ποῦ.
2299 4268 2458 4333 Λέγει
2485 4267 2540 4319 δὲ
2565 4267 2734 4329 οὕτως
2755 4283 2768 4296 ⁸
2808 4286 2824 4318 ι
2855 4269 2962 4321 Καὶ
2996 4263 3112 4319 εἷπε
3139 4267 3272 4338 πρός
3304 4283 3368 4334 με
3415 4267 3442 4316 ὁ
3476 4267 3705 4333 ἄγγελος

2135 4362 2163 4412 6
2189 4359 2364 4412 λαλῶν
2395 4361 2451 4410 εν
2484 4359 2604 4429 ἐμοί
2625 4378 2637 4390 ο
2681 4358 3184 4428 Ἀνάκραγε,λὲγων
3211 4374 3222 4384 ·
3255 4357 3391 4410 Τάδε
3419 4357 3569 4425 λέγει
3599 4358 3707 4409 Κύ-

459 4460 588 4498 scor
629 4461 729 4515 ego
767 4461 933 4515 super
979 4456 1171 4516 gentes
1204 4462 1326 4516 quae
1372 4446 1644 4501 hostiliter
1678 4447 2021 4500 invaserunt:

2141 4465 2250 4518 ριος
2277 4447 2696 4517 παντοκράτωρο
2735 4447 3012 4516 Ἐζήλωκα
3046 4447 3142 4515 τὴν
3175 4445 3310 4498 Σιὼν
3342 4446 3434 4498 καὶ
3465 4445 3566 4515 τὴν
3617 4447 3707 4498 Ἱε-

459 4537 720 4604 quoniam
769 4552 868 4606 ego
905 4539 1118 4592 modice
1150 4537 1324 4593 iratus
1356 4537 1453 4600 l'ui,
1513 4539 1617 4592 illae
1651 4545 1829 4591 autem
1861 4537 2034 4591 scele-

460 4640 598 4686 stam
638 4631 1046 4700 aggressionem
1100 4628 1370 4684 fecerunt.
1409 4629 1703 4698 Propterea
1753 4628 1866 4680 haec
1904 4627 2038 4679 dicit

464 4722 758 4776 Dominus:
813 4722 1077 4776 Revertar
1107 4722 1172 4774 ad
1199 4721 1534 4775 lliernsalem
1569 4735 1691 4773 cum
1724 4718 2040 4771 misericor-

460 4814 571 4874 dia,
609 4827 656 4869 et
691 4816 885 4869 domus
921 4831 1038 4869 mea
1079 4831 1275 4869 rursus
1305 4814 1668 4868 mdiiicabitur
1703 4814 1756 4866 in
1790 4829 1875 4875 ea,
1907 4811 2041 4865 dicit

464 4903 727 4960 Dominus
756 4907 1128 4974 omnipotens,
1149 4915 1203 4959 et
1228 4920 1480 4959 mensura
1504 4902 1827 4958 extendetur
1857 4901 2034 4955 adhuc

464 4997 516 5048 in
557 4997 915 5050 Hierusalem.
946 4995 1010 5049 Et
1034 4997 1172 5050 dixit
1199 4998 1329 5050 mihi
1351 4996 1575 5066 angelus
1599 4995 1689 5062 qui
1715 4993 2036 5062 loquebatur

464 5089 516 5140 iu
550 5104 653 5148 me,
687 5088 896 5150 Clama,
936 5086 1158 5142 dicens:
1201 5087 1328 5142 Haec
1374 5088 1448 5141 ait
1489 5086 1748 5139 Dominus
1787 5084 2036 5150 omnipo-

463 5191 618 5232 iens:
653 5178 844 5230 Adhuc
871 5177 1090 5231 alIluent
1114 5179 1363 5234 civitates
1392 5177 1572 5239 bonis,
1602 5188 1656 5230 et
1687 5174 2034 5230 miserebitur

481 5272 642 5322 l'iilllc
677 5269 938 5323 Dominus
964 5268 1118 5331 Sion,
1150 5277 1203 5323 et
1232 5270 1392 5340 eliget
1416 5269 1774 5324 Hierusalem.
1800 5286 1818 5317 ι

541 5540 806 5609 Accepto,
823 5539 1020 5608 inquit,
1042 5537 1144 5592 hoe
1175 5554 1202 5591 a
1227 5539 1336 5593 Deo
1360 5555 1621 5608 responso
1645 5539 1887 5608 angelus,
1926 5549 2034 5590 tum

473 5633 587 5704 ipse
633 5631 716 5684 his
747 5631 908 5686 dictis
958 5630 1174 5700 gavisus
1208 5640 1315 5697 est,
1370 5637 1483 5683 tum
1540 5647 1624 5686 tne
1659 5645 1874 5700 quoque
1908 5626 2039 5683 con?

2134 4537 2413 4608 ρουσαλὴμ
2444 4536 2601 4605 ζῆλον
2636 4537 2806 4607 μέγαν
2837 4555 2850 4568 '
2889 4539 2980 4590 xui
3003 4537 3137 4607 ὀργῇ
3176 4537 3384 4606 μεγάλη
3415 4536 3528 4604 ἐγὼ
3552 4538 3709 4607 ὀργίο

2134 4627 2295 4697 ζομαι
2324 4629 2414 4680 ἐπὶ
2447 4628 2514 4681 τά
2554 4627 2680 4697 ἔθνη
2727 4628 2793 4680 τά
2825 4628 3270 4697 συνεπιτιθέμενα
3295 4645 3307 4657 ·
3341 4628 3457 4680 ἀνθ’
3493 4622 3568 4680 ὧν
3601 4628 3710 4694 ἐγὼ

2140 4723 2236 4790 μὲν
2265 4719 2540 4789 ὠργίσθην
2561 4719 2716 4788 ὀλίγα
2739 4759 2753 4783 ,
2795 4720 2944 4772 αὐτοὶ
2967 4719 3021 4771 δέ
3055 4718 3403 4770 συνεπέθεντο
3435 4719 3515 4780 εἰς
3539 4719 3708 4771 κακά.

2138 4812 2235 4864 Διὰ
2271 4811 2428 4863 τοῦτο
2477 4810 2602 4864 τάδε
2633 4810 2780 4878 λέγει
2830 4808 3026 4878 Κύριος
3052 4827 3064 4838 ·
3113 4809 3452 4878 Ἐπιστρέψω
3485 4811 3578 4861 ἐπὶ
3619 4811 3704 4862 'ls-

2145 4903 2425 4973 ρουσαλὴμ
2454 4904 2510 4954 ἐν
2535 4902 2801 4971 οίκτιρμῷ
2825 4943 2838 4964 ,
2867 4903 2958 4954 καὶ
2989 4904 3016 4954 ὁ
3038 4897 3182 4961 οἶκος
3213 4918 3310 4970 μου
3352 4901 3708 4971 ἀνοικοδομη-

2141 4995 2364 5063 θήσεται
2409 4996 2466 5044 ὲν
2520 4993 2653 5062 αὐτῇ
2681 5033 2694 5056 ,
2730 4993 2874 5059 λέγει
2927 4992 3128 5060 Κύριος
3166 4992 3588 5061 παντοκράτωρ·
3621 4995 3713 5045 καὶ

2146 5084 2340 5153 μέτρον
2367 5081 2720 5150 ἐκταθήσεται
2755 5083 2846 5134 ἐπὶ
2889 5080 3243 5150 Ἰερουσαλὴμ
3294 5080 3394 5133 ἔτι.
3436 5081 3546 5132 Καὶ
3592 5077 3710 5132 εἷπε

2145 5175 2276 5244 πρός
2314 5192 2381 5242 με
2415 5175 2442 5225 ὁ
2470 5173 2696 5239 ἄγγελος
2726 5175 2753 5224 6
2775 5171 2949 5224 λαλῶν
2984 5173 3040 5224 ἐν
3077 5170 3238 5240 ἐμοί·
3287 5171 3609 5240 Ἀνάκραγε,
3631 5172 3714 5223 λέι

2148 5284 2258 5332 γων
2280 5281 2292 5295 ⁸
2327 5264 2464 5317 Τάδε
2491 5263 2638 5329 λέγει
2683 5262 2883 5332 Κύριος
2909 5261 3296 5332 παντοκράτωρ
3318 5279 3330 5292 ο
3367 5263 3486 5314 Ἔτι
3528 5262 3688 5330 διαχυ

2145 5356 2398 5425 θήσονται
2431 5353 2610 5415 πόλεις
2639 5354 2696 5405 ἐν
2725 5352 2978 5418 ἀγαθοῖς,
3008 5352 3100 5404 καὶ
3128 5351 3339 5420 ἐλεήσει
3384 5349 3587 5419 Κύριος
3637 5351 3712 5400 ἔτι

2145 5446 2240 5515 τὴν
2265 5445 2421 5509 Σιὼν,
2449 5444 2539 5497 καὶ
2573 5445 2798 5512 αἱρετιεί
2819 5443 2897 5494 ἐτι
2930 5442 3025 5512 τὴν
3075 5440 3445 5511 Ἰερουσαλήμ.
3471 5459 3489 5490 ›

2217 5536 2290 5604 (p.
2325 5534 2450 5600 430)
2481 5533 2778 5600 Δεξάμενος
2808 5531 2914 5601 γάρ
2938 5572 2952 5595 ,
2989 5533 3150 5600 φησὶν
3175 5572 3188 5593 ,
3233 5530 3523 5600 ἀπόκρισιν
3566 5525 3715 5594 παρὰ

2146 5629 2234 5679 τοῦ
2263 5627 2394 5678 Θεοῦ
2430 5624 2680 5695 τοιαύτην
2710 5627 2736 5676 ὁ
2762 5624 2985 5691 ἅγγελος
3007 5664 3020 5687 ,
3053 5623 3211 5684 αὑτός
3252 5638 3306 5674 τε
3339 5623 3429 5673 ἐπὶ
3472 5622 3583 5684 τοῖς
3632 5621 3716 5669 λε-
