3830 6216
149 263 254 316 515
351 313 378 334 ,

1127 260 1671 316 COMMENTARIUS
1709 261 1772 316 IN
1813 262 2184 319 ZACHAHM“.
2218 262 2368 318 CAP.
2404 263 2444 316 Ι.
3297 267 3395 323 ιλιι

150 383 400 452 γομένοις
430 379 589 449 ἦσθη,
621 381 716 434 κα)⁸
741 380 838 450 ἐμὲ
860 379 1081 450 θαρρεῖν
1109 381 1326 434 ἐκέλευε
1356 383 1483 453 περὶ
1510 383 1717 439 πάντων

1829 384 1993 439 fidere
2016 384 2181 452 jussit
2214 385 2280 439 de
2299 383 2556 438 omnibus
2586 382 2640 436 in
2675 382 2950 438 futurum:
2990 384 3061 437 ita
3095 391 3152 438 ut
3181 400 3396 454 possem

149 476 227 536 είς
257 474 322 526 τὸ
345 473 472 542 ἐξῆς
497 489 510 503 '
541 471 678 524 ὥστε
709 473 801 525 καὶ
827 472 1132 542 θαρροῦντα
1162 473 1384 542 μηνύειν
1411 474 1612 527 ἅπασιν
1640 475 1721 528 ὅτι

150 565 359 636 σφόδρα
405 566 544 634 ὑπὲρ
585 564 680 634 τῆς
712 565 1065 635 Ἰερουσαλὴμ
1117 567 1393 636 ὀργίζεται
1443 568 1585 620 κατὰ
1617 567 1724 619 τῶν

145 659 418 726 τοσαύτην
442 655 698 724 ὡμότητα
721 656 1138 726 ἐπιδειξαμένων
1167 661 1246 721 εἰς
1277 659 1498 722 αύτούς·
1528 659 1576 711 οἳ
1609 659 1726 728 μεί-

144 750 274 812 Cous
298 749 400 818 τῆς
434 749 600 818 ὀργῆς
624 749 723 816 τῆς
748 749 886 817 ἐμῆς
913 748 1008 819 τὴν
1031 750 1299 819 τιμωρίαν
1325 752 1506 813 αὐτοῖς
1531 754 1595 804 ἐκ
1626 751 1723 820 τῆς

145 840 283 901 ἰδίας
336 840 619 908 ἐπήγαγον
671 838 866 901 κακίας
892 855 906 868 ·
941 840 1226 909 τοιγαροῦν
1260 841 1511 893 ἁπάντων
1540 843 1724 894 ’ἐνεκεν

147 929 330 998 πολλῷ
384 931 654 998 χρήσομαι
704 931 830 999 περὶ
886 931 985 1000 τὴν
1035 933 1387 1003 Ἰερουσαλὴμ
1435 933 1511 1002 τῷ
1555 935 1719 1004 ἐλέῳυ

141 1019 286 1072 ὥστε
319 1021 413 1072 καί
449 1020 536 1072 τὸν
583 1015 728 1071 οἷκον
761 1020 849 1071 τὸν
888 1021 1018 1090 ἐμὸν
1050 1022 1106 1072 ἐν
1152 1023 1286 1092 αύτῇ
1333 1023 1590 1090 γεγονότα
1625 1024 1722 1094 τὴν

143 1111 356 1180 συνήθη
406 1115 516 1174 τοῖς
547 1113 631 1164 ἐπ’
681 1112 842 1164 αὑτὸν
897 1113 1164 1167 συνιοῦσιν
1193 1114 1458 1181 ὠφέλειαν
1493 1115 1723 1184 παρέχε-

143 1201 291 1264 σθαι,
329 1204 426 1254 καὶ
455 1203 550 1272 τὴν
598 1203 950 1275 Ἰερουσαλὴμ
974 1204 1066 1255 ἐπὶ
1099 1205 1279 1274 μεῖξον
1305 1207 1336 1270 ἢ
1364 1205 1456 1258 νῦν
1485 1206 1720 1276 ἐκταθῆ-

141 1307 259 1342 ναι·
285 1291 384 1342 καὶ
413 1295 588 1353 πάσας
620 1290 696 1355 δὲ,
731 1292 1008 1360 συντόμως
1036 1293 1227 1354 εἰπεῖν,
1259 1294 1356 1355 τὰς
1385 1294 1518 1364 αὐτῇ
1553 1311 1723 1365 προσ-

141 1381 390 1449 ηκούσας
452 1382 633 1444 πόλεις
683 1384 740 1434 ἐν
801 1383 1028 1453 ἀφθονίᾳ
1083 1386 1414 1455 καταστῆναι
1475 1387 1681 1443 πολλῶν
1706 1407 1719 1421 ·

140 1474 262 1526 τότε
298 1473 410 1543 γὰρ
440 1473 573 1543 ἐλέῳ
601 1475 874 1544 χρήσομαι
909 1474 1085 1544 πολλῷ
1117 1479 1242 1546 περὶ
1276 1478 1442 1546 αὑτήν
1465 1495 1478 1507 ·
1516 1478 1718 1532 δεδοκί-

146 1580 295 1631 μακα
326 1565 436 1616 πᾶν
465 1565 492 1614 ὃ
523 1580 574 1614 τι
599 1564 832 1634 χρηστὸν
859 1565 1196 1634 ἐργάσασθαι
1223 1568 1302 1629 είς
1330 1569 1501 1639 αὑτήν
1537 1587 1596 1621 τε
1629 1572 1721 1624 καὶ

145 1657 270 1718 τοὺς
291 1656 666 1725 προσήκοντας
687 1655 822 1725 αὐτῇ
845 1655 936 1708 τοῦ
964 1655 1172 1710 λοιποῦ.
1197 1657 1429 1728 Εὔδηλον
1461 1660 1516 1712 δέ
1539 1661 1620 1713 ὅτι
1643 1663 1718 1714 ὅτ’

146 1749 211 1798 ἄν
247 1717 518 1818 λείῃτδζ.
542 1717 861 1816 Ὀργίζομάι
895 1747 986 1800 ἐπὶ
1023 1747 1092 1801 τὰ
1126 1747 1253 1818 ἔθνη
1285 1717 1354 1802 τά
1385 1751 1716 1804 ωνεπιτιθέ-
1750 1717 1792 1771 Β

149 1855 304 1905 μενα,
343 1837 460 1890 ἀνθ’
488 1831 562 1890 ὧν
585 1837 694 1905 ἐγὼ
729 1839 826 1908 μὲν
851 1837 1127 1909 ὠργίσθην
1156 1838 1330 1907 ὀλίγα,
1367 1841 1720 1896 συνεπέθεντο

144 1929 198 1980 δὲ
233 1930 314 1992 είς
343 1928 510 1986 κακὰ.
539 1947 558 1979 ι
614 1929 740 2000 περί
787 1947 845 1982 τε
888 1930 991 1982 τῶν
1034 1931 1519 2002 ἐκπεπορθηκότων
1551 1935 1718 2000 αὐτὴν

147 2019 502 2073 Βαϐυλωνίων
523 2020 716 2088 λέγων,
740 2023 831 2073 καὶ
855 2023 962 2074 τῶν
983 2022 1130 2084 ὅπως
1151 2023 1277 2075 ποτέ
1309 2026 1386 2087 εἰς
1408 2023 1563 2078 τοῦτο
1590 2041 1651 2078 συ
1661 2045 1721 2096 μ-

148 2109 472 2180 πραξὸωτων
498 2110 698 2174 αὐτοῖς,
722 2111 820 2180 τὴν
849 2111 1220 2180 γενησομένην
1245 2112 1423 2176 αὐτοῖς
1452 2112 1719 2184 τιμωρίαν

145 2201 228 2252 διὰ
260 2200 468 2253 τούτων
503 2201 776 2271 σημαίνει.
802 2200 1111 2255 Δεδώκεσαν
1148 2202 1245 2272 μὲν
1274 2201 1383 2274 γὰρ
1417 2204 1516 2274 ἤδη
1543 2203 1717 2257 Βαϐυ-

148 2293 325 2346 λώνιοι
360 2293 514 2354 δίκας
543 2333 558 2355 ,
592 2293 685 2345 καὶ
728 2292 1004 2362 καθῄρητο
1040 2294 1138 2364 μὲν
1176 2294 1353 2348 αὐτῶν
1385 2299 1417 2365 ὴ
1450 2294 1712 2364 βασιλεία,

148 2385 373 2455 εῑληπτο
404 2384 462 2437 δὲ
496 2387 528 2455 ἡ
573 2383 727 2447 πόλις
759 2384 1036 2447 παντελῶς
1083 2385 1187 2437 ὑπὸ
1222 2385 1404 2454 Κύρου
1446 2385 1537 2437 τοῦ
1574 2387 1714 2454 Περ-

150 2479 254 2529 σῶν
280 2477 575 2546 βασιλέως·
606 2476 979 2547 τετιμώρηντο
1000 2478 1055 2529 δὲ
1088 2479 1136 2529 οί
1179 2477 1593 2548 συμπράξαντες
1621 2479 1717 2531 αύ-

147 2571 254 2630 τοίς
303 2566 594 2636 Ἰδουμαῖοί
620 2583 679 2618 τε
711 2568 802 2620 καὶ
828 2569 874 2618 οἱ
915 2566 1092 2619 λοιποὶ
1117 2567 1180 2637 δὴ
1207 2568 1402 2630 πάντες
1421 2585 1432 2596 ·
1459 2567 1598 2618 ὥστε
1623 2567 1716 2636 δῆ-

147 2661 232 2712 ὶον
254 2661 435 2712 ἐκεῖνο
471 2654 606 2711 εἶναι
630 2658 692 2710 τὸ
715 2661 842 2727 παρ’
865 2656 1023 2726 ἡμῶν
1053 2657 1144 2710 ἐπὶ
1172 2658 1270 2727 τῆς
1295 2657 1597 2720 ὑποθέσεως
1640 2659 1715 2709 εί-

149 2751 384 2821 ρημένον
421 2790 436 2810 ,
494 2749 575 2801 ὅτι
650 2747 863 2800 πολλῶν
922 2749 1190 2817 μέμνηται
1242 2748 1538 2816 γεγονότων
1594 2748 1714 2818 ἤδη,

148 2846 221 2910 (p.
251 2841 379 2904 431)
419 2839 650 2909 βεϐαιῶν
701 2838 840 2892 αὐτὰ
884 2842 1004 2902 ταῖς
1038 2839 1262 2901 οἰκείαις
1291 2839 1640 2906 ἐπαγγελίαις
1689 2839 1717 2891 ὁ

144 2931 275 2994 Θεός
294 2948 307 2960 ·
339 2930 463 2982 ἐπεὶ
489 2930 580 2982 καὶ
604 2928 808 2998 σφόδρα
828 2929 1030 2980 τούτων
1054 2929 1159 2980 έδει
1183 2930 1299 2980 τότε
1321 2931 1431 2990 τοῖς
1455 2928 1717 2998 Ἰσραηλί-

143 3038 294 3085 ταις,
327 3022 387 3073 ἐν
420 3017 704 3090 ἀμφιϐόλῳ
745 3019 839 3070 καὶ
877 3017 1013 3086 μετά
1062 3018 1158 3087 τὴν
1215 3019 1482 3088 σωτηρίαν
1534 3018 1715 3089 ἔχουσι

144 3113 240 3179 τὴν
267 3112 477 3164 οίκείαν
503 3128 515 3140 ·
545 3111 619 3172 ὼς
654 3109 727 3179 μὴ
756 3108 812 3161 δὲ
833 3108 923 3160 τὸν
952 3107 1076 3160 ναὺν
1108 3108 1197 3159 τὸν
1221 3108 1360 3160 θεῖον
1382 3108 1716 3178 ἀρξαμένους

146 3203 320 3271 πέρας
341 3200 612 3261 ἐκϐαλεῖν,
639 3199 745 3251 εἴτε
769 3199 854 3250 διὰ
883 3199 978 3269 τὴν
1009 3199 1284 3267 ἐνόχλησιν
1311 3199 1419 3250 τῶν
1441 3199 1715 3264 ἐναντίων,

143 3294 252 3343 εἶτε
287 3291 382 3342 καὶ
420 3289 509 3342 διὰ
542 3291 638 3358 τὴν
686 3290 866 3342 αὐτῶν
921 3288 1188 3360 ρᾳθυμίαν
1227 3291 1595 3360 αὐξανομένην
1642 3291 1718 3355 ὡς

144 3384 290 3444 εἰκὸς
318 3385 386 3450 τῇ
427 3381 536 3434 τῶν
579 3380 846 3450 πολεμίων
879 3381 1072 3451 κακία’
1106 3379 1198 3432 δύο
1234 3381 1331 3448 μὲν
1366 3379 1429 3451 δὴ
1454 3381 1624 3433 ταῦτα
1655 3383 1718 3434 ἐκ

141 3476 241 3541 τῆς
274 3471 669 3539 ἀποκαλύψεως
707 3472 1004 3538 ἐγνωκέναι
1037 3472 1172 3540 ἔφη,
1203 3471 1284 3522 ὅτι
1330 3488 1389 3523 τε
1435 3472 1561 3533 τοὺς
1606 3471 1717 3540 ἠδι-

145 3566 386 3632 κηκότας
420 3563 512 3616 τὸν
546 3563 672 3614 λαὸν
709 3563 1076 3632 τιμωρήσεται
1111 3562 1138 3611 ὁ
1171 3561 1324 3624 Θεὸς,
1373 3562 1467 3614 καὶ
1504 3563 1586 3616 ὅτι
1617 3563 1716 3632 τὴν

157 3653 512 3724 Ἰερουσαλὴμ
551 3651 630 3714 εἰς
679 3650 775 3718 τὴν
821 3650 1056 3702 παλαιὰν
1099 3649 1402 3720 εὐπραγίαν
1442 3651 1717 3704 ἀποκατα-

150 3747 332 3816 στήσει
366 3744 550 3796 πάλιν.

215 3837 367 3903 Στίχ.
412 3840 647 3903 ιη’-κω.
684 3862 752 3871 --
785 3833 906 3883 Ἐπὶ
958 3829 1244 3900 βεϐαιώσει
1299 3831 1354 3883 δὲ
1394 3832 1714 3902 ἀμφοτέρων

147 3923 516 3991 ἀποκαλύψεις
551 3921 784 3988 καθεξῆς
821 3921 1088 3972 ἐκτίθεται
1119 3922 1338 3990 ἐτέρας,
1372 3919 1437 3982 ἂς
1473 3919 1594 3974 ίδὼν
1621 3921 1716 3974 αὑ-

146 4019 231 4080 τίς
262 4033 322 4068 τε
358 4015 458 4084 τὴν
488 4014 582 4066 ἐπὶ
627 4015 732 4075 τοῖς
776 4010 1086 4081 εἰρημένοις
1122 4011 1222 4081 ἤδη
1257 4012 1437 4064 πίστιν
1483 4009 1593 4081 εἶχε
1624 4013 1714 4081 βε..

147 4109 337 4161 ϐαίαν·
378 4107 473 4160 καὶ
517 4104 581 4176 δὴ
629 4105 879 4167 καὶτοὺς
927 4101 1021 4156 τοῦ
1070 4101 1200 4155 λαοῦ
1256 4104 1461 4166 πάντας
1503 4103 1714 4156 ἔπειθεν

146 4199 340 4270 ὁμοίως
358 4197 609 4267 ἡγεῖσθαι
633 4211 647 4224 ·
673 4195 763 4247 καὶ
794 4193 1016 4265 πρώτην
1046 4209 1109 4260 γε
1143 4192 1267 4261 περὶ
1297 4193 1394 4260 τῆς
1429 4192 1534 4246 τῶν
1564 4197 1715 4246 ἐναν-

145 4291 270 4342 τίων
303 4287 576 4357 τιμωρίας
602 4285 769 4352 λέγει,
794 4285 972 4354 ἥνπερ
999 4279 1099 4336 οὖν¹
1129 4283 1220 4335 καὶ
1251 4283 1342 4334 ἐπὶ
1366 4283 1464 4352 τῆς
1502 4301 1715 4354 προκει-

1827 489 1951 528 cum
1987 475 2181 528 fiducia
2214 475 2381 545 298
2407 475 2583 543 palam
2613 473 2942 544 signiﬁcare,
2975 474 3143 528 Deum
3175 491 3392 546 magno-

1827 581 1955 634 pere
2002 565 2338 621 Hierusalem
2402 582 2569 621 causa
2628 566 2788 621 irasci
2845 567 3112 620 adversus
3161 583 3256 620 eos
3307 569 3397 635 qui

1825 665 2028 709 tantam
2065 657 2328 713 adversus
2379 644 2524 711 iliam
2558 666 2927 712 exercuerunt
2977 658 3353 712 crudelitatem
3383 673 3397 720 ;

1825 749 1919 816 qui
1959 749 2243 817 majorem,
2292 765 2454 818 quam
2509 749 2589 803 ira
2631 765 2747 803 mea
2781 750 3017 810 tul-isset,
3061 751 3397 817 punitiouem

1825 839 2072 893 fecerunt
2099 841 2362 896 adversus
2391 840 2686 896 lsraelitas.
2720 841 2923 894 Horum
2948 843 3131 908 itaque
3155 842 3394 893 omnium

1823 944 1990 984 causa
2029 931 2252 982 multam
2281 947 2598 1000 expromam
2635 946 2765 1000 erga
2804 930 3139 984 Hierusalem
3184 931 3397 982 miseri-

1824 1024 2068 1076 cordiam
2099 1041 2112 1075 :
2155 1024 2230 1077 ita
2263 1033 2321 1078 ut
2347 1025 2540 1077 domus
2571 1040 2790 1093 quoque
2822 1038 2960 1087 mea,
2990 1039 3110 1091 qua:
3147 1024 3257 1075 illic
3291 1031 3394 1084 est,

1824 1119 2142 1162 consuetam
2174 1112 2626 1166 convenientibus
2655 1113 2708 1166 in
2736 1127 2799 1165 ea
2825 1112 3109 1164 utilitatem
3136 1111 3394 1180 praebeat,

1823 1209 1875 1252 et
1903 1202 2033 1254 urbs
2070 1200 2408 1256 Hierusalem
2444 1203 2623 1272 majus
2652 1204 2830 1257 adhuc
2857 1203 3092 1272 spatiqu
3126 1203 3197 1255 sit
3226 1217 3394 1255 occu-

1823 1302 2037 1360 patura,
2069 1302 2403 1361 catterreque,
2431 1302 2486 1348 ut
2511 1296 2822 1349 summatim
2851 1296 3117 1360 dicam,ei
3137 1294 3396 1363 subjectze

1825 1383 1988 1438 urbes
2022 1384 2074 1437 in
2103 1386 2272 1438 multa
2307 1403 2485 1440 rerum
2511 1388 2666 1456 copia
2691 1387 2885 1440 futura:
2915 1387 3046 1440 sint.
3070 1385 3224 1441 Tunc
3245 1387 3392 1440 enim

1823 1477 2047 1530 multam
2095 1478 2364 1532 exhibebo
2411 1478 2532 1532 urbi
2575 1477 2912 1532 Hierusalem
2959 1477 3390 1544 benignitatem:

1822 1568 2024 1636 quippe
2057 1568 2270 1622 decrevi
2297 1569 2430 1622 nihil
2461 1585 2568 1622 non
2598 1569 2725 1622 boni
2759 1569 2885 1621 huic
2916 1567 3094 1621 facere
3132 1568 3182 1620 in
3218 1574 3396 1635 postc-

1823 1674 1966 1717 rum.
2000 1674 2097 1712 nec
2128 1674 2234 1712 non
2263 1659 2477 1714 caeteris
2525 1660 2590 1712 ad
2631 1674 2748 1713 eam
2788 1658 3208 1728 pertinentibus.
3262 1656 3392 1709 Sine

1821 1750 1988 1803 dubio
2032 1757 2236 1810 autem,
2282 1765 2405 1802 cum
2455 1765 2516 1803 se
2557 1749 2720 1803 irasci
2755 1749 2887 1802 dicit
2935 1749 3208 1817 gentibus,
3275 1765 3394 1818 quae

1821 1839 2156 1896 Hierusalem
2207 1840 2480 1894 hostiliter
2523 1841 2858 1903 invaserant,
2905 1837 2993 1891 cui
3026 1853 3129 1907 ego
3180 1838 3392 1894 modice

1821 1932 1991 1986 iratus
2037 1947 2208 1993 eram,
2254 1932 2382 2001 ipsa:
2427 1943 2606 1986 autem
2654 1931 2940 1984 scelestam
2981 1931 3390 1999 aggressionem

1821 2023 2082 2085 fecerant,
2127 2023 2194 2078 de
2233 2023 2542 2094 Babyloniis
2580 2022 2820 2090 loquitur
2868 2022 2963 2090 qui
3013 2023 3184 2089 ipsam
3225 2021 3392 2086 depo-

1821 2116 1988 2184 pulati
2024 2114 2260 2180 fuerant,
2308 2115 2482 2183 deque
2508 2113 2630 2166 aliis
2662 2113 2753 2181 qui
2795 2114 2927 2166 socii
2972 2112 3094 2165 belli
3131 2111 3250 2180 ejus
3275 2111 3394 2166 fue-

1821 2213 1988 2269 rttnt;
2020 2213 2075 2257 et
2096 2205 2497 2272 impendentem
2530 2202 2637 2256 illis
2671 2200 2990 2271 pocnamhis
3012 2199 3191 2253 verbis
3221 2199 3392 2268 signi-

1820 2296 1966 2350 ficat.
2001 2294 2145 2349 Sane.
2171 2295 2281 2364 jam
2309 2308 2500 2364 pinnas
2524 2295 2740 2347 luerant
2761 2293 3064 2362 Babylonii,
3088 2305 3391 2360 eorumque

1821 2401 2046 2457 regnum
2078 2393 2387 2451 corruerat,
2438 2392 2490 2439 et
2519 2384 2650 2438 urbs
2679 2400 2706 2435 a
2739 2382 2884 2453 Cyro
2923 2381 3214 2435 Persarum
3265 2396 3391 2449 rege

1818 2485 2084 2546 occupata
2153 2477 2346 2532 fuerat.
2417 2475 2633 2530 ldumaai
2693 2490 2910 2544 quoque
2969 2471 3388 2542 Babyloniorum

1819 2566 2098 2634 adjutores
2135 2567 2441 2634 reliquique
2472 2580 2662 2619 omnes
2706 2565 2878 2633 puniti
2916 2563 3152 2616 fuerant.
3185 2561 3391 2627 Quam-

1820 2657 2008 2709 obrem
2059 2663 2283 2724 apparet
2333 2655 2464 2709 illud
2491 2656 2634 2725 quod
2668 2671 2766 2709 nos
2801 2655 2854 2708 in
2887 2661 3209 2723 argumento
3233 2667 3388 2705 com-

1818 2745 2074 2798 mentarii
2113 2745 2386 2807 'diximus,
2443 2746 2643 2799 multas
2688 2744 2777 2798 hic
2817 2758 2906 2796 res
2939 2742 3228 2796 memorari
3270 2756 3392 2809 qua:

1815 2835 1926 2903 jam
1964 2845 2278 2901 evenerant,
2311 2853 2557 2905 quasque
2596 2838 2713 2890 suis
2761 2835 3222 2904 promissiOnibus
3255 2847 3390 2886 con-

1821 2927 2000 2980 firmat
2024 2930 2200 2983 Deus:
2237 2928 2322 2981 his
2359 2928 2503 2981 enim
2541 2942 2871 2997 magnopere
2912 2926 3228 2994 indigebant
3260 2933 3390 2978 tunc

1743 3057 1784 3112 Ο
1820 3017 2098 3082 Ιετεειὶιαι,
2131 3019 2412 3087 quietiam
2449 3026 2571 3086 post
2597 3017 2831 3071 reditum
2857 3016 2924 3069 de
2954 3018 3130 3071 salute
3164 3031 3263 3071 sua
3289 3016 3390 3069 du-

1821 3111 2067 3164 bitabant
2088 3129 2099 3163 :
2124 3111 2195 3164 ita
2220 3118 2278 3163 ut
2299 3125 2364 3163 ne
2384 3109 2569 3178 templi
2589 3110 2809 3179 quidem
2829 3108 3200 3170 :rdificationi,
3225 3123 3387 3177 quam

1819 3211 2119 3272 cmperant,
2149 3203 2311 3255 finem
2343 3202 2625 3270 imponere
2643 3201 3007 3262 curavissent.
3032 3199 3145 3252 sive
3171 3208 3390 3267 propter

1819 3295 2263 3351 adversariorum
2290 3293 2616 3357 molestiam,
2641 3293 2754 3348 sive
2783 3299 3003 3360 propter
3034 3291 3389 3358 ipsorummet

1819 3389 2124 3458 segnitiem,
2167 3387 2236 3442 ab
2267 3387 2506 3440 hostium
2540 3385 2745 3439 malitia
2795 3391 2854 3436 ut
2883 3383 3146 3438 credibile
3175 3391 3258 3435 est
3289 3397 3388 3435 au-

1819 3487 1984 3532 ctam.
2037 3477 2421 3532 Verumtamen
2457 3477 2566 3531 duo
2606 3477 2718 3530 haec
2745 3491 2809 3529 ex
2851 3464 3187 3528 revelatione
3228 3474 3387 3526 inno-

1819 3566 1990 3620 tuisse
2029 3568 2124 3629 ait,
2161 3567 2304 3635 quod
2328 3565 2540 3619 Judaii-i
2565 3567 2744 3635 populi
2768 3566 3067 3619 offensores
3096 3566 3386 3633 puniturus

1818 3657 1888 3710 sit
1921 3656 2082 3722 Deus,
2123 3665 2175 3711 et
2213 3657 2357 3726 quod
2397 3657 2586 3710 urbem
2625 3655 2960 3710 Hierusalem
2993 3656 3048 3708 in
3101 3653 3386 3723 pristinam

1818 3746 2130 3800 felicitatem
2165 3749 2548 3800 restituturus.

1888 3836 2052 3891 Vens.
2091 3836 2272 3890 iS-Ql.
2301 3837 2551 3892 Jamvero
2578 3835 2642 3890 ad
2668 3836 2954 3904 utriusque
2989 3834 3064 3888 rei
3094 3832 3388 3887 confirma-

1817 3927 2042 3989 tionem,
2076 3928 2210 3981 duas
2250 3929 2384 3982 alias
2433 3929 2686 3996 posthinc
2732 3926 2958 3992 exponit
2999 3925 3382 3986 revelationes,

1815 4019 1979 4088 299
2004 4035 2140 4088 quas
2157 4036 2279 4072 cum
2304 4020 2420 4088 ipse
2449 4020 2695 4084 vidisset,
2719 4019 2924 4073 firmam
2944 4019 3089 4072 circa
3110 4035 3194 4073 res
3211 4019 3384 4074 dictas

1819 4112 1972 4165 fidem
1995 4112 2280 4175 retinebat,
2297 4119 2345 4163 et
2369 4112 2566 4180 p0pulo
2585 4113 2840 4166 universo
2866 4119 2922 4164 ιιι
2947 4111 3084 4164 idem
3105 4111 3382 4164 existima.

1816 4213 1898 4258 ret
1919 4203 2200 4256 suadebat.
2222 4201 2462 4256 Priorem
2504 4205 2722 4272 quidem
2743 4204 2809 4258 de
2832 4204 3267 4257 adversariorum
3285 4218 3384 4270 pu-

1815 4295 2024 4348 nitione
2043 4296 2255 4358 recitat,
2276 4311 2438 4363 quam
2457 4297 2617 4347 etiam
2657 4295 2711 4347 in
2743 4295 3022 4362 superiore
3055 4295 3383 4347 revelatione

148 4381 316 4450 μένης
349 4377 742 4445 ἀποκαλύψεως
774 4376 1042 4445 προτέραν
1065 4373 1234 4428 εἶπεν.
1276 4393 1294 4424 ι
1320 4377 1427 4426 Καὶ
1457 4371 1565 4445 ἦρα
1592 4377 1715 4439 τοὺς

1820 4385 2049 4453 primam
2106 4395 2380 4453 posuerat.
2417 4403 2434 4433 ‹
2459 4387 2523 4438 Et
2574 4386 2742 4438 levavi
2767 4386 2953 4438 oculos
2987 4399 3158 4445 meos.
3183 4392 3236 4437 et
3272 4383 3382 4437 vidi

143 4471 457 4540 igftakpoii;
487 4485 585 4538 μου
615 4467 706 4519 καὶ
737 4461 872 4518 εἶδον
901 4468 1141 4536 τέσσαρα
1172 4464 1382 4533 κέρατα
1403 4480 1415 4492 ·
1450 4465 1545 4516 καὶ
1567 4461 1717 4517 εἷπον

141 4564 279 4634 πρὸς
327 4561 420 4612 τὸν
480 4557 706 4624 ἄγγελον
755 4557 846 4608 τὸν
883 4555 1145 4608 λαλοῦντα
1182 4558 1239 4608 ἐν
1293 4556 1452 4625 ἐμοὶ,
1505 4556 1569 4607 Τί
1603 4559 1716 4609 ἐστι

140 4657 336 4717 ταῦτα,
373 4649 578 4720 Κύριες
613 4650 723 4700 Καὶ
750 4643 870 4700 εἷπε
903 4646 1037 4715 πρός
1069 4663 1135 4715 με
1161 4664 1174 4676 '
1211 4645 1394 4698 Ταῦτα
1422 4646 1490 4699 τὰ
1515 4647 1716 4716 κέρατα

140 4749 206 4797 τὰ
251 4740 720 4811 διασκορπίσαντα
744 4739 833 4790 τὸν
875 4738 1072 4792 Ἰούδαν
1105 4738 1198 4790 καὶ
1248 4737 1338 4790 τὸν
1384 4738 1596 4807 Ἰσραὴλ
1626 4739 1717 4790 καὶ

139 4837 236 4902 την
282 4829 660 4902 Ἰερουσαλήμ.
697 4829 804 4881 Καὶ
841 4827 1009 4892 ἔδειξέ
1066 4844 1155 4896 μοι
1200 4827 1402 4898 Κύριος
1447 4828 1716 4896 τέσσαρας

137 4926 400 4980 τέκτονας
426 4939 437 4950 ·
478 4922 571 4974 καὶ
598 4915 774 4982 εἷπον,
804 4919 867 4971 Τί
885 4911 1030 4971 οὗτοι
1061 4917 1308 4988 ἔρχονται
1337 4917 1578 4988 ποιῆσαι,
1609 4917 1716 4968 Κύ-

141 5031 261 5085 ριες
300 5015 410 5065 Καὶ
441 5007 581 5076 εἶπε,
608 5011 790 5062 Ταῦτα
819 5009 888 5062 τὰ
924 5009 1130 5079 κέρατα
1164 5009 1230 5062 τὰ
1261 5009 1718 5079 διασκορπίσαντα

136 5111 228 5160 τὸν
273 5106 476 5160 Ἰούδαν
521 5107 612 5158 καὶ
652 5105 741 5157 τὸν
777 5103 1024 5174 Ἰσραὴλ,
1064 5104 1157 5155 καὶ
1194 5101 1462 5166 κατέαξαν
1499 5101 1594 5153 καὶ
1622 5101 1715 5152 ούι-

137 5200 247 5261 δε¹ις
280 5198 462 5250 αὐτῶν
487 5192 619 5266 ἦρεν
654 5195 894 5264 κεφαλήν
918 5211 932 5224 ·
970 5194 1046 5263 (p.
1075 5193 1202 5260 4352)
1238 5191 1332 5246 καὶ
1369 5191 1589 5261 ἐξῆλθον
1619 5192 1716 5243 αὐ-

139 5294 220 5343 τοὶ
249 5289 348 5340 τοῦ
400 5288 585 5354 ὀξῦναι
617 5287 756 5346 αὐτὰ
789 5288 866 5346 είς
904 5288 1092 5354 χεῖρας
1138 5283 1344 5336 αὐτῶν
1377 5285 1443 5336 τὰ
1471 5285 1715 5354 τέσσαρα

139 5384 352 5449 κέρατα
376 5380 444 5432 τὰ
493 5378 618 5447 ἔθνη
663 5377 732 5428 τὰ
775 5375 1111 5445 ἐπαιρόμενα
1151 5375 1319 5445 κέρας
1362 5377 1454 5428 ἐπὶ
1482 5377 1580 5446 τὴν
1609 5377 1713 5444 γῆν

138 5471 368 5542 Κυρίου,
403 5468 499 5522 τοῦ
527 5467 906 5537 διασκορπίσαι
947 5468 1135 5535 αὑτήν.
1157 5485 1175 5516 ι
1211 5468 1272 5518 Οί
1307 5466 1403 5536 μέν
1425 5463 1516 5518 οὖν
1554 5467 1714 5536 μυθο-

136 5564 319 5629 λογεῖν
354 5561 631 5622 ἐθέλοντες
653 5597 669 5621 ,
692 5559 932 5626 τέσσαρα
956 5557 1162 5627 κέρατα
1195 5558 1282 5610 τὸν
1314 5557 1594 5628 ’Λσσύριον
1618 5559 1710 5609 καὶ

132 5655 226 5707 τὸν
267 5650 608 5705 Βαϐυλώνιον
630 5651 716 5702 τόν
739 5667 796 5702 τε
838 5649 1016 5718 Μῆδον
1038 5650 1130 5702 καὶ
1159 5649 1246 5701 τὸν
1278 5648 1491 5717 Πέρσην
1523 5649 1704 5716 φασίν.

1819 4483 2054 4543 quatuor
2105 4490 2332 4528 cornua.
2375 4472 2436 4526 Et
2471 4474 2581 4527 dixi
2629 4477 2822 4541 angelo
2865 4475 2917 4526 in
2968 4488 3053 4526 me
3101 4472 3376 4541 loquenti:

1819 4566 1958 4630 Quid
1997 4572 2126 4618 sunt
2155 4565 2288 4627 haec,
2324 4563 2584 4617 Domine?
2627 4563 2878 4631 Dixitque
2902 4564 3066 4616 mihi:
3096 4563 3220 4618 Haec
3251 4573 3379 4618 sunt

1817 4669 2044 4714 cornua,
2073 4668 2192 4719 quae
2218 4653 2590 4720 disperserunt
2615 4650 2809 4705 Judam
2840 4659 2891 4704 et
2931 4651 3181 4705 Israelth
3217 4661 3380 4722 atque

1818 4744 2177 4798 Hierusalem.
2245 4743 2310 4796 Et
2367 4743 2604 4798 ostendit
2657 4745 2788 4797 mihi
2842 4745 3100 4799 Dominus
3147 4756 3382 4814 quatuor

1819 4837 2024 4890 fabros.
2065 4835 2130 4888 Et
2163 4837 2270 4890 dixi
2300 4853 2312 4889 :
2345 4835 2484 4901 Quid
2515 4835 2602 4888 isti
2633 4837 2854 4890 veniunt
2884 4836 3082 4899 facere,
3120 4838 3382 4892 Domine?

1816 4925 1879 4979 Et
1916 4926 2092 4979 dixit:
2149 4925 2271 4979 Haec
2300 4935 2429 4980 sunt
2474 4940 2680 4980 cornua
2712 4941 2830 4992 quze
2871 4926 3248 4994 disperserunt
3277 4928 3378 4981 Ju-

1815 5014 1961 5079 dam,
1991 5024 2152 5083 atque
2185 5015 2434 5070 lsraelem
2458 5015 2862 5084 confregerunt,
2888 5025 2942 5069 et
2973 5031 3130 5068 nemo
3162 5017 3377 5072 illorum

1816 5107 2012 5158 levavit
2060 5116 2257 5174 caput:
2316 5114 2370 5160 et
2401 5106 2653 5159 exierunt
2694 5106 2781 5159 isti
2830 5106 2894 5158 ad
2935 5121 2996 5160 ea
3030 5107 3272 5160 acuenda
3321 5106 3377 5160 in

1816 5196 2069 5248 manibus
2112 5195 2247 5248 suis.
2291 5193 2536 5258 Quatuor
2577 5208 2806 5258 cornua,
2857 5203 3042 5261 gentes
3095 5202 3222 5248 sunt
3261 5209 3380 5261 qua:

1817 5302 1984 5338 cornu
2016 5287 2328 5338 extulerunt
2360 5300 2523 5353 super
2555 5292 2753 5338 terram
2793 5284 3002 5337 Domini
3033 5293 3090 5337 ut
3123 5299 3240 5338 eam
3265 5285 3381 5338 dis-

1816 5377 2120 5446 perdereut.
2144 5394 2161 5427 ι
2207 5376 2306 5442 Qui
2354 5393 2480 5445 ergo
2510 5375 2724 5429 fabulas
2765 5386 2978 5429 nectere
3007 5377 3212 5436 volunt,
3239 5391 3342 5442 qua
3364 5405 3376 5412 -

1815 5476 1939 5521 tuor
1989 5483 2195 5521 cornua
2233 5468 2420 5520 dicunt
2462 5481 2584 5520 esse
2635 5467 2939 5535 Assyrium,
2999 5465 3376 5545 Bnrylnnitttlt,

1815 5558 2052 5622 Medum,
2103 5574 2164 5611 ac
2215 5556 2471 5611 Persam:
2527 5558 2871 5610 considerare
2915 5557 3055 5608 enim
3109 5557 3377 5618 nolentes,

1813 5665 1953 5717 saepe
2001 5665 2284 5703 numerum
2331 5665 2358 5701 a
2395 5649 2574 5702 divina
2613 5649 2894 5709 Scriptura
2947 5647 3085 5701 haud
3122 5658 3378 5701 accurate
