3830 6216
452 267 555 320 519

1628 257 1976 314 TllEODORl
2015 261 2497 322 MOPSUESTENI

3582 271 3692 324 510

451 386 624 453 gutum
654 381 844 449 angelo
877 380 1183 450 significare
1216 377 1343 446 quid
1376 376 1642 446 agendum
1678 377 1770 438 sit,
1805 379 1878 430 nil
1908 379 2004 432 mi-

2113 384 2220 454 γὰρ
2265 385 2343 455 τῷ
2388 386 2501 455 Υίῷ
2532 387 2626 440 τοῦ
2674 388 2808 442 Θεοῦ
2840 390 3100 451 κελεύειν,
3130 391 3239 442 τῶν
3278 388 3548 442 ἀδυνάτων
3597 385 3686 458 ἦν,

453 492 609 528 una:
653 490 775 527 nam
811 486 860 526 et
919 473 1243 524 famulorum
1286 478 1366 523 est
1413 470 1644 521 invicem
1692 470 2018 525 denuntiare

452 570 758 618 voluntates
800 563 1121 622 dominicas,
1168 563 1445 628 multoque
1497 559 1668 627 magis
1719 560 1820 613 hoc
1863 561 2020 614 decet

453 657 573 708 illos
603 656 692 724 qui
720 655 787 708 ab
813 655 1053 707 onmimn
1074 653 1302 706 Domino
1332 653 1397 704 ad
1432 649 1481 702 id
1516 651 1823 714 mittuntur,
1858 659 2018 718 prout

455 762 596 799 nunc
647 747 861 798 accidit.
912 743 1156 811 Namque
1205 747 1399 808 angelo
1445 740 1536 809 qui
1593 741 1917 808 loquebatur
1963 743 2016 793 in

455 841 731 907 propheta,
771 849 819 890 et
851 852 947 904 pro
977 837 1108 888 urbe
1139 835 1346 895 orabat,
1391 834 1584 886 merito
1624 834 1850 901 angelus
1883 834 2012 886 mis-

451 947 544 984 sus
578 946 640 982 ex
685 928 947 982 sententia
1001 925 1113 985 Dei,
1153 940 1372 977 currere
1416 923 1574 992 303
1624 924 1725 991 ipsi
1776 923 2010 992 imperat

445 1033 498 1072 et
527 1021 668 1088 loqui
712 1035 829 1088 qua:
860 1034 998 1083 opus
1041 1024 1154 1068 crat
1203 1015 1635 1075 adolescentulo,
1681 1021 1843 1082 atque
1874 1029 2014 1066 nun-

446 1113 582 1164 tiare
630 1126 815 1179 preces
851 1111 970 1177 ejus
1019 1121 1243 1174 scopum
1288 1119 1410 1158 esse
1457 1115 1759 1168 assecutas,
1812 1103 2016 1172 Deique

449 1203 776 1254 voluntatem
803 1216 928 1268 erga
952 1198 1288 1251 Hierusalem
1321 1197 1517 1248 factam
1541 1211 1663 1250 esse
1685 1196 1972 1265 benignam
1999 1212 2014 1250 :

446 1303 695 1361 oportere
731 1299 908 1344 autem
961 1291 1136 1357 ipsum
1175 1294 1393 1356 propter
1427 1287 1775 1354 impetratum
1820 1288 1910 1342 Dei
1941 1286 2019 1339 fa-

449 1403 654 1447 vorem,
689 1387 918 1438 libenter
958 1385 1205 1452 jussibus
1237 1384 1463 1452 obsequi
1491 1399 1506 1446 ;
1551 1389 1605 1434 et
1637 1381 1890 1434 celeriter
1920 1379 2017 1432 ad-

448 1480 689 1539 modum,
718 1479 763 1530 ci
800 1492 892 1546 qut
920 1475 986 1528 ad
1014 1475 1385 1529 mdilicandam
1428 1474 1614 1527 urbem
1650 1473 1856 1525 missus
1899 1470 2017 1525 fue-

449 1576 552 1628 rat,
589 1566 894 1633 signiﬁcare
925 1581 1044 1632 qum
1077 1563 1217 1618 Deus
1243 1564 1310 1619 de
1339 1567 1454 1635 ipsa
1487 1568 1818 1615 decreverat.

2120 477 2214 527 καὶ
2263 477 2503 546 νομίζειν
2545 479 2600 531 δὲ
2651 479 2810 532 τοῦτο
2831 482 2930 551 τῆς
2966 483 3200 551 ἐσχάτης
3226 483 3372 534 ἐστὶν
3401 481 3654 542 ἀσεϐείας
3675 497 3689 509 ·

2120 563 2350 632 ἀγγελον
2395 567 2451 620 δὲ
2483 569 2698 640 ἀγγέλῳ
2740 571 3020 641 σημαίνειν
3057 571 3118 624 τὸ
3157 571 3445 641 πρακτέον,
3480 571 3694 639 θαυμα-

2122 656 2244 708 στὸν
2271 657 2451 710 οὐδέν·
2491 661 2676 730 ἐπειδὴ
2721 660 2828 713 τῶν
2862 663 3147 732 ὑπηρετῶν
3187 663 3316 714 ἴδιον
3349 660 3574 730 μηνύειν
3602 663 3695 712 ἀ)-

2119 744 2297 814 λήλοις
2349 747 2415 800 τὰ
2477 749 2768 804 δεσποτικὰ
2821 751 3178 820 βουλεύματα,
3241 753 3333 805 καὶ
3390 751 3568 820 πολλῷ
3631 767 3694 815 γε

2121 837 2280 888 πλέον
2310 840 2435 900 τοὺς
2465 841 2732 893 ἐπὶτοῦτο
2770 843 3152 912 πεμπομένους
3185 842 3333 910 παρά
3355 841 3446 894 τοῦ
3471 843 3696 892 πάντων

2117 927 2336 998 Κυρίου,
2384 925 2495 983 οἷόν
2531 950 2583 985 τι
2629 935 2720 986 καὶ
2763 934 2856 987 νῦν
2901 935 3134 1002 ἐγίνετο·
3186 934 3280 986 τοῦ
3311 935 3420 1002 γὰρ
3453 932 3693 1000 ἀγγέλου

2116 1018 2208 1071 τοῦ
2242 1020 2525 1086 λαλοῦντος
2556 1026 2612 1076 ἐν
2647 1025 2796 1094 αὐτῷ
2838 1024 2935 1096 τὴν
2969 1025 3108 1095 ὺπέρ
3138 1025 3236 1092 τῆς
3268 1025 3472 1086 πόλεως
3518 1038 3692 1090 προσ·-

2116 1111 2410 1176 αγαγόντος
2437 1111 2641 1181 δέησιν,
2676 1116 2899 1178 εἰκότως
2941 1115 2970 1166 ὁ
2997 1114 3262 1182 πεμφθεὶς
3294 1115 3522 1181 ἄγγελος
3549 1114 3693 1166 κατά

2117 1198 2342 1269 γνώμην
2372 1201 2526 1264 Θεοῦ,
2558 1204 2784 1274 δραμεῖν
2822 1204 2967 1275 αὐτῷ
2996 1206 3088 1258 καὶ
3115 1205 3341 1276 λαλῆσαι
3370 1205 3583 1257 κελεύει
3629 1204 3696 1256 τά

2114 1291 2460 1369 προσήκοντα
2511 1293 2646 1364 πρὸς
2675 1295 2767 1348 τὸν
2802 1297 3100 1361 νεανίσκον,
3135 1297 3210 1359 ὡς
3242 1296 3308 1349 ἀν
3345 1295 3694 1362 εὐαγγελιζό-

2121 1395 2277 1447 μενος
2333 1382 2414 1434 ὅτι
2469 1401 2573 1454 περ
2619 1385 2768 1456 αύτῷ
2799 1387 2866 1439 τά
2912 1387 3013 1456 τῆς
3067 1388 3301 1458 δεήσεως
3345 1382 3496 1439 ἷκται
3555 1387 3696 1456 πρὸς

2117 1470 2310 1540 πέρας,
2355 1475 2448 1526 καὶ
2491 1474 2732 1530 δέδοκται
2779 1478 2874 1548 μὲν
2904 1480 3032 1550 περὶ
3076 1479 3173 1549 τῆς
3212 1479 3569 1548 Ἰερουσαλὴμ
3615 1477 3694 1547 τῷ

2118 1558 2235 1629 Θεῷ
2268 1561 2335 1612 τά
2360 1563 2590 1632 κρείττω
2609 1583 2622 1596 ο
2652 1567 2754 1637 χρὴ
2780 1567 2836 1619 δὲ
2870 1567 2962 1620 καὶ
2989 1567 3147 1620 αὐτὸν
3172 1567 3247 1628 ὡς
3278 1567 3573 1635 ἰσχύσαντα
3607 1567 3695 1634 ἐφ’

443 1651 524 1720 ο⁷ς
570 1657 760 1726 ἐδεήθη
807 1656 955 1727 παρά
1003 1653 1080 1724 τῷ
1125 1655 1278 1725 Θεῷ,
1335 1655 1450 1724 μεθ’
1505 1654 1697 1724 ἡδονῆς
1761 1668 1819 1704 τε
1873 1652 1984 1712 τοῖς
2045 1650 2486 1722 κεκελευσμένοις
2535 1657 2952 1727 ὑπηρετεῖσθαι,
3011 1661 3104 1711 καὶ
3157 1657 3293 1728 μετὰ
3346 1657 3540 1711 πολλοῦ
3592 1656 3694 1710 τοῦ

443 1751 641 1818 τάχους
663 1750 738 1818 τῷ
760 1750 850 1801 ἐπὶ
876 1749 970 1820 τὴν
990 1748 1275 1818 οἰκοδομὴν
1300 1747 1653 1802 ἀποσταλέντι
1680 1745 1783 1815 τῆς
1811 1744 2016 1805 πόλεως
2049 1743 2311 1814 γνωρίσαι
2347 1747 2413 1799 τά
2447 1750 2573 1819 περὶ
2603 1751 2771 1820 αὐτῆς
2804 1751 3028 1816 δόξαντα
3050 1750 3126 1819 τῷ
3173 1751 3309 1820 Θεῷ.

519 1842 682 1898 Vatis.
712 1845 904 1898 6-7.”
951 1842 1062 1912 Age
1092 1858 1219 1896 vero
1262 1844 1567 1897 necessaria
1599 1842 1789 1895 fiducia
1830 1839 1898 1894 ab
1929 1839 2004 1893 his

2187 1842 2332 1911 Στίχ.
2379 1844 2516 1907 ς’·ζν.
2555 1877 2621 1886 —-
2679 1846 2837 1899 Ἀλλά
2874 1847 2982 1914 γάρ
3011 1846 3318 1913 ἀναγκαίως
3347 1845 3584 1916 θάρσους
3630 1847 3694 1896 ἐκ

439 1937 674 1988 ostentis
711 1934 972 2002 prepheta
1005 1936 1244 2002 repletus
1277 1933 1615 1986 exclamabat
1646 1931 1870 1984 dicens:
1896 1949 1912 1979 ι
1936 1927 1979 1982 Ο
1999 1968 2013 1990 ,

443 2041 479 2079 ο
503 2067 516 2082 .
556 2025 721 2094 fugite
758 2040 786 2076 ιι
819 2035 959 2078 terra
998 2025 1225 2084 boreali.
1259 2025 1391 2078 dicit
1433 2023 1723 2086 Dominus;
1758 2021 2014 2090 quoniam

443 2133 474 2169 a
506 2127 742 2186 quatuor
776 2117 950 2170 ventis
987 2117 1109 2169 coeli
1140 2118 1484 2186 congregabo
1515 2131 1637 2175 vos,
1663 2114 1795 2168 dicit
1831 2113 2016 2165 Domi-

443 2222 568 2259 nus.
598 2207 674 2260 Ad
726 2205 853 2259 Sion
889 2207 1023 2260 salvi
1069 2206 1381 2276 confugite,
1418 2221 1512 2260 vos
1552 2205 1642 2276 qui
1689 2221 1834 2259 nunc
1871 2202 2013 2272 apud

445 2297 608 2348 filiam
643 2295 934 2366 Babylonis
967 2296 1227 2350 incolitis.
1265 2314 1283 2344 ι
1317 2294 1535 2348 hlandat
1565 2294 1726 2348 etiam
1759 2292 2012 2358 reliquis,

437 2388 535 2454 qui
572 2386 746 2440 adhuc
785 2387 838 2439 in
871 2387 1185 2455 captivitate
1221 2395 1530 2449 versantur,
1580 2393 1637 2438 ut
1677 2385 1847 2437 multa
1888 2396 2011 2434 cum

445 2476 799 2530 festinatione
833 2477 896 2530 ad
931 2475 1113 2529 Sionis
1141 2486 1379 2530 montem
1413 2484 1706 2530 accurrant
1737 2474 2013 2527 conliden-

443 2577 525 2622 tes
575 2568 664 2622 Dei
698 2569 1154 2637 promissionibus
1197 2568 1264 2622 de
1307 2569 1679 2634 Hierusalem,
1709 2569 1800 2636 qui
1844 2567 2011 2619 unde.

437 2673 654 2727 ermque
725 2674 819 2712 cos
855 2659 980 2712 illnc
1027 2675 1085 2713 se
1127 2668 1580 2728 congregaturum
1622 2658 2008 2729 spoponderat.

440 2755 617 2819 Atque
645 2751 732 2804 hic
788 2752 1184 2809 rursusdictim
1206 2766 1233 2802 a
1257 2761 1492 2820 quatuor
1515 2751 1884 2810 ventisnhaud
1913 2751 2013 2801 ali-

439 2859 598 2915 quem
633 2857 950 2906 numerum,
987 2844 1079 2894 sed
1129 2842 1309 2910 potius
1369 2843 1728 2910 undecunque
1754 2840 2007 2904 denotat,

438 2944 498 2988 ιιι
529 2934 700 2988 .Iudzei
745 2935 836 3002 qui
869 2934 1047 2986 adlmc
1084 2933 1460 3004 Babylonicam
1504 2935 1776 3002 regionem
1811 2932 2011 2984 incole-

441 3027 590 3087 bant,
629 3026 691 3077 ad
729 3025 916 3078 urbem
959 3023 1298 3078 Hierusalem
1341 3025 1522 3078 cuncti
1564 3025 1920 3088 festinarent;
1955 3023 2008 3075 in

437 3133 543 3184 qua
584 3117 840 3186 degentes
886 3117 1070 3168 stabili
1106 3119 1361 3185 posthinc
1407 3117 1587 3172 salute
1633 3115 2004 3185 perfruentur,

440 3207 546 3259 Deo
593 3209 740 3275 ipsos
787 3207 943 3275 juxta
995 3209 1260 3275 promissa
1303 3223 1399 3262 sua
1449 3207 1788 3262 custod'ente
1822 3225 1836 3259 :
1876 3206 2002 3276 quia

433 3297 542 3364 jam
578 3305 690 3349 lum
715 3298 890 3351 deleta
923 3295 1099 3350 fuerat
1129 3296 1388 3368 Babylon,
1430 3307 1650 3366 totaque
1680 3297 2004 3367 Babylonio-

435 3402 554 3438 ruzn
583 3387 880 3440 dominatio
912 3387 1200 3451 desiverat,
1235 3387 1378 3441 Darii
1401 3389 1656 3441 nimirum
1693 3389 1833 3457 regis
1865 3396 2002 3438 tem-

436 3476 681 3542 poribus.
711 3476 880 3527 Simul
909 3482 1094 3528 tamen
1122 3477 1366 3545 praedicit
1401 3479 1467 3532 de
1494 3480 1602 3532 illis
1624 3480 1714 3546 qui
1749 3494 1843 3547 per
1873 3475 2002 3529 illud

431 3577 646 3633 tempus
686 3566 913 3621 redituri
959 3579 1136 3622 erant.
1178 3567 1310 3620 Nam
1349 3583 1538 3637 reapse
1587 3570 1865 3622 redierunt
1899 3568 2002 3620 sub

437 3659 598 3709 vario
639 3673 744 3710 non
779 3659 934 3726 pauci
969 3678 981 3713 :
1023 3660 1375 3713 nihilominus
1413 3660 1567 3726 jubet
1597 3676 1691 3712 eos
1732 3658 2003 3727 Babylone

432 3750 654 3809 reverti,
709 3750 759 3802 id
811 3759 894 3804 est
937 3752 1004 3804 de
1043 3752 1355 3820 captivitate
1398 3768 1560 3820 quam
1609 3768 1638 3803 a
1689 3749 2001 3819 Babyloniis

435 3840 675 3906 perpessi
707 3849 880 3893 erant.
903 3840 1128 3894 Constat
1169 3851 1348 3894 autem
1387 3843 1705 3910 prophetam
1735 3838 1998 3908 subjussi

432 3928 602 3996 figura
627 3932 1029 3998 praedictionem
1054 3932 1129 3985 rei
1174 3933 1367 3986 futura:
1395 3933 1593 3990 facere.

505 4193 668 4248 Vens.
698 4195 850 4250 842.
885 4226 955 4236 -—
985 4217 1002 4248 ‹
1036 4198 1158 4252 Haec
1187 4203 1328 4254 enim
1363 4204 1436 4255 ait
1461 4203 1720 4259 Dominus
1742 4206 1995 4275 omnipo-

426 4295 552 4342 tens
586 4304 599 4339 :
633 4288 758 4341 Post
797 4290 1026 4358 gloriam
1071 4292 1218 4345 misit
1257 4309 1343 4347 me
1382 4295 1448 4347 ad
1493 4306 1681 4365 gentes
1712 4313 1831 4368 quae
1864 4315 1995 4369 spo-

432 4380 698 4434 liaverunt
747 4397 866 4445 vos,
905 4382 1034 4451 quia
1082 4384 1172 4452 qui
1233 4385 1476 4454 tetigerit
1522 4403 1638 4452 vos,
1691 4391 1867 4458 quasi
1900 4391 1992 4460 qui

2118 1934 2224 1985 τῶν
2251 1935 2564 2003 δειχθέντων
2595 1939 2624 1988 ὀ
2649 1940 2931 2008 προφήτης
2966 1938 3274 2007 πληρωθεὶς
3303 1937 3429 1989 ἐϐόα
3471 1937 3657 2002 λέγων
3677 1953 3690 1967 ·

2122 2044 2140 2072 ι
2157 2025 2220 2073 Ὠ
2234 2023 2296 2083 ὢ,
2324 2025 2546 2091 φεύγετε
2573 2027 2680 2078 ἀπὸ
2701 2027 2803 2094 γῆς
2829 2027 3020 2097 βορρᾶ,
3043 2026 3192 2093 λέγει
3213 2025 3431 2090 Κύριος
3459 2025 3537 2093 (1)-
3558 2023 3692 2091 45⁷)

2115 2113 2250 2165 διότι
2281 2116 2345 2165 ἐκ
2375 2115 2481 2166 τῶν
2526 2115 2803 2185 τεσσάρων
2843 2116 3058 2184 ἀνέμων
3085 2115 3179 2166 τοῦ
3209 2113 3441 2183 οὐρανοῦ
3473 2111 3693 2176 συνάξω

2117 2206 2278 2274 ὑμᾶς.
2308 2205 2451 2271 λέγει
2484 2206 2683 2276 Κύριος
2703 2223 2716 2236 ο
2751 2209 2828 2269 εἰς
2857 2206 2994 2259 Σιὼν
3023 2205 3384 2269 ἀνασώζεσθε,
3415 2205 3465 2256 οἱ
3497 2220 3690 2256 κατοι-

2116 2297 2336 2358 κοῦντες
2369 2298 2636 2368 θυγατέρα
2672 2298 3002 2361 Βαϐυλῶνος.
3032 2319 3050 2350 ι
3103 2298 3325 2354 Κελεύει
3356 2297 3467 2367 γάρ
3492 2296 3558 2366 δὴ
3596 2296 3690 2348 καὶ

2113 2391 2224 2450 τοῖς
2268 2388 2471 2450 λοιποῖς
2501 2389 2607 2441 τῶν
2652 2390 2742 2442 ἐπὶ
2776 2389 2874 2459 τῆς
2920 2389 3292 2458 αἰχμαλωσίας
3335 2387 3508 2440 ὄντων
3569 2387 3686 2450 ἔτι,

2117 2481 2251 2541 μετά
2279 2479 2476 2546 πολλῆς
2503 2480 2780 2549 ἐκτρέχειν
2805 2480 2904 2548 τῆς
2927 2479 3158 2549 σπουδῆς
3178 2480 3268 2530 ἐπὶ
3292 2478 3351 2530 τὸ
3373 2476 3515 2530 Σιὼν
3537 2478 3686 2548 ὅρος,

2115 2567 2442 2637 θαρροῦντας
2493 2571 2603 2630 τοῖς
2651 2568 3076 2638 ἐπηγγελμένοις
3117 2567 3194 2638 τῷ
3237 2566 3360 2637 Θεῷ
3407 2569 3539 2636 περὶ
3589 2567 3688 2635 τῆς

2123 2657 2512 2728 Ἰερουσαλὴμ,
2565 2659 2622 2723 ὃς
2675 2660 2936 2729 ὑπέσχετο
2983 2661 3315 2730 πανταχόθεν
3366 2661 3571 2722 αὐτοὺς
3611 2660 3690 2721 εἰς

2113 2749 2281 2816 αὐτὴν
2323 2750 2568 2812 συνάξειν
2591 2766 2604 2780 ⁸
2648 2751 2924 2804 κάνταῦθα
2959 2752 3140 2821 μέντοι
3187 2751 3352 2804 πάλιν
3382 2751 3550 2804 τδιέκ
3578 2751 3690 2803 τῶν

2111 2841 2385 2910 τεσσάρων
2403 2845 2648 2909 ἀνέμων»
2667 2842 2766 2892 οῦκ
2799 2842 3029 2911 ἀριθμόν
3056 2859 3196 2902 τινα,
3221 2841 3356 2894 ἀλλὰ
3379 2842 3442 2893 τὸ
3470 2859 3687 2895 παντα-

2111 2931 2265 2999 χόθεν
2309 2931 2474 2999 δηλοῖ,
2508 2932 2582 2995 ὡς
2629 2932 2693 2985 ἂν
2734 2931 3060 3002 θαρροῦντες
3097 2935 3146 2985 οἱ
3180 2933 3277 3002 τὴν
3323 2931 3688 2985 Βαϐυλωνίων

2109 3021 2380 3084 οἰκοῦντες
2415 3020 2596 3091 χώραν
2625 3022 2703 3075 ἔτι
2737 3023 2845 3075 τῶν
2891 3023 3175 3085 Ἰουδαίων,
3207 3023 3298 3074 ἐπὶ
3329 3023 3429 3092 τὴν
3480 3024 3688 3092 Ἰερου-

2114 3115 2292 3185 σαλὴμ
2330 3115 2628 3182 ἐπείγοιντο
2662 3115 2861 3178 πάντες
2891 3132 2904 3145 ·
2950 3109 3120 3186 οὗπερ
3147 3115 3422 3182 διάγοντες
3457 3113 3689 3184 βεϐαίαν

2062 3201 2076 3221 ⁸
2111 3205 2287 3268 ἕξουσι
2319 3206 2410 3257 τοῦ
2445 3205 2628 3258 λοιποῦ
2662 3207 2758 3275 τὴν
2791 3205 3080 3277 σωτηρίαν,
3114 3205 3208 3259 τοῦ
3241 3205 3376 3258 Θεοῦ
3411 3206 3564 3259 κατὰ
3589 3206 3688 3267 τὰς
3776 3231 3784 3236 -

2110 3296 2314 3358 οἰκείας
2363 3297 2564 3358 αὐτοὺς
2618 3297 2972 3364 φυλάττοντος
3024 3296 3390 3365 ἐπαγγελίας,
3447 3297 3534 3349 ὅτι
3594 3297 3690 3366 μὲν

2110 3384 2381 3455 καθῃρέθη
2416 3387 2532 3438 τότε
2568 3387 2840 3445 Βαϐυλὼν,
2871 3389 2966 3440 καὶ
3001 3389 3150 3440 πᾶσα
3180 3388 3478 3457 πέπαυτοή
3508 3387 3689 3439 Βαϐυ-

2109 3475 2311 3530 λωνίων
2341 3478 2502 3548 ἁρχὴ,
2532 3481 2671 3531 κατά
2694 3479 2784 3530 τὸν
2811 3480 3035 3549 Δαρείου
3067 3480 3158 3532 τοῦ
3192 3479 3457 3549 βασιλέως
3490 3481 3689 3550 καιρὸν

2107 3567 2262 3638 δῆλον
2289 3586 2301 3599 ·
2357 3568 2467 3620 ἀλλ’
2515 3571 2662 3640 ὅμως
2704 3571 2919 3640 μηνύων
2956 3572 3080 3634 τοὺς
3123 3573 3245 3624 κατ’
3293 3573 3502 3624 ἐκεῖνον
3533 3572 3690 3639 6:95!-

2107 3655 2294 3720 λοντας
2336 3658 2424 3711 τὸν
2455 3659 2644 3728 καιρὸν
2677 3660 2938 3714 ἀνελθεῖν.
2993 3661 3102 3711 Καὶ
3152 3660 3259 3729 γὰρ
3307 3659 3547 3728 ἀνῆλθον
3599 3661 3688 3712 ἐπὶ

2106 3749 2328 3820 Δαρείου
2354 3750 2452 3801 οῦκ
2481 3751 2646 3817 ὀλίγοι
2680 3751 2767 3802 τὸν
2793 3749 3051 3820 ἀριθμόν·
3087 3751 3236 3819 ὅμως
3271 3751 3335 3802 ἐκ
3367 3753 3470 3819 τῆς
3509 3750 3689 3801 Βαϐυ-

2105 3837 2270 3901 λῶνος
2318 3840 2511 3901 αὐτοὺς
2553 3839 2861 3892 ἐπανελθεῖν
2905 3839 3144 3903 κελεύει,
3181 3839 3266 3891 ἵνα
3306 3839 3436 3911 εἴπῃ
3469 3841 3575 3911 τῆς
3603 3841 3688 3893 αἰ-

2104 3928 2424 3996 χμαλωσίας
2481 3927 2547 3998 ἢν
2600 3928 2704 3980 ὑπὸ
2752 3928 3105 3982 Βαϐυλωνίων
3165 3930 3683 4000 ὑπομεμενήκεσαν.

2107 4018 2375 4089 Πρόδηλον
2402 4019 2457 4069 δέ
2489 4018 2562 4080 ὡς
2591 4019 2646 4070 ἐν
2667 4019 3034 4093 ἐπιτάγματος
3062 4020 3297 4089 σχήματι
3327 4021 3569 4089 μήνυσιν
3591 4021 3686 4074 τοῦ

2102 4109 2360 4179 ἐσομένου
2399 4111 2649 4161 ποιεῖται.

2173 4202 2317 4272 Στίχ.
2354 4202 2513 4272 η’-ιβ’.
2557 4231 2626 4239 -
2681 4219 2700 4252 ι
2727 4201 2868 4253 Διότι
2895 4200 3017 4254 τάδε
3048 4200 3194 4268 λέγει
3233 4199 3440 4269 Κύριος
3487 4218 3688 4254 παντο-

2102 4293 2319 4363 κράτωρ
2338 4309 2353 4324 ’
2401 4292 2602 4344 Ὀπίσω
2624 4291 2780 4359 δόξης
2800 4291 3106 4343 ἀπέσταλκέ
3141 4307 3207 4360 με
3235 4290 3328 4342 ἐπὶ
3356 4289 3424 4342 τὰ
3455 4289 3591 4360 ἔθνη
3619 4289 3686 4341 τὰ

2103 4383 2470 4436 σκυλεύσαντα
2495 4383 2657 4451 ὑμᾶς·
2689 4383 2821 4434 διότι
2853 4383 2880 4432 ὀ
2907 4381 3211 4449 ἁπτόμενος
3234 4379 3406 4449 ὑμῶν,
3441 4382 3528 4450 (p.
3556 4381 3684 4450 458)

424 4481 616 4541 tangat
647 4473 902 4542 pupillam
934 4475 1079 4527 oculi
1123 4475 1262 4543 ejus.
1301 4475 1437 4541 Quia
1473 4493 1602 4533 ecce
1631 4495 1731 4550 ego
1762 4481 1990 4535 inferam

2110 4473 2174 4537 ὥς
2201 4476 2229 4527 ὀ
2257 4474 2555 4544 ἁπτόμενος
2579 4473 2676 4544 τῆς
2705 4473 2871 4543 κόρης
2896 4471 2989 4524 τοῦ
3013 4470 3288 4542 ὀφθαλμοῦ
3317 4472 3492 4524 αὑτοῦ
3511 4489 3525 4503 ·
3551 4472 3684 4525 διότι

424 4580 648 4617 manum
683 4580 854 4618 meam
885 4581 1047 4632 super
1087 4582 1216 4634 eos;
1273 4576 1325 4620 et
1352 4578 1512 4621 erunt
1557 4572 1750 4639 praeda:
1799 4574 1866 4627 iis
1899 4575 1992 4642 qui

421 4657 727 4707 servierant
755 4656 918 4724 ipsis:
943 4656 1104 4728 305
1123 4666 1175 4711 et
1201 4661 1547 4727 cognoscetis
1575 4662 1702 4730 quia
1727 4661 1990 4718 Dominus

421 4747 766 4814 onmipotcns
797 4748 944 4801 misit
972 4765 1073 4803 me.
1119 4767 1135 4799 ι
1171 4747 1296 4804 Ηειιο
1327 4767 1449 4820 ego,
1483 4752 1691 4820 inquit,
1727 4756 1883 4810 vobis
1909 4755 1991 4809 ef-

425 4833 533 4885 fata
568 4837 754 4896 recito,
783 4834 872 4888 Dei
904 4837 994 4904 qui
1027 4837 1204 4892 sicest
1228 4839 1477 4894 elocutus
1505 4840 1686 4908 jussu,
1711 4843 1804 4910 qui
1843 4841 2002 4899 misit'

422 4937 510 4975 me
549 4924 775 4990 gloriam
813 4925 932 4992 ejus
991 4929 1393 4994 nuntiaturum,
1443 4945 1507 4984 ac
1553 4933 1980 4998 magnitudinem

423 5014 679 5080 potentiae
741 5030 890 5076 suae.
938 5032 1100 5084 quam
1155 5029 1346 5074 contra
1408 5021 1708 5077 olfensores
1771 5033 1984 5080 vestros

421 5102 672 5152 ostendet
715 5120 726 5154 :
763 5110 1044 5171 tantopere
1070 5107 1139 5160 iis
1167 5124 1498 5166 succensens
1529 5113 1624 5181 qui
1660 5127 1756 5168 vos
1786 5129 1984 5169 vexare

422 5191 745 5253 voluerunt,
807 5203 1011 5260 quanto
1061 5198 1127 5251 iis
1173 5200 1498 5258 irasceretur
1556 5206 1649 5274 qui
1698 5207 1983 5260 oculorum

425 5561 638 5614 plenam
676 5546 923 5612 inferam,
963 5562 1017 5604 ut
1055 5555 1122 5608 ab
1161 5556 1266 5611 illis
1302 5561 1644 5630 expugnandi
1675 5565 1783 5616 sint
1814 5572 1978 5632 atque

420 5639 694 5700 vastandi,
751 5656 887 5706 quos
934 5651 1089 5698 antea
1136 5647 1456 5706 famulorum
1513 5653 1632 5708 loco
1681 5653 1972 5709 habebant.

2099 4565 2210 4634 ἐγὼ
2243 4566 2483 4636 ἐπιφέρω
2527 4564 2622 4634 τὴν
2647 4563 2804 4634 χεῖρά
2833 4579 2935 4633 μου
2968 4563 3053 4615 ἐπ’
3081 4563 3299 4624 αὐτοὺς,
3330 4562 3423 4614 καὶ
3461 4563 3684 4616 ἔσονται

2096 4656 2266 4710 σκῦλα
2317 4659 2426 4718 τοῖς
2475 4654 2802 4708 δουλεύουσιν
2844 4655 3062 4716 αὐτοῖς,
3115 4654 3208 4707 καὶ
3253 4653 3540 4722 γνώσεσθε
3602 4655 3682 4708 δτι

2094 4747 2296 4815 Κύριος
2339 4746 2728 4816 παντοκράτωρ
2775 4745 3080 4800 ἀπέσταλκέ
3114 4763 3201 4815 με.
3245 4764 3264 4798 ι
3329 4743 3525 4800 Ταῦτα
3574 4748 3683 4817 γάρ

2094 4837 2242 4906 ὑμῖν,
2302 4837 2484 4906 φησὶν,
2520 4837 2784 4906 είρημένα
2819 4835 2980 4904 λέγω,
3025 4835 3118 4889 τοῦ
3169 4837 3456 4906 εἰρηκότος
3492 4837 3682 4892 κελεύ-

2098 4943 2290 4991 σαντος
2315 4927 2470 4992 Θεοῦ,
2509 4925 2568 4989 ὂς
2608 4926 2910 4979 ἀπέσταλκε
2943 4944 3009 4996 με
3040 4928 3136 4997 τὴν
3166 4927 3320 4992 δόξαν
3353 4929 3489 4998 ὑμῖν
3535 4947 3680 4997 γνω-

2099 5020 2334 5090 ριοῦντα,
2365 5021 2460 5073 καὶ
2474 5020 2536 5071 τὺ
2563 5017 2787 5088 μέγεθος
2815 5019 2912 5087 τῆς
2942 5018 3106 5071 αὐτοῦ
3138 5019 3426 5087 δπάμεως
3459 5013 3534 5091 ἧς
3564 5023 3680 5073 ἐπι-

2094 5107 2324 5171 δείξεται
2355 5106 2496 5160 κατά
2519 5107 2636 5159 τῶν
2657 5106 2800 5175 ὑμᾶς
2831 5106 3166 5175 ἠδικηκότων
3189 5124 3202 5138 ·
3251 5107 3429 5171 οὕτως
3460 5110 3680 5180 ὀργιζό⁴

2097 5217 2256 5271 μενος
2304 5200 2395 5252 ἐπὶ
2435 5200 2547 5262 τοῖς
2592 5215 2644 5250 τι
2693 5197 2880 5252 λυπεῖν
2913 5198 3058 5267 ὑμᾶς
3088 5197 3458 5268 βουλομένοις,
3492 5201 3579 5263 ὡς
3613 5200 3679 5253 ἂν

2093 5290 2370 5360 ὀργισθείη
2425 5290 2478 5342 εἰ
2524 5305 2607 5351 τις
2665 5287 2829 5342 αὐτοῦ
2890 5287 2987 5352 τὰς
3047 5290 3216 5360 κόρας
3269 5290 3504 5358 βλάπτοι
3568 5290 3675 5343 τῶν

2089 5381 2380 5452 ὀφθαλμῶν
2406 5396 2419 5409 ⁸
2473 5379 2692 5450 εὔδηλον
2723 5379 2819 5450 μὲν
2846 5375 2938 5432 οὖν
2967 5381 3048 5432 ὅτι
3089 5380 3453 5451 ἀνθρωπίνως
3477 5383 3543 5434 τὸ
3574 5382 3676 5450 τῆς

2089 5472 2412 5542 κηδεμονίας
2475 5470 2747 5542 ἐξαίρετον
2799 5471 2970 5522 εἰπεῖν
3025 5471 3324 5541 ἠϐουλήθη.
3385 5471 3556 5526 Οὕτω
3616 5473 3672 5524 δὲ

2090 5565 2307 5634 βαρεῖαν
2350 5561 2568 5626 ἐπάξω,
2623 5561 2755 5630 φησὶ
2778 5604 2791 5625 ,
2839 5564 2950 5624 τοῖς
2978 5561 3191 5630 ἐχθροῖς
3223 5565 3337 5623 τοῖς
3376 5563 3674 5632 ὑμετέροις

2089 5653 2188 5721 τὴν
2220 5651 2518 5721 τιμωρίαν,
2563 5648 2701 5700 ὥστε
2751 5649 2841 5701 ὑπ’
2894 5649 3115 5702 ἐκείνοιν
3164 5650 3670 5721 ἐκπολιορκηθῆναι
