3830 6216
120 254 225 313 εει

1063 257 1610 313 COMMENTARIUS
1650 258 1715 312 IN
1760 259 2135 317 'ZACIIARIAS
2173 264 2329 319 CAP.
2374 265 2433 319 ll.

3292 270 3397 327 5ἰὲ

120 386 181 423 τε
215 370 310 423 καὶ
340 369 675 443 πορθηθῆναι
706 372 799 434 οὓς
830 373 890 425 τὸ
936 374 1200 445 πρότερον
1245 375 1302 426 ὲν
1330 374 1531 427 δούλων
1572 370 1710 444 εἶχον

1821 376 2189 442 Quamobrem
2219 395 2284 435 ex
2329 380 2446 450 ipso
2478 393 2658 433 rerum
2692 388 2890 437 eventu
2928 383 3143 454 pateﬁet
3180 399 3265 438 me
3308 385 3398 439 Dei

120 462 297 527 τάξεν
329 462 407 527 ὡς
430 464 495 517 ἂν
520 463 579 530 ἐξ
602 464 783 518 αὐτῶν
804 465 1017 532 γένοιτο
1034 467 1190 537 δῆλον
1216 466 1323 520 τῶν
1354 467 1717 538 πραγμάτων,

122 556 207 608 δτι
237 556 439 627 γνώμῃ
467 555 605 609 Θεοῦ
638 557 733 610 τοῦ
783 558 1001 611 πάντων
1034 559 1240 631 Κυρίου
1290 560 1714 630 εὐαγγελίζομαι

122 647 298 701 ταῦτα
336 647 499 717 ὑμᾶς.
554 643 688 701 Εἶτα
734 648 995 720 καὶπρὸς
1037 649 1136 719 τὴν
1172 649 1323 701 πόλιν
1369 651 1716 721 ἀποστρέψας

122 732 216 788 τον
241 735 402 803 λόγον
427 753 441 765 ο
487 734 763 808 θυγατέρα
797 736 906 808 γὰρ
932 738 1032 807 τῆς
1064 740 1200 791 Σιὼν
1228 737 1323 809 τὴν
1368 739 1718 811 Ἰερουσαλὴμ

125 827 318 880 εἴωθεν
349 827 638 898 ὀνομάζειν
658 846 671 859 ·
723 847 740 879 t
770 830 987 900 Τέρπου
1016 832 1109 884 καὶ
1135 831 1446 903 εὐφραίνου,
1477 832 1716 903 θύγατερ

124 915 263 969 Σιών
288 934 303 948 ·
344 917 478 971 διότι
508 918 615 971 ἰδοὺ
642 918 753 985 ἐγὼ
785 918 1039 990 ἔρχομαι,
1080 922 1173 972 καὶ
1208 922 1614 989 κατασκηνώσω
1659 923 1716 972 ὲν

127 1010 279 1079 μέσῳ
315 1027 410 1063 σου
432 1053 446 1074 ,
477 1010 625 1078 λέγει
660 1012 887 1081 Κύριος.
922 1030 945 1063 ι
988 1012 1079 1065 Ἔν
1114 1013 1328 1081 ἡδοναῖς
1367 1013 1457 1066 ἔσο
1488 1012 1580 1065 τοῦ
1611 1014 1711 1066 λοιο

123 1097 247 1161 τιοῦ,
278 1096 426 1163 ἕξεις
459 1100 566 1171 γάρ
596 1116 663 1170 με
700 1102 758 1152 ὲν
786 1102 869 1155 σοὶ
904 1104 973 1173 τῇ
1009 1102 1306 1173 κηδεμονίᾳ
1336 1103 1705 1173 δεικνύμενον·

124 1206 149 1239 4
183 1190 295 1242 Καὶ
338 1189 770 1258 καταφεύξονται
807 1190 935 1261 ἔθνη
977 1193 1147 1246 πολλά
1186 1195 1279 1246 ἐπὶ
1306 1194 1395 1246 τὸν
1428 1196 1630 1264 Κύριον
1658 1196 1716 1247 ὲν

122 1280 187 1349 τῇ
235 1280 427 1351 ἡμέρᾳ
473 1280 694 1351 ἐκείνῃ·
749 1282 845 1335 καὶ
873 1283 1085 1337 ἔσονται
1120 1282 1272 1353 αὐτῷ
1314 1285 1395 1347 εἰς
1431 1283 1575 1347 λαὸν,
1621 1285 1716 1337 καὶ

122 1372 647 1439 κατασκηνώσουσιν
676 1375 733 1425 ὲν
766 1373 917 1444 μέσῳ
952 1392 1045 1427 σου
1068 1416 1081 1438 ,
1123 1377 1216 1427 καὶ
1258 1375 1443 1447 γνώσῃ
1478 1376 1558 1427 ὅτι
1603 1374 1718 1432 Κύ-

123 1479 237 1533 ριος
281 1462 683 1536 παντοκράτωρ
732 1466 1101 1529 ὲξαπέσταλκέ
1164 1485 1231 1536 με
1277 1468 1412 1538 πρός
1463 1485 1559 1520 σε·
1622 1467 1716 1519 καὶ

121 1555 666 1626 κατακληρονομήσει
718 1555 920 1629 Κύριος
969 1558 1063 1611 τὸν
1123 1559 1319 1611 Ἰούδαν
1368 1560 1468 1629 τὴν
1523 1559 1714 1628 μερίδα

121 1648 288 1701 αξιτοῦ
316 1650 413 1703 ἐπὶ
434 1650 530 1723 τὴν
555 1652 717 1719 ἁγίαν
740 1653 867 1723 γῆν,
897 1654 974 1722 (p.
999 1654 1121 1723 459)
1150 1655 1244 1707 καὶ
1259 1657 1489 1725 αἱρετιεῐ
1507 1654 1588 1707 ἐτι
1617 1654 1715 1723 τὴν

1820 469 2101 524 voluntate
2132 472 2380 525 omnium
2423 473 2633 526 Domini
2674 472 2791 528 hinc
2823 475 2975 530 vobis
3010 492 3155 531 nunc
3186 474 3402 533 denun-

1823 561 1977 616 tiare.
2025 560 2230 617 Deinde
2263 563 2328 617 ad
2363 565 2553 619 urbem
2583 580 2801 634 quoque
2839 582 3143 623 sermonem
3170 582 3403 625 conver-

1820 662 1941 709 tens
1970 654 2133 725 (nam
2165 655 2330 709 ﬁliam
2370 657 2499 711 Sion
2532 662 2671 711 solet
2706 657 3044 714 Hierusalem
3070 661 3400 731 appellare).

1824 766 1842 796 ε
1878 746 2105 809 Ιιιοιιηο,
2145 768 2162 799 ι
2196 749 2393 818 inquit,
2436 769 2452 800 ι
2482 758 2536 803 et
2569 752 2766 820 gaude.
2802 750 2912 803 ﬁlia
2949 750 3103 815 Sion,
3126 753 3254 821 quia
3276 768 3405 808 ecce

1818 854 1918 908 ego
1959 840 2140 904 venio,
2177 848 2229 894 et
2276 840 2539 895 habitabo
2581 842 2636 895 in
2676 844 2853 897 medio
2896 843 3001 906 tui,
3038 843 3170 897 dicit
3222 844 3403 899 Domi.

1820 946 1945 984 nus.
1986 947 2005 981 δ
2041 929 2266 986 Lactiliis
2314 933 2565 999 posthinc
2610 934 2831 997 incede;
2864 934 3090 990 habebis
3130 935 3275 994 enim
3314 951 3405 991 me

1817 1029 2020 1088 tecum,
2074 1023 2259 1077 tutela:
2300 1025 2348 1077 vi
2387 1022 2845 1080 demonstratum.
2892 1042 2913 1075 ι
2968 1023 3404 1096 Cmfugietuque

1818 1120 2009 1183 gentes
2041 1116 2223 1168 multa:
2256 1116 2322 1169 ad
2355 1115 2644 1170 Dominum
2677 1118 2765 1172 die
2797 1118 2885 1171 illa
2918 1136 2930 1170 :
2971 1128 3239 1188 eruntque
3269 1120 3317 1174 ei
3348 1119 3401 1173 in

1819 1204 2101 1273 populum,
2128 1216 2183 1259 et
2226 1206 2279 1259 in
2312 1208 2491 1262 medio
2519 1209 2596 1261 tui
2629 1209 2972 1273 habitabant,
3018 1217 3072 1265 et
3098 1227 3404 1280 cognosces

1818 1294 1964 1363 quod
2012 1310 2099 1349 me
2149 1296 2497 1365 omnipotens
2550 1296 2813 1353 Dominus
2852 1298 2922 1352 ad
2966 1306 3020 1353 te
3070 1298 3302 1353 miserit.
3339 1297 3406 1350 Et

1820 1386 2123 1453 possidebit
2168 1386 2433 1444 Dominus
2468 1389 2663 1449 Judam
2703 1391 2863 1458 quasi
2903 1399 3111 1459 partem
3151 1405 3307 1443 suam
3349 1391 3401 1442 in

1818 1486 1962 1531 terra
1989 1487 2203 1542 sam-ta,
2234 1489 2287 1533 et
2314 1481 2474 1550 eliget
2497 1482 2674 1535 adhuc
2704 1481 3063 1537 Hierusalem.
3102 1500 3119 1530 ι
3150 1478 3399 1538 Tantam.

1821 1568 2017 1638 inquit,
2074 1572 2239 1626 vestri
2299 1573 2726 1629 sollicitudinem
2780 1588 2893 1642 pra:
2954 1588 3040 1627 me
3092 1572 3282 1635 feram,
3346 1580 3403 1625 ut

1818 1663 2135 1735 alienigena:
2183 1681 2404 1734 quoque
2458 1667 2612 1721 multi
2661 1666 2727 1720 ad
2788 1683 2884 1721 vos
2927 1666 3215 1721 accursuri
3270 1665 3401 1730 sint,

124 1738 513 1810 Ἰερουσαλήμ.
544 1759 562 1793 ι
620 1742 901 1812 Τοσαύτην
930 1741 1009 1803 δὲ,
1048 1743 1201 1812 φησὶ,
1246 1742 1344 1812 τὴν
1392 1743 1520 1812 περὶ
1565 1742 1710 1811 ὑμᾶς

1820 1751 2098 1823 Deumque
2138 1772 2223 1811 me
2263 1758 2569 1813 confessuri
2614 1760 2706 1828 qui
2748 1759 2893 1829 apud
2940 1774 3039 1814 vos
3085 1772 3356 1828 agnoscor
3386 1804 3400 1814 .

117 1825 467 1901 ἐπιδείξομαι
501 1832 829 1903 κηδεμονίαν
854 1872 869 1895 ,
921 1832 1067 1886 ὥστε
1112 1833 1207 1887 καὶ
1257 1833 1367 1886 τῶν
1416 1833 1712 1904 ἀλλοτρίων

115 1920 354 1985 πολλοὺς
396 1924 482 1992 ἐφ’
526 1925 669 1994 ὑμᾶς
722 1929 1056 1995 καταφυγεῖν
1080 1965 1097 1987 ,
1150 1925 1285 1978 Θεὸν
1318 1924 1713 1995 ὁμολογοῦντας

113 2016 331 2069 ἑαυτῶν
360 2019 461 2088 ἐμὲ
486 2018 575 2071 τὸν
604 2018 731 2089 παρ’
760 2018 913 2090 ὑμῶν
940 2018 1339 2091 γνωριζόμενον
1356 2038 1369 2051 ·
1405 2020 1453 2073 οἳ
1483 2021 1576 2073 καὶ
1601 2019 1712 2073 τῶν

111 2108 335 2162 οἰκείων
362 2110 697 2173 ἀποστάντες
720 2110 904 2164 τόπων
923 2112 1021 2181 τὴν
1041 2116 1255 2183 οῐκησιν
1276 2113 1591 2183 αἱρήσονται
1611 2111 1713 2183 τὴν

112 2202 170 2252 ἐν
192 2201 278 2253 σοὶ
303 2200 397 2254 διὰ
416 2202 516 2273 τὴν
542 2203 866 2273 κηδεμονίαν
893 2203 991 2274 τὴν
1021 2204 1162 2273 ἐμήν
1181 2220 1194 2233 ·
1221 2203 1345 2257 τότε
1373 2203 1436 2274 δὴ
1469 2203 1705 2273 μάλιστα

111 2289 397 2355 γνώσεσθέ
427 2309 493 2362 με
520 2292 656 2346 θεοῦ
690 2293 882 2365 γνώμη
908 2291 1003 2347 τοῦ
1032 2294 1251 2347 πάντων
1292 2294 1496 2366 Κυρίου
1528 2294 1702 2348 ταῦτα

1812 1842 1929 1907 isti,
1976 1845 2227 1915 inquam,
2282 1864 2311 1902 a
2366 1852 2485 1906 suis
2534 1850 2673 1905 locis
2715 1850 3103 1920 digredientes,
3157 1849 3405 1904 habitare

1815 1937 1959 2003 apud
2006 1949 2058 1992 te
2103 1939 2345 2002 malent,
2400 1941 2763 2010 patrocinium
2806 1956 2985 1996 meum
3029 1941 3401 2010 exquirentes.

1818 2026 1956 2081 Tum
1982 2044 2111 2084 vero
2135 2034 2370 2087 maxime
2398 2048 2493 2087 vos
2522 2033 2872 2103 cognoscetis
2896 2048 2981 2089 me
3022 2032 3118 2088 Dei
3151 2034 3398 2091 omnium

1816 2115 2034 2174 Domini
2070 2120 2351 2176 voluntate
2395 2122 2509 2177 haec
2549 2124 2703 2178 vobis
2738 2123 3021 2188 nuntiare,
3046 2124 3140 2193 qui
3174 2133 3227 2179 et
3251 2123 3406 2179 Iudae

1810 2216 2050 2265 veterem
2096 2221 2256 2268 terrae
2290 2215 2584 2285 assignate
2631 2224 2841 2285 partem
2882 2217 3172 2283 restituet,
3208 2225 3406 2273 totam-

1809 2315 1921 2369 que
1953 2300 2291 2357 llierusalem
2320 2306 2535 2358 cunctis
2568 2305 2906 2375 splendidam
2938 2302 3151 2358 eﬁiciet.

113 2382 244 2451 ὑμῖν
270 2382 790 2455 εὐαγγελιζόμενον,
820 2386 879 2449 ὃς
908 2384 987 2456 τῷ
1018 2403 1078 2438 τε
1121 2386 1291 2457 Ἰούδᾳ
1329 2388 1426 2458 τὴν
1456 2388 1689 2443 παλαιὰν
1728 2389 1877 2462 αὐτῷ
1910 2394 2104 2465 μερίδα
2133 2398 2231 2465 τῆς
2257 2395 2358 2466 γῆς
2381 2396 2672 2463 ἀποδώσει,
2706 2400 2884 2453 πᾶσαν
2910 2398 3007 2470 τὴν
3050 2398 3405 2469 Ἰερουσαλήμ

111 2497 171 2534 τε
199 2483 479 2551 ἀποφανεῖ
506 2482 654 2553 παρά
682 2485 847 2537 πᾶσιν
874 2483 1154 2555 λαμπράν.

182 2576 338 2647 Στίχ.
381 2582 468 2644 ιγ’.
517 2606 587 2616 -
640 2572 773 2630 Εἶτα
833 2575 1144 2639 ἀκολούθως
1202 2578 1395 2646 ἐπάγει
1422 2595 1436 2608 ·
1478 2597 1497 2628 ί
1535 2579 1711 2633 Εὐλα-

113 2666 319 2721 εείσθω
370 2668 518 2720 πᾶσα
563 2667 701 2738 σὰρξ
750 2668 858 2722 ἀπὸ
901 2669 1191 2739 προσώπου
1238 2670 1471 2742 Κυρίου,
1509 2672 1589 2724 ὅτι
1628 2671 1715 2735 ἐξ·

110 2762 417 2831 εγήγερται
461 2760 526 2813 ὲκ
567 2759 806 2829 νεφελῶν
853 2761 1023 2829 ἁγίων
1061 2762 1249 2817 αὐτοῦ.
1289 2782 1307 2814 ι
1355 2764 1517 2817 Ὥστε
1549 2765 1714 2817 πᾶσιν

110 2852 321 2921 ὁμοίως
343 2854 457 2915 τοῖς
488 2869 547 2904 τε
579 2853 799 2917 οἰκείοις
818 2855 912 2907 καὶ
941 2856 1052 2918 τοῖς
1085 2855 1385 2928 ἀλλοτρίοις
1414 2856 1710 2927 ἁρμόττειν

110 2945 421 2999 δεδοικέναι
454 2945 644 2999 λοιπὸν
678 2947 768 3000 τὸν
798 2948 950 3012 Θεὸν,
990 2947 1048 3011 ὃς
1078 2950 1143 3001 ὲκ
1171 2948 1280 3001 τῶν
1312 2949 1597 3020 ὰνωτέρων
1628 2950 1713 3001 τό·

1887 2578 2055 2633 Vsas.
2090 2579 2172 2633 l5.
2206 2609 2273 2620 --
2306 2578 2509 2633 Deinde
2539 2582 2714 2650 pergit
2741 2579 2923 2636 dicere
2950 2601 2962 2635 :
2992 2601 3012 2633 ι
3042 2583 3252 2640 Timent
3284 2589 3404 2639 nni-

1814 2682 1971 2721 vcrsa
2017 2681 2146 2721 caro
2184 2684 2214 2720 a
2260 2666 2402 2722 facie
2451 2667 2692 2734 Domini,
2751 2672 3009 2739 quoniam
3056 2679 3405 2733 consurrexit

1813 2757 1973 2828 305
2024 2757 2092 2812 de
2146 2758 2386 2815 nubibus
2439 2761 2647 2815 sanctis
2701 2763 2839 2819 suis.
2884 2782 2901 2813 ι
2938 2764 3185 2821 (Jun-.tos
3250 2784 3403 2837 aeque

1814 2858 1927 2903 tum
1959 2848 2291 2905 domesticos
2319 2860 2430 2905 tum
2456 2853 2793 2922 alienigenas
2827 2854 3020 2911 timore
3056 2856 3146 2912 Dei
3183 2860 3399 2927 percelli

1816 2938 2075 3009 deinceps
2105 2940 2263 2995 decet
2287 2980 2302 3003 ,
2346 2942 2437 3010 qui
2472 2941 2544 2997 de
2578 2945 2835 3013 superuis
2878 2945 3013 3000 locis
3036 2986 3048 3009 ,
3078 2962 3216 3015 quos
3249 2949 3402 3003 inco-

116 3059 260 3101 πων,
300 3039 397 3103 οὓς
425 3042 595 3094 οἰκεῖν
624 3058 683 3094 τε
712 3040 868 3094 εἴωθε
898 3040 990 3095 καὶ
1016 3042 1204 3109 ἁγίους
1237 3044 1300 3095 ἐκ
1332 3043 1429 3113 τῆς
1453 3044 1710 3115 οἰκήσεως

1822 3030 1932 3085 lere
1981 3032 2141 3094 solet,
2188 3047 2436 3101 quosque
2492 3048 2716 3089 sanetos
2773 3034 3013 3090 incolatu
3071 3053 3172 3091 suo
3215 3038 3399 3103 eﬁicit,

113 3132 506 3186 ἀποδεικνύναι
548 3134 646 3203 τῆς
679 3134 905 3196 οἰκείας,
944 3132 1227 3204 κεκίνηται
1255 3133 1311 3187 δὲ
1340 3134 1431 3186 ἐπὶ
1465 3134 1715 3206 βοήθειαν

112 3225 404 3296 ἡμετέραν
454 3223 657 3288 ὲλθεῖν,
701 3225 887 3279 τοῦτον
917 3224 1197 3294 φοϐεῖσθαι
1238 3226 1402 3279 πᾶσιν
1445 3227 1714 3296 ἁρμόττον

110 3323 228 3382 τοῖς
253 3338 315 3374 τε
345 3321 587 3385 οἰκείοις,
617 3321 692 3384 ὡς
722 3322 787 3374 ἂν
816 3321 893 3393 μὴ
924 3323 1291 3392 παρανομοῖεν
1322 3320 1594 3388 καθάπαξ,
1622 3323 1715 3375 καὶ

112 3418 228 3478 τοῖς
261 3413 564 3483 ἀλλοτρίοις
600 3413 675 3476 ὡς
702 3414 769 3467 ἂν
803 3413 969 3484 μηδὲν
1004 3415 1133 3485 περί
1179 3414 1305 3477 τοὺς
1362 3412 1512 3483 αύτῷ
1546 3431 1715 3484 προσ-

114 3507 359 3577 ήκοντας
389 3507 716 3577 ἐπιχειροῖεν
756 3504 857 3557 ἔτι.
889 3503 1044 3558 Οὕτω
1076 3504 1140 3576 δὴ
1185 3507 1307 3569 ταῖς
1339 3504 1713 3573 ἀποκαλύψεσι

114 3597 349 3659 ταύταις
378 3596 446 3649 τὰ
471 3596 563 3648 ἐπὶ
596 3596 693 3665 τῆς
725 3594 956 3665 πρόσθεν
985 3594 1379 3663 ἀποκαλύψεως
1410 3596 1715 3666 μηνυθέντα

114 3687 454 3759 βεϐαιώσας,
502 3688 582 3743 ὅτι
638 3688 1069 3758 τετιμωρήσεται
1120 3688 1246 3750 τοὺς
1282 3687 1576 3753 ἐναντίους,
1621 3689 1714 3739 καὶ

118 3783 199 3834 δτι
252 3780 541 3851 εὐποιήσει
598 3780 696 3851 τὴν
733 3778 1121 3849 Ἰερουσαλὴμ,
1178 3778 1424 3841 ἅπαντάς
1471 3796 1529 3830 τε
1592 3780 1715 3840 τοὺς

120 3875 505 3943 προσήκοντας
534 3872 671 3940 αὐτῇ
700 3870 808 3923 τῶν
843 3870 1130 3935 Ἰουδαίων,
1168 3872 1252 3939 ἐφ’
1286 3870 1478 3940 ἐτέρας
1510 3870 1716 3922 ἀποκα-

118 3965 311 4033 λύψεις
339 3963 604 4033 τρέπεται
638 3962 779 4033 μάλα
805 3980 868 4031 γε
902 3963 1037 4032 πρὸς
1065 3963 1125 4015 τὸ
1162 3964 1518 4031 προκείμενον
1548 3963 1714 4029 ἀναγ-

121 4056 326 4117 καίας·
384 4054 441 4106 ὲν
487 4051 831 4122 αἰχμαλωσίᾳ
893 4052 991 4122 μὲν
1045 4051 1154 4121 γὰρ
1202 4051 1577 4121 τυγχάνοντες,
1622 4054 1715 4105 καὶ

125 4145 395 4214 βασιλέως
414 4144 703 4215 ἐστέρηντο
732 4143 827 4196 καὶ
848 4142 1058 4214 ἱερέως,
1092 4146 1169 4213 (p.
1204 4144 1327 4211 460)
1360 4142 1395 4196 ἀ
1426 4143 1489 4214 δὴ
1519 4143 1716 4214 κυριώ-

122 4255 257 4290 τατα
283 4236 424 4307 πρὸς
448 4236 548 4305 τὴν
574 4235 668 4287 τοῦ
699 4234 883 4297 ἔθνους
912 4236 1281 4307 συγκράτησιν
1309 4231 1376 4304 ἦν
1396 4250 1410 4265 ο
1446 4235 1539 4287 τοῦ
1570 4235 1716 4304 βασι-

121 4328 255 4391 λέως
295 4327 403 4397 μὲν
447 4324 504 4377 ἐν
554 4342 614 4377 τε
663 4328 775 4388 τοῖς
811 4325 1070 4395 πολέμοις
1122 4327 1215 4379 καὶ
1256 4328 1320 4397 τῇ
1366 4326 1473 4379 τῶν
1512 4324 1713 4379 λοιπῶν

122 4512 317 4581 ἱερέως
352 4510 411 4562 δὲ
442 4509 550 4562 τῶν
582 4527 640 4561 τε
664 4509 898 4580 δεήσεων
926 4509 1143 4562 καὶτῶν
1177 4509 1395 4562 ἱκεσιῶν
1415 4510 1506 4562 καὶ
1537 4510 1718 4579 πάσης

127 4605 191 4673 δὴ
244 4604 345 4673 τῆς
404 4601 524 4671 Θεῷ
564 4602 945 4674 προσηκούσης
988 4599 1307 4671 ἐξάρχοντος
1356 4601 1715 4673 λειτουργίας.

128 4695 312 4766 Ὅπερ
340 4689 438 4747 οὖν
466 4694 560 4746 καὶ
605 4694 633 4745 ὁ
670 4694 955 4764 προφήτης
998 4693 1155 4761 Ὠσηὲ
1184 4692 1485 4763 προλέγων,
1528 4709 1546 4741 ι
1573 4692 1719 4745 Διότι

124 4788 367 4858 ἡμέρας,
408 4804 424 4835 ι
464 4786 619 4853 φησὶ,
650 4804 667 4836 ι
709 4785 909 4847 πολλάς
936 4784 1248 4837 καθίσονται
1275 4785 1325 4836 οἱ
1354 4783 1459 4836 υἱοὶ
1503 4782 1717 4853 Ἰσραὴλ

122 4882 222 4932 οὐκ
244 4881 406 4941 ὄντος
433 4878 715 4948 ἄρχοντος,
735 4876 855 4929 οὐδὲ
882 4874 1045 4945 οὔσης
1071 4875 1280 4938 θυσίας,
1301 4875 1423 4927 οὐδὲ
1448 4874 1597 4938 ὄντος
1631 4874 1722 4927 θυ-

124 4969 477 5041 σιαστηρίου,
497 4968 616 5022 οὐδὲ
653 4969 944 5041 ίερατείας,
977 4968 1095 5020 οὐδὲ
1122 4966 1315 5037 δήλων.
1353 4987 1371 5017 ι
1396 4966 1639 5019 Δεικνύει
1662 4966 1719 5018 δὲ

119 5064 210 5118 διὰ
236 5063 340 5132 τῆς
376 5060 664 5132 παρούσης
708 5059 1103 5127 ἀποκαλύψεως
1134 5060 1164 5110 ὁ
1192 5058 1322 5121 Θεὸς
1356 5058 1432 5127 τῷ
1465 5058 1719 5128 προφήτῃ

120 5154 203 5215 εἰς
232 5151 589 5205 διδασκαλίαν
634 5151 836 5212 παντὸς
878 5149 971 5202 τοῦ
1020 5148 1169 5210 λαοῦ,
1209 5149 1290 5201 ὅτι
1338 5148 1432 5200 καὶ
1477 5146 1653 5200 ταῦτα
1683 5145 1719 5199 ἃ

122 5245 191 5316 δή
224 5244 467 5315 μέγιστὰ
498 5261 557 5296 τε
585 5238 653 5314 ἦν
680 5244 774 5296 καὶ
806 5243 998 5312 πρῶτα
1029 5243 1123 5295 καὶ
1149 5241 1423 5308 ἀναγκαῖα
1456 5239 1590 5311 πρὸς
1618 5238 1719 5310 τὴν

122 5336 218 5388 τοῦ
247 5334 435 5390 κοινοῦ
469 5334 859 5405 συγκράτησιν,
894 5325 1077 5404 ὧνπερ
1104 5332 1195 5385 ἐπὶ
1218 5332 1320 5402 τῆς
1347 5331 1722 5401 αἰχμαλωσίας

1820 3136 1966 3175 nunc
2002 3137 2130 3176 vero
2160 3122 2226 3176 ad
2259 3138 2415 3192 opem
2452 3124 2609 3178 nobis
2636 3125 2913 3181 ferendam
2942 3129 3207 3195 procedit.
3244 3129 3401 3187 llunc

1817 3228 1847 3266 a
1888 3213 2005 3268 suis
2032 3212 2287 3269 omnibus
2315 3214 2489 3269 timeri
2521 3225 2756 3285 Oportet,
2789 3227 2844 3272 ut
2883 3221 3105 3273 cumino
3130 3237 3235 3279 non
3271 3239 3399 3293 pce-

1818 3313 1979 3371 cent;
2028 3306 2098 3360 ab
2145 3306 2474 3377 alienigenis
2542 3318 2745 3375 autem,
2802 3327 2870 3366 ne
2926 3329 3165 3383 unquam
3213 3326 3399 3386 postea

1816 3399 2076 3467 populum
2101 3399 2151 3453 ei
2176 3400 2454 3455 addictum
2484 3402 2679 3457 laedere
2698 3404 2909 3458 ausint.
2942 3405 3031 3460 Sic
3059 3408 3222 3477 igitur
3252 3419 3403 3478 pust-

1812 3503 1979 3557 quam
2030 3489 2115 3543 bis
2176 3491 2623 3555 revelationibus,
2694 3509 2783 3548 res
2842 3496 3025 3566 priore
3072 3500 3402 3554 revelatioue

1817 3581 2106 3651 praedictas
2147 3583 2533 3647 conﬁrmavit,
2590 3602 2785 3657 nempe
2848 3590 2993 3658 quod
3059 3593 3402 3649 adversarios

1814 3674 2026 3742 puniet,
2076 3680 2130 3728 et
2173 3676 2292 3730 urbi
2350 3674 2689 3733 Hierusalem
2738 3680 2873 3734 bene
2923 3683 3106 3747 faciet,
3150 3701 3251 3739 nec
3295 3701 3402 3740 non

1817 3767 2073 3823 omnibus
2115 3768 2166 3819 in
2201 3767 2374 3835 ipsius
2417 3769 2622 3825 ditioue
2650 3770 2888 3837 Iudaeis;
2935 3776 3001 3829 ad
3034 3777 3170 3833 alias
3200 3784 3403 3835 transit

1816 3859 2178 3914 revelationes
2252 3861 2379 3914 huic
2442 3865 2724 3933 proposito
2801 3867 3046 3935 apprime
3108 3886 3396 3941 congruas.

1817 3948 2030 4005 Etenim
2070 3952 2121 4005 in
2162 3955 2479 4022 captivitate
2524 3965 2827 4021 versantes,
2874 3974 2999 4028 rege
3046 3962 3308 4016 carebant
3337 3980 3400 4017 ac

1818 4043 2118 4105 sacerdote,
2148 4046 2239 4113 qui
2267 4045 2427 4099 ambo
2459 4048 2690 4101 maxime
2713 4048 2776 4101 ad
2814 4052 3025 4104 lirmam
3056 4054 3234 4122 gentis
3270 4069 3403 4108 con-

1817 4136 2153 4189 mitutionem
2182 4138 2477 4190 necessarii
2514 4149 2702 4194 erant:
2736 4149 2795 4194 ut
2820 4158 2912 4196 rex
2954 4146 3214 4200 nimirum
3245 4142 3401 4202 bellis

1817 4227 2071 4294 gerendis
2102 4229 2436 4298 reliquisque
2471 4233 2621 4300 regni
2660 4235 2851 4288 usibus
2873 4239 3239 4307 exsequendis
3274 4255 3403 4309 opr-

1818 4333 1931 4371 ram
1984 4336 2139 4373 suam
2195 4329 2438 4387 navarct,
2497 4325 2753 4380 sacerdos
2808 4336 2987 4381 autem
3037 4332 3292 4399 precibus
3350 4344 3402 4386 et

124 4420 395 4490 διοικήσει
440 4418 537 4488 τὴν
571 4416 759 4486 χρείαν
796 4417 1169 4487 παρεχομένου
1201 4418 1301 4487 τὴν
1335 4417 1564 4483 οἰκείαν,
1618 4415 1710 4469 τοῦ

1820 4411 2343 4479 supplicationibus,
2384 4422 2437 4467 et
2467 4416 2736 4469 universm
2769 4417 2878 4471 Deo
2922 4396 3119 4473 debita)
3168 4422 3401 4490 liturgize

1820 4513 2092 4572 prmessct.
2156 4503 2310 4569 Quod
2378 4503 2549 4561 Oscas
2605 4524 2821 4576 quoque
2886 4511 3145 4578 propheta
3204 4513 3398 4580 pradi-

1820 4611 1951 4650 cens
1978 4637 1992 4658 ,
2027 4615 2044 4645 ι
2080 4594 2217 4660 Quia
2256 4597 2373 4651 dies
2406 4598 2627 4660 multos,
2667 4618 2684 4649 ι
2725 4599 2919 4668 inquit,
2958 4619 2975 4651 ι
3012 4601 3275 4655 sedebuut
3308 4604 3402 4656 lilii

1822 4686 2039 4742 lsraelis
2086 4689 2206 4742 sine
2246 4689 2512 4758 principe,
2559 4691 2678 4744 sine
2725 4692 3016 4758 sacriﬁcio,
3064 4693 3182 4748 sine
3216 4695 3399 4758 uitari,

1822 4784 1941 4833 sine
1970 4780 2187 4833 vatibus
2211 4782 2278 4832 ⁵⁷.
2297 4803 2311 4831 ι
2344 4781 2618 4836 Pncsente
2646 4797 2776 4836 vero
2806 4784 3132 4839 revelatione
3161 4787 3403 4841 ostendit

1823 4872 2099 4941 propheta:
2142 4872 2282 4926 Deus
2330 4874 2395 4925 ad
2431 4874 2597 4926 totius
2632 4875 2813 4943 populi
2863 4876 3249 4939 eruditionem,
3288 4878 3403 4932 fore

1825 4971 1882 5015 ut
1937 4963 2051 5017 haec
2102 4962 2216 5032 ipsa
2270 4979 2390 5034 quie
2449 4965 2512 5017 ad
2558 4967 2943 5020 continendam
3007 4969 3399 5039 rempublicam

1822 5056 2057 5109 maxima
2105 5064 2325 5109 suntet
2375 5060 2547 5124 prima
2599 5073 2663 5112 ac
2712 5059 3047 5123 necessaria,
3097 5062 3296 5130 quibus
3348 5064 3401 5116 in

1827 5148 2142 5216 captivitate
2190 5150 2469 5213 carebant,
2506 5149 2640 5217 ipsis
2672 5165 2699 5203 a
2746 5149 2856 5205 Deo
2897 5151 3195 5206 reddantur
3232 5171 3243 5184 ·
3277 5156 3403 5223 quia

1829 5239 1960 5292 urbs
2000 5236 2255 5289 nimirum
2307 5252 2431 5290 cum
2474 5247 2633 5307 gente
2682 5254 2897 5294 omnem
2946 5252 3198 5295 ornath
3246 5259 3404 5297 suum

1832 5341 2112 5398 rcrepzura
2148 5336 2284 5382 crat.
2325 5329 2414 5382 Sic
2438 5346 2565 5399 ergo
2600 5332 2673 5383 ait
2709 5349 2719 5383 :

126 5428 274 5493 εἰκὸς
316 5428 633 5497 ἐστέρηντο,
669 5428 1060 5500 ἀποδοθήσεται
1098 5428 1190 5481 νῦν
1228 5428 1409 5490 αὐτοῖς
1452 5428 1598 5496 παρὰ
1630 5426 1722 5480 τοῦ
1762 5426 1919 5488 Θεοῦ,
1963 5425 2056 5478 ἆτε
2088 5426 2185 5484 τῆς
2220 5426 2427 5489 πόλεως
2475 5427 2567 5481 σὺν
2614 5426 2690 5498 τῷ
2726 5428 2867 5483 ἔθνει
2910 5432 3091 5488 πᾶσαν
3127 5433 3226 5501 τὴν
3253 5432 3408 5485 εὐκο-

125 5520 298 5587 σμίαν
325 5518 738 5590 ἀπολαμϐάνειν
772 5518 1068 5590 μελλούσης
1106 5520 1203 5591 τὴν
1236 5518 1458 5573 οἰκείαν.
1496 5518 1655 5588 Λέγει
1689 5518 1863 5573 τοίνυν
1891 5516 2082 5581 οὕτως’

203 5701 247 5733 ⁸⁷
286 5700 417 5756 Ose.
476 5715 558 5762 ιιι,
601 5702 655 5755 4.

462 5794 736 5853 Parnm“
764 5792 878 5853 Gn.
926 5789 1139 5878 LXVI.

2993 5799 3085 5857 17.
