3830 6216
463 256 570 316 ὗῖδ

1104 371 1256 427 CAP.
1300 372 1386 425 lil.

535 472 700 526 Vens.
740 470 846 524 1-5.
869 498 937 510 -—-
971 485 988 518 ι
1032 464 1096 519 Et
1122 464 1367 520 ostendit
1403 461 1533 516 mihi
1566 460 1830 514 Domi-nus
1854 457 2042 514 Iesum

461 563 802 621 sacerdotem
859 574 1136 630 magnum,
1190 564 1424 612 stantem
1466 564 1595 610 ante
1632 554 1826 608 faciem
1867 552 2041 623 angeli

464 653 704 715 Domini,
735 662 788 707 et
819 651 1073 706 diabolus
1106 649 1290 703 stabat
1319 663 1348 700 a
1373 647 1580 702 dextris
1611 647 1754 718 ejus,
1780 654 1838 700 ut
1861 645 2044 698 adver-

463 755 679 800 saretur
723 744 792 796 ei.
847 741 910 795 Et
948 741 1085 795 divit
1128 739 1391 793 Dominus
1442 739 1606 809 306
1649 738 1867 791 diabolo
1906 756 1917 789 :
1962 736 2043 789 In-

462 845 646 907 crepet
676 834 937 888 Dominus
962 840 1034 898 te,
1067 831 1312 896 diabole;
1347 839 1399 885 et
1421 832 1664 898 increpet
1701 839 1751 882 te
1778 827 2044 882 Dominus

461 929 556 998 qui
604 927 766 994 elegit
803 923 1165 978 Hierusalem.
1221 921 1409 977 Nonne
1458 938 1585 976 ecce
1634 923 1733 975 hoc
1773 930 1828 973 ut
1879 921 2044 974 torris

461 1031 650 1074 erutus
682 1018 748 1072 de
775 1019 896 1086 igne
924 1015 1046 1070 est?
1093 1014 1158 1067 Et
1186 1012 1348 1068 Jesus
1387 1012 1614 1067 indutus
1647 1017 1766 1066 erat
1798 1012 2044 1064 vestibus

463 1110 738 1175 sordidis,
789 1119 841 1163 et
872 1109 1051 1164 stabat
1084 1114 1212 1161 ante
1247 1106 1442 1160 faciem
1484 1105 1681 1173 angeli.
1717 1103 2042 1172 Respondit-

461 1222 591 1276 que,
632 1212 686 1258 et
716 1203 792 1256 ait
841 1201 1190 1254 adstantibus
1235 1213 1418 1252 coram
1473 1196 1610 1250 faeie
1656 1210 1753 1250 sua
1801 1195 1991 1248 dicens
2028 1213 2039 1248 :

461 1298 686 1351 Auferte
737 1294 1060 1350 vestimenta
1109 1291 1331 1346 sordida
1386 1290 1455 1343 ab
1503 1304 1589 1343 eo.
1640 1287 1895 1356 Dixitque
1939 1287 2040 1340 ci:

464 1389 605 1444 Ecce
640 1387 836 1443 abstuli
881 1384 1198 1453 iniquitates
1233 1391 1388 1448 tuas;
1426 1390 1480 1435 ct
1528 1378 1736 1434 induite
1779 1394 1904 1432 eum
1951 1393 2046 1447 po-

463 1484 593 1537 dere
616 1524 630 1548 ,
663 1489 716 1534 et
763 1479 1022 1548 imponite
1067 1477 1284 1530 mitram
1317 1490 1379 1529 ac
1403 1473 1630 1528 cidarim
1661 1471 1917 1526 mundam
1951 1486 2045 1525 su-

455 1591 558 1645 per
591 1581 755 1643 caput
787 1572 929 1640 ejus.
974 1569 1037 1622 Et
1072 1568 1537 1637 circumjecerunt
1575 1567 1624 1620 ei
1666 1564 1990 1619 vestimenta
2027 1579 2038 1612 :

458 1676 516 1722 et
543 1667 922 1735 imposuerunt
953 1663 1168 1714 mitram
1213 1675 1277 1713 ac
1316 1658 1545 1712 cidarim
1588 1657 1845 1711 mundam
1877 1670 2042 1724 super

1668 247 2018 304 THEODORI
2047 243 2528 302 MOPSUESTENI
3623 245 3712 300 ait

2810 363 2966 415 ΚΕΦ.
3009 363 3081 415 Γ’.

2217 455 2363 525 Στίχ.
2398 461 2535 509 αι’-ε’.
2581 483 2638 492 —-
2672 473 2689 504 t
2718 455 2823 507 Καὶ
2845 455 3012 520 ἓδειξέ
3051 472 3138 523 μοι
3167 455 3370 524 Κύριος
3402 454 3492 506 τὸν
3524 455 3716 525 Ἰησοῦ)

2145 550 2234 602 τὸν
2267 548 2416 619 ἱερέα
2447 547 2537 599 τὸν
2577 547 2747 614 μέγαν
2792 547 3001 598 ἑστῶτα
3033 546 3139 616 πρὸ
3172 544 3462 614 προσώπου
3497 545 3716 612 ἀγγέλου

2146 638 2352 708 Κυρίου
2372 655 2384 667 ·
2420 637 2515 690 καλ⁸
2544 638 2572 688 ὁ
2600 634 2842 698 διάϐολος
2870 636 3110 702 εἱστήκει
3141 635 3203 685 ἐκ
3231 633 3419 696 δεξιῶν
3445 632 3607 686 αὑτοῦ
3633 633 3716 686 τοῦ

2144 728 2483 782 ἀντικεῖσθαι
2523 726 2671 796 αύτῷ
2692 741 2706 754 ⁸
2748 727 2840 779 καὶ
2881 723 3000 780 εἷπε
3032 726 3232 796 Κύριος
3269 725 3399 795 πρὸς
3427 725 3516 776 τὸν
3549 725 3715 778 διάϐο-

2146 823 2237 874 λον
2261 839 2273 851 ⁸
2329 820 2682 889 Ἐπιτιμήσαι
2711 817 2916 888 Κύριος
2942 817 3001 867 ἐν
3030 817 3133 878 σοὶ,
3166 814 3399 878 διάϐολε,
3435 816 3529 868 καὶ
3561 817 3719 867 ἐπιτε-

2148 916 2315 983 μήσαι
2343 912 2544 980 Κύριος
2575 912 2631 961 ὲν
2664 911 2744 961 σοὶ
2772 912 2800 961 ὁ
2827 907 3185 978 ἐκλεξάμενος
3214 907 3311 978 τὴν
3352 905 3714 976 Ἰερουσαλήμ.

2146 1003 2259 1054 υύκ
2287 1002 2391 1055 ἰδοὺ
2427 1001 2584 1053 τοῦτο
2615 1001 2689 1061 ώς
2731 998 2886 1060 δαλὸς
2927 997 3326 1068 ἐξεσπασμένος
3356 1000 3496 1050 κατά
3528 999 3718 1069 πυρός

2146 1094 2254 1145 Καὶ
2294 1091 2500 1162 Ἰησοῦς
2533 1086 2601 1161 ἦν
2647 1089 2994 1158 ἐνδεδυμένος
3029 1090 3219 1158 ἱμάτια
3258 1089 3496 1160 ῥυπαρὰ,
3532 1091 3624 1141 καὶ
3656 1092 3722 1140 εἱ-

2148 1185 2332 1254 στήκει
2381 1184 2486 1251 πρὸ
2528 1181 2821 1254 προσώπου
2869 1181 2961 1234 τοῦ
2996 1180 3229 1248 ἀγγέλου
3257 1196 3270 1209 ·
3324 1181 3414 1232 καὶ
3461 1180 3721 1250 ἀπεκρίθη

2146 1277 2239 1328 καὶ
2264 1271 2382 1327 εἷπε
2417 1275 2551 1346 πρὸς
2596 1275 2722 1336 τοὺς
2753 1274 3051 1343 ἑστηκότας
3097 1272 3202 1339 πρὸ
3245 1271 3538 1338 προσώπου
3572 1271 3722 1324 αὑτοῦ

2146 1364 2324 1430 λέγων
2353 1383 2365 1397 ·
2409 1373 2485 1432 (p.
2508 1363 2634 1432 461)
2689 1363 2938 1430 Ἀφέλετε
2966 1363 3035 1414 τὰ
3071 1362 3261 1432 ἱμάτια
3292 1361 3361 1414 τὰ
3399 1360 3618 1431 ῥυπαρὰ
3641 1360 3722 1412 ἀπ’

2097 1487 2102 1492 ·
2145 1459 2308 1512 αὑτοῦ
2325 1476 2338 1488 ·
2358 1461 2452 1512 καὶ
2468 1457 2585 1512 εἷπε
2605 1458 2738 1528 πρὸς
2757 1458 2938 1514 αὑτὸν.
2958 1455 3088 1508 Ἰδοὺ
3113 1454 3373 1525 ἀφῄρηκα
3392 1453 3498 1506 ἀπὸ
3520 1451 3614 1505 σοῦ
3635 1453 3723 1513 τὰς

2157 1552 2389 1620 ἀνομίας
2422 1567 2514 1603 σου
2535 1568 2548 1580 °
2597 1552 2689 1603 καὶ
2723 1549 2976 1602 ἐνδύσατε
3018 1547 3180 1600 αὑτὸν
3217 1547 3447 1616 ποδήρη,
3488 1545 3583 1598 καὶ
3616 1545 3726 1597 ἐπί-

2145 1644 2266 1696 θετε
2321 1643 2514 1714 μίτραν
2558 1644 2651 1697 καὶ
2686 1643 2897 1712 κίδαριν
2945 1639 3192 1708 καθαράν
3224 1639 3314 1691 ἐπὶ
3361 1639 3459 1708 τὴν
3492 1638 3726 1707 κεφαλήν
3794 1697 3795 1728 ἦ

463 1725 638 1826 caput
669 1754 808 1822 ejus.
849 1771 869 1803 ι
919 1749 1246 1805 Necessario
1302 1747 1596 1803 sacerdotii
1639 1747 2042 1805 restitutionem

2152 1733 2313 1789 αὑτοῦ
2336 1753 2348 1766 ·
2401 1737 2496 1788 καὶ
2535 1734 2856 1806 περιέϐαλον
2894 1733 3054 1785 αὑτὸν
3091 1731 3302 1802 ἱμάτια,
3334 1732 3427 1783 καὶ
3457 1730 3725 1800 ἐπέθηκαν

454 1846 520 1900 ’ἰη
551 1843 854 1901 sacerdotis
891 1856 1123 1911 persona
1167 1840 1346 1905 videt;
1384 1855 1559 1908 neque
1611 1840 1756 1893 enim
1789 1838 2046 1893 sacerdo-

465 1937 600 1990 tium
642 1949 737 2004 per
764 1949 823 1989 se
868 1931 1082 1986 visibile
1111 1939 1215 1996 est,
1247 1934 1338 1986 sed
1400 1930 1453 1982 in
1497 1929 1564 1982 iis
1601 1936 1812 1982 tantum
1844 1928 2046 1998 quibus

461 2026 603 2081 illud
647 2038 837 2096 gerere
871 2021 1228 2078 commissum
1256 2028 1360 2074 est.
1415 2017 1571 2074 Videt
1591 2034 1721 2087 ergo
1745 2016 1931 2073 Jesum
1963 2032 2048 2072 sa-
2096 2050 2108 2060 -

452 2117 737 2174 cerdotcm
771 2129 1028 2185 magnum
1077 2113 1263 2184 (porro
1297 2126 1555 2182 magnum
1597 2110 1732 2164 dicit
1766 2111 1917 2164 illum
1953 2109 2046 2179 qui

455 2208 834 2266 successionis
905 2206 1080 2275 jure,
1162 2204 1526 2259 ministerium
1599 2203 1799 2256 Aaroui
1894 2203 2048 2255 attri-

465 2304 653 2357 butttm
713 2300 964 2370 gerebat)
1015 2297 1207 2368 angelo
1258 2303 1559 2361 astantem,
1613 2295 1870 2364 quoniam
1929 2309 2046 2346 om-

452 2395 616 2448 nium
661 2393 943 2448 hominum
985 2390 1194 2460 angelis
1234 2403 1365 2443 cura
1415 2387 1706 2441 commissa
1738 2392 1858 2451 est;
1906 2384 2049 2439 sicut

465 2492 630 2543 etiam
665 2485 932 2540 Dominus
963 2483 1017 2536 in
1053 2481 1362 2550 Evangeliis
1397 2480 1472 2534 ait
1516 2497 1527 2532 :
1572 2497 1590 2530 t
1627 2479 1817 2548 Angcli
1855 2493 2043 2534 eorum

465 2592 681 2647 semper
739 2576 925 2628 vident
969 2573 1163 2628 faciem
1235 2574 1408 2626 Patris
1475 2572 1578 2626 mei
1632 2573 1724 2641 qui
1784 2574 1840 2626 in
1889 2571 2047 2626 cmlis

460 2679 550 2726 est
581 2670 649 2722 ³⁸.
690 2687 708 2720 ι
742 2666 880 2720 Tum
911 2674 964 2720 et
1003 2665 1058 2719 in
1091 2662 1316 2718 Act-ibus
1335 2661 1624 2717 beatorum
1649 2664 2044 2732 apostolorum,

467 2781 489 2813 ι
535 2759 776 2831 Angelus
805 2759 923 2827 ejus
948 2767 1052 2816 ρει,
1090 2774 1108 2805 ι
1138 2754 1206 2808 de
1242 2755 1397 2808 beato
1437 2754 1594 2807 Petro
1623 2753 1876 2808 dixerunt
1918 2754 2043 2823 quis

465 2857 611 2910 dam.
674 2850 999 2906 Necessario
1045 2855 1224 2901 autem
1277 2847 1363 2900 hic
1414 2846 1576 2900 etiam
1616 2861 1801 2900 coram
1855 2849 2046 2917 angeln

467 2946 778 3002 consistens
817 2946 1041 3013 apparet
1063 2979 1075 3003 ,
1109 2939 1161 2993 id
1189 2947 1274 2993 est
1298 2952 1484 2992 coram
1521 2938 1612 2991 illo
1641 2937 1729 2992 cui
1763 2939 2045 2994 curandus

454 3053 500 3094 -a
546 3036 730 3092 divina
778 3033 1057 3088 voluntate
1095 3029 1424 3084 commissus
1459 3027 1656 3084 fuerat.
1683 3029 1875 3083 Stabat
1915 3030 2041 3084 item

471 3129 719 3184 {tabolus
759 3126 1054 3180 adversans
1101 3122 1150 3176 ei
1175 3162 1190 3183 ,
1235 3121 1394 3190 cujus
1432 3123 1708 3190 negotium
1741 3129 1827 3176 est
1865 3121 2044 3175 homi-

472 3233 600 3274 num
638 3218 780 3272 bono
815 3213 1114 3268 adversari.
1164 3211 1260 3264 llic
1289 3251 1303 3274 ,
1344 3211 1560 3282 inquit,
1593 3225 1789 3266 nocere
1822 3212 1900 3264 illi
1935 3221 2046 3265 tota

455 3322 636 3380 opera
662 3307 959 3377 satagebat,
981 3304 1126 3358 omni
1163 3303 1404 3373 legitimo
1429 3302 1733 3357 ministerio
1751 3305 2040 3372 repellens,

469 3398 615 3470 quod
659 3397 900 3466 alio.juin
939 3397 992 3449 in
1035 3396 1347 3464 captivitate
1382 3408 1639 3463 peragere
1684 3408 1792 3447 non
1826 3394 2042 3448 licebat.

473 3489 612 3543 Dicit
649 3497 826 3542 autem
870 3486 1015 3540 hunc
1051 3500 1079 3537 a
1118 3483 1225 3536 Deo
1266 3483 1610 3552 increpitmn,
1643 3483 1736 3553 qui
1787 3482 2045 3539 Hierusa-

472 3578 576 3630 lem
610 3574 956 3646 peculiariter
989 3571 1093 3627 sibi
1137 3571 1404 3625 ascivcrat
1439 3589 1451 3624 :
1491 3580 1652 3640 atque
1692 3572 1765 3624 ita
1804 3573 2047 3627 ostendit

469 3664 805 3720 diabolicum
834 3676 1050 3716 omnem
1086 3668 1343 3714 conatum
1382 3659 1473 3712 Dei
1504 3661 1842 3728 protectione
1883 3660 2053 3715 fuisse

467 3765 878 3822 compressum;
924 3750 1016 3818 qui
1063 3758 1344 3817 postquam
1385 3747 1488 3800 sibi
1543 3749 1818 3817 propriam
1855 3746 2053 3804 Hieru-

470 3840 639 3896 salem
688 3838 1107 3902 vindicaverat,
1171 3835 1486 3889 necessario
1550 3835 1713 3888 etiam
1776 3839 2046 3890 sacerdoti

469 3927 750 3996 dignitatis
776 3941 888 3980 suae
915 3923 1083 3977 decus
1111 3922 1363 3976 reddidit.

2154 1829 2349 1898 μίτραν
2373 1828 2467 1881 καὶ
2492 1827 2704 1897 κίδαριν
2735 1823 2979 1894 καθαρὰν
3004 1825 3096 1876 ἐπὶ
3120 1822 3216 1894 τὴν
3239 1821 3480 1892 κεφαλήν
3502 1821 3688 1873 αὐτοῦ.
3706 1840 3722 1872 ι

2163 1918 2500 1986 Ἀναγκαίως
2551 1916 2614 1986 δὴ
2663 1917 2760 1986 τῆς
2806 1913 3102 1986 ἱερωσύνης
3144 1913 3241 1984 τὴν
3283 1913 3726 1966 ἀποκατάστασιν

2149 2008 2242 2061 ὲπὶ
2268 2007 2363 2060 τοῦ
2396 2007 2689 2078 προσώπου
2727 2004 2821 2059 τοῦ
2854 2004 3040 2075 ἱερέως
3058 2005 3180 2074 ὁρᾷ.
3210 2001 3303 2055 διτε
3335 2003 3427 2054 καὶ
3463 2003 3561 2071 τῆς
3590 2003 3726 2072 ἱερω-

2153 2099 2318 2169 σύνης
2351 2100 2411 2150 ού
2444 2098 2563 2150 καθ’
2597 2099 2766 2166 αὐτὴν
2791 2095 3142 2165 φαινομένης,
3167 2093 3280 2146 ἀλλ’
3312 2095 3405 2146 ἐπὶ
3434 2095 3542 2146 τῶν
3580 2110 3727 2163 μετα-

2149 2187 2484 2260 χειρίζεσθαι
2518 2187 2864 2258 τεταγμένων
2904 2185 3093 2255 αὐτήν.
3151 2184 3283 2254 Ὁρᾷ
3308 2183 3487 2236 τοίνυν
3527 2182 3724 2252 Ἰησοῦν

2147 2280 2239 2332 τὸν
2268 2280 2417 2350 ἱερέα
2452 2278 2540 2331 τὸν
2579 2280 2772 2348 μέγαν,
2799 2276 2974 2348 μέγαν
3015 2277 3070 2329 δὲ
3103 2275 3248 2343 λέγει
3272 2274 3363 2326 τὸν
3390 2273 3532 2327 κατά
3563 2274 3725 2327 διαδο-

2150 2371 2250 2442 χήν
2285 2373 2384 2442 τήν
2424 2370 2500 2440 τῷ
2566 2368 2775 2439 Ἀαρὼν
2827 2370 3208 2439 προσήκουσαν
3257 2366 3581 2420 ἐκτελοῦντα
3623 2365 3724 2417 λει-

2148 2461 2430 2530 τουργίαν,
2463 2461 2597 2531 πρὸς
2628 2459 2856 2528 ἀγγέλου
2891 2460 2988 2529 μὲν
3022 2457 3254 2524 ἑστῶτα,
3288 2457 3476 2528 ἐπειδὴ
3515 2458 3721 2510 πάντων

2153 2554 2252 2624 μὲν
2285 2551 2587 2624 ἀνθρώπων
2633 2553 2851 2621 ἄγγελοι
2883 2553 2983 2622 τὴν
3031 2551 3348 2605 ἐπιστασίαν
3384 2553 3523 2602 εἱσὶν
3553 2552 3715 2603 ἐπιτε-

2149 2643 2453 2714 τραμμένοι
2485 2643 2626 2713 (65)·
2682 2644 2864 2706 καθὼς
2901 2644 2929 2696 ὅ
2972 2660 3031 2696 τε
3072 2643 3277 2714 Κύριος
3321 2645 3379 2695 ἐν
3411 2646 3524 2706 τοῖς
3556 2644 3724 2710 Εὐαγ-

2149 2736 2347 2804 γελίοις
2395 2736 2558 2806 φησίν
2581 2753 2594 2769 ο
2648 2755 2666 2786 ‹
2697 2738 2757 2789 Οἱ
2789 2735 3010 2804 ἄγγελοι
3046 2735 3222 2788 αὐτῶν
3263 2735 3348 2788 διὰ
3383 2737 3587 2799 παντὸς
3619 2734 3726 2804 βλέ-

2151 2845 2309 2880 πουσι
2347 2828 2406 2880 τὸ
2438 2828 2726 2900 πρόσωπον
2766 2828 2858 2880 τοῦ
2907 2827 3120 2897 Πατρός
3165 2844 3266 2896 μου
3299 2827 3392 2880 τοῦ
3422 2830 3482 2880 ἐν
3514 2831 3626 2890 τοῖς
3649 2828 3727 2880 ού-

2152 2922 2363 2990 ρανοῖς·
2398 2940 2414 2971 i
2472 2919 2528 2972 έν
2577 2936 2634 2972 τε
2678 2922 2798 2982 ταῖς
2845 2918 3085 2990 Πράξεσι
3124 2919 3230 2971 τῶν
3281 2919 3573 2989 μακαρίων
3603 2920 3726 2972 ἀπο-

2152 3011 2372 3075 στόλων,
2407 3014 2488 3065 ὄτι
2543 3032 2559 3062 t
2593 3011 2854 3078 ΙἈγγελος
2896 3010 3062 3063 αὐτοῦ
3099 3013 3233 3074 ἐστι,
3266 3029 3283 3060 ι
3341 3011 3470 3080 περὶ
3501 3009 3597 3063 τοῦ
3630 3027 3725 3079 p.1-

2151 3106 2337 3176 καρίου
2369 3105 2612 3172 λέγοντες
2660 3103 2889 3175 Πέτρου.
2956 3103 3291 3171 Ἀναγκαίως
3333 3103 3390 3156 δὲ
3441 3104 3543 3157 καὶ
3585 3098 3724 3164 οὗτος

2143 3196 2250 3266 πρὸ
2301 3194 2592 3266 προσώπου
2635 3195 2881 3264 φαίνεται
2922 3195 3179 3262 ἀγγέλου,
3231 3193 3480 3246 τουτέστι
3516 3193 3610 3246 τοῦ
3639 3193 3727 3262 τήν

2145 3286 2467 3355 κηδεμονίαν
2501 3283 2664 3339 αὑτοῦ
2707 3285 2846 3338 κατά
2888 3284 3037 3338 θείαν
3085 3283 3569 3354 ὲπιτετραμμένου
3615 3283 3726 3352 βου-

2143 3378 2240 3446 λήν
2261 3395 2272 3408 ·
2315 3381 2554 3448 εἱστήκει
2587 3379 2641 3430 δὲ
2677 3378 2772 3432 καὶ
2805 3380 2832 3430 ὁ
2864 3376 3108 3438 διάϐολος
3137 3375 3228 3428 τοῦ
3265 3376 3614 3429 ἀντικεῖσθαι
3639 3375 3728 3428 αύ-

2144 3471 2241 3540 τῷ,
2265 3472 2400 3541 ὅπερ
2422 3471 2533 3540 (6i)
2566 3471 2723 3542 ἔργον
2746 3471 3126 3540 ἀντιπράττειν
3155 3470 3266 3532 τοῖς
3289 3467 3397 3521 τῶν
3429 3467 3531 3520 ἀνθ
3543 3465 3725 3538 ρώπων

2153 3561 2392 3628 ἀγαθοῖς.
2442 3556 2606 3624 Οὗτος
2634 3561 2717 3631 δὴ,
2756 3560 2909 3630 φησὶ,
2936 3561 3030 3612 καὶ
3066 3559 3186 3611 τότε
3224 3556 3562 3630 ἐπηρεάζειν
3591 3555 3726 3624 αὐτῷ

2153 3654 2332 3705 πᾶσαν
2363 3651 2506 3722 εἶχεν
2538 3653 2792 3723 σπουδὴν,
2819 3651 3034 3717 ὲξωθῶν
3067 3651 3226 3703 αὐτὸν
3251 3650 3350 3715 τῆς
3389 3649 3728 3718 τεταγμένης

2149 3743 2299 3814 αὐτῷ
2330 3742 2688 3809 λειτουργίας,
2711 3741 2852 3812 (462)
2870 3743 2934 3812 ἢν
2949 3741 3067 3794 οὐδὲ
3085 3738 3324 3793 ἐκτελεῖν
3335 3736 3500 3791 αὑτὸν
3517 3739 3615 3793 ἐπὶ
3636 3736 3726 3804 τῆς

2149 3831 2523 3903 αἰχμαλωσίας
2569 3826 2678 3882 οἷον
2718 3847 2774 3882 τε
2805 3825 2891 3899 ἦν.
2946 3830 3106 3897 Λέγει
3145 3829 3207 3900 δὴ
3256 3828 3430 3898 τούτῳ
3475 3829 3570 3880 τὸν
3604 3827 3726 3879 Θεὸν

2145 3923 2464 3994 ἐπιτιμῆσαι
2494 3925 2585 3975 τὸν
2617 3924 2715 3994 τὴν
2749 3922 3099 3994 Ἰερουσαλὴμ
3143 3920 3528 3990 ἐκλεξάμενον,
3565 3920 3639 3982 ὡς
3668 3918 3726 3970 Ξιν

471 4020 624 4087 γνοίη
669 4021 848 4071 πᾶσαν
878 4018 975 4087 τὴν
1002 4017 1313 4068 ἀντίστασιν
1340 4016 1436 4085 τήν
1465 4015 1773 4086 διαϐολικὴν
1798 4017 1902 4072 ὑπὸ
1944 4016 2042 4086 τῆς
2069 4017 2161 4070 τοῦ
2197 4017 2332 4070 Θεοῦ
2364 4018 2717 4088 πεπαυμένην
2753 4017 3109 4086 κηδεμονίας·
3152 4016 3210 4079 ὃς
3235 4015 3334 4085 τήν
3371 4013 3726 4085 Ἰερουσαλὴμ

471 4109 858 4177 ἐκλεξάμενος,
897 4105 1208 4167 ἀναγκαίως
1233 4105 1327 4157 καὶ
1352 4105 1523 4174 τούτῳ
1548 4107 1645 4176 τῆς
1671 4108 1969 4177 ἱερωσύνης
2001 4108 2291 4160 ἀποδίδωσι
2322 4109 2416 4178 τὴν
2453 4108 2802 4180 εὐπρέπειαν.

541 4203 698 4272 307
723 4200 840 4254 Jam
875 4196 1092 4252 γει-ιαμ
1117 4205 1369 4263 tanquam
1387 4196 1551 4250 torris
1567 4196 1771 4268 deigne
1783 4207 1990 4265 erutus,
2012 4223 2028 4254 ι
2081 4206 2122 4259 D

473 4295 808 4364 significant,
867 4293 1007 4358 quod
1053 4291 1162 4343 Ceu
1212 4294 1258 4342 si
1320 4290 1446 4357 quis
1496 4290 1704 4361 lignum
1752 4308 1879 4346 mox
1917 4293 2042 4363 igne

469 4383 934 4446 consumendum,
987 4387 1300 4433 extractum
1356 4388 1537 4434 servet
1592 4383 1898 4440 incolume:
1968 4385 2042 4437 ita

472 4477 616 4531 Deus
671 4477 820 4530 hunc
867 4473 1230 4537 sacerdotem,
1295 4472 1417 4542 igne
1454 4474 1622 4528 veluti
1696 4477 2037 4545 captivitatis

469 4577 784 4640 correptum
816 4575 868 4622 et
898 4582 1019 4619 mox
1054 4566 1306 4620 comburi
1359 4567 1788 4634 periclitantem,
1833 4569 1951 4623 erui
1983 4575 2038 4622 et

469 4661 796 4730 urgentibus
854 4658 1015 4710 malis
1065 4655 1329 4710 subduxi.
1381 4655 1612 4709 lndutus
1681 4672 1845 4726 porro
1919 4666 2038 4712 erat

467 4752 814 4808 vestimentis
847 4735 1088 4804 sordidis
1127 4747 1313 4811 Jesus,
1345 4762 1444 4816 pro
1489 4763 1555 4801 eo
1589 4764 1652 4801 ac
1687 4750 1836 4803 dicat
1885 4752 2038 4805 illttm

467 4843 804 4913 captivitatis
847 4843 996 4896 luctu
1034 4841 1293 4895 obrutum
1331 4840 1408 4910 (in
1445 4855 1556 4907 quo
1595 4856 1826 4896 versans
1875 4851 2034 4897 extra

465 4935 695 4989 omnino
727 4933 968 4987 divinam
1016 4931 1296 5002 liturgiam
1331 4940 1472 4994 erat,
1521 4939 1576 4985 et
1612 4933 1763 5002 gravi
1807 4935 2038 4987 servitio

465 5024 763 5094 addictus),
801 5021 974 5086 illum,
1000 5024 1440 5096 inquam,juberi
1474 5039 1504 5077 a
1528 5023 1638 5079 Deo
1666 5027 1926 5082 sordibus
1963 5029 2033 5082 iis

467 5113 691 5182 spoliari
745 5114 1078 5166 adstantium
1140 5130 1329 5176 manu,
1390 5115 1442 5167 id
1495 5123 1579 5170 est
1640 5116 2032 5188 liturgicarum

464 5205 728 5256 virtutum
760 5218 961 5273 opera;
1018 5219 1137 5272 qute
1164 5204 1361 5258 divinae
1403 5205 1672 5260 voluntati
1722 5209 2044 5278 obsequen-

465 5302 547 5350 tes
586 5295 921 5363 captivitatis
973 5301 1123 5350 veste
1177 5295 1329 5350 illum
1381 5308 1680 5362 exuerunt,
1762 5302 2026 5370 omnique

534 5451 580 5484 ⁵⁸
611 5450 799 5506 Matth.
842 5469 1000 5519 xviii,
1056 5455 1141 5510 10.
1218 5456 1265 5488 ⁵⁸
1315 5457 1436 5510 Act.
1473 5471 1568 5522 xu,
1621 5459 1705 5513 15.

2237 4204 2309 4255 Τὸ
2353 4203 2433 4266 δὲ,
2472 4223 2488 4253 ι
2535 4204 2640 4256 ἰδοὺ
2689 4202 2844 4255 τοῦτο
2893 4203 2968 4264 ώς
3009 4200 3162 4263 δαλὸς
3213 4199 3627 4269 ὲξεσπασμένος
3669 4201 3729 4252 ἐκ

2153 4293 2342 4365 πυρὸς,
2371 4313 2387 4344 ι
2426 4295 2510 4348 ἵνα
2537 4296 2668 4367 εἴπῃ
2698 4295 2798 4353 ὅτι,
2836 4291 2912 4354 ὼς
2939 4293 3004 4346 ἂν
3035 4295 3086 4346 εἴ
3117 4310 3199 4355 τις
3226 4291 3379 4356 ξύλον
3405 4293 3605 4361 μέλλον
3634 4291 3730 4344 ὑπὸ

2152 4386 2323 4457 πυρὸς
2369 4387 2856 4439 καταναλίσκεσθαι
2887 4385 3114 4455 ἀθρόον,
3163 4383 3445 4446 ὲκσπάσας
3500 4384 3730 4446 ἀϐλαϐὲς

2149 4480 2454 4547 τηρήσειεν.
2487 4477 2629 4530 οὕτω
2670 4477 2734 4548 δὴ
2781 4478 2874 4531 καὶ
2913 4477 3096 4529 τοῦτον
3139 4476 3214 4538 ὼς
3243 4476 3300 4526 ἐν
3337 4476 3474 4546 πυρὶ
3524 4479 3590 4547 τῇ
3638 4476 3726 4544 τῆς

2151 4568 2526 4638 αἰχμαλωσίας
2555 4569 2766 4640 ἀνάγκη
2804 4568 3119 4622 καθεστῶτα
3159 4570 3250 4621 καὶ
3287 4569 3726 4638 καταφλεχθῆναι

2151 4661 2240 4713 ὑπ’
2277 4663 2445 4730 αὐτῆς
2474 4661 2668 4732 μικροῦ
2701 4661 3073 4715 κινδυνεύοντα
3102 4661 3375 4724 ὲξέσπασά
3412 4678 3474 4712 τε
3508 4662 3603 4714 καὶ
3628 4659 3726 4711 τῶν

2151 4751 2510 4821 περιεχόντων
2544 4750 2827 4820 ἀπήλλαξα
2860 4752 3062 4803 κακῶν.
3111 4749 3411 4802 Ἐνεδὲδυτο
3437 4749 3518 4813 δὲ,
3548 4750 3727 4818 φησ“.ν,

2153 4844 2340 4911 ἱμάτια
2376 4843 2595 4913 ῥυπαρά
2623 4846 2650 4895 ὁ
2694 4843 2920 4911 Ἰησοῦς,
2949 4845 3034 4896 ἵνα
3059 4844 3183 4913 εἴπῃ
3209 4844 3310 4906 ὅτι,
3339 4841 3413 4893 Τὸ
3439 4859 3729 4912 περικεχυ-

2150 4935 2309 5005 μένον
2348 4937 2411 4988 ἐκ
2455 4937 2555 5005 τῆς
2600 4936 2975 5005 αἰχμαλωσίας
3015 4935 3195 4989 αὐτῶν
3235 4934 3452 4999 πένθος,
3493 4937 3552 4986 ἐν
3581 4928 3728 5002 ᾧπερ

2146 5027 2297 5096 διῆγε
2346 5027 2621 5090 παντελῶς
2660 5027 2763 5091 ἔξω
2807 5027 2906 5097 τῆς
2947 5027 3285 5097 λειτουργίας
3332 5026 3603 5097 ὑπάρχων
3638 5025 3728 5094 τῆς

2147 5120 2316 5182 θείας.
2347 5123 2402 5172 ἐν
2431 5120 2693 5191 βαρύτητι
2724 5119 3001 5182 καθεστὼς
3024 5119 3281 5181 δουλείας,
3310 5117 3485 5171 ταῦτα
3514 5117 3728 5186 ἀφελεῖν

2149 5213 2240 5264 ἀπ’
2278 5211 2441 5265 αὑτοῦ
2474 5217 2585 5277 τοῖς
2613 5214 2897 5283 ἑστηκόσιν
2927 5213 3204 5266 ἐπιτάττει
3239 5211 3370 5273 Θεός
3391 5227 3406 5244 ·
3454 5209 3724 5272 τουτέστι,

2147 5308 2266 5367 ταῖς
2315 5305 2782 5376 ὑπηρετουμέναις
2831 5305 3230 5374 λειτουργικαίς
3265 5302 3585 5373 δυνάμεσιν,
3635 5301 3725 5353 ἅτε

557 5603 647 5679 (ξδ)
673 5603 919 5679 Qbserva
961 5607 1356 5679 Mppsuesteni,
1405 5613 1512 5668 imo
1545 5611 1643 5668 SS.
1704 5613 2019 5675 lliblinrum,
2050 5612 2374 5669 sententiam
2406 5613 2472 5667 de
2502 5612 2710 5679 angelis
2744 5613 3027 5669 hominum
3060 5615 3400 5671 t-usto:l;t~us.

555 5673 648 5745 64)
671 5675 806 5730 Num
839 5694 935 5748 pro
962 5673 1174 5752 οὗπερῖ
