3830 6216
172 301 284 358 σεε

1071 295 1618 355 COMMENTARIUS
1649 296 1714 352 IN
1749 297 2119 355 ZACIIARUE
2152 302 2303 358 CAP.
2347 303 2434 358 lll.

3309 312 3414 369 526

175 422 296 483 ταῖς
325 416 494 480 θείαις
516 416 953 487 ύπηρετούμεναι
991 414 1205 485 βουλαῖς
1240 413 1458 482 άφεῖλόν
1485 430 1543 465 τε
1586 411 1751 466 αὐτοῦ

1861 414 2117 485 praedicto
2150 418 2322 480 luctu,
2350 427 2404 473 et
2439 420 2490 472 in
2525 420 2797 490 propriam
2836 420 3025 477 urbem
3058 424 3421 482 reduxerunt.

176 508 276 577 τῆς
305 507 820 579 αἱχμαλωσιαςςτὴν
851 506 1074 577 ἐσθῆτα,
1120 508 1213 559 καὶ
1258 507 1319 559 τὸ
1366 506 1558 568 πένθος
1604 506 1749 560 ἅπαν

177 601 354 654 ἐκεῖνο
377 639 393 662 ,
443 600 537 653 καὶ
582 602 660 662 εἰς
696 599 793 669 τὴν
828 599 983 651 πόλιν
1016 600 1361 669 ἐπανήγαγον
1390 597 1487 668 τὴν
1519 597 1746 650 οἱκείαν.

174 686 312 747 Εἶτα
340 690 531 745 τούτου
555 692 856 759 γεγονότος,
886 689 1018 759 φησὶ
1046 690 1182 759 πρὸς
1210 688 1370 742 αὐτόν
1392 703 1404 717 ·
1467 688 1751 760 Ἀφῄρηκα

176 782 359 845 πάσας
384 782 483 846 τάς
513 782 743 851 ἀνομίας
778 798 871 833 σου
892 797 905 811 ⁶
948 780 1122 853 δηλῶν
1148 781 1228 833 ὅτι
1257 780 1324 834 τά
1348 781 1444 852 τῆς
1474 782 1750 851 αἱχαλω-

179 873 301 937 σίας
325 872 542 927 λέλυται
574 874 740 933 κακά,
775 873 960 943 ἐπειδὴ
988 872 1095 926 τῶν
1129 871 1410 944 ἁμαρτιῶν
1438 873 1620 941 ἀφεῖλε
1653 872 1751 942 τὴν

178 963 419 1032 μνήμην.
474 965 548 1031 (p.
574 962 698 1030 465)
754 957 888 1014 Εἶτα
918 961 1043 1032 ἑξῆς
1088 961 1297 1015 κελεύει
1326 960 1418 1013 τὸν
1447 963 1655 1033 ποδήρη
1692 979 1751 1014 τε

172 1054 339 1107 αὐτὸν
369 1053 687 1108 ἐνδύσασθαι
732 1055 824 1107 καὶ
852 1054 1201 1125 περιτεθῆναί
1242 1070 1300 1106 τε
1348 1052 1496 1123 αὐτῷ
1547 1053 1646 1123 τήν
1691 1069 1751 1105 τε

174 1145 375 1215 μίτραν
417 1146 510 1199 καὶ
560 1144 657 1215 τὴν
703 1145 934 1215 κίδαριν,
971 1147 1050 1208 εἰς
1084 1144 1305 1211 ἔνδειξιν
1337 1144 1431 1198 τοῦ
1465 1145 1563 1215 τῆς
1597 1148 1750 1218 ἱερω-

172 1232 341 1303 σύνης
367 1233 515 1303 αὐτῷ
539 1234 723 1287 λοιπὸν
751 1234 1146 1302 ἐπιτετράφθαι
1172 1236 1269 1304 τὴν
1300 1234 1547 1300 ἐξουσίαν
1565 1254 1577 1267 ο
1613 1237 1748 1308 ὅπερ

169 1323 263 1378 οὖν
304 1327 399 1379 καὶ
443 1327 629 1394 γέγονε
669 1326 809 1380 κατὰ
847 1327 908 1380 τὸ
957 1327 1204 1398 σύνθημα
1255 1327 1314 1379 τὸ
1359 1327 1518 1380 θεῖον.
1562 1327 1747 1382 Ταῦτα

167 1418 411 1489 εἰρηκὼς
459 1420 487 1472 6
528 1419 812 1489 προφήτης
838 1421 918 1484 εἱς
950 1419 1173 1485 ἔνδειξιν
1202 1419 1294 1474 τοῦ
1321 1420 1419 1491 τὴν
1448 1421 1747 1492 ἱερωσύνην

1856 502 1976 571 Quo
2000 504 2165 571 facto,
2188 516 2440 574 cunctas,
2466 509 2561 574 ait,
2587 511 2790 564 abstuli
2818 510 3137 581 iniquitates
3167 522 3325 579 tuas;
3348 518 3422 570 ita

1857 598 2155 652 ostendens
2199 597 2474 653 dissoluta
2525 616 2650 655 esse
2695 602 3035 671 captivitatis
3082 607 3244 671 mala,
3292 607 3423 676 quia

1858 696 2207 757 peccatorum
2272 692 2593 745 memoriam
2656 692 2950 748 deleverat.
3010 692 3212 750 Deinde
3266 698 3427 766 jubet

1862 788 1917 832 ut
1944 781 2145 849 podere
2176 797 2300 835 eum
2333 783 2582 851 induant,
2604 786 2819 839 mitram
2855 794 3018 856 atque
3052 787 3279 842 cidarim
3319 789 3422 842 cir-

1857 882 2211 940 cumponant,
2256 881 2313 926 ut
2351 873 2609 928 ostendat
2656 875 2912 930 traditam
2968 876 3019 931 ei
3051 877 3103 929 in
3142 886 3424 946 posterum

1852 961 2144 1016 sacerdotii
2170 962 2492 1034 dignitatem
2530 982 2542 1018 :
2580 966 2728 1034 quod
2764 982 2958 1036 reapse
2981 967 3169 1022 divino
3203 967 3427 1021 decreto

1849 1053 2103 1123 contigit.
2166 1053 2262 1109 His
2310 1055 2494 1120 dictis,
2551 1057 2621 1110 ob
2673 1057 3084 1127 significandam
3130 1060 3425 1115 sacerdotii

1849 1144 2118 1202 lsraelitis
2150 1148 2585 1212 restitutionem,
2617 1157 2673 1204 et
2705 1152 3047 1206 sacerdotem
3069 1153 3265 1207 abhinc
3288 1169 3423 1207 con-

1858 1247 2017 1292 sueto
2071 1238 2383 1294 ministerio
2428 1240 2816 1295 destinandum
2870 1240 3007 1306 fore,
3055 1243 3150 1313 qui
3206 1245 3426 1314 proprio

1856 1328 2044 1383 officio
2078 1329 2418 1385 confidenter
2466 1339 2519 1385 et
2541 1342 2691 1387 recto
2743 1334 2869 1403 jure
2913 1335 3195 1406 fungetur,
3249 1337 3427 1409 pergit

1851 1420 2034 1476 dicere
2069 1441 2081 1475 :

167 1512 355 1574 αὐτοῖς
382 1511 754 1576 ἀποδεδύσθαι,
784 1513 877 1565 καλ⁵
901 1511 992 1565 τὸν
1031 1511 1179 1583 ἱερέα
1224 1510 1384 1564 πάλιν
1423 1511 1513 1564 ἐπὶ
1561 1511 1661 1580 τῆς
1706 1512 1968 1583 συνήθους
2009 1512 2357 1579 ἐξετάξεσθαι
2399 1514 2757 1587 λειτουργίας,
2800 1516 2898 1588 τὴν
2943 1520 3150 1573 οἰκείαν
3197 1519 3323 1591 περὶ
3365 1519 3427 1572 τὸ

169 1606 405 1677 πρᾶγμα
435 1604 745 1676 παρρησίαν
770 1623 829 1658 τε
873 1604 1062 1676 ἔχοντα
1095 1606 1188 1660 καὶ
1218 1605 1487 1671 ἐξουσίαν,
1518 1606 1729 1673 ἐπάγει·

239 1696 392 1766 Στίχ.
423 1695 497 1761 ς’,
532 1697 594 1762 ζ’.
618 1725 689 1735 —
716 1715 734 1746 ‹
766 1696 875 1749 Καὶ
899 1698 926 1750 6
957 1696 1185 1766 ἄγγελος
1220 1696 1426 1767 Κυρίου
1458 1695 1596 1768 πρὸς
1641 1696 1747 1764 ’1η-

1929 1688 2092 1746 Vsus.
2129 1689 2183 1757 6,
2210 1682 2270 1743 ’7.
2307 1720 2375 1732 --
2402 1709 2421 1742 ι
2447 1692 2514 1747 Ει
2534 1692 3380 1763 angelusDominidicebat.lesu
3406 1719 3420 1753 :

170 1789 299 1842 σοῦν
323 1787 517 1857 λέγων,
552 1789 691 1842 Τάδε
727 1789 872 1856 λέγει
913 1788 1115 1859 Κύριος
1147 1789 1541 1859 παντοκράτωρ
1563 1805 1575 1818 ·
1626 1788 1749 1841 Ἐὰν

167 1883 228 1934 ἐν
251 1884 375 1942 ταῖς
406 1881 543 1945 ὢοίς
575 1898 677 1951 μου
708 1881 972 1952 πορεύσῃ,
1004 1882 1100 1934 καὶ
1132 1881 1226 1935 ἐὰν
1251 1883 1319 1933 τά
1352 1880 1752 1953 προστάγματά

167 1990 272 2044 μου
306 1974 570 2047 φυλάξῃς,
608 1975 700 2028 καὶ
740 1975 804 2027 σὺ
848 1973 1143 2043 διακρινεῖς
1189 1973 1280 2025 τὸν
1308 1970 1454 2025 οἶκόν
1490 1990 1588 2042 μου
1610 1989 1623 2002 ο
1657 1975 1752 2025 καὶ

165 2063 263 2115 ἐάν
290 2063 666 2135 διαφυλάσσῃς
700 2064 799 2132 τὴν
830 2062 999 2133 αὐλήν
1035 2079 1159 2132 μου,
1190 2061 1284 2114 καὶ
1309 2060 1465 2114 δώσω
1496 2063 1753 2130 ἀναστρε-

164 2155 442 2225 φομένους
467 2155 523 2207 ἐν
548 2154 696 2224 μέσῳ
718 2152 824 2206 τῶν
850 2152 1161 2222 ἑστηκότων
1180 2151 1402 2205 τούτων.
1440 2170 1457 2202 ι
1503 2149 1753 2202 Ἀκολούο

163 2245 276 2310 θως
315 2245 644 2317 ἀπειληφότι
675 2247 776 2316 τῆς
818 2245 1117 2317 ἱερωσύνης
1164 2246 1262 2314 τὴν
1301 2242 1545 2308 ἐξουσίαν
1578 2241 1753 2296 ταῦτα

164 2336 424 2410 εἰρῆσθαί
454 2355 648 2408 φησιν’
681 2338 755 2402 ὡς
794 2337 858 2391 ἂν
883 2337 1035 2408 γνοίη
1064 2338 1210 2398 ὅπως
1237 2336 1398 2387 αὑτὴν
1430 2333 1750 2405 μεταχειρί-ι

164 2429 359 2493 ζεσθαι
407 2432 652 2501 προσῆκε
691 2431 790 2499 τὴν
820 2428 1178 2498 λειτουργίαν.
1245 2427 1368 2478 Ἐάν
1401 2426 1531 2496 γάρ,
1579 2424 1746 2496 φησὶ,

163 2521 440 2592 ἐπιμένῃς
489 2519 597 2573 τῶν
630 2520 1121 2591 προστεταγμένων
1153 2520 1282 2589 παρ’
1323 2517 1457 2588 ἐμοῦ
1495 2517 1750 2588 φροντίδα

166 2611 519 2680 ποιούμενος,
556 2610 653 2682 ἔσῃ
686 2609 783 2678 μὲν
814 2611 869 2661 ἐν
902 2608 1091 2679 ἱερέως
1118 2607 1373 2677 αὐθεντίᾳ
1400 2607 1599 2678 κρίνων
1638 2609 1752 2669 τοῖς

166 2703 337 2756 πᾶσι·
366 2702 463 2754 καὶ
488 2703 553 2771 τῇ
582 2700 714 2771 αὐλῇ
745 2699 800 2752 δὲ
822 2703 888 2770 τῇ
914 2686 1023 2770 ἐμῇ
1047 2700 1145 2769 τὴν
1176 2699 1556 2769 πρσσήκουσαν
1584 2696 1753 2766 φυλα-

167 2792 272 2862 κὴν
300 2790 396 2845 διὰ
416 2791 517 2860 τῆς
541 2788 860 2851 ἐπιμελείας
888 2788 1179 2860 προσάγων
1201 2788 1297 2856 τῆς
1320 2785 1546 2848 οἰκείας,
1574 2802 1751 2856 παρα-

167 2881 415 2952 πέμψεις
446 2880 503 2933 δὲ
538 2880 629 2933 καὶ
658 2880 737 2939 εἱς
768 2878 1044 2947 διαδῖχους
1080 2878 1175 2947 τὴν
1203 2877 1387 2946 τιμὴν,
1421 2875 1468 2928 οἳ
1498 2876 1754 2945 γενήσον-

167 2991 263 3026 ται
288 2977 348 3026 ἐν
399 2973 550 3043 μέσῳ
588 2971 787 3034 παντὸς
812 2970 907 3022 τοῦ
944 2967 1072 3021 λαοῦ
1109 2969 1205 3038 τὴν
1238 2968 1621 3037 προσήκουσαν
1654 2966 1745 3018 αύ-

1854 1779 1976 1836 Πατο
2000 1782 2078 1835 ait
2107 1780 2368 1836 Dominus
2383 1782 2765 1850 omnipotens:
2839 1783 2895 1835 Si
2930 1785 2983 1837 in
3008 1786 3105 1840 viis
3140 1789 3277 1842 meis
3308 1806 3393 1841 am

1852 1874 2152 1938 bulaveris,
2211 1883 2266 1929 et
2306 1873 2565 1929 mandata
2615 1889 2734 1929 mea
2782 1878 3111 1940 servaveris,
3146 1886 3201 1933 et
3232 1886 3290 1933 tu
3326 1882 3427 1935 do—

1852 1981 1999 2019 mum
2035 1980 2208 2020 meam
2262 1965 2536 2034 judicabis
2568 1983 2583 2018 :
2620 1972 2673 2021 et
2699 1966 2746 2021 si
2780 1967 2981 2021 atrium
3023 1984 3203 2024 meum
3237 1980 3428 2027 custo-

1851 2057 2042 2121 dieris,
2099 2065 2153 2111 et
2198 2057 2338 2111 dabo
2393 2059 2489 2112 tibi
2544 2059 2638 2129 qui
2691 2066 3095 2115 conversentur
3133 2062 3189 2116 in
3246 2065 3426 2119 medio

1853 2147 2117 2200 stantium
2153 2145 2411 2202 istorum.
2441 2166 2458 2196 )
2492 2146 2810 2218 Opportune
2837 2151 2910 2205 ait
2940 2150 3085 2204 dicta
3112 2151 3226 2206 lucc
3254 2152 3427 2209 fuisse

1854 2237 2061 2290 homini
2102 2236 2198 2306 qui
2258 2237 2549 2303 sacerdotii
2602 2239 2922 2310 dignitatem
2968 2251 3307 2312 susceperat,
3366 2254 3426 2300 ut

1853 2326 1994 2381 idem
2025 2336 2351 2390 agnosceret
2370 2332 2643 2397 quomodo
2683 2347 2871 2401 gerere
2918 2334 3282 2390 ministerium
3330 2339 3424 2392 de-

1855 2416 2023 2471 beret.
2050 2415 2107 2472 Si
2131 2418 2277 2472 enim
2311 2424 2769 2488 perseveraveris,
2798 2424 2995 2492 inquit,
3039 2426 3092 2481 in
3124 2440 3426 2501 prtecepto-

1856 2520 1975 2559 rum
2004 2521 2248 2561 meorum
2288 2510 2666 2577 observantia,
2703 2516 2946 2570 manebit
2978 2517 3075 2572 tibi
3106 2523 3425 2575 sacerdota-

1854 2594 1923 2647 lis
1946 2598 2246 2653 auctoritas
2266 2597 2549 2667 judicandi
2578 2601 2644 2656 de
2669 2605 2945 2660 omnibus.
2982 2605 3047 2661 Et
3066 2609 3110 2662 si
3138 2610 3281 2665 atrio
3305 2627 3425 2666 meo

1855 2682 2267 2741 C'Onvenientem
2301 2690 2605 2744 custodiam
2640 2692 2931 2750 sedulitate
2955 2704 3047 2751 tua
3084 2700 3422 2768 adhibueris,

1854 2775 2019 2845 308
2053 2779 2288 2846 posteris
2328 2794 2545 2850 quoque
2585 2781 2906 2852 dignitatem
2951 2794 3099 2842 tuam
3143 2794 3428 2847 transmit-

1858 2875 1961 2928 tes,
1992 2869 2083 2937 qui
2114 2869 2166 2922 iu
2200 2869 2378 2923 medio
2407 2872 2648 2926 universi
2688 2876 2871 2943 populi
2897 2876 3024 2945 jure
3059 2880 3126 2934 ad
3172 2897 3231 2936 se
3258 2887 3428 2954 perti—

1860 2968 2076 3013 nentem
2107 2962 2439 3015 exerce-bunt
2468 2963 2764 3035 litnrgiam.
2801 2965 2994 3022 Postea
3029 2972 3185 3040 regni
3209 2989 3429 3046 quoque

167 3069 285 3131 τοῖς
307 3064 656 3126 ἐκτελοῦντες
680 3061 1040 3132 λειτουργίαν.
1073 3056 1206 3113 Εἶτα
1235 3060 1327 3112 καὶ
1352 3059 1450 3128 τῆς
1473 3057 1750 3129 βασιλείας

1861 3051 2308 3105 instaurationem
2336 3053 2592 3117 iutmens,
2644 3057 2717 3109 ait
2754 3075 2768 3111 :
2817 3061 3017 3125 «Audi,
3062 3062 3192 3120 Jcsu
3227 3043 3427 3123 sacer-

167 3158 273 3230 τὴν
322 3157 772 3209 ἀποκατάστασιν
813 3152 1009 3222 δηλῶν,
1046 3150 1188 3204 οὕτω
1233 3150 1421 3218 λέγει’
1471 3149 1490 3218 (
1512 3164 1566 3218 p.
1609 3148 1752 3215 464)

171 3266 193 3297 ι
230 3247 438 3299 ’Δκουε
487 3244 572 3315 δὴ,
632 3241 804 3313 Ἰησοῦ
847 3243 874 3294 6
921 3241 1102 3310 ἱερεὺς
1142 3243 1170 3293 6
1216 3239 1407 3310 μέγας,
1459 3239 1523 3291 σὺ
1567 3239 1660 3292 καὶ
1704 3239 1754 3291 οἱ

166 3338 404 3408 πλησίον
454 3354 548 3389 σου
577 3338 624 3388 οἱ
662 3334 958 3404 καθήμενοι
990 3332 1094 3404 πρὸ
1130 3330 1424 3403 προσώπου
1459 3347 1553 3382 σου
1575 3348 1587 3361 ⁸
1618 3327 1751 3382 διότι

168 3430 366 3500 ἄνδρες
392 3428 781 3499 τερατοσκόποι
813 3425 968 3477 εἰσίν.
1011 3443 1030 3474 ι
1069 3424 1187 3476 Ἵνα
1214 3424 1364 3495 εἴπῃ,
1398 3422 1540 3492 Πρὸς
1569 3421 1630 3474 σέ
1664 3438 1753 3490 μοι

168 3524 198 3575 6
230 3522 415 3589 λόγος,
452 3520 546 3573 καὶ
590 3519 794 3579 πάντας
829 3519 955 3579 τοὺς
992 3517 1087 3569 σὺν
1131 3517 1214 3568 σοὶ
1258 3515 1448 3584 ἄρχειν
1485 3514 1577 3566 τοῦ
1622 3513 1753 3566 λαοῦ

171 3609 671 3679 πεπιστευμένους,
696 3607 751 3660 ἐν
772 3624 830 3659 τε
857 3605 1172 3676 διδασκαλίᾳ
1206 3605 1299 3657 καὶ
1327 3604 1585 3675 ἐξηγήσει
1612 3604 1757 3673 νομί-

176 3722 317 3774 μων,
352 3703 451 3755 καὶ
493 3703 559 3771 τῇ
590 3701 747 3770 λοιπῇ
783 3699 891 3751 τῶν
924 3701 1001 3761 εἰς
1035 3697 1343 3750 θεοσέϐειαν
1378 3697 1621 3766 ἡκόντων
1648 3696 1756 3747 λει-

171 3793 407 3866 τουργία
428 3810 441 3823 ·
474 3792 567 3855 οὓς
598 3792 1026 3863 τερατοσκόπους
1050 3789 1135 3843 διὰ
1164 3788 1323 3840 τοῦτο
1351 3787 1524 3853 καλεῖ,
1550 3786 1624 3849 ὡς
1647 3786 1754 3839 τῶν

173 3886 328 3956 παρά
355 3883 452 3936 τοῦ
479 3881 615 3934 Θεοῦ
644 3880 958 3951 παραδόξως
985 3879 1282 3949 γινομένων
1307 3879 1406 3940 τὰς
1428 3876 1607 3939 αἱτίας
1633 3891 1758 3928 σκο-

174 3980 300 4029 πεῖν
320 3993 380 4028 τε
418 3975 515 4029 καὶ
545 3973 741 4026 εἰδέναι
767 3972 911 4035 οἴους
938 3988 997 4023 τε
1026 3971 1200 4033 ὄντας.
1230 3970 1294 4022 Τί
1325 3965 1416 4022 οὖν
1444 3967 1608 4039 φησί;

247 4067 399 4136 Στίχ.
425 4072 494 4137 η’,
522 4064 585 4117 θ’.
606 4093 674 4102 --
697 4083 713 4113 ι
749 4064 892 4116 Διότι
919 4062 1027 4115 ἰδοὺ
1054 4062 1164 4129 ἐγὼ
1187 4061 1304 4128 ἄγω
1322 4060 1412 4112 τὸν
1438 4058 1621 4112 δοῦλόν
1654 4075 1754 4128 μου

180 4157 467 4216 ἀνατολήνο
505 4154 638 4207 διότι
667 4153 810 4216 λίθος
840 4153 899 4206 ὃν
932 4152 1109 4205 ἔδωκα
1153 4151 1256 4220 πρὸ
1297 4149 1591 4221 προσώπου
1650 4150 1757 4220 ’1η-

180 4246 301 4310 σοῦ,
332 4247 431 4299 ἐπὶ
472 4245 562 4298 τὸν
601 4244 747 4296 λίθον
784 4244 873 4296 τὸν
900 4242 996 4296 ἕνα
1043 4240 1183 4294 ἑπτὰ
1222 4238 1488 4309 ὀφθαλμοὶ
1520 4240 1678 4292 εἰσιν.
1733 4257 1751 4288 ι

192 4339 332 4407 Ἐγὼ
354 4337 488 4409 γὰρ,
523 4336 675 4406 φησὶ,
706 4335 797 4387 τὸν
820 4333 1003 4387 δοῦλον
1031 4333 1119 4386 τὸν
1146 4332 1298 4402 ἐμὸν,
1332 4331 1423 4384 τὸν
1454 4330 1757 4401 Ζοροϐάϐελ

178 4430 375 4497 λέγων,
403 4428 501 4481 καὶ
526 4426 930 4495 άποκαθίστημι
963 4427 1029 4494 τῇ
1067 4423 1332 4494 βασιλείᾳ,
1369 4422 1635 4491 ἀνατολῆς
1658 4422 1757 4491 ούχ

176 4519 341 4591 ἦττον
373 4518 628 4589 λαμπρὸν
667 4520 733 4586 τῇ
761 4517 859 4586 τῆς
892 4515 1015 4585 (sic)
1047 4514 1259 4582 ἐξουσίᾳ
1288 4511 1518 4575 δεικνύς.
1558 4511 1759 4563 Τοῦτον

176 4614 242 4681 δὴ
269 4612 463 4680 ὥσπερ
506 4608 630 4661 τινὰ
652 4607 795 4660 λίθον
817 4605 1004 4676 τίθημι
1052 4605 1159 4674 πρὸ
1199 4604 1305 4658 τῶν
1330 4603 1621 4673 ὀφθαλμῶν
1652 4601 1759 4654 τῶν

182 4702 314 4761 σῶν,
361 4700 445 4768 ἐφ’
474 4693 628 4770 ᾧπερ
672 4696 990 4767 ἐστηρίχθαι
1024 4712 1081 4747 σε
1126 4693 1266 4765 χρὴ,
1309 4693 1616 4764 παρέχοντα
1656 4692 1757 4761 μὲν

178 4789 333 4859 αὐτῷ
375 4788 477 4860 τὴν
521 4791 585 4841 ἐκ
653 4787 761 4840 τῶν
817 4784 1133 4856 προσευχῶν
1155 4784 1250 4837 καὶ
1304 4784 1403 4853 τῆς
1457 4780 1760 4852 ἱερωσύνης

181 4883 443 4952 βοήθειαν
464 4921 475 4941 ,
510 4877 866 4948 κομιζόμενον
902 4877 958 4930 δὲ
988 4875 1117 4947 παρ’
1150 4874 1312 4928 αὑτοῦ
1352 4873 1451 4942 τὴν
1502 4872 1760 4942 σπουδὴν,

180 4978 249 5045 ἦν
272 4976 335 5027 ἐν
361 4974 475 5035 τοῖς
501 4970 640 5024 κατὰ
666 4968 771 5023 τῶν
806 4967 1059 5022 ἐναντίων
1089 4965 1453 5018 ἐπιδείκνυται
1482 4962 1760 5031 πολέμοις,

178 5066 258 5128 ὡς
284 5065 353 5118 ἂν
374 5065 436 5117 ἐν
470 5064 660 5134 εἰρήνῃ
683 5061 958 5129 διάγοντες
984 5057 1290 5126 ἐκτελοίητε
1322 5056 1420 5126 τὴν
1463 5053 1762 5124 ἱερωσύνην

178 5157 443 5217 δεόντως·
494 5154 716 5224 θαρρεῖν
766 5152 823 5204 δέ
875 5168 935 5204 σε
971 5149 1145 5219 τούτῳ
1191 5147 1436 5220 προσῆκε
1485 5145 1562 5214 τῷ
1607 5143 1759 5213 λίθῳ,

184 5246 331 5299 ἑπτα
361 5245 610 5315 μετέχειν
630 5242 790 5296 αὐτὸν
809 5241 1102 5311 ὀφθαλμῶν
1122 5237 1431 5309 νομίζοντα.
1464 5233 1764 5289 Κάνταῦθα

183 5338 243 5392 δὲ
269 5337 354 5408 τῷ
378 5336 522 5390 ἑπτὰ
546 5336 648 5388 οὐκ
678 5336 770 5386 ἐπὶ
789 5330 1171 5404 ἀκριϐολογίας
1198 5326 1432 5400 ἀριθμοῦ
1455 5327 1624 5395 λέγει,
1645 5324 1762 5379 ἀλλ’

183 5434 277 5486 ἵνα
304 5432 458 5504 εἴπῃ,
478 5431 562 5483 ὅτι
589 5428 881 5498 Δυνήσεται
900 5425 957 5479 δὲ
980 5423 1154 5478 ταῦτα
1182 5422 1211 5474 6
1240 5417 1541 5491 Ζοροϐάϐελ
1564 5419 1641 5479 εἱς
1666 5418 1765 5486 τὴν

150 5503 475 5596 ’βασιλείαν
509 5522 643 5592 παρ’
691 5519 826 5591 ἐμοῦ
859 5514 1291 5590 προχειρισθεὶς,
1336 5511 1524 5582 ἐπειδὴ
1566 5508 1767 5579 πολλήν

185 5635 315 5671 τινα
342 5616 435 5669 καὶ
461 5615 668 5683 ἄφατον
692 5610 842 5682 αὐτῷ
868 5609 1088 5681 παρέξω
1107 5610 1206 5677 τὴν
1228 5602 1459 5673 ἐποψίαν
1483 5602 1579 5672 τὴν
1605 5599 1764 5670 ἐμὴν,

182 5707 269 5781 (ρ.
315 5705 440 5777 463)
476 5704 573 5759 καὶ
610 5701 710 5775 τὴν
757 5699 1068 5772 ἐπιμέλειαν
1117 5696 1209 5765 ἀφ’
1261 5690 1327 5766 ἧς
1370 5710 1422 5747 τι
1479 5694 1765 5764 γενήσεται

1854 3140 1956 3194 dos
1996 3155 2210 3211 magne,
2243 3152 2295 3195 lu
2332 3151 2385 3196 et
2430 3146 2661 3214 proximi
2721 3149 2796 3202 tui
2832 3152 2925 3218 qui
2972 3153 3162 3208 sedent
3182 3165 3308 3214 ante
3341 3159 3425 3214 fa-

1855 3231 1991 3284 ciem
2019 3238 2189 3297 tuam,
2221 3231 2348 3303 quia
2381 3235 2479 3286 viri
2500 3245 2833 3303 spectatores
2851 3248 3220 3308 portentorum
3240 3258 3420 3304 sunt.»

1861 3321 1917 3374 Id
1951 3329 2056 3387 est,
2103 3323 2186 3377 Ad
2208 3334 2259 3379 te
2280 3340 2461 3381 sermo
2517 3343 2670 3385 meus
2711 3340 2872 3401 atque
2896 3333 2967 3386 ad
2998 3350 3187 3392 omnes
3224 3337 3425 3406 quibus

1856 3419 2037 3466 tecum
2075 3415 2256 3484 populi
2292 3416 2631 3488 principatus
2660 3423 2903 3477 creditus
2931 3432 3034 3490 est,
3076 3435 3137 3479 ut
3161 3428 3423 3497 magiste-

1860 3505 1944 3557 rio
1985 3505 2229 3575 legisque
2263 3507 2712 3577 interpretatione
2750 3515 3072 3586 fungamini,
3116 3525 3170 3572 et
3214 3522 3310 3573 reli
3336 3537 3427 3588 ίιιο

1858 3611 2043 3648 rerum
2078 3596 2264 3651 divino
2296 3602 2465 3654 cultui
2514 3602 2853 3659 addictarum
2903 3607 3205 3661 ministerio
3242 3628 3253 3663 :
3288 3628 3427 3680 quos

1855 3684 2107 3739 homines
2160 3690 2395 3756 appellat
2448 3700 2823 3759 portentorum
2906 3704 3268 3765 spectatores,
3328 3717 3424 3755 ceu

1858 3793 2039 3832 rerum
2094 3788 2288 3847 prmter
2352 3785 2812 3851 exspectationem
2859 3802 2887 3839 a
2934 3786 3042 3841 Deo
3083 3796 3424 3857 patratarum

1859 3885 2056 3925 causas
2114 3872 2461 3928 considerare
2504 3883 2558 3929 et
2600 3891 2934 3947 Cognoscere
2985 3879 3232 3939 idoneos.
3288 3884 3427 3949 Quid

1858 3977 1988 4031 ergo
2022 3963 2134 4016 ait?

1934 4044 2094 4109 Vens.
2123 4055 2176 4115 8,
2208 4055 2263 4109 9.
2299 4086 2365 4095 —
2410 4076 2428 4107 ι
2458 4057 2594 4113 Ecce
2628 4060 2772 4114 enim
2803 4076 2902 4132 ego
2948 4062 3163 4118 adlneo
3206 4081 3427 4122 servum

1860 4161 2061 4207 meum,
2094 4145 2367 4201 Orientem
2403 4166 2416 4201 :
2449 4150 2574 4217 quia
2600 4150 2739 4221 lapis
2766 4168 2924 4221 quem
2943 4153 3066 4208 dedi
3089 4166 3213 4209 ante
3236 4156 3429 4210 faciem

1857 4236 2016 4303 Jesu;
2046 4254 2209 4308 super
2241 4240 2474 4308 lapidem
2506 4257 2672 4295 unum
2691 4254 2897 4312 septem
2921 4246 3065 4298 oeuli
3086 4255 3232 4299 sunt.
3264 4267 3282 4299 ι
3319 4247 3430 4315 Ego

1862 4328 2028 4391 enim,
2062 4328 2260 4397 inquit,
2292 4346 2509 4383 servum
2554 4348 2755 4397 memn,
2809 4333 2858 4385 id
2891 4340 2974 4386 est
3014 4333 3428 4399 Zorobabelem,

1861 4433 2043 4487 regem
2076 4420 2371 4477 constituo.
2407 4420 2505 4473 soli
2548 4422 2743 4475 orienti
2787 4423 3078 4488 Splnntlore
3134 4440 3316 4493 parem
3360 4428 3432 4482 ob

1864 4509 2149 4579 dignitatis
2179 4526 2291 4564 sua:
2324 4511 2757 4580 amplitudinem.
2788 4513 2944 4566 "llllc
2967 4530 3094 4568 vero
3117 4531 3215 4570 ceu
3244 4534 3405 4587 quem

1863 4598 1987 4653 dam
2014 4600 2248 4669 lapidem
2285 4617 2527 4671 propono
2558 4617 2743 4656 coram
2787 4603 2963 4657 oculis
2988 4605 3120 4668 tuis,
3159 4606 3213 4660 in
3244 4623 3350 4675 quo
3382 4617 3436 4664 te

1864 4691 2093 4746 firmiter
2120 4692 2220 4745 niti
2244 4702 2475 4761 oportet,
2511 4694 2795 4762 eidemque
2824 4694 3082 4749 exhibere
3128 4712 3349 4763 precum
3373 4707 3430 4754 et

1864 4780 2152 4838 sacerdotii
2188 4783 2475 4847 auxilium,
2516 4784 2975 4854 vicissimque‘ab
3000 4800 3066 4839 eo
3096 4786 3303 4842 referre
3349 4797 3437 4843 tu-

1868 4874 2053 4938 telam,
2079 4888 2242 4943 quam
2290 4875 2446 4928 bellis
2482 4881 2673 4928 contra
2721 4876 2907 4930 hostes
2940 4877 3197 4947 gerendis
3238 4895 3437 4951 repeti--

1868 4965 1968 5031 dit,
2017 4970 2076 5017 ut
2122 4978 2255 5033 pace
2307 4966 2550 5019 fruentes
2601 4966 2909 5022 sacerdotio
2948 4968 3052 5024 rite
3110 4967 3436 5041 fungamini.

1867 5053 2155 5109 Confidere
2183 5061 2361 5109 autem
2414 5064 2466 5108 te
2498 5056 2624 5109 huic
2652 5056 2819 5127 lapidi
2874 5067 3110 5129 oportet,
3147 5066 3204 5113 et
3232 5070 3439 5133 Septem

1869 5160 1991 5200 eum
2018 5146 2218 5201 habere
2243 5146 2432 5201 oculos
2456 5146 2789 5202 existimare.
2813 5146 2932 5202 Jam
2976 5150 3080 5204 hoc
3103 5156 3266 5206 etiam
3323 5154 3443 5205 lucu

1870 5239 2196 5291 vocabulum
2224 5244 2430 5306 septem
2465 5238 2608 5292 haud
2640 5239 2708 5294 de
2738 5246 2932 5294 exacto
2969 5257 3198 5296 numero
3228 5244 3325 5307 ait,
3347 5244 3441 5298 sed

1876 5339 1934 5383 ut
1973 5330 2119 5385 dicat
2153 5329 2545 5384 Zorobabelcm
2583 5330 2650 5384 ad
2697 5331 2812 5385 haec
2853 5332 3088 5386 validum
3131 5333 3264 5399 fore,
3297 5349 3327 5386 a
3360 5351 3446 5389 me

1876 5421 2087 5475 scilicet
2127 5420 2182 5473 in
2216 5433 2442 5488 regnum
2498 5421 2996 5488 provectum;quia
3030 5421 3078 5475 ei
3104 5423 3330 5475 multam
3363 5432 3447 5475 at-

1874 5529 1981 5584 que
2014 5510 2334 5567 ineffabilem
2387 5510 2780 5579 providentiam
2812 5527 2985 5565 meam
3016 5526 3315 5580 curamque
3340 5514 3445 5567 im-

1876 5604 2127 5674 pendam,
2147 5617 2251 5673 qua
2283 5603 2460 5671 majus
2484 5603 2878 5659 incrementum
2904 5603 3102 5673 capiet.
3133 5622 3152 5654 ι
3183 5603 3321 5659 Ecce
3347 5623 3451 5675 eg»

1875 5695 2024 5751 fodio
2057 5683 2290 5773 foi'eam,
2337 5695 2469 5750 dicit
2501 5692 2762 5751 Dominus
2806 5696 3173 5765 omnipotens,
3221 5708 3269 5749 -ιι
3319 5715 3447 5754 cou-
