3830 6216
1578 295 1926 354 ΤΙΙίιίΟὒΟΜ
1968 295 2451 352 MOPSUESTENI

3555 293 3653 349 528

405 424 653 480 trectabo
681 437 898 478 onmem
931 419 1275 492 iniquitatem
1307 427 1464 473 terrae
1494 418 1639 471 illius
1675 419 1762 470 die
1796 432 1924 470 una.
1956 436 1972 468 ι

2094 417 2265 470 πλέον.
2319 436 2337 467 t
2397 415 2538 468 ’Ἰδοὺ
2583 415 2694 483 ἐγὼ
2739 413 2953 484 ὀρύσσω
3004 413 3228 485 βόθρον,
3270 412 3417 480 λέγει
3454 414 3656 484 Κυριος

407 517 557 570 Adeo
610 515 760 570 illum
800 523 1078 583 potentem
1125 509 1380 567 elliciam,
1430 521 1488 562 ut
1537 522 1730 562 omnes
1781 507 1985 561 virtute

408 625 506 662 sua
533 607 723 663 bellica
758 606 944 659 hostes
965 603 1179 674 fugans,
1212 602 1369 670 quasi
1417 600 1571 655 fovea
1597 599 1833 669 quadam
1863 600 1982 653 exi-

407 701 486 756 tio
529 716 624 754 eos
677 699 895 757 obruat,
948 712 1079 749 mea:
1128 693 1350 748 ultionis
1407 692 1675 752 minister,
1696 697 1985 759 propterea

406 791 571 862 309
594 789 740 862 quod
772 789 876 842 mei
903 787 1047 856 juris
1077 794 1278 839 terram
1323 785 1525 837 violare
1560 783 1852 844 voluerint,
1894 781 1984 834 cui

407 899 507 954 ego
534 898 710 953 regem
759 895 994 950 praeesse
1027 886 1344 932 statueram.
1392 874 1513 928 Mox
1550 875 1734 928 auxilii
1770 889 1987 943 quoque

410 973 840 1046 magnitudinem
874 969 1192 1031 ostendens,
1233 977 1286 1022 et
1322 979 1660 1038 quantopere
1687 983 1715 1019 a
1752 967 1987 1021 Zoroba-

411 1068 548 1122 belis
608 1081 710 1136 ope
773 1064 966 1119 bellica
1012 1061 1240 1131 juvandi
1296 1066 1441 1114 sint:
1505 1059 1643 1113 «Die
1697 1059 1808 1123 illa,
1855 1059 1989 1112 dicit

413 1158 680 1213 Dominus
710 1157 1084 1224 omnipotens,
1109 1153 1442 1206 eonvocabit
1469 1151 1847 1220 unusquisque
1863 1166 1989 1218 pro-

409 1252 616 1306 ximum
653 1266 811 1305 suum
841 1250 944 1303 sub
970 1247 1128 1301 ﬁcum
1161 1261 1337 1300 suam.
1371 1264 1388 1296 ι
1425 1245 1488 1298 Ει
1521 1245 1705 1297 hostes
1743 1243 1984 1312 quidem,

413 1345 515 1400 hoc
547 1343 685 1396 duce
713 1343 804 1395 illa
836 1342 1142 1410 patientur;
1183 1341 1276 1411 qui
1321 1348 1503 1393 autem
1535 1340 1602 1394 de
1643 1338 1828 1408 populi
1881 1337 1986 1390 mei

412 1451 644 1492 numero
671 1443 853 1495 erunt,
895 1435 1062 1488 multa
1095 1449 1221 1488 eum
1259 1433 1540 1502 voluptate
1585 1432 1837 1502 frugibus
1871 1429 1988 1484 suis

413 1539 724 1593 vescentur,
771 1528 844 1581 ita
901 1535 960 1581 ut
1013 1527 1177 1580 etiam
1224 1526 1486 1580 continuo
1519 1525 1584 1579 ad
1623 1535 1810 1578 nmtua
1861 1537 1991 1576 con-

411 1623 553 1675 vivia
591 1622 842 1675 invitent.
902 1619 1080 1688 Atque
1125 1618 1388 1672 hactenus
1433 1617 1596 1672 dictis
1629 1616 1779 1686 regni
1811 1624 1866 1670 et
1899 1629 1991 1670 sa-

414 1713 640 1768 cerdotii
687 1711 1062 1764 demonstrata
1117 1709 1538 1772 instauratione,
1589 1707 1787 1761 deinde
1837 1707 1990 1776 ponit

2086 510 2505 580 παντοκράτωρ,
2530 509 2624 561 καὶ
2650 507 2959 577 ψηλαφήσω
2989 507 3169 558 πᾶσαν
3197 506 3297 576 τὴν
3321 504 3537 558 ἀδικίαν
3563 505 3656 572 τῆς

2085 602 2190 671 γῆς
2224 602 2439 671 ἐκείνης
2474 601 2532 652 ἐν
2563 600 2750 671 ἡμέρᾳ
2781 601 2898 669 μιᾷ-
2939 618 2956 649 ι
2992 597 3148 651 υῦτω
3173 598 3280 667 γὰρ
3306 597 3467 649 αὐτὸν
3494 597 3661 667 ἐργά-

2089 712 2250 764 σομαι
2277 693 2520 757 δυνατὸν,
2557 693 2694 745 ὥστε
2723 693 2928 754 πάντας
2952 691 3038 744 διά
3068 691 3164 760 τῆς
3191 691 3396 742 ἐκείνου
3430 705 3661 757 στρατη⁸

2087 787 2210 855 γίας
2238 787 2362 849 τοὺς
2393 786 2688 854 πολεμίους
2717 784 3051 856 τρεπόμενος
3073 824 3086 846 ,
3124 782 3314 853 ῶσπερ
3350 782 3527 852 βόθρῳ
3557 785 3662 832 τινι

2086 879 2153 948 τῇ
2205 877 2447 947 ἀπωλείᾳ
2499 875 2844 946 περιϐάλλειν
2890 875 2976 928 διὰ
3032 876 3126 944 τῆς
3182 874 3322 944 ἐμῆς
3362 872 3663 943 τιμωρίας,

2087 970 2228 1040 ὑπὲρ
2261 963 2334 1022 ὧν
2373 969 2439 1022 ἂν
2481 969 2688 1022 ἀδικεῖν
2717 968 2945 1021 ἕλωνται
2979 969 3078 1037 τὴν
3123 967 3246 1037 ἐμοὶ
3282 967 3665 1037 προσήκουσαν

2089 1061 2194 1130 γῆν
2214 1101 2228 1124 ,
2253 1055 2435 1130 ἧσπερ
2467 1055 2558 1114 οὖν
2591 1060 2756 1126 ἔταξα
2791 1060 3120 1130 προεστάναι
3145 1058 3236 1110 τὸν
3267 1056 3506 1127 βασιλέα.
3531 1051 3667 1109 Εἶτα

2091 1154 2186 1206 καὶ
2212 1153 2271 1205 τὸ
2311 1153 2408 1222 τῆς
2443 1152 2694 1222 βοηθείας
2725 1151 2952 1222 μέγεθος
2977 1151 3214 1212 δεικνὺς,
3250 1143 3362 1202 οἷόν
3387 1165 3446 1200 τε
3475 1149 3540 1200 ἐκ
3569 1147 3668 1215 τῆς

2090 1242 2184 1294 τοῦ
2230 1243 2533 1314 Ζοροϐάϐελ
2583 1242 2949 1296 ἀπολαύσουσι
2986 1241 3348 1312 στρατηγίας,
3395 1259 3413 1289 ι
3468 1239 3558 1291 Ἑν
3600 1240 3667 1306 τῇ

2091 1334 2274 1405 ἡμέρα
2302 1336 2504 1406 ἐκείνῃ,
2540 1336 2686 1404 λέγει
2718 1336 2917 1408 Κύριος
2947 1335 3360 1406 παντοκράτωρ,
3395 1332 3669 1400 συγκαλέ-

2094 1443 2242 1478 σεται
2290 1427 2517 1490 ἕκαστος
2554 1427 2644 1479 τὸν
2695 1427 2919 1496 πλησίον
2971 1427 3135 1479 αὑτοῦ
3191 1425 3447 1478 ὑποκάτω
3499 1423 3672 1493 συκῆς

2094 1519 2279 1573 αὐτοῦ.
2323 1540 2338 1571 ι
2385 1522 2447 1572 Οί
2493 1521 2589 1590 μὲν
2624 1520 2732 1590 γάρ
2771 1521 2956 1592 ἐχθροὶ
2997 1520 3187 1573 τούτου
3237 1515 3675 1590 στρατηγοῦντος

2095 1614 2371 1666 πείσονται
2394 1615 2595 1667 ἐκεῖνα⁹
2627 1617 2674 1667 oi
2703 1615 2759 1668 δὲ
2778 1615 2855 1685 τῷ
2885 1614 2997 1687 λαῷ
3023 1615 3391 1685 προσήκοντες
3418 1612 3496 1682 τῷ
3527 1610 3674 1682 ἐμῷ,

2093 1708 2238 1778 μετὰ
2283 1708 2482 1778 πολλῆς
2525 1707 2622 1776 τῆς
2666 1707 2860 1777 ἡδονῆς
2893 1706 3260 1760 ἀπολαύσουσι
3300 1705 3406 1758 τῶν
3453 1703 3677 1758 οἰκείων

414 1806 799 1861 revelationern
848 1803 1007 1856 aliam
1051 1800 1369 1855 necessario
1405 1816 1633 1870 prorsus
1695 1805 1817 1868 post
1860 1813 1987 1868 pra:-

2099 1801 2348 1872 καρπῶν,
2391 1799 2529 1852 ὥστε
2561 1801 2654 1853 καὶ
2686 1798 2924 1869 συνεχῶς
2969 1801 3061 1852 ἐπὶ
3107 1799 3345 1852 ἐστίασιν
3381 1796 3677 1865 συγκαλεῖν

413 1897 554 1951 dicta
586 1897 690 1950 sibi
721 1895 982 1949 oblatam.
1011 1891 1102 1947 Sic
1129 1907 1259 1962 ergo
1287 1893 1418 1947 dicit
1452 1912 1464 1946 :

2101 1891 2385 1961 ἀλλήλους.
2442 1891 2527 1944 Ἐν
2565 1891 2621 1944 δὲ
2655 1891 2867 1952 τούτοις
2904 1891 3002 1962 τῆς
3035 1908 3093 1943 τε
3129 1889 3405 1960 βασιλείας
3440 1889 3535 1942 καὶ
3579 1888 3678 1957 τῆς

414 1988 715 2059 ἱερωσύνης
749 1985 847 2058 τὴν
875 1986 1317 2041 ἀποκατάστασιν
1351 1985 1616 2057 δηλώσας,
1661 1984 1786 2054 ἑξῆς
1830 1983 2043 2055 τίθησιν
2075 1984 2416 2054 ἀποκάλυψιν
2461 1985 2604 2056 μάλα
2649 2001 2712 2052 γε
2759 1985 3070 2052 ἀναγκαίως
3100 1985 3190 2037 ἐπὶ
3222 1987 3332 2048 τοῖς
3363 1982 3678 2054 εἰρημένοις

412 2079 562 2150 αὐτῷ
591 2077 914 2149 δειχθεῖσαν.
944 2077 1106 2144 Λέγει
1133 2075 1190 2128 δὲ
1213 2075 1384 2139 οὕτως
1403 2087 1416 2104 ο

1059 2165 1210 2224 CAP.
1247 2165 1333 2222 IV.

481 2263 653 2318 Vsus.
691 2262 804 2317 1-5.
842 2287 916 2300 -·
953 2279 970 2312 ι
999 2258 1062 2314 Ει
1096 2275 1353 2315 reversus
1389 2265 1474 2314 est
1517 2257 1746 2328 angelus
1780 2255 1872 2326 qui
1915 2255 1996 2307 lo-

412 2356 683 2427 qncbatur
707 2354 763 2408 in
793 2368 900 2416 me,
931 2361 982 2407 ct
1017 2351 1311 2408 suscitavit
1334 2365 1420 2405 mc
1451 2351 1596 2404 sicut
1617 2347 1874 2403 suscitari
1901 2361 1996 2401 so-

415 2447 487 2499 let
518 2444 680 2498 homo
724 2441 792 2497 de
819 2456 1015 2496 somno
1071 2454 1194 2495 suo.
1232 2438 1486 2508 Dixitque
1530 2437 1663 2490 mihi
1699 2436 1876 2502 :Quid
1933 2443 1991 2489 tu

417 2535 598 2590 vides?
627 2554 646 2586 ι
686 2532 902 2588 Rursus
951 2531 1203 2602 angelum
1240 2530 1294 2584 in
1331 2546 1388 2584 se
1427 2530 1738 2599 loquentem
1772 2527 1996 2582 denotat

415 2630 566 2683 illum
621 2627 859 2680 humana
902 2624 1076 2678 forma
1129 2623 1416 2694 prreditum
1461 2621 1555 2692 qui
1600 2624 1744 2675 inter
1774 2630 1992 2676 montes

415 2719 706 2772 umbrosus
750 2730 892 2784 equo
922 2715 1041 2769 rufo
1093 2714 1339 2768 insidens
1392 2719 1738 2782 apparuerat.
1791 2711 1993 2765 Didici-

415 2825 540 2864 mus
568 2808 713 2862 enim
739 2806 875 2862 satis
903 2805 1205 2869 evidenter,
1230 2819 1295 2859 ex
1330 2804 1727 2874 superioribus,
1759 2802 1992 2874 prophe-

417 2911 525 2955 tam
561 2899 630 2953 de
661 2899 754 2952 illo
807 2897 926 2968 ipso
959 2897 1014 2952 in
1067 2912 1128 2952 se
1169 2898 1424 2966 loquente
1457 2896 1659 2966 ubique
1705 2895 1870 2950 verba
1909 2895 1989 2948 l‘a-

414 3007 559 3052 cere.
611 3005 638 3043 a
665 3005 774 3060 quo
803 3004 946 3044 nunc
977 2989 1142 3044 etiam
1188 3003 1247 3044 se
1282 2989 1580 3042 excitatum
1631 2988 1784 3051 dicit,
1833 2989 1992 3058 quasi

415 3098 609 3140 somno
625 3082 859 3153 quodam
891 3081 1127 3151 sopitum
1153 3081 1222 3134 ob
1238 3079 1622 3148 prmdictarum
1648 3094 1830 3134 rerum
1858 3094 1990 3133 con-

2754 2159 2909 2212 ΚΕΦ.
2947 2163 3018 2212 Δ’.

2165 2251 2313 2320 Στίχ.
2341 2256 2597 2318 α’-γ’.-ι
2627 2249 2728 2304 Καὶ
2761 2252 3093 2322 ἐπέστρεψεν
3124 2255 3151 2306 6
3179 2253 3405 2320 ἄγγελος
3437 2259 3466 2308 6
3495 2257 3675 2312 λαλῶν
3711 2271 3714 2274 ·

2095 2343 2155 2394 ἐν
2186 2343 2328 2413 ἐμοὶ,
2361 2342 2454 2396 καὶ
2484 2343 2733 2414 ἐξήγειρέ
2776 2361 2864 2414 με,
2892 2344 2950 2398 ὃν
2974 2347 3174 2416 τρόπον
3197 2347 3273 2402 ὅτ’
3309 2349 3376 2402 ἂν
3413 2350 3675 2422 ἐξεγερθῇ

2095 2433 2380 2507 ἄνθρωπος
2409 2434 2466 2500 ἐξ
2504 2434 2671 2488 ὕπνου
2703 2435 2888 2490 αὐτοῦ’
2923 2438 3017 2490 καὶ
3059 2433 3179 2492 εἶπε
3211 2441 3344 2509 πρός
3377 2458 3479 2510 με’
3505 2443 3574 2496 Τί
3612 2448 3675 2496 σὺ

2100 2525 2313 2596 βλέπεις
2334 2543 2349 2592 ;
2383 2545 2400 2578 ι
2415 2527 2678 2595 ’Ἄγγελον
2699 2529 2857 2583 πάλιν
2874 2531 2963 2582 τὸν
2981 2535 3037 2584 ἐν
3055 2533 3202 2602 αὐτῷ
3219 2532 3481 2586 λαλοῦντα
3496 2536 3677 2605 δηλῶν

2097 2619 2302 2670 ἐκεῖνον
2317 2617 2406 2669 τὸν
2423 2619 2478 2670 ἐν
2492 2617 2777 2688 ἀνθρώπου
2795 2623 2975 2690 μορφῇ
2996 2623 3050 2672 ἐν
3070 2623 3219 2693 μέσῳ
3237 2624 3343 2676 τῶν
3361 2629 3679 2680 κατασκίων

2095 2709 2265 2779 ὀρέων
2294 2709 2377 2777 ἐφ’
2409 2710 2575 2761 ἵππου
2603 2710 2838 2778 φανέντα
2869 2713 3076 2784 πυρῤοῦ
3098 2732 3113 2744 ο
3137 2716 3541 2787 μεμαθήκαμεν
3568 2722 3679 2791 γὰρ

2095 2801 2159 2851 ἐκ
2191 2799 2298 2851 τῶν
2334 2799 2621 2871 ἀνωτέρων
2656 2801 2918 2871 ἀκριϐῶς,
2953 2805 3032 2856 ὅτι
3063 2806 3224 2859 αὑτὸν
3255 2808 3460 2861 ἐκεῖνον
3489 2813 3548 2862 ἐν
3581 2814 3680 2862 αὖ·

2094 2891 2170 2962 τῷ
2217 2892 2480 2946 λαλοῦντα
2522 2893 2797 2963 πανταχοῦ
2847 2893 3025 2963 λέγει·
3071 2899 3089 2966 (
3111 2913 3163 2968 p.
3201 2898 3324 2970 466)
3359 2900 3416 2952 ὃν
3452 2903 3546 2954 καί
3582 2902 3681 2955 νῦν

2102 3001 2266 3055 φησιν
2315 2985 2588 3056 ἐξεγεῖραι
2635 2986 2732 3055 μὲν
2785 2987 2946 3040 αὐτὸν
2993 2987 3067 3051 ὡς
3113 2989 3177 3042 ἂν
3216 2991 3274 3057 ἐξ
3319 2991 3490 3046 ὕπνου
3529 2995 3680 3058 τινὸς

2101 3078 2464 3148 κατεχόμενον
2498 3079 2562 3148 τῇ
2585 3077 2692 3130 τῶν
2723 3078 2822 3148 ἤδη
2851 3079 3172 3150 δειχθέντων
3202 3081 3403 3155 θεωρία
3423 3103 3435 3114 ο
3467 3088 3597 3157 περὶ
3619 3087 3678 3140 δὲ

416 3175 862 3247 templatiouem;
913 3181 966 3228 et
995 3173 1061 3227 de
1102 3181 1370 3244 praesente
1422 3178 1640 3227 ostento
1677 3172 1987 3242 interroga-

2095 3170 2203 3223 τῶν
2224 3171 2319 3224 νῦν
2344 3170 2708 3239 δεικνυμένων
2731 3171 2891 3225 πάλιν
2918 3172 3202 3242 ἐρωτῶντα
3226 3176 3386 3227 αὑτὸν
3412 3177 3440 3229 ὅ
3462 3194 3514 3228 τι
3541 3178 3675 3230 ποτὲ

416 3279 553 3331 tum,
582 3267 844 3338 quidnam
891 3265 1100 3321 videret
1134 3283 1148 3320 :
1181 3274 1240 3319 ut
1276 3265 1392 3336 ipse
1428 3265 1684 3320 videlicet
1723 3265 1992 3319 visionem

413 3361 862 3421 suamrecitaret,
931 3358 1022 3413 ille
1057 3365 1238 3413 autem
1284 3360 1485 3412 ostenti
1545 3372 1768 3412 sensum
1809 3357 1994 3426 expla-

416 3459 593 3506 naret.
627 3469 646 3502 ι
677 3450 741 3504 Et
776 3451 889 3504 dixi
921 3467 934 3504 :
1015 3449 1165 3513 Vidi,
1218 3458 1271 3504 et
1297 3465 1424 3504 ecce
1463 3449 1857 3504 candelabrum
1891 3465 1992 3502 au»

416 3559 589 3606 reum,
619 3550 673 3597 et
702 3542 912 3612 lampas
939 3556 1106 3610 super
1133 3540 1276 3610 ipso,
1309 3549 1362 3594 et
1391 3539 1628 3594 lucerna:
1661 3547 1867 3608 septem
1901 3554 1992 3593 su-

415 3648 512 3702 per
537 3632 747 3697 eodem,
775 3646 880 3684 una
917 3631 1292 3695 dextrorsum,
1331 3633 1503 3684 altera
1530 3629 1931 3684 sinistrorsum.
1967 3649 1985 3680 ι

413 3721 812 3777 Candelabrum
837 3721 1077 3792 quidem,
1123 3721 1383 3776 indicium
1431 3721 1629 3774 divina?
1655 3720 1843 3790 gratia:
1882 3727 1988 3784 est,

416 3815 470 3870 in
495 3825 637 3868 terra
673 3813 894 3883 quidem
931 3829 1228 3878 succensae,
1279 3813 1371 3868 sed
1411 3828 1585 3884 usque
1617 3811 1684 3866 ad
1724 3827 1811 3868 res
1844 3815 1988 3865 ultra

416 3913 614 3960 terram
645 3904 852 3974 positas
881 3903 1252 3971 devenientis;
1296 3906 1494 3974 quippe
1525 3919 1644 3974 qua:
1683 3904 1870 3958 omnia
1899 3903 1994 3957 ad-

415 3998 729 4051 ministrat:
765 4012 928 4067 quam
973 3997 1138 4050 etiam
1175 3997 1340 4067 310
1375 4004 1543 4060 recte,
1591 4011 1689 4050 ceu
1729 3994 1987 4066 grandem

415 4098 576 4158 atque
607 4089 895 4148 illustrem.
931 4088 1065 4142 vidit
1095 4103 1314 4142 auream
1350 4097 1540 4150 totam,
1569 4089 1698 4157 quia
1726 4103 1834 4155 prae
1861 4102 1990 4157 qua-

415 4183 546 4236 libet
594 4187 810 4234 terrena
851 4180 1077 4234 materia
1130 4179 1589 4250 pretiosissimum
1644 4196 1838 4236 aurum
1882 4188 1985 4234 est.

413 4272 531 4328 Jam
567 4273 773 4342 lampas
800 4270 880 4325 illi
923 4270 1180 4340 imposita
1211 4270 1556 4326 demonstrat
1587 4273 1889 4327 radiantem
1920 4271 1990 4326 ab

413 4364 523 4417 alto
544 4377 707 4432 super
738 4375 930 4415 omnes
965 4360 1268 4431 terrigenas
1291 4376 1358 4415 ex
1376 4361 1560 4415 divina
1586 4363 1761 4433 gratia
1787 4363 1986 4416 lucem.

415 4452 573 4508 Videt
602 4459 784 4506 autem
819 4450 1073 4506 lucernas
1096 4459 1326 4521 septem,
1359 4459 1416 4504 ut
1444 4453 1836 4520 perfectionem
1894 4469 1987 4506 co-

2097 3260 2306 3330 βλέποι,
2343 3260 2408 3314 ἵν’
2439 3261 2468 3312 6
2501 3261 2598 3331 μὲν
2627 3262 2753 3332 εἴπῃ
2782 3259 2879 3331 τὴν
2903 3262 3043 3330 ὄψιν,
3077 3265 3104 3314 6
3135 3263 3190 3316 δέ
3220 3263 3327 3316 τῶν
3354 3265 3678 3335 δειχθέντων

2092 3351 2308 3424 δηλώσῃ
2334 3351 2424 3406 τὸν
2447 3350 2588 3405 νοῦν.
2621 3352 2781 3420 Λέγει
2803 3352 2978 3406 τοίνυν
2997 3370 3011 3384 ο
3045 3376 3063 3406 ι
3104 3357 3212 3408 Καὶ
3237 3351 3388 3410 εἶπον
3406 3374 3417 3386 ·
3461 3358 3676 3429 Ἑώρα-

2094 3463 2164 3497 κα
2186 3488 2199 3510 ,
2245 3447 2337 3498 καὶ
2387 3445 2494 3498 ίδοὺ
2545 3444 2733 3514 λυχνία
2771 3444 2948 3516 χρυσῆ
2979 3445 3108 3516 ὅλη,
3144 3446 3235 3499 καὶ
3279 3447 3339 3500 τὸ
3368 3447 3680 3518 λαμπάδιον

2094 3537 2277 3590 ἐπάκω
2315 3538 2505 3608 αὐτῆς,
2545 3540 2640 3592 καὶ
2684 3540 2826 3594 ἑπτά
2872 3538 3055 3610 λύχνοι
3101 3541 3284 3593 ἐπάνω
3335 3541 3538 3610 αὐτῆς·
3578 3545 3678 3595 καί⁹

2092 3627 2186 3680 δύο
2227 3627 2402 3680 ἐλαῖαι
2431 3628 2614 3681 ἐπάνω
2647 3627 2818 3698 αὐτῆς
2838 3669 2852 3692 ,
2884 3627 2982 3699 μία
3020 3629 3083 3681 ἐκ
3109 3627 3300 3692 δεξιῶν
3327 3630 3420 3683 τοῦ
3447 3630 3676 3702 λαμπα-

2092 3720 2203 3772 δίου
2230 3720 2419 3790 αὐτῆς,
2458 3720 2551 3773 καὶ
2579 3720 2678 3790 μία
2707 3720 2768 3785 ἐξ
2793 3720 3108 3791 εὐωνύμων.
3153 3741 3171 3773 ι
3224 3723 3286 3774 Ἠ
3313 3722 3414 3791 μὲν
3450 3723 3672 3794 λυχνία,

2092 3811 2322 3883 δήλωσις
2349 3811 2447 3882 τῆς
2479 3811 2630 3875 θείας
2655 3811 2874 3883 χάριτός
2903 3813 3070 3874 ἐστιν,
3093 3813 3403 3883 ἁπτομένης
3435 3814 3534 3884 μὲν
3562 3816 3676 3869 τῶν

2092 3903 2184 3955 ἐπὶ
2215 3903 2337 3972 γῆς,
2375 3901 2668 3974 διηκούσης
2696 3903 2752 3956 δὲ
2789 3903 2916 3972 ἄχρι
2950 3902 3056 3953 τῶν
3089 3903 3227 3973 ὑπὲρ
3276 3904 3376 3974 γῆν
3413 3909 3668 3977 πραγμά-

2092 4013 2220 4058 των,
2251 3997 2342 4048 ἆτε
2372 3995 2481 4048 τῶν
2508 3996 2763 4048 ἁπάντων
2797 3996 2968 4065 ταύτῃ
3006 3994 3390 4061 διοικουμένων
3414 4014 3425 4027 ·
3468 3999 3534 4067 ἣν
3578 4002 3676 4052 καὶ

2093 4089 2314 4152 εἰκότως
2349 4087 2424 4152 ῶς
2466 4088 2710 4158 μεγάλην
2749 4105 2806 4140 τε
2841 4089 2934 4140 καὶ
2963 4088 3266 4157 περιφανῆ,
3303 4090 3511 4160 χρυσῆν
3543 4091 3674 4162 ὃλην

2091 4180 2250 4237 εἶδεν.
2317 4181 2534 4253 Ἐπειδὴ
2567 4182 2764 4254 χρυσὸς
2802 4183 3026 4235 ἀπασῶν
3073 4184 3181 4235 τῶν
3225 4183 3329 4235 ἀπὸ
3377 4185 3480 4254 γῆς
3528 4184 3673 4236 ὑλῶν

2093 4276 2210 4327 ἐστι
2251 4275 2312 4327 τὸ
2351 4273 2717 4344 τιμιώτατον·
2750 4274 2810 4326 τὸ
2848 4273 2905 4326 δὲ
2945 4276 3132 4329 ἐπάνω
3159 4276 3324 4346 αὐτῆς
3366 4275 3674 4345 λαμπάδιον

2091 4368 2240 4436 δηλοῖ
2274 4367 2333 4418 τί)
2362 4368 2427 4418 ἐκ
2450 4365 2550 4436 τῆς
2575 4365 2796 4438 χάριτος
2825 4365 2924 4436 τῆς
2950 4365 3099 4430 θείας
3129 4367 3187 4434 ἐξ
3229 4366 3394 4435 ὕψους
3423 4368 3674 4431 ἅπαντας

2092 4462 2218 4522 τοὺς
2249 4460 2338 4511 ἐπὶ
2366 4459 2466 4529 γῆς
2498 4457 2838 4528 περιλάμπον
2863 4458 2978 4527 φῶς
2997 4475 3010 4488 °
3035 4459 3178 4512 ἑπτά
3205 4460 3260 4512 δὲ
3287 4460 3515 4530 λύχνους
3543 4463 3668 4532 ὁρᾷ,

412 4547 668 4617 piamque
723 4543 911 4614 gratiae
958 4541 1244 4610 ostendat;
1304 4543 1473 4598 veluti
1509 4544 1765 4614 superius
1807 4544 1987 4597 aiebat

2094 4551 2151 4602 τὸ
2173 4549 2375 4603 τέλειόν
2410 4567 2467 4602 τε
2504 4549 2597 4603 καὶ
2639 4549 2890 4602 πλούσιον
2918 4552 3014 4620 τῆς
3055 4551 3273 4621 χάριτος
3299 4552 3516 4616 δεικνύς
3537 4570 3550 4582 ·
3593 4555 3670 4616 ὡς

413 4639 576 4704 Deus,
615 4655 632 4686 ι
659 4647 828 4702 super
847 4648 955 4685 uno
974 4632 1153 4703 lapide
1171 4634 1362 4688 oculos
1380 4642 1610 4702 septem,
1633 4654 1649 4684 ι
1683 4634 1753 4688 ob
1781 4635 1989 4705 signiti-

413 4727 642 4783 candam
696 4724 1051 4802 providentiae
1108 4739 1220 4777 suae
1262 4723 1717 4793 magnitudinem.
1786 4725 1991 4782 Deinde

413 4829 602 4872 narrat
628 4817 882 4885 utrinque
935 4815 990 4868 in
1041 4815 1374 4869 candelabro
1415 4817 1588 4878 oleas,
1638 4817 1988 4871 dextrorsum

412 4924 598 4969 unam,
625 4907 1004 4962 sinistrorsum
1037 4906 1262 4961 alteram
1302 4921 1462 4976 :quaa
1504 4922 1592 4961 res
1624 4923 1852 4978 regnum
1889 4907 1988 4963 de-

412 4999 634 5053 dolabat
689 5012 752 5051 ac
791 4996 1336 5066 sacerdotium;quze
1377 4997 1487 5052 duo
1533 4997 1817 5069 dignitatis
1863 4999 1984 5052 cul-

413 5091 556 5145 mina
583 5090 724 5142 inter
750 5090 998 5144 homines
1029 5104 1153 5144 esse
1187 5088 1330 5144 Deus
1361 5090 1645 5145 constituit
1684 5109 1697 5144 :
1724 5101 1776 5145 et
1808 5091 1985 5143 abillo

409 5181 630 5249 quidem
672 5181 887 5247 negotia
933 5179 1182 5240 tractari,
1233 5196 1354 5250 quae
1407 5183 1471 5236 ad
1534 5184 1822 5252 przesentis
1863 5184 1985 5237 vita:

409 5279 611 5326 statum
647 5280 774 5325 sunt
806 5271 1037 5336 idonea;
1064 5273 1131 5324 ab
1162 5271 1263 5326 hoc
1302 5287 1480 5330 autem
1523 5275 1768 5330 homines
1812 5292 1984 5344 usque

408 5364 474 5420 ad
520 5362 684 5418 Deum
726 5363 1023 5418 admoveri.

482 5453 649 5509 Vnus.
693 5453 808 5509 4-7.
849 5484 918 5494 -
959 5455 1252 5529 Postquam
1298 5460 1411 5514 haec
1445 5462 1638 5529 angelo
1681 5476 1737 5517 se
1778 5462 1982 5516 vidisse

408 5545 548 5599 dixit
583 5545 867 5614 propheta,
906 5547 984 5602 sic
1026 5552 1375 5621 prosequitur
1411 5572 1423 5606 :
1461 5571 1478 5601 ι
1508 5551 1574 5605 Et
1623 5552 1977 5624 interrogavi,

407 5636 629 5707 dixique
696 5638 908 5708 angelo,
967 5643 1059 5710 qui
1112 5642 1437 5712 loquebatur
1483 5643 1536 5696 in
1584 5659 1689 5706 me,
1744 5644 1977 5698 dicens:

404 5727 542 5796 Quid
579 5737 706 5785 sunt
731 5729 869 5798 inec,
895 5730 1587 5804 Domine?licsponditquc
1618 5735 1841 5807 angelus
1882 5737 1974 5806 qui

2091 4642 2349 4712 ἀνωτέρω
2390 4641 2536 4710 λέγει
2581 4641 2663 4707 τὸ,
2707 4661 2726 4692 ‹
2779 4643 2900 4696 Ἐπὶ
2942 4644 3033 4696 τὸν
3074 4644 3218 4697 λίθον
3259 4646 3348 4697 τὸν
3388 4646 3482 4698 ἕνα
3529 4647 3674 4698 ἑπτὰ

2089 4733 2354 4804 ὀφθαλμοί
2375 4735 2531 4796 εἰσιν,
2567 4753 2583 4785 ι
2613 4735 2702 4788 ἵνα
2723 4735 2851 4806 εἴπῃ
2875 4737 2971 4806 τῆς
2997 4737 3317 4807 ἐπιμελείας
3338 4739 3438 4807 τῆς
3460 4740 3672 4803 οίκείας

2087 4823 2148 4877 τὸ
2181 4823 2428 4896 μέγεθος.
2462 4821 2595 4878 Εἶτα
2624 4825 2962 4897 ἑκατέρωθεν
2993 4829 3089 4880 τοῦ
3125 4828 3428 4899 λαμπαδίου
3459 4830 3667 4892 ἐλαίας,

2085 4915 2184 4984 τὴν
2217 4915 2315 4985 μὲν
2346 4916 2409 4968 ἐκ
2439 4914 2648 4978 δεξιῶν,
2679 4917 2778 4987 τὴν
2797 4916 2856 4969 δὲ
2883 4916 2943 4982 ἐξ
2964 4918 3278 4989 εὐωνύμων
3308 4920 3446 4989 ὅπερ
3477 4920 3668 4989 ἐδήλου

2091 5007 2188 5073 τήν
2216 5021 2272 5057 τε
2305 5005 2582 5074 βασιλείαν
2613 5007 2705 5059 καὶ
2731 5007 2828 5075 τὴν
2864 5007 3182 5078 ἱερωσύνην,
3215 5011 3354 5083 άπερ
3386 5012 3673 5082 ἀκρότατα

2094 5096 2244 5165 παρὰ
2281 5101 2394 5160 τοῖς
2422 5097 2730 5168 ἀνθρώποις
2771 5095 2909 5152 εἶναι
2948 5101 3179 5154 δέδωκεν
3226 5104 3254 5154 6
3305 5102 3455 5165 Θεὸς·
3497 5103 3574 5165 ὠς
3605 5107 3668 5171 τῇ

2091 5188 2191 5258 μὲν
2221 5189 2537 5243 διοικεῖσθαι
2564 5191 2632 5243 τά
2657 5192 2791 5262 πρὸς
2818 5192 2912 5263 τὴν
2934 5193 3024 5246 τοῦ
3060 5195 3319 5264 παρόντος
3347 5194 3465 5263 βίου
3499 5199 3671 5249 κατά-

2091 5295 2280 5331 στασιν
2316 5281 2596 5350 ἐπιτήδεια
2617 5323 2630 5345 ,
2659 5283 2756 5353 τὴν
2800 5282 2856 5334 δέ
2889 5284 3139 5354 αὐτάρκη
3165 5284 3450 5353 τυγχάνειν
3501 5287 3582 5350 είς
3613 5286 3672 5338 τὸ

2088 5370 2384 5438 προσάγειν
2421 5370 2740 5440 ἀνθρώπους
2771 5371 2911 5442 Θεῷ.

2159 5460 2306 5530 Στίχ.
2337 5461 2478 5524 δ’-ςκ
2511 5493 2579 5502 ——
2611 5464 2685 5533 (p.
2723 5463 2849 5530 467)
2897 5464 3082 5518 Ταῦτα
3128 5467 3262 5536 πρὸς
3300 5468 3389 5520 τὸν
3435 5467 3671 5536 ἄγγελον

2088 5554 2394 5622 ἑωρακέναι
2434 5558 2461 5608 ὁ
2510 5559 2794 5628 προφήτης
2833 5557 3040 5621 είπὼν,
3083 5560 3312 5628 ἐπάγειο
3367 5579 3384 5610 ι
3433 5563 3544 5613 Καὶ
3574 5563 3671 5612 ἐπ-

2087 5644 2368 5718 ηρώτησα,
2391 5648 2483 5701 καὶ⁵
2502 5645 2655 5702 εἷπον
2681 5649 2817 5719 πρὸς
2844 5651 2934 5704 τὸν
2958 5652 3183 5720 ἄγγελον
3205 5653 3294 5705 τὸν
3323 5653 3591 5707 λαλοῦντα
3618 5657 3671 5706 ἐν

2087 5739 2227 5808 ἐμοὶ.
2257 5738 2463 5808 λέγων’
2503 5741 2568 5794 Τί
2610 5741 2725 5796 ἐστι
2756 5740 2959 5810 ταῦτα,
2999 5743 3204 5816 Κύριε;
3238 5745 3346 5798 Καὶ
3393 5745 3668 5817 ἀπεκρὶθη
