3856 6226
215 362 322 418 ῢὲξί)

1121 357 1670 415 COMMENTARIUS
1710 356 1774 411 IN
1817 354 2189 412 ZACHARM‘J
2233 356 2384 413 CAP.
2420 353 2505 409 Ν.

3382 361 3488 416 530

215 479 246 530 6
288 475 516 543 ἄγγελος
548 475 575 526 6
600 473 776 527 λαλῶν
808 477 863 527 ὲν
891 475 1031 544 ἐμοὶ,
1063 477 1154 528 καὶ
1184 472 1302 529 εἷπε
1338 476 1473 546 πρός
1507 491 1572 544 με
1605 473 1794 541 λέγων·

1906 471 2232 540 loquebatur
2263 471 2317 524 in
2347 484 2452 536 me,
2490 478 2674 539 aitque
2707 469 2837 522 mihi
2894 470 3085 527 dicens
3118 492 3128 526 :
3159 471 3282 527 Non,
3312 490 3487 542 agno-

217 568 295 619 0-3
321 564 613 635 γινώσκεις
634 565 686 618 τί
713 567 827 617 ἐστι
859 565 1031 618 ταῦτα
1055 583 1066 630 ;
1093 565 1203 620 Καὶ
1226 560 1399 628 εἶπον,
1422 565 1577 633 Οὐχὶ,
1606 563 1798 634 Κύριε.

213 659 329 710 Καὶ
366 658 641 728 ἀπεκρίθη
673 657 768 709 καὶ
799 651 919 708 εἷπε
951 655 1085 728 πρός
1120 675 1185 727 με
1215 656 1418 725 λέγων’
1468 650 1634 719 Οὗτος
1664 658 1691 709 6
1718 655 1804 708 λό⁴

216 767 314 818 γος
353 751 560 820 Κυρίου
593 749 730 819 πρὸς
761 747 1066 818 Ζοροϐάϐελ
1096 749 1293 816 λέγων,
1340 749 1454 802 Οὐκ
1486 752 1543 803 ἐν
1576 749 1801 820 δυνάμει

220 840 468 910 μεγάλῃ,
500 840 620 892 οὐδὲ
651 841 708 891 ἐν
744 840 917 908 ἰσχύϊ,
955 839 1068 892 ἀλλ’
1098 843 1153 892 ὲν
1190 840 1467 910 Πνεύματί
1499 857 1619 909 μου,
1657 840 1802 908 λέγει

217 932 425 1002 Κύριος
458 933 872 1002 παντοκράτωρ.
916 951 934 982 ι
975 925 1144 994 Οὗτος
1175 931 1239 1000 δὴ
1275 933 1304 982 δ
1334 931 1563 1000 ἄγγελος
1583 971 1597 994 ν
1645 931 1703 984 δν
1745 931 1802 984 ἐν

217 1021 373 1090 αὑτῴ
412 1021 593 1075 λαλεῖν
629 1023 656 1074 6
701 1023 989 1092 προφήτης
1041 1021 1210 1090 λέγει,
1253 1017 1408 1085 οὗτος
1457 1021 1521 1092 δὴ
1571 1022 1664 1074 καὶ⁸
1703 1021 1803 1085 τὰς

218 1112 362 1182 ὑπὲρ
391 1113 488 1181 τῆς
526 1111 882 1183 Ἰερουσαλὴμ
914 1112 1128 1182 δεήσεις
1162 1111 1317 1182 ὤφθη
1352 1113 1690 1182 ποιούμενος,
1727 1112 1802 1176 ὼς

218 1205 478 1257 ἁπάντων
517 1206 615 1274 μὲν
660 1204 766 1256 τῶν
811 1205 950 1259 κατά
1000 1206 1097 1274 τὴν
1149 1205 1406 1258 Ἰουδαίαν
1439 1205 1536 1276 τὴν
1580 1207 1803 1257 ἐπιστα-

219 1297 343 1350 σίαν
394 1299 898 1367 ἐπιτετραμμένος·
938 1300 1250 1367 ἀναγκαίως
1292 1300 1348 1352 δὲ
1383 1301 1476 1353 καὶ
1523 1301 1664 1372 ὑπὲρ
1704 1300 1802 1370 τὴν

215 1387 399 1441 αὐτῶν
432 1387 615 1457 δέησιν
655 1391 946 1459 προσάγων
981 1389 1057 1460 τῷ
1088 1391 1225 1462 Θεῷ.
1269 1391 1428 1445 Ὅθεν
1463 1391 1556 1444 καὶ
1587 1395 1615 1445 6
1656 1411 1802 1462 προ-

220 1481 402 1549 φήτης
424 1478 614 1532 τοῦτον
651 1481 744 1533 καὶ
771 1483 971 1552 ἐρωτᾷ,
1003 1484 1097 1536 καὶ
1126 1483 1195 1536 τὰ
1237 1484 1359 1536 καθ’
1396 1483 1625 1538 ἕκαστον
1663 1503 1799 1556 μαν-

218 1568 400 1620 θάνεγ
434 1569 621 1640 ἐπειδὴ
653 1571 868 1624 πάντων
907 1572 1018 1626 τῶν
1049 1573 1366 1643 δειχθέντων
1396 1575 1627 1643 δήλωσιν
1659 1577 1803 1646 ἐχόν-

216 1675 348 1719 των,
398 1659 495 1729 τῆς
544 1661 671 1731 περί
711 1678 769 1713 τε
805 1662 901 1732 τὴν
935 1664 1088 1717 πόλιν
1119 1667 1214 1718 καὶ
1257 1665 1318 1717 τὸ
1351 1665 1500 1729 ἔθνος
1536 1667 1627 1719 τοῦ
1665 1653 1823 1720 Θεοῖί

220 1747 555 1817 φιλοτιμίας,
605 1752 919 1818 ἀναγκαίως
961 1754 1267 1825 ἥρμοττεν,
1312 1757 1459 1826 παρά
1501 1757 1692 1811 τούτου
1729 1759 1797 1812 τὰ

219 1838 558 1893 καθέκαστον
591 1841 700 1894 τῶν
721 1844 1108 1916 δεικνυμένων,
1142 1848 1292 1908 ὅπως
1318 1849 1451 1918 έχοι,
1483 1851 1795 1921 μανθάνειν.

220 1928 510 1999 Συντόμως
539 1929 632 1985 οὖν
663 1931 812 1989 εἶπεν
843 1937 992 2007 αὐτῷ
1022 1939 1129 1990 τῶν
1162 1939 1480 2010 δειχθέντων
1511 1944 1608 2014 τὴν
1638 1945 1800 2000 δύνα-

221 2038 335 2090 μιν.
369 2022 449 2074 ὅτι
481 2023 582 2094 τῆς
614 2026 836 2096 χάριτός
863 2029 978 2080 ἐστι
1007 2029 1240 2098 δήλωσις
1272 2032 1370 2101 τῆς
1406 2033 1586 2098 θείας,
1632 2037 1664 2106 ἦ
1705 2038 1800 2090 καὶ

215 2113 320 2182 τὴν
388 2114 480 2167 τοῦ
545 2119 849 2188 Ζοροϐάϐελ
909 2124 1326 2192 προεχειρίσατο
1385 2125 1689 2194 βασιλείαν·
1741 2130 1799 2194 ὃς

216 2206 432 2261 οἴκοθεν
487 2209 586 2278 μὲν
632 2210 854 2266 δύναται
902 2215 994 2267 καὶ
1042 2216 1297 2288 καθ’⁴τῇ
1350 2217 1464 2290 θείᾳ
1502 2221 1802 2293 προϐεϐλη-

220 2299 412 2367 μένος,
448 2301 618 2374 ταύτῃ
651 2305 745 2357 καὶ
797 2305 1056 2360 δύνασθαι
1091 2308 1220 2378 ἔχει.
1263 2311 1426 2364 Ὅθεν
1459 2314 1552 2367 καὶ
1583 2314 1797 2379 δεικνὺς

213 2391 318 2459 τῆς
385 2395 512 2464 περὶ
572 2395 732 2447 αὑτὸν
795 2397 1002 2468 δωρεᾶς
1058 2401 1218 2454 αὑτὸν
1292 2403 1442 2457 οὐδὲν
1501 2406 1797 2476 κατορθοῦν

215 2481 323 2534 τῶν
372 2485 452 2548 είς
499 2486 602 2557 τὴν
653 2486 931 2556 βασιλείαν
979 2493 1220 2562 ἡκόντων
1270 2496 1364 2548 καὶ
1391 2496 1490 2566 τὴν
1535 2497 1627 2550 τοῦ
1665 2498 1795 2552 λαοῦ

217 2576 586 2642 προστασίαν.
622 2580 686 2647 τῇ
726 2579 781 2631 δὲ
828 2580 1012 2650 χάριτι
1066 2582 1126 2634 τὸ
1158 2583 1406 2652 μέγεθος,
1458 2605 1476 2635 ι
1512 2586 1608 2650 Τίς
1634 2589 1682 2640 εί
1731 2590 1795 2642 σὺ

214 2663 277 2715 τὸ
304 2664 428 2732 ligo;
454 2666 512 2718 τὸ
553 2667 693 2737 μέγα
745 2669 850 2740 πρὸ
884 2670 1170 2741 προσώπου
1203 2675 1504 2745 Ζοροϐάϐελ.
1532 2677 1626 2730 τοῦ
1666 2697 1796 2732 κατ-

216 2755 489 2823 ορθῶσαις
551 2761 644 2812 καὶ
693 2761 886 2826 ἐξοίσω
928 2763 1018 2814 τὸν
1064 2763 1209 2817 λίθον
1253 2767 1348 2834 τῆς
1398 2765 1794 2840 κληρονομίας,

218 2843 443 2916 ἰσότητα
487 2849 706 2920 χάριτος
751 2852 936 2922 αὐτῆς.
981 2872 998 2904 ι
1061 2855 1151 2924 (p.
1201 2856 1340 2926 463)
1408 2859 1626 2931 Ἐπειδὴ
1687 2861 1797 2932 γάρ

213 2935 362 2989 λίθον
406 2938 658 3009 ὠνόμασε
685 2941 778 2994 τὸν
804 2944 1105 3013 Ζοροϐάϐελ
1126 2985 1139 3008 ,
1172 2947 1296 3016 ὅρος
1325 2947 1470 3016 λέγει
1501 2950 1644 3020 μέγα
1671 2953 1798 3015 τοὺς

213 3029 358 3096 ἄγαν
406 3030 665 3096 δυνατοὺς
708 3036 766 3086 ἐν
808 3034 1049 3106 βασιλείᾳ
1074 3054 1132 3090 τε
1172 3039 1266 3091 καὶ
1297 3041 1672 3110 στρατοπέδων
1702 3045 1797 3096 καὶ

217 3118 476 3188 ὑπηκόων
525 3122 739 3192 πλήθει.
787 3124 882 3187 Τίς
933 3127 1041 3196 γάρ
1067 3127 1150 3199 δὴ,
1199 3130 1394 3200 φησὶν,
1442 3131 1583 3184 οὕτω
1623 3132 1796 3201 μέγας

215 3204 386 3269 ἐστὶν,
417 3206 449 3276 ἢ
478 3206 619 3262 οὕτω
655 3211 798 3280 μέγα
819 3212 1113 3284 δυνάμενος
1138 3215 1225 3269 διά
1265 3235 1321 3269 τε
1353 3218 1414 3272 τὸ
1456 3219 1658 3289 πλῆθος
1687 3221 1794 3276 τῶν

215 3296 477 3368 ὑπηκόων
509 3303 600 3352 καὶ
646 3303 743 3372 τὴν
780 3302 874 3357 τοῦ
907 3306 1186 3360 ὁπλιτικοῦ
1233 3311 1586 3382 παρασκευὴν
1607 3353 1620 3375 ,
1654 3314 1794 3367 ὥστε

213 3387 508 3459 δυνηθῆναι
546 3393 872 3459 ἀπεναντίας
900 3414 949 3449 τι
985 3398 1077 3451 τοῦ
1112 3401 1413 3470 Ζοροϐάϐελ
1464 3405 1706 3473 ίσχύσαι;
1735 3405 1794 3459 ὂν

212 3480 459 3551 διάδοχον
488 3484 586 3553 τῆς
619 3485 905 3557 βασιλικῆς
958 3490 1243 3556 ἀποδείξας
1290 3494 1680 3566 κληρονομίας,
1725 3492 1793 3569 ἦς

214 3573 314 3635 τάς
362 3575 692 3642 ἐπαγγελίας
746 3579 882 3650 πρὸς
929 3581 1019 3634 τὸν
1076 3585 1396 3656 προπάτορα
1446 3588 1538 3640 τοῦ
1603 3590 1792 3657 γένους

215 3665 584 3737 ἐποιησάμην,
617 3667 759 3736 λέγω
787 3669 841 3722 δὲ
867 3670 957 3724 τὸν
983 3672 1166 3736 Δαυῒδ,
1196 3673 1315 3728 ὂλον
1338 3676 1403 3728 δι’
1432 3679 1554 3730 ὅλου
1579 3679 1678 3749 τῆς
1697 3680 1793 3750 χά-

219 3773 368 3826 ριτος
395 3757 667 3829 πληρὼσω
688 3760 787 3831 τῆς
821 3763 992 3832 ἐμῆς.
1027 3764 1195 3818 Τοῦτο
1241 3766 1347 3840 γὰρ
1384 3769 1603 3838 ἰσότητα
1648 3770 1792 3840 λέγει

215 3847 456 3916 χάριτος,
494 3849 586 3918 ἀφ’
623 3845 803 3922 ἧσπερ
837 3852 984 3923 αὐτῷ
1028 3855 1336 3924 ἀναγκαίως
1389 3861 1681 3930 προσέσται
1732 3863 1792 3917 τὸ

218 3941 433 4008 μεγάλα
481 3943 622 4011 ὑπὲρ
659 3945 767 3997 τῶν
809 3945 1025 3998 οἰκείων
1073 3949 1465 4020 στρατηγοῦντι
1501 3950 1790 4023 δυνηθῆναι

215 4030 358 4083 κατὰ
387 4031 494 4084 τῶν
524 4033 800 4088 ἐναντίων,

216 4148 229 4162 -
289 4121 436 4192 Στίχ.
460 4123 601 4186 η’-ι’.
639 4154 702 4163 -
733 4121 866 4182 Εἶτα
905 4128 1000 4190 τὰς
1035 4129 1368 4197 ἐπαγγελίας
1399 4130 1497 4194 τὰς
1529 4133 1658 4203 περὶ
1695 4135 1793 4188 αὐ-

215 4208 306 4260 τὸν
339 4208 574 4277 βεϐαιῶν
600 4227 613 4240 θ
657 4230 674 4262 t
715 4213 825 4265 Καὶ
860 4215 1077 4281 ἐγένετο
1121 4216 1277 4285 λόγος
1310 4219 1513 4288 Κυρίου
1555 4222 1692 4292 πρός
1722 4242 1789 4294 με

214 4300 410 4369 λέγων,
451 4303 516 4354 Αἱ
547 4304 726 4373 χεῖρες
769 4305 1074 4376 Ζοροϐάϐελ
1107 4307 1477 4377 ἐθεμελίωσαν
1515 4312 1608 4365 τὸν
1639 4310 1790 4368 οἷκον

211 4391 424 4455 τοῦτον,
453 4394 546 4446 καὶ
567 4396 620 4446 αί
648 4397 828 4466 χεῖρες
859 4397 1021 4450 αὐτοῦ
1057 4398 1459 4456 ὲπιτελέσουσιν
1486 4403 1668 4456 αὐτόν’
1696 4407 1790 4459 καὶ

1909 561 2018 615 scis
2046 559 2176 630 quid
2207 569 2336 614 sunt
2366 560 2524 614 haec?
2556 559 2622 614 Et
2649 561 2764 615 dixi
2793 561 3210 632 :Nequaquam,
3243 563 3489 620 Domine.

1911 651 1976 704 Et
2023 651 2326 721 respondit,
2373 651 2616 721 mihique
2661 653 2737 706 ait
2787 655 3013 709 dicens:
3049 654 3154 710 lste
3191 665 3276 711 est
3310 672 3492 711 sermo

1913 741 2124 795 Domini
2150 741 2216 795 ad
2253 739 2640 796 Zurobahelem
2675 741 2864 796 dicens
2893 762 2906 798 :
2936 743 3053 798 Non
3087 745 3139 798 in
3170 745 3492 800 fortitudine

1913 847 2127 901 magna,
2159 848 2334 901 neque
2368 833 2422 885 in
2448 833 2679 896 viribus,
2736 834 2830 889 sed
2868 836 2919 888 in
2947 836 3154 906 Spiritu
3182 852 3330 902 meo,
3364 837 3494 894 dicit

1913 923 2559 992 Dominusomnipotens.
2587 945 2604 977 ι
2628 926 2735 982 Iste
2750 927 2996 998 angelus,
3025 941 3188 994 quem
3217 927 3272 980 in
3309 943 3368 982 se
3409 928 3480 981 lo-

1907 1021 2166 1083 quentem
2195 1015 2459 1085 propheta
2504 1025 2716 1082 narrat,
2769 1016 2910 1070 idem
2949 1017 3040 1071 ille
3068 1027 3151 1071 est
3197 1019 3289 1087 qui
3333 1019 3488 1074 visus

1910 1106 2009 1160 fuit
2039 1122 2137 1176 pro
2159 1107 2292 1160 urbe
2325 1105 2662 1163 Hierusalem
2690 1109 2994 1177 deprecari,
3022 1117 3313 1179 propterea
3343 1111 3492 1178 quod

1905 1197 2060 1253 Jndze
2081 1199 2274 1253 incolae
2303 1215 2496 1254 omnes
2532 1202 2713 1255 tutelae
2763 1201 2934 1271 ipsius
2961 1203 3240 1258 commissi
3282 1212 3439 1258 erant
3468 1220 3484 1270 ;

1905 1292 2218 1346 necchario
2258 1294 2425 1349 simul
2469 1309 2566 1364 pro
2602 1293 2711 1348 illis
2750 1311 2967 1366 quoque
3007 1309 3197 1364 preces
3243 1293 3353 1349 Deo
3394 1294 3482 1349 of-

1906 1383 2085 1440 ferens
2116 1405 2127 1440 :
2155 1389 2512 1458 quamobrem
2568 1385 2830 1457 propheta
2863 1385 3008 1439 hunc
3058 1387 3379 1455 interrogat,
3433 1393 3489 1439 ct

1903 1492 1989 1530 res
2015 1479 2260 1548 singulas
2293 1481 2574 1535 educetur.
2609 1477 2743 1532 Nam
2772 1477 2903 1548 quia
2941 1485 3154 1533 ostenta
3186 1479 3370 1532 omnia
3421 1492 3488 1531 eo

1905 1567 2219 1634 tendebant,
2263 1579 2321 1625 ut
2352 1569 2447 1625 De’i
2471 1585 2599 1640 erga
2635 1570 2826 1624 urbem
2848 1584 3036 1624 curam
3083 1570 3354 1639 ingentem
3391 1571 3487 1623 de—

1905 1668 2293 1725 monstrarent,
2317 1663 2633 1718 necessario
2661 1661 2910 1731 oportuit
2938 1661 3258 1730 prephetam
3283 1662 3349 1715 ab
3380 1661 3484 1715 hoc

1906 1753 2097 1821 angelo
2131 1755 2470 1824 singularum
2499 1755 2772 1809 visionum
2803 1754 3238 1824 explanationem
3272 1754 3483 1808 audire.

1907 1840 2155 1899 Breviter
2189 1862 2320 1915 ergo
2350 1845 2610 1916 patefecit
2656 1847 2706 1901 ei
2765 1854 3108 1900 ostentorum
3160 1846 3302 1912 vim;
3347 1846 3486 1900 hanc

1907 1936 2165 1990 nimirum
2205 1954 2328 1994 esse
2351 1940 2550 1994 divinae
2584 1939 2771 2008 grati-.1:
2818 1937 3335 2001 manifestationem,
3363 1953 3486 2006 qua:

1903 2027 2255 2084 Zorobabelis
2290 2046 2512 2100 quoque
2554 2046 2782 2101 regnum
2807 2032 3175 2083 constituerat
3213 2045 3226 2082 :
3263 2029 3354 2097 qui
3391 2043 3485 2097 per

1905 2135 1964 2172 se
1999 2119 2217 2188 quidem
2246 2123 2595 2192 propriisque
2641 2122 2851 2176 viribus
2888 2122 3096 2174 nullum
3137 2122 3286 2191 regni
3321 2119 3479 2189 31],

1904 2213 2178 2282 negotium
2217 2215 2475 2284 expedire
2506 2215 2731 2278 valeret,
2767 2229 2945 2279 neque
2977 2212 3176 2283 populo
3200 2227 3437 2282 prteesse
3463 2229 3478 2276 ;

1903 2304 1997 2356 sed
2031 2312 2217 2359 tamen
2263 2305 2448 2360 divina
2485 2305 2662 2377 gratia
2703 2313 3008 2372 promotus,
3060 2305 3128 2358 ab
3159 2303 3261 2357 hac
3291 2301 3482 2372 agendi

1902 2395 2157 2449 virtutem
2188 2397 2372 2452 habet.
2407 2399 2586 2467 Atque
2631 2404 2690 2452 ut
2714 2395 2842 2450 doni
2885 2396 3006 2465 ejus
3051 2394 3481 2466 magnitudinem

1901 2486 2176 2552 ostendat,
2203 2509 2219 2539 ε
2241 2489 2374 2556 Quis
2393 2488 2676 2558 tu,inquit,
2715 2502 2872 2542 mons
2896 2501 3108 2557 magne,
3136 2492 3259 2539 ante
3286 2482 3478 2537 faciem

1907 2575 2285 2639 Zorobahclis,
2326 2587 2385 2632 ut
2437 2595 2701 2648 prospere
2735 2579 3036 2650 quidquam
3086 2577 3254 2647 agas?
3300 2574 3362 2628 Et
3398 2572 3480 2627 ef-

1902 2665 2068 2721 feram
2142 2668 2375 2737 lapidem
2431 2670 2792 2730 luereditatis,
2869 2669 3232 2738 mqualitatem
3295 2665 3482 2736 gratia:

1899 2761 2042 2829 ejus.
2086 2780 2103 2812 ι
2153 2761 2606 2832 Quandoquidem
2652 2763 2882 2833 lapidem
2917 2761 3205 2830 appellavit
3243 2757 3480 2812 Zoroba-

1899 2854 2097 2916 bclem,
2133 2861 2371 2908 montem
2423 2853 2560 2907 dicit
2600 2869 2855 2923 magnum
2908 2857 3156 2922 potentes
3189 2848 3346 2903 valde
3381 2848 3481 2903 ho-

1901 2948 2076 2998 mines
2131 2944 2247 2998 sive
2297 2945 2450 3013 regni
2500 2943 2790 3013 dignitate,
2841 2942 3197 2997 sive—bellica
3257 2941 3476 3002 virtute.

1901 3037 2016 3090 sive
2073 3034 2420 3089 subditorum
2463 3035 2834 3090 multitudine.
2882 3034 3016 3100 Quis
3055 3035 3223 3098 enim,
3278 3033 3476 3102 inquit,

1901 3133 2089 3179 tantus
2117 3134 2200 3180 est
2234 3134 2454 3193 tamque
2483 3125 2696 3179 validus
2740 3123 3080 3178 subditorum
3131 3137 3361 3178 numero
3421 3135 3475 3178 et

1898 3231 2176 3270 armorum
2208 3223 2500 3285 apparatu,
2522 3223 2580 3270 ut
2606 3215 2869 3270 adversus
2885 3209 3276 3269 Zorobabelem
3303 3216 3472 3270 hilum

1896 3307 2070 3376 possit
2098 3306 2394 3376 proficere?
2423 3322 2584 3377 quem
2604 3307 2801 3376 regalis
2832 3306 3166 3361 haereditatis
3192 3321 3476 3362 successo-

1895 3413 2008 3453 rem
2044 3399 2368 3467 designavi;
2397 3399 2558 3469 cujus
2590 3399 2666 3454 rei
2702 3399 3097 3468 promissiones
3135 3399 3472 3469 progenitori

1895 3490 2104 3559 stirpis,
2159 3489 2350 3544 Davidi
2394 3489 2644 3560 inquam,
2707 3487 2884 3544 factas
2940 3489 3275 3544 adamussim
3306 3497 3471 3558 atque

1898 3580 2121 3635 omnino
2156 3580 2330 3651 gratia
2354 3596 2472 3635 mea
2498 3579 2800 3650 complebo.
2858 3578 2913 3634 ιιι
2941 3580 3085 3634 enim
3119 3580 3308 3635 dicunt
3351 3596 3465 3635 ver-

1894 3671 1959 3724 ba
2005 3689 2018 3724 :
2069 3670 2466 3741 ASqualitatem
2509 3672 2698 3739 gratia:
2735 3692 2746 3725 :
2777 3686 2883 3741 qua
2945 3671 3118 3726 fretus
3157 3672 3472 3727 necessario

1895 3761 2113 3814 insitam
2147 3761 2254 3816 vim
2288 3760 2509 3816 habebit
2555 3760 2781 3832 grandia
2821 3760 2946 3816 belli
2983 3760 3249 3818 adversus
3282 3761 3474 3818 hostes

1894 3859 2131 3920 patrare.

1966 4127 2130 4182 Vens.
2159 4125 2396 4180 8-lO.—-
2418 4124 2612 4182 Postea
2648 4125 3039 4196 promissiones
3070 4125 3138 4179 de
3165 4124 3258 4180 illo
3303 4126 3475 4179 factas

1893 4221 2256 4284 confirmans,
2301 4221 2404 4274 ait:
2434 4237 2452 4270 ς
2491 4217 2557 4271 Ει
2599 4218 2779 4273 factus
2814 4228 2896 4273 est
2931 4233 3112 4273 sermo
3152 4217 3368 4271 Domini
3402 4220 3470 4273 ad

1901 4329 1989 4367 me
2034 4313 2224 4368 dicens
2272 4331 2284 4364 :
2320 4309 2512 4365 Manus
2559 4311 2914 4366 Zorobabelis
2965 4310 3332 4363 fundaverant
3372 4309 3470 4365 do-

1894 4421 2042 4458 mum
2077 4405 2260 4464 istam,
2293 4414 2346 4458 et
2372 4418 2569 4458 manus
2599 4403 2718 4470 ejus
2753 4403 3033 4472 perﬁcient
3061 4415 3201 4455 eam.
3231 4402 3294 4454 Et
3328 4403 3470 4456 scie-

211 4483 579 4551 ἐπιγνώσεσθε
609 4486 691 4538 ὅτι
734 4486 936 4556 Κύριος
967 4489 1363 4562 παντοκράτωρ
1414 4490 1784 4555 ἐξαπέσταλκέ

1902 4496 1968 4550 lis
1995 4497 2252 4565 quoniam
2286 4493 2550 4548 Dominus
2588 4495 2936 4562 omnipotens
2961 4492 3109 4545 misit
3133 4506 3218 4544 me
3250 4491 3314 4543 ad
3353 4506 3468 4544 vos.

213 4591 284 4642 με
333 4574 471 4644 πρὸς
519 4576 697 4646 ὑμᾶς’
734 4577 870 4631 διότι
919 4580 1001 4640 τίς
1049 4581 1405 4646 ἐξουδένωσεν
1455 4587 1534 4647 είς
1577 4587 1790 4656 ἡμέρας

216 4665 474 4736 μακράςς
526 4685 544 4717 ι
581 4669 752 4732 Αὐτὸς
781 4669 838 4722 δὲ
862 4664 1018 4735 οὗτος
1050 4673 1143 4726 καὶ
1186 4673 1279 4726 τοῦ
1316 4674 1450 4745 ἐμοῦ
1484 4677 1634 4729 οἴκου
1664 4682 1791 4744 τοὺς

211 4756 500 4826 θεμελίους
545 4759 1022 4830 καταϐαλόμενος,
1081 4764 1242 4828 αὐτὸς
1291 4767 1455 4820 αὐτὸν
1509 4769 1602 4821 καὶ
1655 4771 1791 4843 πρὸς

211 4847 388 4917 πέρας
408 4848 525 4915 ἄξει
547 4865 559 4878 ·
594 4850 734 4903 ὥστε
757 4853 851 4905 καὶ
878 4855 942 4906 ὲκ
972 4853 1164 4907 τούτου
1197 4859 1330 4910 πᾶσι
1352 4857 1511 4928 δῆλον
1537 4863 1792 4928 γενέσθαι

207 4940 292 4993 ὃτι
350 4940 545 5013 γει-ὓμῃ
605 4943 741 4996 Θεοῦ
799 4947 1147 5015 παραγέγονά
1207 4948 1377 5002 ταῦτα
1424 4953 1789 5024 προμηνύσων

210 5038 361 5106 ὑμῖν.
409 5034 500 5106 Μὴ
534 5036 712 5090 τοίνυν
759 5037 883 5108 μηδ’
919 5039 994 5102 ὡς
1044 5041 1101 5092 ἐν
1135 5041 1310 5112 χρόνῳ
1363 5043 1541 5115 πολλῷ
1585 5045 1789 5103 τούτων

209 5126 458 5194 γίνεσθαι
514 5127 816 5196 μελλόντων
879 5130 1221 5201 ἀπιστήσητε
1266 5135 1378 5197 τοῖς
1428 5134 1742 5206 λεγομένοις
1770 5158 1784 5171 σ

208 5216 506 5284 ἀνοὴτατος
551 5216 659 5286 γὰρ
705 5219 787 5288 εἴη
836 5220 902 5273 ἂν
942 5223 970 5272 6
1017 5220 1112 5283 τὰς
1151 5223 1451 5290 ἀποφάσεις
1499 5227 1597 5290 τὰς
1648 5230 1786 5300 ἐμὰς

208 5304 423 5367 ἀτελεῖς
476 5307 710 5374 νομίζων
746 5308 823 5378 τῷ
873 5312 1038 5379 μήκει
1077 5312 1358 5380 γίγνεσθαι
1413 5315 1508 5367 τοῦ
1555 5319 1785 5389 χρόνουο

209 5392 368 5445 τοῦτο
387 5393 496 5464 γάρ
527 5394 670 5462 λέγει
699 5394 810 5460 τὸ,‹
851 5398 1204 5463 ἐξουδένωσεν
1233 5403 1444 5474 ἡμέρας
1474 5406 1722 5475 μακράς·
1766 5429 1783 5460 ι

211 5483 348 5551 ἐμοῦ
372 5483 672 5555 δυναμένου
703 5485 762 5538 οὗ
779 5490 821 5508 “
843 5488 1040 5559 ῥαδίως
1063 5491 1237 5544 πάντα
1265 5491 1445 5556 καθὼς
1464 5493 1528 5546 ἂν
1551 5493 1789 5564 ἐθελήσω

210 5575 409 5636 ποιεῖν,
447 5575 520 5643 (p.
561 5575 685 5642 469)
713 5579 850 5647 μετά
879 5581 1078 5651 πολλῆς
1102 5600 1158 5635 τε
1182 5585 1335 5651 ἄγειν
1364 5585 1461 5655 τῆς
1494 5587 1785 5657 συντομίας

285 5689 306 5710 ⁹
341 5686 498 5759 D_eest
526 5690 752 5759 aliquid.

1892 4588 2028 4652 Quis
2055 4587 2199 4641 enim
2246 4585 2493 4654 despexit
2525 4585 2578 4638 in
2607 4585 2723 4638 dies
2758 4583 2984 4652 longos?
3013 4602 3030 4633 ι
3083 4582 3226 4636 Idem
3259 4583 3346 4636 hic
3374 4581 3468 4652 qui

1893 4678 2087 4731 domus
2110 4692 2241 4731 meae
2268 4675 2620 4729 fundamenta
2646 4675 2798 4743 jecit,
2824 4675 2965 4728 idem
2996 4673 3195 4735 eidem,
3222 4673 3468 4741 inquam,

1893 4767 2211 4824 coronidem
2265 4767 2524 4835 imponet.
2573 4764 2753 4831 Quare
2795 4781 2859 4818 ex
2909 4765 3011 4819 hoc
3040 4778 3256 4833 quoque
3292 4765 3467 4832 palam

1893 4859 2150 4913 omnibus
2188 4859 2298 4921 fiet,
2348 4875 2432 4912 me
2461 4858 2740 4912 voluntate
2789 4855 2881 4910 Dei
2914 4857 3029 4911 haec
3058 4855 3213 4910 vobis
3250 4857 3470 4909 nuntia-

1897 4958 2079 5005 turum
2117 4951 2353 5005 venisse.
2389 4950 2587 5004 Cavete
2614 4949 2780 5019 igitur
2811 4949 3105 5016 quominus
3145 4947 3310 5001 dictis
3354 4949 3466 5001 dis-

1896 5038 2133 5094 credatis
2174 5041 2330 5109 quasi
2376 5040 2547 5093 multo
2570 5045 2813 5108 tempore
2844 5046 2965 5106 post
2990 5039 3265 5092 eventui-is
3294 5053 3305 5088 :
3339 5053 3464 5090 nam

1896 5130 2257 5185 stultissimus
2291 5129 2451 5192 foret,
2488 5129 2581 5199 qui
2623 5129 2839 5184 decreta
2871 5144 2986 5182 mea
3013 5129 3165 5182 irrita
3196 5128 3310 5182 fieri
3348 5144 3464 5197 pro-

1894 5219 2106 5275 lixitate
2125 5221 2387 5289 temporis
2406 5219 2766 5275 existimaret.
2785 5217 2838 5272 Id
2858 5218 3002 5273 enim
3021 5219 3251 5272 innnnnt
3274 5221 3460 5281 verba,

1907 5330 1923 5364 ι
1945 5310 2191 5381 despexit
2206 5310 2258 5364 in
2270 5311 2388 5366 dies
2404 5310 2618 5380 longos:
2635 5332 2651 5361 ι
2669 5313 2928 5380 egoenim
2944 5312 3101 5370 facile
3111 5329 3254 5385 queo
3280 5314 3460 5367 omnia

1891 5409 2054 5470 prout
2083 5400 2310 5454 voluero
2344 5399 2542 5465 facere,
2569 5407 2849 5470 mu.toque
2883 5403 3209 5472 compendio
3249 5403 3315 5458 ad
3350 5406 3463 5458 exi-

1891 5499 2007 5544 tum
2034 5507 2120 5546 res
2137 5491 2408 5545 deducere
2429 5505 2550 5560 quae
2576 5491 2793 5560 longum
2815 5500 3034 5562 tempus
3057 5493 3458 5548 desiderarent.

1893 5581 2029 5636 Tmn
2077 5583 2221 5637 dicta
2270 5583 2618 5651 confirmans,
2658 5601 2675 5634 ι
2733 5581 2793 5635 Et
2844 5583 3204 5651 Izetabuutur,
3257 5583 3456 5653 inqu't,

294 5760 338 5780 "
365 5756 733 5829 Expungénda
761 5764 997 5832 negatio,
1041 5781 1202 5834 quam
1235 5768 1452 5836 quidem
1496 5786 1600 5824 non
1638 5771 1764 5841 legit
1793 5772 2081 5842 interpres.
2110 5768 2261 5822 Em'r.
