3830 6216
404 327 498 383 ἵζ’γὶ

1554 319 1900 376 ΤΗΙΞΟΟΟΠΙ
1938 323 2418 382 MOPSUl-lS'l'ENl

3548 330 3651 385 552

403 444 566 506 atque
589 433 855 488 videbunt
902 436 1136 507 lapidem
1185 445 1473 490 slanneum
1518 438 1571 492 in
1621 455 1782 494 manu
1820 440 1981 494 Zoro-

2094 446 2162 508 εἰς
2206 448 2377 516 πέρας
2407 447 2471 499 τὰ
2519 445 2713 498 πολλοῦ
2746 445 2975 514 δεόμενα
3027 444 3118 498 τοῦ
3167 445 3378 515 χρόνον.
3424 446 3531 499 Kal.
3571 447 3649 515 βε·

405 528 631 584 babelis.
665 547 682 578 ›
711 528 870 597 312
906 528 982 583 Ne
1015 545 1164 598 ergo,
1199 530 1394 600 inquit.
1437 530 1595 586 (idem
1623 533 1786 606 dictis
1813 535 1977 590 dene—

403 619 571 685 getis;
621 620 814 672 horum
856 619 1057 690 quippe
1095 621 1297 675 exitum
1349 621 1623 678 videbitis.
1668 639 1732 678 ac
1770 626 1978 680 lutabi-

405 709 537 762 mini
582 718 855 779 potentem
900 712 966 764 ad
1014 713 1197 766 omnia
1240 714 1488 770 videntes
1537 716 1924 771 Zorohahelem
1960 735 1974 771 :

402 818 528 857 nam
561 812 824 857 stanneus
869 805 1006 873 lapis
1056 804 1291 857 futuram
1323 806 1441 874 ejus
1475 805 1831 875 Deojuvante
1871 809 1978 862 for—

403 894 693 948 titudinem
750 896 1040 964 signiﬁcat.
1103 897 1466 962 Quamobrem
1527 913 1750 952 causam
1811 901 1976 954 etiam

403 983 556 1037 addit
593 1003 605 1037 :
644 1003 660 1034 ι
712 983 930 1054 Septem
973 985 1025 1037 hi
1059 986 1201 1038 oculi
1239 984 1448 1038 Domini
1484 994 1632 1049 sunt,
1667 986 1976 1041 universam

403 1085 602 1130 terram
625 1078 990 1142 speculantes.
1029 1098 1045 1128 ι
1071 1077 1286 1131 Etenim
1315 1079 1408 1148 qui
1438 1087 1636 1132 cuncta
1669 1079 1888 1147 inspicit
1915 1094 1978 1131 ac

402 1167 540 1235 regit
570 1168 852 1237 salvatque
885 1170 1106 1238 copiose
1139 1185 1202 1223 ac
1250 1170 1416 1237 varie,
1454 1169 1594 1225 idem
1637 1182 1714 1225 est
1747 1172 1838 1241 qui
1864 1171 1978 1225 haee

404 1253 470 1308 de
517 1252 850 1309 Zorohabele
887 1256 1137 1325 promisit
1175 1265 1230 1311 et
1267 1257 1332 1310 ad
1377 1258 1580 1311 exitum
1617 1258 1978 1325 perducturus

403 1355 484 1400 est
534 1344 664 1398 Nam
698 1346 802 1401 hoe
842 1348 969 1401 item
1010 1349 1130 1402 loco
1173 1348 1493 1402 vocabulum
1576 1371 1590 1398 ε
1617 1355 1820 1417 septem
1858 1370 1874 1398 ι
1911 1348 1980 1402 de

409 1429 649 1496 perfecta
687 1446 754 1485 re
786 1430 1008 1485 dicitur.

477 1709 642 1765 Vens.
680 1713 863 1766 H-ll.
895 1744 916 1752 -
987 1732 1003 1762 ι
1040 1713 1102 1766 Et
1137 1714 1422 1782 respondi,
1455 1713 1676 1783 dixique
1705 1715 1753 1768 ei
1795 1735 1806 1768 :
1839 1715 1976 1781 Quid

406 1811 535 1857 sunt
564 1803 683 1857 dua:
712 1805 844 1857 olea:
871 1803 988 1858 ista:
1011 1846 1024 1866 ,
1067 1820 1188 1873 quae
1215 1821 1243 1856 a
1265 1803 1475 1857 dextris
1512 1803 1825 1858 candelabri
1858 1812 1912 1858 et
1949 1819 1976 1856 a
2015 1783 2054 1836 Β

407 1895 691 1949 sinistris?
727 1893 791 1948 Ει
823 1894 1432 1964 interrogavisecundo,
1464 1895 1685 1962 dixique
1711 1896 1758 1949 ei
1791 1917 1802 1948 :
1838 1896 1980 1962 Quid

408 1991 518 2040 duo
555 1989 688 2040 rami
717 1987 959 2041 olearum
997 1988 1051 2040 in
1101 1989 1354 2041 manibus
1383 1988 1614 2040 duarum
1647 1989 1858 2041 narium
1883 2005 1982 2041 au-

411 2093 663 2141 rearum,
732 2094 852 2147 qua:
905 2077 1198 2131 infundunt
1251 2088 1304 2131 et
1361 2079 1646 2132 retrahunt
1690 2078 1980 2133 sull'usoria

408 2169 613 2223 aurea?
653 2168 906 2238 Dixitque
945 2169 1119 2222 mihi:
1159 2169 1274 2224 Non
1315 2172 1458 2224 nosti
1500 2170 1630 2240 quid
1663 2179 1791 2225 sunt
1833 2171 1982 2225 hac?

409 2260 472 2312 lit
512 2260 662 2314 dixi:
703 2258 1082 2331 Nequaquam,
1121 2261 1368 2316 Domine.
1413 2262 1477 2316 Et
1505 2263 1641 2316 dixit
1683 2282 1693 2315 :
1739 2262 1830 2318 Isti
1872 2263 1981 2318 duo

407 2351 500 2405 lilii
527 2351 871 2422 pinguedinis
897 2394 911 2417 ,
945 2354 1037 2422 qui
1074 2353 1344 2408 universa:
1383 2361 1542 2409 teme
1576 2355 1805 2409 Domino
1841 2357 1982 2410 assi-

405 2451 576 2498 stunt.
617 2463 635 2495 ι
672 2445 978 2514 lnterrogat
1009 2446 1136 2516 quid
1180 2447 1282 2500 sibi
1319 2447 1627 2501 velintduae
1656 2447 1808 2511 oleae,
1841 2463 1979 2517 qua—

406 2550 526 2587 rum
561 2549 663 2588 una
692 2535 745 2587 in
779 2534 970 2589 dextra
1005 2543 1159 2604 parte
1181 2575 1194 2598 ,
1229 2536 1397 2588 altera
1434 2537 1487 2588 in
1517 2535 1739 2590 sinistra
1781 2537 1981 2591 cande-

407 2628 543 2682 labri
593 2634 730 2692 erat,
771 2626 885 2682 sive
939 2627 1204 2696 lampadis
1251 2644 1416 2696 super
1463 2643 1528 2682 eo
1569 2630 1802 2698 positae?
1841 2628 1982 2695 Quid

408 2717 538 2772 item
570 2717 682 2771 nati
713 2733 778 2771 ex
819 2718 954 2772 oleis
995 2718 1103 2772 duo
1153 2720 1333 2772 rami?
1377 2718 1450 2773 De
1497 2720 1719 2796 quibus,
1766 2721 1977 2776 audiit:

411 2801 476 2856 lli
512 2811 642 2858 sunt
687 2805 798 2859 duo
839 2806 932 2859 lilii
977 2806 1356 2876 pinguedinis,
1393 2808 1484 2878 qui
1529 2810 1796 2864 universae
1822 2818 1983 2866 terra:

409 2892 639 2947 Domino
665 2895 951 2951 assistunt.
981 2895 1114 2951 Nam
1143 2898 1269 2966 quia
1307 2899 1426 2954 dua:
1449 2898 1582 2952 olea:
1612 2900 1759 2970 regni
1801 2915 1864 2953 ac
1893 2915 1982 2955 sa-

409 2986 642 3040 cerdotii
692 2985 954 3041 indicium
998 2998 1187 3052 erant,
1225 3005 1346 3058 qua:
1377 2990 1486 3044 duo
1525 2992 1580 3045 in
1615 2999 1760 3046 terra
1801 2992 1981 3046 domi-

409 3078 526 3132 nari
580 3077 723 3133 Deus
773 3081 1076 3143 constituit,
1133 3079 1271 3136 duos
1307 3097 1490 3139 ramos
1516 3099 1578 3138 ex
1626 3084 1746 3139 olea
1791 3095 1982 3142 enatos

409 3168 543 3221 dicit
581 3168 968 3225 Zorobabelem
1019 3179 1181 3240 atque
1221 3170 1446 3233 .lesum:
1491 3190 1725 3244 quorum
1769 3175 1918 3244 prior
1953 3189 1983 3228 a

409 3262 594 3313 divina
641 3262 814 3331 gratia
866 3263 920 3316 in
965 3278 1190 3332 regnum
1241 3262 1419 3318 fuerat
1469 3278 1791 3334 provectus;
1849 3266 1988 3320 alter

411 3367 540 3405 vero
585 3351 876 3406 sacerdotii
919 3355 1094 3423 gratia
1137 3356 1323 3409 divino
1377 3357 1677 3411 ministerio
1713 3357 1983 3413 addictus.

411 3443 703 3513 Propterea
742 3446 1089 3515 pi-nguedinis
1113 3463 1328 3518 quoque
1349 3463 1442 3504 eos
1469 3450 1705 3518 appellat
1744 3450 1907 3516 ﬁlios,
1931 3451 1984 3504 id

409 3547 493 3592 est
524 3554 589 3592 ex
614 3538 831 3594 duobus
871 3540 1130 3595 maximis
1159 3549 1211 3594 et
1245 3542 1388 3612 apud
1425 3542 1673 3598 homines
1714 3543 1988 3596 honoran-

410 3630 654 3685 dissimis
693 3639 842 3686 ortos
869 3672 884 3695 ,
925 3647 1092 3700 regno
1142 3648 1207 3686 ac
1253 3633 1594 3699 sacerdotio;
1637 3634 1728 3703 qui
1787 3635 1990 3703 pariter

415 3720 522 3775 Deo
545 3721 816 3777 deservire
834 3722 976 3792 jussi
1003 3731 1129 3777 sunt
1160 3724 1400 3778 omnium
1420 3723 1670 3779 Domino.
1695 3724 1871 3793 Atque
1888 3723 1989 3777 hoc

414 3823 529 3865 toto
579 3829 853 3877 sermone,
900 3829 987 3868 res
1034 3813 1376 3870 Hierusalem
1420 3816 1710 3885 gentisque
1750 3815 1990 3875 Judaicae

413 3905 708 3959 maximum
731 3907 1000 3960 bonorum
1041 3906 1437 3961 incrementum
1472 3914 1730 3976 capturas
1763 3906 1990 3960 demon-

414 3995 606 4048 stravit
622 3995 782 4064 313
800 3998 1080 4064 propheta,
1107 3997 1355 4051 hostibus
1377 3999 1592 4050 illorum
1614 3999 1836 4068 punitis,
1863 4013 1990 4067 pro-

415 4084 656 4137 videntia
691 4084 922 4152 plurima
947 4093 1001 4139 et
1030 4086 1344 4139 omnimoda
1377 4101 1502 4152 erga
1533 4085 1806 4140 lsraelitas
1833 4100 1861 4137 a
1884 4085 1993 4138 Deo

415 4181 775 4244 exprompta;
820 4176 1078 4244 quoniam
1122 4176 1187 4230 de
1228 4177 1543 4246 captivitate
1575 4177 1801 4230 redituri
1837 4185 1992 4230 erant

415 4267 508 4320 alii
546 4282 714 4338 prepe
766 4267 1074 4331 innumeri,
1113 4269 1206 4338 qui
1266 4269 1444 4324 adhuc
1486 4271 1540 4324 in
1573 4286 1635 4324 ea
1681 4270 1994 4324 conditione

415 4366 545 4411 tunc
568 4366 723 4412 erant
760 4377 770 4410 :
807 4358 937 4411 dato
972 4358 1188 4412 demum
1211 4358 1413 4414 Judaais
1447 4375 1611 4430 regno
1643 4376 1705 4415 ae
1738 4361 1992 4416 sacerdo-

416 4454 509 4506 tali
533 4454 816 4524 dignitate,
838 4453 893 4506 in
919 4453 1134 4505 illorum
1161 4453 1433 4522 personis,
1451 4469 1590 4522 quas
1611 4453 1794 4506 divina
1818 4453 1993 4523 gratia

415 4547 482 4600 ad
533 4548 644 4600 luce
692 4545 864 4599 ollicia
899 4552 1261 4615 promoverat.
1316 4545 1422 4598 Sed
1461 4547 1636 4606 enim,
1686 4560 1752 4598 ne
1795 4544 1994 4600 eximia

416 4642 682 4694 bonorum
711 4640 991 4710 praedictio
1024 4636 1331 4706 ignaviores
1357 4633 1631 4689 lsraelitas
1659 4633 1885 4700 faceret,
1922 4635 1995 4690 ita

416 4737 475 4783 ut
506 4731 708 4784 divinis
751 4730 1088 4785 conﬁdentes
1137 4726 1444 4798 promissis,
1475 4725 1710 4779 ollieium
1756 4726 1996 4797 neglige-

417 4831 560 4888 rent,
618 4824 1010 4878 revelationem
1067 4819 1323 4891 posthinc
1360 4817 1529 4881 videt,
1557 4833 1622 4870 ex
1669 4832 1776 4886 qua
1826 4832 1996 4885 pavor

419 4916 526 4968 illis
585 4915 972 4978 incutiebalur,
1021 4926 1130 4983 quo
1169 4910 1358 4964 vitium
1420 4909 1689 4979 fugerent,
1732 4910 1984 4963 virtutem

417 5007 893 5076 amplecterentur.
935 5005 1027 5058 Sic
1055 5021 1184 5074 ergo
1213 5003 1381 5057 dicit:

2083 536 2252 590 ϐαιῶν
2299 537 2358 591 τὸ
2404 536 2710 608 εἰρημένον,
2753 555 2770 585 ι
2821 536 2929 590 Καὶ
2968 537 3332 608 χαρήσονται,
3374 538 3466 591 καὶ
3496 538 3640 606 δέκον-

2084 645 2171 678 ται
2204 627 2292 679 τὸν
2327 626 2472 679 λίθον
2494 626 2585 679 τὸν
2611 627 2986 695 κασσιτέρινον
3015 627 3071 678 ἐν
3095 627 3241 697 χειρὶ
3270 625 3590 698 Ζοροϐάϐελ.
3626 647 3644 679 ι

2083 717 2174 786 Μὴ
2208 717 2386 769 τοίνυν
2417 717 2720 779 ἀπιστεῖτε,
2753 717 2908 786 φησὶ,
2946 719 3058 778 τοῖς
3083 717 3394 786 λεγομένοις
3418 735 3430 748 ο
3465 719 3651 788 ἐπειδὴ

2083 809 2179 859 καὶ
2206 807 2399 874 δᾷεσθε
2433 807 2612 860 αὐτῶν
2637 807 2696 858 τὸ
2725 807 2916 877 πέρας,
2949 809 3041 859 καὶ
3067 808 3370 877 χαρήσεσθε
3398 809 3496 878 τὴν
3527 811 3653 879 περὶ

2085 898 2262 950 πάντα
2307 899 2533 968 δύναμιν
2583 898 2817 967 ὁρῶντες
2859 899 2950 950 τοῦ
2984 898 3316 968 Ζοροϐάϐελ·
3361 899 3519 953 τοῦτο
3547 901 3655 968 γὰρ

2081 991 2228 1056 λέγει
2247 991 2336 1042 τὸν
2367 993 2743 1063 κασσιτέρινον
2765 993 2929 1055 λίθον,
2963 991 3062 1062 τὴν
3093 992 3481 1060 περιεσομένην
3510 991 3655 1060 αὐτῷ

2081 1081 2256 1152 δηλῶν
2303 1083 2456 1151 ἰσχὺν
2491 1083 2642 1154 παρά
2685 1083 2778 1135 τοῦ
2810 1082 2966 1135 θεοῦ.
3004 1081 3164 1134 Ὅθεν
3209 1082 3301 1134 καὶ
3330 1083 3430 1150 τὴν
3476 1083 3655 1133 αἰτίαν

2082 1176 2378 1245 ἐπήγαγεν·
2433 1195 2450 1224 ι
2497 1174 2669 1227 Ἐπτά
2708 1171 2852 1228 οὗτοι
2879 1173 3146 1243 ὀφθαλμοὶ
3180 1172 3383 1242 Κυρίου
3418 1173 3577 1234 εἰσὶν,
3609 1173 3656 1224 οἳ

2083 1267 2470 1329 ἐπιϐλέποντες
2501 1268 2592 1320 ἐπὶ
2616 1269 2794 1321 πᾶσαν
2818 1268 2914 1336 τὴν
2942 1266 3065 1334 γῆν.
3114 1283 3130 1316 ι
3176 1265 3232 1316 '0
3256 1264 3363 1333 γὰρ
3384 1263 3452 1315 τὰ
3480 1263 3660 1316 πάντα

2083 1360 2293 1428 ἐφορῶν
2327 1377 2384 1411 τε
2417 1361 2510 1412 καὶ
2547 1359 2762 1412 διοικῶν
2807 1358 2902 1410 καὶ
2933 1357 3118 1420 σώζων
3170 1355 3440 1418 πλουσίως
3472 1372 3532 1407 τε
3567 1356 3660 1406 καὶ

2090 1451 2350 1514 ποικίλως
2371 1491 2384 1513 ,
2419 1448 2570 1514 οὗτός
2605 1454 2752 1504 ἐστιν
2792 1453 2820 1503 ὁ
2855 1450 2948 1504 καὶ
2985 1448 3157 1501 ταῦτα
3204 1446 3572 1518 ὑποσχόμενός
3601 1463 3660 1497 τε

2085 1544 2214 1613 περὶ
2246 1543 2338 1596 τοῦ
2370 1542 2675 1614 Ζοροϐάϐελ
2714 1543 2807 1596 καὶ
2841 1541 2976 1611 πρὸς
3012 1539 3184 1608 πέρας
3211 1538 3353 1602 ἄξων
3375 1554 3389 1568 °
3429 1537 3524 1590 καὶ
3551 1537 3661 1606 γὰρ

2089 1635 2362 1690 κάνταῦθα
2394 1636 2454 1688 τὸ
2495 1657 2512 1686 ‹
2551 1636 2691 1688 ἐπτὰ
2734 1655 2751 1687 ι
2788 1634 2879 1686 ἐπὶ
2910 1633 3001 1686 τοῦ
3031 1632 3238 1684 τελείου
3267 1631 3440 1697 λέγει.

2162 1729 2309 1798 Στίχ.
2348 1727 2528 1780 ια’-ιδ’.
2569 1756 2641 1767 ———
2679 1745 2696 1777 ι
2736 1725 2839 1779 Kal
2869 1723 3170 1796 ἀπεκρίθην
3203 1722 3296 1774 καὶ
3340 1715 3492 1772 εἷπον
3523 1718 3661 1788 πρὸς

2089 1820 2282 1872 αὐτόν⁹
2317 1819 2381 1870 Τί
2415 1819 2469 1870 at
2506 1818 2600 1870 δύο
2629 1817 2805 1868 ἐλαῖαι
2839 1810 2995 1869 αὗται
3036 1815 3090 1868 αἱ
3127 1814 3191 1865 ἐκ
3219 1810 3407 1874 δεξιῶν
3445 1810 3546 1879 τῆς
3571 1809 3666 1860 λυ-

2089 1911 2240 1980 χνίας
2293 1913 2386 1963 καλ⁸
2418 1910 2477 1976 ἐξ
2511 1907 2805 1978 εὐωνύμων
2834 1906 3004 1976 αὐτῆς
3031 1924 3045 1972 ;
3095 1905 3203 1958 Kal
3235 1901 3570 1974 ἐπηρώτησα
3601 1904 3666 1954 ἐκ

2089 2003 2377 2073 δευτέρου,
2415 2002 2509 2054 καὶ
2551 1996 2704 2052 εἶπον
2745 1999 2879 2070 πρὸς
2913 1998 3095 2062 αὑτὸν,
3132 1996 3197 2049 Τί
3248 1996 3297 2047 οἱ
3340 1994 3432 2047 δύο
3477 1992 3664 2046 κλάδοι

2090 2094 2196 2146 τῶν
2224 2092 2418 2146 ἐλαιῶν
2436 2095 2486 2145 οί
2519 2093 2576 2144 ἐν
2602 2093 2719 2154 ταῖς
2748 2097 2902 2162 χερσὶ
2923 2089 3030 2142 τῶν
3061 2089 3153 2142 δύο
3187 2088 3524 2160 μυξωτήρων
3556 2085 3665 2138 τῶν

2089 2185 2306 2257 χρυσῶν
2338 2184 2446 2237 τῶν
2492 2183 2816 2253 ἐπιχεόντων
2854 2183 2947 2234 καὶ
2995 2180 3376 2248 ἐπαγαγόντων
3416 2177 3518 2240 τὰς
3565 2178 3664 2228 ἐπ-

2089 2278 2416 2349 αρυστρίδας
2461 2277 2557 2338 τὰς
2591 2275 2828 2345 χρυσᾶς,
2866 2273 2974 2325 Kal.
3014 2267 3133 2324 εἷπε
3167 2271 3298 2341 πρός
3332 2286 3419 2339 με,
3447 2268 3562 2320 Ούκ
3587 2263 3665 2319 οἷο

2091 2370 2186 2431 δας
2219 2369 2270 2420 τί
2319 2369 2433 2418 ἐστι
2478 2363 2687 2429 ταῦτα;
2738 2363 2844 2414 Kal
2877 2357 3053 2423 εἷπον,
3103 2359 3258 2428 Οὐχὶ,
3309 2357 3524 2426 Κύριε·
3576 2354 3669 2406 καὶ

2089 2455 2270 2524 εἶπεν,
2315 2449 2475 2508 Οὗτοι
2504 2455 2554 2506 οἱ
2581 2453 2673 2506 δύο
2715 2453 2819 2505 υἱοὶ
2847 2452 2948 2520 τῆς
2986 2449 3241 2519 πιότητος
3260 2487 3274 2510 ,
3306 2447 3355 2499 οἳ
3384 2443 3669 2513 παρεστή-

2091 2569 2217 2605 κασι
2249 2551 2328 2620 τῷ
2364 2549 2549 2620 Κυρίῳ
2592 2551 2769 2615 πάσης
2803 2546 2901 2614 τῆς
2925 2545 3048 2614 γῆς.
3091 2562 3110 2593 ›
3155 2540 3366 2611 Ἐρωτᾷ.
3395 2538 3448 2589 τί
3482 2535 3583 2606 μὲν
3612 2535 3668 2586 αἱ

2089 2647 2182 2700 δύο
2223 2645 2500 2716 βούλονται
2541 2643 2746 2702 ἐλαῖαι,
2778 2633 2853 2695 ὧν
2893 2640 2927 2708 ή
2975 2637 3072 2707 μὲν
3107 2637 3171 2688 ἐκ
3201 2631 3411 2696 δεξιῶν,
3447 2631 3480 2700 ή
3510 2628 3566 2680 δέ
3610 2626 3669 2690 ἐξ

2093 2737 2389 2808 εὐωνύμων
2424 2735 2684 2803 ἐτύγχανε
2707 2733 2803 2801 τῆς
2836 2730 3076 2801 λυχνίας,
3106 2729 3224 2798 ’ήτοι
3253 2724 3345 2778 τοῦ
3377 2724 3464 2776 ἐπ’
3498 2721 3669 2789 αὐτὴν

2091 2829 2435 2900 λαμπαδίου;
2487 2827 2539 2878 τί
2583 2825 2640 2878 δὲ
2691 2826 2741 2875 οἱ
2789 2821 3160 2890 ἐκπεφυκότες
3209 2817 3302 2870 δύο
3335 2815 3525 2868 κλάδοι
3562 2812 3670 2865 τῶν

2091 2921 2304 2986 ἐλαιῶν,
2323 2921 2397 2989 (p.
2419 2919 2541 2984 470)
2564 2934 2629 2969 πε
2640 2917 2691 2986 pl.
2714 2908 2788 2968 ὧν
2803 2914 3052 2985 ἤκουσεν·
3079 2902 3237 2960 Οὗτοι
3260 2907 3307 2958 οἱ
3328 2904 3420 2959 δύο
3439 2906 3547 2958 υἱοὶ
3573 2904 3670 2973 τῆς

2093 3013 2381 3082 πιότητος,
2431 3010 2480 3061 οἳ
2532 3007 2911 3078 παρεστήκασι
2959 3002 3038 3073 τῷ
3085 2999 3273 3071 Κυρίῳ
3330 2997 3511 3066 πάσης
3568 2995 3670 3062 τῆς

2013 3137 2055 3194 c
2092 3108 2196 3175 γῆς
2221 3120 2233 3133 ·
2285 3100 2470 3170 ἐπειδὴ
2514 3099 2623 3169 γὰρ
2656 3099 2712 3151 αἱ
2761 3097 2936 3149 ἐλαῖαι
2974 3094 3072 3164 τῆς
3123 3091 3395 3162 βασιλείας
3430 3089 3528 3141 καὶ
3573 3088 3670 3155 τῆς

2094 3194 2391 3268 ἱερωσύνης
2423 3187 2565 3263 ἦσαν
2592 3189 2893 3260 γνώρισμα,
2919 3188 2984 3249 ἃς
3013 3187 3108 3239 ἐπὶ
3145 3185 3247 3255 γῆς
3286 3184 3510 3254 κρατεῖν
3545 3180 3669 3268 ἐτα-

2091 3265 2180 3345 ξεν
2211 3281 2237 3332 ὁ
2266 3277 2423 3341 Θεὸς,
2456 3275 2549 3328 δύο
2578 3272 2803 3334 κλάδους
2835 3273 2896 3323 ἐκ
2919 3271 3026 3324 τῶν
3057 3268 3250 3323 ἐλαιῶν
3287 3265 3671 3335 ἐκπεφυκότας

2090 3369 2237 3434 λέγει
2259 3367 2349 3418 τόν
2382 3381 2440 3418 τε
2469 3361 2772 3433 Ζοροϐάϐελ.
2796 3361 2889 3412 καὶ
2921 3361 3008 3413 τὸν
3050 3357 3285 3430 Ἰησοῦν·
3319 3351 3393 3409 ῶν
3423 3357 3451 3407 ό
3476 3355 3579 3425 μὲν
3610 3355 3674 3404 ἐκ

2089 3460 2186 3528 τῆς
2214 3458 2362 3518 θείας
2408 3456 2623 3524 χάριτος
2661 3455 2735 3516 είς
2767 3453 2864 3520 τὴν
2891 3449 3164 3520 βασιλείαν
3189 3448 3496 3518 παρῆκτο,ὀ
3521 3445 3581 3499 δὲ
3608 3446 3670 3514 τῇ

2093 3551 2190 3620 τῆς
2223 3546 2519 3618 ἱερωσύνης
2546 3545 2725 3615 χάριτι
2752 3544 2887 3612 πρὸς
2913 3543 3011 3612 τὴν
3035 3541 3377 3611 λειτουργίαν
3406 3538 3675 3609 προσεϐέ-

2094 3642 2257 3710 ϐλητο
2279 3639 2375 3709 τὴν
2409 3637 2578 3690 Θείαν.
2613 3635 2710 3687 Διὰ
2736 3635 2894 3688 τοῦτο
2916 3635 3008 3686 καὶ
3039 3631 3289 3702 πιότητος
3312 3629 3510 3688 αὐτοὺς
3547 3628 3674 3682 ἐκά-

2093 3733 2246 3783 λεσεν
2279 3730 2446 3790 υἱοὺς.
2483 3728 2569 3779 ἵνα
2591 3727 2742 3798 εἴπῃ,
2776 3733 2838 3784 Oi
2858 3730 2920 3781 ἐκ
2939 3726 3046 3779 τῶν
3068 3724 3336 3797 μεγίστων
3355 3723 3448 3776 xa‘t
3473 3737 3674 3789 τιμιω-

2093 3823 2269 3875 τάτων
2305 3819 2457 3890 παρὰ
2499 3821 2605 3879 τοῖς
2639 3813 2946 3887 ἀνθρώποις
2977 3814 3346 3881 ἐκπεφυκότες
3387 3811 3667 3881 βασιλείας

2095 3931 2153 3964 τε
2190 3914 2276 3965 καὶ
2334 3909 2663 3981 ἱερωσύνης·
2704 3908 2752 3960 οἳ
2803 3907 3002 3969 πάντες
3049 3906 3340 3975 ὑπουργεῖν
3392 3906 3501 3955 εἱσι
3548 3899 3668 3970 Θεῷ

2096 4002 2420 4072 τεταγμένοι
2455 4000 2530 4070 τῷ
2564 4001 2777 4053 πάντων
2822 3997 3030 4068 Κυρίῳ.
3074 3996 3170 4049 Διὰ
3218 3995 3438 4048 πάντων
3473 3994 3575 4061 μὲν
3607 3993 3670 4060 δὴ

2096 4094 2296 4146 τούτων
2343 4092 2410 4144 τὰ
2458 4090 2597 4143 κατά
2648 4105 2706 4140 τε
2757 4087 2854 4158 τὴν
2913 4085 3264 4157 Ἰερουσαλὴμ
3307 4085 3402 4137 καὶ
3455 4085 3517 4136 τὸ
3564 4083 3676 4135 τῶν

2110 4185 2378 4238 Ἰουδαίων
2401 4183 2572 4246 ἔθνος,
2603 4183 2683 4234 ὅτι
2719 4181 2980 4251 μεγίστην
3010 4177 3249 4230 ἐπίδοσιν
3273 4180 3351 4240 είς
3385 4177 3448 4229 τὸ
3488 4179 3676 4247 κρεῖτ-

2097 4295 2185 4329 τον
2218 4276 2445 4347 λήψεται
2483 4273 2782 4343 δεδήλωκεν
2815 4273 2842 4323 ὁ
2873 4271 3158 4341 προφήτης
3185 4286 3197 4299 °
3235 4285 3478 4338 τιμωρου
3490 4268 3676 4337 μένων

2102 4369 2200 4438 μὲν
2234 4368 2342 4419 τῶν
2371 4363 2758 4436 ἐχθραινόντων
2789 4363 2992 4424 αὐτοῖς,
3027 4360 3355 4430 κηδεμονίας
3387 4357 3442 4410 δὲ
3470 4357 3677 4426 πολλῆς

2027 4485 2072 4538 D
2105 4457 2440 4528 ἀξιουμένων
2476 4458 2532 4508 ἐν
2580 4455 2781 4508 ἅπασιν
2812 4451 2991 4505 αὐτῶν
3021 4451 3173 4522 παρὰ
3218 4449 3308 4503 τοῦ
3357 4447 3493 4501 Θεοῦ
3517 4491 3531 4514 ,
3579 4448 3676 4502 ἅτε

3560 4540 3679 4592 ἐτέ-

2099 4552 2193 4602 καὶ
2213 4547 2494 4601 ἐπανιέναι
2530 4547 2636 4600 ἀπὸ
2668 4548 2764 4616 τῆς
2807 4544 3181 4614 αἰχμαλωσίας
3215 4540 3514 4612 μελλόντων

2097 4657 2204 4710 ρων
2230 4639 2329 4691 οὐκ
2349 4636 2728 4708 εύαριθμὴτων
2748 4637 2929 4698 τινῶν,
2960 4633 3052 4697 οὓς
3071 4633 3158 4686 ἐπ’
3187 4632 3393 4685 ἐκείνου
3416 4629 3510 4683 τοῦ

2098 4750 2264 4802 ματος
2295 4729 2434 4786 εἶναι
2458 4731 2576 4782 τότε
2613 4727 2925 4781 συνέϐαινεν
2952 4725 3031 4778 ἔτι
3056 4743 3069 4755 ·
3108 4722 3464 4790 ἀποδοθείσης
3495 4720 3550 4772 δὲ
3578 4723 3676 4772 avii-

2095 4825 2204 4884 τοῖς
2231 4821 2325 4874 καὶ
2355 4821 2452 4892 τῆς
2486 4819 2769 4890 βασιλικῆς
2807 4817 2901 4869 καὶ
2927 4817 3022 4884 τῆς
3049 4813 3326 4885 ἱερατικῆς
3359 4811 3550 4876 ἀξίας,
3588 4811 3677 4862 διὰ

2095 4913 2205 4967 τῶν
2235 4914 2299 4965 ἐκ
2334 4913 2432 4982 τῆς
2455 4911 2604 4973 Θείας
2634 4911 2852 4981 χάριτος
2890 4909 2982 4961 ἐπὶ
3009 4906 3166 4960 τοῦτο
3192 4902 3674 4974 προϐεϐλημένων.

2113 5001 2269 5056 Ἀλλὰ
2295 5001 2402 5074 γὰρ
2426 5001 2566 5056 ὥστε
2598 5002 2670 5071 μὴ
2697 5001 2795 5070 τὴν
2829 4997 3270 5070 ὑπερϐάλλουσαν
3306 4997 3536 5065 μήνυσιν
3565 4994 3678 5047 τῶν

417 5098 636 5165 ἀγαθῶν
683 5097 1081 5168 ρᾳθυμοτέρους
1125 5096 1321 5157 αὐτοὺς
1359 5093 1805 5164 ἀπεργάσασθαι,
1841 5092 2177 5164 θαρροῦντας
2213 5093 2309 5164 μὲν
2343 5097 2463 5158 ταῖς
2492 5092 2845 5161 ἐπαγγελίαις
2881 5094 3000 5153 ταῖς
3024 5089 3219 5153 θείαις,
3254 5087 3596 5159 ἀμελοῦντας
3621 5088 3677 5140 δέ

415 5189 509 5243 τοῦ
553 5190 919 5258 προσήκοντος
949 5225 963 5250 ,
990 5185 1330 5254 ἀποκάλυψιν
1368 5187 1468 5255 ὁρᾷ
1498 5184 1681 5236 λοιπὸν
1711 5184 1776 5236 δι’
1801 5181 1868 5256 ἧς
1898 5187 2081 5249 αὐτοῖς
2115 5187 2207 5240 καὶ
2235 5187 2398 5255 φόϐος
2436 5183 2702 5239 ἐνετίθετο
2733 5183 2870 5254 πρὸς
2912 5183 2973 5235 τὸ
3003 5183 3222 5252 φεύγειν
3259 5182 3355 5252 μὲν
3382 5179 3448 5234 τά
3482 5181 3673 5253 χείρω.

419 5283 661 5352 μετιέναι
697 5281 751 5332 δέ
782 5279 850 5333 τὰ
884 5277 1134 5349 κρείττω.
1170 5278 1332 5346 Λέγει
1359 5280 1415 5331 δὲ
1448 5278 1637 5341 οὕτως·

1069 5368 1225 5424 CAP.
1270 5370 1333 5424 v.
1481 5434 1493 5445 ,

491 5461 660 5516 Vens.
709 5460 823 5514 1-4.
871 5488 942 5498 --
977 5477 996 5510 ι
1043 5458 1109 5513 Ει
1154 5475 1453 5517 conversus
1515 5477 1657 5525 sum,
1710 5470 1764 5516 et
1821 5464 1991 5517 levavt

419 5555 612 5608 oculos
646 5569 830 5620 meos,
861 5562 916 5609 et
939 5554 1084 5618 vidi,
1112 5564 1165 5610 et
1192 5568 1322 5609 ecce
1352 5553 1460 5607 falx
1493 5556 1706 5609 volans.
1738 5552 1993 5623 Dixitque

421 5645 553 5699 mihi
586 5662 600 5696 :
625 5642 762 5708 Quid
791 5652 846 5698 tu
884 5644 1072 5700 vides?
1101 5643 1167 5697 Et
1195 5645 1305 5698 dixi
1336 5662 1348 5698 :
1377 5643 1545 5697 Video
1578 5642 1771 5698 falcem
1807 5644 1994 5698 volan-

421 5741 534 5790 tem
577 5736 934 5806 longitudinis
972 5738 1282 5792 cubitorum
1329 5737 1560 5806 viginti.
1595 5745 1646 5790 et
1686 5736 1993 5792 latitudinis

2751 5367 2906 5419 ΚΕΦ.
2943 5368 3016 5418 E'.

2173 5463 2320 5532 Στίχ.
2375 5461 2515 5512 α’-δ’.
2565 5489 2633 5500 --
2676 5475 2694 5506 ι
2741 5457 2850 5510 Καὶ
2886 5455 3193 5525 ἐπέστρεψα
3251 5455 3343 5507 καὶ
3389 5451 3498 5526 ᾖρα
3547 5458 3673 5520 τοὺς

2101 5553 2411 5623 ὀφθαλμούς
2445 5569 2545 5622 μου
2569 5566 2582 5579 ⁸
2627 5551 2719 5602 καὶ
2746 5545 2903 5611 εἶδον,
2938 5548 3034 5600 καὶ
3078 5546 3184 5599 ἰδοὺ
3215 5546 3480 5617 δρέπανον
3513 5549 3671 5600 πετό-

2106 5661 2263 5715 μενον
2294 5659 2309 5672 ⁸
2335 5644 2428 5694 καὶ
2461 5639 2579 5693 εἶπε
2607 5640 2741 5710 πρός
2777 5655 2844 5708 με
2865 5656 2877 5668 ·
2905 5634 2970 5688 Τί
3000 5637 3062 5689 συ
3087 5637 3334 5707 βλέπεις;
3361 5638 3458 5690 καί
3487 5633 3638 5690 εἷπον
3656 5654 3668 5666 ·

2108 5737 2184 5799 (p.
2208 5736 2304 5789 4⁸71
2341 5736 2358 5805 )
2394 5732 2534 5801 Ἐγὼ
2555 5732 2665 5803 ὁρῶ
2697 5730 2962 5803 δρέπανον
2990 5729 3301 5798 πετόμενον,
3332 5729 3545 5799 μήκους
3570 5747 3670 5797 nr,-
