3856 6226
213 269 328 323 5δῖ

1161 269 1710 327 COMMENTARIUS
1761 270 1824 324 IN
1877 258 2440 329 zacuantmcar.
2475 274 2534 328 ι.

213 383 338 453 χῶν
376 383 567 447 εἰκοσι,
605 383 695 436 καὶ
724 383 954 446 πλάτους
987 384 1173 454 πηχῶν
1203 385 1334 438 δέκα
1358 401 1371 415 ·
1407 386 1499 438 καὶ
1518 379 1637 438 εἶπε
1664 386 1798 456 πρός

1907 387 2210 442 cubitorum
2247 388 2457 442 decem.
2509 382 2762 457 Dixitque
2795 387 2923 441 mihi
2975 406 2986 441 :
3029 386 3152 441 Haec
3191 398 3274 444 cst
3306 393 3472 444 male-

219 492 296 543 με
325 492 338 503 ⁸
366 474 512 536 Αὕτη
541 477 572 544 ἡ
601 474 706 544 ἀρὰ
741 476 773 544 ή
801 476 1202 545 ἐκπορευομένη
1240 477 1334 528 ἐπὶ
1372 479 1660 547 πρόσωπον
1689 479 1794 531 πά-

218 581 326 634 σης
343 564 440 632 τῆς
459 565 578 633 γῆς·
597 563 728 616 διότι
751 565 853 626 πᾶς
869 565 895 614 ὁ
911 563 1146 634 κλέπτης
1168 566 1230 617 ἐκ
1246 565 1433 618 τούτου
1446 567 1548 630 ’έως
1569 566 1794 620 θανάτου

217 657 640 726 ἐκδικηθήσεται
658 674 669 686 ·
700 658 788 708 καὶ
817 659 920 719 πᾶς
947 660 974 709 ὁ
1001 658 1250 726 ἐπίορκος
1273 659 1338 711 ἐκ
1363 659 1547 712 τούτου
1579 660 1682 722 ἓως
1705 661 1795 713 θα-

217 748 388 800 νάτου
416 747 829 816 ἐκδικηθήσεται
851 766 862 778 ο
901 750 992 801 καὶ
1024 748 1212 812 ἐξοίσω
1242 751 1390 815 αὐτὸ,
1419 752 1565 819 λέγει
1599 752 1796 822 Κύριος

219 841 658 909 ’παντοκράτωρο
711 839 803 892 καὶ
842 840 1201 892 εἰσελεύσεται
1250 843 1329 904 είς
1374 841 1463 894 τὸν
1503 837 1648 894 οἷκον
1703 844 1794 897 τοῦ

223 930 482 993 κλέπτου,
532 933 625 984 καὶ
669 934 747 994 είς
793 933 880 984 τὸν
913 928 1057 985 οἷκον
1104 933 1194 985 τοῦ
1235 933 1521 1002 ὀμνύοντος
1564 935 1638 1005 τῷ
1684 937 1798 990 ὀνό-

229 1025 360 1093 ματί
399 1043 498 1094 μου
537 1027 627 1078 ἐπὶ
658 1024 871 1093 ψεύδει·
922 1027 1014 1077 καὶ
1063 1026 1354 1078 καταλύσει
1388 1030 1444 1080 ἐν
1487 1029 1633 1098 μέσῳ
1689 1031 1784 1083 τοῦ

224 1117 376 1168 οἴκου
423 1116 624 1179 αὐτοῦ,
682 1117 774 1169 καὶ
821 1117 1124 1170 συντελέσει
1185 1118 1348 1172 αὐτὸν
1400 1122 1492 1172 καὶ
1549 1122 1614 1174 τὰ
1667 1120 1797 1186 ξύλα

223 1208 391 1260 αὐτοῦ
429 1208 520 1260 καὶ
561 1209 686 1272 τοὺς
719 1208 896 1272 λίθους
946 1209 1134 1263 αὐτοῦ.
1175 1229 1193 1261 ι
1245 1210 1520 1280 Δρέπανον
1557 1213 1656 1281 μὲν
1696 1215 1799 1284 ὁρᾷ

227 1301 412 1352 ἰκανὸν
474 1299 713 1354 κάτωθεν
768 1300 835 1354 τὰ
882 1301 1288 1370 προσπίπτοντα
1351 1302 1664 1372 ἐκτέμνειν·
1702 1321 1797 1356 πε-

222 1389 452 1458 τόμενον
489 1389 578 1451 δὲ,
630 1392 709 1452 είς
761 1389 990 1459 δήλωσιν
1029 1390 1121 1442 τοῦ
1169 1390 1335 1454 ὀξέως
1390 1391 1487 1460 τὴν
1528 1393 1798 1462 τιμωρίαν

223 1480 530 1547 ἐπάγεσθαι
567 1479 665 1550 τὴν
702 1480 852 1532 θείαν
885 1483 997 1544 τοῖς
1029 1481 1234 1552 ταύτης
1280 1481 1481 1546 ἀξίοις·
1519 1483 1717 1547 πλάτος
1744 1484 1799 1538 δὲ

224 1573 321 1626 καὶ
375 1574 588 1642 μῆκος,
630 1573 703 1634 ὡς
747 1573 812 1625 ἂν
841 1573 932 1625 καὶ
973 1571 1050 1644 τῷ
1085 1573 1301 1642 μεγέθει
1349 1574 1633 1644 φοϐήσειεν
1676 1576 1798 1639 τοὺς

224 1665 543 1728 ἀκούοντας.
582 1666 740 1732 Λέγει
773 1665 830 1718 δὲ
877 1665 974 1736 τὴν
1022 1666 1290 1736 τιμωρίαν
1339 1666 1542 1736 ταύτην
1571 1667 1713 1720 κατά
1738 1684 1797 1719 τε

1899 477 2065 532 dictio
2093 495 2212 547 qum
2240 479 2515 549 egreditur
2551 495 2716 549 super
2750 479 2940 533 faciem
2973 483 3241 534 univcrsze
3269 489 3466 543 terrae;

1897 569 2025 636 quia
2051 569 2228 624 omnis
2255 569 2341 622 fur
2366 571 2564 623 abhinc
2603 586 2774 639 usque
2808 570 2874 622 ad
2911 579 3142 622 mortem
3181 575 3464 640 punietur.

1897 667 1952 711 et
2002 659 2180 713 omnis
2227 659 2478 728 perjurus
2528 658 2725 712 abhinc
2763 673 2936 726 usque
2972 658 3038 712 ad
3073 666 3300 712 mortem
3343 661 3469 713 item

1899 749 2172 817 punietur.
2202 749 2265 801 Et
2287 750 2511 803 educam
2545 749 2729 811 illam,
2765 749 2897 802 dicit
2933 749 3195 802 Dominus
3225 749 3475 819 ontnipo-

1901 850 2041 901 tens,
2077 846 2130 890 et
2160 839 2492 906 ingredietur
2523 837 2575 890 in
2619 837 2840 890 domum
2879 837 3014 890 furis
3036 876 3050 899 ,
3082 847 3136 890 et
3167 837 3221 890 in
3250 838 3470 891 domum

1895 929 2134 998 jurantis
2163 929 2381 983 nomine
2406 944 2526 982 meo
2556 943 2721 998 super
2745 927 3053 991 mendacio,
3086 936 3140 981 et
3171 928 3474 982 diversabi-

1900 1030 1991 1074 tur
2041 1020 2095 1074 in
2149 1020 2326 1074 medio
2376 1019 2574 1074 domus
2624 1020 2764 1089 ejus,
2812 1029 2866 1076 et
2913 1031 3202 1076 consumet
3244 1038 3386 1087 eam,
3418 1031 3474 1075 et

1899 1112 2043 1181 ligna
2073 1113 2194 1180 ejus
2219 1121 2272 1164 et
2312 1111 2520 1181 lapides
2561 1113 2702 1182 ejus.
2736 1133 2754 1164 ι
2798 1111 3013 1166 Falcem
3047 1113 3196 1168 videt
3220 1115 3472 1169 idoneam

1899 1203 2150 1256 deorsum
2171 1203 2411 1257 secando
2431 1218 2770 1272 quaecunque
2783 1212 3141 1258 occurrerent
3163 1221 3176 1267 ;
3199 1205 3473 1259 volantem

1899 1300 2078 1346 autem
2107 1292 2175 1345 ob
2214 1292 2585 1346 denotaudum
2618 1292 2858 1346 divinam
2894 1308 3110 1362 poenam
3144 1294 3255 1348 cito
3283 1293 3472 1348 inferri

1900 1383 2236 1437 merentibus
2273 1400 2285 1434 :
2327 1381 2564 1450 denique
2606 1383 2727 1449 ejus
2776 1384 3120 1438 latitudinem
3179 1384 3476 1454 longitudi-

1899 1488 2131 1542 nemque
2184 1475 2336 1538 dicit,
2387 1481 2445 1526 ut
2501 1474 2877 1544 magnitudine
2927 1490 3142 1544 quoque
3191 1473 3474 1528 audientes

1901 1569 2240 1623 terrefaciat.
2269 1569 2408 1624 Dicit
2438 1583 2568 1624 vero
2612 1569 2753 1623 hanc
2779 1583 2994 1638 poenam
3026 1567 3291 1622 adversus
3326 1566 3480 1620 fures

1901 1666 1953 1713 et
1991 1658 2240 1727 perjuros
2272 1659 2605 1712 commoveri
2633 1677 2645 1712 :
2674 1673 2984 1728 quanquam
3022 1657 3222 1726 alioqui
3259 1665 3477 1711 constat

225 1756 578 1810 κλεπτόντων
610 1756 705 1808 καὶ
738 1756 1136 1826 ἐπιορκούντων
1186 1757 1452 1809 κινεῖσθαι.
1478 1774 1492 1787 ο
1531 1758 1690 1828 δήλου
1734 1775 1797 1825 γε

1907 1748 2044 1801 haud
2086 1749 2200 1802 haec
2233 1749 2611 1803 tantummodo
2650 1750 2857 1803 versari
2900 1749 3041 1802 inter
3067 1747 3316 1801 homines
3350 1761 3476 1814 pec-

229 1849 388 1909 ὖντος
413 1888 426 1905 .
461 1849 538 1912 ὡς
567 1848 626 1900 ού
651 1847 819 1900 ταῦτα
852 1848 1007 1917 μόνον
1038 1849 1184 1900 ἐστὶν
1212 1849 1268 1900 ἐν
1289 1848 1592 1920 ἀνθρώποις
1618 1867 1691 1901 πα
1703 1867 1798 1919 ρα-

224 1942 518 2008 νομήματα
541 1980 554 2004 ,
598 1939 768 1992 πολλὰ
807 1941 861 1993 δὲ
897 1941 988 1993 καὶ
1025 1941 1218 2010 ἕτερα,
1257 1941 1414 2009 φόνος
1457 1959 1516 1994 τε
1552 1943 1643 1994 καὶ
1687 1959 1801 2012 μοι-

225 2032 381 2100 χεία,
419 2031 512 2083 καλ¹
560 2031 628 2082 τὰ
669 2031 830 2084 λοιπά
859 2025 946 2095 δὴ,
973 2026 1008 2079 ἃ
1040 2032 1168 2102 μηδέ
1209 2033 1459 2103 ἀριθμεῖν
1505 2034 1702 2104 ῥᾴδιον.
1735 2034 1799 2085 Τί

223 2117 322 2174 οὖν
355 2125 503 2174 ἐστιν
541 2122 569 2175 ὃ
595 2138 792 2191 φησιν;
826 2123 917 2184 Εἰς
957 2121 1048 2173 δύο
1079 2122 1253 2177 ταῦτα
1287 2123 1593 2194 κυριώτατα
1629 2141 1800 2195 μεμε-

227 2211 415 2283 ρίσθαι
445 2211 542 2274 τὰς
580 2212 798 2276 ἐντολὰς
831 2212 1142 2282 συμϐέϐηκε
1180 2213 1278 2277 τὰς
1311 2215 1480 2277 θείας,
1512 2216 1589 2278 είς
1616 2233 1672 2268 τε
1703 2215 1800 2285 τὴν

226 2305 361 2373 περὶ
412 2304 542 2356 Θεὸν
589 2303 833 2373 γνώμην,
870 2305 962 2356 καὶ
1009 2307 1087 2365 είς
1127 2305 1225 2374 τὴν
1270 2308 1396 2377 περὶ
1437 2308 1527 2361 τὸν
1576 2308 1800 2378 πλησίον

225 2393 454 2457 ἀγάπην
473 2407 486 2419 ⁶
514 2395 586 2456 ὼς
613 2395 706 2448 καὶ
745 2397 772 2446 ὁ
803 2394 1007 2466 Κύριος
1036 2397 1225 2457 εἰπὼν,
1267 2420 1283 2449 ι
1339 2399 1671 2469 Ἀγαπήσεις
1698 2402 1802 2452 Κύ-

228 2499 346 2551 ριον
377 2485 468 2537 τὸν
490 2482 625 2536 Θεόν
653 2499 746 2536 σου
791 2483 852 2546 ἐξ
891 2484 1018 2555 ὅλης
1051 2486 1146 2554 τῆς
1179 2485 1407 2554 καρδίας
1445 2502 1537 2538 σου
1560 2527 1572 2546 ,
1610 2487 1703 2539 καὶ
1742 2487 1801 2552 ἐξ

222 2571 358 2641 ὅλης
391 2572 488 2642 τῆς
518 2572 754 2636 διανοίας
779 2590 870 2625 σου
893 2612 908 2636 ,
944 2575 1036 2626 καὶ
1069 2574 1126 2638 ἐξ
1153 2575 1281 2643 ὅλης
1310 2577 1405 2645 τῆς
1443 2575 1624 2644 ἰσχύος
1670 2593 1763 2628 σου
1786 2594 1798 2607 ·

224 2663 324 2714 καὶ
373 2663 682 2732 ἀγαπήσεις
711 2666 801 2716 τὸν
837 2664 1064 2734 πλησίον
1118 2684 1210 2718 σου
1242 2667 1316 2729 ὼς
1352 2668 1574 2721 σεαυτόν
1596 2684 1609 2697 ·
1653 2688 1669 2720 ι
1708 2672 1804 2721 ἐπ-

223 2754 460 2823 ήγαγεν,
494 2754 570 2823 (p.
593 2750 716 2824 472)
752 2775 769 2806 ‹
811 2757 896 2808 Ἑν
924 2757 1162 2820 ἐντολαῖς
1189 2758 1410 2821 ταύταις
1438 2758 1553 2822 ὅλος
1585 2760 1613 2811 ὁ
1647 2760 1804 2829 νόμος

224 2845 325 2896 καὶ
354 2847 403 2897 at
432 2847 704 2915 προφῆται
729 2846 1028 2916 κρέμανται
1055 2866 1065 2878 ·
1105 2867 1123 2898 ι
1164 2847 1443 2919 βουληθεὶς
1470 2851 1648 2904 τοίνυν
1677 2867 1803 2903 συν-

222 2937 413 3005 τόμως
443 2938 614 2989 εἰπεῖν
658 2937 725 2990 τά
751 2954 808 2989 τε
837 2939 918 3000 είς
950 2939 1038 2993 τὸν
1066 2939 1198 2993 Θεὸν
1223 2943 1314 2993 καὶ
1341 2940 1408 2992 τὰ
1440 2943 1518 3003 είς
1545 2942 1634 2994 τὸν
1667 2943 1804 3012 πλη-

224 3025 368 3087 σίον,
393 3027 457 3094 τῇ
488 3027 582 3094 μὲν
613 3027 868 3097 ἐπιορκία
895 3027 971 3089 ὡς
1000 3029 1079 3090 είς
1107 3027 1238 3080 Θεὸν
1266 3029 1516 3101 τεινούσῃ
1555 3030 1653 3093 τάς
1683 3031 1806 3093 ἀσε-

224 3116 381 3178 ϐείας
427 3117 633 3179 πάσας,
681 3116 820 3184 λέγω
857 3117 914 3169 δέ
957 3117 1056 3180 τὰς
1103 3119 1181 3180 είς
1223 3118 1355 3170 Θεὸν
1401 3119 1801 3188 πλημμελείας,

225 3204 532 3273 συλλήϐδην
558 3205 702 3273 λέγει
724 3222 737 3234 ·
773 3208 839 3276 τῇ
874 3206 931 3259 δὲ
964 3206 1171 3277 κλοπῇ,
1217 3208 1314 3278 τὴν
1366 3211 1494 3279 περὶ
1533 3209 1625 3261 τὸν
1672 3209 1806 3279 πλη-

229 3294 376 3347 (ι’ίον⁹
412 3294 598 3363 ἐπειδὴ
626 3294 733 3363 γὰρ
777 3296 1063 3365 ἀφαίρεσις
1099 3297 1206 3348 τῶν
1235 3299 1294 3348 οὐ
1323 3299 1628 3368 προσόντων
1662 3301 1806 3352 ἐστὶν

225 3387 266 3454 ἡ
300 3385 508 3454 κλοπὴ,
555 3386 760 3456 κλοπὴν
805 3389 998 3449 κοινῶς
1043 3387 1293 3458 ὠνόμασε
1335 3391 1514 3443 πᾶσαν
1566 3391 1664 3460 τὴν
1696 3392 1806 3445 τῶν

227 3474 528 3545 ἀλλοτρίων
563 3476 852 3546 ἀφαίρεσιν
877 3494 889 3507 ·
935 3479 1019 3530 ἵνα
1056 3480 1333 3550 συντόμως
1367 3482 1496 3552 εῖπῃ
1525 3482 1605 3535 ὃτι
1636 3486 1667 3552 ή
1697 3484 1806 3553 ἀρὰ

228 3565 374 3636 αὕτη
407 3566 638 3636 μεγίστη
676 3585 733 3620 τε
761 3570 852 3622 καὶ
883 3570 1090 3638 φοϐερὰ
1125 3573 1217 3623 καὶ
1252 3573 1411 3624 παντί
1451 3589 1514 3640 γε
1547 3573 1800 3638 ἐπιοῦσα,

229 3654 345 3708 cita
369 3658 447 3718 είς
471 3656 601 3708 Θεόν
625 3674 676 3708 τι
706 3658 951 3728 ἀσεϐοίη,
983 3659 1093 3712 εἴτε
1117 3660 1196 3720 εἰς
1208 3657 1298 3712 τὸν
1333 3660 1556 3730 πλησίον
1593 3663 1733 3716 κατά
1754 3679 1806 3714 τι

233 3747 440 3799 πταίοι.
482 3748 645 3814 Λέγει
683 3748 739 3800 δέ
773 3749 853 3800 ὅτι
894 3749 986 3800 καὶ
1017 3749 1306 3802 καταλύσει
1333 3752 1389 3803 ἐν
1423 3751 1572 3819 μέσῳ
1600 3751 1693 3804 τοῦ
1732 3755 1809 3806 οῖ-

233 3857 333 3891 κου
364 3839 547 3902 αύτοῦ,
591 3841 683 3891 καὶ
712 3839 1014 3892 συντελέσει
1059 3840 1219 3894 αὑτὸν
1254 3843 1347 3894 καὶ
1380 3842 1447 3894 τὰ
1482 3841 1613 3905 ξύλα
1641 3844 1805 3897 αὑτοῦ

233 3930 331 3980 καί
348 3929 471 3991 τοὺς
487 3928 664 3992 λίθους
682 3928 844 3980 αὑτοῦ
866 3945 879 3958 θ
915 3930 1000 3981 ἵνα
1022 3929 1170 4002 εἴπῃ,
1187 3931 1266 3982 ὅτι
1299 3931 1396 4000 μὲν
1419 3929 1560 3985 Εἷπα
1585 3935 1808 4003 τοιούτῳ

235 4020 623 4088 ἀμετανοήτως
652 4021 930 4081 πταίοντι,
978 4020 1038 4071 ’11
1066 4021 1359 4091 τιμωρίαὴ
1393 4021 1511 4075 θεία
1556 4022 1711 4093 ἄχρις
1742 4023 1808 4076 ἂν

235 4111 400 4162 αὐτὸν
434 4111 529 4162 σὺν
559 4109 762 4164 ἅπασιν
797 4111 1049 4182 ἐξαλείψῃ
1091 4116 1199 4176 τοῖς
1239 4115 1588 4182 προσήκουσι.
1623 4115 1722 4168 Διά
1752 4118 1808 4169 δέ

233 4200 438 4252 τούτων
464 4201 751 4272 αὐτάρκως
784 4203 1024 4272 φοϐήσας
1057 4204 1252 4266 αὐτοὺς
1273 4244 1286 4264 ,
1325 4205 1563 4257 δείκνυσι
1596 4206 1682 4260 διὰ
1702 4209 1808 4262 τῶν

236 4291 364 4359 ἑξῆς
393 4292 750 4364 ἀφῃρημένην
775 4294 952 4346 αὐτῶν
989 4295 1086 4365 τὴν
1134 4295 1270 4364 ὑπὲρ
1300 4295 1407 4349 τῶν
1447 4298 1810 4367 παρεληλυθό-

1900 1847 2040 1902 cata,
2075 1839 2167 1894 sed
2193 1847 2246 1892 et
2286 1841 2390 1892 alia
2437 1842 2626 1902 multa,
2669 1840 3021 1893 homicidium
3054 1848 3218 1908 puta,
3262 1837 3474 1892 adulte-

1901 1931 2078 1993 rium,
2116 1939 2170 1982 et
2215 1939 2408 1985 czctera
2449 1947 2570 2001 quae
2613 1931 2778 2003 314
2812 1931 2956 1985 haud
3006 1931 3164 1985 facile
3199 1929 3473 1984 numerari

1901 2030 2123 2090 queunt.
2149 2022 2288 2086 Quid
2315 2037 2446 2092 ergo
2471 2023 2629 2076 dicit?
2658 2025 2850 2077 11111ωο
2871 2023 2980 2077 duo
3004 2022 3287 2091 potissima
3303 2019 3478 2074 dividi

1903 2113 2079 2167 solent
2130 2112 2383 2166 mztndata
2424 2113 2640 2176 divina,
2675 2129 2871 2182 nempe
2918 2113 2973 2166 iu
3019 2111 3115 2166 Dei
3151 2111 3474 2174 scientiam,

1900 2213 1954 2259 et
1998 2206 2051 2258 in
2091 2204 2415 2259 charitatem
2450 2221 2576 2275 erga
2624 2207 2952 2275 proximum.
3000 2205 3181 2270 Quare
3209 2212 3263 2259 et
3293 2203 3478 2258 Domi-

1902 2315 2004 2352 nus
2025 2306 2310 2367 postquam
2327 2297 2466 2351 dixit
2483 2298 2549 2361 ⁵ο,
2578 2316 2596 2347 ι
2620 2296 2819 2366 Diliges
2836 2295 3118 2349 Dominum
3139 2293 3305 2347 Deum
3325 2303 3476 2346 tuum

1902 2405 1965 2443 ex
1994 2397 2109 2443 toto
2142 2389 2308 2443 corde
2337 2396 2432 2442 tuo
2457 2432 2471 2453 ,
2500 2403 2566 2442 ex
2600 2395 2711 2440 tota
2743 2394 2925 2441 mente
2952 2394 3065 2450 tua,
3104 2393 3158 2439 et
3193 2401 3258 2439 ex
3297 2385 3477 2438 omni-

1904 2481 2003 2535 bus
2050 2479 2256 2533 viribus
2306 2477 2449 2538 tuis,
2497 2478 2736 2546 itemque
2791 2475 3095 2546 proximum
3139 2483 3289 2527 tuum
3336 2473 3482 2527 sicut

1903 2572 2187 2641 teipsum;
2219 2591 2237 2621 )
2273 2568 2517 2623 addidit:
2557 2586 2576 2618 ι
2618 2568 2672 2621 ln
2710 2567 2794 2622 his
2819 2565 3088 2619 mandatis
3107 2565 3359 2618 universa
3394 2565 3474 2618 lex

1905 2663 2100 2734 pendet
2136 2671 2189 2716 et
2237 2661 2534 2731 pr0phetae.
2575 2680 2594 2710 ι
2629 2659 2830 2714 Volens
2854 2659 3035 2727 itaque
3075 2657 3178 2711 hoc
3211 2657 3329 2710 loco
3350 2657 3479 2712 bre-

1904 2756 2042 2810 viter
2085 2754 2268 2808 dicere
2311 2768 2432 2823 qua:
2471 2752 2640 2806 Deum
2699 2766 2928 2821 quaeque
2993 2750 3300 2819 proximum
3357 2765 3480 2820 spe-

1906 2858 2089 2914 ctant;
2116 2848 2356 2918 perjurio
2377 2847 2594 2917 quidem
2619 2845 2763 2917 quod
2781 2847 2833 2898 in
2862 2844 3027 2898 Deum
3048 2844 3238 2908 tendit,
3258 2852 3482 2897 cunctas

1908 2940 2372 3009 irreligiositates,
2393 2938 2447 2993 id
2470 2947 2553 2993 est
2581 2939 2848 2992 adversus
2867 2935 3034 2991 Deum
3067 2941 3309 3004 peccata,
3329 2951 3481 2988 com-

1811 3019 1814 3024 ’
1848 3033 2102 3102 cpendio
2126 3032 2260 3086 dicit
2289 3050 2301 3086 :
2330 3031 2476 3084 furto
2499 3040 2699 3092 autem,
2729 3043 2849 3098 quae
2870 3028 3136 3083 adversus
3167 3028 3478 3096 proximum

1907 3131 2052 3176 sunt.
2083 3121 2217 3176 Nam
2250 3122 2376 3190 quia
2408 3121 2609 3174 furtum
2640 3127 2725 3174 est
2755 3121 2832 3172 rei
2860 3119 3049 3174 aliena:
3079 3118 3300 3178 ablatio.
3334 3134 3480 3172 nunc

1910 3214 2111 3267 furtum
2148 3213 2476 3282 generaliter
2523 3211 2813 3281 appellavit
2856 3210 3124 3280 quidquid
3169 3211 3326 3264 alteri
3379 3225 3478 3264 au-

1907 3303 2116 3369 fertur;
2177 3312 2236 3356 ut
2292 3303 2480 3372 paucis
2537 3301 2806 3371 signiticet
2852 3298 3291 3354 inaledictionem
3338 3299 3481 3352 hanc

1907 3399 2028 3449 css‘e
2063 3395 2356 3448 maximam
2388 3409 2450 3447 ac
2492 3393 2792 3447 terribilem
2829 3398 2882 3444 et
2911 3391 3136 3444 cuilibet
3165 3389 3480 3460 impenden-

1909 3492 2038 3544 tem,
2085 3482 2199 3536 sive
2242 3482 2289 3536 is
2331 3482 2385 3536 in
2418 3480 2587 3535 Deum
2629 3480 2830 3549 impius
2873 3481 2964 3544 sit,
3013 3481 3130 3535 sive
3172 3481 3480 3549 proximum

1908 3573 2315 3643 quomodolibet
2350 3573 2536 3626 violet.
2584 3571 2726 3625 Dicit
2746 3580 2928 3626 autem
2970 3571 3082 3626 fore
3113 3584 3171 3626 ut
3212 3589 3274 3627 ea
3312 3573 3481 3626 male-

1908 3665 2077 3718 dictio
2106 3663 2414 3718 diversetur
2451 3663 2598 3717 domi
2632 3664 2774 3731 ejus,
2825 3672 2878 3717 et
2921 3673 3212 3718 consumat
3244 3665 3390 3717 illam
3419 3679 3483 3718 ac

1909 3757 2114 3824 lapides
2163 3756 2371 3824 ipsius;
2429 3756 2483 3810 id
2522 3763 2624 3819 est,
2672 3756 2788 3810 Dixi
2837 3757 2962 3810 huic
2995 3759 3116 3811 sine
3163 3755 3484 3826 poenitentia

1909 3849 2153 3917 peccanti
2194 3865 2207 3901 :
2243 3847 2433 3901 Divina
2461 3860 2618 3916 pmna
2651 3855 2877 3902 eatenus
2899 3847 3284 3916 perseverabit,
3313 3847 3486 3902 donec

1913 3945 2256 4004 peccatorem
2296 3951 2419 3989 cum
2458 3937 2608 3992 oruni
2656 3953 2712 3991 re
2736 3952 2836 3991 sua
2872 3947 3178 3991 consumat.
3207 3938 3317 4006 Age
3351 3953 3484 3994 vero

1911 4036 2194 4095 postquam
2227 4027 2360 4081 satis
2395 4041 2490 4081 eos
2517 4025 2821 4091 terre‘l'ecit,
2856 4027 3093 4081 ostendit
3124 4025 3176 4079 in
3210 4026 3488 4095 sequenti-

1914 4119 2014 4174 bus
2038 4120 2320 4175 remissam
2350 4117 2519 4173 fuisse
2549 4120 2873 4188 praeteritam
2901 4119 3118 4172 illorum
3155 4121 3368 4188 culpam
3398 4129 3485 4172 at-

1912 4223 2015 4277 que
2050 4222 2263 4276 pcenam
2289 4226 2303 4273 ;
2332 4217 2389 4262 ut
2418 4208 2592 4278 magis
2621 4208 2746 4262 inde
2769 4216 3128 4277 cognoscant,
3161 4216 3282 4276 post
3311 4208 3486 4279 impe-

1913 4306 2107 4352 tratam
2145 4299 2545 4368 przeteritorum
2588 4297 2822 4359 veniam,
2855 4309 3105 4367 oportere
3132 4313 3227 4350 eos
3251 4298 3484 4367 diligen-

235 4400 344 4434 των
396 4383 670 4453 ἁμαρτίαν
721 4401 777 4435 τε
823 4384 916 4437 καὶ
965 4385 1265 4456 τιμωρίανο
1311 4387 1385 4450 ὼς
1430 4387 1495 4440 ἂν
1551 4388 1802 4458 μειζόνως

1918 4390 2026 4443 tius
2050 4389 2141 4443 Dei
2169 4390 2437 4442 voluntati
2468 4389 2718 4456 obsequi.
2754 4388 3118 4452 Quamobrem
3151 4388 3298 4441 addit
3330 4405 3342 4440 :

234 4472 411 4541 ἔχοιεν
441 4472 654 4534 εἰδέναι,
685 4473 764 4525 ὅτι
805 4475 902 4544 τῆς
935 4477 1046 4538 τοῖς
1093 4476 1186 4528 ἐπὶ
1215 4477 1567 4547 προειληφόσι
1616 4479 1834 4549 χάριτος
1871 4479 2161 4549 τετυχότας
2193 4481 2456 4550 προσήκοι
2487 4477 2551 4530 ἂν
2591 4476 3006 4547 ἐπιμελέστερον
3033 4477 3350 4547 ἀντέχεσθαι
3379 4476 3488 4530 τῶν

232 4562 534 4616 δοκούντων
569 4563 704 4633 Θεῷ.
732 4565 822 4616 Διὸ
849 4565 1063 4630 ἐπάγει·

309 4654 455 4723 Στίχ.
497 4654 640 4723 ε’-η’.
669 4685 738 4694 -—
775 4674 794 4706 ‹
846 4656 958 4707 Καὶ
987 4651 1210 4724 ἐξῆλθεν
1242 4657 1270 4707 ὁ
1313 4653 1540 4722 ἄγγελος
1572 4656 1599 4706 ό
1632 4654 1808 4707 λαλῶν

235 4752 295 4802 ἐν
331 4749 476 4818 ἐμοὶ,
511 4751 601 4802 καὶ
627 4745 746 4802 εἷπε
789 4751 924 4819 πρός
957 4767 1022 4818 με
1049 4765 1061 4778 ·
1119 4749 1443 4818 Ἀνάϐλεψον
1470 4752 1580 4812 τοῖς
1609 4749 1810 4818 ὀφθαλ-

238 4841 362 4907 μοῖς
391 4855 486 4890 σου
519 4841 612 4892 καὶ
654 4839 730 4893 ἴδε
759 4843 810 4892 τί
844 4841 903 4893 τὸ
930 4841 1360 4910 ἐκπορευόμενον
1391 4840 1578 4892 τοῦτο⁸
1619 4841 1710 4892 καὶ
1734 4837 1811 4893 εἷ-

235 4945 362 4992 πον,
397 4929 461 4980 Τί
499 4931 645 4994 ἐστι;
682 4932 776 4983 καὶ
822 4928 965 4992 εἶπε,
1023 4931 1193 4984 Τοῦτο
1222 4931 1280 4983 τὸ
1313 4930 1510 5000 μέτρον
1557 4930 1617 4984 τὸ
1648 4934 1814 4985 ἐκπο-

238 5018 530 5088 ρευόμενον
550 5038 564 5052 ο
596 5023 690 5074 καὶ
718 5019 891 5086 εἶπεν,
925 5019 1072 5092 Αὕτη
1103 5024 1136 5091 ή
1177 5021 1357 5075 ἀδικία
1381 5021 1558 5074 αὐτῶν
1579 5023 1636 5076 ἐν
1662 5023 1811 5095 πάσῃ

233 5110 304 5179 τῇ
356 5111 454 5178 γῇ·
519 5112 611 5165 καὶ
665 5113 801 5166 ἰδοὺ·
836 5115 1094 5167 τάλαντον
1152 5114 1401 5183 μολίϐδου
1429 5114 1808 5184 ἐξοιιρόμενον⁹

240 5201 318 5278 (ρ
371 5203 507 5270 475)
548 5205 640 5257 καὶ
686 5204 794 5258 ἰδοὺ
846 5205 984 5275 γυνὴ
1039 5206 1133 5275 μία
1172 5204 1404 5275 ἐκάθητο
1441 5207 1498 5257 ἐν
1531 5207 1680 5276 μέσῳ
1714 5204 1808 5257 τοῦ

242 5298 443 5368 μέτρου
466 5335 479 5355 ,
512 5297 604 5348 καὶ
633 5291 805 5358 εἶπεν,
836 5295 982 5367 Αὕτη
1019 5297 1166 5348 ἐστὶν
1193 5297 1224 5365 ἡ
1262 5295 1460 5366 ἀνομία
1483 5310 1496 5324 ·
1526 5297 1618 5348 καὶ
1659 5295 1808 5367 ἔρρι-

237 5392 342 5459 ψεν
370 5392 648 5459 αὑτὴν-είς
689 5391 852 5460 μέσον
880 5390 972 5444 τοῦ
1012 5391 1238 5461 μέτρου·
1274 5390 1368 5443 καὶ
1397 5389 1587 5461 ἔρριψε
1619 5390 1680 5443 τὸ
1717 5391 1808 5444 τάς

239 5483 432 5535 λαντον
464 5480 558 5533 τοῦ
589 5481 836 5551 μολίϐδου
865 5483 942 5546 είς
977 5482 1037 5535 τὸ
1064 5481 1236 5552 στόμα
1271 5481 1455 5550 αὐτῆς.
1487 5499 1504 5532 ›
1524 5481 1625 5534 Τὸν
1648 5482 1810 5536 αὐτὸν

317 5663 360 5692 ⁸ο
409 5659 595 5714 Matth.
653 5674 787 5714 uti.
830 5658 920 5725 37,
963 5671 1082 5724 sqq.

1983 4653 2146 4708 Vsus.
2184 4655 2292 4708 5-8.
2333 4685 2401 4695 —
2432 4675 2449 4706 ι
2489 4655 2550 4708 Et
2599 4672 2855 4726 egressus
2889 4669 2973 4712 est
3015 4657 3242 4727 angelus
3275 4658 3368 4727 qui
3405 4657 3488 4710 lo-

1909 4748 2177 4816 quebatur
2217 4748 2266 4798 in
2322 4763 2440 4806 me,
2498 4746 2743 4817 dixitque
2798 4748 2928 4801 mihi
2973 4767 2985 4802 :
3041 4747 3269 4816 Suspiee
3308 4747 3488 4802 oculis

1915 4841 2043 4899 tuis,
2099 4849 2152 4891 et
2195 4838 2319 4891 vide
2365 4838 2468 4892 hoc
2523 4839 2669 4907 quod
2711 4841 3008 4908 egreditur.
3063 4839 3127 4893 Et
3153 4840 3265 4892 dixi
3303 4839 3488 4906 πριιῑά

1913 4929 2031 4984 cSt?
2080 4929 2144 4982 Et
2176 4930 2251 4983 ait
2283 4947 2295 4983 :
2330 4928 2455 4983 Haec
2495 4937 2579 4984 est
2624 4945 2879 4984 mensura
2923 4947 3044 5000 qum
3092 4931 3390 4999 egreditur.
3427 4930 3492 4983 Et

1920 5023 1994 5075 ait
2033 5042 2044 5075 :
2081 5021 2203 5075 llatc
2235 5029 2318 5076 est
2345 5021 2606 5090 iniquitas
2633 5038 2821 5076 eorum
2854 5022 2908 5076 in
2942 5023 3198 5077 universa
3223 5031 3390 5077 terra.
3423 5021 3492 5076 Et

1915 5128 2041 5168 ecce
2065 5113 2321 5166 talentum
2342 5114 2540 5181 plumbi
2559 5115 2845 5167 clevatum:
2869 5121 2922 5167 et
2933 5128 3058 5168 ecce
3073 5113 3265 5167 mulier
3287 5128 3390 5166 una
3413 5127 3496 5167 sc-

1917 5205 2076 5260 debat
2093 5205 2145 5259 in
2166 5220 2431 5260 mensurae
2454 5205 2649 5260 medio.
2675 5203 2740 5258 Et
2761 5204 2898 5259 dixit
2922 5223 2936 5261 :
2963 5204 3086 5261 llaec
3106 5213 3189 5261 est
3210 5204 3370 5274 315
3387 5205 3492 5258 ini»

1915 5297 2114 5365 q-titas.
2143 5294 2206 5346 Et
2226 5293 2457 5362 conjecit
2484 5307 2601 5347 eam
2621 5294 2675 5347 in
2702 5294 2935 5347 medium
2964 5310 3260 5359 mensurae;
3283 5301 3334 5348 et
3366 5307 3493 5361 pro-

1913 5385 2043 5456 jecit
2065 5384 2293 5456 lapidein
2314 5384 2516 5455 plumbi
2537 5385 2590 5437 in
2621 5399 2684 5438 os
2701 5385 2840 5453 ejus.
2873 5401 2893 5434 ι
2933 5384 3190 5440 Eumdem
3212 5383 3353 5438 videt
3373 5397 3495 5436 rur-

1919 5495 2013 5534 sus
2056 5478 2326 5548 angelum,
2367 5475 2642 5546 jubentem
2666 5475 2714 5530 ei
2741 5482 2798 5529 ut
2826 5475 3090 5543 aspiceret
3116 5472 3331 5545 quodin
3359 5487 3494 5542 pra:-

3369 274 3482 330 δσι·
3571 257 3574 260 ‘
