3856 6226
342 296 444 352 53:9

1507 291 1856 348 THEODORI
1889 291 2382 349 MOPSUESTENI

3503 289 3605 345 510

344 425 464 462 runt
509 423 568 464 se
602 408 755 462 abire
802 413 1100 477 oporteret.
1143 405 1427 476 Signiﬁcat
1473 415 1652 461 autem
1695 406 1922 476 reliquis

2059 407 2412 478 ξεπορεύοντο
2432 408 2522 459 ἐπι
2559 407 2662 475 γῆν
2688 423 2862 468 νοτου,
2888 405 2961 467 ως
2991 405 3158 475 θυμοῦ
3180 404 3428 466 πνέοντες
3460 402 3603 456 κατὰ

340 503 504 555 etiam
543 514 730 554 curam
765 499 934 554 fuisse
973 501 1182 554 varium
1214 499 1477 554 exhibere
1523 498 1916 561 ministerium,

344 591 492 663 quod
528 593 791 646 varietate
826 593 1027 647 coloris
1070 594 1152 647 sui
1215 592 1535 653 innuebant,
1585 592 1792 660 paratis
1831 592 1923 644 ob-

348 697 569 736 :-ervare
603 697 730 734 num
771 680 905 751 quid
931 689 1076 734 esset
1110 691 1370 750 praeterea
1403 681 1501 734 abs
1545 695 1603 734 se
1650 689 1920 748 praestan-

347 773 499 837 dum,
529 771 681 838 juxta
714 771 807 823 Dei
842 772 1197 832 voluntatem,
1249 772 1312 822 ad
1346 771 1580 824 hostium
1613 786 1826 845 paruam
1871 779 1925 824 et

349 858 586 912 Judaicae
618 859 794 928 gentis
853 861 1191 914 beneﬁcium.
1249 861 1457 924 Quibus
1501 862 1575 912 ait
1613 879 1624 914 :
1664 879 1681 910 t
1709 862 1817 925 Ite,
1870 868 1924 915 et

351 949 633 1003 circumite
674 949 1072 1004 tet-rainJMox
1120 961 1172 1004 et
1206 951 1355 1004 addit
1395 969 1407 1004 :
1457 969 1474 1001 ι
1512 951 1575 1003 Et
1622 951 1918 1004 circumie-

348 1049 478 1094 runt
521 1048 746 1106 terrain,
793 1062 810 1093 ι
846 1043 1142 1096 ostendens
1201 1044 1406 1096 scilicet
1448 1059 1771 1098 concessum
1821 1045 1926 1097 illis

353 1141 412 1186 ut
439 1148 627 1186 curam
654 1149 810 1187 suam
855 1135 920 1187 ad
964 1135 1169 1188 exitum
1210 1136 1593 1204 perducerent,
1637 1144 1690 1190 et
1735 1151 1926 1205 reapse

351 1223 428 1276 ita
458 1238 518 1279 se
543 1224 741 1292 egisse.

2025 499 2134 552 τῶν
2165 499 2349 551 αὐτόθι
2383 500 2506 560 τοὺς
2561 497 2896 568 Ἰσραηλίτας
2933 497 3342 550 διατεθεικότων
3379 494 3599 557 κακῶς·

2029 590 2146 659 μεθ’
2179 589 2271 652 οὓς
2296 592 2344 642 οἰ
2389 590 2618 642 ποικίλοι
2650 588 2742 639 καὶ
2786 589 2946 658 ψαροὶ
2986 588 3245 658 ὤφθησαν
3291 586 3600 657 ζητοῦντες,

2025 684 2147 735 ὅποι
2191 683 2318 734 ποτέ
2363 681 2614 733 ἀπελθεῖν
2661 683 2854 742 αὐτοὺς
2890 680 2996 732 δέοι
3042 680 3140 749 τῆς
3191 681 3313 746 γῆς.
3357 678 3516 745 Δηλοῖ
3545 678 3603 731 δέ

2025 773 2105 825 ὅτι
2138 773 2230 824 καὶ
2253 775 2364 833 τοῖς
2392 773 2834 843 ὑπολειπομένοις
2866 773 3082 844 φροντὶς
3103 769 3170 843 ἦν
3193 773 3324 843 πρὸς
3350 772 3603 841 ποικίλην

2023 864 2380 932 λειτουργίαν,
2407 864 2548 916 κατά
2567 863 2662 934 τὴν
2684 882 2714 933 χ
2725 865 2872 934 ροιὰν
2899 863 3314 932 ἐκτεταγμένοις
3357 863 3482 915 ἰδεῖν
3524 863 3599 932 μή

2037 957 2138 1009 πού
2165 975 2215 1009 τι
2246 957 2336 1008 καὶ
2364 957 2547 1026 ἕτερον
2567 956 2711 1009 ἔστιν
2741 956 2991 1024 γενέσθαι
3023 957 3152 1024 παρ’
3176 954 3350 1007 αὐτῶν
3371 956 3600 1022 ὀφεῖλον,

2036 1045 2173 1098 κατὰ
2224 1046 2284 1098 τὸ
2329 1038 2518 1098 δοκοῦν
2545 1045 2621 1114 τῷ
2651 1045 2792 1114 Θεῷ,
2823 1048 2900 1109 εἰς
2927 1046 3194 1114 τιμωρίαν
3224 1063 3282 1097 τε
3313 1045 3419 1096 τῶν
3449 1047 3604 1098 ἐναν-

2033 1137 2182 1200 τίων,
2237 1137 2329 1188 καὶ
2381 1138 2698 1206 εὐεργεσίαν
2746 1136 2840 1188 τοῦ
2893 1137 2999 1188 τῶν
3058 1136 3325 1188 Ἰουδαίων
3384 1135 3600 1198 ἔθνους·

2036 1227 2170 1296 πρὸς
2214 1225 2308 1288 οὓς
2334 1226 2500 1292 λέγει,
2551 1246 2567 1276 ι
2610 1225 2913 1297 Πορεύεσθε
2966 1227 3058 1278 καὶ
3097 1225 3475 1296 περιοδεύσατε
3509 1225 3603 1294 τὴν

351 1319 454 1385 γῆν
478 1331 492 1346 ·
532 1335 550 1366 ι
591 1313 708 1368 εἶτα
756 1318 851 1369 καὶ
878 1320 1176 1388 ἐπήγαγεν,
1216 1339 1232 1370 t
1288 1321 1396 1373 Kal
1443 1322 1811 1390 περιώδευσαν
1854 1322 1951 1390 τὴν
1982 1321 2104 1390 γῆν,
2146 1341 2164 1372 ι
2196 1321 2406 1384 δεικνὺς
2441 1323 2521 1374 ὃτι
2552 1321 2645 1374 καὶ
2680 1321 3067 1391 ἐπετράπησαν
3100 1321 3197 1392 τὴν
3228 1319 3479 1391 φροντίδα
3506 1321 3604 1388 τὴν

351 1407 552 1459 οἰκείαν
581 1408 804 1475 ἀγαγεῖν
844 1411 922 1472 εἰς
955 1411 1146 1480 πέρας,
1185 1410 1278 1462 καὶ
1307 1412 1696 1482 ἐπιτραπέντες
1725 1411 1931 1480 εἴχοντο
1959 1411 2168 1463 τούτου.

432 1499 592 1553 Vens.
633 1501 784 1556 9-15.
824 1531 895 1542 --
933 1520 950 1551 ε
981 1502 1043 1555 Et
1070 1501 1248 1558 factus
1283 1512 1364 1558 est
1396 1520 1576 1559 sermo
1611 1502 1827 1556 Domini
1861 1503 1927 1555 ad

357 1605 441 1642 me
494 1591 726 1646 dicens:
769 1592 1011 1661 «Accipe
1060 1609 1182 1662 quae
1225 1594 1293 1648 de
1344 1595 1661 1663 captivitate
1719 1602 1846 1647 sunt
1900 1609 1928 1646 a

2112 1503 2260 1572 Στίχ.
2299 1502 2453 1555 θ’-ιε¹.
2481 1533 2551 1544 -
2599 1522 2616 1553 ‹
2667 1502 2773 1555 Kal.
2808 1502 3019 1570 ἐγένετο
3046 1501 3200 1569 λόγος
3228 1501 3430 1572 Κυρίου
3470 1501 3605 1570 πρός

2044 1612 2108 1664 με
2139 1595 2309 1661 λέγων
2331 1609 2344 1622 ·
2399 1593 2542 1646 Λάϐε
2574 1594 2642 1646 τὰ
2682 1595 2745 1646 ἐκ
2780 1595 2877 1660 τῆς
2907 1593 3277 1662 αἰχμαλωσίας
3310 1591 3459 1662 παρὰ
3497 1591 3605 1642 τῶν

366 1681 730 1750 principibus,
764 1691 818 1736 et
846 1683 944 1736 abs
993 1685 1351 1753 optimatibus
1385 1686 1526 1750 ejus,
1570 1696 1622 1740 et
1650 1687 1718 1739 ab
1745 1687 1810 1739 iis
1837 1687 1928 1754 qui

2050 1685 2333 1754 ὶρχόντων,
2381 1685 2473 1735 καὶ
2520 1683 2667 1752 παρά
2711 1685 2816 1735 τῶν
2862 1686 3147 1752 χρησίμων
3198 1681 3296 1749 τῆς
3343 1681 3464 1750 γῆς,
3514 1681 3610 1730 καὶ

356 1780 728 1839 cognoverunt
756 1788 899 1836 eam,
935 1775 1003 1827 ab
1037 1774 1209 1839 Eldai,
1243 1783 1297 1827 et
1321 1791 1349 1827 a
1384 1775 1574 1838 Tobia,
1604 1784 1659 1830 et
1690 1777 1755 1827 ab
1779 1775 1926 1829 Ideo.

360 1859 423 1911 lit
453 1861 774 1929 ingredieris
806 1870 860 1914 tu
887 1863 975 1917 die
1013 1864 1102 1916 illa
1140 1865 1193 1917 itt
1237 1863 1458 1918 domum
1497 1865 1660 1920 Josize
1705 1866 1796 1919 ﬁlii
1833 1866 1933 1919 So-

359 1953 590 2018 phoniaz,
626 1953 716 2021 qui
754 1954 902 2007 venit
923 1954 989 2007 de
1019 1954 1314 2025 Babylone.
1344 1955 1706 2026 Accipicsquc
1735 1972 1930 2025 argen-

359 2050 476 2093 tum
509 2050 562 2094 ct
591 2057 808 2105 aurum,
847 2043 1125 2114 faciesque
1148 2061 1428 2105 coronam,
1472 2055 1525 2101 et
1549 2047 1794 2116 impones
1840 2063 1930 2101 su-

363 2146 456 2198 per
479 2140 644 2200 caput
675 2132 826 2196 Jesu,
858 2133 1123 2190 Joscdeco
1157 2137 1352 2206 geniti,
1388 2138 1694 2193 sacerdotis
1725 2139 1930 2208 magni.

361 2220 626 2291 Dicesque
655 2224 704 2278 ei
742 2240 756 2278 :
790 2223 915 2280 llaec
948 2227 1025 2280 ait
1061 2227 1326 2282 Dominus
1360 2229 1708 2299 omnipotens
1741 2247 1755 2283 :
1793 2229 1935 2284 Ecce

360 2313 463 2376 vir,
498 2315 585 2368 cui
621 2330 818 2368 nomen
853 2316 1076 2381 Oriens,
1126 2326 1179 2372 et
1211 2319 1401 2374 subter
1429 2335 1552 2374 eum
1600 2321 1826 2375 orietur.
1871 2320 1936 2374 Et

361 2405 654 2460 mdiﬁeabit
676 2406 897 2460 domum
928 2407 1162 2470 Domini,
1195 2417 1248 2464 et
1276 2411 1389 2480 ipse
1405 2412 1935 2480 aceipietvirtatem,

362 2497 654 2552 «tsedeliit
685 2512 748 2550 ac
805 2498 1178 2554 dominabitur
1220 2516 1385 2569 super
1441 2502 1637 2556 tbrono
1695 2516 1818 2556 suo.
1871 2501 1937 2555 Et

361 2588 465 2640 erit
495 2587 756 2642 sacerdos
779 2604 807 2642 a
847 2589 1057 2644 dextris
1081 2591 1222 2658 ejus,
1265 2598 1320 2644 et
1353 2593 1495 2644 inter
1543 2600 1805 2662 utrosque
1834 2593 1938 2647 erit

364 2680 651 2732 consilium
692 2682 998 2748 paciﬁcum.
1032 2681 1250 2736 Corona
1278 2695 1459 2738 autem
1493 2684 1938 2753 exspectantibus

365 2770 493 2835 erit,
519 2780 571 2824 et
603 2771 961 2839 Optimatibus
996 2772 1137 2840 ejus,
1169 2782 1223 2828 ct
1250 2774 1343 2844 qui
1384 2785 1754 2845 cognoverunt
1794 2791 1936 2840 eam,

365 2862 495 2916 etin
523 2862 752 2932 gratiam
789 2863 881 2918 lilii
914 2863 1222 2933 Sophoniaa,
1265 2873 1320 2920 et
1349 2865 1401 2919 in
1434 2865 1700 2932 psalmum
1752 2866 1940 2921 domui

370 2953 602 3008 Domini.
638 2954 701 3008 Et
731 2956 819 3022 qui
859 2957 1047 3024 procul
1083 2957 1148 3010 iis
1183 2964 1314 3012 sunt
1343 2958 1580 3019 venient,
1620 2966 1674 3011 et
1706 2956 1941 3012 aediﬁca-

2033 1776 2183 1845 παρά
2207 1775 2312 1828 τῶν
2340 1776 2725 1843 ἐπεγνωκότων
2752 1776 2918 1845 αὐτὴν
2945 1774 3094 1842 παρά
3133 1771 3310 1825 Ἐλδαῖ
3341 1771 3435 1823 καὶ
3459 1770 3610 1840 παρά

2033 1862 2260 1921 Τωϐίου,
2307 1863 2399 1916 καὶ
2446 1863 2594 1933 παρᾶ
2654 1863 2846 1915 Ἰδέου·
2897 1863 2993 1915 καὶ
3037 1860 3320 1930 είσελεύση
3353 1861 3414 1912 σὺ
3447 1860 3502 1911 ἐν
3541 1862 3608 1928 τῇ

2032 1953 2216 2024 ἡμέρᾳ
2241 1953 2420 2024 ἐκείνη
2448 1957 2526 2016 εἰς
2554 1954 2644 2006 τὸν
2671 1950 2816 2007 οἷκον
2853 1954 3056 2006 Ἰωσίου
3097 1952 3189 2005 τοῦ
3221 1953 3471 2022 Σοφονίου
3509 1954 3606 2007 τοῦ

2033 2044 2259 2113 ἥκοντος
2293 2047 2357 2096 ἐκ
2392 2045 2708 2108 Βαϐυλῶνος
2726 2063 2738 2076 ·
2785 2047 2876 2099 καὶ
2905 2045 3046 2116 λήψῃ
3078 2045 3336 2116 ἀργύριον
3364 2049 3455 2100 καὶ
3481 2067 3610 2119 χρυ-

2038 2136 2170 2202 σίον,
2202 2137 2296 2189 καὶ
2324 2138 2566 2207 ποιήσεις
2611 2137 2891 2204 στέφανον,
2942 2137 3034 2188 καὶ
3069 2137 3350 2205 ἐπιθήσεις
3388 2140 3478 2190 ἐπὶ
3511 2141 3612 2208 τὴν

2037 2229 2277 2300 κεφαλὴν
2310 2229 2484 2298 Ἰησοῦ
2514 2229 2606 2282 τοῦ
2645 2229 2888 2282 Ἰωσεδὲκ
2914 2229 3009 2281 τοῦ
3049 2231 3305 2300 μεγάλου,
3336 2231 3428 2283 καὶ
3466 2233 3611 2302 ἐρεῖς

2039 2323 2175 2393 πρὸς
2207 2323 2368 2375 αὐτόν
2389 2338 2401 2350 ο
2437 2323 2573 2375 Τάδε
2610 2322 2756 2390 λέγει
2785 2321 2987 2392 Κύριος
3017 2324 3403 2394 παντοκράτωρ
3431 2340 3442 2351 ·
3483 2323 3611 2378 Ἰδοὺ

2037 2413 2194 2484 ἀνὴρ,
2238 2413 2491 2483 Ἀνατολὴ
2520 2413 2689 2482 ὄνομα
2721 2413 2887 2482 αὐτῷ,
2926 2415 3020 2466 καὶ
3067 2415 3413 2469 ὑποκάτωθεν
3444 2418 3613 2470 αὐτοῦ

2037 2505 2310 2567 ἀνατελεί,
2363 2506 2456 2556 καὶ
2508 2504 2850 2574 οἰκοδομήσει
2888 2505 2978 2558 τὸν
3023 2501 3170 2559 οἰκον
3228 2509 3465 2579 Κυρίου·
3524 2511 3618 2563 καὶ

2039 2596 2198 2659 αὐτὸς
2217 2596 2441 2666 λήψεται
2472 2596 2692 2665 ἀρετὴν,
2718 2596 2811 2647 καὶ
2831 2595 3099 2649 καθιεῖται
3124 2598 3214 2650 καὶ
3236 2598 3492 2667 κατάρξει
3523 2599 3617 2650 ἐπὶ

2041 2685 2230 2756 θρόνου
2271 2684 2434 2738 αὐτοῦ
2461 2701 2475 2715 ·
2532 2687 2623 2738 καὶ
2669 2684 2822 2737 ἔσται
2873 2685 2901 2735 ό
2953 2685 3130 2756 ἰερεύς
3176 2689 3238 2738 ἐκ
3271 2687 3479 2750 δεξιῶν,
3522 2690 3618 2740 καὶ

2044 2775 2204 2845 βουλὴ
2256 2776 2504 2846 εἰρηνικὴ
2555 2774 2706 2828 ἔσται
2753 2775 3025 2845 ἀναμέσον
3072 2778 3427 2848 ἀμφοτέρων·
3485 2780 3514 2832 ό
3561 2781 3620 2832 δὲ

2044 2868 2302 2936 στέφανος
2348 2867 2499 2919 ἔσται
2531 2869 2642 2928 τοῖς
2677 2867 3009 2936 ὑπομένουσι
3041 2867 3133 2920 καὶ
3170 2871 3281 2932 τοῖς
3329 2870 3621 2940 χρησίμοις

2043 2957 2212 3026 αὐτῆς
2243 2957 2335 3009 καὶ
2368 2958 2479 3017 τοῖς
2520 2955 2884 3022 ἐπεγνωκόσιν
2934 2956 3136 3025 αὐτήν·
3171 2959 3264 3010 καὶ
3298 2962 3378 3021 εἰς
3421 2959 3620 3029 χάριτα

371 3049 502 3100 bunt
555 3047 610 3100 in
661 3047 823 3100 domo
864 3047 1122 3103 Domini:
1164 3057 1219 3102 et
1265 3049 1452 3103 scietis
1513 3049 1637 3117 quia
1683 3048 1942 3104 Dominus

2050 3048 2162 3100 υίού
2191 3047 2464 3115 Σοφονίου,
2501 3047 2593 3098 καὶ
2632 3048 2712 3107 εἰς
2756 3045 2970 3115 ψαλμὸν
2999 3046 3132 3116 οἴκῳ
3166 3048 3374 3116 Κυρίου
3396 3065 3410 3078 ·
3453 3051 3546 3100 καὶ
3573 3051 3621 3101 οἰ

368 3137 714 3206 omnipotens
757 3138 904 3194 misit
929 3154 1014 3193 me
1038 3139 1104 3194 ad
1134 3155 1252 3194 vos.
1293 3140 1356 3192 Et
1402 3140 1525 3202 erit,
1549 3141 1598 3194 si
1645 3141 1940 3196 exaudien-

369 3238 449 3281 tes
475 3227 828 3281 exaudieritis
858 3243 1045 3283 vocem
1081 3227 1294 3282 Domini
1335 3229 1424 3284 Dei
1455 3229 1648 3283 vestri.
1681 3249 1700 3281 ›

2052 3138 2268 3209 μακρὰν
2313 3137 2407 3190 ἀπ’
2441 3136 2619 3190 αὐτῶν
2661 3135 2875 3204 ἥξουσι,
2931 3135 3007 3206 (p.
3043 3137 3168 3196 478)
3205 3140 3299 3191 καί.
3339 3141 3624 3209 οἰκοδομὴ-

2051 3247 2234 3282 σουσιν
2281 3230 2340 3280 ἐν
2391 3229 2466 3298 τῷ
2505 3230 2635 3298 οἴκῳ
2671 3227 2876 3297 Κυρίου
2900 3243 2914 3257 ·
2967 3229 3059 3280 καὶ
3094 3228 3364 3296 γνώσεσθε
3401 3231 3484 3283 ὅτι
3512 3232 3624 3284 Κύ-

373 3335 486 3388 ριος
539 3319 934 3389 παντοκράτωρ
985 3319 1294 3372 ἀπέσταλκέ
1331 3337 1396 3391 με
1451 3317 1586 3388 πρὸς
1639 3321 1815 3389 ὑμᾶς·
1869 3320 1966 3373 καὶ
2013 3321 2164 3372 ἔσται
2207 3319 2302 3372 ἐὰν
2340 3319 2626 3382 ἀκούοντες
2661 3317 3016 3391 εἰσακούσητε
3056 3319 3155 3388 τῆς
3199 3323 3379 3390 φωνῆς
3418 3321 3623 3386 Κυρῖου

371 3409 462 3462 τοῦ
494 3411 626 3464 Θεοῦ
657 3411 830 3482 ὑμῶν.
869 3430 889 3463 ι

443 3497 909 3562 Quemadmodum
955 3518 1085 3556 vero
1122 3503 1311 3558 beatus
1360 3502 1576 3573 Moyses
1619 3503 1855 3572 AEgypto
1890 3517 1949 3557 e—

374 3603 617 3656 gressus,
650 3589 836 3643 divino
867 3592 1024 3658 jussu
1061 3593 1269 3661 accepit
1302 3608 1332 3646 a
1377 3593 1576 3662 popqu
1608 3609 1727 3661 quae
1755 3591 1822 3644 ad
1863 3602 1949 3645 ta-

373 3680 655 3734 bernaculi
705 3682 990 3735 aediﬁcium
1039 3692 1404 3754 ornatumque
1449 3683 1826 3745 conferebant,
1876 3684 1950 3736 ita

375 3769 566 3826 beatus
599 3787 815 3841 quoque
842 3772 1006 3841 319
1027 3772 1320 3828 Zacharias
1357 3775 1582 3842 jubetur
1631 3775 1883 3842 accipere
1920 3788 1951 3826 a

378 3858 674 3915 reducibus
713 3860 780 3915 de
827 3862 1161 3928 captivitate,
1209 3865 1324 3918 sive
1377 3865 1629 3929 ducibus,
1658 3863 1771 3919 sive
1809 3878 1946 3932 quo-

380 3949 676 4006 modolibet
716 3952 995 4022 largiendo
1035 3953 1245 4010 idoneis
1266 3995 1280 4017 ,
1315 3955 1424 4009 imo
1455 3957 1524 4010 ab
1557 3955 1827 4010 universis
1855 3955 1947 4023 qui

381 4045 610 4110 patriam
645 4056 1119 4111 recuperaverant.
1160 4045 1459 4116 Optimates
1487 4058 1644 4101 terra:
1666 4048 1799 4101 dicit
1827 4062 1944 4110 eos,

384 4132 473 4200 qui
504 4133 574 4186 ob
605 4148 733 4188 suas
757 4134 975 4188 divitias
1018 4137 1265 4190 conferre
1295 4137 1502 4206 aliquid
1545 4138 1673 4192 huic
1709 4139 1831 4192 usui
1861 4155 1952 4192 va-

385 4224 587 4277 lebant.
626 4223 1034 4295 Cognosceutcs
1076 4243 1205 4281 vero
1237 4243 1378 4293 eam,
1425 4229 1557 4283 dicit
1585 4230 1677 4298 qui
1703 4245 1843 4292 eam,
1897 4229 1951 4283 id

384 4322 468 4368 est
501 4315 751 4382 patriam,
779 4326 1257 4384 recuperaverant,
1283 4335 1383 4374 ceu
1428 4320 1521 4390 qui
1551 4329 1749 4389 praiter
1777 4335 1951 4388 spem,

2118 3501 2328 3570 Ὂνπερ
2361 3499 2425 3570 δὴ
2463 3501 2661 3569 τρόπον
2685 3502 2714 3555 ὁ
2755 3499 3021 3570 μακάριος
3051 3500 3257 3569 Μωσῆς
3292 3497 3626 3567 ἐξεληλυθὼς

2045 3593 2143 3662 τῆς
2183 3589 2480 3658 Αἰγύπτου,
2513 3589 2654 3642 κατὰ
2688 3591 3015 3660 πρόσταγμα
3045 3589 3185 3641 θεῖον
3234 3588 3423 3656 εἴληφε
3478 3589 3630 3657 παρά

2045 3680 2139 3732 τοῦ
2174 3677 2305 3732 λαοῦ
2335 3679 2403 3732 τὰ
2447 3679 2582 3749 πρὸς
2615 3680 2963 3748 κατασκευήν
2994 3695 3052 3730 τε
3080 3679 3171 3730 καί
3201 3677 3497 3746 εὐκοσμίαν
3526 3676 3626 3745 τῆς

2051 3770 2258 3840 σκηνῆς
2292 3767 2671 3830 συντελοῦντα,
2719 3769 2810 3820 τὸν
2845 3768 3006 3821 αὐτὸν
3038 3767 3100 3835 δὴ
3144 3768 3238 3819 καὶ
3284 3769 3312 3818 ὁ
3358 3767 3626 3836 μακάριος

2051 3859 2326 3931 Ζαχαρίας
2373 3857 2648 3911 κελεύεται
2681 3857 2832 3927 παρά
2870 3857 2978 3908 τῶν
3027 3856 3090 3906 ἐκ
3121 3856 3218 3924 τῆς
3253 3855 3628 3924 αἰχμαλωσίας

2053 3951 2406 4020 ἐληλυθότων,
2461 3948 2570 4001 εἴτε
2609 3948 2942 4020 ἡγουμένων,
2979 3946 3078 3999 εἴθ’
3124 3947 3272 4010 ὅπως
3315 3946 3512 4014 δήποτε
3561 3945 3629 3998 δι’

2054 4042 2314 4110 εὐπορίαν
2343 4040 2668 4111 ἐπιτηδείων
2708 4040 2844 4110 πρὸς
2888 4037 3045 4090 τοῦτο
3089 4039 3182 4090 καὶ
3213 4038 3361 4107 παρά
3415 4036 3632 4089 πάντων

2054 4133 2118 4203 δὴ
2142 4132 2250 4186 τῶν
2283 4132 2417 4195 ὅλως
2446 4131 2823 4200 ἀπειληφότων
2848 4129 2913 4180 τὰ
2944 4129 3120 4179 οἰκεῖα
3139 4145 3151 4158 ·
3188 4127 3494 4197 χρησίμους
3535 4127 3634 4196 μὲν

2058 4223 2166 4294 γὰρ
2200 4223 2346 4290 λέγει
2377 4224 2474 4290 τῆς
2503 4223 2626 4293 γῆς,
2655 4221 2778 4282 τοὺς
2814 4219 2881 4270 δι’
2917 4219 3178 4288 εὐπορίαν
3207 4218 3636 4285 συνεισενεγκεῖν

2058 4333 2111 4367 τι
2139 4317 2204 4385 τῇ
2232 4315 2390 4385 χρεία
2416 4312 2748 4381 δυναμένους
2768 4327 2781 4342 ·
2809 4309 3190 4377 ἐπεγνωκότας
3211 4308 3268 4362 δέ
3297 4307 3487 4378 αὐτὴν,
3509 4307 3636 4370 τοὺς

385 4420 446 4459 ea
482 4407 762 4477 deperdita
800 4409 951 4476 potiti
1001 4416 1176 4463 erant.
1216 4407 1305 4464 Sic
1355 4411 1615 4465 nimirum
1662 4426 1690 4464 a
1727 4411 1943 4480 singulis.

2063 4405 2432 4475 ἀπειληφότας
2461 4404 2650 4473 αὐτὴν,
2682 4403 2756 4465 ὡς
2795 4404 2924 4470 παρ’
2957 4400 3178 4462 ἐλπίδας
3208 4399 3531 4469 δεξαμένους
3569 4399 3638 4469 ἢν

389 4513 487 4567 pro
511 4514 610 4553 sua
643 4500 802 4568 c0pia
833 4500 1185 4556 oﬂ'erentibus
1229 4501 1569 4572 accipiendo,
1604 4502 1824 4556 domum
1863 4499 1953 4554 Dei

389 4589 666 4644 conditum
698 4599 750 4645 et
782 4606 882 4660 pro
910 4592 1177 4661 dignitate
1206 4605 1530 4646 exornatum
1566 4592 1656 4646 iri.
1693 4591 1958 4647 llecitatis

389 4697 518 4734 vero
571 4682 784 4751 aliquot
846 4684 1012 4738 etiam
1063 4684 1344 4736 hominum
1405 4683 1720 4737 nominibus
1784 4683 1850 4736 ad
1905 4683 1957 4736 id

391 4773 625 4828 maxime
649 4775 985 4836 idoneorum,
1032 4790 1153 4827 mox
1189 4773 1342 4841 jubet
1383 4773 1450 4826 ad
1486 4771 1650 4828 Josize
1678 4773 1957 4844 Sepbonia

392 4864 504 4916 nati
539 4865 759 4919 domum
801 4865 1077 4929 accedere,
1117 4865 1216 4918 viri
1258 4865 1324 4919 de
1359 4864 1686 4936 Babylonica
1728 4864 1958 4934 captivi-

394 4962 506 5007 tate
535 4957 761 5019 reversi,
786 4966 1118 5026 caeterosque
1147 4971 1339 5012 omnes
1368 4957 1527 5025 copia
1552 4970 1735 5010 rerum
1765 4963 1818 5008 et
1846 4955 1962 5007 ala-

395 5045 590 5099 critate
621 5045 689 5100 ad
722 5062 860 5116 opus
903 5049 1229 5116 superantis.
1273 5049 1353 5100 Ab
1383 5048 1486 5101 boe
1503 5055 1682 5102 autem
1701 5045 1964 5116 quidquid

398 5137 605 5204 argenti
637 5139 863 5207 aurique
894 5140 1146 5193 collatum
1185 5139 1381 5202 fuerit,
1415 5155 1673 5195 coronam
1702 5137 1826 5193 itide
1854 5138 1968 5193 ﬁeri

399 5229 515 5282 vult
549 5230 848 5284 sacerdotia
888 5231 1052 5300 capiti
1101 5231 1507 5300 imponendam,
1561 5231 1628 5285 ad
1677 5231 1969 5286 sacerdotii

401 5330 656 5375 ornatum
690 5335 754 5375 ac
796 5321 983 5375 decus.
1018 5320 1128 5376 Hac
1165 5340 1289 5377 mox
1335 5323 1635 5378 sacerdotis
1669 5323 1831 5392 capiti
1870 5323 1971 5375 im-

405 5416 608 5485 posita,
643 5416 850 5470 moneri
889 5430 1012 5469 eum
1043 5417 1180 5481 vult,
1219 5424 1277 5470 ut
1305 5415 1372 5471 de
1401 5427 1548 5470 retro
1585 5416 1854 5485 expositis
1887 5430 1969 5470 re-

408 5509 514 5562 bus
563 5507 748 5560 multis
797 5521 861 5560 ac
909 5506 1160 5562 maximis
1221 5507 1472 5561 ﬁduciam
1518 5515 1720 5561 sumat.
1760 5506 1969 5561 Etenim

407 5596 588 5649 d‘vina
635 5595 903 5650 sententia
950 5596 1505 5666 virum.apparuisse,
1554 5597 1640 5648 cui
1688 5612 1752 5649 ex
1790 5610 1968 5648 rerum

409 5696 605 5742 eventu
638 5702 832 5742 nomen
870 5695 953 5742 cst
983 5685 1210 5754 Oriens;
1240 5688 1371 5742 dicit
1405 5704 1530 5742 vero
1557 5686 1968 5750 Zorobabcletn,

2059 4497 2474 4551 ἀπολωλέκεσαν
2521 4496 2650 4565 ἤδη·
2709 4495 2848 4546 ὥστε
2913 4494 3066 4562 παρά
3118 4493 3323 4546 τούτων
3381 4491 3638 4545 ἁπάντων

2061 4591 2288 4643 ἑκάστου
2323 4588 2386 4658 δὴ
2419 4587 2486 4640 τὰ
2523 4586 2660 4640 κατά
2705 4585 2931 4655 δύναμιν
2958 4587 3302 4654 εἰσφέροντος
3334 4584 3516 4637 λαϐεῖν
3546 4585 3640 4636 ἐπὶ

2059 4682 2136 4752 τῷ
2168 4683 2258 4734 τὸν
2280 4678 2427 4734 οἷκον
2464 4680 2560 4732 τοῦ
2591 4679 2725 4732 Θεοῦ
2769 4679 3020 4746 γενέσθαι
3047 4695 3105 4731 τε
3146 4679 3239 4731 καὶ
3273 4677 3636 4746 κοσμηθῆναι,

2063 4773 2155 4826 καὶ
2201 4771 2342 4824 κατὰ
2372 4770 2432 4823 τὸ
2481 4770 2778 4840 προσῆκον.
2814 4769 3065 4840 Εἰρηκὼς
3107 4769 3162 4820 δέ
3196 4768 3289 4820 καί
3335 4783 3497 4820 τινων
3523 4769 3642 4819 ὀνο-

2067 4864 2267 4934 μασίας
2325 4861 2434 4914 τῶν
2497 4861 2731 4930 μάλιστα
2773 4860 2848 4923 ὡς
2909 4860 3057 4920 εἰκὸς
3100 4857 3454 4928 ἐπιτηδείων,
3503 4857 3644 4926 πρὸς

2063 4954 2219 5007 τοῦτο
2273 4953 2482 5006 κελεύει
2528 4955 2607 5015 είς
2647 4951 2738 5004 τὸν
2797 4950 3000 5004 Ἰωσίου
3051 4949 3142 5003 τοῦ
3191 4949 3442 5018 Σοφονίου
3494 4943 3644 4999 οἰκον

2065 5046 2465 5115 εἰσεληλυθότα,
2496 5043 2810 5112 ἐληλυθότος
2861 5043 2959 5112 μὲν
2990 5043 3053 5094 ἐκ
3084 5042 3181 5109 τῆς
3209 5039 3349 5094 κατὰ
3392 5039 3492 5108 τὴν
3534 5037 3644 5091 Ba-

2066 5134 2279 5189 ϐυλῶνα
2327 5133 2700 5204 αἰχμαλωσίας
2744 5133 2836 5184 καὶ
2886 5131 3076 5192 αὐτοῦ,
3121 5131 3379 5192 νικῶντος
3421 5129 3478 5182 δὲ
3512 5128 3644 5190 τοὺς

2068 5227 2260 5289 ἄλλους
2295 5227 2389 5278 καὶ
2419 5224 2649 5295 εὐπορίᾳ
2677 5224 2773 5277 καὶ
2815 5225 2880 5294 τῇ
2911 5223 3040 5293 περὶ
3084 5222 3145 5274 τὺ
3176 5223 3407 5292 πρᾶγμα
3440 5217 3645 5290 προθυ-

2073 5320 2190 5390 μίᾳ.
2228 5317 2330 5370 Kal
2377 5317 2440 5386 δὴ
2487 5316 2854 5387 κομισάμενον
2898 5314 3159 5386 ἀργύριόν
3193 5330 3253 5365 τε
3283 5312 3377 5365 καὶ
3409 5309 3634 5381 χρυσίον

2071 5409 2266 5461 ὁπόσον
2315 5404 2564 5476 ἀναδιδῷ.
2625 5404 2884 5472 στέφανον
2918 5403 2978 5468 ἐξ
3026 5402 3188 5456 αὐτοῦ
3235 5399 3645 5454 κατασκευάσαι

2071 5500 2162 5554 τὸν
2185 5499 2491 5553 ἐπικεῖσθαι
2505 5501 2571 5568 τῇ
2588 5497 2681 5550 τοῦ
2699 5497 2888 5567 ἱερέως
2904 5496 3186 5564 ὀφείλοντα
3207 5493 3438 5564 κεφαλῇ,
3453 5492 3532 5554 εἰς
3546 5490 3647 5560 τὴν

2072 5590 2170 5659 τῆς
2197 5591 2492 5660 ἱερωσύνης
2516 5588 2812 5658 εὐκοσμίαν
2843 5602 2901 5639 τε
2941 5586 3033 5639 καί
3053 5584 3403 5655 εὐπρέπειαν.
3429 5584 3484 5652 (p
3518 5580 3644 5649 479)

2077 5681 2275 5735 Τοῦτον
2319 5681 2374 5735 δέ
2403 5682 2660 5734 νενονότα
2691 5679 2954 5732 ἐπ·θεῖναι
2990 5676 3092 5746 μὲν
3123 5679 3188 5747 τῇ
3214 5674 3306 5726 *οὗ
3339 5675 3524 5742 ίερέως
3556 5688 3647 5724 κε-
