3856 6226
229 231 328 282 Ii“

1137 231 1695 290 COMMENTARIUS
1730 233 1794 290 IN
1833 235 2198 292 ZACIiAlII/E
2234 236 2385 292 CAP.
2425 235 2534 291 VII.

3377 234 3483 287 Si!

227 345 396 412 ᾳάλῇ,
428 343 601 395 εἰπεῖν
624 344 677 396 δὲ
709 343 842 414 πρὸς
873 343 1034 397 αὐτὸν
1068 345 1144 408 ὡς
1186 347 1251 400 ἂν
1284 347 1409 418 περὶ
1447 349 1552 400 τῶν
1584 366 1805 419 προκει-

1916 351 1976 405 ad
2000 352 2230 419 regalem
2262 349 2629 420 principatum
2650 348 2720 402 ab
2753 347 2887 417 ipsis
2910 347 3073 401 rebus
3104 345 3271 417 gestis
3302 353 3480 414 Splen-

227 433 431 500 μένων,
463 432 671 485 πολλῶν
695 451 754 486 τε
779 435 946 488 ὄντων
977 437 1069 489 καὶ
1094 437 1383 506 μεγίστων,
1407 438 1517 508 ἔχοι
1542 439 1763 511 θαῤῥεῖν
1787 456 1799 468 ·

223 526 309 576 ὅτι
360 524 556 596 γνώμῃ
593 525 712 596 θείᾳ
762 527 902 596 ἀνὴρ
957 529 1348 597 ἀναπέιξανται,
1397 525 1550 601 ᾧπερ
1607 534 1670 584 ἐκ
1709 530 1803 584 τοῦ

225 614 554 684 πράγματος
577 615 746 684 ὄνομα
788 618 1062 688 Ἀνατολή.
1093 620 1252 688 Λέγει
1279 620 1334 672 δὲ
1360 621 1449 672 τὸν
1479 621 1801 692 Ζοροϐάϐελ,

223 704 302 768 ὡς
329 706 421 758 ἐπὶ
451 708 548 776 τῆς
582 707 863 779 βασιλικῆς
893 711 1186 781 ἡγεμονίας
1230 712 1300 763 δι’
1342 712 1519 765 αὐτῶν
1558 712 1804 783 λαμπρὸν

225 796 566 867 φανούμενον
597 798 702 851 τῶν
736 801 1076 870 πραγμάτων
1097 819 1109 831 ·
1149 819 1165 854 ι
1207 801 1480 855 Ἀνατελεῖ
1507 803 1584 869 δὲ,
1618 805 1802 874 φησὶν,

225 886 584 940 ὑποκάτωθεν
613 889 778 942 αὐτοῦ
804 909 814 922 ·
850 912 869 945 ι
900 893 1017 947 ἀντί
1047 893 1162 947 τοῦ·
1188 894 1344 946 Πᾶσα
1393 894 1713 966 λαμπρότης
1742 895 1803 961 ἐξ

224 976 394 1028 αὑτοῦ
427 979 710 1048 περιέσται
745 981 824 1052 τῷ
863 983 1054 1053 πλήθει
1099 983 1206 1036 τῶν
1265 985 1531 1038 Ἰουδαίων
1555 1003 1568 1016 ·
1611 986 1704 1040 τόν
1744 1005 1804 1040 τε

222 1068 336 1136 γὰρ
371 1068 496 1120 ναὸν
531 1065 682 1134 οὗτος
708 1073 1070 1143 οἰκοδομήσει,
1103 1075 1194 1126 καὶ
1231 1076 1405 1127 πᾶσαν
1435 1077 1499 1129 ἐκ
1528 1077 1625 1144 τῆς
1657 1075 1804 1138 θείας

225 1161 404 1231 ῥοπῆς
437 1161 637 1233 ἀρετὴν
687 1166 1042 1235 περιθέμενος
1084 1169 1176 1219 ἐπὶ
1219 1168 1315 1237 τῆς
1345 1167 1626 1236 βασιλικῆς
1669 1166 1835 1219 καθ-.

221 1251 392 1321 έδρας
423 1253 664 1323 διαμενεῖ
691 1254 940 1324 βεϐαίως.
991 1259 1084 1311 Ἐκ
1108 1259 1297 1310 τούτου
1319 1258 1380 1328 δή
1401 1277 1481 1311 σοι
1508 1260 1568 1311 τὸ
1583 1259 1805 1330 θαρρεῖν

223 1344 358 1412 περὶ
407 1345 516 1395 τῶν
568 1347 942 1416 προκειμένων
992 1350 1304 1416 περιέσται·
1360 1349 1458 1421 ἔσῃ
1504 1349 1610 1420 γὰρ
1657 1350 1805 1420 αύτῷ

225 1433 370 1500 μετά
404 1434 602 1505 πολλῆς
639 1437 811 1490 συνὼν
841 1442 940 1509 τῆς
983 1442 1146 1509 τιμῆς
1168 1457 1180 1470 ·
1212 1441 1368 1493 τοῦτο
1408 1441 1516 1510 γάρ
1549 1441 1695 1509 λέγει
1723 1443 1802 1508 τὸ,

230 1543 250 1574 ι
306 1527 498 1579 Ἔσται
527 1529 590 1581 ἐκ
613 1529 799 1593 δεξιῶν
823 1531 1010 1594 αὑτοῦ,
1045 1551 1062 1582 ι
1089 1533 1337 1601 ὁμονοίας
1371 1533 1428 1584 ἐν
1454 1533 1803 1603 ἀμφοτέροις,

224 1614 358 1682 ὑμῖν
406 1615 746 1686 κρατούσης·
783 1619 858 1681 ὡς
903 1619 985 1671 σοί
1027 1636 1086 1671 τε
1136 1620 1204 1672 τὰ
1241 1622 1546 1692 πράγματα
1577 1622 1664 1675 διὰ
1706 1624 1807 1693 τῆς

225 1702 516 1774 βασιλικῆς
537 1705 783 1770 ἐξουσίας
809 1709 1052 1777 γίνεσθαι
1082 1712 1216 1782 ῥᾴω,
1249 1711 1454 1765 ἐκεῖνόν
1492 1730 1552 1764 τε
1583 1711 1670 1764 διὰ
1707 1715 1806 1784 τῆς

227 1792 333 1861 σῆς
367 1795 673 1865 ἱερουργίας
721 1798 920 1869 πολλῆς
966 1802 1252 1871 τυγχάνειν
1289 1802 1390 1871 τῆς
1423 1801 1570 1865 θείας
1609 1803 1802 1874 ῥοπῆς.

237 1882 301 1936 ὐ
334 1884 391 1936 δέ
424 1902 487 1952 γε
515 1888 578 1939 ἐκ
616 1888 708 1940 τοῦ
738 1891 1113 1961 περιτεθέντος
1144 1893 1407 1960 στεφάνου
1449 1894 1672 1964 κόσμος,
1704 1895 1806 1948 οὐκ

225 1976 396 2029 αὐτοῦ
430 1980 613 2048 μόνου,
649 1984 850 2047 παντὸς
888 1985 946 2038 δὲ
985 1985 1204 2049 ἔπαινος
1233 1986 1383 2040 ἔσται
1431 1987 1526 2040 τοῦ
1571 1988 1807 2058 πλήθους

221 2064 339 2117 τῶν
363 2085 420 2120 τε
458 2070 592 2140 πρὸς
619 2073 716 2143 τὴν
749 2073 897 2128 θείαν
929 2077 1179 2147 ὁρώντων
1213 2077 1421 2140 ἐλπίδα,
1448 2080 1541 2132 καὶ
1573 2079 1680 2134 τῶν
1711 2080 1806 2134 νῦν

221 2156 296 2210 τὰ
344 2160 668 2232 ἐνδεχόμενα
711 2167 1169 2237 συμϐαλλομένων
1203 2170 1336 2242 πρὸς
1369 2170 1466 2239 τὴν
1511 2171 1603 2224 τοῦ
1655 2172 1805 2226 οἴκου

225 2252 598 2319 κατασκευὴν,
643 2256 737 2308 καὶ
790 2257 895 2328 πρό
930 2274 993 2325 γε
1032 2259 1250 2312 πάντων
1283 2260 1374 2312 τοῦ
1405 2262 1656 2330 Σοῳονίου
1679 2281 1804 2316 τοσ-

223 2340 402 2413 αύτην
436 2345 868 2418 ἐπιδεδειγμένου
916 2351 1015 2420 τὴν
1060 2351 1392 2421 φιλοτιμίαν.
1443 2353 1509 2404 Ἃ
1535 2353 1598 2422 δὴ
1631 2354 1806 2408 πάντα

222 2433 423 2501 γέγονέ
475 2453 532 2488 τε
582 2438 677 2492 καὶ
725 2440 954 2508 γίνεται,
995 2441 1070 2506 ὡς
1117 2442 1183 2496 ἂν
1228 2442 1541 2514 διηνεκὴςῆ
1599 2463 1658 2498 τε
1698 2449 1807 2499 τῶν

229 2522 425 2592 ἱερέων
455 2525 785 2600 λειτουργία,
819 2533 910 2585 καὶ
943 2535 992 2585 οἰ
1027 2533 1115 2586 διὰ
1158 2534 1267 2586 τῶν
1315 2534 1603 2588 συνιόντων
1649 2535 1806 2607 ὕμνοι

227 2617 372 2686 πρὸς
399 2621 488 2673 τὸν
521 2622 654 2676 Θεὸν
683 2625 1088 2695 ἐκπληροῦσθαι
1131 2627 1396 2680 δύναιντο.
1433 2627 1508 2698 (p.
1544 2627 1666 2698 480)
1701 2629 1807 2682 Καὶ

1912 444 2038 498 dide
2050 445 2322 496 evectum.
2337 461 2355 492 ί
2373 441 2806 506 Orieturautem,
2827 438 3228 510 inquit,subter
3243 437 3417 507 ipsum
3432 453 3446 501 ;
3461 458 3478 487 ι

1911 536 1962 590 id
1983 544 2085 600 est,
2107 536 2346 591 Claritas
2375 534 2552 587 onmis
2593 549 2657 586 ex
2706 546 2772 586 eo
2804 531 3003 584 eontiet
3035 531 3235 600 populo
3261 528 3479 584 ludam-

1907 643 2059 692 rutn;
2096 642 2222 680 nam
2261 626 2522 694 templum
2562 624 2647 677 hic
2673 623 2985 684 tediﬁcabit,
3025 632 3075 676 et
3099 623 3244 674 0mm
3278 624 3480 677 virtute

1911 718 2022 773 Deo
2053 718 2279 786 juvante
2302 727 2530 770 ornatus
2565 717 2618 767 in
2658 715 2823 784 regali
2862 714 2991 768 sede
3027 715 3269 767 manebit
3317 714 3481 766 ﬁrmi-

1909 818 2014 865 ter.
2058 810 2198 863 Hinc
2245 809 2341 863 tibi
2375 807 2651 862 conlidere
2698 808 2974 876 przedietis
3037 807 3202 861 rebus
3258 807 3491 873 licebit;._.

1906 903 2109 958 etenim
2143 917 2326 956 secum
2361 902 2531 954 multo
2561 915 2682 952 cum
2708 901 2916 953 honore
2945 901 3277 956 versaberis.
3323 898 3483 950 Nam-

1907 994 2107 1063 queita
2139 993 2324 1045 valent
2367 991 2552 1054 verba,
2592 1009 2608 1041 ι
2638 991 2677 1044 Α
2712 981 2921 1044 dextris
2973 991 3092 1060 ejus
3142 990 3266 1051 erit,
3297 1009 3314 1039 ι
3347 1005 3480 1042 eon-

1908 1085 2096 1140 cordia
2131 1083 2272 1138 inter
2310 1098 2407 1137 vos
2443 1082 2634 1136 ambos
2667 1090 3074 1149 perseverante,
3124 1082 3197 1134 ita
3229 1092 3285 1135 ut
3311 1089 3364 1135 ct
3391 1096 3479 1135 res

1907 1185 2014 1230 tuae
2038 1175 2235 1245 regalis
2298 1181 2614 1244 potentatus
2667 1188 2768 1241 0pc
2801 1173 2928 1226 (iant
2976 1173 3248 1233 meliores,
3297 1183 3346 1226 et
3389 1173 3480 1227 ille

1910 1277 2131 1338 propter
2157 1277 2312 1320 tuum
2342 1264 2713 1320 sacerdotium
2747 1263 2933 1317 divino
2962 1262 3286 1317 fulcimento
3327 1263 3480 1316 frua-

1912 1364 2020 1410 tur.
2080 1354 2196 1409 Jam
2248 1365 2302 1411 et
2333 1356 2600 1424 impositae
2648 1368 2868 1407 corona:
2921 1362 3300 1407 ornamentum
3335 1353 3476 1405 haud

1912 1448 2008 1501 tibi
2046 1447 2149 1515 ipsi
2206 1455 2440 1510 tantutn,
2475 1444 2568 1500 sed
2595 1444 2851 1502 universo
2887 1444 3086 1512 popqu
3122 1443 3266 1497 laudi
3318 1443 3483 1512 320

1908 1539 2034 1602 erit,
2060 1537 2298 1591 divinam
2333 1552 2481 1604 spem
2519 1551 2627 1605 pra:
2654 1535 2832 1590 oculis
2870 1523 3088 1588 habenti
3117 1541 3172 1588 ct
3209 1550 3354 1588 nunc
3382 1550 3482 1604 pro

1907 1631 2118 1684 viribus
2167 1628 2233 1682 ad
2294 1628 2477 1697 templi
2541 1626 2832 1680 aediﬁcium
2900 1626 3094 1693 stipem
3151 1623 3495 1689 conferenti,’

1839 1754 1878 1810 Β
1912 1719 2188 1790 Sophonia
2237 1719 2289 1772 in
2335 1718 2529 1787 primis
2581 1724 2795 1770 tantum
2854 1717 2932 1769 rei
2973 1715 3213 1769 studium
3275 1729 3385 1784 pra:
3422 1730 3482 1769 se

1911 1811 2140 1865 ferente.
2172 1809 2302 1875 Quae
2334 1811 2519 1861 omnia
2553 1816 2607 1862 et
2640 1808 2781 1860 facta
2820 1813 2948 1861 sunt
2979 1813 3033 1859 et
3070 1808 3227 1869 iiunt,
3277 1815 3334 1859 ut
3369 1821 3484 1874 per-

1911 1912 2130 1971 petuum
2164 1901 2508 1955 sacerdotum
2547 1899 2618 1954 sit
2663 1898 3052 1962 ministerium,
3097 1904 3151 1949 et
3184 1911 3485 1965 congrega-

1909 2001 2088 2047 torum
2137 1996 2190 2045 in
2224 1992 2421 2060 templo
2453 1991 2639 2060 hymni
2687 1991 2752 2044 ad
2798 1989 2965 2044 Deum
3005 1990 3192 2042 extolli
3245 1989 3480 2058 possint.

1907 2081 2021 2137 Imo
2053 2091 2105 2136 et
2136 2083 2464 2154 longinquos
2497 2081 2766 2150 plurimos
2813 2081 2918 2134 huc
2950 2091 3348 2134 concurrentes
3398 2082 3483 2134 vi-

1912 2174 2137 2238 debitis,
2172 2173 2474 2243 symbolam
2522 2187 2675 2226 suam
2731 2171 2797 2224 ad
2831 2171 3014 2240 templi
3069 2170 3482 2225 aediﬁcationem

1911 2265 2279 2321 conferentes.
2349 2264 2529 2330 Quare
2579 2279 2645 2318 ex
2696 2262 2854 2318 factis
2911 2264 3048 2332 ipsis
3120 2264 3482 2332 perspicuum

1913 2359 2168 2414 omnibus
2207 2357 2294 2412 ﬁet
2331 2373 2418 2412 me
2468 2355 2561 2410 Dei
2621 2356 2890 2410 sententia
2925 2356 3040 2410 lucc
3089 2357 3480 2410 nuntiaturum

1913 2449 1980 2504 ad
2003 2465 2100 2506 vos
2129 2449 2377 2516 venisse;
2413 2463 2534 2517 quae
2561 2447 2783 2517 quidem
2835 2448 3042 2501 exitum
3096 2462 3256 2501 suum
3303 2447 3488 2500 nanci-

1913 2551 2153 2604 scentur,
2183 2540 2226 2593 si
2259 2555 2353 2592 vos
2389 2552 2535 2594 certe
2559 2539 2820 2608 legitimis
2854 2539 2989 2593 meis
3007 2539 3326 2594 obedientcs
3354 2553 3487 2592 con-

1915 2640 2127 2686 stanter
2156 2631 2392 2684 fueritis.

225 2708 343 2780 γὰρ
391 2710 454 2781 δὴ
497 2714 592 2766 καὶ
638 2715 745 2769 τῶν
779 2716 1058 2787 πόρρωθεν
1096 2718 1266 2771 ὅντων
1304 2719 1588 2782 πλείστους
1621 2721 1777 2785 ὅσους
1817 2723 2204 2796 συντρέχοντας
2231 2723 2447 2792 ὄψεσθε,
2477 2739 2546 2776 τα
2589 2723 2715 2794 παρ’
2750 2722 2951 2774 ἑαυτῶν
2986 2723 3064 2785 εἰς
3087 2721 3184 2792 τὴν
3217 2721 3308 2774 τοῦ
3339 2719 3486 2773 οἴκου

231 2803 682 2874 συνεισφέροντας
709 2808 1028 2879 οἰκοδομήν·
1066 2811 1141 2872 ὡς
1182 2811 1241 2874 ἐξ
1270 2811 1446 2862 αὐτῶν
1479 2811 1741 2881 πρόδηλον
1775 2814 1944 2867 ἅπασι
1991 2815 2239 2883 γενέσθαι
2285 2815 2393 2867 τῶν
2439 2814 2800 2884 πραγμάτων,
2850 2814 2929 2866 ὅτι
2973 2813 3167 2885 γνώμῃ
3214 2811 3346 2865 Θεοῦ
3393 2812 3488 2866 νῦν

227 2896 718 2967 εὐαγγελιούμενος
747 2899 890 2968 ὑμᾶς
913 2900 1147 2969 ἐλήλυθα
1174 2905 1364 2966 ταῦτα,
1394 2901 1536 2972 ἅπερ
1577 2899 1667 2955 οὖν
1698 2904 1792 2958 καὶ
1827 2904 1961 2976 πρὸς
1993 2908 2164 2978 πέρας
2193 2905 2489 2972 ἐλεύσεται,
2522 2906 2724 2976 ἐάνπερ
2755 2904 3064 2975 διαμείνητε
3103 2909 3212 2968 τοῖς
3239 2904 3488 2976 νομίμοις

229 2991 626 3053 ἐσπουδακότες
654 2992 932 3046 πείθεσθαι
963 2996 1077 3056 τοῖς
1103 2996 1274 3066 ἐμοῖς.

897 3111 1055 3164 ΚΕΦ.
1096 3105 1172 3163 Ζ’.

307 3196 456 3265 Στίχ.
509 3196 629 3250 α’-ε’
691 3228 761 3236 -
795 3199 950 3256 Μετά
991 3200 1149 3253 τοῦτο
1195 3201 1365 3270 λέγει,
1410 3202 1654 3273 τετάρτῳ
1702 3201 1810 3256 ἔτει

235 3290 611 3358 βασιλεύοντος
661 3291 887 3360 Δαρείου
935 3293 1269 3346 ἀπεστάλθαι
1327 3295 1425 3363 μέν
1480 3311 1629 3357 τινας
1683 3296 1810 3364 παρ’

234 3381 392 3435 ἐνίων
431 3382 538 3434 τῶν
568 3385 625 3435 ἐν
658 3387 768 3446 τοῖς
797 3383 1099 3455 ἀλλοτρίοις
1143 3385 1238 3438 τοῦ
1296 3384 1686 3456 Ἰσραηλιτικοῦ
1720 3385 1813 3454 βα-

239 3473 584 3538 σιλευόντων,
621 3475 760 3544 πρὸς
795 3476 921 3538 τοὺς
966 3476 1058 3528 ἐπὶ
1105 3477 1204 3545 τῆς
1249 3476 1602 3547 Ἰερουσαλὴμ
1652 3478 1813 3546 ἱερεῖς

235 3583 296 3618 τε
341 3566 435 3618 καὶ
483 3569 794 3636 προφήτας·
844 3566 984 3620 ὥστε
1031 3567 1382 3632 ἐξιλάσασθαι
1418 3568 1516 3638 μὲν
1545 3567 1675 3620 Θεὸν
1715 3567 1810 3619 Ου-

238 3657 381 3719 aiat;
416 3658 554 3727 ὑπὲρ
594 3652 668 3711 ὧν
696 3660 1041 3729 ἡμαρτηκόσι
1072 3660 1368 3729 συνῄδεσαν
1402 3661 1612 3722 ἑαυτοῖς
1633 3676 1646 3689 ·
1674 3661 1812 3728 ἐρω-

236 3747 403 3814 τῆσαι
428 3748 483 3800 δὲ
529 3751 622 3802 καί
663 3750 850 3818 μαθεῖν
878 3753 926 3803 εἰ
953 3751 1043 3803 τὸν
1075 3753 1272 3804 οἰκεῖον
1301 3750 1569 3822 ἀπείληφε
1613 3751 1814 3820 κόσμον

237 3838 266 3891 ὁ
297 3839 391 3892 τοῦ
439 3839 572 3892 Θεοῦ
608 3841 755 3903 ναὸς,
797 3841 873 3904 ὡς
922 3841 987 3894 ἂν
1013 3843 1106 3896 καὶ
1150 3845 1271 3905 ταῖς
1323 3841 1692 3913 καθηκούσαις
1723 3842 1814 3895 ἐπὶ

236 3933 306 4000 τῇ
333 3930 425 3983 τοῦ
474 3931 619 3985 θείου
661 3931 929 4004 θεραπεία
955 3935 1248 4004 χρήσαιντο
1296 3935 1590 4004 νηστείαις.
1636 3935 1814 4004 Ὅπερ

238 4013 333 4071 οὖν
372 4019 462 4072 καὶ
509 4020 872 4088 πεποιήκασιν
918 4021 1011 4074 ἐπὶ
1046 4022 1254 4075 πλείοσι
1301 4024 1413 4084 τοῖς
1454 4022 1628 4075 ἔτεσιν
1675 4022 1811 4092 ῆδη·

238 4110 524 4178 γεγονότος
569 4111 625 4162 δὲ
664 4109 849 4162 τούτου
897 4112 1026 4182 παρ’
1067 4113 1310 4174 ἐκείνων,
1343 4114 1436 4165 καὶ
1476 4113 1538 4182 δὴ
1571 4114 1663 4164 καὶ
1707 4113 1815 4165 τῶν

239 4203 668 4273 ἀπεσταλμένων
713 4204 992 4274 παρόντων
1033 4222 1094 4258 τε
1129 4205 1220 4258 καὶ
1254 4205 1351 4274 τήν
1395 4205 1584 4276 χρείαν
1617 4206 1817 4275 ἐκπλη-

242 4294 479 4367 ρούντων
509 4295 591 4364 ἐφ’
620 4290 762 4368 ᾗπερ
794 4291 933 4366 ἦσαν
971 4296 1390 4366 ἀπεσταλμένοι,
1432 4298 1498 4350 δι’
1540 4298 1814 4351 ἀποκαλύ-

237 4389 386 4457 ψεως
413 4389 530 4451 οἵας
575 4389 653 4459 τῷ
687 4391 940 4460 προφήτῃ
985 4388 1342 4458 κελευσθῆναι
1376 4389 1545 4442 ταῦτα
1578 4389 1715 4460 πρός
1757 4407 1816 4443 τε

237 4482 333 4534 τὸν
364 4480 491 4532 λαὸν
519 4481 734 4534 ἅπαντα
766 4480 864 4549 τῆς
893 4481 996 4550 γῆς
1042 4482 1135 4533 καὶ
1164 4481 1289 4542 τοὺς
1320 4482 1485 4549 ἱερεῖς
1527 4481 1814 4551 διαλεχθῆ·

239 4591 330 4626 ναι
350 4587 362 4599 ·
398 4572 541 4642 ειπερ
566 4567 657 4624 οὖν
687 4571 972 4633 κάκείνους
1006 4570 1196 4641 μαθεῖν
1229 4571 1500 4642 παρόντας
1527 4572 1717 4641 ἐχρῆν,
1741 4571 1816 4636 ὡς

242 4664 310 4716 ἂν
338 4662 399 4714 τὸ
429 4661 742 4731 λεγόμενον,
794 4661 867 4731 μὴ
913 4662 1021 4713 τῶν
1067 4661 1282 4714 οἰκείων
1319 4663 1499 4731 μόνον,
1545 4663 1681 4716 ἀλλά
1724 4663 1817 4716 καὶ

241 4752 349 4805 τῶν
395 4750 732 4821 ἐληλυθότων
774 4752 870 4822 ἔχῃ
901 4752 1268 4808 διδασκαλίαν.
1311 4749 1418 4805 Ἦν
1451 4752 1507 4806 δὲ
1548 4753 1616 4806 τὰ
1660 4754 1817 4822 λεγό-

244 4858 384 4911 μενα
428 4840 634 4894 ταῦτα·
680 4842 753 4893 Ού
803 4841 1003 4911 σπουδή
1065 4857 1186 4912 μοι,
1241 4842 1406 4910 φησὶ,
1461 4841 1820 4912 νηστεύοντας

241 4935 388 5002 ὑμᾶς
441 4934 535 4986 καὶ
575 4934 939 5004 κοπτομένους
990 4933 1240 5003 βλέπειν·
1271 4935 1331 4987 ού
1371 4932 1479 5004 γὰρ
1517 4937 1574 4987 ἐν
1613 4933 1821 4998 τούτοις

241 5027 342 5096 τὴν
379 5024 615 5096 ἐμαυτοῦ
668 5024 886 5095 τίθεμαι
937 5025 1266 5096 θεραπείαν·
1319 5025 1410 5078 ἐπὶ
1451 5023 1820 5095 ἑϐδομήκοντα

241 5118 376 5186 γοῦν
405 5121 514 5180 τοῖς
560 5117 732 5171 ἐτεσιν
777 5119 834 5171 ἐν
863 5119 929 5188 τῇ
962 5116 1309 5187 αἰχμαλωσίᾳ
1351 5115 1653 5184 γεγονότες,
1700 5114 1820 5168 οὐδὲ

247 5211 377 5282 μίαν
402 5210 745 5276 ἐπεδείξασθε
773 5211 1026 5282 νηστείαν
1045 5228 1058 5241 ·
1094 5210 1170 5281 (p.
1206 5208 1332 5280 481)
1365 5208 1458 5261 καὶ
1489 5209 1638 5278 ὅμως
1666 5207 1818 5260 οὐδὲν

243 5301 454 5357 τοιοῦτο
482 5303 612 5374 παρ’
639 5303 791 5373 ὑμῶν
816 5305 1065 5374 αἰτήσας,
1099 5300 1566 5372 μεταϐαλομένους
1585 5299 1686 5370 τῆς
1720 5316 1812 5352 κα-

247 5390 371 5454 κίας
420 5390 563 5453 ἰδὼν,
610 5391 1029 5462 ἀποκατέστησα
1077 5392 1188 5453 τοῖς
1235 5390 1488 5452 οἰκείοις·
1545 5388 1655 5440 εἴτε
1711 5387 1819 5458 γὰρ

248 5481 472 5550 φάγοιτε
514 5481 607 5536 καὶ
652 5483 848 5546 πίοιτε,
882 5482 992 5534 εἴτε
1046 5482 1140 5535 καὶ
1182 5482 1280 5551 μή,
1335 5481 1575 5552 ὑμετέρα
1621 5480 1718 5550 μὲν
1759 5479 1820 5532 τὸ

250 5576 445 5641 φαγεῖν
491 5575 810 5638 ἀπόλαυσις,
860 5574 1099 5646 ὑμετέρα
1145 5573 1202 5626 δὲ
1247 5574 1341 5626 καὶ
1384 5572 1446 5625 τὸ
1499 5572 1573 5643 μὴ
1625 5573 1820 5640 φαγεῖν

2547 3084 2697 3140 CAP.
2740 3083 2852 3142 VH.

1990 3202 2150 3258 Vens.
2208 3201 2338 3257 1—5.
2378 3231 2448 3242 —
2483 3200 2679 3254 Postea
2749 3199 2883 3254 dicit
2935 3206 3133 3268 quarto
3198 3198 3346 3253 Darii
3397 3214 3486 3254 re-

1913 3297 2131 3368 gnantis
2161 3311 2302 3347 anno
2335 3293 2534 3348 missos
2583 3292 2755 3345 fuisse
2801 3291 3018 3359 aliquos
3076 3304 3106 3342 a
3155 3287 3486 3358 quihusdam

1913 3391 2004 3457 qui
2031 3389 2173 3441 inter
2205 3385 2542 3454 alienigenas
2570 3382 2880 3437 Israeliticae
2901 3381 3048 3450 genti
3082 3380 3486 3450 imperitabant,

1914 3480 1981 3534 ad
2006 3479 2319 3534 sacerdotes
2359 3478 2410 3528 in
2445 3476 2582 3530 urbe
2609 3473 2947 3528 Hierusalem
2981 3483 3143 3543 atque
3167 3473 3488 3542 prophetas,

1914 3581 1975 3625 ut
2015 3569 2181 3623 Deum
2219 3567 2505 3622 sacriﬁciis
2533 3567 2814 3635 placarent
2829 3581 2927 3635 pro
2959 3564 3074 3618 suis
3105 3578 3336 3632 quorum
3353 3578 3486 3617 con-

1915 3662 2015 3717 scii
2046 3667 2203 3713 erant
2239 3659 2510 3729 peccatis;
2545 3666 2710 3726 atque
2742 3665 2799 3710 ut
2829 3656 3183 3724 exquirerent
3217 3669 3348 3707 num
3398 3668 3490 3708 sa-

1915 3755 1988 3809 tis
2021 3752 2381 3807 conveniente
2411 3757 2607 3802 ornatu
2638 3748 2899 3818 templum
2921 3746 3015 3800 Dei
3042 3747 3374 3801 instructum
3409 3760 3492 3800 es-

1917 3852 2021 3905 set,
2042 3857 2152 3911 quo
2186 3841 2289 3912 ipsi
2322 3839 2386 3893 ad
2423 3839 2516 3894 Dei
2553 3841 2816 3894 honorem
2844 3853 3084 3906 congrua
3112 3835 3321 3906 jejunia
3355 3850 3487 3904 per-

1918 3939 2176 4004 agerent;
2209 3931 2354 4000 quod
2393 3929 2642 3998 pluribus
2673 3930 2783 3998 jam
2825 3928 2983 3982 annis
3035 3927 3297 3982 fecerant.
3331 3924 3488 3991 Quod

1917 4041 2039 4077 cum
2075 4024 2152 4077 illi
2197 4023 2464 4092 egissent,
2511 4021 2878 4091 praesentibus
2925 4020 3015 4089 qui
3058 4019 3209 4074 missi
3250 4018 3488 4080 fuerant,

1918 4123 1972 4170 et
2002 4115 2216 4184 negotio
2247 4114 2406 4182 cujus
2453 4128 2619 4168 causa
2666 4119 2931 4166 venerant
2981 4118 3222 4180 peracto,
3268 4125 3364 4178 per
3407 4123 3491 4164 re-

1920 4207 2240 4260 velationem
2273 4205 2534 4275 propheta
2581 4206 2772 4273 jussus
2806 4213 2888 4258 est
2941 4204 3054 4257 lucc
3102 4202 3287 4256 omnia
3345 4200 3491 4270 apud

1920 4298 2233 4352 universum
2262 4301 2420 4349 terrae
2451 4294 2705 4364 populum
2735 4291 3159 4360 sacerdotesque
3179 4293 3488 4350 enuntiare,

1922 4405 2042 4458 quae
2068 4389 2278 4442 scilicet
2308 4387 2457 4455 ipsos
2489 4400 2706 4454 quoque
2749 4385 2892 4439 scire
2927 4384 3248 4451 oportebat;
3279 4391 3336 4435 ut
3373 4395 3493 4450 quae

1921 4480 2258 4542 dicerentur,
2297 4492 2403 4530 non
2428 4476 2785 4546 popularibus
2832 4484 3068 4536 tantum,
3103 4488 3288 4527 verum
3326 4473 3492 4526 etiam

1924 4567 2153 4622 advenis
2189 4566 2505 4634 magisterio
2537 4563 2738 4617 forent.
2773 4562 2942 4616 Erant
2965 4570 3144 4615 autem
3181 4564 3327 4618 dicta
3344 4563 3484 4616 hzec:

1921 4658 2007 4712 Nil
2040 4673 2158 4711 mea
2185 4655 2744 4724 interestjejunantes
2776 4668 2870 4706 vos
2901 4660 2953 4706 et
2983 4658 3261 4722 gementes
3286 4651 3490 4715 videre;

1925 4769 2099 4824 neque
2132 4754 2277 4807 enim
2313 4752 2367 4804 in
2413 4751 2499 4805 his
2547 4750 2731 4804 cultus
2771 4749 2876 4803 mei
2929 4750 3196 4818 rationem
3253 4747 3487 4817 positam

1920 4859 2042 4898 esse
2065 4842 2272 4912 judico.
2300 4841 2458 4895 Certe
2487 4840 2646 4895 annis
2681 4837 3025 4908 septuaginta
3060 4836 3375 4905 captivitate
3401 4835 3496 4889 de-

1921 4935 2287 4990 tentinullum
2316 4933 2585 5002 jejunium
2627 4929 3003 4996 observastis;
3050 4937 3290 4982 attamen
3331 4925 3491 4996 321

1921 5026 2056 5080 nihil
2083 5022 2396 5092 hujusmodi
2443 5039 2472 5075 a
2507 5022 2658 5076 vobis
2689 5029 2967 5090 expetens,
3039 5026 3326 5088 postquam
3379 5016 3493 5071 vidi

1923 5132 1954 5170 a
2009 5116 2247 5185 nequitia
2303 5115 2716 5182 resipisccntes,
2775 5113 2829 5165 in
2874 5111 3105 5179 patriam
3161 5109 3496 5179 postliminio

1926 5206 2200 5262 revocavi.
2245 5203 2377 5258 Nam
2427 5220 2520 5258 seu
2557 5219 2653 5257 vos
2691 5203 2990 5258 comedatis
3050 5213 3212 5271 atque
3271 5200 3492 5263 bibatis,

1926 5301 2042 5355 sive
2071 5313 2253 5362 secus,
2291 5303 2470 5351 vestra
2516 5302 2600 5349 est
2631 5294 2949 5349 comedendi
2989 5294 3259 5361 voluptas,
3313 5301 3492 5347 vestra

1926 5391 2054 5445 item
2083 5405 2112 5442 a
2137 5386 2474 5442 comedenda
2501 5385 2866 5447 abstinentia;
2915 5384 3042 5437 mihi
3076 5399 3203 5437 vero
3236 5383 3370 5436 nulli
3402 5398 3493 5440 res

1929 5478 2242 5550 hujusmodi
2275 5493 2422 5531 cura:
2447 5483 2594 5531 sunt.
2623 5475 2799 5545 Atque
2820 5482 2878 5528 ut
2905 5473 3155 5528 ostendat
3183 5472 3321 5527 haud
3350 5486 3493 5528 nunc

1929 5572 2162 5643 primum
2192 5568 2306 5622 hzec
2337 5569 2442 5621 illis
2475 5567 2654 5620 dicere
2681 5582 2694 5622 :

289 5666 531 5735 τέρησις,
559 5665 685 5736 ἐμοὶ
715 5664 770 5719 δὲ
809 5663 964 5733 λόγος
1001 5662 1204 5716 τούτων
1232 5662 1425 5726 οὐδείς.
1463 5661 1570 5716 Καὶ
1611 5662 1822 5724 δεικνὺς
1865 5663 1945 5717 ὅτι
1974 5662 2036 5715 ού
2064 5659 2157 5715 νῦν
2181 5657 2355 5715 ταῦτα
2395 5657 2610 5728 πρῶτον
2646 5673 2778 5724 φησι
2805 5655 2939 5724 πρὸς
2977 5651 3200 5714 αύτούς·
