3856 6226
389 252 496 308 535

1553 262 1900 320 TIIEODORI
1941 263 2424 322 MOPSUESTENI

3548 270 3664 324 ττι-Η

463 382 490 431 '\
510 395 627 437 sus.
681 382 835 438 6-12.
871 413 938 425 —-
974 402 992 435 ι
1037 383 1246 450 Nonne,
1299 385 1396 452 ait,
1447 384 1552 438 ista
1599 387 1760 441 verba
1818 394 1966 452 sunt,

2142 387 2292 460 Στίχ.
2326 389 2492 459 ις’-ιβ’.
2521 421 2586 431 —-
2615 409 2632 442 ι
2671 392 2782 460 Οὐχ
2818 384 2964 444 οὗτοι
2993 390 3039 442 οἱ
3067 388 3213 456 λόγοι
3239 387 3375 440 εἰσὶν
3400 385 3494 450 οὓς
3535 388 3669 441 ἑλά⁸

389 488 511 542 qua:
544 475 760 529 locutus
794 483 877 531 est
906 475 1168 532 Dominus
1198 477 1253 531 in
1294 478 1548 533 manibus
1579 479 1966 548 prophetarum

391 567 484 634 qui
519 564 738 619 fuerunt
773 568 946 637 prius,
982 569 1204 638 quando
1238 569 1577 625 Hierusalem
1611 572 1810 640 populo
1852 572 1970 640 epi-

393 658 603 726 busque
642 657 930 714 adluebat:
968 661 1207 730 itemque
1253 661 1452 730 oppida
1495 663 1614 731 ejus
1656 665 1880 717 finitima
1917 669 1970 718 et

394 755 653 800 montana
683 757 736 801 et
778 751 1108 818 campestria
1158 753 1354 807 incolis
1389 751 1916 824 frequentabantur?
1946 775 1967 806 r

393 837 518 892 llaec
551 849 605 893 et
647 841 801 906 olim,
847 843 1047 912 inquit,
1082 859 1180 913 per
1212 846 1507 916 prophetas
1532 849 1662 901 olim
1697 848 1968 914 dicebam,

391 946 501 999 quo
535 940 781 1002 tempore
829 932 1167 989 Hierusalem
1201 936 1500 993 domestica
1541 939 1756 994 lautitia
1795 941 1971 995 abun—

393 1025 578 1088 dabat,
631 1035 950 1098 cunctasque
983 1029 1147 1086 urbes
1181 1030 1228 1085 ei
1277 1031 1562 1100 subjectae,
1599 1048 1720 1101 quae
1761 1033 1877 1087 sive
1917 1033 1970 1086 in

396 1126 656 1171 montana
695 1120 810 1174 sive
843 1122 896 1174 in
941 1127 1238 1192 campestri
1274 1125 1520 1194 regione,
1559 1125 1751 1180 idonea
1787 1125 1971 1196 populi

397 1210 748 1264 multitudine
775 1213 945 1280 plenae
975 1225 1154 1267 erant.
1192 1213 1374 1269 Nihilo
1401 1224 1581 1270 tamen
1614 1218 1796 1271 minus
1821 1219 1974 1274 vobis

395 1308 527 1353 tunc
577 1302 787 1355 aiebam
846 1319 932 1358 me
987 1305 1194 1358 nullam
1235 1305 1431 1374 jejunii
1491 1307 1655 1361 vestri
1706 1308 1972 1362 rationem

396 1391 616 1456 habere,
647 1394 791 1462 quod
835 1395 956 1450 sine
989 1397 1135 1450 bono
1177 1401 1376 1452 mentis
1421 1398 1607 1452 habitu
1639 1399 1972 1453 observaba-

396 1483 488 1537 tis.
545 1483 805 1549 Quzenam
863 1501 994 1549 vero
1053 1486 1183 1540 mihi
1243 1497 1397 1559 grata
1457 1498 1682 1554 essent,
1747 1505 1976 1561 quaeque

396 1577 744 1643 potissimum
801 1580 959 1634 vobis
1013 1579 1333 1646 factitanda,
1388 1597 1486 1652 per
1538 1583 1833 1652 prophetas
1878 1599 1975 1639 vos

393 1668 708 1724 edocebam.
751 1690 769 1721 ι
799 1669 1074 1727 Iudicium
1120 1673 1330 1743 justum
1357 1674 1623 1743 judicate,
1665 1683 1718 1729 et
1768 1676 1976 1730 miseri-

397 1760 588 1813 cordia
639 1775 702 1814 ac
749 1763 1104 1820 miseratione
1144 1765 1361 1820 utimini
1413 1767 1791 1837 unusquisque
1844 1783 1971 1837 erga

401 1850 624 1906 fratrem
667 1867 851 1917 suum,
905 1862 960 1908 et
1007 1856 1227 1910 viduam
1281 1864 1336 1911 et
1378 1857 1668 1926 pupillum,
1727 1865 1780 1913 et
1812 1857 1976 1912 adve—

398 1957 561 2006 nam,
630 1955 684 1999 et
748 1961 1043 2016 pauperem
1110 1963 1179 2002 ne
1231 1949 1590 2018 opprimalis,
1652 1957 1706 2003 ct
1753 1949 1976 2002 malitia

400 2038 786 2106 unusquisque
817 2038 1004 2092 fratris
1036 2041 1118 2094 sui
1155 2056 1222 2095 ne
1249 2041 1606 2095 memineritis
1634 2041 1687 2095 in
1713 2039 1973 2096 cordibus

398 2129 620 2182 vestris.
655 2148 669 2177 ι
720 2127 882 2184 Suasi
915 2131 1068 2187 vobis
1108 2133 1255 2186 omni
1286 2133 1777 2202 temporejustitire
1808 2134 1976 2202 pluri-

398 2235 540 2273 mam
576 2237 762 2274 curam
789 2237 998 2292 gerere,
1032 2231 1085 2278 et
1117 2225 1500 2293 compassionc
1537 2239 1662 2293 erga
1696 2224 1974 2292 proximos

399 2310 499 2368 uti.
539 2319 590 2365 et
615 2313 761 2365 omni
794 2328 1094 2382 pauperum
1127 2327 1191 2368 ac
1230 2313 1615 2368 derelictorum
1649 2313 1974 2369 detrimento

397 2403 712 2471 abstinere;
766 2404 894 2459 item
954 2405 1288 2459 simultatem
1337 2413 1388 2457 ct
1438 2406 1572 2458 iram
1617 2414 1858 2460 mutuam
1903 2407 1975 2459 vi-

398 2501 535 2557 tare,
578 2493 824 2563 deposita
860 2495 1079 2549 illarum
1110 2512 1230 2566 qua:
1262 2497 1424 2567 vulgo
1455 2496 1706 2551 incidunt
1739 2499 1975 2554 offensa-

397 2595 518 2636 rum
550 2584 832 2638 memoria.
877 2583 1127 2639 Profecto
1169 2601 1290 2657 ego,
1322 2587 1587 2656 jejunium
1616 2600 1856 2643 vestrum
1889 2606 1976 2645 rc-

397 2691 594 2740 nucns,
631 2675 745 2730 haec
766 2677 920 2730 vobis
951 2676 1158 2748 agenda
1195 2678 1514 2733 suadebam.
1545 2699 1563 2731 ι
1592 2679 1656 2733 Ει
1678 2681 1974 2734 noluerunt

397 2766 697 2831 attendere,
741 2772 796 2819 et
835 2775 1156 2822 averterunt
1201 2768 1483 2824 dementer
1519 2770 1743 2826 dorsum
1791 2787 1971 2837 suum,

396 2864 451 2909 et
497 2870 657 2910 aures
705 2871 836 2911 suas
888 2868 1323 2928 aggravaverunt
1363 2876 1429 2914 ne
1480 2861 1752 2924 audirent,
1790 2875 1844 2919 et
1878 2881 1975 2919 cor

398 2964 558 3001 suum
586 2957 879 3007 contumax
913 2949 1161 3004 fecerunt
1196 2967 1262 3005 ne
1291 2951 1576 3007 obedirent
1609 2954 1713 3023 legi
1749 2971 1880 3010 meae
1907 2971 1971 3010 ac

2069 479 2132 550 λη
2143 498 2199 534 σε
2223 482 2427 552 Κύριος
2445 484 2502 536 ὲν
2523 483 2679 554 χερσὶ
2700 482 2809 536 τῶν
2837 481 3134 554 προφητῶν
3169 481 3277 535 τῶν
3304 481 3585 553 ἔμπροσθε
3601 501 3624 536 θ
3645 527 3661 547 ,

2069 572 2196 626 ὅταν
2211 569 2276 644 ἦν
2303 574 2656 647 Ἰερουσαλὴμ
2679 574 3080 645 κατοικουμένη
3103 574 3194 627 καὶ
3217 573 3536 644 εύθηνοῦσα,
3562 578 3664 629 καὶ

2070 664 2124 715 αἰ
2167 663 2348 727 πόλεις
2385 665 2556 735 αὐτῆς
2593 667 2871 731 κυκλόθεν,
2905 666 2994 719 καὶ
3025 668 3057 737 ή
3097 665 3280 736 ὀρεινὴ
3330 666 3423 718 καὶ
3464 666 3664 738 πεδινὴ

2070 756 2404 823 κατῳκεῖτο;
2447 777 2465 809 ›
2487 757 2671 813 Ταῦτα
2691 759 2769 825 δὲ,
2801 759 2952 828 φησὶ,
2983 757 3075 811 καὶ
3100 757 3264 811 πάλαι
3289 757 3494 811 διὰτῶν
3520 775 3666 829 προ-

2073 847 2258 917 φητῶν
2282 849 2467 917 ἔλεγον
2494 851 2630 921 πρὸς
2652 852 2816 921 ὑμᾶς,
2849 851 3085 921 ὁπηνίκα
3113 851 3204 903 ἐπί
3229 867 3287 902 τε
3311 851 3408 919 τῆς
3442 850 3666 911 οἰκείας

2071 938 2361 1009 εὐθηνείας
2391 935 2458 1012 ἦν
2484 943 2516 1011 ή
2570 941 2924 1013 Ἰερουσαλὴμ
2959 943 3054 995 καὶ
3088 943 3256 995 πᾶσαι
3285 943 3338 994 αί
3363 943 3455 993 ὑπ’
3483 941 3663 1010 αὐτὴν

2074 1030 2257 1094 πόλεις
2288 1030 2570 1096 ὡσαύτως,
2597 1033 2694 1087 ἆτε
2734 1035 2828 1086 καὶ
2856 1033 2955 1103 τῆς
2995 1033 3211 1103 ὀρεινῆς
3251 1033 3342 1085 καλ⁵
3378 1033 3475 1101 τῆς
3505 1032 3666 1085 πεδι-

2075 1125 2173 1195 νῆς
2203 1123 2387 1195 χώρας
2429 1125 2529 1196 τῆς
2572 1123 2956 1197 προσηκούσης
2985 1125 3174 1187 αὐταῖς
3217 1123 3665 1194 πεπληρωμένης

2074 1215 2183 1269 τῶν
2209 1213 2502 1270 οἰκούντων
2523 1235 2536 1248 ·
2565 1219 2659 1272 καί⁵
2682 1219 2831 1287 ὅμως
2858 1216 3030 1270 ταῦτα
3053 1216 3176 1270 τότε
3205 1216 3338 1286 πρὸς
3362 1215 3505 1286 ὑμᾶς
3533 1215 3663 1268 ἕλε-

2075 1323 2171 1375 γον
2213 1308 2294 1361 ὅτι
2342 1325 2431 1378 μοι
2483 1308 2637 1376 λόγος
2681 1309 2854 1371 οὐδεὶς
2900 1308 3000 1378 τῆς
3055 1309 3308 1378 νηστείας
3353 1307 3508 1377 ὑμῶν
3554 1308 3664 1360 οὐκ

2077 1399 2254 1471 ἀγαθῇ
2285 1400 2479 1474 γνώμῃ
2521 1401 2922 1469 νηστευόντων·
2967 1400 3128 1454 τίνων
3157 1399 3215 1452 δέ
3251 1415 3339 1469 μοι
3370 1398 3545 1464 λόγος,
3579 1393 3662 1450 ὧν

2076 1491 2455 1561 ἐπιμελεῖσθαι
2491 1492 2724 1563 μάλιστα
2753 1493 3049 1563 προσήκειν
3077 1493 3221 1562 ὑμᾶς
3250 1491 3525 1545 ἐδίδασκον
3561 1491 3662 1544 διὰ

2076 1582 2184 1636 τῶν
2216 1567 2528 1654 προφητῶν.
2568 1601 2586 1634 ι
2631 1583 2820 1654 Κρίμα
2861 1585 3068 1637 δίκαιον
3099 1583 3340 1654 κρίνατε,
3371 1584 3466 1635 καὶ
3506 1582 3662 1635 ἔλεον

2081 1676 2173 1726 καὶ
2219 1673 2502 1746 οίκτιρμὺν
2559 1676 2761 1726 ποιεῖτε
2815 1674 3044 1738 ἕκαστος
3105 1675 3242 1745 πρὸς
3283 1675 3374 1727 τὸν
3425 1675 3662 1746 πλησίον

2079 1764 2264 1827 αὐτοῦ,
2311 1765 2406 1817 καὶ
2452 1766 2626 1836 χήραν
2657 1765 2752 1817 καὶ
2780 1766 3011 1837 ὀρφανὸν
3041 1765 3135 1819 καὶ
3179 1766 3513 1837 προσήλυτον
3560 1767 3663 1820 καὶ

2079 1857 2283 1925 πένητα
2315 1856 2388 1927 μὴ
2414 1856 2904 1909 καταδυναστεύετε
2923 1874 2936 1889 ·
2966 1857 3059 1910 καὶ
3080 1857 3279 1910 κακίαν
3301 1858 3527 1919 ἕκαστος
3559 1855 3662 1908 τοῦ

2077 1946 2304 2014 ἀδελφοῦ
2357 1946 2519 2000 αὑτοῦ
2571 1947 2645 2018 μὴ
2712 1949 3100 2017 μνησικακεῖτε
3148 1948 3205 1999 ὲν
3250 1949 3368 2009 ταῖς
3402 1945 3661 2016 καρδίαις

2076 2038 2250 2108 ὑμῶν.
2303 2056 2320 2089 ι
2357 2037 2747 2100 Συνεϐούλευον
2789 2039 2897 2111 γὰρ
2948 2039 3075 2107 ύμῖν
3101 2037 3414 2108 ἁπανταχοῦ
3456 2037 3548 2090 τοῦ
3581 2037 3663 2091 διο

2075 2129 2229 2183 καίου
2278 2131 2545 2183 ποιεῖσθαι
2591 2130 2850 2201 πρόνοιαν
2905 2131 3184 2200 πλείστην,
3234 2130 3549 2201 συμπαθείᾳ
3598 2148 3660 2183 τε

2074 2220 2310 2291 χρῆσθαι
2345 2221 2480 2292 πρὸς
2506 2224 2630 2284 τοὺς
2655 2221 2843 2285 πέλας,
2873 2223 2943 2292 (ρ.
2972 2222 3097 2294 482)
3137 2223 3232 2276 καὶ
3259 2223 3322 2294 δὴ
3355 2222 3449 2276 καὶ
3472 2223 3659 2295 πάσης

2078 2312 2279 2382 βλάϐης
2301 2313 2397 2382 τῆς
2418 2315 2498 2375 εἰς
2515 2314 2640 2375 τοὺς
2668 2313 2899 2384 πένητάς
2917 2331 2976 2366 τε
3001 2315 3097 2367 καὶ
3137 2315 3658 2386 ἀπῳστασιάστους

2075 2401 2415 2471 ἀπέχεσθαι’
2458 2404 2553 2456 καὶ
2600 2405 2819 2475 μήνιδος
2851 2405 2907 2457 δὲ
2950 2405 3044 2458 καὶ
3072 2405 3240 2476 ὀργῆς
3274 2407 3371 2476 τῆς
3414 2407 3535 2459 κατ’
3561 2407 3661 2459 ἀλ-

2074 2493 2250 2564 λήλων
2289 2495 2611 2564 ἀφεστάναι,
2651 2495 3020 2567 ἀφαιροῦντας
3067 2497 3167 2566 τὴν
3196 2497 3416 2568 μνήμην
3448 2497 3662 2550 ἑαυτῶν

2073 2585 2182 2638 τῶν
2214 2586 2270 2637 ἐν
2300 2586 2452 2656 μέσῳ
2499 2602 2612 2650 πως
2661 2587 2985 2656 συμϐάντων
3031 2586 3310 2660 λυπηρῶν.
3369 2588 3508 2640 Ἀλλ’
3547 2589 3664 2658 ἐγὼ

2079 2675 2177 2746 μὲν
2224 2675 2323 2746 τὴν
2378 2678 2632 2748 νηστείαν
2682 2678 3136 2749 παρωθούμενος,
3184 2679 3356 2733 ταῦτα
3405 2681 3663 2733 συνεϐού-

2075 2766 2227 2819 λευον
2265 2769 2413 2837 ὑμῖν.
2456 2767 2521 2819 Τί
2553 2766 2643 2833 δέ;
2695 2785 2716 2820 ι
2749 2770 2859 2822 Καὶ
2887 2769 3190 2840 ἠπείθησαν
3215 2770 3308 2823 τοῦ
3348 2771 3660 2842 προσέχειν,

2076 2856 2169 2908 καὶ
2190 2855 2396 2908 ἔδωκαν
2421 2856 2588 2908 νῶτον
2614 2855 2794 2910 αὐτῶν
2821 2857 3295 2930 παραφρονούντα,
3320 2861 3414 2912 καὶ
3451 2859 3520 2912 τὰ
3541 2855 3664 2915 ὦτα

2076 2945 2258 2998 αὐτῶν
2285 2946 2556 3017 ἐϐάρυναν
2581 2946 2675 2999 τοῦ
2706 2947 2782 3019 μὴ
2815 2949 3142 3014 εἰσακούειν,
3175 2951 3267 3003 καὶ
3303 2950 3401 3020 τὴν
3431 2952 3662 3023 καρδίαν

399 3038 580 3093 verbis
618 3055 739 3108 qum
778 3041 928 3094 misit
960 3040 1227 3096 Dominus
1263 3043 1613 3112 omnipotens
1663 3045 1716 3098 in
1765 3044 1970 3114 Spiritu

2078 3035 2256 3089 αἰτῶν
2295 3035 2489 3101 ἔταξαν
2529 3037 2728 3108 ἀπειθῆ
2775 3038 2869 3092 τοῦ
2904 3039 2980 3110 μὴ
3019 3040 3325 3094 εἰσακούειν
3362 3041 3458 3094 τοῦ
3491 3044 3659 3114 νόμου

399 3147 501 3184 suo
540 3147 634 3201 per
663 3132 826 3202 322
858 3136 1206 3204 superiorum
1253 3137 1641 3206 prophetarum
1670 3154 1914 3195 manum.
1953 3162 1972 3194 ι

398 3220 476 3275 Ne
508 3222 595 3277 his
629 3225 848 3292 quidem
880 3227 1160 3281 attendere
1187 3229 1458 3290 voluistis,
1488 3229 1582 3283 sed
1611 3246 1734 3285 cum
1761 3232 1976 3288 insania

401 3315 565 3368 inulla
606 3316 750 3370 dicta
794 3317 1008 3372 illorum
1044 3320 1277 3374 aversati
1314 3321 1471 3376 estis.
1516 3321 1574 3375 Id
1613 3325 1760 3376 enim
1792 3325 1978 3379 valent

401 3407 586 3471 verba,
625 3425 644 3458 ι
670 3410 1004 3464 Averterunt
1028 3411 1314 3467 dementer
1343 3412 1568 3468 dorsum
1600 3429 1782 3469 suum.
1827 3435 1847 3469 ι
1881 3416 1978 3474 His

399 3513 522 3564 quzu
575 3497 902 3554 dicebantur
947 3517 1138 3557 aurem
1189 3505 1436 3574 praebere
1485 3506 1764 3571 noluistis,
1798 3515 1980 3564 mente

404 3602 634 3654 prorsus
666 3589 977 3656 obﬁrmata,
1024 3596 1322 3663 quominus
1361 3597 1506 3666 leges
1534 3612 1683 3653 meas
1717 3612 1976 3670 sequere-

402 3679 555 3743 inini,
591 3695 728 3750 quas
773 3697 868 3752 per
908 3686 1221 3753 superiores
1269 3688 1561 3758 prophetas
1590 3689 1747 3747 vobis
1789 3691 1979 3763 expla-

401 3773 615 3826 nabam.
647 3772 790 3839 Quid
820 3789 951 3829 vero
973 3774 1100 3832 hinc
1135 3778 1373 3834 accidit?

470 4049 642 4104 Vsus.
698 4051 784 4116 15,
849 4051 1030 4105 14.-
1065 4070 1083 4102 ι
1117 4051 1183 4106 Et
1240 4054 1506 4123 processit
1563 4054 1643 4108 ira
1703 4071 1898 4127 magna
1946 4073 1976 4111 a

400 4140 632 4196 Domino
688 4142 1084 4213 omnipotente.
1129 4162 1146 4194 ι
1199 4142 1494 4214 Propterea
1548 4154 1758 4200 tantum
1809 4149 1978 4204 susti-

399 4235 599 4290 nuistis
649 4234 1002 4304 supplicium,
1059 4236 1316 4304 quoniam
1368 4251 1470 4307 ego
1516 4237 1742 4305 jejuniis
1783 4241 1977 4296 vestris

399 4327 727 4396 contemptis
761 4327 1020 4379 hortabar
1064 4343 1162 4381 vos
1192 4327 1257 4380 ad
1293 4328 1472 4398 legum
1517 4329 1754 4383 debitam
1788 4331 1978 4384 obser-

2082 3145 2205 3199 μου,
2230 3129 2321 3181 καὶ
2357 3129 2463 3182 τῶν
2490 3129 2664 3198 λόγων
2690 3123 2766 3183 ὧν
2795 3131 3195 3197 ἐξαπέσταλκεν
3221 3132 3425 3204 Κύριος
3456 3153 3658 3188 παντο-

2079 3221 2303 3292 κράτωρ
2340 3223 2399 3274 ἑν
2427 3222 2706 3293 Πνεύματι
2732 3223 2920 3289 αὐτοῦ,
2953 3225 3010 3278 ὲν
3036 3226 3191 3296 χερσὶ
3230 3227 3524 3298 προφητῶν
3552 3229 3661 3281 τῶν

2078 3313 2404 3385 ἔμπροσθεν.
2453 3335 2471 3367 ι
2506 3315 2640 3368 Οὐδὲ
2682 3315 2890 3369 τούτων
2931 3317 2996 3388 δὴ
3038 3317 3195 3387 λόγον
3234 3320 3503 3373 ποιεῖσθαι
3530 3322 3661 3390 ἠθέ-

2078 3405 2220 3468 λετε,
2262 3405 2376 3460 ἀλλ’
2422 3407 2487 3460 ὲκ
2539 3407 2963 3478 παραφροσύνης
3005 3408 3103 3478 μὲν
3136 3410 3334 3481 πολλῆς
3380 3413 3661 3476 παντελῶς

2078 3497 2491 3567 ἀπεστρέφεσθε
2511 3498 2579 3550 τά
2612 3498 2881 3568 λεγόμενα
2903 3517 2916 3530 ·
2944 3499 3102 3553 τοῦτο
3129 3499 3238 3572 γὰρ
3253 3501 3419 3571 λέγει,
3443 3518 3461 3551 ι
3487 3502 3659 3558 Ἔδω-

2078 3607 2180 3642 καν
2217 3590 2385 3643 νῶτον
2432 3591 2614 3644 αὐτῶν
2663 3591 3145 3662 παραφρονοῦνταο
3207 3612 3225 3644 ι
3275 3595 3561 3666 προσέχειν
3599 3597 3658 3650 δὲ

2077 3683 2190 3745 τοῖς
2247 3681 2561 3752 λεγομένοις
2619 3683 2718 3735 οὐκ
2773 3683 3016 3748 ἐθέλετε,
3067 3683 3353 3755 κρίναντες
3404 3686 3660 3752 καθάπαξ

2077 3771 2317 3836 ἀπειθῶς
2347 3773 2490 3844 ἔχειν
2529 3773 2665 3844 πρὸς
2691 3774 2818 3837 τοὺς
2845 3774 3046 3844 νόμους
3073 3777 3200 3838 τοὺς
3230 3778 3412 3846 ἐμοὺς,
3449 3778 3541 3842 οὓς
3571 3780 3659 3832 διὰ

2077 3866 2185 3920 τῶν
2225 3867 2521 3938 προφητῶν
2551 3866 2660 3919 τῶν
2713 3866 2948 3936 πρόσθεν
2993 3867 3123 3937 ύμῖν
3161 3866 3492 3941 ὲξηγούμην.
3541 3872 3654 3941 Ἐφ’

2078 3952 2160 4020 οἷς
2192 3959 2244 4010 τί
2269 3959 2457 4028 γέγονε
2477 3974 2491 4024 ;

2150 4047 2298 4118 Στίχ.
2340 4055 2426 4116 ιγ’,
2462 4047 2522 4100 ιδ’
2531 4091 2542 4103 .
2567 4079 2636 4088 --
2661 4068 2677 4099 ι
2717 4048 2828 4102 Καὶ
2856 4049 3072 4116 ἐγένετο
3105 4052 3242 4124 ὀργὴ
3276 4053 3483 4124 μεγάλη
3511 4056 3658 4125 ποιρά

2081 4139 2288 4209 Κυρίου
2326 4138 2785 4209 παντοκράτορος.
2825 4158 2843 4189 ι
2901 4141 3072 4212 Ὑπὲρ
3105 4143 3308 4195 τούτων
3338 4143 3435 4214 τὴν
3465 4146 3656 4197 τοσαύ-

2078 4246 2177 4298 την
2213 4230 2594 4299 ὑπομενήκατε
2631 4229 2922 4299 τιμωρίαν,
2971 4231 3112 4302 ὑπὲρ
3159 4229 3234 4290 ὧν
3269 4234 3367 4296 τὰς
3401 4237 3654 4304 νηστείας

2081 4322 2235 4392 ὑμῶν
2265 4320 2688 4393 παρωθούμενος
2721 4324 2905 4375 ἐκεῖνα
2953 4323 3333 4377 συνεϐούλευον
3381 4320 3457 4379 ὦν
3498 4328 3655 4396 μάλι-

400 4418 642 4472 vantiam
675 4437 690 4472 :
726 4425 779 4471 at
803 4433 900 4472 vos
943 4429 1132 4472 contra
1165 4419 1318 4473 flocci
1354 4418 1561 4475 fecistis
1611 4421 1756 4491 leges
1801 4437 1972 4478 meas.

2081 4433 2181 4468 στα
2218 4415 2494 4486 προσῆκον
2533 4411 2601 4485 ἦν
2629 4414 2772 4482 ὑμᾶς
2801 4414 2910 4466 τῶν
2950 4417 3129 4485 νόμων
3160 4418 3500 4488 ἀντέχεσθαι.
3552 4423 3656 4473 Λό-

405 4528 425 4561 ι
458 4509 699 4583 Eritque,
732 4512 1190 4580 quemadmodum
1218 4511 1334 4581 ipse
1355 4510 1514 4576 dixit,
1549 4527 1652 4566 nec
1678 4513 1724 4568 ei
1758 4515 1979 4569 auscul-

399 4609 608 4670 tarunt,
666 4602 740 4656 ita
805 4603 1144 4667 clamabunt,
1212 4618 1313 4658 nec
1375 4619 1477 4674 ego
1532 4605 1842 4671 exaudiam,
1903 4608 1980 4662 ait

405 4694 665 4750 Dominus
688 4696 1054 4763 omnipotens.
1098 4715 1115 4746 ι
1152 4694 1308 4751 Sicut
1341 4697 1419 4750 illi
1444 4696 1591 4750 dicta
1623 4711 1741 4751 mea
1783 4700 1975 4753 nolue-

400 4797 528 4841 runt
575 4788 785 4853 audire,
834 4793 908 4840 ita
957 4803 1059 4857 ego
1113 4788 1361 4843 vicissim
1407 4790 1634 4844 clamori
1681 4805 1869 4844 eorum
1918 4792 1973 4846 in

399 4880 671 4949 angustiis
703 4882 1130 4934 constitutorum
1164 4896 1350 4936 aurem
1392 4897 1498 4935 non
1533 4883 1803 4951 praebebo.
1831 4883 1972 4950 Quid

401 4983 566 5037 porro
595 4970 724 5038 egi?
759 4989 777 5020 ι
815 4969 1120 5040 Propellam
1154 4986 1248 5025 eos
1283 4977 1543 5040 tanquam
1576 4971 1794 5028 turbine
1833 4973 1976 5029 inter

397 5067 587 5127 gentes
614 5075 753 5130 quas
787 5077 896 5114 non
932 5070 1216 5122 noverant,
1251 5072 1303 5115 et
1331 5069 1476 5115 terra
1519 5071 1642 5130 post
1675 5077 1770 5118 eos
1812 5061 1976 5118 deso—

400 5150 605 5204 labitur
648 5152 854 5219 alisque
899 5159 1220 5206 transeunte
1263 5153 1346 5206 vel
1391 5160 1694 5208 revertente
1727 5172 1739 5208 :
1773 5169 1974 5224 posue-

401 5249 636 5310 runtque
665 5251 861 5295 terrain
903 5242 1130 5296 electam
1165 5242 1217 5296 in
1239 5245 1568 5298 vastitatem.
1599 5263 1616 5294 ι
1656 5244 1972 5299 Commina-

401 5340 490 5386 tus
533 5348 675 5396 sum,
705 5349 802 5387 vos
848 5348 1037 5388 omnes
1064 5333 1221 5402 quasi
1259 5335 1404 5388 venti
1447 5335 1680 5403 procella
1735 5337 1972 5391 maxima

404 5437 489 5476 me
519 5423 918 5494 dispersuruiu,
955 5434 1006 5477 et
1047 5424 1350 5494 captivitati
1399 5426 1631 5482 traditos
1676 5427 1742 5480 ad
1793 5429 1972 5498 regio-

405 5529 528 5566 nem
564 5515 918 5585 expulsurum
950 5531 1110 5585 quam
1143 5527 1302 5570 antea
1332 5517 1687 5588 ignorabatis,
1715 5527 1766 5572 et
1804 5520 1974 5573 vasti-

403 5614 516 5659 tate
554 5615 753 5661 terram
801 5617 1038 5663 vestram
1085 5624 1170 5666 me
1221 5609 1543 5664 obruturum
1585 5610 1831 5679 praedixi,
1876 5626 1973 5666 ne—

405 5698 553 5753 mine
610 5707 796 5768 postca
851 5701 995 5755 illinc
1051 5708 1372 5765 revertente,
1418 5711 1511 5755 aut
1568 5702 1672 5755 iter
1717 5700 1968 5767 faciente,

2078 4524 2170 4575 γος
2199 4507 2256 4560 δὲ
2284 4502 2352 4577 ἦν
2392 4507 2520 4576 ὑμῖν
2569 4505 2677 4560 τῶν
2706 4505 2885 4576 νόμιον
2914 4507 3089 4568 οὐδεὶς
3129 4507 3237 4561 τῶν
3281 4507 3447 4575 ἐμῶν.
3487 4529 3504 4560 ι
3551 4513 3657 4565 Καὶ

2077 4597 2251 4662 ἔσται,
2301 4598 2358 4650 ὃν
2399 4598 2601 4668 τρόπον
2646 4595 2787 4661 εἷπε,
2836 4597 2929 4651 καὶ
2973 4599 3075 4650 οὐκ
3108 4599 3436 4671 εἰσήκουσαν
3466 4603 3655 4666 αὑτοῦ,

2075 4689 2246 4752 οὕτως
2275 4689 2634 4760 κεκράξονται
2672 4690 2764 4742 καὶ
2793 4690 2854 4742 οὐ
2898 4690 2973 4760 μὴ
3011 4691 3336 4756 εἰσακούσω,
3370 4692 3516 4760 λέγει
3547 4694 3656 4748 Κύ-

2079 4798 2190 4847 ριος
2243 4779 2654 4851 παντοκράτωρ.
2711 4799 2729 4830 ι
2775 4781 2989 4850 Ὥσπερ
3030 4781 3088 4834 δὲ
3133 4784 3330 4835 ἐκεῖνοι
3375 4783 3484 4837 τῶν
3525 4788 3654 4858 παρ’

2081 4875 2216 4945 ἐμοῦ
2256 4873 2565 4944 λεγομένων
2597 4873 2816 4926 ἀκούειν
2839 4873 2938 4926 οὐκ
2971 4871 3180 4944 ἤθελον,
3224 4875 3300 4944 (ι).
3350 4876 3473 4946 485)
3514 4877 3654 4931 οὕτω

2079 4968 2143 5038 δὴ
2180 4965 2336 5035 κάγὼ
2378 4965 2680 5034 γεγονότων
2723 4964 2901 5021 αὐτῶν
2951 4968 3009 5019 ὲν
3061 4967 3338 5031 τοιαύταις
3393 4971 3654 5038 ἀνάγκαις

2083 5058 2328 5128 βοώντων
2363 5058 2426 5109 οὐ
2465 5059 2770 5128 προσεῖχον.
2813 5056 2877 5109 Τί
2917 5056 2973 5110 δὲ
3003 5057 3314 5126 πεποίηκα;
3352 5077 3370 5108 ι
3421 5060 3531 5112 Καὶ
3559 5063 3649 5114 ὲκ-

2081 5148 2228 5202 ϐαλῶ
2276 5149 2469 5210 αὐτοὺς
2514 5148 2590 5209 ὡς
2635 5147 2695 5200 ὲν
2732 5145 2951 5200 λαίλαπι
2995 5149 3076 5209 εἰς
3120 5148 3296 5201 πάντα
3339 5149 3406 5203 τὰ
3445 5150 3569 5220 ἔθνη
3612 5151 3648 5205 ἃ

2078 5241 2177 5292 οὐκ
2209 5239 2483 5307 ἔγνωσανο
2520 5237 2676 5308 καὶὴ
2724 5239 2795 5307 γῆ
2842 5238 3273 5310 ἀφανισθήσεται
3324 5239 3644 5294 κατόπισθεν

2077 5329 2258 5383 αὐτῶν
2331 5327 2723 5392 ὲκδιοδεύοντος
2795 5328 2890 5382 καὶ
2959 5326 3488 5399 ἑξαναστρέφοντος·
3553 5334 3646 5384 καὶ

2077 5421 2274 5486 ἔταξαν
2309 5421 2414 5490 γῆν
2462 5419 2726 5491 ὲκλεκτὴν
2772 5422 2853 5482 εἰς
2896 5421 3222 5490 ἀφανισμόν.
3275 5439 3295 5470 ι
3351 5421 3644 5492 Ἥπείλησα

2077 5515 2186 5586 γὰρ
2247 5514 2490 5576 ἅπαντας
2539 5513 2685 5583 ὑμᾶς
2738 5511 2980 5584 ὡσπερεὶ
3025 5515 3300 5583 συστροφῇ
3350 5513 3650 5583 περιϐαλὼν

2079 5599 2279 5678 ἀνέμου
2327 5606 2558 5678 μεγίστῃ
2608 5605 2988 5678 διασκορπίσαι
3035 5623 3116 5667 τε,
3164 5605 3256 5658 καὶ
3308 5604 3649 5679 αἰχμαλωσίᾳ

2082 5698 2353 5769 παραδοὺς
2386 5698 2464 5761 εἰς
2495 5697 2677 5770 χώραν
2700 5699 3005 5767 ἀπα-καγεῖν
3035 5699 3098 5769 ἣν
3129 5697 3227 5752 οὐκ
3253 5697 3429 5769 ᾔδειτε
3463 5696 3647 5769 πρότε-
