3856 6226
169 198 281 255 σεδ

1103 193 1657 253 COMMENTARIUS
1693 193 1763 250 ia
1805 177 2176 252 maritmis
2208 197 2360 255 car.
2387 198 2501 254 rm

3340 200 3444 255 536

167 333 265 385 ρον
288 331 302 344 ·
335 312 632 385 ἀφανισμῷ
664 331 722 368 τε
755 315 1252 387 περιϐληθήσεσθαι
1279 321 1377 390 τὴν
1407 321 1509 391 γῆν
1545 321 1760 390 ἀπεφη-

1866 327 2090 389 propter
2148 336 2417 375 summam
2471 323 2716 374 locorum
2780 320 3153 376 solitudinem.
3213 320 3339 377 Haec
3390 331 3442 377 et

164 405 357 476 νάμην
386 405 485 476 τὴν
516 406 808 477 ὑμετέραν,
860 406 960 460 οὐκ
998 408 1427 479 ἀναπρέφοντος
1470 411 1557 463 ἐπ’
1586 409 1762 479 αὐτῆς

162 495 246 547 ἔτι
283 496 450 558 τινὸς,
478 497 536 548 οὐ
563 496 890 562 διοδεύοντος
918 497 1008 551 διὰ
1032 497 1130 569 τὴν
1167 500 1612 570 ὑπερϐάλλουσαν
1640 501 1764 570 €91;-

163 587 324 657 μίαν.
361 588 548 641 Ταῦτα
575 588 638 658 δὴ
681 589 776 642 καὶ
808 592 1102 664 ἠπείλησα,
1137 593 1289 664 φησὶ,
1326 595 1417 647 καὶ
1446 593 1723 663 πεποίηκα
1743 609 1758 625 ο

159 679 231 750 ἣν
281 681 339 746 ἐξ
374 679 614 752 legium:
651 685 754 754 γῆν
801 685 1065 756 πρότερον
1111 687 1192 747 εἰς
1230 687 1422 757 κτῆσιν
1462 687 1755 757 ὑμετέραν,

161 772 471 842 ἀφανισμῷ
506 773 869 843 παραδέδωκα
891 791 903 802 ·
939 777 998 828 τὸ
1027 775 1135 848 γὰρ
1171 798 1189 829 ι
1229 776 1586 847 κεκράξονται
1622 799 1639 829 ι
1665 781 1761 832 καὶ

169 882 188 911 ι
227 865 690 934 ἀφανισθήσεται,
729 885 748 915 ι
780 866 856 929 ὡς
887 869 980 921 ἐπὶ
1017 868 1302 938 μέλλοντος
1349 869 1518 938 λέγει,
1567 870 1628 923 τὺ
1674 888 1762 938 γε·

163 957 331 1024 γονδς
362 957 747 1028 ἐξηγούμενος,
777 959 868 1010 τὸν
893 961 1080 1030 χρόνον
1117 961 1259 1014 κατὰ
1295 962 1356 1014 τὸ
1385 961 1575 1026 εἰωθὸς
1600 961 1758 1015 ἐναλ-

163 1048 418 1102 λεὶττων⁴
451 1049 480 1102 ὃ
508 1050 774 1120 πολλαχοῦ
803 1053 1086 1122 γινόμενον
1118 1055 1208 1106 ἐπὶ
1235 1056 1332 1124 τῆς
1360 1055 1507 1113 θείας
1536 1056 1759 1126 Γραφῆς

164 1141 326 1211 παρά
351 1157 410 1193 τε
437 1140 514 1212 τῷ
545 1144 800 1215 μακαρίῳ
829 1144 995 1198 Δαυὶδ
1020 1147 1111 1198 καὶ
1154 1149 1263 1210 τοῖς
1305 1147 1510 1211 λοιποῖς
1550 1151 1760 1220 προφή-

161 1249 293 1296 ταις
331 1234 420 1288 διὰ
460 1235 668 1289 πολλῶν
699 1236 980 1307 ἐδείξαμεν
1019 1239 1139 1309 ήδη.
1195 1240 1367 1312 Ὅπερ
1409 1237 1502 1293 οὖν
1547 1243 1641 1295 καὶ
1682 1244 1760 1295 δε-

163 1325 414 1397 δήλωκεν
439 1329 628 1392 είπὼν,
666 1347 684 1379 ι
728 1331 836 1384 Καὶ
858 1331 1052 1398 ἔταξαν
1081 1333 1184 1403 γῆν
1215 1332 1479 1404 ἐκλεκτὴν
1502 1336 1581 1399 εἰς
1618 1335 1759 1404 ἀφα-

165 1420 404 1490 νισμόν
442 1441 460 1474 δ
495 1421 662 1486 ἔδειξε
707 1423 816 1493 γὰρ
851 1425 934 1480 ὅτι
979 1424 1040 1476 οὐ
1083 1424 1276 1495 μέλλον
1307 1428 1538 1496 πρᾶγμα
1586 1427 1756 1494 λέγει,

167 1510 312 1564 ἀλλὰ
361 1513 735 1584 παρεληλυθός
779 1532 839 1568 τε
870 1515 972 1586 ήδη
1018 1516 1110 1568 καὶ
1152 1517 1394 1585 γεγονός.
1449 1517 1757 1588 Ἦϐουλήθη

166 1601 226 1655 δὲ
253 1603 320 1656 δι’
344 1604 481 1656 ὅλων
503 1607 676 1658 εἰπεῖν
700 1647 713 1669 ,
740 1605 822 1658 ὅτι
839 1606 949 1677 Τὴν
1002 1606 1100 1678 μὲν
1133 1608 1386 1678 νηστείαν
1424 1609 1576 1678 ὑμῶν
1627 1627 1758 1681 παρ⁸

1861 411 2232 467 comminatus
2266 427 2408 475 sum,
2443 412 2642 481 inquit,
2668 423 2719 466 et
2740 413 2924 482 peregi
2951 428 3146 482 :quam
3171 413 3440 484 elegerant

1861 511 2021 557 arrtea
2051 511 2254 557 terram
2287 503 2354 557 ad
2385 505 2678 558 incolatum
2714 512 2977 568 vestrum,
3008 506 3245 559 vastitati
3278 507 3444 560 tradi-

1861 592 1914 648 di
1938 611 1953 660 ;
1990 595 2192 649 etenim
2223 596 2406 656 verba,
2429 616 2446 647 ι
2473 597 2809 660 clamabunt,
2836 615 2854 646 ι
2881 607 2954 660 et,
2991 617 3008 648 ι
3031 598 3389 663 desolabitur,
3417 616 3437 648 ν

1862 687 1997 742 dicit
2027 701 2284 757 tanquam
2325 690 2393 741 de
2437 703 2498 742 re
2525 687 2731 754 futura,
2764 704 2886 742 cum
2923 705 3118 758 reapse
3151 689 3218 744 de
3247 699 3442 760 pratic-

1860 778 1966 832 rita
1995 779 2270 848 loquatur,
2299 787 2515 849 tempus
2552 794 2703 833 more
2733 779 2900 834 solito
2943 779 3221 835 invertens
3251 800 3264 835 :
3291 783 3438 851 quod

1862 885 2004 938 sape
2057 870 2171 925 ﬁeri
2219 879 2332 924 tum
2379 871 2520 940 apud
2575 871 2791 925 beatum
2833 869 3090 926 Daridem
3131 880 3246 928 tum
3291 872 3436 943 apud

1862 967 2086 1014 caeteros
2145 959 2443 1028 prapbctas
2497 961 2551 1014 in
2611 961 2796 1014 divina
2860 959 3173 1030 Scriptura,
3224 961 3438 1031 jamdiu

1861 1049 2062 1103 allatim
2113 1051 2634 1104 demonstravimus.
2677 1051 2846 1114 Quem
2893 1050 3069 1118 ipsum
3103 1061 3314 1118 tropum
3347 1052 3438 1106 hic

1861 1151 2091 1210 usurpat
2141 1140 2331 1195 dicens
2362 1141 2505 1195 :cEt
2523 1149 2826 1210 posuerunt
2877 1150 3076 1197 terram
3119 1143 3280 1216 323
3327 1144 3439 1198 ele-

1861 1239 2002 1285 ctam
2031 1233 2086 1285 in
2129 1231 2523 1287 desolationem
2557 1251 2568 1285 :
2606 1251 2626 1284 ι
2661 1232 2902 1287 ostendit
2943 1234 3087 1286 enim
3132 1249 3190 1289 se
3225 1249 3336 1287 non
3371 1233 3438 1288 de

1862 1338 1921 1378 re
1949 1323 2134 1378 l‘utura
2187 1324 2357 1395 loqui,
2407 1325 2501 1380 sed
2542 1325 2610 1379 de
2652 1326 2924 1395 praeterita
2968 1335 3024 1379 et
3050 1326 3160 1393 jam
3195 1335 3432 1394 peracta.
3528 1386 3541 1397 γ

1861 1416 1988 1472 Vult
2037 1427 2216 1474 autem
2257 1436 2353 1489 per
2395 1421 2508 1475 haec
2549 1423 2732 1475 omnia
2771 1421 2956 1476 dicere
2991 1419 3156 1484 Deus,
3202 1437 3262 1475 se
3302 1419 3440 1490 jeju-

1861 1508 2012 1562 nium
2066 1517 2312 1564 restrum
2369 1526 2598 1565 renuere
2661 1511 2857 1566 vitiose
2913 1521 3130 1576 actum;
3196 1514 3439 1568 suasisse

1862 1608 2040 1655 autem
2073 1618 2193 1671 qua:
2221 1618 2320 1657 vos
2373 1602 2551 1658 facere
2585 1604 2869 1673 oportebat
2896 1620 2910 1668 ;
2963 1612 3017 1658 et
3050 1604 3179 1673 quia
3229 1619 3437 1659 morem

167 1694 423 1767 ῃτούμην
447 1697 632 1760 κακῶς
654 1671 943 1769 γινομένήν
961 1739 974 1762 ,
999 1671 1377 1754 συνεϐούλευον
1409 1671 1474 1754 δὲ.
1491 1701 1525 1756 ἂ
1548 1671 1754 1773 προσή-

1866 1693 1910 1747 ei
1949 1707 2140 1762 gerere
2187 1693 2469 1757 noluistis,
2502 1671 2710 1748 tantam
2757 1696 2914 1750 vobis
2956 1671 3284 1762 imposuisse
3321 1712 3439 1771 pre-

167 1805 270 1841 κον
299 1783 369 1857 ἦν
394 1788 726 1858 πράττεσθαι
749 1791 878 1859 παρ’
901 1790 1076 1860 ὑμῶν’
1112 1793 1205 1845 καὶ
1231 1793 1415 1863 ἐπειδὴ
1447 1793 1656 1857 τούτοις
1682 1793 1758 1866 μὴ

168 1881 519 1950 προσείχετε,
541 1881 794 1952 τοιαύτην
815 1883 944 1952 ὑμῖν
965 1884 1246 1954 ἐπήγαγον
1268 1886 1562 1956 τιμωρίαν.
1597 1886 1757 1940 Ἀλλὰ

165 1971 294 2023 τότε
330 1972 429 2040 μὲν
457 1971 630 2025 ταῦτά
672 1990 803 2044 φησι
822 1991 838 2004 ·
871 1974 966 2028 νῦν
994 1973 1049 2028 δὲ
1077 1975 1130 2028 τί
1146 1993 1161 2041 ;

825 2067 982 2120 ΚΕΦ.
1033 2067 1115 2120 H'.

244 2156 395 2226 Στίχ.
430 2155 572 2211 α’-ε’.
605 2186 674 2196 -
706 2179 722 2208 ι
746 2157 884 2210 Τάδε
918 2157 1065 2227 λέγει
1090 2158 1296 2229 Κύριος
1322 2161 1714 2233 παντοκράτωρ
1741 2179 1754 2192 ·

180 2243 467 2313 Ἐζήλωσα
503 2247 601 2318 τὴν
640 2248 995 2319 Ἰερουσαλήμ
1036 2251 1130 2304 καὶ
1155 2251 1252 2321 τήν
1283 2251 1420 2304 Σιὼν
1459 2252 1618 2322 ζῆλον
1661 2255 1757 2324 μέν

168 2349 281 2398 γαν
308 2349 321 2362 ·
359 2333 452 2386 καὶ
497 2332 654 2404 θυμῷ
699 2335 918 2406 μεγάλῳ
941 2335 1198 2406 ’ἐζήλωσα
1241 2341 1432 2410 αὑτήν.
1459 2360 1477 2392 ι
1509 2343 1758 2396 Macati!-

169 2425 358 2496 ὅληκά
388 2443 488 2496 μου
519 2426 618 2497 τὴν
649 2427 778 2496 περὶ
809 2427 978 2497 αὐτὴν
1001 2429 1205 2499 σχέσιν,
1233 2434 1307 2501 (p.
1331 2433 1463 2505 484)
1493 2433 1637 2489 ὥστε
1666 2437 1760 2490 καὶ

170 2517 317 2584 ἄγαν
342 2516 654 2589 ὀργίζεσθαι
689 2518 829 2591 ὑπὲρ
862 2514 937 2572 ὧν
978 2521 1212 2574 πέπονθε
1247 2525 1388 2578 κατὰ
1431 2525 1540 2580 τῶν
1571 2528 1761 2599 ἠδικη-

171 2608 356 2661 κότων
375 2609 546 2680 αὐτήν
574 2625 589 2642 ο
623 2610 718 2664 καὶ
745 2611 1021 2682 ἐπιμένων
1052 2615 1163 2677 τοῖς
1198 2616 1318 2685 είρη
1329 2616 1508 2687 μένοις
1529 2657 1544 2684 ,
1581 2639 1601 2672 ι
1621 2619 1760 2672 Τάδε

167 2699 326 2768 λέγει
350 2700 573 2772 Κύριος,
603 2701 948 2774 Ἐπιστρέψω
971 2705 1062 2757 ἐπὶ
1101 2705 1236 2757 Σιὼν
1268 2708 1362 2760 καὶ
1408 2711 1762 2782 κατασκηνώ-

172 2810 258 2846 σω
291 2795 350 2847 ὲν
371 2793 520 2864 μέσῳ
551 2795 904 2867 Ἰερουσαλήμ
923 2813 935 2826 ³
957 2797 1052 2850 καὶ
1072 2798 1402 2870 κληθήσεται
1429 2802 1461 2871 ἡ
1494 2802 1760 2874 Ἰερουσα-

168 2885 288 2956 λὴμ
311 2885 468 2949 πόλις
499 2886 724 2958 ἀληθινὴ
741 2929 759 2952 ,
795 2888 890 2941 καὶ
917 2888 1042 2958 ὅρος
1070 2890 1275 2962 Κυρίου
1303 2894 1756 2966 παντοκράτορος,

169 2978 304 3048 δρος
336 2978 510 3045 ἅγιον.
545 2998 564 3030 ι
609 2979 900 3047 Ἐπανάξω
945 2981 1054 3053 γάρ
1094 2999 1196 3052 μου
1227 2982 1327 3054 τήν
1375 2986 1503 3056 περὶ
1545 2985 1609 3039 τὸ
1635 2987 1760 3058 ὅρος

172 3067 317 3121 Σιὼν
344 3068 585 3123 διάθεσιν
603 3110 618 3135 ,
649 3071 744 3123 καὶ
778 3071 1053 3142 φανοῦμαι
1083 3073 1246 3127 πάλιν
1273 3074 1364 3128 διὰ
1400 3076 1500 3147 τῆς
1527 3077 1762 3149 κηδεμοο

172 3161 294 3224 νίας
321 3161 421 3231 τῆς
456 3161 660 3226 οίκείας
699 3163 790 3216 ἐπὶ
827 3163 926 3233 τῆς
977 3165 1330 3237 Ἰερουσαλήμ
1359 3183 1372 3197 ·
1407 3167 1674 3234 ἀποδείξω
1701 3185 1760 3220 τε

173 3253 347 3326 αὐτὴν
377 3253 530 3307 πόλιν
562 3255 730 3318 ὄντως
770 3257 1132 3318 συνεστῶσαν,
1158 3259 1250 3310 καὶ
1277 3260 1336 3311 ὲν
1370 3259 1595 3332 εὐθηνίᾳ
1627 3261 1762 3315 καθ-

173 3347 422 3399 εστῶσαν
455 3345 622 3418 πολλῇ
642 3363 657 3374 ⁶
688 3347 750 3399 τό
775 3365 831 3399 τε
862 3348 986 3418 ὅρος
1024 3349 1108 3416 ἐφ’
1159 3343 1332 3421 οὗπερ
1374 3351 1407 3422 ή
1435 3351 1587 3416 πόλις
1615 3354 1760 3405 οίκο-

174 3444 444 3514 δομεῖται,
481 3443 636 3513 ἅγιον
671 3445 966 3509 ἀποδείξω,
994 3446 1072 3509 ὡς
1115 3447 1214 3516 τῆς
1250 3447 1550 3518 παρουσίας
1597 3446 1762 3515 ἠξιω-

181 3534 343 3606 μένον
384 3535 484 3606 τῆς
533 3534 698 3606 ἐμῆς.
729 3536 840 3588 Καὶ
887 3537 1200 3606 προστιθεὶς
1253 3535 1333 3589 ἐτι
1380 3537 1493 3600 τοὶς
1542 3536 1756 3598 αὐτοῖς·

183 3649 203 3682 ι
234 3629 373 3684 τάδε
406 3629 553 3699 λέγει
594 3629 798 3701 Κύριος
830 3632 1258 3702 παντοκράτωρ,
1295 3631 1414 3684 Ἔτι
1447 3630 1761 3684 καθίσονται

180 3718 546 3792 πρεσϐύτερα
575 3719 669 3772 καὶ
711 3718 1077 3791 πρεσϐύτεραι
1109 3721 1168 3773 ἐν
1199 3721 1321 3783 ταῖς
1348 3719 1630 3783 πλατείαις
1669 3721 1764 3773 Ίε-

187 3809 466 3882 ρουσαλῆμ
490 3849 506 3872 ,
555 3810 785 3873 ἕκαστος
842 3808 940 3880 τήν
990 3809 1185 3881 ῥάϐδον
1237 3808 1402 3862 αὑτοῦ
1433 3809 1572 3880 ἔχων
1604 3810 1663 3862 ἐν
1695 3811 1760 3880 τῇ

182 3903 327 3974 χειρὶ
347 3901 544 3968 αὐτοῦ,
571 3901 678 3955 ἀπὸ
710 3901 949 3972 πλήθους
998 3900 1222 3972 ἡμερῶν
1247 3919 1260 3931 ·
1293 3901 1386 3955 καὶ
1406 3902 1461 3956 αἱ
1511 3901 1762 3954 πλατεῖαι

183 3995 282 4065 τῆς
310 3994 517 4058 πόλεως
567 3992 976 4065 πλησθήσονται
1007 3992 1312 4064 παιδαρίων
1362 3993 1456 4046 καὶ
1495 3994 1764 4062 κορασίων

186 4086 486 4150 παιζόντων
519 4086 577 4138 ὲν
599 4087 722 4147 ταῖς
747 4084 1032 4146 πλατείαις
1063 4084 1254 4154 αὐτῆς.
1284 4102 1302 4134 ι
1330 4083 1516 4148 Οὕτως
1550 4085 1630 4147 δὲ,
1669 4101 1766 4155 φη-

186 4181 290 4244 civ,
320 4177 529 4249 ἀῦλαῦἧ
562 4175 780 4248 φυλάξω
807 4176 908 4247 τὴν
941 4176 1096 4230 πόλιν
1143 4176 1238 4228 καὶ
1289 4176 1498 4239 πάντας
1539 4177 1665 4240 τοὺς
1689 4180 1766 4230 ol-

185 4267 412 4331 κοῦντας
443 4265 613 4338 αὐτὴν
633 4305 648 4328 ,
683 4266 824 4320 ὥστε
853 4265 926 4335 μή
967 4263 1364 4335 παραπλησίως
1391 4267 1502 4325 τοῖς
1530 4265 1764 4336 πρόσθεν

1867 1799 2015 1840 nam.
2053 1784 2162 1840 Sed
2195 1795 2327 1841 tunc
2355 1786 2574 1857 quidem
2612 1787 2749 1854 haec,
2787 1789 2985 1861 inqait,
3016 1789 3256 1850 fuerunt.
3285 1795 3439 1849 Nune

1860 1893 1990 1934 vero
2011 1879 2178 1949 quid?

2488 2064 2645 2122 CAP.
2679 2063 2817 2122 VIII.

1933 2157 2098 2212 Vens.
2125 2158 2240 2214 1-5.
2266 2188 2336 2199 —
2383 2159 2701 2217 szcdicit
2730 2159 2995 2215 Dominus
3046 2161 3435 2230 omnipotens:

1864 2247 2082 2302 Zelatus
2103 2263 2223 2302 sum
2283 2249 2621 2305 Hierusalem
2664 2259 2831 2320 atque
2879 2250 3010 2306 Sion
3059 2254 3177 2308 zelo
3206 2269 3439 2323 magno,

1861 2341 2050 2396 furore
2080 2356 2278 2410 magno
2302 2341 2509 2396 zelatus
2531 2356 2652 2396 eam
2679 2358 2822 2397 sum.
2848 2363 2867 2394 ι
2905 2343 3231 2398 Convertam
3257 2361 3438 2398 meum

1861 2448 1990 2503 erga
2025 2433 2172 2486 illam
2199 2433 2477 2500 allectum,
2509 2433 2582 2486 ita
2619 2441 2676 2488 ut
2705 2450 3031 2506 magnopere
3063 2437 3438 2490 calamitatum

1861 2523 1982 2592 ejus
2027 2537 2195 2577 causa
2241 2523 2462 2592 injustis
2511 2523 2630 2593 ejus
2683 2523 2925 2578 inimicis
2969 2524 3198 2579 irascar.
3230 2526 3295 2579 Et
3340 2541 3441 2580 sua

1861 2616 2006 2670 dicta
2057 2616 2389 2670 continuans
2433 2615 2646 2685 inquit:
2691 2613 2858 2670 «Haec
2897 2616 2972 2670 ait
3002 2616 3298 2670 Dominus:
3332 2618 3440 2680 Rc-

1863 2714 2048 2762 rertar
2079 2705 2146 2759 ad
2179 2705 2332 2770 Sion,
2379 2713 2433 2760 et
2461 2705 2722 2760 habitabo
2773 2705 2826 2760 in
2858 2705 3038 2760 medio
3077 2705 3439 2761 Hierusalem.

1865 2799 1931 2852 Et
1955 2799 2242 2854 vocabitur
2264 2797 2604 2853 Hierusalem
2634 2798 2768 2852 urbs
2789 2814 2938 2861 vera,
2967 2807 3022 2852 et
3047 2813 3208 2854 mons
3225 2798 3440 2853 Domini

1862 2889 2275 2958 omnipotentis,
2331 2903 2490 2942 mons
2555 2897 2840 2942 sanctus.)
2897 2887 3177 2943 Reducam
3229 2888 3298 2942 ad
3353 2903 3443 2944 me

1867 2997 2046 3035 meum
2071 2995 2202 3051 erga
2241 2979 2425 3034 Sionis
2455 2989 2692 3033 montem
2722 2979 2998 3046 allectum,
3054 2997 3286 3051 meoque
3311 2997 3440 3048 erga

1866 3071 2205 3127 Hierusalem
2227 3071 2533 3141 patrocinio
2557 3070 2930 3136 innotescam;
2964 3071 3302 3141 elliciamque
3319 3069 3439 3127 cam

1862 3181 1991 3220 vere
2013 3163 2164 3218 urbis
2189 3164 2408 3217 nomine
2423 3161 2666 3233 dignam,
2697 3171 2748 3216 et
2769 3164 2940 3215 multa
2963 3162 3233 3218 fruentem
3259 3179 3439 3218 rerum

1863 3256 2056 3326 copia;
2090 3263 2440 3324 montemque
2479 3254 2569 3309 ubi
2602 3254 2732 3308 urbs
2759 3255 3001 3319 condita,
3035 3263 3286 3309 sanctum
3321 3270 3443 3312 esse

1862 3351 2172 3415 ostendam,
2229 3357 2416 3418 utpote
2462 3364 2623 3418 quem
2676 3364 2793 3402 mea
2843 3351 3133 3418 praesentia
3184 3348 3442 3418 dignatus

1864 3445 1987 3500 sim.
2021 3441 2317 3513 Pcrgitque
2343 3442 2603 3512 praedicta
2631 3442 2941 3497 cumulare:
2971 3457 2990 3490 ι
3014 3441 3140 3497 llzec
3169 3445 3244 3497 ait
3265 3441 3444 3497 Domi-

1862 3552 1968 3590 nus
1991 3535 2338 3605 omnipotens
2358 3553 2372 3588 :
2391 3535 2586 3590 Adhuc
2603 3534 2877 3589 scdebunt
2903 3551 3065 3590 senes
3095 3551 3346 3606 anusque
3386 3537 3443 3590 in

1862 3625 2059 3698 plateis
2089 3624 2452 3687 Hierusalem,
2502 3624 2700 3693 singuli
2751 3624 2977 3680 baculus
3021 3641 3152 3681 suos
3183 3626 3443 3680 manibus

1861 3724 2112 3771 tenentes
2148 3730 2257 3785 prae
2286 3715 2500 3769 dierum
2531 3714 2903 3770 multitudine.
2957 3715 3022 3769 Et
3045 3717 3202 3772 urbis
3250 3718 3442 3787 plateae

1861 3807 2218 3876 replebuntur
2233 3805 2480 3876 puerulis
2502 3806 2809 3876 puellisque
2829 3807 3143 3864 ludentibus
3178 3809 3230 3864 in
3249 3810 3448 3880 plateis

1862 3899 2048 3968 ejus.»
2102 3897 2254 3952 Adeo
2307 3897 2637 3950 incolumem
2688 3898 2941 3962 servabo,
2995 3899 3195 3968 inquit,
3250 3900 3439 3954 urbem

1864 4003 2164 4058 omnesque
2212 3987 2283 4041 ibi
2333 3987 2658 4054 incolentes,
2690 3997 2750 4042 ut
2788 3990 3032 4055 mini-me,
3086 3999 3248 4061 prout
3281 4001 3440 4046 antea

1864 4081 2244 4145 usuvenicbat,
2299 4081 2625 4136 immaturos
2654 4081 2838 4137 obitus
2886 4083 2956 4136 ab
3003 4083 3444 4152 impendentibus

1867 4173 2028 4228 malis
2063 4180 2418 4242 exspectent;
2453 4174 2524 4226 ila
2557 4181 2616 4226 ut
2648 4173 2780 4228 urbe
2819 4175 3235 4244 prosperitatem
3270 4177 3448 4245 pluri-

1866 4280 2010 4319 mam
2040 4265 2293 4326 habente,
2325 4265 2537 4318 civibus
2570 4281 2790 4334 quoque
2816 4268 2942 4319 vita:
2974 4265 3209 4334 spatium
3242 4281 3440 4334 proro-

186 4359 290 4410 ὑπὸ
313 4357 421 4410 τῶν
454 4356 788 4425 κατεχόντων
813 4355 998 4408 κακῶν
1029 4354 1243 4425 ἀώρους
1277 4355 1568 4424 ὑπομένειν
1594 4356 1760 4410 θανά-

1868 4364 2025 4426 gctur
2049 4375 2061 4411 ε
2101 4371 2210 4426 quo
2241 4355 2331 4410 fiet
2354 4365 2412 4409 ut
2434 4357 2556 4411 vita:
2579 4358 2924 4428 longevitate
2947 4366 3214 4426 cogantur
3232 4358 3445 4411 baculis

182 4467 306 4512 τους
329 4465 343 4478 .
391 4448 468 4512 ὡς
504 4450 567 4501 εν
601 4446 828 4519 εὐθηνίᾳ
857 4446 915 4499 δὲ
965 4447 1132 4517 πολλῇ
1179 4447 1279 4517 τῆς
1308 4447 1517 4511 πόλεως
1562 4447 1766 4521 οὔσης,

184 4538 500 4608 ἀναγκαίως
536 4539 632 4594 καὶ
672 4541 784 4602 τοῖς
814 4537 1054 4591 οἰκοῦσιν
1086 4537 1256 4608 αὐτὴν
1303 4537 1758 4608 παρεκτείνεσθαι

185 4631 280 4703 τὴν
307 4631 482 4703 ζωήν·
516 4630 654 4684 ὥστε
689 4629 784 4685 καὶ
812 4627 1175 4690 ἀσθενοῦντας
1195 4667 1208 4691 ,
1237 4627 1329 4681 διὰ
1355 4629 1416 4681 τὸ
1457 4627 1632 4699 μῆκος
1665 4629 1758 4683 τοῦ

188 4725 378 4796 χρόνου
404 4725 502 4793 τῆς
540 4721 684 4793 ζωῆς
720 4721 1041 4793 βακτηρίαις
1083 4720 1487 4788 ἀναγκάζεσθαι
1539 4723 1618 4784 είς
1662 4721 1760 4792 τὴν

185 4823 281 4892 τῆς
305 4819 526 4890 πορείας
559 4817 812 4888 βοήθειαν
831 4833 844 4847 ·
881 4819 956 4888 (p.
984 4816 1110 4886 485)
1151 4816 1302 4868 ἔσται
1334 4815 1391 4868 δὲ
1421 4817 1514 4868 καὶ
1545 4817 1578 4886 ή
1607 4816 1759 4880 πόλις

187 4912 350 4986 μεστὴ
395 4908 696 4978 παιδαρίων
721 4925 780 4960 τε
808 4908 901 4961 καὶ
934 4907 1204 4978 κορασίων
1235 4908 1566 4973 παιζόντωνο
1598 4907 1762 4978 εὐθη-

186 5002 450 5070 νουμένης
475 4997 584 5072 γὰρ
608 5000 702 5054 καὶ
726 4998 1150 5069 πολυανθρώπου
1189 4998 1394 5062 πόλεως
1418 5001 1638 5071 σημεῖον
1663 4998 1763 5052 καὶ

186 5091 359 5146 τοῦτο.

256 5181 404 5253 Στίχ.
437 5181 587 5246 ς’-θ’.
611 5212 682 5224 —
712 5177 826 5236 Εἶτ’
857 5181 1044 5252 ἐπειδή
1099 5199 1216 5244 πως
1247 5181 1382 5252 πρὸς
1417 5184 1486 5237 τὰ
1521 5181 1764 5251 παρόντα

164 5251 424 5328 ὶἀδύνατα
461 5271 633 5327 ταῦτα
661 5269 799 5327 εἶναι
844 5274 1116 5343 ἐφαίνετο,
1167 5292 1184 5324 ι
1211 5273 1349 5326 Τάδε
1389 5271 1537 5340 λέγει
1563 5271 1765 5342 Κύριος

195 5364 582 5436 παντοκράτωρ
603 5381 614 5392 ·
649 5365 716 5418 Εἰ
749 5363 1070 5436 ἀδυνατήσει
1100 5363 1329 5418 ἐνώπιον
1367 5361 1473 5415 τῶν
1517 5363 1765 5415 καταλοία

195 5473 306 5509 πων
332 5454 425 5508 τοῦ
457 5455 592 5509 λαοῦ
636 5455 827 5509 τούτου
859 5458 916 5510 ἐν
962 5459 1080 5519 ταῖς
1107 5455 1342 5527 ἡμέραις
1381 5455 1646 5520 ἐκείναις,
1685 5454 1763 5526 μὴ

195 5547 284 5603 καὶ
313 5549 542 5602 ἐνώπιον
569 5547 705 5618 ἐμοῦ
747 5549 1069 5618 ἀδυνατήσει
1093 5589 1106 5613 ,
1145 5547 1292 5616 λέγει
1324 5547 1529 5619 Κύριος
1571 5563 1765 5599 παντο-

197 5638 445 5711 κράτωρς
473 5660 493 5694 ι
539 5640 678 5696 Ἀλλ’
707 5642 754 5694 εἰ
790 5640 882 5694 καὶ
909 5640 1145 5694 ἀδύνατα
1172 5683 1184 5707 ,
1215 5640 1349 5711 φησὶ
1377 5680 1391 5706 ,
1425 5640 1598 5694 ταῦτα
1639 5641 1766 5710 ὑμῖν

1875 4447 2031 4502 inniti
2053 4447 2123 4502 ob
2145 4449 2394 4504 incessus
2417 4448 2816 4517 adiumentum.
2839 4447 2950 4501 Erit
2977 4448 3102 4502 item
3125 4446 3290 4518 324
3312 4449 3446 4514 url__:s

1867 4541 2028 4611 plena
2083 4541 2332 4609 puerulis
2385 4541 2694 4610 puellisque
2750 4540 3132 4604 lusitantibus;
3213 4555 3448 4610 namque

1867 4639 1922 4688 et
1964 4632 2068 4687 hoc
2104 4633 2265 4686 lauta:
2308 4647 2432 4686 cum
2482 4647 2779 4686 numeroso
2808 4633 3009 4702 p0pulo
3035 4632 3273 4687 civitatis
3304 4631 3447 4686 indi-

1869 4724 2013 4778 cium
2044 4731 2148 4778 est.

1936 4816 2101 4873 Vens.
2128 4817 2251 4873 6-9.
2279 4846 2348 4858 ——
2381 4816 2587 4873 Deinde
2627 4817 2776 4886 quia,
2836 4833 2945 4887 pra:
2978 4818 3230 4887 praesenti
3266 4834 3446 4872 rerum

1865 4919 2035 4973 statu,
2068 4909 2434 4980 impossibilia
2471 4910 2586 4964 haec
2616 4909 2965 4973 videbantur,
3009 4928 3024 4958 ι
3051 4909 3174 4964 llaec
3205 4910 3280 4962 ait
3305 4911 3449 4979 (per-

1863 5005 1943 5074 git
1987 5001 2194 5073 dicere)
2257 5001 2521 5057 Dominus
2563 5003 2953 5071 omnipotens:
3005 5002 3060 5056 Si
3109 5004 3449 5072 impossibile

1865 5094 2080 5147 videtur
2098 5093 2342 5161 reliquiis
2363 5093 2540 5161 populi
2562 5091 2724 5162 hujus
2743 5093 2938 5148 diebus
2959 5093 3088 5155 illis,
3109 5110 3236 5146 num
3261 5109 3448 5146 coram

1867 5201 1953 5240 me
1974 5200 2193 5256 quoque
2223 5187 2328 5239 erit
2355 5184 2456 5239 hoc
2489 5184 2850 5254 impossibile,
2883 5185 3016 5238 dicit
3043 5184 3307 5240 Dominus
3337 5201 3453 5237 om-

1870 5276 2196 5347 nipotens?»
2238 5275 2462 5330 Etiamsi
2492 5276 2608 5331 haec
2637 5277 3000 5346 impossibilia
3037 5277 3334 5332 videantur
3365 5278 3451 5331 his

1872 5369 1964 5438 qui
1993 5367 2345 5437 exiguitatem
2389 5375 2639 5437 spectant
2685 5381 2832 5420 nunc
2864 5369 2918 5420 in
2963 5365 3101 5420 urbe
3148 5381 3448 5436 congrega-

1870 5466 2089 5511 torum:
2140 5463 2379 5511 attamen
2431 5456 2563 5509 mihi
2605 5465 2753 5511 certe
2784 5455 2929 5509 haud
2979 5456 3316 5526 impossibile
3366 5464 3451 5509 est

1873 5559 2080 5604 tantam
2100 5548 2313 5618 operari
2343 5562 2523 5602 rerum
2549 5548 2991 5612 conversionem,
3020 5554 3080 5602 ut
3101 5561 3166 5600 ex
3191 5548 3448 5616 presenti

1874 5639 2094 5695 miseria
2137 5637 2205 5692 ad
2251 5640 2666 5711 prosperitatem
2708 5641 2999 5712 plurimam
3049 5647 3104 5695 et
3157 5639 3346 5694 urbem
3397 5647 3452 5692 et
