3830 6216
422 207 526 262 δι’

1623 201 1974 258 THEODORI

2103 200 2500 259 lPSUESTENI
3571 199 3680 253 ἴλιὸ

429 325 552 392 ejus
581 337 666 378 res
696 337 887 378 omnes
921 322 1265 380 transferam.
1316 324 1493 393 Atque
1521 337 1584 376 ex
1621 328 1791 375 semet
1819 319 1995 390 possi-

2103 318 2488 388 καταφαίνεται
2529 317 2778 390 ἀφορῶσι
2826 318 2960 390 πρὸς
2993 317 3088 388 τὴν
3115 314 3396 384 ὀλιγότητα
3427 310 3531 365 τῶν
3581 311 3682 363 νῦν

423 414 686 470 bilitatem
718 415 1000 484 promissae
1035 418 1111 471 rei
1147 417 1502 479 conﬁrmans,
1540 416 1892 484 prosequitur
1919 413 2002 466 di-

422 518 588 560 cens:
627 502 821 560 Multos
862 520 994 560 sane
1017 507 1153 561 alios
1187 506 1463 561 lsraelitas
1495 505 1742 575 pluribus
1772 519 1838 557 ex
1868 503 2002 557 locis

424 597 492 649 ad
513 597 654 650 hanc
679 597 866 650 urbem
894 600 1238 663 contraham,
1275 599 1370 668 qui
1395 597 1575 652 adhuc
1608 596 1661 649 in
1687 595 2002 666 captivitate

425 695 733 748 versantur,
759 697 814 742 et
838 703 868 740 a
894 703 979 742 me
1004 689 1192 758 patriae
1215 698 1374 743 terra:
1395 689 1654 742 ineolatui
1683 686 1998 741 reddentur.

425 775 490 828 Et
522 783 743 846 propter
792 791 966 830 meam
1007 793 1134 848 erga
1185 778 1306 833 illos
1349 778 1777 832 sollicitudinem
1819 777 2001 832 clarus

426 865 572 931 ﬁam,
605 869 735 938 quia
776 869 899 925 illos
929 886 987 924 re
1011 871 1126 940 ipsa
1157 872 1416 942 populum
1445 885 1624 924 meum
1656 883 1779 923 esse
1810 877 1999 922 osten-

427 960 572 1022 dam.
596 969 867 1032 quatenus
892 964 985 1016 tali
1020 972 1281 1033 tantaque
1305 963 1648 1033 providentia
1675 977 1791 1014 mea
1817 960 1850 1014 li
1869 977 1999 1014 uen-

429 1062 550 1107 tur:
594 1071 829 1124 vereque
874 1055 1098 1109 videbor
1138 1057 1354 1108 illorum
1403 1054 1566 1115 Deus,
1609 1053 1738 1108 dum
1788 1053 1998 1107 ﬁrmam

424 1162 599 1199 meam
631 1147 861 1202 exhibeo
892 1147 974 1202 eis
1013 1149 1243 1218 gratiam
1271 1165 1284 1213 ;
1343 1163 1572 1216 meaque
1597 1146 1811 1214 justitia
1842 1153 2000 1200 utens

422 1243 653 1290 cunctos
680 1236 900 1306 puniam
943 1239 1034 1306 qui
1061 1238 1356 1306 aliquando
1383 1252 1478 1292 eos
1512 1237 1704 1290 laedere
1734 1237 1850 1288 ausi
1881 1234 1999 1289 l‘ue-

421 1330 553 1382 rint.
587 1328 843 1381 Cumulat
869 1329 982 1383 haec
1009 1331 1300 1399 promissa.
1337 1331 1561 1384 dicens:
1599 1348 1617 1381 ι
1641 1327 1764 1382 11ωο
1790 1329 1864 1382 ait
1889 1320 2000 1381 Do-

424 1421 610 1474 minus
652 1421 1034 1491 omnipotens:
1071 1421 1422 1476 Roborentur
1454 1439 1648 1476 manus
1679 1429 1872 1475 vestrm
1904 1421 1996 1490 qui

421 1512 628 1566 auditis
651 1512 736 1568 his
754 1512 948 1568 diebus
969 1529 1250 1570 sermones
1270 1515 1368 1570 hos
1389 1530 1452 1568 ex
1472 1531 1567 1568 ore
1585 1514 1996 1584 prophetarum,

417 1601 531 1669 jam
563 1601 688 1656 inde
713 1617 743 1656 a
770 1602 860 1656 die
889 1619 998 1673 quo
1038 1601 1262 1656 fundata
1292 1612 1377 1658 est
1406 1604 1601 1657 domus
1637 1603 1848 1657 Domini
1879 1618 1997 1657 om-

2103 411 2531 481 συνειλεγμένων
2584 411 2678 462 ἐπὶ
2731 410 2828 481 τῆς
2878 409 3112 471 πόλεως,
3164 406 3277 460 ἀλλ’
3313 405 3411 458 οὐκ
3459 401 3583 473 ἐμοί
3612 419 3680 468 γε

2100 502 2357 557 ἀδύνατον
2388 501 2655 572 τοσαύτην
2688 501 3024 571 ἐργάσασθαι
3063 497 3172 551 τῶν
3211 495 3548 568 πραγμάτων
3576 495 3685 562 τὴν

2103 593 2404 666 μεταϐολὴν
2424 635 2438 658 ,
2469 593 2609 647 ὥστε
2644 595 2706 646 ἐκ
2741 594 2841 663 τῆς
2881 591 2975 646 νῦν
3002 589 3373 662 ταλαιπωρίας
3411 590 3490 650 εἰς
3519 587 3686 656 εὐθη-

2100 685 2219 738 νίαν
2247 685 2448 755 πολλὴν
2477 684 2808 754 μεταστῆναι
2841 686 2940 753 τήν
2969 699 3028 736 τε
3055 681 3208 734 πόλιν
3237 681 3329 733 καὶ
3356 679 3422 731 τά
3442 677 3560 730 κατ’
3582 677 3685 729 αύ-

2100 777 2198 848 τὴν
2238 779 2470 832 ᾶπαντα.
2501 779 2612 831 Καὶ⁴
2658 777 3067 847 πιστωσάμενος
3094 774 3151 840 ἐξ
3181 771 3342 826 αὐτοῦ
3369 775 3428 824 τὸ
3455 767 3687 822 δυνατὸν

2100 869 2206 920 τῶν
2237 868 2663 939 ἐπηγγελμένων
2688 908 2701 932 ,
2733 867 3054 938 προστίθησι
3097 865 3257 918 πάλιν
3294 864 3373 916 ὅτι
3402 902 3416 924 ,
3445 862 3688 922 Πολλοὺς

2105 960 2202 1030 μὲν
2236 961 2328 1013 καί
2365 961 2584 1030 ἐτέρους
2610 959 2716 1012 τῶν
2754 957 3096 1030 Ἰσραηλιτῶν
3126 954 3454 1024 πολλαχόθεν
3477 955 3560 1006 ἐπ’
3585 953 3689 1004 αὖ·

2099 1053 2198 1122 τὴν
2231 1052 2443 1118 συνάξω
2471 1052 2580 1104 τῶν
2613 1051 2704 1104 ἐπὶ
2731 1051 2832 1121 τῆς
2851 1049 3226 1120 αἰχμαλωσίας
3257 1047 3423 1101 ὄντων
3453 1046 3553 1107 ἔτι,
3587 1044 3686 1108 οῦς

2101 1143 2364 1196 ἀποδώσω
2477 1145 2686 1214 οἰκήσει
2732 1143 2832 1211 τῆς
2861 1143 2963 1212 γῆς
2995 1143 3093 1210 τῆς
3126 1141 3330 1203 οἰκείας
3353 1154 3367 1168 °
3406 1139 3599 1208 ἔσομαι
3626 1137 3686 1189 δὲ

2101 1236 2283 1297 αὐτοῖς
2301 1235 2387 1288 διὰ
2416 1236 2512 1302 τῆς
2539 1235 2860 1304 κηδεμονίας
2888 1231 3284 1303 γνωριζόμενος
3303 1270 3316 1294 ,
3340 1231 3415 1293 ὡς
3438 1228 3688 1288 ἐκείνους

2098 1341 2159 1376 τε
2191 1326 2253 1376 ἐκ
2279 1324 2383 1376 τῶν
2417 1326 2756 1394 πραγμάτων
2783 1324 3091 1378 δείκνυσθαι
3113 1323 3290 1377 αὐτῶν
3328 1322 3496 1384 ὅντως
3525 1321 3685 1380 Θεὸν,

2100 1417 2192 1484 ἀφ’
2226 1409 2299 1468 ὧν
2323 1415 2543 1485 βεϐαίαν
2577 1434 2634 1469 τε
2675 1418 2857 1478 αὐτοῖς
2882 1416 3104 1489 παρέχω
3127 1417 3224 1486 τὴν
3265 1412 3469 1466 οἰκείαν
3499 1413 3686 1482 χάριν,

2101 1508 2194 1561 καὶ
2217 1511 2281 1579 τῇ
2309 1507 2620 1580 δικαιοσύνῃ
2654 1513 2718 1580 τῇ
2760 1510 2938 1580 οἰκεία
2971 1508 3308 1580 κεχρημένος
3346 1506 3553 1568 πάντας
3604 1521 3692 1554 τι-

2103 1602 2393 1674 μωροῦμαι
2424 1604 2549 1667 τοὺς
2583 1605 2732 1667 ὅπως
2775 1605 2906 1657 ποτέ
2949 1603 3206 1674 βλάπτειν
3247 1601 3442 1662 αὐτοὺς
3469 1601 3655 1667 ἐπίχει

423 1691 742 1762 nipotentis,
800 1700 854 1747 et
915 1694 1173 1761 templum
1221 1693 1478 1747 aediﬁcari
1534 1703 1834 1763 emptum.»
1887 1693 1995 1762 Age

2108 1696 2351 1765 ροῦντας.
2396 1695 2635 1758 Ταύταις
2689 1695 3044 1748 ἐπισυνάπτει
3099 1697 3218 1755 ταῖς
3277 1689 3637 1758 ἐπαγγελίαις
3673 1705 3686 1716 ·

424 1799 594 1848 nunc,
631 1784 828 1854 inquit,
877 1783 961 1838 his
993 1785 1277 1853 promissis
1313 1786 1448 1839 meis
1472 1785 1834 1845 attendentes.
1876 1799 1997 1854 qua:

424 1890 570 1945 saepe
596 1890 695 1945 per
734 1876 1030 1946 prophetas
1080 1875 1235 1929 vobis
1281 1875 1605 1945 signiﬁcavi,
1649 1876 1817 1929 multa
1871 1890 1996 1928 cum

423 1965 714 2022 sedulitate
757 1967 977 2022 domum
1009 1981 1183 2022 meam
1234 1967 1621 2022 absolvendam
1654 1980 1869 2034 curate;
1907 1983 1995 2022 re-

423 2068 696 2130 putantes,
755 2076 784 2114 a
821 2077 930 2131 quo
975 2069 1216 2130 tempore
1265 2060 1393 2115 huic
1444 2075 1625 2130 opera:
1678 2060 1992 2115 incumbitis

2111 1808 2128 1840 ι
2159 1789 2295 1842 Τάδε
2348 1787 2494 1856 λέγει
2528 1788 2732 1860 Κύριος
2775 1783 3182 1855 παντοκράτωρ,
3216 1784 3689 1852 Κατιοχυέτωσαν

2105 1883 2161 1935 αἰ
2193 1884 2374 1951 χεῖρες
2403 1881 2556 1951 ὑμῶν
2577 1881 2685 1934 τῶν
2715 1881 3020 1934 ἀκουόντων
3057 1881 3132 1948 (p.
3152 1876 3279 1943 486)
3315 1877 3372 1928 ἐν
3402 1877 3524 1938 ταῖς
3542 1874 3690 1943 ἠμέ-

2108 1991 2226 2043 ραις
2254 1973 2479 2037 ταύταις
2514 1975 2639 2037 τοὺς
2670 1972 2861 2040 λόγους
2905 1971 3123 2034 τούτους
3164 1972 3229 2023 ἐκ
3276 1968 3542 2038 στόματος
3576 1967 3691 2018 τῶν

2092 2061 2418 2133 προφητῶν,
2484 2063 2577 2131 ἀφ’
2609 2057 2676 2132 ἦς
2725 2061 2940 2133 ἡμέρας
2977 2060 3392 2131 τεθεμελείωται
3457 2059 3484 2110 ὁ
3535 2054 3690 2119 οἶκος

422 2153 619 2209 domus
647 2168 779 2208 meae
799 2153 1151 2221 aediﬁcandae,
1174 2163 1380 2224 quanto
1403 2155 1659 2210 meliores
1685 2168 1774 2209 res
1797 2161 1995 2208 vestra:

2103 2154 2300 2225 Κυρίου
2328 2153 2765 2224 παντοκράτορος
2788 2195 2802 2214 ,
2833 2153 2927 2206 καὶ
2965 2153 2993 2205 ὁ
3029 2152 3152 2216 ναὸς
3185 2151 3276 2220 ἀφ’
3301 2145 3361 2204 οῦ
3393 2149 3654 2220 ᾡκοδόμη

422 2247 716 2302 evaserint.
2093 2263 2202 2298 ται.
2237 2265 2256 2297 ι
2304 2245 2440 2316 Φέρε
2473 2246 2682 2309 τοίνυν,
2720 2245 2877 2315 φησί,
2917 2245 3139 2308 ταύταις
3173 2246 3290 2306 ταῖς
3325 2243 3686 2310 ἐπαγγελίαις

425 2337 780 2408 προσέχοντες
807 2339 926 2401 ταῖς
955 2339 1114 2408 ἐμαῖς
1134 2377 1147 2400 ,
1174 2335 1240 2399 ἃς
1274 2335 1530 2400 πολλάκις
1569 2334 1657 2389 διὰ
1705 2336 1811 2390 τῶν
1864 2333 2158 2405 προφητῶν
2199 2333 2334 2404 πρὸς
2378 2334 2522 2404 ὑμᾶς
2563 2335 2926 2405 ἐποιησάμην,
2963 2335 3102 2404 μετά
3131 2333 3330 2404 πολλῆς
3362 2335 3462 2403 τῆς
3486 2338 3656 2404 ἐπιμε

422 2429 570 2491 λείας
609 2430 698 2482 τὸν
735 2426 881 2482 οἷκον
916 2427 1267 2498 ἐκπληρῶσαι
1304 2426 1577 2480 σπεύσατέ
1623 2425 1712 2478 τὸν
1767 2425 1919 2495 ἐμὸν,
1961 2425 2399 2495 ἀναλογιζόμενοι
2435 2423 2583 2489 ἐξότε
2623 2443 2729 2496 περ
2761 2425 2889 2494 περὶ
2916 2424 3088 2478 ταῦτα
3129 2427 3394 2496 ἐσχήκατε
3427 2426 3523 2478 καὶ
3559 2424 3686 2494 περὶ

423 2521 522 2592 τὴν
548 2521 884 2590 κατασκευὴν
917 2519 1010 2574 τοῦ
1044 2520 1190 2572 οἴκου
1220 2519 1310 2571 τοῦ
1341 2517 1496 2588 ἐμοῦ,
1521 2518 1723 2587 ὁπόσην
1748 2519 1846 2588 τὴν
1880 2518 1971 2570 ἐπὶ
1993 2517 2052 2570 τὸ
2086 2520 2331 2588 κρεῖττον
2364 2515 2664 2588 μεταϐολὴν
2695 2517 2909 2584 ἐδέξατο
2930 2517 3000 2570 τὰ
3028 2519 3289 2588 ὑμέτερα.

497 2615 661 2671 Vens.
691 2617 773 2670 10.
800 2645 869 2654 -
897 2613 1058 2684 325
1091 2611 1294 2666 Deinde
1321 2628 1386 2666 ex
1423 2612 1665 2678 priorum
1705 2624 1996 2681 compara-

425 2709 572 2761 tione
592 2700 1009 2756 conversionem
1023 2695 1378 2752 ostendenszi
1395 2698 1535 2766 Quia
1560 2711 1686 2758 ante
1710 2702 1827 2758 dies
1851 2704 1996 2764 illos,

425 2799 623 2868 inquit,
647 2811 854 2850 merces
874 2796 1154 2848 hominum
1184 2810 1288 2847 non
1312 2795 1500 2848 eratin
1521 2795 1751 2858 lucrum,
1773 2801 1824 2847 et
1855 2809 2001 2848 mer-

423 2906 518 2950 ces
557 2891 928 2960 jumentorum
965 2888 1112 2941 nulla
1139 2895 1278 2948 erat,
1333 2894 1387 2941 et
1435 2902 1531 2941 seu
1567 2886 1866 2953 egredienti
1898 2900 1996 2939 seu

427 2978 750 3050 ingredienti
783 2977 928 3031 nulla
958 2990 1058 3045 pax
1087 2990 1116 3028 a
1151 2975 1526 3028 tribulatione:
1559 2981 1613 3028 et
1642 2973 1851 3027 mittam
1881 2986 1998 3027 om-

427 3084 525 3123 nes
542 3067 790 3121 homines
809 3081 1250 3137 unumquemque
1269 3078 1433 3132 super
1449 3063 1754 3132 proximum
1776 3079 1956 3118 suum.
1973 3083 1992 3115 ι

423 3156 588 3222 Olim,
622 3157 817 3226 inquit,
848 3164 902 3210 et
929 3163 1054 3209 ante
1078 3154 1262 3224 templi
1290 3152 1707 3207 aediﬁcationem
1741 3153 1796 3206 in
1828 3153 1996 3206 multa

424 3244 791 3300 versabamini
823 3243 1067 3307 miseria,
1101 3251 1245 3295 etne
1273 3255 1337 3294 ex
1371 3239 1748 3308 jumentorqu
1777 3239 1997 3309 quidem

424 3346 731 3392 vestrorum
761 3350 948 3405 opera,
973 3349 1148 3403 neque
1170 3349 1235 3389 ex
1257 3333 1445 3387 multis
1479 3332 1761 3386 laboribus
1787 3332 1998 3384 lucrum

424 3430 640 3500 aliquod
672 3428 1074 3499 reportabatis;
1108 3441 1233 3480 nam
1266 3426 1608 3479 infructuosa
1632 3424 1816 3476 omnia
1846 3421 2000 3476 vobis

422 3520 689 3576 elliciebat
720 3519 871 3588 pacis
901 3517 1147 3586 cujusvis
1176 3516 1530 3576 desiderium,
1561 3514 1688 3568 dum
1725 3512 2001 3581 perpetuis

423 3614 699 3683 variisque
752 3609 1202 3665 tribulationibus
1265 3614 1598 3661 vexarentur
1655 3619 1849 3659 omnes
1904 3601 1997 3671 qui

423 3704 615 3759 urbem
644 3709 881 3758 vestram
913 3698 1364 3769 ingrediebantur
1391 3705 1485 3750 aut
1516 3695 1642 3750 inde
1668 3695 1911 3755 exibant,
1947 3693 1999 3746 id

422 3807 507 3850 est
555 3795 705 3849 urbis
745 3793 911 3847 cives.
950 3791 1197 3860 Augebat
1232 3797 1414 3843 autem
1457 3787 1861 3842 tribulationem
1904 3801 1998 3839 ve-

425 3895 616 3946 stram,
656 3883 801 3953 quod
857 3882 1006 3936 nulla
1046 3896 1178 3951 pace
1230 3879 1554 3943 utebamini,
1613 3879 1796 3931 multis
1843 3885 1996 3931 extra

424 3976 884 4045 consurgentibus
935 3975 1271 4034 hominibus.
1329 3973 1458 4026 dum
1506 3986 1606 4039 ego
1642 3987 1789 4024 mea
1841 3969 1996 4023 vobis

425 4078 749 4123 averterant.
772 4066 875 4120 Per
899 4067 1013 4119 haae
1045 4076 1223 4119 autem
1253 4064 1468 4119 videtur
1492 4065 1682 4119 eodem
1703 4079 1865 4118 sensu
1890 4079 1998 4132 quo

427 4161 616 4213 beatus
645 4156 875 4228 Aggteus
911 4157 1194 4226 propheta,
1220 4155 1508 4209 niariil‘este
1528 4154 1857 4223 exprobrare
1890 4155 1997 4208 illis

426 4248 732 4318 ignaviam;
789 4246 1123 4302 memorabat
1172 4246 1318 4300 enim
1365 4250 1593 4315 Aggzens
1623 4248 1852 4301 subnata
1889 4247 1997 4302 illis

2176 2610 2322 2683 Στίχ.
2362 2609 2414 2662 ι’.
2453 2640 2522 2649 -
2555 2605 2671 2662 Εἶτ’
2723 2611 2785 2662 ἐκ
2843 2610 3196 2682 παραθέσεως
3248 2609 3355 2662 τῶν
3402 2611 3688 2680 προτέρων

2103 2702 2315 2767 δεικνὺς
2336 2703 2433 2773 τὴν
2463 2702 2765 2773 μεταϐολήν
2781 2717 2795 2732 °
2830 2720 2848 2752 ‹
2873 2703 3018 2756 Διότι
3048 2703 3152 2773 πρὸ
3169 2702 3276 2756 τῶν
3295 2703 3521 2772 ἡμερῶν
3546 2702 3688 2754 ἐκεί-

2103 2811 2208 2846 νων
2234 2795 2262 2847 ό
2300 2793 2490 2863 μισθὸς
2515 2793 2623 2846 τῶν
2662 2793 2964 2864 ἀνθρώπιον
2997 2794 3096 2847 ούκ
3126 2789 3192 2865 ἦν
3222 2795 3301 2856 είς
3335 2792 3521 2862 ὄνησιν
3542 2836 3558 2858 ,
3594 2792 3689 2846 καὶ

2102 2887 2130 2938 ό
2163 2884 2349 2955 μισθὸς
2381 2885 2489 2938 τῶν
2516 2885 2727 2954 κτηνῶν
2760 2885 2858 2955 οὑχ
2886 2885 3127 2956 ὑπῆρχε,
3160 2885 3355 2955 καὶτῷ
3389 2887 3688 2956 ἐκπορευοο

2107 2977 2251 3045 μένῳ
2279 2977 2371 3029 καὶ
2398 2975 2474 3046 τῷ
2513 2977 2951 3047 είσπορευομένῳ
2988 2978 3090 3029 οὐκ
3120 2972 3188 3047 ἦν
3216 2978 3405 3048 εἰρήνη
3451 2977 3562 3030 ἀπὸ
3587 2979 3687 3049 τῆς

2103 3065 2332 3134 θλίψεως
2356 3082 2368 3096 ·
2415 3067 2510 3118 καὶ
2557 3065 2904 3132 ἐξαποστελῶ
2942 3067 3149 3129 πάντας
3184 3067 3310 3130 τοὺς
3358 3067 3685 3137 ἀνθρώπους

2101 3155 2329 3208 ἕκαστον
2369 3157 2460 3209 ἐπὶ
2505 3155 2596 3209 τὸν
2645 3156 2870 3227 πλησίον
2900 3155 3086 3210 αὐτοῦ.
3117 3175 3134 3207 ι
3174 3157 3346 3210 Πάλαι
3405 3158 3505 3226 μὲν
3552 3159 3682 3228 γάρ,

2102 3246 2255 3315 φησὶ,
2291 3245 2384 3299 καὶ
2419 3245 2525 3317 πρὸ
2553 3246 2651 3316 τῆς
2674 3247 2961 3317 οἰκοδομῆς
2987 3246 3080 3300 τοῦ
3111 3246 3238 3301 ναοῦ
3271 3249 3326 3300 ἐν
3355 3248 3520 3318 πολλῇ
3549 3249 3687 3301 καθ-

2100 3339 2401 3410 ειστήκειτε
2453 3339 2796 3410 ταλαιπωρίᾳ
2826 3356 2840 3371 ·
2908 3341 3000 3392 καὶ¹
3053 3340 3174 3393 οὗτε
3215 3343 3282 3412 τῇ
3328 3342 3434 3394 τῶν
3469 3343 3686 3412 κτηνῶν

2101 3429 2208 3481 τῶν
2243 3430 2520 3500 ὑμετέρων
2553 3431 2784 3502 ἐργασίᾳ
2816 3431 3198 3501 προσκείμενοι
3228 3433 3293 3484 ἐκ
3326 3432 3432 3484 τῶν
3469 3433 3684 3485 πολλῶν

2099 3539 2152 3573 τι
2199 3522 2375 3575 πόνων
2431 3522 2771 3593 ἁπεφέρεσθε
2820 3524 3047 3594 κέρδος·
3102 3524 3334 3594 ἀνόνητα
3390 3523 3498 3594 γάρ
3551 3527 3681 3594 ὑμῖν

2102 3614 2318 3668 ἅπαντα
2348 3615 2520 3668 ἐποίει
2548 3616 2609 3668 τὸ
2645 3616 2913 3686 μηδεμιᾶς
2965 3618 3063 3686 μέν
3109 3619 3330 3688 εἰρήνης
3362 3617 3680 3682 ἀπολαύειν,

2101 3705 2158 3758 ἐν
2186 3704 2393 3773 θλίψεσι
2416 3706 2472 3759 δὲ
2497 3707 2726 3760 πάντοτε
2755 3707 3100 3774 ἐξετάζεσθαι
3135 3709 3404 3772 ποικίλαις
3433 3708 3684 3772 ἅπαντας

2104 3797 2224 3859 τοὺς
2247 3799 2339 3850 ἐπὶ
2376 3799 2474 3868 τῆς
2523 3799 2726 3862 πόλεως
2758 3800 3023 3863 εἰσιόντας
3070 3817 3128 3852 τε
3173 3803 3264 3853 καὶ
3305 3799 3540 3864 ἐξιόντας
3572 3802 3681 3855 τῶν

2100 3889 2157 3939 ἐν
2189 3890 2333 3958 ὑμῖν,
2362 3889 2448 3941 ἵνα
2479 3889 2606 3960 εἴπῃ
2634 3890 2757 3950 τοὺς
2790 3890 2882 3940 ἐπὶ
2908 3889 3008 3958 τῆς
3041 3890 3246 3952 πόλεως
3274 3890 3666 3960 ἀναστρεφομέ-

2100 3996 2242 4041 νους.
2286 3979 2494 4040 Πῦξανε
2521 3979 2578 4030 δὲ
2600 3978 2769 4032 ταῦτα
2798 3980 2926 4050 ὑμῖν
2954 3982 3050 4050 τήν
3071 3998 3132 4032 τε
3166 3981 3362 4049 θλίψιν,
3395 3983 3485 4034 καὶ
3509 3981 3573 4033 τὸ
3603 3983 3677 4053 μὴ

2100 4071 2157 4122 ἐν
2187 4072 2376 4141 εἰρήνῃ
2404 4071 2749 4136 καθεστάναι,
2784 4072 2844 4124 τὸ
2882 4071 3106 4135 πολλοὺς
3141 4074 3268 4143 ύμῖν
3295 4075 3678 4145 ἐπεγείρεσθαι

2098 4161 2207 4214 τῶν
2259 4161 2458 4226 ἔξωθεν
2509 4161 2852 4233 ἀνθρώπων,
2902 4164 2988 4217 διά
3041 4164 3136 4234 τὴν
3188 4165 3534 4236 ἀποστροφὴν
3576 4169 3677 4237 τὴν

2100 4253 2239 4323 ἐμήν
2257 4271 2270 4284 ο
2307 4253 2448 4306 ἔοικε
2475 4254 2530 4305 δέ
2558 4255 2730 4307 ταῦτα
2757 4255 2895 4308 κατά
2924 4257 3019 4326 τὴν
3062 4255 3270 4309 ἔννοιαν
3297 4261 3407 4320 τοῖς
3433 4258 3525 4310 τοῦ
3571 4276 3681 4328 μαι

425 4343 589 4404 mala,
623 4356 749 4394 cum
779 4341 843 4393 ad
868 4338 1282 4393 aediﬁcationem
1309 4339 1594 4407 torpebant
1621 4356 1635 4404 ;
1673 4338 1994 4393 ostendebat

2103 4344 2289 4413 καρίου
2328 4344 2583 4412 Ἀγγαίου
2611 4344 2705 4398 τοῦ
2734 4347 3012 4417 προφήτου
3058 4347 3242 4415 σαφῶς
3275 4348 3348 4418 (p.
3384 4349 3509 4414 487)
3537 4349 3647 4402 ὀνει

423 4434 584 4491 simul
605 4441 806 4503 quanta
833 4431 970 4485 facta
997 4429 1188 4484 fuisset
1216 4431 1267 4482 in
1296 4430 1487 4484 melius
1515 4431 1823 4492 conversio,
1848 4439 1993 4500 post-

421 4538 583 4591 quam
639 4530 916 4592 emperant
966 4519 1136 4574 divini
1194 4520 1380 4589 templi
1435 4520 1722 4575 aedilicium
1773 4537 1987 4591 urgere.

425 4615 566 4668 Idem
615 4615 717 4668 hoc
757 4614 877 4667 loco
923 4613 1116 4667 beatus
1146 4610 1438 4665 Zacharias
1470 4612 1622 4672 dicit,
1674 4628 1867 4682 nempe
1899 4628 1993 4666 vos

423 4708 623 4760 multas
679 4715 932 4774 expertos
976 4719 1100 4758 esse
1150 4704 1509 4770 calamitates,
1557 4706 1684 4757 dum
1735 4707 1992 4775 templmn

421 4797 790 4868 negligebatis:
813 4795 906 4850 sed
938 4802 1223 4865 postquam
1261 4803 1467 4847 mutata
1505 4797 1798 4858 sententia,
1839 4797 1993 4851 debi-

423 4898 530 4939 tam
565 4887 886 4955 suscepistis
915 4886 1101 4955 templi
1129 4900 1338 4948 curam,
1376 4884 1506 4953 quid
1541 4893 1654 4937 tum
1693 4887 1955 4955 contigit?

2097 4436 2257 4498 δίζων
2293 4437 2475 4500 αὐτοῖς
2507 4436 2604 4508 τὴν
2648 4437 2915 4509 ρᾳθυμίαν
2938 4455 2950 4468 ·
2989 4441 3362 4510 ἐμνημόνευσε
3419 4440 3518 4510 μὲν
3569 4442 3675 4493 τῶν

2099 4530 2496 4597 ἐπιγεγονότων
2536 4533 2718 4594 αὐτοῖς
2751 4533 2935 4585 κακῶν
2956 4573 2970 4596 ,
3002 4533 3236 4603 ὁπηνίκα
3261 4525 3674 4604 τῆςῗοίκοδομῆς

2100 4619 2584 4690 κατερῤᾳθύμουν·
2621 4621 2856 4690 ἐδήλωσε
2902 4622 2957 4674 δὲ
2985 4623 3157 4692 πόσην
3207 4624 3330 4694 ἔσχε
3373 4625 3674 4694 μεταϐολὴν

2101 4708 2192 4760 ἐπὶ
2217 4708 2277 4760 τὸ
2301 4711 2546 4778 κρεῖττον
2571 4709 2636 4762 τὰ
2671 4711 2811 4762 κατά
2855 4713 2978 4773 τοὺς
3009 4711 3293 4780 ἑλομένους
3338 4713 3435 4780 τῆς
3475 4714 3676 4766 οἰκοδο-

2103 4800 2208 4869 μῆς
2232 4799 2326 4852 τοῦ
2359 4801 2488 4854 ναοῦ
2523 4801 2826 4872 φροντίζειν
2859 4803 2952 4855 τοῦ
2996 4802 3139 4856 θείου
3163 4821 3175 4834 ·
3211 4803 3367 4857 τοῦτο
3403 4806 3511 4874 γὰρ
3543 4808 3648 4859 κάν

2097 4889 2268 4943 ταῦθα
2321 4894 2349 4944 ὁ
2386 4893 2651 4963 μακάριος
2681 4895 2954 4964 Ζαχαρίας
2999 4895 3179 4962 λέγει,
3211 4896 3290 4948 ὅτι
3332 4897 3418 4948 Ἑν
3454 4897 3671 4960 πολλαῖς

420 4972 540 5047 ἦτε,
564 4977 1124 5045 φησὶ,ταλαιπωρίαις
1147 4977 1470 5047 ἀμελοῦντες
1505 4977 1598 5030 τοῦ
1628 4979 1796 5031 οἴκου’
1824 4979 2010 5050 ἐπειδὴ
2048 4979 2103 5034 δέ
2135 4985 2527 5051 μεταϐαλόντες
2568 4987 2666 5056 τὴν
2705 4987 2949 5058 γνώμην,
2989 4988 3084 5058 τὴν
3116 4990 3496 5060 προσήκουσαν
3522 4991 3670 5062 ἔχετε

422 5067 552 5138 περὶ
577 5067 668 5118 τὸν
700 5064 847 5120 οἷκον
876 5068 1130 5138 σπουδὴν,
1153 5068 1204 5121 τί
1239 5069 1424 5137 γέγονε
1450 5086 1463 5133 ;

493 5162 659 5216 Vens.
689 5163 868 5216 11-15.
895 5193 965 5201 -
999 5183 1017 5214 ι
1039 5159 1104 5215 Et
1126 5179 1273 5217 nunc
1304 5181 1413 5218 non
1444 5165 1599 5233 juxta
1629 5166 1748 5221 dies
1779 5168 1991 5237 priores

423 5253 566 5308 facio
607 5253 854 5322 reliquiis
892 5253 1076 5322 populi
1115 5254 1297 5323 hujus,
1348 5254 1480 5308 dicit
1512 5257 1777 5312 Dominus
1817 5259 1995 5311 omni-

420 5353 637 5414 potens,
673 5343 766 5398 sed
802 5357 992 5412 pacem
1022 5345 1327 5397 ostendam.
1365 5343 1532 5400 Vinea
1567 5346 1719 5400 dabit
1750 5347 1990 5401 fructum

420 5452 609 5502 suum,
649 5443 704 5491 et
733 5442 880 5490 terra
909 5434 1057 5488 dabit
1087 5434 1327 5503 germina
1375 5451 1494 5500 sua,
1529 5445 1581 5490 et
1612 5437 1810 5491 coelum
1843 5437 1995 5492 dabit

419 5543 600 5583 rorem
629 5542 811 5590 suum,
843 5526 1146 5596 faciamque
1180 5535 1238 5581 ut
1260 5527 1504 5597 reliquiae
1527 5531 1707 5598 populi
1742 5530 1844 5584 mei
1878 5529 1992 5583 hac

431 5620 616 5675 omma
665 5619 997 5690 possideant.
1040 5617 1105 5672 Et
1137 5619 1262 5685 erit,
1301 5619 1443 5674 sicut
1479 5621 1642 5675 eratis
1683 5620 1994 5676 maledictio

2164 5165 2315 5235 Στίχ.
2354 5163 2528 5217 ια’-ιε’.
2560 5193 2628 5202 —-
2654 5183 2671 5214 ι
2701 5165 2812 5216 Καὶ
2841 5165 2933 5217 νῦν
2955 5167 3014 5218 ού
3047 5165 3189 5218 κατά
3217 5167 3314 5227 τὰς
3339 5168 3550 5238 ἡμέρας
3573 5169 3672 5232 τὰς

2092 5253 2397 5328 ἔμπροσθεν
2428 5253 2539 5323 ἐγὼ
2568 5255 2704 5308 ποιῶ
2730 5259 2844 5318 τοῖς
2888 5257 3232 5321 καταλοίποις
3266 5259 3356 5310 τοῦ
3387 5258 3514 5312 λαοῦ
3545 5258 3670 5310 τού-

2091 5365 2206 5411 του,
2238 5346 2385 5414 λέγει
2417 5346 2620 5418 Κύριος
2655 5348 3047 5418 παντοκράτωρ
3079 5364 3091 5377 ·
3123 5348 3235 5400 ἀλλ’
3265 5348 3296 5418 ἢ
3330 5349 3484 5413 δείξω
3514 5350 3666 5420 εἰρή-

2092 5455 2189 5508 νην
2209 5455 2222 5468 ο
2260 5440 2292 5508 ἡ
2325 5438 2567 5508 ἄμπελος
2596 5436 2754 5490 δώσει
2779 5439 2873 5492 τὸν
2910 5440 3120 5510 καρπὸν
3164 5439 3368 5510 αὐτῆς,
3401 5440 3495 5492 καὶ
3536 5441 3568 5509 ἠ
3597 5440 3668 5508 γῆ

2098 5527 2257 5583 δώσει
2301 5529 2370 5582 τὰ
2429 5530 2712 5600 γενήματα
2769 5531 2939 5600 αὐτῆς
2959 5575 2972 5596 ,
3004 5533 3098 5583 καὶ
3130 5531 3355 5602 οὐρανὸς
3385 5530 3544 5584 δώσει
3575 5533 3670 5598 τὴν

2098 5622 2285 5692 δρόσον
2321 5623 2521 5676 αὐτοῦ’
2563 5624 2654 5677 καὶ
2689 5625 3220 5697 κατακληρονομήσω
3269 5627 3378 5688 τοῖς
3423 5625 3672 5681 καταλοί-
