  <div class='ocr_page' id='page_1' title='image "/cluster/home/n/w/nwhite01/storage/ocr_20150623/66/nnc1.0021886636/312.png"; bbox 0 0 3856 6226; ppageno 0'>
   <div class='ocr_carea' id='block_1_1' title="bbox 179 227 290 283">
    <p class='ocr_par' dir='ltr' id='par_1_1' title="bbox 179 227 290 283">
     <span class='ocr_line' id='line_1_1' title="bbox 179 227 290 283; baseline 0.036 -4"><span class='ocrx_word' id='word_1_1' title='bbox 179 227 290 283; x_wconf 63' lang='grc' dir='ltr'>διο</span> 
     </span>
    </p>
   </div>
   <div class='ocr_carea' id='block_1_2' title="bbox 1081 223 2548 284">
    <p class='ocr_par' dir='ltr' id='par_1_2' title="bbox 1081 223 2548 284">
     <span class='ocr_line' id='line_1_2' title="bbox 1081 223 2548 284; baseline -0.005 -1"><span class='ocrx_word' id='word_1_2' title='bbox 1081 226 1633 284; x_wconf 76' lang='lat' dir='ltr'>COMMENTARIUS</span> <span class='ocrx_word' id='word_1_3' title='bbox 1680 227 1748 282; x_wconf 83' lang='lat' dir='ltr'>IN</span> <span class='ocrx_word' id='word_1_4' title='bbox 1789 225 2159 284; x_wconf 71' lang='lat' dir='ltr'><strong>ZAtIllARLE</strong></span> <span class='ocrx_word' id='word_1_5' title='bbox 2212 223 2368 278; x_wconf 78' lang='lat' dir='ltr'>CAP.</span> <span class='ocrx_word' id='word_1_6' title='bbox 2415 223 2548 279; x_wconf 83' lang='lat' dir='ltr'><strong>Vill.</strong></span> 
     </span>
    </p>
   </div>
   <div class='ocr_carea' id='block_1_3' title="bbox 3347 227 3451 282">
    <p class='ocr_par' dir='ltr' id='par_1_3' title="bbox 3347 227 3451 282">
     <span class='ocr_line' id='line_1_3' title="bbox 3347 227 3451 282; baseline -0.029 0"><span class='ocrx_word' id='word_1_7' title='bbox 3347 227 3451 282; x_wconf 78' lang='grc'>550</span> 
     </span>
    </p>
   </div>
   <div class='ocr_carea' id='block_1_4' title="bbox 178 335 1796 410">
    <p class='ocr_par' dir='ltr' id='par_1_4' title="bbox 178 337 1767 410">
     <span class='ocr_line' id='line_1_4' title="bbox 178 337 1767 410; baseline 0.002 -19"><span class='ocrx_word' id='word_1_8' title='bbox 178 358 308 404; x_wconf 79' lang='grc' dir='ltr'>ποις</span> <span class='ocrx_word' id='word_1_9' title='bbox 343 337 436 392; x_wconf 78' lang='grc' dir='ltr'>τοῦ</span> <span class='ocrx_word' id='word_1_10' title='bbox 463 338 594 392; x_wconf 89' lang='grc' dir='ltr'>λαοῦ</span> <span class='ocrx_word' id='word_1_11' title='bbox 621 357 723 410; x_wconf 90' lang='grc' dir='ltr'>μου</span> <span class='ocrx_word' id='word_1_12' title='bbox 753 341 928 394; x_wconf 86' lang='grc' dir='ltr'>πάντα</span> <span class='ocrx_word' id='word_1_13' title='bbox 955 339 1126 393; x_wconf 87' lang='grc' dir='ltr'>ταῦτα</span> <span class='ocrx_word' id='word_1_14' title='bbox 1147 358 1158 370; x_wconf 92' lang='grc'><strong>·</strong></span> <span class='ocrx_word' id='word_1_15' title='bbox 1186 342 1278 394; x_wconf 70' lang='grc' dir='ltr'>καὶ</span> <span class='ocrx_word' id='word_1_16' title='bbox 1303 341 1454 394; x_wconf 75' lang='grc' dir='ltr'>ἔσται</span> <span class='ocrx_word' id='word_1_17' title='bbox 1483 341 1540 393; x_wconf 83' lang='grc' dir='ltr'>ὃν</span> <span class='ocrx_word' id='word_1_18' title='bbox 1571 342 1767 400; x_wconf 85' lang='grc' dir='ltr'>τοόπον</span> 
     </span>
    </p>
   </div>
   <div class='ocr_carea' id='block_1_5' title="bbox 1888 335 3450 410">
    <p class='ocr_par' dir='ltr' id='par_1_5' title="bbox 1898 335 3450 409">
     <span class='ocr_line' id='line_1_5' title="bbox 1898 335 3450 409; baseline 0.001 -17"><span class='ocrx_word' id='word_1_19' title='bbox 1898 349 2014 394; x_wconf 90' lang='lat' dir='ltr'><strong>nter</strong></span> <span class='ocrx_word' id='word_1_20' title='bbox 2044 347 2254 409; x_wconf 86' lang='lat' dir='ltr'><strong>gentes,</strong></span> <span class='ocrx_word' id='word_1_21' title='bbox 2287 353 2318 390; x_wconf 94' lang='lat' dir='ltr'>o</span> <span class='ocrx_word' id='word_1_22' title='bbox 2355 341 2548 392; x_wconf 89' lang='lat' dir='ltr'><strong>domus</strong></span> <span class='ocrx_word' id='word_1_23' title='bbox 2570 335 2725 392; x_wconf 71' lang='lat' dir='ltr'><strong>Iudae</strong></span> <span class='ocrx_word' id='word_1_24' title='bbox 2757 346 2810 392; x_wconf 91' lang='lat' dir='ltr'>et</span> <span class='ocrx_word' id='word_1_25' title='bbox 2850 337 3047 398; x_wconf 84' lang='lat' dir='ltr'><strong>domus</strong></span> <span class='ocrx_word' id='word_1_26' title='bbox 3083 336 3327 402; x_wconf 85' lang='lat' dir='ltr'><strong>Israelis,</strong></span> <span class='ocrx_word' id='word_1_27' title='bbox 3376 341 3450 393; x_wconf 91' lang='lat' dir='ltr'>ita</span> 
     </span>
    </p>
   </div>
   <div class='ocr_carea' id='block_1_6' title="bbox 177 427 1768 502">
    <p class='ocr_par' dir='ltr' id='par_1_6' title="bbox 177 427 1768 502">
     <span class='ocr_line' id='line_1_6' title="bbox 177 427 1768 502; baseline 0.002 -20"><span class='ocrx_word' id='word_1_28' title='bbox 177 427 281 500; x_wconf 82' lang='grc' dir='ltr'>ἦτε</span> <span class='ocrx_word' id='word_1_29' title='bbox 327 432 538 502; x_wconf 87' lang='grc' dir='ltr'>κατάρα</span> <span class='ocrx_word' id='word_1_30' title='bbox 589 432 646 483; x_wconf 87' lang='grc' dir='ltr'>ἐν</span> <span class='ocrx_word' id='word_1_31' title='bbox 679 433 792 494; x_wconf 83' lang='grc' dir='ltr'>τοῖς</span> <span class='ocrx_word' id='word_1_32' title='bbox 829 430 1054 493; x_wconf 81' lang='grc' dir='ltr'>ἔθνεσιν,</span> <span class='ocrx_word' id='word_1_33' title='bbox 1088 431 1417 495; x_wconf 78' lang='grc' dir='ltr'>οἱκοςΊούδα</span> <span class='ocrx_word' id='word_1_34' title='bbox 1441 473 1455 495; x_wconf 87' lang='grc'>,</span> <span class='ocrx_word' id='word_1_35' title='bbox 1496 436 1589 487; x_wconf 73' lang='grc' dir='ltr'>καὶ</span> <span class='ocrx_word' id='word_1_36' title='bbox 1623 429 1768 496; x_wconf 77' lang='grc' dir='ltr'>οἶκος</span> 
     </span>
    </p>
   </div>
   <div class='ocr_carea' id='block_1_7' title="bbox 191 521 1767 594">
    <p class='ocr_par' dir='ltr' id='par_1_7' title="bbox 191 521 1767 594">
     <span class='ocr_line' id='line_1_7' title="bbox 191 521 1767 594; baseline 0.003 -20"><span class='ocrx_word' id='word_1_37' title='bbox 191 522 416 592; x_wconf 79' lang='grc' dir='ltr'>Ἰσραὴλ</span> <span class='ocrx_word' id='word_1_38' title='bbox 444 562 459 583; x_wconf 90' lang='grc'>,</span> <span class='ocrx_word' id='word_1_39' title='bbox 493 521 663 586; x_wconf 76' lang='grc' dir='ltr'>οὕτως</span> <span class='ocrx_word' id='word_1_40' title='bbox 691 523 942 576; x_wconf 83' lang='grc' dir='ltr'>διασώσω</span> <span class='ocrx_word' id='word_1_41' title='bbox 972 525 1140 594; x_wconf 69' lang='grc' dir='ltr'>ὑμᾶς,</span> <span class='ocrx_word' id='word_1_42' title='bbox 1173 527 1267 578; x_wconf 78' lang='grc' dir='ltr'>καὶ</span> <span class='ocrx_word' id='word_1_43' title='bbox 1302 525 1488 578; x_wconf 75' lang='grc' dir='ltr'>ἔσεσθε</span> <span class='ocrx_word' id='word_1_44' title='bbox 1529 529 1585 579; x_wconf 79' lang='grc' dir='ltr'>ἐν</span> <span class='ocrx_word' id='word_1_45' title='bbox 1615 527 1767 580; x_wconf 80' lang='grc' dir='ltr'>εὐλο-</span> 
     </span>
    </p>
   </div>
   <div class='ocr_carea' id='block_1_8' title="bbox 179 612 1768 689">
    <p class='ocr_par' dir='ltr' id='par_1_8' title="bbox 179 612 1768 689">
     <span class='ocr_line' id='line_1_8' title="bbox 179 612 1768 689; baseline 0.004 -25"><span class='ocrx_word' id='word_1_46' title='bbox 179 612 332 684; x_wconf 76' lang='grc' dir='ltr'>γία.)</span> <span class='ocrx_word' id='word_1_47' title='bbox 356 615 468 684; x_wconf 75' lang='grc' dir='ltr'>Οὐχ</span> <span class='ocrx_word' id='word_1_48' title='bbox 497 616 656 684; x_wconf 78' lang='grc' dir='ltr'>ὅμοια</span> <span class='ocrx_word' id='word_1_49' title='bbox 689 619 800 679; x_wconf 87' lang='grc' dir='ltr'>τοῖς</span> <span class='ocrx_word' id='word_1_50' title='bbox 829 617 1067 684; x_wconf 88' lang='grc' dir='ltr'>πρόσθεν</span> <span class='ocrx_word' id='word_1_51' title='bbox 1094 619 1161 670; x_wconf 73' lang='grc' dir='ltr'>τὰ</span> <span class='ocrx_word' id='word_1_52' title='bbox 1182 617 1276 669; x_wconf 91' lang='grc' dir='ltr'>νῦν</span> <span class='ocrx_word' id='word_1_53' title='bbox 1303 620 1431 689; x_wconf 77' lang='grc' dir='ltr'>περὶ</span> <span class='ocrx_word' id='word_1_54' title='bbox 1459 621 1582 682; x_wconf 69' lang='grc' dir='ltr'>τοὺς</span> <span class='ocrx_word' id='word_1_55' title='bbox 1606 620 1768 671; x_wconf 87' lang='grc' dir='ltr'>ἐπαν-</span> 
     </span>
    </p>
   </div>
   <div class='ocr_carea' id='block_1_9' title="bbox 183 705 1772 778">
    <p class='ocr_par' dir='ltr' id='par_1_9' title="bbox 183 705 1772 778">
     <span class='ocr_line' id='line_1_9' title="bbox 183 705 1772 778; baseline 0.004 -22"><span class='ocrx_word' id='word_1_56' title='bbox 183 705 516 775; x_wconf 85' lang='grc' dir='ltr'>εληλυθότας</span> <span class='ocrx_word' id='word_1_57' title='bbox 563 708 873 778; x_wconf 77' lang='grc' dir='ltr'>γενήσεται,</span> <span class='ocrx_word' id='word_1_58' title='bbox 914 707 1007 772; x_wconf 82' lang='grc' dir='ltr'>οὒς</span> <span class='ocrx_word' id='word_1_59' title='bbox 1035 708 1099 760; x_wconf 84' lang='grc' dir='ltr'>ἐκ</span> <span class='ocrx_word' id='word_1_60' title='bbox 1137 708 1347 761; x_wconf 80' lang='grc' dir='ltr'>πολλῶν</span> <span class='ocrx_word' id='word_1_61' title='bbox 1371 709 1477 762; x_wconf 82' lang='grc' dir='ltr'>τῶν</span> <span class='ocrx_word' id='word_1_62' title='bbox 1502 711 1772 770; x_wconf 81' lang='grc' dir='ltr'>ἀπολομέ-</span> 
     </span>
    </p>
   </div>
   <div class='ocr_carea' id='block_1_10' title="bbox 183 796 1771 871">
    <p class='ocr_par' dir='ltr' id='par_1_10' title="bbox 183 796 1771 871">
     <span class='ocr_line' id='line_1_10' title="bbox 183 796 1771 871; baseline 0.006 -24"><span class='ocrx_word' id='word_1_63' title='bbox 183 813 294 848; x_wconf 87' lang='grc' dir='ltr'>νων</span> <span class='ocrx_word' id='word_1_64' title='bbox 329 796 542 864; x_wconf 89' lang='grc' dir='ltr'>ὀλίγους</span> <span class='ocrx_word' id='word_1_65' title='bbox 584 799 1030 868; x_wconf 67' lang='grc' dir='ltr'>περιλειφθέντας</span> <span class='ocrx_word' id='word_1_66' title='bbox 1061 800 1284 871; x_wconf 76' lang='grc' dir='ltr'>αύξήσω</span> <span class='ocrx_word' id='word_1_67' title='bbox 1331 802 1491 854; x_wconf 84' lang='grc' dir='ltr'>πάλιν</span> <span class='ocrx_word' id='word_1_68' title='bbox 1541 802 1649 869; x_wconf 79' lang='grc' dir='ltr'>ἐγὼ</span> <span class='ocrx_word' id='word_1_69' title='bbox 1678 807 1771 856; x_wconf 75' lang='grc' dir='ltr'>καὶ</span> 
     </span>
    </p>
   </div>
   <div class='ocr_carea' id='block_1_11' title="bbox 185 888 1769 965">
    <p class='ocr_par' dir='ltr' id='par_1_11' title="bbox 185 888 1769 965">
     <span class='ocr_line' id='line_1_11' title="bbox 185 888 1769 965; baseline 0.006 -27"><span class='ocrx_word' id='word_1_70' title='bbox 185 888 326 957; x_wconf 70' lang='grc' dir='ltr'>πρὶς</span> <span class='ocrx_word' id='word_1_71' title='bbox 355 888 556 957; x_wconf 77' lang='grc' dir='ltr'>πλῆθος</span> <span class='ocrx_word' id='word_1_72' title='bbox 599 890 710 953; x_wconf 79' lang='grc' dir='ltr'>ἄξω</span> <span class='ocrx_word' id='word_1_73' title='bbox 741 932 754 954; x_wconf 91' lang='grc'>,</span> <span class='ocrx_word' id='word_1_74' title='bbox 788 891 1008 962; x_wconf 77' lang='grc' dir='ltr'>εἰρήνης</span> <span class='ocrx_word' id='word_1_75' title='bbox 1035 909 1094 944; x_wconf 82' lang='grc' dir='ltr'>τε</span> <span class='ocrx_word' id='word_1_76' title='bbox 1122 892 1318 956; x_wconf 80' lang='grc' dir='ltr'>αὐτοὺς</span> <span class='ocrx_word' id='word_1_77' title='bbox 1344 894 1572 965; x_wconf 78' lang='grc' dir='ltr'>πλήρεις</span> <span class='ocrx_word' id='word_1_78' title='bbox 1608 897 1769 965; x_wconf 80' lang='grc' dir='ltr'>ἐργα-</span> 
     </span>
    </p>
   </div>
   <div class='ocr_carea' id='block_1_12' title="bbox 187 980 1770 1054">
    <p class='ocr_par' dir='ltr' id='par_1_12' title="bbox 187 980 1770 1054">
     <span class='ocr_line' id='line_1_12' title="bbox 187 980 1770 1054; baseline 0.006 -24"><span class='ocrx_word' id='word_1_79' title='bbox 187 980 424 1050; x_wconf 86' lang='grc' dir='ltr'>σάμενος</span> <span class='ocrx_word' id='word_1_80' title='bbox 445 1021 458 1042; x_wconf 95' lang='grc'>,</span> <span class='ocrx_word' id='word_1_81' title='bbox 489 981 583 1033; x_wconf 73' lang='grc' dir='ltr'>καὶ</span> <span class='ocrx_word' id='word_1_82' title='bbox 617 981 714 1051; x_wconf 80' lang='grc' dir='ltr'>τὴν</span> <span class='ocrx_word' id='word_1_83' title='bbox 743 981 849 1034; x_wconf 79' lang='grc' dir='ltr'>ἀπὸ</span> <span class='ocrx_word' id='word_1_84' title='bbox 881 981 990 1034; x_wconf 80' lang='grc' dir='ltr'>τῶν</span> <span class='ocrx_word' id='word_1_85' title='bbox 1019 983 1247 1054; x_wconf 83' lang='grc' dir='ltr'>καρπῶν</span> <span class='ocrx_word' id='word_1_86' title='bbox 1288 985 1540 1053; x_wconf 73' lang='grc' dir='ltr'>εὐθηνίαν</span> <span class='ocrx_word' id='word_1_87' title='bbox 1589 988 1770 1050; x_wconf 73' lang='grc' dir='ltr'>αὐτοῖς</span> 
     </span>
    </p>
   </div>
   <div class='ocr_carea' id='block_1_13' title="bbox 185 1071 1773 1147">
    <p class='ocr_par' dir='ltr' id='par_1_13' title="bbox 185 1071 1773 1147">
     <span class='ocr_line' id='line_1_13' title="bbox 185 1071 1773 1147; baseline 0.006 -26"><span class='ocrx_word' id='word_1_88' title='bbox 185 1071 476 1141; x_wconf 83' lang='grc' dir='ltr'>παρέχων.</span> <span class='ocrx_word' id='word_1_89' title='bbox 518 1072 610 1124; x_wconf 69' lang='grc' dir='ltr'>καὶ</span> <span class='ocrx_word' id='word_1_90' title='bbox 640 1072 853 1125; x_wconf 83' lang='grc' dir='ltr'>πάντων</span> <span class='ocrx_word' id='word_1_91' title='bbox 885 1074 946 1144; x_wconf 82' lang='grc' dir='ltr'>δὴ</span> <span class='ocrx_word' id='word_1_92' title='bbox 984 1077 1262 1144; x_wconf 75' lang='grc' dir='ltr'>συντόμως</span> <span class='ocrx_word' id='word_1_93' title='bbox 1288 1078 1460 1130; x_wconf 79' lang='grc' dir='ltr'>εἰπεῖν</span> <span class='ocrx_word' id='word_1_94' title='bbox 1498 1077 1605 1130; x_wconf 82' lang='grc' dir='ltr'>τῶν</span> <span class='ocrx_word' id='word_1_95' title='bbox 1636 1079 1773 1147; x_wconf 82' lang='grc' dir='ltr'>άγα⁴</span> 
     </span>
    </p>
   </div>
   <div class='ocr_carea' id='block_1_14' title="bbox 187 1160 1772 1236">
    <p class='ocr_par' dir='ltr' id='par_1_14' title="bbox 187 1160 1772 1236">
     <span class='ocr_line' id='line_1_14' title="bbox 187 1160 1772 1236; baseline 0.004 -24"><span class='ocrx_word' id='word_1_96' title='bbox 187 1160 300 1213; x_wconf 87' lang='grc' dir='ltr'>θῶν</span> <span class='ocrx_word' id='word_1_97' title='bbox 335 1161 670 1232; x_wconf 76' lang='grc' dir='ltr'>δωρούμενος</span> <span class='ocrx_word' id='word_1_98' title='bbox 698 1163 880 1225; x_wconf 77' lang='grc' dir='ltr'>αὐτοῖς</span> <span class='ocrx_word' id='word_1_99' title='bbox 907 1164 1004 1234; x_wconf 81' lang='grc' dir='ltr'>τὴν</span> <span class='ocrx_word' id='word_1_100' title='bbox 1033 1166 1328 1218; x_wconf 77' lang='grc' dir='ltr'>ἀπόλαυσιν</span> <span class='ocrx_word' id='word_1_101' title='bbox 1351 1183 1362 1192; x_wconf 82' lang='lat'><strong><em>°</em></strong></span> <span class='ocrx_word' id='word_1_102' title='bbox 1394 1166 1458 1219; x_wconf 78' lang='grc' dir='ltr'>ἵν’</span> <span class='ocrx_word' id='word_1_103' title='bbox 1496 1167 1683 1236; x_wconf 81' lang='grc' dir='ltr'>ὥσπερ</span> <span class='ocrx_word' id='word_1_104' title='bbox 1711 1167 1772 1218; x_wconf 79' lang='grc' dir='ltr'>τὸ</span> 
     </span>
    </p>
   </div>
   <div class='ocr_carea' id='block_1_15' title="bbox 189 1252 1769 1329">
    <p class='ocr_par' dir='ltr' id='par_1_15' title="bbox 189 1252 1769 1329">
     <span class='ocr_line' id='line_1_15' title="bbox 189 1252 1769 1329; baseline 0.004 -25"><span class='ocrx_word' id='word_1_105' title='bbox 189 1252 423 1305; x_wconf 85' lang='grc' dir='ltr'>παλαιὸν</span> <span class='ocrx_word' id='word_1_106' title='bbox 461 1254 731 1323; x_wconf 79' lang='grc' dir='ltr'>τιμωρίας</span> <span class='ocrx_word' id='word_1_107' title='bbox 758 1255 1042 1323; x_wconf 71' lang='grc' dir='ltr'>ἐφαίνεσθε</span> <span class='ocrx_word' id='word_1_108' title='bbox 1075 1259 1239 1309; x_wconf 77' lang='grc' dir='ltr'>πᾶσιν</span> <span class='ocrx_word' id='word_1_109' title='bbox 1268 1259 1406 1325; x_wconf 79' lang='grc' dir='ltr'>ἄξιοι</span> <span class='ocrx_word' id='word_1_110' title='bbox 1435 1258 1524 1310; x_wconf 80' lang='grc' dir='ltr'>διά</span> <span class='ocrx_word' id='word_1_111' title='bbox 1549 1259 1645 1328; x_wconf 79' lang='grc' dir='ltr'>τὴν</span> <span class='ocrx_word' id='word_1_112' title='bbox 1674 1259 1769 1329; x_wconf 84' lang='grc' dir='ltr'>ὀρ-</span> 
     </span>
    </p>
   </div>
   <div class='ocr_carea' id='block_1_16' title="bbox 186 1344 1772 1420">
    <p class='ocr_par' dir='ltr' id='par_1_16' title="bbox 186 1344 1772 1420">
     <span class='ocr_line' id='line_1_16' title="bbox 186 1344 1772 1420; baseline 0.005 -25"><span class='ocrx_word' id='word_1_113' title='bbox 186 1344 292 1414; x_wconf 79' lang='grc' dir='ltr'>γὴν</span> <span class='ocrx_word' id='word_1_114' title='bbox 320 1344 414 1415; x_wconf 85' lang='grc' dir='ltr'>τὴν</span> <span class='ocrx_word' id='word_1_115' title='bbox 443 1346 580 1417; x_wconf 76' lang='grc' dir='ltr'>ἐμὴν</span> <span class='ocrx_word' id='word_1_116' title='bbox 611 1387 622 1406; x_wconf 91' lang='grc'>,</span> <span class='ocrx_word' id='word_1_117' title='bbox 661 1349 735 1417; x_wconf 89' lang='lat' dir='ltr'>(p.</span> <span class='ocrx_word' id='word_1_118' title='bbox 772 1349 896 1415; x_wconf 68' lang='grc'>488)</span> <span class='ocrx_word' id='word_1_119' title='bbox 928 1347 1099 1412; x_wconf 68' lang='grc' dir='ltr'>οὕτως</span> <span class='ocrx_word' id='word_1_120' title='bbox 1141 1351 1204 1401; x_wconf 82' lang='grc' dir='ltr'>ἐκ</span> <span class='ocrx_word' id='word_1_121' title='bbox 1237 1350 1335 1417; x_wconf 73' lang='grc' dir='ltr'>τῆς</span> <span class='ocrx_word' id='word_1_122' title='bbox 1367 1350 1506 1420; x_wconf 78' lang='grc' dir='ltr'>ἐμῆς</span> <span class='ocrx_word' id='word_1_123' title='bbox 1538 1351 1772 1420; x_wconf 77' lang='grc' dir='ltr'>κηδεμο-</span> 
     </span>
    </p>
   </div>
   <div class='ocr_carea' id='block_1_17' title="bbox 188 1437 1768 1514">
    <p class='ocr_par' dir='ltr' id='par_1_17' title="bbox 188 1437 1768 1514">
     <span class='ocr_line' id='line_1_17' title="bbox 188 1437 1768 1514; baseline 0.004 -25"><span class='ocrx_word' id='word_1_124' title='bbox 188 1437 310 1500; x_wconf 84' lang='grc' dir='ltr'>νίας</span> <span class='ocrx_word' id='word_1_125' title='bbox 347 1439 673 1508; x_wconf 75' lang='grc' dir='ltr'>μακαριστοὶ</span> <span class='ocrx_word' id='word_1_126' title='bbox 713 1440 986 1507; x_wconf 75' lang='grc' dir='ltr'>φαίνοισθε</span> <span class='ocrx_word' id='word_1_127' title='bbox 1031 1443 1180 1512; x_wconf 70' lang='grc' dir='ltr'>παρὰ</span> <span class='ocrx_word' id='word_1_128' title='bbox 1215 1445 1376 1496; x_wconf 81' lang='grc' dir='ltr'>πᾶσιν</span> <span class='ocrx_word' id='word_1_129' title='bbox 1416 1442 1722 1514; x_wconf 83' lang='grc' dir='ltr'>ἀνθρώποις</span> <span class='ocrx_word' id='word_1_130' title='bbox 1753 1459 1768 1472; x_wconf 89' lang='grc'><strong>·</strong></span> 
     </span>
    </p>
   </div>
   <div class='ocr_carea' id='block_1_18' title="bbox 186 1529 1770 1604">
    <p class='ocr_par' dir='ltr' id='par_1_18' title="bbox 186 1529 1770 1604">
     <span class='ocr_line' id='line_1_18' title="bbox 186 1529 1770 1604; baseline 0.001 -23"><span class='ocrx_word' id='word_1_131' title='bbox 186 1530 284 1581; x_wconf 86' lang='grc' dir='ltr'>καὶ</span> <span class='ocrx_word' id='word_1_132' title='bbox 316 1529 476 1581; x_wconf 80' lang='grc' dir='ltr'>πλέον</span> <span class='ocrx_word' id='word_1_133' title='bbox 507 1529 941 1602; x_wconf 69' lang='grc' dir='ltr'>παραθαρρύνων</span> <span class='ocrx_word' id='word_1_134' title='bbox 957 1532 1201 1596; x_wconf 75' lang='grc' dir='ltr'>αὑτοὺ;,«</span> <span class='ocrx_word' id='word_1_135' title='bbox 1224 1532 1488 1604; x_wconf 79' lang='grc' dir='ltr'>Θαρρεῖτε</span> <span class='ocrx_word' id='word_1_136' title='bbox 1514 1531 1606 1584; x_wconf 74' lang='grc' dir='ltr'>καὶ</span> <span class='ocrx_word' id='word_1_137' title='bbox 1639 1548 1770 1583; x_wconf 84' lang='grc' dir='ltr'>κατ-</span> 
     </span>
    </p>
   </div>
   <div class='ocr_carea' id='block_1_19' title="bbox 191 1618 1771 1691">
    <p class='ocr_par' dir='ltr' id='par_1_19' title="bbox 191 1618 1771 1691">
     <span class='ocr_line' id='line_1_19' title="bbox 191 1618 1771 1691; baseline 0.002 -20"><span class='ocrx_word' id='word_1_138' title='bbox 191 1618 406 1690; x_wconf 81' lang='grc' dir='ltr'>ισχύετε</span> <span class='ocrx_word' id='word_1_139' title='bbox 439 1621 494 1672; x_wconf 83' lang='grc' dir='ltr'>ἐν</span> <span class='ocrx_word' id='word_1_140' title='bbox 532 1623 652 1684; x_wconf 88' lang='grc' dir='ltr'>ταῖς</span> <span class='ocrx_word' id='word_1_141' title='bbox 687 1622 872 1691; x_wconf 67' lang='grc' dir='ltr'>χερσὶν</span> <span class='ocrx_word' id='word_1_142' title='bbox 910 1620 1080 1690; x_wconf 83' lang='grc' dir='ltr'>ὑμῶν.</span> <span class='ocrx_word' id='word_1_143' title='bbox 1117 1621 1259 1673; x_wconf 78' lang='grc' dir='ltr'>Διότι</span> <span class='ocrx_word' id='word_1_144' title='bbox 1292 1623 1417 1674; x_wconf 80' lang='grc' dir='ltr'>τάδε</span> <span class='ocrx_word' id='word_1_145' title='bbox 1458 1621 1602 1689; x_wconf 80' lang='grc' dir='ltr'>λέγει</span> <span class='ocrx_word' id='word_1_146' title='bbox 1660 1622 1771 1676; x_wconf 80' lang='grc' dir='ltr'>Κύ-</span> 
     </span>
    </p>
   </div>
   <div class='ocr_carea' id='block_1_20' title="bbox 195 1712 1776 1784">
    <p class='ocr_par' dir='ltr' id='par_1_20' title="bbox 195 1712 1776 1784">
     <span class='ocr_line' id='line_1_20' title="bbox 195 1712 1776 1784; baseline 0.001 -20"><span class='ocrx_word' id='word_1_147' title='bbox 195 1729 311 1782; x_wconf 88' lang='grc' dir='ltr'>ριος</span> <span class='ocrx_word' id='word_1_148' title='bbox 336 1713 732 1783; x_wconf 79' lang='grc' dir='ltr'>παντοκράτωρ</span> <span class='ocrx_word' id='word_1_149' title='bbox 757 1753 770 1777; x_wconf 91' lang='grc'>,</span> <span class='ocrx_word' id='word_1_150' title='bbox 832 1715 928 1766; x_wconf 89' lang='grc' dir='ltr'>Ὃν</span> <span class='ocrx_word' id='word_1_151' title='bbox 957 1713 1154 1783; x_wconf 85' lang='grc' dir='ltr'>τρόπον</span> <span class='ocrx_word' id='word_1_152' title='bbox 1177 1713 1454 1784; x_wconf 79' lang='grc' dir='ltr'>διενοήθην</span> <span class='ocrx_word' id='word_1_153' title='bbox 1483 1713 1573 1766; x_wconf 91' lang='grc' dir='ltr'>τοῦ</span> <span class='ocrx_word' id='word_1_154' title='bbox 1603 1712 1776 1766; x_wconf 80' lang='grc' dir='ltr'>κακῶ·</span> 
     </span>
    </p>
   </div>
   <div class='ocr_carea' id='block_1_21' title="bbox 192 1802 1777 1874">
    <p class='ocr_par' dir='ltr' id='par_1_21' title="bbox 192 1802 1777 1874">
     <span class='ocr_line' id='line_1_21' title="bbox 192 1802 1777 1874; baseline 0 -20"><span class='ocrx_word' id='word_1_155' title='bbox 192 1819 284 1855; x_wconf 89' lang='grc' dir='ltr'>σαι</span> <span class='ocrx_word' id='word_1_156' title='bbox 319 1804 461 1873; x_wconf 77' lang='grc' dir='ltr'>ὑμᾶς</span> <span class='ocrx_word' id='word_1_157' title='bbox 491 1805 548 1855; x_wconf 78' lang='grc' dir='ltr'>ἐν</span> <span class='ocrx_word' id='word_1_158' title='bbox 582 1803 659 1874; x_wconf 81' lang='grc' dir='ltr'>τῷ</span> <span class='ocrx_word' id='word_1_159' title='bbox 689 1802 1025 1874; x_wconf 86' lang='grc' dir='ltr'>παροργίσαι</span> <span class='ocrx_word' id='word_1_160' title='bbox 1074 1822 1139 1872; x_wconf 89' lang='grc' dir='ltr'>με</span> <span class='ocrx_word' id='word_1_161' title='bbox 1169 1805 1291 1868; x_wconf 76' lang='grc' dir='ltr'>τοὺς</span> <span class='ocrx_word' id='word_1_162' title='bbox 1327 1805 1569 1874; x_wconf 78' lang='grc' dir='ltr'>πατέρας</span> <span class='ocrx_word' id='word_1_163' title='bbox 1604 1805 1777 1874; x_wconf 79' lang='grc' dir='ltr'>ὑμῶν,</span> 
     </span>
    </p>
   </div>
   <div class='ocr_carea' id='block_1_22' title="bbox 189 1891 1782 1966">
    <p class='ocr_par' dir='ltr' id='par_1_22' title="bbox 189 1891 1782 1966">
     <span class='ocr_line' id='line_1_22' title="bbox 189 1891 1782 1966; baseline 0.003 -22"><span class='ocrx_word' id='word_1_164' title='bbox 189 1891 344 1961; x_wconf 80' lang='grc' dir='ltr'>λέγει</span> <span class='ocrx_word' id='word_1_165' title='bbox 371 1894 572 1964; x_wconf 83' lang='grc' dir='ltr'>Κύριος</span> <span class='ocrx_word' id='word_1_166' title='bbox 618 1896 1009 1965; x_wconf 81' lang='grc' dir='ltr'>παντοκράτωρ</span> <span class='ocrx_word' id='word_1_167' title='bbox 1036 1935 1050 1956; x_wconf 85' lang='grc'>,</span> <span class='ocrx_word' id='word_1_168' title='bbox 1098 1896 1189 1948; x_wconf 76' lang='grc' dir='ltr'>καὶ</span> <span class='ocrx_word' id='word_1_169' title='bbox 1219 1897 1278 1949; x_wconf 80' lang='grc' dir='ltr'>ού</span> <span class='ocrx_word' id='word_1_170' title='bbox 1319 1897 1622 1966; x_wconf 82' lang='grc' dir='ltr'>μετενόησα</span> <span class='ocrx_word' id='word_1_171' title='bbox 1644 1936 1657 1955; x_wconf 87' lang='grc'>.</span> <span class='ocrx_word' id='word_1_172' title='bbox 1692 1895 1782 1948; x_wconf 82' lang='grc' dir='ltr'>οῦ-</span> 
     </span>
    </p>
   </div>
   <div class='ocr_carea' id='block_1_23' title="bbox 189 1987 1783 2060">
    <p class='ocr_par' dir='ltr' id='par_1_23' title="bbox 189 1987 1783 2060">
     <span class='ocr_line' id='line_1_23' title="bbox 189 1987 1783 2060; baseline 0.002 -23"><span class='ocrx_word' id='word_1_173' title='bbox 189 2003 305 2048; x_wconf 89' lang='grc' dir='ltr'>τως</span> <span class='ocrx_word' id='word_1_174' title='bbox 337 1987 757 2057; x_wconf 86' lang='grc' dir='ltr'>παρατέταγμαι</span> <span class='ocrx_word' id='word_1_175' title='bbox 793 1988 884 2040; x_wconf 71' lang='grc' dir='ltr'>καὶ</span> <span class='ocrx_word' id='word_1_176' title='bbox 917 1987 1268 2058; x_wconf 79' lang='grc' dir='ltr'>διανενόημαι</span> <span class='ocrx_word' id='word_1_177' title='bbox 1314 1990 1371 2040; x_wconf 85' lang='grc' dir='ltr'>ἐν</span> <span class='ocrx_word' id='word_1_178' title='bbox 1399 1991 1517 2053; x_wconf 89' lang='grc' dir='ltr'>ταῖς</span> <span class='ocrx_word' id='word_1_179' title='bbox 1545 1989 1783 2060; x_wconf 79' lang='grc' dir='ltr'>ἡμέραις</span> 
     </span>
    </p>
   </div>
   <div class='ocr_carea' id='block_1_24' title="bbox 189 2077 1783 2153">
    <p class='ocr_par' dir='ltr' id='par_1_24' title="bbox 189 2077 1783 2153">
     <span class='ocr_line' id='line_1_24' title="bbox 189 2077 1783 2153; baseline 0.003 -24"><span class='ocrx_word' id='word_1_180' title='bbox 189 2077 423 2140; x_wconf 75' lang='grc' dir='ltr'>ταύταις</span> <span class='ocrx_word' id='word_1_181' title='bbox 461 2077 556 2130; x_wconf 85' lang='grc' dir='ltr'>τοῦ</span> <span class='ocrx_word' id='word_1_182' title='bbox 616 2078 796 2142; x_wconf 84' lang='grc' dir='ltr'>καλῶς</span> <span class='ocrx_word' id='word_1_183' title='bbox 829 2082 1048 2150; x_wconf 76' lang='grc' dir='ltr'>ποιῆσαι</span> <span class='ocrx_word' id='word_1_184' title='bbox 1077 2085 1142 2153; x_wconf 83' lang='grc' dir='ltr'>τῇ</span> <span class='ocrx_word' id='word_1_185' title='bbox 1189 2081 1544 2153; x_wconf 83' lang='grc' dir='ltr'>Ἰερουσαλὴμ</span> <span class='ocrx_word' id='word_1_186' title='bbox 1581 2083 1674 2135; x_wconf 70' lang='grc' dir='ltr'>καὶ</span> <span class='ocrx_word' id='word_1_187' title='bbox 1707 2080 1783 2151; x_wconf 85' lang='grc' dir='ltr'>τῷ</span> 
     </span>
    </p>
   </div>
   <div class='ocr_carea' id='block_1_25' title="bbox 190 2170 1778 2245">
    <p class='ocr_par' dir='ltr' id='par_1_25' title="bbox 190 2170 1778 2245">
     <span class='ocr_line' id='line_1_25' title="bbox 190 2170 1778 2245; baseline 0.003 -23"><span class='ocrx_word' id='word_1_188' title='bbox 190 2170 331 2239; x_wconf 78' lang='grc' dir='ltr'>οἴκῳ</span> <span class='ocrx_word' id='word_1_189' title='bbox 374 2171 561 2224; x_wconf 86' lang='grc' dir='ltr'>Ἰούδα.</span> <span class='ocrx_word' id='word_1_190' title='bbox 594 2190 611 2222; x_wconf 80' lang='grc' dir='ltr'>ι</span> <span class='ocrx_word' id='word_1_191' title='bbox 671 2172 1020 2243; x_wconf 79' lang='grc' dir='ltr'>Ἀποθέμενοι</span> <span class='ocrx_word' id='word_1_192' title='bbox 1053 2174 1116 2245; x_wconf 76' lang='grc' dir='ltr'>δὴ</span> <span class='ocrx_word' id='word_1_193' title='bbox 1151 2176 1328 2228; x_wconf 82' lang='grc' dir='ltr'>πάντα</span> <span class='ocrx_word' id='word_1_194' title='bbox 1366 2174 1529 2242; x_wconf 71' lang='grc' dir='ltr'>φόϐον</span> <span class='ocrx_word' id='word_1_195' title='bbox 1557 2175 1649 2226; x_wconf 79' lang='grc' dir='ltr'>καὶ</span> <span class='ocrx_word' id='word_1_196' title='bbox 1681 2175 1778 2227; x_wconf 67' lang='grc' dir='ltr'>πᾶα</span> 
     </span>
    </p>
   </div>
   <div class='ocr_carea' id='block_1_26' title="bbox 193 2262 1779 2336">
    <p class='ocr_par' dir='ltr' id='par_1_26' title="bbox 193 2262 1779 2336">
     <span class='ocr_line' id='line_1_26' title="bbox 193 2262 1779 2336; baseline 0.004 -24"><span class='ocrx_word' id='word_1_197' title='bbox 193 2277 297 2313; x_wconf 85' lang='grc' dir='ltr'>σαν</span> <span class='ocrx_word' id='word_1_198' title='bbox 331 2262 660 2330; x_wconf 82' lang='grc' dir='ltr'>ἀπόγνωσιν,</span> <span class='ocrx_word' id='word_1_199' title='bbox 700 2266 759 2317; x_wconf 81' lang='grc' dir='ltr'>ἐν</span> <span class='ocrx_word' id='word_1_200' title='bbox 784 2266 1068 2336; x_wconf 76' lang='grc' dir='ltr'>εὐθυμίαις</span> <span class='ocrx_word' id='word_1_201' title='bbox 1093 2265 1282 2318; x_wconf 83' lang='grc' dir='ltr'>ἔσεσθε</span> <span class='ocrx_word' id='word_1_202' title='bbox 1315 2267 1408 2319; x_wconf 72' lang='grc' dir='ltr'>καὶ</span> <span class='ocrx_word' id='word_1_203' title='bbox 1433 2266 1618 2336; x_wconf 83' lang='grc' dir='ltr'>θάρσει</span> <span class='ocrx_word' id='word_1_204' title='bbox 1650 2265 1779 2318; x_wconf 86' lang='grc' dir='ltr'>πολ-</span> 
     </span>
    </p>
   </div>
   <div class='ocr_carea' id='block_1_27' title="bbox 191 2351 1780 2428">
    <p class='ocr_par' dir='ltr' id='par_1_27' title="bbox 191 2351 1780 2428">
     <span class='ocr_line' id='line_1_27' title="bbox 191 2351 1780 2428; baseline -0.007 -5"><span class='ocrx_word' id='word_1_205' title='bbox 191 2351 272 2422; x_wconf 67' lang='grc' dir='ltr'>)ιῷ</span> <span class='ocrx_word' id='word_1_206' title='bbox 293 2370 306 2383; x_wconf 83' lang='grc'><strong><em>⁸</em></strong></span> <span class='ocrx_word' id='word_1_207' title='bbox 337 2354 428 2408; x_wconf 75' lang='grc' dir='ltr'>καὶ</span> <span class='ocrx_word' id='word_1_208' title='bbox 459 2355 594 2424; x_wconf 81' lang='grc' dir='ltr'>μετά</span> <span class='ocrx_word' id='word_1_209' title='bbox 630 2357 832 2426; x_wconf 79' lang='grc' dir='ltr'>πολλῆς</span> <span class='ocrx_word' id='word_1_210' title='bbox 870 2357 970 2426; x_wconf 77' lang='grc' dir='ltr'>τῆς</span> <span class='ocrx_word' id='word_1_211' title='bbox 1021 2359 1254 2428; x_wconf 82' lang='grc' dir='ltr'>σπουδῆς</span> <span class='ocrx_word' id='word_1_212' title='bbox 1283 2358 1471 2428; x_wconf 80' lang='grc' dir='ltr'>ἔχεσθε</span> <span class='ocrx_word' id='word_1_213' title='bbox 1506 2359 1602 2428; x_wconf 74' lang='grc' dir='ltr'>τῆς</span> <span class='ocrx_word' id='word_1_214' title='bbox 1636 2361 1780 2412; x_wconf 81' lang='grc' dir='ltr'>οἱκο-</span> 
     </span>
    </p>
   </div>
   <div class='ocr_carea' id='block_1_28' title="bbox 191 2444 1782 2520">
    <p class='ocr_par' dir='ltr' id='par_1_28' title="bbox 191 2444 1782 2520">
     <span class='ocr_line' id='line_1_28' title="bbox 191 2444 1782 2520; baseline 0.003 -23"><span class='ocrx_word' id='word_1_215' title='bbox 191 2444 362 2515; x_wconf 82' lang='grc' dir='ltr'>δομῆς</span> <span class='ocrx_word' id='word_1_216' title='bbox 395 2447 486 2498; x_wconf 86' lang='grc' dir='ltr'>τοῦ</span> <span class='ocrx_word' id='word_1_217' title='bbox 513 2448 668 2500; x_wconf 86' lang='grc' dir='ltr'>ναοῦ·</span> <span class='ocrx_word' id='word_1_218' title='bbox 705 2444 763 2502; x_wconf 80' lang='grc' dir='ltr'>εὖ</span> <span class='ocrx_word' id='word_1_219' title='bbox 818 2450 1015 2512; x_wconf 84' lang='grc' dir='ltr'>εἰδότες</span> <span class='ocrx_word' id='word_1_220' title='bbox 1045 2451 1127 2503; x_wconf 84' lang='grc' dir='ltr'>ὃτι</span> <span class='ocrx_word' id='word_1_221' title='bbox 1163 2450 1350 2520; x_wconf 82' lang='grc' dir='ltr'>ὥσπερ</span> <span class='ocrx_word' id='word_1_222' title='bbox 1408 2452 1669 2520; x_wconf 84' lang='grc' dir='ltr'>πρότερον</span> <span class='ocrx_word' id='word_1_223' title='bbox 1701 2468 1782 2502; x_wconf 86' lang='grc' dir='ltr'>τι-</span> 
     </span>
    </p>
   </div>
   <div class='ocr_carea' id='block_1_29' title="bbox 197 2534 1775 2610">
    <p class='ocr_par' dir='ltr' id='par_1_29' title="bbox 197 2534 1775 2610">
     <span class='ocr_line' id='line_1_29' title="bbox 197 2534 1775 2610; baseline 0.003 -24"><span class='ocrx_word' id='word_1_224' title='bbox 197 2534 413 2605; x_wconf 85' lang='grc' dir='ltr'>μωρίαν</span> <span class='ocrx_word' id='word_1_225' title='bbox 436 2537 798 2609; x_wconf 73' lang='grc' dir='ltr'>ἀπεφηνάμην</span> <span class='ocrx_word' id='word_1_226' title='bbox 825 2540 945 2591; x_wconf 81' lang='grc' dir='ltr'>καθ’</span> <span class='ocrx_word' id='word_1_227' title='bbox 973 2540 1122 2609; x_wconf 81' lang='grc' dir='ltr'>ὑμῶν</span> <span class='ocrx_word' id='word_1_228' title='bbox 1151 2539 1290 2610; x_wconf 85' lang='grc' dir='ltr'>ὑπὲρ</span> <span class='ocrx_word' id='word_1_229' title='bbox 1329 2536 1402 2593; x_wconf 84' lang='grc' dir='ltr'>ὧν</span> <span class='ocrx_word' id='word_1_230' title='bbox 1432 2539 1775 2610; x_wconf 84' lang='grc' dir='ltr'>πλημμελεῖν</span> 
     </span>
    </p>
   </div>
   <div class='ocr_carea' id='block_1_30' title="bbox 191 2627 1782 2704">
    <p class='ocr_par' dir='ltr' id='par_1_30' title="bbox 191 2627 1782 2704">
     <span class='ocr_line' id='line_1_30' title="bbox 191 2627 1782 2704; baseline 0.006 -26"><span class='ocrx_word' id='word_1_231' title='bbox 191 2627 324 2689; x_wconf 74' lang='grc' dir='ltr'>τοὺς</span> <span class='ocrx_word' id='word_1_232' title='bbox 350 2628 648 2699; x_wconf 80' lang='grc' dir='ltr'>ὑμετέρους</span> <span class='ocrx_word' id='word_1_233' title='bbox 682 2630 996 2683; x_wconf 78' lang='grc' dir='ltr'>συνέϐαινεν</span> <span class='ocrx_word' id='word_1_234' title='bbox 1017 2633 1094 2694; x_wconf 82' lang='grc' dir='ltr'>εἰς</span> <span class='ocrx_word' id='word_1_235' title='bbox 1125 2632 1223 2702; x_wconf 84' lang='grc' dir='ltr'>ἐμὲ</span> <span class='ocrx_word' id='word_1_236' title='bbox 1245 2676 1258 2696; x_wconf 91' lang='grc'>,</span> <span class='ocrx_word' id='word_1_237' title='bbox 1291 2635 1385 2686; x_wconf 78' lang='grc' dir='ltr'>καὶ</span> <span class='ocrx_word' id='word_1_238' title='bbox 1417 2633 1619 2704; x_wconf 89' lang='grc' dir='ltr'>ταύτην</span> <span class='ocrx_word' id='word_1_239' title='bbox 1649 2633 1782 2704; x_wconf 72' lang='grc' dir='ltr'>ἤγα-</span> 
     </span>
    </p>
   </div>
   <div class='ocr_carea' id='block_1_31' title="bbox 1875 429 3452 500">
    <p class='ocr_par' dir='ltr' id='par_1_31' title="bbox 1875 429 3452 500">
     <span class='ocr_line' id='line_1_31' title="bbox 1875 429 3452 500; baseline 0 -14"><span class='ocrx_word' id='word_1_240' title='bbox 1875 433 2100 487; x_wconf 83' lang='lat' dir='ltr'><strong>salvabo</strong></span> <span class='ocrx_word' id='word_1_241' title='bbox 2147 447 2263 495; x_wconf 89' lang='lat' dir='ltr'><strong>vos,</strong></span> <span class='ocrx_word' id='word_1_242' title='bbox 2297 442 2346 484; x_wconf 91' lang='lat' dir='ltr'>et</span> <span class='ocrx_word' id='word_1_243' title='bbox 2377 430 2607 486; x_wconf 90' lang='lat' dir='ltr'><strong>eritisin</strong></span> <span class='ocrx_word' id='word_1_244' title='bbox 2639 429 3068 486; x_wconf 67' lang='lat' dir='ltr'>benedictione.»</span> <span class='ocrx_word' id='word_1_245' title='bbox 3111 429 3266 486; x_wconf 78' lang='lat' dir='ltr'><strong>[laud</strong></span> <span class='ocrx_word' id='word_1_246' title='bbox 3297 448 3452 500; x_wconf 64' lang='lat' dir='ltr'><strong>atque</strong></span> 
     </span>
    </p>
   </div>
   <div class='ocr_carea' id='block_1_32' title="bbox 1875 521 3451 591">
    <p class='ocr_par' dir='ltr' id='par_1_32' title="bbox 1875 521 3451 591">
     <span class='ocr_line' id='line_1_32' title="bbox 1875 521 3451 591; baseline -0.001 -15"><span class='ocrx_word' id='word_1_247' title='bbox 1875 539 1937 576; x_wconf 89' lang='lat' dir='ltr'>ac</span> <span class='ocrx_word' id='word_1_248' title='bbox 1992 522 2416 591; x_wconf 72' lang='lat' dir='ltr'>antiquioribus,</span> <span class='ocrx_word' id='word_1_249' title='bbox 2473 521 2547 574; x_wconf 88' lang='lat' dir='ltr'>ita</span> <span class='ocrx_word' id='word_1_250' title='bbox 2597 522 2830 591; x_wconf 78' lang='lat' dir='ltr'>posteris</span> <span class='ocrx_word' id='word_1_251' title='bbox 2889 522 3123 585; x_wconf 81' lang='lat' dir='ltr'>eveniet,</span> <span class='ocrx_word' id='word_1_252' title='bbox 3175 536 3315 591; x_wconf 86' lang='lat' dir='ltr'><strong>quos</strong></span> <span class='ocrx_word' id='word_1_253' title='bbox 3383 537 3451 576; x_wconf 79' lang='lat' dir='ltr'><strong>ex</strong></span> 
     </span>
    </p>
   </div>
   <div class='ocr_carea' id='block_1_33' title="bbox 1876 613 3456 684">
    <p class='ocr_par' dir='ltr' id='par_1_33' title="bbox 1876 613 3456 684">
     <span class='ocr_line' id='line_1_33' title="bbox 1876 613 3456 684; baseline 0 -16"><span class='ocrx_word' id='word_1_254' title='bbox 1876 615 2059 668; x_wconf 89' lang='lat' dir='ltr'><strong>multis</strong></span> <span class='ocrx_word' id='word_1_255' title='bbox 2097 615 2386 668; x_wconf 75' lang='lat' dir='ltr'>exstinctis</span> <span class='ocrx_word' id='word_1_256' title='bbox 2427 628 2630 684; x_wconf 88' lang='lat' dir='ltr'><strong>paucos</strong></span> <span class='ocrx_word' id='word_1_257' title='bbox 2663 614 2904 678; x_wconf 90' lang='lat' dir='ltr'><strong>relictos,</strong></span> <span class='ocrx_word' id='word_1_258' title='bbox 2931 629 3128 670; x_wconf 81' lang='lat' dir='ltr'>rursus</span> <span class='ocrx_word' id='word_1_259' title='bbox 3158 629 3260 683; x_wconf 84' lang='lat' dir='ltr'>ego</span> <span class='ocrx_word' id='word_1_260' title='bbox 3289 613 3456 683; x_wconf 78' lang='lat'>326</span> 
     </span>
    </p>
   </div>
   <div class='ocr_carea' id='block_1_34' title="bbox 1875 704 3454 776">
    <p class='ocr_par' dir='ltr' id='par_1_34' title="bbox 1875 704 3454 776">
     <span class='ocr_line' id='line_1_34' title="bbox 1875 704 3454 776; baseline -0.001 -17"><span class='ocrx_word' id='word_1_261' title='bbox 1875 706 2086 776; x_wconf 70' lang='lat' dir='ltr'><strong>augebo</strong></span> <span class='ocrx_word' id='word_1_262' title='bbox 2123 715 2175 760; x_wconf 89' lang='lat' dir='ltr'>et</span> <span class='ocrx_word' id='word_1_263' title='bbox 2230 706 2282 758; x_wconf 88' lang='lat' dir='ltr'>in</span> <span class='ocrx_word' id='word_1_264' title='bbox 2341 704 2743 758; x_wconf 88' lang='lat' dir='ltr'><strong>multitudinem</strong></span> <span class='ocrx_word' id='word_1_265' title='bbox 2797 704 3112 774; x_wconf 79' lang='lat' dir='ltr'><strong>proveliam,</strong></span> <span class='ocrx_word' id='word_1_266' title='bbox 3176 719 3310 774; x_wconf 87' lang='lat' dir='ltr'>pace</span> <span class='ocrx_word' id='word_1_267' title='bbox 3358 719 3454 758; x_wconf 88' lang='lat' dir='ltr'>eos</span> 
     </span>
    </p>
   </div>
   <div class='ocr_carea' id='block_1_35' title="bbox 1875 795 3456 866">
    <p class='ocr_par' dir='ltr' id='par_1_35' title="bbox 1875 795 3456 866">
     <span class='ocr_line' id='line_1_35' title="bbox 1875 795 3456 866; baseline -0.004 -12"><span class='ocrx_word' id='word_1_268' title='bbox 1875 799 2182 862; x_wconf 88' lang='lat' dir='ltr'><strong>cumulans,</strong></span> <span class='ocrx_word' id='word_1_269' title='bbox 2225 806 2278 851; x_wconf 89' lang='lat' dir='ltr'><strong>et</strong></span> <span class='ocrx_word' id='word_1_270' title='bbox 2328 796 2541 866; x_wconf 69' lang='lat' dir='ltr'><strong>frugum</strong></span> <span class='ocrx_word' id='word_1_271' title='bbox 2573 797 2784 866; x_wconf 89' lang='lat' dir='ltr'><strong>copiam</strong></span> <span class='ocrx_word' id='word_1_272' title='bbox 2839 795 3236 864; x_wconf 83' lang='lat' dir='ltr'>suppeditans;</span> <span class='ocrx_word' id='word_1_273' title='bbox 3291 804 3456 864; x_wconf 89' lang='lat' dir='ltr'><strong>atque</strong></span> 
     </span>
    </p>
   </div>
   <div class='ocr_carea' id='block_1_36' title="bbox 1879 887 3452 959">
    <p class='ocr_par' dir='ltr' id='par_1_36' title="bbox 1879 887 3452 959">
     <span class='ocr_line' id='line_1_36' title="bbox 1879 887 3452 959; baseline -0.003 -17"><span class='ocrx_word' id='word_1_274' title='bbox 1879 898 1935 943; x_wconf 94' lang='lat' dir='ltr'>ut</span> <span class='ocrx_word' id='word_1_275' title='bbox 1953 890 2275 959; x_wconf 88' lang='lat' dir='ltr'><strong>compendio</strong></span> <span class='ocrx_word' id='word_1_276' title='bbox 2292 888 2490 952; x_wconf 78' lang='lat' dir='ltr'><strong>dicam,</strong></span> <span class='ocrx_word' id='word_1_277' title='bbox 2513 890 2755 940; x_wconf 91' lang='lat' dir='ltr'><strong>omnium</strong></span> <span class='ocrx_word' id='word_1_278' title='bbox 2776 888 3044 941; x_wconf 89' lang='lat' dir='ltr'><strong>bonormn</strong></span> <span class='ocrx_word' id='word_1_279' title='bbox 3064 887 3268 941; x_wconf 80' lang='lat' dir='ltr'><strong>eisdem</strong></span> <span class='ocrx_word' id='word_1_280' title='bbox 3294 901 3452 940; x_wconf 88' lang='lat' dir='ltr'><strong>usum</strong></span> 
     </span>
    </p>
   </div>
   <div class='ocr_carea' id='block_1_37' title="bbox 1877 977 3456 1048">
    <p class='ocr_par' dir='ltr' id='par_1_37' title="bbox 1877 977 3456 1048">
     <span class='ocr_line' id='line_1_37' title="bbox 1877 977 3456 1048; baseline -0.003 -16"><span class='ocrx_word' id='word_1_281' title='bbox 1877 981 2146 1043; x_wconf 85' lang='lat' dir='ltr'>tribuens,</span> <span class='ocrx_word' id='word_1_282' title='bbox 2181 988 2238 1032; x_wconf 90' lang='lat' dir='ltr'>ut</span> <span class='ocrx_word' id='word_1_283' title='bbox 2265 979 2424 1033; x_wconf 85' lang='lat' dir='ltr'><strong>sicuti</strong></span> <span class='ocrx_word' id='word_1_284' title='bbox 2469 979 2598 1032; x_wconf 89' lang='lat' dir='ltr'><strong>olim</strong></span> <span class='ocrx_word' id='word_1_285' title='bbox 2633 993 2790 1048; x_wconf 78' lang='lat' dir='ltr'><strong>poma</strong></span> <span class='ocrx_word' id='word_1_286' title='bbox 2832 979 3162 1033; x_wconf 86' lang='lat' dir='ltr'><strong>videbamini</strong></span> <span class='ocrx_word' id='word_1_287' title='bbox 3199 977 3347 1047; x_wconf 83' lang='lat' dir='ltr'><strong>digni</strong></span> <span class='ocrx_word' id='word_1_288' title='bbox 3385 977 3456 1028; x_wconf 89' lang='lat' dir='ltr'>ob</span> 
     </span>
    </p>
   </div>
   <div class='ocr_carea' id='block_1_38' title="bbox 1877 1070 3453 1140">
    <p class='ocr_par' dir='ltr' id='par_1_38' title="bbox 1877 1070 3453 1140">
     <span class='ocr_line' id='line_1_38' title="bbox 1877 1070 3453 1140; baseline -0.004 -15"><span class='ocrx_word' id='word_1_289' title='bbox 1877 1071 2014 1125; x_wconf 88' lang='lat' dir='ltr'><strong>iram</strong></span> <span class='ocrx_word' id='word_1_290' title='bbox 2061 1086 2256 1132; x_wconf 84' lang='lat' dir='ltr'>meam,</span> <span class='ocrx_word' id='word_1_291' title='bbox 2313 1072 2383 1123; x_wconf 91' lang='lat' dir='ltr'>ita</span> <span class='ocrx_word' id='word_1_292' title='bbox 2430 1081 2652 1139; x_wconf 82' lang='lat' dir='ltr'>propter</span> <span class='ocrx_word' id='word_1_293' title='bbox 2678 1071 3044 1140; x_wconf 81' lang='lat' dir='ltr'>patrocinium</span> <span class='ocrx_word' id='word_1_294' title='bbox 3078 1085 3258 1124; x_wconf 89' lang='lat' dir='ltr'><strong>meum</strong></span> <span class='ocrx_word' id='word_1_295' title='bbox 3310 1070 3453 1122; x_wconf 82' lang='lat' dir='ltr'><strong>beati</strong></span> 
     </span>
    </p>
   </div>
   <div class='ocr_carea' id='block_1_39' title="bbox 1877 1161 3456 1232">
    <p class='ocr_par' dir='ltr' id='par_1_39' title="bbox 1877 1161 3456 1232">
     <span class='ocr_line' id='line_1_39' title="bbox 1877 1161 3456 1232; baseline -0.001 -16"><span class='ocrx_word' id='word_1_296' title='bbox 1877 1162 2170 1216; x_wconf 84' lang='lat' dir='ltr'><strong>videamini</strong></span> <span class='ocrx_word' id='word_1_297' title='bbox 2201 1163 2416 1216; x_wconf 89' lang='lat' dir='ltr'><strong>cunctis</strong></span> <span class='ocrx_word' id='word_1_298' title='bbox 2448 1163 2779 1217; x_wconf 87' lang='lat' dir='ltr'><strong>hominibus.</strong></span> <span class='ocrx_word' id='word_1_299' title='bbox 2819 1163 2882 1215; x_wconf 86' lang='lat' dir='ltr'><strong>Et</strong></span> <span class='ocrx_word' id='word_1_300' title='bbox 2908 1166 3079 1232; x_wconf 85' lang='lat' dir='ltr'><strong>magis</strong></span> <span class='ocrx_word' id='word_1_301' title='bbox 3112 1162 3292 1214; x_wconf 82' lang='lat' dir='ltr'><strong>adhuc</strong></span> <span class='ocrx_word' id='word_1_302' title='bbox 3319 1161 3456 1214; x_wconf 81' lang='lat' dir='ltr'><strong>ﬁdu-</strong></span> 
     </span>
    </p>
   </div>
   <div class='ocr_carea' id='block_1_40' title="bbox 1879 1255 3458 1324">
    <p class='ocr_par' dir='ltr' id='par_1_40' title="bbox 1879 1255 3458 1324">
     <span class='ocr_line' id='line_1_40' title="bbox 1879 1255 3458 1324; baseline -0.001 -16"><span class='ocrx_word' id='word_1_303' title='bbox 1879 1255 2018 1308; x_wconf 86' lang='lat' dir='ltr'><strong>ciam</strong></span> <span class='ocrx_word' id='word_1_304' title='bbox 2055 1255 2135 1308; x_wconf 92' lang='lat' dir='ltr'>eis</span> <span class='ocrx_word' id='word_1_305' title='bbox 2174 1270 2403 1322; x_wconf 81' lang='lat' dir='ltr'><strong>augens,</strong></span> <span class='ocrx_word' id='word_1_306' title='bbox 2437 1274 2453 1305; x_wconf 81' lang='grc' dir='ltr'>ι</span> <span class='ocrx_word' id='word_1_307' title='bbox 2483 1255 2774 1320; x_wconf 88' lang='lat' dir='ltr'><strong>Conlidite,</strong></span> <span class='ocrx_word' id='word_1_308' title='bbox 2811 1256 3006 1324; x_wconf 89' lang='lat' dir='ltr'><strong>inquit,</strong></span> <span class='ocrx_word' id='word_1_309' title='bbox 3042 1263 3096 1309; x_wconf 85' lang='lat' dir='ltr'>et</span> <span class='ocrx_word' id='word_1_310' title='bbox 3130 1256 3458 1308; x_wconf 82' lang='lat' dir='ltr'><strong>roborentur</strong></span> 
     </span>
    </p>
   </div>
   <div class='ocr_carea' id='block_1_41' title="bbox 1881 1346 3456 1414">
    <p class='ocr_par' dir='ltr' id='par_1_41' title="bbox 1881 1346 3456 1414">
     <span class='ocr_line' id='line_1_41' title="bbox 1881 1346 3456 1414; baseline 0.001 -17"><span class='ocrx_word' id='word_1_311' title='bbox 1881 1360 2074 1398; x_wconf 89' lang='lat' dir='ltr'><strong>manus</strong></span> <span class='ocrx_word' id='word_1_312' title='bbox 2118 1357 2312 1398; x_wconf 72' lang='lat' dir='ltr'><strong>vestrae</strong></span> <span class='ocrx_word' id='word_1_313' title='bbox 2344 1365 2355 1398; x_wconf 91' lang='lat'><strong>:</strong></span> <span class='ocrx_word' id='word_1_314' title='bbox 2392 1346 2647 1414; x_wconf 88' lang='lat' dir='ltr'><strong>quoniam</strong></span> <span class='ocrx_word' id='word_1_315' title='bbox 2682 1346 2794 1398; x_wconf 70' lang='lat' dir='ltr'><strong>haec</strong></span> <span class='ocrx_word' id='word_1_316' title='bbox 2829 1347 2961 1400; x_wconf 88' lang='lat' dir='ltr'><strong>dicit</strong></span> <span class='ocrx_word' id='word_1_317' title='bbox 2991 1346 3252 1400; x_wconf 89' lang='lat' dir='ltr'><strong>Dominus</strong></span> <span class='ocrx_word' id='word_1_318' title='bbox 3276 1349 3456 1400; x_wconf 90' lang='lat' dir='ltr'><strong>omni-</strong></span> 
     </span>
    </p>
   </div>
   <div class='ocr_carea' id='block_1_42' title="bbox 1880 1437 3455 1510">
    <p class='ocr_par' dir='ltr' id='par_1_42' title="bbox 1880 1437 3455 1510">
     <span class='ocr_line' id='line_1_42' title="bbox 1880 1437 3455 1510; baseline 0 -18"><span class='ocrx_word' id='word_1_319' title='bbox 1880 1446 2107 1507; x_wconf 83' lang='lat' dir='ltr'><strong>potens:</strong></span> <span class='ocrx_word' id='word_1_320' title='bbox 2143 1437 2611 1503; x_wconf 82' lang='lat' dir='ltr'><strong>Quemadmodum</strong></span> <span class='ocrx_word' id='word_1_321' title='bbox 2643 1440 2874 1509; x_wconf 81' lang='lat' dir='ltr'><strong>cogitavi</strong></span> <span class='ocrx_word' id='word_1_322' title='bbox 2918 1455 3013 1494; x_wconf 89' lang='lat' dir='ltr'>vos</span> <span class='ocrx_word' id='word_1_323' title='bbox 3039 1439 3294 1510; x_wconf 85' lang='lat' dir='ltr'><strong>allligere,</strong></span> <span class='ocrx_word' id='word_1_324' title='bbox 3329 1440 3455 1508; x_wconf 87' lang='lat' dir='ltr'><strong>quia</strong></span> 
     </span>
    </p>
   </div>
   <div class='ocr_carea' id='block_1_43' title="bbox 1880 1531 3458 1598">
    <p class='ocr_par' dir='ltr' id='par_1_43' title="bbox 1880 1531 3458 1598">
     <span class='ocr_line' id='line_1_43' title="bbox 1880 1531 3458 1598; baseline 0.003 -18"><span class='ocrx_word' id='word_1_325' title='bbox 1880 1544 1967 1581; x_wconf 90' lang='lat' dir='ltr'>me</span> <span class='ocrx_word' id='word_1_326' title='bbox 2019 1540 2202 1598; x_wconf 89' lang='lat' dir='ltr'><strong>patres</strong></span> <span class='ocrx_word' id='word_1_327' title='bbox 2257 1531 2424 1584; x_wconf 83' lang='lat' dir='ltr'><strong>vestri</strong></span> <span class='ocrx_word' id='word_1_328' title='bbox 2476 1531 2961 1595; x_wconf 83' lang='lat' dir='ltr'><strong>exacerbaverant,</strong></span> <span class='ocrx_word' id='word_1_329' title='bbox 3014 1532 3146 1584; x_wconf 89' lang='lat' dir='ltr'><strong>dicit</strong></span> <span class='ocrx_word' id='word_1_330' title='bbox 3196 1531 3458 1586; x_wconf 88' lang='lat' dir='ltr'><strong>Dominus</strong></span> 
     </span>
    </p>
   </div>
   <div class='ocr_carea' id='block_1_44' title="bbox 1881 1621 3455 1692">
    <p class='ocr_par' dir='ltr' id='par_1_44' title="bbox 1881 1621 3455 1692">
     <span class='ocr_line' id='line_1_44' title="bbox 1881 1621 3455 1692; baseline 0.002 -20"><span class='ocrx_word' id='word_1_331' title='bbox 1881 1621 2250 1690; x_wconf 90' lang='lat' dir='ltr'><strong>omnipotens.</strong></span> <span class='ocrx_word' id='word_1_332' title='bbox 2281 1638 2456 1690; x_wconf 88' lang='lat' dir='ltr'><strong>neque</strong></span> <span class='ocrx_word' id='word_1_333' title='bbox 2494 1629 2626 1677; x_wconf 91' lang='lat' dir='ltr'><strong>tunc</strong></span> <span class='ocrx_word' id='word_1_334' title='bbox 2661 1639 2745 1677; x_wconf 91' lang='lat' dir='ltr'>me</span> <span class='ocrx_word' id='word_1_335' title='bbox 2776 1623 3051 1692; x_wconf 74' lang='lat' dir='ltr'><strong>paenituit,</strong></span> <span class='ocrx_word' id='word_1_336' title='bbox 3090 1625 3162 1676; x_wconf 91' lang='lat' dir='ltr'><strong>ita</strong></span> <span class='ocrx_word' id='word_1_337' title='bbox 3197 1625 3455 1678; x_wconf 86' lang='lat' dir='ltr'><strong>constitui</strong></span> 
     </span>
    </p>
   </div>
   <div class='ocr_carea' id='block_1_45' title="bbox 1811 1701 3459 1774">
    <p class='ocr_par' dir='ltr' id='par_1_45' title="bbox 1811 1701 3459 1774">
     <span class='ocr_line' id='line_1_45' title="bbox 1811 1701 3459 1774; baseline 0.004 -11"><span class='ocrx_word' id='word_1_338' title='bbox 1811 1701 1850 1755; x_wconf 81' lang='grc' dir='ltr'><strong>Β</strong></span> <span class='ocrx_word' id='word_1_339' title='bbox 1881 1727 1944 1764; x_wconf 91' lang='lat' dir='ltr'>ac</span> <span class='ocrx_word' id='word_1_340' title='bbox 1975 1712 2271 1767; x_wconf 77' lang='lat' dir='ltr'><strong>deliberavi</strong></span> <span class='ocrx_word' id='word_1_341' title='bbox 2307 1714 2501 1771; x_wconf 88' lang='lat' dir='ltr'><strong>diebus</strong></span> <span class='ocrx_word' id='word_1_342' title='bbox 2534 1715 2618 1770; x_wconf 90' lang='lat' dir='ltr'>bis</span> <span class='ocrx_word' id='word_1_343' title='bbox 2655 1716 2790 1770; x_wconf 89' lang='lat' dir='ltr'><strong>bene</strong></span> <span class='ocrx_word' id='word_1_344' title='bbox 2817 1715 2996 1771; x_wconf 78' lang='lat' dir='ltr'><strong>facere</strong></span> <span class='ocrx_word' id='word_1_345' title='bbox 3036 1718 3156 1772; x_wconf 93' lang='lat' dir='ltr'><strong>urbi</strong></span> <span class='ocrx_word' id='word_1_346' title='bbox 3201 1717 3459 1774; x_wconf 85' lang='lat' dir='ltr'><strong>liierusa-</strong></span> 
     </span>
    </p>
   </div>
   <div class='ocr_carea' id='block_1_46' title="bbox 1882 1804 3454 1876">
    <p class='ocr_par' dir='ltr' id='par_1_46' title="bbox 1882 1804 3454 1876">
     <span class='ocr_line' id='line_1_46' title="bbox 1882 1804 3454 1876; baseline 0.004 -21"><span class='ocrx_word' id='word_1_347' title='bbox 1882 1804 1983 1857; x_wconf 92' lang='lat' dir='ltr'>lem</span> <span class='ocrx_word' id='word_1_348' title='bbox 2013 1813 2064 1858; x_wconf 93' lang='lat' dir='ltr'>et</span> <span class='ocrx_word' id='word_1_349' title='bbox 2092 1804 2245 1858; x_wconf 77' lang='lat' dir='ltr'><strong>Juda:</strong></span> <span class='ocrx_word' id='word_1_350' title='bbox 2272 1807 2477 1860; x_wconf 85' lang='lat' dir='ltr'><strong>domui.</strong></span> <span class='ocrx_word' id='word_1_351' title='bbox 2504 1828 2521 1858; x_wconf 78' lang='grc' dir='ltr'>ι</span> <span class='ocrx_word' id='word_1_352' title='bbox 2559 1807 2716 1861; x_wconf 90' lang='lat' dir='ltr'><strong>0mni</strong></span> <span class='ocrx_word' id='word_1_353' title='bbox 2744 1811 2985 1876; x_wconf 86' lang='lat' dir='ltr'><strong>seposito</strong></span> <span class='ocrx_word' id='word_1_354' title='bbox 3007 1809 3200 1862; x_wconf 82' lang='lat' dir='ltr'><strong>timore</strong></span> <span class='ocrx_word' id='word_1_355' title='bbox 3227 1819 3279 1862; x_wconf 89' lang='lat' dir='ltr'>ct</span> <span class='ocrx_word' id='word_1_356' title='bbox 3307 1811 3454 1862; x_wconf 88' lang='lat' dir='ltr'><strong>omni</strong></span> 
     </span>
    </p>
   </div>
   <div class='ocr_carea' id='block_1_47' title="bbox 1881 1894 3458 1968">
    <p class='ocr_par' dir='ltr' id='par_1_47' title="bbox 1881 1894 3458 1968">
     <span class='ocr_line' id='line_1_47' title="bbox 1881 1894 3458 1968; baseline 0.002 -20"><span class='ocrx_word' id='word_1_357' title='bbox 1881 1894 2283 1963; x_wconf 89' lang='lat' dir='ltr'><strong>desperatione,</strong></span> <span class='ocrx_word' id='word_1_358' title='bbox 2347 1896 2400 1948; x_wconf 91' lang='lat' dir='ltr'>in</span> <span class='ocrx_word' id='word_1_359' title='bbox 2455 1897 2656 1966; x_wconf 80' lang='lat' dir='ltr'><strong>gaudio</strong></span> <span class='ocrx_word' id='word_1_360' title='bbox 2705 1898 2860 1952; x_wconf 86' lang='lat' dir='ltr'><strong>eritis</strong></span> <span class='ocrx_word' id='word_1_361' title='bbox 2909 1899 3186 1968; x_wconf 88' lang='lat' dir='ltr'><strong>nmltaque</strong></span> <span class='ocrx_word' id='word_1_362' title='bbox 3236 1900 3458 1960; x_wconf 79' lang='lat' dir='ltr'><strong>ﬁducia,</strong></span> 
     </span>
    </p>
   </div>
   <div class='ocr_carea' id='block_1_48' title="bbox 1883 1985 3460 2058">
    <p class='ocr_par' dir='ltr' id='par_1_48' title="bbox 1883 1985 3460 2058">
     <span class='ocr_line' id='line_1_48' title="bbox 1883 1985 3460 2058; baseline 0.003 -21"><span class='ocrx_word' id='word_1_363' title='bbox 1883 1985 2237 2055; x_wconf 88' lang='lat' dir='ltr'><strong>studioseque</strong></span> <span class='ocrx_word' id='word_1_364' title='bbox 2279 1985 2572 2039; x_wconf 88' lang='lat' dir='ltr'><strong>admodum</strong></span> <span class='ocrx_word' id='word_1_365' title='bbox 2604 1987 2671 2041; x_wconf 87' lang='lat' dir='ltr'>ad</span> <span class='ocrx_word' id='word_1_366' title='bbox 2707 1988 3123 2042; x_wconf 66' lang='lat' dir='ltr'><strong>aedificationem</strong></span> <span class='ocrx_word' id='word_1_367' title='bbox 3159 1991 3341 2058; x_wconf 82' lang='lat' dir='ltr'><strong>templi</strong></span> <span class='ocrx_word' id='word_1_368' title='bbox 3378 1990 3460 2043; x_wconf 86' lang='lat' dir='ltr'><strong>in-</strong></span> 
     </span>
    </p>
   </div>
   <div class='ocr_carea' id='block_1_49' title="bbox 1884 2078 3460 2150">
    <p class='ocr_par' dir='ltr' id='par_1_49' title="bbox 1884 2078 3460 2150">
     <span class='ocr_line' id='line_1_49' title="bbox 1884 2078 3460 2150; baseline 0.003 -20"><span class='ocrx_word' id='word_1_369' title='bbox 1884 2078 2188 2132; x_wconf 85' lang='lat' dir='ltr'><strong>cumbetis:</strong></span> <span class='ocrx_word' id='word_1_370' title='bbox 2224 2078 2391 2146; x_wconf 89' lang='lat' dir='ltr'><strong>probe</strong></span> <span class='ocrx_word' id='word_1_371' title='bbox 2415 2080 2673 2144; x_wconf 88' lang='lat' dir='ltr'><strong>scientes,</strong></span> <span class='ocrx_word' id='word_1_372' title='bbox 2715 2081 2857 2150; x_wconf 89' lang='lat' dir='ltr'><strong>quod</strong></span> <span class='ocrx_word' id='word_1_373' title='bbox 2889 2082 3030 2134; x_wconf 87' lang='lat' dir='ltr'><strong>sicut</strong></span> <span class='ocrx_word' id='word_1_374' title='bbox 3054 2089 3212 2135; x_wconf 87' lang='lat' dir='ltr'><strong>antea</strong></span> <span class='ocrx_word' id='word_1_375' title='bbox 3239 2096 3460 2150; x_wconf 69' lang='lat' dir='ltr'><strong>pinnam</strong></span> 
     </span>
    </p>
   </div>
   <div class='ocr_carea' id='block_1_50' title="bbox 1884 2170 3460 2242">
    <p class='ocr_par' dir='ltr' id='par_1_50' title="bbox 1884 2170 3460 2242">
     <span class='ocr_line' id='line_1_50' title="bbox 1884 2170 3460 2242; baseline 0.001 -19"><span class='ocrx_word' id='word_1_376' title='bbox 1884 2170 1938 2223; x_wconf 92' lang='lat' dir='ltr'>in</span> <span class='ocrx_word' id='word_1_377' title='bbox 1967 2185 2066 2226; x_wconf 91' lang='lat' dir='ltr'>vos</span> <span class='ocrx_word' id='word_1_378' title='bbox 2101 2171 2434 2239; x_wconf 84' lang='lat' dir='ltr'><strong>exprompsi,</strong></span> <span class='ocrx_word' id='word_1_379' title='bbox 2477 2182 2698 2241; x_wconf 85' lang='lat' dir='ltr'><strong>propter</strong></span> <span class='ocrx_word' id='word_1_380' title='bbox 2746 2184 2960 2242; x_wconf 88' lang='lat' dir='ltr'><strong>patrum</strong></span> <span class='ocrx_word' id='word_1_381' title='bbox 3010 2183 3318 2228; x_wconf 85' lang='lat' dir='ltr'><strong>vestrorum</strong></span> <span class='ocrx_word' id='word_1_382' title='bbox 3368 2175 3460 2226; x_wconf 89' lang='lat' dir='ltr'><strong>ad-</strong></span> 
     </span>
    </p>
   </div>
   <div class='ocr_carea' id='block_1_51' title="bbox 1884 2263 3460 2336">
    <p class='ocr_par' dir='ltr' id='par_1_51' title="bbox 1884 2263 3460 2336">
     <span class='ocr_line' id='line_1_51' title="bbox 1884 2263 3460 2336; baseline 0.004 -21"><span class='ocrx_word' id='word_1_383' title='bbox 1884 2278 2076 2317; x_wconf 78' lang='lat' dir='ltr'><strong>versus</strong></span> <span class='ocrx_word' id='word_1_384' title='bbox 2115 2278 2200 2317; x_wconf 92' lang='lat' dir='ltr'><strong>me</strong></span> <span class='ocrx_word' id='word_1_385' title='bbox 2224 2263 2563 2332; x_wconf 79' lang='lat' dir='ltr'><strong>iniquitates,</strong></span> <span class='ocrx_word' id='word_1_386' title='bbox 2593 2274 2757 2335; x_wconf 91' lang='lat' dir='ltr'><strong>atque</strong></span> <span class='ocrx_word' id='word_1_387' title='bbox 2795 2266 2939 2320; x_wconf 88' lang='lat' dir='ltr'><strong>illam</strong></span> <span class='ocrx_word' id='word_1_388' title='bbox 2977 2283 3165 2336; x_wconf 86' lang='lat' dir='ltr'><strong>reapse</strong></span> <span class='ocrx_word' id='word_1_389' title='bbox 3198 2268 3460 2323; x_wconf 89' lang='lat' dir='ltr'><strong>immobili</strong></span> 
     </span>
    </p>
   </div>
   <div class='ocr_carea' id='block_1_52' title="bbox 1887 2355 3460 2430">
    <p class='ocr_par' dir='ltr' id='par_1_52' title="bbox 1887 2355 3460 2430">
     <span class='ocr_line' id='line_1_52' title="bbox 1887 2355 3460 2430; baseline 0.002 -20"><span class='ocrx_word' id='word_1_390' title='bbox 1887 2355 2158 2410; x_wconf 87' lang='lat' dir='ltr'><strong>sententia</strong></span> <span class='ocrx_word' id='word_1_391' title='bbox 2211 2358 2628 2409; x_wconf 78' lang='lat' dir='ltr'><strong>consummavi;</strong></span> <span class='ocrx_word' id='word_1_392' title='bbox 2693 2359 2766 2411; x_wconf 91' lang='lat' dir='ltr'>ita</span> <span class='ocrx_word' id='word_1_393' title='bbox 2825 2375 2970 2413; x_wconf 88' lang='lat' dir='ltr'><strong>nunc</strong></span> <span class='ocrx_word' id='word_1_394' title='bbox 3018 2361 3291 2430; x_wconf 88' lang='lat' dir='ltr'><strong>promissa</strong></span> <span class='ocrx_word' id='word_1_395' title='bbox 3342 2378 3460 2414; x_wconf 88' lang='lat' dir='ltr'>mea</span> 
     </span>
    </p>
   </div>
   <div class='ocr_carea' id='block_1_53' title="bbox 1889 2449 3460 2523">
    <p class='ocr_par' dir='ltr' id='par_1_53' title="bbox 1889 2449 3460 2523">
     <span class='ocr_line' id='line_1_53' title="bbox 1889 2449 3460 2523; baseline 0.002 -23"><span class='ocrx_word' id='word_1_396' title='bbox 1889 2463 2117 2517; x_wconf 91' lang='lat' dir='ltr'><strong>prorsus</strong></span> <span class='ocrx_word' id='word_1_397' title='bbox 2173 2463 2461 2518; x_wconf 81' lang='lat' dir='ltr'><strong>exsequar,</strong></span> <span class='ocrx_word' id='word_1_398' title='bbox 2521 2464 2641 2517; x_wconf 68' lang='lat' dir='ltr'><strong>qua:</strong></span> <span class='ocrx_word' id='word_1_399' title='bbox 2673 2449 2741 2505; x_wconf 89' lang='lat' dir='ltr'>de</span> <span class='ocrx_word' id='word_1_400' title='bbox 2772 2449 3108 2507; x_wconf 87' lang='lat' dir='ltr'><strong>Hierusalem</strong></span> <span class='ocrx_word' id='word_1_401' title='bbox 3161 2453 3460 2523; x_wconf 77' lang='lat' dir='ltr'><strong>significavi</strong></span> 
     </span>
    </p>
   </div>
   <div class='ocr_carea' id='block_1_54' title="bbox 1887 2536 3459 2611">
    <p class='ocr_par' dir='ltr' id='par_1_54' title="bbox 1887 2536 3459 2611">
     <span class='ocr_line' id='line_1_54' title="bbox 1887 2536 3459 2611; baseline 0.001 -18"><span class='ocrx_word' id='word_1_402' title='bbox 1887 2540 2063 2608; x_wconf 91' lang='lat' dir='ltr'><strong>deque</strong></span> <span class='ocrx_word' id='word_1_403' title='bbox 2091 2539 2346 2593; x_wconf 86' lang='lat' dir='ltr'><strong>universa</strong></span> <span class='ocrx_word' id='word_1_404' title='bbox 2369 2536 2524 2592; x_wconf 65' lang='lat' dir='ltr'><strong>Judaa</strong></span> <span class='ocrx_word' id='word_1_405' title='bbox 2552 2539 2695 2592; x_wconf 88' lang='lat' dir='ltr'><strong>tribu</strong></span> <span class='ocrx_word' id='word_1_406' title='bbox 2719 2558 2732 2606; x_wconf 92' lang='lat'>;</span> <span class='ocrx_word' id='word_1_407' title='bbox 2761 2544 2906 2611; x_wconf 88' lang='lat' dir='ltr'><strong>quod</strong></span> <span class='ocrx_word' id='word_1_408' title='bbox 2935 2557 3127 2611; x_wconf 88' lang='lat' dir='ltr'><strong>nempe</strong></span> <span class='ocrx_word' id='word_1_409' title='bbox 3155 2543 3244 2596; x_wconf 88' lang='lat' dir='ltr'><strong>illa</strong></span> <span class='ocrx_word' id='word_1_410' title='bbox 3277 2560 3459 2598; x_wconf 89' lang='lat' dir='ltr'><strong>rerum</strong></span> 
     </span>
    </p>
   </div>
   <div class='ocr_carea' id='block_1_55' title="bbox 1889 2630 3221 2701">
    <p class='ocr_par' dir='ltr' id='par_1_55' title="bbox 1889 2630 3221 2701">
     <span class='ocr_line' id='line_1_55' title="bbox 1889 2630 3221 2701; baseline 0.004 -16"><span class='ocrx_word' id='word_1_411' title='bbox 1889 2631 2044 2701; x_wconf 87' lang='lat' dir='ltr'><strong>copia</strong></span> <span class='ocrx_word' id='word_1_412' title='bbox 2079 2630 2304 2692; x_wconf 81' lang='lat' dir='ltr'><strong>dimuet,</strong></span> <span class='ocrx_word' id='word_1_413' title='bbox 2344 2633 2457 2684; x_wconf 68' lang='lat' dir='ltr'><strong>haec</strong></span> <span class='ocrx_word' id='word_1_414' title='bbox 2487 2632 2656 2684; x_wconf 91' lang='lat' dir='ltr'><strong>multa</strong></span> <span class='ocrx_word' id='word_1_415' title='bbox 2699 2630 2958 2688; x_wconf 86' lang='lat' dir='ltr'><strong>felicitate</strong></span> <span class='ocrx_word' id='word_1_416' title='bbox 2988 2633 3221 2690; x_wconf 78' lang='lat' dir='ltr'><strong>fruetur.</strong></span> 
     </span>
    </p>
   </div>
   <div class='ocr_carea' id='block_1_56' title="bbox 192 2715 3466 2798">
    <p class='ocr_par' dir='ltr' id='par_1_56' title="bbox 192 2715 3466 2798">
     <span class='ocr_line' id='line_1_56' title="bbox 192 2715 3466 2798; baseline 0.004 -31"><span class='ocrx_word' id='word_1_417' title='bbox 192 2732 295 2783; x_wconf 90' lang='grc' dir='ltr'>γον</span> <span class='ocrx_word' id='word_1_418' title='bbox 327 2719 404 2780; x_wconf 81' lang='grc' dir='ltr'>είς</span> <span class='ocrx_word' id='word_1_419' title='bbox 428 2719 599 2788; x_wconf 83' lang='grc' dir='ltr'>πέρας</span> <span class='ocrx_word' id='word_1_420' title='bbox 619 2715 640 2782; x_wconf 72' lang='grc'>,”</span> <span class='ocrx_word' id='word_1_421' title='bbox 662 2719 722 2770; x_wconf 81' lang='grc' dir='ltr'>ού</span> <span class='ocrx_word' id='word_1_422' title='bbox 758 2719 1190 2791; x_wconf 78' lang='grc' dir='ltr'>μεταϐαλόμενος</span> <span class='ocrx_word' id='word_1_423' title='bbox 1217 2723 1315 2793; x_wconf 84' lang='grc' dir='ltr'>τὴν</span> <span class='ocrx_word' id='word_1_424' title='bbox 1345 2722 1568 2794; x_wconf 82' lang='grc' dir='ltr'>γνώμην</span> <span class='ocrx_word' id='word_1_425' title='bbox 1590 2742 1602 2756; x_wconf 90' lang='grc'><strong>·</strong></span> <span class='ocrx_word' id='word_1_426' title='bbox 1636 2723 1778 2777; x_wconf 76' lang='grc' dir='ltr'>οὓτω</span> <span class='ocrx_word' id='word_1_427' title='bbox 1803 2722 1895 2776; x_wconf 88' lang='grc' dir='ltr'>νῦν</span> <span class='ocrx_word' id='word_1_428' title='bbox 1923 2721 2022 2784; x_wconf 79' lang='grc' dir='ltr'>τὰς</span> <span class='ocrx_word' id='word_1_429' title='bbox 2057 2721 2388 2790; x_wconf 75' lang='grc' dir='ltr'>ἐπαγγελίας</span> <span class='ocrx_word' id='word_1_430' title='bbox 2430 2723 2508 2784; x_wconf 86' lang='grc' dir='ltr'>εἰς</span> <span class='ocrx_word' id='word_1_431' title='bbox 2540 2723 2712 2792; x_wconf 85' lang='grc' dir='ltr'>πέρας</span> <span class='ocrx_word' id='word_1_432' title='bbox 2753 2723 2864 2786; x_wconf 80' lang='grc' dir='ltr'>ἄξω</span> <span class='ocrx_word' id='word_1_433' title='bbox 2892 2725 3106 2789; x_wconf 86' lang='grc' dir='ltr'>πάντως</span> <span class='ocrx_word' id='word_1_434' title='bbox 3143 2730 3210 2790; x_wconf 81' lang='grc' dir='ltr'>ἃς</span> <span class='ocrx_word' id='word_1_435' title='bbox 3251 2729 3380 2798; x_wconf 88' lang='grc' dir='ltr'>περί</span> <span class='ocrx_word' id='word_1_436' title='bbox 3410 2745 3466 2783; x_wconf 82' lang='grc' dir='ltr'>τε</span> 
     </span>
    </p>
   </div>
   <div class='ocr_carea' id='block_1_57' title="bbox 190 2802 3468 2889">
    <p class='ocr_par' dir='ltr' id='par_1_57' title="bbox 190 2802 3468 2889">
     <span class='ocr_line' id='line_1_57' title="bbox 190 2802 3468 2889; baseline 0.007 -29"><span class='ocrx_word' id='word_1_437' title='bbox 190 2811 300 2880; x_wconf 79' lang='grc' dir='ltr'>τῆς</span> <span class='ocrx_word' id='word_1_438' title='bbox 331 2809 683 2882; x_wconf 82' lang='grc' dir='ltr'>Ἰερουσαλὴμ</span> <span class='ocrx_word' id='word_1_439' title='bbox 703 2811 1089 2884; x_wconf 69' lang='grc' dir='ltr'>ἀπεφηνάμην,</span> <span class='ocrx_word' id='word_1_440' title='bbox 1127 2816 1219 2868; x_wconf 81' lang='grc' dir='ltr'>καὶ</span> <span class='ocrx_word' id='word_1_441' title='bbox 1245 2815 1424 2886; x_wconf 85' lang='grc' dir='ltr'>πάσης</span> <span class='ocrx_word' id='word_1_442' title='bbox 1457 2817 1520 2887; x_wconf 82' lang='grc' dir='ltr'>δὴ</span> <span class='ocrx_word' id='word_1_443' title='bbox 1678 2815 1847 2868; x_wconf 80' lang='grc' dir='ltr'>’ἰούδα</span> <span class='ocrx_word' id='word_1_444' title='bbox 1876 2815 2046 2884; x_wconf 69' lang='grc' dir='ltr'>φυλῆς</span> <span class='ocrx_word' id='word_1_445' title='bbox 2067 2831 2079 2842; x_wconf 92' lang='lat'>&#39;</span> <span class='ocrx_word' id='word_1_446' title='bbox 2105 2813 2178 2876; x_wconf 81' lang='grc' dir='ltr'>ὡς</span> <span class='ocrx_word' id='word_1_447' title='bbox 2204 2816 2235 2882; x_wconf 76' lang='grc' dir='ltr'><strong>ἡ</strong></span> <span class='ocrx_word' id='word_1_448' title='bbox 2279 2814 2375 2882; x_wconf 72' lang='grc' dir='ltr'>μὲν</span> <span class='ocrx_word' id='word_1_449' title='bbox 2415 2813 2470 2864; x_wconf 68' lang='grc' dir='ltr'>ἐν</span> <span class='ocrx_word' id='word_1_450' title='bbox 2499 2813 2723 2865; x_wconf 61' lang='grc' dir='ltr'>εὐθτνίλ</span> <span class='ocrx_word' id='word_1_451' title='bbox 2762 2815 3065 2885; x_wconf 76' lang='grc' dir='ltr'>γενήσεται,</span> <span class='ocrx_word' id='word_1_452' title='bbox 3094 2818 3143 2869; x_wconf 72' lang='grc' dir='ltr'>οἱ</span> <span class='ocrx_word' id='word_1_453' title='bbox 3176 2817 3230 2870; x_wconf 67' lang='grc' dir='ltr'>δὲ</span> <span class='ocrx_word' id='word_1_454' title='bbox 3268 2819 3468 2889; x_wconf 65' lang='grc' dir='ltr'>πολλῆς</span> 
     </span>
    </p>
   </div>
   <div class='ocr_carea' id='block_1_58' title="bbox 197 2901 949 2972">
    <p class='ocr_par' dir='ltr' id='par_1_58' title="bbox 197 2901 949 2972">
     <span class='ocr_line' id='line_1_58' title="bbox 197 2901 949 2972; baseline 0.004 -19"><span class='ocrx_word' id='word_1_455' title='bbox 197 2901 484 2972; x_wconf 77' lang='grc' dir='ltr'>μεθέξουσι</span> <span class='ocrx_word' id='word_1_456' title='bbox 510 2902 610 2972; x_wconf 83' lang='grc' dir='ltr'>τῆς</span> <span class='ocrx_word' id='word_1_457' title='bbox 641 2902 949 2972; x_wconf 76' lang='grc' dir='ltr'>εὐετηρίας.</span> 
     </span>
    </p>
   </div>
   <div class='ocr_carea' id='block_1_59' title="bbox 274 2993 1786 3062">
    <p class='ocr_par' dir='ltr' id='par_1_59' title="bbox 274 2993 1786 3062">
     <span class='ocr_line' id='line_1_59' title="bbox 274 2993 1786 3062; baseline 0.003 -15"><span class='ocrx_word' id='word_1_458' title='bbox 274 2993 418 3062; x_wconf 82' lang='grc' dir='ltr'>Στίχ.</span> <span class='ocrx_word' id='word_1_459' title='bbox 455 2993 552 3058; x_wconf 83' lang='grc' dir='ltr'>ις’,</span> <span class='ocrx_word' id='word_1_460' title='bbox 576 2994 658 3058; x_wconf 83' lang='grc' dir='ltr'>ιζ’.</span> <span class='ocrx_word' id='word_1_461' title='bbox 681 3024 749 3034; x_wconf 91' lang='grc'><strong>-</strong></span> <span class='ocrx_word' id='word_1_462' title='bbox 772 2996 881 3047; x_wconf 75' lang='grc' dir='ltr'>Καὶ</span> <span class='ocrx_word' id='word_1_463' title='bbox 932 2997 1146 3061; x_wconf 68' lang='grc' dir='ltr'>δεικνὺς</span> <span class='ocrx_word' id='word_1_464' title='bbox 1179 2999 1206 3051; x_wconf 85' lang='grc' dir='ltr'><strong>ὃ</strong></span> <span class='ocrx_word' id='word_1_465' title='bbox 1248 3016 1300 3050; x_wconf 90' lang='grc' dir='ltr'>τι</span> <span class='ocrx_word' id='word_1_466' title='bbox 1333 3000 1461 3052; x_wconf 80' lang='grc' dir='ltr'>ποτὲ</span> <span class='ocrx_word' id='word_1_467' title='bbox 1498 2999 1786 3062; x_wconf 75' lang='grc' dir='ltr'>ποιοῦντας</span> 
     </span>
    </p>
   </div>
   <div class='ocr_carea' id='block_1_60' title="bbox 1958 2993 3466 3068">
    <p class='ocr_par' dir='ltr' id='par_1_60' title="bbox 1958 2993 3466 3068">
     <span class='ocr_line' id='line_1_60' title="bbox 1958 2993 3466 3068; baseline 0.003 -20"><span class='ocrx_word' id='word_1_468' title='bbox 1958 2994 2124 3049; x_wconf 71' lang='lat' dir='ltr'><strong>Vens.</strong></span> <span class='ocrx_word' id='word_1_469' title='bbox 2161 2993 2245 3056; x_wconf 82' lang='grc'>16,</span> <span class='ocrx_word' id='word_1_470' title='bbox 2278 2993 2616 3063; x_wconf 81' lang='lat' dir='ltr'><strong>t7.—Atque</strong></span> <span class='ocrx_word' id='word_1_471' title='bbox 2645 3005 2703 3047; x_wconf 92' lang='lat' dir='ltr'>ut</span> <span class='ocrx_word' id='word_1_472' title='bbox 2735 2995 2962 3049; x_wconf 87' lang='lat' dir='ltr'><strong>suadeat</strong></span> <span class='ocrx_word' id='word_1_473' title='bbox 2991 2995 3190 3052; x_wconf 88' lang='lat' dir='ltr'><strong>debere</strong></span> <span class='ocrx_word' id='word_1_474' title='bbox 3218 3013 3334 3062; x_wconf 90' lang='lat' dir='ltr'><strong>eos,</strong></span> <span class='ocrx_word' id='word_1_475' title='bbox 3373 2999 3466 3068; x_wconf 88' lang='lat' dir='ltr'>qui</span> 
     </span>
    </p>
   </div>
   <div class='ocr_carea' id='block_1_61' title="bbox 194 3085 1796 3164">
    <p class='ocr_par' dir='ltr' id='par_1_61' title="bbox 194 3086 1783 3164">
     <span class='ocr_line' id='line_1_61' title="bbox 194 3086 1783 3164; baseline 0.004 -26"><span class='ocrx_word' id='word_1_476' title='bbox 194 3088 446 3156; x_wconf 83' lang='grc' dir='ltr'>προσῆκε</span> <span class='ocrx_word' id='word_1_477' title='bbox 474 3086 552 3155; x_wconf 81' lang='grc' dir='ltr'>τῷ</span> <span class='ocrx_word' id='word_1_478' title='bbox 583 3086 782 3158; x_wconf 76' lang='grc' dir='ltr'>βεϐαίῳ</span> <span class='ocrx_word' id='word_1_479' title='bbox 810 3087 1032 3160; x_wconf 73' lang='grc' dir='ltr'>θαρρεῖν</span> <span class='ocrx_word' id='word_1_480' title='bbox 1061 3089 1169 3141; x_wconf 79' lang='grc' dir='ltr'>τῶν</span> <span class='ocrx_word' id='word_1_481' title='bbox 1202 3091 1571 3158; x_wconf 83' lang='grc' dir='ltr'>ἐπαγγελιῶν·</span> <span class='ocrx_word' id='word_1_482' title='bbox 1613 3092 1783 3164; x_wconf 76' lang='grc' dir='ltr'>(Θαρ-</span> 
     </span>
    </p>
   </div>
   <div class='ocr_carea' id='block_1_62' title="bbox 1888 3085 3464 3164">
    <p class='ocr_par' dir='ltr' id='par_1_62' title="bbox 1888 3085 3464 3155">
     <span class='ocr_line' id='line_1_62' title="bbox 1888 3085 3464 3155; baseline 0.003 -15"><span class='ocrx_word' id='word_1_483' title='bbox 1888 3095 2033 3142; x_wconf 89' lang='lat' dir='ltr'><strong>recte</strong></span> <span class='ocrx_word' id='word_1_484' title='bbox 2084 3087 2357 3150; x_wconf 83' lang='lat' dir='ltr'><strong>facerent,</strong></span> <span class='ocrx_word' id='word_1_485' title='bbox 2409 3085 2651 3141; x_wconf 84' lang='lat' dir='ltr'><strong>ﬁrmitati</strong></span> <span class='ocrx_word' id='word_1_486' title='bbox 2700 3087 3098 3155; x_wconf 86' lang='lat' dir='ltr'><strong>promissorum</strong></span> <span class='ocrx_word' id='word_1_487' title='bbox 3153 3091 3464 3153; x_wconf 75' lang='lat' dir='ltr'><strong>confidere,</strong></span> 
     </span>
    </p>
   </div>
   <div class='ocr_carea' id='block_1_63' title="bbox 199 3170 1784 3254">
    <p class='ocr_par' dir='ltr' id='par_1_63' title="bbox 199 3170 1784 3254">
     <span class='ocr_line' id='line_1_63' title="bbox 199 3170 1784 3254; baseline 0.004 -24"><span class='ocrx_word' id='word_1_488' title='bbox 199 3180 369 3241; x_wconf 88' lang='grc' dir='ltr'>σείτε,</span> <span class='ocrx_word' id='word_1_489' title='bbox 409 3170 554 3230; x_wconf 69' lang='grc' dir='ltr'>οὗτοι</span> <span class='ocrx_word' id='word_1_490' title='bbox 583 3179 632 3231; x_wconf 91' lang='grc' dir='ltr'>οἱ</span> <span class='ocrx_word' id='word_1_491' title='bbox 666 3179 814 3247; x_wconf 86' lang='grc' dir='ltr'>λόγοι</span> <span class='ocrx_word' id='word_1_492' title='bbox 845 3179 938 3242; x_wconf 78' lang='grc' dir='ltr'>οὓς</span> <span class='ocrx_word' id='word_1_493' title='bbox 970 3181 1224 3252; x_wconf 76' lang='grc' dir='ltr'>ποιήσετε</span> <span class='ocrx_word' id='word_1_494' title='bbox 1247 3223 1259 3244; x_wconf 89' lang='grc'>,</span> <span class='ocrx_word' id='word_1_495' title='bbox 1289 3182 1500 3235; x_wconf 79' lang='grc' dir='ltr'>λαλεῖτε</span> <span class='ocrx_word' id='word_1_496' title='bbox 1528 3182 1784 3254; x_wconf 79' lang='grc' dir='ltr'>ἀληθειαν</span> 
     </span>
    </p>
   </div>
   <div class='ocr_carea' id='block_1_64' title="bbox 195 3269 1787 3345">
    <p class='ocr_par' dir='ltr' id='par_1_64' title="bbox 195 3269 1787 3345">
     <span class='ocr_line' id='line_1_64' title="bbox 195 3269 1787 3345; baseline 0.004 -24"><span class='ocrx_word' id='word_1_497' title='bbox 195 3269 432 3331; x_wconf 79' lang='grc' dir='ltr'>ἕκαστος</span> <span class='ocrx_word' id='word_1_498' title='bbox 464 3271 599 3340; x_wconf 67' lang='grc' dir='ltr'>πρὸς</span> <span class='ocrx_word' id='word_1_499' title='bbox 625 3269 716 3323; x_wconf 74' lang='grc' dir='ltr'>τὸν</span> <span class='ocrx_word' id='word_1_500' title='bbox 759 3271 980 3342; x_wconf 86' lang='grc' dir='ltr'>πλησίον</span> <span class='ocrx_word' id='word_1_501' title='bbox 1018 3271 1182 3324; x_wconf 81' lang='grc' dir='ltr'>αὐτοῦ</span> <span class='ocrx_word' id='word_1_502' title='bbox 1210 3316 1224 3338; x_wconf 91' lang='grc'>,</span> <span class='ocrx_word' id='word_1_503' title='bbox 1258 3273 1351 3326; x_wconf 73' lang='grc' dir='ltr'>καὶ</span> <span class='ocrx_word' id='word_1_504' title='bbox 1381 3273 1554 3344; x_wconf 88' lang='grc' dir='ltr'>κρίμα</span> <span class='ocrx_word' id='word_1_505' title='bbox 1583 3276 1787 3345; x_wconf 82' lang='grc' dir='ltr'>εἰρηνι-</span> 
     </span>
    </p>
   </div>
   <div class='ocr_carea' id='block_1_65' title="bbox 198 3361 1786 3436">
    <p class='ocr_par' dir='ltr' id='par_1_65' title="bbox 198 3361 1786 3436">
     <span class='ocr_line' id='line_1_65' title="bbox 198 3361 1786 3436; baseline 0.003 -21"><span class='ocrx_word' id='word_1_506' title='bbox 198 3361 298 3415; x_wconf 81' lang='grc' dir='ltr'>κὸν</span> <span class='ocrx_word' id='word_1_507' title='bbox 328 3362 548 3432; x_wconf 82' lang='grc' dir='ltr'>κρίνατε</span> <span class='ocrx_word' id='word_1_508' title='bbox 573 3363 629 3415; x_wconf 83' lang='grc' dir='ltr'>ἐν</span> <span class='ocrx_word' id='word_1_509' title='bbox 681 3366 802 3425; x_wconf 88' lang='grc' dir='ltr'>ταῖς</span> <span class='ocrx_word' id='word_1_510' title='bbox 833 3362 1030 3426; x_wconf 78' lang='grc' dir='ltr'>πύλαις</span> <span class='ocrx_word' id='word_1_511' title='bbox 1058 3363 1211 3434; x_wconf 82' lang='grc' dir='ltr'>ὑμῶν</span> <span class='ocrx_word' id='word_1_512' title='bbox 1238 3381 1251 3394; x_wconf 93' lang='grc'><strong>·</strong></span> <span class='ocrx_word' id='word_1_513' title='bbox 1288 3367 1382 3418; x_wconf 72' lang='grc' dir='ltr'>καὶ</span> <span class='ocrx_word' id='word_1_514' title='bbox 1414 3367 1644 3429; x_wconf 74' lang='grc' dir='ltr'>ἕκαστος</span> <span class='ocrx_word' id='word_1_515' title='bbox 1688 3366 1786 3436; x_wconf 80' lang='grc' dir='ltr'>τὴν</span> 
     </span>
    </p>
   </div>
   <div class='ocr_carea' id='block_1_66' title="bbox 199 3453 1784 3528">
    <p class='ocr_par' dir='ltr' id='par_1_66' title="bbox 199 3453 1784 3528">
     <span class='ocr_line' id='line_1_66' title="bbox 199 3453 1784 3528; baseline 0.001 -22"><span class='ocrx_word' id='word_1_516' title='bbox 199 3455 404 3507; x_wconf 79' lang='grc' dir='ltr'>κακίαν</span> <span class='ocrx_word' id='word_1_517' title='bbox 431 3453 524 3506; x_wconf 90' lang='grc' dir='ltr'>τοῦ</span> <span class='ocrx_word' id='word_1_518' title='bbox 555 3454 781 3525; x_wconf 90' lang='grc' dir='ltr'>πλησίον</span> <span class='ocrx_word' id='word_1_519' title='bbox 830 3455 903 3526; x_wconf 81' lang='grc' dir='ltr'>μὴ</span> <span class='ocrx_word' id='word_1_520' title='bbox 935 3455 1214 3524; x_wconf 78' lang='grc' dir='ltr'>λογίζεσθε</span> <span class='ocrx_word' id='word_1_521' title='bbox 1248 3457 1304 3508; x_wconf 85' lang='grc' dir='ltr'>ἐν</span> <span class='ocrx_word' id='word_1_522' title='bbox 1336 3457 1584 3528; x_wconf 83' lang='grc' dir='ltr'>καρδίαις</span> <span class='ocrx_word' id='word_1_523' title='bbox 1611 3457 1784 3527; x_wconf 76' lang='grc' dir='ltr'>ὑμῶν,</span> 
     </span>
    </p>
   </div>
   <div class='ocr_carea' id='block_1_67' title="bbox 200 3545 1787 3617">
    <p class='ocr_par' dir='ltr' id='par_1_67' title="bbox 200 3545 1787 3617">
     <span class='ocr_line' id='line_1_67' title="bbox 200 3545 1787 3617; baseline 0.003 -19"><span class='ocrx_word' id='word_1_524' title='bbox 200 3545 296 3598; x_wconf 83' lang='grc' dir='ltr'>καὶ</span> <span class='ocrx_word' id='word_1_525' title='bbox 336 3546 498 3616; x_wconf 80' lang='grc' dir='ltr'>ὅρκον</span> <span class='ocrx_word' id='word_1_526' title='bbox 542 3546 709 3616; x_wconf 70' lang='grc' dir='ltr'>ψευδῆ</span> <span class='ocrx_word' id='word_1_527' title='bbox 753 3546 825 3617; x_wconf 82' lang='grc' dir='ltr'>μὴ</span> <span class='ocrx_word' id='word_1_528' title='bbox 858 3548 1150 3614; x_wconf 76' lang='grc' dir='ltr'>ἀγαπόἰτε⁹</span> <span class='ocrx_word' id='word_1_529' title='bbox 1195 3547 1330 3601; x_wconf 84' lang='grc' dir='ltr'>διότι</span> <span class='ocrx_word' id='word_1_530' title='bbox 1386 3549 1559 3602; x_wconf 85' lang='grc' dir='ltr'>ταῦτα</span> <span class='ocrx_word' id='word_1_531' title='bbox 1611 3549 1787 3602; x_wconf 85' lang='grc' dir='ltr'>πάντα</span> 
     </span>
    </p>
   </div>
   <div class='ocr_carea' id='block_1_68' title="bbox 201 3637 1788 3710">
    <p class='ocr_par' dir='ltr' id='par_1_68' title="bbox 201 3637 1788 3710">
     <span class='ocr_line' id='line_1_68' title="bbox 201 3637 1788 3710; baseline 0.001 -20"><span class='ocrx_word' id='word_1_532' title='bbox 201 3637 464 3708; x_wconf 79' lang='grc' dir='ltr'>ἐμίσησα,</span> <span class='ocrx_word' id='word_1_533' title='bbox 497 3637 644 3706; x_wconf 88' lang='grc' dir='ltr'>λέγει</span> <span class='ocrx_word' id='word_1_534' title='bbox 669 3638 869 3710; x_wconf 81' lang='grc' dir='ltr'>Κύριος</span> <span class='ocrx_word' id='word_1_535' title='bbox 893 3638 1309 3709; x_wconf 82' lang='grc' dir='ltr'>παντοκράτωρ.</span> <span class='ocrx_word' id='word_1_536' title='bbox 1344 3658 1360 3689; x_wconf 84' lang='grc' dir='ltr'>ι</span> <span class='ocrx_word' id='word_1_537' title='bbox 1402 3639 1475 3710; x_wconf 88' lang='lat' dir='ltr'>(p.</span> <span class='ocrx_word' id='word_1_538' title='bbox 1498 3639 1620 3709; x_wconf 71' lang='grc'>489)</span> <span class='ocrx_word' id='word_1_539' title='bbox 1647 3640 1788 3710; x_wconf 75' lang='grc' dir='ltr'>Θαρ-</span> 
     </span>
    </p>
   </div>
   <div class='ocr_carea' id='block_1_69' title="bbox 207 3730 1787 3802">
    <p class='ocr_par' dir='ltr' id='par_1_69' title="bbox 207 3730 1787 3802">
     <span class='ocr_line' id='line_1_69' title="bbox 207 3730 1787 3802; baseline 0.001 -20"><span class='ocrx_word' id='word_1_540' title='bbox 207 3732 350 3802; x_wconf 80' lang='grc' dir='ltr'>ρεῖτε</span> <span class='ocrx_word' id='word_1_541' title='bbox 388 3730 451 3801; x_wconf 84' lang='grc' dir='ltr'>δὴ</span> <span class='ocrx_word' id='word_1_542' title='bbox 482 3733 601 3794; x_wconf 90' lang='grc' dir='ltr'>ταῖς</span> <span class='ocrx_word' id='word_1_543' title='bbox 623 3731 976 3800; x_wconf 77' lang='grc' dir='ltr'>ἐπαγγελίαις</span> <span class='ocrx_word' id='word_1_544' title='bbox 1006 3734 1123 3794; x_wconf 87' lang='grc' dir='ltr'>ταῖς</span> <span class='ocrx_word' id='word_1_545' title='bbox 1155 3732 1316 3802; x_wconf 82' lang='grc' dir='ltr'>ἐμαῖς</span> <span class='ocrx_word' id='word_1_546' title='bbox 1342 3749 1355 3762; x_wconf 78' lang='grc' dir='ltr'><strong>ο</strong></span> <span class='ocrx_word' id='word_1_547' title='bbox 1411 3735 1459 3784; x_wconf 83' lang='grc' dir='ltr'>εὶ</span> <span class='ocrx_word' id='word_1_548' title='bbox 1488 3733 1693 3784; x_wconf 82' lang='grc' dir='ltr'>τούτων</span> <span class='ocrx_word' id='word_1_549' title='bbox 1723 3731 1787 3802; x_wconf 84' lang='grc' dir='ltr'>δὴ</span> 
     </span>
    </p>
   </div>
   <div class='ocr_carea' id='block_1_70' title="bbox 205 3814 1786 3893">
    <p class='ocr_par' dir='ltr' id='par_1_70' title="bbox 205 3814 1786 3893">
     <span class='ocr_line' id='line_1_70' title="bbox 205 3814 1786 3893; baseline 0 -19"><span class='ocrx_word' id='word_1_550' title='bbox 205 3814 394 3893; x_wconf 82' lang='grc' dir='ltr'>ὧνπερ</span> <span class='ocrx_word' id='word_1_551' title='bbox 415 3818 508 3875; x_wconf 78' lang='grc' dir='ltr'>οὖν</span> <span class='ocrx_word' id='word_1_552' title='bbox 535 3821 886 3892; x_wconf 75' lang='grc' dir='ltr'>συμϐουλεύω</span> <span class='ocrx_word' id='word_1_553' title='bbox 907 3823 1107 3893; x_wconf 79' lang='grc' dir='ltr'>πολλὴν</span> <span class='ocrx_word' id='word_1_554' title='bbox 1129 3822 1302 3893; x_wconf 81' lang='grc' dir='ltr'>ἔχοιτε</span> <span class='ocrx_word' id='word_1_555' title='bbox 1328 3824 1423 3893; x_wconf 86' lang='grc' dir='ltr'>τὴν</span> <span class='ocrx_word' id='word_1_556' title='bbox 1448 3823 1786 3893; x_wconf 85' lang='grc' dir='ltr'>ἐπιμέλειαν,</span> 
     </span>
    </p>
   </div>
   <div class='ocr_carea' id='block_1_71' title="bbox 202 3913 1787 3986">
    <p class='ocr_par' dir='ltr' id='par_1_71' title="bbox 202 3913 1787 3986">
     <span class='ocr_line' id='line_1_71' title="bbox 202 3913 1787 3986; baseline -0.003 -18"><span class='ocrx_word' id='word_1_557' title='bbox 202 3913 409 3978; x_wconf 86' lang='grc' dir='ltr'>ἀδόλως</span> <span class='ocrx_word' id='word_1_558' title='bbox 457 3913 556 3984; x_wconf 84' lang='grc' dir='ltr'>μὲν</span> <span class='ocrx_word' id='word_1_559' title='bbox 583 3914 649 3968; x_wconf 81' lang='grc' dir='ltr'>τά</span> <span class='ocrx_word' id='word_1_560' title='bbox 675 3915 810 3986; x_wconf 76' lang='grc' dir='ltr'>πρὸς</span> <span class='ocrx_word' id='word_1_561' title='bbox 841 3913 1109 3985; x_wconf 78' lang='grc' dir='ltr'>ἀλλήλους</span> <span class='ocrx_word' id='word_1_562' title='bbox 1142 3913 1474 3976; x_wconf 83' lang='grc' dir='ltr'>διατιθέντες</span> <span class='ocrx_word' id='word_1_563' title='bbox 1498 3955 1511 3979; x_wconf 88' lang='grc'>,</span> <span class='ocrx_word' id='word_1_564' title='bbox 1560 3913 1787 3983; x_wconf 83' lang='grc' dir='ltr'>ἀληθινῇ</span> 
     </span>
    </p>
   </div>
   <div class='ocr_carea' id='block_1_72' title="bbox 201 4005 1790 4078">
    <p class='ocr_par' dir='ltr' id='par_1_72' title="bbox 201 4005 1790 4078">
     <span class='ocr_line' id='line_1_72' title="bbox 201 4005 1790 4078; baseline -0.003 -18"><span class='ocrx_word' id='word_1_565' title='bbox 201 4007 257 4060; x_wconf 73' lang='grc' dir='ltr'>δὲ</span> <span class='ocrx_word' id='word_1_566' title='bbox 279 4008 489 4077; x_wconf 73' lang='grc' dir='ltr'>διανοίᾳ</span> <span class='ocrx_word' id='word_1_567' title='bbox 508 4007 605 4078; x_wconf 82' lang='grc' dir='ltr'>τὴν</span> <span class='ocrx_word' id='word_1_568' title='bbox 630 4006 766 4075; x_wconf 75' lang='grc' dir='ltr'>πρὸς</span> <span class='ocrx_word' id='word_1_569' title='bbox 787 4005 1049 4076; x_wconf 78' lang='grc' dir='ltr'>ἀλλήλους</span> <span class='ocrx_word' id='word_1_570' title='bbox 1076 4005 1447 4068; x_wconf 80' lang='grc' dir='ltr'>ἀποσώζοντες</span> <span class='ocrx_word' id='word_1_571' title='bbox 1471 4005 1672 4073; x_wconf 80' lang='grc' dir='ltr'>φιλίαν,</span> <span class='ocrx_word' id='word_1_572' title='bbox 1697 4005 1790 4056; x_wconf 80' lang='grc' dir='ltr'>καὶ</span> 
     </span>
    </p>
   </div>
   <div class='ocr_carea' id='block_1_73' title="bbox 203 4097 1789 4172">
    <p class='ocr_par' dir='ltr' id='par_1_73' title="bbox 203 4097 1789 4172">
     <span class='ocr_line' id='line_1_73' title="bbox 203 4097 1789 4172; baseline -0.003 -18"><span class='ocrx_word' id='word_1_573' title='bbox 203 4101 270 4172; x_wconf 77' lang='grc' dir='ltr'>δὴ</span> <span class='ocrx_word' id='word_1_574' title='bbox 308 4101 644 4171; x_wconf 76' lang='grc' dir='ltr'>φροντίζοιτε</span> <span class='ocrx_word' id='word_1_575' title='bbox 690 4100 870 4162; x_wconf 86' lang='grc' dir='ltr'>πάσας</span> <span class='ocrx_word' id='word_1_576' title='bbox 914 4100 1011 4162; x_wconf 81' lang='grc' dir='ltr'>τὰς</span> <span class='ocrx_word' id='word_1_577' title='bbox 1042 4099 1418 4167; x_wconf 83' lang='grc' dir='ltr'>ἐμπιπτούσας</span> <span class='ocrx_word' id='word_1_578' title='bbox 1456 4097 1789 4167; x_wconf 73' lang='grc' dir='ltr'>φιλονεικίας</span> 
     </span>
    </p>
   </div>
   <div class='ocr_carea' id='block_1_74' title="bbox 203 4191 1790 4262">
    <p class='ocr_par' dir='ltr' id='par_1_74' title="bbox 203 4191 1790 4262">
     <span class='ocr_line' id='line_1_74' title="bbox 203 4191 1790 4262; baseline -0.003 -16"><span class='ocrx_word' id='word_1_579' title='bbox 203 4193 517 4256; x_wconf 83' lang='grc' dir='ltr'>διαλύοντες</span> <span class='ocrx_word' id='word_1_580' title='bbox 548 4194 627 4256; x_wconf 83' lang='grc' dir='ltr'>εἰς</span> <span class='ocrx_word' id='word_1_581' title='bbox 657 4191 840 4261; x_wconf 83' lang='grc' dir='ltr'>φιλίαν</span> <span class='ocrx_word' id='word_1_582' title='bbox 875 4191 1204 4260; x_wconf 88' lang='grc' dir='ltr'>συνάγεσθαι</span> <span class='ocrx_word' id='word_1_583' title='bbox 1246 4191 1562 4262; x_wconf 86' lang='grc' dir='ltr'>πρέπουσάν</span> <span class='ocrx_word' id='word_1_584' title='bbox 1601 4208 1664 4258; x_wconf 91' lang='grc' dir='ltr'>γε</span> <span class='ocrx_word' id='word_1_585' title='bbox 1695 4191 1790 4243; x_wconf 78' lang='grc' dir='ltr'>καὶ</span> 
     </span>
    </p>
   </div>
   <div class='ocr_carea' id='block_1_75' title="bbox 207 4283 1789 4357">
    <p class='ocr_par' dir='ltr' id='par_1_75' title="bbox 207 4283 1789 4357">
     <span class='ocr_line' id='line_1_75' title="bbox 207 4283 1789 4357; baseline -0.003 -19"><span class='ocrx_word' id='word_1_586' title='bbox 207 4287 346 4357; x_wconf 84' lang='grc' dir='ltr'>πρὸς</span> <span class='ocrx_word' id='word_1_587' title='bbox 407 4285 631 4356; x_wconf 78' lang='grc' dir='ltr'>εἰρήνην</span> <span class='ocrx_word' id='word_1_588' title='bbox 705 4286 1032 4348; x_wconf 81' lang='grc' dir='ltr'>συνιοῦσαν,</span> <span class='ocrx_word' id='word_1_589' title='bbox 1087 4285 1196 4338; x_wconf 82' lang='grc' dir='ltr'>τῶν</span> <span class='ocrx_word' id='word_1_590' title='bbox 1257 4283 1789 4354; x_wconf 71' lang='grc' dir='ltr'>ἀμφισϐητουμένων</span> 
     </span>
    </p>
   </div>
   <div class='ocr_carea' id='block_1_76' title="bbox 206 4375 1790 4446">
    <p class='ocr_par' dir='ltr' id='par_1_76' title="bbox 206 4375 1790 4446">
     <span class='ocr_line' id='line_1_76' title="bbox 206 4375 1790 4446; baseline -0.002 -18"><span class='ocrx_word' id='word_1_591' title='bbox 206 4375 520 4445; x_wconf 84' lang='grc' dir='ltr'>ποιούμενοι</span> <span class='ocrx_word' id='word_1_592' title='bbox 545 4375 643 4446; x_wconf 82' lang='grc' dir='ltr'>τὴν</span> <span class='ocrx_word' id='word_1_593' title='bbox 676 4376 955 4440; x_wconf 83' lang='grc' dir='ltr'>διάλυσιν,</span> <span class='ocrx_word' id='word_1_594' title='bbox 997 4375 1065 4428; x_wconf 79' lang='grc' dir='ltr'>τά</span> <span class='ocrx_word' id='word_1_595' title='bbox 1099 4375 1464 4444; x_wconf 78' lang='grc' dir='ltr'>συμϐαίνοντά</span> <span class='ocrx_word' id='word_1_596' title='bbox 1503 4391 1561 4425; x_wconf 88' lang='grc' dir='ltr'>τε</span> <span class='ocrx_word' id='word_1_597' title='bbox 1611 4391 1790 4443; x_wconf 86' lang='grc' dir='ltr'>παρα-</span> 
     </span>
    </p>
   </div>
   <div class='ocr_carea' id='block_1_77' title="bbox 1893 3178 3464 3251">
    <p class='ocr_par' dir='ltr' id='par_1_77' title="bbox 1893 3178 3464 3251">
     <span class='ocr_line' id='line_1_77' title="bbox 1893 3178 3464 3251; baseline 0.004 -20"><span class='ocrx_word' id='word_1_598' title='bbox 1893 3198 1910 3231; x_wconf 80' lang='grc'><strong>(</strong></span> <span class='ocrx_word' id='word_1_599' title='bbox 1932 3178 2221 3242; x_wconf 81' lang='lat' dir='ltr'><strong>Conﬁdite,</strong></span> <span class='ocrx_word' id='word_1_600' title='bbox 2243 3179 2447 3247; x_wconf 89' lang='lat' dir='ltr'><strong>inquit;</strong></span> <span class='ocrx_word' id='word_1_601' title='bbox 2475 3179 2564 3232; x_wconf 87' lang='lat' dir='ltr'><strong>isti</strong></span> <span class='ocrx_word' id='word_1_602' title='bbox 2591 3187 2718 3233; x_wconf 91' lang='lat' dir='ltr'><strong>sunt</strong></span> <span class='ocrx_word' id='word_1_603' title='bbox 2741 3194 3026 3236; x_wconf 87' lang='lat' dir='ltr'><strong>sermones</strong></span> <span class='ocrx_word' id='word_1_604' title='bbox 3049 3197 3190 3251; x_wconf 92' lang='lat' dir='ltr'><strong>quos</strong></span> <span class='ocrx_word' id='word_1_605' title='bbox 3213 3183 3424 3239; x_wconf 79' lang='lat' dir='ltr'><strong>facietis</strong></span> <span class='ocrx_word' id='word_1_606' title='bbox 3451 3205 3464 3237; x_wconf 89' lang='lat'><strong>:</strong></span> 
     </span>
    </p>
   </div>
   <div class='ocr_carea' id='block_1_78' title="bbox 1889 3270 3464 3343">
    <p class='ocr_par' dir='ltr' id='par_1_78' title="bbox 1889 3270 3464 3343">
     <span class='ocr_line' id='line_1_78' title="bbox 1889 3270 3464 3343; baseline 0.003 -19"><span class='ocrx_word' id='word_1_607' title='bbox 1889 3271 2176 3341; x_wconf 89' lang='lat' dir='ltr'><strong>loquimini</strong></span> <span class='ocrx_word' id='word_1_608' title='bbox 2241 3270 2528 3325; x_wconf 78' lang='lat' dir='ltr'><strong>veritatem</strong></span> <span class='ocrx_word' id='word_1_609' title='bbox 2585 3272 2966 3342; x_wconf 88' lang='lat' dir='ltr'><strong>unusquisque</strong></span> <span class='ocrx_word' id='word_1_610' title='bbox 3034 3274 3100 3327; x_wconf 86' lang='lat' dir='ltr'>ad</span> <span class='ocrx_word' id='word_1_611' title='bbox 3155 3275 3464 3343; x_wconf 75' lang='lat' dir='ltr'><strong>proximum</strong></span> 
     </span>
    </p>
   </div>
   <div class='ocr_carea' id='block_1_79' title="bbox 1890 3359 3464 3432">
    <p class='ocr_par' dir='ltr' id='par_1_79' title="bbox 1890 3359 3464 3432">
     <span class='ocr_line' id='line_1_79' title="bbox 1890 3359 3464 3432; baseline 0.003 -18"><span class='ocrx_word' id='word_1_612' title='bbox 1890 3377 2072 3426; x_wconf 88' lang='lat' dir='ltr'><strong>suum,</strong></span> <span class='ocrx_word' id='word_1_613' title='bbox 2103 3369 2158 3414; x_wconf 91' lang='lat' dir='ltr'><strong>et</strong></span> <span class='ocrx_word' id='word_1_614' title='bbox 2177 3359 2390 3428; x_wconf 90' lang='lat' dir='ltr'><strong>justum</strong></span> <span class='ocrx_word' id='word_1_615' title='bbox 2417 3359 2688 3428; x_wconf 88' lang='lat' dir='ltr'><strong>judicium</strong></span> <span class='ocrx_word' id='word_1_616' title='bbox 2709 3361 2952 3429; x_wconf 90' lang='lat' dir='ltr'><strong>judicate</strong></span> <span class='ocrx_word' id='word_1_617' title='bbox 2976 3365 3027 3416; x_wconf 89' lang='lat' dir='ltr'>in</span> <span class='ocrx_word' id='word_1_618' title='bbox 3051 3367 3223 3432; x_wconf 87' lang='lat' dir='ltr'><strong>portis</strong></span> <span class='ocrx_word' id='word_1_619' title='bbox 3248 3367 3464 3419; x_wconf 88' lang='lat' dir='ltr'><strong>vestris.</strong></span> 
     </span>
    </p>
   </div>
   <div class='ocr_carea' id='block_1_80' title="bbox 1891 3451 3465 3520">
    <p class='ocr_par' dir='ltr' id='par_1_80' title="bbox 1891 3451 3465 3520">
     <span class='ocr_line' id='line_1_80' title="bbox 1891 3451 3465 3520; baseline 0.004 -18"><span class='ocrx_word' id='word_1_620' title='bbox 1891 3451 1954 3504; x_wconf 86' lang='lat' dir='ltr'><strong>Et</strong></span> <span class='ocrx_word' id='word_1_621' title='bbox 1981 3451 2367 3520; x_wconf 91' lang='lat' dir='ltr'><strong>unusquisque</strong></span> <span class='ocrx_word' id='word_1_622' title='bbox 2411 3451 2612 3504; x_wconf 89' lang='lat' dir='ltr'><strong>malum</strong></span> <span class='ocrx_word' id='word_1_623' title='bbox 2657 3456 2905 3520; x_wconf 83' lang='lat' dir='ltr'><strong>proximo</strong></span> <span class='ocrx_word' id='word_1_624' title='bbox 2951 3467 3052 3506; x_wconf 91' lang='lat' dir='ltr'>suo</span> <span class='ocrx_word' id='word_1_625' title='bbox 3084 3469 3152 3508; x_wconf 94' lang='lat' dir='ltr'><strong>ne</strong></span> <span class='ocrx_word' id='word_1_626' title='bbox 3183 3457 3465 3509; x_wconf 86' lang='lat' dir='ltr'><strong>machine-</strong></span> 
     </span>
    </p>
   </div>
   <div class='ocr_carea' id='block_1_81' title="bbox 1889 3542 3464 3613">
    <p class='ocr_par' dir='ltr' id='par_1_81' title="bbox 1889 3542 3464 3613">
     <span class='ocr_line' id='line_1_81' title="bbox 1889 3542 3464 3613; baseline -0.001 -17"><span class='ocrx_word' id='word_1_627' title='bbox 1889 3542 2022 3598; x_wconf 90' lang='lat' dir='ltr'><strong>mini</strong></span> <span class='ocrx_word' id='word_1_628' title='bbox 2063 3543 2116 3596; x_wconf 88' lang='lat' dir='ltr'>in</span> <span class='ocrx_word' id='word_1_629' title='bbox 2152 3542 2414 3597; x_wconf 87' lang='lat' dir='ltr'><strong>cordibus</strong></span> <span class='ocrx_word' id='word_1_630' title='bbox 2448 3542 2669 3605; x_wconf 75' lang='lat' dir='ltr'><strong>vestris,</strong></span> <span class='ocrx_word' id='word_1_631' title='bbox 2722 3551 2776 3596; x_wconf 89' lang='lat' dir='ltr'><strong>et</strong></span> <span class='ocrx_word' id='word_1_632' title='bbox 2815 3544 3044 3597; x_wconf 83' lang='lat' dir='ltr'><strong>mendax</strong></span> <span class='ocrx_word' id='word_1_633' title='bbox 3077 3544 3464 3613; x_wconf 88' lang='lat' dir='ltr'><strong>jusjurandum</strong></span> 
     </span>
    </p>
   </div>
   <div class='ocr_carea' id='block_1_82' title="bbox 1889 3633 3466 3706">
    <p class='ocr_par' dir='ltr' id='par_1_82' title="bbox 1889 3633 3466 3706">
     <span class='ocr_line' id='line_1_82' title="bbox 1889 3633 3466 3706; baseline 0 -16"><span class='ocrx_word' id='word_1_634' title='bbox 1889 3651 1957 3690; x_wconf 88' lang='lat' dir='ltr'>ne</span> <span class='ocrx_word' id='word_1_635' title='bbox 1983 3634 2247 3706; x_wconf 80' lang='lat' dir='ltr'><strong>diligatis,</strong></span> <span class='ocrx_word' id='word_1_636' title='bbox 2303 3633 2430 3703; x_wconf 89' lang='lat' dir='ltr'><strong>quia</strong></span> <span class='ocrx_word' id='word_1_637' title='bbox 2468 3633 2583 3688; x_wconf 73' lang='lat' dir='ltr'><strong>inec</strong></span> <span class='ocrx_word' id='word_1_638' title='bbox 2632 3634 2816 3688; x_wconf 87' lang='lat' dir='ltr'><strong>omnia</strong></span> <span class='ocrx_word' id='word_1_639' title='bbox 2870 3634 2981 3700; x_wconf 91' lang='lat' dir='ltr'><strong>odi,</strong></span> <span class='ocrx_word' id='word_1_640' title='bbox 3030 3635 3166 3689; x_wconf 86' lang='lat' dir='ltr'><strong>dicit</strong></span> <span class='ocrx_word' id='word_1_641' title='bbox 3198 3636 3466 3691; x_wconf 82' lang='lat' dir='ltr'><strong>Dominus</strong></span> 
     </span>
    </p>
   </div>
   <div class='ocr_carea' id='block_1_83' title="bbox 1889 3726 3466 3796">
    <p class='ocr_par' dir='ltr' id='par_1_83' title="bbox 1889 3726 3466 3796">
     <span class='ocr_line' id='line_1_83' title="bbox 1889 3726 3466 3796; baseline 0.001 -16"><span class='ocrx_word' id='word_1_642' title='bbox 1889 3727 2259 3796; x_wconf 89' lang='lat' dir='ltr'><strong>omnipotens.</strong></span> <span class='ocrx_word' id='word_1_643' title='bbox 2302 3745 2319 3777; x_wconf 83' lang='grc' dir='ltr'>ι</span> <span class='ocrx_word' id='word_1_644' title='bbox 2361 3726 2634 3781; x_wconf 77' lang='lat' dir='ltr'><strong>Coutidite</strong></span> <span class='ocrx_word' id='word_1_645' title='bbox 2692 3727 2980 3796; x_wconf 70' lang='lat' dir='ltr'><strong>promissis</strong></span> <span class='ocrx_word' id='word_1_646' title='bbox 3011 3729 3184 3792; x_wconf 88' lang='lat' dir='ltr'><strong>meis;</strong></span> <span class='ocrx_word' id='word_1_647' title='bbox 3241 3729 3285 3783; x_wconf 89' lang='lat' dir='ltr'>si</span> <span class='ocrx_word' id='word_1_648' title='bbox 3319 3742 3466 3783; x_wconf 87' lang='lat' dir='ltr'><strong>certe</strong></span> 
     </span>
    </p>
   </div>
   <div class='ocr_carea' id='block_1_84' title="bbox 1889 3817 3462 3884">
    <p class='ocr_par' dir='ltr' id='par_1_84' title="bbox 1889 3817 3462 3884">
     <span class='ocr_line' id='line_1_84' title="bbox 1889 3817 3462 3884; baseline 0.001 -13"><span class='ocrx_word' id='word_1_649' title='bbox 1889 3818 2249 3871; x_wconf 79' lang='lat' dir='ltr'><strong>consiliorum</strong></span> <span class='ocrx_word' id='word_1_650' title='bbox 2303 3832 2424 3884; x_wconf 66' lang='lat' dir='ltr'><strong>quae</strong></span> <span class='ocrx_word' id='word_1_651' title='bbox 2460 3817 2615 3870; x_wconf 85' lang='lat' dir='ltr'><strong>vobis</strong></span> <span class='ocrx_word' id='word_1_652' title='bbox 2650 3819 2797 3871; x_wconf 88' lang='lat' dir='ltr'><strong>suasi</strong></span> <span class='ocrx_word' id='word_1_653' title='bbox 2836 3817 3099 3871; x_wconf 85' lang='lat' dir='ltr'><strong>rationem</strong></span> <span class='ocrx_word' id='word_1_654' title='bbox 3141 3819 3462 3878; x_wconf 83' lang='lat' dir='ltr'><strong>habueritis.</strong></span> 
     </span>
    </p>
   </div>
   <div class='ocr_carea' id='block_1_85' title="bbox 1890 3907 3464 3967">
    <p class='ocr_par' dir='ltr' id='par_1_85' title="bbox 1890 3907 3464 3967">
     <span class='ocr_line' id='line_1_85' title="bbox 1890 3907 3464 3967; baseline 0 -3"><span class='ocrx_word' id='word_1_655' title='bbox 1890 3910 2007 3964; x_wconf 87' lang='lat' dir='ltr'><strong>sine</strong></span> <span class='ocrx_word' id='word_1_656' title='bbox 2037 3908 2162 3962; x_wconf 92' lang='lat' dir='ltr'><strong>dolo</strong></span> <span class='ocrx_word' id='word_1_657' title='bbox 2195 3907 2423 3961; x_wconf 86' lang='lat' dir='ltr'><strong>invicem</strong></span> <span class='ocrx_word' id='word_1_658' title='bbox 2456 3915 2776 3967; x_wconf 84' lang='lat' dir='ltr'><strong>tractantes,</strong></span> <span class='ocrx_word' id='word_1_659' title='bbox 2817 3915 2871 3961; x_wconf 91' lang='lat' dir='ltr'><strong>et</strong></span> <span class='ocrx_word' id='word_1_660' title='bbox 2895 3923 3086 3961; x_wconf 82' lang='lat' dir='ltr'><strong>vet‘aee</strong></span> <span class='ocrx_word' id='word_1_661' title='bbox 3125 3918 3304 3962; x_wconf 90' lang='lat' dir='ltr'><strong>mente</strong></span> <span class='ocrx_word' id='word_1_662' title='bbox 3341 3926 3464 3964; x_wconf 89' lang='lat' dir='ltr'><strong>mu-</strong></span> 
     </span>
    </p>
   </div>
   <div class='ocr_carea' id='block_1_86' title="bbox 1889 3997 3460 4067">
    <p class='ocr_par' dir='ltr' id='par_1_86' title="bbox 1889 3997 3460 4067">
     <span class='ocr_line' id='line_1_86' title="bbox 1889 3997 3460 4067; baseline -0.001 -14"><span class='ocrx_word' id='word_1_663' title='bbox 1889 4009 2037 4054; x_wconf 91' lang='lat' dir='ltr'><strong>tuam</strong></span> <span class='ocrx_word' id='word_1_664' title='bbox 2075 3998 2395 4052; x_wconf 87' lang='lat' dir='ltr'><strong>charitatem</strong></span> <span class='ocrx_word' id='word_1_665' title='bbox 2423 4008 2737 4061; x_wconf 88' lang='lat' dir='ltr'><strong>servantes;</strong></span> <span class='ocrx_word' id='word_1_666' title='bbox 2774 4007 2826 4050; x_wconf 88' lang='lat' dir='ltr'>et</span> <span class='ocrx_word' id='word_1_667' title='bbox 2857 3997 2900 4050; x_wconf 87' lang='lat' dir='ltr'><strong>si</strong></span> <span class='ocrx_word' id='word_1_668' title='bbox 2933 4012 3153 4067; x_wconf 89' lang='lat' dir='ltr'><strong>operam</strong></span> <span class='ocrx_word' id='word_1_669' title='bbox 3179 3997 3460 4057; x_wconf 85' lang='lat' dir='ltr'><strong>dederitis,</strong></span> 
     </span>
    </p>
   </div>
   <div class='ocr_carea' id='block_1_87' title="bbox 1890 4089 3463 4159">
    <p class='ocr_par' dir='ltr' id='par_1_87' title="bbox 1890 4089 3463 4159">
     <span class='ocr_line' id='line_1_87' title="bbox 1890 4089 3463 4159; baseline -0.002 -14"><span class='ocrx_word' id='word_1_670' title='bbox 1890 4101 1949 4145; x_wconf 93' lang='lat' dir='ltr'>ut</span> <span class='ocrx_word' id='word_1_671' title='bbox 1991 4092 2360 4146; x_wconf 77' lang='lat' dir='ltr'><strong>incidentibus</strong></span> <span class='ocrx_word' id='word_1_672' title='bbox 2389 4090 2591 4159; x_wconf 86' lang='lat' dir='ltr'><strong>jurgiis</strong></span> <span class='ocrx_word' id='word_1_673' title='bbox 2627 4090 2872 4158; x_wconf 69' lang='lat' dir='ltr'><strong>praecisis</strong></span> <span class='ocrx_word' id='word_1_674' title='bbox 2899 4090 2953 4142; x_wconf 92' lang='lat' dir='ltr'>in</span> <span class='ocrx_word' id='word_1_675' title='bbox 2977 4089 3270 4143; x_wconf 91' lang='lat' dir='ltr'><strong>amicitiam</strong></span> <span class='ocrx_word' id='word_1_676' title='bbox 3305 4106 3463 4144; x_wconf 88' lang='lat' dir='ltr'><strong>coea-</strong></span> 
     </span>
    </p>
   </div>
   <div class='ocr_carea' id='block_1_88' title="bbox 1890 4182 3468 4253">
    <p class='ocr_par' dir='ltr' id='par_1_88' title="bbox 1890 4182 3468 4253">
     <span class='ocr_line' id='line_1_88' title="bbox 1890 4182 3468 4253; baseline 0.001 -18"><span class='ocrx_word' id='word_1_677' title='bbox 1890 4183 1960 4236; x_wconf 91' lang='lat' dir='ltr'>tis</span> <span class='ocrx_word' id='word_1_678' title='bbox 1993 4182 2227 4237; x_wconf 88' lang='lat' dir='ltr'><strong>debitam</strong></span> <span class='ocrx_word' id='word_1_679' title='bbox 2262 4192 2313 4238; x_wconf 89' lang='lat' dir='ltr'>et</span> <span class='ocrx_word' id='word_1_680' title='bbox 2343 4183 2504 4253; x_wconf 80' lang='lat'>327</span> <span class='ocrx_word' id='word_1_681' title='bbox 2546 4183 2694 4252; x_wconf 90' lang='lat' dir='ltr'><strong>pacis</strong></span> <span class='ocrx_word' id='word_1_682' title='bbox 2741 4183 2968 4248; x_wconf 86' lang='lat' dir='ltr'><strong>sociam,</strong></span> <span class='ocrx_word' id='word_1_683' title='bbox 3001 4191 3054 4238; x_wconf 93' lang='lat' dir='ltr'>et</span> <span class='ocrx_word' id='word_1_684' title='bbox 3098 4184 3328 4238; x_wconf 90' lang='lat' dir='ltr'><strong>sublatis</strong></span> <span class='ocrx_word' id='word_1_685' title='bbox 3362 4183 3468 4236; x_wconf 93' lang='lat' dir='ltr'><strong>liti-</strong></span> 
     </span>
    </p>
   </div>
   <div class='ocr_carea' id='block_1_89' title="bbox 1890 4273 3464 4344">
    <p class='ocr_par' dir='ltr' id='par_1_89' title="bbox 1890 4273 3464 4344">
     <span class='ocr_line' id='line_1_89' title="bbox 1890 4273 3464 4344; baseline 0.001 -15"><span class='ocrx_word' id='word_1_686' title='bbox 1890 4275 1994 4329; x_wconf 89' lang='lat' dir='ltr'>bus</span> <span class='ocrx_word' id='word_1_687' title='bbox 2048 4273 2286 4328; x_wconf 78' lang='lat' dir='ltr'><strong>oﬂensas</strong></span> <span class='ocrx_word' id='word_1_688' title='bbox 2338 4291 2458 4342; x_wconf 68' lang='lat' dir='ltr'><strong>qua:</strong></span> <span class='ocrx_word' id='word_1_689' title='bbox 2511 4289 2804 4328; x_wconf 84' lang='lat' dir='ltr'><strong>occurrere</strong></span> <span class='ocrx_word' id='word_1_690' title='bbox 2850 4275 3030 4329; x_wconf 88' lang='lat' dir='ltr'><strong>solent</strong></span> <span class='ocrx_word' id='word_1_691' title='bbox 3084 4275 3464 4344; x_wconf 81' lang='lat' dir='ltr'><strong>neglexeritis;</strong></span> 
     </span>
    </p>
   </div>
   <div class='ocr_carea' id='block_1_90' title="bbox 1892 4365 3468 4441">
    <p class='ocr_par' dir='ltr' id='par_1_90' title="bbox 1892 4365 3468 4441">
     <span class='ocr_line' id='line_1_90' title="bbox 1892 4365 3468 4441; baseline 0.002 -23"><span class='ocrx_word' id='word_1_692' title='bbox 1892 4367 2037 4441; x_wconf 81' lang='lat' dir='ltr'><strong>omni</strong></span> <span class='ocrx_word' id='word_1_693' title='bbox 2069 4366 2304 4433; x_wconf 89' lang='lat' dir='ltr'><strong>denique</strong></span> <span class='ocrx_word' id='word_1_694' title='bbox 2331 4365 2616 4435; x_wconf 80' lang='lat' dir='ltr'><strong>diligentia</strong></span> <span class='ocrx_word' id='word_1_695' title='bbox 2649 4367 2948 4436; x_wconf 87' lang='lat' dir='ltr'><strong>perjurium</strong></span> <span class='ocrx_word' id='word_1_696' title='bbox 2980 4366 3306 4420; x_wconf 77' lang='lat' dir='ltr'><strong>vitaveritis.</strong></span> <span class='ocrx_word' id='word_1_697' title='bbox 3342 4367 3468 4421; x_wconf 75' lang='lat' dir='ltr'><strong>lle</strong></span> 
     </span>
    </p>
   </div>
   <div class='ocr_carea' id='block_1_91' title="bbox 204 4451 1796 4537">
    <p class='ocr_par' dir='ltr' id='par_1_91' title="bbox 204 4465 1786 4537">
     <span class='ocr_line' id='line_1_91' title="bbox 204 4465 1786 4537; baseline -0.001 -19"><span class='ocrx_word' id='word_1_698' title='bbox 204 4467 519 4534; x_wconf 79' lang='grc' dir='ltr'>λογίζεσθαι</span> <span class='ocrx_word' id='word_1_699' title='bbox 541 4465 648 4518; x_wconf 80' lang='grc' dir='ltr'>τῶν</span> <span class='ocrx_word' id='word_1_700' title='bbox 684 4468 1060 4537; x_wconf 82' lang='grc' dir='ltr'>πταισμάτων,</span> <span class='ocrx_word' id='word_1_701' title='bbox 1107 4467 1199 4520; x_wconf 73' lang='grc' dir='ltr'>καὶ</span> <span class='ocrx_word' id='word_1_702' title='bbox 1222 4468 1399 4520; x_wconf 76' lang='grc' dir='ltr'>πᾶσαν</span> <span class='ocrx_word' id='word_1_703' title='bbox 1427 4465 1600 4534; x_wconf 79' lang='grc' dir='ltr'>ἔχοιτε</span> <span class='ocrx_word' id='word_1_704' title='bbox 1627 4482 1786 4533; x_wconf 74' lang='grc' dir='ltr'>φρονο</span> 
     </span>
    </p>
   </div>
   <div class='ocr_carea' id='block_1_92' title="bbox 1888 4451 3468 4537">
    <p class='ocr_par' dir='ltr' id='par_1_92' title="bbox 1892 4455 3468 4527">
     <span class='ocr_line' id='line_1_92' title="bbox 1892 4455 3468 4527; baseline -0.001 -15"><span class='ocrx_word' id='word_1_705' title='bbox 1892 4457 2036 4512; x_wconf 90' lang='lat' dir='ltr'><strong>enim</strong></span> <span class='ocrx_word' id='word_1_706' title='bbox 2097 4472 2197 4526; x_wconf 86' lang='lat' dir='ltr'>ego</span> <span class='ocrx_word' id='word_1_707' title='bbox 2243 4457 2595 4511; x_wconf 82' lang='lat' dir='ltr'><strong>vehementer</strong></span> <span class='ocrx_word' id='word_1_708' title='bbox 2649 4457 2760 4511; x_wconf 89' lang='lat' dir='ltr'><strong>odi.</strong></span> <span class='ocrx_word' id='word_1_709' title='bbox 2825 4455 2935 4511; x_wconf 84' lang='lat' dir='ltr'>Vos</span> <span class='ocrx_word' id='word_1_710' title='bbox 2983 4473 3114 4510; x_wconf 87' lang='lat' dir='ltr'><strong>vero</strong></span> <span class='ocrx_word' id='word_1_711' title='bbox 3154 4458 3198 4512; x_wconf 91' lang='lat' dir='ltr'><strong>si</strong></span> <span class='ocrx_word' id='word_1_712' title='bbox 3243 4457 3468 4527; x_wconf 78' lang='lat' dir='ltr'><strong>reliquis</strong></span> 
     </span>
    </p>
   </div>
   <div class='ocr_carea' id='block_1_93' title="bbox 204 4556 1790 4629">
    <p class='ocr_par' dir='ltr' id='par_1_93' title="bbox 204 4556 1790 4629">
     <span class='ocr_line' id='line_1_93' title="bbox 204 4556 1790 4629; baseline -0.001 -19"><span class='ocrx_word' id='word_1_713' title='bbox 204 4559 327 4611; x_wconf 90' lang='grc' dir='ltr'>τίδα</span> <span class='ocrx_word' id='word_1_714' title='bbox 349 4556 443 4610; x_wconf 87' lang='grc' dir='ltr'>τοῦ</span> <span class='ocrx_word' id='word_1_715' title='bbox 482 4558 554 4628; x_wconf 81' lang='grc' dir='ltr'>μὴ</span> <span class='ocrx_word' id='word_1_716' title='bbox 579 4561 693 4628; x_wconf 82' lang='grc' dir='ltr'>μετ’</span> <span class='ocrx_word' id='word_1_717' title='bbox 724 4559 1008 4629; x_wconf 79' lang='grc' dir='ltr'>ἐπιορκίας</span> <span class='ocrx_word' id='word_1_718' title='bbox 1034 4559 1264 4629; x_wconf 80' lang='grc' dir='ltr'>ὀμνύναι</span> <span class='ocrx_word' id='word_1_719' title='bbox 1291 4574 1299 4586; x_wconf 89' lang='grc'><em>’</em></span> <span class='ocrx_word' id='word_1_720' title='bbox 1333 4558 1503 4612; x_wconf 85' lang='grc' dir='ltr'>ταῦτα</span> <span class='ocrx_word' id='word_1_721' title='bbox 1533 4558 1640 4627; x_wconf 81' lang='grc' dir='ltr'>γάρ</span> <span class='ocrx_word' id='word_1_722' title='bbox 1667 4557 1790 4627; x_wconf 72' lang='grc' dir='ltr'>ἐμοὶ</span> 
     </span>
    </p>
   </div>
   <div class='ocr_carea' id='block_1_94' title="bbox 210 4647 1788 4720">
    <p class='ocr_par' dir='ltr' id='par_1_94' title="bbox 210 4647 1788 4720">
     <span class='ocr_line' id='line_1_94' title="bbox 210 4647 1788 4720; baseline -0.002 -18"><span class='ocrx_word' id='word_1_723' title='bbox 210 4650 312 4717; x_wconf 81' lang='grc' dir='ltr'>μὲν</span> <span class='ocrx_word' id='word_1_724' title='bbox 344 4649 435 4701; x_wconf 78' lang='grc' dir='ltr'>διὰ</span> <span class='ocrx_word' id='word_1_725' title='bbox 471 4649 663 4718; x_wconf 90' lang='grc' dir='ltr'>μίσους</span> <span class='ocrx_word' id='word_1_726' title='bbox 703 4649 850 4702; x_wconf 74' lang='grc' dir='ltr'>ἐστὶν</span> <span class='ocrx_word' id='word_1_727' title='bbox 881 4650 1055 4716; x_wconf 82' lang='grc' dir='ltr'>ἄγαν·</span> <span class='ocrx_word' id='word_1_728' title='bbox 1091 4650 1247 4720; x_wconf 75' lang='grc' dir='ltr'>ὑμεῖς</span> <span class='ocrx_word' id='word_1_729' title='bbox 1276 4648 1332 4701; x_wconf 78' lang='grc' dir='ltr'>δὲ</span> <span class='ocrx_word' id='word_1_730' title='bbox 1367 4649 1414 4700; x_wconf 89' lang='grc' dir='ltr'>εἰ</span> <span class='ocrx_word' id='word_1_731' title='bbox 1446 4651 1553 4710; x_wconf 82' lang='grc' dir='ltr'>τοῖς</span> <span class='ocrx_word' id='word_1_732' title='bbox 1586 4647 1788 4710; x_wconf 87' lang='grc' dir='ltr'>λοιποῖς</span> 
     </span>
    </p>
   </div>
   <div class='ocr_carea' id='block_1_95' title="bbox 207 4736 1787 4810">
    <p class='ocr_par' dir='ltr' id='par_1_95' title="bbox 207 4736 1787 4810">
     <span class='ocr_line' id='line_1_95' title="bbox 207 4736 1787 4810; baseline -0.002 -18"><span class='ocrx_word' id='word_1_733' title='bbox 207 4739 522 4810; x_wconf 88' lang='grc' dir='ltr'>πειθόμενοι</span> <span class='ocrx_word' id='word_1_734' title='bbox 543 4743 652 4803; x_wconf 89' lang='grc' dir='ltr'>τοῖς</span> <span class='ocrx_word' id='word_1_735' title='bbox 670 4741 820 4810; x_wconf 84' lang='grc' dir='ltr'>ἐμοῖς</span> <span class='ocrx_word' id='word_1_736' title='bbox 839 4739 1116 4810; x_wconf 76' lang='grc' dir='ltr'>βούλοισθε</span> <span class='ocrx_word' id='word_1_737' title='bbox 1140 4739 1340 4810; x_wconf 83' lang='grc' dir='ltr'>σπουδῇ</span> <span class='ocrx_word' id='word_1_738' title='bbox 1360 4736 1787 4809; x_wconf 87' lang='grc' dir='ltr'>διαπράττεσθαι</span> 
     </span>
    </p>
   </div>
   <div class='ocr_carea' id='block_1_96' title="bbox 205 4827 1156 4900">
    <p class='ocr_par' dir='ltr' id='par_1_96' title="bbox 205 4827 1156 4900">
     <span class='ocr_line' id='line_1_96' title="bbox 205 4827 1156 4900; baseline -0.004 -17"><span class='ocrx_word' id='word_1_739' title='bbox 205 4829 280 4883; x_wconf 72' lang='grc' dir='ltr'>τά</span> <span class='ocrx_word' id='word_1_740' title='bbox 305 4829 730 4900; x_wconf 86' lang='grc' dir='ltr'>παρηγγελμένα</span> <span class='ocrx_word' id='word_1_741' title='bbox 759 4830 887 4899; x_wconf 83' lang='grc' dir='ltr'>ὑμῖν</span> <span class='ocrx_word' id='word_1_742' title='bbox 917 4827 1156 4896; x_wconf 83' lang='grc' dir='ltr'>ἀγαθῶν.</span> 
     </span>
    </p>
   </div>
   <div class='ocr_carea' id='block_1_97' title="bbox 281 4919 1792 4992">
    <p class='ocr_par' dir='ltr' id='par_1_97' title="bbox 281 4919 1792 4992">
     <span class='ocr_line' id='line_1_97' title="bbox 281 4919 1792 4992; baseline -0.003 -18"><span class='ocrx_word' id='word_1_743' title='bbox 281 4923 430 4992; x_wconf 88' lang='grc' dir='ltr'>Στίχ.</span> <span class='ocrx_word' id='word_1_744' title='bbox 462 4927 548 4992; x_wconf 81' lang='grc' dir='ltr'>ιη’,</span> <span class='ocrx_word' id='word_1_745' title='bbox 586 4921 668 4977; x_wconf 71' lang='grc' dir='ltr'>ιϐ’.</span> <span class='ocrx_word' id='word_1_746' title='bbox 703 4950 774 4960; x_wconf 91' lang='lat'><strong><em>—</em></strong></span> <span class='ocrx_word' id='word_1_747' title='bbox 809 4940 827 4970; x_wconf 77' lang='grc' dir='ltr'>ι</span> <span class='ocrx_word' id='word_1_748' title='bbox 858 4922 963 4974; x_wconf 76' lang='grc' dir='ltr'>Καὶ</span> <span class='ocrx_word' id='word_1_749' title='bbox 998 4920 1212 4989; x_wconf 85' lang='grc' dir='ltr'>ἐγένετο</span> <span class='ocrx_word' id='word_1_750' title='bbox 1235 4920 1390 4986; x_wconf 87' lang='grc' dir='ltr'>λόγος</span> <span class='ocrx_word' id='word_1_751' title='bbox 1426 4919 1629 4989; x_wconf 81' lang='grc' dir='ltr'>Κυρίου</span> <span class='ocrx_word' id='word_1_752' title='bbox 1655 4934 1792 4970; x_wconf 83' lang='grc' dir='ltr'>παν-</span> 
     </span>
    </p>
   </div>
   <div class='ocr_carea' id='block_1_98' title="bbox 206 5005 1792 5086">
    <p class='ocr_par' dir='ltr' id='par_1_98' title="bbox 206 5005 1792 5086">
     <span class='ocr_line' id='line_1_98' title="bbox 206 5005 1792 5086; baseline -0.004 -18"><span class='ocrx_word' id='word_1_753' title='bbox 206 5016 538 5086; x_wconf 82' lang='grc' dir='ltr'>τοκράτορος</span> <span class='ocrx_word' id='word_1_754' title='bbox 575 5015 709 5086; x_wconf 88' lang='grc' dir='ltr'>πρός</span> <span class='ocrx_word' id='word_1_755' title='bbox 738 5031 805 5084; x_wconf 88' lang='grc' dir='ltr'>με</span> <span class='ocrx_word' id='word_1_756' title='bbox 837 5005 1009 5082; x_wconf 79' lang='grc' dir='ltr'>λέγων</span> <span class='ocrx_word' id='word_1_757' title='bbox 1037 5031 1051 5045; x_wconf 78' lang='grc' dir='ltr'><strong><em>ο</em></strong></span> <span class='ocrx_word' id='word_1_758' title='bbox 1083 5013 1220 5066; x_wconf 83' lang='grc' dir='ltr'>Τάδε</span> <span class='ocrx_word' id='word_1_759' title='bbox 1247 5012 1392 5080; x_wconf 87' lang='grc' dir='ltr'>λέγει</span> <span class='ocrx_word' id='word_1_760' title='bbox 1426 5010 1628 5082; x_wconf 84' lang='grc' dir='ltr'>Κύριος</span> <span class='ocrx_word' id='word_1_761' title='bbox 1657 5027 1792 5063; x_wconf 87' lang='grc' dir='ltr'>παν-</span> 
     </span>
    </p>
   </div>
   <div class='ocr_carea' id='block_1_99' title="bbox 205 5103 1792 5176">
    <p class='ocr_par' dir='ltr' id='par_1_99' title="bbox 205 5103 1792 5176">
     <span class='ocr_line' id='line_1_99' title="bbox 205 5103 1792 5176; baseline -0.003 -18"><span class='ocrx_word' id='word_1_762' title='bbox 205 5105 530 5176; x_wconf 84' lang='grc' dir='ltr'>τοκράτωρ’</span> <span class='ocrx_word' id='word_1_763' title='bbox 570 5104 812 5174; x_wconf 80' lang='grc' dir='ltr'>Νηστεία</span> <span class='ocrx_word' id='word_1_764' title='bbox 869 5105 902 5174; x_wconf 79' lang='grc' dir='ltr'><strong>ἡ</strong></span> <span class='ocrx_word' id='word_1_765' title='bbox 941 5104 1035 5157; x_wconf 86' lang='grc' dir='ltr'>τοῦ</span> <span class='ocrx_word' id='word_1_766' title='bbox 1080 5105 1375 5175; x_wconf 84' lang='grc' dir='ltr'>τετάρτου,</span> <span class='ocrx_word' id='word_1_767' title='bbox 1428 5105 1522 5155; x_wconf 71' lang='grc' dir='ltr'>καὶ</span> <span class='ocrx_word' id='word_1_768' title='bbox 1570 5103 1792 5173; x_wconf 87' lang='grc' dir='ltr'>νηστεία</span> 
     </span>
    </p>
   </div>
   <div class='ocr_carea' id='block_1_100' title="bbox 207 5193 1790 5266">
    <p class='ocr_par' dir='ltr' id='par_1_100' title="bbox 207 5193 1790 5266">
     <span class='ocr_line' id='line_1_100' title="bbox 207 5193 1790 5266; baseline -0.003 -17"><span class='ocrx_word' id='word_1_769' title='bbox 207 5195 305 5250; x_wconf 87' lang='grc' dir='ltr'>τοῦ</span> <span class='ocrx_word' id='word_1_770' title='bbox 331 5196 602 5265; x_wconf 87' lang='grc' dir='ltr'>πέμπτου,</span> <span class='ocrx_word' id='word_1_771' title='bbox 635 5197 727 5249; x_wconf 75' lang='grc' dir='ltr'>καὶ</span> <span class='ocrx_word' id='word_1_772' title='bbox 747 5196 970 5266; x_wconf 85' lang='grc' dir='ltr'>νηστεία</span> <span class='ocrx_word' id='word_1_773' title='bbox 996 5195 1087 5248; x_wconf 88' lang='grc' dir='ltr'>τοῦ</span> <span class='ocrx_word' id='word_1_774' title='bbox 1113 5195 1362 5265; x_wconf 73' lang='grc' dir='ltr'>ἑϐδόμου,</span> <span class='ocrx_word' id='word_1_775' title='bbox 1394 5195 1485 5248; x_wconf 72' lang='grc' dir='ltr'>καὶ</span> <span class='ocrx_word' id='word_1_776' title='bbox 1516 5193 1734 5264; x_wconf 88' lang='grc' dir='ltr'>νηστεία</span> <span class='ocrx_word' id='word_1_777' title='bbox 1757 5195 1790 5264; x_wconf 86' lang='grc' dir='ltr'>ἡ</span> 
     </span>
    </p>
   </div>
   <div class='ocr_carea' id='block_1_101' title="bbox 207 5282 1793 5358">
    <p class='ocr_par' dir='ltr' id='par_1_101' title="bbox 207 5282 1793 5358">
     <span class='ocr_line' id='line_1_101' title="bbox 207 5282 1793 5358; baseline -0.004 -17"><span class='ocrx_word' id='word_1_778' title='bbox 207 5287 305 5341; x_wconf 86' lang='grc' dir='ltr'>τοῦ</span> <span class='ocrx_word' id='word_1_779' title='bbox 333 5287 559 5341; x_wconf 83' lang='grc' dir='ltr'>δεκάτου</span> <span class='ocrx_word' id='word_1_780' title='bbox 589 5287 801 5340; x_wconf 77' lang='grc' dir='ltr'>ἔσονται</span> <span class='ocrx_word' id='word_1_781' title='bbox 822 5286 898 5357; x_wconf 81' lang='grc' dir='ltr'>τῷ</span> <span class='ocrx_word' id='word_1_782' title='bbox 921 5288 1054 5358; x_wconf 76' lang='grc' dir='ltr'>οἴκῳ</span> <span class='ocrx_word' id='word_1_783' title='bbox 1082 5286 1251 5338; x_wconf 83' lang='grc' dir='ltr'>Ἰούδα</span> <span class='ocrx_word' id='word_1_784' title='bbox 1278 5288 1355 5348; x_wconf 78' lang='grc' dir='ltr'>είς</span> <span class='ocrx_word' id='word_1_785' title='bbox 1383 5285 1556 5356; x_wconf 79' lang='grc' dir='ltr'>χαράν</span> <span class='ocrx_word' id='word_1_786' title='bbox 1583 5282 1678 5336; x_wconf 80' lang='grc' dir='ltr'>καὶ</span> <span class='ocrx_word' id='word_1_787' title='bbox 1714 5285 1793 5346; x_wconf 84' lang='grc' dir='ltr'>είς</span> 
     </span>
    </p>
   </div>
   <div class='ocr_carea' id='block_1_102' title="bbox 209 5374 1790 5450">
    <p class='ocr_par' dir='ltr' id='par_1_102' title="bbox 209 5374 1790 5450">
     <span class='ocr_line' id='line_1_102' title="bbox 209 5374 1790 5450; baseline -0.004 -17"><span class='ocrx_word' id='word_1_788' title='bbox 209 5379 551 5450; x_wconf 71' lang='grc' dir='ltr'>εὐφροσύνην</span> <span class='ocrx_word' id='word_1_789' title='bbox 596 5381 689 5433; x_wconf 73' lang='grc' dir='ltr'>καὶ</span> <span class='ocrx_word' id='word_1_790' title='bbox 721 5379 914 5450; x_wconf 80' lang='grc' dir='ltr'>ἑορτὰς</span> <span class='ocrx_word' id='word_1_791' title='bbox 945 5377 1174 5447; x_wconf 81' lang='grc' dir='ltr'>ἀγαθάς,</span> <span class='ocrx_word' id='word_1_792' title='bbox 1211 5379 1304 5431; x_wconf 74' lang='grc' dir='ltr'>καὶ</span> <span class='ocrx_word' id='word_1_793' title='bbox 1332 5374 1790 5446; x_wconf 75' lang='grc' dir='ltr'>εὐφρανθήσεσθε,</span> 
     </span>
    </p>
   </div>
   <div class='ocr_carea' id='block_1_103' title="bbox 210 5469 1786 5542">
    <p class='ocr_par' dir='ltr' id='par_1_103' title="bbox 210 5469 1786 5542">
     <span class='ocr_line' id='line_1_103' title="bbox 210 5469 1786 5542; baseline -0.004 -18"><span class='ocrx_word' id='word_1_794' title='bbox 210 5471 310 5524; x_wconf 76' lang='grc' dir='ltr'>καὶ</span> <span class='ocrx_word' id='word_1_795' title='bbox 363 5471 463 5542; x_wconf 79' lang='grc' dir='ltr'>τὴν</span> <span class='ocrx_word' id='word_1_796' title='bbox 517 5471 773 5539; x_wconf 79' lang='grc' dir='ltr'>ἀλήθειαν</span> <span class='ocrx_word' id='word_1_797' title='bbox 819 5473 914 5524; x_wconf 73' lang='grc' dir='ltr'>καὶ</span> <span class='ocrx_word' id='word_1_798' title='bbox 973 5472 1072 5541; x_wconf 81' lang='grc' dir='ltr'>τὴν</span> <span class='ocrx_word' id='word_1_799' title='bbox 1133 5470 1356 5542; x_wconf 82' lang='grc' dir='ltr'>εἰρήνην</span> <span class='ocrx_word' id='word_1_800' title='bbox 1403 5469 1786 5538; x_wconf 72' lang='grc' dir='ltr'>ἀγαπήσατε.»</span> 
     </span>
    </p>
   </div>
   <div class='ocr_carea' id='block_1_104' title="bbox 222 5555 1790 5632">
    <p class='ocr_par' dir='ltr' id='par_1_104' title="bbox 222 5555 1790 5632">
     <span class='ocr_line' id='line_1_104' title="bbox 222 5555 1790 5632; baseline -0.004 -18"><span class='ocrx_word' id='word_1_801' title='bbox 222 5561 442 5632; x_wconf 72' lang='grc' dir='ltr'>Ἐπειδὴ</span> <span class='ocrx_word' id='word_1_802' title='bbox 469 5561 577 5632; x_wconf 86' lang='grc' dir='ltr'>γάρ</span> <span class='ocrx_word' id='word_1_803' title='bbox 617 5563 674 5615; x_wconf 90' lang='grc' dir='ltr'>ἐν</span> <span class='ocrx_word' id='word_1_804' title='bbox 703 5563 813 5625; x_wconf 87' lang='grc' dir='ltr'>τοῖς</span> <span class='ocrx_word' id='word_1_805' title='bbox 852 5559 1142 5630; x_wconf 89' lang='grc' dir='ltr'>ἀνωτέροις</span> <span class='ocrx_word' id='word_1_806' title='bbox 1184 5559 1462 5630; x_wconf 88' lang='grc' dir='ltr'>παρόντων</span> <span class='ocrx_word' id='word_1_807' title='bbox 1498 5556 1602 5611; x_wconf 84' lang='grc' dir='ltr'>τῶν</span> <span class='ocrx_word' id='word_1_808' title='bbox 1642 5555 1790 5609; x_wconf 82' lang='grc' dir='ltr'>ἀλλο-</span> 
     </span>
    </p>
   </div>
   <div class='ocr_carea' id='block_1_105' title="bbox 209 5648 1790 5723">
    <p class='ocr_par' dir='ltr' id='par_1_105' title="bbox 209 5648 1790 5723">
     <span class='ocr_line' id='line_1_105' title="bbox 209 5648 1790 5723; baseline -0.003 -17"><span class='ocrx_word' id='word_1_809' title='bbox 209 5653 381 5723; x_wconf 85' lang='grc' dir='ltr'>τρίων</span> <span class='ocrx_word' id='word_1_810' title='bbox 419 5652 512 5716; x_wconf 81' lang='grc' dir='ltr'>οὓς</span> <span class='ocrx_word' id='word_1_811' title='bbox 534 5653 583 5706; x_wconf 84' lang='lat' dir='ltr'>oi</span> <span class='ocrx_word' id='word_1_812' title='bbox 602 5653 709 5708; x_wconf 82' lang='grc' dir='ltr'>τῶν</span> <span class='ocrx_word' id='word_1_813' title='bbox 731 5651 897 5705; x_wconf 82' lang='grc' dir='ltr'>ἐθνῶν</span> <span class='ocrx_word' id='word_1_814' title='bbox 923 5650 1334 5704; x_wconf 86' lang='grc' dir='ltr'>ἀπεστάλκεσαν</span> <span class='ocrx_word' id='word_1_815' title='bbox 1366 5648 1625 5722; x_wconf 85' lang='grc' dir='ltr'>βασιλεῖς,</span> <span class='ocrx_word' id='word_1_816' title='bbox 1651 5665 1790 5718; x_wconf 88' lang='grc' dir='ltr'>παρ-</span> 
     </span>
    </p>
   </div>
   <div class='ocr_carea' id='block_1_106' title="bbox 1896 4549 3470 4613">
    <p class='ocr_par' dir='ltr' id='par_1_106' title="bbox 1896 4549 3470 4613">
     <span class='ocr_line' id='line_1_106' title="bbox 1896 4549 3470 4613; baseline 0.002 -12"><span class='ocrx_word' id='word_1_817' title='bbox 1896 4549 2289 4603; x_wconf 86' lang='lat' dir='ltr'><strong>monitionibus</strong></span> <span class='ocrx_word' id='word_1_818' title='bbox 2332 4550 2470 4603; x_wconf 83' lang='lat' dir='ltr'><strong>meis</strong></span> <span class='ocrx_word' id='word_1_819' title='bbox 2513 4549 2849 4613; x_wconf 86' lang='lat' dir='ltr'><strong>obedientes,</strong></span> <span class='ocrx_word' id='word_1_820' title='bbox 2878 4549 3121 4604; x_wconf 90' lang='lat' dir='ltr'><strong>studiose</strong></span> <span class='ocrx_word' id='word_1_821' title='bbox 3153 4564 3247 4604; x_wconf 89' lang='lat' dir='ltr'>eas</span> <span class='ocrx_word' id='word_1_822' title='bbox 3280 4550 3470 4604; x_wconf 88' lang='lat' dir='ltr'><strong>obser-</strong></span> 
     </span>
    </p>
   </div>
   <div class='ocr_carea' id='block_1_107' title="bbox 1893 4640 3235 4710">
    <p class='ocr_par' dir='ltr' id='par_1_107' title="bbox 1893 4640 3235 4710">
     <span class='ocr_line' id='line_1_107' title="bbox 1893 4640 3235 4710; baseline 0 -16"><span class='ocrx_word' id='word_1_823' title='bbox 1893 4640 2110 4705; x_wconf 82' lang='lat' dir='ltr'><strong>vabitis,</strong></span> <span class='ocrx_word' id='word_1_824' title='bbox 2136 4641 2407 4709; x_wconf 84' lang='lat' dir='ltr'><strong>promissa</strong></span> <span class='ocrx_word' id='word_1_825' title='bbox 2447 4641 2597 4696; x_wconf 81' lang='lat' dir='ltr'><strong>vobis</strong></span> <span class='ocrx_word' id='word_1_826' title='bbox 2626 4642 2768 4695; x_wconf 89' lang='lat' dir='ltr'><strong>bona</strong></span> <span class='ocrx_word' id='word_1_827' title='bbox 2801 4642 3235 4710; x_wconf 88' lang='lat' dir='ltr'><strong>consequemini.</strong></span> 
     </span>
    </p>
   </div>
   <div class='ocr_carea' id='block_1_108' title="bbox 1962 4914 3466 4978">
    <p class='ocr_par' dir='ltr' id='par_1_108' title="bbox 1962 4914 3466 4978">
     <span class='ocr_line' id='line_1_108' title="bbox 1962 4914 3466 4978; baseline 0.001 -10"><span class='ocrx_word' id='word_1_828' title='bbox 1962 4914 2127 4969; x_wconf 74' lang='lat' dir='ltr'><strong>Vens.</strong></span> <span class='ocrx_word' id='word_1_829' title='bbox 2160 4914 2248 4978; x_wconf 79' lang='grc'>18,</span> <span class='ocrx_word' id='word_1_830' title='bbox 2286 4915 2372 4970; x_wconf 79' lang='grc'>19.</span> <span class='ocrx_word' id='word_1_831' title='bbox 2407 4946 2474 4956; x_wconf 85' lang='grc'><strong><em>-</em></strong></span> <span class='ocrx_word' id='word_1_832' title='bbox 2512 4935 2529 4968; x_wconf 78' lang='grc' dir='ltr'>ι</span> <span class='ocrx_word' id='word_1_833' title='bbox 2582 4919 2646 4971; x_wconf 84' lang='lat' dir='ltr'><strong>Et</strong></span> <span class='ocrx_word' id='word_1_834' title='bbox 2688 4915 2866 4971; x_wconf 74' lang='lat' dir='ltr'><strong>hctus</strong></span> <span class='ocrx_word' id='word_1_835' title='bbox 2924 4925 3008 4970; x_wconf 89' lang='lat' dir='ltr'>est</span> <span class='ocrx_word' id='word_1_836' title='bbox 3033 4931 3214 4970; x_wconf 79' lang='lat' dir='ltr'><strong>sermo</strong></span> <span class='ocrx_word' id='word_1_837' title='bbox 3255 4915 3466 4971; x_wconf 87' lang='lat' dir='ltr'><strong>Domini</strong></span> 
     </span>
    </p>
   </div>
   <div class='ocr_carea' id='block_1_109' title="bbox 1894 5007 3468 5074">
    <p class='ocr_par' dir='ltr' id='par_1_109' title="bbox 1894 5007 3468 5074">
     <span class='ocr_line' id='line_1_109' title="bbox 1894 5007 3468 5074; baseline 0.002 -14"><span class='ocrx_word' id='word_1_838' title='bbox 1894 5007 2300 5074; x_wconf 87' lang='lat' dir='ltr'><strong>omnipotentis.</strong></span> <span class='ocrx_word' id='word_1_839' title='bbox 2333 5008 2400 5060; x_wconf 89' lang='lat' dir='ltr'>ad</span> <span class='ocrx_word' id='word_1_840' title='bbox 2442 5023 2526 5061; x_wconf 90' lang='lat' dir='ltr'>me</span> <span class='ocrx_word' id='word_1_841' title='bbox 2567 5008 2754 5062; x_wconf 90' lang='lat' dir='ltr'><strong>dicens</strong></span> <span class='ocrx_word' id='word_1_842' title='bbox 2807 5026 2820 5060; x_wconf 87' lang='lat'><strong>:</strong></span> <span class='ocrx_word' id='word_1_843' title='bbox 2867 5007 2992 5062; x_wconf 61' lang='lat' dir='ltr'><strong>Ilaec</strong></span> <span class='ocrx_word' id='word_1_844' title='bbox 3035 5009 3169 5062; x_wconf 89' lang='lat' dir='ltr'><strong>dicit</strong></span> <span class='ocrx_word' id='word_1_845' title='bbox 3203 5008 3468 5063; x_wconf 90' lang='lat' dir='ltr'><strong>Dominus</strong></span> 
     </span>
    </p>
   </div>
   <div class='ocr_carea' id='block_1_110' title="bbox 1893 5096 3469 5170">
    <p class='ocr_par' dir='ltr' id='par_1_110' title="bbox 1893 5096 3469 5170">
     <span class='ocr_line' id='line_1_110' title="bbox 1893 5096 3469 5170; baseline 0.003 -19"><span class='ocrx_word' id='word_1_846' title='bbox 1893 5106 2267 5166; x_wconf 80' lang='lat' dir='ltr'><strong>omnipotens;</strong></span> <span class='ocrx_word' id='word_1_847' title='bbox 2291 5096 2565 5166; x_wconf 80' lang='lat' dir='ltr'><strong>Jejunium</strong></span> <span class='ocrx_word' id='word_1_848' title='bbox 2591 5097 2793 5167; x_wconf 88' lang='lat' dir='ltr'><strong>quarti,</strong></span> <span class='ocrx_word' id='word_1_849' title='bbox 2820 5106 2872 5152; x_wconf 89' lang='lat' dir='ltr'><strong>et</strong></span> <span class='ocrx_word' id='word_1_850' title='bbox 2898 5099 3167 5168; x_wconf 87' lang='lat' dir='ltr'><strong>jejunium</strong></span> <span class='ocrx_word' id='word_1_851' title='bbox 3186 5101 3385 5170; x_wconf 92' lang='lat' dir='ltr'><strong>quinti,</strong></span> <span class='ocrx_word' id='word_1_852' title='bbox 3416 5111 3469 5155; x_wconf 92' lang='lat' dir='ltr'><strong>et</strong></span> 
     </span>
    </p>
   </div>
   <div class='ocr_carea' id='block_1_111' title="bbox 1885 5187 3469 5257">
    <p class='ocr_par' dir='ltr' id='par_1_111' title="bbox 1885 5187 3469 5257">
     <span class='ocr_line' id='line_1_111' title="bbox 1885 5187 3469 5257; baseline 0.002 -16"><span class='ocrx_word' id='word_1_853' title='bbox 1885 5187 2153 5257; x_wconf 86' lang='lat' dir='ltr'><strong>jejunium</strong></span> <span class='ocrx_word' id='word_1_854' title='bbox 2179 5188 2418 5257; x_wconf 86' lang='lat' dir='ltr'><strong>septimi,</strong></span> <span class='ocrx_word' id='word_1_855' title='bbox 2450 5187 2786 5254; x_wconf 88' lang='lat' dir='ltr'><strong>etjejuuium</strong></span> <span class='ocrx_word' id='word_1_856' title='bbox 2821 5188 3017 5243; x_wconf 88' lang='lat' dir='ltr'><strong>decimi</strong></span> <span class='ocrx_word' id='word_1_857' title='bbox 3045 5190 3281 5243; x_wconf 90' lang='lat' dir='ltr'><strong>eruntin</strong></span> <span class='ocrx_word' id='word_1_858' title='bbox 3308 5189 3469 5245; x_wconf 84' lang='lat' dir='ltr'><strong>domo</strong></span> 
     </span>
    </p>
   </div>
   <div class='ocr_carea' id='block_1_112' title="bbox 1888 5268 3469 5349">
    <p class='ocr_par' dir='ltr' id='par_1_112' title="bbox 1888 5268 3469 5349">
     <span class='ocr_line' id='line_1_112' title="bbox 1888 5268 3469 5349; baseline 0.001 -15"><span class='ocrx_word' id='word_1_859' title='bbox 1888 5268 2118 5334; x_wconf 66' lang='lat' dir='ltr'><strong>Judaiin</strong></span> <span class='ocrx_word' id='word_1_860' title='bbox 2151 5278 2407 5348; x_wconf 83' lang='lat' dir='ltr'><strong>gaudium</strong></span> <span class='ocrx_word' id='word_1_861' title='bbox 2429 5286 2484 5332; x_wconf 92' lang='lat' dir='ltr'>et</span> <span class='ocrx_word' id='word_1_862' title='bbox 2508 5278 2745 5332; x_wconf 81' lang='lat' dir='ltr'><strong>laetitiam</strong></span> <span class='ocrx_word' id='word_1_863' title='bbox 2783 5287 2838 5334; x_wconf 90' lang='lat' dir='ltr'><strong>et</strong></span> <span class='ocrx_word' id='word_1_864' title='bbox 2871 5280 3044 5335; x_wconf 90' lang='lat' dir='ltr'><strong>bonas</strong></span> <span class='ocrx_word' id='word_1_865' title='bbox 3070 5282 3469 5349; x_wconf 57' lang='lat' dir='ltr'><strong>solemnitatem</strong></span> 
     </span>
    </p>
   </div>
   <div class='ocr_carea' id='block_1_113' title="bbox 1890 5369 3462 5442">
    <p class='ocr_par' dir='ltr' id='par_1_113' title="bbox 1890 5369 3462 5442">
     <span class='ocr_line' id='line_1_113' title="bbox 1890 5369 3462 5442; baseline 0.001 -18"><span class='ocrx_word' id='word_1_866' title='bbox 1890 5379 1945 5425; x_wconf 89' lang='lat' dir='ltr'>et</span> <span class='ocrx_word' id='word_1_867' title='bbox 1992 5369 2408 5431; x_wconf 62' lang='lat' dir='ltr'><strong>lietabimini,et</strong></span> <span class='ocrx_word' id='word_1_868' title='bbox 2448 5370 2733 5425; x_wconf 82' lang='lat' dir='ltr'><strong>veritatem</strong></span> <span class='ocrx_word' id='word_1_869' title='bbox 2780 5386 3078 5440; x_wconf 90' lang='lat' dir='ltr'><strong>pacemque</strong></span> <span class='ocrx_word' id='word_1_870' title='bbox 3122 5372 3379 5442; x_wconf 81' lang='lat' dir='ltr'><strong>diligetis.</strong></span> <span class='ocrx_word' id='word_1_871' title='bbox 3444 5392 3462 5426; x_wconf 81' lang='grc' dir='ltr'>ι</span> 
     </span>
    </p>
   </div>
   <div class='ocr_carea' id='block_1_114' title="bbox 1891 5461 3467 5533">
    <p class='ocr_par' dir='ltr' id='par_1_114' title="bbox 1891 5461 3467 5533">
     <span class='ocr_line' id='line_1_114' title="bbox 1891 5461 3467 5533; baseline 0 -17"><span class='ocrx_word' id='word_1_872' title='bbox 1891 5461 2028 5529; x_wconf 86' lang='lat' dir='ltr'><strong>Quia</strong></span> <span class='ocrx_word' id='word_1_873' title='bbox 2061 5463 2114 5514; x_wconf 94' lang='lat' dir='ltr'><strong>in</strong></span> <span class='ocrx_word' id='word_1_874' title='bbox 2155 5461 2550 5530; x_wconf 85' lang='lat' dir='ltr'><strong>superloribus,</strong></span> <span class='ocrx_word' id='word_1_875' title='bbox 2607 5471 2832 5532; x_wconf 89' lang='lat' dir='ltr'><strong>propter</strong></span> <span class='ocrx_word' id='word_1_876' title='bbox 2871 5463 3297 5533; x_wconf 83' lang='lat' dir='ltr'><strong>alienigenarum</strong></span> <span class='ocrx_word' id='word_1_877' title='bbox 3327 5481 3467 5533; x_wconf 83' lang='lat' dir='ltr'><strong>prae-</strong></span> 
     </span>
    </p>
   </div>
   <div class='ocr_carea' id='block_1_115' title="bbox 1897 5553 3468 5623">
    <p class='ocr_par' dir='ltr' id='par_1_115' title="bbox 1897 5553 3468 5623">
     <span class='ocr_line' id='line_1_115' title="bbox 1897 5553 3468 5623; baseline -0.001 -14"><span class='ocrx_word' id='word_1_878' title='bbox 1897 5553 2126 5609; x_wconf 89' lang='lat' dir='ltr'><strong>seutiam</strong></span> <span class='ocrx_word' id='word_1_879' title='bbox 2146 5568 2284 5623; x_wconf 92' lang='lat' dir='ltr'><strong>quos</strong></span> <span class='ocrx_word' id='word_1_880' title='bbox 2308 5553 2548 5623; x_wconf 78' lang='lat' dir='ltr'><strong>gentium</strong></span> <span class='ocrx_word' id='word_1_881' title='bbox 2584 5569 2740 5623; x_wconf 83' lang='lat' dir='ltr'><strong>reges</strong></span> <span class='ocrx_word' id='word_1_882' title='bbox 2771 5555 3050 5617; x_wconf 89' lang='lat' dir='ltr'><strong>miserant,</strong></span> <span class='ocrx_word' id='word_1_883' title='bbox 3083 5556 3468 5622; x_wconf 75' lang='lat' dir='ltr'><strong>reprohawrat</strong></span> 
     </span>
    </p>
   </div>
   <div class='ocr_carea' id='block_1_116' title="bbox 1900 5645 3466 5716">
    <p class='ocr_par' dir='ltr' id='par_1_116' title="bbox 1900 5645 3466 5716">
     <span class='ocr_line' id='line_1_116' title="bbox 1900 5645 3466 5716; baseline 0.001 -18"><span class='ocrx_word' id='word_1_884' title='bbox 1900 5645 2041 5701; x_wconf 89' lang='lat' dir='ltr'><strong>Deus</strong></span> <span class='ocrx_word' id='word_1_885' title='bbox 2070 5645 2360 5715; x_wconf 85' lang='lat' dir='ltr'><strong>jejunium,</strong></span> <span class='ocrx_word' id='word_1_886' title='bbox 2404 5653 2457 5699; x_wconf 87' lang='lat' dir='ltr'><strong>et</strong></span> <span class='ocrx_word' id='word_1_887' title='bbox 2495 5661 2557 5700; x_wconf 90' lang='lat' dir='ltr'>ea</span> <span class='ocrx_word' id='word_1_888' title='bbox 2608 5661 2772 5716; x_wconf 86' lang='lat' dir='ltr'><strong>opera</strong></span> <span class='ocrx_word' id='word_1_889' title='bbox 2805 5646 3180 5712; x_wconf 87' lang='lat' dir='ltr'><strong>substituerat,</strong></span> <span class='ocrx_word' id='word_1_890' title='bbox 3209 5662 3329 5716; x_wconf 70' lang='lat' dir='ltr'><strong>qua:</strong></span> <span class='ocrx_word' id='word_1_891' title='bbox 3354 5647 3466 5700; x_wconf 62' lang='lat' dir='ltr'><strong>ﬁeri</strong></span> 
     </span>
    </p>
   </div>
  </div>
