3830 6216
381 234 483 293 55!

1586 231 1674 286 ’ΠΙ
1689 232 1938 290 EODORl
2003 231 2482 288 MOPSUESTENI

3537 232 3642 287 553

383 357 632 420 oportere
677 347 955 410 censebat,
1009 357 1064 402 ut
1120 363 1248 404 suos
1302 348 1462 403 simul
1515 359 1569 404 et
1614 350 1822 406 alienos
1870 351 1961 420 qui

2078 354 2300 424 ητήσατο
2335 350 2432 419 μὲν
2465 348 2564 419 τὴν
2595 346 2867 418 νηστείαν,
2904 346 3262 416 ἀντεισήγαγε
3300 343 3357 398 δὲ
3387 346 3420 398 ἃ
3449 346 3643 416 χρῆναι

385 445 610 496 aderant
660 441 924 506 erudiret,
972 441 1288 496 necessario
1325 440 1380 494 in
1427 441 1795 512 subsequente
1840 459 1960 496 mo-

384 536 501 590 nito
527 535 604 589 sic
629 536 886 604 loquitur,
917 533 1293 588 demonstrare
1343 535 1528 590 volens
1558 536 1701 590 haud
1738 551 1796 591 se
1818 536 1962 606 jeju-

386 625 536 680 nium
565 625 885 695 simpliciter
915 625 1251 694 improbasse
1269 665 1283 687 ,
1309 626 1402 681 sed
1433 626 1561 680 illud
1588 635 1797 680 tantum
1819 625 1966 697 quod

387 713 686 782 incongrue
717 712 909 766 fiebat:
934 728 1093 768 secus
1117 729 1245 768 vero
1268 714 1311 766 si
1335 714 1723 770 convenienter
1751 723 1964 785 agatur,

384 812 519 857 tunc
553 819 612 858 se
643 803 872 858 libenter
896 804 1166 874 excipere.
1196 803 1310 859 Hoc
1347 821 1476 876 ergo
1509 808 1584 860 ait
1613 825 1626 860 :
1662 805 1768 862 Vos
1807 815 1965 862 antea

387 909 487 964 pro
519 895 759 965 peccatis
790 899 980 951 vestris
1005 911 1128 950 cum
1163 897 1310 952 luctu
1343 898 1701 968 jejunahatis,
1732 914 1965 971 quorum

386 1001 554 1041 causa
581 987 751 1042 tantis
795 988 1026 1058 correpti
1085 987 1268 1044 fuistis
1317 992 1765 1047 calamitatibus:
1823 1006 1968 1046 nunc

388 1086 569 1132 autem
641 1078 876 1133 reditum
933 1082 1246 1135 consecutis
1299 1084 1555 1152 congruit
1607 1085 1762 1139 vobis
1823 1083 1966 1138 haud

388 1186 511 1224 cum
540 1171 686 1224 luctu
713 1171 980 1240 jejunium
1013 1188 1298 1245 paragcre,
1329 1175 1424 1229 sed
1452 1175 1685 1230 libenter
1705 1175 1971 1245 jucunde-

389 1279 515 1332 que,
553 1263 691 1318 festo
723 1265 948 1335 dignum
996 1275 1310 1335 reputantes
1359 1269 1649 1337 jejunium;
1711 1269 1837 1339 quia
1868 1285 1970 1325 nos

390 1351 481 1407 Dei
511 1355 844 1424 propinquos
877 1353 1054 1410 facere
1085 1356 1337 1410 idoneum
1384 1367 1487 1412 est.
1545 1358 1766 1413 Decebit
1823 1360 1969 1413 enim

388 1445 752 1514 vosjejnnare
778 1447 1100 1510 laetantemsi
1129 1449 1374 1503 veritatis
1395 1464 1458 1503 ac
1489 1449 1636 1519 pacis
1662 1457 1971 1519 respectum

389 1535 680 1592 habebitis.
701 1538 874 1606 Atque
899 1547 956 1591 ut
978 1538 1230 1593 ostendat
1249 1542 1517 1594 bonorum
1540 1540 1972 1610 magnitudinem

389 1643 622 1695 quorum
655 1630 828 1697 gratia
882 1629 1036 1684 decet
1079 1645 1174 1684 eos
1201 1631 1254 1684 in
1303 1632 1648 1687 solemnitate
1677 1647 1740 1687 ac
1787 1632 1971 1686 laetitia

385 1717 613 1786 jejuniis
641 1719 741 1780 uti,
775 1720 854 1774 sic
887 1722 1269 1790 prosequitur:

2068 440 2402 514 πράττεσθαι
2423 441 2716 506 ἀναγκαῖον
2747 438 2948 508 ἡγεῖτο,
2970 436 3044 498 ὡς
3063 437 3127 488 ἂν
3150 434 3244 488 καὶ
3271 436 3395 497 τοὺς
3415 435 3645 498 οἰκείους

2067 529 2208 583 κατά
2236 529 2429 582 ταυτὸν
2474 528 2568 581 καὶ
2599 527 2726 589 τοὺς
2761 525 3074 596 ἀλλοτρίους
3118 525 3386 594 παρόντας
3421 524 3644 581 παιδεύ-

2069 638 2204 684 σειν,
2243 617 2554 687 ἀναγκαίως
2597 616 2734 688 μετά
2767 617 2866 688 τὴν
2903 614 3009 668 τῶν
3038 614 3272 684 καθεξῆς
3301 614 3648 669 διδασκαλίαν

2069 714 2262 781 ἐπάγει
2297 712 2476 777 ταυτὶ,
2508 711 2678 775 δεῖξαι
2721 709 3040 780 βουλόμενος
3063 708 3138 772 ὡς
3168 709 3228 761 ού
3274 710 3374 779 τὴν
3397 709 3649 779 νηστείαν

2067 804 2256 868 ἁπλῶς
2303 804 2678 874 παραιτεῖται,
2732 804 2806 871 (p.
2855 800 2979 870 490)
3019 799 3134 852 ἀλλ’
3178 801 3256 854 ὅτ’
3296 801 3362 854 ἂν
3395 801 3650 870 γίγνηται

2073 897 2147 968 μὴ
2175 896 2422 958 δεόντως.
2475 895 2538 948 Ei
2579 894 2635 948 δέ
2685 893 2824 964 μετά
2852 893 2946 946 τοῦ
2987 895 3355 964 προσήκοντος
3387 894 3650 962 γίγνοιτο,

2070 989 2166 1042 καὶ
2207 989 2350 1059 μάλα
2397 1003 2462 1056 γε
2510 987 2678 1050 αὐτὴν
2717 985 3037 1055 ἀποδέχεται
3079 984 3442 1055 γιγνομένην·
3493 986 3654 1040 τοῦτο

2069 1081 2248 1135 τοίνυν
2284 1079 2446 1150 φησὶν
2489 1079 2591 1142 ὃτι,
2618 1077 2886 1148 Πρότερον
2939 1075 3036 1147 μὲν
3081 1076 3220 1148 ὑπὲρ
3253 1076 3362 1132 τῶν
3393 1077 3654 1148 ἁμαρτη-

2075 1175 2258 1245 μάτων
2291 1170 2640 1242 νηστεύοντες
2664 1168 2937 1222 ἐπενθεῖτε
2972 1167 3081 1221 τῶν
3113 1167 3348 1232 οἰκείων,
3397 1168 3537 1242 ὑπὲρ
3580 1161 3655 1219 ὧν

2071 1263 2134 1334 δὴ
2165 1264 2256 1316 καὶ
2277 1261 2563 1324 τοσαύταις
2578 1256 2674 1330 ἦτε
2697 1258 3148 1330 περιϐεϐλημένοι
3164 1260 3284 1321 ταῖς
3312 1261 3623 1329 συμφοραῖς
3640 1272 3653 1286 ⁸

2073 1354 2168 1409 νῦν
2209 1354 2265 1407 δὲ
2312 1353 2499 1424 ἐπειδὴ
2545 1353 2642 1422 τῆς
2690 1351 2947 1405 ἐπανόδου
2984 1353 3341 1420 τετυχήκατε,
3381 1351 3659 1420 ἁρμόττον

2073 1449 2157 1518 εῐη
2195 1448 2260 1500 ἂν
2289 1447 2416 1516 ύμῖν
2451 1444 2632 1497 πένθει
2666 1444 2906 1515 μετιέναι
2938 1444 3037 1514 τὴν
3069 1443 3340 1516 νηστείαν,
3370 1442 3503 1497 ἀλλά
3533 1443 3660 1511 μεθ’

2075 1539 2267 1610 ἡδονῆς
2309 1555 2368 1590 τε
2405 1537 2495 1592 καὶ
2540 1535 2896 1608 εὐφροσύνης,
2943 1537 3136 1608 ἑορτῆς
3180 1536 3326 1602 ἀξιον
3353 1536 3663 1607 τιθεμένοις

2073 1627 2134 1680 τὸ
2155 1627 2436 1698 νηστεύειν
2470 1625 2542 1690 ὡς
2586 1625 2856 1696 αῦταρκες
2889 1626 2948 1678 ’ὁν
2976 1626 3208 1679 οἰκειοῦν
3236 1626 3354 1698 Θεῷ
3378 1643 3392 1657 ·
3425 1627 3660 1700 ἁρμόσει

2012 1709 2056 1767 Β
2084 1721 2195 1792 γὰρ
2227 1720 2356 1790 ὑμῖν
2408 1717 2468 1771 τὸ
2501 1718 2619 1789 μεθ’
2662 1718 2853 1788 ἡδονῆς
2898 1717 3198 1790 νηστεύειν,
3231 1721 3278 1772 εί
3313 1719 3573 1790 ἀληθείας
3607 1735 3664 1771 τε

393 1810 486 1862 καὶ
511 1811 731 1882 εἰρήνης
763 1812 999 1866 ποιοῖσθε
1038 1813 1214 1880 λόγον.
1248 1815 1358 1868 Καὶ
1391 1816 1604 1880 δεικνὺς
1632 1815 1741 1870 τῶν
1772 1815 1990 1894 ἀγαθῶν
2020 1815 2080 1868 τὸ
2119 1813 2352 1885 μέγεθος
2396 1811 2480 1882 ἐφ’
2521 1804 2603 1876 οἷς
2653 1812 2926 1882 προσῆκεν
2970 1811 3166 1876 αὐτοὺς
3205 1811 3560 1883 ἐορτάζοντάς
3605 1825 3664 1866 τε

392 1903 488 1954 καὶ
523 1902 978 1973 εὐφραινομένους
1009 1905 1243 1975 χρῆσθαι
1270 1909 1390 1971 ταῖς
1417 1908 1714 1977 νηστείαις,
1748 1910 1964 1978 ἐπάγει·

466 1992 628 2049 Vens.
657 1994 849 2050 εει-25.
888 1996 1054 2067 328
1074 2027 1142 2036 —
1173 2016 1191 2050 ι
1229 1998 1353 2054 llaec
1386 1999 1463 2054 ait
1491 1999 1754 2057 Dominus
1795 2002 1974 2056 omni-

393 2095 624 2156 potens:
658 2087 850 2143 Adhuc
883 2091 1100 2144 venient
1134 2091 1319 2161 populi
1353 2092 1529 2156 multi,
1551 2100 1606 2148 et
1635 2093 1975 2154 habitatores

394 2177 611 2232 urbium
636 2180 948 2233 multarmn.
973 2179 1038 2234 Et
1060 2182 1153 2250 qui
1185 2182 1433 2236 habitant
1460 2199 1622 2236 unam
1646 2184 1975 2239 convenient

395 2265 464 2320 ad
496 2268 718 2323 alteram
755 2271 1064 2336 civitatem,
1103 2271 1348 2329 dicentes
1392 2291 1405 2327 :
1441 2273 1646 2329 Euntes
1693 2290 1883 2330 camus
1917 2286 1977 2329 ut

393 2364 748 2435 deprecemur
797 2364 991 2420 faciem
1042 2363 1281 2430 Domini,
1336 2374 1395 2420 ut
1443 2381 1750 2437 quaeramus
1782 2367 1974 2422 faciem

396 2455 612 2510 Domini
646 2457 1059 2526 omnipotentis.
1084 2454 1328 2527 Pcrgam-
1343 2465 1396 2512 et
1424 2472 1544 2530 ego.
1578 2479 1597 2511 ι
1629 2456 1716 2512 Nil
1749 2459 1974 2524 mirum,

393 2547 594 2616 inquit,
625 2547 738 2600 haec
761 2546 900 2615 apud
941 2561 1040 2601 vos
1097 2547 1433 2617 contingere,
1484 2547 1753 2618 siquidem
1817 2548 1977 2602 multi

394 2637 713 2707 alienigenae
749 2637 982 2692 diversis
1005 2639 1058 2692 in
1093 2638 1318 2693 urbibus
1348 2638 1680 2704 habitantes,
1719 2655 1784 2695 ex
1841 2657 1978 2694 una-

393 2744 615 2798 quaque
632 2729 765 2783 urbe
795 2730 848 2782 in
883 2745 1050 2784 unum
1073 2730 1298 2784 coibunt
1329 2747 1345 2785 :
1373 2730 1446 2784 ita
1469 2729 1973 2795 enimlvaletdietio,

402 2839 422 2873 ι
460 2820 563 2887 Qui
591 2819 838 2874 habitant
872 2820 1408 2887 unam,convenient
1434 2821 1500 2875 ad
1534 2822 1758 2876 alteram
1788 2823 1980 2877 civita-

395 2923 530 2968 tem.
563 2930 582 2964 »
616 2909 681 2964 Hi
703 2911 1024 2966 excitabunt
1051 2920 1349 2981 mutuoque
1375 2912 1745 2968 hortabuntur
1770 2914 1839 2968 ad
1874 2914 1980 2970 lntc

399 3004 830 3068 adventandum,
856 3013 915 3058 ut
932 3011 985 3057 et
1007 3004 1110 3074 ipsi
1139 3005 1190 3058 in
1227 3003 1435 3061 orando
1461 3003 1574 3058 Deo
1600 3014 1974 3074 perseverent,

399 3102 563 3162 atque
625 3093 693 3146 ab
743 3108 809 3146 eo
854 3093 1135 3161 quodlibet
1184 3093 1384 3148 bonum
1425 3102 1768 3164 exspectent.
1791 3092 1981 3160 Quare

400 3187 722 3238 alterutrum
767 3185 1120 3238 hortabuntut
1166 3184 1710 3264 dicentcsuPcrgam
1728 3202 1914 3264 etego;
1944 3208 1962 3240 ι

2148 1993 2296 2063 Στίχ.
2324 1991 2512 2058 κ’-κγ’.
2537 2019 2604 2030 -
2633 2009 2650 2041 ι
2675 1989 2816 2043 Τάδε
2839 1990 2983 2058 λέγει
3011 1991 3211 2061 Κύριος
3232 1993 3662 2064 παντοκράτωρ·

2081 2089 2201 2142 Ἔτι
2230 2087 2419 2158 ἥξουσι
2438 2083 2557 2137 λαοὶ
2591 2082 2791 2147 πολλοὶ,
2810 2084 2904 2135 καὶ
2919 2081 3297 2147 κατοικοῦντες
3326 2084 3510 2148 πόλεις
3531 2087 3665 2139 πο).-

2075 2181 2208 2243 λάς’
2263 2178 2357 2232 καὶ
2401 2174 2808 2230 συνελεύσονται
2834 2173 3213 2238 κατοικοῦντες
3246 2176 3378 2245 μίαν
3419 2178 3501 2241 εἰς
3535 2179 3666 2248 μίαν

2079 2269 2232 2323 πόλιν
2262 2267 2372 2339 (66)
2400 2267 2669 2335 λέγοντες,
2725 2264 3088 2337 Πορευθῶμεν
3131 2267 3487 2338 πορευόμενοι
3542 2270 3664 2337 δεη-

2079 2362 2239 2432 θῆναι
2267 2359 2362 2413 τοῦ
2393 2357 2686 2430 προσώπου
2718 2357 2942 2427 Κυρίου,
2967 2358 3060 2411 καὶ
3086 2358 3383 2430 ἐκζητῆσαι
3415 2361 3473 2412 τδ
3496 2363 3665 2432 πρόσ-

2079 2471 2226 2507 ωπον
2268 2451 2474 2522 Κυρίου
2514 2449 2983 2520 παντοκράτοροςο
3034 2450 3372 2521 πορεύσομαι
3422 2452 3602 2521 κάγώ.
3644 2474 3660 2503 ι

2078 2544 2404 2618 Θαυμαστὸν
2432 2544 2539 2614 γάρ
2573 2543 2756 2607 οὐδὲν,
2798 2543 2984 2612 φησὶν,
3027 2544 3074 2595 εί
3107 2545 3240 2613 παρ’
3269 2544 3423 2614 ὑμῶν
3462 2546 3667 2614 γίνοιτο

2078 2639 2270 2703 ταῦτα,
2303 2639 2438 2692 ὅπου
2463 2654 2526 2706 γε
2571 2637 2754 2690 πολλοὶ
2781 2637 2874 2690 καὶ
2908 2637 3014 2689 τῶν
3053 2637 3349 2710 ἀλλοτρίων
3388 2641 3446 2692 ἐν
3478 2640 3668 2709 διαφςς-

2083 2747 2195 2801 ροις
2223 2731 2441 2784 πόλεσιν
2475 2727 2768 2790 οἰκοῦντες.
2804 2729 2895 2782 ἐπὶ
2941 2731 3134 2782 ταυτὸν
3174 2732 3265 2800 ἀφ’
3301 2731 3539 2800 ἑκάστης
3563 2733 3663 2784 πός

2079 2822 2214 2886 λεως
2239 2823 2522 2892 γεγονότες
2539 2840 2554 2853 ο
2587 2821 2746 2876 τοῦτο
2775 2824 2882 2892 γὰρ
2917 2821 3064 2890 λέγει
3090 2823 3173 2888 τὸ,
3199 2842 3216 2873 ι
3242 2822 3667 2876 Συνελεύσονται

2080 2912 2462 2974 κατοικοῦντες
2513 2913 2640 2982 μίαν
2686 2915 2765 2976 εἰς
2805 2913 2932 2982 μίαν
2967 2912 3190 2967 πόλιν.»
3240 2915 3560 2985 Διεγεροῦσι
3611 2916 3667 2969 ίέ

2079 3003 2174 3056 καὶ
2206 3003 2601 3075 προτρέψονται
2628 3003 2888 3074 ἀλλήλους
2938 3005 3016 3065 εἰς
3053 3003 3150 3075 τὴν
3177 3003 3412 3058 ἐνταῦθα
3461 3023 3671 3076 παρου-

2082 3095 2223 3157 σίαν,
2263 3094 2338 3158 ὼς
2389 3095 2455 3148 ἂν
2491 3095 2587 3148 καὶ
2638 3095 2790 3147 αίδτοί¹
2831 3093 3132 3166 διαμένοιέν
3182 3112 3240 3149 τε
3285 3095 3533 3166 δεόμενοι
3575 3098 3666 3152 τοῦ

2079 3185 2235 3250 Θεοῦ,
2273 3187 2367 3240 καὶ
2389 3188 2515 3260 παρ’
2546 3187 2710 3240 αὐτοῦ
2749 3189 2856 3238 πᾶν
2887 3189 2916 3240 ὃ
2938 3205 2996 3238 ει
3035 3187 3396 3258 ἀναμένοντες
3424 3189 3664 3258 ἀγαθόν·

399 3277 579 3343 idest,
605 3277 992 3347 Unusquisque
1036 3278 1326 3334 sedulitate
1377 3277 1442 3332 ad
1477 3261 1788 3348 hujusmodi
1832 3261 1975 3348 opus

2081 3276 2212 3331 ὥσθ’
2273 3279 2504 3331 ’ἑκαστον
2561 3278 3003 3348 προτρεπόμενον
3063 3261 3152 3331 τὸν
3216 3279 3405 3350 ἕτερον
3449 3279 3668 3349 λέγειν,

397 3377 579 3432 utens,
641 3368 708 3422 ad
759 3383 858 3439 par
887 3369 1126 3424 studium
1177 3380 1403 3426 ereteros
1435 3385 1652 3440 quoque
1697 3371 1976 3426 excitabit.

398 3457 604 3514 Deinde
636 3459 788 3522 dicit,
824 3461 1089 3529 plurimos
1121 3477 1185 3516 ex
1215 3463 1403 3518 multis
1434 3463 1776 3532 diversisque
1805 3461 1982 3532 genti-

397 3552 502 3606 bus
531 3557 850 3608 ventaturos
895 3551 1234 3608 Hierusalem
1290 3553 1460 3609 Deum
1507 3555 1854 3625 propitiaturi
1885 3569 1982 3624 pro

396 3645 636 3713 peccatis
670 3644 806 3705 suis,
849 3651 902 3698 et
953 3645 1020 3700 de
1057 3647 1301 3716 qualibet
1344 3646 1590 3718 ipsorum
1653 3648 1982 3702 necessitate

396 3736 763 3806 deprecaturi.
795 3736 917 3791 Mox
948 3737 1099 3792 addit
1132 3759 1143 3791 τ
1177 3757 1196 3789 ι
1245 3738 1371 3794 llaec
1401 3740 1478 3794 ait
1505 3739 1767 3796 Dominus
1797 3740 1979 3793 omni-

398 3833 592 3896 potens
635 3824 882 3880 :Diebus
938 3826 1045 3880 illis
1085 3829 1491 3898 apprehendent
1524 3829 1713 3884 decem
1768 3829 1866 3882 viri
1913 3845 1980 3883 ex

396 3917 643 3970 omnium
691 3916 933 3986 gentium
979 3917 1200 3986 linguis,
1244 3918 1674 3988 apprehendent,
1733 3922 1978 3988 inquam,

399 4012 670 4067 fimbriam
709 4012 811 4065 viri
873 4010 1044 4065 luilzei
1084 4011 1376 4067 dicentes:
1431 4013 1725 4068 Veniemus
1777 4025 1979 4075 tecum,

397 4102 526 4173 quia
564 4101 868 4155 audivimus
902 4101 1069 4155 Deum
1101 4102 1380 4157 vobiscum
1417 4119 1559 4158 esse.
1591 4124 1608 4156 ι
1669 4103 1819 4158 Adeo
1859 4104 1984 4156 illu-

400 4205 570 4248 strem
595 4191 756 4246 faciet
793 4191 1150 4259 reliquiarum
1182 4189 1399 4247 lsraelis
1434 4193 1693 4258 reditum,
1732 4201 1788 4246 ut
1825 4194 1979 4246 ιηιιΙιί

398 4285 632 4341 diversis
654 4283 872 4339 oriundi
901 4284 1176 4352 gentibus,
1199 4292 1252 4338 et
1283 4284 1430 4338 illius
1459 4285 1789 4339 calamitatis
1816 4285 1984 4354 parti-

397 4377 572 4448 cipes,
604 4375 982 4430 animadversa
1015 4375 1107 4430 Dei
1137 4391 1264 4444 erga
1311 4377 1564 4445 populum
1596 4393 1754 4432 suum
1799 4379 1984 4446 provi-

399 4469 606 4529 dentia,
643 4468 984 4538 apprehenso
1008 4467 1250 4536 ipsorum
1277 4465 1545 4533 quolibet,
1572 4481 1636 4520 eo
1661 4466 1798 4521 duce
1823 4474 1982 4519 utan-

398 4566 491 4612 tur
522 4558 731 4611 reilitus
763 4554 827 4608 ad
867 4557 1052 4610 urbem
1107 4553 1469 4620 Hierusalem,
1503 4556 1720 4612 cunctis
1752 4557 1884 4610 satis
1913 4553 1980 4607 at'.

2084 3367 2161 3435 (p.
2198 3365 2322 3435 491)
2355 3384 2374 3417 ι
2412 3366 2754 3436 Πορεύσομαι
2776 3366 2949 3434 κάγὼ,
2986 3387 3002 3419 ι
3032 3367 3116 3420 ἵνα
3148 3369 3296 3440 εἴπῃ,
3321 3370 3402 3422 ὅτι
3435 3371 3671 3435 ἕκαστος

2085 3458 2363 3530 προθυμίᾳ
2393 3461 2460 3530 τῇ
2490 3460 2618 3530 περὶ
2654 3458 2715 3511 τὺ
2764 3462 2998 3529 πρᾶγμα
3041 3461 3413 3530 κεχρημένος,
3461 3464 3560 3516 ἐπὶ
3604 3466 3671 3516 τά

2081 3551 2240 3620 ὃμοια
2264 3551 2496 3619 διεγερεί
2516 3550 2608 3603 καὶ
2629 3551 2754 3614 τοὺς
2784 3551 2994 3614 ἄλλους’
3029 3546 3145 3604 εἶτα
3169 3553 3251 3605 ὅτι
3273 3553 3516 3608 πλεῖστοι
3552 3557 3670 3609 ὅσοι

2082 3642 2148 3694 ἐκ
2179 3641 2389 3695 πολλῶν
2435 3643 2528 3695 καὶ
2572 3642 2843 3713 διαφόρων
2889 3643 3057 3696 ἐθνῶν
3090 3640 3421 3714 παρέσονται
3449 3648 3532 3710 εἰς
3567 3648 3669 3718 τὴν

2093 3733 2452 3804 Ἰερουσαλὴμ
2495 3733 2860 3804 ἐξιλεούμενοί
2887 3751 2947 3786 τε
2992 3734 3049 3788 τὸ
3077 3735 3236 3788 Θεῖον
3263 3738 3357 3789 ἐπὶ
3386 3740 3508 3799 ταῖς
3541 3741 3671 3794 ἐαυ-

2081 3825 2195 3877 τῶν
2228 3825 2544 3897 ἁμαρτίαις,
2595 3825 2690 3878 καὶ
2716 3827 2823 3878 πᾶν
2856 3826 2976 3878 ὅτου
3004 3825 3068 3879 ἂν
3097 3827 3302 3880 δέοιντο
3333 3831 3470 3899 παρ’
3499 3832 3672 3884 αὑτοῦ

2083 3914 2392 3986 ζητοῦντες.
2445 3911 2540 3978 Οἷς
2565 3917 2792 3985 ἐπάγει·
2833 3937 2852 3969 ι
2873 3918 3008 3972 Τάδε
3042 3918 3187 3987 λέγει
3217 3920 3420 3992 Κύριος
3467 3939 3673 3977 παντοο

2084 4010 2304 4081 κράτωρ
2324 4028 2338 4041 ·
2375 4010 2462 4062 Ἐν
2490 4012 2605 4074 ταῖς
2634 4012 2866 4082 ἡμέραις
2895 4011 3130 4076 ἐκείναις
3149 4014 3506 4085 ἐπιλήψονται
3537 4020 3673 4072 δέκα

2079 4096 2268 4169 ἀνδρες
2326 4100 2390 4151 ἐκ
2429 4100 2619 4152 πασῶν
2660 4098 2803 4170 [τῶν
2832 4098 3128 4172 γλωσσῶν]
3173 4100 3280 4152 τῶν
3326 4100 3520 4163 ἐθνῶν,
3581 4106 3675 4156 καὶ

2080 4190 2431 4262 ἐπιλήψονται
2479 4191 2572 4244 τοῦ
2613 4192 2918 4262 κρασπέδου
2949 4191 3139 4262 ἀνδρὸς
3190 4191 3449 4244 Ἰουδαίου
3483 4193 3674 4262 λέγον-

2079 4300 2189 4347 τος,
2241 4284 2625 4354 Πορευσόμεθα
2673 4283 2810 4354 μετά
2853 4284 2968 4348 σοῦ,
3005 4284 3139 4336 διότι
3180 4284 3501 4354 ἀκηκόαμεν
3527 4287 3616 4337 ὅτι
3647 4289 3674 4338 ό

2082 4375 2213 4438 Θεὸς
2236 4375 2353 4446 μεθ’
2383 4376 2533 4446 ὑμῶν
2564 4378 2732 4429 ἐστιν.
2765 4397 2782 4427 ι
2815 4376 2972 4429 Οῦτω
2993 4377 3100 4447 γὰρ
3127 4377 3387 4446 λαμπρὰν
3408 4377 3519 4428 τῶν
3544 4379 3680 4430 ὐπο-

2081 4465 2418 4535 λειπομένων
2449 4462 2732 4537 ποιήσεται
2762 4466 2894 4529 Θεὸς
2922 4467 3020 4538 τὴν
3050 4467 3328 4530 ἐπάνοδον,
3361 4466 3505 4518 ὥστε
3543 4467 3677 4519 πολ-

2079 4558 2204 4622 λοὺς
2235 4559 2296 4610 ἐκ
2319 4558 2592 4628 διαφόρων
2611 4559 2771 4623 ὄντας
2803 4558 2973 4611 ἐθνῶν
3004 4560 3097 4611 καὶ
3125 4559 3222 4628 τῆς
3259 4560 3550 4628 συμφορᾶς
3582 4575 3677 4610 κε·

400 4651 454 4704 id
491 4649 778 4704 concitatis
806 4663 872 4703 ex
892 4646 1126 4702 evidenti
1165 4647 1388 4701 notione
1440 4647 1583 4715 quod
1641 4647 1797 4701 vobis
1842 4647 1975 4700 ιιιὶείι

2082 4651 2477 4721 κοινωνηκότας
2500 4651 2732 4722 ἐκείνης,
2756 4651 3127 4720 θεασαμένους
3143 4649 3234 4703 τοῦ
3255 4649 3396 4702 Θεοῦ
3423 4651 3520 4720 τὴν
3546 4651 3680 4720 περὶ

401 4741 566 4807 Deus,
601 4748 742 4795 teste
797 4753 1025 4810 Operum
1087 4753 1214 4808 erga
1241 4753 1340 4793 vos
1377 4737 1745 4792 mirabilitate.
1772 4736 1986 4791 Eteninr

403 4837 508 4890 hoc
536 4836 698 4890 etiatu
737 4834 862 4887 loco
896 4829 1284 4883 «decemviros
1304 4847 1320 4878 ι
1339 4825 1561 4880 haudde
1574 4842 1808 4882 numero
1831 4829 1987 4894 dicit,

2079 4739 2168 4793 τὸν
2187 4739 2313 4792 λαὸν
2339 4740 2694 4810 κηδεμονίαν,
2721 4741 3078 4794 ἐπιλαϐέσθαι
3105 4758 3163 4794 τε
3192 4743 3313 4794 ὅτου
3339 4741 3543 4811 δήποτε
3569 4741 3680 4794 τῶν

2079 4831 2138 4896 ἐξ
2167 4830 2365 4894 αὐτῶν,
2387 4831 2483 4884 καὶ
2505 4833 2794 4903 ἡγουμένῳ
2812 4833 3126 4904 χρήσασθαι
3148 4834 3340 4903 ἐκείνῳ
3358 4835 3439 4897 είς
3460 4837 3561 4904 τὴν
3587 4838 3682 4888 ἐπὶ

403 4927 496 4980 sed
521 4935 609 4980 uti
629 4923 832 4978 multos
851 4919 1170 4992 isignificet.
1185 4914 1326 4969 Exin
1350 4921 1614 4969 memorat
1639 4923 1827 4984 gentes
1868 4930 1975 4984 qua

2079 4921 2174 4991 τὴν
2217 4920 2573 4992 Ἰερουσαλὴμ
2611 4922 2867 4976 ἐπάνοδον
2906 4922 3325 4992 διεγειρομένων
3379 4924 3681 4995 αὐτάρκως

403 5019 497 5073 Dei
532 5019 729 5070 timore
756 5015 831 5067 ita
861 5027 920 5067 se
945 5018 1154 5081 gerent,
1180 5018 1292 5063 tum
1324 5018 1379 5063 et
1401 5008 1536 5061 alias
1567 5023 1688 5077 qua:
1706 5007 1776 5062 ob
1795 5021 1990 5076 super-

406 5109 549 5162 biam
578 5121 732 5162 suam
762 5103 962 5156 nullius
985 5103 1135 5170 pensi
1169 5115 1282 5155 rem
1317 5099 1456 5154 hanc
1514 5099 1814 5154 habebunt.
1851 5097 1987 5151 Pro-

409 5207 594 5268 pterea
620 5196 786 5250 dicit:

2080 5011 2334 5065 ἁπάντων
2365 5013 2459 5065 ἐπὶ
2496 5011 2655 5065 τοῦτο
2694 5015 2758 5066 ἐκ
2784 5013 2878 5066 τοῦ
2908 5012 3110 5082 γνῶσιν
3133 5013 3334 5083 ἀκριϐῆ
3366 5015 3560 5067 λαϐεῖν
3583 5015 3678 5068 τοῦ

2083 5101 2200 5171 μεθ’
2229 5101 2382 5171 ὑμῶν
2405 5098 2544 5156 εἶναι
2569 5103 2661 5155 τὸν
2682 5103 2815 5155 Θεὸν
2839 5103 2926 5156 διὰ
2951 5103 3045 5156 τοῦ
3077 5104 3382 5176 παραδόξου
3409 5105 3522 5157 τῶν
3551 5123 3617 5156 πε
3628 5105 3682 5176 ρὶ

2082 5193 2226 5264 ὑμᾶς
2251 5197 2550 5266 γινομένων
2572 5213 2582 5227 ·
2610 5197 2703 5249 καὶ
2719 5196 2829 5266 γάρ
2851 5197 3129 5251 κάνταῦθα
3150 5198 3211 5251 τὸ
3231 5217 3250 5250 ι
3276 5197 3409 5252 δέκα
3427 5199 3627 5268 ἄνδρες
3657 5216 3676 5248 ›

407 5289 508 5340 οὐκ
535 5287 628 5338 ἐπὶ
660 5281 878 5356 ἀριθμῴ
905 5280 1073 5348 λέγει.
1106 5281 1220 5334 ἀλλ’
1266 5281 1354 5333 ἵνα
1395 5281 1523 5350 εἴπῃ
1565 5279 1798 5335 «πολλοί.
1846 5299 1863 5329 ι
1901 5273 2033 5331 Εἶτα
2070 5279 2341 5349 μέμνηται
2377 5277 2484 5329 τῶν
2529 5278 2588 5329 ἐν
2625 5279 2738 5340 τοῖς
2783 5278 2959 5329 ἔθνεσι
3001 5276 3108 5328 τῶν
3152 5275 3250 5343 μὲν
3281 5276 3675 5346 ἐργασομένων

416 5378 566 5432 τοῦτο
581 5376 690 5429 δέει
718 5372 812 5426 τοῦ
829 5371 985 5436 Θεοῦ,
1013 5372 1122 5425 τῶν
1154 5373 1211 5426 δὲ
1239 5373 1304 5426 δι’
1337 5375 1634 5443 ὑπεροψίαν
1665 5375 1724 5426 οὐ
1756 5373 2136 5444 ποιησαμένων
2167 5373 2356 5426 τούτου
2383 5373 2557 5442 λόγον.
2600 5375 2690 5426 Διὸ
2714 5372 2867 5440 φησί·

483 5507 702 5586 (66)__lta
733 5503 1005 5586 Theodori
1036 5504 1206 5586 codex
1237 5505 1327 5586 hic
1353 5507 1591 5586 etinfra,
1628 5509 1985 5586 consentiens

415 5577 538 5635 cum
576 5577 822 5631 ’llebmo
867 5584 920 5629 et
956 5577 1204 5646 antiquis
1260 5577 1670 5646 interpretibus.
1735 5580 1985 5632 Attamen

413 5649 634 5704 Graccus
659 5655 862 5711 textus,
895 5645 1058 5700 etiam
1088 5645 1798 5713 νωιωυυθκατοικοῦντες
1826 5648 1985 5702 πέντε

2085 5509 2266 5572 πόλεις
2311 5509 2392 5570 είς
2421 5506 2602 5577 μίαν.-
2635 5504 2739 5577 Sed
2789 5508 2843 5577 in
2877 5499 3255 5577 Qomptutensi
3293 5497 3449 5554 deest
3487 5493 3676 5556 πέντε,

2085 5581 2229 5652 quod
2259 5574 2439 5634 tamen
2471 5574 2680 5647 legebat
2712 5575 2886 5629 Arabs
2911 5575 3130 5642 interpr.
3155 5588 3202 5626 s.
