3830 6216
182 328 290 384 553
1110 334 1654 392 COMMENTARIUS
1683 338 1694 393 l

1906 336 2163 394 ὶΙΙΛΒΙιΕ
2203 337 2353 395 CAP.
2384 338 2469 394 1x.
3264 386 3268 390 .
3319 338 3418 394 554

835 456 990 510 ΚΕΦ.
1028 454 1104 507 Θ’.
1781 470 1828 525 Α
2001 500 2007 504 .

1781 470 1828 525 Δ
2001 500 2007 504 -
2503 474 2652 530 CAP.
2690 472 2779 528 IX.

251 547 405 620 Στίχ.
436 547 575 603 α⁹οδ’.
600 577 671 591 -—
694 566 713 600 ι
731 548 937 620 Λῆμμα
960 547 1117 617 λόγου
1135 547 1333 619 Κυρίου
1361 551 1418 601 ὲν
1448 551 1517 619 γῇ
1536 548 1749 618 Ἐδράχ·

1925 566 2088 637 329
2120 566 2286 623 Vens.
2320 567 2435 621 14.
2466 566 2895 637 —¢Assumptio
2923 565 3075 620 verbi
3119 563 3328 620 Domini
3365 583 3410 621 ιιι

180 641 275 694 καὶ
298 639 587 710 Δαμασκδς
614 640 771 695 θυσία
805 639 968 694 αὐτοῦ
988 656 1003 670 ·
1056 640 1188 694 διότι
1218 640 1420 709 Κύριος
1461 641 1631 710 ἐφορᾷ
1660 640 1692 691 ἀ

1874 675 1997 714 .erra
2016 660 2247 715 Edrach.
2266 662 2331 714 Et
2354 659 2651 715 Damascus
2663 660 2988 715 sacriﬁcium
3005 660 3143 727 ejus.
3159 660 3292 726 Quia
3310 659 3386 712 Do

182 730 437 799 θρώπους
478 731 570 783 καὶ
616 731 795 794 πάσας
835 730 1008 800 φυλάς
1038 730 1132 782 τοῦ
1167 730 1401 801 Ἰσραὴλ,
1442 730 1537 783 καὶ
1574 731 1694 821 Ἦμ<

1912 751 2034 806 inus
2052 752 2269 821 inspicit
2293 753 2540 807 homines
2556 760 2608 805 et
2619 766 2807 807 omnes
2827 752 3001 806 tribus
3015 752 3418 821 Israelis,atque

178 821 238 871 ὲν
267 823 381 883 τοῖς
408 822 576 892 ὁρίοις
611 821 800 890 αὐτῆς.
826 840 843 871 ι
883 822 1231 891 Δαμασκηνοὶ
1274 821 1371 889 μὲν
1399 820 1527 889 γὰρ,
1564 820 1690 889 φησὶ

1901 844 2046 896 math
2071 845 2123 897 in
2146 820 2346 899 ﬁnibus
2369 844 2511 913 ejus.
2552 862 2569 894 ι
2602 842 2921 898 Damasceni
2943 843 3181 913 quidem,
3215 820 3412 911 inquit,

176 913 320 965 οἵτε
360 914 461 983 τῆς
514 913 707 984 Ἐδράχ
742 914 835 966 καὶ
880 913 979 983 τῆς
1015 912 1206 984 Ἐμὰθ,
1245 912 1379 983 μετὰ
1412 911 1608 981 πολλῆς
1651 929 1688 963 τε

1903 973 1904 979 η
1938 934 2150 989 Edrach
2184 935 2378 990 incolae
2400 911 2573 1005 atque
2628 932 2844 999 Emath,
2880 911 3050 987 multo
3077 948 3199 988 cum
3233 933 3415 988 studio

180 1007 417 1075 σπουδῆς
455 1007 787 1077 προσάξουσι
826 1006 904 1075 τῷ
929 1006 1048 1077 Θεῷ
1082 1007 1271 1069 θυσίας
1297 1009 1371 1069 ὡς
1413 1006 1479 1061 ἂν
1503 1007 1692 1059 Δεσπὰ

1902 1040 1960 1079 eo
2014 1027 2283 1082 sacriﬁcia
2332 1036 2605 1084 auuucent
2658 1042 2758 1085 ceu
2799 1030 3039 1082 omnium
3070 1026 3318 1091 Domino,
3359 1037 3414 1082 et

171 1097 269 1149 τοῦ
304 1098 526 1162 παντὸς,
576 1097 651 1166 (p.
689 1098 812 1165 492)
849 1098 943 1150 καὶ
987 1099 1083 1168 μὲν
1121 1097 1437 1168 ἀνθρώπους
1486 1098 1683 1166 ἐφορῶν

1902 1118 2097 1174 >mines
2122 1120 2422 1188 speculanti
2450 1136 2546 1176 ceu
2572 1136 2736 1191 opera
2780 1121 3124 1190 famulosque
3148 1134 3296 1179 suos.
3320 1134 3414 1187 pe.

172 1186 249 1249 ὠς
290 1187 357 1241 ἂν
392 1188 526 1259 ἔργα
553 1206 613 1241 τε
648 1188 739 1241 καὶ
773 1189 988 1250 οἰκέτας
1024 1189 1207 1252 ἰδίους,
1246 1190 1518 1260 ἐξαίρετον
1562 1190 1616 1242 δὲ
1659 1208 1684 1242 ν

1901 1211 2039 1264 Iliari
2067 1226 2196 1267 vero
2220 1212 2470 1268 lsraelem
2499 1214 2838 1283 providentia
2861 1213 3053 1267 tuenti.
3093 1231 3112 1264 ι
3151 1211 3327 1281 Tyrus
3350 1226 3413 1266 ac

176 1296 334 1347 μοντι
361 1280 459 1349 τὴν
481 1280 802 1351 κηδεμονίαν
825 1279 903 1350 τῷ
937 1280 1171 1351 Ἰσραήλ.
1192 1298 1210 1331 ι
1239 1280 1412 1351 Τύρος
1442 1282 1534 1333 καὶ
1554 1279 1688 1334 Σιδὼ

1899 1300 2035 1365 idon,
2066 1302 2322 1369 quoniam
2363 1305 2633 1373 sapientes
2688 1303 2911 1359 fuerunt
2952 1304 3138 1359 nimis.
3191 1302 3254 1357 Et
3282 1304 3411 1359 aedi-

171 1370 253 1421 ὅτι
277 1370 583 1441 ἐφρόνησαν
606 1371 806 1441 σφόδρα
822 1388 836 1401 ο
863 1372 955 1425 καὶ
972 1371 1280 1441 ᾠκοδόμησε
1296 1372 1469 1442 Τύρος
1483 1371 1683 1443 ὀχύρωε

1897 1393 2025 1445 :avit
2053 1390 2230 1463 Tyrus
2265 1395 2594 1450 munitiones
2643 1409 2794 1462 suas,
2814 1403 2868 1448 et
2900 1393 3289 1450 thesaurizavit
3321 1408 3409 1448 ar-

170 1459 365 1529 αὖτῆς,
400 1459 495 1511 καὶ
526 1458 883 1531 ὲθησαύρισεν
917 1461 1177 1533 ἀργύριον
1212 1460 1287 1525 ὼς
1316 1461 1463 1531 χοῦν,
1491 1462 1583 1515 καὶ
1616 1479 1682 1532 χρ

1894 1492 2060 1538 ιηῑιιιη
2089 1493 2149 1539 ut
2178 1488 2473 1555 pulverem,
2509 1493 2563 1540 et
2584 1501 2774 1541 aurum
2798 1487 2940 1541 sicut
2966 1488 3141 1543 lutum
3174 1489 3406 1545 viarum.

171 1550 285 1602 σίον
314 1550 391 1612 ὡς
418 1549 587 1620 πηλὸν
616 1550 770 1605 ὁδῶν.
807 1552 906 1605 Διά
931 1551 1088 1604 τοῦτο
1120 1552 1321 1624 Κύριος
1348 1552 1683 1624 κληρονομήο

1897 1585 2130 1647 ropterea
2164 1549 2423 1633 Dominus
2472 1579 2769 1648 possidebit
2825 1594 2942 1643 eos,
2971 1588 3027 1635 et
3062 1580 3309 1635 detrahet
3352 1582 3409 1635 in

166 1643 389 1708 αὐτοὺς,
420 1644 513 1697 καὶ
541 1643 765 1708 κατάξει
789 1646 868 1707 είς
887 1643 1159 1698 θάλασσαν
1186 1644 1282 1717 τὴν
1303 1645 1528 1716 δύναμιν
1548 1647 1678 1718 αὐτῆ

1898 1682 1990 1722 are
2013 1667 2383 1724 fortitudinem
2412 1669 2562 1738 ejus.
2588 1678 2640 1724 et
2670 1671 2787 1738 ipsa
2823 1670 2947 1739 igne
2976 1680 3347 1727 consumetur.
3386 1693 3402 1723 ν

165 1734 262 1786 καὶ
297 1735 433 1803 αὑτὴ
466 1736 523 1789 ὲν
560 1734 695 1804 πυρὶ
731 1735 1262 1806 καταναλωθήσεται.
1286 1757 1304 1788 ι
1344 1738 1529 1809 Τύριοι
1557 1738 1677 1807 μέν-ι

1897 1760 1988 1829 yrii
2023 1759 2241 1830 quidem
2282 1734 2454 1831 atque
2484 1734 2717 1827 Sidonii,
2761 1734 2887 1833 quia
2920 1778 3116 1834 magna
3154 1766 3409 1835 superbia

164 1826 260 1878 καὶ
290 1827 529 1880 Σιδώνιοι
568 1828 754 1901 ἐπειδὴ
794 1828 1013 1900 μεγάλῳ
1058 1831 1389 1901 χρησάμενοι
1430 1831 1507 1901 τῷ
1536 1848 1676 1901 φρον·

1896 1851 1963 1904 ati
1990 1852 2195 1907 cultum
2226 1868 2403 1908 meum
2422 1861 2892 1924 contempserunt,
2924 1856 3139 1926 sibique
3162 1856 3408 1912 sufficere

166 1935 299 1985 ματι
320 1918 600 1989 ὑπερεῖδον
626 1924 723 1991 τῆς
748 1922 886 1990 ὲμῆς
925 1921 1238 1991 θεραπείας,
1273 1923 1366 1975 καὶ
1393 1924 1583 1993 ἀρκεῖν
1611 1924 1678 1975 ἑα

1894 1949 2110 2005 nantes,
2172 1957 2450 1996 murorum
2495 1945 2841 1999 securitatem
2888 1954 3272 2014 procurarunt,
3311 1961 3406 2000 au-

160 2011 275 2071 τοτς
298 2011 618 2081 νομίσαντες
646 2013 741 2082 τῆς
773 2013 881 2065 τῶν
902 2014 1094 2083 τειχῶν
1127 2014 1531 2084 ὲπεμελήσαντο
1560 2015 1668 2082 ἀσφ

1890 2046 2067 2099 Imque
2122 2039 2178 2086 et
2236 2041 2519 2103 argentum
2575 2034 2673 2087 luti
2748 2036 2926 2090 instar
2991 2047 3402 2104 coacervarunt,

159 2100 333 2165 λείας,
356 2104 555 2173 χρυσόν
582 2120 642 2155 τε
672 2105 765 2157 καὶ
795 2103 1031 2175 ἄργυρον
1066 2104 1236 2174 πηλοῦ
1269 2104 1421 2171 δίκην
1449 2104 1671 2173 ἀθροίσα

1895 2137 2054 2191 gnam
2110 2123 2321 2177 insania
2380 2139 2478 2179 sua
2540 2140 2757 2194 poenam
2798 2126 3055 2182 referent.
3108 2128 3407 2199 Occupabi.

158 2214 271 2263 τες,
304 2198 565 2269 ἀνάλογον
598 2200 697 2271 τῆς
722 2203 976 2264 ἀπονοίας
1003 2202 1102 2270 τῆς
1130 2202 1335 2265 οἰκείας
1370 2202 1606 2267 δέξονται
1637 2222 1667 2256 τ

1889 2211 1978 2264 tim
2004 2226 2098 2267 eos
2130 2212 2411 2276 Dominus,
2438 2230 2738 2285 onmesque
2790 2217 3115 2286 bumiliabit,
3150 2232 3401 2277 cunctam

154 2290 460 2361 τιμωρίαν·
518 2292 776 2363 κτήσεται
809 2291 917 2362 γὰρ
964 2293 1157 2355 αὐτοὺς
1186 2295 1214 2344 ὁ
1255 2293 1384 2356 Θεὸς
1426 2294 1519 2346 καὶ
1550 2312 1666 2348 ταπι

1887 2305 2050 2357 lorum
2104 2305 2465 2360 substantiam
2519 2310 2826 2380 propinquo
2874 2313 3007 2366 mari
3050 2316 3399 2371 contradens.

156 2382 322 2436 νώσιι
354 2381 561 2447 πάντας
591 2386 804 2448 αὐτοὺς,
836 2384 1064 2453 ἐγγύθεν
1098 2383 1231 2453 οὕσῃ
1258 2387 1321 2453 τῇ
1357 2384 1602 2458 θαλάσσῃ
1628 2404 1668 2438 π

1890 2407 1954 2446 πειι
1986 2408 2114 2449 vero
2162 2395 2340 2465 (urbs)
2382 2398 2522 2468 ignis
2548 2401 2847 2469 praeda'ﬁet
2873 2403 2941 2458 ab
2968 2404 3301 2461 irruentibus
3346 2406 3402 2461 in

158 2486 262 2525 σαν
292 2472 471 2526 αὐτῶν
504 2473 731 2543 δύναμιν
763 2473 1033 2546 παραδούς
1054 2490 1068 2503 ο
1110 2474 1262 2527 ἔσται
1292 2476 1347 2527 δὲ
1389 2474 1527 2545 αὑτὴ
1566 2494 1670 2548 πυρ

1886 2500 1954 2537 Im
2008 2485 2277 2543 hostibus.
2339 2487 2432 2543 His
2470 2490 2538 2546 de
2571 2489 2716 2561 Tyro
2759 2501 2923 2564 atque
2976 2494 3179 2551 Sidone
3214 2498 3398 2562 dictis,

154 2564 319 2631 ἔργον
352 2564 417 2616 ὲκ
441 2562 550 2616 τῶν
580 2564 838 2618 ἐπιόντων
869 2566 1005 2635 αὐτῇ
1045 2566 1334 2635 πολεμίων.
1393 2566 1578 2621 Ταῦτα
1607 2586 1666 2622 πε

804 2582 838 2617 ιν
869 2566 1005 2635 αὐτῇ
1045 2566 1334 2635 πολεμίων.
1393 2566 1578 2621 Ταῦτα
1607 2571 1736 2642 περὶ
1835 2577 2214 2646 prosequitur:
2310 2596 2316 2611 ο

151 2654 337 2726 Τύρου
367 2672 429 2709 τε
455 2656 550 2707 καὶ
576 2656 804 2719 Σιδῶνος
832 2655 1028 2721 εἰπὼν,
1050 2659 1274 2725 ἐπάγει·

224 2747 377 2818 Στίχ.
408 2746 544 2809 ἔρξ’.
588 2778 659 2789 -
701 2765 720 2798 ‹
752 2746 977 2816 Ὄψεται
1014 2749 1312 2813 ’Δσκάλων,
1364 2755 1459 2805 καὶ
1496 2753 1736 2826 φοϐηθή-

1903 2757 2072 2814 Vzns.
2098 2761 2214 2815 5-7.
2248 2793 2318 2804 —-
2355 2781 2374 2815 ι
2408 2762 2628 2821 Videbit
2678 2768 2937 2834 Ascalon,
2971 2783 3027 2830 et
3066 2775 3316 2838 timebit:
3350 2790 3402 2834 et

151 2853 341 2891 σεταιο
377 2838 471 2890 καὶ
511 2837 678 2902 Γάζα,
700 2839 791 2891 καὶ
818 2837 1207 2909 ὀδυνηθήσεται
1225 2841 1430 2912 σφόδρα
1451 2858 1465 2871 ·
1494 2845 1586 2897 καὶ¹
1615 2846 1663 2897 Ἀ

1890 2865 1998 2912 aza,
2022 2858 2074 2903 et
2104 2851 2310 2905 dolebit
2362 2853 2560 2919 nimis;
2593 2865 2647 2910 et
2673 2857 2940 2924 Accaron,
2969 2865 3226 2932 quoniam
3272 2880 3402 2919 con-

145 2926 359 2997 κάρων,
391 2928 472 2981 ὅτι
506 2927 851 3000 κατῃσχύνθη
873 2929 965 2981 ἐπὶ
991 2928 1067 2999 τῷ
1095 2930 1501 3002 παραπτώματι
1522 2933 1657 3004 αύτῆ

1887 2958 1953 2995 ευ
1979 2949 2062 2997 est
2091 2958 2255 3012 super
2288 2946 2443 3000 ruina
2474 2963 2571 3002 sua
2628 2965 2641 3000 :
2674 2958 2728 3004 et
2772 2926 3096 3018 peribit-rex
3128 2958 3194 3012 de
3234 2957 3399 3019 Gaza.

147 3016 248 3069 ναὶ
275 3018 559 3071 ἀπολεῖται
586 3018 831 3088 βασιλεὺς
856 3021 919 3071 ὲκ
937 3019 1113 3090 Γάζης
1131 3038 1144 3050 ·
1171 3024 1262 3074 καὶ
1278 3024 1553 3077 Ἀσκάλων
1573 3026 1633 3078 ού

1913 3033 2145 3088 Ascalon
2174 3050 2284 3090 non
2316 3038 2682 3109 habitabitur;
2713 3016 3115 3101 etrhabitabunt
3145 3016 3400 3117 alienigc;

140 3109 452 3182 κατοικηθῇ
474 3127 488 3140 ⁸
516 3112 609 3163 καὶ
628 3113 1037 3183 κατοικήσουσιν
1058 3114 1362 3182 ἀλλογενεῖς
1394 3117 1450 3168 ἐν
1482 3116 1652 3183 Ἀζώτ

141 3202 239 3228 ---ι
263 3200 476 3228 ._-n-\.-.
509 3202 663 3228 σεεμ..
691 3204 934 3228 :.~.~.-.-.'_\_
1049 3206 1136 3228 ---Α
1173 3204 1344 3228 ::___-_
1380 3207 1428 3228 ,ι
1479 3198 1565 3228 --γη
1584 3226 1603 3228 η

1884 3142 1917 3180 e
1950 3129 2003 3181 in
2034 3132 2223 3185 Azoto.
2261 3131 2327 3185 Et
2357 3128 2634 3188 destruam
2668 3136 2921 3205 injuriam
2953 3140 3396 3212 alienigenarum.

141 3202 245 3255 καὶ
263 3200 479 3255 καθελῶ
509 3202 664 3273 ὓϐριν
686 3204 1017 3273 ἀλλοφύλων,
1049 3206 1142 3257 καὶ
1170 3204 1349 3277 ἐξαρῶ
1376 3207 1437 3259 τὸ
1472 3198 1610 3278 αἷμα
1636 3228 1653 3262 c

1938 3219 2177 3274 auferam
2217 3226 2534 3293 sanguinem
2582 3243 2769 3282 eorum
2823 3231 2890 3286 de
2934 3247 3026 3286 ore
3056 3233 3317 3303 ipsorum,
3347 3247 3400 3289 et

137 3291 279 3361 τῶν,
304 3294 399 3347 καὶ
430 3293 498 3347 τὰ
530 3294 869 3366 βδελύγματα
889 3295 1067 3349 αὐτῶν
1091 3298 1155 3349 ἐκ
1186 3298 1351 3366 μέσου
1375 3298 1603 3352 ὀδόντων
1631 3320 1649 3353 a

1882 3310 2266 3365 )ominationes
2312 3327 2497 3368 eorum
2527 3316 2593 3372 de
2624 3317 2801 3373 medio
2831 3319 3071 3375 dentium
3131 3323 3394 3392 ipsorum.

135 3383 290 3437 τῶνο
330 3385 425 3438 καὶ
458 3386 940 3456 ύπολειφθήσονται
974 3388 1069 3439 καὶ
1104 3382 1247 3441 οὗτοι
1285 3388 1363 3458 τῷ
1392 3390 1510 3460 Θεῷ
1539 3393 1647 3461 ήμᾶ

1887 3400 2311 3470 Lrelinquentur
2335 3411 2389 3458 et
2446 3406 2537 3462 isti
2611 3408 2719 3465 Deo
2751 3420 2979 3480 nostro;
3041 3424 3094 3470 et
3121 3426 3284 3473 erunt
3340 3428 3399 3473 ut

137 3476 246 3529 καὶ
270 3476 483 3531 ἔσονται
504 3478 579 3539 ὡς
606 3478 880 3549 χιλίαρχος
910 3482 966 3532 ὲν
996 3478 1073 3549 τῷ
1105 3479 1294 3550 Ἰούδᾳ,
1328 3482 1419 3534 καὶ
1447 3483 1649 3552 Ἀκκάρ

1886 3491 2081 3548 i‘nunus
2108 3494 2161 3547 in
2189 3492 2348 3559 Juda,
2378 3506 2433 3551 et
2480 3500 2722 3554 Accaron
2749 3476 3212 3563 sicutJebusseus.
3255 3530 3273 3563 ι
3308 3509 3398 3565 Di-

134 3567 224 3630 ὡς
266 3568 605 3631 Ἰεϐουσαῖος,
630 3589 649 3620 ι
683 3569 937 3623 Βούλεται
975 3571 1071 3640 μὲν
1105 3574 1277 3625 εἰπεῖν
1306 3574 1385 3626 ὅτι
1414 3577 1538 3638 τοὺς
1570 3577 1646 3628 ἀλῖ

1885 3572 1951 3635 :re
1984 3584 2099 3636 vult
2134 3584 2251 3640 fore
2294 3597 2352 3641 ut
2402 3588 2734 3659 alienigenas
2772 3609 2928 3663 poma
2955 3599 3187 3652 maxima
3225 3604 3397 3656 corri-

136 3660 348 3727 wilou;
380 3660 655 3726 ἐκδέξεται
683 3662 920 3733 τιμωρία
955 3665 1208 3734 μεγίστη,
1247 3666 1320 3734 (ρ.
1340 3666 1463 3736 495)
1489 3668 1648 3737 ποιραί

1885 3678 1960 3734 at,
1991 3672 2153 3743 330
2180 3678 2308 3744 quia
2335 3678 2590 3733 nimirum
2616 3679 2708 3735 Dei
2730 3660 2933 3738 cultum
2971 3686 3391 3759 dereliqu‘eraut.

134 3752 402 3815 λοιπάτας
433 3752 497 3821 δὴ
533 3753 633 3822 τὴν
673 3753 797 3822 περὶ
838 3753 929 3806 τὸν
963 3754 1093 3806 Θεὸν
1136 3756 1449 3825 θεραπείαν.
1484 3760 1643 3827 Λέγει

1880 3764 1988 3815 arie
2008 3772 2189 3817 autem
2216 3781 2406 3833 pmnas
2428 3767 2552 3824 illas
2574 3774 2816 3842 exponit,
2840 3777 3003 3832 urbes
3027 3796 3351 3839 enumerans
3378 3802 3392 3839 :

136 3844 288 3898 αὐτὰ
312 3845 568 3906 ποικίλως
595 3843 1071 3915 ἁπαριθμούμενος
1096 3846 1194 3909 τὰς
1217 3848 1399 3911 πόλεις
1418 3866 1430 3878 ·
1466 3850 1545 3903 ὅτι
1574 3852 1648 3919 φόι

1883 3868 2017 3923 unpe
2041 3856 2184 3923 quod
2216 3858 2449 3913 Ascalon
2501 3861 2699 3918 timore
2720 3870 3096 3937 occupabitur,
3132 3872 3273 3929 Gaza
3297 3876 3395 3930 do-

145 3934 255 4005 μὲν
302 3935 577 3987 ’Δσκάλων
606 3934 958 4004 ληφθήσεται,
981 3938 1035 3988 ὲν
1054 3936 1264 4000 ὀδύναις
1289 3938 1345 3991 δὲ
1374 3938 1523 3992 ἔσται
1554 3942 1657 4006 Γάζ

1880 3940 1980 4004 bit,
2020 3943 2352 4000 Accaronem
2390 3951 2516 4005 item
2580 3955 2825 4024 pudebit,
2860 3934 3011 4013 idum
3044 3973 3391 4031 peccaturum

136 4024 432 4094 Ἀκκάρων
448 4041 507 4076 τε
524 4026 580 4077 ὲν
593 4026 773 4089 αὐτοῖς
786 4026 1198 4099 αἰσχυνθήσεται
1211 4030 1295 4096 ἐφ’
1311 4025 1391 4093 οἷς
1445 4049 1614 4101 μαρτε
1631 4051 1648 4084 ι

1876 4048 2047 4088 lorum
2077 4050 2267 4105 pinnas
2296 4039 2406 4093 luet
2442 4060 2456 4096 :
2501 4045 2630 4112 quin
2664 4055 2719 4102 et
2757 4046 2913 4103 Gazae
2942 4024 3388 4124 rex-deponetur,

138 4117 310 4170 δοῦσα
320 4117 492 4186 δίκην·
508 4117 931 4187 ἀφανισθήσεται
944 4120 997 4172 δὲ
1010 4122 1212 4191 καὶτῆς
1225 4122 1399 4192 Γάζης
1412 4126 1438 4175 ὁ
1450 4124 1650 4194 βασιλεί

1908 4123 2135 4179 Azotum
2172 4128 2411 4183 incolcnt
2457 4136 2722 4192 extranei.
2779 4136 2905 4193 Hmc
2938 4150 3117 4197 autem
3144 4146 3391 4203 elocutus

136 4207 487 4270 Ἀσκάλωνος
514 4208 613 4277 μὲν
646 4209 744 4260 οὐκ
770 4211 1087 4281 οἰκουμένης
1108 4211 1185 4265 ἔτι
1207 4230 1218 4242 ·
1236 4213 1530 4285 ἀλλοτρίων
1549 4216 1603 4269 δὲ
1625 4234 1648 4269 τ

1877 4222 1928 4277 ιι,
1960 4232 2067 4270 non
2100 4220 2229 4288 quia
2263 4221 2365 4275 hoc
2405 4225 2624 4292 quidem
2678 4228 2922 4286 futurum
2957 4245 3122 4292 esset.
3159 4245 3213 4292 et
3244 4241 3389 4295 aliud

145 4299 394 4362 ’Ἄζωτον
410 4300 720 4351 οἰκούντων·
738 4300 909 4353 ταῦτα
919 4301 975 4354 δὲ
991 4304 1264 4372 ἐπήγαγεν
1280 4306 1376 4375 ούχ
1391 4307 1470 4359 ὅτι
1490 4306 1603 4359 τόδε
1623 4325 1657 4377 μ

1874 4321 1981 4361 :cus
2014 4325 2027 4361 :
2055 4309 2208 4378 quasi
2236 4310 2379 4366 dicat
2406 4314 2564 4369 Gaza:
2610 4317 2729 4382 hoc,
2774 4320 2904 4375 illud
2942 4339 3067 4377 vero
3099 4327 3386 4400 Ascaloui;

141 4390 324 4454 ἔσται,
344 4390 405 4443 τὸ
428 4390 479 4442 δὲ
513 4390 573 4443 οὗ
599 4386 739 4445 ὀἷον
774 4395 945 4445 εἰπεῖν
980 4395 1016 4447 Γ
1019 4394 1123 4467 άζῃ
1153 4397 1301 4461 τόδε,
1338 4400 1430 4452 καὶ
1459 4400 1574 4453 τόδε
1610 4396 1653 4454 οἳ

1874 4395 1915 4448 :d
1953 4396 2229 4454 idiotismo
2266 4415 2388 4463 suo,
2427 4403 2571 4472 quod
2601 4419 2889 4463 commune
2916 4420 3000 4463 est
3040 4412 3254 4468 divisim
3303 4386 3386 4469 di:

140 4482 323 4534 εἰπεῖν
356 4480 673 4545 Ἀσκάλωνι,
703 4481 837 4534 ἀλλά
864 4483 1003 4535 κατὰ
1032 4485 1092 4535 τὸ
1113 4487 1307 4538 οἰκεῖον
1340 4488 1532 4558 ἰδίωμα
1557 4491 1615 4541 ἐν
1650 4514 1652 4523 ι

1875 4494 1912 4547 ι,
1948 4502 2141 4556 nempe
2162 4490 2306 4558 quod
2339 4506 2500 4547 casus
2544 4493 2851 4563 huiusmodi
2882 4504 3094 4557 cunctis
3140 4505 3386 4559 evenient

136 4570 411 4642 διαιρέσει
439 4571 499 4624 τὸ
512 4573 686 4625 κοινὸν
703 4574 889 4637 εἰπὼν,
912 4575 991 4627 ὅτι
1008 4576 1180 4630 ταῦτα
1202 4579 1327 4648 περὶ
1348 4580 1552 4643 πάντας
1567 4580 1648 4634 ἔστ

1874 4576 2155 4647 ieni‘genis.
2188 4580 2314 4635 Ideo
2362 4594 2483 4652 post
2518 4586 2661 4639 illam
2692 4593 3154 4648 enumerationem
3186 4598 3325 4649 addit
3369 4616 3380 4651 :

138 4663 273 4726 τοὺς
322 4662 667 4728 ἀλλοφύλους.
710 4664 869 4717 Ὅθεν
907 4667 1043 4735 μετά
1078 4668 1173 4737 τὴν
1220 4670 1643 4741 άπαρίθμησινὲ

1871 4667 1935 4721 Et
1970 4670 2245 4727 destruam
2295 4675 2551 4744 injuriam
2604 4680 3063 4750 alienigenarum;
3122 4704 3143 4737 ι
3196 4686 3248 4741 id
3281 4701 3383 4752 est,

139 4756 295 4822 άγει,
332 4772 351 4804 ‹
381 4754 492 4806 Καὶ
524 4754 737 4807 καθελῶ
763 4755 918 4826 ὓϐριν
940 4756 1268 4825 ἀλλοῳύλων,
1296 4780 1313 4810 ι
1349 4761 1432 4813 ἵνα
1452 4762 1578 4835 εἴπῃ

1869 4759 2034 4814 lorum
2064 4778 2277 4819 omnem
2322 4768 2557 4823 ulciscar
2601 4773 2898 4840 vesaniam.
2934 4772 3160 4830 Puniam
3205 4790 3381 4833 autem

150 4843 333 4912 ’Υπὲρ
380 4843 561 4913 πάσης
596 4845 793 4907 αὐτοὺς
826 4849 1206 4918 τιμωρήσομαι
1240 4852 1338 4920 τῆς
1398 4854 1662 4923 παροινίας

1876 4865 1938 4905 os
1960 4865 2118 4921 pmna
2155 4854 2316 4925 digna
2378 4860 2447 4913 ob
2474 4859 2702 4915 etl‘usum
2761 4862 3125 4920 lsraelitarum
3166 4872 3385 4940 sangui-

136 4934 532 5004 τιμωρήσομαι
549 4934 744 4999 αὑτοῦς
764 4937 1024 5005 ἀνάλογον
1056 4936 1135 5001 οἷς
1160 4939 1377 5011 ἐξέχεαν
1400 4944 1590 5010 αἵμασι
1610 4963 1648 4998 τι

1870 4956 1973 5006 am;
2040 4944 2180 4998 idola
2240 4946 2401 5001 simul
2477 4953 2660 5004 omnia
2717 4954 3027 5019 destrueus,
3075 4972 3197 5028 quae
3280 4961 3382 5031 ipsi

150 5022 527 5095 Ἰσραηλιτῶν,
559 5023 640 5077 ἔτι
688 5024 1035 5093 συγκαθελὼν
1076 5029 1256 5089 αὐτοῖς
1289 5032 1379 5082 καὶ
1415 5031 1662 5085 τάἐῖδω]

1868 5031 2051 5088 lorare
2107 5035 2451 5093 videbantur.
2510 5044 2687 5111 Atque
2752 5046 2827 5097 ita
2874 5061 2938 5099 ex
2990 5022 3195 5103 inﬂicto
3247 5022 3380 5121 ipsis

139 5116 346 5179 πάντα,
370 5115 405 5170 ἀ
427 5116 491 5185 δὴ
517 5116 836 5187 Θρησκεύειν
862 5120 1081 5173 ἐδόκουν
1098 5137 1111 5151 ⁸
1149 5120 1288 5174 ὥστε
1314 5123 1377 5175 ὲκ
1400 5123 1499 5192 τῆς
1525 5126 1651 5193 ἐπαγ

1866 5125 2100 5193 Ipplicio,
2136 5129 2290 5181 multi
2338 5144 2404 5183 ex
2450 5130 2534 5184 his
2569 5134 2762 5189 timore
2793 5147 3085 5193 eventuum
3124 5115 3378 5212 correpti,

139 5208 315 5279 μένης
348 5209 530 5270 αὐτοῖς
557 5210 843 5279 τιμωρίας,
877 5210 1101 5274 πολλοὺς
1135 5213 1455 5266 καὶτούτων
1483 5213 1651 5283 ληφθέ

1869 5214 1994 5268 lDei
2031 5217 2237 5270 cultum
2274 5219 2629 5291 confugient;
2663 5224 2754 5293 qui
2780 5229 3060 5282 vobiscum
3084 5208 3381 5286 connume-

136 5316 241 5361 τας
264 5298 342 5370 τῷ
372 5300 478 5353 δέει
505 5299 614 5353 τῶν
651 5301 969 5370 γινομένων,
1003 5304 1094 5356 ἐπὶ
1130 5304 1229 5372 τὴν
1264 5305 1358 5359 τοῦ
1391 5305 1525 5359 Θεοῦ
1553 5324 1648 5360 κατ

1865 5308 2102 5377 ιιιιιηιιιτ,
2141 5311 2347 5366 tribuni
2393 5313 2792 5382 quodammodo
2828 5320 3071 5376 ordinem
3114 5331 3377 5388 tenentes,

137 5394 339 5462 φυγεῖν
358 5390 631 5463 λατρείαν,
646 5392 698 5446 οἳ
725 5393 841 5462 μεθ’
856 5394 1011 5464 ἡμῶν
1027 5394 1229 5466 ἀριθμή
1239 5414 1414 5451 σονται
1434 5398 1649 5471 χιλιάρχ

1864 5417 1943 5454 um
2001 5416 2059 5457 se
2089 5403 2154 5457 ad
2188 5414 2394 5460 vestras
2432 5414 2612 5474 partes
2648 5408 2968 5480 adjungunt.
3027 5410 3171 5468 Salvi
3202 5425 3376 5471 autem

133 5481 288 5544 τινὸς
310 5481 593 5551 ἐπέχοντες
616 5482 788 5547 τάξιν.
829 5485 1015 5547 ϋῦτως
1048 5488 1272 5550 ἑαυτοὺς
1313 5486 1410 5558 τῆς
1442 5490 1645 5561 ήμετέρ

1865 5501 1966 5556 ent,
2017 5492 2160 5547 haud
2220 5510 2379 5550 secus
2435 5512 2596 5566 quam
2648 5497 3196 5577 Jebusaaus;quippe
3240 5516 3295 5562 et
3324 5510 3377 5563 hi

134 5572 510 5643 ἐργασάμενοι
550 5575 765 5646 μερίδος
792 5592 806 5605 ·
845 5578 1311 5650 περισωθήσονται
1339 5581 1395 5634 δὲ
1424 5582 1521 5652 οὐχ
1554 5578 1646 5655 ἦττ

1865 5585 2115 5640 ccaronis
2147 5586 2313 5640 cives.
2364 5585 2498 5640 Nam
2555 5588 2645 5644 hic
2700 5592 2885 5656 etiam,
2958 5572 3377 5654 commemorata

131 5664 235 5717 τοῦ
306 5664 613 5719 ιεδουσαίου
658 5666 749 5719 καὶ
796 5669 844 5720 οἱ
883 5666 942 5733 ἐξ
983 5671 1265 5741 Ἀκκάρων
1315 5673 1570 5727 τοιοῦτοι·
1619 5693 1643 5728 a

1862 5690 2115 5743 ccarone,
2142 5677 2382 5747 quinque
2427 5682 2789 5751 satrapiarum
2826 5685 3071 5742 homines
3113 5690 3175 5743 ad
3204 5690 3372 5759 pieta-

132 5756 250 5829 γάρ
279 5755 553 5810 κάνταῦοα
590 5756 697 5810 ἀπὸ
738 5758 835 5827 τῆς
875 5762 1091 5831 μνήμης
1128 5762 1226 5833 τῆς
1271 5764 1550 5837 Ἀκκάρων
1589 5785 1644 5821 το

1859 5785 1921 5823 an
1968 5784 2263 5827 conversos
2315 5768 2497 5825 dicere
2549 5774 2695 5843 vult;
2757 5777 3089 5851 signiﬁcans.
3142 5755 3256 5837 fore
3310 5792 3371 5840 ut

433 5850 711 5910 ιδιτιοι.
750 5851 869 5912 Gn.
905 5854 1004 5912 LX
1022 5855 1118 5915 Vl.

2816 5850 3091 5932 G18
