3830 6216
176 305 284 360 $57
1118 296 1663 356 COMMENTARIUS
1702 293 1767 347 IN
1804 289 2173 348 ZACIIARIAL‘
2216 288 2369 345 CAP.
2412 286 2501 341 IX.
3316 289 3421 346 558

180 442 200 474 ι
224 415 739 487 Ἐνευλογηθήσεται
781 414 840 466 ὲν
882 414 963 467 σοὶ
996 414 1088 466 καὶ⁵
1130 416 1187 467 ὲν
1225 412 1303 483 τῷ
1338 410 1611 482 σπέρματί
1660 425 1750 461 σου

1876 405 2314 460 rBenedicentur
2365 403 2419 455 in
2479 411 2533 455 te
2583 409 2639 456 et
2696 400 2752 454 in
2810 402 3019 455 semine
3077 409 3173 456 tuo
3231 418 3422 461 omnes

178 512 363 564 πάντα
389 508 457 560 τὰ
476 507 601 576 ἔθνη
623 522 637 535 ο
663 524 682 556 ι
716 504 866 575 δηλοῖ
900 505 998 575 μὲν
1024 504 1132 574 γὰρ
1156 505 1283 566 τοὺς
1320 504 1380 566 ἐξ
1407 500 1571 555 αὐτοῦ
1600 517 1756 568 γεγο-

1876 505 2045 567 gentes
2067 497 2133 549 θ’.
2165 515 2185 549 ι
2235 494 2440 566 Nempe
2469 493 2665 548 obvius
2694 493 2910 562 quidem
2948 509 3146 550 sensus
3173 503 3427 565 posteros

181 602 343 662 νὸτας
376 598 518 651 κατὰ
547 597 606 649 τὸ
634 597 918 665 πρόχειρον
937 613 951 626 ·
985 597 1017 664 ἡ
1046 594 1273 665 ἀλήθεια
1305 594 1361 646 δὲ
1385 592 1479 645 τοῦ
1514 593 1756 663 ῥήματος

1876 589 1977 660 ejus
2006 588 2294 659 designat;
2326 596 2702 642 verumtamen
2734 586 2867 640 dicti
2897 586 3099 641 veritas
3128 587 3183 641 in
3205 586 3426 642 Christo

181 694 281 746 ἐπὶ
319 689 414 743 τοῦ
444 688 709 742 Δεσπότου
752 690 1067 740 συνίσταται
1111 686 1369 758 Χριστοῦ,
1403 690 1478 753 (p.
1506 684 1632 751 496)
1671 683 1754 753 ἐφ’

1876 680 2090 735 Domino
2142 687 2378 741 constat,
2431 677 2486 730 in
2538 692 2646 747 quo
2698 692 2894 746 reapse
2942 677 3190 730 benedici
3235 686 3427 747 gentes

181 778 359 855 οὗπερ
382 783 546 845 ὅντως
570 781 986 850 ἐνευλογηθῆναι
1011 779 1198 848 γέγονε
1232 778 1298 832 τὰ
1322 779 1467 849 ἔθνη.
1509 777 1757 830 Τοιοῦτόν

1876 771 2112 841 :ontigit.
2142 768 2275 825 Tale
2309 777 2395 824 est
2419 770 2583 823 etiam
2615 768 2748 823 illud
2782 772 2943 823 beato
2972 768 3164 823 Davidi
3187 769 3424 823 dictum-

184 880 304 931 ἐστι
338 879 431 930 καὶ
465 876 538 946 τῷ
571 874 823 946 μακαρίῳ
853 873 1031 935 Δαυῒδ,
1066 893 1085 925 ι
1123 874 1182 926 'O
1217 872 1404 942 θρόνος
1434 870 1595 923 αὐτοῦ
1631 871 1705 933 ὡς
1732 872 1761 923 ὁ

182 972 336 1041 ἥλιος
357 968 593 1021 ἐναντίον
622 985 744 1036 μου,
769 966 863 1019 καὶ
878 966 999 1035 ὠςή
1025 966 1219 1036 σελήνη
1248 962 1656 1034 κατηρτισμένη
1680 964 1762 1024 εἰς

184 1066 279 1114 τὸν
303 1061 495 1115 αἰῶνα·
518 1063 609 1113 καὶ
625 1059 859 1129 θήσομαι
902 1060 982 1120 είς
1030 1075 1120 1109 τον
1157 1057 1325 1109 αἰῶνα
1366 1054 1459 1108 τοῦ
1487 1055 1679 1117 αἰῶνος
1702 1054 1763 1106 τὸ

190 1151 413 1220 σπέρμα
434 1149 618 1213 αὐτοῦ,
634 1150 724 1202 καὶ
746 1148 833 1200 τὸν
855 1147 1040 1217 θρόνον
1058 1146 1220 1198 αὑτοῦ
1235 1146 1309 1207 ὼς
1323 1146 1421 1208 τὰς
1436 1147 1468 1215 ἡ
1477 1146 1541 1215 μέ
1549 1162 1647 1214 ρας
1670 1140 1762 1197 τοῦ

188 1244 443 1314 οὐρανοῦ.
459 1262 475 1292 ι
498 1242 587 1311 Τῷ
608 1241 705 1309 μὲν
726 1240 833 1311 γὰρ
855 1239 1129 1309 προχείρῳ
1160 1238 1307 1290 δοκεῖ
1334 1238 1457 1299 τοὺς
1487 1236 1765 1305 διαδόχους

189 1336 394 1403 λέγειν,
422 1334 505 1402 ἐφ’
538 1328 614 1386 ὧν
640 1333 910 1399 διαμένειν
932 1330 1161 1401 ἤμελλεν
1182 1330 1213 1398 ἡ
1233 1328 1477 1397 βασιλεία
1498 1344 1511 1357 '
1537 1330 1568 1397 ἡ
1596 1327 1651 1378 δὲ
1670 1325 1763 1379 τοῦ

192 1426 519 1495 πράγματος
548 1423 770 1492 ἀλήθεια
803 1421 895 1474 ἐπὶ
921 1418 1013 1473 τοῦ
1043 1420 1309 1472 Δεσπὸτου
1338 1418 1606 1471 δείκνυται
1635 1419 1768 1488 Χρι-

194 1515 345 1580 στοῦ,
359 1512 420 1570 οῦ
435 1516 600 1577 ὅντως
610 1516 643 1583 ἡ
668 1512 908 1582 βασιλεία
920 1511 1115 1575 παντὸς
1138 1510 1235 1582 μὲν
1249 1511 1399 1582 ἡλίου
1419 1509 1769 1580 λαμπροτέρα

197 1606 522 1677 καθέστηκε,
542 1605 738 1667 παντὸς
773 1604 829 1657 δὲ
846 1601 1075 1673 οὐρανοῦ
1120 1604 1486 1673 μονιμωτέρα.
1518 1601 1768 1655 Τοιοῦτόν

196 1702 316 1752 ἐστι
334 1699 419 1763 τὸ,
438 1716 456 1748 ι
477 1697 588 1751 Οὐκ
601 1695 993 1764 ἐγκατελείφθη
1006 1698 1039 1765 ὴ
1058 1693 1202 1765 ψυχὴ
1216 1693 1378 1746 αὐτοῦ
1396 1696 1472 1756 εἰς
1489 1693 1634 1764 ᾆὸου,
1649 1693 1769 1746 οὐδὲ

1868 883 1886 917 ι
1914 862 2169 920 Thronus
2195 864 2316 932 ejus
2340 864 2483 917 sicut
2510 862 2591 916 sol
2620 863 2673 915 in
2699 870 2995 930 conspectu
3033 878 3174 923 meo.
3199 871 3254 917 et
3284 862 3427 916 sicut

1863 956 1995 1009 luna
2047 954 2290 1024 perfecta
2344 953 2398 1007 in
2448 960 2735 1007 :eternum.
2790 953 2856 1005 Et
2891 968 3089 1023 ponam
3140 954 3195 1006 in
3255 968 3426 1007 saacu-

1862 1050 1977 1104 lum
2031 1048 2215 1103 saeculi
2261 1062 2446 1101 semen
2497 1045 2650 1113 ejus,
2700 1052 2753 1099 et
2807 1045 3065 1097 thronum
3122 1044 3241 1113 ejus
3287 1044 3432 1099 sicut

1864 1141 1981 1194 dies
2026 1138 2240 1192 oculi“.
2284 1156 2303 1189 ›
2343 1136 2517 1191 Obvio
2561 1152 2692 1191 sane
2744 1152 2910 1190 sensu
2946 1137 3161 1189 videtur
3205 1150 3425 1189 succes-

1870 1244 2024 1283 sores
2072 1229 2287 1293 dicere,
2336 1229 2390 1281 in
2443 1227 2646 1295 quibus
2695 1243 2919 1295 regnum
2957 1234 3431 1296 perseveraturum

1867 1331 2025 1377 erat:
2058 1322 2150 1377 sed
2198 1331 2380 1376 tamen
2423 1321 2503 1375 rei
2552 1320 2754 1374 veritas
2827 1321 2881 1373 in
2936 1320 3155 1374 Christo
3202 1319 3434 1372 Domino

1870 1424 2111 1483 apparet,
2158 1414 2319 1484 cujus
2351 1430 2477 1468 vere
2510 1428 2740 1483 regnum
2774 1413 2886 1467 sole
2927 1413 3169 1482 quolibet
3202 1412 3419 1482 splendi-

1870 1507 1994 1561 dius
2009 1516 2114 1566 est,
2146 1515 2199 1560 et
2222 1507 2464 1576 quolibet
2490 1507 2629 1560 coelo
2650 1507 3018 1559 constantius.
3048 1504 3178 1559 Tale
3203 1505 3439 1576 denique

1871 1608 1995 1652 est:
2032 1616 2049 1648 ι
2087 1595 2205 1650 Νοη
2255 1604 2337 1651 est
2390 1597 2646 1651 derelicta
2703 1596 2884 1649 anima
2928 1596 3047 1665 ejus
3099 1598 3152 1650 in
3201 1596 3436 1658 inferno.

1873 1704 2049 1757 neque
2097 1702 2228 1741 caro
2284 1687 2402 1756 ejus
2461 1688 2598 1741 vidit
2656 1689 3068 1757 corruptionem
3098 1689 3179 1752 ⁶⁵ς
3222 1709 3239 1740 ι
3293 1690 3437 1759 quod

195 1749 388 1861 ρξ
404 1749 566 1843 αὑτοῦ
586 1749 691 1840 εἶδε
707 1749 1112 1856 διαφθοραί.ίό
1234 1749 1604 1854 ὑπερϐολικῶς
1621 1749 1769 1856 εἰρη-

1876 1781 2218 1851 hyperbolice
2246 1780 2455 1834 dictum
2486 1794 2514 1833 a
2546 1781 2706 1835 beato
2740 1779 2945 1835 Davide
2974 1780 3040 1835 de
3070 1782 3439 1836 lsraelitarum

200 1882 361 1952 μένον
384 1879 530 1949 παρὰ
546 1878 640 1930 τοῦ
667 1878 931 1949 μακαρίου
946 1870 1114 1929 Δαυῖδ
1132 1877 1222 1931 ἐπὶ
1248 1877 1339 1929 τοῦ
1367 1876 1493 1929 λαοῦ
1523 1875 1629 1929 τῶν
1664 1878 1768 1929 Ἰσ-

200 1971 492 2041 ραηλιτῶν,
527 1972 615 2022 ἐπ’
665 1969 831 2038 αὐτῆς
877 1969 974 2038 τῆς
1004 1967 1111 2020 τῶν
1141 1968 1479 2039 πραγμάτων
1514 1968 1770 2036 ἀληθείας

197 2056 378 2115 ὦπται
396 2060 615 2128 γεγονὸς
631 2061 720 2112 ἐπὶ
741 2060 830 2113 τοῦ
850 2061 1118 2112 Δεσπότου
1140 2059 1393 2130 Χριστοῦ.
1414 2058 1576 2112 Ὄθὲν
1591 2060 1654 2129 δὴ
1676 2060 1769 2112 καὶ

195 2157 264 2225 τῇ
290 2156 440 2223 φωνῇ
462 2153 683 2215 δικαίως
727 2155 754 2203 ὁ
777 2153 1040 2222 μακάριος
1071 2154 1338 2220 ἐχρήσατο
1360 2152 1561 2222 Πέτρος
1597 2151 1770 2219 λέγων

196 2247 303 2308 ὅτι,
351 2264 369 2295 ι
392 2245 503 2297 Οὐκ
534 2244 922 2312 ἐγκατελείφθη
954 2246 987 2312 ἡ
1014 2244 1160 2312 ψυχὴ
1188 2243 1351 2296 αὑτοῦ
1381 2245 1458 2307 εἰς
1479 2243 1627 2314 ᾇδου,
1650 2244 1772 2298 οὐδὲ

198 2337 234 2405 ἠ
268 2334 407 2405 σὰρξ
425 2334 585 2387 αὐτοῦ
613 2330 718 2386 εἶδε
739 2332 1050 2403 διαφθοράν.
1085 2352 1104 2385 ι

274 2426 452 2478 Πολλὰ
483 2420 707 2477 τοιαῦτα
738 2424 887 2495 εὖροι
926 2441 1009 2486 τις
1041 2424 1127 2487 ἂν,
1173 2423 1207 2477 ἆ
1243 2425 1450 2495 μακρὸν
1476 2424 1651 2493 λέγειν
1681 2426 1773 2480 ἐπὶ

201 2516 293 2570 τοῦ
329 2516 614 2587 παρόντος,
640 2515 677 2569 ἃ
704 2516 965 2586 πρότερον
998 2516 1094 2585 μὲν
1133 2517 1505 2587 ὑπερϐολικῶς
1538 2516 1770 2583 ἐλέγετο,

201 2609 306 2662 οὑκ
332 2609 522 2678 ἔχοντα
547 2608 637 2661 τοῦ
659 2608 948 2679 λεγομένου
971 2610 1069 2681 τὴν
1098 2610 1353 2681 ἀλήθειαν
1382 2611 1600 2681 ἀκριϐῆ,
1628 2609 1774 2680 εὑρί-

203 2717 393 2754 σκεται
420 2700 476 2754 δὲ
506 2700 675 2762 οὕτως
706 2700 917 2770 ἔχοντα,
946 2700 1133 2771 ὥσπερ
1175 2699 1265 2756 οὖν
1294 2702 1526 2774 εἴρηται,
1561 2705 1651 2756 ἐπὶ
1677 2703 1771 2756 τοῦ

202 2794 474 2847 Δεσπότου
506 2794 760 2864 Χριστοῦ.
805 2794 1025 2847 Τοιοῦτο
1072 2796 1135 2865 δή
1176 2814 1228 2847 τι
1275 2798 1369 2849 καὶ
1405 2796 1560 2849 τοῦτὸ
1604 2798 1771 2849 ἐστιν.

213 2887 275 2938 '0
304 2886 404 2956 μὲν
436 2887 541 2955 γὰρ
572 2888 700 2953 περὶ
726 2887 817 2939 τοῦ
845 2887 1155 2958 Ζοροϐάϐελ.
1170 2888 1352 2956 ἔλεγεν
1382 2891 1445 2941 ὲκ
1468 2890 1566 2959 τῆς
1601 2888 1775 2941 διαδο-

202 2978 307 3050 χῆς
340 2977 434 3031 τοῦ
459 2978 619 3031 Δαυῖδ
647 2980 788 3032 κατὰ
813 2979 1034 3049 γνώμην
1046 2980 1179 3031 Θεοῦ
1207 2980 1505 3049 ἡγουμένου
1530 2979 1637 3032 τῶν
1654 2981 1778 3032 Ἰου-

202 3067 389 3131 δαίων,
408 3066 560 3137 ῶιρθη
580 3068 636 3120 δὲ
665 3066 727 3119 τὸ
749 3070 980 3139 πρᾶγμα
1001 3069 1390 3139 ἀναντίρρητον
1417 3069 1537 3140 ἕχον
1564 3070 1657 3122 ἐπὶ
1682 3069 1773 3122 τοῦ

204 3156 477 3209 Δεσπότου
508 3155 741 3227 Χριστοῦ
784 3159 881 3226 τὴν
915 3156 1170 3226 ἀλήθειαν
1190 3174 1202 3186 ·
1235 3159 1328 3210 τοῦ
1364 3158 1461 3227 μὲν
1495 3158 1598 3229 γὰρ
1622 3160 1713 3211 καὶ
1742 3161 1774 3230 ή

207 3246 349 3299 κατὰ
382 3245 488 3297 τῶν
516 3245 682 3298 ἐθνῶν
719 3246 958 3315 τιμωρία
1003 3249 1193 3321 μικρὰ,
1221 3249 1295 3318 (ρ.
1330 3250 1457 3311 497)
1480 3251 1574 3302 καὶ
1606 3252 1639 3319 ὴ
1668 3249 1777 3302 τῶν

203 3336 421 3389 οίκείων
441 3335 680 3405 σωτηρία
702 3336 920 3407 εὐτελής
940 3352 951 3365 ·
977 3336 1097 3389 ὅθεν
1121 3338 1213 3389 καὶ
1238 3337 1539 3401 ἀκολούθως
1560 3340 1774 3406 ἐπάγει,

203 3428 317 3482 ὅτι(
339 3423 736 3494 Ἐξολοθρεύσει
757 3425 974 3497 ἅρματα
994 3427 1053 3491 ἐξ
1085 3428 1322 3499 Ἐφραῖμ
1381 3432 1474 3483 καὶ
1523 3431 1685 3483 ἵππον
1718 3431 1776 3497 ἐξ

216 3520 594 3591 Ἰερουσαλὴμ,
619 3524 860 3591 »δεικνὺς
883 3520 962 3573 ὅτι
993 3520 1127 3591 πρὸς
1166 3521 1323 3574 τοῦτο
1356 3524 1538 3585 αὐτοῖς
1569 3524 1777 3593 συμϐα-

202 3613 377 3667 λεῖται
408 3614 468 3667 τὸ
495 3614 602 3667 τῶν
632 3615 879 3684 πολέμων
906 3616 1099 3678 αὐτοὺς
1120 3616 1498 3671 ἀπαλλάττειν.
1545 3615 1777 3688 Ἀληθὴς

202 3704 262 3777 δὲ
288 3707 322 3773 ἠ
362 3706 512 3775 φωνὴ
542 3706 781 3775 πέφηνεν
832 3706 924 3757 ἐπὶ
970 3705 1063 3757 τοῦ
1089 3708 1355 3760 Δεσπότου
1386 3708 1643 3779 Χριστοῦ,
1691 3709 1775 3777 ἐφ’

201 3788 377 3865 οὗπερ
396 3795 560 3859 ὅντως
588 3796 760 3848 ἔνεστι
797 3795 1004 3868 χαίρειν
1031 3798 1257 3867 νόμιμόν
1284 3815 1343 3850 τε
1379 3800 1549 3868 χαρὰν
1578 3800 1671 3851 καὶ
1702 3798 1777 3851 δι-

202 3885 398 3955 ηνεκῆ·
427 3886 484 3948 ὃς
508 3886 674 3948 ὅντως
698 3885 901 3947 δίκαιός
930 3887 1093 3950 ἐστιν,
1128 3888 1222 3939 ἅτε
1256 3887 1393 3957 μετὰ
1416 3887 1600 3940 τούτου
1627 3890 1776 3960 πάσῃ

204 3975 409 4047 κρίνων
434 3979 498 4046 τῇ
525 3977 813 4047 οἰκουμένῃ
844 3978 937 4029 λαὶ
957 3976 1143 4041 ὅντως,
1178 3979 1206 4031 ὅ
1244 3996 1308 4046 γε
1342 3981 1544 4043 πάντας
1573 3980 1631 4044 ἐξ
1671 3982 1775 4033 ὰπ-

204 4065 401 4127 ωλείας
436 4068 515 4129 είς
545 4067 814 4137 σωτηρίαν
860 4068 1115 4138 μεθιστὰς
1142 4070 1364 4141 διηνεκῆ
1405 4073 1498 4123 καὶ
1532 4071 1772 4140 βεϐαίαν.

218 4156 480 4210 Ἐνταῦθα
495 4154 585 4210 οῦν
607 4158 820 4229 εἴρηται
849 4162 977 4230 περὶ
1003 4161 1090 4213 τοῦ
1115 4162 1414 4232 Ζοροϐάϐελ
1437 4180 1776 4234 συμμετρου-

209 4245 379 4315 μένης
411 4247 509 4316 τῆς
552 4247 842 4319 φωνῆςτίρ
870 4250 951 4317 ἐφ’
986 4243 1154 4322 οὗπερ
1186 4252 1403 4319 λέγεται
1438 4254 1505 4306 τὰ
1534 4271 1777 4325 γεγραμ-

207 4338 345 4406 μένα
370 4354 383 4366 °
419 4340 474 4390 ἐν
495 4339 551 4391 δὲ
576 4343 688 4402 τοῖς
712 4341 1061 4408 Εὐαγγελίοις
1089 4344 1179 4396 ἐπὶ
1201 4345 1290 4395 τὸν
1314 4347 1587 4415 Δεσπότην
1612 4342 1774 4417 ἦκται

1870 1874 2092 1944 populo,
2137 1873 2253 1941 ipsa
2302 1874 2379 1926 rei
2412 1882 2545 1926 acta:
2592 1874 2819 1927 veritate
2858 1874 2912 1926 in
2960 1872 3181 1928 Christo
3210 1874 3440 1928 Domino

1872 1973 2225 2034 conspectum
2250 1973 2353 2018 est.
2389 1964 2570 2028 Quare
2611 1972 2665 2020 et
2710 1965 2815 2019 hoc
2842 1949 2991 2019 dicto
3037 1981 3168 2021 usus
3199 1976 3287 2021 est
3317 1967 3442 2035 jure

1872 2058 2178 2125 meritoque
2221 2056 2413 2110 beatus
2458 2055 2653 2110 Petrus
2693 2057 2882 2112 dicens
2920 2076 2938 2108 ι
2977 2057 3096 2111 Non
3135 2058 3307 2113 fuisse
3344 2058 3439 2113 de-

1872 2156 2116 2209 relictam
2168 2154 2404 2208 animam
2452 2154 2571 2222 ejus
2604 2154 2657 2207 in
2707 2155 2943 2219 inferno,
2992 2171 3172 2226 neque
3217 2170 3440 2211 carnem

1874 2247 1992 2315 ejus
2016 2246 2220 2300 vidisse
2248 2244 2656 2312 corruptionem
2680 2243 2745 2294 “5.
2781 2262 2798 2292 ι

1946 2445 2112 2499 Multa
2162 2444 2474 2512 hujusmodi
2508 2445 2814 2515 comperire
2864 2444 3014 2507 licet,
3045 2460 3167 2515 qua:
3212 2446 3267 2499 in
3304 2461 3444 2514 pra:-

1877 2538 2017 2593 senti
2064 2552 2387 2606 percensere
2423 2538 2646 2607 longum
2696 2546 2875 2603 esset;
2924 2553 3046 2606 quae
3094 2538 3239 2592 dicta
3290 2537 3445 2591 luere

1877 2628 2248 2699 hyperbolice,
2281 2630 2542 2698 quoniam
2586 2628 2748 2683 dictae
2788 2630 2864 2683 rei
2901 2630 3185 2683 veritatem
3219 2643 3446 2682 accura-

1876 2728 1986 2773 tam
2032 2736 2139 2774 non
2184 2722 2499 2787 continent;
2543 2721 2638 2774 sed
2685 2732 2865 2775 tamen
2902 2736 3095 2790 reapse
3141 2721 3217 2774 ita
3253 2736 3311 2776 se
3349 2722 3445 2774 ha-

1877 2812 2029 2876 bent,
2080 2822 2139 2867 ut
2178 2814 2441 2876 diximus,
2489 2814 2543 2867 in
2596 2813 2816 2868 Christo
2864 2813 3114 2868 Domino.
3154 2812 3305 2868 Talis
3362 2824 3447 2868 est

1877 2905 1987 2967 hic,
2033 2906 2100 2959 de
2131 2920 2239 2976 quo
2285 2906 2516 2976 agimus,
2569 2906 2744 2959 locus.
2792 2904 3063 2974 Propheta
3109 2905 3330 2972 quidem
3382 2907 3449 2959 de

1878 2998 2213 3053 Zorobabcle
2272 2998 2509 3063 dicebat,
2573 2998 2795 3052 homine
2852 2997 2917 3053 de
2974 3000 3143 3068 stirpe
3200 2997 3447 3061 Davidis.

1802 3101 1844 3158 ο
1878 3089 1971 3143 Dei
2000 3092 2277 3145 voluntate
2331 3089 2642 3144 Judaeoruin
2705 3092 2878 3155 duce;
2932 3091 3030 3144 sed
3084 3107 3173 3146 res
3225 3091 3447 3145 demum

1877 3182 2128 3237 evidente
2158 3183 2388 3237 veritate
2430 3183 2606 3252 patuit
2656 3183 2712 3236 in
2761 3183 2981 3237 Christo
3014 3180 3264 3238 Domino.
3310 3182 3446 3237 Nam

1878 3272 2179 3327 Zorobabel
2210 3273 2438 3341 exiguas
2492 3272 2559 3327 de
2597 3256 2852 3343 gentibus
2879 3288 3070 3342 poenas
3100 3274 3359 3341 sumpsit,
3394 3285 3449 3329 et

1877 3363 2036 3433 333
2065 3378 2288 3417 suorum
2327 3372 2543 3417 tenuem
2588 3365 2817 3419 salutem
2848 3365 3113 3434 patravit;
3147 3364 3292 3418 unde
3321 3382 3443 3420 mox

1878 3456 2026 3509 addit
2054 3474 2066 3509 :
2107 3474 2125 3506 ι
2157 3456 2351 3509 Perdet
2380 3470 2577 3509 currus
2620 3470 2684 3509 ex
2726 3454 3017 3525 Ephraimo
3050 3466 3104 3510 et
3142 3470 3343 3525 equum
3377 3471 3447 3510 ex

1879 3546 2254 3611 Hierusalem;
2294 3566 2312 3597 ι
2347 3546 2643 3601 ostendens
2685 3545 2801 3601 fore
2830 3554 2890 3600 ut
2932 3547 3018 3600 his
3058 3547 3201 3603 actis
3230 3547 3448 3602 contin-

1879 3650 1969 3710 gat
2016 3640 2121 3693 illis
2162 3639 2305 3693 bello
2349 3639 2590 3693 liberari.
2624 3637 2803 3692 Verax
2838 3649 3020 3694 autem
3073 3640 3241 3696 dictio
3279 3655 3448 3710 appa~

1878 3725 1990 3777 ruit
2030 3725 2082 3776 in
2114 3723 2338 3777 Christo
2378 3722 2628 3788 Domino,
2686 3725 2741 3777 in
2782 3741 2890 3794 quo
2938 3740 3067 3781 vere
3109 3727 3238 3781 licet
3265 3729 3448 3785 laetari

1878 3823 2164 3869 constante
2191 3823 2563 3885 perpetuaque
2608 3818 2812 3871 laetitia.
2843 3817 2895 3873 ls
2926 3818 3073 3873 enim
3108 3835 3239 3875 vere
3259 3830 3445 3890 justus

1876 3914 1981 3969 est,
2005 3908 2204 3977 quippe
2230 3908 2323 3977 qui
2352 3908 2666 3963 universum
2692 3910 3446 3985 mundumjudicat;vereque

1878 4000 2088 4061 salvat,
2143 3998 2583 4068 quandoquidem
2641 4016 2833 4056 omnes
2889 4020 2953 4057 ex
3011 4006 3318 4073 perditione
3375 4010 3442 4062 ad

1877 4089 2109 4142 salutem
2167 4090 2452 4142 transtulit
2509 4090 2719 4143 lirmam
2768 4098 2932 4161 atque
2974 4109 3288 4161 perennem.
3344 4097 3444 4153 Hic

1876 4180 2044 4250 igitur
2073 4182 2139 4235 de
2168 4181 2503 4237 Zorobabele
2548 4198 2729 4237 sermo
2759 4192 2864 4248 est,
2897 4195 3176 4241 coarctata
3206 4188 3444 4248 dictione

1877 4271 1945 4325 ad
2002 4273 2152 4325 illum
2196 4272 2262 4327 de
2311 4290 2422 4342 quo
2479 4275 2758 4343 Scriptura
2817 4276 3077 4346 loquitur.
3129 4277 3331 4335 Verum
3383 4284 3439 4338 in

1880 4362 2187 4432 Evangeliis
2226 4363 2293 4416 ad
2329 4364 2614 4419 Christum
2658 4365 2943 4421 Dominum
2994 4369 3229 4423 trahitur
3249 4373 3315 4437 0°;
3349 4375 3441 4444 qui

203 4431 460 4500 Χριστὸν,
491 4432 549 4495 ὃς
577 4432 665 4487 διὰ
692 4433 905 4486 πάντων
942 4428 1139 4495 ὦπται.
1186 4438 1275 4491 καὶ
1311 4438 1481 4506 μέγας
1512 4441 1603 4491 καὶ
1636 4441 1770 4509 ὑψηο

1879 4469 1976 4522 per
2001 4454 2183 4507 omnia
2213 4454 2366 4508 visus
2413 4467 2496 4511 est
2542 4472 2793 4525 magnus.
2836 4460 3105 4521 excelsus,
3138 4462 3345 4529 justus,
3366 4428 3443 4519 lac

202 4522 295 4584 λῖις
326 4522 419 4575 καὶ
438 4522 640 4587 δίκαιος
667 4525 761 4578 καὶ
801 4525 985 4590 σώζων
1023 4528 1117 4580 καὶ
1165 4528 1421 4596 μονίμους
1453 4529 1550 4591 τὰς
1568 4531 1773 4594 οἰκείας

203 4614 461 4683 παρέχων
501 4614 835 4685 εὐεργεσίας,
866 4616 1236 4686 ἀμεταθέτους
1275 4636 1334 4670 τε
1366 4619 1641 4681 παντελῶς
1680 4622 1774 4673 καὶ

210 4704 511 4775 μεταϐολὴν
531 4706 786 4775 οὐδεμίαν
830 4707 1080 4772 δέξασθαι
1119 4709 1438 4779 δυναμένας.
1479 4710 1647 4762 Τοῦτο
1677 4712 1775 4780 μὲν

206 4797 301 4853 οὖν
332 4800 743 4856 ἀκολουθότατόν
774 4821 830 4856 τε
853 4804 945 4857 καὶ
970 4806 1176 4875 πρέπον
1200 4808 1292 4859 καὶ
1313 4806 1489 4876 λέγειν
1506 4810 1595 4861 καὶ
1614 4812 1773 4864 νοεῖν.

207 4893 281 4945 Τὸ
310 4893 365 4945 δὲ
397 4893 558 4962 μέρος
599 4895 693 4964 μὲν
718 4896 880 4948 αὐτοῦ
912 4897 1089 4965 λέγειν
1111 4899 1359 4969 εἰρῆσθαι
1390 4902 1517 4970 περὶ
1540 4901 1631 4954 τοῦ
1652 4904 1776 4971 Χρι-

205 4983 366 5043 στοῦ,
403 4985 684 5046 κατιόντας
727 4986 781 5038 δὲ
819 4987 1170 5057 μεθίστασθαι
1209 4992 1303 5044 ἐπὶ
1331 4992 1420 5044 τὸν
1452 4992 1771 5063 Ζοροϐάϐελ,

202 5076 300 5127 καὶ
325 5077 480 5128 πάλιν
508 5079 599 5130 ἐπὶ
636 5078 725 5130 τὸν
747 5081 980 5151 Χριστὸν
1003 5082 1097 5134 ἀπ’
1118 5084 1347 5147 ἐκείνου,
1370 5086 1461 5138 καὶ
1484 5087 1643 5138 πάλιν
1680 5086 1773 5139 ἐπὶ

199 5165 294 5216 τὸν
314 5165 612 5235 Ζοροϐάϐελ
636 5168 744 5220 ἀπὸ
776 5169 868 5221 τοῦ
894 5171 1161 5225 Δεσπότου
1191 5173 1445 5245 Χριστοῦ,
1482 5176 1635 5227 οὐθὲν
1658 5175 1774 5227 ἓτε-

200 5256 297 5329 ρὸν
332 5258 495 5318 ἐστιν,
530 5256 563 5327 ἢ
614 5260 829 5328 πρῶτον
873 5262 971 5331 μὲν
1008 5263 1292 5318 ἀλλόκοτον
1328 5265 1645 5318 δεικνύντων
1676 5266 1773 5335 τὴν

200 5348 559 5416 προφητείαν,
593 5344 710 5403 εἶτα
753 5350 849 5415 τὰς
892 5354 1073 5420 φωνὰς
1124 5354 1222 5417 τὰς
1260 5356 1534 5426 γραφικὰς
1566 5356 1624 5420 ἐξ
1656 5357 1769 5410 ἴσου

203 5436 555 5507 μεριζόντων,
587 5440 666 5503 είς
701 5459 760 5494 τε
800 5444 891 5497 τὸν
946 5446 1160 5517 οἰκέτην
1194 5448 1285 5500 καὶ
1327 5448 1419 5500 τὸν
1452 5448 1728 5519 Δεσπότην
1752 5465 1767 5479 ·

195 5528 329 5582 tersi
355 5530 535 5585 καὶτὸ
558 5532 735 5601 λέγειν
779 5536 857 5598 είς
885 5536 1155 5603 ἀπόδειξιν
1184 5539 1276 5592 τοῦ
1308 5540 1382 5606 μὴ
1416 5536 1493 5607 τῷ
1533 5538 1767 5606 Ζοροϐά-

1879 4546 2135 4608 salvator,
2168 4545 2383 4599 stabilia
2418 4561 2516 4601 sua
2542 4549 2791 4614 praebens
2826 4547 3111 4611 beneﬁcia,
3146 4553 3443 4611 immobilia

1876 4651 2103 4705 prorsus
2135 4644 2187 4688 et
2222 4637 2357 4689 nulli
2390 4639 2682 4692 mutationi
2735 4639 2993 4693 obnoxia.
3035 4640 3149 4710 Sic,
3193 4644 3442 4716 inquam,

1878 4726 2112 4779 maxime
2141 4735 2565 4780 consentaneum
2598 4737 2681 4782 est
2714 4737 2769 4783 et
2800 4730 2948 4799 loqui
2992 4740 3045 4786 et
3071 4734 3339 4804 cogitare.
3374 4740 3445 4792 At

1879 4828 2009 4867 vero
2040 4820 2248 4881 partem
2290 4815 2508 4885 quidem
2539 4818 2783 4872 vaticinii
2814 4819 3081 4876 allirmare
3125 4824 3192 4879 de
3225 4825 3444 4883 Christo

1878 4904 2069 4972 loqui;
2119 4912 2173 4958 et
2226 4922 2349 4959 mox
2390 4907 2786 4976 progrediendo
2836 4912 3140 4970 transferre
3175 4917 3242 4970 ad
3278 4917 3445 4973 Zoro-

1875 4995 2154 5060 babelem;
2190 5011 2490 5067 rursusque
2521 5000 2589 5053 ab
2614 5002 2715 5054 hoc
2740 5002 2805 5055 ad
2830 5003 3107 5060 Christum
3134 5049 3149 5072 ,
3181 5021 3233 5064 et
3264 5011 3444 5067 denuo

1875 5086 1943 5139 ad
1976 5085 2370 5142 Zorobabelem
2402 5105 2430 5142 a
2460 5090 2678 5145 Christo
2710 5091 2974 5162 Domino;
3004 5100 3139 5152 nihil
3178 5112 3261 5156 est
3297 5104 3442 5158 aliud

1874 5192 2037 5246 quam
2072 5179 2251 5247 primo
2279 5181 2497 5250 quidem
2545 5183 2837 5239 absurdam
2875 5192 3171 5246 ostendere
3209 5197 3443 5264 prephe-

1876 5270 2043 5335 tiam;
2092 5268 2289 5326 deinde
2320 5272 2619 5343 Scripturae
2666 5278 2931 5332 vocabula
2983 5284 3155 5351 aequis
3200 5286 3442 5352 partibus

1876 5360 2202 5418 distribuere
2240 5364 2383 5419 inter
2414 5358 2630 5421 servum
2663 5384 2726 5423 ac
2760 5369 3060 5427 dominum.
3116 5373 3359 5444 Namque
3388 5386 3442 5430 et

1877 5451 2078 5516 dicere,
2132 5454 2203 5508 ob
2252 5456 2736 5533 demonstrandum
2787 5477 2897 5516 non
2951 5467 3243 5522 convenire
3293 5468 3441 5525 dicta

1878 5540 2220 5606 Zorobabeli,
2261 5546 2461 5611 dicere,
2498 5550 2742 5620 inquam,
2778 5554 2918 5621 apud
2956 5557 3271 5625 prophetam
3312 5560 3438 5630 legi,

273 5668 326 5700 “
355 5666 491 5725 Gen.
528 5688 638 5741 ιιι,
677 5674 711 5728 4
807 5678 851 5709 ⁸⁸
891 5677 1033 5735 Psal.
1075 5696 1337 5749 Lxxxmt,
1377 5680 1466 5736 '58.
1545 5682 1585 5713 “
1626 5679 1767 5735 Psal.
1806 5699 1894 5753 xv,
1938 5652 2041 5740 10.¹
2098 5686 2143 5718 ⁸⁵
2183 5686 2301 5741 Act.
2346 5703 2405 5753 tt,
2454 5690 2538 5742 5|.
2618 5692 2664 5722 “
2699 5692 2857 5749 Joan.
2904 5708 2999 5760 ut,
3040 5695 3127 5750 15.
