3830 6216
413 331 536 386 ιὸῢλ

1577 315 1927 374 TIIEODORI
1970 309 2455 370 MOPSUESTENI

3537 305 3645 361 560

420 461 438 494 ι
474 442 760 501 Adventat,
818 457 838 492 ›
873 453 996 492 eum
1041 445 1220 491 tamen
1258 435 1373 505 jam
1429 433 1498 490 de
1532 435 1845 503 captivitate
1890 447 1974 486 re-

2095 427 2175 481 5ελ
2202 429 2498 499 προσήκειν
2515 429 2582 484 τὰ
2598 427 2877 500 εἰρημένα,
2901 427 2983 482 δτι
3001 442 3018 476 ι
3039 422 3252 498 ἔρχεται
3275 445 3296 480 ι
3311 423 3342 478 ὀ
3365 421 3646 495 προφήτης

412 535 602 590 diisset
632 547 754 586 cum
791 531 1020 600 reliquis
1047 527 1372 592 Zorobabel,
1409 527 1512 582 hoc
1548 527 1683 581 satis
1722 523 1976 596 frigidum

413 620 858 692 superﬂuumque
887 626 993 685 est,
1021 629 1076 674 et
1105 617 1345 672 hominis
1376 617 1688 672 divinarum
1735 613 1980 686 Scriptu-

410 730 595 770 rarum
629 711 890 782 imperiti.

478 805 638 859 Certe
684 811 738 858 et
773 801 902 856 illud
936 819 947 853 :
982 819 1000 852 ι
1039 799 1323 870 Tanquam
1367 801 1485 856 ovis
1537 801 1602 854 ad
1647 799 1976 854 occisionem

411 903 606 950 ductus
635 902 719 949 est
740 892 806 957 ",
839 910 858 942 ι
894 906 1002 945 non
1027 899 1283 960 tanquam
1307 890 1572 954 futurum,
1603 889 1696 944 sed
1717 899 1976 958 tanquam

410 988 745 1060 prateritum
774 985 995 1040 eliertur
1027 1000 1040 1037 :
1074 997 1181 1035 non
1219 983 1364 1035 enim
1395 982 1549 1046 dixit,
1585 983 1833 1043 ducetur,
1861 979 1976 1044 sed,

418 1099 436 1131 ι
466 1079 664 1133 ductus
722 1084 806 1132 est
848 1095 860 1130 :
899 1093 918 1129 ι
979 1092 1148 1146 quare
1209 1091 1276 1129 ne
1327 1075 1429 1128 hoc
1473 1074 1691 1144 quidem
1757 1072 1980 1128 Christo

413 1171 643 1223 Domino
682 1166 995 1239 quadraret,
1027 1166 1185 1235 juxta
1215 1167 1746 1236 sapientissimorum
1783 1164 1975 1219 horum

415 1259 786 1324 ratiocinium,
837 1273 976 1327 quos
1024 1258 1209 1327 potius
1270 1256 1410 1311 scire
1461 1264 1737 1326 oporteret
1780 1263 1981 1324 tempo-

415 1365 534 1404 rum
562 1350 769 1403 variam
801 1347 1086 1416 enallagen
1132 1345 1276 1416 apud
1308 1345 1546 1399 divinam
1600 1345 1978 1413 Scripturam;

413 1440 556 1512 quod
591 1455 692 1494 nos
722 1440 942 1508 copiose
973 1439 1213 1508 satisque
1257 1439 1309 1491 in
1359 1436 1698 1490 Psalmorum
1739 1451 1802 1490 ac
1848 1434 1982 1489 Pro-

415 1532 701 1602 phetarum
734 1529 1184 1598 interpretatione
1212 1526 1374 1599 335.
1400 1527 1707 1581 docuimus.
1747 1525 1860 1580 Hoc
1887 1541 1982 1579 au-

414 1632 522 1675 tem
555 1619 676 1674 loco
708 1635 777 1674 ne
803 1633 935 1673 usus
965 1618 1184 1687 quidem
1218 1618 1496 1678 dictionis,
1529 1618 1575 1670 si
1609 1617 1731 1686 quis
1763 1632 1882 1670 eam
1914 1616 1982 1670 ad

414 1727 664 1767 normam
701 1710 968 1780 temporis
1007 1711 1214 1780 exigat,
1243 1708 1448 1764 Christi
1483 1708 1695 1762 Domini
1721 1707 1976 1762 adventui

2084 514 2208 586 ἔφη,
2227 515 2401 568 καίτοι
2423 530 2488 581 γε
2509 514 2678 568 πάλαι
2697 515 2790 568 τοῦ
2808 513 3108 587 Ζοροῦάὸελ
3126 515 3233 568 ἀπὸ
3256 515 3352 585 τῆς
3373 512 3646 583 αἰχμαλω-

2082 607 2202 671 σίας
2227 605 2364 676 μετὰ
2384 605 2490 659 τῶν
2510 605 2709 660 λοιπῶν
2723 607 3196 678 ἐπανεληλυθότος,
3218 609 3290 678 (p.
3310 606 3434 674 L98)
3458 606 3650 676 ψυχρο-

2079 699 2264 767 λογίας
2280 697 2396 752 ἐστὶ
2423 699 2683 769 περιττῆς
2709 698 2801 752 καλ¹
2822 698 3070 769 ἀπειρίας
3096 698 3204 752 τῶν
3222 698 3377 752 θείων
3398 697 3648 769 Γραφῶν.

2150 789 2222 842 Τὸ
2249 789 2397 858 γοῦν,
2439 809 2458 841 ι
2511 790 2596 853 Ὠς
2640 790 2910 862 πρόϐατον
2936 791 3029 842 ἐπὶ
3058 791 3271 861 σφαγὴν
3300 788 3470 860 ἢχθη.
3507 808 3525 839 ι
3554 789 3653 858 οὐχ

2080 881 2268 953 ὥσπερ
2322 881 2626 952 μέλλοντος,
2670 881 2744 945 ὡς
2778 881 3191 952 περιγεγονότος
3219 881 3274 934 δέ
3327 881 3426 952 ήδη
3460 880 3612 948 λέγει
3636 895 3651 908 ⁸

2079 973 2139 1024 οὐ
2171 971 2279 1042 γὰρ
2319 971 2635 1041 Ἀχθήσεται
2668 967 2837 1036 εἶπεν,
2900 969 3014 1024 ἀλλ’
3062 974 3277 1040 Ἦχθη·
3330 971 3403 1033 ὡς
3464 971 3565 1022 οὐκ
3591 969 3656 1021 ἂν

2082 1066 2371 1136 ἁρμόσειεν
2419 1065 2537 1117 οὐδὲ
2563 1063 2720 1116 τοῦτο
2747 1062 2825 1133 τῷ
2859 1064 3100 1134 Δεσπότῃ
3130 1061 3348 1134 Χριστῷ
3393 1063 3534 1114 κατὰ
3564 1060 3657 1112 τὸν

2080 1154 2188 1207 τῶν
2224 1154 2549 1222 σοφωτάτων
2580 1151 2755 1220 λόγον,
2777 1150 2870 1214 οὒς
2895 1153 3062 1222 ἐχρῆν
3089 1151 3283 1204 εἰδέναι
3305 1150 3412 1203 τῶν
3445 1150 3658 1220 χρόνων

2081 1246 2179 1318 τὴν
2230 1244 2528 1316 ἐναλλαγὴν
2570 1244 2820 1314 ποικίλην
2853 1240 3018 1297 οὖσαν
3059 1243 3150 1296 ἐπὶ
3189 1244 3287 1312 τῆς
3333 1241 3478 1302 θείας
3511 1240 3658 1310 Γρα-

2083 1341 2208 1409 φῆς,
2233 1341 2369 1409 ὅπερ
2397 1334 2490 1391 οῦν
2524 1337 2610 1390 διὰ
2642 1337 2850 1390 πολλῶν
2880 1337 3041 1408 ἡμεῖς
3068 1338 3125 1390 ἐν
3163 1338 3228 1406 τῇ
3262 1335 3369 1387 τῶν
3408 1332 3658 1403 Ψαλμῶν

2084 1431 2368 1503 ἑρμηνείᾳ,
2403 1432 2495 1483 καὶ
2531 1431 2622 1483 ἐπὶ
2662 1429 2769 1483 τῶν
2803 1429 3092 1500 προφητῶν
3134 1427 3414 1497 ἐδείξαμεν
3454 1426 3661 1494 αὐτὰρ·

2085 1539 2214 1585 κως.
2255 1519 2518 1575 Ἐνταῦθα
2543 1521 2724 1590 μέντοι
2751 1537 2814 1589 γε
2848 1519 2966 1572 οὺδέ
2993 1521 3026 1590 ἡ
3057 1519 3249 1589 χρῆσις
3271 1519 3367 1587 τῆς
3384 1518 3588 1586 φωνῆς,
3608 1518 3658 1568 εξ

2083 1613 2144 1683 δή
2177 1629 2259 1675 τις
2282 1611 2450 1683 αὐτὴν
2477 1613 2618 1666 κατὰ
2650 1612 2739 1665 τὸν
2781 1612 2970 1682 χρόνον
2996 1609 3184 1680 κρίνοι,
3226 1609 3570 1679 ἁρμόττουσα
3591 1611 3656 1678 τῇ

2083 1704 2177 1758 τοῦ
2221 1705 2490 1760 Δεσπότου
2535 1703 2770 1777 Χριστοῦ
2821 1702 3122 1773 παρουσίᾳ·
3161 1703 3194 1769 ὴ
3232 1701 3328 1770 μὲν
3357 1700 3463 1770 γὰρ
3519 1701 3659 1770 μετὰ

415 1801 701 1872 congruit;
754 1772 841 1853 hic
868 1799 1012 1853 enim
1063 1772 1459 1869 post—multum
1512 1806 1724 1866 tempus
1763 1798 1978 1852 futurus

2095 1793 2248 1849 πολὺν
2270 1795 2499 1866 ἤμελλεν
2529 1772 2778 1864 γενέσθαι
2796 1795 2886 1846 τὸν
2905 1772 3128 1862 χρόνον,
3151 1793 3180 1844 ό
3199 1790 3255 1844 δέ
3283 1791 3383 1843 οὐκ
3414 1789 3660 1843 Ἐλεύσε-

414 1901 565 1958 erat;
599 1901 654 1945 at
684 1897 944 1962 propheta
976 1905 1083 1944 non
1108 1889 1201 1953 ait,
1222 1887 1426 1951 Aderit,
1455 1889 1599 1959 quod
1625 1889 1690 1942 de
1717 1904 1776 1942 re
1801 1887 1982 1941 futura

414 1984 522 2040 dici
570 1983 877 2054 oportebat,
923 1979 1036 2045 sed,
1073 1999 1090 2031 ι
1133 1979 1420 2040 Adventat,
1460 1999 1479 2031 ι
1514 1979 1655 2048 quod
1703 1977 1771 2033 de
1822 1980 1984 2034 rebus

416 2077 770 2140 instantibus,
811 2083 864 2128 et
905 2088 1025 2143 quae
1085 2073 1229 2127 illico
1281 2073 1436 2132 liunt,
1476 2070 1584 2124 dici
1636 2072 1792 2126 solet.
1841 2068 1985 2125 Sane

412 2170 568 2238 juxta
601 2169 793 2221 horum
829 2165 1220 2234 interpretandi
1251 2165 1536 2226 rationem,
1576 2163 1730 2232 plura
1767 2178 1985 2233 quoque

414 2261 522 2315 alia
567 2259 914 2313 invenientur
961 2269 1301 2324 supervacue
1331 2255 1472 2326 apud
1520 2257 1836 2324 prophetam
1889 2268 1985 2322 po-

417 2355 520 2410 sita
549 2371 564 2407 :
594 2352 722 2423 quia
750 2349 880 2405 Jesu
912 2364 1130 2420 quoque
1168 2363 1316 2403 nunc
1347 2347 1563 2401 detrahi
1599 2347 1732 2400 dicit
1763 2346 1986 2400 sordida

416 2447 762 2507 vestimenta,
798 2457 920 2513 quae
959 2441 1292 2511 captivitatis
1333 2438 1530 2492 indicia
1571 2447 1762 2503 erant;
1811 2453 1987 2508 quan-

421 2552 581 2605 quam
605 2534 945 2603 exploratum
971 2538 1055 2585 est
1086 2531 1262 2598 ipsum
1288 2528 1493 2597 pariter
1510 2542 1633 2582 cum
1654 2526 1988 2582 Zorobabele

415 2624 528 2693 jam
583 2624 836 2686 rediisse,
889 2620 1205 2688 captivitate
1253 2618 1504 2679 liberum,
1551 2626 1606 2672 et
1661 2617 1987 2671 sacerdotali

417 2713 607 2768 habitu
661 2711 934 2766 indutum.
983 2710 1348 2775 Quamobrem
1380 2718 1434 2763 et
1469 2709 1683 2761 beatum
1731 2707 1986 2778 Aggmum

421 2807 742 2879 prophetam
775 2806 1139 2860 communiter
1170 2814 1282 2858 tum
1313 2801 1658 2863 Zorobabeli,
1695 2809 1804 2854 tmn
1834 2798 1986 2865 .Iesu,

419 2901 601 2956 dicere
666 2905 891 2968 apparet
954 2896 1358 2965 suscipiendam
1415 2909 1539 2948 esse
1597 2893 1780 2962 templi
1823 2890 1991 2945 acditi-

421 2989 582 3045 candi
623 3003 848 3054 curam;
880 3000 1162 3056 pmnarque
1203 3000 1511 3040 mensuram
1551 3000 1696 3038 nunc
1727 2985 1986 3046 ablatam,

421 3097 528 3137 una
572 3095 695 3135 cum
728 3077 946 3135 lsraelis
989 3086 1234 3148 peccato,
1271 3076 1346 3128 ait
1387 3075 1712 3145 Babylonem
1749 3075 1982 3128 transla-

421 3179 556 3224 tam.
601 3170 851 3222 Attamen
897 3168 1009 3237 jam
1050 3166 1224 3236 Cyrus
1261 3165 1548 3219 Persarum
1578 3179 1670 3217 rex
1713 3162 1780 3217 de
1821 3162 1988 3232 cepti-

423 3258 592 3312 vitate
637 3256 895 3326 populutn
936 3253 1216 3315 emiserat,
1267 3253 1704 3322 Babylonemque
1739 3258 1988 3305 vastave-

425 3355 529 3401 rat.
562 3344 733 3400 Porro
767 3352 986 3399 constat
1025 3343 1132 3397 dici
1183 3343 1295 3395 lucc
1334 3356 1366 3395 a
1414 3341 1677 3410 pr0pheta
1728 3346 1990 3408 regnante

424 3436 606 3501 Dario,
639 3436 733 3506 qui
766 3433 868 3488 fuit
910 3442 1140 3504 quartus
1169 3448 1197 3486 a
1231 3430 1394 3502 Cyro.
1430 3430 1611 3496 Quare
1643 3429 1989 3498 intempesti-

423 3544 552 3583 vum
588 3527 804 3593 fuisset,
829 3525 985 3595 juxta
1033 3526 1158 3579 talts
1183 3524 1463 3578 sententia:
1499 3521 1786 3586 auctores,
1810 3522 1992 3575 dicere

425 3637 572 3676 nunc
613 3619 750 3681 ﬁeri,
787 3633 909 3688 quae
955 3616 1082 3670 olim
1118 3625 1171 3670 et
1204 3616 1374 3669 multo
1418 3624 1662 3683 tempore
1704 3620 1831 3665 ante
1871 3626 1994 3665 eve-

425 3719 640 3768 nerant.
668 3709 776 3765 Sed
805 3710 948 3765 enim
986 3711 1335 3778 perspicuum
1365 3715 1449 3760 est
1487 3721 1580 3759 res
1621 3705 1839 3772 quidem
1871 3703 1994 3757 illas

421 3804 536 3873 jam
562 3803 831 3866 evenisse,
867 3800 1184 3871 prophetam
1230 3812 1356 3852 vero
1391 3796 1720 3851 revelatione
1756 3795 1996 3847 illustra-

427 3905 543 3949 tum
585 3895 801 3948 easdem
843 3909 988 3946 nunc
1025 3904 1354 3959 cognoscere
1401 3896 1649 3957 peractas
1681 3887 1849 3940 fuisse
1885 3905 1896 3939 :
1938 3893 1996 3938 ut

427 3984 510 4037 sic
549 3983 839 4054 universus
886 3983 1117 4052 populus
1165 3981 1364 4035 certior
1409 3981 1578 4040 lien-et,
1626 3979 1760 4032 nihil
1807 3993 1996 4030 eorum

427 4086 550 4142 quae
583 4079 701 4126 acta
735 4070 969 4136 fuerant,
1015 4087 1144 4124 casu
1184 4071 1268 4123 vel
1301 4086 1396 4140 per
1423 4085 1480 4123 se
1531 4069 1845 4138 contigisse,
1903 4068 1998 4123 sed

427 4162 612 4217 divina
659 4162 934 4216 voluntate
976 4177 1038 4216 ac
1079 4162 1298 4216 decreto
1340 4168 1651 4229 comparata
1689 4175 1810 4215 esse
1852 4176 1999 4229 quiac-

427 4271 646 4325 ctmque
688 4256 823 4326 ipsis
875 4255 1185 4308 acciderant
1225 4253 1385 4307 bona.
1441 4252 1803 4318 Quamobrem
1855 4251 1998 4306 haud

431 4344 732 4401 absurdum
753 4349 859 4408 est,
891 4361 1036 4398 nunc
1059 4347 1221 4398 etiam
1253 4343 1318 4398 de
1343 4344 1524 4412 populi
1554 4342 1754 4397 futuris
1780 4344 2000 4398 casibus

2082 1904 2171 1940 ται
2199 1882 2372 1950 εἶπεν,
2411 1888 2545 1958 ὅπερ
2579 1887 2844 1957 ἥρμοττεν
2881 1886 2972 1937 ἐπὶ
3012 1884 3102 1936 τοῦ
3138 1883 3419 1954 μέλλοντος
3457 1885 3657 1946 εἰπεῖν,

2085 1977 2198 2030 ἀλλ’
2219 1995 2237 2028 ι
2254 1978 2532 2048 Ἔρχεται,
2547 1995 2563 2028 ι
2581 1978 2716 2047 ὅπερ
2732 1975 2918 2029 εἴωθεν
2944 1975 3035 2029 ἐπὶ
3055 1975 3160 2028 τῶν
3190 1975 3354 2043 ἐγγὺς
3371 1975 3463 2027 καὶ
3478 1990 3659 2044 παρα-

2083 2070 2271 2139 χρῆμα
2305 2067 2600 2137 γινομένων
2628 2067 2901 2136 λέγεσθαι.
2918 2066 3073 2120 Κατὰ
3093 2067 3148 2119 δέ
3176 2083 3240 2135 γε
3266 2064 3453 2120 τοῦτον
3474 2065 3662 2119 αὐτῶν

2084 2160 2174 2213 τὸν
2219 2159 2373 2228 λόγον
2425 2159 2594 2212 πολλὰ
2646 2159 2738 2212 καὶ
2772 2159 2933 2229 ἔτερα
2985 2159 3254 2231 περιττῶς
3306 2157 3661 2229 εὑρεθήσεται

2086 2250 2312 2321 κείμενα
2345 2252 2495 2322 παρὰ
2513 2250 2589 2322 τῷ
2619 2252 2902 2321 προφήτῃ·
2929 2250 3049 2303 ἐπεὶ
3087 2252 3180 2303 καὶ
3207 2249 3304 2302 τοῦ
3351 2249 3526 2320 Ἰησοῦ
3564 2248 3661 2301 νῦν

2087 2343 2436 2412 ἀφαιρεῖσθαι
2463 2342 2611 2411 λέγει
2645 2342 2713 2395 τὰ
2743 2343 2962 2413 ῥυπαρὰ
2985 2343 3191 2412 ἱμάτια,
3223 2343 3366 2410 ἅπερ
3388 2337 3458 2413 ἦν
3485 2342 3659 2412 δήλω-

2089 2453 2172 2499 σις
2215 2437 2312 2506 τῆς
2374 2437 2783 2507 αἰχμαλωσίας,
2831 2436 2922 2489 νῦν
2979 2454 3034 2488 τε
3084 2434 3229 2506 αύτῷ
3285 2435 3345 2489 τὸ
3390 2436 3662 2507 ἱερατικὸν

2088 2527 2456 2599 περιτίθεσθαι
2495 2530 2714 2598 σχῆμα·
2750 2527 2924 2581 καίτοι
2950 2543 3014 2594 γε
3053 2527 3212 2596 δῆλον
3253 2528 3333 2580 ὅτι
3366 2528 3460 2579 καὶ
3499 2528 3664 2591 αὐτὸς

2091 2618 2228 2689 μετὰ
2266 2619 2360 2672 τοῦ
2414 2618 2716 2690 Ζοροϐάϐελ
2766 2617 3051 2689 ἐληλύθει,
3084 2618 3418 2687 ἀπαλλαγείς
3470 2637 3532 2672 τε
3567 2621 3664 2688 τῆς

2087 2710 2457 2780 αίχμαλωσίας
2492 2712 2584 2763 καὶ
2611 2713 2668 2763 ἐν
2697 2709 2774 2780 τῷ
2804 2711 2901 2779 τῆς
2942 2709 3234 2780 ἱερωσύνης
3269 2711 3506 2781 σχήματι
3533 2710 3665 2764 καθ-

2089 2801 2278 2865 εστώς.
2325 2802 2484 2856 Ὅθεν
2537 2805 2631 2856 καὶ
2675 2805 2703 2854 ὁ
2750 2803 3035 2873 προφήτης
3092 2804 3359 2874 μακάριος
3411 2805 3664 2871 Ἀγγαῖος

2089 2894 2240 2964 κοινῇ
2280 2892 2416 2964 πρὸς
2447 2892 2536 2945 τὸν
2566 2892 2870 2964 Ζοροϐἀδελ
2901 2893 2994 2945 κα)⁸
3041 2892 3176 2965 πρὸς
3225 2892 3386 2946 αὑτὸν
3415 2893 3666 2963 φαίνεται

2088 2985 2260 3052 λέγων
2287 2983 2348 3037 τὸ
2375 2985 2573 3054 χρῆναι
2606 2983 2705 3054 τῆς
2739 2984 3030 3053 οἰκοδομῆς
3055 2983 3148 3036 τοῦ
3182 2984 3308 3037 ναοῦ
3354 2986 3661 3055 φροντίσαι,

2094 3075 2188 3131 καὶ
2215 3074 2276 3128 τὸ
2307 3076 2501 3145 μέτρον
2541 3075 2598 3127 δέ
2636 3075 2735 3144 τῆς
2767 3075 3033 3146 τιμωρίας
3084 3074 3174 3128 νῦν
3207 3076 3499 3147 ἀφαιρεθὲν
3529 3077 3667 3147 μετὰ

2094 3167 2190 3236 τῆς
2223 3165 2492 3237 ἁμαρτίας
2519 3165 2612 3218 τοῦ
2653 3166 2885 3237 Ἰσραὴλ,
2938 3167 3100 3237 φησὶν
3133 3170 3209 3230 εἰς
3239 3167 3530 3220 Βαϐυλῶνα
3559 3169 3666 3222 ὰπ-

2092 3258 2394 3330 ενηνέχθαι.
2436 3259 2629 3310 Καίτοι
2657 3275 2718 3324 γε
2743 3258 2920 3329 Κύρος
2955 3260 3053 3327 μὲν
3085 3262 3113 3313 ὁ
3139 3259 3247 3312 τῶν
3268 3259 3491 3330 Περσῶν
3522 3260 3669 3316 Samo

2092 3349 2215 3411 λεὺς
2236 3350 2336 3419 τῆς
2379 3366 2437 3402 τε
2463 3349 2836 3419 αἰχμαλωσίας
2877 3350 3111 3402 ἀπέλυσε
3139 3350 3228 3403 τὸν
3254 3349 3400 3414 λαὸν,
3428 3350 3503 3421 (p.
3538 3353 3663 3420 499)

2092 3441 2189 3496 καὶ
2224 3441 2323 3512 τὴν
2364 3439 2658 3493 Βαϐυλῶνα
2707 3440 2952 3494 καθεῖλε·
2978 3442 3223 3510 φαίνεται
3256 3442 3313 3495 δὲ
3359 3443 3535 3497 ταῦτα
3579 3445 3667 3496 ἐπὶ

2093 3534 2318 3605 Δαρείου
2359 3537 2449 3589 τοῦ
2486 3537 2747 3606 βασιλέως
2781 3538 2951 3607 λέγων
2979 3539 3006 3590 ὁ
3047 3539 3347 3609 προφήτης,
3380 3538 3438 3603 ὃς
3473 3541 3668 3611 τέταρ-

2094 3642 2183 3688 τος
2221 3623 2288 3697 ἦν
2314 3629 2422 3680 ἀπὸ
2468 3628 2678 3696 Κύρου·
2711 3631 2838 3683 ὥστ’
2871 3631 2970 3683 οὐκ
3005 3626 3114 3699 εἶχε
3166 3630 3390 3700 καιρὸν,
3434 3633 3579 3685 κατά
3605 3649 3665 3701 γε

2095 3719 2222 3782 τοὺς
2264 3718 2372 3772 τῶν
2401 3721 2654 3773 τοιούτων
2683 3720 2975 3790 νομοθέτας
2994 3764 3007 3786 ,
3038 3721 3132 3775 νῦν
3162 3722 3339 3790 λέγειν
3365 3723 3613 3790 γίνεσθαι
3634 3723 3668 3776 ἃ

2097 3807 2264 3861 πάλαι
2299 3810 2392 3861 καὶ
2438 3810 2543 3880 πρὸ
2585 3811 2782 3863 πολλοῦ
2812 3813 3022 3880 γεγόνει
3052 3813 3144 3865 τοῦ
3179 3813 3405 3884 χρόνου·
3438 3814 3554 3867 ἀλλ’
3583 3814 3668 3867 εῦ-

2097 3899 2254 3968 δηλον
2283 3901 2363 3954 ὅτι
2397 3901 2466 3953 τὰ
2505 3903 2602 3971 μὲν
2646 3904 2943 3974 πράγματα
2976 3904 3214 3972 γέγονεν,
3237 3908 3265 3959 ό
3301 3909 3589 3978 προφήτης
3614 3908 3667 3961 δὲ

2097 3988 2162 4042 δι’
2187 3991 2577 4062 ἀποκαλύψεως
2612 3996 2713 4064 ὁρᾷ
2754 3995 2847 4047 νῦν
2908 3997 3044 4048 αὐτὰ
3066 3997 3342 4067 γινόμενα,
3383 3999 3458 4062 ὡς
3489 4000 3557 4052 ἂν
3580 4000 3670 4053 καὶ

2099 4082 2394 4149 γεγονότων
2443 4085 2488 4135 οἱ
2530 4085 2623 4136 τοῦ
2661 4085 2788 4138 λαοῦ
2833 4087 3053 4155 μάθοιεν
3104 4090 3336 4152 πάντες,
3368 4091 3450 4144 ὅτι
3506 4092 3670 4162 μηδὲν

2101 4171 2208 4223 ἀπὸ
2253 4174 2590 4242 ταυτομάτου
2626 4175 2837 4241 γέγονε,
2861 4176 2977 4246 θείᾳ
3026 4177 3080 4228 δὲ
3122 4176 3373 4247 βουλήσει
3417 4180 3512 4232 καὶ
3563 4180 3670 4250 ὅρῳ

2101 4262 2494 4315 ἐπιτετέλεσται
2519 4263 2582 4332 δὴ
2602 4265 2777 4317 πάντα
2806 4265 2874 4317 τὰ
2901 4267 3028 4336 περὶ
3057 4267 3252 4331 αὐτοὺς
3275 4269 3458 4336 ἀγαθά
3495 4286 3507 4299 ·
3541 4269 3668 4322 ὥστ’

2101 4352 2251 4406 οὐδὲν
2281 4355 2506 4418 ἀπεικὸς
2545 4351 2634 4426 ἦν,
2679 4357 2768 4407 καὶ
2819 4356 2913 4409 νῦν
2961 4358 3086 4427 περὶ
3111 4357 3218 4410 τῶν
3255 4362 3671 4430 προσεσομένων

429 4438 533 4493 sub
564 4435 916 4492 Zorobabelis
959 4450 1146 4504 regno,
1180 4434 1275 4489 Dei
1315 4438 1581 4490 sententia
1625 4436 1690 4488 ad
1726 4435 1777 4488 id
1817 4435 1989 4498 electi,

2107 4444 2182 4513 τῷ
2212 4443 2324 4514 λαῷ
2351 4445 2439 4497 διὰ
2467 4447 2565 4515 τῆς
2607 4445 2699 4498 τοῦ
2735 4447 3034 4517 Ζοροϐάϐελ
3061 4447 3331 4516 βασιλείας
3366 4451 3508 4504 κατὰ
3539 4451 3671 4505 Θεοῦ

431 4531 740 4600 loquentem
791 4529 1129 4598 prophetam,
1165 4528 1348 4582 dicere
1381 4546 1398 4578 ι
1433 4527 1698 4582 Adventat
1724 4528 1909 4597 justus
1947 4537 2002 4582 et

433 4625 705 4685 salvator;
752 4638 771 4672 ι
824 4630 882 4672 ιιι
919 4618 1183 4688 signiticet
1227 4619 1419 4673 adesse
1458 4619 1608 4673 illum
1641 4620 1708 4673 ad
1753 4620 1804 4673 id
1837 4634 2000 4688 nego-

433 4713 518 4774 tii,
548 4719 597 4767 et
630 4726 661 4765 a
682 4709 793 4765 Deo
830 4726 1008 4781 regem
1037 4716 1294 4774 eiectum,
1333 4721 1391 4764 ut
1419 4725 1482 4764 ea
1513 4720 1751 4780 praestet,
1787 4726 1908 4780 quae
1947 4712 2003 4765 in

433 4802 916 4875 subsequentibus,
960 4818 1058 4872 pro
1091 4805 1291 4874 pepulo
1333 4807 1401 4859 ab
1443 4819 1509 4858 eo
1555 4813 1770 4874 peracta
1810 4804 2000 4872 fuisse,

431 4901 584 4955 dicit.

503 5080 662 5153 335
700 5082 868 5137 Vens.
901 5081 1089 5136 10-12.
1112 5109 1184 5122 —
1221 5078 1327 5135 Sed
1387 5081 1650 5136 hactenus
1678 5096 1709 5135 a
1741 5083 1900 5137 nobis
1929 5083 2002 5138 ob

437 5175 755 5231 tradendam
784 5175 1175 5226 accuratiorem
1197 5174 1501 5228 doctrinam
1525 5172 1732 5228 dictum
1758 5176 1850 5229 sit.
1881 5175 2000 5230 Jam

439 5267 697 5337 propheta
718 5265 786 5319 de
814 5262 1145 5318 Zorobabele
1169 5263 1415 5334 loquens,
1436 5264 1610 5335 deque
1638 5265 1826 5320 eodem
1853 5283 1996 5324 nunc

514 5411 558 5444 ⁸⁷
598 5408 704 5464 lsa.
743 5421 862 5474 un,
901 5406 954 5460 7.

510 5551 623 5622 (66)
652 5549 942 5605 Granditer
961 5547 1238 5622 libereque
1256 5560 1409 5622 more
1430 5561 1532 5622 suo
1546 5547 1771 5622 criticas
1792 5546 2005 5622 herme-

440 5615 668 5678 neutica:
689 5621 902 5691 regulas
925 5616 1141 5691 tradidit
1171 5619 1271 5691 hoc
1296 5617 1414 5670 loco
1430 5615 1779 5691 Theodorus;
1804 5619 2003 5691 quibus

439 5700 642 5758 tamen,
684 5685 797 5745 tum
830 5689 916 5743 hic
950 5697 1065 5742 tum
1095 5685 1246 5754 alibi,
1289 5686 1505 5742 nonnisi
1538 5701 1603 5741 ex
1631 5687 2003 5742 communior.

2105 4533 2329 4604 γνώμην
2365 4537 2442 4598 είς
2477 4536 2634 4588 τοῦτο
2667 4537 3135 4606 προχειρισθέντος
3164 4538 3390 4606 λέγοντα
3415 4541 3506 4595 τὸν
3539 4559 3670 4612 προ-

2107 4627 2282 4699 φήτην
2310 4629 2503 4695 εἰπεῖν,
2531 4629 2611 4682 ὅτι
2633 4648 2651 4680 ι
2681 4630 2933 4700 Ἔρχεται
2960 4629 3165 4694 δίκαιος
3195 4633 3287 4684 καὶ
3311 4631 3520 4698 σώζων,
3555 4654 3574 4686 ι
3602 4634 3670 4697 ὠ,

2108 4719 2174 4773 ἂν
2199 4719 2487 4790 δηλώσειεν
2515 4721 2591 4773 ὅτι
2613 4721 2703 4774 ἐπὶ
2732 4721 2937 4786 τούτοις
2962 4724 3193 4793 πάρεστί
3211 4741 3269 4776 τε
3304 4727 3396 4778 καὶ
3413 4730 3552 4796 πρὸς
3579 4727 3673 4797 τὴν

2105 4811 2381 4883 βασιλείαν
2413 4811 2706 4879 ἐξείλεκται
2735 4815 2884 4885 παρὰ
2915 4815 3010 4868 τοῦ
3037 4817 3172 4869 Θεοῦ
3220 4817 3311 4869 ἐπὶ
3353 4817 3412 4870 τὸ
3453 4820 3674 4889 ποιῆσαι

2109 4904 2298 4967 ταῦτα,
2326 4904 2468 4975 ἅπερ
2489 4900 2583 4958 οὖν
2603 4907 2660 4958 ἐν
2689 4909 2801 4970 τοῖς
2831 4907 2958 4978 ἑξῆς
2983 4908 3108 4979 περὶ
3141 4907 3231 4962 τὸν
3255 4908 3382 4963 λαὸν
3415 4909 3486 4963 δι’
3510 4910 3674 4964 αὐτοῦ

2107 4995 2434 5066 γεγενῆσθαί
2471 5013 2654 5066 φησιν.

2180 5087 2326 5157 Στίχ.
2353 5084 2500 5155 ι’-ιβ’.
2530 5115 2600 5125 -
2642 5086 2800 5140 Ἀλλὰ
2836 5087 3005 5142 ταῦτα
3030 5088 3128 5158 μὲν
3171 5091 3251 5153 εἰς
3283 5088 3676 5161 ἀκριϐεστέραν

2110 5177 2348 5249 εἰρήσθω
2382 5177 2730 5231 διδασκαλίαν
2769 5177 2902 5246 (66).
2933 5177 2995 5232 Ὀ
3035 5180 3089 5232 δέ
3121 5182 3405 5252 προφήτης
3430 5182 3558 5253 περὶ
3585 5179 3674 5234 τοῦ

2107 5269 2405 5342 Ζοροόἀόελ
2433 5268 2626 5339 λέγων,
2657 5270 2752 5323 καὶ
2789 5269 2917 5340 περὶ
2945 5270 3110 5327 αὑτοῦ
3141 5271 3205 5343 δὴ
3233 5273 3303 5326 τὰ
3336 5274 3430 5326 νῦν
3464 5289 3675 5344 προφη-

2112 5564 2301 5604 norma
2355 5557 2668 5606 sanctorum
2728 5550 2948 5606 Patrum
3007 5561 3243 5607 utemur.
3314 5553 3674 5607 Contr-rantur

2109 5630 2260 5674 certe
2284 5621 2458 5693 in_ho_c
2478 5620 2755 5693 Zachariae
2774 5623 3009 5692 capitulo
3031 5622 3412 5693 Hieronymus,
3432 5622 3674 5693 Theodo-

2108 5697 2281 5756 retus,
2308 5690 2564 5760 Cyrillits.
2597 5693 2677 5746 Ad
2708 5690 2934 5747 Joannis
2964 5700 3142 5749 autem
3170 5690 3268 5758 xii,
3296 5693 3384 5758 15,
3404 5696 3582 5748 locum
3602 5692 3671 5747 ιο-
