  <div class='ocr_page' id='page_1' title='image "/cluster/home/n/w/nwhite01/storage/ocr_20150623/66/nnc1.0021886636/318.png"; bbox 0 0 3830 6216; ppageno 0'>
   <div class='ocr_carea' id='block_1_1' title="bbox 176 335 282 395">
    <p class='ocr_par' dir='ltr' id='par_1_1' title="bbox 176 335 282 395">
     <span class='ocr_line' id='line_1_1' title="bbox 176 335 282 395; baseline -0.019 -1"><span class='ocrx_word' id='word_1_1' title='bbox 176 335 282 395; x_wconf 77' lang='lat'><strong>55!</strong></span> 
     </span>
    </p>
   </div>
   <div class='ocr_carea' id='block_1_2' title="bbox 1111 332 2476 396">
    <p class='ocr_par' dir='ltr' id='par_1_2' title="bbox 1111 332 2476 396">
     <span class='ocr_line' id='line_1_2' title="bbox 1111 332 2476 396; baseline -0.003 -3"><span class='ocrx_word' id='word_1_2' title='bbox 1111 336 1655 396; x_wconf 77' lang='lat' dir='ltr'><strong>COMMENTARIUS</strong></span> <span class='ocrx_word' id='word_1_3' title='bbox 1684 338 1751 393; x_wconf 80' lang='grc' dir='ltr'><strong>ΙΝ</strong></span> <span class='ocrx_word' id='word_1_4' title='bbox 1794 335 2165 392; x_wconf 71' lang='lat' dir='ltr'><strong>ZACIIARUE</strong></span> <span class='ocrx_word' id='word_1_5' title='bbox 2206 334 2358 390; x_wconf 77' lang='lat' dir='ltr'><strong>CAP.</strong></span> <span class='ocrx_word' id='word_1_6' title='bbox 2390 332 2476 389; x_wconf 71' lang='lat' dir='ltr'><strong>lx.</strong></span> 
     </span>
    </p>
   </div>
   <div class='ocr_carea' id='block_1_3' title="bbox 3326 332 3431 387">
    <p class='ocr_par' dir='ltr' id='par_1_3' title="bbox 3326 332 3431 387">
     <span class='ocr_line' id='line_1_3' title="bbox 3326 332 3431 387; baseline 0 0"><span class='ocrx_word' id='word_1_7' title='bbox 3326 332 3431 387; x_wconf 66' lang='lat'><strong>563</strong></span> 
     </span>
    </p>
   </div>
   <div class='ocr_carea' id='block_1_4' title="bbox 180 445 1781 525">
    <p class='ocr_par' dir='ltr' id='par_1_4' title="bbox 180 449 1757 525">
     <span class='ocr_line' id='line_1_4' title="bbox 180 449 1757 525; baseline 0.001 -20"><span class='ocrx_word' id='word_1_8' title='bbox 180 452 372 511; x_wconf 87' lang='grc' dir='ltr'>τεύων,</span> <span class='ocrx_word' id='word_1_9' title='bbox 396 450 445 502; x_wconf 82' lang='grc' dir='ltr'><strong>ει</strong></span> <span class='ocrx_word' id='word_1_10' title='bbox 478 449 570 503; x_wconf 83' lang='grc' dir='ltr'>καί</span> <span class='ocrx_word' id='word_1_11' title='bbox 591 466 713 503; x_wconf 87' lang='grc' dir='ltr'>τινα</span> <span class='ocrx_word' id='word_1_12' title='bbox 738 450 1035 518; x_wconf 80' lang='grc' dir='ltr'><strong>φαντασίαν</strong></span> <span class='ocrx_word' id='word_1_13' title='bbox 1065 451 1140 514; x_wconf 83' lang='grc' dir='ltr'>ὡς</span> <span class='ocrx_word' id='word_1_14' title='bbox 1172 455 1453 525; x_wconf 82' lang='grc' dir='ltr'><strong>προφήτης</strong></span> <span class='ocrx_word' id='word_1_15' title='bbox 1478 454 1571 508; x_wconf 73' lang='grc' dir='ltr'><strong>καὶ</strong></span> <span class='ocrx_word' id='word_1_16' title='bbox 1596 452 1757 517; x_wconf 78' lang='grc' dir='ltr'>αὐτὸς</span> 
     </span>
    </p>
   </div>
   <div class='ocr_carea' id='block_1_5' title="bbox 1883 445 3429 525">
    <p class='ocr_par' dir='ltr' id='par_1_5' title="bbox 1883 445 3429 519">
     <span class='ocr_line' id='line_1_5' title="bbox 1883 445 3429 519; baseline -0.001 -14"><span class='ocrx_word' id='word_1_17' title='bbox 1883 452 2182 515; x_wconf 81' lang='lat' dir='ltr'><strong>&#39;aticinans,</strong></span> <span class='ocrx_word' id='word_1_18' title='bbox 2205 449 2471 519; x_wconf 80' lang='lat' dir='ltr'><strong>siquidem</strong></span> <span class='ocrx_word' id='word_1_19' title='bbox 2497 446 2839 517; x_wconf 76' lang='lat' dir='ltr'><strong>phantasiam</strong></span> <span class='ocrx_word' id='word_1_20' title='bbox 2872 449 3163 517; x_wconf 78' lang='lat' dir='ltr'><strong>quamdam</strong></span> <span class='ocrx_word' id='word_1_21' title='bbox 3190 445 3257 501; x_wconf 89' lang='lat' dir='ltr'><strong>de</strong></span> <span class='ocrx_word' id='word_1_22' title='bbox 3283 447 3429 503; x_wconf 89' lang='lat' dir='ltr'><strong>futu-</strong></span> 
     </span>
    </p>
   </div>
   <div class='ocr_carea' id='block_1_6' title="bbox 183 532 1755 611">
    <p class='ocr_par' dir='ltr' id='par_1_6' title="bbox 183 532 1755 611">
     <span class='ocr_line' id='line_1_6' title="bbox 183 532 1755 611; baseline 0.004 -22"><span class='ocrx_word' id='word_1_23' title='bbox 183 536 311 607; x_wconf 73' lang='grc' dir='ltr'>περὶ</span> <span class='ocrx_word' id='word_1_24' title='bbox 333 536 439 589; x_wconf 90' lang='grc' dir='ltr'><strong>τῶν</strong></span> <span class='ocrx_word' id='word_1_25' title='bbox 469 535 763 607; x_wconf 84' lang='grc' dir='ltr'><strong>μελλόντων</strong></span> <span class='ocrx_word' id='word_1_26' title='bbox 780 532 942 607; x_wconf 69' lang='grc' dir='ltr'>εἶχεν,</span> <span class='ocrx_word' id='word_1_27' title='bbox 960 540 1153 607; x_wconf 79' lang='grc' dir='ltr'><strong>ἐπάγει</strong></span> <span class='ocrx_word' id='word_1_28' title='bbox 1172 555 1186 570; x_wconf 78' lang='grc'><strong>⁸</strong></span> <span class='ocrx_word' id='word_1_29' title='bbox 1204 559 1222 592; x_wconf 81' lang='grc' dir='ltr'><strong>ι</strong></span> <span class='ocrx_word' id='word_1_30' title='bbox 1256 542 1528 611; x_wconf 78' lang='grc' dir='ltr'>Κατάρξει</span> <span class='ocrx_word' id='word_1_31' title='bbox 1550 544 1755 597; x_wconf 84' lang='grc' dir='ltr'><strong>ὑδάτων</strong></span> 
     </span>
    </p>
   </div>
   <div class='ocr_carea' id='block_1_7' title="bbox 182 628 1755 703">
    <p class='ocr_par' dir='ltr' id='par_1_7' title="bbox 182 628 1755 703">
     <span class='ocr_line' id='line_1_7' title="bbox 182 628 1755 703; baseline 0.004 -23"><span class='ocrx_word' id='word_1_32' title='bbox 182 628 291 680; x_wconf 78' lang='grc' dir='ltr'>ἀπὸ</span> <span class='ocrx_word' id='word_1_33' title='bbox 318 628 591 697; x_wconf 77' lang='grc' dir='ltr'><strong>θαλάσσης</strong></span> <span class='ocrx_word' id='word_1_34' title='bbox 622 631 725 694; x_wconf 82' lang='grc' dir='ltr'>ἓως</span> <span class='ocrx_word' id='word_1_35' title='bbox 759 630 1051 701; x_wconf 81' lang='grc' dir='ltr'><strong>θαλάσσης,</strong></span> <span class='ocrx_word' id='word_1_36' title='bbox 1083 633 1177 685; x_wconf 63' lang='grc' dir='ltr'><strong>καὶ⁵</strong></span> <span class='ocrx_word' id='word_1_37' title='bbox 1213 632 1319 686; x_wconf 83' lang='grc' dir='ltr'>ἀπὸ</span> <span class='ocrx_word' id='word_1_38' title='bbox 1346 633 1605 703; x_wconf 82' lang='grc' dir='ltr'><strong>ποταμῶν</strong></span> <span class='ocrx_word' id='word_1_39' title='bbox 1651 634 1755 698; x_wconf 79' lang='grc' dir='ltr'><strong>ἓως</strong></span> 
     </span>
    </p>
   </div>
   <div class='ocr_carea' id='block_1_8' title="bbox 183 718 1756 792">
    <p class='ocr_par' dir='ltr' id='par_1_8' title="bbox 183 718 1756 792">
     <span class='ocr_line' id='line_1_8' title="bbox 183 718 1756 792; baseline 0.004 -21"><span class='ocrx_word' id='word_1_40' title='bbox 183 718 477 773; x_wconf 76' lang='grc' dir='ltr'>διεκδολῶν</span> <span class='ocrx_word' id='word_1_41' title='bbox 511 721 629 789; x_wconf 89' lang='grc' dir='ltr'>γῆς.</span> <span class='ocrx_word' id='word_1_42' title='bbox 677 740 694 771; x_wconf 77' lang='grc' dir='ltr'><strong>ι</strong></span> <span class='ocrx_word' id='word_1_43' title='bbox 752 722 1160 792; x_wconf 76' lang='grc' dir='ltr'><strong>’Υπερὸολικῶς</strong></span> <span class='ocrx_word' id='word_1_44' title='bbox 1199 725 1289 778; x_wconf 73' lang='grc' dir='ltr'><strong>καὶ</strong></span> <span class='ocrx_word' id='word_1_45' title='bbox 1331 725 1486 778; x_wconf 79' lang='grc' dir='ltr'>τοῦτο</span> <span class='ocrx_word' id='word_1_46' title='bbox 1526 728 1663 780; x_wconf 80' lang='grc' dir='ltr'>κατά</span> <span class='ocrx_word' id='word_1_47' title='bbox 1696 726 1756 779; x_wconf 83' lang='grc' dir='ltr'>τὸ</span> 
     </span>
    </p>
   </div>
   <div class='ocr_carea' id='block_1_9' title="bbox 186 811 1756 886">
    <p class='ocr_par' dir='ltr' id='par_1_9' title="bbox 186 811 1756 886">
     <span class='ocr_line' id='line_1_9' title="bbox 186 811 1756 886; baseline 0.004 -23"><span class='ocrx_word' id='word_1_48' title='bbox 186 812 374 874; x_wconf 70' lang='grc' dir='ltr'>εξωθὸς</span> <span class='ocrx_word' id='word_1_49' title='bbox 399 811 660 882; x_wconf 70' lang='grc' dir='ltr'>εἰρηκὼς,</span> <span class='ocrx_word' id='word_1_50' title='bbox 694 814 775 865; x_wconf 80' lang='grc' dir='ltr'>ὅτι</span> <span class='ocrx_word' id='word_1_51' title='bbox 815 814 1022 867; x_wconf 79' lang='grc' dir='ltr'><strong>πολλῶν</strong></span> <span class='ocrx_word' id='word_1_52' title='bbox 1079 818 1491 886; x_wconf 77' lang='grc' dir='ltr'><strong>περιγενήσεται</strong></span> <span class='ocrx_word' id='word_1_53' title='bbox 1530 817 1637 870; x_wconf 89' lang='grc' dir='ltr'><strong>τῶν</strong></span> <span class='ocrx_word' id='word_1_54' title='bbox 1668 819 1756 870; x_wconf 87' lang='grc' dir='ltr'><strong>ἐν-</strong></span> 
     </span>
    </p>
   </div>
   <div class='ocr_carea' id='block_1_10' title="bbox 188 902 1758 979">
    <p class='ocr_par' dir='ltr' id='par_1_10' title="bbox 188 902 1758 979">
     <span class='ocr_line' id='line_1_10' title="bbox 188 902 1758 979; baseline 0.004 -24"><span class='ocrx_word' id='word_1_55' title='bbox 188 902 403 965; x_wconf 81' lang='grc' dir='ltr'>αντίων,</span> <span class='ocrx_word' id='word_1_56' title='bbox 435 904 527 955; x_wconf 76' lang='grc' dir='ltr'>καὶ</span> <span class='ocrx_word' id='word_1_57' title='bbox 581 904 779 974; x_wconf 77' lang='grc' dir='ltr'>πολλὴν</span> <span class='ocrx_word' id='word_1_58' title='bbox 829 904 1043 969; x_wconf 76' lang='grc' dir='ltr'><strong>καθέξει</strong></span> <span class='ocrx_word' id='word_1_59' title='bbox 1100 905 1304 975; x_wconf 83' lang='grc' dir='ltr'>χώραν,</span> <span class='ocrx_word' id='word_1_60' title='bbox 1360 907 1631 973; x_wconf 75' lang='grc' dir='ltr'><strong>Ἰουδαίοις</strong></span> <span class='ocrx_word' id='word_1_61' title='bbox 1663 908 1758 979; x_wconf 81' lang='grc' dir='ltr'>τὴν</span> 
     </span>
    </p>
   </div>
   <div class='ocr_carea' id='block_1_11' title="bbox 188 992 1760 1068">
    <p class='ocr_par' dir='ltr' id='par_1_11' title="bbox 188 992 1760 1068">
     <span class='ocr_line' id='line_1_11' title="bbox 188 992 1760 1068; baseline 0.004 -25"><span class='ocrx_word' id='word_1_62' title='bbox 188 992 399 1061; x_wconf 71' lang='grc' dir='ltr'>οἴκησιν</span> <span class='ocrx_word' id='word_1_63' title='bbox 426 993 595 1061; x_wconf 78' lang='grc' dir='ltr'>αὐτῆς</span> <span class='ocrx_word' id='word_1_64' title='bbox 624 993 912 1063; x_wconf 81' lang='grc' dir='ltr'>παραδούς.</span> <span class='ocrx_word' id='word_1_65' title='bbox 943 995 1193 1059; x_wconf 78' lang='grc' dir='ltr'>Τοιοῦτός</span> <span class='ocrx_word' id='word_1_66' title='bbox 1225 998 1337 1048; x_wconf 80' lang='grc' dir='ltr'>ἐστι</span> <span class='ocrx_word' id='word_1_67' title='bbox 1376 997 1469 1058; x_wconf 79' lang='grc' dir='ltr'><strong>καὶ</strong></span> <span class='ocrx_word' id='word_1_68' title='bbox 1505 997 1653 1068; x_wconf 78' lang='grc' dir='ltr'>παρὰ</span> <span class='ocrx_word' id='word_1_69' title='bbox 1682 996 1760 1068; x_wconf 83' lang='grc' dir='ltr'>τῷ</span> 
     </span>
    </p>
   </div>
   <div class='ocr_carea' id='block_1_12' title="bbox 194 1083 1761 1158">
    <p class='ocr_par' dir='ltr' id='par_1_12' title="bbox 194 1083 1761 1158">
     <span class='ocr_line' id='line_1_12' title="bbox 194 1083 1761 1158; baseline 0.004 -24"><span class='ocrx_word' id='word_1_70' title='bbox 194 1084 449 1153; x_wconf 81' lang='grc' dir='ltr'>μακαρίῳ</span> <span class='ocrx_word' id='word_1_71' title='bbox 489 1083 649 1136; x_wconf 82' lang='grc' dir='ltr'>Δαυῗδ</span> <span class='ocrx_word' id='word_1_72' title='bbox 678 1086 705 1138; x_wconf 88' lang='grc' dir='ltr'><strong>ὁ</strong></span> <span class='ocrx_word' id='word_1_73' title='bbox 740 1084 1131 1155; x_wconf 76' lang='grc' dir='ltr'>ὲὸδομηκοστὸς</span> <span class='ocrx_word' id='word_1_74' title='bbox 1164 1094 1211 1138; x_wconf 90' lang='grc' dir='ltr'><strong>α’</strong></span> <span class='ocrx_word' id='word_1_75' title='bbox 1234 1088 1465 1157; x_wconf 63' lang='grc' dir='ltr'>ψαλμος,</span> <span class='ocrx_word' id='word_1_76' title='bbox 1493 1090 1548 1141; x_wconf 78' lang='grc' dir='ltr'>ὲν</span> <span class='ocrx_word' id='word_1_77' title='bbox 1597 1090 1761 1158; x_wconf 84' lang='grc' dir='ltr'>εύχῆς</span> 
     </span>
    </p>
   </div>
   <div class='ocr_carea' id='block_1_13' title="bbox 193 1173 1763 1247">
    <p class='ocr_par' dir='ltr' id='par_1_13' title="bbox 193 1173 1763 1247">
     <span class='ocr_line' id='line_1_13' title="bbox 193 1173 1763 1247; baseline 0.006 -24"><span class='ocrx_word' id='word_1_78' title='bbox 193 1174 431 1241; x_wconf 79' lang='grc' dir='ltr'>σχήματι</span> <span class='ocrx_word' id='word_1_79' title='bbox 479 1173 708 1241; x_wconf 78' lang='grc' dir='ltr'>δήλωσιν</span> <span class='ocrx_word' id='word_1_80' title='bbox 757 1173 893 1242; x_wconf 76' lang='grc' dir='ltr'>ἔχων</span> <span class='ocrx_word' id='word_1_81' title='bbox 935 1174 1031 1243; x_wconf 87' lang='grc' dir='ltr'><strong>τῆς</strong></span> <span class='ocrx_word' id='word_1_82' title='bbox 1062 1175 1199 1228; x_wconf 84' lang='grc' dir='ltr'>κατά</span> <span class='ocrx_word' id='word_1_83' title='bbox 1237 1178 1325 1229; x_wconf 81' lang='grc' dir='ltr'>τὸν</span> <span class='ocrx_word' id='word_1_84' title='bbox 1358 1178 1647 1247; x_wconf 89' lang='grc' dir='ltr'><strong>Σολομῶνα</strong></span> <span class='ocrx_word' id='word_1_85' title='bbox 1676 1180 1763 1231; x_wconf 85' lang='grc' dir='ltr'><strong>εύ-</strong></span> 
     </span>
    </p>
   </div>
   <div class='ocr_carea' id='block_1_14' title="bbox 192 1262 1763 1338">
    <p class='ocr_par' dir='ltr' id='par_1_14' title="bbox 192 1262 1763 1338">
     <span class='ocr_line' id='line_1_14' title="bbox 192 1262 1763 1338; baseline 0.006 -26"><span class='ocrx_word' id='word_1_86' title='bbox 192 1263 434 1331; x_wconf 83' lang='grc' dir='ltr'>ετηρίας,</span> <span class='ocrx_word' id='word_1_87' title='bbox 467 1262 591 1314; x_wconf 75' lang='grc' dir='ltr'>ἔνθα</span> <span class='ocrx_word' id='word_1_88' title='bbox 642 1266 838 1332; x_wconf 75' lang='grc' dir='ltr'>φησιν’</span> <span class='ocrx_word' id='word_1_89' title='bbox 868 1281 886 1315; x_wconf 84' lang='grc' dir='ltr'><strong>ι</strong></span> <span class='ocrx_word' id='word_1_90' title='bbox 925 1264 1034 1335; x_wconf 78' lang='grc' dir='ltr'><strong>Πρὸ</strong></span> <span class='ocrx_word' id='word_1_91' title='bbox 1076 1265 1167 1317; x_wconf 82' lang='grc' dir='ltr'>τοῦ</span> <span class='ocrx_word' id='word_1_92' title='bbox 1220 1266 1369 1337; x_wconf 83' lang='grc' dir='ltr'>ήλίου</span> <span class='ocrx_word' id='word_1_93' title='bbox 1418 1267 1661 1338; x_wconf 90' lang='grc' dir='ltr'>διαμενεῖ</span> <span class='ocrx_word' id='word_1_94' title='bbox 1704 1268 1763 1321; x_wconf 81' lang='grc' dir='ltr'>τὸ</span> 
     </span>
    </p>
   </div>
   <div class='ocr_carea' id='block_1_15' title="bbox 192 1353 1758 1429">
    <p class='ocr_par' dir='ltr' id='par_1_15' title="bbox 192 1353 1758 1429">
     <span class='ocr_line' id='line_1_15' title="bbox 192 1353 1758 1429; baseline 0.004 -23"><span class='ocrx_word' id='word_1_95' title='bbox 192 1355 364 1422; x_wconf 78' lang='grc' dir='ltr'>δνομα</span> <span class='ocrx_word' id='word_1_96' title='bbox 393 1353 576 1415; x_wconf 67' lang='grc' dir='ltr'>αὑτοῦ,</span> <span class='ocrx_word' id='word_1_97' title='bbox 609 1355 703 1407; x_wconf 78' lang='grc' dir='ltr'>καὶ</span> <span class='ocrx_word' id='word_1_98' title='bbox 732 1354 837 1425; x_wconf 84' lang='grc' dir='ltr'>πρὸ</span> <span class='ocrx_word' id='word_1_99' title='bbox 890 1356 988 1423; x_wconf 88' lang='grc' dir='ltr'><strong>τῆς</strong></span> <span class='ocrx_word' id='word_1_100' title='bbox 1038 1357 1260 1426; x_wconf 81' lang='grc' dir='ltr'><strong>σελήνης</strong></span> <span class='ocrx_word' id='word_1_101' title='bbox 1290 1359 1481 1425; x_wconf 80' lang='grc' dir='ltr'>γενεὰς</span> <span class='ocrx_word' id='word_1_102' title='bbox 1523 1359 1758 1429; x_wconf 82' lang='grc' dir='ltr'><strong>γενεῶν·</strong></span> 
     </span>
    </p>
   </div>
   <div class='ocr_carea' id='block_1_16' title="bbox 196 1447 1763 1521">
    <p class='ocr_par' dir='ltr' id='par_1_16' title="bbox 196 1447 1763 1521">
     <span class='ocr_line' id='line_1_16' title="bbox 196 1447 1763 1521; baseline 0.007 -23"><span class='ocrx_word' id='word_1_103' title='bbox 196 1450 270 1517; x_wconf 77' lang='lat' dir='ltr'><strong>(p.</strong></span> <span class='ocrx_word' id='word_1_104' title='bbox 304 1447 429 1517; x_wconf 81' lang='lat'><strong>500)</strong></span> <span class='ocrx_word' id='word_1_105' title='bbox 473 1449 565 1500; x_wconf 75' lang='grc' dir='ltr'>καὶ</span> <span class='ocrx_word' id='word_1_106' title='bbox 598 1449 1018 1518; x_wconf 86' lang='grc' dir='ltr'>κατακυριεύσει</span> <span class='ocrx_word' id='word_1_107' title='bbox 1065 1452 1171 1504; x_wconf 77' lang='grc' dir='ltr'>ἀπὸ</span> <span class='ocrx_word' id='word_1_108' title='bbox 1220 1453 1491 1521; x_wconf 72' lang='grc' dir='ltr'>Θαλάσσης</span> <span class='ocrx_word' id='word_1_109' title='bbox 1540 1455 1641 1519; x_wconf 81' lang='grc' dir='ltr'><strong>ἓως</strong></span> <span class='ocrx_word' id='word_1_110' title='bbox 1668 1454 1763 1509; x_wconf 86' lang='grc' dir='ltr'><strong>θα-</strong></span> 
     </span>
    </p>
   </div>
   <div class='ocr_carea' id='block_1_17' title="bbox 194 1537 1759 1613">
    <p class='ocr_par' dir='ltr' id='par_1_17' title="bbox 194 1537 1759 1613">
     <span class='ocr_line' id='line_1_17' title="bbox 194 1537 1759 1613; baseline 0.003 -25"><span class='ocrx_word' id='word_1_111' title='bbox 194 1537 419 1605; x_wconf 83' lang='grc' dir='ltr'>λάσσης,</span> <span class='ocrx_word' id='word_1_112' title='bbox 439 1538 545 1590; x_wconf 79' lang='grc' dir='ltr'>ἀπὸ</span> <span class='ocrx_word' id='word_1_113' title='bbox 567 1537 823 1608; x_wconf 82' lang='grc' dir='ltr'><strong>ποταμῶν</strong></span> <span class='ocrx_word' id='word_1_114' title='bbox 846 1539 948 1602; x_wconf 74' lang='grc' dir='ltr'>ἕως</span> <span class='ocrx_word' id='word_1_115' title='bbox 979 1540 1227 1610; x_wconf 76' lang='grc' dir='ltr'><strong>περάτων</strong></span> <span class='ocrx_word' id='word_1_116' title='bbox 1251 1544 1346 1611; x_wconf 89' lang='grc' dir='ltr'><strong>τῆς</strong></span> <span class='ocrx_word' id='word_1_117' title='bbox 1374 1544 1694 1613; x_wconf 69' lang='grc' dir='ltr'><strong>οἰκουμένης</strong></span> <span class='ocrx_word' id='word_1_118' title='bbox 1712 1560 1759 1593; x_wconf 72' lang='grc' dir='ltr'><strong>ἰ</strong></span> 
     </span>
    </p>
   </div>
   <div class='ocr_carea' id='block_1_18' title="bbox 194 1624 1768 1700">
    <p class='ocr_par' dir='ltr' id='par_1_18' title="bbox 194 1624 1768 1700">
     <span class='ocr_line' id='line_1_18' title="bbox 194 1624 1768 1700; baseline 0.004 -21"><span class='ocrx_word' id='word_1_119' title='bbox 194 1626 256 1679; x_wconf 86' lang='grc' dir='ltr'><strong>ού</strong></span> <span class='ocrx_word' id='word_1_120' title='bbox 279 1626 389 1695; x_wconf 73' lang='grc' dir='ltr'>γὰρ</span> <span class='ocrx_word' id='word_1_121' title='bbox 413 1624 653 1696; x_wconf 87' lang='grc' dir='ltr'>δηλονότι</span> <span class='ocrx_word' id='word_1_122' title='bbox 677 1626 1046 1699; x_wconf 78' lang='grc' dir='ltr'>ὑπερϐολικῶς</span> <span class='ocrx_word' id='word_1_123' title='bbox 1069 1629 1281 1700; x_wconf 66' lang='grc' dir='ltr'>εἴρηται</span> <span class='ocrx_word' id='word_1_124' title='bbox 1311 1631 1404 1684; x_wconf 76' lang='grc' dir='ltr'><strong>καὶ</strong></span> <span class='ocrx_word' id='word_1_125' title='bbox 1425 1632 1594 1684; x_wconf 77' lang='grc' dir='ltr'>ταῦτα</span> <span class='ocrx_word' id='word_1_126' title='bbox 1616 1650 1629 1697; x_wconf 89' lang='lat'><strong>;</strong></span> <span class='ocrx_word' id='word_1_127' title='bbox 1648 1630 1768 1686; x_wconf 73' lang='grc' dir='ltr'>εἶτα</span> 
     </span>
    </p>
   </div>
   <div class='ocr_carea' id='block_1_19' title="bbox 195 1718 1771 1791">
    <p class='ocr_par' dir='ltr' id='par_1_19' title="bbox 195 1718 1771 1791">
     <span class='ocr_line' id='line_1_19' title="bbox 195 1718 1771 1791; baseline 0.006 -23"><span class='ocrx_word' id='word_1_128' title='bbox 195 1718 420 1785; x_wconf 72' lang='grc' dir='ltr'>ἐπάγει,</span> <span class='ocrx_word' id='word_1_129' title='bbox 463 1736 481 1767; x_wconf 78' lang='grc' dir='ltr'>ι</span> <span class='ocrx_word' id='word_1_130' title='bbox 516 1719 625 1771; x_wconf 78' lang='grc' dir='ltr'><strong>Καὶ</strong></span> <span class='ocrx_word' id='word_1_131' title='bbox 652 1720 713 1772; x_wconf 84' lang='grc' dir='ltr'>σὺ</span> <span class='ocrx_word' id='word_1_132' title='bbox 741 1720 797 1772; x_wconf 79' lang='grc' dir='ltr'>ὲν</span> <span class='ocrx_word' id='word_1_133' title='bbox 821 1720 1008 1789; x_wconf 80' lang='grc' dir='ltr'>αἵματι</span> <span class='ocrx_word' id='word_1_134' title='bbox 1041 1720 1300 1791; x_wconf 76' lang='grc' dir='ltr'><strong>διαθήκης</strong></span> <span class='ocrx_word' id='word_1_135' title='bbox 1340 1740 1432 1775; x_wconf 91' lang='grc' dir='ltr'><strong>σου</strong></span> <span class='ocrx_word' id='word_1_136' title='bbox 1465 1723 1771 1788; x_wconf 79' lang='grc' dir='ltr'><strong>ἐξαπέστει-</strong></span> 
     </span>
    </p>
   </div>
   <div class='ocr_carea' id='block_1_20' title="bbox 1861 538 3428 613">
    <p class='ocr_par' dir='ltr' id='par_1_20' title="bbox 1861 538 3428 613">
     <span class='ocr_line' id='line_1_20' title="bbox 1861 538 3428 613; baseline -0.002 -15"><span class='ocrx_word' id='word_1_137' title='bbox 1861 545 1939 598; x_wconf 89' lang='lat' dir='ltr'><strong>ris</strong></span> <span class='ocrx_word' id='word_1_138' title='bbox 1963 543 2126 598; x_wconf 81' lang='lat' dir='ltr'><strong>rebus</strong></span> <span class='ocrx_word' id='word_1_139' title='bbox 2155 543 2269 613; x_wconf 90' lang='lat' dir='ltr'><strong>ipse</strong></span> <span class='ocrx_word' id='word_1_140' title='bbox 2294 554 2509 610; x_wconf 89' lang='lat' dir='ltr'><strong>quoque</strong></span> <span class='ocrx_word' id='word_1_141' title='bbox 2539 553 2638 593; x_wconf 89' lang='lat' dir='ltr'><strong>ceu</strong></span> <span class='ocrx_word' id='word_1_142' title='bbox 2669 538 2928 608; x_wconf 80' lang='lat' dir='ltr'><strong>propheta</strong></span> <span class='ocrx_word' id='word_1_143' title='bbox 2955 538 3208 604; x_wconf 91' lang='lat' dir='ltr'><strong>habebat,</strong></span> <span class='ocrx_word' id='word_1_144' title='bbox 3243 538 3428 595; x_wconf 84' lang='lat' dir='ltr'><strong>addit:</strong></span> 
     </span>
    </p>
   </div>
   <div class='ocr_carea' id='block_1_21' title="bbox 1867 629 3433 702">
    <p class='ocr_par' dir='ltr' id='par_1_21' title="bbox 1867 629 3433 702">
     <span class='ocr_line' id='line_1_21' title="bbox 1867 629 3433 702; baseline -0.002 -15"><span class='ocrx_word' id='word_1_145' title='bbox 1867 654 1885 687; x_wconf 74' lang='grc' dir='ltr'><strong>ι</strong></span> <span class='ocrx_word' id='word_1_146' title='bbox 1913 634 2285 689; x_wconf 84' lang='lat' dir='ltr'><strong>Dominabitur</strong></span> <span class='ocrx_word' id='word_1_147' title='bbox 2310 634 2465 702; x_wconf 88' lang='lat' dir='ltr'><strong>aquis</strong></span> <span class='ocrx_word' id='word_1_148' title='bbox 2486 646 2514 684; x_wconf 90' lang='lat' dir='ltr'><strong>a</strong></span> <span class='ocrx_word' id='word_1_149' title='bbox 2533 631 2666 684; x_wconf 87' lang='lat' dir='ltr'><strong>mari</strong></span> <span class='ocrx_word' id='word_1_150' title='bbox 2692 631 2756 685; x_wconf 90' lang='lat' dir='ltr'><strong>ad</strong></span> <span class='ocrx_word' id='word_1_151' title='bbox 2787 646 2954 693; x_wconf 86' lang='lat' dir='ltr'><strong>mare,</strong></span> <span class='ocrx_word' id='word_1_152' title='bbox 2996 640 3047 684; x_wconf 89' lang='lat' dir='ltr'><strong>et</strong></span> <span class='ocrx_word' id='word_1_153' title='bbox 3068 646 3099 685; x_wconf 91' lang='lat' dir='ltr'><strong>a</strong></span> <span class='ocrx_word' id='word_1_154' title='bbox 3122 629 3433 686; x_wconf 60' lang='lat' dir='ltr'><strong>fluminibus</strong></span> 
     </span>
    </p>
   </div>
   <div class='ocr_carea' id='block_1_22' title="bbox 1863 722 3435 796">
    <p class='ocr_par' dir='ltr' id='par_1_22' title="bbox 1863 722 3435 796">
     <span class='ocr_line' id='line_1_22' title="bbox 1863 722 3435 796; baseline -0.003 -15"><span class='ocrx_word' id='word_1_155' title='bbox 1863 740 2035 796; x_wconf 90' lang='lat' dir='ltr'><strong>usque</strong></span> <span class='ocrx_word' id='word_1_156' title='bbox 2056 729 2121 778; x_wconf 88' lang='lat' dir='ltr'><strong>ad</strong></span> <span class='ocrx_word' id='word_1_157' title='bbox 2140 725 2317 779; x_wconf 80' lang='lat' dir='ltr'><strong>exitus</strong></span> <span class='ocrx_word' id='word_1_158' title='bbox 2348 733 2527 779; x_wconf 71' lang='lat' dir='ltr'><strong>terrm.</strong></span> <span class='ocrx_word' id='word_1_159' title='bbox 2555 742 2573 776; x_wconf 76' lang='grc' dir='ltr'>ι</span> <span class='ocrx_word' id='word_1_160' title='bbox 2605 722 2961 793; x_wconf 84' lang='lat' dir='ltr'><strong>llyperbolice</strong></span> <span class='ocrx_word' id='word_1_161' title='bbox 2981 722 3083 776; x_wconf 91' lang='lat' dir='ltr'><strong>hoc</strong></span> <span class='ocrx_word' id='word_1_162' title='bbox 3102 722 3265 777; x_wconf 90' lang='lat' dir='ltr'><strong>etiam</strong></span> <span class='ocrx_word' id='word_1_163' title='bbox 3284 738 3435 777; x_wconf 90' lang='lat' dir='ltr'><strong>more</strong></span> 
     </span>
    </p>
   </div>
   <div class='ocr_carea' id='block_1_23' title="bbox 1864 814 3432 886">
    <p class='ocr_par' dir='ltr' id='par_1_23' title="bbox 1864 814 3432 886">
     <span class='ocr_line' id='line_1_23' title="bbox 1864 814 3432 886; baseline -0.004 -12"><span class='ocrx_word' id='word_1_164' title='bbox 1864 816 2292 886; x_wconf 87' lang='lat' dir='ltr'><strong>suodicit,quod</strong></span> <span class='ocrx_word' id='word_1_165' title='bbox 2318 830 2508 884; x_wconf 84' lang='lat' dir='ltr'><strong>nempe</strong></span> <span class='ocrx_word' id='word_1_166' title='bbox 2526 815 2723 869; x_wconf 90' lang='lat' dir='ltr'><strong>multos</strong></span> <span class='ocrx_word' id='word_1_167' title='bbox 2753 815 3027 884; x_wconf 85' lang='lat' dir='ltr'><strong>superabit</strong></span> <span class='ocrx_word' id='word_1_168' title='bbox 3054 814 3261 876; x_wconf 86' lang='lat' dir='ltr'><strong>hostes,</strong></span> <span class='ocrx_word' id='word_1_169' title='bbox 3289 816 3432 868; x_wconf 86' lang='lat' dir='ltr'><strong>mul-</strong></span> 
     </span>
    </p>
   </div>
   <div class='ocr_carea' id='block_1_24' title="bbox 1865 905 3431 977">
    <p class='ocr_par' dir='ltr' id='par_1_24' title="bbox 1865 905 3431 977">
     <span class='ocr_line' id='line_1_24' title="bbox 1865 905 3431 977; baseline -0.004 -13"><span class='ocrx_word' id='word_1_170' title='bbox 1865 919 2080 977; x_wconf 89' lang='lat' dir='ltr'><strong>tamque</strong></span> <span class='ocrx_word' id='word_1_171' title='bbox 2100 906 2365 961; x_wconf 87' lang='lat' dir='ltr'><strong>obtinebit</strong></span> <span class='ocrx_word' id='word_1_172' title='bbox 2384 906 2677 974; x_wconf 76' lang='lat' dir='ltr'><strong>regionem,</strong></span> <span class='ocrx_word' id='word_1_173' title='bbox 2698 920 2858 974; x_wconf 85' lang='lat' dir='ltr'><strong>quam</strong></span> <span class='ocrx_word' id='word_1_174' title='bbox 2876 905 3078 959; x_wconf 67' lang='lat' dir='ltr'><strong>Judaais</strong></span> <span class='ocrx_word' id='word_1_175' title='bbox 3093 905 3431 960; x_wconf 88' lang='lat' dir='ltr'><strong>incolendam</strong></span> 
     </span>
    </p>
   </div>
   <div class='ocr_carea' id='block_1_25' title="bbox 1866 995 3433 1068">
    <p class='ocr_par' dir='ltr' id='par_1_25' title="bbox 1866 995 3433 1068">
     <span class='ocr_line' id='line_1_25' title="bbox 1866 995 3433 1068; baseline -0.006 -10"><span class='ocrx_word' id='word_1_176' title='bbox 1866 1003 2058 1058; x_wconf 82' lang='lat' dir='ltr'><strong>tradet.</strong></span> <span class='ocrx_word' id='word_1_177' title='bbox 2088 999 2233 1054; x_wconf 85' lang='lat' dir='ltr'><strong>Talis</strong></span> <span class='ocrx_word' id='word_1_178' title='bbox 2253 1007 2337 1055; x_wconf 86' lang='lat' dir='ltr'><strong>est</strong></span> <span class='ocrx_word' id='word_1_179' title='bbox 2351 999 2511 1053; x_wconf 89' lang='lat' dir='ltr'><strong>etiam</strong></span> <span class='ocrx_word' id='word_1_180' title='bbox 2537 996 2677 1068; x_wconf 90' lang='lat' dir='ltr'><strong>apud</strong></span> <span class='ocrx_word' id='word_1_181' title='bbox 2698 998 2911 1051; x_wconf 88' lang='lat' dir='ltr'><strong>beatum</strong></span> <span class='ocrx_word' id='word_1_182' title='bbox 2935 995 3189 1051; x_wconf 84' lang='lat' dir='ltr'><strong>Davidem</strong></span> <span class='ocrx_word' id='word_1_183' title='bbox 3215 1003 3433 1065; x_wconf 81' lang='lat' dir='ltr'><strong>septua-</strong></span> 
     </span>
    </p>
   </div>
   <div class='ocr_carea' id='block_1_26' title="bbox 1868 1088 3436 1163">
    <p class='ocr_par' dir='ltr' id='par_1_26' title="bbox 1868 1088 3436 1163">
     <span class='ocr_line' id='line_1_26' title="bbox 1868 1088 3436 1163; baseline -0.003 -18"><span class='ocrx_word' id='word_1_184' title='bbox 1868 1093 2106 1163; x_wconf 79' lang='lat' dir='ltr'><strong>gesimus</strong></span> <span class='ocrx_word' id='word_1_185' title='bbox 2133 1094 2339 1160; x_wconf 90' lang='lat' dir='ltr'><strong>primus</strong></span> <span class='ocrx_word' id='word_1_186' title='bbox 2357 1090 2617 1160; x_wconf 86' lang='lat' dir='ltr'><strong>psalmus,</strong></span> <span class='ocrx_word' id='word_1_187' title='bbox 2635 1090 2737 1145; x_wconf 89' lang='lat' dir='ltr'><strong>sub</strong></span> <span class='ocrx_word' id='word_1_188' title='bbox 2761 1091 2936 1159; x_wconf 83' lang='lat' dir='ltr'><strong>precis</strong></span> <span class='ocrx_word' id='word_1_189' title='bbox 2954 1089 3132 1158; x_wconf 88' lang='lat' dir='ltr'><strong>specie</strong></span> <span class='ocrx_word' id='word_1_190' title='bbox 3149 1088 3436 1143; x_wconf 80' lang='lat' dir='ltr'><strong>declarans</strong></span> 
     </span>
    </p>
   </div>
   <div class='ocr_carea' id='block_1_27' title="bbox 1870 1181 3435 1251">
    <p class='ocr_par' dir='ltr' id='par_1_27' title="bbox 1870 1181 3435 1251">
     <span class='ocr_line' id='line_1_27' title="bbox 1870 1181 3435 1251; baseline -0.002 -14"><span class='ocrx_word' id='word_1_191' title='bbox 1870 1182 2177 1237; x_wconf 86' lang='lat' dir='ltr'><strong>Salomonis</strong></span> <span class='ocrx_word' id='word_1_192' title='bbox 2204 1182 2639 1251; x_wconf 79' lang='lat' dir='ltr'><strong>prosperitatem,</strong></span> <span class='ocrx_word' id='word_1_193' title='bbox 2668 1183 2756 1236; x_wconf 91' lang='lat' dir='ltr'><strong>ubi</strong></span> <span class='ocrx_word' id='word_1_194' title='bbox 2780 1183 2891 1236; x_wconf 88' lang='lat' dir='ltr'><strong>ait:</strong></span> <span class='ocrx_word' id='word_1_195' title='bbox 2922 1200 2940 1233; x_wconf 75' lang='grc' dir='ltr'><strong>ι</strong></span> <span class='ocrx_word' id='word_1_196' title='bbox 2959 1181 3099 1237; x_wconf 82' lang='lat' dir='ltr'><strong>Ante</strong></span> <span class='ocrx_word' id='word_1_197' title='bbox 3118 1181 3286 1236; x_wconf 90' lang='lat' dir='ltr'><strong>solem</strong></span> <span class='ocrx_word' id='word_1_198' title='bbox 3313 1196 3435 1250; x_wconf 89' lang='lat' dir='ltr'><strong>per-</strong></span> 
     </span>
    </p>
   </div>
   <div class='ocr_carea' id='block_1_28' title="bbox 1870 1272 3436 1343">
    <p class='ocr_par' dir='ltr' id='par_1_28' title="bbox 1870 1272 3436 1343">
     <span class='ocr_line' id='line_1_28' title="bbox 1870 1272 3436 1343; baseline -0.001 -16"><span class='ocrx_word' id='word_1_199' title='bbox 1870 1276 2106 1328; x_wconf 83' lang='lat' dir='ltr'><strong>manebit</strong></span> <span class='ocrx_word' id='word_1_200' title='bbox 2128 1290 2321 1328; x_wconf 86' lang='lat' dir='ltr'><strong>nomen</strong></span> <span class='ocrx_word' id='word_1_201' title='bbox 2347 1276 2487 1340; x_wconf 85' lang='lat' dir='ltr'><strong>ejus,</strong></span> <span class='ocrx_word' id='word_1_202' title='bbox 2509 1281 2563 1329; x_wconf 89' lang='lat' dir='ltr'><strong>et</strong></span> <span class='ocrx_word' id='word_1_203' title='bbox 2588 1283 2713 1327; x_wconf 84' lang='lat' dir='ltr'><strong>ante</strong></span> <span class='ocrx_word' id='word_1_204' title='bbox 2736 1275 2917 1328; x_wconf 89' lang='lat' dir='ltr'><strong>lunam</strong></span> <span class='ocrx_word' id='word_1_205' title='bbox 2946 1288 3039 1343; x_wconf 87' lang='lat' dir='ltr'><strong>per</strong></span> <span class='ocrx_word' id='word_1_206' title='bbox 3058 1272 3436 1343; x_wconf 77' lang='lat' dir='ltr'><strong>generationes</strong></span> 
     </span>
    </p>
   </div>
   <div class='ocr_carea' id='block_1_29' title="bbox 1870 1362 3436 1434">
    <p class='ocr_par' dir='ltr' id='par_1_29' title="bbox 1870 1362 3436 1434">
     <span class='ocr_line' id='line_1_29' title="bbox 1870 1362 3436 1434; baseline -0.004 -16"><span class='ocrx_word' id='word_1_207' title='bbox 1870 1365 2294 1434; x_wconf 79' lang='lat' dir='ltr'><strong>generationum.</strong></span> <span class='ocrx_word' id='word_1_208' title='bbox 2330 1364 2392 1417; x_wconf 86' lang='lat' dir='ltr'><strong>Et</strong></span> <span class='ocrx_word' id='word_1_209' title='bbox 2418 1363 2788 1418; x_wconf 84' lang='lat' dir='ltr'><strong>dominabitur</strong></span> <span class='ocrx_word' id='word_1_210' title='bbox 2822 1378 2852 1416; x_wconf 91' lang='lat' dir='ltr'><strong>a</strong></span> <span class='ocrx_word' id='word_1_211' title='bbox 2882 1363 3017 1417; x_wconf 90' lang='lat' dir='ltr'><strong>mari</strong></span> <span class='ocrx_word' id='word_1_212' title='bbox 3038 1362 3105 1415; x_wconf 91' lang='lat' dir='ltr'><strong>ad</strong></span> <span class='ocrx_word' id='word_1_213' title='bbox 3138 1367 3376 1424; x_wconf 85' lang='lat' dir='ltr'><strong>mare,et</strong></span> <span class='ocrx_word' id='word_1_214' title='bbox 3406 1377 3436 1412; x_wconf 78' lang='grc' dir='ltr'><strong>ιι</strong></span> 
     </span>
    </p>
   </div>
   <div class='ocr_carea' id='block_1_30' title="bbox 1871 1451 3439 1525">
    <p class='ocr_par' dir='ltr' id='par_1_30' title="bbox 1871 1451 3439 1525">
     <span class='ocr_line' id='line_1_30' title="bbox 1871 1451 3439 1525; baseline -0.003 -17"><span class='ocrx_word' id='word_1_215' title='bbox 1871 1456 2183 1511; x_wconf 86' lang='lat' dir='ltr'><strong>fluminibus</strong></span> <span class='ocrx_word' id='word_1_216' title='bbox 2218 1472 2387 1525; x_wconf 82' lang='lat' dir='ltr'><strong>usque</strong></span> <span class='ocrx_word' id='word_1_217' title='bbox 2418 1456 2484 1509; x_wconf 87' lang='lat' dir='ltr'><strong>ad</strong></span> <span class='ocrx_word' id='word_1_218' title='bbox 2517 1455 2781 1509; x_wconf 87' lang='lat' dir='ltr'><strong>terminos</strong></span> <span class='ocrx_word' id='word_1_219' title='bbox 2818 1453 3057 1509; x_wconf 67' lang='lat' dir='ltr'><strong>terrae&quot;.</strong></span> <span class='ocrx_word' id='word_1_220' title='bbox 3084 1471 3103 1504; x_wconf 77' lang='grc' dir='ltr'>ι</span> <span class='ocrx_word' id='word_1_221' title='bbox 3141 1451 3334 1506; x_wconf 83' lang='lat' dir='ltr'><strong>Nonne</strong></span> <span class='ocrx_word' id='word_1_222' title='bbox 3384 1457 3439 1505; x_wconf 90' lang='lat' dir='ltr'><strong>et</strong></span> 
     </span>
    </p>
   </div>
   <div class='ocr_carea' id='block_1_31' title="bbox 1873 1542 3439 1619">
    <p class='ocr_par' dir='ltr' id='par_1_31' title="bbox 1873 1542 3439 1619">
     <span class='ocr_line' id='line_1_31' title="bbox 1873 1542 3439 1619; baseline -0.005 -17"><span class='ocrx_word' id='word_1_223' title='bbox 1873 1548 1989 1603; x_wconf 65' lang='lat' dir='ltr'><strong>haec</strong></span> <span class='ocrx_word' id='word_1_224' title='bbox 2038 1549 2381 1619; x_wconf 79' lang='lat' dir='ltr'><strong>hyperbolice</strong></span> <span class='ocrx_word' id='word_1_225' title='bbox 2413 1548 2559 1602; x_wconf 90' lang='lat' dir='ltr'><strong>dicta</strong></span> <span class='ocrx_word' id='word_1_226' title='bbox 2609 1546 2868 1602; x_wconf 75' lang='lat' dir='ltr'><strong>fuerunt?</strong></span> <span class='ocrx_word' id='word_1_227' title='bbox 2912 1546 3035 1601; x_wconf 76' lang='lat' dir='ltr'><strong>Mox</strong></span> <span class='ocrx_word' id='word_1_228' title='bbox 3066 1544 3334 1600; x_wconf 71' lang='lat' dir='ltr'><strong>subditzt</strong></span> <span class='ocrx_word' id='word_1_229' title='bbox 3374 1542 3439 1595; x_wconf 88' lang='lat' dir='ltr'><strong>Et</strong></span> 
     </span>
    </p>
   </div>
   <div class='ocr_carea' id='block_1_32' title="bbox 1875 1636 3441 1709">
    <p class='ocr_par' dir='ltr' id='par_1_32' title="bbox 1875 1636 3441 1709">
     <span class='ocr_line' id='line_1_32' title="bbox 1875 1636 3441 1709; baseline -0.004 -16"><span class='ocrx_word' id='word_1_230' title='bbox 1875 1648 1931 1694; x_wconf 94' lang='lat' dir='ltr'><strong>tu</strong></span> <span class='ocrx_word' id='word_1_231' title='bbox 1963 1640 2017 1693; x_wconf 89' lang='lat' dir='ltr'><strong>in</strong></span> <span class='ocrx_word' id='word_1_232' title='bbox 2042 1640 2307 1709; x_wconf 83' lang='lat' dir='ltr'><strong>sanguine</strong></span> <span class='ocrx_word' id='word_1_233' title='bbox 2332 1640 2644 1694; x_wconf 86' lang='lat' dir='ltr'><strong>testamenti</strong></span> <span class='ocrx_word' id='word_1_234' title='bbox 2672 1639 2749 1692; x_wconf 91' lang='lat' dir='ltr'><strong>tui</strong></span> <span class='ocrx_word' id='word_1_235' title='bbox 2778 1637 3010 1692; x_wconf 87' lang='lat' dir='ltr'><strong>emisisti</strong></span> <span class='ocrx_word' id='word_1_236' title='bbox 3039 1636 3285 1705; x_wconf 90' lang='lat' dir='ltr'><strong>captivos</strong></span> <span class='ocrx_word' id='word_1_237' title='bbox 3316 1642 3441 1688; x_wconf 89' lang='lat' dir='ltr'><strong>tuos</strong></span> 
     </span>
    </p>
   </div>
   <div class='ocr_carea' id='block_1_33' title="bbox 1876 1726 3441 1800">
    <p class='ocr_par' dir='ltr' id='par_1_33' title="bbox 1876 1726 3441 1800">
     <span class='ocr_line' id='line_1_33' title="bbox 1876 1726 3441 1800; baseline -0.004 -15"><span class='ocrx_word' id='word_1_238' title='bbox 1876 1733 1943 1786; x_wconf 92' lang='lat' dir='ltr'><strong>de</strong></span> <span class='ocrx_word' id='word_1_239' title='bbox 1975 1732 2091 1786; x_wconf 85' lang='lat' dir='ltr'><strong>lacu</strong></span> <span class='ocrx_word' id='word_1_240' title='bbox 2122 1747 2317 1800; x_wconf 90' lang='lat' dir='ltr'><strong>aquam</strong></span> <span class='ocrx_word' id='word_1_241' title='bbox 2350 1748 2457 1786; x_wconf 91' lang='lat' dir='ltr'><strong>non</strong></span> <span class='ocrx_word' id='word_1_242' title='bbox 2481 1731 2713 1785; x_wconf 84' lang='lat' dir='ltr'><strong>habente</strong></span> <span class='ocrx_word' id='word_1_243' title='bbox 2736 1737 2789 1783; x_wconf 91' lang='lat' dir='ltr'><strong>et</strong></span> <span class='ocrx_word' id='word_1_244' title='bbox 2820 1728 3075 1783; x_wconf 88' lang='lat' dir='ltr'><strong>sedebitis</strong></span> <span class='ocrx_word' id='word_1_245' title='bbox 3100 1728 3156 1781; x_wconf 91' lang='lat' dir='ltr'><strong>in</strong></span> <span class='ocrx_word' id='word_1_246' title='bbox 3182 1726 3441 1781; x_wconf 89' lang='lat' dir='ltr'><strong>munitio-</strong></span> 
     </span>
    </p>
   </div>
   <div class='ocr_carea' id='block_1_34' title="bbox 196 1807 1781 1892">
    <p class='ocr_par' dir='ltr' id='par_1_34' title="bbox 196 1807 1771 1886">
     <span class='ocr_line' id='line_1_34' title="bbox 196 1807 1771 1886; baseline 0.006 -26"><span class='ocrx_word' id='word_1_247' title='bbox 196 1809 297 1870; x_wconf 80' lang='grc' dir='ltr'>λας</span> <span class='ocrx_word' id='word_1_248' title='bbox 326 1807 580 1877; x_wconf 81' lang='grc' dir='ltr'>δεσμίους</span> <span class='ocrx_word' id='word_1_249' title='bbox 606 1826 698 1861; x_wconf 85' lang='grc' dir='ltr'><strong>σου</strong></span> <span class='ocrx_word' id='word_1_250' title='bbox 741 1812 803 1862; x_wconf 77' lang='grc' dir='ltr'><strong>ὲκ</strong></span> <span class='ocrx_word' id='word_1_251' title='bbox 848 1810 1050 1863; x_wconf 85' lang='grc' dir='ltr'>λάκκου</span> <span class='ocrx_word' id='word_1_252' title='bbox 1074 1813 1174 1864; x_wconf 80' lang='grc' dir='ltr'>οὐκ</span> <span class='ocrx_word' id='word_1_253' title='bbox 1222 1812 1435 1883; x_wconf 82' lang='grc' dir='ltr'>ἔχοντος</span> <span class='ocrx_word' id='word_1_254' title='bbox 1466 1813 1607 1886; x_wconf 79' lang='grc' dir='ltr'>ὕδωρ</span> <span class='ocrx_word' id='word_1_255' title='bbox 1640 1832 1652 1845; x_wconf 90' lang='grc'><strong>·</strong></span> <span class='ocrx_word' id='word_1_256' title='bbox 1678 1816 1771 1869; x_wconf 76' lang='grc' dir='ltr'>καὶ</span> 
     </span>
    </p>
   </div>
   <div class='ocr_carea' id='block_1_35' title="bbox 1883 1807 3442 1892">
    <p class='ocr_par' dir='ltr' id='par_1_35' title="bbox 1883 1817 3442 1892">
     <span class='ocr_line' id='line_1_35' title="bbox 1883 1817 3442 1892; baseline -0.004 -15"><span class='ocrx_word' id='word_1_257' title='bbox 1883 1838 1942 1877; x_wconf 86' lang='lat' dir='ltr'><strong>ne</strong></span> <span class='ocrx_word' id='word_1_258' title='bbox 1962 1826 2159 1892; x_wconf 74' lang='lat' dir='ltr'><strong>captivi</strong></span> <span class='ocrx_word' id='word_1_259' title='bbox 2186 1821 2516 1892; x_wconf 67' lang='lat' dir='ltr'><strong>Synagogaa:</strong></span> <span class='ocrx_word' id='word_1_260' title='bbox 2546 1830 2599 1876; x_wconf 89' lang='lat' dir='ltr'><strong>et</strong></span> <span class='ocrx_word' id='word_1_261' title='bbox 2625 1837 2721 1891; x_wconf 86' lang='lat' dir='ltr'><strong>pro</strong></span> <span class='ocrx_word' id='word_1_262' title='bbox 2746 1836 2853 1875; x_wconf 93' lang='lat' dir='ltr'><strong>uno</strong></span> <span class='ocrx_word' id='word_1_263' title='bbox 2876 1820 2963 1875; x_wconf 90' lang='lat' dir='ltr'><strong>die</strong></span> <span class='ocrx_word' id='word_1_264' title='bbox 2986 1817 3442 1890; x_wconf 82' lang='lat' dir='ltr'><strong>peregrinationis</strong></span> 
     </span>
    </p>
   </div>
   <div class='ocr_carea' id='block_1_36' title="bbox 200 1897 1773 1975">
    <p class='ocr_par' dir='ltr' id='par_1_36' title="bbox 200 1897 1773 1975">
     <span class='ocr_line' id='line_1_36' title="bbox 200 1897 1773 1975; baseline 0.005 -24"><span class='ocrx_word' id='word_1_265' title='bbox 200 1897 491 1951; x_wconf 79' lang='grc' dir='ltr'>καθίσεσθε</span> <span class='ocrx_word' id='word_1_266' title='bbox 525 1898 581 1950; x_wconf 86' lang='grc' dir='ltr'>ἐν</span> <span class='ocrx_word' id='word_1_267' title='bbox 610 1898 926 1970; x_wconf 81' lang='grc' dir='ltr'><strong>ὀχυρώματι</strong></span> <span class='ocrx_word' id='word_1_268' title='bbox 957 1900 1165 1971; x_wconf 81' lang='grc' dir='ltr'>δέσμιοι</span> <span class='ocrx_word' id='word_1_269' title='bbox 1194 1902 1292 1973; x_wconf 90' lang='grc' dir='ltr'><strong>τῆς</strong></span> <span class='ocrx_word' id='word_1_270' title='bbox 1314 1906 1653 1975; x_wconf 79' lang='grc' dir='ltr'>συναγωγῆς,</span> <span class='ocrx_word' id='word_1_271' title='bbox 1676 1907 1773 1959; x_wconf 72' lang='grc' dir='ltr'><strong>καὶ</strong></span> 
     </span>
    </p>
   </div>
   <div class='ocr_carea' id='block_1_37' title="bbox 199 1989 1776 2061">
    <p class='ocr_par' dir='ltr' id='par_1_37' title="bbox 199 1989 1776 2061">
     <span class='ocr_line' id='line_1_37' title="bbox 199 1989 1776 2061; baseline 0.005 -18"><span class='ocrx_word' id='word_1_272' title='bbox 199 1990 322 2043; x_wconf 72' lang='grc' dir='ltr'>ἀντὶ</span> <span class='ocrx_word' id='word_1_273' title='bbox 364 1990 496 2059; x_wconf 79' lang='grc' dir='ltr'>μιᾶς</span> <span class='ocrx_word' id='word_1_274' title='bbox 540 1989 752 2060; x_wconf 78' lang='grc' dir='ltr'>ἡμέρας</span> <span class='ocrx_word' id='word_1_275' title='bbox 800 1993 1157 2061; x_wconf 85' lang='grc' dir='ltr'>παροικεσίας</span> <span class='ocrx_word' id='word_1_276' title='bbox 1191 2011 1285 2047; x_wconf 79' lang='grc' dir='ltr'>σου</span> <span class='ocrx_word' id='word_1_277' title='bbox 1333 1994 1495 2049; x_wconf 87' lang='grc' dir='ltr'>διπλᾶ</span> <span class='ocrx_word' id='word_1_278' title='bbox 1539 1998 1776 2051; x_wconf 90' lang='grc' dir='ltr'>ἀνταπο-</span> 
     </span>
    </p>
   </div>
   <div class='ocr_carea' id='block_1_38' title="bbox 198 2080 1775 2161">
    <p class='ocr_par' dir='ltr' id='par_1_38' title="bbox 198 2080 1775 2161">
     <span class='ocr_line' id='line_1_38' title="bbox 198 2080 1775 2161; baseline 0.004 -28"><span class='ocrx_word' id='word_1_279' title='bbox 198 2080 357 2133; x_wconf 85' lang='grc' dir='ltr'>δώσω</span> <span class='ocrx_word' id='word_1_280' title='bbox 395 2097 496 2133; x_wconf 91' lang='grc' dir='ltr'>σοι.</span> <span class='ocrx_word' id='word_1_281' title='bbox 535 2100 553 2132; x_wconf 80' lang='grc' dir='ltr'>ι</span> <span class='ocrx_word' id='word_1_282' title='bbox 598 2082 685 2133; x_wconf 88' lang='grc' dir='ltr'>Ἐν</span> <span class='ocrx_word' id='word_1_283' title='bbox 716 2082 888 2135; x_wconf 78' lang='grc' dir='ltr'>ἅπασι</span> <span class='ocrx_word' id='word_1_284' title='bbox 923 2082 986 2154; x_wconf 85' lang='grc' dir='ltr'>δὴ</span> <span class='ocrx_word' id='word_1_285' title='bbox 1035 2084 1244 2147; x_wconf 77' lang='grc' dir='ltr'>τούτοις</span> <span class='ocrx_word' id='word_1_286' title='bbox 1280 2087 1512 2156; x_wconf 89' lang='grc' dir='ltr'>μάλιστα</span> <span class='ocrx_word' id='word_1_287' title='bbox 1545 2088 1613 2141; x_wconf 88' lang='grc' dir='ltr'><strong>τά</strong></span> <span class='ocrx_word' id='word_1_288' title='bbox 1648 2090 1775 2161; x_wconf 60' lang='grc' dir='ltr'><strong>περὶ⁵</strong></span> 
     </span>
    </p>
   </div>
   <div class='ocr_carea' id='block_1_39' title="bbox 199 2171 1777 2250">
    <p class='ocr_par' dir='ltr' id='par_1_39' title="bbox 199 2171 1777 2250">
     <span class='ocr_line' id='line_1_39' title="bbox 199 2171 1777 2250; baseline 0.004 -25"><span class='ocrx_word' id='word_1_289' title='bbox 199 2173 291 2225; x_wconf 82' lang='grc' dir='ltr'>τὸν</span> <span class='ocrx_word' id='word_1_290' title='bbox 324 2171 448 2240; x_wconf 88' lang='grc' dir='ltr'><strong>Γὼγ</strong></span> <span class='ocrx_word' id='word_1_291' title='bbox 472 2173 701 2242; x_wconf 77' lang='grc' dir='ltr'><strong>ἐσόμενα</strong></span> <span class='ocrx_word' id='word_1_292' title='bbox 729 2175 786 2225; x_wconf 81' lang='grc' dir='ltr'>ὲν</span> <span class='ocrx_word' id='word_1_293' title='bbox 808 2177 927 2237; x_wconf 90' lang='grc' dir='ltr'>ταῖς</span> <span class='ocrx_word' id='word_1_294' title='bbox 960 2175 1052 2227; x_wconf 77' lang='grc' dir='ltr'>τοῦ</span> <span class='ocrx_word' id='word_1_295' title='bbox 1080 2176 1383 2247; x_wconf 76' lang='grc' dir='ltr'><strong>Ζοροϐάϐελ</strong></span> <span class='ocrx_word' id='word_1_296' title='bbox 1412 2178 1645 2250; x_wconf 78' lang='grc' dir='ltr'>ἡμέραις</span> <span class='ocrx_word' id='word_1_297' title='bbox 1676 2198 1777 2250; x_wconf 88' lang='grc' dir='ltr'>μη-</span> 
     </span>
    </p>
   </div>
   <div class='ocr_carea' id='block_1_40' title="bbox 200 2263 1773 2335">
    <p class='ocr_par' dir='ltr' id='par_1_40' title="bbox 200 2263 1773 2335">
     <span class='ocr_line' id='line_1_40' title="bbox 200 2263 1773 2335; baseline 0.008 -20"><span class='ocrx_word' id='word_1_298' title='bbox 200 2263 316 2317; x_wconf 88' lang='grc' dir='ltr'>νύει</span> <span class='ocrx_word' id='word_1_299' title='bbox 346 2280 361 2295; x_wconf 71' lang='grc'><strong><em>⁸</em></strong></span> <span class='ocrx_word' id='word_1_300' title='bbox 394 2263 530 2335; x_wconf 84' lang='grc' dir='ltr'>πρὸς</span> <span class='ocrx_word' id='word_1_301' title='bbox 551 2263 610 2318; x_wconf 82' lang='grc' dir='ltr'><strong>δν</strong></span> <span class='ocrx_word' id='word_1_302' title='bbox 635 2264 781 2332; x_wconf 83' lang='grc' dir='ltr'>λέγει</span> <span class='ocrx_word' id='word_1_303' title='bbox 810 2267 890 2318; x_wconf 83' lang='grc' dir='ltr'><strong>ὅτι</strong></span> <span class='ocrx_word' id='word_1_304' title='bbox 918 2266 1145 2331; x_wconf 81' lang='grc' dir='ltr'>πολλοὺς</span> <span class='ocrx_word' id='word_1_305' title='bbox 1170 2269 1391 2330; x_wconf 86' lang='grc' dir='ltr'>ἀνελὼν.</span> <span class='ocrx_word' id='word_1_306' title='bbox 1424 2273 1517 2324; x_wconf 68' lang='grc' dir='ltr'><strong>καὶ</strong></span> <span class='ocrx_word' id='word_1_307' title='bbox 1564 2273 1773 2327; x_wconf 89' lang='grc' dir='ltr'>πολλῶν</span> 
     </span>
    </p>
   </div>
   <div class='ocr_carea' id='block_1_41' title="bbox 201 2356 1774 2434">
    <p class='ocr_par' dir='ltr' id='par_1_41' title="bbox 201 2356 1774 2434">
     <span class='ocr_line' id='line_1_41' title="bbox 201 2356 1774 2434; baseline 0.006 -25"><span class='ocrx_word' id='word_1_308' title='bbox 201 2356 413 2425; x_wconf 78' lang='grc' dir='ltr'><strong>αἵματα</strong></span> <span class='ocrx_word' id='word_1_309' title='bbox 468 2356 696 2425; x_wconf 83' lang='grc' dir='ltr'>ἐκχέας,</span> <span class='ocrx_word' id='word_1_310' title='bbox 747 2358 840 2410; x_wconf 78' lang='grc' dir='ltr'><strong>καὶ</strong></span> <span class='ocrx_word' id='word_1_311' title='bbox 895 2360 961 2427; x_wconf 78' lang='grc' dir='ltr'><strong>τῇ</strong></span> <span class='ocrx_word' id='word_1_312' title='bbox 1023 2357 1131 2411; x_wconf 85' lang='grc' dir='ltr'>τῶν</span> <span class='ocrx_word' id='word_1_313' title='bbox 1198 2360 1450 2415; x_wconf 80' lang='grc' dir='ltr'>ἐναντίων</span> <span class='ocrx_word' id='word_1_314' title='bbox 1501 2365 1774 2434; x_wconf 83' lang='grc' dir='ltr'><strong>ἀναιρέσει</strong></span> 
     </span>
    </p>
   </div>
   <div class='ocr_carea' id='block_1_42' title="bbox 200 2446 1803 2523">
    <p class='ocr_par' dir='ltr' id='par_1_42' title="bbox 200 2446 1803 2523">
     <span class='ocr_line' id='line_1_42' title="bbox 200 2446 1803 2523; baseline 0.006 -24"><span class='ocrx_word' id='word_1_315' title='bbox 200 2447 395 2518; x_wconf 83' lang='grc' dir='ltr'>ὥσπερ</span> <span class='ocrx_word' id='word_1_316' title='bbox 417 2447 527 2499; x_wconf 80' lang='grc' dir='ltr'>τισὶ</span> <span class='ocrx_word' id='word_1_317' title='bbox 556 2446 850 2517; x_wconf 82' lang='grc' dir='ltr'><strong>συνθήκαις</strong></span> <span class='ocrx_word' id='word_1_318' title='bbox 883 2448 1183 2517; x_wconf 75' lang='grc' dir='ltr'>βεϐαιώσας</span> <span class='ocrx_word' id='word_1_319' title='bbox 1208 2453 1382 2523; x_wconf 78' lang='grc' dir='ltr'>ἐαυτῷ</span> <span class='ocrx_word' id='word_1_320' title='bbox 1405 2454 1503 2523; x_wconf 81' lang='grc' dir='ltr'>τὴν</span> <span class='ocrx_word' id='word_1_321' title='bbox 1532 2454 1623 2507; x_wconf 77' lang='grc' dir='ltr'>τοῦ</span> <span class='ocrx_word' id='word_1_322' title='bbox 1646 2455 1773 2508; x_wconf 89' lang='grc' dir='ltr'><strong>λαοῦ</strong></span> <span class='ocrx_word' id='word_1_323' title='bbox 1798 2474 1803 2479; x_wconf 90' lang='grc'><strong>·</strong></span> 
     </span>
    </p>
   </div>
   <div class='ocr_carea' id='block_1_43' title="bbox 203 2535 1779 2615">
    <p class='ocr_par' dir='ltr' id='par_1_43' title="bbox 203 2535 1779 2615">
     <span class='ocr_line' id='line_1_43' title="bbox 203 2535 1779 2615; baseline 0.007 -27"><span class='ocrx_word' id='word_1_324' title='bbox 203 2535 516 2606; x_wconf 79' lang='grc' dir='ltr'>βασιλείαν,</span> <span class='ocrx_word' id='word_1_325' title='bbox 548 2536 844 2603; x_wconf 76' lang='grc' dir='ltr'><strong>ἀπαλλάξει</strong></span> <span class='ocrx_word' id='word_1_326' title='bbox 882 2536 981 2607; x_wconf 82' lang='grc' dir='ltr'>μὲν</span> <span class='ocrx_word' id='word_1_327' title='bbox 1033 2539 1276 2604; x_wconf 77' lang='grc' dir='ltr'>ἅπαντας</span> <span class='ocrx_word' id='word_1_328' title='bbox 1319 2543 1577 2596; x_wconf 75' lang='grc' dir='ltr'>κινδύνων</span> <span class='ocrx_word' id='word_1_329' title='bbox 1625 2547 1779 2615; x_wconf 89' lang='grc' dir='ltr'>μεγί-</span> 
     </span>
    </p>
   </div>
   <div class='ocr_carea' id='block_1_44' title="bbox 204 2622 1777 2709">
    <p class='ocr_par' dir='ltr' id='par_1_44' title="bbox 204 2622 1777 2709">
     <span class='ocr_line' id='line_1_44' title="bbox 204 2622 1777 2709; baseline 0.006 -29"><span class='ocrx_word' id='word_1_330' title='bbox 204 2646 371 2691; x_wconf 85' lang='grc' dir='ltr'>στων,</span> <span class='ocrx_word' id='word_1_331' title='bbox 399 2630 455 2681; x_wconf 85' lang='grc' dir='ltr'>ὲν</span> <span class='ocrx_word' id='word_1_332' title='bbox 488 2622 569 2692; x_wconf 78' lang='grc' dir='ltr'>οἷς</span> <span class='ocrx_word' id='word_1_333' title='bbox 610 2628 796 2701; x_wconf 85' lang='grc' dir='ltr'>ὥσπερ</span> <span class='ocrx_word' id='word_1_334' title='bbox 829 2633 885 2682; x_wconf 84' lang='grc' dir='ltr'>ὲν</span> <span class='ocrx_word' id='word_1_335' title='bbox 912 2630 1098 2701; x_wconf 86' lang='grc' dir='ltr'>λάκκῳ</span> <span class='ocrx_word' id='word_1_336' title='bbox 1149 2632 1251 2684; x_wconf 76' lang='grc' dir='ltr'>τινὶ</span> <span class='ocrx_word' id='word_1_337' title='bbox 1302 2633 1577 2702; x_wconf 85' lang='grc' dir='ltr'>διάγουσιν</span> <span class='ocrx_word' id='word_1_338' title='bbox 1635 2636 1777 2709; x_wconf 78' lang='grc' dir='ltr'>ὕδωρ</span> 
     </span>
    </p>
   </div>
   <div class='ocr_carea' id='block_1_45' title="bbox 200 2720 1781 2800">
    <p class='ocr_par' dir='ltr' id='par_1_45' title="bbox 200 2720 1781 2800">
     <span class='ocr_line' id='line_1_45' title="bbox 200 2720 1781 2800; baseline 0.006 -27"><span class='ocrx_word' id='word_1_339' title='bbox 200 2721 304 2773; x_wconf 83' lang='grc' dir='ltr'>ούκ</span> <span class='ocrx_word' id='word_1_340' title='bbox 343 2720 537 2790; x_wconf 73' lang='grc' dir='ltr'>ἔχοντι.</span> <span class='ocrx_word' id='word_1_341' title='bbox 578 2720 662 2772; x_wconf 80' lang='grc' dir='ltr'><strong>ἵνα</strong></span> <span class='ocrx_word' id='word_1_342' title='bbox 701 2723 848 2792; x_wconf 83' lang='grc' dir='ltr'>εῐπῃ,</span> <span class='ocrx_word' id='word_1_343' title='bbox 903 2721 1351 2794; x_wconf 84' lang='grc' dir='ltr'>ἀπαραμυθήτοις</span> <span class='ocrx_word' id='word_1_344' title='bbox 1394 2731 1583 2791; x_wconf 86' lang='grc' dir='ltr'>κακοῖς</span> <span class='ocrx_word' id='word_1_345' title='bbox 1609 2728 1781 2800; x_wconf 80' lang='grc' dir='ltr'>ψυχα-</span> 
     </span>
    </p>
   </div>
   <div class='ocr_carea' id='block_1_46' title="bbox 204 2810 1781 2883">
    <p class='ocr_par' dir='ltr' id='par_1_46' title="bbox 204 2810 1781 2883">
     <span class='ocr_line' id='line_1_46' title="bbox 204 2810 1781 2883; baseline 0.008 -22"><span class='ocrx_word' id='word_1_346' title='bbox 204 2810 418 2877; x_wconf 87' lang='grc' dir='ltr'>γωγίαν</span> <span class='ocrx_word' id='word_1_347' title='bbox 439 2810 653 2880; x_wconf 75' lang='grc' dir='ltr'>ἔχουσιν</span> <span class='ocrx_word' id='word_1_348' title='bbox 676 2811 928 2880; x_wconf 74' lang='grc' dir='ltr'>οὐδεμίαν</span> <span class='ocrx_word' id='word_1_349' title='bbox 949 2828 962 2843; x_wconf 92' lang='grc'><strong>·</strong></span> <span class='ocrx_word' id='word_1_350' title='bbox 999 2813 1304 2883; x_wconf 82' lang='grc' dir='ltr'>διαμενείτε</span> <span class='ocrx_word' id='word_1_351' title='bbox 1334 2816 1390 2869; x_wconf 80' lang='grc' dir='ltr'>δὲ</span> <span class='ocrx_word' id='word_1_352' title='bbox 1411 2818 1460 2869; x_wconf 86' lang='grc' dir='ltr'>οί</span> <span class='ocrx_word' id='word_1_353' title='bbox 1494 2818 1661 2872; x_wconf 89' lang='grc' dir='ltr'>πάλαι</span> <span class='ocrx_word' id='word_1_354' title='bbox 1697 2820 1781 2873; x_wconf 87' lang='grc' dir='ltr'>δέ-</span> 
     </span>
    </p>
   </div>
   <div class='ocr_carea' id='block_1_47' title="bbox 208 2900 1783 2982">
    <p class='ocr_par' dir='ltr' id='par_1_47' title="bbox 208 2900 1783 2982">
     <span class='ocr_line' id='line_1_47' title="bbox 208 2900 1783 2982; baseline 0.007 -29"><span class='ocrx_word' id='word_1_355' title='bbox 208 2917 360 2970; x_wconf 79' lang='grc' dir='ltr'>σμιοι</span> <span class='ocrx_word' id='word_1_356' title='bbox 391 2901 490 2970; x_wconf 86' lang='grc' dir='ltr'><strong>τῆς</strong></span> <span class='ocrx_word' id='word_1_357' title='bbox 516 2900 624 2953; x_wconf 83' lang='grc' dir='ltr'><strong>τῶν</strong></span> <span class='ocrx_word' id='word_1_358' title='bbox 656 2901 920 2954; x_wconf 85' lang='grc' dir='ltr'>Ἰουδαίων</span> <span class='ocrx_word' id='word_1_359' title='bbox 950 2906 1268 2975; x_wconf 83' lang='grc' dir='ltr'>συναγωγῆς</span> <span class='ocrx_word' id='word_1_360' title='bbox 1304 2907 1437 2977; x_wconf 83' lang='grc' dir='ltr'>μετά</span> <span class='ocrx_word' id='word_1_361' title='bbox 1466 2909 1662 2980; x_wconf 87' lang='grc' dir='ltr'>πολλῆς</span> <span class='ocrx_word' id='word_1_362' title='bbox 1684 2912 1783 2982; x_wconf 86' lang='grc' dir='ltr'><strong>τῆς</strong></span> 
     </span>
    </p>
   </div>
   <div class='ocr_carea' id='block_1_48' title="bbox 207 2988 1783 3069">
    <p class='ocr_par' dir='ltr' id='par_1_48' title="bbox 207 2988 1783 3069">
     <span class='ocr_line' id='line_1_48' title="bbox 207 2988 1783 3069; baseline 0.008 -28"><span class='ocrx_word' id='word_1_363' title='bbox 207 2988 512 3056; x_wconf 84' lang='grc' dir='ltr'>ἀσφαλείας</span> <span class='ocrx_word' id='word_1_364' title='bbox 542 2990 816 3057; x_wconf 85' lang='grc' dir='ltr'>διάγοντες</span> <span class='ocrx_word' id='word_1_365' title='bbox 854 2993 913 3044; x_wconf 82' lang='grc' dir='ltr'>ὲν</span> <span class='ocrx_word' id='word_1_366' title='bbox 942 2995 1053 3057; x_wconf 81' lang='grc' dir='ltr'>τοῖς</span> <span class='ocrx_word' id='word_1_367' title='bbox 1087 2995 1306 3059; x_wconf 79' lang='grc' dir='ltr'>οἰκείοις</span> <span class='ocrx_word' id='word_1_368' title='bbox 1335 3000 1400 3069; x_wconf 77' lang='grc' dir='ltr'>τῇ</span> <span class='ocrx_word' id='word_1_369' title='bbox 1442 3000 1783 3069; x_wconf 84' lang='grc' dir='ltr'>προεστῶτος</span> 
     </span>
    </p>
   </div>
   <div class='ocr_carea' id='block_1_49' title="bbox 1872 1912 3442 1983">
    <p class='ocr_par' dir='ltr' id='par_1_49' title="bbox 1872 1912 3442 1983">
     <span class='ocr_line' id='line_1_49' title="bbox 1872 1912 3442 1983; baseline -0.001 -17"><span class='ocrx_word' id='word_1_370' title='bbox 1872 1920 2003 1973; x_wconf 71' lang='lat' dir='ltr'><strong>tuae.</strong></span> <span class='ocrx_word' id='word_1_371' title='bbox 2041 1915 2278 1983; x_wconf 81' lang='lat' dir='ltr'><strong>duplicia</strong></span> <span class='ocrx_word' id='word_1_372' title='bbox 2312 1914 2407 1968; x_wconf 90' lang='lat' dir='ltr'><strong>tibi</strong></span> <span class='ocrx_word' id='word_1_373' title='bbox 2444 1914 2757 1968; x_wconf 81' lang='lat' dir='ltr'><strong>retribuam.</strong></span> <span class='ocrx_word' id='word_1_374' title='bbox 2781 1932 2799 1965; x_wconf 84' lang='grc' dir='ltr'><strong>ι</strong></span> <span class='ocrx_word' id='word_1_375' title='bbox 2851 1915 2909 1967; x_wconf 83' lang='lat' dir='ltr'><strong>in</strong></span> <span class='ocrx_word' id='word_1_376' title='bbox 2952 1913 3038 1968; x_wconf 89' lang='lat' dir='ltr'><strong>his</strong></span> <span class='ocrx_word' id='word_1_377' title='bbox 3067 1912 3321 1967; x_wconf 91' lang='lat' dir='ltr'><strong>omnibus</strong></span> <span class='ocrx_word' id='word_1_378' title='bbox 3355 1926 3442 1964; x_wconf 90' lang='lat' dir='ltr'><strong>res</strong></span> 
     </span>
    </p>
   </div>
   <div class='ocr_carea' id='block_1_50' title="bbox 1871 2001 3440 2075">
    <p class='ocr_par' dir='ltr' id='par_1_50' title="bbox 1871 2001 3440 2075">
     <span class='ocr_line' id='line_1_50' title="bbox 1871 2001 3440 2075; baseline -0.003 -18"><span class='ocrx_word' id='word_1_379' title='bbox 1871 2007 2140 2075; x_wconf 58' lang='lat' dir='ltr'><strong>praecipue</strong></span> <span class='ocrx_word' id='word_1_380' title='bbox 2156 2005 2290 2075; x_wconf 87' lang='lat' dir='ltr'><strong>Gogi</strong></span> <span class='ocrx_word' id='word_1_381' title='bbox 2320 2005 2531 2060; x_wconf 89' lang='lat' dir='ltr'><strong>futuras</strong></span> <span class='ocrx_word' id='word_1_382' title='bbox 2547 2004 2896 2060; x_wconf 88' lang='lat' dir='ltr'><strong>Zorobabelis</strong></span> <span class='ocrx_word' id='word_1_383' title='bbox 2920 2012 3079 2059; x_wconf 62' lang='lat' dir='ltr'><strong>aetate</strong></span> <span class='ocrx_word' id='word_1_384' title='bbox 3112 2003 3324 2058; x_wconf 89' lang='lat' dir='ltr'><strong>innuit:</strong></span> <span class='ocrx_word' id='word_1_385' title='bbox 3354 2001 3440 2055; x_wconf 88' lang='lat' dir='ltr'><strong>cui</strong></span> 
     </span>
    </p>
   </div>
   <div class='ocr_carea' id='block_1_51' title="bbox 1873 2093 3441 2162">
    <p class='ocr_par' dir='ltr' id='par_1_51' title="bbox 1873 2093 3441 2162">
     <span class='ocr_line' id='line_1_51' title="bbox 1873 2093 3441 2162; baseline -0.005 -13"><span class='ocrx_word' id='word_1_386' title='bbox 1873 2096 2008 2149; x_wconf 87' lang='lat' dir='ltr'><strong>dicit</strong></span> <span class='ocrx_word' id='word_1_387' title='bbox 2037 2095 2152 2150; x_wconf 90' lang='lat' dir='ltr'><strong>fore</strong></span> <span class='ocrx_word' id='word_1_388' title='bbox 2180 2103 2257 2160; x_wconf 94' lang='grc' dir='ltr'>ιιι,</span> <span class='ocrx_word' id='word_1_389' title='bbox 2289 2095 2478 2149; x_wconf 90' lang='lat' dir='ltr'><strong>multis</strong></span> <span class='ocrx_word' id='word_1_390' title='bbox 2527 2095 2866 2162; x_wconf 87' lang='lat' dir='ltr'><strong>interemptis</strong></span> <span class='ocrx_word' id='word_1_391' title='bbox 2902 2102 2955 2146; x_wconf 89' lang='lat' dir='ltr'><strong>et</strong></span> <span class='ocrx_word' id='word_1_392' title='bbox 2988 2093 3283 2146; x_wconf 82' lang='lat' dir='ltr'><strong>multorum</strong></span> <span class='ocrx_word' id='word_1_393' title='bbox 3313 2103 3441 2143; x_wconf 85' lang='lat' dir='ltr'><strong>san-</strong></span> 
     </span>
    </p>
   </div>
   <div class='ocr_carea' id='block_1_52' title="bbox 1875 2177 3443 2255">
    <p class='ocr_par' dir='ltr' id='par_1_52' title="bbox 1875 2177 3443 2255">
     <span class='ocr_line' id='line_1_52' title="bbox 1875 2177 3443 2255; baseline -0.006 -16"><span class='ocrx_word' id='word_1_394' title='bbox 1875 2185 2035 2255; x_wconf 86' lang='lat' dir='ltr'><strong>guine</strong></span> <span class='ocrx_word' id='word_1_395' title='bbox 2067 2183 2257 2249; x_wconf 80' lang='lat' dir='ltr'><strong>effuso,</strong></span> <span class='ocrx_word' id='word_1_396' title='bbox 2292 2195 2345 2238; x_wconf 87' lang='lat' dir='ltr'><strong>et</strong></span> <span class='ocrx_word' id='word_1_397' title='bbox 2376 2183 2813 2238; x_wconf 86' lang='lat' dir='ltr'><strong>adversariorum</strong></span> <span class='ocrx_word' id='word_1_398' title='bbox 2851 2181 3021 2242; x_wconf 61' lang='lat' dir='ltr'><strong>crede,</strong></span> <span class='ocrx_word' id='word_1_399' title='bbox 3050 2179 3208 2249; x_wconf 88' lang='lat' dir='ltr'><strong>quasi</strong></span> <span class='ocrx_word' id='word_1_400' title='bbox 3240 2177 3443 2232; x_wconf 68' lang='lat' dir='ltr'><strong>foedere</strong></span> 
     </span>
    </p>
   </div>
   <div class='ocr_carea' id='block_1_53' title="bbox 1875 2270 3446 2346">
    <p class='ocr_par' dir='ltr' id='par_1_53' title="bbox 1875 2270 3446 2346">
     <span class='ocr_line' id='line_1_53' title="bbox 1875 2270 3446 2346; baseline -0.005 -16"><span class='ocrx_word' id='word_1_401' title='bbox 1875 2276 2132 2346; x_wconf 82' lang='lat' dir='ltr'><strong>quodam,</strong></span> <span class='ocrx_word' id='word_1_402' title='bbox 2167 2275 2348 2344; x_wconf 87' lang='lat' dir='ltr'><strong>populi</strong></span> <span class='ocrx_word' id='word_1_403' title='bbox 2375 2275 2476 2329; x_wconf 90' lang='lat' dir='ltr'><strong>sibi</strong></span> <span class='ocrx_word' id='word_1_404' title='bbox 2507 2290 2671 2344; x_wconf 87' lang='lat' dir='ltr'><strong>regno</strong></span> <span class='ocrx_word' id='word_1_405' title='bbox 2698 2280 2932 2335; x_wconf 90' lang='lat' dir='ltr'><strong>asserto,</strong></span> <span class='ocrx_word' id='word_1_406' title='bbox 2954 2270 3092 2337; x_wconf 88' lang='lat' dir='ltr'><strong>fore,</strong></span> <span class='ocrx_word' id='word_1_407' title='bbox 3122 2270 3363 2339; x_wconf 68' lang='lat' dir='ltr'><strong>inquam,</strong></span> <span class='ocrx_word' id='word_1_408' title='bbox 3387 2276 3446 2322; x_wconf 91' lang='lat' dir='ltr'><strong>ut</strong></span> 
     </span>
    </p>
   </div>
   <div class='ocr_carea' id='block_1_54' title="bbox 1875 2352 3446 2435">
    <p class='ocr_par' dir='ltr' id='par_1_54' title="bbox 1875 2352 3446 2435">
     <span class='ocr_line' id='line_1_54' title="bbox 1875 2352 3446 2435; baseline -0.007 -12"><span class='ocrx_word' id='word_1_409' title='bbox 1875 2384 2065 2424; x_wconf 92' lang='lat' dir='ltr'><strong>omnes</strong></span> <span class='ocrx_word' id='word_1_410' title='bbox 2093 2367 2344 2421; x_wconf 77' lang='lat' dir='ltr'><strong>maximis</strong></span> <span class='ocrx_word' id='word_1_411' title='bbox 2390 2366 2646 2435; x_wconf 88' lang='lat' dir='ltr'><strong>periculis</strong></span> <span class='ocrx_word' id='word_1_412' title='bbox 2690 2352 2965 2433; x_wconf 80' lang='lat' dir='ltr'><strong>expediat,</strong></span> <span class='ocrx_word' id='word_1_413' title='bbox 3001 2362 3058 2416; x_wconf 89' lang='lat' dir='ltr'><strong>in</strong></span> <span class='ocrx_word' id='word_1_414' title='bbox 3086 2360 3287 2431; x_wconf 88' lang='lat' dir='ltr'><strong>quibus</strong></span> <span class='ocrx_word' id='word_1_415' title='bbox 3324 2365 3446 2412; x_wconf 86' lang='lat' dir='ltr'><strong>tan-</strong></span> 
     </span>
    </p>
   </div>
   <div class='ocr_carea' id='block_1_55' title="bbox 1876 2449 3445 2531">
    <p class='ocr_par' dir='ltr' id='par_1_55' title="bbox 1876 2449 3445 2531">
     <span class='ocr_line' id='line_1_55' title="bbox 1876 2449 3445 2531; baseline -0.008 -18"><span class='ocrx_word' id='word_1_416' title='bbox 1876 2478 2037 2531; x_wconf 84' lang='lat' dir='ltr'><strong>quam</strong></span> <span class='ocrx_word' id='word_1_417' title='bbox 2064 2461 2183 2513; x_wconf 89' lang='lat' dir='ltr'><strong>lacu</strong></span> <span class='ocrx_word' id='word_1_418' title='bbox 2217 2459 2451 2528; x_wconf 83' lang='lat' dir='ltr'><strong>quodam</strong></span> <span class='ocrx_word' id='word_1_419' title='bbox 2481 2457 2639 2526; x_wconf 90' lang='lat' dir='ltr'><strong>aquis</strong></span> <span class='ocrx_word' id='word_1_420' title='bbox 2668 2462 2891 2511; x_wconf 90' lang='lat' dir='ltr'><strong>carente</strong></span> <span class='ocrx_word' id='word_1_421' title='bbox 2919 2453 3144 2523; x_wconf 83' lang='lat' dir='ltr'><strong>degunt,</strong></span> <span class='ocrx_word' id='word_1_422' title='bbox 3182 2450 3235 2506; x_wconf 89' lang='lat' dir='ltr'><strong>id</strong></span> <span class='ocrx_word' id='word_1_423' title='bbox 3271 2457 3357 2505; x_wconf 88' lang='lat' dir='ltr'><strong>est</strong></span> <span class='ocrx_word' id='word_1_424' title='bbox 3386 2449 3445 2502; x_wconf 92' lang='lat' dir='ltr'><strong>in</strong></span> 
     </span>
    </p>
   </div>
   <div class='ocr_carea' id='block_1_56' title="bbox 1881 2541 3449 2605">
    <p class='ocr_par' dir='ltr' id='par_1_56' title="bbox 1881 2541 3449 2605">
     <span class='ocr_line' id='line_1_56' title="bbox 1881 2541 3449 2605; baseline -0.006 -1"><span class='ocrx_word' id='word_1_425' title='bbox 1881 2553 2040 2605; x_wconf 89' lang='lat' dir='ltr'><strong>malis</strong></span> <span class='ocrx_word' id='word_1_426' title='bbox 2064 2550 2258 2604; x_wconf 86' lang='lat' dir='ltr'><strong>solatio</strong></span> <span class='ocrx_word' id='word_1_427' title='bbox 2283 2549 2429 2603; x_wconf 91' lang='lat' dir='ltr'><strong>omni</strong></span> <span class='ocrx_word' id='word_1_428' title='bbox 2454 2556 2507 2602; x_wconf 86' lang='lat' dir='ltr'><strong>et</strong></span> <span class='ocrx_word' id='word_1_429' title='bbox 2535 2547 2873 2601; x_wconf 87' lang='lat' dir='ltr'><strong>recreatione</strong></span> <span class='ocrx_word' id='word_1_430' title='bbox 2895 2544 3229 2599; x_wconf 89' lang='lat' dir='ltr'><strong>carentibns.</strong></span> <span class='ocrx_word' id='word_1_431' title='bbox 3258 2541 3449 2596; x_wconf 89' lang='lat' dir='ltr'><strong>Perse-</strong></span> 
     </span>
    </p>
   </div>
   <div class='ocr_carea' id='block_1_57' title="bbox 1881 2632 3447 2708">
    <p class='ocr_par' dir='ltr' id='par_1_57' title="bbox 1881 2632 3447 2708">
     <span class='ocr_line' id='line_1_57' title="bbox 1881 2632 3447 2708; baseline -0.007 -14"><span class='ocrx_word' id='word_1_432' title='bbox 1881 2640 2141 2694; x_wconf 88' lang='lat' dir='ltr'><strong>verabitis</strong></span> <span class='ocrx_word' id='word_1_433' title='bbox 2166 2649 2347 2693; x_wconf 89' lang='lat' dir='ltr'><strong>autem</strong></span> <span class='ocrx_word' id='word_1_434' title='bbox 2380 2638 2473 2708; x_wconf 87' lang='lat' dir='ltr'><strong>qui</strong></span> <span class='ocrx_word' id='word_1_435' title='bbox 2502 2638 2630 2692; x_wconf 91' lang='lat' dir='ltr'><strong>olim</strong></span> <span class='ocrx_word' id='word_1_436' title='bbox 2658 2635 3014 2691; x_wconf 70' lang='lat' dir='ltr'><strong>eratisJuda-i</strong></span> <span class='ocrx_word' id='word_1_437' title='bbox 3039 2633 3261 2704; x_wconf 85' lang='lat' dir='ltr'><strong>captivi,</strong></span> <span class='ocrx_word' id='word_1_438' title='bbox 3282 2632 3447 2685; x_wconf 80' lang='lat' dir='ltr'><strong>multa</strong></span> 
     </span>
    </p>
   </div>
   <div class='ocr_carea' id='block_1_58' title="bbox 1881 2721 3445 2799">
    <p class='ocr_par' dir='ltr' id='par_1_58' title="bbox 1881 2721 3445 2799">
     <span class='ocr_line' id='line_1_58' title="bbox 1881 2721 3445 2799; baseline -0.006 -15"><span class='ocrx_word' id='word_1_439' title='bbox 1881 2746 2003 2785; x_wconf 87' lang='lat' dir='ltr'><strong>cum</strong></span> <span class='ocrx_word' id='word_1_440' title='bbox 2040 2730 2336 2784; x_wconf 87' lang='lat' dir='ltr'><strong>securitate</strong></span> <span class='ocrx_word' id='word_1_441' title='bbox 2364 2730 2415 2782; x_wconf 92' lang='lat' dir='ltr'><strong>in</strong></span> <span class='ocrx_word' id='word_1_442' title='bbox 2446 2730 2621 2799; x_wconf 90' lang='lat' dir='ltr'><strong>patria</strong></span> <span class='ocrx_word' id='word_1_443' title='bbox 2653 2729 2755 2783; x_wconf 87' lang='lat' dir='ltr'><strong>sub</strong></span> <span class='ocrx_word' id='word_1_444' title='bbox 2788 2725 3035 2797; x_wconf 63' lang='lat' dir='ltr'><strong>praesidis</strong></span> <span class='ocrx_word' id='word_1_445' title='bbox 3063 2726 3229 2780; x_wconf 83' lang='lat' dir='ltr'><strong>vestri</strong></span> <span class='ocrx_word' id='word_1_446' title='bbox 3257 2721 3445 2777; x_wconf 88' lang='lat' dir='ltr'><strong>tutela.</strong></span> 
     </span>
    </p>
   </div>
   <div class='ocr_carea' id='block_1_59' title="bbox 1883 2819 3450 2893">
    <p class='ocr_par' dir='ltr' id='par_1_59' title="bbox 1883 2819 3450 2893">
     <span class='ocr_line' id='line_1_59' title="bbox 1883 2819 3450 2893; baseline -0.006 -16"><span class='ocrx_word' id='word_1_447' title='bbox 1883 2823 2063 2889; x_wconf 88' lang='lat' dir='ltr'><strong>Quare</strong></span> <span class='ocrx_word' id='word_1_448' title='bbox 2095 2838 2192 2893; x_wconf 92' lang='lat' dir='ltr'><strong>pro</strong></span> <span class='ocrx_word' id='word_1_449' title='bbox 2225 2823 2292 2877; x_wconf 92' lang='lat' dir='ltr'><strong>iis</strong></span> <span class='ocrx_word' id='word_1_450' title='bbox 2324 2836 2445 2891; x_wconf 66' lang='lat' dir='ltr'><strong>qua:</strong></span> <span class='ocrx_word' id='word_1_451' title='bbox 2478 2821 2622 2886; x_wconf 89' lang='lat' dir='ltr'><strong>passi</strong></span> <span class='ocrx_word' id='word_1_452' title='bbox 2656 2820 2792 2875; x_wconf 88' lang='lat' dir='ltr'><strong>estis</strong></span> <span class='ocrx_word' id='word_1_453' title='bbox 2821 2819 3155 2889; x_wconf 83' lang='lat' dir='ltr'><strong>captivitatis</strong></span> <span class='ocrx_word' id='word_1_454' title='bbox 3187 2827 3450 2885; x_wconf 86' lang='lat' dir='ltr'><strong>tempore.</strong></span> 
     </span>
    </p>
   </div>
   <div class='ocr_carea' id='block_1_60' title="bbox 1884 2908 3452 2982">
    <p class='ocr_par' dir='ltr' id='par_1_60' title="bbox 1884 2908 3452 2982">
     <span class='ocr_line' id='line_1_60' title="bbox 1884 2908 3452 2982; baseline -0.004 -15"><span class='ocrx_word' id='word_1_455' title='bbox 1884 2914 2056 2967; x_wconf 88' lang='lat' dir='ltr'><strong>multo</strong></span> <span class='ocrx_word' id='word_1_456' title='bbox 2091 2912 2266 2981; x_wconf 86' lang='lat' dir='ltr'><strong>major</strong></span> <span class='ocrx_word' id='word_1_457' title='bbox 2297 2912 2452 2967; x_wconf 88' lang='lat' dir='ltr'><strong>vobis</strong></span> <span class='ocrx_word' id='word_1_458' title='bbox 2479 2912 2830 2982; x_wconf 86' lang='lat' dir='ltr'><strong>praesentium</strong></span> <span class='ocrx_word' id='word_1_459' title='bbox 2863 2909 3133 2965; x_wconf 90' lang='lat' dir='ltr'><strong>bonorum</strong></span> <span class='ocrx_word' id='word_1_460' title='bbox 3176 2908 3331 2977; x_wconf 91' lang='lat' dir='ltr'><strong>copia</strong></span> <span class='ocrx_word' id='word_1_461' title='bbox 3369 2920 3452 2961; x_wconf 86' lang='lat' dir='ltr'><strong>re-</strong></span> 
     </span>
    </p>
   </div>
   <div class='ocr_carea' id='block_1_61' title="bbox 1885 3005 2175 3059">
    <p class='ocr_par' dir='ltr' id='par_1_61' title="bbox 1885 3005 2175 3059">
     <span class='ocr_line' id='line_1_61' title="bbox 1885 3005 2175 3059; baseline 0 -2"><span class='ocrx_word' id='word_1_462' title='bbox 1885 3005 2175 3059; x_wconf 86' lang='lat' dir='ltr'><strong>tribuetur.</strong></span> 
     </span>
    </p>
   </div>
   <div class='ocr_carea' id='block_1_62' title="bbox 208 3078 3452 3168">
    <p class='ocr_par' dir='ltr' id='par_1_62' title="bbox 208 3078 3452 3168">
     <span class='ocr_line' id='line_1_62' title="bbox 208 3078 3452 3168; baseline 0.002 -35"><span class='ocrx_word' id='word_1_463' title='bbox 208 3080 366 3151; x_wconf 82' lang='grc' dir='ltr'><strong>ὑμῶν</strong></span> <span class='ocrx_word' id='word_1_464' title='bbox 413 3081 708 3152; x_wconf 74' lang='grc' dir='ltr'>ἀσφαλείαο</span> <span class='ocrx_word' id='word_1_465' title='bbox 762 3082 903 3137; x_wconf 84' lang='grc' dir='ltr'>ὥστε</span> <span class='ocrx_word' id='word_1_466' title='bbox 941 3083 1057 3137; x_wconf 85' lang='grc' dir='ltr'>ἀνθ’</span> <span class='ocrx_word' id='word_1_467' title='bbox 1093 3078 1167 3139; x_wconf 85' lang='grc' dir='ltr'>ὧν</span> <span class='ocrx_word' id='word_1_468' title='bbox 1201 3089 1501 3143; x_wconf 75' lang='grc' dir='ltr'>πεπόνθατε</span> <span class='ocrx_word' id='word_1_469' title='bbox 1527 3130 1542 3153; x_wconf 88' lang='grc'><strong>,</strong></span> <span class='ocrx_word' id='word_1_470' title='bbox 1593 3094 1828 3162; x_wconf 78' lang='grc' dir='ltr'><strong>ὁπηνίκα</strong></span> <span class='ocrx_word' id='word_1_471' title='bbox 1860 3097 1917 3148; x_wconf 81' lang='grc' dir='ltr'><strong>ἐν</strong></span> <span class='ocrx_word' id='word_1_472' title='bbox 1955 3096 2351 3167; x_wconf 81' lang='grc' dir='ltr'>αἰχμαλωσίαις</span> <span class='ocrx_word' id='word_1_473' title='bbox 2380 3092 2477 3168; x_wconf 77' lang='grc' dir='ltr'><strong>ἦτε</strong></span> <span class='ocrx_word' id='word_1_474' title='bbox 2509 3095 2819 3165; x_wconf 79' lang='grc' dir='ltr'>διάγοντες,</span> <span class='ocrx_word' id='word_1_475' title='bbox 2877 3090 3099 3164; x_wconf 73' lang='grc' dir='ltr'>μείζονά</span> <span class='ocrx_word' id='word_1_476' title='bbox 3150 3107 3240 3143; x_wconf 89' lang='grc' dir='ltr'>σου</span> <span class='ocrx_word' id='word_1_477' title='bbox 3276 3088 3452 3162; x_wconf 87' lang='grc' dir='ltr'>πολλῷ</span> 
     </span>
    </p>
   </div>
   <div class='ocr_carea' id='block_1_63' title="bbox 209 3174 1604 3253">
    <p class='ocr_par' dir='ltr' id='par_1_63' title="bbox 209 3174 1604 3253">
     <span class='ocr_line' id='line_1_63' title="bbox 209 3174 1604 3253; baseline 0.009 -26"><span class='ocrx_word' id='word_1_478' title='bbox 209 3174 324 3228; x_wconf 89' lang='grc' dir='ltr'>τῶν</span> <span class='ocrx_word' id='word_1_479' title='bbox 352 3177 632 3247; x_wconf 77' lang='grc' dir='ltr'>παρόντων</span> <span class='ocrx_word' id='word_1_480' title='bbox 666 3177 883 3247; x_wconf 86' lang='grc' dir='ltr'>ἀγαθῶν</span> <span class='ocrx_word' id='word_1_481' title='bbox 920 3179 1170 3248; x_wconf 80' lang='grc' dir='ltr'>γενέσθαι</span> <span class='ocrx_word' id='word_1_482' title='bbox 1198 3183 1297 3253; x_wconf 87' lang='grc' dir='ltr'>τὴν</span> <span class='ocrx_word' id='word_1_483' title='bbox 1324 3184 1604 3241; x_wconf 80' lang='grc' dir='ltr'>ἀντίδοσιν.</span> 
     </span>
    </p>
   </div>
   <div class='ocr_carea' id='block_1_64' title="bbox 286 3266 1781 3350">
    <p class='ocr_par' dir='ltr' id='par_1_64' title="bbox 286 3266 1781 3345">
     <span class='ocr_line' id='line_1_64' title="bbox 286 3266 1781 3345; baseline 0.01 -25"><span class='ocrx_word' id='word_1_484' title='bbox 286 3268 433 3338; x_wconf 87' lang='grc' dir='ltr'>Στίχ.</span> <span class='ocrx_word' id='word_1_485' title='bbox 485 3270 673 3339; x_wconf 75' lang='grc' dir='ltr'><strong>ιγ’-ιζ’.</strong></span> <span class='ocrx_word' id='word_1_486' title='bbox 697 3298 768 3311; x_wconf 89' lang='lat'><strong>-</strong></span> <span class='ocrx_word' id='word_1_487' title='bbox 810 3266 943 3326; x_wconf 80' lang='grc' dir='ltr'>Εἶτα</span> <span class='ocrx_word' id='word_1_488' title='bbox 998 3274 1302 3337; x_wconf 81' lang='grc' dir='ltr'>ἀκολούθως</span> <span class='ocrx_word' id='word_1_489' title='bbox 1351 3278 1544 3345; x_wconf 83' lang='grc' dir='ltr'>ἐπάγει</span> <span class='ocrx_word' id='word_1_490' title='bbox 1575 3294 1588 3308; x_wconf 89' lang='grc'><strong>·</strong></span> <span class='ocrx_word' id='word_1_491' title='bbox 1626 3298 1645 3332; x_wconf 75' lang='grc' dir='ltr'><strong>ι</strong></span> <span class='ocrx_word' id='word_1_492' title='bbox 1681 3280 1781 3336; x_wconf 84' lang='grc' dir='ltr'>Διά</span> 
     </span>
    </p>
   </div>
   <div class='ocr_carea' id='block_1_65' title="bbox 1883 3266 3457 3350">
    <p class='ocr_par' dir='ltr' id='par_1_65' title="bbox 1953 3267 3457 3350">
     <span class='ocr_line' id='line_1_65' title="bbox 1953 3267 3457 3350; baseline -0.013 -14"><span class='ocrx_word' id='word_1_493' title='bbox 1953 3279 2115 3350; x_wconf 76' lang='lat'><strong>336</strong></span> <span class='ocrx_word' id='word_1_494' title='bbox 2143 3277 2303 3332; x_wconf 72' lang='lat' dir='ltr'><strong>Vens.</strong></span> <span class='ocrx_word' id='word_1_495' title='bbox 2330 3275 2513 3330; x_wconf 77' lang='lat' dir='ltr'><strong>l5-l&#39;7.</strong></span> <span class='ocrx_word' id='word_1_496' title='bbox 2545 3272 2825 3328; x_wconf 89' lang='lat' dir='ltr'><strong>—Postea</strong></span> <span class='ocrx_word' id='word_1_497' title='bbox 2860 3269 3209 3341; x_wconf 84' lang='lat' dir='ltr'><strong>prosequitur</strong></span> <span class='ocrx_word' id='word_1_498' title='bbox 3236 3288 3248 3323; x_wconf 90' lang='lat'>:</span> <span class='ocrx_word' id='word_1_499' title='bbox 3275 3286 3293 3319; x_wconf 84' lang='grc' dir='ltr'><strong>ι</strong></span> <span class='ocrx_word' id='word_1_500' title='bbox 3322 3267 3457 3323; x_wconf 75' lang='lat' dir='ltr'><strong>Pro-</strong></span> 
     </span>
    </p>
   </div>
   <div class='ocr_carea' id='block_1_66' title="bbox 210 3360 1788 3442">
    <p class='ocr_par' dir='ltr' id='par_1_66' title="bbox 210 3360 1788 3442">
     <span class='ocr_line' id='line_1_66' title="bbox 210 3360 1788 3442; baseline 0.008 -30"><span class='ocrx_word' id='word_1_501' title='bbox 210 3360 373 3413; x_wconf 76' lang='grc' dir='ltr'>τοῦτο</span> <span class='ocrx_word' id='word_1_502' title='bbox 408 3361 643 3416; x_wconf 85' lang='grc' dir='ltr'>ὲνέτεινά</span> <span class='ocrx_word' id='word_1_503' title='bbox 674 3379 734 3415; x_wconf 89' lang='grc' dir='ltr'><strong>σε</strong></span> <span class='ocrx_word' id='word_1_504' title='bbox 763 3363 1001 3435; x_wconf 77' lang='grc' dir='ltr'>ἐμαυτῷ,</span> <span class='ocrx_word' id='word_1_505' title='bbox 1029 3365 1219 3432; x_wconf 82' lang='grc' dir='ltr'>Ἰούδα,</span> <span class='ocrx_word' id='word_1_506' title='bbox 1253 3366 1329 3430; x_wconf 85' lang='grc' dir='ltr'><strong>ὡς</strong></span> <span class='ocrx_word' id='word_1_507' title='bbox 1370 3366 1539 3432; x_wconf 79' lang='grc' dir='ltr'>τόξον,</span> <span class='ocrx_word' id='word_1_508' title='bbox 1577 3370 1788 3442; x_wconf 79' lang='grc' dir='ltr'>ἕπλησα</span> 
     </span>
    </p>
   </div>
   <div class='ocr_carea' id='block_1_67' title="bbox 212 3451 1790 3527">
    <p class='ocr_par' dir='ltr' id='par_1_67' title="bbox 212 3451 1790 3527">
     <span class='ocr_line' id='line_1_67' title="bbox 212 3451 1790 3527; baseline 0.006 -22"><span class='ocrx_word' id='word_1_509' title='bbox 212 3451 297 3519; x_wconf 82' lang='grc' dir='ltr'>τῷ</span> <span class='ocrx_word' id='word_1_510' title='bbox 350 3452 619 3523; x_wconf 79' lang='grc' dir='ltr'><strong>Ἑφραῒμο</strong></span> <span class='ocrx_word' id='word_1_511' title='bbox 668 3454 761 3507; x_wconf 78' lang='grc' dir='ltr'>καὶ</span> <span class='ocrx_word' id='word_1_512' title='bbox 812 3453 1048 3527; x_wconf 79' lang='grc' dir='ltr'>ὲξεγερῶ</span> <span class='ocrx_word' id='word_1_513' title='bbox 1078 3457 1145 3510; x_wconf 89' lang='grc' dir='ltr'><strong>τά</strong></span> <span class='ocrx_word' id='word_1_514' title='bbox 1191 3458 1357 3511; x_wconf 89' lang='grc' dir='ltr'>τέκνα</span> <span class='ocrx_word' id='word_1_515' title='bbox 1408 3458 1544 3512; x_wconf 86' lang='grc' dir='ltr'>Σιὼν</span> <span class='ocrx_word' id='word_1_516' title='bbox 1586 3462 1677 3514; x_wconf 78' lang='grc' dir='ltr'><strong>ἐπὶ</strong></span> <span class='ocrx_word' id='word_1_517' title='bbox 1721 3463 1790 3517; x_wconf 85' lang='grc' dir='ltr'>τὰ</span> 
     </span>
    </p>
   </div>
   <div class='ocr_carea' id='block_1_68' title="bbox 216 3543 1787 3622">
    <p class='ocr_par' dir='ltr' id='par_1_68' title="bbox 216 3543 1787 3622">
     <span class='ocr_line' id='line_1_68' title="bbox 216 3543 1787 3622; baseline 0.006 -27"><span class='ocrx_word' id='word_1_518' title='bbox 216 3543 384 3595; x_wconf 81' lang='grc' dir='ltr'>τέκνα</span> <span class='ocrx_word' id='word_1_519' title='bbox 416 3543 521 3595; x_wconf 88' lang='grc' dir='ltr'>τῶν</span> <span class='ocrx_word' id='word_1_520' title='bbox 585 3544 883 3613; x_wconf 82' lang='grc' dir='ltr'>Ἑλλήνων,</span> <span class='ocrx_word' id='word_1_521' title='bbox 919 3548 1011 3599; x_wconf 73' lang='grc' dir='ltr'><strong>καὶ</strong></span> <span class='ocrx_word' id='word_1_522' title='bbox 1063 3546 1369 3619; x_wconf 78' lang='grc' dir='ltr'>ψηλαφήσω</span> <span class='ocrx_word' id='word_1_523' title='bbox 1414 3567 1471 3602; x_wconf 92' lang='grc' dir='ltr'>σε</span> <span class='ocrx_word' id='word_1_524' title='bbox 1522 3550 1596 3615; x_wconf 89' lang='grc' dir='ltr'><strong>ώς</strong></span> <span class='ocrx_word' id='word_1_525' title='bbox 1653 3555 1787 3622; x_wconf 80' lang='grc' dir='ltr'><strong>ῥομ-</strong></span> 
     </span>
    </p>
   </div>
   <div class='ocr_carea' id='block_1_69' title="bbox 220 3632 1791 3711">
    <p class='ocr_par' dir='ltr' id='par_1_69' title="bbox 220 3632 1791 3711">
     <span class='ocr_line' id='line_1_69' title="bbox 220 3632 1791 3711; baseline 0.008 -26"><span class='ocrx_word' id='word_1_526' title='bbox 220 3632 388 3702; x_wconf 76' lang='grc' dir='ltr'>φαίαν</span> <span class='ocrx_word' id='word_1_527' title='bbox 438 3635 703 3705; x_wconf 80' lang='grc' dir='ltr'>μαχητοῠ.</span> <span class='ocrx_word' id='word_1_528' title='bbox 740 3656 758 3688; x_wconf 77' lang='grc' dir='ltr'>ι</span> <span class='ocrx_word' id='word_1_529' title='bbox 814 3636 981 3690; x_wconf 88' lang='grc' dir='ltr'>Ἰούδα</span> <span class='ocrx_word' id='word_1_530' title='bbox 1012 3640 1104 3692; x_wconf 80' lang='grc' dir='ltr'><strong>καὶ</strong></span> <span class='ocrx_word' id='word_1_531' title='bbox 1152 3639 1389 3711; x_wconf 73' lang='grc' dir='ltr'>Ἐφραῒμ</span> <span class='ocrx_word' id='word_1_532' title='bbox 1420 3641 1590 3710; x_wconf 88' lang='grc' dir='ltr'>λέγει,</span> <span class='ocrx_word' id='word_1_533' title='bbox 1630 3643 1696 3695; x_wconf 80' lang='grc' dir='ltr'><strong>ἵν’</strong></span> <span class='ocrx_word' id='word_1_534' title='bbox 1727 3645 1791 3696; x_wconf 86' lang='grc' dir='ltr'><strong>ὲκ</strong></span> 
     </span>
    </p>
   </div>
   <div class='ocr_carea' id='block_1_70' title="bbox 222 3724 1793 3802">
    <p class='ocr_par' dir='ltr' id='par_1_70' title="bbox 222 3724 1793 3802">
     <span class='ocr_line' id='line_1_70' title="bbox 222 3724 1793 3802; baseline 0.009 -26"><span class='ocrx_word' id='word_1_535' title='bbox 222 3724 427 3795; x_wconf 84' lang='grc' dir='ltr'>μέρους</span> <span class='ocrx_word' id='word_1_536' title='bbox 458 3726 549 3779; x_wconf 78' lang='grc' dir='ltr'>τοῦ</span> <span class='ocrx_word' id='word_1_537' title='bbox 594 3728 927 3798; x_wconf 86' lang='grc' dir='ltr'>κυριωτάτου</span> <span class='ocrx_word' id='word_1_538' title='bbox 955 3730 1016 3782; x_wconf 85' lang='grc' dir='ltr'><strong>τὸ</strong></span> <span class='ocrx_word' id='word_1_539' title='bbox 1057 3730 1307 3802; x_wconf 83' lang='grc' dir='ltr'>σύστημα</span> <span class='ocrx_word' id='word_1_540' title='bbox 1352 3735 1460 3786; x_wconf 89' lang='grc' dir='ltr'><strong>τῶν</strong></span> <span class='ocrx_word' id='word_1_541' title='bbox 1522 3736 1793 3790; x_wconf 81' lang='grc' dir='ltr'>Ἰουδαίων</span> 
     </span>
    </p>
   </div>
   <div class='ocr_carea' id='block_1_71' title="bbox 219 3811 1794 3896">
    <p class='ocr_par' dir='ltr' id='par_1_71' title="bbox 219 3811 1794 3896">
     <span class='ocr_line' id='line_1_71' title="bbox 219 3811 1794 3896; baseline 0.007 -26"><span class='ocrx_word' id='word_1_542' title='bbox 219 3820 372 3890; x_wconf 77' lang='grc' dir='ltr'>εἴπῃ.</span> <span class='ocrx_word' id='word_1_543' title='bbox 410 3818 485 3888; x_wconf 90' lang='lat' dir='ltr'><strong>(p.</strong></span> <span class='ocrx_word' id='word_1_544' title='bbox 523 3818 647 3889; x_wconf 80' lang='lat'><strong>501)</strong></span> <span class='ocrx_word' id='word_1_545' title='bbox 703 3820 789 3883; x_wconf 87' lang='grc' dir='ltr'>Ὧς</span> <span class='ocrx_word' id='word_1_546' title='bbox 838 3819 991 3884; x_wconf 79' lang='grc' dir='ltr'>τόξον</span> <span class='ocrx_word' id='word_1_547' title='bbox 1042 3822 1223 3875; x_wconf 83' lang='grc' dir='ltr'>τοίνυν</span> <span class='ocrx_word' id='word_1_548' title='bbox 1256 3811 1605 3896; x_wconf 78' lang='grc' dir='ltr'>ἐντεταμένον</span> <span class='ocrx_word' id='word_1_549' title='bbox 1654 3827 1794 3881; x_wconf 82' lang='grc' dir='ltr'><strong>κατά</strong></span> 
     </span>
    </p>
   </div>
   <div class='ocr_carea' id='block_1_72' title="bbox 219 3908 1794 3985">
    <p class='ocr_par' dir='ltr' id='par_1_72' title="bbox 219 3908 1794 3985">
     <span class='ocr_line' id='line_1_72' title="bbox 219 3908 1794 3985; baseline 0.008 -25"><span class='ocrx_word' id='word_1_550' title='bbox 219 3908 331 3962; x_wconf 86' lang='grc' dir='ltr'><strong>τῶν</strong></span> <span class='ocrx_word' id='word_1_551' title='bbox 360 3909 633 3980; x_wconf 86' lang='grc' dir='ltr'>πολεμίων</span> <span class='ocrx_word' id='word_1_552' title='bbox 665 3912 807 3981; x_wconf 76' lang='grc' dir='ltr'>ὑμᾶς</span> <span class='ocrx_word' id='word_1_553' title='bbox 833 3913 1135 3983; x_wconf 82' lang='grc' dir='ltr'>ἐργάσομαι</span> <span class='ocrx_word' id='word_1_554' title='bbox 1170 3915 1449 3985; x_wconf 74' lang='grc' dir='ltr'>ἰσχυροὺς,</span> <span class='ocrx_word' id='word_1_555' title='bbox 1479 3915 1619 3971; x_wconf 80' lang='grc' dir='ltr'>ὥστε</span> <span class='ocrx_word' id='word_1_556' title='bbox 1654 3919 1794 3973; x_wconf 86' lang='grc' dir='ltr'><strong>κατά</strong></span> 
     </span>
    </p>
   </div>
   <div class='ocr_carea' id='block_1_73' title="bbox 221 4002 1792 4080">
    <p class='ocr_par' dir='ltr' id='par_1_73' title="bbox 221 4002 1792 4080">
     <span class='ocr_line' id='line_1_73' title="bbox 221 4002 1792 4080; baseline 0.006 -26"><span class='ocrx_word' id='word_1_557' title='bbox 221 4002 444 4055; x_wconf 87' lang='grc' dir='ltr'>πάντων</span> <span class='ocrx_word' id='word_1_558' title='bbox 471 4003 579 4056; x_wconf 89' lang='grc' dir='ltr'><strong>τῶν</strong></span> <span class='ocrx_word' id='word_1_559' title='bbox 602 4004 1008 4075; x_wconf 79' lang='grc' dir='ltr'>ἐπεληλυθότων</span> <span class='ocrx_word' id='word_1_560' title='bbox 1036 4007 1164 4075; x_wconf 86' lang='grc' dir='ltr'>ύμῖν</span> <span class='ocrx_word' id='word_1_561' title='bbox 1190 4006 1483 4079; x_wconf 89' lang='grc' dir='ltr'>ἀλλοτρίων</span> <span class='ocrx_word' id='word_1_562' title='bbox 1509 4009 1645 4080; x_wconf 88' lang='grc' dir='ltr'><strong>μετά</strong></span> <span class='ocrx_word' id='word_1_563' title='bbox 1668 4010 1792 4063; x_wconf 90' lang='grc' dir='ltr'><strong>πολ-</strong></span> 
     </span>
    </p>
   </div>
   <div class='ocr_carea' id='block_1_74' title="bbox 222 4094 1794 4169">
    <p class='ocr_par' dir='ltr' id='par_1_74' title="bbox 222 4094 1794 4169">
     <span class='ocr_line' id='line_1_74' title="bbox 222 4094 1794 4169; baseline 0.007 -24"><span class='ocrx_word' id='word_1_564' title='bbox 222 4094 322 4166; x_wconf 83' lang='grc' dir='ltr'><strong>λῆς</strong></span> <span class='ocrx_word' id='word_1_565' title='bbox 357 4096 503 4166; x_wconf 80' lang='grc' dir='ltr'>ὑμᾶς</span> <span class='ocrx_word' id='word_1_566' title='bbox 549 4097 899 4168; x_wconf 84' lang='grc' dir='ltr'>ὁρμήσαντας</span> <span class='ocrx_word' id='word_1_567' title='bbox 927 4098 1027 4169; x_wconf 85' lang='grc' dir='ltr'><strong>τῆς</strong></span> <span class='ocrx_word' id='word_1_568' title='bbox 1068 4099 1375 4169; x_wconf 87' lang='grc' dir='ltr'>προθυμίας</span> <span class='ocrx_word' id='word_1_569' title='bbox 1420 4101 1585 4155; x_wconf 78' lang='grc' dir='ltr'>πολὺν</span> <span class='ocrx_word' id='word_1_570' title='bbox 1616 4103 1794 4156; x_wconf 73' lang='grc' dir='ltr'>αὐτῶν</span> 
     </span>
    </p>
   </div>
   <div class='ocr_carea' id='block_1_75' title="bbox 222 4185 1789 4264">
    <p class='ocr_par' dir='ltr' id='par_1_75' title="bbox 222 4185 1789 4264">
     <span class='ocr_line' id='line_1_75' title="bbox 222 4185 1789 4264; baseline 0.005 -26"><span class='ocrx_word' id='word_1_571' title='bbox 222 4185 567 4255; x_wconf 76' lang='grc' dir='ltr'>ἐργάσασθαι</span> <span class='ocrx_word' id='word_1_572' title='bbox 602 4188 695 4241; x_wconf 81' lang='grc' dir='ltr'>τὸν</span> <span class='ocrx_word' id='word_1_573' title='bbox 746 4190 904 4258; x_wconf 81' lang='grc' dir='ltr'>φόνον</span> <span class='ocrx_word' id='word_1_574' title='bbox 923 4206 937 4219; x_wconf 89' lang='grc'><strong>·</strong></span> <span class='ocrx_word' id='word_1_575' title='bbox 962 4192 1056 4243; x_wconf 77' lang='grc' dir='ltr'><strong>καὶ</strong></span> <span class='ocrx_word' id='word_1_576' title='bbox 1084 4190 1204 4243; x_wconf 83' lang='grc' dir='ltr'>ὅσον</span> <span class='ocrx_word' id='word_1_577' title='bbox 1234 4192 1378 4255; x_wconf 75' lang='grc' dir='ltr'>εἰκὸς</span> <span class='ocrx_word' id='word_1_578' title='bbox 1406 4191 1464 4259; x_wconf 79' lang='grc' dir='ltr'>ἐξ</span> <span class='ocrx_word' id='word_1_579' title='bbox 1490 4193 1681 4264; x_wconf 81' lang='grc' dir='ltr'>ἀνδρὸς</span> <span class='ocrx_word' id='word_1_580' title='bbox 1706 4210 1789 4261; x_wconf 86' lang='grc' dir='ltr'>γε·</span> 
     </span>
    </p>
   </div>
   <div class='ocr_carea' id='block_1_76' title="bbox 224 4277 1797 4353">
    <p class='ocr_par' dir='ltr' id='par_1_76' title="bbox 224 4277 1797 4353">
     <span class='ocr_line' id='line_1_76' title="bbox 224 4277 1797 4353; baseline 0.003 -22"><span class='ocrx_word' id='word_1_581' title='bbox 224 4277 412 4331; x_wconf 76' lang='grc' dir='ltr'>νέσθαι</span> <span class='ocrx_word' id='word_1_582' title='bbox 444 4281 503 4332; x_wconf 83' lang='grc' dir='ltr'>ὲν</span> <span class='ocrx_word' id='word_1_583' title='bbox 549 4281 749 4350; x_wconf 81' lang='grc' dir='ltr'>μάχαις</span> <span class='ocrx_word' id='word_1_584' title='bbox 798 4281 891 4333; x_wconf 71' lang='grc' dir='ltr'>καὶ</span> <span class='ocrx_word' id='word_1_585' title='bbox 935 4282 1190 4351; x_wconf 87' lang='grc' dir='ltr'>πολέμοις</span> <span class='ocrx_word' id='word_1_586' title='bbox 1215 4283 1306 4334; x_wconf 69' lang='grc' dir='ltr'>καὶ</span> <span class='ocrx_word' id='word_1_587' title='bbox 1332 4283 1513 4351; x_wconf 83' lang='grc' dir='ltr'>φόνοις</span> <span class='ocrx_word' id='word_1_588' title='bbox 1550 4284 1610 4337; x_wconf 84' lang='grc' dir='ltr'>τὸ</span> <span class='ocrx_word' id='word_1_589' title='bbox 1649 4283 1797 4353; x_wconf 79' lang='grc' dir='ltr'>ξίφος</span> 
     </span>
    </p>
   </div>
   <div class='ocr_carea' id='block_1_77' title="bbox 224 4369 1797 4441">
    <p class='ocr_par' dir='ltr' id='par_1_77' title="bbox 224 4369 1797 4441">
     <span class='ocr_line' id='line_1_77' title="bbox 224 4369 1797 4441; baseline 0.002 -18"><span class='ocrx_word' id='word_1_590' title='bbox 224 4369 315 4423; x_wconf 80' lang='grc' dir='ltr'><strong>ἀεὶ</strong></span> <span class='ocrx_word' id='word_1_591' title='bbox 345 4372 712 4441; x_wconf 73' lang='grc' dir='ltr'>γυμνάζοντος</span> <span class='ocrx_word' id='word_1_592' title='bbox 749 4371 809 4424; x_wconf 81' lang='grc' dir='ltr'>τὸ</span> <span class='ocrx_word' id='word_1_593' title='bbox 856 4374 1073 4425; x_wconf 74' lang='grc' dir='ltr'><strong>οἰκεῖον.</strong></span> <span class='ocrx_word' id='word_1_594' title='bbox 1110 4373 1219 4425; x_wconf 73' lang='grc' dir='ltr'><strong>Καὶ</strong></span> <span class='ocrx_word' id='word_1_595' title='bbox 1247 4373 1369 4427; x_wconf 79' lang='grc' dir='ltr'>ὅθεν</span> <span class='ocrx_word' id='word_1_596' title='bbox 1400 4374 1572 4428; x_wconf 76' lang='grc' dir='ltr'>ταῦτα</span> <span class='ocrx_word' id='word_1_597' title='bbox 1616 4375 1797 4437; x_wconf 79' lang='grc' dir='ltr'>αὐτοῖς</span> 
     </span>
    </p>
   </div>
   <div class='ocr_carea' id='block_1_78' title="bbox 225 4462 1795 4535">
    <p class='ocr_par' dir='ltr' id='par_1_78' title="bbox 225 4462 1795 4535">
     <span class='ocr_line' id='line_1_78' title="bbox 225 4462 1795 4535; baseline 0.001 -21"><span class='ocrx_word' id='word_1_598' title='bbox 225 4462 513 4532; x_wconf 78' lang='grc' dir='ltr'>περιέσται</span> <span class='ocrx_word' id='word_1_599' title='bbox 542 4462 736 4533; x_wconf 73' lang='grc' dir='ltr'>δηλῶν,</span> <span class='ocrx_word' id='word_1_600' title='bbox 761 4482 778 4513; x_wconf 81' lang='grc' dir='ltr'>ι</span> <span class='ocrx_word' id='word_1_601' title='bbox 802 4464 910 4517; x_wconf 74' lang='grc' dir='ltr'><strong>Καὶ</strong></span> <span class='ocrx_word' id='word_1_602' title='bbox 934 4463 1132 4535; x_wconf 83' lang='grc' dir='ltr'>Κύριος</span> <span class='ocrx_word' id='word_1_603' title='bbox 1158 4467 1241 4518; x_wconf 80' lang='grc' dir='ltr'><strong>ἐπ’</strong></span> <span class='ocrx_word' id='word_1_604' title='bbox 1260 4466 1455 4529; x_wconf 76' lang='grc' dir='ltr'>αὐτοὺς</span> <span class='ocrx_word' id='word_1_605' title='bbox 1480 4465 1795 4535; x_wconf 80' lang='grc' dir='ltr'>ὀφθήσεται,</span> 
     </span>
    </p>
   </div>
   <div class='ocr_carea' id='block_1_79' title="bbox 226 4552 1798 4627">
    <p class='ocr_par' dir='ltr' id='par_1_79' title="bbox 226 4552 1798 4627">
     <span class='ocr_line' id='line_1_79' title="bbox 226 4552 1798 4627; baseline 0.002 -20"><span class='ocrx_word' id='word_1_606' title='bbox 226 4554 323 4607; x_wconf 71' lang='grc' dir='ltr'><strong>καὶ</strong></span> <span class='ocrx_word' id='word_1_607' title='bbox 346 4552 681 4617; x_wconf 77' lang='grc' dir='ltr'>ἐξελεύσεται</span> <span class='ocrx_word' id='word_1_608' title='bbox 713 4554 789 4617; x_wconf 89' lang='grc' dir='ltr'><strong>ώς</strong></span> <span class='ocrx_word' id='word_1_609' title='bbox 812 4555 1062 4625; x_wconf 85' lang='grc' dir='ltr'>ἀστραπὴ</span> <span class='ocrx_word' id='word_1_610' title='bbox 1084 4554 1225 4625; x_wconf 77' lang='grc' dir='ltr'>βολὶς</span> <span class='ocrx_word' id='word_1_611' title='bbox 1261 4555 1422 4609; x_wconf 76' lang='grc' dir='ltr'>αὑτοῦ</span> <span class='ocrx_word' id='word_1_612' title='bbox 1445 4574 1458 4587; x_wconf 80' lang='grc'><em>’</em></span> <span class='ocrx_word' id='word_1_613' title='bbox 1483 4557 1576 4611; x_wconf 72' lang='grc' dir='ltr'>καὶ</span> <span class='ocrx_word' id='word_1_614' title='bbox 1598 4556 1798 4627; x_wconf 87' lang='grc' dir='ltr'>Κύριος</span> 
     </span>
    </p>
   </div>
   <div class='ocr_carea' id='block_1_80' title="bbox 1892 3360 3453 3443">
    <p class='ocr_par' dir='ltr' id='par_1_80' title="bbox 1892 3360 3453 3443">
     <span class='ocr_line' id='line_1_80' title="bbox 1892 3360 3453 3443; baseline -0.006 -21"><span class='ocrx_word' id='word_1_615' title='bbox 1892 3379 2075 3443; x_wconf 76' lang='lat' dir='ltr'><strong>ptcrca</strong></span> <span class='ocrx_word' id='word_1_616' title='bbox 2104 3367 2303 3423; x_wconf 86' lang='lat' dir='ltr'><strong>tetendi</strong></span> <span class='ocrx_word' id='word_1_617' title='bbox 2367 3376 2419 3421; x_wconf 91' lang='lat' dir='ltr'><strong>te</strong></span> <span class='ocrx_word' id='word_1_618' title='bbox 2468 3364 2632 3429; x_wconf 90' lang='lat' dir='ltr'><strong>mihi,</strong></span> <span class='ocrx_word' id='word_1_619' title='bbox 2678 3363 2840 3425; x_wconf 85' lang='lat' dir='ltr'><strong>Juda,</strong></span> <span class='ocrx_word' id='word_1_620' title='bbox 2880 3371 2939 3417; x_wconf 91' lang='lat' dir='ltr'><strong>ut</strong></span> <span class='ocrx_word' id='word_1_621' title='bbox 2974 3378 3202 3428; x_wconf 89' lang='lat' dir='ltr'><strong>arcum;</strong></span> <span class='ocrx_word' id='word_1_622' title='bbox 3255 3360 3453 3429; x_wconf 84' lang='lat' dir='ltr'><strong>replevi</strong></span> 
     </span>
    </p>
   </div>
   <div class='ocr_carea' id='block_1_81' title="bbox 1889 3451 3456 3531">
    <p class='ocr_par' dir='ltr' id='par_1_81' title="bbox 1889 3451 3456 3531">
     <span class='ocr_line' id='line_1_81' title="bbox 1889 3451 3456 3531; baseline -0.008 -15"><span class='ocrx_word' id='word_1_623' title='bbox 1889 3462 2207 3531; x_wconf 82' lang='lat' dir='ltr'><strong>Ephraimo.</strong></span> <span class='ocrx_word' id='word_1_624' title='bbox 2236 3458 2303 3512; x_wconf 82' lang='lat' dir='ltr'><strong>Et</strong></span> <span class='ocrx_word' id='word_1_625' title='bbox 2349 3456 2640 3513; x_wconf 89' lang='lat' dir='ltr'><strong>concitabo</strong></span> <span class='ocrx_word' id='word_1_626' title='bbox 2689 3455 2831 3509; x_wconf 81' lang='lat' dir='ltr'><strong>filios</strong></span> <span class='ocrx_word' id='word_1_627' title='bbox 2860 3455 2992 3509; x_wconf 88' lang='lat' dir='ltr'><strong>Sion</strong></span> <span class='ocrx_word' id='word_1_628' title='bbox 3019 3455 3280 3507; x_wconf 87' lang='lat' dir='ltr'><strong>adversus</strong></span> <span class='ocrx_word' id='word_1_629' title='bbox 3320 3451 3456 3504; x_wconf 90' lang='lat' dir='ltr'><strong>tilios</strong></span> 
     </span>
    </p>
   </div>
   <div class='ocr_carea' id='block_1_82' title="bbox 1890 3543 3458 3617">
    <p class='ocr_par' dir='ltr' id='par_1_82' title="bbox 1890 3543 3458 3617">
     <span class='ocr_line' id='line_1_82' title="bbox 1890 3543 3458 3617; baseline -0.01 -8"><span class='ocrx_word' id='word_1_630' title='bbox 1890 3554 2232 3615; x_wconf 77' lang='lat' dir='ltr'><strong>Gnecorum,</strong></span> <span class='ocrx_word' id='word_1_631' title='bbox 2264 3558 2318 3605; x_wconf 90' lang='lat' dir='ltr'><strong>et</strong></span> <span class='ocrx_word' id='word_1_632' title='bbox 2351 3548 2653 3603; x_wconf 89' lang='lat' dir='ltr'><strong>attrectabo</strong></span> <span class='ocrx_word' id='word_1_633' title='bbox 2688 3554 2739 3601; x_wconf 90' lang='lat' dir='ltr'><strong>te</strong></span> <span class='ocrx_word' id='word_1_634' title='bbox 2774 3557 3031 3617; x_wconf 89' lang='lat' dir='ltr'><strong>tanquam</strong></span> <span class='ocrx_word' id='word_1_635' title='bbox 3068 3544 3305 3615; x_wconf 81' lang='lat' dir='ltr'><strong>gladium</strong></span> <span class='ocrx_word' id='word_1_636' title='bbox 3344 3543 3458 3597; x_wconf 92' lang='lat' dir='ltr'><strong>bel-</strong></span> 
     </span>
    </p>
   </div>
   <div class='ocr_carea' id='block_1_83' title="bbox 1892 3638 3457 3711">
    <p class='ocr_par' dir='ltr' id='par_1_83' title="bbox 1892 3638 3457 3711">
     <span class='ocr_line' id='line_1_83' title="bbox 1892 3638 3457 3711; baseline -0.007 -13"><span class='ocrx_word' id='word_1_637' title='bbox 1892 3645 2103 3699; x_wconf 88' lang='lat' dir='ltr'><strong>latoris.</strong></span> <span class='ocrx_word' id='word_1_638' title='bbox 2132 3664 2149 3694; x_wconf 73' lang='grc' dir='ltr'><strong>ι</strong></span> <span class='ocrx_word' id='word_1_639' title='bbox 2173 3642 2369 3697; x_wconf 73' lang='lat' dir='ltr'><strong>ludam</strong></span> <span class='ocrx_word' id='word_1_640' title='bbox 2395 3650 2558 3711; x_wconf 89' lang='lat' dir='ltr'><strong>atque</strong></span> <span class='ocrx_word' id='word_1_641' title='bbox 2586 3638 2936 3710; x_wconf 87' lang='lat' dir='ltr'><strong>Ephraimum</strong></span> <span class='ocrx_word' id='word_1_642' title='bbox 2967 3638 3120 3700; x_wconf 87' lang='lat' dir='ltr'><strong>dicit,</strong></span> <span class='ocrx_word' id='word_1_643' title='bbox 3151 3646 3210 3690; x_wconf 92' lang='lat' dir='ltr'><strong>ut</strong></span> <span class='ocrx_word' id='word_1_644' title='bbox 3243 3651 3271 3690; x_wconf 90' lang='lat' dir='ltr'><strong>a</strong></span> <span class='ocrx_word' id='word_1_645' title='bbox 3304 3643 3457 3705; x_wconf 88' lang='lat' dir='ltr'><strong>parte</strong></span> 
     </span>
    </p>
   </div>
   <div class='ocr_carea' id='block_1_84' title="bbox 1892 3727 3456 3807">
    <p class='ocr_par' dir='ltr' id='par_1_84' title="bbox 1892 3727 3456 3807">
     <span class='ocr_line' id='line_1_84' title="bbox 1892 3727 3456 3807; baseline -0.006 -19"><span class='ocrx_word' id='word_1_646' title='bbox 1892 3735 2278 3807; x_wconf 88' lang='lat' dir='ltr'><strong>principaiiore</strong></span> <span class='ocrx_word' id='word_1_647' title='bbox 2336 3738 2611 3787; x_wconf 89' lang='lat' dir='ltr'><strong>nationem</strong></span> <span class='ocrx_word' id='word_1_648' title='bbox 2676 3729 2987 3785; x_wconf 69' lang='lat' dir='ltr'><strong>Iudaeorum</strong></span> <span class='ocrx_word' id='word_1_649' title='bbox 3018 3729 3253 3783; x_wconf 89' lang='lat' dir='ltr'><strong>denotet.</strong></span> <span class='ocrx_word' id='word_1_650' title='bbox 3294 3727 3456 3792; x_wconf 83' lang='lat' dir='ltr'><strong>Quasi</strong></span> 
     </span>
    </p>
   </div>
   <div class='ocr_carea' id='block_1_85' title="bbox 1892 3819 3457 3896">
    <p class='ocr_par' dir='ltr' id='par_1_85' title="bbox 1892 3819 3457 3896">
     <span class='ocr_line' id='line_1_85' title="bbox 1892 3819 3457 3896; baseline -0.008 -13"><span class='ocrx_word' id='word_1_651' title='bbox 1892 3842 2081 3883; x_wconf 88' lang='lat' dir='ltr'><strong>arcum</strong></span> <span class='ocrx_word' id='word_1_652' title='bbox 2107 3827 2291 3896; x_wconf 85' lang='lat' dir='ltr'><strong>itaque</strong></span> <span class='ocrx_word' id='word_1_653' title='bbox 2320 3833 2602 3880; x_wconf 76' lang='lat' dir='ltr'><strong>extentum</strong></span> <span class='ocrx_word' id='word_1_654' title='bbox 2634 3823 2895 3878; x_wconf 83' lang='lat' dir='ltr'><strong>adversus</strong></span> <span class='ocrx_word' id='word_1_655' title='bbox 2926 3822 3114 3876; x_wconf 82' lang='lat' dir='ltr'><strong>hostes</strong></span> <span class='ocrx_word' id='word_1_656' title='bbox 3143 3819 3333 3872; x_wconf 85' lang='lat' dir='ltr'><strong>faciam</strong></span> <span class='ocrx_word' id='word_1_657' title='bbox 3363 3834 3457 3873; x_wconf 84' lang='lat' dir='ltr'><strong>vos</strong></span> 
     </span>
    </p>
   </div>
   <div class='ocr_carea' id='block_1_86' title="bbox 1892 3914 3463 3981">
    <p class='ocr_par' dir='ltr' id='par_1_86' title="bbox 1892 3914 3463 3981">
     <span class='ocr_line' id='line_1_86' title="bbox 1892 3914 3463 3981; baseline -0.005 -10"><span class='ocrx_word' id='word_1_658' title='bbox 1892 3918 2121 3981; x_wconf 87' lang='lat' dir='ltr'><strong>validos,</strong></span> <span class='ocrx_word' id='word_1_659' title='bbox 2157 3924 2216 3970; x_wconf 88' lang='lat' dir='ltr'><strong>ut</strong></span> <span class='ocrx_word' id='word_1_660' title='bbox 2250 3916 2417 3970; x_wconf 87' lang='lat' dir='ltr'><strong>multa</strong></span> <span class='ocrx_word' id='word_1_661' title='bbox 2450 3930 2574 3969; x_wconf 91' lang='lat' dir='ltr'><strong>cum</strong></span> <span class='ocrx_word' id='word_1_662' title='bbox 2608 3914 2886 3969; x_wconf 88' lang='lat' dir='ltr'><strong>alacritate</strong></span> <span class='ocrx_word' id='word_1_663' title='bbox 2918 3922 3107 3966; x_wconf 90' lang='lat' dir='ltr'><strong>contra</strong></span> <span class='ocrx_word' id='word_1_664' title='bbox 3142 3925 3330 3964; x_wconf 91' lang='lat' dir='ltr'><strong>omnes</strong></span> <span class='ocrx_word' id='word_1_665' title='bbox 3364 3925 3463 3963; x_wconf 77' lang='lat' dir='ltr'><strong>ex-</strong></span> 
     </span>
    </p>
   </div>
   <div class='ocr_carea' id='block_1_87' title="bbox 1894 4002 3459 4080">
    <p class='ocr_par' dir='ltr' id='par_1_87' title="bbox 1894 4002 3459 4080">
     <span class='ocr_line' id='line_1_87' title="bbox 1894 4002 3459 4080; baseline -0.007 -16"><span class='ocrx_word' id='word_1_666' title='bbox 1894 4018 2113 4064; x_wconf 86' lang='lat' dir='ltr'><strong>traneos</strong></span> <span class='ocrx_word' id='word_1_667' title='bbox 2162 4022 2509 4080; x_wconf 87' lang='lat' dir='ltr'><strong>aggressores</strong></span> <span class='ocrx_word' id='word_1_668' title='bbox 2558 4007 2815 4076; x_wconf 88' lang='lat' dir='ltr'><strong>impetum</strong></span> <span class='ocrx_word' id='word_1_669' title='bbox 2854 4003 3138 4069; x_wconf 83' lang='lat' dir='ltr'><strong>facientes,</strong></span> <span class='ocrx_word' id='word_1_670' title='bbox 3184 4002 3459 4073; x_wconf 83' lang='lat' dir='ltr'><strong>copiosam</strong></span> 
     </span>
    </p>
   </div>
   <div class='ocr_carea' id='block_1_88' title="bbox 1894 4093 3464 4169">
    <p class='ocr_par' dir='ltr' id='par_1_88' title="bbox 1894 4093 3464 4169">
     <span class='ocr_line' id='line_1_88' title="bbox 1894 4093 3464 4169; baseline -0.004 -13"><span class='ocrx_word' id='word_1_671' title='bbox 1894 4102 2109 4156; x_wconf 90' lang='lat' dir='ltr'><strong>illorum</strong></span> <span class='ocrx_word' id='word_1_672' title='bbox 2144 4099 2481 4154; x_wconf 88' lang='lat' dir='ltr'><strong>occidionem</strong></span> <span class='ocrx_word' id='word_1_673' title='bbox 2518 4097 2777 4169; x_wconf 87' lang='lat' dir='ltr'><strong>patretis:</strong></span> <span class='ocrx_word' id='word_1_674' title='bbox 2814 4111 3008 4162; x_wconf 87' lang='lat' dir='ltr'><strong>nempe</strong></span> <span class='ocrx_word' id='word_1_675' title='bbox 3041 4105 3201 4167; x_wconf 85' lang='lat' dir='ltr'><strong>prout</strong></span> <span class='ocrx_word' id='word_1_676' title='bbox 3237 4096 3351 4151; x_wconf 87' lang='lat' dir='ltr'><strong>viro</strong></span> <span class='ocrx_word' id='word_1_677' title='bbox 3377 4093 3464 4149; x_wconf 86' lang='lat' dir='ltr'><strong>de-</strong></span> 
     </span>
    </p>
   </div>
   <div class='ocr_carea' id='block_1_89' title="bbox 1894 4188 3458 4260">
    <p class='ocr_par' dir='ltr' id='par_1_89' title="bbox 1894 4188 3458 4260">
     <span class='ocr_line' id='line_1_89' title="bbox 1894 4188 3458 4260; baseline -0.005 -13"><span class='ocrx_word' id='word_1_678' title='bbox 1894 4201 2038 4247; x_wconf 82' lang='lat' dir='ltr'><strong>ceret</strong></span> <span class='ocrx_word' id='word_1_679' title='bbox 2067 4190 2119 4243; x_wconf 92' lang='lat' dir='ltr'><strong>in</strong></span> <span class='ocrx_word' id='word_1_680' title='bbox 2150 4189 2346 4260; x_wconf 84' lang='lat' dir='ltr'><strong>pugnis</strong></span> <span class='ocrx_word' id='word_1_681' title='bbox 2380 4188 2643 4260; x_wconf 90' lang='lat' dir='ltr'><strong>bellisque</strong></span> <span class='ocrx_word' id='word_1_682' title='bbox 2668 4199 2720 4243; x_wconf 90' lang='lat' dir='ltr'><strong>et</strong></span> <span class='ocrx_word' id='word_1_683' title='bbox 2753 4188 2992 4243; x_wconf 69' lang='lat' dir='ltr'><strong>cazdihus</strong></span> <span class='ocrx_word' id='word_1_684' title='bbox 3027 4188 3267 4258; x_wconf 80' lang='lat' dir='ltr'><strong>gladium</strong></span> <span class='ocrx_word' id='word_1_685' title='bbox 3299 4204 3458 4243; x_wconf 88' lang='lat' dir='ltr'><strong>suum</strong></span> 
     </span>
    </p>
   </div>
   <div class='ocr_carea' id='block_1_90' title="bbox 1895 4278 3455 4350">
    <p class='ocr_par' dir='ltr' id='par_1_90' title="bbox 1895 4278 3455 4350">
     <span class='ocr_line' id='line_1_90' title="bbox 1895 4278 3455 4350; baseline -0.003 -13"><span class='ocrx_word' id='word_1_686' title='bbox 1895 4283 2110 4337; x_wconf 85' lang='lat' dir='ltr'><strong>vibrare</strong></span> <span class='ocrx_word' id='word_1_687' title='bbox 2154 4288 2436 4336; x_wconf 87' lang='lat' dir='ltr'><strong>consueto.</strong></span> <span class='ocrx_word' id='word_1_688' title='bbox 2477 4281 2652 4350; x_wconf 83' lang='lat' dir='ltr'><strong>Atque</strong></span> <span class='ocrx_word' id='word_1_689' title='bbox 2701 4280 2814 4335; x_wconf 67' lang='lat' dir='ltr'><strong>hazc</strong></span> <span class='ocrx_word' id='word_1_690' title='bbox 2869 4280 3138 4334; x_wconf 88' lang='lat' dir='ltr'><strong>undenam</strong></span> <span class='ocrx_word' id='word_1_691' title='bbox 3193 4279 3303 4333; x_wconf 89' lang='lat' dir='ltr'><strong>illis</strong></span> <span class='ocrx_word' id='word_1_692' title='bbox 3352 4278 3455 4333; x_wconf 91' lang='lat' dir='ltr'><strong>sint</strong></span> 
     </span>
    </p>
   </div>
   <div class='ocr_carea' id='block_1_91' title="bbox 1897 4369 3463 4439">
    <p class='ocr_par' dir='ltr' id='par_1_91' title="bbox 1897 4369 3463 4439">
     <span class='ocr_line' id='line_1_91' title="bbox 1897 4369 3463 4439; baseline -0.004 -11"><span class='ocrx_word' id='word_1_693' title='bbox 1897 4375 2194 4428; x_wconf 85' lang='lat' dir='ltr'><strong>obventura</strong></span> <span class='ocrx_word' id='word_1_694' title='bbox 2225 4372 2450 4435; x_wconf 89' lang='lat' dir='ltr'><strong>docens,</strong></span> <span class='ocrx_word' id='word_1_695' title='bbox 2487 4390 2505 4422; x_wconf 77' lang='grc' dir='ltr'><strong>ι</strong></span> <span class='ocrx_word' id='word_1_696' title='bbox 2541 4370 2602 4425; x_wconf 85' lang='grc' dir='ltr'>Ει</span> <span class='ocrx_word' id='word_1_697' title='bbox 2629 4369 2907 4434; x_wconf 84' lang='lat' dir='ltr'><strong>Dominus,</strong></span> <span class='ocrx_word' id='word_1_698' title='bbox 2942 4370 3140 4439; x_wconf 88' lang='lat' dir='ltr'><strong>inquit,</strong></span> <span class='ocrx_word' id='word_1_699' title='bbox 3173 4384 3336 4437; x_wconf 88' lang='lat' dir='ltr'><strong>supra</strong></span> <span class='ocrx_word' id='word_1_700' title='bbox 3367 4385 3463 4423; x_wconf 84' lang='lat' dir='ltr'><strong>eos</strong></span> 
     </span>
    </p>
   </div>
   <div class='ocr_carea' id='block_1_92' title="bbox 1897 4457 3462 4533">
    <p class='ocr_par' dir='ltr' id='par_1_92' title="bbox 1897 4457 3462 4533">
     <span class='ocr_line' id='line_1_92' title="bbox 1897 4457 3462 4533; baseline -0.004 -16"><span class='ocrx_word' id='word_1_701' title='bbox 1897 4463 2196 4533; x_wconf 80' lang='lat' dir='ltr'><strong>apparebit,</strong></span> <span class='ocrx_word' id='word_1_702' title='bbox 2234 4471 2287 4516; x_wconf 90' lang='lat' dir='ltr'><strong>et</strong></span> <span class='ocrx_word' id='word_1_703' title='bbox 2335 4460 2505 4515; x_wconf 84' lang='lat' dir='ltr'><strong>exibit</strong></span> <span class='ocrx_word' id='word_1_704' title='bbox 2545 4462 2698 4529; x_wconf 88' lang='lat' dir='ltr'><strong>quasi</strong></span> <span class='ocrx_word' id='word_1_705' title='bbox 2733 4461 2913 4529; x_wconf 80' lang='lat' dir='ltr'><strong>fulgur</strong></span> <span class='ocrx_word' id='word_1_706' title='bbox 2958 4461 3154 4529; x_wconf 82' lang='lat' dir='ltr'><strong>sagitta</strong></span> <span class='ocrx_word' id='word_1_707' title='bbox 3205 4459 3348 4529; x_wconf 83' lang='lat' dir='ltr'><strong>ejus.</strong></span> <span class='ocrx_word' id='word_1_708' title='bbox 3400 4457 3462 4511; x_wconf 80' lang='lat' dir='ltr'><strong>Et</strong></span> 
     </span>
    </p>
   </div>
   <div class='ocr_carea' id='block_1_93' title="bbox 1900 4550 3466 4621">
    <p class='ocr_par' dir='ltr' id='par_1_93' title="bbox 1900 4550 3466 4621">
     <span class='ocr_line' id='line_1_93' title="bbox 1900 4550 3466 4621; baseline -0.001 -15"><span class='ocrx_word' id='word_1_709' title='bbox 1900 4552 2162 4609; x_wconf 89' lang='lat' dir='ltr'><strong>Dominus</strong></span> <span class='ocrx_word' id='word_1_710' title='bbox 2194 4553 2336 4609; x_wconf 90' lang='lat' dir='ltr'><strong>Dens</strong></span> <span class='ocrx_word' id='word_1_711' title='bbox 2366 4552 2710 4621; x_wconf 89' lang='lat' dir='ltr'><strong>omnipotens</strong></span> <span class='ocrx_word' id='word_1_712' title='bbox 2742 4551 2868 4604; x_wconf 89' lang='lat' dir='ltr'><strong>tuba</strong></span> <span class='ocrx_word' id='word_1_713' title='bbox 2908 4558 3087 4614; x_wconf 91' lang='lat' dir='ltr'><strong>canet,</strong></span> <span class='ocrx_word' id='word_1_714' title='bbox 3133 4558 3185 4605; x_wconf 91' lang='lat' dir='ltr'><strong>et</strong></span> <span class='ocrx_word' id='word_1_715' title='bbox 3211 4550 3466 4619; x_wconf 89' lang='lat' dir='ltr'><strong>procedet</strong></span> 
     </span>
    </p>
   </div>
   <div class='ocr_carea' id='block_1_94' title="bbox 223 4639 1781 4718">
    <p class='ocr_par' dir='ltr' id='par_1_94' title="bbox 223 4644 1781 4718">
     <span class='ocr_line' id='line_1_94' title="bbox 223 4644 1781 4718; baseline 0.001 -19"><span class='ocrx_word' id='word_1_716' title='bbox 223 4644 445 4709; x_wconf 81' lang='grc' dir='ltr'>όΘεὺςὸ</span> <span class='ocrx_word' id='word_1_717' title='bbox 470 4646 857 4718; x_wconf 83' lang='grc' dir='ltr'>παντοκράτωρ</span> <span class='ocrx_word' id='word_1_718' title='bbox 886 4649 942 4699; x_wconf 79' lang='grc' dir='ltr'><strong>ὲν</strong></span> <span class='ocrx_word' id='word_1_719' title='bbox 968 4647 1224 4716; x_wconf 83' lang='grc' dir='ltr'>σάλπιγγι</span> <span class='ocrx_word' id='word_1_720' title='bbox 1251 4647 1486 4712; x_wconf 86' lang='grc' dir='ltr'>σαλπιεῖ,</span> <span class='ocrx_word' id='word_1_721' title='bbox 1515 4650 1609 4701; x_wconf 73' lang='grc' dir='ltr'><strong>καὶ</strong></span> <span class='ocrx_word' id='word_1_722' title='bbox 1636 4652 1781 4701; x_wconf 80' lang='grc' dir='ltr'>ἐκπο-</span> 
     </span>
    </p>
   </div>
   <div class='ocr_carea' id='block_1_95' title="bbox 1883 4639 3465 4718">
    <p class='ocr_par' dir='ltr' id='par_1_95' title="bbox 1902 4641 3465 4715">
     <span class='ocr_line' id='line_1_95' title="bbox 1902 4641 3465 4715; baseline -0.002 -16"><span class='ocrx_word' id='word_1_723' title='bbox 1902 4646 1957 4699; x_wconf 89' lang='lat' dir='ltr'><strong>in</strong></span> <span class='ocrx_word' id='word_1_724' title='bbox 1991 4644 2223 4715; x_wconf 88' lang='lat' dir='ltr'><strong>procella</strong></span> <span class='ocrx_word' id='word_1_725' title='bbox 2250 4645 2518 4699; x_wconf 90' lang='lat' dir='ltr'><strong>minarum</strong></span> <span class='ocrx_word' id='word_1_726' title='bbox 2552 4658 2804 4699; x_wconf 86' lang='lat' dir='ltr'><strong>suarum:</strong></span> <span class='ocrx_word' id='word_1_727' title='bbox 2835 4641 3095 4697; x_wconf 87' lang='lat' dir='ltr'><strong>Dominus</strong></span> <span class='ocrx_word' id='word_1_728' title='bbox 3120 4644 3465 4711; x_wconf 81' lang='lat' dir='ltr'><strong>omnipotens</strong></span> 
     </span>
    </p>
   </div>
   <div class='ocr_carea' id='block_1_96' title="bbox 228 4735 1781 4815">
    <p class='ocr_par' dir='ltr' id='par_1_96' title="bbox 228 4737 1781 4815">
     <span class='ocr_line' id='line_1_96' title="bbox 228 4737 1781 4815; baseline 0.002 -25"><span class='ocrx_word' id='word_1_729' title='bbox 228 4737 483 4809; x_wconf 83' lang='grc' dir='ltr'>ρεύσεται</span> <span class='ocrx_word' id='word_1_730' title='bbox 507 4740 563 4790; x_wconf 72' lang='grc' dir='ltr'><strong>ἰν</strong></span> <span class='ocrx_word' id='word_1_731' title='bbox 583 4739 728 4806; x_wconf 85' lang='grc' dir='ltr'>σάλῳ</span> <span class='ocrx_word' id='word_1_732' title='bbox 748 4739 976 4809; x_wconf 79' lang='grc' dir='ltr'>ἀπειλῆς</span> <span class='ocrx_word' id='word_1_733' title='bbox 995 4739 1177 4792; x_wconf 73' lang='grc' dir='ltr'>αύτού-</span> <span class='ocrx_word' id='word_1_734' title='bbox 1196 4741 1395 4811; x_wconf 85' lang='grc' dir='ltr'>Κύριος</span> <span class='ocrx_word' id='word_1_735' title='bbox 1412 4740 1781 4815; x_wconf 69' lang='grc' dir='ltr'>παντοκράτωι</span> 
     </span>
    </p>
   </div>
   <div class='ocr_carea' id='block_1_97' title="bbox 1883 4735 3464 4815">
    <p class='ocr_par' dir='ltr' id='par_1_97' title="bbox 1904 4735 3464 4806">
     <span class='ocr_line' id='line_1_97' title="bbox 1904 4735 3464 4806; baseline -0.002 -14"><span class='ocrx_word' id='word_1_736' title='bbox 1904 4740 2143 4795; x_wconf 87' lang='lat' dir='ltr'><strong>tuebitur</strong></span> <span class='ocrx_word' id='word_1_737' title='bbox 2187 4754 2302 4794; x_wconf 92' lang='lat' dir='ltr'><strong>eos.</strong></span> <span class='ocrx_word' id='word_1_738' title='bbox 2338 4737 2405 4791; x_wconf 90' lang='lat' dir='ltr'><strong>Et</strong></span> <span class='ocrx_word' id='word_1_739' title='bbox 2456 4738 2579 4792; x_wconf 88' lang='lat' dir='ltr'><strong>illos</strong></span> <span class='ocrx_word' id='word_1_740' title='bbox 2632 4736 3081 4806; x_wconf 89' lang='lat' dir='ltr'><strong>pessumdabunt,</strong></span> <span class='ocrx_word' id='word_1_741' title='bbox 3128 4742 3183 4790; x_wconf 90' lang='lat' dir='ltr'><strong>et</strong></span> <span class='ocrx_word' id='word_1_742' title='bbox 3232 4735 3464 4789; x_wconf 89' lang='lat' dir='ltr'><strong>obruent</strong></span> 
     </span>
    </p>
   </div>
   <div class='ocr_carea' id='block_1_98' title="bbox 228 4823 1781 4898">
    <p class='ocr_par' dir='ltr' id='par_1_98' title="bbox 228 4826 1781 4895">
     <span class='ocr_line' id='line_1_98' title="bbox 228 4826 1781 4895; baseline 0.004 -18"><span class='ocrx_word' id='word_1_743' title='bbox 228 4826 558 4895; x_wconf 76' lang='grc' dir='ltr'>ὑπερασπιεῖ</span> <span class='ocrx_word' id='word_1_744' title='bbox 592 4826 767 4879; x_wconf 75' lang='grc' dir='ltr'>αὐτῶν</span> <span class='ocrx_word' id='word_1_745' title='bbox 787 4844 799 4856; x_wconf 87' lang='grc'><strong>·</strong></span> <span class='ocrx_word' id='word_1_746' title='bbox 824 4828 918 4881; x_wconf 70' lang='grc' dir='ltr'><strong>καὶ</strong></span> <span class='ocrx_word' id='word_1_747' title='bbox 959 4827 1429 4883; x_wconf 86' lang='grc' dir='ltr'>καταναλώσουσιν</span> <span class='ocrx_word' id='word_1_748' title='bbox 1459 4830 1671 4893; x_wconf 80' lang='grc' dir='ltr'>αὐτοὺς,</span> <span class='ocrx_word' id='word_1_749' title='bbox 1712 4846 1781 4883; x_wconf 86' lang='grc' dir='ltr'>κα</span> 
     </span>
    </p>
   </div>
   <div class='ocr_carea' id='block_1_99' title="bbox 1883 4823 3465 4898">
    <p class='ocr_par' dir='ltr' id='par_1_99' title="bbox 1901 4823 3465 4898">
     <span class='ocr_line' id='line_1_99' title="bbox 1901 4823 3465 4898; baseline -0.003 -16"><span class='ocrx_word' id='word_1_750' title='bbox 1901 4843 1996 4882; x_wconf 89' lang='lat' dir='ltr'><strong>eos</strong></span> <span class='ocrx_word' id='word_1_751' title='bbox 2025 4826 2293 4898; x_wconf 90' lang='lat' dir='ltr'><strong>lapidibus</strong></span> <span class='ocrx_word' id='word_1_752' title='bbox 2322 4825 2485 4880; x_wconf 90' lang='lat' dir='ltr'><strong>funda</strong></span> <span class='ocrx_word' id='word_1_753' title='bbox 2508 4824 2813 4895; x_wconf 87' lang='lat' dir='ltr'><strong>ejaculatis,</strong></span> <span class='ocrx_word' id='word_1_754' title='bbox 2844 4833 2897 4878; x_wconf 90' lang='lat' dir='ltr'><strong>et</strong></span> <span class='ocrx_word' id='word_1_755' title='bbox 2932 4823 3118 4878; x_wconf 90' lang='lat' dir='ltr'><strong>bibent</strong></span> <span class='ocrx_word' id='word_1_756' title='bbox 3149 4826 3465 4893; x_wconf 82' lang='lat' dir='ltr'><strong>sanguinem</strong></span> 
     </span>
    </p>
   </div>
   <div class='ocr_carea' id='block_1_100' title="bbox 229 4914 1781 4990">
    <p class='ocr_par' dir='ltr' id='par_1_100' title="bbox 229 4914 1781 4990">
     <span class='ocr_line' id='line_1_100' title="bbox 229 4914 1781 4990; baseline 0.003 -22"><span class='ocrx_word' id='word_1_757' title='bbox 229 4914 639 4985; x_wconf 81' lang='grc' dir='ltr'>καταχώσουσιν</span> <span class='ocrx_word' id='word_1_758' title='bbox 664 4917 859 4980; x_wconf 79' lang='grc' dir='ltr'>αὐτοὺς</span> <span class='ocrx_word' id='word_1_759' title='bbox 879 4920 936 4970; x_wconf 81' lang='grc' dir='ltr'>ὲν</span> <span class='ocrx_word' id='word_1_760' title='bbox 963 4917 1129 4980; x_wconf 88' lang='grc' dir='ltr'>λίθοις</span> <span class='ocrx_word' id='word_1_761' title='bbox 1154 4919 1459 4990; x_wconf 74' lang='grc' dir='ltr'>σφενδόνης,</span> <span class='ocrx_word' id='word_1_762' title='bbox 1478 4921 1571 4973; x_wconf 77' lang='grc' dir='ltr'><strong>καὶ</strong></span> <span class='ocrx_word' id='word_1_763' title='bbox 1591 4921 1781 4973; x_wconf 84' lang='grc' dir='ltr'>ὲκπίον</span> 
     </span>
    </p>
   </div>
   <div class='ocr_carea' id='block_1_101' title="bbox 1883 4914 3467 4990">
    <p class='ocr_par' dir='ltr' id='par_1_101' title="bbox 1904 4914 3467 4988">
     <span class='ocr_line' id='line_1_101' title="bbox 1904 4914 3467 4988; baseline -0.002 -16"><span class='ocrx_word' id='word_1_764' title='bbox 1904 4920 2119 4973; x_wconf 91' lang='lat' dir='ltr'><strong>illorum</strong></span> <span class='ocrx_word' id='word_1_765' title='bbox 2148 4918 2304 4988; x_wconf 89' lang='lat' dir='ltr'><strong>quasi</strong></span> <span class='ocrx_word' id='word_1_766' title='bbox 2331 4919 2536 4978; x_wconf 89' lang='lat' dir='ltr'><strong>vinum,</strong></span> <span class='ocrx_word' id='word_1_767' title='bbox 2567 4925 2621 4971; x_wconf 92' lang='lat' dir='ltr'><strong>et</strong></span> <span class='ocrx_word' id='word_1_768' title='bbox 2651 4916 2950 4985; x_wconf 85' lang='lat' dir='ltr'><strong>implebunt</strong></span> <span class='ocrx_word' id='word_1_769' title='bbox 2978 4914 3191 4984; x_wconf 87' lang='lat' dir='ltr'><strong>phialas</strong></span> <span class='ocrx_word' id='word_1_770' title='bbox 3206 4916 3350 4980; x_wconf 89' lang='lat' dir='ltr'><strong>oleo,</strong></span> <span class='ocrx_word' id='word_1_771' title='bbox 3369 4918 3467 4969; x_wconf 89' lang='lat' dir='ltr'><strong>sic-</strong></span> 
     </span>
    </p>
   </div>
   <div class='ocr_carea' id='block_1_102' title="bbox 228 5002 1806 5078">
    <p class='ocr_par' dir='ltr' id='par_1_102' title="bbox 228 5002 1806 5078">
     <span class='ocr_line' id='line_1_102' title="bbox 228 5002 1806 5078; baseline 0.002 -18"><span class='ocrx_word' id='word_1_772' title='bbox 228 5024 322 5060; x_wconf 86' lang='grc' dir='ltr'><strong>ται</strong></span> <span class='ocrx_word' id='word_1_773' title='bbox 342 5006 401 5059; x_wconf 77' lang='grc' dir='ltr'><strong>τὸ</strong></span> <span class='ocrx_word' id='word_1_774' title='bbox 429 5002 565 5077; x_wconf 79' lang='grc' dir='ltr'>αἷμα</span> <span class='ocrx_word' id='word_1_775' title='bbox 594 5007 773 5059; x_wconf 78' lang='grc' dir='ltr'>αὐτῶν</span> <span class='ocrx_word' id='word_1_776' title='bbox 791 5008 865 5071; x_wconf 87' lang='grc' dir='ltr'><strong>ὡς</strong></span> <span class='ocrx_word' id='word_1_777' title='bbox 884 5004 1042 5069; x_wconf 72' lang='grc' dir='ltr'>οἶνον,</span> <span class='ocrx_word' id='word_1_778' title='bbox 1069 5009 1161 5061; x_wconf 73' lang='grc' dir='ltr'>καὶ</span> <span class='ocrx_word' id='word_1_779' title='bbox 1190 5009 1453 5078; x_wconf 89' lang='grc' dir='ltr'>πλήσουσι</span> <span class='ocrx_word' id='word_1_780' title='bbox 1481 5009 1580 5073; x_wconf 82' lang='grc' dir='ltr'><strong>τὰς</strong></span> <span class='ocrx_word' id='word_1_781' title='bbox 1610 5010 1806 5078; x_wconf 79' lang='grc' dir='ltr'>φιάλας</span> 
     </span>
    </p>
   </div>
   <div class='ocr_carea' id='block_1_103' title="bbox 231 5102 1794 5176">
    <p class='ocr_par' dir='ltr' id='par_1_103' title="bbox 231 5102 1794 5176">
     <span class='ocr_line' id='line_1_103' title="bbox 231 5102 1794 5176; baseline 0.001 -19"><span class='ocrx_word' id='word_1_782' title='bbox 231 5102 413 5157; x_wconf 73' lang='grc' dir='ltr'>ἐλαίου</span> <span class='ocrx_word' id='word_1_783' title='bbox 444 5104 519 5164; x_wconf 83' lang='grc' dir='ltr'>ὡς</span> <span class='ocrx_word' id='word_1_784' title='bbox 547 5104 945 5174; x_wconf 76' lang='grc' dir='ltr'>θυσιαστήριον.</span> <span class='ocrx_word' id='word_1_785' title='bbox 966 5124 984 5156; x_wconf 78' lang='grc' dir='ltr'>ι</span> <span class='ocrx_word' id='word_1_786' title='bbox 1013 5105 1050 5156; x_wconf 87' lang='grc' dir='ltr'><strong><em>Γ</em></strong></span> <span class='ocrx_word' id='word_1_787' title='bbox 1054 5106 1301 5175; x_wconf 87' lang='grc' dir='ltr'>ενήσεται</span> <span class='ocrx_word' id='word_1_788' title='bbox 1323 5105 1377 5157; x_wconf 81' lang='grc' dir='ltr'>δὲ</span> <span class='ocrx_word' id='word_1_789' title='bbox 1406 5104 1794 5176; x_wconf 78' lang='grc' dir='ltr'>ταῦτα,φησὶν,</span> 
     </span>
    </p>
   </div>
   <div class='ocr_carea' id='block_1_104' title="bbox 232 5191 1799 5265">
    <p class='ocr_par' dir='ltr' id='par_1_104' title="bbox 232 5191 1799 5265">
     <span class='ocr_line' id='line_1_104' title="bbox 232 5191 1799 5265; baseline 0.002 -21"><span class='ocrx_word' id='word_1_790' title='bbox 232 5191 423 5262; x_wconf 75' lang='grc' dir='ltr'>ἐπειδὴ</span> <span class='ocrx_word' id='word_1_791' title='bbox 479 5192 608 5255; x_wconf 79' lang='grc' dir='ltr'><strong>Θεὸς</strong></span> <span class='ocrx_word' id='word_1_792' title='bbox 662 5193 979 5264; x_wconf 78' lang='grc' dir='ltr'>στρατηγῶν</span> <span class='ocrx_word' id='word_1_793' title='bbox 1036 5194 1164 5263; x_wconf 81' lang='grc' dir='ltr'>ὑμῖν</span> <span class='ocrx_word' id='word_1_794' title='bbox 1221 5194 1446 5265; x_wconf 80' lang='grc' dir='ltr'>φοϐερὸν</span> <span class='ocrx_word' id='word_1_795' title='bbox 1501 5195 1642 5248; x_wconf 85' lang='grc' dir='ltr'><strong>κατά</strong></span> <span class='ocrx_word' id='word_1_796' title='bbox 1690 5196 1799 5248; x_wconf 89' lang='grc' dir='ltr'><strong>τῶν</strong></span> 
     </span>
    </p>
   </div>
   <div class='ocr_carea' id='block_1_105' title="bbox 232 5280 1801 5356">
    <p class='ocr_par' dir='ltr' id='par_1_105' title="bbox 232 5280 1801 5356">
     <span class='ocr_line' id='line_1_105' title="bbox 232 5280 1801 5356; baseline 0.004 -24"><span class='ocrx_word' id='word_1_797' title='bbox 232 5280 661 5349; x_wconf 72' lang='grc' dir='ltr'>ἐναντιουμένων</span> <span class='ocrx_word' id='word_1_798' title='bbox 715 5282 841 5352; x_wconf 81' lang='grc' dir='ltr'>ὑμῖν</span> <span class='ocrx_word' id='word_1_799' title='bbox 886 5284 1155 5336; x_wconf 88' lang='grc' dir='ltr'>ἀνατείνει</span> <span class='ocrx_word' id='word_1_800' title='bbox 1188 5284 1248 5336; x_wconf 86' lang='grc' dir='ltr'>τὸ</span> <span class='ocrx_word' id='word_1_801' title='bbox 1299 5284 1483 5355; x_wconf 73' lang='grc' dir='ltr'>ὄμμα,</span> <span class='ocrx_word' id='word_1_802' title='bbox 1513 5285 1801 5356; x_wconf 86' lang='grc' dir='ltr'>ἀστραπῆς</span> 
     </span>
    </p>
   </div>
   <div class='ocr_carea' id='block_1_106' title="bbox 230 5371 1804 5447">
    <p class='ocr_par' dir='ltr' id='par_1_106' title="bbox 230 5371 1804 5447">
     <span class='ocr_line' id='line_1_106' title="bbox 230 5371 1804 5447; baseline 0.003 -23"><span class='ocrx_word' id='word_1_803' title='bbox 230 5371 391 5440; x_wconf 88' lang='grc' dir='ltr'>δίκην</span> <span class='ocrx_word' id='word_1_804' title='bbox 426 5372 752 5439; x_wconf 72' lang='grc' dir='ltr'>ἐπιπέμπων</span> <span class='ocrx_word' id='word_1_805' title='bbox 798 5373 977 5438; x_wconf 70' lang='grc' dir='ltr'>αὐτοῖς</span> <span class='ocrx_word' id='word_1_806' title='bbox 1030 5375 1099 5429; x_wconf 85' lang='grc' dir='ltr'><strong>τά</strong></span> <span class='ocrx_word' id='word_1_807' title='bbox 1144 5375 1267 5446; x_wconf 81' lang='grc' dir='ltr'>ξίφη</span> <span class='ocrx_word' id='word_1_808' title='bbox 1295 5390 1308 5406; x_wconf 90' lang='grc'><strong>·</strong></span> <span class='ocrx_word' id='word_1_809' title='bbox 1346 5376 1438 5429; x_wconf 81' lang='grc' dir='ltr'><strong>καὶ</strong></span> <span class='ocrx_word' id='word_1_810' title='bbox 1480 5374 1669 5447; x_wconf 83' lang='grc' dir='ltr'>ὥσπερ</span> <span class='ocrx_word' id='word_1_811' title='bbox 1698 5376 1804 5428; x_wconf 77' lang='grc' dir='ltr'>τινὶ</span> 
     </span>
    </p>
   </div>
   <div class='ocr_carea' id='block_1_107' title="bbox 306 5483 879 5550">
    <p class='ocr_par' dir='ltr' id='par_1_107' title="bbox 306 5483 879 5550">
     <span class='ocr_line' id='line_1_107' title="bbox 306 5483 879 5550; baseline 0.01 -13"><span class='ocrx_word' id='word_1_812' title='bbox 306 5486 354 5519; x_wconf 80' lang='grc'><strong>⁸⁸</strong></span> <span class='ocrx_word' id='word_1_813' title='bbox 391 5483 535 5541; x_wconf 84' lang='lat' dir='ltr'><strong>Psal.</strong></span> <span class='ocrx_word' id='word_1_814' title='bbox 576 5486 879 5550; x_wconf 77' lang='lat' dir='ltr'><strong>Lxxr,5—8.</strong></span> 
     </span>
    </p>
   </div>
   <div class='ocr_carea' id='block_1_108' title="bbox 233 5602 1804 5675">
    <p class='ocr_par' dir='ltr' id='par_1_108' title="bbox 233 5602 1804 5675">
     <span class='ocr_line' id='line_1_108' title="bbox 233 5602 1804 5675; baseline -0.001 -16"><span class='ocrx_word' id='word_1_815' title='bbox 233 5615 437 5675; x_wconf 79' lang='lat' dir='ltr'><strong>gantur</strong></span> <span class='ocrx_word' id='word_1_816' title='bbox 461 5603 796 5675; x_wconf 74' lang='lat' dir='ltr'><strong>Augustinus</strong></span> <span class='ocrx_word' id='word_1_817' title='bbox 820 5605 874 5675; x_wconf 80' lang='lat' dir='ltr'><strong>in</strong></span> <span class='ocrx_word' id='word_1_818' title='bbox 905 5602 1064 5675; x_wconf 79' lang='lat' dir='ltr'><strong>Joan.</strong></span> <span class='ocrx_word' id='word_1_819' title='bbox 1089 5618 1252 5675; x_wconf 84' lang='lat' dir='ltr'><strong>serm.</strong></span> <span class='ocrx_word' id='word_1_820' title='bbox 1277 5602 1804 5675; x_wconf 71' lang='lat' dir='ltr'><strong>51,Chrysostomus</strong></span> 
     </span>
    </p>
   </div>
   <div class='ocr_carea' id='block_1_109' title="bbox 235 5670 1802 5744">
    <p class='ocr_par' dir='ltr' id='par_1_109' title="bbox 235 5670 1802 5744">
     <span class='ocr_line' id='line_1_109' title="bbox 235 5670 1802 5744; baseline -0.004 -15"><span class='ocrx_word' id='word_1_821' title='bbox 235 5670 368 5729; x_wconf 75' lang='lat' dir='ltr'><strong>item</strong></span> <span class='ocrx_word' id='word_1_822' title='bbox 409 5675 460 5727; x_wconf 80' lang='lat' dir='ltr'><strong>in</strong></span> <span class='ocrx_word' id='word_1_823' title='bbox 493 5670 654 5744; x_wconf 55' lang='lat' dir='ltr'><strong>(dan.</strong></span> <span class='ocrx_word' id='word_1_824' title='bbox 692 5674 882 5744; x_wconf 71' lang='lat' dir='ltr'><strong>homii.</strong></span> <span class='ocrx_word' id='word_1_825' title='bbox 923 5673 1018 5739; x_wconf 83' lang='lat'><strong>66,</strong></span> <span class='ocrx_word' id='word_1_826' title='bbox 1044 5674 1298 5744; x_wconf 71' lang='lat' dir='ltr'><strong>Cyrinus.</strong></span> <span class='ocrx_word' id='word_1_827' title='bbox 1330 5670 1518 5744; x_wconf 58' lang='lat' dir='ltr'><strong>comm}</strong></span> <span class='ocrx_word' id='word_1_828' title='bbox 1558 5673 1611 5725; x_wconf 84' lang='lat' dir='ltr'><strong>in</strong></span> <span class='ocrx_word' id='word_1_829' title='bbox 1642 5670 1802 5744; x_wconf 57' lang='lat' dir='ltr'><strong>long.</strong></span> 
     </span>
    </p>
   </div>
   <div class='ocr_carea' id='block_1_110' title="bbox 225 5739 1802 5815">
    <p class='ocr_par' dir='ltr' id='par_1_110' title="bbox 225 5739 1802 5815">
     <span class='ocr_line' id='line_1_110' title="bbox 225 5739 1802 5815; baseline -0.003 -14"><span class='ocrx_word' id='word_1_830' title='bbox 225 5759 363 5815; x_wconf 76' lang='lat' dir='ltr'><strong>Opp.</strong></span> <span class='ocrx_word' id='word_1_831' title='bbox 396 5744 457 5799; x_wconf 84' lang='grc' dir='ltr'><strong>Τ.</strong></span> <span class='ocrx_word' id='word_1_832' title='bbox 490 5742 578 5808; x_wconf 70' lang='grc' dir='ltr'><strong>ιν,</strong></span> <span class='ocrx_word' id='word_1_833' title='bbox 612 5759 667 5814; x_wconf 92' lang='lat' dir='ltr'><strong>p.</strong></span> <span class='ocrx_word' id='word_1_834' title='bbox 702 5743 823 5809; x_wconf 77' lang='lat'><strong>698,</strong></span> <span class='ocrx_word' id='word_1_835' title='bbox 857 5739 1104 5814; x_wconf 74' lang='lat' dir='ltr'><strong>denique</strong></span> <span class='ocrx_word' id='word_1_836' title='bbox 1122 5742 1558 5812; x_wconf 72' lang='lat' dir='ltr'><strong>Thcophylactus</strong></span> <span class='ocrx_word' id='word_1_837' title='bbox 1591 5758 1715 5812; x_wconf 85' lang='lat' dir='ltr'><strong>opp.</strong></span> <span class='ocrx_word' id='word_1_838' title='bbox 1738 5739 1802 5797; x_wconf 87' lang='grc' dir='ltr'><strong>Τ.</strong></span> 
     </span>
    </p>
   </div>
   <div class='ocr_carea' id='block_1_111' title="bbox 1905 5003 3465 5075">
    <p class='ocr_par' dir='ltr' id='par_1_111' title="bbox 1905 5003 3465 5075">
     <span class='ocr_line' id='line_1_111' title="bbox 1905 5003 3465 5075; baseline -0.003 -14"><span class='ocrx_word' id='word_1_839' title='bbox 1905 5017 1962 5062; x_wconf 91' lang='grc' dir='ltr'><strong>ιιι</strong></span> <span class='ocrx_word' id='word_1_840' title='bbox 1991 5008 2179 5061; x_wconf 86' lang='lat' dir='ltr'><strong>altare.</strong></span> <span class='ocrx_word' id='word_1_841' title='bbox 2207 5026 2226 5058; x_wconf 73' lang='grc' dir='ltr'><strong>ι</strong></span> <span class='ocrx_word' id='word_1_842' title='bbox 2271 5003 2426 5060; x_wconf 87' lang='lat' dir='ltr'><strong>Fient</strong></span> <span class='ocrx_word' id='word_1_843' title='bbox 2452 5006 2585 5069; x_wconf 65' lang='lat' dir='ltr'><strong>haec,</strong></span> <span class='ocrx_word' id='word_1_844' title='bbox 2612 5005 2807 5075; x_wconf 87' lang='lat' dir='ltr'><strong>inquit,</strong></span> <span class='ocrx_word' id='word_1_845' title='bbox 2838 5006 2964 5074; x_wconf 88' lang='lat' dir='ltr'><strong>quia</strong></span> <span class='ocrx_word' id='word_1_846' title='bbox 3000 5004 3163 5067; x_wconf 85' lang='lat' dir='ltr'><strong>Deus,</strong></span> <span class='ocrx_word' id='word_1_847' title='bbox 3199 5005 3465 5060; x_wconf 88' lang='lat' dir='ltr'><strong>bellorum</strong></span> 
     </span>
    </p>
   </div>
   <div class='ocr_carea' id='block_1_112' title="bbox 1903 5094 3466 5163">
    <p class='ocr_par' dir='ltr' id='par_1_112' title="bbox 1903 5094 3466 5163">
     <span class='ocr_line' id='line_1_112' title="bbox 1903 5094 3466 5163; baseline -0.005 -10"><span class='ocrx_word' id='word_1_848' title='bbox 1903 5106 2207 5154; x_wconf 88' lang='lat' dir='ltr'><strong>vestrorum</strong></span> <span class='ocrx_word' id='word_1_849' title='bbox 2242 5096 2375 5163; x_wconf 79' lang='lat' dir='ltr'><strong>dux,</strong></span> <span class='ocrx_word' id='word_1_850' title='bbox 2413 5096 2704 5151; x_wconf 88' lang='lat' dir='ltr'><strong>terribilem</strong></span> <span class='ocrx_word' id='word_1_851' title='bbox 2736 5095 2998 5150; x_wconf 84' lang='lat' dir='ltr'><strong>adversus</strong></span> <span class='ocrx_word' id='word_1_852' title='bbox 3030 5094 3216 5150; x_wconf 88' lang='lat' dir='ltr'><strong>hostes</strong></span> <span class='ocrx_word' id='word_1_853' title='bbox 3251 5095 3466 5149; x_wconf 88' lang='lat' dir='ltr'><strong>oculum</strong></span> 
     </span>
    </p>
   </div>
   <div class='ocr_carea' id='block_1_113' title="bbox 1906 5184 3469 5258">
    <p class='ocr_par' dir='ltr' id='par_1_113' title="bbox 1906 5184 3469 5258">
     <span class='ocr_line' id='line_1_113' title="bbox 1906 5184 3469 5258; baseline -0.006 -12"><span class='ocrx_word' id='word_1_854' title='bbox 1906 5192 2159 5257; x_wconf 90' lang='lat' dir='ltr'><strong>intendit,</strong></span> <span class='ocrx_word' id='word_1_855' title='bbox 2191 5189 2419 5258; x_wconf 82' lang='lat' dir='ltr'><strong>fulguris</strong></span> <span class='ocrx_word' id='word_1_856' title='bbox 2465 5187 2635 5241; x_wconf 89' lang='lat' dir='ltr'><strong>instar</strong></span> <span class='ocrx_word' id='word_1_857' title='bbox 2664 5186 2964 5241; x_wconf 89' lang='lat' dir='ltr'><strong>immittens</strong></span> <span class='ocrx_word' id='word_1_858' title='bbox 2993 5186 3071 5240; x_wconf 88' lang='lat' dir='ltr'><strong>eis</strong></span> <span class='ocrx_word' id='word_1_859' title='bbox 3114 5184 3364 5254; x_wconf 90' lang='lat' dir='ltr'><strong>gladios:</strong></span> <span class='ocrx_word' id='word_1_860' title='bbox 3418 5193 3469 5237; x_wconf 88' lang='lat' dir='ltr'><strong>et</strong></span> 
     </span>
    </p>
   </div>
   <div class='ocr_carea' id='block_1_114' title="bbox 1908 5266 3471 5351">
    <p class='ocr_par' dir='ltr' id='par_1_114' title="bbox 1908 5266 3471 5351">
     <span class='ocr_line' id='line_1_114' title="bbox 1908 5266 3471 5351; baseline -0.004 -15"><span class='ocrx_word' id='word_1_861' title='bbox 1908 5291 2162 5351; x_wconf 90' lang='lat' dir='ltr'><strong>tanquam</strong></span> <span class='ocrx_word' id='word_1_862' title='bbox 2193 5266 2424 5336; x_wconf 83' lang='lat' dir='ltr'><strong>classico</strong></span> <span class='ocrx_word' id='word_1_863' title='bbox 2451 5278 2707 5348; x_wconf 86' lang='lat' dir='ltr'><strong>quodam,</strong></span> <span class='ocrx_word' id='word_1_864' title='bbox 2756 5278 2957 5333; x_wconf 90' lang='lat' dir='ltr'><strong>virtute</strong></span> <span class='ocrx_word' id='word_1_865' title='bbox 3001 5293 3121 5341; x_wconf 86' lang='lat' dir='ltr'><strong>sua,</strong></span> <span class='ocrx_word' id='word_1_866' title='bbox 3154 5292 3251 5333; x_wconf 87' lang='lat' dir='ltr'><strong>vos</strong></span> <span class='ocrx_word' id='word_1_867' title='bbox 3282 5292 3471 5331; x_wconf 80' lang='lat' dir='ltr'><strong>omnes</strong></span> 
     </span>
    </p>
   </div>
   <div class='ocr_carea' id='block_1_115' title="bbox 1910 5369 3470 5436">
    <p class='ocr_par' dir='ltr' id='par_1_115' title="bbox 1910 5369 3470 5436">
     <span class='ocr_line' id='line_1_115' title="bbox 1910 5369 3470 5436; baseline -0.004 -8"><span class='ocrx_word' id='word_1_868' title='bbox 1910 5376 1978 5429; x_wconf 92' lang='lat' dir='ltr'><strong>ad</strong></span> <span class='ocrx_word' id='word_1_869' title='bbox 2019 5375 2214 5430; x_wconf 87' lang='lat' dir='ltr'><strong>bellum</strong></span> <span class='ocrx_word' id='word_1_870' title='bbox 2250 5372 2552 5436; x_wconf 84' lang='lat' dir='ltr'><strong>concitans,</strong></span> <span class='ocrx_word' id='word_1_871' title='bbox 2583 5371 2695 5427; x_wconf 77' lang='lat' dir='ltr'><strong>dux</strong></span> <span class='ocrx_word' id='word_1_872' title='bbox 2740 5381 2921 5425; x_wconf 85' lang='lat' dir='ltr'><strong>vester</strong></span> <span class='ocrx_word' id='word_1_873' title='bbox 2973 5370 3098 5435; x_wconf 88' lang='lat' dir='ltr'><strong>erit,</strong></span> <span class='ocrx_word' id='word_1_874' title='bbox 3148 5370 3312 5424; x_wconf 88' lang='lat' dir='ltr'><strong>minis</strong></span> <span class='ocrx_word' id='word_1_875' title='bbox 3357 5369 3470 5423; x_wconf 86' lang='lat' dir='ltr'><strong>suis</strong></span> 
     </span>
    </p>
   </div>
   <div class='ocr_carea' id='block_1_116' title="bbox 1912 5601 3471 5674">
    <p class='ocr_par' dir='ltr' id='par_1_116' title="bbox 1912 5601 3471 5674">
     <span class='ocr_line' id='line_1_116' title="bbox 1912 5601 3471 5674; baseline 0.001 -16"><span class='ocrx_word' id='word_1_876' title='bbox 1912 5606 1956 5667; x_wconf 85' lang='lat' dir='ltr'><strong>I,</strong></span> <span class='ocrx_word' id='word_1_877' title='bbox 2013 5620 2065 5673; x_wconf 91' lang='lat' dir='ltr'><strong>p.</strong></span> <span class='ocrx_word' id='word_1_878' title='bbox 2119 5604 2243 5666; x_wconf 76' lang='lat'><strong>673,</strong></span> <span class='ocrx_word' id='word_1_879' title='bbox 2286 5604 2374 5659; x_wconf 87' lang='lat' dir='ltr'><strong>ed.</strong></span> <span class='ocrx_word' id='word_1_880' title='bbox 2421 5604 2586 5666; x_wconf 53' lang='lat' dir='ltr'><strong>Verr,</strong></span> <span class='ocrx_word' id='word_1_881' title='bbox 2638 5604 2731 5673; x_wconf 87' lang='lat' dir='ltr'><strong>qui</strong></span> <span class='ocrx_word' id='word_1_882' title='bbox 2785 5619 2973 5659; x_wconf 88' lang='lat' dir='ltr'><strong>omnes</strong></span> <span class='ocrx_word' id='word_1_883' title='bbox 3021 5602 3359 5674; x_wconf 82' lang='lat' dir='ltr'><strong>prOphetiam</strong></span> <span class='ocrx_word' id='word_1_884' title='bbox 3406 5601 3471 5659; x_wconf 74' lang='lat' dir='ltr'><strong>de</strong></span> 
     </span>
    </p>
   </div>
   <div class='ocr_carea' id='block_1_117' title="bbox 1911 5675 2840 5745">
    <p class='ocr_par' dir='ltr' id='par_1_117' title="bbox 1911 5675 2840 5745">
     <span class='ocr_line' id='line_1_117' title="bbox 1911 5675 2840 5745; baseline -0.004 -14"><span class='ocrx_word' id='word_1_885' title='bbox 1911 5675 2129 5731; x_wconf 80' lang='lat' dir='ltr'><strong>Christo</strong></span> <span class='ocrx_word' id='word_1_886' title='bbox 2158 5676 2477 5745; x_wconf 86' lang='lat' dir='ltr'><strong>simpliciter</strong></span> <span class='ocrx_word' id='word_1_887' title='bbox 2519 5677 2840 5744; x_wconf 75' lang='lat' dir='ltr'><strong>intelligunt.</strong></span> 
     </span>
    </p>
   </div>
  </div>
