3830 6216
359 420 365 431 _
433 359 539 417 es:

1594 359 1941 417 ΤηΕοῡοιιι
1979 361 2460 418 MOPSUESTENI

3568 361 3667 412 ἔ)δῶ

434 487 664 533 cunctos
687 478 936 547 quatiens
959 475 1332 532 adversarios:
1359 482 1649 548 tantasque
1674 480 1830 536 vobis
1852 481 2002 536 favo-

2121 481 2366 550 ςάλπιγγι
2387 483 2452 552 τῇ
2482 480 2656 550 οἰκείᾳ
2687 478 2910 548 δυνάμει
2937 476 3143 538 πάντας
3164 475 3305 545 ὑμᾶς
3335 477 3412 538 εἰς
3445 474 3532 527 τὸν
3575 478 3671 527 πό-

436 585 493 624 re
521 586 624 624 suo
667 569 945 639 suppetias
979 567 1145 631 feret,
1202 575 1259 621 ut
1295 568 1666 623 incolumitate
1701 570 1854 624 vobis
1885 585 2002 623 ma-

374 683 380 690 ’
437 671 620 724 nente,
655 660 998 715 adversarios
1042 675 1232 716 onmes
1281 661 1630 725 interimatis,
1663 670 1717 716 et
1768 662 2002 732 lapidum

439 755 636 807 ictibus
679 753 960 817 obruatis;
987 754 1303 822 sanguinem
1339 754 1574 823 denique
1617 754 1832 808 illorum
1886 769 2007 824 pro-

436 852 556 913 pter
587 843 806 896 nimiam
836 842 1153 896 effusionem
1188 843 1576 912 propemodum
1611 847 1796 900 bibere
1828 848 2007 900 videa-

436 933 590 994 mini,
621 932 748 986 dum
788 932 920 986 cwdi
971 933 1186 986 illorum
1235 936 1405 987 multa
1434 952 1557 989 cum
1611 937 1892 992 alacritate
1927 939 2007 992 in-

435 1022 690 1092 dulgetis.
717 1024 896 1092 Atque
919 1023 992 1076 ita
1023 1032 1143 1091 post
1175 1024 1456 1077 victoriam
1484 1026 1672 1096 plenas
1705 1029 1825 1081 olcn
1857 1029 2008 1097 phia-

436 1114 538 1175 las,
571 1115 830 1168 sacriﬁcii
874 1115 1052 1170 instar
1089 1115 1198 1169 Deo
1230 1116 1491 1181 olferetis,
1526 1116 1600 1171 ob
1627 1118 2008 1171 demonstran-

435 1205 559 1257 dam
599 1204 736 1273 (Dei)
764 1206 1128 1271 clementiam,
1161 1224 1188 1260 a
1220 1223 1324 1276 qua
1363 1215 1543 1262 tantas
1571 1210 1714 1264 vires
1762 1212 2011 1278 impetra-

435 1297 559 1350 stis.
590 1295 712 1350 Mox
745 1297 1016 1352 subnectit
1048 1297 1162 1352 fore
1199 1309 1255 1352 ut
1281 1297 1419 1354 Deus
1439 1315 1569 1354 suos
1597 1314 1785 1355 omnes
1815 1301 2006 1364 salvet,

434 1387 618 1440 ovium
651 1387 826 1442 instar
864 1390 1166 1444 incolumes
1195 1390 1541 1456 custodiens;
1573 1390 1730 1460 cujus
1765 1392 1841 1445 rei
1873 1407 2007 1445 cau-

436 1493 554 1532 sam
579 1479 842 1542 recitaus,
881 1476 1048 1543 «Quia
1085 1479 1291 1550 lapides
1327 1483 1523 1547 sancti,
1555 1482 1751 1552 inquit,
1780 1483 2009 1536 volvun-

437 1581 527 1622 tur
557 1585 724 1640 super
753 1582 952 1625 terram
984 1571 1145 1642 337
1174 1573 1316 1642 ejus,
1363 1574 1491 1643 quia
1525 1575 1571 1628 si
1613 1575 1742 1644 quid
1775 1575 2006 1638 bonum,

435 1659 590 1726 ejus;
621 1669 672 1713 et
704 1659 750 1714 si
784 1659 914 1730 quid
940 1662 1250 1729 pulchrum,
1280 1662 1421 1732 ejus.
1453 1682 1471 1715 ι
1507 1663 1660 1717 Multi
1706 1667 1874 1729 enim,
1923 1664 2008 1718 in-

438 1751 577 1817 quit,
608 1751 748 1805 inter
792 1767 890 1806 vos
921 1752 1164 1807 invenire
1192 1761 1276 1809 est
1318 1755 1538 1810 virtutis
1585 1756 1884 1820 studiosos,
1913 1756 2008 1826 qui

2107 575 2270 644 λεμον
2321 573 2608 644 διεγείρας,
2645 571 3014 642 προηγήσεται
3053 566 3226 638 ὑμῶν,
3260 570 3325 638 τῇ
3374 567 3564 639 ἀπειλῇ
3608 571 3666 637 τῇ

2111 667 2216 738 ἰδίᾳ
2266 668 2473 728 πάντας
2523 665 2760 718 σαλεύων
2804 664 2928 726 τούς
2967 662 3240 722 ἐναντίους
3270 679 3285 692 ·
3317 659 3580 730 τοσαύτην
3610 677 3669 712 τε

2107 759 2235 828 ὑμῖν
2257 757 2478 826 παρέξει
2507 756 2596 807 διά
2623 755 2722 823 τῆς
2747 753 2950 815 οἰκείας
2972 753 3259 824 συνεργίας
3278 749 3378 822 τὴν
3402 749 3666 821 βοήθειαν,

2107 847 2246 900 ὥστε
2298 848 2438 915 ὑμᾶς
2473 844 2726 907 ἀϐλαϐεῖς
2755 843 3051 913 διαμεῖναι,
3087 842 3178 894 καὶ⁸
3230 842 3354 904 τοὺς
3403 841 3670 901 ἐναντίους

2109 937 2488 990 καταναλῶσαι
2515 935 2754 998 πάντας·
2785 934 2876 986 καὶ
2902 935 3020 996 ταῖς
3041 932 3148 985 τῶν
3171 931 3332 983 λίθων
3361 928 3672 1000 καταχῶσαι

2111 1027 2312 1096 βολαῖς,
2343 1028 2403 1079 τὺ
2432 1022 2568 1096 αἷμά
2600 1044 2659 1079 τε
2680 1024 2857 1078 αὐτῶν
2889 1027 2953 1094 τῇ
2987 1021 3254 1093 ὑπερϐολῇ
3281 1025 3380 1093 τῆς
3404 1021 3672 1091 ἐκχύσεως

2113 1122 2270 1192 μόνον
2301 1120 2400 1172 οὐκ
2435 1121 2664 1181 ἐκπιεῖν,
2711 1117 2877 1186 πολλῇ
2912 1117 2977 1186 τῇ
3011 1115 3110 1184 τῆς
3142 1112 3469 1183 ἀναιρέσεως
3499 1110 3675 1163 αὐτῶν

2111 1210 2388 1282 προθυμίᾳ
2431 1208 2836 1279 κεχρημένους·
2863 1205 3002 1258 ὥστε
3035 1203 3172 1275 μετὰ
3218 1203 3316 1273 τὴν
3363 1203 3520 1272 νίκην
3543 1201 3679 1270 πλη-

2115 1301 2390 1374 ρώσαντας
2422 1302 2565 1370 ὑμᾶς
2589 1298 2769 1351 ἐλαίου
2793 1296 3012 1367 φιάλας,
3050 1294 3238 1356 θυσίας
3268 1293 3422 1363 δίκην
3455 1290 3532 1361 τῷ
3559 1290 3678 1360 Θεῷ

2112 1392 2497 1466 προσκομίσαι,
2531 1391 2607 1463 (p.
2635 1391 2757 1457 502)
2794 1390 2872 1452 εἰς
2899 1388 3115 1457 ἔλεγχον
3145 1387 3242 1455 τῆς
3272 1381 3678 1453 φιλανθρωπίας

2110 1486 2176 1538 δι’
2213 1485 2278 1554 ἢν
2309 1484 2643 1553 τετυχήκατε
2682 1482 2784 1550 τῆς
2837 1479 3106 1548 τοσαύτης
3132 1478 3430 1547 δυνάμεως.
3457 1473 3679 1534 Τούτοις

2111 1574 2418 1638 ἀκολούθως
2472 1575 2688 1642 ἐπάγει,
2715 1573 2794 1626 ὅτι
2847 1573 3054 1634 πάντας
3084 1571 3210 1632 τοὺς
3241 1568 3473 1629 οἰκείους
3525 1581 3679 1635 περι-

2112 1671 2275 1723 σώσει
2329 1668 2480 1730 Θεὸς,
2532 1667 2819 1738 προϐάτων
2869 1665 3020 1734 δίκην
3062 1661 3317 1722 ἀϐλαϐεῖς
3358 1657 3674 1728 φυλάττων·

2112 1760 2206 1813 καὶ
2237 1760 2334 1829 τὴν
2363 1756 2540 1810 αἰτίαν
2571 1756 2762 1823 λέγων,
2803 1773 2819 1804 ι
2858 1753 3002 1810 Διότι
3038 1752 3174 1805 λίθοι
3211 1751 3353 1818 ἅγιοι
3404 1747 3677 1801 κυλίονται

439 1857 563 1894 cum
603 1843 828 1912 reliquis
877 1844 1192 1900 hominibus
1239 1847 1294 1898 in
1342 1854 1485 1900 terra
1517 1863 1704 1917 repere
1739 1848 2010 1910 videntur,

2121 1852 2206 1904 ἐπὶ
2234 1850 2332 1918 τῆς
2362 1850 2461 1920 γῆς
2489 1847 2653 1903 αὐτοῦ
2674 1863 2688 1876 ·
2721 1848 2801 1899 ὅτι
2822 1844 2875 1897 εί
2907 1862 2958 1896 τι
3005 1842 3229 1910 ἀγαθὸν,
3261 1839 3425 1893 αὐτοῦ
3451 1856 3464 1869 ·
3494 1836 3592 1890 καὶ
3631 1835 3681 1886 ετ

442 1936 615 2004 ignoti
646 1937 914 2006 pluribus.
946 1939 1016 1990 At
1047 1937 1188 1994 Deus
1217 1938 1412 1992 horum
1443 1939 1640 2007 gratia,
1669 1954 1736 1993 ne
1765 1939 2011 2010 reliquos

2121 1961 2159 1996 ιι
2209 1941 2391 2005 καλὸν,
2429 1938 2612 1993 αὐτοῦ.
2659 1957 2677 1989 ι
2714 1937 2946 2000 Πολλοὺς
2977 1937 3074 2007 μὲν
3121 1935 3228 2006 γάρ
3277 1935 3334 1986 ἐν
3374 1932 3501 2002 ὑμῖν
3543 1924 3677 1981 εἶναι

438 2027 656 2095 quidem
688 2029 972 2098 despiciet.
1005 2028 1142 2091 Nam
1170 2029 1430 2099 quidquid
1463 2030 1664 2084 bonum
1692 2031 2012 2100 pulchrum-

2121 2032 2424 2103 ςυμϐέϐηκε
2445 2071 2459 2095 ,
2487 2032 2680 2101 φησιν,
2710 2028 2910 2098 ἀρετῆς
2954 2023 3411 2096 ἐπιμελομένους,
3441 2019 3491 2073 οἳ
3545 2015 3678 2088 μετά

435 2135 544 2188 que
567 2129 671 2183 est,
704 2137 844 2190 opus
874 2121 1022 2176 illius
1051 2131 1168 2177 est:
1210 2122 1441 2192 ideoque
1471 2130 1784 2178 sanctorum
1815 2132 1869 2177 et
1901 2124 2012 2178 vir-

437 2212 569 2266 tutis
621 2219 954 2265 sectatorum
1004 2213 1222 2267 sibimet
1256 2213 1543 2268 vindicans
1577 2215 1883 2283 passiones,
1919 2229 2013 2282 pa-

439 2311 588 2356 ratus
628 2311 712 2357 est
763 2304 918 2358 alteri
971 2321 1188 2374 quoque
1232 2315 1452 2375 pr0pter
1481 2306 1603 2360 illos
1631 2306 1770 2361 bene
1805 2305 2003 2359 facere.

437 2397 700 2453 Posthinc
753 2399 1056 2453 ubertatem
1113 2416 1330 2469 quoque
1379 2401 1514 2470 ipsis
1562 2401 1826 2456 nuntians
1883 2410 2007 2471 post

438 2489 676 2543 hostium
707 2491 931 2554 caedem,
953 2491 1123 2559 pergit
1155 2491 1370 2545 dicere:

2106 2123 2214 2176 τῶν
2253 2123 2453 2177 λοιπῶν
2479 2121 2777 2192 ἀνθρώπων
2818 2119 2910 2172 ἐπὶ
2941 2119 3038 2187 τῆς
3073 2117 3174 2186 γῆς
3198 2116 3385 2184 ἕρπειν
3409 2109 3676 2170 δοκοῦσιν,

2108 2215 2334 2284 ἀφανεῖς
2356 2215 2507 2277 ὄντες
2532 2216 2641 2276 τοῖς
2668 2211 2906 2275 πολλοῖς·
2939 2210 3068 2272 Θεὸς
3108 2208 3162 2261 δέ
3197 2207 3263 2259 δι’
3299 2203 3539 2264 ἐκείνους
3564 2199 3680 2253 οὐδέ

2110 2308 2234 2369 τούς
2263 2305 2482 2366 λοιποὺς
2514 2303 2829 2374 περιόψεται
2855 2319 2868 2333 ·
2903 2299 3087 2370 ἐπειδὴ
3118 2299 3222 2351 πᾶν
3244 2298 3271 2349 ὅ
3295 2313 3346 2348 τι
3384 2291 3591 2360 ἀγαθόν
3625 2305 3680 2340 τε

2113 2399 2206 2452 καὶ
2233 2397 2412 2460 καλὸν,
2443 2396 2601 2464 ἔργον
2632 2393 2795 2446 αὐτοῦ
2817 2410 2831 2424 ·
2867 2393 2948 2446 διὸ
2974 2391 3038 2462 δὴ
3082 2391 3178 2444 καὶ
3215 2389 3323 2440 τῶν
3371 2385 3544 2450 ἁγίων
3591 2379 3681 2435 καὶ

2115 2491 2249 2560 πῴς
2272 2487 2468 2559 ἀρετὴν
2494 2485 2794 2557 βλεπόντων
2810 2484 3008 2538 οίκειού
3018 2500 3176 2554 μενος
3190 2481 3256 2533 τά
3277 2478 3441 2546 πάθη,
3464 2473 3683 2542 ἕτοιμῦς

439 2586 554 2638 ἐστι
590 2586 684 2638 καὶ
719 2585 936 2655 ἐτέρους
967 2587 1105 2658 ύπέρ
1137 2586 1314 2640 αὐτῶν
1343 2588 1598 2641 εὐποιεῖν.
1641 2582 1772 2641 Εἶτα
1801 2587 1892 2640 καὶ
1925 2587 2208 2656 εὐετηρίαν
2237 2585 2415 2648 αὐτοῖς
2447 2581 2921 2652 εὐαγγελιζόμενος
2965 2577 3102 2649 μετὰ
3131 2575 3227 2646 τὴν
3260 2573 3366 2626 τῶν
3410 2564 3684 2637 πολεμίων

439 2678 674 2747 σφαγὴν,
699 2677 890 2746 ἐπάγει
914 2694 928 2709 ·

1101 2770 1255 2826 CAP.
1284 2770 1349 2822 Χ.

516 2861 679 2917 Vens.
715 2865 830 2918 l-‘5.
864 2895 925 2905 —
965 2885 982 2915 ι
1005 2863 1175 2918 Petite
1205 2879 1233 2917 a
1269 2864 1498 2916 Domino
1545 2863 1780 2932 pluviam
1810 2876 2013 2931 Oppor-

2764 2757 2914 2810 ΚΕΦ.
2957 2756 3015 2808 I'.

2183 2853 2329 2922 Στίχ.
2364 2857 2513 2918 α’-γ’.
2539 2881 2608 2890 —-
2632 2868 2650 2900 ι
2688 2847 2933 2900 Αἱτεῖσθε
2965 2844 3112 2914 παρὰ
3139 2842 3344 2913 Κυρίου
3371 2837 3529 2892 ὑετὸν
3565 2836 3683 2894 καθ’

443 2965 654 3018 tunam,
717 2956 1036 3009 matutinum
1098 2963 1151 3009 et
1199 2955 1512 3010 serotinum.
1571 2953 1831 3007 Dominus
1886 2953 2013 3006 fecit

2121 2944 2257 3016 ὥραν
2295 2941 2541 3014 πρώῖμον
2575 2940 2669 2994 καὶ
2701 2941 2928 3009 ὄψιμον·
2975 2937 3178 3008 Κύριος
3221 2934 3442 3002 ἐποίησε
3482 2949 3684 3001 φαντα-

441 3047 779 3118 pltantasias,
835 3054 891 3100 ct
948 3045 1176 3100 imbrem
1221 3045 1505 3098 hiemalem
1536 3044 1686 3096 dabit
1732 3047 1832 3107 eis,
1889 3041 2012 3096 uni-

441 3138 641 3208 cuique
671 3138 893 3192 herbam
927 3137 982 3190 in
1013 3152 1165 3207 agro.
1188 3156 1206 3188 ι
1241 3133 1324 3188 Ab
1358 3137 1476 3205 ipso
1504 3134 1774 3204 postulate
1803 3133 2014 3202 pluvias

445 3232 669 3288 idoneas
697 3231 912 3301 frugum
948 3230 1267 3298 proventui:
1317 3230 1410 3298 qui
1439 3229 1608 3280 tnulto
1649 3242 1771 3279 cum
1808 3233 2018 3280 terrore

445 3324 640 3378 solitus
670 3339 848 3377 aerem
877 3323 1227 3384 conturbare,
1256 3328 1309 3375 et
1336 3327 1570 3373 mentem
1600 3318 1841 3371 omnium
1869 3332 2019 3370 com-

447 3431 663 3470 movere
697 3425 853 3468 terra:
889 3415 1190 3466 incolarum
1230 3411 1604 3480 magnitudine
1637 3409 2021 3479 plimnomeno—

447 3523 590 3571 rum,
614 3507 845 3576 pluviam
875 3514 1050 3574 potest
1069 3513 1455 3573 congruentem
1476 3502 1629 3556 vobis
1648 3502 2017 3570 suppeditare,

447 3607 507 3652 ut
547 3599 728 3652 onmla
761 3597 826 3649 de
869 3598 1061 3650 tellure
1106 3602 1441 3649 enascantur
1472 3593 1624 3648 vobis
1668 3591 2016 3648 necessaria:

447 3705 681 3760 namque
712 3689 932 3742 herbam
961 3687 1256 3758 generatim
1293 3686 1423 3741 dicit
1463 3700 1559 3756 pro
1607 3685 1849 3754 quollhet
1902 3684 2020 3738 fru-

445 3790 581 3848 ctu;
637 3781 802 3836 veluti
848 3788 930 3834 est
977 3779 1142 3834 illud:
1209 3777 1524 3832 «Germinet
1593 3785 1738 3832 terra
1795 3775 2016 3830 herbam

449 3871 557 3926 feni
583 3871 698 3937 ⁶⁹;›
740 3870 829 3925 ubi
855 3877 1070 3924 constat
1105 3878 1300 3922 cuncta
1335 3866 1580 3920 denotari
1614 3883 1734 3936 quae
1765 3865 1830 3921 de
1879 3873 2022 3919 terra

449 3970 754 4016 nascuntur
780 3961 1044 4031 genuina.
1076 3959 1279 4015 Deinde
1314 3977 1505 4015 rursus
1541 3959 1798 4014 salutaris
1851 3957 2023 4012 moni-

450 4054 618 4106 tionis
645 4067 836 4114 causa,
875 4052 1144 4121 praeterita
1179 4052 1319 4105 mala
1347 4065 1800 4112 commemorans,
1835 4049 2019 4103 addit:

456 4163 476 4194 σ
497 4142 767 4210 Quoniam
802 4142 858 4196 hi
890 4142 982 4212 qui
1019 4143 1398 4211 loquebantur,
1425 4143 1590 4196 locuti
1626 4152 1753 4195 sunt
1786 4141 2021 4201 labores.

453 4245 507 4288 et
540 4233 712 4288 divini
745 4233 912 4289 falsas
943 4233 1204 4299 visiones,
1237 4245 1291 4288 et
1324 4233 1534 4288 somnia
1575 4232 1785 4286 fallacia
1833 4246 2024 4285 narra-

454 4326 607 4390 bant,
659 4333 714 4380 et
761 4340 900 4381 vane
945 4327 1395 4380 consolabantur.
1451 4325 1575 4380 Ideo
1623 4325 1847 4379 arefacti
1897 4335 2025 4380 sunt

453 4417 598 4471 sicut
623 4431 771 4479 oves,
832 4423 886 4471 et
920 4415 1103 4470 amicti
1139 4427 1287 4480 sunt,
1337 4417 1462 4484 quia
1495 4432 1601 4471 non
1629 4424 1747 4471 erat
1787 4417 2020 4471 sanatio.

2112 3038 2257 3100 σίας,
2305 3037 2398 3089 καὶ
2449 3035 2600 3087 ὑετὸν
2651 3029 2952 3102 χειμερινὸν
3006 3028 3164 3080 δώσει
3208 3026 3426 3089 αὐτοῖς,
3471 3023 3684 3093 ἑκάστῳ

2125 3126 2348 3196 βοτάνην
2388 3127 2444 3178 ἐν
2479 3122 2651 3194 ἀγρῷ.
2698 3141 2715 3173 ι
2747 3120 2904 3192 Παρὰ
2933 3117 3120 3170 τούτου
3147 3116 3210 3187 δὴ
3243 3116 3337 3169 καὶ
3379 3117 3573 3178 ὑετοὺς
3607 3116 3682 3168 αἰ-

2118 3221 2259 3270 τεῖτε
2308 3215 2639 3285 ἐπιτηδείους
2689 3216 2767 3276 εἰς
2817 3213 2914 3282 τὴν
2961 3210 3067 3263 τῶν
3110 3208 3338 3278 καρπῶν
3382 3207 3591 3276 φοράν·
3631 3204 3683 3265 ὃς

2120 3307 2324 3370 εἰωθὼς
2353 3307 2489 3378 μετά
2521 3304 2710 3358 πολλοῦ
2740 3302 2832 3356 τοῦ
2864 3301 3028 3372 φόϐου
3059 3298 3376 3371 συστρέφειν
3404 3298 3500 3349 τὸν
3530 3295 3680 3366 ἀέρα,

2119 3405 2214 3458 καὶ
2244 3403 2533 3473 φαντάζειν
2561 3402 2801 3461 ἅπαντας
2827 3397 2953 3458 τοὺς
2979 3396 3070 3447 ἐπὶ
3098 3394 3196 3463 τῆς
3230 3393 3331 3462 γῆς
3360 3389 3436 3460 τῷ
3472 3387 3682 3460 μεγέθει

2118 3498 2227 3551 τῶν
2256 3494 2550 3566 γινομένων
2571 3537 2583 3554 ,
2621 3492 2895 3560 αὐτάρκης
2921 3487 3071 3540 ὐετδν
3108 3487 3233 3554 ὑμῖν
3268 3483 3571 3553 παρασχεῖν
3600 3476 3682 3530 τδν

2121 3588 2448 3658 καθήκοντα,
2481 3583 2610 3636 ὥσθ’
2642 3582 2854 3635 ἅπαντα
2893 3578 3045 3648 φύειν
3076 3579 3140 3629 ἐκ
3170 3579 3268 3645 τῆς
3303 3573 3406 3642 γῆς
3456 3571 3526 3623 τά
3565 3571 3684 3639 ὑμῖν

2121 3680 2420 3746 ἀναγκαῖα·
2459 3675 2684 3744 βοτάνην
2712 3673 2819 3741 γάρ
2858 3669 3050 3732 κοινῶς
3080 3667 3204 3728 τοὺς
3235 3664 3478 3734 καρποὺς
3506 3661 3650 3729 λέγει
3675 3677 3683 3686 ·

2121 3767 2230 3825 οἷόν
2257 3771 2370 3822 ἐστι
2392 3767 2484 3820 καὶ
2500 3765 2578 3830 τὸ,
2605 3785 2620 3815 ι
2646 3761 3058 3832 Βλαστησάτωή
3085 3759 3154 3828 γῆ
3179 3756 3404 3826 βοτάνην
3421 3753 3635 3824 χόρτου·
3663 3769 3680 3801 ι

2121 3859 2340 3930 εὔδηλον
2368 3857 2476 3926 γὰρ
2497 3858 2577 3908 ὅτι
2604 3855 2762 3907 κάκεῖ
2791 3851 2963 3904 πάντα
2985 3849 3130 3916 λέγει
3151 3846 3217 3900 τά
3237 3847 3299 3897 ἐκ
3321 3844 3426 3914 γῆς
3449 3842 3689 3912 φυόμενα

2120 3952 2228 4004 τῶν
2269 3947 2616 4018 σπερμάτων.
2665 3941 2796 3996 Εἶτα
2833 3940 2990 3993 πάλιν
3047 3937 3139 3990 ἐπὶ
3189 3933 3554 4006 σωφρονισμῷ
3585 3931 3687 3983 τῶν

2123 4038 2527 4112 προειληφότων
2554 4036 2748 4096 αὐτοὺς
2776 4029 3206 4100 ὑπομιμνήσκων
3233 4025 3429 4090 ἐπάγει
3450 4039 3463 4052 ·
3496 4041 3514 4072 ι
3549 4020 3686 4072 Διότι

2123 4129 2589 4201 ἀποφθεγγόμενοι
2642 4124 2906 4192 ἐλάλησαν
2943 4119 3177 4179 κόπους·
3227 4115 3322 4167 καὶ
3369 4113 3418 4165 οἱ
3475 4113 3689 4181 μάντεις

2122 4226 2339 4297 ὁράσεις
2395 4219 2607 4289 ψευδεῖς
2664 4216 2756 4268 καὶ
2812 4211 2879 4264 τά
2936 4209 3160 4262 ἐνύπνια
3217 4204 3385 4274 ψευδῆ
3449 4203 3688 4263 ἐλάλουν,

2124 4293 2199 4388 (p.
2229 4315 2353 4380 505)
2383 4313 2586 4382 μάταια
2617 4305 2985 4378 παρεκάλουν·
3019 4299 3104 4352 διά
3135 4296 3289 4351 τοῦτο
3318 4293 3691 4367 ἐξηράνθησαν

2123 4383 2198 4471 ῶς
2231 4404 2495 4477 πρόϐατα,
2525 4401 2618 4453 καὶ
2649 4395 3024 4463 ἐκακώθησαν,
3055 4391 3135 4442 ὅτι
3163 4389 3262 4441 οὐκ
3286 4383 3355 4458 ἧν
3381 4386 3530 4448 ἴασις
3555 4401 3568 4414 ·
3604 4383 3692 4434 ἐπὶ

455 4506 634 4577 Super
663 4516 911 4576 pastores
938 4509 1249 4562 concitatus
1284 4516 1366 4562 est
1389 4507 1540 4562 furor
1571 4524 1744 4574 meus,
1774 4518 1827 4563 et
1855 4524 2016 4579 agnos

2126 4502 2253 4562 τοὺς
2280 4476 2542 4568 ποιμένας
2568 4489 2891 4562 παρωξύνθη
2922 4490 2949 4539 ό
2983 4484 3153 4554 θυμός
3182 4499 3304 4553 μου,
3333 4481 3426 4533 καὶ
3453 4479 3547 4531 ἐπὶ
3572 4476 3694 4538 τούς

453 4616 606 4656 meos
645 4601 896 4656 visitabo.
926 4620 944 4652 ι
985 4602 1124 4656 Olim
1157 4600 1398 4670 quidem,
1449 4600 1644 4668 inquit,
1684 4600 1903 4669 quando
1937 4599 2023 4653 di-

453 4693 596 4747 vinis
627 4693 989 4748 attendebatis
1030 4693 1200 4745 multa
1232 4706 1356 4746 cum
1391 4690 1629 4750 falsitate
1657 4691 1814 4746 vobis
1843 4691 2027 4744 omnia

453 4783 795 4852 dicentibus,
845 4793 900 4840 et
951 4785 1232 4854 pr0phetis
1284 4785 1481 4839 vestris
1527 4785 1813 4852 neglectis,
1866 4784 2029 4838 dictis

455 4875 676 4930 illorum
703 4878 887 4946 potius
921 4875 1267 4941 credebatis;
1310 4883 1442 4931 tunc
1475 4891 1572 4930 vos
1617 4874 1949 4930 insanabiles
1977 4884 2031 4928 et

455 4966 888 5029 inemendabiles
919 4967 1084 5037 338
1116 4979 1331 5032 nactus,
1367 4975 1623 5039 tanquam
1648 4981 1777 5020 oves
1816 4966 2027 5042 suppli-

459 5058 562 5114 ciis
611 5060 831 5123 tradidi,
889 5061 1005 5128 pari
1053 5060 1132 5113 ira
1179 5060 1440 5116 adversus
1467 5059 1635 5114 duces
1663 5064 1717 5112 et
1763 5058 2026 5112 adversus

462 5149 710 5204 subditos
763 5157 943 5213 utens,
981 5165 1087 5219 qua
1116 5158 1169 5205 et
1208 5153 1308 5206 hos
1347 5158 1402 5206 et
1438 5151 1556 5205 illos
1597 5149 1757 5204 simul
1794 5149 2022 5220 perdidi.

461 5243 636 5314 Atque
665 5241 780 5295 haec
821 5240 1041 5315 quidem
1070 5242 1142 5300 ob
1174 5243 1263 5298 illa
1295 5252 1424 5298 tunc
1459 5242 1784 5316 pertulistis.

533 5515 704 5571 Vsus.
733 5516 854 5569 4-7.
880 5547 949 5557 --
979 5514 1135 5570 Nunc
1170 5531 1298 5571 vero
1327 5515 1498 5584 quid?
1539 5533 1557 5566 ι
1581 5513 1648 5567 Et
1669 5511 1903 5567 visitavit
1927 5510 2030 5563 Do-

463 5609 646 5666 minus
693 5609 1037 5679 omnipotens
1065 5623 1280 5680 gregem
1323 5621 1504 5672 suum,
1553 5606 1771 5661 domum
1806 5603 1976 5667 Iudae,
2007 5618 2043 5652 »ν

536 5787 582 5820 ⁸⁹
613 5783 747 5840 Cen.
778 5798 816 5846 l,
844 5782 932 5840 Η.

2122 4592 2326 4664 ἀμνούς
2367 4607 2465 4660 μου
2506 4584 2890 4654 ἐπισκέψομαι.
2937 4601 2954 4631 ›
2996 4577 3169 4631 Πάλαι
3215 4574 3310 4644 μὲν
3344 4572 3473 4664 γὰρ,
3511 4570 3688 4664 φησιν,

2123 4683 2357 4755 ὁπηνίκα
2385 4683 2497 4744 τοῖς
2546 4679 2769 4749 μάντεσι
2818 4669 3132 4743 προσείχετε
3184 4665 3316 4736 μετά
3359 4661 3558 4715 πολλοῦ
3603 4655 3692 4711 τοῦ

2123 4749 2352 4844 ψεύδους
2395 4773 2606 4826 ἅπαντα
2633 4763 3031 4834 διαλεγομένοις
3061 4760 3208 4829 ὑμῖν,
3241 4756 3334 4810 καὶ
3361 4754 3424 4824 δὴ
3458 4753 3569 4805 τῶν

2129 4840 2420 4936 προφητῶν
2449 4861 2701 4932 ἠμελεῖτε
2731 4856 2837 4909 τῶν
2866 4852 3037 4924 ἐμῶν,
3077 4853 3187 4912 τοῖς
3221 4846 3349 4918 παρ’
3387 4845 3612 4897 ἐκείνων
3643 4840 3694 4936 δέ

2131 4932 2443 5029 λεγομένοις
2474 4951 2752 5008 ἐπείθεσθε
2800 4947 3015 5021 μᾶλλον,
3048 4945 3170 4998 τότε
3196 4942 3260 5011 δὴ
3290 4937 3486 4992 ἀνίατά
3517 4932 3693 5029 τῖε-καὶ

2134 5027 2433 5122 ἀδιόρθωτα
2479 5045 2545 5098 τὰ
2591 5044 2710 5098 καθ’
2759 5042 2902 5112 ὑμᾶς
2949 5035 3146 5109 εὑρὼν,
3203 5030 3399 5085 ὡσανεὶ
3453 5027 3693 5122 πρόϐατα

2133 5121 2427 5212 τιμωρίαις
2455 5137 2745 5199 ἐκδέδωκα,
2778 5133 2859 5186 έν¹ι
2882 5131 2959 5203 τῷ
2982 5127 3157 5200 Θυμῷ,
3192 5125 3283 5178 ἐπί
3311 5140 3369 5175 τε
3394 5121 3520 5212 τούς
3541 5122 3692 5212 ηγου-

2141 5206 2354 5307 μένούς,
2385 5229 2474 5284 ἐπί
2501 5247 2561 5282 τε
2596 5229 2715 5290 τοὺς
2750 5225 3019 5296 ὑπηκόους
3046 5217 3407 5292 χρησάμενος,
3440 5206 3570 5307 ᾧ-δὴ
3599 5208 3692 5307 κά-

2134 5297 2341 5387 κείνους
2376 5319 2510 5381 κατά
2534 5317 2727 5372 ταυτὸν
2757 5314 3012 5368 ἀπώλεσα
3046 5310 3140 5364 καὶ
3164 5306 3385 5368 τούτους
3407 5320 3422 5334 ·
3451 5303 3570 5355 τότε
3603 5297 3692 5367 μὲν

2133 5416 2196 5486 δὴ
2232 5414 2326 5468 καὶ
2357 5409 2584 5466 τοιαῦτα
2613 5408 2751 5478 ὑπὲρ
2777 5405 2997 5459 ἐκείνων
3024 5399 3348 5454 πεπόνθατε.

2206 5505 2351 5574 Στίχ.
2385 5500 2516 5564 δ’ς.
2545 5529 2616 5540 -
2647 5477 2783 5550 Νυνὶ
2809 5496 2865 5549 δέ
2892 5495 2978 5559 τι;
3021 5512 3038 5544 ι
3073 5493 3185 5544 Καὶ
3210 5485 3561 5554 ἐπισκέψεται
3581 5477 3691 5574 ιω-

2139 5614 2252 5670 ριος
2298 5597 2326 5650 ὁ
2367 5590 2760 5662 παντοκράτωρ
2798 5587 2858 5640 τὸ
2904 5584 3148 5655 ποίμνιον
3200 5576 3386 5644 αὐτοῦ,
3415 5575 3504 5628 τὸν
3553 5568 3691 5630 οἷκον
