3856 6226
256 294 368 351 5ῦῖ

1210 282 1765 343 COMMENTARIUS
1804 278 1867 333 lN
1899 274 2272 333 ZACllAlile
2312 280 2463 335 CAP.
2502 278 2570 336 Χ.

3296 332 3303 337 ν
3399 270 3504 327 5‘36

267 409 464 469 Ἰούδα,
500 424 521 459 ι
554 404 647 458 καὶ
668 404 736 458 τά
757 404 902 475 ἑξῆς,
931 396 1007 455 ὧν
1036 402 1175 457 ὥστε
1210 402 1285 474 μὴ
1316 401 1592 473 μηκύνειν,
1622 399 1722 469 τὴν
1748 397 1832 449 λέ-

1937 403 1987 449 et
2020 395 2248 464 reliqua,
2290 409 2412 465 quae
2440 408 2609 460 nunc,
2650 406 2719 448 ne
2748 391 2993 463 prolixus
3032 388 3156 455 sim,
3191 394 3506 443 centenum

259 501 345 565 ξιν
370 499 590 553 ἃπασαν
624 497 717 549 ἐπὶ
746 496 838 549 τοῦ
872 495 1136 564 παρόντος
1174 493 1447 547 ἐκτιθέναι
1484 492 1707 563 παρεὶς,
1744 491 1834 544 τὸν

256 590 385 650 νοῦν
412 588 542 661 ἐρῶ,
571 587 702 640 Θεοῦ
732 588 936 659 χάριτι,
962 590 1083 650 ταῖς
1112 587 1476 659 προφητικαῖς
1503 584 1712 647 λέξεσιν
1740 585 1837 636 αύ·

255 682 352 735 τὸν
392 683 470 743 εἰς
496 680 594 750 τὴν
616 679 725 731 τῶν
753 676 1182 746 ἐντυγχανόντων
1212 676 1535 744 κατανόησιν
1564 675 1839 745 ἐφαρμότ-

257 792 389 839 των,
421 774 569 841 λέγει
604 772 733 842 γὰρ,
766 770 846 824 ὃτι
889 769 1318 840 Ἐπιμελήσομαι
1352 768 1445 820 τοῦ
1480 768 1627 821 οίκου
1670 767 1837 820 Ἰούδα

256 864 352 926 οὓς
397 863 587 932 ὥσπερ
640 860 889 930 ποίμνιον
944 860 1074 913 ἴδιον
1125 858 1359 929 ἐθέμην·
1416 858 1733 928 γενήσονται
1780 856 1837 907 δὲ

261 954 476 1028 ἰσχυροὶ
511 952 653 1006 κατὰ
680 951 786 1004 τῶν
820 951 1076 1003 ἐναντίων
1100 951 1158 1002 ὲν
1180 952 1291 1013 τοῖς
1322 948 1600 1018 πολέμοις,
1639 947 1838 1018 μᾶλλον

256 1047 293 1118 ἢ
338 1048 502 1109 ἵππος
552 1045 768 1115 ἰσχυρὸς
809 1042 914 1096 ὑπὸ
959 1043 1150 1112 ἀνδρὸς
1191 1040 1518 1111 πολεμιστοῦ
1551 1040 1691 1093 κατά
1731 1040 1837 1091 τῶν

258 1137 538 1206 πολεμίων
568 1134 983 1203 ἐξελαυνόμενος
1000 1148 1011 1161 ·
1046 1130 1107 1196 ἐξ
1138 1129 1301 1184 αὑτοῦ
1328 1130 1458 1202 γὰρ,
1485 1129 1627 1199 λέγω
1654 1129 1718 1201 δὴ
1744 1128 1836 1183 τοῦ

271 1226 469 1291 Ἰούδα,
500 1225 744 1296 προεῖδον
776 1224 973 1294 χρῆναι
999 1222 1087 1275 τὸν
1115 1221 1419 1291 Ζοροϐάϐελ
1444 1221 1835 1291 προϐληθῆναι,

260 1316 523 1370 κάκεῖθεν
554 1315 714 1368 αὐτὸν
740 1313 919 1367 λαϐὼν
946 1314 1024 1378 εἰς
1053 1312 1150 1384 τὴν
1179 1312 1452 1382 βασιλείαν
1474 1312 1656 1377 ἔταξα,
1691 1313 1839 1381 ἰσχυ-

260 1408 359 1479 ρόν
392 1425 452 1461 τε
485 1406 644 1460 αὐτὸν
676 1408 769 1459 καὶ
796 1405 967 1475 θυμοῦ
1002 1405 1235 1458 πνέοντα
1267 1405 1408 1457 κατά
1436 1405 1544 1456 τῶν
1582 1403 1840 1458 ἐναντίων

260 1499 628 1570 εἰργασάμην,
656 1495 844 1567 ἐπειδὴ
866 1497 959 1549 καὶ
982 1496 1238 1560 καθάπαξ
1262 1499 1324 1550 ἐκ
1351 1500 1449 1567 τῆς
1481 1496 1647 1550 Ἰούδα
1668 1495 1842 1566 φυλῆς

259 1590 441 1661 ὥρισα
492 1589 737 1661 προϊέναι
787 1590 912 1651 τοὺς
954 1588 1239 1659 ἄρχοντας,
1282 1592 1373 1660 (p.
1423 1591 1562 1655 504)
1616 1590 1710 1653 οὓς
1748 1588 1843 1643 καὶ

262 1680 622 1749 προηγεῖσθαι
656 1680 930 1750 προσῆκεν
962 1681 1021 1733 ὲν
1049 1684 1160 1744 τοῖς
1199 1681 1456 1750 πολέμοις
1489 1682 1718 1735 πάντοτε
1745 1679 1839 1734 τοῦ

1941 494 2112 537 ιοιιιιη
2157 487 2211 539 in
2241 485 2493 556 praesenti
2523 482 2757 539 recitare
2786 482 3068 544 omittens,
3119 493 3341 535 sensum
3388 479 3529 544 eius

1938 588 2223 643 exponam.
2291 573 2403 629 Deo
2447 572 2684 636 favente,
2743 570 3076 641 propheticis
3123 567 3307 622 verbis
3364 565 3512 619 hunc

1939 666 2375 728 accommodans,
2434 676 2490 721 ut
2539 681 2663 721 eum
2718 665 2949 719 lectores
3004 671 3360 730 cognoscant.
3420 659 3513 713 Ait

1937 757 2082 811 enim
2109 776 2121 811 :
2159 756 2442 813 Sollicitus
2471 771 2568 812 ero
2597 757 2663 811 de
2692 757 2855 811 domo
2882 753 3054 818 Judze,
3089 768 3250 823 quam
3295 760 3355 805 ut
3397 766 3514 821 gre-

1939 864 2057 918 gem
2088 849 2221 903 mihi
2254 851 2535 919 proprium
2567 854 2784 918 reputo.
2825 845 2982 901 Fient
3006 854 3185 899 autem
3219 841 3383 896 validi
3412 842 3509 896 ade

1939 953 2131 993 versus
2159 938 2344 994 hostes
2388 940 2442 992 in
2476 940 2636 995 bellis
2672 939 2795 1009 plus
2821 952 2985 1008 quam
3030 935 3242 991 validus
3270 949 3446 1004 equus
3481 947 3515 990 a

1940 1029 2199 1085 bellicoso
2218 1030 2336 1084 viro
2360 1029 2412 1083 in
2456 1029 2641 1085 hostes
2661 1029 2906 1082 adactus.
2930 1026 3005 1080 Ex
3036 1027 3135 1080 hac
3153 1026 3297 1079 enim
3328 1026 3512 1089 domo,

1940 1123 2162 1193 prmvidi
2214 1130 2468 1193 oportere
2514 1120 2907 1175 Zorohabelem
2954 1118 3116 1188 eligi;
3181 1132 3347 1186 reque
3384 1130 3515 1168 vera

1941 1214 2067 1270 inde
2087 1229 2208 1268 eum
2232 1224 2508 1283 sumptum
2531 1212 2679 1283 regia
2700 1211 2963 1281 dignitate
2987 1208 3183 1264 donavi
3210 1226 3224 1275 ;
3256 1206 3515 1260 validum-

1938 1320 2046 1376 que
2071 1304 2269 1375 ipsum,
2299 1313 2354 1359 et
2382 1305 2519 1358 iram
2548 1304 2816 1358 adversus
2846 1301 3033 1356 hostes
3064 1300 3359 1370 spirantem
3387 1293 3513 1361 feci,’

1940 1395 2068 1464 quia
2100 1410 2328 1465 prorsus
2362 1394 2429 1448 de
2457 1392 2611 1447 Judae
2633 1392 2779 1446 tribu
2812 1390 3027 1445 decrevi
3058 1387 3350 1459 procedere
3373 1387 3515 1457 prin-

1940 1486 2111 1555 cipes,
2153 1499 2292 1556 quos
2326 1499 2545 1555 semper
2575 1483 2760 1554 populi
2790 1482 2959 1537 duces
2987 1496 3111 1535 esse
3149 1480 3203 1533 in
3243 1478 3399 1533 bellis
3421 1477 3514 1531 de-

1940 1578 2116 1633 cebit:
2175 1592 2408 1646 namque
2450 1575 2635 1631 hostes
2688 1588 2820 1630 suos
2861 1571 3160 1643 praliando
3203 1568 3514 1639 superaturi

1943 1678 2091 1736 sunt,
2122 1676 2180 1723 ut
2205 1684 2300 1724 eos
2339 1668 2669 1723 conculcare
2701 1667 2800 1721 luti
2837 1666 3011 1720 instar
3041 1666 3258 1735 possint
3287 1659 3429 1731 quod
3458 1661 3512 1713 in

258 1773 429 1825 λαοῦ·
481 1775 599 1826 ἐπεὶ
648 1774 743 1827 καὶ
792 1773 1299 1843 κατακρατήσουσιν
1348 1770 1487 1823 οῦτω
1529 1771 1636 1823 τῶν
1682 1773 1834 1824 ὲναν-

1941 1761 2044 1816 viis
2069 1776 2099 1814 a
2127 1760 2539 1815 transeuntibus
2586 1759 2800 1814 teritur.
2850 1755 3046 1820 Tanta,
3085 1754 3282 1824 inquit,
3330 1752 3516 1807 hostes

257 1866 395 1917 τίων
446 1868 505 1916 έν
564 1868 676 1927 τοῖς
737 1865 1028 1934 πολέμοις,
1081 1862 1221 1915 ὥστε
1270 1864 1606 1913 καταπατεῖν
1642 1862 1837 1925 αὐτοὺς

266 1956 441 2028 πηλοῦ
479 1957 633 2026 δίκην
673 1958 728 2008 ὲν
754 1955 895 2019 ὁδοῖς
935 1955 1039 2008 ὑπὸ
1069 1955 1175 2007 τῶν
1206 1953 1446 2008 διιόντων
1478 1954 1835 2024 πατουμένου·

256 2047 435 2112 οῦτως
457 2047 811 2110 ὲκκείσονται,
838 2047 1022 2118 φησὶν,
1044 2048 1092 2099 οἱ
1118 2045 1364 2116 πολέμιοι
1394 2046 1691 2115 πάσχοντες
1716 2046 1833 2116 μὲν,

258 2138 731 2208 ἀντιμηχανᾶσθαι
764 2138 821 2191 δὲ
850 2138 1136 2207 δυνάμενοι
1166 2136 1322 2191 οὐθέν
1343 2153 1357 2166 ·
1389 2138 1483 2191 καὶ
1509 2136 1837 2209 θαρροῦντες

253 2228 326 2299 δὴ
367 2228 503 2300 πρὸς
533 2229 737 2292 πάντας
784 2228 1184 2299 παρατάξονται
1223 2230 1348 2293 τοὺς
1391 2230 1686 2296 ἐναντίους,
1737 2229 1836 2301 τὴν

259 2321 412 2373 θείαν
461 2320 644 2385 αὐτοῖς
693 2324 946 2393 παρεῖναι
984 2319 1335 2383 πιστεύοντες
1382 2321 1663 2392 βοήθειαν·
1713 2321 1835 2373 τότε

256 2412 714 2483 αἰσχυνθήσονται
747 2413 845 2485 μὲν
870 2412 981 2467 τῶν
1005 2412 1276 2484 πολεμίων
1299 2413 1348 2465 οἰ
1375 2415 1459 2482 ἐφ’
1487 2413 1671 2475 ἵπποις
1695 2414 1835 2483 μέγα

256 2503 618 2576 φρονοῦντες·
672 2506 1002 2576 φανήσονται
1055 2505 1112 2558 δὲ
1159 2496 1304 2557 οὗτοι.
1353 2504 1575 2575 μεγάλοι
1626 2521 1684 2557 τε
1740 2506 1836 2558 καὶ

259 2598 474 2669 ἰσχυροὶ
505 2600 571 2667 τῇ
601 2599 705 2668 ἐμῇ
744 2595 995 2667 βοηθείᾳ·
1031 2590 1178 2648 οἶκον
1210 2595 1319 2667 γάρ
1366 2594 1537 2647 Ἰούδα
1569 2596 1663 2647 καὶ
1691 2592 1836 2647 οἷκον

296 2687 496 2757 Ιωσὴφ,
528 2687 615 2738 ἵνα
650 2686 779 2759 εἴπῃ
809 2685 899 2737 τὸν
928 2683 1075 2749 λαὸν,
1112 2685 1176 2737 ὲκ
1221 2684 1422 2754 μέρους
1450 2682 1541 2734 τὸν
1571 2682 1688 2734 ὅλον
1721 2683 1837 2733 ὀνο-

258 2775 450 2844 μάζων
475 2790 490 2806 ·
535 2774 755 2845 παρέξω
776 2790 835 2824 τε
865 2773 1045 2833 αὐτοῖς
1076 2770 1293 2839 ἀσφαλῆ
1322 2769 1420 2840 τὴν
1457 2770 1515 2821 ἐν
1544 2771 1653 2830 τοῖς
1686 2767 1835 2828 ἰδίοις

250 2864 493 2936 οἴκησιν,
512 2864 813 2934 ἐπειδήπερ
845 2862 1039 2924 αὐτοὺς
1074 2860 1366 2929 ἀγαπήσας
1401 2857 1701 2926 ἐδοκίμασα
1736 2857 1831 2908 αύ-

253 2957 386 3018 τοὺς
420 2957 522 3023 τῆς
555 2953 695 3024 ἐμῆς
727 2952 801 3023 μὴ
838 2951 1130 3003 ἀποϐαλεῖν
1165 2946 1449 3019 προνοίας·
1492 2946 1684 3015 ἔσομαι
1725 2944 1833 3015 γάρ

252 3046 346 3100 ἀεὶ
372 3046 488 3117 μετ’
523 3044 722 3104 αὐτῶν,
752 3043 845 3096 καὶ
874 3044 932 3095 ὲν
957 3041 1222 3109 ἀνάγκαις
1251 3039 1346 3108 τὴν
1374 3038 1512 3108 ἐμὴν
1544 3038 1833 3091 αἰτούντων

1936 1851 2091 1907 clade
2129 1851 2453 1914 adicientur,
2491 1860 2550 1906 ut
2594 1864 2901 1921 repugnare
2948 1853 3241 1919 nequeant.
3295 1845 3367 1900 At
3407 1843 3516 1899 mei

1936 1943 2126 2014 grandi
2154 1943 2350 1997 ﬁducia
2370 1950 2562 1997 contra
2585 1942 2933 1997 adversarios
2954 1954 3144 1995 omnes
3166 1936 3512 2009 pugnabunt,

1934 2035 2175 2091 divinum
2210 2035 2315 2090 sibi
2362 2034 2529 2090 altore
2564 2036 2828 2089 auxilium
2859 2034 3167 2089 credentes.
3219 2030 3376 2085 Tunc
3409 2044 3511 2099 pu-

1937 2125 2085 2181 debit
2115 2126 2301 2183 hostes
2335 2127 2428 2197 qui
2458 2126 2615 2197 equis
2654 2128 2771 2183 suis‘
2803 2139 3127 2196 magnopere
3173 2122 3511 2193 gloriantur:

1937 2225 1993 2271 at
2021 2218 2113 2272 isti
2146 2218 2328 2289 magni
2364 2219 2645 2289 fortesque
2693 2218 3055 2289 apparebunt,
3086 2230 3188 2285 ope
3221 2229 3340 2268 mea
3379 2212 3513 2283 ipsis

1935 2311 2297 2382 suppeditata.
2344 2312 2486 2367 Dicit
2531 2314 2676 2367 enim
2724 2313 2947 2367 domum
2986 2308 3139 2363 Judae
3184 2315 3238 2363 et
3289 2307 3513 2361 domum

1932 2401 2177 2473 Iosephi,
2212 2414 2273 2457 ut
2300 2405 2558 2474 p0pulum
2590 2404 2830 2468 denotet,
2861 2418 2891 2456 a
2931 2410 3087 2472 parte
3120 2408 3292 2455 totum
3321 2398 3515 2469 appel-

1935 2496 2077 2551 lans.
2110 2495 2345 2551 Eiliciam
2380 2512 2509 2551 vero
2542 2496 2677 2566 ipsis
2701 2505 2876 2549 tutum
2910 2495 2964 2548 in
2990 2494 3163 2564 patria
3192 2490 3511 2545 incolalum:

1934 2585 2194 2655 quoniam
2234 2600 2329 2640 eos
2362 2584 2616 2656 diligens,
2653 2585 2801 2638 nolui
2830 2586 2978 2654 ipsos
3023 2579 3366 2653 providentia
3394 2594 3515 2633 mea

1934 2678 2123 2746 procul
2156 2677 2420 2746 abjicere:
2472 2678 2564 2732 sed
2599 2678 2709 2732 illis
2755 2691 2970 2746 semper
3014 2675 3202 2737 adero,
3250 2680 3304 2727 et
3333 2671 3386 2724 in
3417 2684 3517 2722 an-

1935 2770 2128 2838 gustiis
2169 2769 2429 2823 auxilium
2464 2785 2642 2823 meum
2677 2769 3030 2838 implorantes
3098 2764 3425 2829 exaudiam;
3461 2769 3516 2815 et

1936 2856 1992 2910 in
2042 2858 2245 2926 praeliis
2293 2859 2608 2927 superiores
2659 2858 2946 2914 discedent
2982 2856 3149 2929 339
3191 2854 3339 2928 (nam
3388 2868 3513 2908 cum

1933 2945 2209 3017 Ephraimi
2266 2949 2465 3003 tribum
2509 2949 2663 3011 dicit,
2725 2964 2919 3005 rursus
2954 2962 2986 3002 a
3040 2956 3194 3018 parte
3246 2946 3511 3017 papulum

1936 3038 2230 3111 designat),
2261 3043 2335 3095 ita
2370 3051 2429 3095 ut
2454 3042 2689 3097 victores
2719 3043 2863 3097 caede
2890 3042 3128 3097 hostium
3162 3040 3335 3112 magis
3367 3039 3517 3110 gavi-

254 3136 533 3207 βοήθειαν,
558 3132 883 3203 ἀκούσομαι·
908 3133 999 3186 καὶ
1022 3132 1358 3202 κρατήσουσι
1382 3130 1527 3200 μάχη
1553 3130 1659 3181 τῶν
1684 3130 1834 3181 ἐναν-

1940 3133 2055 3185 suri
2083 3132 2214 3197 sint,
2240 3148 2399 3201 quam
2432 3134 2506 3187 illi
2535 3133 2626 3203 qui
2658 3133 2781 3188 vino
2811 3134 2953 3204 pleni
2982 3133 3279 3189 exsultant.

252 3230 411 3282 τίων·
444 3224 506 3279 τὸ
536 3223 644 3296 γάρ
685 3240 706 3275 ι
741 3226 789 3276 οί
826 3222 920 3275 τοῦ
966 3221 1236 3292 Ἐφραῒμ,
1274 3241 1293 3273 ο
1321 3221 1479 3274 πάλιν
1529 3220 1636 3273 ἀπὸ
1690 3221 1890 3292 μέρους
1938 3221 2028 3275 τὸν
2072 3223 2200 3277 λαὸν
2255 3224 2434 3294 λέγει·
2479 3224 2619 3279 ὥστε
2661 3226 2856 3290 αὐτοὺς
2900 3227 2965 3279 ὲκ
3008 3224 3108 3296 τῆς
3158 3226 3369 3295 σφαγῆς
3406 3222 3514 3274 τῶν

251 3317 515 3377 ἐναντίων
565 3313 913 3385 νενικηκότας
966 3316 1177 3385 χαίρειν
1234 3313 1301 3382 τῇ
1346 3310 1571 3381 διανοίᾳ,
1634 3311 1831 3381 μᾶλλον
1860 3313 2278 3384 ὲμφορηθέντων
2309 3314 2475 3367 οἴνου.
2538 3370 2539 3373 η

326 3408 479 3480 Στίχ.
513 3404 679 3479 ἠ’-ιβ’.
705 3435 777 3447 —
800 3405 983 3459 Ταῦτα
1008 3404 1065 3457 δὲ
1097 3403 1192 3456 καί⁵
1221 3404 1270 3455 οἰ
1304 3402 1361 3468 ἐξ
1392 3402 1572 3455 αὐτῶν
1611 3402 1829 3467 ἰδόντες,

254 3502 317 3553 ἓν
345 3498 706 3569 εὐφροσύναις
736 3498 1057 3567 γενήσονται
1097 3495 1186 3547 διὰ
1215 3495 1314 3565 τὴν
1353 3495 1703 3565 ὑπάρχουσαν
1740 3495 1838 3546 αύ-

252 3596 371 3658 τοῖς
390 3592 544 3663 παρὰ
569 3590 661 3644 τοῦ
688 3588 824 3643 Θεοῦ
854 3588 1121 3659 βοήθειαν·
1152 3586 1339 3658 ὥσπερ
1371 3588 1629 3655 σάλπιγγι
1658 3587 1836 3639 τοίνυν

259 3685 510 3756 σημήνας
537 3683 778 3744 ἅπαντας
805 3682 1002 3743 αὐτοὺς
1025 3678 1265 3750 άθροίσω
1292 3694 1351 3730 τε
1381 3678 1475 3731 καὶ
1504 3677 1831 3746 εἰσδέξομαι,

256 3775 512 3831 ἀπολύων
548 3774 744 3835 αὐτοὺς
776 3772 957 3840 πάσης
991 3771 1236 3840 ἀνάγκης
1257 3784 1272 3800 ·
1304 3769 1442 3821 ὥστε
1478 3767 1615 3838 μετὰ
1661 3770 1837 3835 ἀσφα-

256 3864 408 3927 λείας
444 3868 498 3916 ἐν
527 3866 637 3925 τοῖς
666 3861 883 3923 οἰκείοις
912 3861 1226 3928 διάγοντας,
1268 3862 1346 3921 εἰς
1382 3858 1578 3929 πλῆθος
1624 3856 1837 3911 ἐπιδοῦ-

256 3973 348 4010 ναι
382 3954 778 4024 παραπλησίως
806 3953 884 4023 τῷ
908 3951 1140 4021 πρόσθεν
1170 3951 1362 4022 χρόνῳ·
1393 3952 1468 4020 (p.
1502 3950 1626 4019 505)
1659 3967 1838 4002 στενο-

192 4034 198 4039 .
258 4048 636 4122 χωρουμένους
676 4063 736 4099 τε
780 4047 869 4097 ἐπὶ
905 4045 1003 4114 τῆς
1042 4044 1146 4113 γῆς
1194 4047 1291 4113 τῆς
1341 4043 1546 4107 οἰκείας
1591 4042 1696 4095 ὑπὸ
1742 4042 1835 4095 τοῦ

258 4140 497 4210 πλήθους
520 4138 614 4190 τοῦ
639 4138 860 4198 οἰκείου,
894 4139 950 4189 ὲν
973 4136 1186 4197 πολλοῖς
1214 4136 1577 4207 διασπαρῆναι
1607 4135 1700 4187 καὶ
1729 4133 1835 4186 τῶν

258 4230 573 4302 ἀλλοτρίων,
604 4224 678 4283 ὧν
703 4232 1214 4300 κατακρατήσαντες
1244 4228 1530 4298 κτήσονταί
1559 4244 1618 4279 τε
1646 4228 1738 4280 καὶ
1761 4228 1837 4279 οἰ-

259 4327 486 4395 κήσουσι
521 4323 621 4393 τὴν
652 4322 861 4394 χώραν·
898 4321 946 4374 οἳ
979 4322 1175 4384 πάντες
1209 4321 1398 4393 μνήμῃ
1433 4323 1499 4390 τῇ
1530 4321 1634 4390 ἐμῇ
1665 4318 1752 4371 διὰ
1774 4319 1835 4372 τὸ

256 4415 366 4467 τῶν
404 4414 706 4484 γενομένων
740 4412 988 4484 μέγεθος.
1033 4414 1092 4465 ού
1135 4412 1291 4482 μόνον
1337 4410 1626 4482 βλάψουσιν
1661 4410 1831 4475 οὐδὲν,

258 4506 394 4559 ἀλλὰ
436 4508 542 4577 γάρ
576 4505 668 4557 κοιί
708 4506 888 4556 πᾶσαν
927 4505 1106 4557 αὐτῶν
1138 4501 1453 4572 ἐπιμέλειαν
1484 4506 1833 4572 ποιήσονται·

255 4597 417 4652 τοῦτο
446 4598 552 4668 γάρ
574 4597 722 4666 λέγει
744 4596 858 4660 τὸ,«
882 4594 1319 4667 Ἐκθρέψουσιτά
1347 4593 1511 4645 τέκνα
1534 4593 1711 4645 αὐτῶν
1741 4593 1833 4645 καὶ

2016 3404 2177 3461 Vens.
2204 3406 2357 3460 8-12.
2384 3436 2453 3445 —
2487 3405 2612 3462 llzec
2638 3414 2820 3462 autem
2850 3408 2942 3462 ﬁlii
2975 3410 3219 3479 ipsorum
3266 3410 3513 3463 videntes

1938 3494 2139 3551 laetitiis
2173 3496 2425 3551 incedent
2458 3507 2678 3568 propter
2715 3515 3038 3556 concessum
3077 3502 3180 3557 sibi
3213 3520 3240 3553 ιι
3272 3501 3381 3556 Deo
3415 3517 3511 3555 au-

1936 3588 2146 3642 xilium.
2189 3588 2356 3658 Igitur
2398 3592 2555 3659 quasi
2594 3591 2721 3644 tuba
2763 3593 2976 3662 signum
3026 3608 3229 3648 canens
3282 3603 3510 3646 cunctos

1937 3681 2277 3749 congregabo
2310 3689 2362 3735 et
2385 3683 2451 3735 ad
2482 3698 2568 3735 me
2600 3683 2880 3753 recipiam,
2913 3684 3058 3736 omni
3106 3699 3200 3737 eos
3255 3699 3511 3753 pressura

1938 3769 2214 3837 liberans;
2246 3788 2355 3842 quo
2379 3776 2464 3827 [iet
2496 3782 2551 3826 ut
2584 3775 2636 3827 in
2672 3775 2845 3844 patrio
2874 3776 2990 3829 solo
3018 3776 3193 3829 securi
3228 3776 3509 3845 degentes,

1938 3864 1993 3918 in
2062 3866 2462 3920 multitudinem
2515 3875 2835 3924 excrcscant
2908 3884 3061 3939 aeque
3115 3883 3180 3924 ac
3232 3870 3511 3938 superiore

1936 3962 2217 4024 tempore;
2248 3958 2300 4010 in
2322 3965 2531 4012 tantum
2563 3969 2618 4012 ut
2648 3960 2701 4012 in
2728 3960 2945 4029 propria
2968 3969 3113 4015 terra
3139 3959 3249 4028 jam
3278 3974 3509 4014 numero

1938 4048 2256 4115 angustiati,
2298 4050 2363 4104 ad
2394 4050 2596 4106 multos
2622 4052 3007 4121 dispergantur
3038 4052 3189 4106 locos
3218 4059 3505 4107 extraneo-

1937 4152 2078 4203 rum,
2121 4154 2259 4207 quos
2289 4140 2639 4195 devincentes
2674 4143 3049 4211 possidebunt,
3080 4143 3509 4212 habitabuntqne

1937 4227 2151 4283 illorum
2199 4232 2513 4301 regionem:
2573 4234 2662 4303 qui
2715 4248 2903 4288 omnes
2952 4235 3056 4287 mei
3100 4250 3389 4297 memores,
3438 4235 3509 4291 ob

1938 4326 2181 4371 actarum
2213 4334 2393 4373 rerum
2426 4320 2875 4389 magnitudinem,
2919 4336 3025 4377 non
3055 4321 3215 4375 umido
3237 4324 3372 4377 meis
3399 4339 3505 4378 non

1936 4411 2236 4474 nocebunt,
2263 4428 2450 4466 verum
2482 4415 2645 4468 etiam
2672 4429 2859 4468 curam
2892 4414 3258 4469 omnimodam
3288 4430 3507 4469 eorum-

1936 4501 2057 4555 dem
2106 4510 2313 4571 gerent.
2370 4502 2424 4557 ld
2476 4504 2621 4558 enim
2664 4503 2924 4558 denotant
2973 4505 3159 4568 verba,
3215 4504 3508 4560 «Nutriant

1937 4591 2076 4645 ﬁlios
2101 4608 2310 4658 eorum,
2358 4601 2412 4647 et
2444 4602 2866 4658 convertentur;
2894 4612 2913 4644 ι
2953 4594 3006 4648 id
3035 4602 3139 4660 est,
3176 4595 3292 4649 haec
3320 4604 3502 4666 agent,

257 4690 709 4761 ἐπιστρέφουσιν,
765 4707 783 4738 ι
829 4687 949 4740 ἀντὶ
991 4686 1106 4750 τοῦ,
1142 4684 1324 4738 Ταῦτα
1361 4687 1664 4756 ποιήσουσι,
1700 4686 1834 4756 πρὸς

1937 4686 2004 4740 ad
2038 4702 2123 4740 me
2156 4688 2365 4756 meique
2396 4688 2645 4741 notitiam
2674 4688 2914 4741 animum
2943 4697 3345 4743 convertentes.
3383 4690 3503 4743 Cu:-

258 4780 359 4851 ὲμὲ
390 4781 679 4841 νεύσαντες
704 4777 799 4831 καὶ
825 4777 921 4848 τὴν
949 4776 1148 4845 γνῶσιν
1172 4775 1268 4845 τὴν
1299 4776 1457 4846 ἐμήν.
1488 4774 1835 4845 Πανταχόθεν

256 4871 316 4925 δὲ
348 4870 533 4923 λοιπὸν
577 4870 700 4932 τοὺς
733 4869 791 4935 ἐξ
836 4869 1014 4921 αὐτῶν
1045 4866 1475 4936 διεσπαρμένους
1496 4907 1509 4924 .
1571 4867 1679 4918 εἴτε
1715 4865 1834 4918 κατ’

257 4962 565 5030 Αἴγυπτον,
605 4961 716 5012 εἴτε
755 4961 812 5013 ὲν
863 4963 929 5031 τῇ
961 4960 1068 5013 τῶν
1120 4960 1418 5031 Ἀσσυρίων
1447 4960 1629 5031 χώρα,
1674 4977 1837 5031 μετα·

258 5052 551 5122 ϐαλόμενος
581 5050 834 5115 ἐπανάξω
865 5052 945 5114 είς
977 5052 1045 5103 τά
1074 5052 1246 5104 οἰκεῖα
1269 5092 1283 5114 ,
1314 5051 1452 5103 ὥστε
1481 5051 1608 5112 τοὺς
1638 5050 1834 5113 τόπους

256 5144 426 5197 οἰκεῖν
468 5145 591 5206 τοὺς
625 5144 890 5208 οἰκείους,
929 5141 1153 5213 μηδενὸς
1185 5142 1289 5206 ἕξω
1320 5141 1522 5195 τούτων
1553 5142 1829 5211 διάγοντος

258 5235 337 5289 ἔτι
356 5252 372 5267 ·
401 5234 451 5288 οἳ
482 5235 569 5289 διά
597 5235 792 5289 πολλοῦ
819 5233 1245 5305 παρελεύσονται
1273 5233 1531 5303 πλήθους,
1564 5250 1826 5304 στενοχω-

261 5327 514 5398 ρούμενοι
544 5329 641 5398 μὲν
671 5326 748 5397 τῷ
775 5326 965 5398 πλήθει
987 5326 1095 5378 τῶν
1125 5325 1398 5388 ἐναντίων,
1424 5326 1828 5397 κατακρατοῦνο

254 5437 346 5482 τες
372 5420 427 5472 δὲ
467 5420 642 5472 αὐτῶν
668 5422 736 5491 τῇ
775 5421 880 5490 ἐμῇ
930 5419 1175 5489 δυνάμει,
1208 5419 1346 5471 ὥστε
1384 5418 1477 5472 καὶ
1508 5420 1684 5472 πᾶσαν
1725 5418 1825 5472 αύ-

256 5509 364 5561 τῶν
398 5508 657 5562 ἀπολέσαι
685 5510 783 5578 τὴν
833 5510 1016 5578 ἰσχὺν,
1056 5508 1301 5571 ἅπαντάς
1330 5524 1390 5561 τε
1439 5509 1634 5572 αὐτοὺς
1670 5509 1825 5579 δίκην

256 5600 529 5668 θαλάσσης
571 5602 990 5671 κυματουμένης
1031 5600 1476 5669 άγριαινομένους
1519 5599 1639 5653 καθ’
1672 5600 1825 5669 ὑμῶν

257 5690 695 5762 τιμωρήσασθαι,
729 5691 1053 5762 περιστῆσαί
1082 5709 1139 5745 τε
1170 5695 1233 5764 τῇ
1263 5694 1435 5764 οἰκεία
1466 5691 1700 5762 τιμωρίᾳ
1733 5693 1825 5744 καὶ

1934 4784 2109 4829 terum
2136 4792 2544 4847 quaqueversus
2573 4794 2666 4832 eos
2702 4780 3001 4847 dlSpet'SOS,
3033 4782 3148 4833 sive
3186 4780 3239 4833 in
3266 4779 3503 4853 Egypto

1934 4864 2051 4921 sive
2080 4866 2135 4919 in
2156 4866 2506 4937 Assyriorum
2536 4869 2779 4937 regione,
2817 4883 3083 4923 converso
3113 4867 3308 4923 aliectu
3339 4872 3504 4924 redu-

1933 4970 2053 5011 cam
2076 4972 2170 5012 eos
2202 4958 2256 5012 in
2287 4957 2539 5027 patriam,
2572 4965 2632 5012 ut
2663 4973 2801 5013 suos
2831 4959 3031 5030 singuli
3061 4960 3209 5015 locos
3238 4960 3499 5021 incolant,

1931 5050 2147 5103 nemine
2167 5056 2317 5103 extra
2343 5048 2442 5104 bos
2458 5048 2713 5119 deinceps
2734 5048 2981 5121 degente.
3000 5048 3144 5122 Ergo
3165 5050 3220 5104 in
3243 5066 3501 5122 magnum

1936 5156 2221 5195 numerum
2268 5149 2626 5197 excrescent:
2686 5149 2800 5196 tum
2858 5143 3096 5197 hostium
3153 5144 3502 5198 multitudine

1935 5229 2252 5298 angustiati,
2294 5227 2381 5283 his
2414 5229 2770 5285 nihilominus
2801 5230 3005 5286 virtute
3037 5246 3157 5286 mea
3204 5232 3500 5302 superatis,

1933 5328 2187 5373 cunctam
2217 5319 2431 5373 illorum
2462 5321 2799 5376 enervabunt
2830 5322 3246 5390 fortitudinem;
3280 5338 3500 5379 omnes-

1934 5427 2040 5483 que
2066 5412 2207 5475 illos,
2230 5412 2384 5481 quasi
2415 5427 2565 5467 mare
2587 5414 2949 5482 procellosum
2982 5416 3268 5470 saevientes
3297 5416 3351 5469 in
3386 5432 3500 5485 per-

1932 5507 2128 5561 niciem
2171 5516 2426 5571 vestram,
2463 5507 2739 5560 contraria
2779 5508 2896 5562 vice
2940 5508 3209 5578 supplicio
3259 5517 3313 5564 et
3352 5516 3495 5564 caule

1931 5598 1999 5652 ad
2047 5600 2276 5653 nihilum
2331 5598 2605 5668 redigctis.
2656 5598 2747 5653 Sic
2782 5600 2928 5654 enim
2974 5601 3321 5670 intelligenda
3368 5613 3492 5657 sunt

1933 5691 2115 5755 verba,
2164 5710 2180 5743 ι
2210 5690 2716 5748 Etexsiccabuntur
2751 5691 3016 5765 profunda
3045 5692 3378 5761 ﬂuminum,»
3432 5696 3484 5750 id
