3856 6226
395 260 500 314 567

1566 275 1915 336 THEODORI
1955 279 2438 340 ιιοΡευεετεΝι

3529 293 3629 348 558

392 393 506 484 (ιιι,
527 383 664 438 tanti
698 387 910 442 numeri
944 386 1126 447 hostes
1150 392 1539 465 proﬂigabunt.
1577 398 1641 452 Et
1665 415 1840 470 neque
1862 403 1944 457 As

2071 409 2248 478 σφαγῇ
2282 409 2364 471 είς
2406 408 2570 478 μηδὲν
2600 409 2726 472 τοὺς
2757 409 3040 476 τοσούτους
3059 428 3076 443 ο
3109 411 3264 466 τοῦτο
3307 411 3417 484 γὰρ
3448 412 3624 474 λέγει,

395 473 560 528 ενι-εἰει
586 476 733 533 vires
758 478 1023 535 adversus
1074 497 1226 539 meos
1259 496 1609 556 supererunt,
1661 507 1837 562 neque
1863 493 1962 547 E-

392 569 626 637 grptiis;
657 585 890 639 quorum
915 572 966 626 hi
999 575 1129 629 olim
1157 577 1373 634 Judaeos
1405 581 1457 636 in
1491 585 1762 654 mancipio
1795 587 1961 641 habe-

393 660 557 726 bant;
605 661 682 715 illi
723 672 901 718 autem
953 678 1230 735 postremo
1288 672 1536 740 captivos
1593 675 1957 731 abduxerunt.

390 751 676 814 Quomodo
731 769 862 810 vero
915 757 1029 812 haec
1081 759 1251 814 ﬁent?
1308 781 1326 813 ι
1355 761 1422 816 Et
1463 765 1732 820 roborabo
1776 783 1870 824 eos
1903 770 1958 824 in

394 839 620 895 Domino
663 841 774 897 Deo
803 860 923 909 suo,
957 855 1009 901 et
1054 847 1108 901 in
1143 851 1363 905 nomine
1394 853 1514 920 ejus
1556 855 1953 923 gloriabuntur,

391 932 466 983 ait
499 931 824 990 Dominus.»
877 936 1010 990 Nam
1063 942 1272 996 validos
1316 958 1410 999 eos
1455 943 1682 999 eﬂiciam
1715 947 1877 1019 350
1902 958 1956 1003 et

391 1019 640 1077 hostibus
667 1028 882 1080 cunctis
919 1028 1174 1093 invictos,
1223 1045 1280 1085 ut
1323 1035 1542 1090 nomine
1571 1051 1694 1091 meo
1724 1039 1955 1092 auxilio-

389 1127 496 1179 que
524 1115 807 1183 gloriaturi
841 1118 970 1170 sint.
1006 1118 1102 1174 His
1133 1122 1318 1188 dictis,
1357 1126 1710 1196 prosequitur
1750 1149 1761 1183 :

2067 516 2086 548 ι
2125 499 2235 551 Καὶ
2279 501 2671 572 ξηρανθήσεται
2716 504 2893 556 πάντα
2937 505 3004 559 τὰ
3036 505 3170 576 βάθη
3208 505 3470 576 ποταμῶν
3490 508 3630 569 ,δῖνα

2063 588 2214 662 εἴπῃ,
2239 593 2320 646 ὅτι
2360 593 2602 662 Ἀφανιεί
2638 595 2761 658 τοὺς
2793 594 2933 648 οὓτω
2969 596 3225 660 πολλούς⁹
3257 596 3379 650 οὗτε
3411 596 3468 648 δὲ
3507 598 3632 654 Ἀτι-

2062 682 2263 751 συρίοις
2319 685 2470 753 ἰσχὺς
2522 684 2599 736 ἔτι
2649 685 3126 758 περιλειφθήσεται
3177 689 3325 741 τουτὶ
3373 687 3632 741 δύνασθαι

2060 771 2182 822 κατ’
2211 772 2392 824 αὐτῶν
2411 812 2426 837 ,
2449 774 2570 826 οὔτε
2598 777 2933 842 Αἰγυπτίοις,
2967 770 3041 831 ὧν
3083 780 3131 831 οί
3167 779 3264 848 μὲν
3292 781 3487 840 αὐτοὺς
3526 780 3630 832 πά-

2061 859 2150 912 λαι
2187 856 2331 931 εἶχον
2381 865 2438 915 ἐν
2486 866 2553 933 τῇ
2601 865 2834 935 δουλείᾳ,
2879 867 2927 920 oi
2971 868 3027 920 δέ
3075 867 3298 939 ὕστερον
3345 871 3635 939 ἀπήγαγον

2062 949 2452 1018 αἰχμαλώτους·
2478 953 2951 1025 ἀπαλλαγήσονται
2978 957 3086 1028 γὰρ
3109 958 3383 1013 ἁπάντων.
3413 960 3534 1014 Τίνι
3555 959 3636 1029 τῷ

2058 1041 2280 1112 τρόπῳ;
2317 1061 2336 1092 ι
2375 1044 2484 1096 Καὶ
2514 1046 2829 1115 κατισχύσω
2859 1049 3057 1112 αὐτοὺς
3087 1053 3143 1103 ἐν
3170 1051 3358 1122 Κυρίῳ
3385 1050 3507 1121 Θεῷ
3535 1051 3636 1103 αἰδ-

2063 1130 2194 1194 τῶν,
2222 1136 2299 1201 (p.
2328 1132 2454 1204 506)
2483 1134 2579 1188 καὶ
2606 1137 2664 1189 ὲν
2687 1135 2764 1206 τῷ
2792 1137 3017 1208 ὀνόματι
3050 1138 3213 1192 αὑτοῦ
3243 1141 3636 1209 καυχήσονται,

388 1206 535 1276 λέγει
582 1210 806 1281 Κύριος.
849 1230 870 1264 ›
938 1215 1153 1286 Ἐπειδὴ
1217 1217 1469 1289 ἰσχυρούς
1522 1237 1582 1272 τε
1635 1221 1831 1286 αὐτους
1879 1223 2183 1295 ἐργάσομαι
2235 1227 2331 1281 καὶ
2386 1227 2658 1299 ἀλήπτους
2687 1232 2820 1284 πᾶσι
2867 1206 2978 1294 τοῖς
3019 1235 3303 1300 ἐναντίοις,
3535 1233 3639 1286 αὐ-

383 1301 514 1365 τοὺς
541 1304 636 1356 καὶ
665 1305 1024 1374 σεμνύνεσθαι
1081 1309 1170 1361 ἐπί
1218 1326 1278 1362 τε
1313 1313 1378 1382 τῇ
1416 1311 1680 1385 ὀνομασίᾳ
1711 1317 1804 1368 καὶ
1845 1319 1912 1388 τῇ
1957 1317 2176 1390 βοηθείᾳ
2199 1323 2266 1390 τῇ
2309 1322 2438 1391 ἐμῇ.
2472 1321 2657 1376 Ταῦτα
2691 1323 2960 1395 εἰρηκὼς,
2991 1327 3226 1396 ἐπάγει·

1033 1446 1185 1503 CAP.
1217 1448 1310 1504 XI.

2688 1461 2847 1515 ΚΕΦ.
2892 1461 2996 1517 ΙΑ’.

453 1573 621 1632 Vens.
652 1577 764 1633 1-5.
805 1610 876 1620 -
917 1583 1143 1652 «Aperi,
1188 1582 1414 1648 Libane,
1467 1594 1653 1655 portas
1697 1592 1844 1650 tuas,
1899 1596 1944 1642 el

2127 1587 2272 1659 Στίχ.
2311 1591 2453 1654 α’-γ’.
2487 1621 2556 1631 -—-
2577 1611 2594 1642 ι
2618 1591 2910 1660 Διάνοιξον,
2965 1598 2994 1649 ό
3029 1595 3280 1662 Λίϐανος,
3320 1597 3419 1661 τάς
3456 1597 3637 1669 θύρας

384 1671 634 1724 comedat
681 1671 822 1742 ignis
847 1672 1042 1728 cedros
1069 1682 1212 1730 tuas.
1251 1676 1427 1732 Ululet
1456 1679 1636 1747 pinus,
1669 1680 1796 1748 quia
1818 1679 1944 1733 ceci-

2058 1697 2180 1745 σου,
2215 1682 2308 1733 καὶ
2336 1684 2701 1751 καταφαγέτω
2734 1685 2846 1757 πῦρ
2878 1686 2976 1750 τὰς
3007 1687 3231 1759 κέδρους
3270 1705 3392 1742 σου·
3436 1689 3628 1742 ὀλολυ·

383 1761 462 1814 dit
485 1763 701 1825 cedrus,
747 1765 872 1834 quia
906 1766 1195 1834 optimates
1232 1768 1389 1822 valde
1420 1769 1604 1824 miseri
1637 1769 1767 1824 facti
1801 1777 1944 1824 sunt.

2057 1770 2201 1836 ξάτω
2235 1773 2427 1836 πίτυς,
2458 1773 2591 1826 διότι
2633 1775 2884 1829 πέπτωκε
2929 1777 3139 1848 κέδρος,
3178 1778 3258 1832 ὅτι
3306 1783 3637 1848 μεγιστᾶνες

386 1851 621 1916 Ululate.
680 1872 919 1926 quercus
972 1856 1325 1922 Basanitidis,
1385 1862 1513 1931 quia
1569 1863 1820 1918 succisus
1871 1872 1944 1918 est

2057 1862 2308 1932 μεγάλως
2345 1863 2823 1936 ἐταλαιπώρησαν·
2864 1868 3170 1935 ὀλολύξατε,
3206 1871 3366 1941 δρύες
3401 1875 3502 1942 τῆς
3517 1871 3633 1924 Βα-

386 1948 558 2001 saltus
585 1951 848 2004 consitus.
886 1948 1002 2004 Vox
1031 1951 1329 2021 lugentium
1363 1962 1667 2021 pastorum,
1692 1955 1944 2024 (yroniam

2054 1952 2354 2017 σανίτιδος,
2398 1954 2480 2007 ὅτι
2517 1957 2866 2028 κατεσπάσθη
2920 1959 2948 2009 ό
2985 1959 3190 2030 δρυμὸς
3234 1962 3262 2012 ὀ
3307 1959 3588 2030 σύμφυτος
3611 1979 3624 1991 ·

384 2037 583 2092 misera
610 2038 752 2093 facta
777 2048 860 2095 est
881 2041 1281 2111 magniﬁcentia
1307 2041 1570 2111 ipsorum.
1605 2043 1716 2098 Vox
1743 2046 1956 2113 rugien-

386 2131 520 2184 tium
553 2132 792 2196 leonum,
811 2135 938 2203 quia
959 2134 1237 2188 debilitata
1260 2144 1346 2191 est
1366 2137 1618 2206 superbia
1635 2136 1911 2192 Iordanis.
1927 2157 1946 2189 ι

385 2219 652 2287 Quoniam
697 2224 909 2280 dixerat
951 2241 1011 2280 se
1063 2227 1424 2296 undecunque
1469 2243 1562 2283 eos
1591 2238 1952 2299 congregatu-

385 2331 526 2380 rnm,
563 2332 756 2388 nempe
793 2334 858 2373 ex
891 2317 1126 2390 Egypto
1154 2328 1209 2375 et
1239 2336 1305 2375 ex
1328 2321 1678 2392 Assyriorum
1709 2321 1948 2389 regione,

384 2408 624 2478 nihilque
677 2410 990 2479 huiusmodi
1035 2427 1130 2466 eos
1176 2413 1230 2466 in
1279 2424 1556 2482 posterum
1588 2422 1948 2481 experturos;

382 2508 744 2555 consentanee
785 2501 1046 2572 deinceps
1089 2504 1155 2557 ad
1185 2520 1281 2558 eos
1325 2505 1414 2576 qui
1447 2505 1726 2559 dominatu
1762 2504 1949 2574 oppri-

381 2591 601 2645 mebant
649 2593 917 2647 convertit
955 2609 1265 2650 sermonem
1291 2596 1513 2651 dicens:
1565 2595 1608 2649 Ο
1641 2592 1842 2665 magni,
1897 2603 1951 2650 et

380 2685 555 2738 instar
603 2681 798 2738 Libani
854 2687 1230 2755 magnitudine
1282 2689 1581 2758 gloriantes
1634 2690 1947 2753 cedrorum,

380 2773 862 2845 fortitudinemque
893 2783 1133 2831 vestram
1165 2785 1528 2844 ostentantes,
1569 2795 1717 2835 nunc
1742 2780 1948 2835 omissa

380 2863 731 2920 familiarium
784 2881 1027 2922 meorum
1076 2870 1501 2939 oppugnatione,
1551 2871 1707 2941 quasi
1759 2879 1947 2942 portas

2054 2044 2204 2115 φωνή
2234 2044 2572 2116 θρηνούντων
2611 2049 2911 2119 ποιμένων,
2955 2051 3036 2103 ὅτι
3073 2050 3555 2123 τεταλαιπὼρηκεν
3590 2055 3628 2124 ή

2057 2137 2410 2208 μεγαλωσύνη
2457 2139 2637 2192 αὐτῶν
2657 2155 2670 2170 ·
2703 2141 2852 2212 φωνὴ
2895 2141 3232 2212 ὀδυρομένων
3260 2142 3506 2206 λεόντων,
3537 2145 3628 2196 ὅτι

2049 2227 2500 2301 τεταλαιπώρηκε
2529 2231 2589 2283 τὸ
2616 2230 2879 2302 φρύαγμα
2899 2231 2992 2285 τοῦ
3031 2233 3316 2304 Ἰορδάνου.
3349 2254 3370 2286 ι
3406 2235 3628 2307 Ἐπειδὴ

2050 2318 2159 2388 γὰρ
2192 2315 2342 2372 εἶπεν
2367 2321 2470 2386 ὅτι,
2503 2321 2843 2392 Πανταχόθεν
2872 2322 3069 2387 αὐτοὺς
3109 2325 3242 2391 ἀξω,
3280 2327 3389 2379 ἀπό
3425 2343 3484 2378 τε
3512 2329 3618 2396 τῆς

2050 2409 2359 2478 Αἰγύπτου,
2403 2412 2497 2465 καὶ
2529 2413 2636 2465 ἀπὸ
2675 2413 2776 2482 τῆς
2836 2414 3135 2484 Ἀσσυρίων
3168 2416 3371 2488 χώρας,
3406 2420 3496 2470 καὶ
3536 2419 3626 2472 ὅτι

2053 2501 2280 2572 μηδενὸς
2308 2501 2386 2555 ἔτι
2419 2503 2842 2575 πειραθήσονται
2868 2506 3131 2571 τοιούτου,
3167 2507 3473 2572 ἀκολούθως
3504 2508 3626 2561 λοι-

2048 2593 2150 2646 πὸν
2180 2594 2270 2647 ἐπὶ
2293 2595 2420 2659 τοὺς
2448 2595 2775 2666 κατέχοντας
2801 2599 2990 2669 τρέπει
3017 2599 3108 2652 τὸν
3137 2599 3312 2668 λόγον,
3341 2599 3497 2654 τοῦτο
3528 2600 3624 2653 λέ-

2047 2701 2191 2753 γωνο
2217 2680 2280 2738 Οἱ
2314 2687 2537 2757 μεγάλοι
2579 2689 2672 2741 καὶ
2699 2689 2855 2760 δίκην
2899 2691 2992 2744 τοῦ
3023 2691 3258 2746 Λιϐάνου
3289 2691 3366 2761 τῷ
3399 2692 3626 2762 μεγέθει

2049 2777 2432 2848 σεμνυνόμενοι
2452 2779 2562 2832 τῶν
2598 2779 2836 2850 κέδρων,
2864 2781 2962 2852 τὴν
3003 2783 3154 2852 ἰσχὺν
3185 2783 3626 2852 ἐπιδεικνύμενοι

2048 2868 2146 2939 τήν
2175 2870 2400 2934 οἰκείαν,
2435 2871 2770 2935 ἀποστάντες
2796 2872 2890 2926 τοῦ
2917 2873 2997 2926 ἔτι
3035 2860 3302 2944 μάχεσθαι
3347 2877 3458 2936 τοῖς
3492 2875 3624 2943 ἐμοὶ

377 2955 641 3025 quasdam
670 2956 804 3011 lines
829 2968 1038 3012 vestros
1063 2937 1301 3028 pandite.
1325 2961 1538 3015 cunctis
1564 2961 1789 3016 liberum
1814 2977 1944 3016 con-

2050 2937 2446 3033 προσήκουσιν,
2478 2963 2668 3036 ῶσπερ
2694 2965 2845 3028 τινὰς
2879 2937 3048 3038 θύρας
3091 2937 3336 3030 ἀνοίξατε
3377 2969 3445 3019 τά
3485 2937 3623 3019 ἑαυ-

377 3049 631 3104 cedentes
666 3063 693 3101 a
731 3049 882 3104 vobis
911 3050 964 3103 in
988 3051 1219 3119 patriam
1241 3052 1566 3117 discessum,
1623 3055 1942 3124 priusquam

377 3143 515 3210 ignis
557 3141 730 3196 instar
773 3141 907 3195 ultio
937 3157 1053 3196 mea
1087 3151 1336 3211 potentes
1371 3154 1582 3200 vestros
1619 3152 1941 3209 consumat;

373 3240 429 3286 et
451 3231 660 3285 ululare
684 3238 841 3300 cogat
870 3231 1222 3296 infirmiores,
1246 3232 1372 3288 dum
1403 3235 1700 3303 potentium
1728 3234 1942 3287 ruinam

374 3325 579 3379 vident.
625 3322 716 3378 Sic
763 3325 909 3379 enim
956 3324 1269 3396 signiﬁcat:
1309 3341 1327 3374 ι
1370 3324 1551 3380 Ululet
1593 3325 1777 3395 pinus,
1817 3327 1944 3395 quia

373 3417 570 3474 cecidit
610 3417 870 3472 cedrus.»
912 3416 1047 3472 Nam
1075 3425 1370 3488 conspecta
1412 3418 1716 3487 potentium
1758 3420 1941 3485 ruina,

373 3510 442 3565 de
475 3526 534 3566 se
559 3511 712 3580 ipsis,
743 3518 800 3564 nt
841 3526 939 3580 par
962 3517 1067 3574 est,
1095 3508 1482 3580 desperabunt.
1522 3509 1700 3580 IEque
1754 3525 1944 3565 clunes

374 3599 468 3669 qui
497 3599 677 3669 aliqua
707 3597 1084 3667 gloriabuntur
1119 3597 1357 3668 potentia
1405 3598 1714 3660 nlulabunt,
1753 3597 1946 3652 viden-

375 3700 456 3747 tes
478 3690 661 3762 populi
697 3692 784 3745 sui
814 3690 1215 3744 multitudinem
1250 3701 1502 3758 tauquam
1533 3689 1806 3744 consitum
1842 3689 1946 3744 sal-

375 3793 486 3838 tum
539 3792 827 3848 vastatam,
885 3783 1027 3854 ignis
1078 3783 1251 3838 instar
1303 3782 1587 3851 ingruente
1632 3781 1712 3836 eis
1758 3781 1942 3835 divina

375 3879 674 3946 punitione.
705 3875 840 3929 Nam
872 3875 1144 3945 principes
1175 3875 1344 3928 vestri
1374 3876 1429 3927 in
1456 3874 1603 3928 luctu
1631 3879 1814 3934 erunt,
1847 3873 1941 3942 qui

375 3970 507 4024 meis
541 3967 902 4023 familiaribus
939 3967 1140 4020 bellum
1172 3966 1410 4020 indicere
1438 3965 1558 4018 ausi
1601 3973 1747 4026 sunt,
1785 3979 1942 4018 suas-

370 4077 476 4131 que
505 4075 696 4114 omnes
726 4058 868 4111 vires
891 4057 1138 4112 succisas
1168 4056 1450 4110 videbunt.
1475 4054 1943 4110 Lamentabuntur

374 4168 520 4216 vero,
548 4150 703 4222 quasi
729 4151 915 4205 leones
936 4149 1166 4218 quisuis
1188 4147 1529 4202 conﬁdebant
1554 4147 1780 4210 viribus,
1809 4146 1939 4200 dum

371 4251 600 4299 cunctos
636 4241 855 4296 miseria
884 4254 1104 4311 pressos
1133 4237 1292 4310 35.1
1330 4239 1594 4335 videbunt
1621 4239 1712 4307 qui
1745 4239 1938 4335 θύνει·-
1970 4281 2012 4335 D

371 4354 467 4392 sus
496 4333 788 4390 Jordanem
809 4330 1215 4400 superbiebant.
1242 4329 1371 4381 Nam
1394 4332 1520 4396 quia
1545 4326 1811 4383 Iordanes
1837 4328 1935 4382 llu-

371 4429 490 4483 vius
515 4442 642 4498 pars
669 4423 866 4479 Judazre
895 4430 1033 4487 erat,
1055 4429 1480 4475 commemorato
1498 4421 1735 4476 Jordane
1765 4423 1938 4492 regio-

372 4535 492 4575 nem
545 4515 916 4573 lsraelitarum
961 4511 1233 4583 signiﬁcat
1281 4514 1574 4582 propheta:
1631 4523 1744 4568 tum
1805 4515 1932 4583 quia

373 4610 706 4666 llierusalem
753 4607 810 4661 in
855 4612 1092 4660 veterem
1127 4603 1444 4658 restituetur
1491 4606 1928 4674 prosperitatem,

372 4701 580 4757 reddito
603 4698 746 4770 genti
772 4696 1077 4752 sacerdotio
1100 4709 1164 4748 ac
1190 4709 1355 4764 regno
1379 4711 1394 4761 ;
1421 4701 1533 4749 tum
1555 4697 1681 4765 quia
1706 4697 1935 4766 populus

373 4794 734 4863 undequaque
761 4789 1220 4860 congregabitur;
1273 4796 1386 4841 tum
1418 4789 1544 4856 quia
1569 4789 1803 4858 denique
1847 4804 1939 4844 eo-

375 4900 490 4937 rum
515 4884 700 4939 hostes
728 4881 914 4952 puniet
942 4881 1104 4944 Deus,
1131 4889 1183 4935 et
1202 4880 1256 4933 in
1281 4879 1636 4949 plurimorum
1670 4882 1935 4936 honorum

372 4977 524 5046 capia
577 4989 708 5031 suos
761 4973 1076 5029 constituet.
1125 4971 1268 5038 Quin
1319 4971 1454 5026 adeo
1497 4971 1816 5026 Zorobabeli
1870 4974 1937 5028 ad

372 5086 594 5141 regnum
622 5069 797 5124 electo
826 5066 1092 5121 maximas
1121 5064 1494 5135 suppeditabit
1525 5066 1686 5130 vires,
1737 5066 1938 5136 quibus

373 5163 533 5219 validi
565 5161 796 5216 evadent
825 5169 1014 5214 contra
1039 5159 1244 5220 hostes,
1276 5157 1561 5212 devincent
1593 5166 1768 5214 autem
1799 5159 1932 5230 Gogi

369 5258 668 5313 exercitum
697 5249 1148 5306 innumerabilem
1179 5256 1234 5304 et
1261 5258 1417 5305 antea
1454 5250 1733 5305 invictum.
1760 5253 1935 5320 Atque

369 5359 428 5404 ut
476 5345 664 5419 paucis
707 5344 909 5405 dicam,
952 5342 1166 5396 cunctis
1200 5356 1320 5410 qur
1363 5340 1628 5396 hactenus
1658 5341 1794 5396 dixit
1841 5343 1936 5397 de-

368 5442 616 5501 claravit,
647 5442 884 5505 quantus
919 5433 1132 5488 futurus
1159 5433 1228 5488 sit
1257 5432 1620 5488 lsraelitarum
1654 5433 1706 5487 in
1740 5434 1935 5490 melius

366 5541 708 5598 progressus.

2045 3052 2172 3116 τῶν,
2205 3055 2370 3106 πᾶσιν
2416 3055 2544 3125 ἀδεῆ
2593 3055 2926 3127 παρέχοντες
2953 3058 3052 3128 τὴν
3095 3059 3186 3127 ἀφ’
3219 3059 3370 3128 ὑμῶν
3405 3059 3624 3125 ἀναχώ-

2047 3143 2204 3215 ρησίν
2236 3163 2294 3198 τε
2329 3146 2420 3199 καὶ
2463 3147 2720 3201 ἐπάνοδον
2767 3149 2848 3209 είς
2880 3149 2947 3202 τὰ
2981 3151 3174 3215 οἰκεῖα,
3210 3151 3285 3219 (p.
3321 3151 3445 3219 507)
3486 3152 3623 3221 πρὶν

2043 3235 2077 3304 ἢ
2108 3236 2277 3303 πυρὸς
2310 3236 2406 3306 μὲν
2433 3237 2587 3308 δίκην
2620 3239 2718 3310 τὴν
2753 3239 2891 3310 ἐμὴν
2920 3240 3192 3312 τιμωρίαν
3227 3242 3353 3305 τοὺς
3392 3242 3449 3294 ἐν
3487 3243 3622 3311 ὑμῖν

2044 3328 2301 3397 ἀφανίσαι
2325 3329 2614 3396 δυνατοὺς,
2641 3329 2911 3395 ὀλολύζειν
2941 3331 2998 3384 δὲ
3035 3333 3162 3394 τοὺς
3195 3332 3624 3401 ἀσθενεστέρους

2043 3421 2286 3492 ὁρῶντας
2329 3422 2436 3475 τῶν
2464 3422 2706 3476 δυνατῶν
2742 3423 2841 3493 τὴν
2868 3423 3093 3477 πτῶσιψ
3125 3424 3283 3477 τοῦτο
3309 3425 3416 3495 γὰρ
3443 3424 3617 3493 λέγει,

2043 3530 2061 3562 ι
2085 3512 2415 3582 Ὀλολυξάτω
2425 3512 2738 3579 πίτυς,διότι
2756 3514 3012 3567 πέπτωκε
3032 3515 3237 3586 κέδρος.
3254 3516 3619 3585 »Θεασάμενοι

2043 3599 2150 3670 γὰρ
2185 3601 2282 3673 τὴν
2318 3602 2424 3656 τῶν
2469 3603 2707 3656 δυνατῶν
2750 3605 3053 3668 ἀπώλειαν,
3095 3606 3500 3675 ἀπογνώσονται
3537 3609 3619 3671 ὡς

2042 3693 2187 3756 εἰκὸς
2219 3693 2458 3747 ἑαυτῶν
2505 3696 2596 3748 καὶ
2629 3695 2830 3759 πάντες
2858 3697 2908 3749 οἱ
2944 3698 3035 3749 ἐπί
3069 3715 3172 3751 τινι
3217 3698 3436 3769 δυνάμει
3471 3699 3618 3768 μέγα

2043 3784 2364 3856 φρονοῦντες
2411 3785 2747 3850 ὀλολύξουσιν
2767 3828 2781 3851 ,
2812 3787 3045 3858 ὁρῶντες
3075 3788 3136 3841 τὸ
3167 3790 3364 3842 οίκεῖον
3410 3788 3617 3856 πλῆθος

2040 3875 2238 3929 ὡσανεὶ
2275 3875 2550 3946 σύμφυτον
2577 3877 2780 3948 δρυμὸν
2810 3878 3224 3950 ἀφανιζόμενον,
3256 3880 3413 3951 δίκην
3440 3879 3616 3949 πυρὸς

2041 3967 2437 4040 ἐπιπιπτούσης
2491 3970 2672 4033 αὐτοῖς
2716 3972 2817 4041 τῆς
2859 3970 3010 4035 θείας
3055 3972 3355 4043 τιμωρίας·
3401 3971 3616 4025 ἔσονται

2044 4059 2141 4129 μὲν
2169 4060 2276 4129 γάρ
2299 4061 2346 4112 oi
2373 4060 2692 4130 ἐξάρχοντες
2723 4061 2877 4132 ὑμῶν
2907 4065 2964 4116 ἐν
2989 4062 3231 4133 θρήνοις,
3258 4062 3613 4116 ἀνθίστασθαι

2040 4150 2118 4204 ἔτι
2143 4154 2254 4214 τοῖς
2278 4152 2302 4202 ἐ
2311 4152 2399 4222 μοὶ
2420 4153 2756 4223 προσήκουσι
2777 4153 3104 4223 τολμῶντες,
3137 4153 3370 4223 ὁρῶντες
3394 4153 3615 4205 ἃπασαν

2041 4238 2219 4294 αὐτῶν
2248 4239 2347 4311 τήν
2376 4241 2528 4309 ίσχὺν
2556 4240 2962 4312 ἀπολλυμένηνσ
2996 4241 3322 4313 θρηνήσουσι
3349 4241 3406 4294 δὲ
3435 4241 3530 4293 καὶ
3559 4243 3612 4293 ot

2039 4331 2270 4386 λεόντων
2305 4331 2460 4400 δίκην
2496 4333 2562 4402 τῇ
2607 4332 2783 4404 οίκείᾳ
2821 4333 3141 4395 πεποιθότες
3177 4331 3349 4402 ἰσχύϊ,
3399 4332 3613 4396 πάντας

2039 4425 2273 4497 ὁρῶντες
2304 4426 2362 4478 ἐν
2401 4424 2794 4496 ταλαιπωρίαις
2822 4424 2982 4486 ὄντας
3011 4425 3138 4487 τοὺς
3172 4425 3312 4493 μέγα
3339 4439 3616 4492 πεφρονη-

2040 4519 2203 4581 κότας
2234 4517 2376 4572 κατὰ
2404 4517 2500 4571 τοῦ
2557 4518 2838 4589 Ἰορδάνου.
2890 4517 3104 4588 Ἐπειδὴ
3149 4515 3258 4587 γάρ
3294 4517 3458 4586 μέρος
3505 4514 3612 4582 τῆς

2051 4610 2305 4673 ἰουδαίας
2331 4605 2399 4681 ἦν
2425 4612 2454 4662 ὁ
2490 4609 2758 4680 Ἰορδάνης
2785 4609 3048 4678 ποταμὸς,
3073 4608 3181 4662 ἀπὸ
3205 4608 3302 4677 τῆς
3323 4605 3415 4658 τοῦ
3443 4622 3613 4658 ποτα-

2043 4703 2144 4774 μοῦ
2175 4704 2388 4774 μνήμης
2415 4701 2510 4772 τὴν
2535 4699 2716 4771 χώραν
2741 4699 2848 4753 τῶν
2889 4697 3237 4771 Ἰσραηλιτῶν
3258 4697 3554 4768 δεδήλωκεν
3580 4697 3612 4748 ὀ

2036 4794 2355 4865 προφήτης·
2397 4793 2479 4845 ὅτι
2515 4809 2575 4845 τε
2613 4793 2646 4863 ἡ
2707 4791 3061 4862 Ἰερουσαλὴμ
3103 4793 3182 4853 είς
3227 4790 3324 4859 τὴν
3371 4788 3612 4842 παλαιὰν

2036 4885 2613 4956 ἀποκατασταθήσεται
2637 4883 2963 4954 εὐπραγίαν,
2993 4881 3346 4948 ἀποδοθείσης
3379 4881 3477 4950 μὲν
3506 4881 3610 4951 τῆς

2034 4995 2092 5031 τε
2123 4977 2417 5049 ἱερωσύνης
2441 4977 2533 5030 καὶ
2565 4977 2663 5046 τῆς
2705 4993 2761 5029 τε
2791 4975 3065 5045 βασιλείας
3093 4974 3173 5045 τῷ
3205 4973 3366 5038 ἔθνει,
3394 4975 3614 5027 ἐπισυν-

2035 5070 2288 5140 αχθέντος
2311 5069 2369 5122 δὲ
2400 5068 2496 5122 τοῦ
2528 5067 2657 5121 λαοῦ
2696 5067 3026 5136 πανταχόθεν
3051 5084 3065 5098 ν
3122 5067 3214 5119 καὶ
3249 5067 3330 5118 ὅτι
3355 5067 3608 5137 τιμωρή-

2037 5178 2188 5215 σεται
2221 5163 2318 5233 μὲν
2348 5162 2525 5215 αὐτῶν
2561 5163 2686 5224 τοὺς
2716 5161 2940 5231 ἐχθροὺς
2966 5163 2994 5214 ό
3027 5159 3182 5224 Θεὸς,
3214 5162 3272 5213 ἐν
3299 5159 3518 5228 ἀγαθῶν
3546 5161 3608 5213 δὲ

2035 5253 2300 5308 πλείστων
2345 5253 2573 5324 ἀφθονίᾳ
2619 5255 2949 5323 καταστήσει
2992 5253 3240 5316 τούτους.
3303 5253 3460 5305 Ἀλλά
3510 5255 3608 5306 καὶ

2033 5345 2115 5397 ὅτι
2153 5343 2230 5414 τῷ
2272 5343 2573 5415 Ζοροϐάϐελ
2615 5344 2750 5414 πρὸς
2785 5342 2884 5413 τὴν
2929 5342 3204 5412 βασιλείαν
3247 5342 3610 5413 ἐξειλεγμένῳ

2037 5433 2292 5504 πλείστην
2327 5433 2452 5487 τινὰ
2500 5434 2722 5505 παρέξει
2757 5436 2852 5504 τὴν
2902 5434 3101 5506 ῥοπήν,
3151 5435 3245 5504 ἀφ’
3281 5429 3350 5505 ἧς
3394 5436 3608 5504 ἰσχυροὶ

2042 5525 2139 5595 μὲν
2188 5525 2400 5578 ἔσονται
2434 5524 2573 5578 κατὰ
2601 5525 2708 5578 τῶν
2748 5524 3034 5590 ἐναντίων,
3071 5529 3518 5596 περιγενήσονται
3549 5525 3608 5579 δὲ

366 5623 460 5676 καὶ
494 5621 604 5676 τῶν
650 5620 779 5690 περὶ
827 5617 920 5671 τὸν
973 5615 1096 5684 Γὼγ
1143 5615 1530 5689 ἀναριθμήτων
1567 5635 1627 5671 τε
1669 5617 1836 5672 ὀντων
1882 5621 1975 5673 καὶ
2019 5620 2423 5691 ἀμαχωτάτωνο
2457 5619 2552 5674 καὶ
2582 5620 2857 5690 συντόμως
2889 5621 3063 5674 εἰπεῖν
3099 5618 3190 5674 διὰ
3233 5620 3448 5676 πάντων
3499 5618 3609 5674 τιίιν

368 5712 782 5784 ιρορρησέντων
811 5708 1106 5782 ἐγνώρισεν
1134 5709 1342 5780 ὁπόσην
1378 5709 1470 5763 ἐπὶ
1499 5709 1558 5762 τὸ
1595 5713 1837 5781 κρεῖττον
1865 5713 1932 5767 τὰ
1965 5715 2082 5768 κατ’
2115 5714 2310 5776 αὐτοὺς
2336 5710 2562 5780 λήψεται
2589 5712 2686 5783 τήν
2715 5711 2970 5766 ἐπίδοσιν.
