3856 6226
246 313 352 372 539

1197 304 1744 366 COMMENTARIUS
1770 304 1839 360 IN
1877 301 2247 360 ZACHARLE
2286 299 2440 356 CAP.
2485 297 2575 352 XI.

3381 285 3486 341 573

333 429 550 500 Ἐπειδὴ
577 429 633 483 δὲ
678 429 780 483 οὐκ
823 425 883 483 εὖ
917 429 1220 499 ἐχρήσαντο
1255 429 1497 482 Ἰουδαῖοι
1531 430 1599 498 τῇ
1640 442 1700 480 τε
1731 426 1822 478 εὑ-

1995 422 2101 492 Sed
2130 421 2259 492 quia
2299 416 2469 472 Judaei
2505 427 2614 467 non
2649 411 2784 464 bene
2814 406 2900 462 usi
2931 413 3062 463 sunt
3113 400 3371 457 felicitate
3423 413 3485 451 ar

246 525 463 594 πραγίᾳ
507 523 599 576 καὶ
641 524 709 591 τῇ
757 522 949 593 είρήνῃ
984 517 1052 592 ἦς
1081 520 1174 573 ἐπὶ
1206 519 1454 579 πλεῖστον
1483 518 1819 578 ἀπέλαυσαν,

1923 530 2056 586 pace
2077 488 2192 584 “qua
2221 512 2312 565 diu
2353 507 2502 563 fruiti
2534 510 2712 565 erant,
2743 509 2796 555 et
2823 499 2946 552 inde
2975 496 3160 550 animo
3192 500 3400 546 mutato
3420 488 3487 540 ad

249 588 330 680 (p.
357 588 482 682 503)
535 588 958 684 μεταϐαλόμενοί
988 588 1044 664 τε
1091 609 1339 665 ἐντεῦθεν
1366 610 1502 680 πρὸς
1548 609 1610 662 τὸ
1645 611 1821 677 χεῖρον

1953 607 2113 659 'itium
2144 602 2495 662 deﬂexerant,
2528 597 2582 650 in
2615 591 2948 648 contrarium
2970 588 3051 643 eis
3083 595 3279 638 cuncta
3307 596 3490 635 cesse-

249 700 543 763 ἐξώκειλαν
566 740 581 764 ,
633 700 767 769 πρὸς
810 699 1116 752 τούναντίον
1163 699 1258 769 μὲν
1304 700 1483 762 αὐτοῖς
1527 697 1824 765 ἐκϐέϐηκεν

254 793 470 844 ἅπαντα
494 807 507 820 ·
557 791 732 860 πολλὴ
769 790 824 842 δέ
856 807 938 853 τις
971 791 1210 859 ἀκοσμία
1242 791 1335 842 καὶ
1364 789 1621 858 σύγχυσις
1647 787 1823 840 αὐτῶν

254 879 546 948 κατείληφε
567 879 627 931 τὸ
647 877 816 942 έθνος,
841 877 936 931 ἂτε
966 879 1071 932 τῶν
1090 879 1268 948 νόμων
1293 878 1673 947 ἀμελουμένων
1697 877 1824 946 παρ’

255 971 440 1034 αὐτοῖς
470 971 574 1024 τῶν
604 970 762 1022 θείων
782 990 794 1000 ·
826 971 955 1023 ἔνιοι
982 972 1091 1041 γὰρ
1119 971 1226 1023 τῶν
1256 971 1656 1039 ὑποδεεστέρων
1689 969 1827 1040 πρὸς

258 1063 384 1124 τοὺς
403 1061 688 1133 ἀρχιερέας
711 1062 804 1115 καὶ
828 1062 1158 1132 ἡγουμένους
1179 1061 1270 1114 τοῦ
1291 1060 1419 1114 λαοῦ
1448 1061 1665 1121 παντὸς,
1692 1061 1828 1131 μετά

258 1150 462 1220 πολλῆς
508 1169 565 1203 τε
597 1151 876 1214 διέποντας
922 1151 1081 1204 αὑτὸν
1131 1152 1227 1219 τῆς
1262 1150 1580 1220 ἀκριϐείας,
1631 1152 1694 1203 ἐκ
1735 1148 1828 1203 τοῦ

261 1245 397 1312 ππ
425 1243 484 1296 τὸ
525 1245 703 1313 χεῖρον
746 1243 954 1313 ῥέπειν,
987 1242 1138 1295 αὐτοὶ
1181 1242 1532 1313 διηνέχθησαν
1561 1242 1635 1306 ὡς
1664 1241 1827 1306 είκὺς,

263 1332 355 1384 καὶ
392 1331 554 1401 μηδὲν
581 1334 700 1386 κατ’
732 1333 912 1388 αὐτῶν
960 1334 1294 1405 ἰσχύσαντες,
1342 1335 1431 1388 διὰ
1455 1335 1553 1405 τὴν
1577 1336 1724 1407 παρά
1753 1335 1832 1406 τῷ

261 1419 377 1491 λαῴ
404 1421 559 1484 δόξαν
585 1421 693 1474 τῶν
726 1422 952 1492 ἀνδρῶν,
997 1425 1088 1476 ἐπὶ
1114 1424 1238 1486 τοὺς
1266 1423 1515 1492 βασιλέας
1545 1423 1832 1492 ἐληλύθασι

261 1516 390 1575 τοὺς
435 1514 498 1564 ἐκ
543 1512 644 1582 τῆς
698 1513 1071 1584 Μακεδονικῆς
1113 1514 1356 1584 διαδοχῆς
1401 1513 1510 1566 τῶν
1544 1513 1687 1566 κατά
1734 1515 1834 1584 τὴν

264 1603 465 1670 Συρίαν
490 1602 822 1673 κρατοῦντας
851 1603 1053 1676 μερῶν,
1087 1605 1178 1658 καὶ
1206 1604 1618 1674 παρεσκεύασαν
1655 1605 1751 1674 μὲν
1776 1606 1834 1658 ὲν

265 1694 529 1759 κινδύνοις
558 1697 682 1760 τοὺς
719 1696 1055 1766 ἡγουμένους
1098 1697 1276 1750 αὐτῶν
1307 1696 1595 1765 γενέσθαι,
1640 1697 1836 1766 ἄνδρας

1925 705 2081 764 runt;
2142 697 2418 762 multaque
2475 686 2813 759 perturbatio
2862 690 2916 736 et
2966 677 3220 745 confusio
3274 681 3489 743 gentem

1925 790 2166 859 ipsorum
2203 782 2523 852 occupavit,
2575 778 2777 832 divinis
2810 773 3066 826 nimirum
3111 767 3323 836 legibus
3347 763 3489 832 apud

1925 857 2020 934 eos
2048 878 2305 949 neglectis
2366 871 2625 927 Nonnulli
2653 868 2799 923 enim
2826 861 3134 918 humilioris
3160 857 3491 912 conditionis

1929 970 2198 1030 homines.
2262 966 2528 1020 adversus
2584 958 2870 1031 pontiﬁces
2911 961 2965 1007 et
3007 950 3189 1020 populi
3249 943 3490 1000 universi

1927 1063 2116 1122 duces,
2165 1073 2327 1128 quem
2363 1055 2510 1110 omni
2543 1067 2666 1107 cum
2707 1049 2986 1118 diligentia
3018 1039 3492 1098 administrabant,

1928 1160 2150 1224 pr0pter
2195 1165 2348 1204 suam
2393 1161 2614 1217 pravam
2651 1140 2844 1212 agendi
2879 1137 3146 1191 rationem
3175 1128 3496 1186 inimicitias

1928 1249 2310 1312 susceperunt,
2347 1249 2402 1293 ut
2439 1251 2670 1308 pronum
2708 1233 2854 1287 factu
2883 1239 3034 1296 erat;
3101 1225 3301 1296 quibus
3369 1233 3497 1273 cum

1929 1311 2221 1405 praevalere
2271 1345 2381 1384 non
2424 1333 2666 1397 possent,
2725 1327 2946 1389 propter
2973 1316 3218 1370 virorum
3279 1311 3499 1364 illorum

1930 1402 2070 1494 apud
2113 1421 2370 1492 populum
2412 1417 2778 1485 maiestatem,
2817 1411 2884 1464 ad
2916 1422 3070 1475 reges
3095 1402 3320 1474 profecti
3350 1406 3500 1459 sunt,

1930 1517 2022 1586 qui
2071 1529 2138 1568 ex
2187 1509 2531 1565 Macedonica
2586 1502 2942 1561 successione
2991 1496 3162 1568 Syriae
3209 1491 3504 1562 provinciis

1932 1581 2313 1670 iinperabant;
2387 1605 2440 1650 et
2505 1592 2745 1665 pericula
2798 1589 3104 1645 conﬂaruut
3161 1581 3505 1655 principibus

1933 1694 2070 1755 suis,
2094 1691 2188 1761 qui
2220 1688 2390 1758 probe
2422 1685 2770 1754 legitimoque
2812 1676 3175 1736 sacerdotium
3206 1671 3505 1742 gerebant;

266 1786 512 1857 νομίμως
540 1805 601 1840 τε
635 1758 1007 1858 ἱερατεύοντας
1036 1758 1132 1841 καὶ
1154 1758 1388 1856 δοκίμως
1408 1802 1422 1816 ⁸
1468 1758 1752 1857 μεθίστατο
1779 1785 1834 1838 δέ

1959 1794 2012 1839 ta
2038 1758 2474 1857 ut-poutiﬁcalus
2528 1774 2596 1829 ad
2631 1773 2769 1827 alios
2816 1768 3065 1824 homines
3114 1763 3509 1819 transferretur

269 1879 334 1930 τὰ
362 1879 460 1950 τῆς
473 1878 876 1950 ἀρχιερωσύνης
905 1881 982 1942 εἰς
1009 1878 1224 1950 ἐτέρους
1251 1878 1399 1949 παρά
1426 1879 1524 1948 τὴν
1551 1877 1658 1931 τῶν
1679 1877 1836 1930 θείων

269 1967 446 2035 νόμων
482 1967 814 2032 ἀκολουθίαν,
862 1968 1002 2021 κατά
1030 1968 1090 2021 τὸ
1132 1972 1243 2032 τοῖς
1291 1967 1566 2037 βασιλεῦσι
1611 1966 1834 2020 δοκοῦν’

268 2057 319 2108 οἶ
354 2059 634 2128 μονονουχὶ
660 2059 964 2123 πωλοῦντες
996 2060 1057 2112 τὸ
1095 2059 1244 2122 ἔθνος
1273 2062 1384 2123 τοῖς
1419 2059 1715 2130 βασιλεῦσι,
1746 2059 1840 2112 καὶ

270 2151 567 2220 χρημάτων
607 2151 758 2221 παρά
790 2151 850 2204 τὸ
895 2151 1010 2205 δέον
1037 2151 1134 2222 τὴν
1175 2153 1504 2223 προστασίαν
1547 2151 1840 2219 ὠνούμενοι

270 2238 365 2291 τοῦ
409 2238 559 2299 λαοῦ.
609 2240 832 2294 πλεῖστα
869 2242 966 2310 μὲν
1007 2243 1106 2294 ὃσα
1153 2242 1530 2313 διεπράττοντο
1559 2243 1737 2305 κακὰ,
1783 2244 1840 2296 ἐν

271 2333 512 2404 ἀκοσμίᾳ
543 2332 598 2384 δὲ
623 2334 718 2386 καὶ
748 2333 1003 2404 συγχύσει
1035 2335 1301 2388 καθίστων
1326 2335 1538 2388 ἅπαντα
1561 2335 1650 2388 τὸν
1679 2333 1806 2388 λαόν
1825 2350 1840 2366 ο

274 2421 369 2475 καὶ
399 2421 721 2495 κατελέλυτο
757 2423 854 2492 μὲν
881 2421 1132 2487 καθάπαξ
1162 2425 1195 2494 ἡ
1227 2423 1332 2476 τῶν
1365 2423 1542 2493 νόμων
1568 2421 1842 2491 ἀκρίϐεια,

276 2512 623 2580 ἀντεισήγετο
650 2511 705 2563 δὲ
735 2510 928 2575 ἀταξία
955 2529 1015 2564 τε
1039 2513 1132 2564 καὶ
1157 2511 1218 2564 τὸ
1247 2513 1379 2581 πρὸς
1409 2513 1713 2565 τούναντίον
1733 2513 1845 2574 τοῖς

277 2602 440 2666 θείοις
490 2603 671 2672 νόμοις
716 2603 929 2657 ἅπαντα
974 2603 1255 2672 γίγνεσθαι
1282 2619 1294 2632 ⁸
1350 2604 1490 2674 ὑπὲρ
1534 2603 1597 2674 δὴ
1645 2601 1848 2655 τούτων

276 2692 529 2746 ἁπάντων
566 2693 777 2762 μυρίοις
807 2694 905 2764 μὲν
937 2694 1079 2756 ὅσοις
1112 2693 1544 2765 περιεϐλήθησαν
1588 2696 1703 2755 ’τοῖς
1744 2709 1847 2745 κα-

280 2787 396 2846 κοῖς
430 2783 697 2836 Ἰουδαῖον
726 2784 833 2836 τῶν
857 2784 1232 2838 Μακκαϐαίων
1257 2784 1311 2836 δὲ
1341 2785 1404 2837 ἐκ
1435 2783 1527 2836 τοῦ
1561 2783 1636 2853 μὴ
1662 2783 1848 2853 φέρειν

1941 1853 2133 1944 praeter
2159 1873 2334 1939 legum
2364 1869 2671 1922 divinarum
2692 1862 2961 1924 ordinem,
2988 1873 3089 1928 pro
3111 1870 3296 1924 regum
3331 1853 3506 1908 Iibilo.

1939 1965 2018 2020 Illi
2070 1963 2319 2018 videlicet
2378 1967 2593 2030 gentem
2639 1970 2796 2011 suam
2848 1948 3240 2023 prapemodum
3289 1945 3511 2015 regibus

1938 2055 2326 2113 vendiderunt,
2359 2061 2412 2106 et
2447 2049 2678 2120 pecunia
2710 2053 2906 2116 prazter
2938 2041 3024 2098 fas
3048 2047 3298 2096 emerunt
3327 2035 3512 2107 populi

1939 2145 2304 2209 dominatum,
2343 2152 2400 2197 et
2428 2141 2660 2211 plurima
2688 2137 2829 2190 mala
2860 2133 3204 2204 invexerunt,
3233 2129 3516 2200 populum-

1941 2254 2048 2310 que
2080 2237 2395 2290 universum
2443 2233 2498 2286 in
2541 2227 3010 2299 perturbationem
3047 2232 3101 2278 et
3129 2220 3512 2277 confusionem

1943 2298 2317 2398 conjecerunt.
2343 2325 2504 2397 342
2528 2298 2682 2376 Tunc
2707 2319 2931 2374 omnino
2950 2315 3113 2371 desiit
3133 2314 3306 2383 legum
3333 2310 3518 2363 obser-
3589 2298 3593 2302 ’

1943 2420 2149 2480 vantia,
2205 2416 2476 2473 successit
2521 2421 2703 2466 autem
2739 2409 3021 2477 iniquitas,
3072 2413 3124 2460 et
3155 2412 3212 2457 ut
3241 2400 3518 2456 contraria

1945 2512 2155 2582 legibus
2181 2509 2382 2564 divinis
2413 2513 2614 2562 cuncta
2647 2504 2856 2558 ﬁerent.
2909 2498 3028 2554 Jam
3062 2497 3130 2549 ob
3170 2495 3282 2547 haec
3311 2491 3518 2552 omnia,

1947 2598 2250 2656 innumeris
2309 2597 2467 2650 malis
2522 2592 2698 2647 Judaei
2755 2586 2993 2656 correpti
3063 2584 3304 2638 fuerunt.
3364 2577 3521 2631 Tunc

1948 2690 2244 2747 Machabaai
2288 2704 2397 2742 non
2444 2685 2681 2741 ferentes
2708 2681 2914 2736 illatam
2948 2676 3192 2746 religioni
3224 2671 3512 2728 offensam,

1948 2798 2126 2853 neque
2178 2780 2282 2836 sibi
2328 2775 2716 2849 quiescendum
2765 2779 3020 2842 putantes
3069 2766 3274 2821 divinis
3311 2761 3524 2832 legibus

278 2873 378 2944 τὴν
411 2875 538 2944 περὶ
572 2873 640 2927 τά
687 2873 806 2928 θεῖα
845 2875 1241 2944 πλημμέλειαν,
1274 2875 1406 2945 μηδὲ
1437 2875 1659 2928 ἀνεκτὸν
1699 2876 1852 2944 ἡγεῖ-

1953 2883 2235 2942 tantopere
2270 2870 2511 2932 violatis,
2563 2874 2824 2934 tantaque
2853 2864 3066 2917 invecta
3099 2873 3162 2912 ac
3206 2854 3526 2908 dominante

283 2963 408 3017 σθαι
435 2963 744 3035 ἡσυχάζειν,
791 2965 869 3035 (p.
897 2966 1020 3034 509)
1065 2966 1206 3018 οὕτω
1238 2967 1336 3035 μὲν
1365 2965 1852 3036 παραϐαινομένων

1953 2969 2250 3038 impietate,
2290 2965 2344 3018 in
2389 2979 2449 3017 se
2474 2961 2674 3015 bellum
2715 2960 2980 3012 adversus
3010 2948 3376 3006 Macedonicae
3402 2958 3528 2999 suc-

280 3055 391 3108 τῶν
420 3056 597 3125 νόμων
624 3056 805 3122 θείων,
826 3057 1090 3128 τοσαύτης
1117 3058 1172 3110 δὲ
1207 3057 1457 3120 ἀσεϐείας
1481 3057 1852 3128 ἀντεισσχθεί-

1954 3057 2222 3114 cessionis
2253 3069 2407 3124 reges
2446 3059 2791 3120 receperunt,
2815 3056 2868 3103 et
2898 3044 3044 3100 haud
3074 3041 3232 3114 pauci
3268 3039 3336 3093 de
3367 3042 3529 3106 gente

2175 3145 2184 3150 '
2712 3137 2722 3150 '
2806 3146 2816 3150 -
3041 3147 3069 3150 η
3093 3132 3129 3150 1·
3147 3138 3280 3150 -ι--μ
3329 3126 3526 3150 ι...ιι.....

287 3165 386 3218 σης
424 3165 483 3200 τε
525 3148 620 3200 καὶ
651 3146 1082 3217 πολιτευομένης,
1116 3149 1174 3200 ἐν
1205 3149 1388 3211 αὐτοῖς
1431 3146 1522 3200 τὸν
1559 3147 1693 3216 πρὸς
1728 3149 1854 3211 τοὺς

286 3240 661 3310 Μακεδονικῆς
695 3241 943 3311 διαδοχῆς
980 3240 1231 3310 βασιλέας
1265 3241 1498 3311 πόλεμον
1528 3238 1858 3309 ἀναδεξαμέ-

286 3348 413 3386 νων.
442 3331 540 3384 οὐκ
565 3331 731 3398 ὀλίγοι
760 3332 900 3395 τινὲς
931 3331 1037 3384 τῶν
1075 3333 1153 3394 εἰς
1179 3331 1240 3384 τὸ
1267 3330 1414 3394 ἔθνος
1437 3331 1731 3383 τελούντων
1758 3329 1857 3400 τὴν

290 3422 512 3475 ἐκείνων
544 3421 881 3493 ζηλώσαντες
909 3422 1132 3493 γνώμην
1162 3421 1523 3492 ἐκοινώνησαν
1565 3421 1656 3475 τοῦ
1685 3425 1856 3492 προρ-

293 3513 546 3585 ρηθέντος
582 3514 810 3585 πολέμου
833 3531 847 3545 ⁸
885 3515 976 3568 καὶ
1006 3515 1190 3582 γέγονε
1226 3515 1322 3582 μὲν
1345 3514 1470 3584 περί
1501 3531 1559 3565 τε
1587 3513 1682 3584 τὴν
1710 3513 1862 3566 πόλιν

293 3606 386 3658 καὶ
414 3606 504 3658 τὸν
525 3606 651 3659 ναὸν
677 3605 768 3660 τοῦ
795 3605 951 3669 Θεοῦ,
982 3607 1073 3660 καὶ
1095 3607 1202 3658 πᾶν
1231 3606 1293 3676 δὴ
1320 3606 1380 3657 τὸ
1405 3605 1552 3668 ἔθνος
1583 3606 1861 3674 συντόμως

293 3700 466 3750 εἰπεῖν
496 3697 663 3769 μυρία
688 3697 786 3750 ὅσα
815 3698 966 3768 παρά
985 3697 1092 3749 τῶν
1121 3696 1444 3750 Μακεδόνων
1476 3695 1642 3760 κακὰ,
1666 3694 1702 3748 ἀ
1726 3695 1860 3765 μηδὲ

298 3792 477 3863 ιὄᾲδιον
507 3793 676 3843 εἰπεῖν
701 3807 713 3820 ·
770 3791 988 3854 ἐδέξατο
1025 3789 1082 3842 δὲ
1108 3788 1277 3842 ταῦτα
1305 3787 1601 3859 διόρθωσιν,
1627 3787 1862 3855 ὁπηνίκα

296 3882 428 3945 Θεὸς
469 3885 535 3952 τῇ
568 3881 759 3952 γνώμῃ
799 3882 906 3935 τῶν
938 3883 1062 3950 περὶ
1085 3880 1176 3934 τὸν
1209 3877 1564 3934 Μακκαϐαῖον
1590 3877 1862 3950 ἀρεσθεὶς,

300 3973 570 4044 παρέσχεν
613 3973 794 4035 αὐτοῖς
845 3972 945 4042 τὴν
1000 3971 1204 4024 οξκείαν
1254 3969 1467 4040 ῥοπήν·
1530 3966 1670 4020 ὥστε
1713 3967 1867 4038 παρὰ

301 4067 480 4118 πᾶσαν
507 4061 694 4114 ἐλπίδα
723 4059 1132 4130 κεκρατηκότας
1169 4058 1408 4119 ἐκείνους
1442 4055 1550 4109 τῶν
1583 4053 1866 4124 βασιλέων,

302 4157 478 4208 καίτοι
541 4171 605 4222 γε
668 4152 1064 4223 εὐαριθμήτους
1115 4151 1277 4212 δντας
1332 4150 1426 4201 καὶ
1485 4148 1617 4218 πρὸς
1673 4146 1871 4217 πολλὴν

302 4248 528 4317 δύναμιν
554 4245 908 4317 μαχομένους,
939 4243 1228 4314 δυνηθῆναι
1257 4241 1354 4312 τὴν
1379 4239 1692 4310 πρέπουσαν
1716 4238 1874 4291 εὐκο-

309 4342 472 4412 σμίαν
494 4338 785 4393 ἀποδοῦναι
805 4335 884 4406 τῷ
914 4334 1071 4389 ἔθνει.
1091 4331 1522 4402 Ἀναγκαιότατα
1552 4329 1614 4400 δὴ
1640 4329 1733 4383 καὶ
1754 4329 1876 4381 τού-

1955 3145 2281 3201 sententiam
2327 3155 2519 3196 eorum
2567 3137 2906 3197 :emulantes,
2969 3132 3284 3204 praedictum
3329 3126 3528 3182 bellum

1956 3237 2367 3309 participarunt.
2400 3231 2539 3286 Hinc
2567 3227 2688 3283 urbi
2710 3236 2763 3283 et
2785 3227 2878 3281 Dei
2911 3225 3202 3295 templo,et
3234 3219 3526 3278 universae,

1957 3337 2016 3384 ut
2043 3341 2151 3382 uno
2180 3325 2347 3380 verbo
2377 3321 2588 3386 dicam',
2617 3319 2765 3390 genti
2803 3318 2948 3370 mala
2982 3316 3264 3368 innumera
3293 3324 3324 3362 a
3357 3307 3533 3361 Mace-

1959 3421 2194 3477 donibus
2243 3417 2392 3471 illata
2442 3415 2685 3470 fuerunt.
2738 3424 2860 3479 quae
2895 3407 3004 3462 dici
3032 3405 3192 3460 facile
3228 3405 3532 3469 nequeunt.

1963 3512 2068 3567 Sed
2094 3511 2240 3566 enim
2288 3508 2374 3562 bis
2406 3505 2709 3560 remedium
2745 3500 2939 3565 adfuit,
2976 3513 3100 3552 cum
3138 3495 3280 3548 Deus
3311 3490 3532 3545 Macha-

1961 3603 2201 3656 baaoI'um
2249 3595 2530 3668 proposito
2565 3592 2890 3653 delectatus,
2931 3604 3088 3667 suum
3127 3585 3235 3639 illis
3286 3579 3537 3649 adjunxit

1963 3693 2267 3758 auxilium;
2331 3690 2406 3744 ita
2459 3699 2516 3742 ut
2557 3695 2752 3756 prazter
2795 3697 3014 3738 omnem
3052 3665 3215 3748 ispem
3265 3670 3542 3746 superatis

1964 3782 2206 3852 regibus,
2226 3792 2540 3849 quanquam
2563 3773 2722 3845 pauci
2745 3786 2974 3827 numero
2997 3769 3259 3831 adversus
3285 3775 3536 3831 'nagmun

1965 3873 2270 3930 exercitum
2316 3869 2684 3929 decertantes,
2743 3864 3026 3920 decentem
3059 3859 3304 3914 ordinem
3339 3852 3544 3924 popqu

1966 3966 2257 4021 restituere
2311 3959 2612 4031 potuerint.
2657 3954 2918 4027 Apprime
2966 3949 3132 4020 igitur
3172 3943 3541 4002 necessariam

1969 4073 2153 4113 rerum
2187 4055 2380 4109 harum
2411 4059 2604 4107 nactus
2637 4048 2899 4120 propheta
2939 4059 2966 4095 a
2998 4040 3180 4097 divina
3208 4035 3542 4092 revelatione

1980 4147 2368 4218 cognitionem,
2410 4141 2656 4214 praedicit
2689 4138 2888 4209 popqu
2923 4133 3138 4199 futura;
3174 4131 3544 4198 scriptumque

1973 4217 2169 4294 horum
2180 4237 2246 4291 ad
2262 4244 2510 4308 posteros
2523 4228 2844 4286 transmittit
2862 4225 3109 4282 notitiam
3125 4217 3550 4291 insequentibus

1976 4329 2051 4384 ita
2083 4329 2327 4398 loquens.
2359 4322 2452 4378 Sic
2481 4319 2662 4376 autem
2692 4317 2907 4388 incipit:

318 4451 412 4487 των
440 4432 535 4503 τὴν
557 4429 756 4499 γνῶσιν
777 4401 1064 4498 δεξάμενος
1087 4429 1114 4480 ὁ
1136 4401 1416 4494 προφήτης
1439 4421 1498 4486 ἐξ
1524 4420 1916 4489 ἀποκαλύψεως
1936 4419 2103 4482 θείας,
2132 4415 2323 4488 μηνύει
2346 4432 2406 4467 τε
2427 4413 2504 4485 τῷ
2525 4412 2640 4483 λαῷ
2658 4410 2728 4464 τά
2749 4409 3011 4479 ἐσόμενα·
3037 4405 3128 4460 καὶ
3154 4402 3427 4472 ἔγγραφον
3453 4401 3555 4452 αὐ-

311 4525 414 4580 τῶν
439 4525 518 4588 είς
530 4525 655 4586 τοὺς
671 4521 795 4591 ἐξῆς
813 4520 1171 4590 παραπέμπει
1191 4514 1288 4586 τὴν
1313 4512 1509 4580 γνῶσιν
1534 4513 1589 4564 ἐν
1611 4514 1722 4574 τοῖς
1745 4511 1976 4581 καθεξῆς
1991 4512 2102 4572 τοῖς
2130 4508 2258 4578 περὶ
2281 4505 2484 4559 τούτων
2508 4503 2786 4575 χρώμενος
2797 4499 3265 4568 λόγοις.”Αρχεται
3281 4494 3336 4548 δὲ
3356 4492 3545 4555 οὕτως·

378 4618 507 4686 Στίχ
555 4616 618 4678 δ’,
651 4621 712 4670 ε’.
744 4643 814 4652 ——
844 4633 862 4664 ι
887 4614 1025 4666 Τάδε
1051 4611 1196 4678 λέγει
1226 4609 1429 4680 Κύριος
1463 4607 1850 4677 παντοκράτωρ

2049 4601 2212 4658 Vens.
2247 4601 2304 4667 4,
2345 4601 2395 4655 5.
2422 4631 2493 4640 —
2527 4617 2546 4651 ι
2569 4597 2692 4652 Haec
2735 4597 2808 4650 ait
2857 4593 3121 4648 Dominus
3163 4591 3509 4659 omnipotens
3533 4605 3551 4639 ι

313 4679 568 4779 ίῐοίμαίνε
595 4707 665 4760 τά
692 4705 940 4776 πρόϐατα
966 4704 1065 4774 τῆς
1085 4702 1325 4788 ’σφα-(ῆς.
1356 4720 1374 4751 ι
1446 4699 1604 4761 Ἔθος
1654 4701 1720 4768 τῇ
1762 4696 1852 4750 θεί‹

1983 4696 2152 4750 Pasce
2195 4708 2324 4748 oves
2367 4690 2682 4746 occisionis.
2707 4707 2725 4738 ι
2762 4685 2877 4741 Mos
2911 4692 2996 4740 est
3021 4683 3219 4738 divina:
3255 4679 3550 4750 Scripturze

314 4769 501 4870 Γραφῇ
549 4769 807 4861 πολλάκις
855 4769 1238 4865 προστνακτικῷ
1263 4769 1521 4862 σχήματι
1559 4787 1781 4858 μηνύειν
1823 4805 1852 4840 τ

1984 4802 2126 4857 saepe
2152 4784 2312 4838 modo
2336 4781 2658 4850 imperativo
2683 4779 2927 4832 futurum
2961 4775 3243 4829 denotare.
3269 4769 3434 4826 veluti
3468 4777 3553 4824 est

315 4861 528 4964 μέλλον,
560 4887 668 4943 οἷόν
691 4890 806 4941 ἐστι
832 4861 913 4949 τὸ,
950 4887 1150 4955 «Χαῖρε
1173 4861 1395 4952 σφόδρα,
1423 4881 1659 4950 θύγατερ
1687 4877 1852 4931 Σιών·

1980 4879 2396 4936 ὶιιυάιιιεειοτο
2424 4876 2793 4938 vehementer,
2831 4870 2936 4924 illia
2972 4867 3175 4922 Sionis.
3219 4880 3235 4910 ι
3258 4862 3419 4932 Atqui
3460 4861 3551 4913 ιω-

313 4955 490 5037 καίτοι
522 4999 584 5050 γε
609 4980 731 5034 οὐδὲ
765 4981 823 5033 έν
853 4978 1182 5048 ἐπιτάγματι
1211 4978 1384 5028 κεῖται
1417 4973 1476 5026 τὸ
1501 4971 1732 5042 χαίρειν,
1761 4971 1852 5021 ἐπε

1984 4972 2104 5026 titia
2134 4968 2390 5039 imperari
2437 4967 2666 5038 nequit;
2713 4979 2842 5019 nam
2869 4975 3047 5031 neque
3080 4955 3248 5012 laetari
3284 4971 3394 5010 non
3425 4968 3552 5023 pos‘

321 5077 454 5147 μήτε
487 5075 768 5144 παρόντων
797 5069 905 5123 τῶν
932 5069 1100 5140 ἡδέων
1133 5067 1353 5120 δυνατὸν
1391 5065 1463 5134 μὴ
1493 5063 1724 5133 χαίρειν,
1762 5059 1882 5130 χαί-

319 5187 434 5239 ρειν
459 5185 518 5219 τε
545 5167 643 5219 οὐκ
669 5163 872 5217 ἔνεστιν
892 5162 1136 5216 ἀπόντων
1168 5160 1277 5212 τῶν
1311 5157 1478 5228 ἡδέων
1499 5172 1512 5185 ο
1547 5153 1681 5208 ἀλλά
1713 5151 1883 5222 μηνύ-

321 5279 413 5313 σαι
446 5256 740 5328 βουλομένη
789 5255 888 5325 τὴν
939 5251 1344 5324 προσεσομένην
1390 5248 1572 5310 αὐτοῖς
1603 5244 1794 5317 ἡδονὴν
1822 5245 1887 5297 ἐκ

319 5354 418 5420 τῆς
440 5350 532 5403 τοῦ
557 5347 859 5421 Ζοροϐάϐελ
885 5344 1196 5417 ἡγεμονίας,
1232 5338 1644 5413 προστακτικῶς
1677 5336 1768 5389 τοῦ
1800 5335 1888 5388 λό-

320 5461 418 5512 γου
440 5442 729 5510 πεποίηται
751 5439 847 5510 τὴν
871 5439 1066 5508 ἀρχὴν.
1104 5439 1180 5504 (p.
1207 5433 1329 5500 510)
1366 5432 1475 5485 Καὶ
1503 5427 1639 5500 μετά
1665 5427 1883 5498 βραχέα·

329 5557 348 5586 ι
383 5537 591 5588 Αἰτεῖτε
619 5533 769 5602 παρά
797 5531 997 5601 Κυρίου
1029 5527 1181 5582 ὑετὸν
1205 5525 1323 5578 καθ’
1353 5522 1500 5594 ὥραν
1531 5519 1774 5592 πρώῖμον
1798 5519 1890 5571 καὶ

325 5628 552 5696 ζ’ξιμονο
591 5645 610 5679 ι
654 5625 812 5694 δήλου
848 5623 944 5693 μὲν
975 5621 1124 5683 ὄντος
1169 5619 1244 5680 ὡς
1289 5617 1388 5670 οὐκ
1419 5614 1483 5668 ἄν
1515 5631 1597 5676 τις
1637 5614 1694 5665 ἐν
1738 5610 1897 5683 χρεία

325 5718 404 5774 ὢν
453 5717 748 5790 παραλίποι
794 5713 858 5767 τὸ
903 5714 1109 5775 αἰτεῖν,
1149 5707 1306 5778 εἴπερ
1351 5698 1443 5760 οὖν
1489 5704 1570 5757 ὅτι
1614 5703 1894 5774 δοθήσεται

1991 5079 2181 5120 sumus
2230 5061 2277 5116 si
2315 5059 2558 5130 jucunda
2606 5056 2818 5123 adsint;
2877 5069 3055 5124 neque
3093 5049 3332 5105 vicissim
3386 5045 3555 5100 laetari

1992 5169 2284 5226 possumus
2345 5151 2390 5205 si
2443 5149 2626 5205 absint
2671 5146 2939 5218 jucunda.
3008 5143 3211 5199 Verum
3272 5139 3555 5207 Scriptura

1993 5244 2301 5314 signiﬁcare
2331 5241 2519 5295 volens
2549 5239 2793 5292 futurum
2823 5236 3188 5292 lsraelitarum
3211 5229 3466 5302 gaudium
3490 5241 3557 5282 ex

1995 5294 2344 5388 ﬁniamus
2393 5329 2720 5400 principatu,
2786 5325 3105 5397 imperative
3154 5294 3283 5375 facit
3337 5317 3556 5373 dicendi
3599 5294 3617 5310 ν

1993 5426 2229 5481 initium.
2283 5421 2346 5473 lit
2373 5419 2532 5488 paulo
2557 5426 2704 5486 post:
2752 5435 2770 5467 ι
2805 5415 2976 5469 Petite
3005 5430 3034 5467 a
3069 5412 3295 5466 Domino
3321 5407 3557 5478 pluviam

1994 5513 2392 5585 tempestivam,
2418 5509 2739 5564 matutinam
2765 5514 2818 5562 et
2843 5505 3158 5560 serotinam.
3182 5521 3202 5552 ›
3242 5500 3406 5569 Atqui
3435 5510 3561 5566 per-

2001 5607 2250 5677 spicuum
2295 5612 2415 5659 erat
2466 5601 2580 5656 fore
2615 5608 2674 5654 ut
2709 5614 2866 5654 nemo
2906 5597 3084 5668 pluvia
3114 5593 3365 5660 indigens
3398 5587 3560 5660 353

2000 5698 2272 5770 postulare
2293 5695 2583 5759 omitteret,
2615 5692 2660 5746 si
2687 5702 2830 5747 certe
2854 5707 2912 5746 se
2935 5691 3345 5761 iinpctraturmn
3371 5685 3556 5740 sciret.
