3830 6216
290 5643 322 5668 μὶ

341 239 443 297 571

1519 247 1874 308 THEODORI
1913 249 2398 309 MOPSUESTENI

3486 255 3602 312 57‘!

344 357 452 414 Sed
477 367 658 418 tamen
684 361 870 420 dicere
903 365 1090 422 volens
1124 369 1345 438 c0piose
1373 368 1480 423 illis
1505 385 1570 424 ac
1599 371 1916 440 tempestive

2027 370 2238 434 πάντως
2285 373 2451 444 εἰδείη
2475 391 2489 404 ο
2542 375 2658 428 ἀλλ’
2705 375 2855 444 ὅμως
2899 372 3218 444 βουλόμενος
3272 371 3442 424 εἰπεῖν
3484 371 3602 435 ὅτι.

344 456 581 523 pluviam
605 457 770 513 Deum
796 476 1215 528 concessurum,
1255 465 1573 534 imperativo
1601 467 1763 520 modo
1789 481 1920 535 pra:-

344 548 639 604 dictionem
673 549 841 604 futuri
867 550 1014 605 facit.
1057 553 1255 609 Eadem
1281 556 1493 609 ratione
1513 570 1656 608 nunc
1677 571 1915 625 quoque,

341 651 603 695 eventura
634 643 833 712 populo
859 645 997 698 mala
1033 646 1358 715 imperativo
1383 647 1544 701 modo
1564 647 1916 710 vaticinatur,

342 734 533 788 dicens
566 735 847 789 videlicet:
875 735 1000 791 Haec
1028 753 1058 791 a
1088 754 1172 792 me
1204 739 1403 808 populo
1433 740 1700 801 evenient,
1727 756 1918 808 quem-

341 823 632 878 admodum
685 841 858 894 nuper
910 827 1064 891 dixi;
1120 837 1172 882 et
1220 830 1386 882 tantis
1432 831 1665 899 populus
1707 830 1919 885 fruetur

345 914 524 978 bonis,
581 924 636 969 et
687 915 1026 972 Hierusalem
1075 921 1250 989 cOpiis
1281 921 1509 988 dilﬂuet,
1564 933 1619 978 et
1669 923 1917 979 hostibus

343 1007 658 1076 superiores
688 1010 944 1073 evadent,
971 1027 1037 1065 ex
1063 1013 1262 1080 quibus
1291 1015 1490 1070 multas
1520 1017 1622 1071 sibi
1662 1018 1914 1087 colligent

347 1114 501 1168 opes.
525 1098 914 1156 Verumtamen
936 1104 1064 1172 quia
1083 1120 1190 1158 non
1221 1115 1367 1162 recte
1393 1100 1652 1163 felicitate
1670 1117 1915 1178 utentur,

339 1199 395 1240 et
425 1189 491 1242 ad
527 1189 682 1259 pejus
718 1193 1068 1261 spectabunt,
1109 1195 1214 1250 sub
1245 1197 1562 1266 pastoribus
1591 1197 1762 1254 futuri
1789 1210 1918 1255 sunt

343 1281 563 1346 talibus,
600 1296 629 1334 a
663 1282 868 1351 quibus
899 1285 1084 1338 ovium
1127 1284 1302 1341 instar
1334 1288 1399 1342 ad
1433 1291 1632 1345 caedem
1663 1299 1914 1361 agentur.

343 1370 516 1425 Sicuti
537 1383 620 1427 est
643 1375 782 1443 apud
802 1375 1018 1429 beatum
1046 1376 1335 1433 Davidem:
1378 1398 1396 1430 ι
1417 1378 1695 1436 Ᾰεέειὶιιιειί
1729 1400 1918 1439 sumus

341 1466 486 1518 sicut
542 1480 674 1520 oves
723 1468 1020 1523 occisionis
1046 1463 1310 1538 "°;tquod
1357 1472 1424 1525 de
1480 1473 1670 1527 iisdem
1713 1473 1918 1530 .Iudzcis

343 1557 550 1610 dictum
594 1559 715 1612 fuit.
765 1557 1049 1630 Signilicat
1097 1573 1275 1617 autem
1323 1565 1469 1618 nulla
1517 1582 1610 1621 eos
1656 1566 1751 1621 Dei
1785 1584 1918 1622 cura

343 1648 541 1717 dignos
570 1648 806 1713 futuros,
845 1652 938 1706 sed
964 1653 1147 1706 omnia
1174 1654 1312 1708 mala
1345 1672 1628 1725 passuros,
1660 1665 1916 1728 tanquam

345 1741 481 1793 (πεόί
512 1741 892 1796 tantummodo
922 1743 1189 1799 addictos.
1219 1743 1426 1814 Reique
1454 1750 1675 1802 modum
1704 1748 1912 1805 dicens:

342 1831 726 1899 «Quas(oves),
766 1831 961 1900 inquit,
1002 1847 1350 1902 possessores
1380 1835 1462 1889 sui
1489 1835 1832 1904 jugulabant,
1863 1846 1919 1893 et

342 1935 452 1973 non
487 1936 582 1975 eos
628 1923 1299 1989 pmnitebatuludazorum
1342 1927 1592 1982 videlicet
1631 1945 1786 1998 reges
1815 1929 1918 1984 do-

343 2012 499 2069 mini.
549 2012 689 2067 haud
725 2022 984 2085 tanquam
1029 2018 1104 2071 rei
1152 2033 1267 2072 suae
1301 2019 1619 2087 parcebant,
1686 2022 1779 2076 sed
1821 2038 1918 2079 eos

340 2104 500 2172 quasi
549 2105 730 2160 hostes
792 2107 1147 2164 inclementer
1199 2109 1618 2167 interiiciebant.
1669 2114 1726 2168 ld
1774 2116 1916 2168 enim

341 2195 527 2250 valet:
571 2196 633 2250 Et
683 2214 789 2252 non
840 2202 1162 2269 pmnitebat.
1215 2201 1322 2256 «Et
1356 2205 1446 2274 qui
1483 2205 1791 2260 vendebant
1824 2223 1920 2263 eos

340 2288 630 2342 dicebant:
689 2289 1017 2348 Benedictus
1061 2293 1343 2360 Dominus,
1399 2298 1526 2366 quia
1555 2297 1752 2353 divites
1789 2297 1914 2353 facti

342 2393 554 2433 sumus.
579 2399 597 2430 ι
642 2379 743 2446 Qui
776 2381 1115 2437 tradiderant
1149 2385 1368 2453 regibus
1394 2395 1629 2454 gentem,
1660 2397 1714 2442 et
1751 2403 1918 2456 pecu-

341 2469 488 2522 niam
543 2471 669 2525 inde
701 2473 1093 2540 conﬂaverant,
1149 2485 1360 2530 tantum
1401 2479 1626 2533 aberant
1669 2491 1726 2533 ut
1757 2481 1916 2534 talem

343 2568 659 2630 tantamque
697 2565 984 2618 avaritiam
1025 2565 1131 2620 sibi
1187 2567 1498 2634 ignominiae
1556 2569 1915 2633 ascriberent,

345 2661 403 2704 ut
427 2654 500 2708 ob
526 2654 838 2721 hujusmodi
863 2672 993 2726 opes
1018 2661 1222 2726 gratias
1251 2659 1358 2715 Deo
1384 2662 1621 2732 agendas
1645 2671 1917 2732 putarent.

347 2760 366 2792 ι
394 2742 456 2794 Ει
505 2759 690 2797 carum
736 2755 988 2815 pastores
1038 2751 1246 2804 nullum
1283 2767 1410 2821 erga
1444 2769 1536 2807 eas
1577 2755 1921 2822 patiebantur

343 2832 620 2890 aﬂ‘ectum.
647 2856 665 2887 ι
705 2837 913 2893 Traditi
942 2840 1010 2894 ad
1044 2843 1340 2912 regendum
1383 2844 1604 2898 fuerunt
1635 2847 1790 2914 viris,
1825 2848 1918 2918 qui

343 2927 548 2979 nullam
583 2928 664 2983 eis
688 2929 1120 2986 misericordiam
1154 2932 1414 2990 exhibere
1445 2936 1728 2998 volebant.

412 3223 581 3279 Vens.
608 3222 662 3277 6.
689 3255 757 3264 —
790 3243 808 3276 ι
829 3223 957 3280 Ideo
996 3241 1103 3280 non
1129 3242 1351 3296 parcam
1389 3227 1620 3284 ulterius
1649 3237 1808 3287 terra:
1834 3228 1920 3283 in—

341 3315 501 3378 colis,
561 3315 696 3370 dicit
753 3315 1078 3371 Dominus.)
1146 3317 1440 3389 Propterea
1493 3319 1594 3374 hos
1647 3320 1918 3386 deseram,

343 3410 603 3480 nullaque
634 3425 750 3464 mea
786 3412 1124 3480 providentia
1149 3412 1436 3482 dignabor.
1478 3432 1496 3464 ‹
1520 3413 1585 3466 Et
1611 3429 1738 3469 ecce
1766 3415 1922 3470 trado

346 3502 618 3565 homines,
658 3518 1105 3575 unumquemque
1157 3505 1212 3558 in
1266 3521 1485 3558 manum
1525 3507 1753 3574 proximi
1812 3507 1920 3572 sui,

342 3607 400 3648 et
430 3595 484 3648 in
524 3609 720 3650 manus
749 3597 894 3664 regis
942 3597 1052 3661 sui,
1100 3607 1154 3650 et
1185 3597 1477 3652 concident
1517 3598 1571 3650 in
1605 3607 1748 3652 terra
1775 3599 1921 3652 Cita-

347 3703 511 3741 naan.
535 3705 552 3737 ι
591 3684 776 3740 Sinam
814 3687 939 3742 illos
973 3688 1084 3758 pati
1125 3690 1447 3759 gravissima
1472 3697 1585 3742 tum
1613 3705 1642 3742 a
1675 3690 1922 3745 scelestis

345 3780 490 3833 inter
527 3793 680 3840 suos,
717 3786 831 3832 tum
874 3794 904 3833 a
937 3779 1156 3850 regibus
1191 3779 1332 3834 bello
1377 3797 1472 3836 eos
1521 3783 1922 3852 appetentibus,

345 3866 510 3940 3M
567 3867 1005 3938 quandoquidem
1056 3869 1421 3940 semetipsos,
1477 3885 1574 3938 per
1628 3869 1742 3924 haec
1805 3887 1926 3939 quae

349 3969 537 4029 agunt,
572 3959 769 4029 dignos
807 3961 934 4012 talia
969 3961 1078 4028 pati
1109 3961 1365 4014 elliciunt.
1397 3957 1486 4014 Sic
1517 3975 1707 4015 omnes
1732 3977 1927 4032 prope-

353 4051 573 4105 modum
596 4049 794 4104 Judaae
810 4051 1002 4104 incola:
1020 4051 1436 4106 intcrlicientur.
1455 4050 1545 4105 Sic
1563 4053 1706 4106 enim
1729 4060 1928 4106 sonant

354 4141 557 4195 verba:
612 4139 954 4195 «Concident
995 4141 1425 4205 terrampnullo
1469 4154 1499 4193 a
1549 4156 1636 4193 me
1685 4144 1928 4210 praestito

353 4234 422 4288 iis
463 4231 667 4286 auxilio
697 4247 806 4300 quo
837 4247 897 4286 se
929 4230 1170 4285 hostium
1199 4229 1500 4284 dominatui
1523 4232 1924 4288 subtrahet-ent.

352 4324 667 4392 Ducamque
689 4337 786 4377 eos
815 4322 882 4376 ad
919 4320 1143 4386 caedem,
1183 4320 1270 4374 cui
1297 4321 1366 4374 ab
1391 4321 1651 4390 cperibus
1685 4323 1927 4391 propriis

351 4415 556 4471 addicti
597 4413 845 4480 fuerunt,
897 4421 953 4469 et
981 4413 1201 4484 quidem
1235 4421 1296 4468 ut
1334 4429 1434 4484 par
1464 4423 1548 4470 est
1581 4425 1706 4469 ante
1736 4417 1926 4471 oculos
1962 4392 2005 4444 θ

349 4507 807 4562 Chananaeorum.
840 4504 975 4560 Nam
1006 4506 1201 4559 verba:
1242 4524 1260 4556 ‹
1284 4505 1507 4561 Pascam
1543 4520 1673 4560 oves
1701 4507 1930 4562 occisio-

351 4598 462 4666 nis,
483 4617 502 4650 ι
538 4607 816 4670 ponuntur
844 4613 966 4667 pro,
997 4596 1191 4650 ducam
1222 4612 1316 4651 eas
1341 4597 1407 4651 ad
1431 4598 1786 4659 occisionem,
1816 4614 1926 4652 non

352 4688 499 4757 quod
527 4688 647 4759 ipse
678 4686 948 4748 occidam,
981 4686 1076 4741 sed
1106 4685 1233 4755 quia
1267 4685 1542 4754 permitto.
1579 4684 1822 4755 Namque
1873 4694 1928 4741 et

354 4781 458 4835 hoc
481 4781 716 4850 positum
748 4788 833 4834 est
862 4780 918 4833 itt
943 4777 1140 4832 divina:
1173 4777 1471 4847 Scriptura:
1501 4793 1670 4842 more,
1717 4791 1775 4832 ut
1801 4796 1928 4849 per-

353 4871 676 4925 miSsiunem
701 4871 941 4925 divinam
971 4876 1228 4937 tanquam
1252 4884 1365 4923 rem
1383 4879 1556 4923 actam
1581 4869 1744 4924 dicat.
1773 4869 1929 4926 Velut

354 4961 518 5015 illud:
565 4959 896 5016 (Declinasii
941 4959 1165 5014 semitas
1208 4965 1431 5013 nostras
1485 4973 1515 5012 a
1561 4959 1650 5014 via
1687 4969 1779 5015 tua
1804 4962 1922 5016 ⁸ης»

353 5068 464 5108 non
490 5053 632 5122 quod
666 5051 809 5107 Deus
851 5069 946 5108 eas
978 5051 1382 5117 declinavisset,
1424 5052 1520 5108 sed
1565 5052 1693 5123 quia
1725 5054 1928 5110 siverat

357 5142 508 5212 ipsos
541 5141 608 5196 iis
639 5142 990 5211 passionibus
1040 5143 1266 5212 corripi,
1310 5157 1432 5212 qute
1462 5156 1494 5196 a
1550 5154 1694 5200 recto
1746 5144 1928 5200 ofﬁcio

358 5237 580 5290 eosdem
639 5233 927 5290 deﬂectere
990 5235 1197 5290 idoneae
1257 5237 1552 5292 erantuln
1603 5249 1745 5294 terra
1804 5253 1931 5293 vero

362 5327 747 5393 Chanaan,»id
784 5328 949 5382 estin
990 5340 1284 5398 conspectu
1319 5332 1771 5401 alienigenarum.
1812 5331 1929 5386 Mo-

361 5421 556 5478 lestius
586 5419 732 5474 cnim
767 5417 1068 5484 accidebat,
1091 5421 1213 5475 illos
1242 5423 1334 5491 qui
1369 5432 1601 5478 veterem
1621 5422 1931 5479 Iudaeorum

455 5619 671 5681 ’“Psal.
715 5639 869 5692 unt,
909 5621 997 5680 ‘22.
1077 5625 1118 5656 τ’
1157 5621 1290 5678 Ibid.
1341 5624 1419 5680 l9.

2035 459 2304 528 Ἀφθόνως
2356 462 2484 530 ὑμῖν
2536 465 2626 516 καὶ
2675 464 2794 517 καθ’
2845 463 2993 534 ὥραν
3031 463 3121 516 τὸν
3168 460 3321 514 ὑετὸν
3370 459 3603 532 παρέξει

2019 550 2173 614 Θεὸς,
2205 552 2262 605 ἐν
2297 553 2535 624 σχήματι
2569 553 2951 625 προστακτικῷ
2977 553 3074 624 τὴν
3107 553 3336 624 μήνυσιν
3363 553 3592 619 πεποίηο

2019 657 2110 693 ται
2140 640 2232 694 τοῦ
2260 643 2538 713 ἐσομένου.
2574 645 2676 697 Τὸν
2701 645 2861 698 αὑτὸν
2893 644 2957 715 δὴ
2991 644 3190 713 τρόπον
3223 642 3497 695 κάνταῦθα
3529 641 3604 694 τὰ.

2021 732 2150 804 περί
2178 733 2268 786 τὸν
2304 733 2430 787 λαὸν
2457 735 2690 796 ἐσόμενα
2738 735 2883 788 κακὰ
2931 732 3316 805 προστακτικῷ
3352 733 3603 801 σχήματι

2021 825 2296 896 προλέγει,
2329 825 2538 882 τοιοῦτό
2577 845 2632 880 τι
2678 826 2878 895 λέγων,
2915 829 2995 882 ὅτι
3050 827 3130 879 Τὰ
3162 825 3262 896 μὲν
3295 827 3422 896 παρ’
3453 822 3601 894 ἐμοῦ

2020 918 2150 987 περὶ
2184 917 2276 970 τὸν
2305 917 2430 970 λαὸν
2456 917 2606 971 ἔσται
2636 911 2830 989 οἷάπερ
2859 916 3026 986 ἔφθην
3053 915 3220 970 εἰπών
3239 931 3253 945 ·
3286 917 3376 968 καὶ
3404 913 3602 968 τοο-ού.

2018 1027 2128 1062 των
2177 1009 2276 1081 μὲν
2308 1009 2602 1064 ἀπολαύσει
2632 1010 2690 1064 τὸ
2717 1009 2868 1073 ἔθνος
2894 1010 3131 1078 ἀγαθῶν,
3178 1010 3236 1061 ἐν
3275 1007 3506 1077 τοσαύτῃ
3537 1007 3599 1059 δέ

2019 1102 2305 1172 γενήσεται
2336 1104 2370 1173 ἡ
2427 1101 2774 1172 Ἰερουσαλὴμ
2805 1101 3027 1172 εὐθηνίᾳ
3051 1140 3066 1166 ,
3119 1096 3600 1169 κατακρατήσουσί

2020 1212 2079 1249 τε
2128 1197 2237 1248 τῶν
2283 1195 2585 1264 πολεμίων,
2621 1196 2712 1264 ἀφ’
2735 1188 2810 1249 ὧν
2841 1196 2905 1266 δὴ
2941 1195 3033 1247 καὶ
3069 1194 3236 1247 πολὺν
3279 1193 3600 1264 ἀθροίσουσι

2021 1284 2249 1338 πλοῦτον
2273 1301 2286 1315 ·
2337 1287 2437 1340 οὐκ
2482 1289 2562 1348 εἰς
2603 1285 2718 1338 δέον
2742 1285 2798 1337 δὲ
2825 1287 2891 1354 τῇ
2935 1283 3207 1355 εὐπραγίᾳ
3233 1284 3596 1354 χρησάμενοι,

2019 1376 2115 1429 καὶ
2139 1376 2201 1447 δὴ
2231 1377 2366 1448 πρὸς
2391 1378 2450 1431 τὸ
2489 1380 2669 1447 χεῖρον
2712 1377 2928 1439 ἰδόντες,
2958 1375 3062 1428 ὑπὸ
3087 1374 3349 1445 ποιμένας
3377 1375 3597 1426 ἔσονται

2019 1468 2294 1532 τοιούτους
2320 1469 2459 1524 ὥστε
2487 1471 2640 1540 δίκην
2669 1470 2955 1541 προϐάτων
2997 1467 3226 1536 ἄγεσθαι
3273 1469 3362 1520 ὐπ’
3405 1468 3598 1529 αὐτοῖς

2021 1560 2100 1622 είς
2142 1560 2354 1631 σφαγὴν
2397 1562 2728 1631 ἐκκειμένων
2747 1577 2760 1590 ο
2810 1556 2921 1614 οἷόν
2951 1563 3065 1614 ἐστι
3093 1559 3183 1612 καὶ
3209 1559 3358 1627 παρά
3380 1557 3457 1626 τῷ
3489 1575 3599 1626 μα-

1955 1707 1994 1762 B
2023 1655 2197 1726 καρίῳ
2236 1653 2399 1708 Δαυῒδ
2427 1653 2506 1718 τὸ,
2561 1673 2580 1704 ι
2622 1652 3007 1723 Ἐλογίσθημεν
3039 1651 3113 1713 ὡς
3158 1649 3402 1721 πρόϐατα
3422 1665 3596 1762 9σιρα-

2019 1747 2143 1816 γῆς,
2176 1766 2192 1797 ι
2243 1747 2370 1816 περὶ
2410 1744 2517 1797 τῶν
2554 1744 2733 1798 αὐτῶν
2776 1743 3084 1815 εἰρημένον.
3127 1741 3380 1794 Βούλεται
3418 1739 3476 1791 δὲ
3511 1741 3596 1792 εἰ·

2019 1843 2161 1901 πεῖν,
2189 1840 2271 1892 ὃτι
2300 1839 2570 1909 οὐδεμιᾶς
2609 1837 3000 1906 άξιωθήσονται
3041 1833 3374 1904 ἐπιμελείας,
3408 1831 3597 1884 πάντα

2018 1929 2074 1982 δὲ
2107 1930 2381 1984 πείσονται
2405 1929 2480 1992 ὡς
2502 1931 2580 1992 είς
2605 1929 2664 1981 τὸ
2697 1926 3025 1997 σφάττεσθαι
3049 1926 3205 1996 μόνον
3231 1923 3593 1992 ἐκδεδομένοι.

2019 2025 2128 2078 Καὶ
2157 2024 2247 2076 τὸν
2278 2023 2475 2094 τρόπον
2501 2022 2675 2091 λέγων
2694 2037 2708 2050 ο
2756 2039 2774 2072 ‹
2791 2022 2858 2073 Ἃ
2883 2021 2932 2072 οἰ
2967 2017 3294 2088 κτησάμενοι
3320 2013 3596 2080 κατέσφα-

2021 2115 2132 2182 ζον,
2166 2116 2260 2168 καὶ
2288 2118 2349 2169 οὐ
2396 2114 2771 2184 μετεμέλοντο.
2810 2132 2829 2165 ι
2884 2112 2946 2165 Οἱ
2984 2110 3082 2181 μὲν
3125 2107 3234 2179 γὰρ
3264 2106 3596 2178 κρατοῦντες

2021 2208 2202 2261 αὐτῶν
2225 2207 2460 2277 βασιλεῖς
2489 2207 2586 2276 οὐχ
2612 2206 2688 2269 ὼς
2716 2206 2861 2259 ἰδίων
2889 2201 3248 2273 ἐπεμελοῦντο
3272 2216 3372 2270 κτη
3383 2199 3593 2268 μάτων.

2019 2302 2096 2364 ὼς
2125 2300 2182 2354 δέ
2215 2299 2506 2370 πολεμίους
2534 2297 2765 2370 ἀνῄρουν
2807 2295 3048 2366 ἀνηλεῶς
3071 2311 3084 2325 ·
3119 2293 3276 2347 τοῦτο
3301 2291 3412 2362 γὰρ
3444 2289 3600 2360 δηλοῖ

2019 2395 2102 2456 τὸ,
2130 2397 2200 2448 οὑ
2221 2395 2639 2462 μετεμέλοντο.
2661 2410 2677 2442 t
2702 2391 2808 2444 Καὶ
2833 2390 2880 2442 οἰ
2906 2387 3210 2449 πωλοῦντες
3231 2383 3369 2438 αὐτά
3388 2383 3594 2450 ἔλεγον,

2020 2487 2324 2556 Εὐλογητὸς
2356 2484 2578 2551 Κύριος,
2611 2483 2704 2536 καὶ
2731 2481 3204 2550 πεπλουτήκαμεν.
3232 2495 3250 2528 ι
3283 2477 3346 2529 Oi
3377 2475 3435 2528 δέ
3458 2475 3595 2526 ἁπο-

2019 2580 2283 2649 διδόμενοι
2313 2580 2423 2639 τοῖς
2454 2574 2726 2646 βασιλεῦσι
2749 2575 2810 2626 τὸ
2839 2572 3008 2635 ἔθνος,
3045 2570 3136 2624 καὶ
3165 2569 3363 2638 πόρους
3383 2569 3446 2619 ἐκ
3469 2562 3596 2634 τούο

2019 2688 2112 2723 του
2150 2669 2493 2736 συλλέγοντες
2513 2705 2528 2730 ,
2572 2663 2824 2717 τοσοῦτον
2871 2663 3094 2728 ἀπεῖχον
3124 2659 3216 2712 τοῦ
3243 2656 3596 2728 αἰσχύνεσθαι

2023 2761 2116 2815 ἐπὶ
2148 2763 2213 2831 τῇ
2249 2756 2486 2828 τοσαύτῃ
2524 2753 2824 2823 πλεονεξίᾳ,
2871 2753 2944 2821 (p.
2974 2750 3101 2817 5H)
3135 2748 3274 2801 ὥστε
3313 2749 3406 2800 καὶ
3436 2748 3596 2816 εὐχα-

2026 2851 2235 2923 ριστίας
2263 2848 2410 2914 ἀξιον
2437 2845 2688 2916 ἡγεῖσθαι
2721 2842 2818 2914 τὴν
2846 2841 3096 2912 τοιαύτην
3121 2839 3399 2909 εὐπορίαν.
3445 2858 3462 2887 ι
3489 2838 3597 2890 Καὶ

2021 2945 2068 2996 οἱ
2101 2941 2355 3010 ποιμένες
2391 2937 2570 2992 αὐτῶν
2599 2938 2700 2989 οὐκ
2743 2934 2977 3003 ἔπασχον
3005 2932 3155 2986 οὐδὲν
3203 2931 3288 2982 ἐπ’
3335 2929 3542 2992 αὐτοῖς.
3570 2946 3590 2980 ι

1944 3041 1987 3098 C
2034 3030 2408 3084 Ἐπιστεύοντο
2451 3028 2507 3081 δέ
2553 3026 2730 3080 αὐτῶν
2765 3026 2858 3078 καὶ
2895 3024 2995 3095 τὴν
3037 3022 3358 3076 ἐπιστασίαν
3403 3021 3596 3090 ἄνδρες

2025 3124 2214 3178 οὐδένα
2250 3123 2397 3176 ἔλεον
2427 3120 2605 3174 αὐτῶν
2639 3118 2907 3173 ποιεῖσθαι
2940 3116 3237 3178 ἐθέλοντες.

2093 3237 2242 3307 Στίχ.
2278 3243 2350 3300 ς’.
2401 3265 2470 3277 ——
2522 3253 2539 3286 t
2567 3232 2666 3286 Διά
2693 3231 2852 3286 τοῦτο
2894 3231 2954 3284 οὐ
2987 3229 3245 3300 φείσομαι
3283 3227 3469 3280 οὐκέτι
3509 3226 3606 3279 ἐπί

2023 3328 2149 3390 τοὺς
2179 3326 2563 3387 κατοικοῦντας
2599 3324 2700 3394 τὴν
2745 3322 2852 3392 γῆν
2872 3361 2886 3385 ,
2929 3321 3077 3388 λέγει
3108 3319 3330 3389 Κύριος.
3360 3336 3378 3368 ι
3427 3316 3597 3386 ’Υπὲρ

2024 3420 2228 3473 τούτων
2253 3418 2447 3480 αὐτοὺς
2479 3417 2691 3486 ἀφήσω,
2728 3413 2997 3484 μηδεμιᾶς
3022 3410 3188 3474 ἀξιῶν
3211 3408 3470 3480 προνοίας
3501 3405 3598 3474 τῆς

2029 3511 2157 3582 παρ’
2185 3510 2340 3580 ἐμοῦ.
2372 3509 2510 3563 «Καὶ
2543 3509 2648 3562 ἰδοὺ
2676 3507 2785 3576 ἐγὼ
2809 3506 3106 3575 ἀποδίδωμι
3131 3505 3256 3566 τοὺς
3280 3501 3596 3573 ἀνθρώπους

2027 3605 2252 3657 ἕκαστον
2298 3603 2376 3664 εἰς
2407 3599 2502 3663 τὰς
2533 3601 2718 3670 χεῖρας
2759 3597 2852 3650 τοῦ
2902 3597 3126 3667 πλησίον
3175 3592 3362 3655 αὐτοῦ,
3393 3593 3491 3646 καὶ
3523 3593 3596 3654 εἰς

2028 3699 2214 3766 χεῖρας
2251 3692 2508 3762 βασιλέως
2539 3690 2739 3742 αὐτοῦ’
2793 3688 2886 3741 καὶ
2931 3685 3330 3754 κατακόψουσιν
3381 3683 3462 3746 είς
3505 3681 3600 3751 τὴν

2030 3789 2133 3858 γῆν
2166 3785 2405 3839 Χαναὰν.
2440 3803 2458 3836 ι
2513 3781 2920 3850 Καταλιμπάνω
2960 3779 3016 3830 δὲ
3065 3776 3260 3838 αὐτοὺς
3295 3773 3596 3844 πάσχοντας

2029 3881 2096 3933 τὰ
2125 3880 2397 3948 ἀνήκεστα
2448 3875 2598 3944 παρά
2627 3891 2686 3926 τε
2719 3873 2825 3925 τῶν
2869 3873 2926 3924 ἐν
2975 3874 3088 3932 τοῖς
3130 3869 3351 3930 οἰκείοις
3387 3865 3593 3936 μοχθη-

2035 3969 2161 4042 ρῶν,
2197 3968 2290 4020 καὶ
2336 3965 2485 4036 παρά
2523 3964 2628 4015 τῶν
2660 3960 2918 4032 βασιλέων
2953 3955 3447 4028 ἐπιστρατευόντων
3502 3951 3596 4003 αὐ-

2030 4063 2162 4123 τοῖς,
2213 4059 2507 4127 ἐπειδήπερ
2550 4055 2771 4114 ἑαυτοὺς
2808 4051 2865 4117 ἐξ
2917 4043 2992 4103 ὧν
3035 4048 3357 4118 πράττουσι,
3398 4042 3600 4096 τούτων

2031 4154 2214 4218 ἀξίους
2247 4149 2566 4222 ἐργάζονται
2602 4164 2616 4178 ο
2665 4145 2807 4199 οὕτω
2847 4161 2905 4196 τε
2951 4142 3148 4203 πάντες
3187 4139 3286 4210 μὲν
3313 4133 3591 4207 ἀναιρεθή-

2035 4262 2216 4299 σονται
2250 4240 2445 4314 μικροῦ
2477 4242 2524 4293 οἰ
2553 4238 2649 4309 τὴν
2694 4236 2950 4289 Ἰουδαίαν
2978 4231 3252 4294 οἰκοῦντες
3271 4247 3284 4259 ο
3316 4228 3476 4282 τοῦτο
3495 4225 3596 4294 γάρ

2031 4330 2197 4397 λέγει,
2225 4327 2638 4395 «Κατακόῲουσι
2662 4324 2758 4394 τὴν
2783 4322 2906 4391 γῆν,
2931 4343 2947 4373 ι
2981 4321 3232 4390 οὐδεμιᾶς
3260 4319 3441 4380 αὐτοῖς
3472 4313 3597 4385 παρ’

2034 4419 2168 4490 ἐμοῦ
2200 4418 2446 4488 βοηθείας
2481 4415 2860 4486 παρεχομένης
2894 4415 2972 4473 εἰς
3000 4411 3061 4463 τὸ
3094 4411 3189 4480 τῆς
3214 4409 3321 4461 τῶν
3345 4407 3597 4461 ἐναντίων

2035 4510 2386 4580 ἐπικρατείας
2432 4507 2844 4574 ἀπαλλαγῆναι·
2902 4503 3014 4567 ἄξω
3055 4503 3112 4554 δὲ
3157 4501 3281 4562 τοὺς
3329 4499 3457 4570 πρὸς
3505 4499 3598 4564 τὴν

2037 4603 2251 4671 σφαγὴν
2283 4602 2347 4653 ἐκ
2375 4599 2481 4652 τῶν
2509 4597 2722 4650 οἰκείων
2755 4595 2929 4666 ἔργων
2962 4593 3328 4661 ἐκκειμένους,
3359 4589 3431 4651 ὼς
3458 4586 3598 4648 εἰκὸς

2037 4693 2262 4763 ἄγεσθαι
2292 4693 2418 4754 τοὺς
2450 4689 2723 4750 τοιούτους
2771 4687 2856 4738 ἐπ’
2905 4683 3057 4753 ὕψεσι
3101 4683 3208 4735 τῶν
3243 4681 3556 4734 Χαναναίων
3579 4692 3594 4706 ⁸

2035 4785 2096 4838 τὺ
2115 4785 2244 4854 γὰρ.
2267 4804 2286 4834 ι
2301 4780 2555 4851 Ποιμανῶ
2579 4779 2645 4832 τὰ
2666 4777 2912 4849 πρόόατα
2939 4774 3038 4843 τῆς
3061 4771 3296 4840 σφαγῆς,
3319 4770 3429 4822 »ἵνα
3446 4767 3592 4837 εἴπῃ.

2036 4877 2118 4930 ὅτι
2185 4874 2306 4926 Ἐπί
2349 4872 2448 4942 τὴν
2499 4870 2710 4940 σφαγὴν
2762 4867 2956 4926 αὐτοὺς
3007 4863 3138 4926 ἄξω,
3185 4861 3280 4929 οὐχ
3323 4859 3398 4920 ὼς
3439 4856 3595 4912 αὐτὸς

2036 4967 2230 5030 ποιῶν,
2265 4965 2400 5018 ἀλλά
2448 4963 2526 5034 τῷ
2567 4961 2819 5030 ἀφιέναι·
2871 4957 2993 5011 ἐπεὶ
3038 4956 3132 5008 καὶ
3173 4952 3329 5004 τοῦτο
3369 4949 3490 5012 ἔθος
3533 4948 3591 5016 τῇ

2039 5058 2157 5130 θεία
2185 5058 2375 5129 Γραφῇ
2397 5055 2456 5108 τὸ
2485 5055 2582 5126 τὴν
2611 5050 2956 5124 συγχώρησιν
2982 5051 3078 5117 τὴν
3101 5045 3248 5098 θείαν
3277 5045 3351 5106 ὡς
3372 5042 3590 5113 πρᾶγμα

2035 5150 2215 5218 λέγειν
2235 5164 2249 5179 ·
2279 5153 2352 5217 (p.
2373 5145 2495 5215 512)
2524 5140 2633 5198 οἷόν
2656 5146 2770 5196 ἐστι
2795 5143 2875 5204 τὸ,
2905 5160 2922 5191 t
2947 5138 3254 5202 Ἐξέκλινας
3272 5135 3368 5198 τὰς
3386 5131 3592 5204 τρίϐους

2036 5242 2194 5312 ἡμῶν
2219 5241 2325 5293 ἀπὸ
2347 5238 2446 5308 τῆς
2471 5237 2588 5291 ὁδοῦ
2613 5252 2726 5290 σου·
2753 5255 2771 5288 t
2799 5235 2896 5305 οὐχ
2917 5235 2998 5285 ὅτι
3023 5231 3152 5294 Θεὸς
3181 5227 3468 5319 ἐξέκλινεν,
3490 5221 3590 5319 ἀλὶί

2037 5332 2117 5384 ὅτι
2163 5327 2501 5399 συνεχώρησε
2553 5326 2742 5379 παθεῖν
2796 5324 2938 5388 ἅπερ
2982 5322 3172 5382 αὐτοὺς
3205 5317 3459 5389 ἐκτρέψαι
3506 5317 3589 5366 τοῦ

2041 5422 2410 5492 προσήκοντος
2440 5413 2508 5490 ἦν
2533 5417 2708 5471 ἱκανά.
2729 5415 2800 5469 Τὸ
2825 5415 2902 5482 δὲ,
2926 5413 3048 5475 «Εἰς
3069 5414 3166 5480 τὴν
3197 5409 3300 5480 γῆν
3331 5406 3588 5467 Χαναὰν.»
