3830 6216
327 263 435 319 575

1526 258 1871 319 THEODORI
1902 258 2388 318 MOPSUESTENI

3471 267 3584 324 576

330 378 629 442 moriatur;
681 384 736 432 et
778 377 922 446 quod
974 377 1180 443 deticit,
1224 378 1483 445 deﬁciat;
1528 380 1692 452 353
1719 388 1774 437 et
1807 378 1900 450 qui

2014 380 2160 449 rat'nr
2187 399 2206 433 ι
2231 380 2302 434 Τὸ
2320 380 2663 451 ἀποθνῆσκον
2686 380 3095 451 ἀποθνησκέτω,
3122 381 3217 433 καὶ
3244 377 3302 432 τὸ
3330 378 3583 433 ἐκλεῖπον

332 468 528 538 reliqui
559 466 762 522 fuerint
789 468 1079 523 comedant
1119 470 1496 542 unusquisque
1527 488 1724 527 carnes
1775 486 1903 542 pro-

332 562 460 615 ximi
511 563 658 617 sui.»
697 560 903 625 Sinam,
956 562 1153 632 inquit,
1198 580 1639 634 unumquemque
1665 580 1730 618 ex
1778 580 1905 634 pro-

331 655 447 722 pria
477 654 678 707 malitia
718 654 996 723 percipere
1024 655 1384 724 punitionem,
1421 656 1651 710 invicem
1699 672 1902 710 consu-

332 746 603 798 ntentibus
646 760 740 813 per
778 746 1173 805 contentiones,
1225 746 1623 809 dimicationes,
1674 758 1727 803 et
1774 749 1904 803 insi-

331 836 544 888 diarum
614 843 969 889 structuram.
1035 835 1141 890 «Et
1198 853 1407 890 sumam
1469 839 1672 908 virgam
1730 855 1902 893 meam

331 929 647 996 pulchram,
712 937 765 983 et
832 930 1118 999 projiciam
1181 946 1299 983 eam
1358 930 1427 985 ob
1483 931 1903 1001 dispergendum

331 1028 717 1074 testamentum
750 1037 953 1084 meum,
988 1023 1133 1089 quod
1165 1032 1461 1078 statueram
1501 1038 1625 1076 cum
1650 1024 1906 1078 omnibus

331 1119 489 1167 terra;
528 1114 803 1182 populis.)
846 1114 1104 1168 Auferam
1157 1116 1602 1184 probatissimum
1661 1122 1715 1169 et
1762 1116 1907 1185 opti-

332 1220 478 1258 mum
507 1206 898 1271 sacerdotium,
932 1208 1077 1261 humi
1110 1208 1219 1274 jam
1248 1217 1585 1278 prostratum
1616 1212 1684 1265 ab
1713 1211 1780 1265 iis
1812 1211 1907 1281 qui

328 1309 775 1367 oppugnaverant
813 1298 978 1354 illud:
1014 1302 1146 1369 quin
1180 1310 1234 1355 et
1279 1311 1569 1357 extraneos
1598 1302 1667 1358 ab
1707 1317 1772 1358 eo
1806 1303 1906 1358 ab-

332 1390 598 1443 alienabo.
633 1388 765 1443 Nam
793 1392 1033 1445 extranei
1068 1393 1158 1461 qui
1189 1394 1357 1446 multo
1382 1401 1543 1448 antea
1569 1409 1693 1447 cum
1723 1394 1907 1449 studio

333 1478 399 1533 ad
439 1481 699 1549 templum
726 1496 904 1535 meum
939 1482 1287 1536 conﬂuebant
1322 1484 1392 1537 ob
1421 1484 1623 1537 rituum
1655 1500 1909 1540 reveren-

331 1570 461 1623 tiam
493 1572 585 1640 qui
628 1572 738 1625 illie
786 1573 1025 1641 legitime
1052 1574 1496 1643 perliciebantur,
1550 1575 1652 1645 ipsi
1687 1591 1906 1646 quoque

332 1678 364 1716 a
410 1665 590 1730 priore
618 1667 1013 1721 consuetudine
1048 1668 1299 1723 recedent
1334 1679 1555 1737 propter
1584 1678 1903 1738 regnantem

2007 470 2295 536 ἐκλιπέτω,
2323 473 2414 524 καί¹
2440 472 2507 525 τὰ
2529 472 2831 525 κατάλοιπα
2874 469 3200 523 κατεσθιέτω
3231 470 3454 532 ἕκαστος
3476 486 3582 532 ται,

2008 564 2214 633 σάρκας
2236 563 2330 617 τοῦ
2364 565 2587 634 πλησίον
2600 563 2783 618 αὑτοῦ.
2815 582 2831 615 ι
2876 562 3099 631 Ἀιρίημι
3127 562 3201 624 δὲ,
3238 562 3421 630 φησιν,
3445 562 3571 613 ἕκα-

2006 672 2130 708 στον
2158 657 2222 707 ὲκ
2264 656 2361 725 τῆς
2392 654 2585 707 ἑαυτοῦ
2634 656 2833 717 κακίας
2871 654 3119 725 δέχεσθαι
3160 654 3256 721 τὴν
3282 650 3581 721 τιμωρίαν,

2005 744 2183 797 αὐτῶν
2212 744 2468 815 ἀλλήλους,
2492 746 2902 809 ἀναλισκόντων,
2927 746 3046 805 ταῖς
3062 761 3117 795 τε
3155 743 3293 812 ἐρισι
3324 744 3415 793 καὶ
3441 744 3571 794 ταῖς

2009 836 2212 907 μάχαις
2250 838 2343 890 καὶ
2372 841 2436 908 τῇ
2467 839 2564 909 τῆς
2604 837 2895 902 ἐπιϐουλῆς
2940 835 3224 906 ἐμμελείᾳ.
3265 853 3282 885 ι
3320 834 3426 887 Καὶ
3483 844 3554 905 Αη

2005 928 2178 998 ψομαι
2200 926 2298 998 τὴν
2323 928 2516 997 ῥάϐδον
2537 945 2639 996 μου
2667 928 2764 996 τὴν
2795 926 2963 996 καλὴν
2982 927 3071 979 καὶ
3100 926 3387 997 ἀπορρίψω
3409 926 3584 995 αὐτὴν

2007 1020 2101 1071 τοῦ
2130 1019 2479 1072 διασκεδάσαι
2509 1021 2605 1087 τὴν
2626 1018 2888 1087 διαθήκην
2909 1035 3032 1087 μου,
3064 1018 3128 1086 ἥν
3155 1016 3407 1086 διεθέμην
3442 1015 3578 1087 πρὸ,

2008 1112 2215 1173 πάντας
2238 1114 2363 1173 τοὺς
2422 1110 2582 1174 λαοὺς
2619 1109 2717 1179 τῆς
2753 1110 2869 1179 γῆς.
2907 1131 2922 1159 ι
2975 1108 3186 1177 Ἀφελῶ
3220 1108 3283 1178 δὴ
3308 1110 3405 1177 τὴν
3431 1109 3553 1161 δοκι

2011 1203 2263 1275 μωτάτην
2292 1203 2386 1256 καὶ
2417 1202 2649 1272 ἀρίστην
2673 1200 2988 1271 ἱερωσύνην,
3022 1200 3113 1253 καὶ
3142 1201 3311 1269 χαμαί
3341 1217 3441 1253 που
3464 1217 3557 1253 κει

2011 1294 2177 1363 μένην
2209 1293 2313 1346 ὑπὸ
2371 1293 2478 1345 τῶν
2537 1290 2952 1345 καταϐαλόντων
2982 1291 3169 1359 αὐτὴν,
3196 1290 3287 1360 ἀφ’
3315 1286 3381 1362 ῆς
3414 1307 3562 1362 μετα

2010 1386 2192 1455 στήσω
2232 1386 2324 1438 καὶ
2350 1384 2416 1437 τὰ
2441 1384 2546 1438 τῶν
2572 1383 2728 1446 ἐκτὸς
2750 1382 2842 1436 τοῦ
2881 1382 3065 1445 ἔθνους
3091 1384 3227 1456 πρὸς
3248 1383 3587 1440 τούναντίον..

2009 1479 2071 1531 0i
2100 1478 2207 1547 γὰρ
2245 1479 2307 1530 ἐκ
2334 1476 2440 1529 τῶν
2487 1476 2781 1546 ἀλλοτρίων
2806 1475 2943 1546 μετά
2969 1475 3169 1543 πολλῆς
3197 1476 3458 1545 πρότερον
3480 1475 3585 1545 τῆς

2009 1564 2317 1636 προθυμίας
2377 1564 2468 1617 ἐπὶ
2515 1565 2606 1617 τὸν
2652 1565 2775 1618 ναὸν
2820 1564 3244 1633 κατατρέχοντες
3298 1563 3384 1616 τὸν
3422 1564 3583 1632 ἐμὸν,

2008 1657 2151 1709 αἰδοῖ
2180 1656 2287 1708 τῶν
2320 1655 2506 1710 αὐτόθι
2526 1656 2771 1726 νομίμως
2792 1656 3210 1724 ἐκτελουμένων,
3244 1656 3555 1724 ἀποστήσον

334 1754 446 1807 illic
476 1754 855 1810 confusionem
887 1772 949 1809 ac
980 1758 1469 1826 perturbationem,
1508 1775 1536 1812 a
1570 1761 1732 1814 solito
1772 1769 1907 1814 tein-

2014 1769 2095 1803 ται
2120 1751 2211 1803 καὶ
2238 1745 2380 1803 οὗτοι
2413 1749 2580 1802 ταῦτα
2614 1749 2751 1802 αὑτά
2789 1752 2959 1802 ποιεῖν
2990 1748 3092 1800 ὑπὸ
3133 1748 3232 1816 τῆς
3277 1747 3586 1819 κρατούσης

333 1847 405 1916 pli
454 1863 679 1904 accessu
719 1849 986 1906 deterriti.
1021 1849 1134 1904 Hoc
1176 1851 1321 1904 enim
1366 1852 1673 1921 significant
1722 1854 1905 1919 verba,

337 1941 674 2011 «dispergere
703 1946 1087 1994 testamentum
1146 1956 1352 2004 meum,
1404 1942 1546 2012 quod
1608 1951 1906 1998 statueram

334 2045 456 2081 cum
486 2030 735 2087 omnibus
762 2039 917 2085 terra:
941 2033 1175 2101 populis.
1193 2053 1210 2084 ι
1247 2035 1360 2091 ιίοἰι
1377 2033 1634 2087 nimirum
1654 2051 1667 2085 :
1687 2035 1907 2090 Curabo

336 2130 393 2172 ut
434 2122 668 2185 desinat,
716 2125 859 2192 quod
898 2125 967 2177 ab
1009 2126 1284 2179 extraneis
1322 2125 1483 2179 etiam
1518 2135 1675 2180 antea
1712 2128 1905 2193 liebat;

335 2212 565 2278 propriae
606 2210 815 2265 scilicet
856 2227 1098 2280 personae
1142 2215 1595 2275 accommodans,
1646 2214 1791 2284 quod
1840 2231 1909 2270 ex

335 2303 562 2355 aliorum
615 2304 815 2356 malitia
848 2304 1214 2372 contingebat.
1266 2303 1629 2370 Quamobrem
1681 2307 1794 2371 irae,
1850 2316 1911 2362 ut

335 2394 649 2447 summatim
675 2396 874 2459 dicant,
906 2396 1143 2465 pessima
1186 2396 1339 2466 signa
1371 2402 1732 2466 apparebunt.

414 2660 582 2717 Vens.
611 2664 697 2726 ll,
724 2664 811 2717 12.
840 2693 911 2705 ——
948 2664 1043 2718 «Et
1077 2666 1166 2721 ﬂet
1202 2666 1472 2736 dispersio
1504 2668 1557 2723 in
1592 2670 1680 2724 die
1712 2670 1822 2735 illa,
1856 2679 1911 2727 et

336 2761 670 2823 cognoscent
698 2753 989 2808 Chananaai
1019 2772 1150 2811 oves
1176 2771 1297 2827 qua:
1321 2774 1405 2813 me
1430 2761 1748 2825 observant,
1782 2764 1908 2832 quia

338 2857 517 2896 sermo
562 2841 776 2895 Domini
829 2854 975 2899 est.»
1016 2844 1191 2911 Tunc,
1237 2848 1432 2918 inquit,
1479 2850 1686 2906 desinet
1721 2853 1912 2907 adver-

338 2931 610 2986 sariorum
631 2947 757 3002 erga
783 2936 1044 3004 templum
1068 2952 1246 2992 meum
1270 2939 1614 3010 obsequium,
1640 2943 1910 2998 dissoluto

338 3024 419 3123 sic
448 3022 652 3079 findere
678 3025 823 3126 quod
849 3041 971 3128 cum
1005 3029 1111 3085 illis
1147 3032 1488 3100 pepigeram:
1527 3036 1748 3104 notique
1778 3034 1907 3090 [ient
1934 3071 1976 3129 ο

336 3111 501 3166 etiam
531 3116 806 3170 extraneis
829 3118 1052 3187 quinam
1084 3136 1209 3175 vere
1238 3123 1341 3176 mei
1370 3123 1500 3188 sint,
1536 3134 1588 3179 et
1614 3126 1907 3182 voluntatis

339 3218 472 3259 meae
507 3205 863 3264 observandae
914 3212 1049 3265 satis
1088 3213 1350 3268 solliciti:
1407 3224 1462 3269 et
1492 3219 1635 3285 quod
1668 3218 1909 3273 divinum

338 3298 617 3353 decretum
658 3301 919 3371 improbis
975 3307 1115 3359 mala
1170 3305 1450 3375 immittit;
1509 3310 1727 3365 virtutis
1781 3326 1915 3365 vero

338 3388 624 3451 studiosis,
658 3390 781 3444 licet
810 3393 1020 3460 paucis,
1054 3409 1240 3447 curam
1274 3396 1497 3449 multam
1523 3396 1819 3465 impendit;
1855 3404 1912 3449 ut

343 3492 469 3531 vere
509 3489 765 3547 appareat
812 3497 985 3535 meam
1043 3484 1178 3552 Ipsis
1221 3484 1515 3537 amicitiam
1566 3486 1717 3538 lucro
1752 3501 1909 3551 esse;

340 3579 610 3636 quatenus
650 3578 854 3624 tantam
894 3573 999 3626 mei
1035 3574 1429 3642 providentiam
1482 3577 1803 3639 sortiuntur,
1856 3585 1913 3628 ut

340 3660 672 3717 adversariis
698 3664 883 3717 multis
904 3673 1064 3733 atque
1091 3667 1401 3734 potentibus
1427 3666 1585 3720 facile
1613 3668 1909 3737 potiantur.

345 3751 546 3807 Deinde
598 3760 657 3806 ut
705 3755 955 3808 ostendat
1007 3756 1254 3827 egregios
1306 3772 1531 3812 suorum
1584 3774 1785 3823 mores,
1848 3761 1915 3815 de

343 3843 668 3900 Macbabteis
716 3847 927 3899 scilicet
975 3848 1229 3918 loquens,
1281 3849 1373 3919 qui
1408 3865 1507 3919 pro
1540 3858 1700 3921 gente
1730 3860 1785 3905 et
1818 3868 1915 3922 pro

341 3936 543 3991 divinis
595 3936 803 4006 legibus
856 3938 1054 3993 bellum
1107 3948 1299 3995 contra
1353 3942 1704 3998 Macedonum
1751 3944 1914 4017 34⁵1

343 4044 498 4099 reges
525 4038 836 4097 gesserunt,
886 4030 1075 4086 addit:
1133 4050 1151 4084 ι
1176 4031 1240 4086 Ει
1266 4033 1444 4087 dicam
1473 4035 1585 4090 eis:
1618 4034 1674 4091 Si
1713 4036 1914 4091 bonum

340 4130 426 4174 est
454 4119 509 4172 in
540 4128 836 4188 conspectu
867 4129 1070 4187 vestro,
1103 4122 1227 4178 date
1252 4125 1558 4181 mercedem
1591 4141 1791 4194 meam,
1821 4136 1916 4182 aut

348 4210 577 4264 renuite.
601 4229 620 4261 ι
665 4210 991 4282 Tantopere,
1033 4212 1230 4282 inquit,
1270 4216 1424 4284 probi
1472 4225 1636 4272 erunt
1667 4234 1796 4290 erga
1828 4236 1916 4275 me

345 4303 613 4374 ﬁrmique,
675 4310 732 4357 ut
775 4318 877 4374 ego
923 4303 1246 4362 ﬁducialiter
1274 4309 1353 4363 eis
1380 4309 1560 4366 dicere
1587 4327 1819 4381 queam:
1857 4314 1913 4367 Si

2006 1842 2075 1895 τὰ
2107 1842 2294 1896 αὐτόθι
2342 1840 2653 1910 συγχύσεώς
2683 1859 2741 1894 τε
2777 1841 2870 1894 καὶ
2896 1839 3183 1908 ἀκοσμίας,
3215 1840 3417 1892 ἀνιέναι
3454 1854 3587 1890 συνσ

2008 1935 2153 2005 ήθως
2176 1936 2254 1997 είς
2278 1934 2367 1987 τὸν
2387 1935 2513 1986 ναὸν
2542 1934 2892 2003 κωλυόμενοι.
2919 1932 3087 1985 Τοῦτο
3113 1929 3203 1985 οὖν
3224 1931 3389 1998 λέγει,
3413 1948 3431 1980 ι
3457 1932 3585 1980 Δια·

2011 2027 2265 2081 σκεδάσαι
2297 2026 2394 2095 τὴν
2407 2023 2670 2095 διαθήκην
2702 2043 2824 2094 μου,
2854 2025 2920 2094 ἢν
2951 2024 3202 2093 διεθέμην
3219 2023 3354 2092 πρὸς
3374 2020 3585 2084 πάντας

2008 2121 2133 2182 τοὺς
2185 2116 2346 2179 λαοὺς
2398 2117 2496 2187 τῆς
2539 2116 2642 2186 γῆς
2667 2135 2679 2147 ·
2719 2136 2737 2167 ι
2767 2118 2853 2168 ἵνα
2895 2118 3046 2185 εἴπῃ,
3073 2116 3151 2168 ὅτι
3188 2112 3388 2167 Παύσω
3420 2111 3585 2163 τοῦτο

2008 2214 2310 2282 γινόμενον,
2342 2212 2371 2264 ὃ
2402 2213 2494 2263 καὶ
2519 2210 2670 2281 παρά
2702 2208 2809 2262 τῶν
2858 2208 3146 2280 ἀλλοτρίων
3173 2206 3414 2275 ἐγίγνετο
3448 2204 3585 2274 πρόο

2008 2319 2164 2374 τερον
2189 2320 2202 2332 ·
2238 2302 2313 2372 τῷ
2352 2303 2532 2371 οἰκείῳ
2572 2300 2846 2371 προσώπῳ
2895 2300 3055 2351 πάλιν
3114 2298 3402 2368 περιτιθεὶς
3430 2298 3496 2349 τὸ
3522 2299 3587 2348 ἐκ

2009 2396 2107 2466 τῆς
2138 2396 2337 2466 ἑτέρων
2365 2394 2658 2464 συμϐαῖνον
2714 2393 2912 2454 κακίας
2938 2408 2949 2419 ⁸
2982 2392 3117 2444 ὥστε
3162 2390 3328 2460 ὀργῆς
3362 2389 3582 2448 αὐτοὺς,

2011 2488 2291 2557 συντόμως
2338 2488 2531 2552 εἰπεῖν,
2575 2486 2789 2539 ἅπαντα
2836 2484 2905 2536 τὰ
2937 2484 3104 2554 χείρω
3146 2480 3429 2550 φαίνεσθαι
3488 2496 3587 2548 ση-

2014 2581 2159 2649 μεϊα.

2084 2670 2232 2740 Στίχ.
2264 2668 2352 2732 ια’,
2389 2669 2472 2738 ιβ’.
2503 2700 2571 2709 --
2616 2686 2635 2719 ι
2668 2666 2778 2719 Καὶ
2833 2664 3344 2734 διασκεδασθήσεται
3401 2663 3458 2714 ἐν
3520 2662 3584 2730 τῇ

2011 2764 2195 2835 ἡμέρα
2228 2761 2429 2831 ἐκείνῃ,
2454 2760 2528 2827 (p.
2553 2759 2677 2828 5l5)
2705 2758 2799 2811 καὶ
2816 2755 3111 2825 γνώσονται
3138 2758 3185 2807 οἱ
3209 2755 3496 2807 Χαναναῖοι
3523 2750 3588 2802 τὰ

2011 2854 2259 2926 πρόϐατα
2287 2853 2354 2905 τὰ
2396 2850 2781 2921 φυλασσόμενα
2816 2866 2905 2919 με,
2946 2848 3077 2900 διότι
3127 2849 3155 2899 ὁ
3185 2846 3342 2913 λόγος
3380 2845 3586 2913 Κυρίου

2010 2940 2147 2995 ἐστί.
2182 2960 2199 2992 ι
2240 2941 2391 3003 Τότε,
2432 2941 2585 3010 φησὶ,
2626 2937 2891 2991 παύσεται
2930 2937 3084 3007 μὲνὴ
3119 2936 3269 3005 παρά
3302 2933 3409 2986 τῶν
3434 2936 3584 2986 ἐναν·

2011 3032 2141 3086 τίων
2172 3034 2250 3096 είς
2275 3033 2364 3085 τὸν
2394 3032 2520 3086 ναὸν
2540 3030 2797 3100 γινομένη
2833 3028 3116 3099 θεραπεία,
3145 3026 3586 3096 συγκαταλυομέ-

2012 3141 2110 3193 νης
2128 3124 2204 3187 ὡς
2230 3125 2375 3186 είκὸς
2400 3123 2574 3194 τούτῳ
2593 3124 2690 3192 τῆς
2710 3122 2972 3192 διαθήκης
2999 3123 3065 3191 ἦν
3094 3122 3229 3190 πρὸς
3251 3121 3444 3181 αὐτοὺς
3471 3118 3586 3172 ἐθί-

2017 3232 2149 3285 μην·
2180 3216 2391 3268 ἔσονται
2416 3214 2470 3267 δὲ
2491 3214 2757 3286 γνώριμοι
2780 3215 2874 3268 καὶ
2900 3216 3011 3275 τοῖς
3027 3204 3327 3282 ἀλλοτρίοις
3357 3214 3403 3263 oi
3422 3214 3588 3272 ὅντως

2013 3307 2159 3377 ἐμοὶ,
2203 3308 2297 3360 καί⁸
2354 3306 2553 3377 πολλὴν
2590 3307 2688 3375 τῆς
2720 3306 2829 3358 τῶν
2866 3305 2989 3375 ἐμοὶ
3018 3303 3317 3357 δοκούντων
3344 3300 3586 3371 φυλακῆς

2014 3396 2227 3467 ἔχοντες
2261 3396 2359 3465 τὴν
2408 3395 2691 3467 φροντίδα·
2719 3396 2812 3447 καὶ
2856 3396 2936 3446 ὅτι
2972 3395 3094 3464 ὅρος
3130 3393 3214 3454 τίς
3246 3395 3361 3444 ἐστι
3388 3391 3530 3452 θεῖος
3560 3390 3586 3439 ὁ

2013 3490 2139 3551 τοὺς
2174 3487 2270 3557 μὲν
2303 3486 2607 3558 μοχθηροὺς
2658 3486 2847 3549 ἐκδοὺς
2879 3488 2989 3547 τοῖς
3030 3486 3255 3555 χείροσι,
3292 3485 3401 3538 τῶν
3432 3486 3489 3537 δὲ
3527 3484 3583 3534 τὸ

2014 3580 2131 3634 δέον
2182 3579 2532 3650 ζητουμένων
2593 3580 2687 3631 καὶ
2743 3577 2940 3644 ὀλίγων
2987 3577 3155 3629 ὄντων
3208 3577 3350 3630 οὕτω
3388 3576 3584 3642 πολλὴν

2018 3670 2338 3741 ποιούμενος
2363 3670 2458 3739 τῆς
2488 3669 2628 3739 ὲμῆς
2652 3669 2978 3737 οἰκειότητος
3004 3665 3186 3720 αὐτῶν
3218 3665 3468 3734 γίνεσθαι
3498 3664 3586 3734 δῆ-

2014 3763 2134 3816 λον⁹
2167 3763 2225 3829 ἐξ
2256 3756 2329 3816 ὧν
2368 3762 2635 3831 τοσαύτης
2692 3759 2967 3827 ἀξιοῦνται
3002 3759 3102 3829 τῆς
3126 3760 3253 3831 παρ’
3283 3758 3418 3828 ἐμοῦ
3453 3773 3584 3828 προι

2015 3857 2183 3920 νοίας,
2238 3856 2314 3920 ὡς
2347 3856 2442 3910 καὶ
2489 3854 2599 3908 τῶν
2634 3855 2893 3909 ἐναντίων
2938 3852 3148 3907 πολλῶν
3178 3869 3238 3906 τε
3265 3853 3435 3907 ὄντων
3495 3850 3582 3904 καὶ

2015 3946 2254 3999 δυνατῶν
2295 3945 2489 4015 ῥαδίως
2543 3946 2782 4014 κρατεῖν.
2812 3942 2944 3996 Εἶτα
2977 3941 3296 4013 βουλόμενος
3327 3940 3493 4005 δεῖξαι
3526 3939 3582 3992 τὺ

2016 4036 2237 4108 δόκιμον
2258 4036 2352 4090 τοῦ
2384 4035 2587 4106 τρόπου
2631 4034 2741 4087 τῶν
2774 4035 3013 4099 οίκείων,
3044 4033 3190 4101 λέγει
3214 4032 3272 4085 δὲ
3304 4033 3432 4095 τοὺς
3462 4030 3582 4099 περὶ

2016 4128 2125 4181 τῶν
2176 4125 2569 4188 Μακκαϐαίων,
2599 4125 2649 4177 οἶ
2698 4125 2789 4177 τὸν
2837 4125 2978 4195 ὑπὲρ
3010 4123 3103 4176 τοῦ
3136 4122 3323 4185 ἔθνους
3356 4124 3451 4175 καὶ
3480 4118 3583 4173 τῶν

2016 4221 2194 4290 νόμων
2221 4219 2327 4272 τῶν
2358 4217 2515 4271 θείων
2544 4217 2781 4287 πόλεμον
2810 4217 2943 4288 πρὸς
2970 4216 3095 4279 τοὺς
3119 4216 3226 4268 τῶν
3258 4214 3582 4269 Μακεδόνων

2017 4312 2221 4364 εἴλοντο
2266 4308 2539 4379 βασιλέας,
2574 4308 2788 4376 ἐπάγει*
2832 4325 2851 4359 ι
2893 4307 3002 4360 Καὶ
3037 4304 3148 4376 ἐρῶ
3186 4304 3320 4374 πρὸς
3356 4304 3578 4366 αὐτούς·

346 4394 500 4449 vobis
532 4396 710 4466 placet
734 4396 865 4451 mihi
911 4412 1033 4453 esse
1078 4400 1358 4469 subjectis,
1415 4410 1469 4456 et
1511 4417 1642 4458 meae
1686 4404 1910 4460 subesse

2018 4403 2083 4457 Εί
2116 4402 2274 4455 καλὸν
2324 4399 2549 4453 ἐνώπιον
2606 4398 2758 4470 ὑμῶν
2793 4399 2929 4458 ἐστι,
2956 4397 3073 4450 δότε
3102 4397 3192 4449 τὸν
3216 4395 3405 4466 μισθόν
3466 4410 3579 4467 μου,

348 4489 623 4555 potestati,
674 4488 861 4559 utique
906 4491 1140 4559 praebete
1192 4493 1321 4547 mihi
1357 4494 1745 4551 benevolentia:
1779 4497 1912 4552 obe-

346 4575 673 4645 dientiazque
702 4587 895 4632 vestra:
923 4582 1440 4636 remunerationem.
1471 4582 1630 4649 Quod
1667 4584 1712 4638 si
1739 4584 1911 4638 mole-

348 4674 493 4722 stum
520 4671 675 4724 vobis
704 4680 806 4735 est,
841 4672 912 4726 ob
940 4681 1181 4727 vestrum
1211 4688 1338 4743 erga
1366 4689 1452 4728 mc
1480 4675 1802 4745 obsequium
1832 4682 1911 4730 tot

348 4762 489 4815 mala
536 4764 813 4832 experiri,
868 4772 1002 4835 quot
1051 4781 1200 4821 nunc
1256 4767 1324 4820 ab
1371 4766 1617 4821 hostibus
1673 4766 1916 4837 perferre

344 4851 620 4920 cogimini,
659 4852 933 4922 publicam
963 4870 992 4908 a
1038 4854 1317 4910 dominatu
1355 4872 1475 4910 meo
1508 4857 1670 4911 facite
1700 4868 1919 4927 aposta-

346 4944 506 5000 siam.
550 4945 794 5016 Namque
843 4950 897 5003 id
940 4950 1115 5006 simile
1140 4962 1223 5006 est
1256 4950 1467 5004 Domini
1501 4951 1568 5004 ad
1619 4952 1919 5023 discipulos

347 5036 532 5090 dicto:
591 5037 767 5092 «Num
821 5054 915 5094 vos
962 5056 1181 5110 quoque
1225 5042 1389 5097 vultis
1417 5043 1568 5097 abire
1590 5044 1715 5096 ⁷⁵⁸1»
1774 5044 1920 5113 quod

347 5144 480 5184 sane
510 5130 653 5185 haud
696 5147 791 5186 eos
821 5133 1101 5187 avertendi
1135 5149 1299 5189 causa
1330 5150 1360 5189 a
1406 5137 1683 5191 consortio
1717 5138 1916 5203 aiebat,

347 5223 441 5277 sed
470 5229 529 5276 ut
557 5223 660 5278 hoc
688 5225 836 5279 dicto
857 5224 1125 5281 ﬁrmiores
1145 5228 1395 5282 elllceret.
1429 5226 1555 5282 Pari
1588 5228 1748 5283 modo
1774 5244 1919 5284 nunc

348 5313 501 5379 dicit,
555 5330 614 5370 se
661 5314 984 5370 ﬁducialiter
1017 5316 1158 5371 hanc
1202 5317 1310 5374 illis
1362 5320 1636 5388 optionem
1688 5318 1917 5384 oﬂerre;

350 5404 521 5473 probe
568 5405 750 5461 sciens
787 5405 902 5461 fore
932 5417 990 5462 ut
1024 5408 1215 5462 malint
1243 5411 1469 5465 molesta
1499 5413 1726 5483 perpeti,
1758 5428 1919 5483 quam

349 5497 576 5552 meliore
599 5505 748 5553 sorte
772 5499 1018 5557 fruentes
1040 5508 1193 5557 extra
1218 5518 1396 5558 meum
1420 5503 1756 5562 dominatum
1780 5506 1916 5563 fleri.

421 5676 466 5705 ”
506 5675 664 5732 Joan.
707 5693 802 5745 vn,
844 5679 930 5734 68.

2018 4498 2053 4568 ἢ
2082 4494 2405 4549 ἀπείπασθε.
2434 4511 2451 4544 ι
2474 4490 2629 4546 Οὕτω
2644 4491 2769 4563 γάρ,
2803 4490 2985 4561 φησὶν,
3006 4488 3439 4559 ἐσονταιδόκιμοι
3464 4486 3581 4558 περὶ

2020 4590 2123 4661 ἐμὲ
2155 4588 2250 4642 καὶ
2307 4586 2533 4656 βέϐαιοι,
2580 4584 2723 4637 ὥστε
2762 4582 3066 4653 θαρροῦντά
3119 4598 3184 4651 με
3220 4580 3355 4651 πρὸς
3393 4580 3580 4641 αὐτοὺς

2019 4680 2195 4747 λέγειν
2233 4680 2337 4741 ὅτι,
2366 4677 2429 4729 Ei
2459 4676 2557 4746 μὲν
2586 4674 2814 4743 ἀρεστὸν
2852 4674 2977 4743 ὑμῖν
3004 4673 3065 4725 τὸ
3095 4673 3185 4725 ὑπ’
3223 4673 3345 4742 ἐμοί
3369 4688 3428 4725 τε
3452 4668 3578 4726 εἶναι

2020 4772 2114 4826 καὶ
2138 4772 2237 4841 τῆς
2266 4768 2581 4828 ἐπιστασίας
2610 4764 2887 4833 ἀξιοῦσθαι
2914 4764 3012 4833 τῆς
3044 4766 3201 4834 ἐμῆς,
3231 4766 3325 4817 καὶ
3350 4765 3413 4835 δὴ
3447 4778 3576 4831 παρα

2019 4862 2172 4934 έχετέ
2204 4879 2293 4932 μοι
2316 4860 2415 4927 τῆς
2448 4856 2657 4920 εὐνοίας
2680 4857 2773 4910 καὶ
2801 4856 2895 4925 τῆς
2922 4856 3166 4925 ὑπακοῆς
3191 4856 3289 4925 τῆς
3321 4853 3575 4925 ὑμετέρας

2017 4954 2108 5007 τὸν
2145 4951 2333 5023 μισθόν
2354 4964 2367 4979 ·
2393 4950 2442 5001 εί
2495 4948 2552 5000 δὲ
2580 4947 2715 5016 βαρὺ
2740 4945 2800 4999 τὸ
2828 4945 2963 5017 πρὸς
2994 4946 3092 5015 ἐμὲ
3119 4946 3372 5008 νεύοντας
3405 4942 3579 4997 τοσού-

2018 5062 2126 5099 των
2156 5040 2448 5112 πειρᾶσθαι
2494 5038 2703 5100 κακῶν,
2739 5036 2910 5089 ὁπόσα
2951 5052 3054 5107 περ
3105 5035 3393 5104 ὑπομένειν
3426 5035 3557 5088 ἀναν

2021 5135 2252 5201 κάζεσθε
2277 5133 2372 5187 νῦν
2407 5130 2557 5202 παρά
2576 5129 2686 5183 τῶν
2730 5128 3021 5198 πολεμίων,
3049 5128 3287 5199 φανερὰν
3329 5128 3426 5197 τῆς
3452 5122 3573 5195 ἐμῆ,

2022 5227 2344 5289 ἐπιστασίας
2414 5221 2714 5294 ποιήσασθε
2767 5220 2863 5290 τὴν
2915 5219 3264 5290 παραίτησιν.
3336 5219 3412 5288 (p.
3462 5214 3574 5270 516)

2023 5322 2248 5392 Ὅμοιον
2290 5318 2399 5388 γάρ
2449 5317 2564 5369 ἐστι
2618 5314 2697 5384 τῷ
2736 5313 2885 5383 παρά
2932 5311 3024 5365 τοῦ
3057 5310 3260 5382 Κυρίου
3303 5315 3435 5379 πρὸς
3465 5307 3571 5365 τοὺς

2026 5411 2271 5484 μαθητὰς
2298 5408 2591 5481 εἰρημένῳ,
2621 5425 2638 5457 t
2667 5407 2757 5476 Μὴ
2785 5404 2878 5459 καὶ
2901 5405 3056 5473 ὑμεῖς
3082 5402 3263 5456 θέλετε
3294 5399 3565 5469 ὑπάγειν;›

2022 5506 2158 5575 ὅπερ
2186 5502 2286 5556 οὐκ
2318 5497 2644 5571 ἀποτρέπων
2673 5494 2871 5558 αὐτοὺς
2894 5494 3131 5548 συνεῖναι
3164 5490 3332 5559 λέγει,
3356 5489 3481 5543 ἁὶᾶα
3514 5486 3570 5555 τῇ
