3830 6216
247 241 352 295 577
1172 245 1723 304 COMMENTARIUS
1773 248 1843 302 IN
1882 249 2252 309 ZACHARMS
2293 255 2445 311 CAP.
2495 257 2585 311 XI.
3393 259 3499 313 ωδ

236 362 402 431 ’φωνῇ
462 358 837 433 βεϐαιοτέρους
882 362 1113 428 δεικνύς.
1164 366 1268 419 Τὸν
1316 367 1476 420 αὐτὸν
1520 367 1583 438 δὴ
1630 369 1802 441 τρόπο

1935 371 2128 427 Subdit
2157 390 2287 443 ergo
2312 416 2325 430 .
2373 397 2391 428 ι
2414 375 2478 429 Ει
2504 382 2811 429 statuerunt
2846 374 3145 429 mercedem
3182 390 3355 431 meam
3400 381 3501 430 tri-

246 453 531 507 κάνταῦθα
560 453 733 521 λέγει,
765 456 846 510 ὅτι
870 456 1099 528 Θαρῤῶν
1133 459 1313 523 αὐτοῖς
1353 461 1617 531 προτείνω
1643 461 1801 515 τοῦτο

1932 464 2081 533 ginta
2113 477 2420 533 argenteos.
2446 486 2463 518 ι
2497 466 2574 519 Ne
2598 466 2700 520 hoc
2730 467 2947 535 quidem
2976 467 3095 521 l0co
3113 467 3243 521 dicit
3273 468 3498 536 triginta

244 543 405 606 είδὼς
432 544 515 597 ὅτι
541 544 778 610 δέξονται
815 547 876 599 τὸ
918 548 985 601 δι’
1028 550 1128 620 ἐμὲ
1158 550 1385 622 πάσχειν
1416 553 1621 618 κακῶς,
1675 554 1707 623 ἦ
1764 557 1802 607 ἐπ

1930 556 2085 624 quasi
2119 572 2427 620 numerum.
2470 556 2563 610 sed
2594 566 2652 609 ut
2681 556 2862 611 dicat:
2898 556 3119 610 Multam
3163 559 3293 612 mihi
3330 559 3498 613 bene-

244 632 543 685 ἀπολαύσει
572 633 680 686 τῶν
703 637 1024 705 κρειττόνων
1053 636 1196 693 εἶναι
1238 642 1337 713 τῆς
1366 644 1686 707 ἐπιστασίας
1718 644 1802 709 έξιι

1933 647 2219 699 volentiam
2248 648 2632 717 rependernnt,
2658 664 2925 716 suumque
2947 658 3261 705 constanter
3295 652 3495 707 bonum

242 724 603 793 τυγχάνοντες
628 727 727 794 τῆς
758 727 916 798 ἐμῆς.
954 727 1182 798 Ἑπάγει
1213 733 1392 786 τοίνυν
1417 752 1430 767 ο
1464 753 1483 785 ι
1518 737 1627 788 Καὶ
1660 736 1802 805 ἔστη·

1931 737 2096 790 animi
2127 738 2376 791 aﬁectuttt
2408 738 2941 793 demonstraverunt.

244 832 346 868 σαν
374 817 468 871 τὸν
503 819 691 887 μισθόν
724 837 823 890 μου
854 823 1146 892 τριάκοντα
1174 828 1460 898 ἀργυρίου.
1498 848 1516 881 ι
1549 831 1663 882 Οὐκ
1689 829 1919 900 ἀριθμὸν
1963 812 2081 882 οὐδέ
2122 830 2353 883 ἐνταῦθα
2396 830 2569 898 λέγων
2617 830 2687 883 τὰ
2730 832 3039 901 τριάκοντα..
3085 831 3202 884 ἀλλ’
3243 830 3327 884 ἵνα
3367 832 3499 901 εἴπῃ

240 908 345 972 δτι,
380 910 585 982 Πολλὴν
635 929 722 981 μοι
768 915 868 984 τὴν
915 914 1126 971 εὔνοιαν
1166 918 1451 975 ἀπέδωκαν
1495 922 1590 992 τὴν
1631 923 1858 987 οἰκείαν,
1914 923 2004 975 καὶ
2057 920 2330 991 διέμειναν
2370 924 2468 993 τὴν
2520 923 2935 992 εὐγνωμοσύνην
2969 920 3362 984 ἐπιδεικνύντες
3403 920 3495 992 τὴν

243 1001 475 1058 ἑαυτῶν.

309 1098 459 1166 Στίχ.
484 1103 664 1165 ιγ’-ιε’.
684 1131 752 1139 -
770 1119 788 1150 ι
826 1100 935 1153 Καὶ
962 1098 1081 1153 είπε
1106 1101 1308 1172 Κύριος
1336 1104 1470 1174 πρός
1508 1122 1606 1174 με’
1637 1104 1817 1167 Κάθες

238 1186 434 1252 αὐτοὺς
478 1191 557 1253 είς
597 1191 659 1243 τὸ
704 1194 1083 1261 χωνευτήριον,
1143 1195 1238 1247 καὶ
1268 1194 1458 1263 σκέψαι
1511 1197 1558 1247 εί
1597 1195 1816 1265 δόκιμόν

237 1278 409 1343 ἐστιν,
448 1279 508 1333 δν
549 1283 747 1353 τρόπον
780 1283 1141 1354 ἐδοκιμάσθην
1165 1284 1305 1355 ὑπὲρ
1335 1286 1544 1338 αὐτῶν*
1576 1287 1670 1339 καὶ
1698 1287 1815 1339 έλα-

238 1368 334 1422 ϐον
379 1371 672 1441 τριάκοντα
718 1375 1034 1446 ἀργυρίους,
1079 1376 1173 1429 καὶ
1209 1377 1460 1431 ἐνέϐαλον
1500 1379 1693 1442 αὐτοὺς
1736 1380 1816 1442 είς

238 1458 330 1512 τὸν
364 1457 511 1515 οἷκον
542 1464 745 1533 Κυρίου
774 1467 853 1529 είς
884 1466 945 1519 τὸ
978 1468 1359 1540 χωνευτήριον.
1403 1490 1422 1521 ι
1460 1470 1716 1524 Βούλεται
1758 1470 1814 1522 δέ

239 1554 444 1617 εἰπεῖν,
473 1550 552 1606 ὅτι
594 1555 804 1625 Ὥσπερ
854 1560 1055 1629 χωνείᾳ
1091 1559 1198 1613 τινὶ
1242 1559 1318 1631 τῷ
1373 1561 1665 1632 πειρασμῷ
1711 1563 1819 1615 τῶν

240 1642 429 1695 κακῶν
455 1644 827 1717 περιϐέϐληκα
848 1648 1025 1700 αὐτῶν
1053 1650 1150 1719 τὴν
1191 1652 1320 1720 περὶ
1347 1652 1445 1722 ἐμὲ
1478 1652 1815 1723 προαίρεσιν,

238 1732 382 1787 ὥστε
433 1752 499 1806 με
559 1736 685 1789 ίδείν
736 1739 784 1790 εί
827 1737 998 1802 οὕτως
1028 1740 1132 1792 εἰσὶ
1174 1740 1621 1812 δεδοκιμασμένοι
1684 1744 1815 1814 περὶ

238 1826 361 1895 ἐμὲ,
392 1827 577 1898 ῶσπερ
610 1827 720 1896 ἐγὼ
766 1831 891 1901 περὶ
922 1831 1121 1895 αὐτῶν,
1158 1832 1454 1895 τουτέστιν,
1480 1835 1529 1885 εἰ
1558 1833 1697 1887 οὕτω
1724 1835 1813 1904 βε·-

239 1918 401 1973 ϐαίαν
428 1921 608 1990 ἔχουσι
637 1922 763 1993 περὶ
794 1925 890 1994 ἐμὲ
910 1925 1008 1993 τὴν
1025 1924 1259 1988 εὔνοιαν,
1277 1926 1349 1988 ὡς
1379 1924 1489 1993 ἐγὼ
1508 1926 1572 1995 δὴ
1593 1925 1815 1995 βεϐαίαν

236 2011 420 2075 αὐτοῖς
449 2012 547 2083 τὴν
567 2014 884 2069 ἐπιστασίαν
902 2017 1124 2088 παρέχω
1152 2017 1250 2088 τὴν
1276 2018 1433 2089 ἐμήν.
1474 2018 1814 2089 Ἐμϐέϐληκα

235 2104 417 2158 τοίνυν
442 2105 641 2169 αὐτοὺς
691 2109 771 2169 είς
797 2107 887 2161 τὸν
923 2104 1070 2161 οἷκον
1108 2110 1314 2181 Κυρίου
1345 2112 1424 2173 εἰς
1455 2110 1515 2164 τὸ
1541 2114 1813 2183 χωνευτή-

239 2211 354 2267 ριον
380 2213 396 2228 ·
431 2197 655 2261 εἰκότως
693 2197 755 2251 τὸ
791 2217 809 2249 ι
852 2201 930 2262 είς
966 2200 1058 2253 τὸν
1107 2196 1252 2253 οἶκον
1292 2221 1311 2251 ι
1349 2203 1537 2267 είπὼν,
1576 2205 1714 2274 ὑπὲρ
1752 2200 1814 2260 οὗ

235 2287 301 2358 δὴ
330 2286 546 2342 ἅπαντα
586 2290 676 2343 τὸν
703 2290 890 2358 ἀγῶνα
932 2291 1287 2363 ὑϐριζομένου
1327 2294 1478 2365 παρά
1503 2295 1611 2348 τῶν
1658 2297 1815 2350 πολε-

239 2378 378 2449 μίων
432 2374 595 2449 εἶχον,
645 2380 733 2433 ἵνα
774 2380 901 2453 εἴπῃ
936 2382 1017 2435 ὅτι
1069 2384 1161 2436 καὶ
1191 2384 1276 2437 διά
1311 2386 1407 2455 τῆς
1445 2386 1673 2457 χωνείας
1704 2388 1812 2442 τῶν

235 2471 422 2525 κακῶν
472 2472 729 2544 ὤφθησαν
778 2474 1005 2546 δόκιμοι.
1044 2477 1118 2546 (ρ.
1156 2478 1282 2548 517)
1315 2474 1444 2532 Εἶτα
1481 2480 1577 2551 τὴν
1599 2482 1707 2535 τῶν
1736 2486 1813 2537 οί-

234 2563 400 2616 κείων
426 2562 637 2618 εὖνοιαν
665 2566 922 2637 είρηκὼς,
971 2569 1259 2622 ἀποδίδωσι
1293 2575 1405 2635 τοῖς
1436 2574 1719 2646 προτέροις
1749 2575 1811 2629 τὸ

232 2653 420 2707 λεῖπον
442 2671 456 2686 ο
490 2657 584 2709 καὶ
614 2657 911 2726 ἐπειδήπερ
946 2653 1109 2710 ἐἴπεν
1152 2660 1208 2711 ἐν
1236 2662 1347 2722 τοῖς
1380 2662 1696 2733 ἀνωτέροις,
1728 2666 1807 2719 ὅτι

238 2762 257 2796 t
300 2744 530 2798 Ἐλαϐον
578 2745 674 2815 τὴν
724 2747 916 2816 ῥάϐδον
959 2766 1058 2817 μου
1096 2748 1192 2819 τὴν
1226 2749 1396 2819 καλὴν
1424 2752 1515 2804 καὶ
1539 2751 1808 2824 ἐπέρῤιψα

233 2837 425 2907 αὐτὴν,
454 2857 475 2888 ι
516 2838 739 2906 ἐπάγει·
769 2858 786 2889 ι
815 2840 921 2892 Καὶ
948 2841 1225 2912 ἀπέρριψα
1244 2842 1341 2913 τὴν
1370 2843 1562 2910 ῥάϐδον
1577 2844 1673 2914 τὴν
1689 2844 1809 2897 δευ-

229 2928 398 2997 τέραν
446 2927 506 2980 τὸ
560 2926 866 2998 σχοίνισμα,
904 2929 997 2981 τοῦ
1038 2930 1384 2985 διασκεδάσαι
1412 2932 1510 3001 τὴν
1546 2932 1807 3002 διαθήκην

1992 1104 2465 1160 V'Eas.i3-15.—t
2491 1100 2737 1169 Dixitque
2755 1100 2884 1154 mihi
2913 1100 3208 1156 Dominus:
3233 1101 3381 1156 Pone
3397 1120 3493 1160 eos

1920 1201 1973 1253 in
2004 1198 2342 1260 conﬁatorio,
2379 1206 2431 1250 et
2458 1195 2581 1249 vide
2612 1210 2741 1248 num
2780 1194 3067 1263 probatum
3103 1198 3192 1255 sit,
3224 1195 3366 1249 sicut
3392 1212 3491 1265 ego

1918 1290 2180 1360 probatus
2202 1305 2319 1343 sum
2343 1301 2469 1356 erga
2491 1301 2603 1340 eos.
2634 1286 2694 1337 Et
2718 1287 2901 1353 accepi
2934 1284 3157 1353 triginta
3181 1295 3489 1357 argenteos,

1916 1391 1969 1435 et
2008 1381 2169 1450 injeci
2203 1395 2297 1434 eos
2332 1379 2385 1432 in
2434 1379 2653 1431 dotnum
2692 1376 2901 1429 Domini
2938 1377 2993 1429 in
3043 1376 3440 1433 conﬁatorium.
3466 1397 3485 1431 ι

1916 1472 2109 1526 Dicere
2137 1473 2276 1525 vult:
2317 1471 2424 1539 Ego
2456 1486 2552 1524 ceu
2590 1466 2887 1521 conﬁatura
2920 1468 3155 1537 quadam
3188 1471 3493 1525 tentatione

1920 1565 2186 1618 malorum
2222 1562 2495 1631 exploravi
2535 1562 2747 1613 illorum
2784 1576 2909 1629 erga
2937 1575 3019 1613 me
3041 1559 3396 1628 propositum,
3432 1570 3491 1615 ut

1918 1672 2306 1727 cognoscerem
2363 1672 2428 1706 an
2467 1658 2536 1705 ita
2572 1656 2682 1707 sint
2721 1668 2847 1721 erga
2885 1670 2968 1706 nte
3016 1652 3259 1721 probati,
3298 1669 3490 1721 quem-

1921 1748 2213 1802 admodum
2263 1763 2360 1816 ego
2389 1746 2533 1808 illis;
2567 1745 2615 1796 id
2644 1753 2744 1809 est,
2789 1760 2913 1796 num
2945 1744 3081 1796 adeo
3119 1743 3325 1796 ﬁrmant
3361 1745 3486 1796 mihi

1918 1850 2137 1896 servent
2168 1840 2622 1901 benevolentiam,
2660 1848 2717 1889 ut
2746 1852 2845 1905 ego
2881 1836 2947 1887 iis
2982 1844 3241 1889 constans
3277 1836 3489 1904 praebeo

1915 1932 2278 2000 patrocinium
2330 1945 2532 1983 meum.
2569 1928 2787 1995 Conjeci
2840 1940 2970 1993 ergo
3022 1941 3121 1980 eos
3168 1928 3221 1979 in
3265 1928 3486 1980 dounnn

1916 2016 2127 2073 Domini
2161 2020 2215 2073 in
2245 2017 2645 2072 conﬁatorium.
2678 2017 2868 2069 Merito
2895 2016 3030 2069 dixit
3050 2013 3130 2066 «in
3152 2014 3371 2069 domum
3394 2020 3488 2070 Do-

1914 2111 2209 2179 mini,tpro
2232 2125 2338 2179 qua
2381 2111 2448 2161 ah
2490 2109 2736 2163 hostibus
2772 2108 2971 2161 violata
3011 2119 3287 2161 certamen
3326 2124 3486 2163 omne

1914 2210 2290 2270 susceperant.
2327 2201 2416 2254 Ait
2444 2200 2701 2253 nimirum
2734 2200 2857 2252 illos
2891 2199 2944 2251 in
2972 2197 3295 2253 conﬁatorio
3320 2201 3484 2253 malo.

1914 2310 2032 2348 rum
2063 2292 2227 2363 348
2252 2294 2398 2347 visos
2426 2309 2549 2347 esse
2582 2292 2864 2361 probatos.
2886 2289 3003 2344 Jam
3031 2298 3316 2360 postquam
3352 2305 3483 2345 suo-

1912 2401 2031 2440 rum
2078 2384 2510 2438 benevolentiam
2556 2383 3028 2444 commemoravit,
3073 2382 3280 2450 reliqua
3319 2381 3481 2436 verba

1911 2476 1978 2529 ad
2014 2476 2243 2545 priores,
2279 2475 2331 2529 id
2360 2484 2443 2529 est
2472 2474 2538 2526 ad
2572 2482 2883 2535 extraneos,
2923 2471 3110 2525 refert.
3149 2471 3212 2526 Et
3243 2472 3368 2541 quia
3404 2488 3482 2525 re.

1909 2575 1993 2622 tro
2012 2567 2247 2620 dixerat:
2276 2565 2525 2633 iSumpis
2538 2566 2737 2633 virgam
2761 2579 2934 2620 meam
2953 2564 3252 2634 pulchram,
3280 2575 3333 2620 et
3359 2580 3480 2620 eam

1908 2657 2133 2726 projcci.
2178 2657 2487 2713 ιιιᾱόὶιειιῐι
2522 2655 2726 2725 projeci
2758 2656 2963 2725 virgam
3003 2673 3174 2711 meam
3211 2659 3477 2726 alteram;

1909 2748 2234 2807 funiculum,
2272 2757 2329 2799 ut
2357 2748 2727 2816 dispergerem
2764 2744 2944 2801 fcedus
2980 2761 3159 2800 meum
3186 2761 3308 2799 cum
3340 2745 3479 2801 Juda

1907 2849 1961 2895 et
1993 2855 2117 2893 cum
2152 2837 2365 2893 Israele.
2396 2858 2413 2890 ι
2454 2837 2506 2893 Id
2540 2847 2645 2901 est,
2670 2839 2912 2908 Regnum
2946 2845 2998 2890 et
3034 2837 3199 2905 hujus
3238 2840 3378 2892 bona
3410 2840 3483 2894 iis

1907 2932 2082 2999 eripui
2122 2937 2344 2998 propter
2385 2944 2594 2983 morum
2644 2928 3065 2997 improbitatem.
3112 2927 3480 2982 Pulehritudi-

228 3019 331 3088 τὴν
352 3018 457 3071 ἀνὰ
489 3019 650 3089 μέσον
698 3019 868 3073 ’ἰούδα
906 3022 999 3074 καὶ
1040 3023 1140 3075 ἀνά
1171 3024 1332 3093 μέσον
1371 3026 1604 3097 Ἰσραήλ.
1635 3046 1653 3079 ι
1693 3028 1802 3079 Ἵνα

1911 3037 2034 3076 nem
2084 3021 2227 3074 enim
2282 3020 2575 3089 appellavit
2623 3019 3010 3079 sacerdotium,
3057 3019 3201 3087 quod
3252 3020 3484 3074 decoros

229 3110 380 3183 εῐπῃ,
409 3112 489 3164 ὅτι
514 3111 623 3163 Καὶ
643 3110 741 3181 τὴν
767 3111 1040 3181 βασιλείαν
1078 3116 1171 3167 καὶ
1198 3115 1264 3168 τά
1300 3117 1363 3169 ἐκ
1394 3117 1598 3189 ταύτης
1628 3118 1802 3188 ἀγαθά

1912 3112 2279 3181 probatosque
2332 3110 2457 3163 facit
2511 3108 2618 3163 Deo
2664 3109 2945 3161 homines:
2998 3105 3297 3159 funiculum
3351 3124 3484 3161 vero

229 3199 497 3269 περιεῖλον
522 3202 697 3253 αὐτῶν
722 3203 808 3256 διά
841 3204 937 3272 τὴν
975 3206 1274 3276 μοχθηρίαν
1299 3209 1393 3262 τοῦ
1410 3209 1609 3278 τρόπου
1627 3227 1641 3241 ·
1678 3210 1806 3263 κάλ-

226 3286 319 3352 λος
354 3289 453 3358 μὲν
490 3290 598 3361 γὰρ
651 3292 880 3363 κέκληκε
922 3295 1018 3365 τὴν
1048 3295 1363 3366 ἱερωσύνην,
1399 3299 1473 3362 ὡς
1512 3300 1806 3367 εὐπρεπεῖς

227 3381 323 3432 καὶ
345 3381 599 3451 δοκίμους
638 3384 1011 3455 ἐργαζομένην
1060 3388 1212 3458 Θεῷ·
1259 3391 1542 3461 σχοίνισμα
1594 3392 1671 3457 δέ,
1703 3393 1800 3465 τὴν

227 3469 523 3540 βασιλείαν,
591 3474 665 3537 ὡς
710 3474 1104 3547 διαμετροῦσαν
1153 3481 1248 3533 καὶ
1292 3481 1633 3555 διορίζουσαν
1687 3488 1800 3547 τοῖς

226 3562 568 3635 δπηκόοιςτδ
598 3566 825 3639 πρέπον.
862 3562 994 3624 Οἷόν
1016 3570 1133 3625 ἐστι
1159 3571 1219 3625 τὸ
1247 3570 1422 3641 λέγον,
1465 3594 1483 3625 ι
1517 3576 1607 3628 Σοι
1640 3575 1796 3627 δώσω

1910 3216 2156 3271 regnum,
2177 3198 2320 3268 quod
2352 3198 2632 3252 dimetitur
2665 3198 2957 3266 deﬁnitque
2988 3197 3225 3252 subditis
3257 3212 3479 3265 aequum

1904 3292 2017 3360 jus.
2050 3290 2230 3345 Veluti
2264 3299 2348 3344 est
2384 3288 2549 3343 illud:
2589 3308 2607 3339 ι
2649 3286 2770 3342 Τιὺί
2805 3290 2945 3341 dabo
2982 3297 3182 3341 terram
3217 3287 3474 3342 Chanaan

1910 3384 2207 3439 funiculum
2236 3383 2568 3436 haereditatis
2611 3382 3045 3448 vestrae";»pro,
3071 3378 3292 3435 Terram
3337 3383 3483 3435 Cha-

1903 3492 2067 3539 naan,
2102 3475 2255 3528 vobis
2278 3473 2616 3527 distribuens
2643 3482 2805 3540 atque
2848 3472 2943 3525 abs
2984 3471 3223 3539 qualibet
3256 3473 3477 3542 regione

1900 3569 2307 3630 disterminans,
2338 3566 2492 3620 vobis
2524 3564 2905 3634 possidendam
2940 3564 3084 3620 dedi.

223 3662 321 3731 τὴν
343 3661 444 3731 γῆν
466 3661 685 3714 Χαναὰν
719 3665 1003 3735 σχοίνισμα
1033 3666 1394 3739 κληρονομίας
1425 3670 1602 3740 ὑμῶν,
1629 3690 1647 3721 ›
1678 3668 1800 3722 ἀντὶ
1826 3662 1919 3717 τοῦ
1944 3702 1959 3727 ,
2003 3660 2113 3732 Τὴν
2163 3661 2264 3732 γῆν
2310 3660 2529 3714 Χαναὰν
2571 3659 2699 3730 ὑμῖν
2743 3659 2928 3713 διελών
2962 3676 3022 3712 τε
3067 3660 3164 3714 καὶ
3207 3660 3477 3733 ἀφορίσας

223 3752 321 3821 τῆς
344 3752 447 3821 γῆς
478 3754 716 3823 ἀπάσης,
739 3755 943 3809 δέδωκα
965 3760 1043 3821 είς
1072 3760 1432 3832 κληρονομίαν
1448 3808 1463 3823 ,

295 3844 443 3913 Στίχ.
482 3852 562 3908 ιε’,
600 3852 695 3909 ις’.
714 3878 781 3886 —
802 3844 934 3900 Εἶτα
961 3851 1055 3902 καὶ
1080 3850 1293 3914 δεικνὺς
1320 3853 1401 3905 ὃτι
1428 3853 1519 3905 ἐπὶ
1550 3853 1800 3904 πλεῖστον

225 3937 283 3988 ἐν
308 3935 516 3999 τούτοις
568 3940 971 4008 στραφήσονται
999 3943 1113 4003 τοῖς
1140 3946 1348 4007 κακοῖς,
1383 3944 1598 4011 ἐπάγει·
1629 3963 1647 3993 ι
1691 3943 1799 3995 Καὶ

225 4023 344 4079 εἷπε
374 4028 576 4099 Κύριος
608 4033 747 4101 πρός
785 4049 884 4093 με·
922 4034 1043 4086 Ἔτι
1067 4034 1198 4088 λάϐε
1233 4035 1440 4106 σεαυτῷ
1475 4034 1642 4105 σκεύη
1676 4052 1796 4087 ποι-

227 4118 421 4186 μενικὰ
448 4119 703 4188 ποιμένος
763 4121 1020 4193 ἀπείρουο
1066 4124 1199 4177 διότι
1244 4123 1349 4176 ίδοὺ
1407 4122 1518 4187 ἐγὼ
1560 4123 1796 4194 ἐξεγερῶ

224 4206 712 4281 ποιμέναᾶπειρον
738 4214 830 4264 ἐπὶ
887 4214 984 4285 τὴν
1008 4214 1112 4285 γῆν
1132 4232 1145 4245 ·
1181 4216 1241 4268 τὸ
1281 4216 1526 4269 ἐκλεῖπον
1546 4217 1646 4269 οὐκ
1675 4218 1794 4269 ἐπι-

1975 3840 2141 3893 Vens.
2175 3834 2639 3900 15,16.—Postea
2673 3842 2732 3888 ut
2761 3835 3013 3889 ostendat
3042 3835 3134 3889 diu
3156 3836 3279 3893 illos
3300 3838 3354 3893 in
3384 3839 3473 3894 his

1904 3932 2019 3986 fore
2044 3929 2221 3990 malis,
2259 3926 2437 3981 addit:
2464 3946 2481 3977 ι
2510 3925 2759 3995 Dixitque
2791 3925 2920 3978 mihi
2951 3924 3246 3982 Dominus:
3277 3928 3471 3983 Adhuc

1902 4038 2058 4079 sume
2091 4021 2185 4074 tibi
2214 4033 2342 4072 vasa
2388 4018 2680 4087 pastoralia
2731 4019 2970 4088 pastoris
3018 4019 3279 4090 imperiti.
3329 4021 3467 4088 Quia

1901 4129 2028 4169 ecce
2053 4128 2152 4183 ego
2182 4111 2459 4166 suscitabo
2502 4120 2776 4181 pastorem
2811 4110 3118 4179 imperitum
3150 4129 3316 4183 super
3352 4123 3462 4168 ter-

1899 4222 2045 4261 ram:
2079 4203 2223 4275 quod
2256 4202 2436 4259 deﬁcit
2471 4217 2579 4255 non
2614 4202 2873 4261 visitabit.
2904 4212 2959 4256 et
3000 4203 3307 4274 dispersum
3357 4223 3465 4261 non

222 4299 503 4367 σκέψεται,
547 4305 643 4355 καὶ
671 4304 731 4355 τὸ
785 4307 1209 4376 ἐσκορπισμένον
1234 4309 1293 4361 οὐ
1328 4308 1403 4377 μὴ
1437 4307 1667 4380 ζητήσῃ,
1700 4308 1792 4361 καὶ

1908 4299 2155 4370 requiret,
2178 4306 2230 4352 et
2254 4296 2589 4351 confractum
2613 4310 2717 4347 non
2740 4296 2981 4349 sanabit:
3010 4313 3226 4353 carnem
3259 4300 3451 4355 electo-

219 4388 283 4440 τὸ
316 4392 771 4461 συντετριμμένον
820 4394 880 4446 οὐ
927 4396 1000 4466 μὴ
1039 4398 1336 4469 κατευθύνῃ
1358 4414 1371 4427 ·
1422 4398 1490 4452 τὰ
1521 4400 1656 4469 κρέα
1686 4397 1791 4450 τῶν

222 4477 491 4531 ἐκλεκτῶν
513 4481 908 4550 καταφάγεται.
935 4485 1028 4538 καὶ
1056 4487 1180 4549 τοὺς
1208 4488 1585 4559 ἀστραγάλους
1614 4488 1792 4541 αὐτῶν

220 4566 529 4637 ἐκστρέφει.
570 4587 590 4619 ι
629 4569 889 4624 Ἐνταῦθα
920 4574 1080 4626 πάλιν
1109 4576 1165 4627 ἐν
1200 4575 1544 4645 προστατικῷ
1558 4577 1792 4644 σχήματι

218 4655 283 4709 τὸ
333 4658 586 4728 ἐσόμενον
644 4658 811 4728 λέγει.
856 4663 1131 4734 Ἐπιμένει
1188 4666 1316 4737 γὰρ,
1376 4666 1559 4735 φησὶν,
1604 4666 1792 4735 ήπερὶ

217 4745 313 4799 τὸν
336 4747 461 4801 λαὸν
492 4751 557 4802 ἐκ
586 4750 693 4803 τῶν
724 4752 908 4816 κακῶς
929 4756 1319 4823 ποιμαινόντων
1346 4758 1705 4828 ταλαιπωρία,
1741 4755 1790 4808 οἶ

222 4836 689 4907 μεταχειριοῦνται
750 4840 847 4911 τὴν
873 4842 1168 4913 ἱερωσύνην
1212 4846 1426 4908 κακῶς*
1473 4845 1641 4916 σκεύη
1682 4845 1790 4916 γὰρ

221 4929 533 4999 τεοιμενικά,
563 4930 831 5001 ἀνήκοντα
856 4937 921 5005 τῇ
942 4934 1176 5006 προϐολῇ
1208 4938 1305 5005 τῆς
1339 4938 1634 5009 ἱερωσύνης
1653 4938 1791 5009 ἔργα

216 5020 386 5089 δηλοῖ,
440 5021 506 5074 δι’
556 5016 629 5077 ὧν
666 5023 869 5095 ταύτην
901 5025 1020 5091 ἐθος
1049 5027 1379 5081 ἐκτελεῖσθαι
1419 5030 1517 5099 τὴν
1548 5030 1789 5100 λειτουρ-

219 5111 365 5179 γίαν.
414 5114 1015 5185 Ἐπιλήψονταυτοίνυν,
1050 5122 1124 5188 (p.
1156 5119 1280 5190 518)
1309 5122 1462 5192 φησὶ,
1496 5121 1596 5191 τῆς
1630 5123 1788 5193 t59“”

228 5203 387 5275 τύνης
441 5206 630 5277 ἄνδρες
673 5208 924 5280 οὐδεμίαν
984 5210 1075 5264 τοῦ
1138 5213 1460 5282 πράγματος
1497 5214 1785 5286 ἐμπειρίαν

217 5293 453 5363 ἔχοντες.
517 5297 638 5351 οὐδέ
676 5316 729 5351 τι
774 5301 1031 5370 πράττειν
1077 5302 1184 5355 τῶν
1224 5303 1452 5356 δεόντων
1485 5305 1702 5369 ειδότες,
1734 5304 1784 5358 οἳ

216 5380 341 5438 οὔτε
364 5383 427 5435 τὸ
455 5385 754 5457 ἠσθενηκὸς
800 5389 1239 5453 ἐπισκέπτονται,
1267 5390 1390 5444 οὔτε
1417 5391 1525 5445 τῶν
1554 5394 1784 5462 ἀφιστα-

215 5473 395 5545 μένων
418 5472 641 5549 ζήτησιν
666 5477 958 5546 ποιοῦνται,
988 5478 1281 5551 θεραπείαν
1306 5498 1366 5534 τε
1403 5483 1513 5536 τοῖς
1536 5498 1785 5536 κεκακω-

290 5649 337 5684 "
370 5649 514 5707 Psai.
548 5668 659 5720 cu,
703 5654 788 5709 Il.

1896 4408 2014 4445 rum
2062 4388 2304 4445 vorabit,
2338 4394 2391 4441 et
2439 4387 2580 4440 talos
2615 4386 2829 4439 illorum
2866 4388 3162 4443 subvertet.
3189 4410 3206 4440 ι
3250 4389 3466 4447 Rursus

1899 4482 1983 4536 hic
2012 4479 2329 4549 imperativa
2359 4478 2525 4547 ﬁgura
2556 4491 2668 4530 rem
2700 4475 2937 4530 futuram
2956 4478 3461 4551 dicit.Perseverat,

1898 4573 2096 4643 inquit,
2136 4571 2353 4625 miseria
2390 4568 2594 4638 populi,
2623 4570 2887 4621 malorum
2935 4580 3213 4638 pastorum
3265 4588 3459 4637 causa,

1892 4665 1987 4734 qui
2019 4663 2175 4716 malis
2207 4660 2419 4714 artibus
2451 4660 2816 4713 sacerdotium
2850 4660 3131 4728 arripicut.
3169 4662 3299 4716 Nam
3330 4680 3458 4719 vasa

1895 4755 2221 4826 pastoralia,
2265 4751 2646 4806 convenientia
2694 4752 3023 4806 sacerdotali
3075 4752 3250 4807 olﬁcio
3296 4770 3459 4825 opera

1893 4846 2178 4907 denotant,
2215 4843 2413 4913 quibus
2434 4842 2573 4895 solet
2611 4842 2827 4910 liturgia
2859 4843 3067 4912 peragi.
3104 4843 3460 4914 Occupahunt

1891 4938 2096 5007 itaque,
2130 4936 2226 4999 ait,
2278 4933 2646 4989 sacerdotium
2687 4932 2790 4985 viri
2841 4934 3044 4988 nullam
3092 4936 3167 4989 rei
3211 4938 3456 5005 peritiam

1893 5030 2175 5091 habentes,
2207 5028 2409 5083 bonum
2432 5024 2710 5095 quodlibet
2742 5023 2917 5080 facere
2938 5028 3139 5093 nescii;
3167 5029 3257 5096 qui
3286 5044 3461 5099 neque.

1895 5118 2170 5172 inﬁrmum
2205 5115 2523 5181 visitabunt,
2544 5129 2719 5184 neque
2752 5113 3005 5170 absentes
3036 5119 3336 5187 requirent,
3364 5134 3459 5173 ne-

1892 5225 1999 5279 que
2031 5208 2296 5263 medelam
2324 5209 2483 5277 azgris
2513 5208 2679 5262 ullam
2706 5205 2965 5261 afferent:
2987 5209 3081 5263 sed
3108 5225 3283 5279 neque
3310 5213 3459 5264 inco—

1891 5301 2119 5355 lumium
2152 5314 2284 5354 cura
2319 5300 2428 5355 illis
2474 5300 2598 5361 erit,
2635 5308 2694 5353 ut
2740 5300 2792 5354 in
2829 5314 2928 5355 sua
2960 5301 3193 5355 sanitate
3231 5315 3458 5357 conscr-

1885 5403 2097 5447 ventur.
2130 5392 2333 5447 Contra
2360 5408 2491 5447 vero
2520 5392 2736 5445 illorum
2783 5392 2877 5461 qui
2920 5392 3197 5446 meliorem
3244 5390 3454 5463 frugem

1883 5491 2195 5551 sectantur,
2242 5498 2437 5540 carnes
2469 5485 2646 5555 ipsas,
2695 5483 2741 5540 si
2788 5484 2901 5540 ﬁeri
2946 5490 3156 5553 potest,
3207 5484 3451 5554 talosque
