3830 6216
429 247 495 299 70
1563 253 1916 313 THEODORl
1953 256 2185 316 MOPSU
2195 260 2319 317 EST
2329 261 2439 317 ΕΝΙ

3531 285 3638 341 530

389 364 702 428 comedunt,
731 365 1135 434 quomodolibet
1162 381 1258 422 eos
1290 375 1582 425 vexantes:
1607 379 1664 425 et
1694 371 1854 426 modo
1880 372 1937 442 ip

2067 374 2248 444 μένοις
2275 378 2570 446 ἐπάγωσιν
2599 380 2853 452 οὐδεμίαν
2880 403 2892 414 ·
2924 386 3039 440 ἀλλ’
3066 387 3184 443 οὐδὲ
3205 388 3315 444 τῶν
3349 391 3516 460 ὑγιῶν
3544 397 3636 451 16-

385 460 485 521 εἰς,
523 458 682 513 modo
716 458 1031 514 earumdem
1069 460 1230 516 bonis
1281 469 1574 526 nocentes;
1621 463 1750 532 quia
1803 465 1937 518 mala

2057 480 2154 532 γος
2177 465 2360 529 αὐτοῖς
2380 508 2395 530 ,
2438 469 2587 532 ὅπως
2624 469 2693 524 ἂν
2736 473 2830 526 ἐπὶ
2873 475 2970 544 τῆς
2999 477 3204 542 οίκείας
3231 458 3442 549 μένοιεν
3472 485 3635 554 εὑρω-

387 552 512 604 vitae
543 550 794 604 homines
821 550 988 622 349
1016 553 1196 606 hostili
1221 553 1404 607 animo
1430 562 1560 607 sunt
1579 569 1708 623 erga
1735 556 1956 610 virtutis

386 651 676 698 amatores.
712 642 922 708 Quibus
971 643 1122 712 gravi
1170 659 1294 698 cum
1342 645 1628 699 stomacho
1673 645 1953 709 inclamat,

387 730 479 786 Dei
498 731 783 801 plurimam
807 732 879 785 ob
907 747 995 787 res
1018 740 1169 787 actas
1185 733 1613 804 indignationem
1631 735 1952 792 declarans:

389 819 566 890 «Oqui
587 821 812 890 pascitis
836 837 998 884 vana,
1020 824 1112 892 qui
1141 821 1519 892 derelinquitis
1539 825 1700 880 oves!
1729 824 1954 881 Gladius

381 927 544 980 super
569 912 852 966 brachium
875 913 1016 980 ejus,
1040 923 1095 967 et
1117 928 1280 984 super
1300 915 1520 969 oculum
1541 915 1662 984 ejus
1679 915 1951 971 dextrum.

381 1003 672 1057 Brachium
701 1003 823 1072 ejus
862 1003 1115 1058 dextrum
1147 1021 1405 1061 arescens
1440 1007 1647 1067 areliet,
1678 1014 1732 1062 et
1761 1008 1952 1062 oculus

377 1093 497 1161 ejus
529 1093 720 1148 dexter
747 1105 1054 1149 excaecatus
1084 1095 1466 1150 exca‘cabitur.
1493 1115 1511 1146 ι
1537 1097 1606 1149 At
1635 1099 1779 1151 enim
1809 1097 1951 1151 haud

377 1183 643 1253 impunita
664 1183 798 1244 haec,
821 1184 1020 1254 inquit,
1040 1186 1194 1240 vobis
1221 1195 1402 1252 erunt,
1427 1185 1519 1255 qui
1553 1187 1810 1256 pastorali
1840 1186 1951 1240 olli-

311 1321 313 1324 .
375 1272 463 1327 cio
487 1273 553 1327 ad
589 1273 887 1342 nequitiam
922 1276 1161 1340 utimini,
1189 1284 1243 1330 et
1275 1275 1365 1329 Dei
1399 1277 1655 1346 populum
1684 1276 1950 1330 occisioni

375 1362 723 1417 contraditis.
762 1361 1005 1432 Namque
1042 1364 1096 1417 in
1146 1364 1386 1419 brachiis
1431 1366 1715 1434 oculisque
1759 1380 1951 1434 pmuas

377 1448 560 1512 luetis,
599 1450 708 1504 illis
739 1451 956 1520 quidem
987 1467 1215 1520 prorsus
1249 1454 1544 1514 euervatis,
1578 1454 1662 1507 his
1692 1470 1820 1507 vero
1852 1470 1949 1508 ex-

373 1541 610 1595 calceatis.
661 1541 850 1596 Dicere
887 1559 1050 1613 ρωῚό
1095 1545 1205 1597 vult
1254 1547 1399 1598 vires
1436 1545 1649 1598 illorum
1685 1560 1874 1599 omnes
1919 1561 1948 1598 a

372 1631 557 1686 divina
606 1634 884 1702 punitione
927 1633 1163 1690 deletum
1207 1635 1312 1698 iri,
1372 1651 1582 1690 necnon
1627 1637 1948 1706 inspiciendi

371 1732 599 1779 caeteros
636 1724 975 1780 facultalem.
1009 1727 1101 1781 llis
1132 1728 1415 1798 subjungit
1443 1747 1456 1783 :

2060 554 2242 618 στίας·
2301 556 2609 612 τούναντίον
2669 560 2768 631 μὲν
2819 559 2914 618 οῦν
2956 567 3068 621 τῶν
3111 569 3249 640 πρὸς
3284 571 3346 624 τὸ
3389 570 3634 644 κρεῖττον

2056 643 2328 714 δρώντων,
2361 650 2573 713 καὶτὰς
2601 651 2809 722 σάρκας
2838 657 2884 708 εἰ
2916 651 3024 710 οἷόν
3050 675 3132 724 τε,
3160 662 3254 714 καὶ
3280 663 3406 726 τοὺς
3432 643 3636 736 άστρα-

2057 734 2256 798 γάλους
2289 738 2650 806 κατεσθίουσι,
2678 746 2840 798 παντὶ
2875 748 3058 818 τρόπῳ
3089 750 3276 814 κακῶς
3300 753 3494 818 αὐτοὺς
3524 756 3636 810 δια-

2054 825 2321 890 τιθέντες·
2354 831 2448 882 καὶ
2477 833 2543 885 τὰ
2580 833 2678 903 μὲν
2704 836 2908 901 αὐτοῖς,
2937 839 3006 893 τὰ
3037 841 3094 894 δέ
3122 845 3235 906 τοῖς
3261 847 3629 914 προσήκουσιν

2055 915 2236 980 αὐτοῖς
2256 917 2656 993 λυμαινόμενοι,
2697 929 2884 1000 ἐπειδὴ
2919 931 3053 1002 πρὸς
3079 934 3140 986 τὸ
3169 936 3349 1004 χεῖρον
3374 939 3627 1006 ῥέποντε,

2054 1007 2203 1060 αὐτοὶ
2259 1011 2530 1082 πολεμίως
2574 1015 2758 1087 ἔχουσι
2809 1021 2943 1091 πρὸς
2972 1025 3096 1087 τοὺς
3137 1025 3230 1076 τοῦ
3260 1026 3467 1091 δέοντος
3499 1031 3602 1098 ἐρα

2055 1099 2213 1161 στᾶς’
2243 1095 2324 1164 οἷς
2349 1104 2528 1169 καλῶς
2547 1108 3187 1186 μετὰάποδυσπετήσεως
3201 1117 3393 1185 ἐπάγει
3409 1119 3625 1190 πολλῆς,

2053 1189 2333 1258 ἐμφαίνων
2391 1194 2485 1266 τὴν
2535 1199 2625 1250 ἐπὶ
2658 1203 2769 1264 τοῖς
2801 1205 3105 1273 γινομένοις
3131 1208 3502 1280 ἀγανάκτησιν
3534 1211 3625 1263 τοῦ

2052 1280 2186 1334 Θεοῦ
2215 1283 2470 1356 πλείστην
2499 1287 2682 1345 οὖσαν.
2715 1313 2733 1344 ‹
2767 1295 2829 1346 Ὢ
2850 1297 2898 1346 οί
2928 1298 3301 1366 ποιμαίνοντες
3317 1300 3384 1353 τὰ
3402 1302 3624 1371 μάταια,

2051 1369 2147 1422 καὶ
2175 1373 2622 1444 καταλελοιπότες
2670 1383 2738 1435 τὰ
2788 1385 3070 1456 πρόϐατα·
3122 1389 3364 1460 μάχαιρα
3412 1391 3505 1444 ἐπὶ
3533 1409 3624 1444 του

2053 1457 2332 1530 βραχίονος
2360 1467 2547 1533 αὑτοῦ,
2589 1475 2682 1526 καὶ
2715 1475 2804 1527 ἐπὶ
2860 1477 2951 1529 τὸν
3008 1479 3285 1550 ὀφθαλμὸν
3331 1483 3495 1536 αὐτοῦ
3534 1484 3626 1537 τὸν

2050 1547 2220 1643 δεξιόν
2240 1568 2252 1582 ’
2286 1557 2313 1606 ὁ
2339 1555 2578 1628 βραχίων
2608 1564 2773 1617 αὑτοῦ
2797 1566 2858 1636 ξη
2871 1547 3620 1643 ραινόμενοςνξηρανθήσεται,

2050 1641 2143 1734 καὶ
2167 1644 2194 1693 6
2231 1645 2502 1719 ὀφθαλμὸς
2535 1655 2696 1708 αὑτοῦ
2734 1660 2761 1711 6
2794 1659 2965 1724 δεξιὸς
3001 1641 3440 1734 ἐκτυφλούμενος
3467 1667 3596 1718 ἐκτυ

1976 1720 2017 1772 Β
2049 1732 2406 1807 φλωθήσεται.
2436 1762 2454 1793 ι
2478 1744 2753 1819 Ἀλλὰγὰρ
2781 1720 2880 1804 οὐκ
2907 1720 3228 1824 ἀτιμώρητα
3257 1720 3427 1808 ταῦτα
3445 1755 3620 1817 ἔσται.

371 1822 556 1890 φησὶν,
587 1821 711 1891 ὑμῖν
743 1824 854 1884 τοῖς
881 1821 971 1874 ἐπὶ
995 1821 1149 1892 κακῷ
1163 1826 1226 1893 τῇ
1259 1825 1524 1896 ποιμασία
1549 1825 1923 1898 κεχρημένοις,
1965 1825 2060 1878 καὶ
2101 1830 2238 1899 πρὸς
2293 1837 2504 1908 σφαγὴν
2557 1840 2878 1896 ἑκδεδωκόσι
2901 1821 3160 1900 τοῠίθέοῦ
3188 1849 3281 1901 τὸν
3323 1847 3481 1903 λαόν-
3539 1851 3624 1914 εις

379 1916 478 1985 γὰρ
509 1917 634 1979 τοὺς
659 1914 948 1985 βραχίονας
977 1916 1072 1968 καὶ
1107 1917 1232 1980 τοὺς
1252 1917 1564 1988 ὀφθαλμοὺς
1590 1919 1789 1972 δώσετε
1835 1917 2010 2014 δίκην,
2047 1920 2154 1973 τῶν
2202 1925 2299 1995 μὲν
2330 1935 2744 2004 μαραινομένων
2782 1939 3074 2004 παντελῶς,
3104 1941 3211 1995 τῶν
3241 1943 3295 1996 δὲ
3331 1944 3595 2014 ἐκτυφλου

370 2008 570 2076 μένων·
637 2006 882 2076 βούλεται
929 2007 986 2059 δὲ
1039 2009 1214 2062 εἰπεῖν
1254 2009 1334 2062 ὅτι
1372 2010 1530 2080 καὶὴ
1568 2011 1720 2080 ίσχὺς
1761 2008 1938 2062 αὐτῶν
1966 2011 2118 2065 πᾶσα
2153 2014 2242 2069 διὰ
2287 2018 2384 2089 τῆς
2405 2025 2672 2097 τιμωρίας
2727 2029 3148 2103 ἀφαιρεθήσεται
3193 2033 3290 2104 τῆς
3322 2006 3489 2099 θείαςξ
3523 2034 3626 2089 καὶ

369 2106 396 2176 ή
428 2103 643 2169 ἐξουσία
674 2101 768 2155 τοῦ
801 2101 976 2156 δοκεῖν
1015 2103 1215 2174 ἐφορᾷν
1258 2104 1481 2176 ἑτέροις.
1515 2105 1729 2171 Τούτοις
1766 2104 1958 2179 ἐπάγεύ
1983 2119 1997 2134 ο

995 2194 1147 2249 CAP.
1183 2195 1300 2250 XII.

432 2285 602 2342 Vsus.
633 2286 751 2342 1-3.
769 2315 840 2326 -
864 2305 884 2337 ι
903 2285 1221 2356 Assumptio
1242 2288 1391 2342 verbi
1439 2288 1650 2344 Domini
1674 2305 1836 2360 super
1855 2290 1936 2344 ls-

367 2378 498 2432 rael.
525 2377 662 2432 Dicit
682 2377 940 2432 Dominus
956 2378 1046 2447 qui
1069 2378 1312 2432 extendit
1338 2381 1557 2444 cmlum,
1581 2380 1941 2435 fundavittcr-

368 2485 507 2533 ram,
525 2469 744 2524 etﬁnxit
762 2468 1016 2537 spiritum
1032 2467 1335 2522 hominisin
1352 2485 1472 2525 eo.»
1505 2468 1559 2523 ld
1579 2479 1682 2531 est,
1699 2467 1820 2525 Haec
1844 2487 1940 2540 per

366 2561 752 2618 revelationem
782 2575 812 2614 a
841 2558 949 2614 Deo
979 2559 1110 2613 mihi
1137 2559 1408 2630 patefacta
1439 2562 1632 2626 recito,
1664 2563 1755 2631 qui
1787 2577 1939 2616 crea-

363 2663 452 2710 tor
474 2668 655 2708 rerum
673 2652 914 2706 omnium
931 2658 1035 2715 est,
1060 2651 1310 2721 idemque
1328 2652 1600 2708 hominem
1624 2654 1934 2725 fecit,eiquc

367 2745 602 2799 animam
635 2751 690 2798 et
724 2742 1086 2798 ratiocinandi
1130 2744 1238 2796 vim
1288 2743 1596 2810 impertitus
1632 2756 1735 2800 est.
1770 2747 1935 2812 Quasi

366 2838 513 2893 dicat
563 2835 730 2890 Deum
771 2842 832 2888 ut
867 2835 1041 2888 voluit
1073 2836 1426 2890 consensisse
1463 2846 1520 2888 ut
1547 2840 1662 2890 haec
1719 2837 1935 2903 tierent,

365 2929 460 2999 qui
505 2935 691 2997 utpote
735 2925 979 2980 omnium
1020 2925 1285 2980 Dominus
1315 2928 1561 2981 concedit
1602 2929 1936 2994 hominibus,

365 3035 492 3075 cum
519 3019 569 3074 ei
599 3017 838 3082 libuerit,
863 3016 1007 3087 quod
1039 3017 1310 3072 voluerint
1331 3022 1608 3088 perlicere.
1643 3019 1780 3084 Quid
1810 3037 1939 3093 ergo

2691 2217 2848 2271 ΚΕΦ.
2869 2219 2967 2274 lB'.

2114 2293 2260 2364 Στίχ.
2323 2305 2467 2368 α’-γ⁸.
2499 2335 2568 2344 —-
2603 2322 2622 2356 ι
2662 2307 2868 2379 Λῆμμα
2917 2309 3074 2379 λόγου
3118 2313 3320 2384 Κυρίου
3374 2314 3466 2367 ἐπὶ
3524 2315 3622 2367 τὸν

2057 2382 2302 2476 Ἰσραήλι
2355 2391 2498 2462 λέγει
2559 2397 2761 2469 Κύριος
2806 2401 3063 2456 ἐκτείνων
3104 2382 3478 2476 τὸν-οὐρανὸν,
3523 2407 3623 2458 καὶ

2044 2475 2308 2546 θεμελιῶν
2359 2484 2458 2556 τὴν
2516 2487 2640 2557 γῆν,
2697 2490 2952 2546 πλάσσων
3003 2494 3220 2567 πνεῦμα
3244 2475 3531 2567 ἀνθρώπου
3556 2499 3620 2551 ἐν

2043 2569 2209 2641 αὐτῷ.
2253 2591 2271 2624 ι
2312 2575 2428 2630 ’Ίνα
2457 2581 2605 2652 εἴπῃ,
2637 2584 2712 2652 (p.
2744 2583 2868 2655 519)
2900 2585 3085 2640 Ταῦτα
3107 2590 3248 2642 κατὰ
3275 2589 3621 2658 άποκὰλυψίν

2046 2684 2137 2737 μοι
2173 2667 2449 2738 δειχθέντα
2486 2672 2637 2744 παρὰ
2685 2674 2778 2727 τοῦ
2814 2677 2948 2729 Θεοῦ
2976 2677 3138 2747 λέγω,
3171 2679 3230 2744 ὃς
3263 2681 3493 2753 ποιητὴς
3515 2683 3621 2752 μὲν

2043 2760 2296 2812 ἁπάντων
2318 2761 2432 2813 ἐστὶ
2460 2762 2566 2816 τῶν
2587 2763 2777 2825 ὄντων.
2808 2767 2966 2830 αὐτὸς
2989 2769 3045 2823 δὲ
3075 2772 3169 2824 καὶ
3201 2769 3484 2842 ἄνθρωπον
3517 2791 3622 2826 πε-

2043 2852 2260 2922 ποίηκε,
2287 2852 2461 2923 ψυχῆς
2498 2872 2555 2907 τε
2580 2856 2726 2926 αὐτῷ
2756 2860 2848 2911 καὶ
2863 2861 3172 2930 προθέσεως
3196 2862 3419 2935 λογικῆς
3450 2883 3622 2936 μετα-

2033 2942 2188 3006 δοῦς’
2247 2945 2334 2997 ἵνα
2380 2944 2510 3016 εἴπῃ
2561 2947 2643 3000 ὅτι
2678 2948 2752 3012 ὼς
2787 2948 3061 3022 ἠϐουλήθη
3109 2951 3238 3017 Θεὸς
3271 2954 3619 3026 συνεχώρησε

2033 3034 2204 3087 ταῦτα
2225 3035 2495 3103 γενέσθαι,
2530 3037 2588 3101 ὃς
2621 3037 2715 3090 ἆτε
2738 3040 2952 3092 πάντων
2987 3041 3189 3113 Κύριος
3221 3050 3495 3116 συγχωρεῖ
3521 3049 3621 3101 καὶ

365 3114 477 3177 hic,
517 3111 670 3182 quid,
707 3112 943 3177 inquam,
979 3109 1274 3164 dicithEn
1293 3127 1394 3178 ego
1426 3127 1567 3181 pono
1598 3110 1934 3169 Hierusalem

2043 3123 2341 3195 ἀνθρώποις
2370 3127 2518 3180 ὁπότ’
2548 3129 2612 3182 ἂν
2648 3129 2818 3182 ἐθέλοι
2831 3131 2900 3183 τὰ
2930 3132 3186 3187 δοκοῦντα
3207 3137 3388 3199 αὐτοῖς
3417 3141 3617 3193 ποιεῖν.

366 3216 427 3262 ιιι
453 3205 722 3278 propylaea
749 3203 1138 3258 commovenda
1170 3205 1386 3258 cunctis
1417 3205 1470 3258 in
1505 3206 1738 3260 circuitu
1769 3222 1938 3276 popu-

368 3299 454 3360 lis,
489 3305 542 3351 et
569 3295 622 3349 in
651 3293 834 3349 Judaea
860 3294 966 3349 erit.
998 3293 1211 3348 obsidio
1238 3293 1498 3350 adversus
1529 3295 1888 3352 Hierusalem.
1913 3316 1931 3349 ι

368 3386 478 3459 Ego
503 3389 704 3457 itaque,
733 3384 930 3454 inquit,
966 3391 1188 3452 propter
1218 3383 1522 3438 incolarum
1560 3385 1819 3439 malitiam
1850 3386 1937 3440 in-

367 3478 606 3532 ﬁrmitati
636 3476 835 3530 tradidi
864 3474 1110 3545 plurima:
1132 3473 1494 3540 Hierusalem,
1525 3484 1584 3528 ut
1606 3479 1821 3533 cunctis
1844 3493 1938 3532 vo-

365 3569 604 3625 lentibus
634 3567 793 3622 liceat
827 3568 999 3634 ipsam
1029 3567 1247 3638 aggredi
1288 3578 1339 3622 et.
1367 3577 1529 3637 prout
1557 3569 1776 3625 libuerit
1805 3584 1937 3625 con-

363 3666 553 3716 cutere
573 3676 590 3727 ;
613 3659 756 3713 unde
777 3657 939 3713 etiam
969 3673 994 3709 a
1029 3658 1417 3714 Macedonibus
1440 3660 1659 3730 regibus
1687 3672 1934 3719 coortum

363 3747 527 3820 350
551 3755 635 3803 est
665 3748 886 3803 bellum.
929 3766 947 3798 ι
969 3749 1033 3802 Ει
1058 3750 1163 3804 erit
1192 3750 1278 3804 die
1313 3751 1402 3803 illa
1443 3767 1639 3820 ponam
1677 3753 1937 3810 Hierusa-

363 3838 468 3892 lem
497 3836 728 3907 lapidem
751 3836 1127 3890 conculcatum
1146 3839 1214 3892 ab
1235 3841 1491 3895 omnibus
1509 3842 1781 3910 gentibus.
1806 3843 1938 3910 Qui-

362 3943 580 3997 cunque
606 3927 1011 3982 conculcaverit
1036 3943 1178 3993 eam,
1211 3928 1444 3985 illudens
1483 3932 1692 3995 illudet,
1723 3942 1775 3989 et
1805 3951 1936 3989 con-

363 4018 734 4088 gregabantur
783 4017 1042 4072 adversus
1089 4034 1208 4072 eam
1263 4033 1453 4075 omnes
1492 4033 1680 4091 gentes
1711 4031 1928 4079 terrm.»

363 4106 503 4161 Hinc
515 4123 632 4161 eam
648 4107 903 4160 invadent
919 4108 1234 4177 alienigenm
1250 4126 1264 4174 ;
1281 4113 1606 4182 cunctisque
1635 4116 1935 4170 invadenti-

364 4199 467 4254 lus
511 4197 742 4253 facultas
782 4199 885 4254 erit
931 4198 1162 4252 faciendi
1213 4201 1263 4254 ei
1313 4203 1574 4272 quidquid
1623 4208 1930 4276 voluerint;

360 4307 487 4348 nam
520 4293 696 4357 multi,
730 4293 806 4345 rei
841 4292 1006 4360 hujus
1033 4307 1221 4355 causa,
1258 4305 1446 4349 contra
1479 4313 1597 4350 eam
1634 4303 1932 4370 congloba-

2039 3215 2103 3266 Τί
2133 3211 2224 3268 οὖν
2255 3211 2439 3282 οῦτος;
2467 3219 2518 3270 τί
2552 3236 2747 3288 (anew;
2787 3239 2804 3272 ι
2858 3222 2988 3276 Ἰδοὺ
3027 3223 3135 3291 ἐγὼ
3167 3225 3356 3295 τίθημι
3383 3226 3482 3297 τὴν
3524 3229 3621 3280 Ἰε-

2039 3303 2320 3375 ρουσαλὴμ
2376 3306 2450 3368 ὡς
2503 3308 2750 3380 πρόθυρα
2792 3311 3122 3381 σαλευόμενα
3153 3315 3284 3366 πᾶσι
3320 3317 3431 3376 τοῖς
3466 3314 3620 3380 λαοῖς

2037 3393 2241 3466 κύκλῳ,
2273 3396 2364 3449 καὶ
2391 3397 2447 3450 ἐν
2474 3401 2538 3468 τῇ
2578 3399 2804 3472 Ἰουδαίᾳ
2857 3402 3008 3457 ἔσται
3041 3407 3266 3476 περιοχὴ
3290 3407 3380 3458 ἐπὶ
3418 3408 3619 3477 Ἰερου-

2037 3487 2236 3558 σαλήμ.
2283 3506 2301 3538 ι
2345 3488 2486 3557 Ἐγὼ
2512 3490 2714 3553 τοίνυν,
2761 3496 2910 3564 φησὶ,
2940 3496 3026 3549 διὰ
3058 3496 3154 3567 τὴν
3183 3497 3287 3550 τῶν
3320 3499 3619 3552 οἰκούντων

2035 3580 2231 3633 κακίαν
2265 3581 2515 3650 ἀσθενείᾳ
2553 3583 2908 3652 παραδέδωκα
2948 3587 3176 3660 πλείστῃ
3205 3587 3302 3658 τὴν
3345 3590 3618 3660 Ἰερουσα-

2035 3667 2164 3739 λὴμ,
2201 3669 2339 3724 ὥστε
2381 3676 2546 3727 πᾶσιν
2576 3677 2774 3741 ἐξεῖναι
2801 3681 2913 3741 τοῖς
2945 3677 3285 3748 βουλομένοις
3311 3681 3525 3734 ἐπιέναι
3554 3700 3614 3736 τε

2035 3763 2170 3832 αὐτῇ
2201 3765 2293 3815 καὶ
2321 3765 2562 3820 σαλεύειν
2588 3768 2662 3831 ὼς
2685 3768 2750 3821 ἂν
2789 3769 3039 3836 ἐθέλοιεν,
3061 3769 3182 3835 ὅθεν
3205 3771 3268 3842 δὴ
3299 3773 3391 3825 καὶ
3414 3774 3442 3824 6
3462 3775 3618 3846 παρὰ

2031 3854 2140 3908 τῶν
2174 3856 2506 3920 Μακεδονίας
2559 3858 2820 3928 βασιλέων
2847 3860 3026 3921 αὐτοῖς
3057 3862 3421 3932 ἐπεγήγερται
3449 3865 3615 3917 πόλεο

2036 3964 2154 4015 μος.
2190 3965 2208 3996 ι
2246 3949 2354 4001 Καὶ
2408 3949 2555 4002 ἔσται
2591 3952 2646 4003 ἐν
2691 3953 2756 4022 τῇ
2798 3951 2979 4022 ἡμέρᾳ
3023 3953 3205 4025 ἐκείνῃ
3243 3953 3477 4025 θήσομαι
3510 3957 3617 4028 τὴν

2044 4037 2390 4110 Ἰερουσαλήμ
2421 4039 2564 4093 λίθον
2604 4043 3082 4114 καταπατούμενον
3102 4046 3232 4097 πᾶσι
3266 4048 3376 4109 τοῖς
3398 4045 3611 4100 ἔθνεσι·

2032 4132 2139 4192 πᾶς
2179 4133 2206 4183 ὁ
2261 4131 2594 4184 καταπατῶν
2623 4133 2788 4204 αὐτὴν
2823 4133 3102 4204 ἐμπαίζων
3138 4135 3480 4204 ἐμπαίξεται.
3513 4139 3611 4192 καὶ

2031 4219 2515 4291 ἐπισυναχθήσεται
2541 4221 2627 4273 ἐπ’
2659 4222 2826 4292 αὐτὴν
2851 4223 3024 4276 πάντα
3056 4223 3123 4276 τὰ
3154 4224 3280 4295 ἔθνη
3307 4225 3403 4294 τῆς
3428 4229 3552 4295 γῆς.
3583 4248 3603 4280 ι

2043 4309 2319 4362 Ἐντεῦθεν
2349 4310 2517 4382 αὐτὴν
2551 4311 2900 4382 ἐπιϐήσονται
2943 4313 3039 4383 μὲν
3066 4314 3355 4385 ἀλλότριοι,
3387 4319 3520 4368 πᾶσι
3551 4318 3613 4371 δὲ

360 4387 584 4443 buntur.
630 4383 832 4441 Deinde
878 4383 1124 4438 recitatis
1174 4385 1599 4453 calamitatibus,
1651 4407 1772 4460 quae
1821 4392 1932 4448 Deo

2043 4403 2140 4463 τοῖς
2187 4401 2554 4457 ἐπιϐαίνουσιν
2613 4404 2764 4457 ἄδεια
2793 4407 3078 4476 γενήσεται
3118 4407 3210 4460 τοῦ
3240 4409 3496 4478 πράττειν
3527 4411 3611 4474 είς

363 4482 704 4544 permittente
726 4482 1040 4539 evenerant,
1064 4475 1197 4530 dicit
1225 4477 1463 4531 futuram
1495 4480 1546 4534 in
1577 4483 1771 4540 melius
1797 4501 1922 4540 con-

2043 4492 2203 4564 αύτὴν
2236 4494 2376 4565 άπερ
2397 4493 2462 4548 ἂν
2491 4494 2744 4560 ἐθέλοιεν,
2777 4496 2870 4550 am
2901 4475 2993 4550 καὶ
3017 4498 3222 4552 πολλῶν
3249 4475 3610 4571 ἁθροισθήσο-

363 4565 690 4628 versionem,
726 4586 887 4636 qualn
919 4566 1028 4622 Deo
1055 4568 1268 4622 volente
1300 4570 1677 4637 experientur.

2043 4585 2211 4654 μένων
2237 4585 2320 4637 ἐπ’
2349 4586 2540 4656 αὐτὴν,
2558 4588 2747 4641 τούτου
2778 4607 2840 4656 γε
2859 4590 3040 4643 ἕνεκεν
3061 4607 3074 4620 ⁸
3106 4585 3223 4644 εἶτα
3253 4592 3486 4663 εἰρηκὼς
3505 4598 3612 4658 τὰς

363 4653 645 4725 συμφορὰς
675 4653 748 4757 «ἒς
790 4657 929 4708 κατὰ
975 4655 1319 4728 συγχώρησιν
1359 4656 1451 4709 τοῦ
1491 4657 1623 4712 Θεοῦ
1664 4667 1983 4736 γενομένας,
2015 4653 2160 4741 λέγει
2205 4674 2387 4726 λοιπὸν
2421 4653 2514 4728 καὶ
2561 4677 2659 4747 τήν
2698 4653 2876 4731 ἐπὶ-τὸ
2903 4683 3148 4750 κρεῖττον
3175 4653 3493 4753 μεταϐολὴν,
3541 4653 3610 4757 ἣν

362 4746 541 4814 ἕξουσι
559 4745 652 4801 τοῦ
683 4745 815 4798 Θεοῦ
843 4747 1207 4818 βουληθέντος.

440 4840 603 4898 Vens.
625 4840 679 4907 4,
694 4841 845 4896 5.-ι
873 4840 966 4895 Die
986 4841 1096 4907 illa,
1113 4843 1246 4898 dicit
1264 4843 1529 4903 Dominus
1557 4850 1928 4923 omnipotens,

361 4933 658 5002 percutiam
699 4946 913 4986 omnem
962 4945 1162 5000 equum
1203 4943 1446 5004 stupore,
1489 4949 1541 4994 et
1578 4958 1926 5003 ascensorem

361 5027 480 5094 ejus
512 5024 765 5078 amentia.
814 5023 988 5094 Super
1027 5025 1244 5078 domum
1281 5036 1460 5082 autem
1503 5030 1656 5088 Iuda:
1687 5028 1926 5106 aperiam

361 5116 548 5170 oculos
571 5130 744 5178 meos,
773 5123 828 5170 et
859 5132 1048 5172 omnes
1077 5134 1243 5188 equos
1275 5122 1595 5190 populorum
1627 5133 1924 5196 percutiam

361 5210 625 5261 caecitate.
662 5204 724 5258 Et
755 5205 937 5260 dicent
965 5208 1165 5264 tribuni
1191 5208 1343 5264 Juda:
1368 5226 1558 5268 omnes
1588 5216 1640 5269 in
1669 5223 1927 5280 cordibus

361 5302 509 5351 suis:
545 5294 886 5350 Inveniemus
916 5298 1072 5352 nobis
1108 5299 1316 5356 incolas
1347 5299 1684 5360 Hierusalem
1720 5314 1772 5364 in
1817 5312 1925 5366 Do-

361 5389 511 5440 mino
561 5386 931 5455 omnipotente
984 5387 1092 5442 Deo
1142 5390 1409 5460 ipsorum.
1450 5413 1469 5446 ›
1542 5393 1924 5458 Verumtamen

360 5476 506 5532 haud
542 5491 714 5546 usque
743 5476 808 5530 ad
851 5479 1243 5534 extremitatem
1285 5482 1366 5535 eis
1396 5485 1663 5540 malorum
1706 5503 1924 5547 sensum

363 5565 568 5620 intendi
625 5565 821 5629 sinam,
858 5567 950 5622 sed
976 5567 1211 5622 subitum
1239 5573 1456 5627 cunctis
1485 5577 1736 5644 praebebo
1766 5583 1923 5636 auxi-

359 5656 527 5726 lium;
579 5670 770 5728 nempe
811 5672 905 5728 per
948 5657 1066 5714 illos
1096 5659 1186 5728 qui
1221 5674 1343 5717 meo
1376 5664 1656 5722 conﬁdunt
1687 5672 1917 5738 auxilio,

2079 4856 2250 4933 :chx.
2280 4857 2344 4918 δ’,
2363 4863 2423 4910 ε’.
2450 4886 2521 4896 —
2551 4875 2568 4908 ι
2603 4859 2691 4911 Ἑν
2724 4861 2789 4930 τῇ
2811 4859 2992 4931 ἡμέρα
3008 4860 3207 4934 ἐκείνῃ,
3225 4861 3371 4930 λέγει
3398 4861 3609 4937 Κύριος

2031 4948 2441 5019 παντοκράτωρ.
2478 4948 2698 5012 πατάξω
2733 4950 2906 5002 πάντα
2938 4952 3102 5005 ἵππον
3129 4955 3186 5004 ἐν
3210 4955 3479 5013 ἐκστάσει,
3509 4958 3610 5010 καὶ

2027 5040 2119 5093 τὸν
2152 5039 2429 5108 ἀναϐάτην
2478 5038 2641 5092 αὐτοῦ
2693 5042 2750 5092 ἐν
2808 5045 3254 5114 παραφρονήσει·
3292 5049 3383 5099 ἐπὶ
3426 5047 3479 5100 δὲ
3509 5050 3606 5104 τὸν

2026 5127 2174 5183 οἷκον
2206 5129 2375 5184 Ἰούδα
2407 5130 2600 5196 ἀνοίξω
2628 5133 2750 5196 τοὺς
2772 5133 3083 5206 ὀφθαλμούς
3114 5154 3233 5205 μου,
3269 5141 3361 5192 καὶ
3392 5139 3604 5205 πάντας

2024 5223 2151 5284 τοὺς
2175 5223 2372 5285 ἵππους
2404 5223 2510 5274 τῶν
2533 5222 2675 5275 λαῶν
2706 5226 2929 5290 πατάξω
2973 5228 3030 5280 ἐν
3062 5229 3434 5298 ἀποτυφλώσει
3458 5247 3471 5260 ⁸
3501 5233 3599 5284 καὶ

2027 5311 2242 5381 ἐροῦσιν
2288 5315 2334 5364 οἱ
2380 5312 2645 5384 χιλίαρχοι
2685 5315 2854 5368 Ἰούδα
2882 5317 3079 5382 πάντες
3108 5321 3165 5372 ἐν
3194 5325 3309 5384 ταῖς
3349 5321 3598 5392 καρδίαις

2027 5401 2227 5466 αὐτῶν,
2259 5404 2335 5471 (ρ.
2359 5400 2814 5476 520)Εύρήσομεν
2833 5409 3038 5472 ἑαυτοῖς
3063 5411 3188 5473 τοὺς
3215 5411 3598 5475 κατοικοῦντας

2038 5493 2392 5564 Ἰερουσαλήμ
2425 5495 2482 5547 ἐν
2511 5496 2700 5567 Κυρίῳ
2746 5500 3142 5572 παντοκράτορι
3183 5502 3301 5573 Θεῷ
3342 5503 3540 5556 αὐτῶν.
3570 5523 3590 5556 ο

2039 5586 2195 5639 Ἀλλὰ
2247 5585 2355 5657 γὰρ
2414 5585 2511 5640 οὒκ
2556 5590 2636 5650 εἰς
2664 5589 2813 5654 τέλος
2842 5593 3023 5658 αὐτοῖς
3051 5595 3408 5650 ἐπιτείνεσθαι
3449 5598 3597 5650 ἐάσω

2023 5674 2132 5728 τῶν
2167 5675 2352 5730 κακῶν
2402 5676 2500 5748 τὴν
2562 5681 2778 5750 πεῖραν,
2835 5682 3038 5754 ἀθρόαν
3086 5684 3140 5738 δὲ
3177 5686 3374 5739 ἅπασιν
3408 5685 3589 5749 αὐτοῖς
