3830 6216
224 281 322 337 581

1184 274 1741 330 COMMENTARIUS
1775 273 1842 328 IN
1884 273 2258 330 ZACHAHIE
2291 274 2445 329 CAP.
2482 273 2598 328 Xll.

3380 279 3487 337 582

222 392 449 464 παρέξω
501 392 601 464 τὴν
646 390 914 462 βοήθειαν,
960 391 1052 442 καὶ
1084 390 1170 443 διὰ
1219 391 1325 442 τῶν
1360 390 1495 460 πρὸς
1523 391 1624 460 τὴν
1666 389 1793 460 ἐμὴν

1909 389 2156 458 intelligit
2188 396 2369 442 autem
2398 387 2759 459 Machabaeos,
2791 396 3047 442 cunctam
3092 388 3308 445 hostilis
3334 393 3489 460 equi'

219 484 474 555 ὁρώντων
533 485 785 554 βοήθειαν
847 482 1117 553 (βούλεται
1167 483 1221 535 δὲ
1263 482 1372 534 τῶν
1424 482 1803 535 Μακκαϐαίων

222 576 415 645 εἰπεῖν)
455 578 632 629 πᾶσαν
654 576 751 645 τὴν
791 573 1021 644 ἱππικὴν
1043 573 1154 628 τῶν
1180 574 1435 626 ἐναντίων
1470 574 1802 639 καταπλήξω

220 670 470 739 δύναμιν,
525 670 662 721 ὥστε
725 668 816 720 καὶ
866 668 993 730 τοὺς
1042 667 1439 738 ἐπιϐεϐηκότας
1483 667 1661 720 αὐτῶν
1722 667 1802 729 εἰς

223 763 455 833 παντελῆ
483 763 908 833 παραφροσύνην
937 760 1013 830 τῷ
1047 760 1262 831 μεγέθει
1291 762 1398 814 τῶν
1419 759 1603 814 κακῶν
1630 761 1802 830 ἐμπε-

224 858 356 908 σεῖν.
387 855 496 906 Καὶ
524 853 693 905 ταῦτα
719 854 814 922 μὲν
844 854 971 924 περὶ
995 854 1120 915 τοὺς
1151 853 1425 916 ἐναντίους
1456 851 1796 923 ἐργάσομαι*

218 949 329 1008 τοῖς
357 946 411 998 δὲ
443 946 507 998 ἐκ
535 945 631 1015 τῆς
673 944 842 997 Ἰούδα
895 943 1088 1014 φυλῆς,
1117 942 1174 1009 ἐξ
1203 938 1383 1014 ἧσπερ
1440 938 1579 1014 ἦσαν
1627 943 1718 995 καὶ
1750 942 1800 994 οἱ

217 1035 510 1107 ἡγούμενοι
547 1034 639 1087 τοῦ
674 1034 909 1105 πολέμου
946 1033 1316 1097 Μακκαϐαῖοι,
1348 1034 1447 1105 τήν
1485 1051 1542 1087 τε
1574 1032 1803 1103 ἐποψίαν

218 1127 309 1181 καὶ
334 1128 434 1198 τὴν
458 1126 781 1197 κηδεμονίαν
804 1125 1025 1198 παρέξω
1046 1127 1145 1196 τὴν
1170 1125 1328 1196 ἐμὴν,
1357 1125 1501 1179 ἆπαν
1531 1126 1638 1178 τῶν
1655 1129 1805 1179 ἐναν-

216 1219 345 1272 τίων
374 1219 436 1271 τὺ
464 1220 686 1272 ἱππικὸν
717 1218 791 1282 ὡς
809 1219 874 1273 ἂν
892 1219 1163 1289 τυφλώσει
1193 1221 1297 1273 τινί
1319 1219 1681 1289 περιϐάλλων,
1708 1219 1803 1272 καὶ

214 1308 386 1372 οὕτως
420 1311 698 1381 ἄπρακτον
728 1310 870 1363 κατὰ
890 1311 997 1364 τῶν
1020 1312 1143 1381 ἐμοὶ
1171 1312 1557 1383 προσηκόντων
1581 1310 1751 1363 ποιῶν
1778 1326 1793 1342 σ

215 1401 331 1454 τότε
350 1401 414 1471 δὴ
440 1401 625 1455 λοιπὸν
654 1404 703 1455 οἰ
730 1402 1022 1473 ἡγούμενοι
1043 1403 1136 1457 τοῦ
1165 1404 1333 1457 Ἰούδα
1358 1404 1683 1475 ᾑσθήσονται
1711 1403 1793 1455 ὅτι

216 1508 319 1562 περ
350 1494 533 1556 αὐτοῖς
556 1493 704 1546 ἄδεια
732 1493 939 1547 δέδοται
989 1494 1141 1565 παρὰ
1189 1495 1283 1548 τοῦ
1315 1494 1449 1548 Θεοῦ
1488 1493 1582 1547 τοῦ
1633 1492 1791 1547 πάλιν

1909 487 2056 534 tatus
2084 481 2382 549 potentiam
2412 479 2779 542 terrefaciam,
2801 482 2873 535 ita
2900 492 2958 534 ut
2980 483 3193 551 equites
3222 485 3489 539 omnimo-

1909 572 1979 626 do
2010 580 2235 642 stupore
2258 572 2327 626 ob
2352 573 2619 626 malorum
2641 573 3074 642 magnitudinem
3100 577 3489 644 percellantur.

1909 673 2073 735 atque
2118 665 2231 717 haec
2261 665 2480 733 quidem
2512 663 2751 720 inimicis
2775 665 2970 719 faciam
2996 684 3007 718 :
3048 675 3102 718 at
3122 665 3273 721 Juda:
3301 668 3490 734 tribui,

1908 774 1973 813 ex
1999 771 2108 827 qua
2138 756 2357 811 oriundi
2387 764 2541 811 erant
2560 756 2655 826 qui
2687 757 2855 812 duces
2872 758 2997 812 belli
3027 758 3247 815 fuerunt
3276 760 3465 815 Macha

1911 846 2033 912 btei,
2059 846 2455 915 providentiam
2486 862 2784 916 curamque
2808 863 2981 903 meam
3012 850 3343 920 impendam.
3373 853 3492 906 uui-

1903 954 2122 993 versum
2142 939 2381 992 hostium
2403 940 2707 1008 equitatum
2731 940 2889 1009 quasi
2909 944 3153 997 excitate
3171 944 3488 999 obstruens.

1901 1042 2065 1101 atque
2096 1034 2169 1083 ita
2213 1030 2512 1085 invalidum
2550 1034 2813 1085 adversus
2846 1047 3001 1087 meos
3034 1033 3339 1088 familiares
3368 1033 3490 1088 effi-

1901 1122 2078 1177 ciens.
2110 1118 2267 1173 Tunc
2293 1135 2422 1174 vero
2451 1120 2619 1174 duces
2649 1118 2803 1174 Judaa
2832 1121 3147 1191 gaudebunt
3171 1121 3353 1175 datam
3385 1123 3485 1177 sibi

1902 1230 1931 1267 a
1965 1212 2074 1269 Deo
2101 1212 2415 1267 facultatem
2458 1211 2719 1267 redeundi
2752 1213 3093 1269 Hierusalem
3128 1214 3487 1277 confidenter,

1902 1306 2088 1374 ibique
2117 1321 2241 1360 cum
2273 1309 2455 1375 priore
2495 1308 2859 1376 prosperitate
2907 1307 3214 1372 habitandi,
3257 1310 3491 1362 servatis

1899 1400 2156 1453 omnibus
2186 1414 2307 1469 quae
2341 1399 2452 1453 illic
2491 1401 2698 1453 servari
2730 1402 2887 1455 decet
2929 1402 3154 1466 ofliciis,
3189 1402 3257 1456 ab
3290 1403 3361 1457 iis
3393 1402 3487 1471 qui

1898 1492 2014 1547 Deo
2042 1494 2153 1547 sint
2183 1493 2462 1564 placituri.
2494 1492 2690 1547 Postea
2724 1495 3111 1564 prosequitur:

212 1586 456 1637 ἀνελθεῖν
508 1602 565 1637 τε
595 1587 673 1648 εἰς
698 1584 794 1656 τήν
828 1585 1182 1655 Ἰερουσαλὴμ
1234 1586 1370 1655 μετὰ
1412 1585 1726 1656 παρρησίας
1761 1583 1855 1637 καὶ
1899 1584 2040 1654 μετὰ
2085 1584 2182 1654 τῆς
2224 1582 2458 1653 πρόσθεν
2492 1583 2662 1652 αὐτὴν
2720 1583 2889 1635 οἰκεῖν
2920 1583 3196 1653 εὐθηνίας,
3234 1585 3489 1637 ἁπάντων

213 1679 637 1750 ἐπιμελομένους
667 1674 741 1732 ὧν
790 1680 1066 1752 προσῆκόν
1106 1680 1255 1734 ἐστιν
1294 1678 1669 1750 ἐπιμελεῖσθαι
1710 1679 1837 1742 τοὺς
1878 1678 2158 1741 οἰκοῦντας
2199 1678 2409 1740 αὐτόθι,
2440 1679 2489 1730 εί
2526 1676 2589 1746 δὴ
2640 1677 2882 1747 μέλλοιεν
2926 1678 3179 1751 ἀρέσκειν
3213 1680 3351 1753 Θεῷ.
3378 1680 3489 1734 Καὶ

211 1773 448 1842 καθεξῆς
480 1773 674 1841 ἐπάγει
698 1790 711 1803 ·

279 1866 429 1937 Στίχ.
467 1872 618 1937 ς’-η⁹.
650 1895 718 1908 -ι
751 1886 769 1919 ι
791 1868 880 1920 Ἐν
902 1870 967 1939 τῇ
991 1868 1175 1941 ἡμέρᾳ
1196 1868 1380 1940 ἐκείνῃ
1410 1867 1643 1938 θήσομαι
1672 1867 1793 1929 τούς

1977 1862 2135 1933 351
2167 1859 2336 1913 Vens.
2382 1859 2504 1913 6-8.
2546 1888 2616 1900 -
2662 1858 2799 1913 «Die
2846 1858 2935 1912 illa
2986 1872 3183 1927 ponam
3235 1859 3490 1916 tribunos

209 1959 522 2031 χιλιάρχους
549 1958 717 2013 Ἰούδα
744 1960 818 2023 ὼς
840 1960 997 2014 δαλὸν
1020 1962 1190 2033 πυρὸς
1213 1965 1269 2015 ἐν
1290 1961 1509 2031 καλάμῃ
1534 1978 1546 1990 ·
1578 1961 1671 2012 καὶ
1697 1978 1795 2013 κα-

208 2053 545 2121 ταφάγονται
572 2053 634 2104 ἐκ
662 2051 853 2116 δεξιῶν
894 2053 987 2106 καὶ
1019 2053 1079 2118 ἐξ
1107 2053 1403 2123 εὐωνύμων
1432 2052 1639 2115 πάντας
1669 2053 1795 2114 τούς

208 2145 373 2207 λαοὺς
396 2144 656 2198 κύκλοθεν
678 2160 690 2172 ·
719 2145 812 2197 καὶ
836 2146 1150 2216 κατοικήσει
1195 2144 1501 2216 ἰερουσαλή
1511 2161 1549 2212 μ
1570 2143 1649 2195 ἔτι
1671 2141 1794 2195 καθ’

208 2234 411 2305 ἑαυτὴν
433 2236 491 2286 ἐν
534 2234 926 2305 Ἰερουσαλήμ’
967 2234 1055 2304 (p.
1092 2235 1187 2289 521
1218 2243 1234 2305 )
1272 2235 1365 2289 καὶ
1396 2233 1559 2288 σώσει
1589 2232 1793 2303 Κύριος

204 2329 277 2382 τὰ
333 2325 668 2397 σκηνώματα
706 2325 874 2379 Ἰούδα
920 2327 1103 2389 καθὼς
1146 2328 1241 2381 ἀπ’
1272 2328 1445 2399 ἀρχῆς
1469 2344 1482 2357 ·
1517 2329 1665 2390 ὅπως
1719 2325 1793 2397 μὴ

210 2417 582 2489 μεγαλύνηται
614 2414 876 2486 καύχημα
908 2415 1056 2468 οἴκου
1080 2414 1266 2481 Δαυῖδ,
1298 2415 1393 2468 καὶ
1427 2413 1656 2485 ἔπαρσις
1685 2412 1794 2466 τῶν

206 2505 609 2561 κατοικούντων
650 2505 1008 2577 Ἰερουσαλὴμ
1049 2507 1141 2559 ἐπὶ
1187 2506 1278 2560 τὸν
1327 2505 1545 2560 Ἰούδαν.
1590 2526 1607 2558 ι
1661 2506 1793 2558 Τότε

204 2599 297 2669 δὴ,
311 2599 497 2669 φησὶν,
517 2597 690 2661 οὕτως
712 2599 965 2669 ἰσχυροὺς
988 2597 1291 2669 ἐργάσομαι
1311 2599 1436 2661 τοὺς
1458 2596 1794 2668 ἡγουμένους

203 2691 311 2760 τῆς
358 2690 528 2743 Ἰούδα
559 2690 731 2760 φυλῆς
755 2689 899 2742 κατά
932 2689 1042 2742 τῶν
1075 2689 1350 2760 πολεμίων
1370 2729 1383 2752 ,
1414 2688 1553 2742 ὥστε
1584 2690 1795 2751 πάντας

204 2781 409 2843 αὐτοὺς
454 2784 574 2843 ταῖς
603 2781 839 2851 πληγαῖς
869 2781 964 2834 καὶ
992 2781 1069 2851 τῷ
1103 2782 1248 2851 φόνῳ
1274 2781 1429 2852 δίκην
1468 2781 1639 2852 πυρὸς
1671 2782 1793 2834 ἐπι-

202 2875 472 2945 νέμεσθαι
512 2874 689 2940 ξύλοις
740 2872 1244 2943 ὲπιπεπτωκότοςῆ
1296 2873 1517 2944 καλάμῃ
1549 2888 1562 2901 ·
1621 2872 1793 2937 οὕτως

200 2969 381 3023 πολὺν
415 2968 662 3021 ἐντεῦθέν
690 2985 747 3021 τε
769 2968 1024 3021 κάκεῖθεν
1055 2968 1147 3021 καὶ
1171 2968 1506 3038 πανταχόθεν
1533 2968 1795 3039 ἐργάσον-

201 3080 298 3116 ται
336 3062 495 3132 φόνον
522 3061 629 3115 τῶν
651 3060 907 3115 ἐναντίων
930 3074 944 3089 ⁸
980 3062 1395 3131 περιγενήσεται
1426 3060 1482 3114 δὲ
1509 3063 1573 3131 τῇ
1602 3060 1795 3129 Ἰερου-

206 3154 349 3222 σαλιή
359 3172 397 3223 μ
421 3154 481 3206 τὸ
504 3155 561 3206 ἐν
589 3154 779 3226 εἰρήνῃ
812 3153 1019 3221 διάγειν
1042 3152 1244 3218 λοιπὸν,
1282 3152 1551 3223 μηδεμίαν
1573 3151 1795 3222 ὄχλησιν

1895 1954 2048 2009 Iudae
2065 1958 2205 2008 sicut
2219 1962 2419 2006 torrem
2446 1953 2588 2022 ignis
2620 1952 2672 2005 in
2691 1952 2925 2021 stipula;
2953 1951 3293 2004 vorabuutur
3310 1968 3337 2003 a
3356 1951 3490 2007 dex-

1898 2048 1997 2101 tris
2017 2055 2071 2101 et
2095 2063 2124 2099 a
2157 2046 2402 2101 sinistris
2425 2059 2617 2099 omnes
2642 2044 2785 2098 circa
2813 2044 3063 2113 populos.
3120 2042 3184 2096 Et
3218 2044 3489 2099 habitabit

1897 2137 2235 2193 Hierusalem
2290 2137 2466 2192 adhuc
2496 2153 2591 2206 per
2624 2153 2683 2192 se
2707 2137 2759 2191 in
2785 2136 3215 2203 Hierusalem,et
3232 2138 3485 2193 servabit

1897 2231 2165 2286 Dominus
2201 2231 2553 2285 tabernacula
2579 2229 2736 2285 Judae
2766 2231 2909 2284 sicut
2936 2231 3004 2285 ab
3025 2230 3183 2283 initio
3213 2270 3228 2295 ,
3256 2246 3323 2286 ne
3363 2246 3486 2285 am-

1897 2322 2454 2393 plificeturjaetantia
2491 2323 2691 2377 domus
2724 2321 2969 2385 Davidis,
3011 2330 3065 2375 et
3110 2323 3277 2376 elatio
3321 2323 3487 2378 habi-

1899 2427 2133 2472 tatorum
2164 2416 2503 2472 Hierusalem
2549 2430 2715 2486 super
2744 2415 2958 2470 Judam.
2986 2436 3005 2468 ι
3041 2416 3197 2470 Tunc
3222 2431 3377 2479 sane,
3404 2416 3488 2470 in-

1897 2511 2036 2580 quit,
2081 2521 2189 2563 tam
2240 2509 2451 2564 validos
2488 2508 2715 2563 efficiam
2769 2510 2940 2564 duces
2980 2511 3161 2565 tribus
3194 2509 3347 2564 Judae
3382 2510 3486 2564 ad-

1896 2617 2091 2657 versus
2123 2601 2328 2663 hostes,
2354 2608 2413 2653 ut
2449 2601 2548 2653 bos
2576 2616 2768 2655 omnes
2792 2600 3112 2654 vulneribus
3134 2600 3487 2668 cazdibusque

1898 2700 2258 2757 consumant;
2294 2689 2526 2744 flamma:
2560 2692 2735 2743 instar
2760 2705 2882 2758 qua:
2914 2691 2969 2741 in
3008 2690 3151 2758 ligna
3182 2690 3264 2743 vel
3312 2691 3490 2758 stipu—

1899 2784 2008 2837 lam
2046 2783 2257 2837 incidit.
2289 2782 2440 2837 Adeo
2476 2782 2702 2835 multam
2730 2782 2857 2835 hinc
2890 2789 2945 2836 et
2977 2783 3126 2835 illinc
3149 2791 3204 2836 et
3249 2782 3489 2835 ubicun-

1898 2890 2004 2944 que
2034 2884 2273 2944 stragem
2302 2873 2826 2929 edentinimicorum
2852 2876 2864 2928 l
2902 2873 3057 2928 Tunc
3080 2876 3201 2928 urbi
3222 2873 3490 2932 Hierusa-

1899 2966 2002 3019 lem
2032 2965 2088 3019 in
2115 2980 2246 3035 pace
2271 2965 2467 3035 degere
2499 2964 2705 3028 licebit,
2746 2966 2952 3019 nullam
2992 2968 3058 3017 ab
3090 2966 3343 3021 hostibus
3370 2982 3489 3019 mo-

1900 3056 2108 3112 lestiam
2144 3056 2376 3131 patiepti
2399 3073 2414 3123 ;
2441 3071 2527 3109 me
2552 3057 2762 3111 scilicet
2788 3054 2941 3111 Judae
2973 3057 3175 3111 tribum
3211 3060 3373 3128 eique
3392 3059 3489 3112 ad-

1898 3148 2075 3202 dictos
2123 3148 2388 3209 salvante,
2445 3154 2500 3201 et
2552 3147 2605 3201 in
2655 3149 2895 3218 priorem
2946 3148 3264 3204 felicitatem
3306 3153 3488 3206 vindi-

201 3246 316 3301 ὑπὸ
346 3245 453 3298 τῶν
502 3245 759 3298 ἐναντίων
808 3245 1100 3318 δεχομένῃ,
1128 3244 1224 3298 άτε
1257 3245 1466 3307 πάντας
1499 3241 1635 3314 ἐμοῦ
1672 3245 1793 3307 τοὺς

1902 3250 2081 3294 cante.
2146 3240 2301 3294 Tunc
2352 3254 2484 3293 vero
2527 3241 2685 3295 bonis
2736 3242 2852 3296 suis
2909 3242 3218 3311 superbire,
3266 3242 3486 3301 Davidis

198 3334 308 3407 τῆς
341 3337 513 3391 Ἰούδα
562 3337 767 3407 φυλῆς,
806 3337 933 3400 τούς
962 3354 1019 3389 τε
1055 3337 1432 3408 προσήκοντας
1464 3337 1645 3398 αὐτοῖς
1691 3352 1791 3387 πε-

206 3427 532 3502 ρισὼζοντος
568 3431 658 3483 καὶ
684 3431 775 3482 ἐπὶ
803 3430 900 3499 τήν
928 3428 1161 3498 πρόσθεν
1193 3428 1561 3497 ἐπανάγοντος
1583 3428 1791 3498 εὐπρα-

202 3520 365 3589 γίανο
400 3519 522 3571 τότε
555 3518 611 3571 δὲ
640 3518 735 3572 τοῦ
775 3518 873 3588 μὲν
905 3517 1115 3589 μεγάλα
1148 3520 1364 3587 φρονεῖν
1402 3517 1494 3570 ἐπὶ
1519 3520 1631 3580 τοῖς
1665 3518 1792 3569 ἐαυ-

201 3611 317 3663 τῶν
348 3610 608 3678 ἀγαθοῖς,
637 3611 776 3663 οἵτε
807 3612 870 3662 ἐκ
912 3608 1006 3661 τοῦ
1044 3606 1207 3661 Δαυῒδ
1245 3608 1341 3661 καὶ
1376 3607 1575 3670 πάντες
1610 3609 1658 3660 οἱ
1693 3607 1793 3676 τὴν

212 3702 579 3773 Ἰερουσαλήμ
628 3700 905 3763 οἰκοῦντες
943 3701 1183 3753 Ἰουδαῖοι
1228 3699 1525 3753 παύσονται
1551 3715 1565 3730 ο
1602 3698 1793 3768 αἰσθή-

206 3808 396 3844 σονται
433 3792 489 3844 δὲ
530 3791 587 3857 ἐξ
608 3791 786 3844 αὐτῶν
820 3790 928 3843 τῶν
954 3788 1292 3859 πραγμάτων
1319 3791 1402 3843 ὅτι
1438 3787 1703 3859 πρότερόν
1731 3804 1791 3840 τε

204 3885 268 3935 ἐν
304 3882 633 3952 εὐπραγίαις
661 3877 801 3953 ἦσαν
834 3880 969 3953 ἐμοῦ
1018 3880 1378 3952 βουλομένου,
1409 3881 1565 3934 οὐθὲν
1597 3884 1660 3935 ἐκ
1691 3880 1792 3951 τῆς

204 3976 416 4036 οἰκείας
446 3976 659 4037 ἑαυτοῖς
712 3977 1016 4045 περιποιεῖν
1066 3975 1347 4045 δυνάμεως
1378 3969 1479 4026 οἷοί
1527 3991 1585 4025 τε
1614 3974 1788 4037 ὄντες,

206 4067 306 4121 καὶ
342 4067 440 4135 τῆς
466 4065 603 4135 ἐμῆς
632 4066 1031 4136 άποϐληθέντες
1071 4066 1393 4138 κηδεμονίας
1420 4066 1506 4120 διὰ
1534 4066 1631 4138 τὴν
1664 4068 1792 4120 ἐαυ-

205 4159 318 4211 τῶν
345 4158 643 4229 μοχθηρίαν
667 4158 1013 4231 ἠλέγχθησάν
1033 4159 1411 4213 ἀσθενέστατοι
1438 4176 1497 4211 τε
1527 4158 1675 4222 ὄντες
1698 4160 1792 4212 καὶ

206 4250 469 4320 οὐδεμίαν
499 4252 708 4313 ἑαυτοῖς
756 4249 1005 4321 βοήθειαν
1036 4251 1296 4323 παρέχειν
1334 4251 1651 4320 δυνάμενοι·
1697 4251 1791 4303 καὶ

206 4344 363 4403 ὅπως
383 4340 538 4394 τοῦτο
562 4342 850 4411 γενήσεται
875 4342 1068 4409 λέγων,
1109 4344 1247 4396 «Καὶ
1274 4342 1423 4395 ἐσται
1444 4344 1501 4395 ἐν
1520 4346 1586 4413 τῇ
1610 4342 1791 4413 ἡμέρᾳ

206 4434 397 4503 ἐκείνῃ
452 4434 781 4503 ὐπερασπιεῖ
813 4432 1017 4503 Κύριος
1069 4434 1208 4503 ὑπὲρ
1252 4434 1360 4488 τῶν
1396 4432 1790 4487 κατοικούντων

218 4521 582 4592 Ἰερουσαλήμ
611 4539 625 4552 ·
685 4523 780 4575 καὶ
828 4520 981 4575 ἔσται
1030 4523 1058 4575 ὁ
1104 4523 1347 4576 ἀσθενῶν
1392 4524 1449 4576 ἐν
1498 4523 1680 4585 αὐτοῖς
1733 4523 1790 4574 ἐν

1897 3331 2106 3401 posteri
2166 3341 2220 3386 et
2276 3332 2469 3385 incolae
2518 3330 2861 3386 Hierusalem
2918 3331 3116 3400 Judaei,
3173 3335 3483 3391 desinent:

1894 3424 2134 3478 sentient
2169 3425 2316 3478 enim
2346 3438 2411 3478 ex
2454 3426 2619 3480 rebus
2656 3425 2814 3494 ipsis,
2854 3441 2914 3480 se
2944 3433 3103 3479 antea
3148 3442 3232 3481 me
3266 3428 3486 3484 volente

1896 3515 2089 3569 felices
2126 3514 2317 3577 fuisse,
2367 3514 2503 3568 nihil
2536 3523 2722 3569 tamen
2764 3516 2979 3571 viribus
3028 3518 3263 3587 propriis
3298 3534 3358 3575 se
3387 3534 3483 3574 ac-

1896 3608 2114 3677 quirere
2130 3606 2401 3676 potuisse:
2434 3617 2490 3661 et
2507 3622 2628 3659 mox
2648 3622 2676 3660 a
2704 3622 2822 3660 mea
2870 3608 3039 3662 tutela
3068 3608 3316 3663 desertos
3356 3626 3486 3680 pro-

1896 3706 2018 3769 pter
2047 3714 2200 3753 suam
2229 3700 2551 3767 nequitiam,
2572 3698 2977 3754 infirmissimos
3006 3715 3129 3756 esse
3151 3713 3481 3772 compertos,

1895 3790 2218 3858 nullumque
2245 3789 2468 3844 sibimet
2509 3790 2819 3844 subsidium
2862 3790 3004 3846 ferre
3039 3793 3299 3847 valentes.
3336 3793 3484 3860 Quo-

1896 3882 2057 3934 modo
2085 3889 2266 3934 autem
2304 3881 2358 3934 id
2401 3883 2472 3935 sit
2524 3880 2771 3937 futurum
2831 3885 3040 3947 dicens,
3089 3903 3106 3934 ι
3134 3885 3199 3937 Et
3238 3887 3364 3948 erit,
3397 3887 3483 3939 iu-

1894 3974 2030 4042 quit,
2068 3974 2156 4027 die
2188 3973 2278 4026 illa
2306 3982 2552 4043 proteget
2591 3973 2858 4031 Dominus
2898 3976 3240 4034 habitatores
3283 3977 3481 4034 Hieru-

1895 4064 2087 4118 salem.
2122 4062 2187 4116 Et
2217 4065 2319 4117 erit
2344 4064 2594 4119 infirmus
2630 4067 2773 4122 inter
2823 4067 2949 4123 illos
2976 4076 3239 4138 tanquam
3279 4068 3473 4133 David,

1893 4164 1945 4208 et
1971 4154 2167 4210 domus
2189 4153 2410 4210 Davidis
2444 4164 2703 4227 tanquam
2738 4158 2937 4214 domus
2982 4159 3101 4224 Dei,
3150 4168 3211 4215 ut
3246 4161 3478 4231 angelus

1895 4245 2111 4301 Domini
2144 4262 2331 4302 coram
2366 4248 2508 4319 ipso.
2541 4270 2557 4303 ι
2617 4252 2867 4306 Senticnt
2912 4261 3045 4307 tunc
3096 4253 3167 4307 ob
3214 4256 3476 4308 auxilium

1894 4354 2074 4394 meum
2100 4347 2384 4410 tantopere
2410 4357 2601 4399 omnes
2632 4359 2691 4399 se
2722 4346 2905 4399 valere
2941 4345 3208 4400 adversus
3266 4346 3474 4408 hostes,

1895 4436 1954 4482 ut
1988 4431 2079 4499 qui
2115 4440 2273 4485 antea
2317 4432 2517 4488 infirmi
2566 4442 2745 4498 erant,
2775 4444 2989 4490 tantum
3036 4453 3183 4489 nunc
3217 4448 3479 4492 exseraut

1892 4530 2083 4575 contra
2118 4523 2304 4579 hostes
2329 4525 2591 4594 vigorem,
2623 4538 2885 4596 quantum
2918 4529 3068 4582 visus
3087 4538 3169 4583 est
3194 4536 3351 4583 aetate
3377 4544 3477 4583 sua

206 4614 397 4685 ἐκείνῃ
423 4617 489 4685 τῇ
516 4614 700 4685 ήμέρᾳ
729 4613 804 4676 ὡς
832 4613 995 4667 Δαυῖδ
1012 4628 1026 4642 °
1063 4615 1091 4666 ό
1117 4613 1171 4666 δὲ
1197 4609 1343 4677 οἶκος
1364 4613 1523 4666 Δαυῒδ
1544 4614 1619 4676 ὡς
1643 4609 1789 4675 οἶκος

1897 4614 2063 4669 David
2118 4616 2317 4671 habere
2366 4633 2394 4670 a
2442 4594 2956 4675 divino—instinctu.
3008 4621 3233 4692 Eritque
3275 4622 3474 4678 iterum

204 4706 347 4759 Θεοῦ
372 4746 386 4768 ,
432 4706 504 4768 ὡς
535 4706 764 4775 ἄγγελος
790 4704 999 4778 Κυρίου
1046 4705 1274 4759 ἐνώπιον
1303 4705 1489 4759 αὐτοῦ.
1526 4724 1545 4756 ι
1590 4705 1789 4776 Αἰσθή-

207 4815 397 4852 σονται
422 4798 531 4868 γὰρ
579 4800 699 4851 τότε
732 4801 797 4870 τῇ
845 4800 951 4869 ἐμῇ
984 4796 1204 4868 βοηθείᾳ.
1231 4797 1480 4851 τοσοῦτον
1514 4798 1654 4852 κατὰ
1681 4798 1791 4852 τῶν

206 4889 471 4942 ἐναντίων
508 4889 794 4959 δυνάμενοι
840 4890 1043 4952 πάντες
1065 4930 1080 4953 ,
1134 4890 1210 4961 (p.
1234 4889 1360 4961 522)
1397 4890 1472 4953 ὡς
1511 4890 1616 4961 πρὸ
1662 4890 1792 4963 βρα-

202 4981 352 5051 χέως
381 4980 645 5044 ἀσθενεῖς,
669 4982 725 5034 ἐν
756 4980 992 5050 τοσαύτῃ
1011 4980 1367 5050 γνωρίζεσθαι
1397 4982 1619 5052 δυνάμει
1647 4981 1788 5033 κατὰ

201 5072 323 5127 τῶν
375 5073 648 5142 πολεμίων
670 5113 685 5135 ,
726 5073 783 5125 ἐν
816 5074 917 5146 ὅσῃ
965 5091 1069 5144 περ
1117 5068 1293 5127 ὦπται
1326 5072 1488 5126 Δαυῒδ
1520 5074 1663 5127 κατὰ
1697 5074 1789 5126 τὸν

201 5168 412 5220 οἰκεῖον
438 5166 626 5236 καιρὸν
648 5167 710 5233 τῇ
750 5168 890 5237 ῥοπῇ
927 5170 992 5237 τῇ
1035 5166 1183 5238 θείᾳ·
1221 5167 1373 5219 ἔσται
1398 5183 1458 5218 τε
1490 5164 1728 5237 ζηλωτὸς
1761 5168 1789 5218 ὁ

202 5256 358 5322 οἶκος
389 5258 482 5311 τοῦ
505 5259 667 5312 Δαυῒδ
698 5258 878 5320 πάλιν,
907 5260 1000 5312 καὶ
1021 5257 1460 5328 θαυμαζόμενος,
1501 5259 1595 5327 ἀφ’
1631 5253 1704 5311 ὧν
1737 5258 1786 5310 οἰ

199 5349 421 5405 ἐκεῖθεν
456 5352 549 5403 καὶ
570 5351 668 5421 τῆς
694 5352 901 5404 ἐκείνου
936 5350 1107 5421 φυλῆς
1137 5350 1230 5402 τοῦ
1260 5348 1390 5402 λαοῦ
1426 5349 1785 5419 προεστῶτες,

202 5442 461 5497 τοσοῦτον
505 5441 765 5512 ὤφθησαν
814 5442 1091 5513 ἰσχύοντες
1124 5442 1262 5495 κατὰ
1313 5441 1422 5494 τῶν
1471 5441 1788 5513 ἀλλοτρίων,

204 5537 286 5599 ὡς
336 5535 584 5598 ἅπαντας
628 5535 994 5604 καταφεύγειν
1028 5533 1112 5587 ἐπ’
1160 5534 1356 5596 αὐτοὺς
1407 5533 1481 5597 ὼς
1511 5533 1598 5585 ἐπ’
1642 5527 1790 5586 οἷκον

206 5625 367 5687 θεοῦ,
399 5624 601 5695 πολλὴν
632 5628 743 5691 τοῖς
781 5625 1154 5694 καταφυγοῦσι
1185 5624 1494 5695 παρέχοντα
1537 5623 1637 5695 τὴν
1664 5623 1792 5695 βοή-

1894 4705 2151 4774 optabilis
2174 4707 2621 4777 admirabilisque
2644 4709 2839 4764 domus
2885 4710 3124 4779 Davidis,
3180 4713 3309 4782 quia
3349 4730 3478 4785 pnsc

1894 4797 1995 4851 teri
2033 4796 2215 4865 hujus,
2255 4806 2309 4851 et
2352 4799 2446 4867 qui
2475 4799 2542 4854 de
2577 4798 2731 4854 Judae
2773 4802 2916 4855 tribu
2950 4802 3151 4873 populo
3178 4813 3473 4873 praterant,

1895 4896 2179 4958 tantopere
2234 4890 2483 4945 hostibus
2531 4892 2843 4962 superiores
2876 4893 3120 4960 fuerunt,
3159 4907 3219 4949 ut
3267 4899 3473 4965 passim

1893 4980 2144 5036 homines
2177 4981 2243 5036 ad
2278 4997 2371 5036 eos
2399 4985 2745 5039 accurrerint
2776 4998 3038 5057 tanquam
3063 4989 3226 5061 352
3275 4992 3341 5045 ad
3377 4991 3475 5047 do-

1896 5088 2045 5127 mum
2088 5072 2203 5138 Dei,
2269 5076 2491 5129 multam
2547 5076 2990 5147 confugientibus
3026 5081 3093 5135 ad
3138 5099 3196 5137 se
3248 5083 3472 5139 tutelam

1896 5165 2223 5234 prmbenlem
2253 5182 2268 5232 ;
2309 5166 2391 5218 vel
2423 5176 2681 5236 tanquam
2714 5169 2781 5223 ad
2809 5171 3099 5239 quemdam
3128 5172 3384 5242 angelum
3406 5174 3471 5226 ad

1894 5257 2093 5311 eadem
2156 5258 2399 5313 hostium
2453 5260 2706 5327 missum,
2770 5263 3232 5332 quemadmodum
3264 5264 3475 5320 scilicet

1893 5351 2133 5421 Assyriis
2172 5348 2515 5406 Hierusalem
2553 5354 2959 5419 obsidentibus,
3012 5356 3079 5410 ad
3122 5355 3220 5412 Dei
3247 5356 3470 5411 domum

1892 5455 2080 5496 omnes
2098 5442 2482 5513 confugerunt,
2500 5446 2789 5517 atqueillie
2810 5448 3039 5519 contigit
3060 5449 3311 5521 angelum
3336 5450 3473 5505 mis-

1895 5550 2012 5589 sum
2035 5542 2240 5589 tantam
2274 5537 2513 5593 hostium
2537 5540 2940 5597 multitudinem
2969 5543 3303 5601 interimere.
3326 5543 3473 5610 Quo-

1895 5625 2057 5679 modo
2091 5638 2269 5682 autem
2307 5630 2361 5685 id
2398 5631 2627 5697 accidet,
2663 5649 2787 5688 mox
2819 5634 2953 5688 dicit
2982 5652 2995 5688 :

204 5728 382 5790 θειαν,
412 5722 448 5795 ἢ
470 5721 660 5795 ὥσπερ
695 5722 785 5776 ἐπί
805 5740 924 5779 τινα
960 5723 1187 5794 ἄγγελον
1205 5724 1304 5778 ἐπὶ
1339 5723 1520 5797 πληγῇ
1542 5721 1861 5795 πεμφθέντα
1899 5723 2008 5780 τῶν
2037 5725 2290 5781 ἐναντίων
2309 5742 2325 5759 ο
2356 5727 2524 5798 ὅνπερ
2551 5727 2614 5799 δή
2653 5727 2850 5799 τρόπον
2880 5728 2981 5799 ήδη
3020 5728 3131 5784 τῶν
3176 5727 3472 5798 Ἀσσυρίων
