3856 6226
339 265 446 322 583

1497 268 1851 322 THEODORI
1893 264 2380 322 MOPSUESTENI

3481 267 3598 321 53b

336 378 740 449 ἐπεληλυθότων
777 383 842 452 τῇ
882 381 1252 454 Ἰερουσαλὴμ,
1286 383 1376 435 ἐπὶ
1426 383 1514 436 τὸν
1569 379 1714 435 οἶκόν
1761 401 1820 436 τε
1854 383 2156 452 κατέφυγον
2193 384 2428 446 ἀπαντες
2462 381 2556 435 τοῦ
2586 382 2720 436 Θεοῦ
2742 422 2758 448 ,
2821 383 3070 437 κάκεῖθεν
3121 384 3303 448 αὐτοῖς
3365 387 3593 456 περιγέ-

335 487 460 539 γονε
515 473 576 526 τὸ
618 472 710 528 τὸν
751 475 980 544 ἄγγελον
1034 477 1395 545 ἐπεληλυθότα
1445 477 1665 530 τοσοῦτο
1703 477 1903 548 πλῆθος
1948 479 2156 532 ἀνελεῖν
2196 480 2304 534 τῶν
2351 479 2640 549 πολεμίων.
2703 478 2810 532 Καὶ
2857 478 2977 531 τίνα
3003 478 3200 550 τρόπον
3234 478 3384 532 ἔσται
3427 480 3595 533 τοῦτο

333 561 508 628 λέγων
540 578 554 591 ’

404 650 571 708 Vens.
611 652 664 717 9,
701 655 786 710 10.
814 685 883 696 -
910 673 930 706 ι
951 657 1014 710 Et
1044 657 1149 712 erit
1181 657 1269 712 die
1300 658 1391 712 illa
1423 674 1659 728 quaeram
1701 659 1900 714 auferri

2089 659 2235 729 Στίχ.
2269 658 2332 722 θ’,
2361 665 2413 712 t'.
2439 689 2506 702 —
2539 677 2558 708 ι
2580 660 2688 712 Καὶ
2714 659 2865 711 ἔσται
2892 659 2950 711 ἐν
2972 660 3036 728 τῇ
3067 657 3249 728 ἡμέρᾳ.
3280 657 3462 729 ἐκείνῃ
3489 659 3591 729 C1;-

333 759 526 799 omnes
567 754 910 816 gentes-quae
940 750 1169 804 veniunt
1200 759 1392 805 contra
1429 752 1790 808 Hierusalem.
1844 752 1912 806 Et

332 834 602 890 effundam
635 854 802 910 super
833 841 1053 896 domum
1099 841 1290 907 David,
1338 854 1391 898 et
1435 861 1598 916 super
1641 846 1912 901 habitato-

332 941 421 980 res
463 925 800 984 Hierusalem
838 933 1091 1001 spiritum
1135 935 1324 1003 gratite
1357 943 1412 990 et
1446 938 1854 992 misericordia.
1884 957 1904 990 ι

333 1014 490 1069 Tunc
531 1016 748 1086 quidem
785 1034 975 1075 omnes
1005 1019 1346 1078 Hierusalem
1401 1039 1751 1095 aggressores
1787 1043 1912 1098 per-

337 1107 486 1162 dam.
536 1107 714 1180 Super
747 1110 970 1166 domum
1006 1122 1186 1169 autem
1231 1114 1474 1182 Davidis,
1525 1117 1580 1171 id
1618 1127 1703 1172 est
1747 1135 1912 1189 super

330 1199 593 1254 oriundos
624 1201 752 1256 inde
774 1201 942 1257 duces
970 1207 1174 1274 populi,
1205 1223 1506 1280 omnesque
1538 1209 1606 1264 ad
1644 1210 1906 1265 Hierusa-

332 1289 434 1342 lem
467 1291 734 1346 ditionem
785 1297 1144 1363 pertinentes,
1200 1301 1430 1354 multam
1467 1317 1644 1357 meam
1681 1305 1909 1372 gratiam

331 1397 395 1436 ac
430 1384 834 1456 benignitatem'
863 1389 1161 1455 effundam,
1207 1406 1369 1448 omne
1413 1409 1585 1463 genus
1630 1396 1764 1464 ipsis
1799 1396 1910 1448 lar-

329 1477 483 1544 giens
529 1480 846 1547 patrocinii.
893 1480 970 1536 Ex
1001 1497 1109 1551 quo
1161 1484 1291 1554 quid
1324 1486 1564 1540 accidet?
1615 1505 1634 1539 ‹
1661 1486 1726 1540 Et
1763 1488 1912 1558 aspi-

330 1569 478 1624 cient
506 1573 572 1624 ad
604 1587 689 1626 me
711 1589 872 1642 quem
915 1575 1331 1632 transﬁxerunt.
1356 1577 1421 1630 Et
1451 1581 1706 1651 plangent
1747 1595 1911 1648 super

329 1677 454 1715 eum
496 1664 717 1732 planctu
761 1679 961 1734 magno
995 1673 1256 1737 tanquam
1311 1685 1476 1740 super
1525 1671 1809 1732 dilectum.
1855 1680 1911 1728 et

328 1750 589 1806 dolebunt
611 1753 797 1810 dolore
825 1763 1080 1825 tanquam
1111 1773 1276 1828 super
1298 1761 1683 1831 primogenito.
1711 1782 1730 1814 ι
1755 1762 1910 1818 'l‘tmc

327 1843 421 1911 qui
472 1855 784 1900 antea'tam
828 1849 1106 1903 contraria
1149 1851 1414 1906 voluntati
1465 1869 1597 1908 mea;
1637 1853 1912 1909 factitave-

327 1946 474 2001 rant,
518 1944 780 2009 tantaque
827 1940 1056 1996 audacia
1094 1943 1358 2000 adversus
1408 1961 1494 2000 me
1536 1946 1622 2001 usi
1672 1945 1904 2011 fuerant,

327 2029 844 2084 inconsiderantiam
902 2048 1058 2088 suam
1107 2042 1162 2090 et
1191 2035 1536 2106 iniquitatem
1568 2048 1904 2108 agnoscent;

327 2117 466 2172 adeo
506 2125 567 2172 ut
609 2120 939 2189 pmnitentes
986 2124 1248 2192 grandem
1287 2125 1492 2180 luctum
1550 2129 1661 2182 sint
1706 2132 1904 2194 acturi,

324 2210 472 2278 quali
503 2211 710 2266 scilicet
764 2211 813 2268 is
848 2221 1095 2269 uteretur
1141 2215 1233 2286 qui
1287 2217 1705 2288 primogenitum
1747 2236 1906 2277 suum

325 2301 550 2372 lugeret.
605 2301 809 2359 Deinde
845 2304 919 2357 ait
947 2306 1147 2361 multos
1188 2305 1528 2362 Hierusalem
1573 2311 1908 2378 poenitentes

324 2393 474 2448 cives
517 2394 766 2463 planctus
799 2394 920 2462 ejus
956 2395 1073 2450 fore
1118 2398 1437 2468 participes,
1501 2403 1592 2470 qui
1633 2403 1907 2456 contraria

325 2483 554 2538 honesto
586 2486 740 2555 prius
763 2485 1041 2553 fecerant;
1065 2486 1160 2542 sed
1187 2505 1333 2543 nunc
1351 2493 1526 2558 gentis
1553 2494 1618 2544 ad
1644 2493 1904 2546 virtutem

324 2575 742 2629 conversionem
782 2585 1094 2638 cernentes,
1146 2577 1472 2645 resipiscere
1505 2586 1564 2631 ut
1595 2595 1692 2648 par
1727 2589 1847 2636 erat
1876 2597 1907 2636 a

322 2664 441 2718 suis
471 2665 858 2732 iniquitatibus
889 2667 1088 2721 volent.
1110 2664 1296 2736 Pergit
1317 2682 1439 2721 mox
1465 2683 1790 2726 enumerare
1811 2673 1908 2725 tri-

323 2757 448 2818 bus,
475 2757 773 2812 ostendens
795 2773 1236 2829 unamquamque
1269 2759 1483 2812 illarum
1512 2759 1564 2814 in
1583 2762 1731 2815 luctu
1769 2762 1904 2828 fore;

321 2849 638 2903 summatim
687 2865 818 2905 vero
839 2867 1031 2906 omnes
1069 2852 1160 2921 qui
1216 2852 1403 2922 peiora
1442 2854 1613 2906 secuti
1665 2853 1906 2920 fuerant,

322 2956 469 2996 nunc
507 2943 885 3011 paenitentiam
927 2941 1328 2999 acttiros.Naiu
1361 2952 1565 3013 quanta
1609 2945 1781 3000 fuerat
1804 2962 1904 3002 an-

321 3043 407 3086 tea
442 3033 620 3102 gentis
654 3033 720 3087 ad
751 3033 1026 3088 deteriora
1055 3035 1373 3098 declinatio,
1399 3043 1550 3090 tanta
1587 3045 1772 3108 postea
1804 3040 1907 3095 sub

323 3118 754 3180 Machabmorum
812 3127 1016 3181 ducatu
1057 3127 1113 3182 in
1167 3129 1365 3183 melius
1407 3131 1696 3186 conversio
1745 3132 1905 3210 353

329 3216 562 3276 exstitit,
595 3231 660 3271 ex
712 3232 824 3286 quo
869 3217 1114 3272 divinum
1173 3216 1352 3287 adepti
1405 3227 1563 3273 erant
1619 3221 1902 3277 auxilium.

2011 753 2158 822 τήσω
2179 751 2367 822 ἐξᾶραι
2399 753 2573 804 πάντα
2610 752 2678 804 τά
2711 751 2837 821 ἔθνη
2857 751 2926 802 τὰ
2965 751 3230 820 ἐρχόμενα
3257 752 3346 802 ἐπὶ
3390 751 3560 822 Ἱερου

2013 842 2212 911 σαλὴμ,
2240 841 2330 894 καὶ
2361 842 2535 911 ἐκχεῶ
2565 843 2656 894 ἐπὶ
2689 841 2778 894 τὸν
2805 837 2953 894 οἷκον
2996 841 3156 894 Δαυῒδ
3196 843 3290 894 καὶ
3329 843 3420 893 ἐπὶ
3459 844 3593 903 τοὺς

2011 934 2290 997 οἰκοῦντας
2330 933 2683 1004 Ἰερουσαλὴμ
2716 931 2932 1001 πνεῦμα
2977 931 3196 1001 χάριτος
3245 933 3336 984 καὶ
3384 935 3565 1002 οίκτιρ

2016 1025 2137 1097 μοῦ.
2163 1046 2180 1078 ι
2214 1025 2347 1079 Τότε
2377 1025 2485 1095 γὰρ
2518 1026 2580 1095 δὴ
2617 1025 2743 1088 τοὺς
2779 1025 2876 1094 μὲν
2920 1025 3062 1077 κατὰ
3094 1025 3193 1095 τῆς
3229 1025 3592 1094 Ἰερουσαλὴμ

2012 1117 2496 1188 ἐπικεχειρτήνότας
2542 1117 2750 1179 πάντας
2779 1116 3025 1182 ἀφανιῶ·
3062 1118 3153 1169 ἐπὶ
3209 1117 3264 1170 δὲ
3319 1118 3405 1170 τὸν
3437 1113 3591 1171 οἷκον

2013 1209 2174 1262 Δαυῖδ
2197 1251 2210 1267 ,
2259 1209 2342 1261 ἵνα
2377 1209 2506 1282 εἴπῃ
2531 1209 2656 1271 τοὺς
2695 1209 2904 1262 ἐκεῖθεν
2948 1209 3278 1280 ἡγουμένους
3309 1209 3400 1262 τοῦ
3430 1210 3565 1264 λαου

2013 1299 2256 1363 ἅπαντάς
2284 1317 2343 1352 τε
2373 1301 2593 1370 τοὺςτῇ
2635 1299 2989 1371 Ἰερουσαλὴμ
3023 1303 3396 1371 προσήκοντας
3421 1341 3436 1363 ,
3464 1302 3563 1355 πο)

2011 1391 2109 1462 λὴν
2141 1393 2241 1461 τήν
2278 1408 2336 1444 τε
2368 1391 2527 1460 χάριν
2557 1391 2649 1444 καὶ
2680 1389 2777 1461 τὴν
2813 1391 3217 1460 φιλανθρωπίαν
3252 1392 3592 1460 ἐπιδείξομα.

2011 1483 2108 1553 τὴν
2137 1484 2294 1554 ἐμὴν,
2325 1483 2431 1535 πᾶν
2453 1478 2590 1545 εἶδος
2614 1483 2794 1544 αὐτοῖς
2824 1482 3078 1553 παρέχων
3104 1483 3429 1553 κηδεμονίας
3446 1501 3460 1513 ·
3488 1484 3591 1552 ἀφ’

2011 1571 2072 1629 οὗ
2092 1574 2154 1646 δὴ
2198 1575 2249 1627 τί
2279 1576 2595 1646 γενήσεται;
2634 1593 2651 1624 ι
2675 1574 2782 1627 Καὶ
2813 1575 3195 1644 ἐπιϐλέψονται
3230 1576 3365 1645 πρός
3397 1593 3465 1646 με
3501 1577 3585 1639 είς,

2010 1667 2070 1720 ὃν
2100 1665 2456 1736 ἐξεκέντησαν
2479 1707 2493 1730 ,
2521 1667 2615 1718 καὶ
2643 1666 2896 1735 κόψονται
2943 1667 3029 1718 ἐπ’
3063 1666 3212 1735 αύτῷ
3245 1668 3470 1719 κοπετὸν
3506 1667 3586 1730 ὡς

2011 1759 2104 1810 ἐπὶ
2127 1757 2414 1827 ἀγαπητῷ,
2441 1758 2534 1810 καὶ
2562 1757 2978 1826 ὀδυνηθήσονται
3013 1758 3101 1810 ἐπ’
3120 1756 3264 1827 αὐτῷ
3288 1756 3477 1829 ὀδύνην
3505 1757 3588 1821 ὡς

2012 1850 2103 1902 ἐπὶ
2135 1848 2484 1920 πρωτοτὸκῳ.
2516 1869 2533 1900 ι
2569 1849 2701 1902 Τότε
2731 1849 2786 1902 δὲ
2821 1851 2870 1901 oi
2918 1849 3176 1902 τάναντία
3206 1849 3313 1902 τῶν
3352 1851 3471 1919 ἐμοὶ
3497 1851 3588 1902 δο-

2011 1939 2247 1993 κούντων
2279 1939 2523 2010 ἑλόμενοι
2579 1940 2871 2010 πρότερον,
2917 1939 2994 2009 (p.
3028 1939 3152 2008 525)
3203 1941 3297 1994 καὶ
3343 1940 3587 2011 τοσαύτῃ

2009 2033 2177 2104 τόλμῃ
2208 2033 2544 2104 χρησάμενοι
2583 2033 2700 2085 κατ’
2732 2032 2866 2102 ἐμοῦ
2889 2075 2904 2097 ,
2944 2032 3047 2102 τῆς
3083 2032 3336 2096 ἀϐουλίας
3363 2034 3456 2086 καὶ
3483 2035 3588 2104 τῆς

2009 2124 2351 2194 παρανομίας
2381 2122 2727 2194 αἰσθήσονται
2753 2124 2850 2194 τῆς
2898 2123 3060 2186 ίδίας·
3100 2123 3240 2176 ὥστε
3289 2125 3384 2176 καὶ
3415 2141 3586 2194 μετα-

2013 2216 2335 2288 μελομένους
2359 2217 2556 2279 αὐτοὺς
2584 2215 2802 2286 μεγάλῳ
2829 2214 3066 2287 χρῆσθαι
3087 2216 3318 2286 κοπετῷ,
3337 2218 3431 2269 καὶ
3452 2217 3585 2287 οἵῳ-

2010 2327 2114 2380 περ
2147 2310 2211 2364 ἀν
2239 2326 2321 2371 τις
2350 2309 2612 2380 χρήσαιτο
2639 2307 2970 2378 ὀδυνώμενος
3002 2309 3095 2362 ἐπὶ
3119 2309 3338 2380 τελευτῇ
3368 2326 3588 2379 πρωτο-

2008 2401 2186 2454 τόκου.
2219 2395 2352 2453 Εἷτα
2380 2399 2525 2467 λέγει
2559 2399 2655 2468 μὲν
2704 2399 2785 2451 ὅτι
2818 2399 3001 2452 πολλοὶ
3033 2399 3139 2452 τῶν
3171 2401 3268 2470 τῆς
3310 2401 3583 2472 Ἰερουσει.⁹

2007 2491 2118 2562 λὴμ
2150 2491 2574 2562 μεταμελόμενοι
2618 2488 2713 2542 τοῦ
2754 2489 2986 2543 κοπετοῦ
3042 2490 3325 2560 μεθέξουσι
3366 2491 3582 2553 τούτου,

2007 2585 2056 2638 οἳ
2086 2584 2342 2638 τάναντία
2389 2583 2496 2636 τῶν
2529 2583 2756 2636 δεόντων
2787 2583 3099 2654 αἱρούμενοι
3140 2585 3402 2656 πρότερον
3425 2624 3441 2645 .
3483 2587 3587 2656 τὴν

2007 2674 2098 2726 sui.
2129 2672 2190 2726 τὸ
2245 2676 2490 2744 κρεῖττον
2544 2671 2844 2742 μεταϐολὴν
2877 2671 2970 2725 τοῦ
3022 2672 3205 2735 ἔθνους
3234 2672 3583 2743 θεασάμενοι,

2011 2763 2408 2834 μεταμέλεσθαι
2438 2765 2515 2826 ὼς
2549 2762 2695 2825 εἰκὸς
2731 2763 2822 2815 ἐπὶ
2853 2764 2970 2824 ταῖς
3003 2763 3366 2832 παρανομίαις
3408 2761 3584 2832 ἤμελ-

2006 2854 2095 2908 λον
2130 2859 2250 2918 ταῖς
2279 2855 2456 2917 ἰδίαις.
2487 2854 2648 2921 Λέγει
2678 2854 2733 2906 δέ
2762 2854 2856 2906 καὶ
2899 2853 3134 2922 καθεξῆς
3165 2853 3585 2925 ἀπαριθμούμε-

2008 2964 2095 3009 νος
2127 2945 2226 3008 τὰς
2259 2947 2430 3014 φυλὰς
2456 2985 2471 3008 ,
2513 2944 2686 3014 δηλῶν
2726 2945 2806 2996 ὅτι
2836 2944 3038 3014 ἑκάστη
3073 2943 3194 2998 καθ’
3223 2945 3421 3016 ἑαυτὴν
3445 2947 3584 3016 χρηο

2009 3054 2159 3091 σεται
2180 3036 2257 3106 τῷ
2295 3036 2498 3100 πένθει,
2530 3036 2616 3087 ἵνα
2649 3035 2926 3104 συντόμως
2948 3036 3078 3108 εἴπῃ
3107 3038 3189 3089 ὅτι
3221 3037 3426 3101 πάντας
3452 3037 3582 3102 τοὺς

2005 3131 2071 3184 τὰ
2098 3129 2316 3199 χείρονα
2363 3128 2645 3198 ἑλομένους
2701 3127 3032 3197 μεταμέλεια
3078 3128 3304 3198 λήψεται
3330 3147 3344 3161 ο
3394 3131 3582 3201 ἐπειδὴ

2006 3220 2112 3290 γὰρ
2138 3218 2303 3288 πολλὴ
2337 3217 2434 3288 μέν
2463 3235 2547 3282 τις
2569 3217 2830 3290 πρότερον
2864 3222 2896 3289 ἠ
2928 3220 3018 3272 ἐπὶ
3051 3220 3110 3272 τὸ
3135 3223 3313 3291 χεῖρον
3340 3222 3582 3289 ἐγεγόνει

321 3305 681 3372 Quamobrem
717 3317 771 3362 et
795 3307 978 3364 hostes
1003 3323 1134 3365 suos
1167 3311 1573 3374 exstinxerunt,
1609 3321 1663 3366 et
1691 3312 1743 3366 in
1771 3315 1900 3367 urhe

2011 3311 2148 3382 ῥοπὴ
2183 3309 2274 3363 τοῦ
2305 3309 2490 3372 ἔθνους
2509 3349 2524 3372 ,
2554 3309 2723 3379 πολλὴ
2759 3309 2986 3381 ὕστερον
3015 3312 3137 3380 ἡιέκ
3168 3312 3264 3380 τῆς
3285 3311 3389 3364 τῶν
3422 3313 3582 3366 Μακ-

330 3412 397 3452 ac
489 3397 581 3452 Dei
656 3401 858 3470 templo
928 3401 1168 3471 legitima
1231 3417 1296 3456 ac
1367 3402 1710 3458 sacerdotale
1785 3405 1909 3457 offi-

317 3490 466 3543 cium
495 3493 723 3545 decente
757 3507 888 3546 cura
920 3493 1143 3547 tractari
1179 3503 1501 3564 cceperuut;
1541 3511 1604 3549 ac
1640 3504 1755 3548 tum
1795 3494 1895 3550 dc-

321 3596 468 3636 mum
502 3579 674 3637 Judaei
706 3587 1020 3640 necessario
1051 3587 1408 3657 resipuerunt
1451 3590 1522 3643 ab
1555 3604 1618 3644 ea
1656 3589 1709 3642 in
1740 3605 1904 3658 quam

321 3680 479 3724 antea
507 3673 848 3728 incurrerant
887 3677 1166 3746 impietate
1195 3692 1259 3732 ac
1291 3678 1467 3747 legum
1515 3679 1898 3733 inohedientia.

317 3761 438 3816 lam
474 3766 568 3833 qui
623 3766 912 3834 planctunf
949 3768 1164 3823 dixerat
1207 3778 1261 3824 et
1316 3771 1713 3840 pmnitenliam,
1759 3770 1899 3825 idem

319 3855 734 3910 conversionem
786 3872 1003 3926 quoque
1047 3873 1234 3912 rerum
1283 3859 1337 3913 in
1370 3862 1564 3915 melius
1612 3877 1720 3915 non
1771 3862 1901 3916 reti-

317 3945 452 4010 cuit,
499 3961 622 4016 quae
663 3947 922 4002 nimirum
975 3958 1180 4004 tantam
1229 3949 1380 4004 illam
1429 3951 1806 4022 paenitentiam
1841 3952 1897 4006 in

317 4040 531 4095 cunctis
562 4048 954 4095 commoverat.

2004 3403 2246 3457 καϐαίων
2271 3402 2603 3472 προστασίας
2639 3402 2731 3454 ἐπὶ
2762 3401 2822 3455 τὸ
2847 3405 3089 3474 κρεῖττον
3121 3402 3386 3473 μεταϐολὴ
3419 3421 3544 3456 τετυ
3564 3432 3582 3446 ο

2003 3495 2249 3564 χηκότων
2278 3494 2378 3563 τῆς
2413 3494 2563 3557 θείας
2587 3493 2759 3564 ῥοπῆς
2790 3511 2801 3523 ο
2835 3494 2909 3557 ὡς
2938 3493 3286 3564 ἀναιρεθῆναι
3323 3496 3421 3566 μὲν
3455 3498 3580 3559 τοὺς

2003 3587 2277 3649 ἐναντίους
2300 3587 2394 3639 ὑπ’
2427 3586 2628 3648 αὐτῶν,
2660 3586 3180 3656 ἀποκαταστῆναιδέ
3206 3591 3271 3656 τῇ
3305 3587 3454 3640 πόλει
3485 3588 3582 3640 καὶ

2002 3677 2079 3750 τῷ
2102 3678 2197 3732 τοῦ
2227 3679 2362 3732 Θεοῦ
2392 3679 2505 3750 ναῷ
2531 3679 2628 3748 τὴν
2662 3679 2983 3748 εὐκοσμίαν,
3009 3679 3135 3741 τοὺς
3168 3679 3363 3748 νόμους
3387 3695 3445 3730 τε
3477 3679 3579 3732 πά-

2002 3771 2087 3824 λιν
2119 3772 2244 3834 τοὺς
2271 3769 2445 3836 θείους
2473 3772 2570 3840 τήν
2597 3787 2656 3822 τε
2686 3772 2782 3840 τῆς
2815 3768 3110 3840 ἱερωσύνης
3134 3769 3447 3839 ἐπιμέλειαν
3474 3769 3576 3838 τῆς

2005 3863 2389 3935 προσηκούσης
2422 3861 2709 3931 τργχάνειν
2741 3861 2976 3930 σπουδῆς
3000 3900 3014 3924 ,
3049 3859 3360 3928 ἀναγκαίως
3381 3861 3487 3928 ἄρα
3509 3861 3576 3911 ἐκ

1999 3955 2096 4024 τῆς
2127 3953 2429 4024 μεταϐολῆς
2460 3952 2814 4024 μετεμέλοντο
2837 3993 2851 4015 ,
2889 3953 2971 4020 ἐφ’
3000 3945 3080 4014 οἷς
3121 3949 3349 4020 πρόσθεν
3382 3951 3457 4012 είς
3487 3967 3577 4001 το-

2003 4044 2208 4108 σαύτας
2236 4045 2490 4109 ἀσεϐείας
2527 4061 2588 4098 τε
2620 4045 2712 4098 καὶ
2755 4045 3094 4114 παρανομίας
3125 4041 3432 4106 ἐξώκειλαν.
3464 4045 3576 4112 Δηο

318 4126 498 4190 λὼσας
540 4128 598 4181 δέ
622 4127 714 4181 τὸν
757 4131 984 4183 κοπετὸν
1028 4132 1123 4184 καὶ
1169 4131 1268 4202 τὴν
1305 4131 1708 4204 μεταμέλειαν,
1758 4133 1907 4201 λέγει
1940 4133 2038 4204 τὴν
2079 4135 2171 4188 ἐπὶ
2216 4135 2278 4187 τὸ
2307 4137 2552 4205 κρεῖττον
2598 4133 2936 4205 μεταϐολὴν,
2988 4135 3079 4203 ἀφ’
3117 4128 3186 4204 ἦς
3223 4133 3286 4204 δὴ
3339 4131 3574 4203 μάλιστα

316 4217 388 4273 τὰ
405 4219 504 4290 τῆς
529 4219 800 4290 τοσαύτης
839 4222 1200 4291 μεταμελείας
1231 4224 1502 4294 ἐνεγίνετο
1532 4228 1716 4280 πᾶσιν.

942 4308 1095 4364 CAP.
1136 4309 1282 4363 XIII.

385 4394 556 4453 Vsus.
605 4397 717 4452 1-7.
758 4427 829 4438 —-
873 4417 891 4448 ι
921 4399 1014 4452 Illa
1042 4400 1207 4465 enim,
1241 4401 1438 4469 inquit,
1480 4400 1569 4454 die
1606 4401 1788 4456 omnis
1815 4401 1896 4456 lo-

317 4506 417 4546 cus
445 4497 669 4559 apertus
694 4490 798 4544 erit
828 4489 1013 4544 domui
1051 4490 1296 4545 Davidis.
1335 4511 1354 4545 ›
1393 4491 1449 4546 Id
1479 4499 1584 4557 est,
1603 4493 1787 4546 cuncti
1824 4493 1892 4546 li-

318 4583 510 4639 benter
535 4583 657 4638 illos
681 4581 851 4636 duces
875 4583 1166 4653 excipient,
1196 4601 1320 4638 cum
1367 4586 1514 4639 omni
1553 4584 1621 4639 ad
1651 4600 1748 4640 eos
1777 4586 1892 4638 ala-

317 4675 512 4728 ('ritate
551 4673 954 4744 confugientes,
1005 4681 1064 4727 ut
1096 4676 1215 4743 pios
1267 4683 1321 4730 et
1379 4677 1644 4731 adversus
1703 4677 1888 4732 hostes

317 4763 500 4818 divina
541 4764 713 4834 palam
757 4780 860 4834 ope
901 4763 1134 4833 adiutos.
1173 4764 1378 4820 Deinde
1415 4768 1713 4822 ostendens
1745 4784 1888 4837 quo-

319 4855 482 4910 modo
516 4872 604 4911 res
638 4858 911 4924 religiosae
947 4857 1013 4911 ad
1063 4866 1274 4912 rectum
1323 4867 1522 4914 statum
1555 4876 1653 4931 per
1683 4859 1895 4915 Macha-

320 4948 556 5001 hzeorum
616 4948 914 5016 potentiam
971 4956 1336 5014 revertentur,
1413 4951 1734 5006 curantibus
1784 4953 1892 5007 illis

319 5040 512 5092 vitiosa
538 5041 718 5091 omnia
745 5040 1050 5103 destruere,
1075 5049 1129 5094 et
1161 5039 1271 5095 Deo
1305 5041 1504 5110 placita
1554 5043 1888 5110 instaurare,

323 5149 344 5180 ι
369 5131 432 5183 Et
457 5129 583 5193 erit,
610 5129 810 5197 inquit,
845 5131 933 5184 die
966 5131 1082 5193 illa,
1105 5131 1241 5185 dicit
1267 5130 1551 5196 Dominus,
1582 5133 1775 5189 delebo
1795 5151 1892 5188 no-

319 5219 464 5272 mina
493 5219 764 5273 idolorum
795 5220 862 5272 de
896 5227 1062 5281 terra,
1097 5236 1275 5291 neque
1316 5222 1546 5280 ulterius
1577 5227 1781 5280 mentio
1818 5227 1884 5279 il-

318 5312 492 5364 lorum
524 5310 647 5364 erit.
681 5311 745 5363 Et
776 5310 1288 5382 pseudoprophetas
1311 5327 1376 5368 ac
1410 5315 1664 5385 spiritum
1703 5317 1884 5387 impu-

316 5418 436 5457 rum
468 5403 534 5458 de
570 5411 714 5456 terra
764 5402 1028 5457 auferam.
1065 5421 1088 5458 ι
1125 5403 1277 5460 Tunc
1335 5421 1466 5462 sane
1513 5408 1617 5462 sub
1662 5408 1882 5463 illorum

316 5495 638 5567 praefectura
697 5496 875 5551 oumis
914 5497 1184 5551 idolorum
1247 5499 1428 5554 cultus
1475 5499 1775 5564 auferetur,
1831 5510 1882 5555 et

315 5585 496 5643 multis
542 5587 1146 5656 pseudOpmphetarum
1193 5588 1345 5644 fraus
1389 5589 1743 5654 dissolvetur,
1785 5608 1881 5646 ne-

316 5679 459 5734 tnine
485 5677 718 5734 audente
741 5678 1033 5742 quidquam
1055 5681 1363 5746 huiusmodi
1395 5687 1684 5753 attentare.
1705 5683 1880 5752 Atque

2637 4308 2796 4364 ΚΕΦ.
2821 4309 2923 4364 ll".

2067 4402 2216 4474 Στίχ.
2245 4401 2393 4467 α’-ζ¹.
2426 4431 2497 4443 ——
2534 4419 2554 4452 ι
2575 4403 2662 4456 Ἐν
2691 4402 2874 4474 ἐκείνῃ
2912 4401 3021 4473 γάρ
3041 4441 3057 4465 ,
3093 4401 3224 4471 φησὶ
3247 4441 3263 4465 ,
3287 4403 3352 4472 τῇ
3386 4401 3575 4474 ἡμέρα

1999 4498 2105 4559 πᾶς
2129 4495 2291 4560 τόπος
2325 4494 2474 4547 ἔσται
2502 4494 2900 4564 διανοιγόμενος
2921 4493 3000 4564 τῷ
3031 4494 3162 4564 οἴκῳ
3177 4495 3363 4548 Δαυῖδ.
3397 4513 3414 4545 ι
3452 4495 3576 4550 Ἵνα

1997 4589 2126 4660 εἴπῃ
2153 4589 2236 4641 ὅτι
2275 4587 2473 4650 πάντες
2505 4586 2736 4656 ἐτοίμως
2773 4587 2848 4647 ὼς
2879 4587 3212 4658 ἡγουμένους
3246 4586 3572 4657 προσδέξον-

1994 4697 2104 4744 ται,
2137 4679 2348 4750 (μὸἓι)
2389 4678 2525 4749 μετά
2550 4678 2729 4748 πάσης
2760 4678 2943 4742 αὐτοῖς
2966 4677 3269 4749 προθυμίας
3295 4679 3565 4750 προστρέ-

1992 4786 2206 4840 χοντες,
2243 4769 2319 4833 ὡς
2356 4768 2604 4822 εὐσεϐέσι
2652 4785 2712 4822 τε
2766 4767 2862 4822 καὶ
2892 4770 3128 4840 ἰσχυροῖς
3177 4771 3242 4839 τῇ
3278 4768 3396 4838 θεία
3425 4770 3568 4838 ῥοπῇ

1993 4857 2134 4913 κατά
2160 4857 2268 4911 τῶν
2291 4857 2548 4911 ἐναντίων
2587 4859 2852 4925 φανεῖσιν.
2885 4852 3016 4909 Εἶτα
3051 4855 3265 4918 δεικνὺς
3299 4856 3444 4918 ὅπως
3473 4856 3569 4908 καὶ

1990 4950 2061 5003 τὰ
2102 4950 2198 5020 τῆς
2228 4947 2532 5011 θεοσεϐείας
2569 4947 2664 5001 ἐπὶ
2707 4946 2768 5000 τὸ
2796 4947 2912 5000 δέον
2956 4946 3045 5001 διὰ
3070 4946 3169 5015 τῆς
3194 4947 3301 4999 τῶν
3337 4948 3570 5001 Μακκαο

1992 5041 2161 5094 ϐαίων
2191 5039 2544 5112 ἐπικρατείας
2577 5040 2974 5110 μεταστήσεται
2995 5079 3008 5100 ,
3038 5038 3567 5109 παρασκευαζόντων

1992 5131 2348 5200 ἀφανίζεσθαι
2376 5130 2474 5202 μέν
2497 5131 2713 5184 ἅπαντα
2744 5130 2812 5184 τὰ
2837 5129 3020 5201 χείρω,
3052 5133 3272 5201 κρατεῖν
3299 5129 3353 5182 δέ
3381 5128 3452 5182 τὰ
3487 5129 3564 5198 τῷ

1990 5225 2109 5294 Θεῷ
2131 5223 2409 5284 δοκοῦντα,
2452 5241 2470 5272 ι
2495 5223 2604 5276 Καὶ
2636 5222 2788 5276 ἔσται
2810 5223 2866 5275 ἐν
2894 5225 2958 5292 τῇ
2983 5221 3162 5292 ἡμέρα
3183 5222 3385 5295 ἐκείνῃ,
3417 5221 3565 5290 λέγει

1992 5316 2192 5388 Κύριος
2227 5315 2474 5382 Σαϐαὼθ,
2499 5315 2862 5386 ἐξολοθρεύσω
2888 5313 2956 5368 τὰ
2986 5315 3224 5385 ὀνόματα
3252 5313 3360 5367 τῶν
3408 5312 3583 5383 είδὼο,

1991 5408 2098 5460 λων
2121 5407 2229 5461 ἀπὸ
2260 5407 2360 5476 τῆς
2383 5407 2506 5476 γῆς,
2539 5407 2634 5459 καὶ
2655 5406 2833 5459 οὐκέτι
2863 5404 3010 5459 ἔσται
3039 5404 3218 5459 αὐτῶν
3243 5405 3401 5475 μνεία
3420 5419 3436 5434 ⁸
3466 5405 3562 5458 καὶ

1993 5500 2119 5563 τοὺς
2146 5499 2592 5570 ψευδοπροφήτας
2634 5497 2727 5551 καὶ
2776 5497 2835 5551 τὸ
2887 5494 3104 5566 πνεῦμα
3149 5495 3209 5548 τὸ
3251 5495 3561 5565 ἀκάθαρτον

1988 5592 2165 5663 ἐξαρῶ
2189 5592 2296 5645 ἀπὸ
2325 5593 2421 5663 τῆς
2449 5591 2572 5661 γῆς.
2599 5609 2617 5644 t
2656 5591 2784 5644 Τότε
2811 5589 2919 5661 γὰρ
2957 5589 3019 5657 δὴ
3065 5587 3150 5641 διὰ
3197 5587 3296 5657 τῆς
3335 5589 3560 5641 ἐκείνων

1990 5684 2309 5748 ἐπιστασίας
2336 5686 2482 5739 πᾶσα
2511 5685 2609 5757 μὲν
2637 5686 2670 5755 ὴ
2703 5683 2810 5740 τῶν
2859 5685 3091 5740 εἰδώλων
3130 5682 3558 5756 ἀφαιρεθήσεται
