3830 6216
142 382 145 387 .
173 325 283 382 585

1051 321 1680 380 COMMENTARIUSIN
1715 320 2080 375 ZACIiAille
2119 322 2273 379 CAP.
2306 321 2442 376 XIII.

3326 318 3432 376 586

176 439 468 512 θεραπεία,
492 442 642 496 πᾶσα
681 442 738 495 δὲ
762 439 1191 512 καταλυθήσεται
1234 440 1341 493 τῶν
1387 439 1748 510 ψευδοπροφη-

1868 451 1923 493 ut
1952 440 2289 494 dentonstret
2313 454 2476 509 quam
2506 439 2615 493 late
2649 438 2908 492 honestas
2943 435 3295 490 dominatura
3335 435 3430 496 sit,

175 532 285 583 τῶν
316 534 350 601 ή
402 533 619 603 ἀπάτη,
662 533 877 596 οὐδενὸς
908 533 1306 600 ἐπιτολμῶντος
1357 532 1509 584 οὐδὲν
1564 533 1753 601 ἐπιτη-

174 621 354 674 δεύειν
393 624 623 676 τοιοῦτο.
661 624 771 677 Καὶ
805 624 1018 687 δεικνὺς
1058 624 1228 692 ὁπόση
1255 640 1335 684 τις
1362 624 1395 691 η
1436 624 1753 693 ἐπικράτεια

173 715 466 784 γενήσεται
488 714 583 767 τοῦ
614 713 801 775 καλοῦ,
822 716 985 785 φησὶν
1011 716 1089 768 ὅτι
1112 716 1159 767 εἰ
1183 713 1469 785 τολμήσειέ
1500 730 1583 777 τις
1611 731 1753 785 παρ-

174 804 350 856 ελθὼν
379 806 519 858 κατά
562 806 655 858 τὸν
692 806 881 877 καιρὸν
932 807 1136 859 ἐκεῖνον
1183 805 1652 875 προσποιήσασθαί
1702 824 1753 857 τι

175 896 284 948 τῶν
327 896 603 967 ἐσομένων
650 898 872 968 μηνύειν
922 900 984 951 ἐκ
1018 898 1325 968 πνεύματος
1369 898 1754 969 ἐνεργούμενος

175 986 484 1056 ἀλλοτρίου,
522 987 733 1050 οὐδενὸς
769 988 862 1039 ἐπὶ
890 987 968 1057 τῷ
1011 988 1322 1058 τολμήματι
1352 988 1525 1059 τούτῳ
1552 988 1645 1041 καὶ
1677 988 1754 1058 τῷ

175 1080 608 1150 παρανομήματι
632 1080 752 1133 ούδέ
781 1080 931 1150 παρά
982 1079 1091 1132 τῶν
1134 1080 1551 1150 γεννησαμένων
1592 1077 1753 1133 ἆύτὺν

175 1172 510 1243 συγγνώμης
537 1173 569 1242 ἢ
604 1173 754 1225 ἐλέου
784 1172 1028 1237 τεύξεται
1068 1172 1179 1226 ἔτι*
1218 1174 1399 1237 αὐτοῖς
1426 1174 1533 1245 γάρ
1560 1176 1751 1226 ἐκεῖνοι

176 1262 465 1333 μονονουχὶ
493 1264 847 1334 συνδήσαντες
897 1262 1060 1316 αὑτὸν
1088 1302 1103 1323 ,
1156 1263 1297 1333 ὑπὲρ
1328 1263 1392 1334 δὴ
1447 1263 1631 1323 ψευδεί
1661 1264 1753 1316 καὶ

173 1354 572 1429 πεπλανημένη
602 1356 907 1427 προφητείᾳ
945 1358 1244 1427 κεχρῆσθαι
1273 1358 1464 1427 τολμᾷ,
1502 1357 1753 1427 παραδώ-

176 1464 332 1499 σουσι
358 1448 599 1518 τιμωρίᾳ
622 1462 635 1475 ⁸
659 1447 830 1511 οὕτως
867 1447 1096 1520 αἰσχύνῃ
1139 1449 1236 1518 μὲν
1271 1448 1751 1519 περιϐληθήσονται

175 1539 380 1601 πάντες
428 1540 475 1591 οἱ
508 1539 808 1607 τηνικαῦτα
855 1539 1115 1603 τοιούτοις
1146 1540 1546 1611 ἐπιχειροῦντες
1566 1580 1580 1602 ,
1616 1539 1753 1609 πρὸς

177 1630 544 1701 μεταμέλειαν
572 1630 629 1683 δὲ
660 1630 906 1683 νεύσουσι
936 1631 1027 1691 καὶ
1058 1630 1249 1693 πένθος
1288 1633 1351 1684 ἐκ
1376 1630 1484 1684 τῶν
1512 1632 1751 1698 ἐπιγινο·

175 1722 357 1793 μένων
400 1722 583 1784 αὐτοῖς
615 1722 815 1775 κακῶν.
868 1726 941 1792 (p.
971 1723 1097 1791 5‘25)
1132 1723 1303 1777 Τοῦτο
1350 1723 1457 1795 γάρ
1501 1722 1646 1788 λέγει
1672 1724 1753 1784 τὸ,

1857 523 2254 595 Nemo,inquit,
2292 529 2384 582 illo
2410 537 2654 597 tempore
2682 527 2924 589 audebit,
2956 526 3010 579 in
3047 524 3285 578 medium
3302 537 3433 594 pro-

1853 619 2074 679 cedens,
2114 619 2373 673 simulare
2402 617 2622 687 aliquod
2667 618 2985 673 vaticinium
3023 618 3203 671 alieno
3234 616 3432 685 spiritu

1854 709 2184 777 instinctus;
2232 726 2410 780 neque
2447 713 2591 768 enim
2641 713 2932 781 quiSquam
2995 711 3067 766 ob
3098 710 3150 764 id
3215 710 3431 763 facinus

1852 809 2016 872 atque
2042 806 2223 861 scelus
2253 809 2337 862 vel
2372 809 2441 863 ab
2469 809 2604 879 ipsis
2629 807 2946 877 parentibus
2978 804 3191 859 veniam
3224 809 3318 855 aut
3336 801 3430 855 mi-

1852 893 2207 949 sericordiam
2229 907 2676 969 consequeretur.
2716 897 2821 966 lpsi
2844 897 2987 949 enim
3014 894 3089 948 illi
3120 895 3267 948 hunc
3297 908 3428 962 pro—

1852 986 2139 1053 pemodum
2168 988 2419 1059 ligantes,
2454 990 2589 1044 falsa
2624 988 3076 1055 fraudulentaque
3107 984 3272 1055 35‘,
3301 999 3427 1054 pro-

1852 1078 2034 1146 phetia
2064 1080 2212 1135 abuti
2239 1097 2453 1147 ausum,
2474 1079 3051 1152 supplieiotraderent.
3071 1077 3162 1131 Sic
3193 1076 3427 1147 ignomi-

1854 1167 1945 1220 nia
1982 1170 2203 1237 quidem
2244 1172 2548 1227 obruentur
2581 1186 2771 1226 omnes
2798 1170 2891 1240 qui
2919 1177 3049 1223 tunc
3070 1168 3185 1224 haec
3216 1168 3424 1223 scelera

1854 1259 2175 1316 admiserint
2209 1283 2221 1317 :
2254 1264 2322 1319 de
2355 1264 2676 1334 paenitentia
2716 1271 2895 1317 autem
2925 1262 3185 1329 luctuque
3217 1260 3424 1329 cogita-

1853 1350 1988 1405 bunt
2026 1362 2248 1424 propter
2284 1356 2601 1427 ingruentes
2631 1356 2764 1424 ipsis
2792 1352 3151 1407 calamitates.
3191 1347 3250 1403 Id
3275 1350 3420 1404 enim

1853 1444 2163 1511 significant
2195 1446 2359 1502 verba
2390 1467 2402 1501 :
2446 1466 2464 1498 ι
2489 1446 2782 1501 lnduentur
2814 1444 2950 1514 pelle
2988 1442 3222 1497 ciliciua.
3250 1460 3269 1492 ι
3303 1439 3425 1495 Sic-

1854 1544 1913 1587 ut
1944 1545 2026 1590 cst
2065 1538 2203 1605 apud
2247 1539 2461 1593 beatum
2516 1537 2772 1592 Davidem
2807 1556 2820 1590 :
2860 1555 2878 1586 ι
2912 1534 3239 1589 Conscidisti
3298 1546 3421 1585 sac-

1852 1640 1977 1678 cum
2020 1642 2219 1686 meum,
2261 1636 2314 1681 et
2344 1627 2755 1683 circumdedisti
2789 1640 2874 1679 me
2890 1619 3078 1675 laetitia
3094 1617 3138 1648 ⁷⁸
3161 1633 3175 1681 ;
3202 1636 3219 1667 ι
3243 1614 3299 1669 id
3319 1623 3426 1675 (δεῖν

1855 1716 2002 1769 luctu
2056 1718 2305 1787 depulso,
2358 1719 2557 1788 gaudio
2603 1734 2688 1772 tne
2718 1715 3077 1785 compleristi.
3115 1715 3182 1765 At
3222 1713 3300 1773 hi,
3342 1713 3423 1765 in-

177 1831 196 1861 ι
218 1811 529 1864 ἐνδύσονται
554 1811 734 1883 δέρριν
757 1812 1003 1883 τριχίνην
1022 1829 1034 1841 ο
1058 1833 1075 1863 ι
1102 1806 1212 1865 οἷόν
1238 1814 1353 1867 ἐστι
1370 1813 1521 1882 παρά
1546 1813 1622 1884 τῷ
1646 1831 1748 1884 μα-

1852 1810 1990 1878 quit,
2028 1809 2091 1863 ad
2137 1811 2509 1878 paenitentiam
2554 1809 2827 1871 conversi,
2881 1818 2936 1862 et
2976 1805 3191 1874 lugubri
3242 1804 3422 1857 induti

172 1900 353 1970 καρίῳ
385 1898 545 1952 Δαυῒδ
574 1898 657 1960 τὸ,
697 1917 715 1949 ι
739 1900 1041 1971 Διὲρῤηξας
1068 1899 1123 1951 δὲ
1146 1900 1235 1952 τὸν
1256 1898 1459 1953 σάκκον
1487 1916 1586 1969 μου
1608 1940 1622 1963 ,
1657 1900 1752 1953 καὶ

172 1989 518 2061 περιέζωσάς
553 2006 621 2059 με
672 1988 1041 2060 εὐφροσύνην·
1080 2008 1097 2040 ι
1156 1989 1241 2041 ἵνα
1290 1991 1416 2061 εἴπῃ
1443 2029 1457 2049 ,
1517 1988 1590 2040 Τὸ
1623 1989 1750 2040 πέν-

173 2083 264 2144 θος
318 2079 590 2152 περιελὼν
641 2080 979 2149 εὐφροσύνης
1040 2097 1106 2150 με
1158 2080 1548 2151 πεπλήρωκας.
1593 2081 1656 2132 Οἱ
1688 2079 1751 2148 δὴ

171 2170 428 2235 τοιοῦτοι,
459 2172 611 2242 φησι,
645 2170 781 2240 πρὸς
809 2170 1173 2242 μεταμέλειαν
1196 2170 1501 2235 νεύσαντες,
1520 2173 1610 2224 καὶ
1631 2188 1755 2224 πεν-

173 2264 325 2318 θικὸν
355 2263 705 2334 περιθέμενοι
734 2264 941 2334 σχῆμα,
975 2265 1385 2334 ἀπαρνήσονται
1418 2263 1518 2334 τὴν
1540 2264 1756 2333 ἀπάτην

172 2356 273 2425 τὴν
297 2355 814 2422 οἰκείαν,λέγοντες,
839 2355 914 2418 ὼς
935 2353 1059 2407 οὔτε
1087 2354 1231 2408 ἴσασί
1261 2372 1335 2417 τι,
1368 2353 1489 2408 οὒτε
1523 2356 1755 2426 χρήσον-

172 2462 262 2500 ται
288 2446 383 2498 ἐπὶ
403 2445 657 2515 τοιούτῳ,
699 2444 1162 2516 ἀσχοληθήσονται
1208 2446 1264 2499 δὲ
1290 2446 1382 2499 τοῦ
1412 2445 1599 2498 λοιποῦ
1630 2447 1756 2517 περὶ

172 2536 272 2604 τὴν
302 2535 566 2605 ἐργασίαν
589 2535 689 2604 τῆς
722 2535 854 2604 γῆς,
880 2535 1019 2606 ὅπερ
1055 2530 1147 2587 οὖν
1178 2534 1272 2587 καὶ
1301 2534 1638 2601 ἐπιτηδεύειν
1668 2534 1756 2586 εύ-

174 2628 272 2691 05;
299 2630 365 2680 ἐκ
395 2627 617 2697 πρώτης
646 2626 846 2696 ἔμαθον
871 2626 1084 2697 ἡμέρας
1111 2624 1260 2697 παρὰ
1283 2624 1389 2679 τῶν
1414 2628 1749 2697 γεννησαμέ-

171 2736 280 2772 νων
313 2716 531 2780 αὐτούς.
566 2716 683 2770 Κᾶν
717 2716 771 2767 ετ
811 2731 954 2776 τινες
992 2713 1049 2766 δέ
1080 2715 1274 2777 αὐτοὺς
1306 2714 1384 2767 ἐτι
1431 2715 1629 2786 νεαρὰς
1656 2716 1751 2784 φέ-

174 2826 367 2879 ροντας
404 2808 512 2860 τῶν
544 2806 931 2875 τυπτησάντων
977 2806 1173 2868 αὐτοὺς
1225 2804 1324 2868 τὰς
1356 2805 1568 2875 πληγὰς
1614 2808 1749 2876 ἐρω-

171 2901 331 2971 τῷεν,
366 2901 488 2954 ὅθεν
518 2900 581 2969 δὴ
610 2898 810 2961 ταύτας
838 2897 1183 2968 ἐπιφέροιντο
1207 2937 1220 2959 ,
1248 2897 1611 2965 ἐπαγγελοῦσι
1648 2915 1747 2950 σα-

175 2996 291 3062 φῶς
344 2994 500 3047 οὐδὲν
548 2993 913 3064 ἀρνησάμενοι
971 2992 1051 3043 ὅτι
1106 2989 1505 3061 ἐπιχειροῦντες
1560 2986 1641 3051 οἷς
1688 2990 1748 3042 ού
1798 2993 2070 3063 προσῆκον
2126 2990 2226 3063 ἦν,
2263 2995 2355 3047 ἐπὶ
2403 2998 2501 3063 τῆς
2550 2997 2724 3059 οἰκίας
2777 2998 2874 3067 τῆς
2917 2998 3121 3051 ἑαυτῶν

1848 1898 2063 1961 habitu,
2098 1901 2415 1968 imputatam
2440 1900 2544 1954 sibi
2581 1899 2825 1954 fraudem
2853 1897 3201 1967 denegabunt
3234 1895 3424 1949 dicen-

1846 1997 1949 2053 tes,
1981 2005 2039 2045 se
2074 1991 2203 2043 nihil
2249 1991 2562 2059 hujusmodi
2607 1990 2771 2052 scire,
2817 2004 2993 2057 neque
3018 1986 3142 2040 talia
3181 1998 3421 2055 unquam

1848 2082 2263 2145 commissuros,
2300 2082 2392 2136 sed
2427 2082 2668 2136 colendae
2704 2082 2965 2151 deinceps
2997 2088 3155 2134 terra:
3199 2086 3422 2131 vacatua

1852 2186 1942 2225 ros
1970 2188 1983 2235 ;
2015 2171 2158 2241 quod
2197 2173 2319 2227 vitae
2354 2189 2526 2243 genus
2563 2175 2749 2227 statim
2778 2188 2808 2225 a
2832 2170 3066 2240 pueritia
3094 2169 3191 2223 abs
3234 2183 3421 2237 paren-

1856 2262 1999 2316 tibus
2025 2262 2141 2317 suis
2163 2261 2487 2317 didicerant.
2519 2262 2672 2328 Quod
2719 2263 2763 2316 si
2798 2262 2923 2331 quis
2964 2261 3084 2314 illos
3114 2259 3293 2312 adhuc
3332 2272 3420 2312 re-

1852 2352 2109 2407 centibus
2139 2352 2312 2422 plagis
2339 2362 2614 2408 tumentes
2645 2356 2935 2422 rogaverit,
2969 2352 3111 2407 unde
3144 2367 3237 2407 eas
3272 2359 3423 2407 retu-

1854 2439 2079 2504 lissent,
2145 2440 2456 2497 fatebuntur
2509 2454 2693 2513 aperte
2726 2444 2858 2496 nihil
2920 2453 3202 2513 negantes,
3263 2441 3409 2513 quod

1853 2532 2088 2586 alienum
2124 2534 2227 2587 sibi
2272 2534 2505 2588 ollicium
2534 2543 2882 2604 usurpantes,
2925 2536 3140 2605 propria
3171 2535 3226 2588 in
3260 2536 3421 2589 domo

1854 2625 2077 2679 verbera
2109 2626 2197 2679 illa
2225 2628 2293 2680 ab
2326 2627 2394 2682 iis
2429 2630 2760 2697 acceperint,
2784 2629 2983 2697 quibus
3011 2629 3283 2698 praecipue
3301 2630 3418 2683 cari

1854 2731 1975 2771 esse
1999 2718 2340 2782 videbantur,
2367 2734 2464 2773 ceu
2494 2721 2647 2775 liberi
2689 2721 3032 2789 parentibus,
3067 2722 3159 2792 qui
3191 2737 3422 2793 peccan-

1855 2809 2002 2862 tibus
2041 2824 2148 2862 non
2181 2822 2564 2878 pepercerunt,
2613 2819 2898 2880 propterea
2951 2814 3094 2882 quod
3144 2814 3421 2883 religionis

1855 2915 2042 2952 curam
2082 2902 2314 2955 naturali
2351 2904 2718 2971 compassioni
2765 2906 3138 2974 praetulerunt.

3203 2995 3227 3014 τι

3176 3017 3285 3051 ειεν
3335 2999 3420 3052 δε-

171 3089 423 3158 δεγμένοι
456 3088 554 3146 τὰς
604 3086 876 3156 μάστιγας
923 3085 1051 3155 παρ’
1091 3085 1315 3138 ἐκείνων
1352 3079 1433 3148 οἷς
1470 3085 1534 3155 δὴ
1581 3085 1811 3155 μάλιστα
1846 3087 2058 3140 πάντων
2096 3088 2369 3159 ἀγαπητοὶ
2411 3092 2699 3159 τυγχάνειν
2730 3092 2944 3145 ἐδόκουν
2967 3134 2982 3157 ,
3029 3094 3124 3148 ἅτε
3177 3097 3422 3163 γονεῦσιν

175 3180 315 3244 υἱοὶ,
364 3179 415 3231 οἳ
462 3178 727 3249 μηδεμίαν
777 3177 958 3231 αὐτῶν
1008 3177 1174 3245 φειδὼ
1220 3178 1542 3247 πεποίηνται
1592 3178 2029 3248 ἁμαρτανόντων.
2076 3181 2259 3251 ἐπειδὴ
2291 3182 2389 3251 τῆς
2431 3183 2710 3246 εὐσεϐείας
2742 3183 2842 3253 τὴν
2882 3186 3195 3256 ἐπιμέλειαν
3222 3188 3422 3242 ἀνωτέ-

175 3288 280 3344 ραν
303 3272 404 3341 τῆς
431 3270 667 3341 φυσικῆς
693 3269 877 3322 ἔθεντο
913 3268 1271 3340 συμπαθείας.

248 3362 394 3432 Στίχ.
416 3365 480 3427 ζ’.
504 3392 531 3401 -
547 3360 702 3415 Ἀλλά
723 3364 831 3433 γάρ
862 3362 961 3432 τὴν
987 3361 1077 3412 ἐπὶ
1098 3360 1159 3412 τὸ
1185 3363 1427 3430 κρεῖττον
1462 3360 1748 3431 μεταϐολὴν

1931 3356 2099 3411 Vens.
2146 3355 2195 3408 7.
2235 3384 2305 3395 —
2342 3353 2454 3424 Age
2492 3370 2619 3409 vero
2648 3364 2770 3424 post
2804 3356 3105 3409 nuntiatam
3143 3373 3325 3412 rerum
3364 3361 3417 3413 in

175 3455 284 3508 τῶν
303 3453 639 3523 πραγμάτων
661 3451 897 3523 εἰρηκὼς
922 3454 949 3505 ὁ
980 3456 1283 3523 προφήτης,
1300 3453 1446 3515 ὅπως
1472 3470 1530 3504 τε
1553 3456 1618 3522 τῇ
1642 3454 1749 3505 τῶν

176 3545 551 3598 Μακκαϐαίων
582 3544 886 3614 προστασίᾳ
936 3543 1317 3614 καθῃρέθησαν
1372 3546 1468 3613 μὲν
1510 3546 1559 3596 οί
1598 3546 1750 3596 ἐναν-

175 3638 300 3697 τίοι,
330 3637 521 3705 γέγονε
544 3637 601 3690 δὲ
637 3639 693 3689 ἐν
750 3636 1017 3706 εὐκοσμίᾳ
1060 3634 1122 3687 τὸ
1155 3635 1303 3698 ἔθνος
1350 3634 1517 3706 πολλῇ
1544 3675 1558 3697 ,
1606 3634 1746 3688 ὥστε

179 3731 358 3784 πᾶσαν
407 3729 508 3798 μὲν
552 3728 806 3781 ἀσέϐειαν
830 3726 899 3791 ἐξ
934 3726 1112 3779 αὐτῶν
1155 3729 1248 3781 καὶ
1278 3728 1618 3798 παρανομίαν
1652 3730 1748 3781 ἀν·

174 3819 411 3890 ῃρῆσθαι
433 3860 447 3879 .
479 3821 699 3888 κρατεῖν
728 3817 783 3869 δὲ
814 3818 989 3870 πάντα
1021 3834 1086 3885 γε
1131 3817 1304 3870 ὁπόσα
1332 3821 1435 3880 τοῖς
1466 3817 1624 3881 θείοις
1662 3819 1747 3871 νό-

178 3924 299 3977 μοις
330 3907 596 3961 ἀκόλουθα
627 3908 935 3961 συνέϐαινεν
959 3902 1119 3972 εἶναι,
1138 3906 1324 3978 ὥσπερ
1350 3910 1413 3961 ἐκ
1441 3910 1537 3977 τῆς
1563 3910 1746 3963 τοιαύ·

172 4015 269 4065 της
303 3996 728 4066 ἀποκαλύψεως,
761 3999 827 4067 ἢν
862 4000 927 4051 ἐκ
969 3998 1068 4067 τῆς
1107 3997 1201 4051 τοῦ
1242 3998 1396 4066 ἁγίου
1430 4000 1748 4070 Πνεύματος

176 4091 418 4144 ἐδέδεκτο
456 4092 736 4161 ἐνεργείας
758 4134 772 4155 ,
804 4091 991 4154 ἔνθους
1018 4109 1077 4144 τε
1102 4091 1357 4160 γεγονὼς,
1391 4093 1485 4145 καὶ
1514 4092 1745 4146 κατιδὼν

175 4182 417 4252 ἀκριϐῶς
448 4182 517 4235 τά
559 4183 797 4251 ἐσόμενα
825 4222 839 4245 ,
871 4180 959 4236 οἶά
989 4199 1049 4234 τε
1099 4182 1159 4247 ἐξ
1188 4183 1313 4236 οἴων
1362 4184 1646 4253 γενήσεται
1676 4183 1747 4237 τά

187 4273 452 4326 Ἰουδαίων
480 4316 495 4338 ,
530 4274 625 4326 καὶ
671 4274 786 4326 οἵαν
837 4273 935 4343 μὲν
979 4275 1042 4326 ἐκ
1075 4274 1172 4345 τῆς
1216 4275 1323 4327 τῶν
1369 4275 1744 4328 Μακκαϐαίων

175 4365 505 4433 προστασίας
549 4363 833 4434 διόρθωσιν
889 4363 1099 4429 δέξεται
1148 4366 1219 4420 τά
1272 4368 1392 4418 κατ’
1425 4366 1653 4429 αὐτοὺς,
1685 4368 1745 4420 ἐν

172 4456 271 4528 ὅσῃ
315 4457 376 4508 δέ
425 4456 646 4523 γέγονεν
679 4457 917 4527 ἀκοσμίᾳ
962 4466 1047 4528 (p.
1086 4458 1224 4527 526)
1275 4461 1339 4510 ἐκ
1376 4458 1471 4528 τῆς
1522 4459 1743 4511 ἐκείνων

174 4546 476 4616 μοχθηρίας
504 4548 552 4598 οί
585 4546 731 4617 παρὰ
760 4548 867 4599 τῶν
902 4546 1162 4616 βασιλέων
1190 4548 1338 4619 παρά
1364 4565 1421 4600 τε
1452 4548 1510 4600 τὸ
1536 4550 1742 4620 πρέπον

170 4638 264 4690 καὶ
286 4638 349 4688 τὸ
382 4639 493 4699 τοῖς
516 4636 697 4705 νόμοις
726 4637 1017 4690 ἀκόλουθον
1052 4640 1161 4701 τοῖς
1183 4637 1346 4701 θείοις
1371 4639 1470 4708 τήν
1497 4655 1556 4691 τε
1586 4640 1741 4709 ἱερω-

171 4726 340 4797 σύνην
354 4727 734 4797 ἁναδεχόμενοι
753 4729 847 4782 καὶ
868 4728 966 4799 τὴν
986 4728 1080 4781 τοῦ
1098 4728 1226 4781 λαοῦ
1247 4731 1597 4800 προστασίαν,
1621 4747 1742 4797 συγ-

167 4818 383 4887 χύσεως
426 4818 687 4889 μεγίστης
730 4818 1155 4889 πεπληρώκασιν
1184 4820 1435 4884 ἅπαντα,
1481 4822 1742 4891 μεγίστην

167 4908 293 4962 τινὰ
318 4910 420 4979 τὴν
448 4910 821 4979 ἀγανάκτησιν
856 4910 949 4962 ἐπὶ
990 4914 1054 4980 τῇ
1087 4912 1356 4983 μοχθηρίᾳ
1388 4912 1495 4965 τῶν
1525 4912 1618 4965 τοῦ
1649 4929 1741 4965 το-

171 4999 364 5053 σούτου
396 4998 564 5051 κακοῦ
615 4999 915 5073 γεγονότων
966 5000 1150 5053 αἰτίων
1193 5000 1480 5071 δεξάμενος
1504 5043 1519 5065 ,
1565 5001 1741 5055 τοιάδε

170 5089 335 5160 φησίν
367 5105 383 5118 ο
436 5109 454 5141 ι
479 5090 769 5159 Ῥομφαία,
808 5091 1121 5162 ἐξεγέρθητι
1148 5093 1238 5144 ἐπὶ
1263 5093 1354 5145 τὸν
1386 5094 1617 5163 ποιμένα
1649 5095 1743 5147 καὶ

169 5182 256 5232 ἐπ’
290 5180 458 5247 ἄνδρα
511 5180 736 5248 πολίτην
769 5180 933 5234 αὐτοῦ
961 5222 975 5240 ,
1020 5182 1167 5249 λέγει
1204 5183 1403 5254 Κύριος
1436 5184 1742 5254 παντοκρά-

166 5284 304 5338 τωρ.
334 5285 352 5316 ι
386 5267 802 5337 Προπακτικιῦς
862 5268 1024 5320 πάλιν
1061 5268 1339 5323 κάνταῦθα
1374 5268 1435 5321 τὸ
1486 5268 1742 5337 ἐσόμενον

170 5358 368 5430 μηνύει
390 5376 404 5390 ·
440 5360 532 5411 καὶ
564 5358 752 5429 ὥσπερ
793 5361 925 5429 πρὸς
959 5360 1091 5413 αὐτὸ
1130 5359 1190 5412 τὸ
1229 5359 1378 5429 ξίφος
1406 5360 1610 5431 τρέψας
1652 5361 1742 5412 τὸν

164 5452 349 5520 λόγον,
382 5451 645 5522 Κινήθητι
674 5453 759 5522 δὴ,
790 5453 975 5523 φησὶν,
1005 5446 1051 5505 ὦ
1081 5452 1321 5523 μάχαιρα
1349 5452 1488 5507 κατά
1510 5469 1567 5505 τε
1595 5453 1740 5506 ἐκεί-

165 5559 277 5596 νων
304 5542 412 5595 τῶν
432 5541 575 5595 οὕτω
604 5544 786 5605 κακῶς
810 5545 875 5612 τῇ
906 5542 1213 5615 προστασίᾳ
1238 5542 1617 5615 χρησαμένων,
1650 5542 1741 5596 καὶ

236 5719 287 5753 ’⁸
328 5716 472 5770 Psal.
517 5732 665 5779 xxtx,
708 5716 793 5768 12.

453 5813 719 5870 ΡΑτιιοι.
754 5811 868 5869 (in.
908 5811 1120 5873 LXVI.

1854 3450 2051 3505 melius
2096 3447 2532 3510 conversionem,
2563 3453 2615 3500 et
2655 3446 2927 3515 quomodo
2958 3447 3010 3500 in
3057 3445 3421 3504 Macchabaeo-

1853 3556 1971 3596 rum
2001 3538 2307 3608 principatu
2342 3537 2503 3591 deleti
2534 3536 2735 3591 fuerint
2770 3537 2976 3601 hostes,
3024 3546 3080 3593 et
3116 3554 3249 3608 gens
3281 3541 3418 3593 bene

1853 3630 2143 3683 admodum
2176 3628 2501 3696 composita,
2557 3628 2765 3695 ahjecta
2798 3628 3007 3683 scilicet
3040 3630 3188 3683 omni
3227 3631 3418 3700 impie-

1852 3729 1964 3775 tate
1994 3735 2057 3773 ac
2087 3720 2347 3788 nequitia,
2378 3727 2741 3789 revocatoque
2771 3720 3076 3774 divinarum
3102 3721 3278 3792 legum
3302 3730 3418 3777 stu-

1851 3812 1978 3876 dio;
2012 3828 2076 3865 ex
2111 3811 2423 3879 hujusmodi
2460 3812 2811 3875 revelatione,
2857 3828 3017 3881 quam
3052 3812 3256 3883 Spiritu
3289 3831 3417 3871 san-

1856 3914 1947 3959 cto
1981 3913 2243 3972 operante
2271 3911 2578 3972 acceperat,
2621 3916 2799 3959 mente
2850 3906 3089 3974 percitus
3132 3908 3414 3979 pmpheta,

1850 4012 1915 4052 ac
1938 3998 2120 4050 futura
2154 3998 2434 4051 evidenter
2462 4012 2713 4063 cernens,
2742 4010 2795 4053 et
2824 4015 3069 4069 quamam
3097 4010 3150 4055 et
3174 4017 3240 4055 ex
3280 4017 3416 4072 qua-

1849 4089 1994 4143 libus
2027 4105 2114 4143 res
2150 4088 2461 4143 Iudaeorum
2506 4088 2700 4151 forent,
2745 4099 2799 4145 et
2829 4100 3086 4161 quantam
3123 4094 3227 4147 sub
3266 4094 3416 4149 Mac-

1848 4178 2194 4231 chabteorum
2225 4179 2531 4249 principatu
2562 4181 2994 4235 emendationem
3046 4193 3284 4237 nacturze
3326 4201 3415 4238 es-

1850 4278 2337 4339 sent;quautaque
2365 4287 2559 4326 rursus
2606 4274 2941 4341 perturbatio
2978 4274 3159 4327 futura
3193 4277 3262 4330 ob
3302 4278 3414 4332 illo-

1848 4375 1970 4413 rum
2001 4359 2427 4429 improbitatem,
2456 4362 2549 4430 qui
2579 4376 2611 4415 a
2646 4364 2883 4431 regibus,
2930 4373 3125 4433 prteter
3172 4366 3252 4422 fas
3276 4368 3413 4437 legis

1847 4454 2038 4503 timum
2056 4466 2119 4505 ac
2131 4449 2399 4516 divinum,
2417 4461 2529 4505 tum
2544 4455 2927 4508 sacerdotalem
2942 4455 3277 4525 dignitatem,
3296 4468 3410 4513 tum

1844 4540 2008 4592 etiam
2046 4540 2225 4608 populi
2254 4540 2509 4595 ducatum
2542 4542 2892 4611 accipientes,
2937 4545 3171 4597 maxima
3216 4548 3412 4601 confu-

1846 4630 2000 4686 sione
2014 4633 2193 4685 omnia
2217 4634 2588 4702 repleverunt;
2608 4650 2821 4689 summa
2840 4634 3205 4706 indignatione
3218 4637 3413 4693 adver-

1846 4738 1942 4778 sus
1969 4722 2340 4794 355horum
2376 4725 2773 4794 improbitatem
2805 4735 3130 4791 commotus,
3161 4728 3251 4795 qui
3288 4737 3410 4782 tan-

1845 4823 2024 4868 torum
2067 4816 2332 4868 malorum
2354 4830 2520 4869 causa
2551 4815 2790 4880 fuerunt,
2826 4818 2879 4869 in
2913 4816 3025 4870 haec
3045 4818 3206 4872 verba
3233 4832 3412 4873 erum-

1846 4905 1958 4973 pit:
1985 4922 2002 4954 ‹
2028 4903 2278 4967 Framea,
2313 4920 2577 4975 consurge
2608 4906 2874 4963 adversus
2908 4916 3202 4977 pastorem,
3233 4917 3289 4964 et
3313 4926 3411 4967 suo

1846 5010 1943 5064 per
1968 4995 2141 5048 virum
2171 4996 2344 5051 civem
2372 4996 2511 5065 ejus,
2534 4997 2667 5052 dicit
2697 4997 2964 5053 Dominus
2994 4999 3401 5070 omnipotens»

1844 5083 2060 5141 Rursus
2087 5086 2189 5141 hoc
2238 5088 2401 5143 etiam
2450 5089 2571 5144 loco
2627 5090 2946 5159 imperative
3000 5106 3114 5146 rem
3168 5092 3408 5149 futuram

1840 5177 2219 5247 significatum
2247 5180 2403 5247 quasi
2448 5180 2514 5234 ad
2546 5181 2717 5250 ipsum
2763 5183 2999 5253 gladium
3045 5184 3225 5241 verbis
3268 5199 3405 5239 con-

1837 5271 2035 5334 versis,
2070 5268 2476 5335 Commovetor,
2506 5272 2702 5342 inquit,
2743 5292 2777 5329 o
2802 5275 2999 5343 gladie,
3044 5284 3157 5330 tum
3205 5284 3401 5330 contra

1841 5358 1963 5414 illos
1993 5360 2085 5429 qui
2122 5369 2228 5413 tam
2254 5362 2393 5417 male
2427 5363 2732 5433 principatu
2764 5374 3019 5427 utuntur,
3075 5376 3191 5420 tum
3241 5366 3407 5420 etiam

1840 5463 2033 5506 contra
2063 5468 2253 5510 omnes
2281 5456 2377 5525 qui
2411 5458 2558 5526 genti
2604 5465 2804 5511 nostra:
2849 5458 2970 5526 jure
3001 5456 3285 5512 societatis
3321 5457 3413 5510 ad<

1841 5543 1995 5610 dicti,
2056 5543 2237 5602 favere
2277 5548 2491 5602 illorum
2545 5548 2876 5618 improbitati
2918 5558 3203 5604 curarunt.
3241 5548 3414 5603 «Per-

3104 5814 3177 5875 19
