3856 6226
429 305 535 389 εετ
1593 321 1938 380 THEODORI
1971 323 2000 376 ιη

2107 319 2452 378 'SUESTENI
3581 320 3687 379 δε,

427 430 551 502 cute
583 455 873 514 pastorem.
903 449 956 496 et
978 440 1362 512 dispergantur
1388 455 1541 496 oves.
1577 459 1593 490 ι
1626 439 1745 494 Τιιο
1773 441 1997 494 verbere

2107 441 2240 492 κατὰ
2275 439 2490 491 πάντων
2527 435 2630 490 τῶν
2660 437 2770 489 ὅσοι
2809 434 2883 504 τῷ
2926 434 3067 488 ἔθνει
3123 435 3490 506 προσήκοντες
3546 453 3681 507 συμ-

423 552 608 591 necem
642 533 782 589 infer
831 533 914 587 his
942 535 1033 603 qui
1085 540 1195 586 tam
1239 533 1380 586 male
1415 533 1598 602 populi
1651 531 1852 585 ducatu
1911 530 1994 583 usi

2107 533 2354 602 πράττειν
2391 531 2568 582 αὐτῶν
2628 528 2886 580 ἔσπευδον
2923 530 2987 598 τῇ
3041 527 3331 598 μοχθηρίᾳ.
3389 547 3409 579 ι
3437 529 3682 593 nauem

422 625 656 688 fuerant,
697 632 979 694 totumque
1023 621 1320 676 faventium
1370 622 1481 676 illis
1534 629 1758 684 emtum,
1808 619 1997 674 eodem

2107 623 2189 675 τὸν
2225 621 2478 690 ποιμένα.
2512 620 2605 672 καὶ
2637 619 3113 689 διασκορπισθήτω
3144 618 3212 670 τά
3244 618 3511 690 πρόϐατα.
3545 637 3565 670 ι
3601 619 3676 690 Τῇ
3717 611 3743 704 Ιῗι

423 731 545 768 cum
600 714 710 767 illis
743 715 850 766 ictu
903 727 1174 781 plenaque
1215 711 1481 782 disperge.
1529 711 1627 767 His
1684 711 2000 781 imperative

2107 713 2208 784 γὰρ
2240 713 2420 783 πληγῇ
2446 714 2513 782 τῇ
2533 712 2708 782 οἰκείᾳ
2741 711 2969 764 θάνατον
3001 711 3099 781 μὲν
3127 711 3373 779 ἐπάγαγε
3397 713 3510 774 τοῖς
3537 709 3687 764 οὕτω
3723 707 3734 730 ³

420 805 604 863 dictis.
654 804 718 856 ad
751 805 826 857 rei
869 803 1064 858 futurae
1115 804 1552 873 praedictionem,
1603 804 1776 874 pergit
1830 803 2005 873 loqui.

421 903 844 948 consentaneam
902 894 1242 963 prmdictioni
1299 893 1527 949 formam
1592 893 1865 948 sermonis
1919 903 2000 947 te-

423 999 559 1038 nens
589 1001 640 1036 :c
667 984 729 1037 Et
761 994 1073 1039 convertam
1113 999 1334 1038 manum
1371 1001 1544 1039 meam
1578 993 1771 1040 contra
1819 986 2001 1037 minu-

418 1083 507 1129 tos
531 1085 796 1140 pastores.
825 1094 842 1125 ι
878 1075 936 1128 Si
964 1077 1056 1144 qui
1088 1077 1194 1129 sub
1229 1077 1536 1146 principum
1573 1083 1846 1146 potestate
1882 1074 2002 1130 fue-

423 1167 552 1232 rint,
579 1176 633 1220 et
660 1168 825 1236 impio
854 1167 1069 1220 illorum
1101 1168 1334 1236 imperio
1380 1167 1560 1222 favere
1600 1168 1891 1231 voluerint,
1946 1176 2000 1221 et

423 1258 524 1328 ipsi
580 1273 797 1329 quoque
859 1268 1012 1328 parte
1057 1260 1239 1328 aliqua
1289 1259 1452 1314 oilicii
1505 1261 1607 1314 sibi
1655 1260 1997 1324 concredita,

421 1361 586 1416 prave
615 1362 674 1402 se
705 1363 893 1417 gerere
914 1349 1198 1417 coeperint,
1238 1348 1337 1401 hos
1373 1349 1499 1402 item
1540 1350 1785 1419 puniam.
1821 1347 1990 1403 Nam-

420 1450 527 1506 que
558 1435 657 1492 hos
694 1438 928 1508 appellat
956 1441 1196 1492 minutos
1229 1444 1498 1508 pastores.

2106 804 2291 866 κακῶς
2322 807 2388 874 τῇ
2432 803 2731 874 προστασίᾳ
2777 801 2870 854 τοῦ
2923 801 3054 854 λαοῦ
3107 801 3501 872 χρησαμένοις,
3535 803 3679 856 ᾰπαν

2108 895 2166 948 δέ
2199 895 2306 947 τῶν
2335 895 2793 965 συμπραττόντων
2839 894 3020 956 αὐτοῖς
3065 894 3126 944 τὸ
3156 892 3406 960 σύστημα
3455 893 3574 963 ἅμα
3613 895 3676 964 τῇ

2100 987 2326 1038 ἐκείνων
2347 985 2526 1055 πληγῇ
2552 984 2899 1037 διασκέδασον
2928 986 2992 1054 τῇ
3016 983 3275 1052 τιμωρίᾳ.
3300 981 3487 1035 Ταῦτα
3508 999 3676 1053 προσ-

2098 1077 2375 1140 τακτικῶς
2435 1076 2672 1147 εἰρηκὼς
2702 1079 2780 1139 εἰς
2817 1077 2914 1146 τὴν
2947 1074 3055 1126 τῶν
3103 1075 3375 1144 ἐσομένων
3422 1076 3675 1144 μήνυσιν.

2099 1167 2294 1238 ἐπάγει
2325 1169 2392 1222 τὰ
2440 1169 2569 1239 ἐξῆς
2596 1209 2610 1233 ,
2648 1168 2942 1222 ἀκόλουθον
2987 1164 3284 1234 ἐπαγαγὼν
3315 1169 3426 1218 τοί;
3474 1182 3679 1235 μηνυο-

2102 1261 2285 1331 μένοις
2311 1261 2406 1314 τοῦ
2451 1261 2612 1331 λόγου
2645 1262 2705 1314 τὸ
2758 1261 2942 1330 σχῆμα
2965 1277 2976 1287 ·
3017 1277 3036 1308 ι
3070 1258 3180 1311 Kal
3219 1255 3533 1328 ἐπιστρέψω
3580 1257 3679 1326 τὴν

2097 1353 2254 1421 χεῖρά
2274 1369 2374 1422 μου
2405 1354 2499 1406 ἐπὶ
2523 1354 2649 1415 τοὺς
2682 1353 2909 1424 μικροὺς
2937 1349 3220 1420 ποιμένας.
3243 1369 3259 1400 ι
3296 1349 3408 1402 Kal
3437 1348 3550 1418 γὰρ
3583 1349 3677 1401 καὶ

2097 1442 2152 1494 εί
2180 1461 2322 1507 τινες
2365 1445 2472 1498 ὑπὸ
2499 1447 2610 1508 τοῖς
2653 1444 2974 1513 ἡγουμένοις
3005 1437 3112 1494 εἷεν
3137 1483 3151 1503 ,
3187 1441 3566 1512 συμπράττειν
3618 1456 3675 1492 τε

421 1527 599 1581 αὐτῶν
647 1531 713 1599 τῇ
756 1529 1003 1599 μοχθηρᾷ
1045 1530 1345 1601 προστασίᾳ
1396 1528 1739 1599 βουλόμενοι,
1782 1531 1875 1584 καὶ
1914 1531 1978 1601 δὴ
2025 1533 2118 1586 καὶ
2162 1536 2312 1589 αὐτοὶ
2359 1538 2499 1591 κατά
2543 1554 2665 1590 τινα
2705 1536 2857 1601 τάξιν
2905 1537 3002 1606 τὴν
3049 1534 3308 1589 δοκοῦσαν
3354 1534 3533 1594 αὐτοῖς
3578 1533 3676 1601 ἐμ-

423 1617 830 1680 πενπιστεῦσθαι,
880 1619 1169 1689 κατάρχειν
1202 1619 1592 1682 ἐσπουδακότες
1629 1619 1724 1673 τοῦ
1759 1620 2018 1692 χείρονος,
2071 1628 2451 1697 τιμωρήσομαι
2486 1627 2786 1689 κάκείνους.
2851 1629 3094 1700 Μικροῦς
3121 1628 3229 1698 γὰρ
3261 1625 3523 1694 ποιμένας
3554 1626 3680 1685 τοὺς

423 1710 700 1771 τοιούτους
726 1708 900 1761 καλεῖ.

499 1799 660 1854 Vens.
691 1800 744 1861 8,
781 1804 831 1854 9.
869 1833 935 1842 —--
965 1800 1158 1856 Postea
1203 1817 1374 1870 preme
1420 1803 1726 1872 :rquitatcm
1779 1804 2003 1860 demon-

424 1899 638 1953 strans,
669 1910 688 1942 σ
718 1891 780 1944 Et
807 1893 929 1954 erit,
956 1892 1247 1962 inquit,die
1271 1894 1358 1946 illa
1394 1895 1446 1946 iu
1478 1896 1622 1947 omni
1655 1903 1819 1958 terra,
1871 1896 2000 1951 dicit

2107 1912 2296 1951 καιονο
2355 1915 2372 1948 ι
2413 1896 2521 1950 Kal
2558 1896 2711 1948 ἐσται
2762 1895 2818 1947 ἐν
2847 1898 2912 1965 τῇ
2943 1893 3128 1964 ἡμέρᾳ
3181 1892 3398 1962 ἐκείνῃ,
3434 1893 3491 1942 ἐν
3527 1890 3684 1961 πέσῃ

425 1980 709 2044 Dominus,
737 1982 858 2034 dua:
880 1982 1052 2052 ipsius
1077 1995 1256 2052 partes
1285 1986 1535 2052 peribunt
1557 1995 1611 2040 et
1643 1988 1916 2050 deficient,
1943 1998 1996 2042 et

425 2073 582 2127 tertia
617 2075 953 2143 relinquetur
983 2075 1037 2128 in
1066 2091 1152 2131 ea.
1190 2074 1252 2129 Et
1293 2077 1572 2130 traducam
1628 2084 1839 2133 tertiam
1882 2097 1999 2151 par-

423 2171 530 2218 tem
555 2179 652 2235 per
678 2166 892 2234 ignem;
915 2175 970 2218 et
999 2164 1348 2219 inﬂammabo
1379 2183 1472 2219 eos
1505 2184 1601 2220 ceu
1633 2169 1999 2223 inﬂammatur

423 2266 732 2326 argentum,
766 2265 819 2309 et
883 2257 1127 2326 probabo
1157 2271 1252 2310 eos
1279 2258 1422 2310 sicut
1472 2259 1734 2327 probatur
1783 2275 1995 2314 aurum.

427 2349 544 2418 ipse
568 2348 840 2402 invocabit
869 2364 1065 2403 nomen
1103 2364 1303 2409 meum,
1335 2358 1388 2403 et
1411 2366 1510 2418 ego
1541 2353 1824 2406 exaudiam
1851 2369 1995 2407 eum.

427 2442 752 2511 Dicainque:
791 2440 1026 2510 Populus
1050 2457 1202 2494 meus
1233 2441 1322 2496 hic
1348 2449 1451 2495 est.
1487 2461 1507 2494 ι
1545 2442 1697 2508 Quod
1725 2445 2000 2513 injustam

426 2532 698 2600 patientur
753 2546 991 2601 pinnam,
1043 2549 1130 2585 res
1172 2533 1288 2602 ipsa
1347 2532 1704 2598 demonstrat,
1743 2539 1998 2605 quoniam

425 2631 630 2676 tantam
685 2623 928 2677 fecerunt
985 2624 1166 2693 populi
1195 2624 1260 2676 ad
1287 2625 1442 2693 pejus
1471 2625 1910 2691 declinationem,
1943 2639 2000 2681 ut

426 2717 545 2768 dua:
597 2714 778 2783 populi
829 2725 1010 2783 partes
1061 2715 1128 2768 ad
1181 2717 1366 2771 vitium
1416 2720 1679 2789 prolapsae
1735 2724 2001 2791 supplicio

425 2805 635 2858 traditae
667 2804 797 2856 sint.
848 2804 1113 2858 Cmterum
1163 2805 1302 2860 duas
1334 2818 1516 2877 partes
1554 2811 1707 2874 dicit,
1756 2827 1851 2880 pro
1890 2814 2004 2882 plu-

427 2896 599 2950 rimis.
647 2894 1010 2948 Nihilominus
1067 2897 1208 2950 haud
1253 2899 1408 2967 pauci
1448 2900 1625 2954 adhuc
1677 2913 2002 2972 supererunt

429 2987 730 3042 honestatis
763 2986 928 3058 356
962 2997 1254 3049 amatores,
1291 3005 1601 3060 quanquam
1632 2993 1684 3046 hi
1719 2997 2002 3064 pauciores

427 3080 570 3133 illis:
603 3079 655 3132 id
689 3079 833 3132 enim
864 3081 1150 3134 denotatur
1197 3087 1430 3141 actertia
1450 3097 1663 3156 parte):
1715 3087 1806 3156 qui
1839 3089 2001 3143 veluti

428 3175 553 3244 igne
576 3172 835 3242 quodam.
870 3173 1198 3228 iul‘lictorum
1225 3176 1492 3229 malorum
1520 3179 1787 3247 gravitate
1815 3181 2007 3250 proba-

2181 1804 2328 1872 Στίχ.
2352 1801 2422 1872 η’,
2449 1803 2512 1856 θ’.
2539 1835 2604 1845 -
2635 1798 2763 1854 Εἶτα
2809 1801 3021 1864 δεικνὺς
3046 1801 3107 1853 τὸ
3149 1800 3249 1869 τῆς
3293 1798 3565 1869 τιμωρίας
3602 1798 3681 1850 δί-

2098 1993 2164 2060 τῇ
2198 1992 2268 2060 γῇ
2287 1988 2468 2056 ,λέγει
2504 1988 2707 2058 Κύριος
2731 2028 2744 2044 .
2780 1985 2847 2038 τὰ
2876 1986 2968 2038 δύο
2997 1986 3162 2054 αὐτῆς
3189 1983 3330 2054 μέρη
3363 1981 3680 2049 ἐξολοθρευ-

2101 2082 2324 2153 θήσεται
2351 2080 2444 2132 καὶ
2492 2079 2758 2147 ἐκλείψει,
2795 2079 2889 2147 (p.
2921 2077 3062 2138 5:27)
3110 2076 3172 2128 τὸ
3217 2074 3271 2126 δέ
3317 2074 3499 2142 τρίτον
3539 2073 3678 2123 ὐπο-

2100 2172 2449 2243 λειφθησεται
2481 2173 2536 2224 ἐν
2565 2171 2697 2240 αὑτῇ
2718 2188 2730 2200 ο
2758 2169 2852 2222 καὶ
2873 2167 3039 2232 διάξω
3068 2167 3126 2219 τὺ
3155 2169 3334 2236 τρίτον
3362 2164 3449 2216 διὰ
3479 2164 3677 2233 πυρός·

2100 2263 2195 2315 καὶ
2225 2259 2462 2332 πυρώσω
2488 2261 2684 2322 αὐτοὺς
2736 2259 2810 2321 ὡς
2843 2258 3110 2329 πυροῦται
3154 2257 3216 2308 τὸ
3248 2255 3512 2325 ἀργύριον
3533 2292 3547 2312 .
3583 2255 3678 2304 καὶ

2099 2353 2307 2424 δοκιμῶ
2350 2354 2548 2415 αὐτοὺς
2581 2353 2656 2414 ὡς
2702 2350 3051 2420 δοκιμάζεται
3093 2347 3154 2401 τὸ
3207 2346 3461 2418 χρυσίον·
3512 2345 3681 2407 αὐτὸς

2100 2444 2483 2499 ἐπικαλέσεται
2532 2443 2595 2496 τὸ
2640 2441 2808 2511 ὗνομά
2837 2458 2935 2511 μου
2962 2479 2978 2503 ,
3006 2439 3100 2492 καὶ
3150 2437 3261 2506 ἐγὼ
3301 2437 3679 2506 ἐπακούσομαι

2101 2537 2247 2608 αὑτῷ
2265 2554 2279 2568 ·
2305 2537 2400 2590 καὶ
2421 2535 2548 2606 ἐρῶ,
2579 2534 2718 2596 Λαός
2745 2550 2846 2602 μου
2871 2526 3025 2594 οὗτός
3047 2532 3162 2583 ἐστι
3183 2546 3198 2560 ·
3227 2530 3320 2582 καὶ
3346 2528 3508 2590 αὐτὸς
3536 2528 3676 2597 ἐρεῖ,

2103 2630 2304 2701 Κύριος
2327 2630 2355 2681 ὁ
2385 2628 2517 2690 Θεός
2553 2644 2673 2697 μου.
2703 2649 2720 2677 ο
2755 2625 2877 2676 Ὀτι
2905 2624 3012 2694 γάρ
3033 2662 3047 2686 ,
3090 2622 3222 2692 φησί
3243 2662 3257 2686 ,
3286 2619 3500 2673 δικαίαν
3543 2620 3682 2670 ὑπο-

2106 2721 2358 2792 μενοῦσιν
2401 2721 2449 2772 οἱ
2499 2719 2729 2771 τοιοῦτοι
2779 2718 2879 2787 τὴν
2928 2715 3215 2786 τιμωρίαν,
3256 2711 3388 2766 αὐτο
3437 2709 3680 2780 δηλοῖτδ

2104 2812 2334 2881 πρᾶγμα
2358 2852 2372 2872 ,
2413 2809 2463 2862 οἳ
2495 2808 2764 2877 τοσαύτην
2815 2803 3077 2877 ἐποίησαν
3109 2803 3201 2856 ἐπὶ
3244 2802 3306 2855 τὸ
3350 2805 3531 2872 χεῖρον
3578 2800 3679 2854 τοῦ

2104 2902 2287 2964 ἔθνους
2316 2901 2411 2967 τὴν
2443 2899 2719 2970 ἐκτροπὴν
2745 2937 2758 2960 ,
2790 2897 2929 2950 ὥστε
2963 2895 3031 2950 τά
3072 2894 3165 2948 δύο
3212 2893 3349 2965 μέρη
3395 2892 3494 2946 τοῦ
3540 2891 3678 2945 λα.οό

2107 2993 2344 3064 ῥέψαντα
2393 2990 2528 3061 πρὸς
2575 2990 2634 3042 τὸ
2687 2990 2867 3059 χεῖρον
2903 2986 3140 3058 τιμωρίᾳ
3177 2985 3577 3057 παραδοθῆναιο
3605 2982 3680 3036 τὰ

2103 3084 2159 3137 δέ
2187 3084 2280 3137 δύο
2332 3083 2471 3152 μέρη
2504 3081 2665 3150 φησὶν
2685 3121 2700 3144 ,
2740 3080 2826 3132 ἵνα
2853 3078 2982 3152 είπῃ
3008 3079 3134 3141 τοὺς
3161 3077 3470 3142 πλείστους.
3515 3075 3680 3129 Ἀλλά

2106 3177 2215 3246 γὰρ
2245 3174 2418 3237 οὕτως
2461 3172 2940 3243 ὑπολειφθήσονται
2981 3171 3080 3224 οὐκ
3112 3169 3279 3238 ὀλίγοι
3323 3167 3416 3220 τοῦ
3461 3166 3680 3230 δέοντος

428 3263 491 3328 ti,
523 3263 702 3333 majus
725 3265 942 3319 virtutis
975 3265 1210 3334 propriae
1252 3267 1525 3334 specimen
1558 3267 1844 3333 dederunt,
1875 3273 1999 3342 plu-

2107 3267 2330 3337 ἐρασταὶ
2351 3308 2364 3327 ,
2397 3268 2444 3318 el
2485 3266 2579 3318 καὶ
2623 3265 2878 3326 ἐλάττους
2919 3263 3142 3315 ἐκείνων
3172 3256 3314 3316 οὗτοι
3341 3276 3352 3288 ο
3383 3257 3537 3311 τοῦτο
3565 3259 3684 3329 γὰρ

424 3355 565 3408 rima
598 3355 744 3424 passi
769 3354 930 3416 mala,
979 3369 1153 3422 neque
1203 3353 1404 3408 ideirco
1459 3370 1488 3407 a
1521 3370 1642 3410 meo
1687 3357 1999 3416 deﬁcientes

2107 3359 2249 3426 λέγει
2289 3377 2306 3407 ι
2329 3357 2391 3409 τὺ
2410 3357 2588 3428 τρίτον
2610 3373 2624 3388 ο
2646 3376 2664 3407 ι
2699 3355 2747 3408 οἳ
2781 3355 2968 3425 ὥσπερ
2992 3353 3079 3406 διὰ
3109 3353 3276 3423 πυρός
3301 3369 3445 3414 τινος
3475 3351 3553 3421 τῷ
3579 3367 3680 3421 με-

426 3461 660 3502 amore:
697 3447 788 3516 qui
839 3447 905 3500 ad
945 3447 1204 3500 auxilium
1263 3462 1441 3502 meum
1506 3449 1879 3518 respicientes,
1933 3467 1999 3507 eo

2107 3451 2253 3521 γέθει
2296 3449 2404 3502 τῶν
2429 3447 2771 3519 ἐπαχθέντων
2799 3447 2980 3508 αὐτοῖς
3007 3445 3192 3498 κακῶν
3233 3442 3676 3513 δοκιμασθέντες,

426 3537 578 3606 digni
607 3536 846 3594 fuerunt.
889 3537 1000 3609 Ego
1062 3552 1190 3593 vero
1248 3553 1344 3592 eos
1399 3539 1452 3593 in
1481 3555 1712 3594 numero
1753 3557 1996 3598 meorum

2107 3537 2326 3610 μείζονα
2350 3536 2450 3606 τῆς
2475 3535 2674 3607 ἀρετῆς
2697 3535 2796 3604 τῆς
2825 3533 3026 3595 οἰκείας
3061 3533 3395 3604 παρέσχοντο
3413 3532 3512 3601 τὴν
3539 3531 3684 3584 ἀπό-

428 3629 709 3692 collocavi,
745 3644 917 3683 meam
968 3630 1244 3698 spondens
1272 3644 1492 3695 curam;
1525 3630 1712 3700 illique
1753 3632 2000 3688 vicissim

2107 3627 2298 3695 δειξιν,
2345 3627 2568 3681 πλεῖστα
2605 3627 2704 3697 μὲν
2730 3626 2830 3679 ὅσα
2867 3623 3340 3694 ὑπομεμενηκότες
3370 3621 3545 3682 κακὰ,
3583 3621 3682 3673 οὔ·

430 3734 561 3776 Iuas
583 3735 672 3774 res
709 3735 899 3775 omnes
939 3718 1238 3774 dominatui
1281 3721 1692 3792 patrocinioque
1719 3737 1839 3777 meo
1871 3739 2000 3778 con-

2107 3721 2268 3790 Βαμοῦ
2302 3720 2358 3773 δέ
2377 3719 2478 3789 τῆς
2503 3718 2629 3788 περί
2655 3719 2755 3787 ἐμὲ
2786 3715 3076 3778 ἐκστάντες
3113 3714 3326 3776 εὐνοίας
3348 3729 3362 3744 ο
3399 3712 3452 3766 οἶ
3490 3712 3547 3766 δέ
3578 3713 3687 3766 καὶ

429 3809 797 3866 crediderunt.
833 3809 970 3864 Exin
994 3810 1175 3864 denuo
1201 3809 1414 3864 locutus
1438 3809 1506 3865 de
1539 3811 1855 3869 dominante
1883 3831 2000 3869 ma-

2107 3813 2236 3883 πρὸς
2271 3810 2368 3881 τὴν
2415 3810 2554 3880 ἐμὴν
2603 3808 2849 3880 βοήθειαν
2880 3804 3017 3859 εἶδον
3057 3805 3151 3859 καὶ
3173 3805 3504 3874 τετυχήκασι
3539 3803 3682 3856 ταύ-

427 3899 569 3964 litia,
600 3901 758 3970 culpa
783 3915 973 3955 eorum
1026 3901 1120 3970 qui
1151 3901 1292 3955 male
1319 3900 1485 3955 rebus
1507 3912 1794 3971 praeerant,
1827 3912 1880 3959 ct
1935 3905 2000 3962 de

2107 3921 2197 3974 της
2216 3920 2230 3934 ο
2256 3901 2366 3970 ἐγώ
2401 3917 2459 3954 τε
2487 3900 2596 3971 γάρ
2622 3901 2818 3962 αὐτοὺς
2843 3897 3073 3958 οἰκείους
3107 3896 3309 3966 ἐθέμην
3329 3939 3342 3961 ,
3368 3895 3468 3968 τὴν
3506 3895 3681 3964 κηδε-

430 3991 636 4046 inﬂicta
667 3992 871 4047 idcirco
919 3991 1025 4045 illis
1069 4006 1254 4062 pinna,
1317 4001 1582 4047 memorat
1636 3995 1877 4051 vicissim
1916 4007 2000 4052 tu-

2107 3994 2289 4066 μονίαν
2317 3994 2684 4062 ὑποσχόμενος
2713 3992 2812 4061 τὴν
2863 3990 3001 4060 ἐμὴν
3024 4030 3038 4052 ,
3077 3989 3314 4042 κάκεῖνοι
3350 3989 3407 4042 δὲ
3439 3990 3500 4042 ἐν
3545 3989 3684 4059 ἐμοὶ

431 4085 591 4136 telam
627 4097 780 4136 suam
815 4098 974 4152 quam
1005 4083 1107 4137 sibi
1157 4082 1309 4136 iirme
1336 4082 1734 4140 adhaerentibus
1776 4088 2000 4158 largitu-

2107 4087 2166 4141 τὸ
2194 4089 2301 4140 πᾶν
2338 4085 2543 4145 ἔθεντο,
2574 4086 2638 4154 τῇ
2668 4101 2725 4135 τε
2761 4082 3045 4151 δεσποτεία
3079 4081 3171 4134 καὶ
3194 4083 3257 4148 τῇ
3289 4080 3590 4153 προστασίᾳ.
3613 4079 3687 4134 τὸ

431 4189 550 4228 rum
584 4173 926 4243 promiserat.

2108 4179 2216 4232 πᾶν
2249 4177 2632 4236 πιστεύσαντες
2661 4177 2727 4244 τῇ
2755 4175 2884 4244 ἐμῇ.
2919 4174 3029 4225 Kal
3065 4171 3130 4244 δὴ
3172 4172 3333 4225 πάλιν
3363 4171 3529 4226 εἰπὼν
3571 4173 3690 4242 τήν

429 4284 490 4320 τε
528 4265 896 4336 γεγενημένην
949 4264 1306 4335 ἐπικράτειαν
1350 4263 1444 4316 τοῦ
1500 4266 1707 4331 κακοῦ,
1761 4272 1827 4340 τῇ
1875 4271 1982 4325 τῶν
2037 4270 2222 4334 κακῶς
2272 4267 2625 4340 προεστώτων
2671 4265 2980 4336 μοχθηρίᾳ,
3023 4265 3119 4317 καὶ
3154 4264 3252 4335 τὴν
3292 4264 3537 4319 ἐντεῦθεν
3576 4267 3688 4319 ἐπ-

431 4359 685 4429 αχθεῖσαν
729 4357 912 4419 αὐτοῖς
945 4355 1233 4428 τιμωρίαν,
1270 4357 1723 4428 ἀντιπαρατίθησι
1757 4361 1852 4430 τὴν
1912 4363 2241 4434 κηδεμονίαν
2281 4360 2348 4429 ἢν
2395 4361 2506 4421 τοῖς
2548 4359 2672 4427 περὶ
2711 4357 2839 4410 αὐτὸ
2879 4355 3213 4427 μεμενηκόσι
3264 4353 3495 4424 βεϐαίως
3531 4374 3684 4429 παρ-

431 4453 638 4521 ἔσχετο.

1052 4536 1206 4592 CAP.
1237 4535 1379 4590 XIV.

504 4631 668 4686 Vsus.
697 4630 808 4685 1-4.
833 4661 902 4670 -
951 4647 969 4679 ι
999 4629 1138 4685 Ecce
1161 4630 1278 4684 dies
1325 4629 1537 4682 Domini
1579 4629 1744 4692 venit,
1782 4639 1835 4683 et
1863 4628 2002 4683 divi-

433 4724 635 4778 dentur
649 4721 821 4794 spolia
844 4730 936 4776 tua
965 4722 1020 4776 in
1052 4730 1123 4776 te.
1154 4721 1220 4775 Et
1241 4721 1579 4793 congregabo
1597 4735 1793 4776 omnes
1809 4728 2000 4792 gentes

435 4815 700 4870 adversus
725 4812 1061 4870 Hierusalem
1087 4813 1154 4868 ad
1179 4813 1377 4868 bellum
1399 4830 1413 4878 ;
1434 4824 1484 4868 et
1515 4813 1760 4884 capietur
1781 4812 1994 4875 civitas,

435 4905 761 4975 diripientur
785 4905 1000 4972 domus,
1031 4913 1085 4960 et
1114 4904 1370 4962 mulieres
1390 4905 1698 4976 polluentur
1726 4922 1740 4958 :
1783 4914 1835 4958 et
1851 4919 1998 4974 egre-

437 4999 617 5054 dietur
655 4998 878 5053 dimidia
942 5013 1066 5068 pars
1114 4997 1354 5052 civitatis
1405 4997 1460 5050 iu
1493 4995 1864 5066 captivitatem
1899 5014 1913 5049 :
1944 5004 2000 5050 et

437 5105 566 5162 pars
617 5090 821 5159 reliqua
877 5091 1057 5161 populi
1087 5090 1188 5143 mei
1237 5104 1346 5143 non
1374 5087 1576 5158 peribit
1595 5086 1665 5142 de
1705 5087 1944 5142 civitate.
1979 5108 1996 5140 ›

442 5178 630 5240 Adest,
659 5179 856 5248 inquit,
893 5189 1122 5248 tempus.
1164 5193 1273 5247 quo
1321 5178 1550 5248 plurima
1574 5177 2000 5247 alienigenarum

441 5261 736 5316 multitudo
755 5261 1152 5330 expeditionem
1177 5260 1338 5315 iaciet
1359 5259 1622 5316 adversus
1643 5258 2002 5322 Hierusalem,

443 5361 721 5422 totamque
751 5351 894 5406 intus
923 5352 1250 5422 spoliabunt.
1282 5351 1348 5404 Et
1395 5351 1510 5421 ipsa
1534 5351 1752 5421 quidem
1806 5352 1875 5406 ab
1911 5352 2008 5404 lio-

437 5442 616 5498 stibus
644 5442 910 5513 capietur,
940 5442 1263 5510 diripientur
1285 5457 1414 5497 vero
1435 5443 1615 5497 omnia
1648 5457 1770 5513 quae
1793 5443 1849 5497 in
1879 5442 2009 5498 adi-

443 5535 548 5589 his
573 5533 808 5598 iuerint;
839 5542 1096 5603 tantaque
1123 5534 1357 5590 victores
1383 5535 1744 5605 percellentur
1771 5535 2006 5598 insania,

441 5633 504 5679 ut
530 5641 600 5680 ne
619 5639 650 5679 a
678 5625 964 5680 mulierum
995 5625 1210 5696 quidem
1228 5625 1548 5696 corporibus
1578 5624 1846 5682 violandis
1883 5625 2005 5680 abs-

445 5718 672 5784 tineant,
721 5717 1092 5788 plurimosque
1161 5719 1308 5774 cives
1397 5717 1676 5772 abducant
1727 5717 1995 5786 captivos.

2035 4541 2082 4598 D

2737 4535 2896 4592 ΚΕΦ.
2941 4537 3038 4591 IA'.

2178 4625 2325 4693 Στίχ.
2363 4622 2502 4678 αι’-δί.
2532 4653 2599 4663 —
2637 4623 2799 4678 «Ἰδοὺ
2835 4627 3018 4697 ἡμέρα
3051 4628 3268 4700 ἔρχεται
3301 4627 3540 4698 Κυρίουο
3577 4631 3684 4684 καὶ

2105 4713 2582 4785 διαμερισθήσεται
2609 4713 2680 4766 τὰ
2705 4714 2876 4768 σκῦλά
2904 4733 3002 4768 σου
3025 4718 3083 4770 ἐν
3113 4717 3218 4782 σοι,
3239 4717 3333 4770 καὶ
3362 4718 3685 4782 ἐπισυνάξει.)

2104 4806 2281 4859 πάντα
2328 4805 2396 4857 τὰ
2429 4804 2554 4876 ἔθνη
2589 4807 2682 4859 ἐπὶ
2722 4805 3075 4879 Ἰερουσαλὴμ
3126 4810 3208 4872 είς
3258 4809 3529 4881 πόλεμον,
3577 4814 3686 4867 καὶ

2104 4897 2367 4950 ἁλώσεται
2402 4900 2434 4969 ἡ
2468 4899 2650 4964 πόλις,
2684 4901 2759 4969 (p.
2804 4899 2932 4970 528)
2980 4902 3072 4954 καὶ
3108 4901 3572 4974 διαρπαγήσονται
3616 4907 3683 4958 αἱ

2101 4989 2305 5050 οἰκίαι,
2337 4990 2432 5042 καὶ
2459 4991 2517 5044 αἰ
2554 4993 2808 5058 γυναῖκες
2848 4991 3268 5063 μολυνθήσονται
3293 5033 3307 5056 ,
3339 4994 3435 5047 καὶ
3463 4994 3685 5060 ἐξελεύ-

2107 5095 2258 5132 σεται
2289 5080 2351 5132 τὸ
2371 5081 2540 5151 ἥμισυ
2570 5080 2670 5148 τῆς
2704 5081 2910 5144 πόλεως
2941 5083 3001 5134 ἐν
3025 5081 3390 5154 αἰχμαλωσίᾳ,
3422 5085 3472 5138 οἰ
3499 5084 3558 5136 δὲ
3583 5103 3682 5140 κα.

2105 5169 2351 5224 τάλοιποι
2374 5171 2467 5224 τοῦ
2493 5169 2627 5224 λαοῦ
2657 5189 2758 5241 μου
2787 5172 2850 5224 οὐ
2879 5174 2955 5242 μὴ
2977 5172 3430 5244 ἐξολοθρευθῶσιν
3460 5176 3525 5228 ὲκ
3572 5177 3680 5245 τῆς

2106 5261 2332 5325 πόλεως.
2364 5281 2383 5313 ι
2438 5261 2811 5332 ῐιαραγένεται
2858 5264 2999 5334 γὰρ,
3063 5265 3238 5334 φησὶ,
3289 5266 3479 5336 καιρὸς
3525 5269 3585 5320 ἐν
3630 5261 3683 5336 ᾧ

2104 5355 2341 5410 πλεῖστοι
2365 5355 2472 5409 τῶν
2493 5355 2786 5428 ἀλλοτρίων
2806 5358 3325 5427 ἐπιστρατεύσαντες
3356 5363 3426 5430 τῇ
3469 5361 3678 5432 Ἰερουο

2106 5447 2305 5518 σαλὴμ,
2334 5447 2551 5501 ἃπασαν
2571 5447 2742 5518 αὐτὴν
2773 5447 3156 5502 σκυλεύσουσιν
3177 5448 3323 5502 ἔνδον
3341 5466 3355 5481 ο
3389 5451 3480 5504 καὶ
3507 5453 3540 5521 ἠ
3575 5453 3676 5521 μὲν

2103 5538 2211 5591 ὑπὸ
2266 5537 2374 5592 τῶν
2432 5539 2703 5611 πολεμίων
2747 5539 3121 5610 ληφθήσεται,
3155 5539 3585 5612 διαρπαγήσεται
3617 5542 3675 5594 δὲ

2111 5629 2289 5682 πάντα
2327 5629 2396 5682 τὰ
2420 5631 2539 5692 ταῖς
2573 5629 2770 5694 οἰκίαις
2801 5629 2987 5684 ἐνόντα
3013 5671 3029 5696 ,
3050 5629 3287 5702 τοσαύτῃ
3317 5646 3375 5683 τε
3407 5633 3456 5684 οἰ
3492 5633 3672 5692 ἐπεισ-

2109 5719 2421 5796 εληλυθότες
2443 5725 2514 5792 τῇ
2539 5721 2688 5777 πόλει
2710 5724 3000 5792 χρήσονται
3025 5725 3088 5794 τῇ
3115 5723 3398 5795 παροινία,
3413 5723 3497 5786 ὡς
3534 5724 3678 5790 μήτε

3803 1573 3826 1636 λ

3807 2077 3826 2456 i

3821 3891 3824 3974 ι
