3856 6226
164 311 277 370 889

1061 302 1606 363 COMMENTARIUS
1642 300 1707 356 IN
1738 298 2109 357 ZACIIARUE
2147 298 2298 358 CAP.
2339 298 2481 363 XIV.

3343 297 3450 353 ιθο

171 429 273 499 τῆς
318 427 397 491 είς
431 425 498 481 τὰ
528 425 756 497 σώματα
801 427 910 481 τῶν
956 424 1231 495 γυναικῶν
1271 423 1482 494 ὕϐρεως
1524 417 1755 490 ἀποσχέ-

1874 414 1958 473 llis
1983 416 2342 472 nihilominus
2373 417 2447 471 ita
2480 416 2716 489 peractis
2750 415 2819 472 ab
2842 414 3073 472 aliorum
3110 411 3315 468 malitia
3337 452 3353 477 ,
3391 414 3446 466 hi

175 523 298 576 σθαι
323 562 342 586 ,
374 521 468 575 καὶ¹
491 519 777 583 πλείστους
812 520 969 583 ὅσους
996 517 1094 586 τῆς
1142 515 1351 578 πόλεως
1378 512 1757 584 αἰχμαλώτους

174 611 356 664 λαϐεῖν
380 627 393 640 ·
433 609 571 664 ἀλλὰ
608 611 701 664 καὶ
744 610 948 663 τούτων
981 608 1125 662 οὕτω
1168 606 1471 677 γινομένων
1524 602 1614 656 διὰ
1661 600 1758 673 τὴν

174 702 378 773 ἐώρων
431 701 632 756 κακίαν
676 701 727 755 οί
775 701 873 771 τῆς
922 701 1063 772 ὲμῆς
1115 699 1327 762 εὐνοίας
1382 696 1753 767 ἀπεχόμενοι,

176 794 431 857 ἀϐλαϐεῖς
473 795 566 847 ἐπὶ
591 796 689 864 τῆς
728 793 935 856 πόλεως
960 795 1026 863 τῇ
1074 787 1369 862 κηδεμονίᾳ
1400 784 1758 857 διεφυλάχθη-

178 902 280 939 σαν
309 889 375 956 τῇ
407 887 538 957 ἐμῇ.
564 881 697 938 Εἶτα
724 884 912 938 λοιπὸν
958 882 1158 953 ἑφεξῆς
1203 882 1302 953 τὴν
1333 879 1583 951 βοήθειαν
1612 877 1760 946 λέγει

177 975 277 1043 τὴν
304 974 453 1028 θείαν
475 976 567 1044 ἀφ’
599 969 665 1045 ἧς
698 973 914 1027 ἅπαντα
939 974 1122 1036 αὐτοῖς
1152 972 1245 1026 ἐπὶ
1293 971 1354 1025 τὸ
1399 972 1647 1040 κρεῖττον
1689 970 1757 1039 τῇ

177 1063 290 1117 τῶν
322 1064 701 1119 Μακκαϐαίων
739 1063 1045 1136 προστασίᾳ
1076 1062 1308 1134 μετέστη
1329 1077 1342 1090 ⁸
1381 1061 1758 1133 Προηγήσεται

182 1156 283 1225 μὲν
316 1156 426 1228 γὰρ
450 1196 464 1216 ,
496 1158 648 1227 φησὶ,
671 1156 779 1209 τῶν
813 1154 1029 1209 οἰκείων
1074 1157 1102 1207 ὁ
1127 1153 1259 1216 Θεὸς
1286 1153 1473 1225 ὥσπερ
1502 1153 1561 1205 ὲν
1589 1168 1759 1222 παρα-

179 1246 334 1310 τάξει
364 1248 599 1318 πολέμου
624 1247 794 1318 νόμῳ,
832 1244 1153 1317 στρατηγῶν
1195 1262 1255 1297 τε
1282 1245 1466 1307 αὐτοῖς
1497 1244 1589 1298 καὶ
1619 1242 1761 1297 κατὰ

179 1339 290 1392 τῶν
339 1340 597 1393 ἐναντίων
638 1339 1132 1410 παραταττόμενος.
1184 1337 1410 1400 Σταθεὶς
1458 1337 1515 1391 δὲ
1540 1380 1556 1405 ,
1601 1338 1756 1408 φησὶ,

180 1430 276 1481 ἐπὶ
300 1429 361 1483 τὸ
379 1430 486 1483 τῶν
523 1429 749 1482 Ἐλαιῶν
777 1428 901 1500 ὅρος
929 1427 1209 1482 κατέναντι
1248 1429 1345 1497 τῆς
1384 1427 1757 1498 Ἰερουσαλὴμ,

182 1522 436 1593 κλονήσει
470 1522 569 1593 μὲν
600 1522 660 1576 τὸ
698 1522 844 1594 ὅρος,
875 1523 1189 1591 συγκινήσει
1216 1521 1270 1574 δὲ
1312 1522 1528 1576 ἅπαντα
1558 1521 1624 1574 τὰ
1654 1522 1761 1592 πρὸ

181 1613 282 1685 τῆς
306 1614 511 1677 πόλεως
558 1615 653 1667 καὶ
708 1613 809 1683 τὴν
864 1612 1016 1667 πόλιν
1046 1613 1215 1681 αὑτήν
1236 1628 1248 1641 ’
1284 1611 1424 1665 ὣστε
1452 1612 1628 1665 δοκεῖν
1663 1613 1761 1682 μὲν

185 1704 442 1769 ποικίλως
474 1704 857 1775 διατέμνεσθαι
887 1704 950 1757 τὸ
979 1704 1103 1774 ὅρος
1134 1702 1213 1773 τῷ
1238 1702 1386 1773 φόϐῳ
1412 1701 1504 1755 τοῦ
1529 1704 1759 1773 κινήμαο

1860 514 2038 562 tamen
2064 510 2157 577 qui
2185 508 2238 561 iu
2268 509 2373 562 mei
2420 522 2607 563 amore
2665 507 3092 579 permanserint,
3142 505 3448 560 incolumes

1860 596 1914 651 in
1944 597 2164 652 civitate
2192 596 2500 667 patrocinio
2520 612 2641 653 meo
2668 597 3068 651 custodientur.
3090 592 3296 649 Deinde
3320 607 3449 663 per-

1859 689 1936 759 git
1956 688 2137 744 dicere
2162 689 2402 743 divinam
2440 704 2622 759 opem,
2648 706 2757 760 qua
2789 689 2973 744 omnia
3002 688 3138 758 ipsis
3160 686 3216 742 in
3249 685 3449 741 melius

1861 780 1965 835 sub
2016 779 2485 837 Macchabaeorum
2534 781 2843 852 principatu
2895 794 3052 836 versa
3097 784 3248 834 sunt.
3283 775 3447 848 357

1860 870 2156 938 Przecedet,
2214 873 2413 944 inquit,
2446 874 2564 930 suis
2592 873 2737 930 Deus
2767 881 3029 943 tanquam
3065 871 3118 924 in
3150 869 3291 932 acie,
3330 868 3448 938 lege

1861 965 2008 1031 belli,
2060 968 2171 1022 dux
2226 966 2406 1022 factus
2481 975 2536 1022 et
2586 974 2777 1021 contra
2826 967 3013 1021 hostes
3076 963 3380 1018 instructus
3427 980 3444 1016 :

1861 1066 2147 1129 stansque,
2178 1059 2375 1130 inquit,
2405 1074 2570 1128 super
2596 1066 2783 1113 monte
2810 1055 3079 1126 _Olearum
3111 1071 3178 1110 ex
3212 1053 3448 1109 adverso

1863 1149 2224 1216 Hierusalem,
2255 1152 2533 1207 concutiet
2591 1157 2855 1207 montem.
2918 1146 3285 1202 commovebit
3324 1151 3450 1199 ante

1861 1239 2050 1294 urbem
2082 1239 2288 1305 omnia,
2344 1240 2633 1310 ipsamque
2686 1240 2908 1294 urbem:
2967 1239 3039 1291 ita
3095 1244 3153 1291 ut
3202 1234 3451 1289 videatur

1862 1331 2012 1386 varie
2029 1330 2301 1403 confringi
2334 1347 2495 1385 mons
2521 1340 2670 1385 motu
2700 1345 2765 1386 eo
2807 1327 3121 1399 pavefactus
3155 1340 3451 1395 rerumque

1863 1438 2050 1478 casum
2078 1424 2309 1479 similem
2336 1439 2459 1479 esse
2487 1431 2646 1478 terra:
2674 1423 2843 1476 motui
2880 1422 2975 1485 illi,
3000 1434 3160 1489 quem
3186 1419 3290 1474 sub
3318 1417 3451 1472 Ozia

1864 1530 1989 1586 rege
2009 1531 2040 1569 a
2066 1514 2249 1569 divina
2282 1515 2359 1569 ira
2389 1514 2655 1569 concitari
2677 1513 2928 1583 conligit.
2951 1509 3093 1565 Dicit
3113 1525 3244 1580 ergo
3264 1509 3451 1566 omnia

1863 1606 2233 1678 hyperbolice,
2268 1616 2327 1660 ut
2358 1607 2522 1671 solet,
2576 1612 2631 1659 et
2662 1604 2809 1674 quod
2840 1601 3213 1674 magnitudine
3260 1600 3452 1656 auxilii

1865 1700 1979 1753 suis
2010 1698 2256 1768 praebiti,
2284 1706 2339 1753 et
2381 1698 2646 1753 adversus
2680 1698 2864 1753 hostes
2911 1696 3302 1766 indignatione,
3328 1710 3449 1750 om-

179 1811 303 1859 τος,
331 1794 507 1847 δοκεῖν
552 1793 609 1846 δὲ
655 1794 725 1848 τὰ
754 1794 878 1848 τότε
918 1795 1220 1865 πράγματα
1252 1793 1487 1847 ἐοικέναι
1531 1798 1642 1856 τοῖς
1671 1796 1764 1847 ἐπὶ

1874 1790 1957 1842 nia
1980 1804 2147 1860 prope
2167 1804 2431 1860 quassare
2460 1789 2754 1845 videbitur.
2793 1788 2940 1845 Usus
2963 1796 3049 1845 est
3085 1798 3266 1843 autem
3305 1786 3453 1845 Ozias

180 1887 276 1939 τοῦ
310 1885 532 1955 σεισμοῦ
562 1886 843 1955 γεγονόσιν
865 1924 882 1949 ,
909 1885 969 1940 ὃν
1008 1886 1102 1939 ἐπὶ
1136 1885 1234 1955 τῆς
1277 1884 1451 1951 Ὀζίου
1494 1886 1766 1957 βασιλείας

1874 1882 2253 1945 similitudine,
2287 1882 2544 1952 quoniam
2598 1882 2689 1937 ille
2726 1898 2945 1953 quoque
3000 1884 3314 1938 nullatenus
3364 1897 3455 1938 sa-

183 1978 326 2031 κατὰ
352 1977 500 2031 θείαν
537 1977 708 2049 ὀργὴν
745 1977 1176 2048 ἀποτελεσθῆναι
1214 1977 1435 2048 συνέϐη.
1468 1979 1628 2046 Λέγει
1667 1979 1765 2049 μὲν

1874 1974 2098 2030 cerdotii
2145 1976 2439 2046 particeps,
2491 1975 2593 2030 hoc
2644 1992 2911 2046 usurpare
2943 1977 3152 2032 voluit:
3190 1976 3350 2046 cujus
3372 1977 3454 2033 rei

182 2067 280 2125 οὖν
312 2070 527 2125 ἅπαντα
557 2069 933 2142 ὑπερϐολικῶς
954 2069 1029 2134 ὡς
1059 2070 1213 2123 εἴωθε
1245 2113 1260 2135 ,
1294 2076 1369 2141 (p.
1396 2070 1523 2141 529)
1559 2070 1651 2123 καὶ
1684 2071 1764 2123 ὅτι

1874 2081 2036 2121 causa
2062 2065 2206 2122 Deus
2233 2075 2573 2122 teri-semotus
2614 2067 2988 2139 magnitudine
3016 2068 3450 2139 indignationem

186 2162 264 2232 τῷ
298 2162 520 2233 μεγέθει
544 2162 646 2231 τῆς
676 2161 927 2233 βοηθείας
965 2162 1032 2231 ἢν
1077 2162 1377 2231 παρέχεται
1410 2164 1523 2225 τοῖς
1551 2161 1770 2226 οίκείοις

1874 2174 2027 2213 suam
2059 2158 2375 2213 declaravit.
2416 2158 2538 2212 Pari
2590 2160 2751 2214 modo
2800 2176 2945 2214 nunc
2977 2175 3217 2231 quoque,
3252 2160 3453 2230 inquit,

185 2258 253 2327 τῇ
283 2272 341 2308 τε
380 2254 519 2309 κατά
564 2256 672 2308 τῶν
711 2255 971 2309 ἐναντίων
993 2255 1370 2324 ἀγανακτήσει
1398 2253 1641 2326 ὡσπερεὶ
1670 2271 1770 2309 σα-

1877 2258 2099 2321 propter
2141 2266 2237 2306 eos
2280 2252 2372 2321 qui
2410 2259 2595 2307 mente
2643 2252 2806 2322 impia
2859 2252 3158 2324 legitimum
3206 2254 3455 2309 ordinem

183 2344 363 2398 λεύειν
394 2346 611 2400 ἅπαντα
632 2345 775 2411 δόξει
793 2362 806 2376 ⁸
836 2346 1108 2416 ἐχρήσατο
1132 2344 1189 2399 δὲ
1220 2347 1286 2415 τῇ
1312 2345 1448 2416 πρὸς
1472 2344 1562 2398 τὸν
1589 2343 1770 2408 Ὀξίαν

1877 2342 2421 2413 pratergrediunlur,
2470 2352 2527 2399 et
2555 2343 2931 2399 sacerdotium
2965 2354 3155 2400 contra
3186 2344 3269 2401 fas
3293 2360 3459 2401 usur-

183 2436 482 2506 ὁμοιότητι.
516 2435 705 2507 ἐπειδὴ
734 2437 987 2498 κάκεῖνος
1032 2435 1187 2489 οὐθὲν
1209 2438 1275 2506 τῇ
1306 2434 1573 2507 ἱερωσύνῃ
1604 2453 1770 2507 προσ-

1880 2444 2031 2506 paut,
2070 2437 2295 2490 multam
2335 2437 2479 2491 Deus
2502 2436 2755 2493 ostendet
2802 2437 3230 2509 indignationem
3277 2452 3457 2503 suam,

185 2527 377 2596 ήκων,
422 2526 776 2598 ἐπεχείρησεν
830 2527 1000 2596 αὐτῆς
1057 2526 1443 2582 ἐπιλαϐέσθαι·
1502 2529 1586 2597 ἐφ’
1619 2522 1665 2595 ᾦ
1706 2528 1770 2599 δὴ

1879 2528 2146 2583 elementa
2209 2529 2392 2582 omnia
2427 2543 2781 2583 commovens
2832 2529 2896 2584 ad
2933 2530 3173 2585 hostium
3218 2544 3457 2602 pinnam,

186 2618 377 2689 καὶτῷ
407 2619 623 2689 μεγέθει
645 2618 737 2673 τοῦ
767 2618 993 2689 σεισμοῦ
1020 2620 1121 2686 τὴν
1156 2619 1533 2690 ἀγανάκτησιν
1564 2619 1663 2690 τὴν
1684 2620 1770 2689 κοί-

1881 2635 2107 2675 suorum
2137 2635 2267 2675 vero
2304 2623 2554 2675 salutem.
2583 2620 2679 2675 llis
2708 2620 2893 2676 addit:

186 2711 343 2766 κείαν
387 2712 418 2764 6
452 2711 585 2774 Θεὸς
629 2710 959 2775 ἐπεδείξατο.
1002 2710 1106 2764 Τὸν
1148 2711 1312 2764 αὑτὸν
1357 2711 1421 2783 δὴ
1465 2711 1664 2782 τρόπον
1710 2710 1801 2764 καὶ
1834 2710 1965 2775 νῦν,
2024 2711 2186 2782 φησὶν
2211 2751 2226 2776 ,
2283 2712 2373 2765 διὰ
2421 2713 2546 2775 τοὺς
2592 2711 2781 2765 ἀσεϐεῖ
2811 2711 3001 2785 γνώμῃ
3035 2714 3462 2786 παρωσαμένους

189 2806 291 2876 μὲν
321 2802 421 2875 τὴν
456 2803 685 2875 νομικὴν
722 2802 1006 2867 εὐταξίαν,
1065 2805 1131 2874 τῇ
1180 2802 1449 2875 ἱερωσύνῃ
1481 2803 1537 2856 δὲ
1589 2803 1740 2874 παρὰ
1780 2802 1843 2855 τὸ
1893 2802 2101 2875 πρέπον
2154 2804 2643 2876 έπικεχειρηκότας
2673 2841 2689 2867 ,
2744 2803 2945 2875 πολλὴν
2990 2805 3313 2871 ἐπιδείξεται
3362 2804 3462 2877 τὴν

188 2899 559 2969 ἀγανάκτησιν
586 2899 616 2951 6
647 2898 779 2962 Θεὸς
802 2900 901 2972 τὴν
926 2899 1134 2952 οἰκείαν
1159 2940 1173 2963 ,
1227 2899 1492 2951 συσσείων
1532 2884 1787 2962 ἅπαντα,
1832 2899 1924 2951 ἐπὶ
1967 2901 2207 2973 τιμωρία
2247 2902 2347 2972 μὲν
2395 2902 2503 2955 τῶν
2542 2900 2822 2965 ἐναντίων,
2866 2902 3111 2975 σωτηρίᾳ
3150 2902 3210 2957 δὲ
3242 2902 3352 2957 τῶν
3382 2904 3465 2957 oi-

189 2992 373 3048 κείων.
401 2988 497 3054 Οἷς
520 2991 713 3060 ἐπάγει
736 3008 751 3021 ·

263 3085 413 3155 Στίχ.
440 3083 581 3147 ε’-ξ,
611 3112 681 3124 -
711 3101 729 3135 ι
767 3081 870 3136 Καὶ
896 3082 1017 3153 ἥξει
1055 3081 1257 3153 Κύριος
1287 3083 1315 3134 6
1343 3081 1476 3144 Θεός
1511 3098 1611 3150 μου
1631 3120 1646 3143 ,
1673 3080 1763 3132 καὶ

1946 3079 2107 3131 Vsus.
2138 3077 2260 3131 5-7.
2292 3106 2360 3116 ——
2390 3095 2409 3128 ι
2451 3076 2516 3131 Ει
2547 3079 2724 3134 veniet
2779 3078 3041 3135 Dominus
3092 3078 3237 3138 Deus
3285 3098 3460 3150 meus,

191 3180 395 3241 πάντες
439 3178 488 3229 oi
521 3176 664 3244 ἆγιοι
712 3176 827 3246 μετ’
882 3173 1066 3229 αὑτοῦ.
1109 3191 1128 3225 ι
1177 3174 1296 3225 Ἀπ’
1355 3171 1520 3226 αὐτοῦ
1550 3171 1658 3243 γὰρ
1688 3170 1774 3242 δὴ,

192 3271 361 3340 φησὶ,
395 3268 491 3322 τοῦ
540 3266 802 3339 μεγέθους
845 3265 955 3319 τῶν
1009 3263 1352 3335 πραγμάτων
1396 3263 1597 3317 ὡσανεὶ
1644 3263 1778 3335 πόρ-

194 3360 368 3433 ρωθέν
422 3357 587 3413 ποθεν
631 3358 712 3420 είς
763 3354 1017 3427 βοήθειαν
1062 3354 1219 3426 ἡμῶν
1268 3353 1542 3424 ἐληλυθὼς
1584 3354 1613 3405 ὁ
1645 3352 1777 3416 Θεὸς

193 3452 474 3520 φανεῖται,
530 3448 680 3517 ἄγων
724 3448 785 3501 τὸ
827 3449 1025 3501 οἰκεῖον
1069 3445 1432 3518 στρατόπεδον
1481 3446 1627 3500 ἅπαν
1680 3446 1777 3499 σὺν

193 3539 397 3610 ἑαυτῷ.
448 3537 610 3605 Λέγει
661 3536 718 3590 δὲ
759 3536 859 3599 τὰς
908 3534 1176 3606 ἀοράτους
1225 3532 1513 3604 δυνάμεις
1570 3530 1778 3592 ταύτας

195 3631 305 3699 γὰρ
344 3628 499 3682 καλεῖ
541 3629 668 3691 τοὺς
719 3627 945 3694 ἁγίους,
994 3624 1052 3677 ai
1104 3624 1242 3696 πρὸς
1286 3622 1502 3677 ἅπαντα
1537 3619 1686 3691 αὐτῷ
1711 3618 1780 3673 τὰ

195 3719 461 3778 δοκοῦντα
490 3720 549 3771 ὲν
589 3720 701 3781 τοῖς
748 3717 878 3787 περ)⁵
916 3717 1043 3780 τοὺς
1094 3714 1414 3786 ἀνθρώπους
1468 3711 1777 3782 γινομένοις

199 3810 593 3886 ὑπηρετεῖσθαι
640 3809 915 3864 εἰώθασιν.
974 3828 992 3859 ι
1051 3808 1162 3862 Kal.
1209 3807 1362 3861 ἔσται
1387 3809 1445 3860 ὲν
1482 3805 1667 3878 ἐκείνῃ
1709 3805 1777 3875 τῇ

195 3905 419 3977 ἡμέρᾳ,
448 3904 550 3957 οὐκ
581 3901 735 3956 ἔσται
768 3901 905 3970 φῶς,
936 3898 1075 3954 ἀλλὰ
1106 3898 1277 3970 ψύχος
1301 3899 1394 3952 καὶ
1426 3897 1600 3965 πάγος
1625 3896 1779 3949 ἔσται

201 3999 304 4070 μιᾷ
325 3995 530 4067 ἡμέρα.
552 4012 589 4047 ,ι
640 3994 717 4047 Οὐ
762 3991 879 4063 φῶς
923 3992 1093 4055 ὅντως
1120 3990 1214 4043 καὶ
1243 3989 1414 4060 ψύχος
1464 3987 1560 4040 καὶ⁵
1605 3986 1781 4055 πάγος

198 4089 373 4156 λέγει.
402 4085 517 4140 ἀλλ’
559 4084 749 4155 ὥσπερ
779 4082 970 4137 εἴωθεν
1000 4082 1213 4151 λέγειν,
1246 4080 1329 4134 ὅτι
1366 4080 1395 4131 ὁ
1421 4076 1572 4149 ἥλιος
1603 4091 1780 4131 σκοτι-

203 4178 484 4249 σθήσεται,
512 4175 607 4232 καὶ
620 4174 838 4230 δύσεται
852 4170 1254 4241 αύτοῖςὸἥλιος,
1284 4170 1378 4225 καὶ
1401 4171 1502 4224 ὅσα
1517 4168 1742 4222 τοιαῦτα
1760 4184 1774 4197 ·

199 4269 278 4331 ὡς
310 4265 420 4320 τῶν
453 4267 512 4321 ὲν
545 4266 856 4336 συμφοραῖς
886 4263 1057 4317 ὄντων
1097 4259 1353 4331 οὐδεμίαν
1402 4258 1654 4329 αἴσθησιν
1683 4256 1779 4311 τοῦ

201 4358 382 4427 φωτὸς
412 4355 817 4427 λαμϐανόντων,
864 4353 979 4408 ἀλλ’
1015 4352 1205 4422 ὥσπερ
1229 4353 1289 4404 ὲν
1318 4350 1496 4419 σκότῳ
1526 4349 1631 4402 τινὶ
1660 4349 1779 4402 τότε

1880 3177 1937 3223 et
1963 3184 2152 3223 omnes
2170 3168 2347 3223 sancti
2380 3183 2503 3222 cum
2543 3184 2628 3224 eo.
2652 3186 2672 3222 ι
2707 3168 2783 3223 Ex
2814 3170 3213 3241 magnitudine,
3254 3172 3454 3244 inquit,

1878 3275 2059 3316 rerum
2091 3266 2391 3329 gestarum,
2428 3260 2495 3315 de
2538 3259 2838 3332 longinquo
2864 3262 3031 3316 veluti
3090 3262 3232 3330 loco,
3263 3265 3333 3319 ad
3361 3280 3464 3321 au-

1876 3354 2067 3407 xilium
2119 3360 2368 3407 nostrum
2419 3353 2647 3408 veniens
2695 3351 2838 3409 Deus
2869 3354 3174 3424 apparebit,
3200 3365 3462 3412 cunctum

1878 3460 2037 3501 suum
2068 3459 2253 3500 secum
2283 3459 2453 3514 agens
2477 3444 2803 3510 exercitum,
2830 3445 2883 3499 id
2911 3452 2996 3500 est
3036 3446 3335 3504 invisibiles
3361 3464 3463 3519 po-

1879 3545 2141 3603 testates;
2196 3536 2300 3592 has
2360 3536 2505 3590 enim
2554 3543 2874 3591 sanctorum
2938 3538 3160 3595 nomine
3188 3540 3460 3610 appellat;

1878 3642 2000 3700 quas
2038 3628 2106 3683 ad
2146 3643 2310 3683 omne
2337 3628 2460 3698 ejus
2496 3628 2735 3695 libitum,
2772 3631 2827 3682 iu
2857 3629 3112 3687 humanis
3137 3630 3302 3688 rebus
3354 3636 3459 3688 mi-

1880 3720 2112 3774 nistrare
2143 3718 2341 3773 solent.
2381 3735 2401 3767 ι
2465 3717 2530 3772 Et
2558 3717 2663 3773 erit
2692 3718 2782 3774 die
2808 3719 2919 3787 illa,
2944 3735 3050 3775 non
3081 3722 3169 3777 lux
3200 3723 3327 3791 erit,
3366 3725 3464 3782 sed

1883 3811 2052 3881 frigus
2073 3818 2127 3865 et
2152 3810 2276 3881 gelu
2299 3811 2406 3866 erit
2444 3826 2553 3865 una
2583 3810 2692 3866 die.
2727 3830 2746 3865 ι
2778 3809 2932 3868 Haud
2970 3828 3159 3885 reapse
3181 3817 3353 3874 lucem
3379 3820 3465 3875 vel

1880 3902 2055 3971 frigus
2083 3901 2274 3971 geluve
2312 3900 2466 3964 dicit,
2514 3901 2608 3956 sed
2660 3901 2846 3970 potius
2885 3915 3037 3958 more
3086 3919 3210 3972 suo,
3257 3904 3375 3963 fore
3404 3915 3466 3963 ut

1880 3992 1962 4047 sol
1989 3992 2337 4054 obscuretur,
2368 3991 2453 4046 vel
2495 3992 2787 4048 occumbat
2821 3991 2949 4057 illis;
2984 4001 3079 4048 aut
3111 3996 3219 4052 alia
3274 3997 3467 4070 hujus-

1880 4082 2027 4139 modi
2048 4102 2060 4138 :
2085 4082 2242 4153 quasi
2268 4083 2514 4140 homines
2538 4084 2592 4139 in
2615 4085 3018 4142 calamitatibus
3041 4098 3323 4147 versantes
3345 4092 3466 4147 uul-

1882 4174 1992 4228 lum
2025 4174 2160 4228 lucis
2207 4188 2430 4229 sensum
2461 4174 2717 4239 habeant,
2748 4174 2844 4231 sed
2876 4177 3202 4247 quibusdam
3226 4182 3466 4240 tenebris

1879 4264 2548 4333 circumseptiviileantur.
2580 4264 2659 4320 Ita
2692 4266 2781 4321 hic
2835 4266 3001 4322 etiam
3060 4270 3169 4325 ait:
3222 4269 3466 4329 Casuum

1881 4352 2253 4423 magnitudine
2306 4353 2635 4409 videbuntur
2674 4353 2921 4410 homines
2960 4371 3028 4411 ne
3079 4357 3261 4415 lucem
3298 4359 3468 4435 358

201 4444 345 4504 εἶναι
373 4446 692 4502 δοκούντων.
728 4445 887 4499 Οὕτω
917 4444 1197 4499 κάνταῦθά
1236 4460 1369 4514 φησι
1387 4459 1401 4473 ·
1430 4441 1655 4509 Δόξουσι
1683 4441 1770 4512 μὲι

1885 4445 2101 4517 quidem
2120 4445 2386 4515 aspicere,
2420 4446 2515 4501 sed
2540 4444 2743 4517 frigore
2769 4449 3003 4521 geluque
3024 4451 3245 4521 pulsati,
3278 4451 3336 4508 in
3356 4460 3468 4511 tre-

201 4541 316 4612 γὰρ
362 4539 467 4593 ὑπὸ
508 4538 602 4592 τοῦ
637 4537 901 4609 μεγέθους
930 4535 1037 4589 τῶν
1069 4536 1373 4606 γινομένων
1400 4534 1451 4587 oi.
1482 4532 1778 4603 ἄνθρωποι,

204 4634 373 4704 φησιν
393 4672 410 4697 ,
436 4631 558 4686 οὐδὲ
585 4631 702 4700 φῶς
744 4631 899 4701 όρᾲν,
929 4627 1119 4700 ὥσπερ
1146 4626 1203 4680 δὲ
1228 4628 1285 4681 ὲν
1307 4625 1469 4698 ψύχει
1498 4626 1593 4680 καὶ¹
1621 4627 1780 4697 πάγῳ

202 4722 601 4796 ταραττόμενοι
624 4722 683 4774 ὲν
707 4719 893 4791 τρόμῳ
920 4734 980 4771 τε
1016 4717 1109 4771 καὶ
1133 4715 1308 4786 κλόνῳ
1360 4712 1615 4786 μενοῦσι,
1652 4729 1780 4768 συν-

202 4816 532 4888 αράττοντες
544 4813 672 4877 τοὺς
688 4811 912 4875 ὀδόντας
934 4809 1011 4881 τῷ
1037 4808 1256 4881 μεγέθει
1277 4806 1387 4862 τῶν
1399 4805 1780 4877 γενησομένων

204 4908 396 4965 κακῶν
426 4910 492 4961 ὲκ
532 4906 633 4977 τῆς
660 4903 981 4973 ἐπιφανείας
1009 4902 1107 4972 τῆς
1142 4900 1290 4964 θείας
1314 4916 1329 4931 ·
1357 4898 1453 4971 (p.
1478 4897 1584 4953 550
1600 4897 1620 4968 j
1665 4890 1780 4950 οἷόν

202 5003 323 5055 ἔστι
353 4998 522 5054 καὶτὸ
544 4998 695 5070 παρὰ
716 4994 810 5050 τοῦ
826 4994 1031 5066 Κυρίου
1052 4994 1363 5063 λεγόμενον,
1389 5008 1409 5042 ι
1454 4990 1602 5044 Ἐκεῖ
1626 4988 1780 5043 ἔσται

202 5096 237 5147 6
254 5093 500 5165 βρυγμὸς
513 5091 622 5146 τῶν
634 5090 884 5145 ὀδόντων.
909 5108 929 5142 ι
941 5106 1034 5138 -ι
1055 5088 1165 5141 Καὶ
1189 5089 1224 5157 η
1240 5084 1421 5157 ἡμέρα
1438 5082 1623 5153 ἐκείνη
1638 5099 1781 5151 γνω-

204 5184 309 5255 στὴ
342 5183 422 5255 τῷ
446 5182 655 5256 Κυρίῳ.
688 5201 708 5235 ι
735 5180 851 5235 Ἰνα
874 5179 1002 5253 εῐπῃ
1028 5179 1111 5232 ὅτι
1138 5176 1281 5233 κατὰ
1305 5175 1529 5247 γνώμην
1544 5174 1680 5228 Θεοῦ
1703 5191 1787 5243 γε·

1887 4551 2037 4591 more
2052 4544 2105 4591 et
2128 4536 2488 4591 concussione
2523 4538 2841 4607 manebunt,
2867 4541 3128 4598 dentibus
3161 4542 3469 4600 infrenden-

1887 4639 1989 4692 tes,
2025 4627 2097 4681 ob
2134 4628 2501 4698 ingruentium
2532 4629 2801 4685 malorum
2824 4633 3251 4703 magnitudinem
3285 4635 3341 4690 in
3371 4634 3466 4693 Dei

1886 4718 2121 4773 adventu
2164 4717 2323 4787 juxta
2376 4715 2594 4773 Domini
2636 4719 2882 4776 dictum:
2936 4739 2957 4774 ι
2998 4723 3077 4777 lbi
3130 4724 3237 4779 erit
3266 4726 3469 4783 stridor

1886 4811 2133 4868 dentium
2166 4810 2233 4866 ⁷⁸.
2275 4831 2294 4863 ι
2310 4838 2383 4852 -
2404 4830 2423 4863 ι
2448 4812 2516 4870 Et
2542 4812 2663 4869 dies
2688 4809 2781 4869 illa
2805 4818 2936 4871 nota
2953 4812 3206 4872 Domino.
3232 4834 3251 4869 ι
3274 4814 3335 4874 Id
3351 4829 3460 4883 est.

1878 4905 2035 4976 juxta
2064 4906 2156 4963 Dei
2187 4905 2515 4962 sententiam
2557 4905 2689 4959 talia
2721 4903 2874 4970 flent,
2927 4908 3185 4977 quoniam
3220 4908 3270 4964 ei
3309 4908 3471 4967 libuit

1886 5000 2002 5055 haec
2022 5008 2155 5054 tunc
2181 5000 2421 5055 evenire.
2460 4996 2636 5054 Veluti
2666 4993 2867 5050 illudzc
2896 4997 3056 5055 Novit
3081 4999 3346 5059 Dominus
3371 5002 3471 5075 qui

1887 5097 2018 5145 sunt
2061 5088 2249 5159 ejus“
2278 5107 2295 5156 ;
2324 5113 2343 5139 ι
2388 5088 2443 5144 id
2481 5088 2900 5152 est,familiares
2949 5106 3079 5147 suos
3118 5090 3267 5161 fecit,
3311 5101 3367 5151 et
3411 5096 3468 5150 iu

1891 5179 2181 5233 charorum
2215 5193 2443 5234 numero
2476 5178 2785 5234 habuit.Sic
2818 5180 2961 5237 diem
2977 5183 3053 5237 ait
3071 5192 3253 5239 notam
3285 5183 3471 5239 Domi-

203 5277 428 5347 νήσεται
446 5272 691 5335 τοιαῦτα,
716 5271 947 5344 ἐπείπερ
964 5269 1198 5343 ἀρεστὸν
1219 5268 1367 5339 αὐτῷ
1382 5267 1444 5321 τὸ
1457 5267 1600 5321 οὕτω
1613 5265 1770 5320 ταῦτα

1892 5282 1985 5333 no,
2028 5281 2221 5338 nempe
2249 5268 2351 5338 ipsi
2399 5276 2630 5339 gratam,
2678 5271 2808 5339 quia
2837 5284 2905 5324 ex
2936 5270 3057 5340 ejus
3080 5273 3347 5330 sententia
3378 5273 3471 5331 die

203 5369 330 5422 τότε
349 5367 623 5438 συμϐῆναι
640 5382 654 5396 ·
669 5360 782 5419 οἷόν
802 5366 919 5418 ἐστι
933 5364 1045 5426 τὸ,ι
1059 5362 1241 5431 Ἔγνω
1266 5360 1469 5432 Κύριος
1487 5359 1612 5423 τοὺς
1627 5357 1770 5421 ὄντας

1895 5360 1985 5413 illa
2015 5360 2142 5415 fient
2178 5362 2327 5427 talia,
2356 5360 2423 5415 ad
2469 5360 2707 5415 hostium
2772 5362 3127 5431 punitiouem,
3170 5352 3467 5422 amicorum

208 5458 380 5514 αὑτοῦ
399 5477 414 5490 ο
453 5478 474 5512 ι
515 5459 636 5512 ἀντὶ
655 5456 773 5521 τοῦ,
816 5454 1145 5527 ᾭκειώσατο
1170 5453 1368 5515 αὐτοὺς
1405 5450 1498 5504 καὶ
1522 5450 1770 5521 ἀρεστοὺς

1894 5461 2075 5508 autem
2103 5460 2353 5509 salutem.
2391 5470 2410 5505 ι
2446 5452 2513 5508 Et
2549 5464 2677 5509 non'
2700 5453 2818 5512 dies
2860 5471 3037 5527 neque
3081 5471 3211 5521 nox,
3257 5463 3314 5513 et
3346 5466 3473 5529 post

211 5550 468 5622 ινόμισεν
490 5547 685 5621 ἑαυτῷ.
712 5547 871 5603 Οὕτω
891 5548 985 5602 καὶ
1014 5546 1115 5617 τὴν
1140 5543 1355 5617 ἡμέραν
1376 5542 1523 5613 λέγει
1543 5542 1770 5614 γνωστὴπ

1897 5559 2181 5614 vesperam
2222 5545 2310 5599 lux
2344 5544 2470 5601 erit.
2520 5564 2540 5597 ι
2599 5545 3046 5606 lncumbcntibus
3087 5548 3267 5617 malis,
3303 5556 3475 5608 tanta:

282 5734 327 5764 7’
365 5731 559 5789 latth.
599 5747 722 5794 vm,
765 5731 853 5788 1‘2.
929 5729 974 5761 ⁸⁸
1009 5726 1051 5784 ΙΙ
1092 5724 1233 5782 Tim.
1272 5741 1332 5793 ll,
1373 5725 1458 5780 l9.
