3830 6216
445 310 540 365 59!

1599 303 1943 359 TllEODOlil
1983 295 2464 362 MOPSUESTENI

3583 305 3693 368 392

443 425 696 481 omnibus
719 421 1065 480 oﬂ‘undentur
1108 423 1366 490 tenebrae,
1411 431 1471 477 ut
1505 422 1654 476 nulla
1683 421 1756 475 sit
1789 425 1967 476 noctis
1989 439 2010 474 τι

2122 423 2197 492 τῷ
2224 424 2427 496 Κυρίῳ,
2455 426 2529 488 ὼς
2561 427 2793 497 ἀρεστὴν
2828 416 2994 496 αὑτῷ,
3020 427 3097 495 τῷ
3122 428 3258 481 κατὰ
3283 427 3503 498 γνώμην
3532 432 3693 485 αὐτοῦ

443 518 531 572 die
550 517 866 573 distinctio:
894 519 1029 573 adeo
1050 515 1287 573 tenebrae
1300 523 1496 571 cuncta
1519 512 1870 584 occupabunt
1893 515 1906 566 !
1932 512 2026 568 llis

448 614 628 663 tamen
682 609 937 663 succedet
968 610 1044 677 (id
1078 610 1222 664 enim
1253 607 1650 663 innuitdictim
1686 612 1808 676 post
1837 621 2028 676 vespe-

444 717 557 756 ram
578 700 1339 772 i),succede,inquam,lux,id
1362 701 1699 759 estdivinuui
1727 701 1986 754 auxilium
2011 720 2024 753 :

443 793 570 863 quia
618 805 814 848 cuncta
872 795 962 848 illa
1000 794 1132 848 ﬁunt
1187 793 1253 848 ad
1284 794 1520 848 hostium
1553 793 1916 863 punitionem,
1971 800 2028 844 ut

443 898 573 938 suos
594 884 657 934 ad
691 899 750 937 se
787 884 1030 953 recipiat.
1063 882 1293 954 Propter
1317 885 1430 938 bch
1455 885 1622 954 igitur
1653 883 1804 936 addit
1832 901 1844 935 :

2129 513 2195 565 τὰ
2224 513 2446 566 τοιαῦτα
2490 517 2546 566 ἐν
2572 516 2708 584 αὐτῇ
2749 516 3027 582 γενέσθαι,
3077 519 3166 569 in!
3197 520 3436 590 τιμωρίᾳ
3468 521 3567 590 μὲν
3589 520 3694 573 τῶν

2127 608 2401 671 ἐναντίων,
2450 609 2692 679 σωτηρίᾳ
2743 608 2798 660 δὲ
2845 609 2953 660 τῶν
2977 609 3210 662 οἰκείων.
3259 611 3420 664 Ὅθεν
3465 613 3690 680 ἐπάγει·

2129 717 2148 747 θ
2191 699 2298 750 Καὶ
2345 701 2441 769 οὐχ
2487 699 2686 770 ἡμέρα,
2739 700 2832 752 καὶ
2873 701 2936 752 οὐ
2984 699 3099 764 νὺξ,
3154 703 3246 754 καὶ
3281 704 3413 773 πρὸς,
3459 705 3693 774 ἑσπέραν

2517 809 2535 840 ι
2575 791 3012 860 ἐπικρατούντων
3063 793 3160 863 μὲν
3190 794 3298 863 γὰρ
3331 793 3438 845 τῶν
3477 793 3689 851 κακῶν.

2124 881 2342 934 τοσοῦτο
2369 883 2791 953 περιχυθὴσεται
2817 885 3006 948 σκότος
3045 886 3268 948 ἀπασιν,
3300 885 3375 949 ὡς
3424 885 3697 956 μηδεμίαν

2125 788 2278 842 ἔσται
2323 790 2436 858 φῶς
2457 809 2469 821 ·

440 973 578 1030 εἶναι
610 977 800 1040 νυκτός
845 995 903 1028 τε
941 977 1034 1030 καὶ
1077 978 1286 1048 ἡμέρας
1325 978 1615 1048 διαφοράν·
1677 976 1816 1028 οὕτω
1865 974 2053 1036 σκότος
2105 972 2332 1043 λήψεται
2381 975 2449 1027 τὰ
2497 977 2704 1029 πάντα·
2759 977 3110 1047 ἀκολουθήσει
3152 978 3208 1030 δὲ
3252 977 3460 1041 τούτοις
3507 977 3697 1048 (τοῦτο

440 1072 547 1141 γὰρ
587 1069 732 1137 λέγει
764 1088 782 1118 ι
822 1068 956 1140 πρὸς
984 1071 1220 1141 ἑσπέραν
1249 1067 1300 1126 ι)
1351 1069 1496 1138 φῶς,
1537 1068 1875 1137 τουτέστινή
1916 1067 2196 1135 ἀντίληψις
2245 1068 2278 1135 ἡ
2319 1066 2473 1119 θεία·
2520 1068 2704 1139 ἐπειδὴ
2737 1071 2912 1123 πάντα
2967 1071 3148 1123 ἐκεῖνα
3185 1070 3566 1140 διαπράττεται
3605 1070 3698 1122 ἐπὶ

409 1149 412 1154 ’
439 1161 676 1231 τιμωρίᾳ
707 1159 816 1212 τῶν
843 1162 1096 1214 ἐναντίων
1118 1205 1130 1226 ,
1161 1161 1236 1225 ὡς
1267 1163 1330 1214 ἂν
1365 1164 1490 1225 τοὺς
1517 1164 1754 1224 οἰκείους
1785 1161 1962 1232 ἑαυτῷ
1990 1164 2408 1232 περιποιήσειεν.
2440 1163 2537 1214 Διὰ
2569 1163 2770 1217 τούτων
2799 1165 2992 1232 ἐπάγει
3022 1165 3175 1234 γοῦν·

512 1325 676 1380 Vens.
696 1327 844 1380 8-H.
872 1356 940 1366 -—
966 1345 982 1376 ι
1022 1325 1086 1380 Et
1104 1326 1192 1382 die
1210 1329 1305 1381 illa
1321 1329 1634 1397 egredietur
1660 1343 1800 1398 aqua
1833 1329 2022 1382 vivens

445 1432 511 1472 ex
545 1417 902 1472 Hierusalem.
945 1439 962 1469 ι
988 1419 1164 1484 idest,
1187 1428 1317 1474 tunc
1347 1436 1542 1490 purum
1575 1421 1938 1476 sacerdotium
1967 1420 2022 1474 in

440 1511 574 1565 urbe
603 1510 946 1567 Hierusalem
978 1516 1345 1568 constituetur
1364 1522 1525 1584 atque
1544 1515 1867 1584 legitimum,
1897 1529 2020 1567 nec-

439 1619 548 1656 non
582 1604 921 1674 principatus
983 1605 1089 1659 Deo
1138 1607 1376 1676 placens,
1431 1618 1485 1662 et
1535 1608 1788 1662 doctrina
1821 1606 2022 1661 divinis

439 1695 652 1764 legibus
677 1707 1064 1762 consentanea,
1101 1713 1223 1766 qua-
1252 1714 1359 1752 non
1393 1699 1538 1754 illius
1571 1708 1779 1754 tantum
1813 1709 2019 1766 tempo-
2053 1729 2093 1784 η

441 1785 517 1839 ris
549 1787 801 1856 gentibus
831 1798 1133 1858 opportuna
1173 1792 1295 1854 erit,
1328 1806 1516 1845 verum
1550 1794 1712 1845 etiam
1763 1791 2015 1860 posteris.

439 1875 571 1929 Nam
608 1893 756 1931 mare
784 1879 1016 1946 primum
1041 1880 1250 1949 priores
1284 1881 1439 1944 dicit,
1475 1892 1803 1952 postremum
1839 1890 2020 1953 poste-

439 1982 548 2022 ros.
570 1968 777 2034 Quibus
800 1967 970 2026 addit:
985 1970 1218 2027 uEstate
1235 1986 1287 2030 et.
1313 1989 1482 2026 verno
1498 1985 1734 2041 Iempore
1757 1974 1829 2025 ita
1851 1972 1975 2035 erit,
1996 1992 2012 2022 ι

407 2071 410 2073 ‘
440 2059 490 2110 id
525 2067 735 2127 est,per
769 2074 931 2113 omne
955 2068 1167 2130 tempus
1205 2062 1390 2115 divino
1419 2064 1724 2133 patrocinio
1773 2077 2019 2130 perseve-

437 2149 579 2204 rabit
609 2151 966 2219 prosperitas.
1002 2149 1112 2214 Sic,
1138 2153 1332 2223 inquit,
1373 2156 1624 2209 universa
1666 2165 1809 2208 terra
1837 2170 2014 2225 regem

435 2254 692 2310 agnoscet
716 2253 764 2297 el
797 2244 1146 2298 conﬁtebitur
1168 2261 1334 2300 unum
1359 2246 1527 2301 Deum
1562 2263 1742 2302 rerum
1769 2249 2014 2302 omnium

435 2339 732 2385 creatorem
766 2346 832 2387 ac
846 2328 1163 2384 Dominum.
1195 2331 1312 2403 Ipse
1335 2335 1480 2387 enim
1508 2350 1602 2403 per
1627 2350 1688 2389 ea
1713 2351 1832 2404 qua:
1865 2335 2013 2396 facit,

395 2463 404 2468 -
434 2436 589 2477 suam
621 2423 965 2478 demonstrat
998 2426 1396 2495 providentiam
1426 2442 1488 2480 ac
1519 2434 1835 2497 potestatem
1867 2444 1876 2478 :
1904 2441 2018 2496 per-

433 2527 538 2582 que
561 2524 760 2568 terram
790 2531 981 2571 attines
1027 2517 1104 2585 (id
1132 2525 1215 2572 est
1239 2518 1414 2588 gentis
1454 2533 1566 2572 sua:
1594 2518 1862 2586 homines)
1894 2533 2015 2588 per-

434 2613 685 2658 severant
712 2605 968 2675 deinceps
995 2609 1144 2661 omni
1195 2624 1381 2663 errore
1407 2608 1570 2679 359
1623 2610 1796 2673 liberi,
1839 2610 2017 2663 solum

389 2713 394 2718 ι
428 2695 606 2763 ipsum
661 2695 999 2763 appellantes
1049 2695 1234 2751 Deum.
1271 2697 1405 2752 Exin
1439 2701 1685 2753 diversos
1717 2700 1863 2754 locos
1901 2715 2014 2753 me-

393 2819 396 2823 -
430 2793 626 2849 morat,
667 2788 854 2841 volens
889 2803 984 2856 per
1012 2791 1194 2842 omnia
1237 2790 1442 2851 dicere.
1502 2789 1618 2845 fore
1668 2800 1725 2844 ut
1775 2791 1828 2843 in
1864 2799 2013 2861 parte

429 2878 671 2948 qualibet
725 2887 933 2934 nostrae
973 2880 1179 2950 regioni
1238 2880 1467 2934 finitima
1503 2891 1821 2936 constanter
1873 2883 2012 2936 Deus

439 2984 772 3044 agnoscatur
817 2983 978 3045 atque
1040 2975 1320 3042 adoretur,
1378 2977 1570 3031 fraude
1639 2979 1794 3030 omni
1848 2987 2010 3048 atque

2193 1329 2340 1398 Στίχ.
2376 1336 2547 1398 η’-ια’.
2579 1360 2646 1369 —
2685 1347 2706 1379 ι
2731 1331 2839 1383 Καὶ
2873 1331 2931 1384 ὲν
2962 1333 3028 1400 τῇ
3059 1330 3242 1400 ἡμέρα
3273 1329 3455 1400 ἐκείνῃ
3489 1326 3700 1392 ἐξελεύ-

2123 1435 2272 1471 σεται
2323 1419 2463 1490 ὕδωρ
2494 1419 2602 1485 ζῶν
2633 1421 2692 1485 ἐξ
2748 1422 3117 1492 Ἰερουσαλήμ.
3160 1441 3177 1472 ι
3227 1419 3340 1472 Ἰνα
3380 1418 3533 1490 εἴπῃ,
3564 1419 3698 1472 Τότε

2121 1511 2336 1582 καθαρά
2368 1513 2632 1584 ἱερωσύνη
2686 1515 2777 1566 ἐπὶ
2819 1515 2918 1583 τῆς
2962 1513 3316 1582 Ἰερουσαλὴμ
3346 1509 3697 1579 ἐπιτελεσθή-

2122 1619 2272 1655 σεται
2322 1605 2414 1656 καὶ
2469 1605 2727 1674 νόμιμος,
2791 1605 3094 1676 προστασία
3147 1622 3207 1658 τε
3256 1603 3567 1674 ἀρέσκουσα
3618 1601 3697 1670 τῷ

2120 1696 2273 1766 Θεῷ,
2333 1698 2426 1750 καὶ
2465 1697 2782 1750 διδασκαλία
2830 1700 2944 1760 τοῖς
3000 1699 3184 1765 νόμοις
3229 1695 3522 1757 ἀκόλουθος
3579 1697 3704 1755 τοῖς

2123 1787 2313 1853 θείοις,
2359 1790 2480 1859 ἥτις
2539 1791 2596 1842 οὐ
2629 1791 2741 1851 τοῖς
2786 1793 2905 1841 κατ’
2955 1791 3154 1841 ἐκεῖνον
3209 1787 3298 1838 τὸν
3366 1786 3551 1856 καιρὸν
3599 1785 3700 1836 τοῦ

2121 1881 2304 1943 ἔθνους
2345 1880 2627 1951 ἐπιτηδεία
2673 1883 2829 1950 μόνον
2863 1879 3044 1940 ἔσται,
3087 1878 3222 1932 ἀλλὰ
3270 1878 3361 1930 καὶ
3407 1881 3520 1938 τοῖς
3560 1881 3706 1946 μετα

2119 1967 2311 2023 ταῦτα.
2352 1970 2641 2023 Θάλασσαν
2672 1972 2768 2039 μὲν
2799 1971 2906 2038 γὰρ
2939 1969 3160 2039 πρώτην
3207 1969 3330 2030 τοὺς
3357 1967 3476 2020 τότε
3508 1968 3695 2034 λέγει·

2121 2063 2355 2132 ἐσχάτην
2389 2061 2446 2114 δὲ
2499 2062 2623 2124 τοὺς
2685 2065 2796 2132 μετ’
2843 2062 3110 2123 ἐκείνους·
3168 2055 3249 2123 οἷς
3307 2059 3706 2128 προστέθεικεν

2119 2153 2199 2204 ὅτι
2228 2171 2246 2202 σ
2306 2154 2393 2206 Ἐν
2423 2154 2570 2228 θέρει
2609 2155 2701 2207 καὶ
2730 2156 2787 2206 ἐν
2820 2154 2939 2224 ἔαρι
2971 2154 3120 2206 ἔσται
3155 2151 3343 2214 οὕτως.
3385 2172 3400 2202 ι
3437 2155 3529 2220 (p.
3557 2151 3697 2213 551)

2119 2245 2238 2297 Ἵνα
2281 2245 2410 2319 εἴπῃ
2455 2247 2536 2298 ὅτι
2566 2246 2706 2300 κατά
2750 2247 2925 2298 πάντα
2956 2245 3146 2315 καιρὸν
3171 2243 3258 2296 διὰ
3287 2245 3384 2312 τῆς
3413 2243 3564 2304 θείας
3591 2260 3698 2311 κη-

2080 2334 2366 2404 ·δεμονίας
2414 2337 2772 2406 ἐπικρατήσει
2820 2337 2889 2388 τὰ
2937 2335 3202 2404 κρείττω·
3249 2332 3391 2384 οὕτω
3419 2349 3501 2390 τε,
3533 2335 3692 2400 φησι,

2118 2429 2256 2480 κατὰ
2286 2429 2462 2496 πάσης
2508 2429 2600 2497 τῆς
2647 2428 2750 2497 γῆς
2787 2427 2942 2480 ἐσται
2989 2426 3238 2496 βασιλεὺς
3297 2424 3696 2493 γνωριζόμενὸς

2116 2536 2171 2570 τε
2208 2520 2300 2571 καὶ¹
2339 2518 2765 2588 ὁμολογούμενος
2798 2521 2956 2587 μόνος
2984 2513 3122 2571 εἶναι
3151 2515 3282 2577 Θεὸς
3311 2517 3342 2568 ὁ
3366 2515 3459 2568 τοῦ
3493 2516 3693 2576 παντὸς

2116 2613 2345 2682 ποιητής
2376 2627 2434 2662 τε
2485 2611 2578 2662 καὶ
2610 2611 2844 2680 Κύριος·
2871 2610 3034 2671 αὐτός
3063 2625 3124 2660 τε
3161 2608 3268 2678 γὰρ
3296 2606 3363 2660 δι’
3396 2600 3473 2658 ὧν
3520 2609 3689 2662 ποιεῖ.

2081 2695 2210 2771 ’τὴν
2243 2699 2567 2770 κηδεμονίαν
2618 2701 2710 2752 καὶ
2756 2701 2854 2770 τὴν
2905 2698 3153 2764 ἐξουσίαν
3193 2697 3561 2750 ἐπιδείκνυται
3588 2696 3696 2764 τὴν

2113 2792 2317 2844 οἰκείαν
2341 2807 2354 2820 ·
2406 2791 2497 2842 καὶ
2530 2791 2603 2854 δὴ,
2641 2791 2733 2844 καὶ
2781 2791 2982 2852 πάντες
3012 2790 3060 2840 οἱ
3095 2789 3234 2840 κατά
3264 2788 3369 2858 γῆν
3403 2787 3527 2856 (ἵνα
3557 2787 3698 2858 εἴπῃ

2112 2883 2235 2942 τοὺς
2273 2879 2368 2932 τοῦ
2416 2880 2632 2949 ἔθνους)
2679 2880 2996 2945 διαμένουσι
3043 2877 3228 2931 λοιπὸν
3269 2875 3696 2946 ἀπηλλαγμένοι

2116 2975 2211 3043 μὲν
2257 2974 2460 3043 πλάνης
2502 2974 2746 3041 ἁπάσης,
2793 2970 2892 3042 τὴν
2923 2969 3221 3040 ὀνομισίαν
3261 2967 3322 3020 δὲ
3371 2968 3542 3038 μόνην
3585 2968 3688 3037 τὴν

432 3063 712 3133 impietate
734 3063 977 3136 depulsa.
1009 3065 1146 3121 Cum
1180 3068 1302 3131 bac,
1344 3069 1542 3139 inquit,
1579 3067 1667 3122 Dei
1693 3071 1879 3122 notitia
1909 3071 2001 3122 ba-

2114 3065 2265 3119 ιὺτοῦ
2291 3065 2579 3126 καλοῦντες
2608 3063 2680 3127 di;
2706 3063 2858 3116 Θεοῦ.
2895 3058 3030 3117 Εἶτα
3054 3061 3295 3131 καὶπερὶ
3319 3061 3502 3113 τόπων
3531 3061 3689 3128 λέγει

398 3153 680 3212 .bitabunt
743 3157 1001 3227 deinceps
1053 3157 1392 3214 Hierusalem
1436 3169 1752 3215 constanter
1816 3176 2005 3215 omnes

429 3245 522 3314 qui
583 3246 730 3314 genti
780 3256 980 3301 nostra:
1009 3257 1137 3302 sunt
1163 3248 1366 3313 devoti,
1399 3264 1665 3317 nemoque
1719 3250 1771 3302 in
1808 3251 2011 3318 populo

394 3357 398 3366 -
430 3337 767 3408 irreligiosus
793 3341 897 3392 erit
923 3349 1017 3392 aut
1075 3356 1104 3393 a
1133 3338 1243 3394 Deo
1269 3341 1502 3398 alienus.
1523 3339 1615 3394 Sic
1645 3340 1790 3394 enim
1826 3326 2006 3392 valent

429 3428 613 3488 verba,
627 3443 643 3473 ι
655 3424 771 3477 Νοη
789 3426 898 3481 erit
914 3427 1145 3482 ulterius
1157 3423 1462 3480 anathema.
1477 3426 1798 3496 iNelnpe,ut
1816 3429 2005 3484 beatus

390 3520 505 3583 ;ait
555 3517 896 3580 Paulus,«Si
958 3521 1081 3589 quis
1143 3537 1250 3575 non
1276 3531 1420 3576 amat
1488 3520 1774 3577 Deminum
1818 3521 2003 3575 lcsum

425 3611 728 3678 Christum,
782 3613 1072 3666 anathema
1116 3614 1187 3667 sit
1218 3613 1286 3667 ⁸¹.
1315 3630 1332 3661 ι
1358 3611 1529 3681 Igitur
1561 3614 1698 3667 nihil
1739 3613 2004 3683 ejusmodi

428 3699 680 3768 posthinc
733 3701 879 3766 erit;
947 3702 1073 3771 quia
1139 3716 1300 3756 nemo
1347 3702 1471 3756 item
1540 3702 1738 3756 abhinc
1793 3703 1898 3756 crit
1973 3716 2004 3754 a

390 3845 392 3848 ,
430 3789 540 3845 Deo
558 3791 768 3847 alienus
809 3793 1130 3862 :cunetique
1161 3793 1484 3848 habitahunt
1528 3794 1782 3863 deinceps
1809 3793 2004 3848 llieru-

429 3882 595 3936 salem
618 3882 785 3938 multa
809 3899 932 3938 cum
965 3883 1280 3946 securitate,
1312 3899 1472 3954 quam
1506 3885 1704 3939 civitas
1737 3901 1765 3938 a
1821 3885 2002 3938 divina

429 3974 595 4026 tutela
633 3986 953 4044 aSsequetur
991 3985 1214 4045 propter
1274 3991 1439 4030 suum
1478 3978 1706 4030 virtutis
1738 3977 2000 4031 studium.

427 4064 604 4133 Atque
635 4063 688 4118 in
724 4065 807 4120 his
836 4067 1004 4120 tinem
1039 4066 1245 4121 facitde
1263 4067 1658 4122 Macchabaicis
1688 4069 1850 4121 rebus
1876 4081 2003 4136 pro-

383 4205 387 4208 .
428 4154 628 4225 phetia,
649 4154 785 4210 etde
807 4155 1021 4210 illorum
1045 4165 1347 4227 temporun
1370 4159 1613 4221 casibus,
1644 4171 1697 4214 et
1717 4159 1785 4214 de
1809 4159 2002 4214 futuris

339 4233 344 4239 ’
427 4246 614 4316 populi
673 4249 931 4316 peccatis,
964 4256 1019 4302 et
1049 4248 1116 4304 de
1160 4250 1316 4303 malis
1348 4249 1784 4305 adversariorum
1837 4266 1999 4305 manu

2107 3157 2406 3229 διαφόρων,
2444 3156 2761 3226 βουλόμενος
2797 3154 2886 3208 διὰ
2919 3156 3134 3208 πάντων
3183 3154 3390 3217 εἰπεῖν,
3427 3154 3507 3205 ὃτι
3543 3153 3694 3206 κατά

2109 3247 2306 3310 παντὸς
2352 3248 2553 3319 μέρους
2599 3254 2966 3317 προσήκοντος
2998 3248 3064 3316 τῇ
3099 3246 3169 3316 γῇ
3199 3247 3264 3314 τῇ
3295 3245 3539 3314 ἡμετέρα
3571 3245 3689 3297 δια-

2111 3341 2260 3408 μενεῖ
2301 3339 2433 3402 Θεὸς
2481 3338 2884 3410 γνωριζόμενός
2931 3353 2988 3389 τε
3033 3338 3127 3390 καὶ
3176 3337 3642 3404 προσκυνούμενος
3669 3378 3689 3398 ,

2106 3428 2522 3499 ἀπεληλαμένης
2573 3431 2756 3498 πάσης
2807 3429 3015 3499 πλάνης
3062 3443 3123 3479 τε
3184 3429 3279 3481 καὶ
3327 3427 3585 3490 ἀσεϐείας
3621 3429 3696 3491 ἐξ

2107 3518 2282 3589 ἡμῶν.
2337 3520 2491 3572 Μετὰ
2547 3519 2754 3589 ταύτης
2820 3519 2917 3582 δὲ,
2950 3518 3107 3588 φησὶ,
3158 3517 3259 3587 τῆς
3302 3518 3556 3584 γνώσεως
3588 3521 3690 3571 καὶ

2105 3613 2382 3681 οἰκήσουσι
2432 3612 2531 3682 τὴν
2571 3611 2925 3681 Ἰερουσαλὴμ
2949 3611 3133 3664 λοιπὸν
3163 3612 3401 3674 ἅπαντες
3448 3611 3690 3680 βεϐαίως

2106 3703 2158 3754 οἱ
2199 3703 2276 3772 τῷ
2305 3701 2448 3754 ἔθνει
2499 3704 2866 3774 προσήκοντες
2918 3701 2996 3772 τῷ
3032 3703 3314 3775 ἡμετέρῳ,
3360 3704 3455 3755 καὶ
3500 3703 3689 3765 οὐθεὶς

2106 3792 2258 3845 ἔσται
2281 3793 2463 3846 λοιπὸν
2486 3795 2544 3844 ὲν
2570 3793 2645 3862 τῷ
2671 3793 2813 3846 ἔθνει
2848 3793 3072 3863 ἀσεϐείᾳ
3102 3793 3326 3864 χαίρων,
3355 3793 3477 3846 οὐδὲ.
3504 3793 3696 3862 ἀπηλ-

2105 3885 2464 3956 λοτριωμένος
2492 3884 2658 3938 Θεοῦ·
2680 3885 2836 3938 τοῦτο
2863 3886 2972 3956 γὰρ
3002 3885 3149 3952 λέγει
3168 3926 3182 3945 .
3228 3905 3246 3936 ι
3285 3885 3395 3937 Καὶ
3433 3885 3698 3955 ἀνάθεμα.

2104 3978 2203 4030 οὐκ
2232 3978 2380 4029 ἔσται
2412 3977 2522 4030 ἔτι.
2565 3996 2583 4028 ι
2626 3978 2711 4040 Ὡς
2753 3978 2858 4048 γὰρ
2888 3978 2916 4028 ὁ
2967 3978 3231 4047 μακάριος
3269 3977 3415 4044 λέγει
3447 3975 3694 4040 Παῦλος,

2110 4088 2130 4120 ι
2168 4070 2232 4121 Εἰ
2262 4087 2344 4132 τις
2387 4070 2446 4121 ού
2479 4069 2621 4138 φιλεί
2656 4069 2747 4121 τὸν
2776 4067 2980 4138 Κύριον
3025 4068 3231 4137 Ἰησοῦν
3277 4069 3532 4136 Χριστὸν,
3562 4068 3689 4137 ῆτω

2103 4162 2386 4231 ἀνάθεμα·
2427 4179 2443 4212 ι
2489 4162 2590 4213 οὐκ
2629 4159 2789 4212 ἔσται
2825 4155 2948 4222 οὖν,
2996 4160 3195 4227 φησὶν,
3249 4158 3433 4211 οὐκέτι
3482 4158 3683 4211 τοῦτο·

2105 4255 2226 4306 ἐπεὶ
2263 4251 2398 4322 μηδὲ
2427 4251 2540 4304 ἐσ-τί
2573 4268 2655 4313 τις
2687 4250 2867 4303 λοιπὸν
2892 4247 3321 4319 ἡλλοτριωμένος
3362 4246 3528 4299 Θεοῦ·
3564 4247 3688 4300 δια-

427 4339 752 4411 iuﬂigendis,
789 4355 889 4394 nec
920 4353 1028 4394 non
1055 4340 1121 4394 de
1148 4355 1280 4394 cura
1333 4356 1495 4410 quam
1524 4341 1664 4396 Deus
1691 4343 1841 4396 circa
1875 4345 1999 4398 illos

2114 4346 2257 4414 μενεῖ
2282 4359 2340 4395 τε
2384 4342 2568 4394 λοιπὸν
2608 4341 2902 4411 οἰκουμένη
2933 4342 2966 4409 ἡ
3009 4338 3366 4409 Ἰερουσαλὴμ
3395 4339 3501 4391 ὑπὸ
3537 4339 3686 4392 πάν-

418 4432 693 4498 ostendet,
727 4431 940 4488 honesti
966 4431 1214 4488 videlicet
1242 4435 1468 4491 asseclis
1489 4449 1648 4490 suum
1679 4435 2000 4504 impendens

427 4521 710 4577 auxilium.
768 4521 905 4577 Exin
953 4537 1084 4578 vero
1133 4525 1362 4579 resumit
1420 4539 1508 4580 res
1563 4533 1690 4578 ante
1754 4533 2005 4594 tempora

423 4611 803 4668 MaCchabaica
831 4613 930 4670 abs
955 4629 1014 4669 se
1043 4615 1240 4679 dictas,
1288 4615 1378 4669 ubi
1411 4615 1732 4685 praestandis
1758 4631 1786 4669 a
1832 4616 2006 4670 Zoro-

426 4703 613 4759 babcle
676 4705 818 4774 genti
874 4705 1117 4760 Judaicar
1153 4705 1310 4760 bonis
1361 4707 1624 4768 recitatis,
1673 4706 2005 4775 adjunxerat

410 4797 760 4851 exercituum
801 4795 937 4866 Gogi
986 4797 1340 4852 occisionem.
1390 4795 1596 4850 Rerum
1647 4797 1838 4851 harum
1897 4799 1999 4852 hoc

424 4888 587 4940 etim
623 4889 744 4942 loco
773 4890 1001 4942 resumit
1033 4889 1461 4959 pmdictionem,
1497 4897 1685 4958 utpote
1716 4890 1995 4959 proxima-

425 4993 570 5044 rum;
606 4985 665 5031 ut
695 4980 803 5033 illis
827 4981 993 5034 etiam
1023 4996 1145 5050 qua:
1176 4989 1301 5051 post
1327 4981 1616 5051 plurimum
1651 4981 1994 5036 intervallum

425 5079 698 5123 eventurze
718 5077 892 5132 erant,
933 5069 1353 5134 Macchabaicis,
1386 5071 1628 5140 inquam,
1658 5070 1812 5125 tidem
1848 5070 1994 5126 face-

424 5169 546 5212 rent
569 5174 629 5212 ea
655 5174 775 5227 qua:
818 5175 988 5229 nuper
1018 5162 1162 5216 circa
1205 5163 1413 5234 Gogum
1442 5163 1754 5217 acciderant
1786 5181 1800 5217 :
1833 5175 1994 5231 atque

424 5251 495 5303 ita
523 5251 779 5319 propheta
808 5251 1119 5305 vaticinium
1165 5269 1325 5309 suum
1380 5255 1597 5309 utiliore
1644 5254 1994 5324 praedictione

423 5342 791 5396 concluderet.
829 5343 917 5396 Ait
947 5343 1146 5412 igitur:

2102 4453 2210 4486 των
2246 4433 2384 4504 μετά
2411 4433 2612 4500 πολλῆς
2657 4432 2754 4501 τῆς
2786 4431 3126 4498 ἀσφαλείας,
3149 4431 3218 4501 ἣν
3253 4432 3358 4484 ὑπὸ
3393 4432 3494 4500 τῆς
3528 4432 3686 4496 θείας

2103 4527 2213 4590 ’έξει
2244 4524 2568 4594 κηδεμονίας
2607 4523 2695 4575 διὰ
2724 4525 2822 4593 τὴν
2862 4524 2956 4574 τοῦ
2999 4524 3303 4593 κρείττονος
3336 4524 3687 4593 ἐπιμέλειαν,

2116 4617 2201 4668 Ἐν
2238 4615 2335 4684 μὲν
2366 4613 2436 4684 δὴ,
2480 4615 2691 4675 τούτοις
2736 4615 3068 4684 συνεπέρανε
3109 4613 3218 4667 τῶν
3261 4615 3691 4668 Μακκαϐαῐκῶν

2100 4707 2196 4779 τὴν
2245 4705 2610 4776 προφητείαν,
2647 4705 2740 4756 καὶ
2791 4705 2860 4757 τὰ
2905 4706 3026 4757 κατ’
3057 4707 3264 4756 ἐκεῖνον
3307 4703 3542 4774 ἐσόμενα
3587 4706 3682 4758 τὸν

2101 4798 2312 4868 καιρὸν,
2351 4797 2420 4849 τά
2461 4813 2517 4847 τε
2548 4795 2677 4867 παρ’
2707 4795 2886 4849 αὐτῶν
2918 4795 3356 4865 πλημμελεῖσθαι
3383 4796 3678 4866 μέλλοντα,

2103 4891 2194 4942 καὶ
2224 4888 2293 4942 τὰ
2325 4889 2451 4959 περὶ
2472 4888 2679 4950 αὐτοὺς
2704 4887 3044 4957 γενησόμενα
3075 4889 3224 4958 παρὰ
3258 4887 3367 4941 τῶν
3394 4889 3685 4950 ἐναντίων,

2102 4982 2191 5050 (p.
2223 4979 2362 5046 55%)
2403 4979 2497 5032 καὶ
2547 4978 2655 5047 μὴν
2701 4978 2796 5029 καὶ
2833 4978 2966 5048 ὅσην
3011 4977 3131 5030 τινὰ
3179 4976 3278 5048 τὴν
3320 4979 3450 5048 περὶ
3479 4978 3681 5040 αὐτοὺς

2101 5070 2428 5134 ἐπιδείξεται
2454 5068 2790 5138 κηδεμονίαν
2812 5070 2840 5121 ὁ
2867 5067 3022 5131 Θεὸς,
3052 5071 3164 5132 τοῖς
3191 5069 3284 5122 τοῦ
3337 5069 3507 5123 καλοῦ
3538 5087 3685 5140 προσ

2101 5161 2299 5214 εστῶσι
2331 5159 2429 5229 τὴν
2458 5158 2675 5212 οἰκείαν·
2693 5159 2939 5228 παρέχων
2960 5160 3148 5228 ῥοπήν.
3168 5158 3444 5211 Ἐντεῦθεν
3459 5159 3515 5212 δὲ
3542 5161 3680 5212 ἀνα-

2101 5252 2366 5320 λαμϐάνει
2407 5250 2476 5302 τά
2520 5247 2625 5319 πρὸ
2655 5250 2754 5318 τῆς
2781 5249 2888 5301 τῶν
2928 5249 3340 5304 Μακκαϐαῖκῶν
3389 5249 3681 5320 μηνύσεως

2101 5343 2252 5414 αὐτῷ
2283 5340 2544 5413 ρηθέντα·
2596 5341 2655 5392 ἐν
2690 5337 2770 5403 οἷς
2801 5341 2868 5394 τὰ
2913 5340 3002 5394 διὰ
3026 5340 3119 5394 τοῦ
3161 5340 3469 5411 Ζῳοόάῦελ
3501 5359 3676 5411 προσ-

420 5439 650 5504 εσόμενα
683 5436 766 5506 τῷ
789 5434 928 5488 ἔθνει
955 5437 1089 5490 καλὰ
1117 5437 1316 5508 λέγων,
1375 5441 1680 5512 προσέθηκε
1708 5440 1820 5494 τῶν·
1861 5445 1990 5513 περὶ
2027 5445 2119 5498 τὸν
2155 5438 2279 5508 Γὼγ
2333 5436 2429 5508 τὴν
2469 5434 2770 5504 ἀναίρεσιν.
2839 5434 3057 5486 Τούτων
3088 5433 3152 5503 δὴ
3201 5431 3480 5486 κάνταῦθα
3509 5432 3687 5487 πάλιν

421 5526 787 5598 ἀναλαμϐάνει
824 5526 921 5597 τὴν
964 5529 1220 5600 μήνυσιν,
1299 5533 1394 5587 ἅτε
1441 5535 1533 5586 καὶ
1578 5532 1805 5600 ἐγγύθεν
1854 5535 2164 5606 ἐσομένων,
2227 5532 2303 5593 ὡς
2340 5528 2406 5582 διν
2451 5529 2560 5590 τοῖς
2623 5541 2679 5580 ἐε
2730 5526 2866 5595 μετά
2905 5525 3152 5579 πλεῖστον
3217 5523 3498 5594 γίγνεσθαι
3549 5527 3669 5595 μέλι

495 5713 542 5744 ⁸⁸
583 5714 602 5768 l
641 5711 760 5786 Cor.
805 5730 916 5778 xvr,
954 5715 1048 5770 9.2.
