3856 6226
163 304 277 361 ειιδ

1084 297 1634 356 COMMENTARIUS
1674 296 1739 350 lN
1780 296 2154 353 ZACHARl/E
2194 298 2345 354 CAP.
2388 299 2524 353 XIV.

2863 255 2897 289 ο

3338 298 3445 355 5N

183 417 337 470 λουσι
386 417 479 469 τὸν
525 416 745 487 χρόνον,
800 417 943 485 λέγω
978 418 1041 471 δὲ
1103 422 1215 481 τοῖς
1266 418 1709 480 Μακκαϐαῖκοῖς,
1763 413 1945 487 πίστις
2067 416 2136 471 τά
2172 417 2481 487 πρόσφατον
2524 416 2652 487 περὶ
2701 416 2792 468 τόν
2842 413 2965 484 Γὼγ
3008 415 3301 488 γινόμενα.
3354 425 3451 479 και,

182 509 266 579 τῷ
297 510 549 579 προφήτῃ
574 509 631 562 δὲ
659 509 946 577 ἐγγένηται
974 511 1072 579 τὴν
1101 510 1306 563 οἰκείαν
1350 507 1683 580 προφητείαν
1727 505 1806 568 εἰς
1846 508 2215 579 χρηστοτέραν
2252 510 2479 579 μήνυσιν
2510 510 2871 578 συμπερᾶναι.
2906 508 3070 573 Λέγει
3103 509 3318 563 τοίνυν’

260 606 409 673 Στίχ.
444 602 719 673 ιβ’-ιθ’.-
752 623 771 654 ι
811 606 920 657 Καὶ
966 604 1104 676 «inn
1154 606 1306 658 ἐσται
1361 608 1393 675 ή
1446 604 1652 666 πτῶσις
1696 602 1764 671 ἣν

1941 600 2103 656 Vsus.
2132 603 2315 658 12-19.
2358 632 2425 641 —
2458 622 2476 651 ι
2514 602 2577 654 Et
2627 601 2744 657 haec
2803 604 2908 657 crit
2930 602 3083 656 ruina
3118 618 3225 673 qua
3255 618 3447 674 percu-

184 696 345 765 τ-όψει
373 694 574 766 Κύριος
599 697 805 757 πάντας
827 697 954 760 τοὺς
988 696 1165 760 λαοὺς,
1188 698 1301 749 ὅσοι
1324 696 1762 766 ἐπεστράτευσαν

186 787 284 838 ἐπὶ.
321 784 697 856 Ἰερουσαλήμ.
741 805 762 837 ι
806 786 912 838 Τοῦ
940 785 1050 856 γάρ
1083 787 1292 850 ἔθνους,
1331 787 1517 855 φησιν,
1552 785 1781 838 ἐκείνουι

178 878 284 930 τοῦ
333 876 589 946 μεγίστου
631 893 690 929 τε
741 880 835 930 καὶ
885 878 1248 948 ἀμαχωτάτου
1296 878 1638 948 περιέσονται
1695 880 1761 947 τῇ

188 969 312 1038 θεία
356 968 612 1037 δυνάμει·
647 969 724 1031 ὡς
766 969 1016 1023 ἑστώτων
1049 970 1149 1041 μὲν
1172 969 1351 1023 αὐτῶν
1388 972 1622 1039 τακῆναι
1663 969 1765 1033 τὰς

191 1061 423 1126 σάρκας,
458 1060 578 1112 οὐδὲ
618 1060 931 1129 προϐαίνειν
956 1062 1048 1114 ἐπὶ
1080 1062 1171 1113 τὸν
1212 1062 1445 1131 πόλεμον
1476 1061 1763 1131 ἐωμένων,

183 1151 270 1221 τῷ
312 1151 533 1220 φθάνειν
576 1150 751 1203 αὐτῶν
792 1151 888 1222 τὴν
918 1153 1093 1222 ὁρμὴν
1118 1154 1207 1205 τὸν
1236 1153 1367 1205 Θεὸν
1396 1153 1485 1206 διὰ
1524 1154 1623 1224 τῆς
1669 1156 1762 1207 ἐπ-

186 1244 469 1313 ειγομένης
506 1242 686 1304 αὐτοῖς
708 1243 978 1313 τιμωρίας
998 1259 1013 1273 ·
1040 1244 1467 1314 ἀφαιρεθήσεται
1498 1243 1557 1297 δὲ
1588 1244 1767 1297 αὐτῶν

190 1336 286 1387 καὶ
316 1338 348 1405 ή
391 1334 486 1387 τοῦ
532 1333 750 1404 βλέπειν
800 1336 986 1405 ἰσχὺς,
1023 1338 1087 1388 ἐκ
1119 1336 1210 1389 τοῦ
1242 1336 1505 1405 μεγέθους
1525 1336 1635 1390 τῶν
1672 1355 1768 1392 κα-

189 1425 645 1494 ταλαμϐανόντων
692 1425 889 1488 αὐτοὺς
924 1427 1141 1489 κακῶν,
1192 1426 1411 1496 μενοῦσί
1461 1445 1523 1480 τε
1564 1428 1766 1497 ἄφωνοι

189 1517 280 1569 διά
303 1517 400 1581 τὴν
424 1515 531 1567 τῶν
550 1534 612 1568 συ
622 1516 868 1584 μϐάντων
892 1519 1121 1589 ἀπορίαν
1141 1536 1155 1549 ·
1180 1522 1272 1573 καὶ
1288 1520 1587 1589 συντόμως,
1612 1522 1766 1590 φησὶ,

190 1609 428 1679 τοσαύτη
479 1611 675 1673 αὐτοὺς
713 1611 885 1681 ἀθρόα
928 1614 1066 1666 κατὰ
1101 1613 1249 1665 θείαν
1296 1614 1465 1684 ὀργὴν
1514 1613 1769 1677 ἔκστασις

187 1700 454 1770 λήψεται,
506 1701 646 1754 ὥστε
691 1704 919 1756 ἕκαστον
968 1706 1061 1757 ἐπὶ
1092 1706 1182 1757 τὸν
1232 1705 1456 1776 πλησίον
1501 1707 1770 1775 τρέποντα

191 1794 290 1863 τὴν
315 1794 517 1846 οἰκείαν
549 1798 731 1864 χεῖρα,
783 1796 914 1865 μηδὲ
946 1797 1100 1849 τοῦτο
1132 1797 1363 1861 εἰδέναι,
1418 1796 1532 1849 ἀλλ’
1564 1797 1769 1848 οἴεσθαι

194 1886 491 1957 ἀλλοτρίων
549 1887 919 1953 ἐφάπτεσθαι,
975 1888 1053 1949 ὡς
1099 1889 1240 1941 κατά
1288 1905 1352 1956 γε
1407 1888 1468 1939 τὸ
1518 1887 1766 1940 πλεῖστον

187 1975 357 2044 ἔργον
398 1973 594 2035 αὐτοὺς
636 1974 879 2044 ἀλλήλων
909 1975 1182 2043 γενέσθαι,
1220 1976 1468 2039 πλείονάς
1495 1994 1554 2029 τε
1585 1975 1764 2029 αὐτῶν
1798 1950 1839 2009 Β

192 2066 306 2117 ὑπὸ
332 2066 441 2116 τῶν
479 2065 693 2118 οἰκείων
726 2066 758 2134 ἢ
792 2066 896 2117 ὑπὸ
925 2066 1031 2117 τῶν
1070 2067 1337 2120 Ἰουδαίων
1368 2067 1767 2137 πληττομένους

198 2161 401 2211 πεσεῖν.
448 2165 536 2225 (p.
570 2157 709 2224 555)
779 2156 939 2208 Ἀλλά
990 2156 1098 2227 γάρ
1152 2160 1211 2209 ἐν
1264 2158 1522 2223 τοιούτοις
1580 2162 1768 2222 κακοῖς

172 2248 596 2317 -ὲξεταζομένων
633 2249 877 2310 ἐκείνων,
901 2250 1293 2319 παρατάξεται,
1325 2251 1481 2320 φησὶ,
1507 2252 1597 2304 καὶ
1639 2252 1768 2305 Ἰού-

190 2342 289 2403 δας
318 2342 374 2392 ὲν
430 2340 811 2409 Ἰερουσαλήμ-
862 2340 947 2391 ἵνα
979 2339 1130 2410 εἴπῃ,
1158 2342 1240 2393 ὅτι
1293 2340 1508 2412 θαρρῶν
1552 2344 1644 2395 ἐπὶ¹
1679 2343 1768 2395 τὸν

173 2432 317 2482 κατ’
347 2430 526 2483 αὐτῶν
566 2429 904 2494 ἐξελεύσεται
939 2429 1170 2498 πόλεμον
1204 2432 1309 2483 ὑπὸ
1357 2431 1435 2502 τῷ
1466 2433 1769 2503 Ζοροϐάϐελ

197 2520 703 2590 στρατηγούμενος,
746 2521 805 2583 ὃς
835 2523 900 2573 ἐκ
926 2521 1026 2590 τῆς
1067 2522 1159 2575 τοῦ
1202 2523 1371 2575 Ἰούδα
1414 2523 1585 2593 φυλῆς
1613 2523 1768 2592 βασι-

194 2614 323 2667 λεὺς
365 2614 545 2665 αὐτῶν
585 2614 725 2666 κατά
765 2612 915 2666 θείαν
966 2613 1335 2667 ἀναδέδεικται
1376 2616 1588 2683 κρίσιν’
1630 2617 1769 2669 οὓτω

191 2722 255 2756 τε
288 2705 620 2774 κρατήσουσι
644 2703 753 2756 τῶν
786 2704 1043 2758 ἐναντίων
1063 2745 1076 2760 .
1099 2704 1237 2757 ὥστε
1268 2706 1446 2759 πάντα
1486 2706 1665 2768 αὐτοῖς
1704 2709 1770 2759 τὰ

195 2796 504 2866 προσόντα,
546 2796 743 2865 χρυσόν
784 2813 844 2849 τε
875 2799 969 2849 καὶ
1002 2798 1240 2868 ἄργυρον
1280 2800 1373 2850 καὶ
1398 2798 1632 2866 ἐσθῆτα.
1677 2802 1771 2852 καὶ

188 2891 227 2941 ὅ
254 2887 309 2940 τί
337 2889 459 2939 ποτ’
494 2887 560 2940 ἂν
608 2886 779 2956 ἔχοιεν
816 2890 945 2958 παρ’
979 2890 1187 2952 ἑαυτοῖς
1234 2889 1438 2956 ἀγαθὸν
1459 2930 1471 2950 .
1503 2890 1676 2944 ταῦτα
1707 2892 1769 2959 δὴ

194 2979 381 3031 πάντα
429 2979 793 3048 ἀφελομένους
838 2982 931 3034 τὸν
984 2982 1179 3032 οἰκεῖον
1233 2980 1461 3049 αὐξῆσαι
1520 2982 1767 3034 πλοῦτον,

194 3071 372 3123 Τοῦτο
415 3071 523 3140 γάρ
566 3067 720 3132 εἶπε,
755 3090 775 3122 ι
820 3073 927 3125 Καὶ
980 3073 1193 3137 συνάξει
1237 3072 1334 3142 τὴν
1364 3075 1514 3142 ἰσχὺν
1556 3075 1770 3127 πάντων

196 3164 309 3214 τῶν
337 3162 482 3216 λαῶν
512 3162 771 3216 κυκλόθεν
791 3183 803 3194 ·
848 3184 866 3214 ι
904 3165 1055 3233 ἰσχὺν
1084 3164 1263 3216 αὐτῶν
1294 3164 1462 3218 εἰπὼν
1497 3165 1564 3218 τὰ
1596 3182 1769 3236 προσ-

1864 693 1959 747 tiet
1994 692 2254 748 Dominus
2303 710 2494 749 onmes
2536 693 2790 764 populos,
2830 693 3145 764 quicunque
3180 696 3446 749 militave-

1864 793 2192 840 runtcontra
2222 785 2587 842 Hierusalem.
2625 805 2644 838 ι
2676 785 2864 842 Gentis
2914 787 3079 851 illius,
3113 787 3307 857 inquit,
3334 802 3449 841 ma-

1865 875 2025 929 ximae
2074 885 2127 931 et
2180 878 2617 949 inexpugnabilis
2683 880 2921 933 victores
2982 879 3213 934 evadent
3262 881 3443 935 divina

1865 968 2065 1023 virtute
2097 988 2109 1023 :
2148 980 2403 1039 tanquam
2439 973 2484 1025 si
2540 972 2803 1027 stantium
2853 972 3069 1026 illorum
3107 972 3447 1027 tabescerent

1865 1074 2083 1125 carnes,
2111 1078 2283 1131 neque
2306 1063 2469 1134 360
2489 1063 2551 1116 ad
2582 1079 2812 1133 pugnam
2848 1064 3139 1134 procedere
3183 1065 3453 1128 sinerent,

1870 1155 1978 1209 Deo
2012 1156 2256 1225 ipsorum
2294 1156 2555 1225 impetum
2594 1158 2953 1226 praiveniente
3002 1172 3174 1227 [)(Blla)
3220 1157 3446 1226 imposi-

1868 1252 2033 1303 tione.
2083 1248 2377 1303 Auferetur
2406 1264 2625 1317 quoque
2688 1251 2822 1319 ipsis
2850 1249 3107 1304 cernendi
3162 1249 3242 1304 vis
3272 1264 3300 1302 a
3331 1266 3446 1303 ma—

1868 1342 2153 1413 gnitudine
2223 1342 2656 1396 incumbentium
2702 1342 2988 1402 malorum,
3029 1342 3274 1409 mutique
3318 1340 3459 1396 fient.

1866 1433 1940 1487 ob
1958 1442 2249 1486 eventuum
2283 1432 2593 1501 angustias.
2626 1432 2685 1484 In
2716 1444 2951 1493 summa,
2983 1440 3132 1483 tanta
3162 1432 3268 1485 illis
3294 1446 3322 1484 a
3354 1430 3447 1484 Dei

1870 1522 1952 1576 ira
1985 1522 2184 1577 mentis
2210 1521 2548 1592 perturbatio
2579 1520 2801 1585 incidet,
2850 1530 2909 1575 ut
2949 1522 3148 1590 singuli
3214 1522 3446 1577 invicem

1869 1626 2064 1667 manus
2080 1609 2384 1673 afferentes,
2413 1610 2556 1664 haud
2580 1612 2839 1675 sentiant,
2867 1610 2961 1666 sed
3004 1619 3294 1666 extraneos
3327 1613 3449 1681 pul-

1872 1717 1993 1757 sare
2021 1717 2081 1757 se
2108 1710 2319 1771 putent,
2353 1703 2593 1772 fiantque
2618 1712 2820 1757 mutuae
2843 1703 3008 1758 caedis
3033 1712 3306 1768 auctores,
3334 1718 3449 1756 ma-

1867 1793 2063 1862 jorque
2086 1793 2304 1847 illorum
2327 1807 2457 1862 pars
2498 1808 2526 1846 a
2556 1794 2672 1848 suis
2702 1810 2866 1862 quam
2904 1810 2931 1847 a
2958 1792 3161 1848 Judaeis
3190 1808 3446 1862 percussa

1872 1882 2051 1936 cadat.
2081 1881 2279 1937 Verum
2317 1883 2444 1937 dum
2468 1881 2544 1935 illi
2583 1882 2665 1936 his
2688 1882 2847 1938 malis
2882 1882 3251 1949 implicantur,
3300 1896 3456 1935 com-

1866 1974 2081 2043 parabit
2112 1990 2172 2029 se
2204 1973 2269 2027 ad
2296 1974 2546 2044 praelium
2574 1972 2741 2029 ludas
2774 1973 2827 2029 in
2859 1972 2990 2027 urbe
3018 1970 3372 2035 Hierusalem,
3396 1970 3447 2023 id

1868 2074 1951 2120 est
1977 2102 1991 2125 ,
2010 2058 2533 2115 audacterexiditad
2561 2062 2799 2117 hostium
2831 2061 3288 2131 oppugnationem
3310 2058 3455 2113 duce

1864 2155 2223 2214 Zorobabele.
2253 2154 2345 2224 qui
2379 2171 2473 2209 rex
2508 2155 2642 2224 ipsis
2671 2156 2861 2209 divino
2886 2154 3093 2223 judicio
3118 2154 3449 2208 constitutus

1866 2256 1969 2302 est.
2003 2248 2177 2315 Atque
2208 2248 2280 2298 ita
2336 2245 2611 2315 potientur
2636 2246 2904 2309 hostibus,
2933 2253 2992 2299 ut
3027 2259 3218 2299 omnes
3259 2259 3447 2297 eorum

1868 2356 2020 2409 epes,
2075 2353 2287 2402 aurum,
2313 2344 2621 2407 argentum.
2650 2345 2879 2399 vestem,
2914 2346 2969 2390 et
3022 2335 3286 2405 quidquid
3323 2332 3447 2388 boni

1867 2445 2052 2486 secum
2086 2429 2397 2490 habuerint,
2452 2429 2778 2499 diripientes
2808 2429 2874 2483 ad
2905 2444 3127 2483 suarum
3166 2442 3328 2497 opum
3353 2442 3449 2479 cn-

1870 2526 2075 2579 mulum
2111 2524 2418 2579 conferant.
2443 2521 2692 2577 Sicenini
2711 2519 3199 2589 signiﬁcanlvcrba
3223 2531 3233 2565 ε
3262 2531 3277 2560 ι
3302 2512 3449 2571 Con-

1868 2617 2111 2687 gregabit
2133 2616 2510 2671 fortitudinem
2548 2614 2871 2683 populorum
2898 2612 3140 2665 onmium
3174 2609 3227 2661 in
3250 2607 3449 2659 circui-

1871 2720 1958 2772 tu,
2004 2729 2020 2759 ι
2056 2708 2431 2761 fortitudinem
2475 2706 2689 2759 illorum
2746 2703 2933 2757 dicens
2980 2718 3109 2770 opes
3162 2713 3191 2752 a
3252 2698 3452 2766 quibus

1869 2804 2013 2855 vires
2044 2799 2404 2869 accipiebant.
2424 2793 2579 2859 Quod
2594 2794 2901 2854 declarans,
2919 2789 2994 2843 ait
3013 2790 3381 2857 :«Auruinquc
3396 2795 3451 2843 et

1872 2902 2159 2964 argentum
2211 2902 2265 2947 et
2318 2899 2521 2946 vestem
2578 2889 2732 2940 valde
2786 2881 3237 2954 plurimam.»His
3278 2878 3447 2937 addit,

1873 2987 2101 3041 multum
2126 2986 2244 3038 fore
2259 2997 2524 3052 equorum
2559 2980 2966 3041 detrimentum,
2993 2983 3048 3031 et
3083 2974 3374 3034 mulorum,
3395 2981 3451 3025 et

1871 3078 2223 3139 camelorum,
2257 3085 2421 3143 atque
2457 3073 2758 3133 asinorum,
2790 3070 3147 3136 omniumque
3180 3063 3322 3134 apud
3352 3077 3449 3117 eos

1869 3171 2545 3239 jumentorum,quotquot
2600 3164 2739 3215 bello
2784 3161 2936 3214 utilia
2976 3159 3328 3216 :estimantes,
3360 3171 3450 3207 se-

195 3258 330 3308 οντα
368 3256 461 3324 ἀφ’
499 3249 574 3308 ὧν
605 3252 752 3325 εἶχον
779 3256 839 3308 τὸ
885 3256 1158 3308 δύνασθαι.
1190 3256 1351 3309 Ὅθεν
1405 3258 1499 3309 καὶ
1538 3258 1769 3328 σαφηνί-

1874 3274 1999 3312 cum
2025 3256 2387 3311 adducebant.
2417 3253 2480 3307 Et
2502 3252 2754 3307 interitus
2802 3250 3020 3321 quidem
3054 3250 3265 3302 illorum
3289 3252 3452 3348 atque

162 3382 165 3387 -
200 3346 310 3407 ζων
348 3347 509 3408 αὐτὸ,
545 3350 789 3417 ἐπήγαγε
810 3365 822 3377 ·
874 3366 892 3398 ι
936 3348 1147 3417 Χρυσόν
1175 3364 1233 3399 τε
1267 3348 1362 3400 καὶ
1410 3348 1645 3418 ἄργυρον
1677 3348 1769 3402 καὶ

198 3440 496 3507 ἱματισμὸν
556 3442 631 3502 είς
689 3439 889 3508 πλῆθος
926 3439 1156 3510 σφόδρα.
1194 3458 1211 3489 ι
1271 3440 1489 3502 Τούτοις
1553 3440 1769 3507 ἐπάγει,

194 3532 286 3585 ὅτι
333 3531 498 3602 πολλή
532 3549 614 3593 τις
658 3531 901 3585 ἀπώλεια
946 3533 1037 3583 καί¹
1081 3532 1262 3583 ἵππων
1301 3531 1451 3585 ἔσται
1495 3534 1587 3584 καὶ
1614 3534 1773 3602 ἡμιό-

202 3639 310 3675 νων
350 3622 443 3675 xal.
475 3621 732 3691 καμήλων
783 3624 876 3675 καὶ
910 3623 1043 3675 ὄνων
1087 3625 1180 3677 καὶ
1214 3623 1431 3676 πάντων
1461 3623 1568 3677 τῶν
1602 3641 1772 3693 προσ-

195 3716 369 3767 όντων
428 3715 607 3776 αὐτοῖς
653 3715 897 3783 κτηνῶν,
949 3715 1119 3767 ὁπόσα
1167 3730 1276 3783 περ
1329 3715 1610 3785 ἐπιτήδειά
1657 3730 1771 3778 πως

203 3810 418 3869 ἑαυτοῖς
450 3810 527 3870 εἰς
550 3808 639 3859 τὸν
670 3808 903 3876 πόλεμον
934 3808 1252 3875 νομίσαντες
1279 3802 1415 3859 εἶναι
1438 3848 1453 3872 ,
1488 3807 1776 3861 συλλαϐόν-

202 3895 442 3968 τεςῆγον
461 3898 577 3967 μεθ’
606 3899 829 3951 ἑαυτῶν.
864 3900 921 3950 'U
945 3900 1043 3968 μὲν
1066 3899 1129 3969 δὴ
1157 3898 1384 3961 θάνατος
1401 3900 1597 3964 αὐτῶν,
1619 3903 1771 3971 φησὶ,

204 3992 299 4042 καὶ
326 3994 358 4060 ή
383 3988 625 4042 ἀπώλεια
649 3990 883 4059 τοσαύτη
899 4007 980 4052 τις
1004 3991 1153 4044 ἔσται
1177 3991 1270 4042 καὶ
1290 3991 1511 4061 τοιαύτη
1531 4010 1544 4023 ο
1588 3993 1774 4046 ὁπόσοι

203 4083 249 4133 δ’
272 4081 336 4134 ἂν
362 4081 539 4133 αὐτῶν
561 4083 910 4152 περισωθεῖεν
925 4124 937 4139 .
966 4081 1275 4148 ἐπιγνόντες
1297 4083 1388 4135 τοῦ
1410 4084 1542 4136 Θεοῦ
1561 4084 1660 4154 τὴν
1686 4085 1777 4137 δύ-

197 4191 369 4242 ναμιν
402 4172 460 4237 ἐξ
480 4166 555 4225 ὧν
577 4173 896 4234 πεπόνθασι,
919 4176 1080 4241 νόμον
1108 4174 1358 4243 θήσονται
1379 4176 1507 4245 παρ’
1540 4177 1772 4242 ἑαυτοῖς,

206 4263 468 4332 διηνεκῶς
489 4264 727 4324 ἀνιόντες
752 4264 842 4315 ἐπὶ
864 4263 960 4333 τὴν
1004 4264 1355 4335 Ἰερουσαλὴμ
1380 4268 1479 4336 τὴν
1506 4266 1775 4337 καθήκου-

209 4372 310 4406 σαν
346 4354 693 4407 ἀποτιννύναι
723 4353 804 4423 τῷ
839 4352 958 4423 Θεῷ
988 4355 1376 4424 προσκύνησιν,
1420 4358 1683 4411 ἐπιτελεῖν
1719 4360 1775 4412 δὲ

205 4446 304 4498 καὶ
317 4447 417 4516 τὴν
433 4446 625 4516 ἐορτὴν
638 4446 737 4515 τῆς
756 4447 1148 4516 σκηνοπηγίας,
1162 4448 1345 4519 ἐπειδὴ
1366 4452 1476 4512 τοῖς
1494 4449 1775 4520 πόρρωθεν

206 4538 667 4607 παραγινομένοις
688 4537 985 4607 ἐπιτήδειος
1014 4540 1043 4590 ό
1057 4540 1244 4608 καιρὸς
1262 4539 1467 4608 θερινὸς
1482 4542 1738 4611 ὑπάρχων
1756 4562 1769 4575 ·

1872 3350 2098 3404 exitium
2151 3348 2257 3401 tale
2293 3346 2416 3401 erit.
2457 3343 2734 3413 Quotquot
2778 3349 2958 3394 autem
3001 3355 3064 3392 ex
3110 3339 3243 3408 ipsis
3313 3330 3460 3393 salvi

1875 3447 2220 3509 supererunt,
2250 3444 2609 3509 agnoscentes
2648 3433 2741 3489 Dei
2789 3432 3081 3502 potentiam
3127 3446 3192 3486 ex
3221 3429 3304 3484 his
3332 3442 3453 3498 qua:

1875 3540 2003 3585 sunt
2031 3530 2199 3599 passi,
2244 3529 2411 3596 legem
2462 3526 2680 3581 sibimet
2708 3532 2951 3579 statuent
2971 3520 3298 3577 ascendendi
3330 3535 3453 3589 per-

1878 3632 2038 3691 petuo
2067 3622 2131 3673 ad
2185 3620 2374 3673 urbem
2432 3616 2793 3678 Hierusalem,
2837 3613 3020 3682 ibique
3064 3612 3305 3666 debitum
3344 3609 3452 3663 Deo

1876 3712 2197 3781 obsequium
2256 3708 2620 3779 persolvendi,
2672 3722 2769 3762 nec
2817 3721 2923 3759 non
2981 3702 3450 3757 tabernaculorum

1879 3808 2081 3862 festum
2113 3804 2328 3873 agendi,
2355 3798 2790 3871 quandoquidem
2829 3798 2896 3851 iis
2930 3796 3024 3865 qui
3055 3794 3121 3848 de
3156 3793 3454 3863 longinquo

1877 3899 2105 3953 veniunt
2128 3909 2356 3950 vernum
2384 3901 2600 3962 tempus
2646 3891 2898 3945 idoneum
2929 3896 3029 3942 est.
3060 3886 3241 3940 Multis
3271 3892 3451 3939 autem

1878 3990 2114 4060 superbe
2146 3988 2261 4041 Iunc
2282 3982 2680 4055 negligentibus
2706 3996 2894 4049 poenas
2936 3978 3187 4041 inferam,
3221 3977 3454 4046 pluviam

1875 4090 1931 4136 et
1998 4081 2296 4134 ubertatem
2352 4074 2571 4144 frugum
2624 4072 2895 4143 negando,
2945 4080 3003 4126 ut
3038 4077 3336 4140 agnoscant
3396 4083 3456 4123 se

1878 4172 2206 4227 universalis
2231 4168 2389 4241 361
2418 4165 2624 4221 domini
2666 4166 2927 4221 honorem
2974 4162 3296 4233 neglexisse.
3328 4159 3453 4214 Etsi

1877 4264 2097 4336 A‘lgypti
2128 4263 2339 4321 incolat,
2366 4267 2420 4314 et
2449 4259 2496 4314 si
2518 4257 2740 4328 quidam
2792 4258 2881 4309 alii
2937 4254 3041 4308 hac
3081 4269 3244 4324 prava
3280 4260 3459 4307 mento

1877 4358 2099 4419 fuerint,
2135 4368 2349 4424 pinnam
2392 4350 2624 4406 similem
2668 4347 2964 4418 perferent.
3002 4344 3128 4400 Vult
3170 4355 3346 4399 autem
3374 4343 3458 4396 di-

1876 4463 2020 4509 cere,
2048 4454 2343 4500 extraneos
2376 4442 2579 4497 multos
2611 4439 2986 4509 magnitudine
3036 4444 3324 4492 eventuum
3352 4446 3453 4489 ter-

1876 4543 2029 4601 ritos,
2062 4536 2230 4591 variis
2256 4550 2321 4589 ex
2372 4532 2507 4587 locis
2531 4532 2599 4587 ad
2625 4533 2815 4585 urbem
2852 4530 3185 4584 llierusalem
3233 4541 3457 4581 concur-

210 4629 306 4679 καὶ
324 4626 538 4690 πολλοῖς
561 4627 618 4679 δὲ
640 4627 749 4680 τῶν
776 4628 843 4680 δι’
872 4629 1171 4697 ὑπεροψίαν
1196 4631 1297 4682 ούκ
1325 4631 1537 4702 ἀποπλη
1548 4633 1771 4702 ρούντωκ

1888 4648 2069 4695 suros,
2101 4629 2343 4684 debitum
2374 4626 2488 4682 Deo
2529 4626 2853 4696 obsequium
2903 4625 3217 4688 oblaturos;
3269 4629 3322 4677 et
3347 4618 3455 4675 nisi

209 4719 416 4776 ταῦτα.
455 4720 724 4791 τιμωρίαν
772 4720 991 4784 ἐπάξω,
1041 4722 1272 4791 ἀϐροχία
1309 4723 1400 4774 καὶ
1430 4726 1493 4792 τῇ
1533 4726 1780 4779 ἐντεῦθεν

1889 4724 2137 4786 fecerint,
2168 4734 2381 4790 pinnam
2406 4719 2699 4773 relaturos.
2723 4717 2819 4773 llis
2838 4716 2988 4773 addit
3019 4732 3033 4771 :

210 4812 458 4883 ἀκαρπία
512 4811 888 4875 καταδικάξων
936 4813 1168 4873 αὐτοὺς,
1235 4816 1321 4882 (p.
1379 4815 1513 4883 554)
1571 4818 1648 4882 ὡς
1699 4823 1766 4875 ἂν
1819 4821 2089 4879 αισθοιντο
2129 4813 2230 4883 τῆς
2272 4810 2364 4865 τοῦ
2408 4812 2624 4865 πάντων
2654 4810 2859 4881 Κυρίου
2903 4808 3066 4880 τιμῆς
3110 4807 3458 4880 ἀμελοῦντες.

212 4903 331 4955 Κᾶν
363 4904 411 4955 oi
443 4904 541 4971 τῆς
569 4902 841 4970 Αἰγύπτου
862 4902 939 4963 δὲ,
970 4903 1072 4955 κᾶν
1105 4903 1157 4954 εἴ
1173 4920 1311 4966 τινες
1339 4905 1401 4974 δή
1431 4923 1559 4959 ποτε
1584 4910 1787 4982 ταύτην
1810 4910 2171 4974 ἀναδέξωνται
2202 4903 2300 4974 τὴν
2319 4901 2562 4972 γνώμην,
2581 4901 2678 4972 τὴν
2708 4900 2877 4972 αὐτὴν
2903 4899 3129 4954 δώσουσι
3156 4900 3424 4972 τιμωρίαν
3442 4919 3456 4934 ο

215 4998 279 5065 βο
292 4995 463 5048 ἓλεται
489 4996 547 5047 δὲ
573 4998 744 5048 εἰπεῖν
774 4996 874 5057 ὃτι,
900 4995 1084 5049 πολλοὶ
1107 4995 1217 5048 τῶν
1240 4998 1534 5069 ἀλλοτρίων
1557 5003 1925 5074 ἐκπλαγέντες
1946 5005 2040 5057 ἐπὶ
2057 5000 2138 5070 τῷ
2175 4996 2393 5068 μεγέθει
2424 4995 2532 5048 τῶν
2559 4996 2859 5064 γεγονότων
2880 4995 3205 5065 πολλαχόθεν
3234 4996 3327 5048 ἐπὶ
3354 4996 3456 5064 τὴν

224 5090 579 5158 Ἰερουσαλὴμ
610 5089 964 5159 συρρεύσουσι
982 5128 994 5149 ,
1025 5088 1122 5159 τὴν
1153 5090 1494 5161 καθήκουσαν
1522 5093 1600 5163 τῷ
1628 5096 1747 5168 Θεῴ
1774 5098 2149 5169 προσκύνησιν
2171 5090 2531 5152 ἀποδιδόντες,
2554 5087 2627 5151 ὼς
2657 5088 2748 5141 καὶ
2772 5087 3040 5158 τιμωρίαν
3062 5086 3455 5156 ἀπεκδέχεσθαι

211 5185 264 5235 εί
305 5182 380 5252 μὴ
421 5181 579 5235 τοῦτο
629 5186 847 5235 ποιοῖεν.
885 5186 1105 5247 Τούτοις
1138 5186 1333 5252 ἐπάγει
1356 5205 1369 5215 ·

286 5275 433 5344 Στίχ.
463 5275 529 5326 κ’.
567 5305 631 5315 -
670 5294 687 5325 ι
742 5276 829 5327 Ἐν
857 5278 921 5345 τῇ
970 5276 1151 5347 ἡμέρᾳ
1202 5278 1382 5350 ἐκείνῃ
1414 5281 1564 5334 ἔσται
1599 5284 1658 5335 τὸ
1691 5285 1784 5337 ἐπὶ

216 5369 308 5421 τὸν
332 5366 543 5436 χαλινὸν
572 5365 663 5419 τοῦ
686 5368 851 5420 ἵππου
877 5368 1028 5435 ἅγιον
1044 5368 1121 5438 τῷ
1149 5371 1335 5439 Κυρίῳ
1364 5374 1777 5443 παντοκράτοριο

220 5460 316 5511 καὶ
339 5458 546 5511 ἔσονται
572 5459 619 5510 οἱ
644 5458 866 5529 λέϐητες
903 5461 959 5511 ἐν
983 5460 1062 5527 τῷ
1084 5460 1217 5530 οἴκῳ
1248 5464 1451 5533 Κυρίου
1484 5462 1559 5527 ὼς
1598 5465 1785 5531 φιάλαι

220 5551 329 5621 πρὸ
376 5550 664 5621 προσώπου
710 5551 804 5604 τού
854 5552 1261 5623 θυσιαστηρίου.
1321 5575 1339 5607 ι
1386 5556 1638 5609 Βούλεται
1691 5559 1786 5625 μὲν

222 5645 396 5695 εἰπεῖν
414 5644 497 5696 ὃτι
533 5643 700 5696 πολλά
729 5646 818 5697 καὶ
852 5643 928 5713 τῷ
952 5645 1069 5715 Θεῷ
1093 5648 1478 5716 ἀνατεθήσεται
1507 5650 1656 5720 παρά
1682 5650 1786 5701 τῶν

235 5733 578 5805 Ἰσραηλιτῶν
603 5737 709 5791 ἀπὺ
728 5738 834 5792 τῶν
866 5737 1002 5805 λαφύ
1013 5756 1138 5804 οων,
1159 5741 1191 5793 ’ἀ
1216 5741 1357 5806 παρᾶ
1381 5741 1487 5793 τῶν
1520 5742 1788 5808 πολεμίων

1959 5281 2124 5336 Vens.
2160 5277 2251 5334 20.
2282 5306 2350 5317 ——-
2381 5294 2400 5328 ι
2438 5274 2535 5329 Die
2578 5274 2667 5327 illa
2710 5273 2815 5328 erit
2845 5271 2988 5343 quod
3038 5288 3202 5343 super
3242 5272 3453 5328 frenum

1888 5376 2013 5445 equi
2058 5381 2160 5437 est,
2210 5379 2458 5426 sanctum
2503 5367 2732 5421 Domino
2764 5366 3145 5435 ontnipotenti.
3193 5365 3260 5419 Et
3295 5374 3455 5419 erunt

1890 5467 2090 5521 lebetes
2132 5465 2185 5517 in
2220 5462 2382 5517 domo
2416 5458 2631 5512 Domini
2672 5457 2814 5511 sicut
2860 5456 3051 5525 phialae
3095 5462 3221 5510 ante
3261 5453 3451 5509 faciem

1890 5558 2095 5610 altaris.
2132 5573 2148 5605 ι
2188 5553 2324 5607 Fore
2351 5551 2502 5613 dicit,
2536 5557 2593 5602 ut
2619 5548 2898 5617 complura
2927 5546 3034 5601 Deo
3062 5545 3356 5601 offerantur
3385 5546 3453 5599 ab

1890 5643 2150 5699 lsraelilis
2180 5642 2246 5696 de
2293 5639 2565 5694 manubiis
2611 5650 2731 5702 quae
2750 5649 2817 5688 ex
2839 5634 3090 5689 hostibus
3146 5634 3449 5698 retulerint,

1888 5735 2057 5789 multa
2106 5748 2237 5789 sane
2293 5740 2345 5786 et
2397 5728 2837 5786 innumerabilia.
2863 5727 3036 5784 Sicuti
3088 5726 3213 5783 fecit
3262 5728 3451 5783 beatus
