3856 6226
224 281 331 340 591

1138 283 1694 341 COMMENTARIUS
1732 282 1796 339 IN
1839 283 2218 339 MALACIIUE
2258 282 2413 340 CAP.
2452 280 2496 338 1.

3381 284 3487 337 593

701 594 1261 681 EPMHNEIA
1347 593 1827 681 ΜΑΛΑΧΙ(

1931 593 1938 610 ’
2047 590 2272 676 ΤΟΥ
2363 591 3007 677 ΠΡΟΦΗΤΟΥ.

225 1040 1370 1167 COMMENTARIUS
1435 1053 1573 1165 IN
1644 1045 2495 1162 MALACHIAM
2562 1039 3477 1154 PROPHETAM.

1836 1294 1906 1308 ...ο

302 1417 425 1470 Τῶν
472 1418 754 1489 μακαρίων
785 1424 1080 1493 προφητῶν
1128 1426 1380 1495 Ἀγγαίου
1406 1445 1465 1481 τε
1498 1430 1593 1482 καὶ
1621 1431 1801 1498 Ζαχα-

1974 1425 2135 1497 363
2169 1423 2307 1478 Cum
2352 1422 2494 1478 beati
2528 1420 2802 1491 propheta:
2832 1418 3062 1486 Aggarus
3096 1429 3158 1467 ac
3197 1410 3489 1465 Zacharias

226 1504 349 1577 ρίου
404 1508 542 1578 μετὰ
597 1509 694 1579 τὴν
741 1510 850 1563 ἀπὸ
902 1514 1225 1580 Βαϐυλῶνος
1258 1519 1514 1572 ἐπάνοδον
1543 1519 1635 1572 τοῦ
1675 1518 1805 1572 λαοῦ

227 1598 372 1651 κατὰ
433 1599 580 1651 θείαν
646 1606 1140 1673 προφητευσάντων
1199 1608 1512 1677 ἐνέργειαν,
1556 1610 1808 1676 Ἀγγαῖος

227 1689 335 1758 μὲν
361 1693 388 1742 ὸ
412 1692 682 1761 μακάριος
726 1694 854 1764 περί
899 1711 958 1747 τε
996 1697 1095 1765 τῆς
1129 1700 1258 1751 ναοῦ
1291 1700 1580 1769 οἰκοδομῆς
1613 1700 1808 1753 διείλε-

230 1799 355 1834 κται
389 1782 465 1851 τῷ
497 1783 630 1851 λαῷ,
665 1785 759 1837 καί⁷
794 1785 857 1857 δὴ
900 1789 994 1840 καὶ
1023 1790 1131 1842 τῶν
1160 1793 1288 1862 περὶ
1334 1792 1427 1845 τὸν
1461 1792 1582 1861 Γὼγ
1618 1794 1810 1864 μηνύει

226 1874 330 1945 τὴν
357 1875 631 1930 ἀπώλειαν
650 1894 665 1909 ⁸
705 1881 734 1931 ὀ
757 1878 813 1931 δὲ
846 1883 1115 1952 μακάριος
1144 1886 1417 1955 Ζαχαρίας
1436 1885 1609 1940 ταῦτά
1637 1904 1695 1939 τε
1721 1886 1810 1939 λέ-

228 1982 343 2033 γει,
382 1967 691 2038 προστιθεὶς
721 1970 816 2023 καὶ
860 1972 929 2023 τὰ
951 1973 1089 2026 κατὰ
1111 1976 1235 2037 τοὺς
1265 1976 1651 2040 Μακκαϐαίους
1674 1977 1813 2047 μετὰ

233 2057 405 2110 πολὺν
434 2060 695 2127 γεγονδτα
726 2062 819 2114 τὸν
844 2064 1054 2134 χρόνον,
1087 2068 1180 2119 καὶ
1211 2066 1275 2136 δὴ
1320 2068 1414 2120 καὶ
1443 2068 1812 2137 ἀποκαλύψεις

232 2149 436 2211 πολλὰς
474 2154 569 2205 καὶ
607 2152 899 2224 διαφόρους
936 2156 1229 2217 ἐκτίθεται,
1261 2159 1326 2210 δι’
1357 2152 1429 2210 ὧν
1459 2160 1519 2212 τό
1546 2176 1605 2211 τε
1644 2160 1814 2212 ποικί-

230 2242 326 2293 λον
350 2244 449 2312 τῆς
494 2244 621 2313 περὶ
656 2246 853 2310 αὐτοὺς
883 2248 1202 2318 εὐεργεσίας
1237 2250 1472 2319 ἐδήλωσε
1506 2251 1600 2303 τοῦ
1657 2251 1810 2315 Θεοῦ,

234 2335 333 2386 καὶ
391 2335 742 2390 διδασκαλίαν
783 2341 1108 2410 παρέσχετο,
1152 2342 1433 2413 θεοσεϐείᾳ
1468 2360 1531 2396 τε
1564 2345 1657 2397 καὶ
1703 2347 1816 2398 ἐπι-

235 2424 433 2495 μελείᾳ
462 2424 577 2494 βίου
614 2430 913 2498 προσάγειν
944 2431 1140 2494 αὐτοὺς
1177 2431 1477 2503 δυναμένην
1507 2436 1815 2505 αὐτάρκως.

234 2518 316 2584 (ρ.
352 2516 478 2586 557)
532 2518 749 2590 Ἐπειδὴ
780 2520 834 2573 δὲ
882 2523 981 2591 τῆς
1023 2522 1174 2586 θείας
1209 2524 1465 2594 προνοίας
1499 2526 1818 2592 ἀξιωθέντες

244 2609 514 2668 Ἰουδαῖοι.
568 2611 662 2663 καὶ
713 2613 813 2682 τῆς
847 2614 957 2666 ἀπὸ
990 2614 1307 2678 Βαϐυλῶνος
1341 2616 1623 2683 ἐπανόδου,
1666 2618 1819 2671 πλεί-

238 2716 383 2752 στων
429 2718 488 2752 τε
527 2702 667 2754 ὅσων
724 2705 1087 2774 τετυχηκότες
1127 2706 1367 2774 ἀγαθῶν,
1400 2709 1492 2761 καὶ
1530 2707 1595 2779 δὴ
1628 2710 1724 2763 καὶ
1762 2712 1819 2762 ἐν

1908 1525 2031 1589 post
2054 1516 2237 1586 populi
2269 1513 2543 1583 Babylone
2582 1511 2813 1565 reditum
2846 1509 3033 1562 divino
3074 1504 3334 1558 instinctu
3372 1516 3500 1569 pro-

1909 1612 2216 1681 phetarent,
2251 1609 2439 1660 beatus
2454 1605 2671 1673 quidem
2700 1604 2928 1672 Aggmus
2961 1595 3227 1665 detetnpli
3250 1594 3488 1648 zediﬁca-

1908 1704 2059 1766 tione
2088 1700 2351 1755 disseruit
2395 1714 2518 1752 cum
2562 1695 2779 1765 pepulo,
2812 1704 2865 1747 et
2904 1691 3039 1762 (logi
3066 1690 3228 1743 etiam
3259 1686 3485 1740 exitium

1910 1792 2195 1865 praedixit;
2251 1791 2444 1845 beatus
2494 1796 2674 1841 autem
2728 1783 3026 1838 Zacharias
3096 1779 3286 1834 eadem
3332 1778 3488 1836 dixit,

1909 1883 2139 1954 adjectis
2185 1883 2350 1937 etiam
2410 1880 2875 1934 Macchabaeorum
2927 1876 3090 1929 rebus
3143 1888 3263 1943 quae
3321 1872 3491 1923 Inulto

1910 1988 2157 2045 tempore
2202 1982 2330 2044 post
2359 1981 2663 2027 evenerunt
2694 1988 2707 2023 :
2743 1979 2855 2024 tum
2890 1975 2945 2022 et
2990 1967 3189 2020 multas
3218 1965 3493 2018 diversas-

1911 2085 2017 2139 que
2068 2067 2430 2122 revelationes
2482 2063 2709 2123 addidit.
2759 2062 2959 2132 quibus
3000 2068 3055 2113 et
3105 2057 3491 2112 beneficiorum

1916 2162 2008 2217 Dei
2050 2175 2178 2230 erga
2225 2157 2445 2213 Iudaeos
2480 2157 2794 2210 varietatem
2826 2152 3146 2212 declaravit,
3191 2157 3245 2202 et
3285 2146 3494 2201 doctri—

1915 2268 2040 2307 nam
2101 2249 2325 2306 tradidit
2392 2247 2738 2303 admovendo
2797 2246 2921 2299 illos
2992 2242 3242 2295 idoneam
3308 2237 3493 2307 pietati

1917 2357 2238 2411 morumque
2287 2340 2569 2410 probitati.
2621 2336 2725 2391 Sed
2771 2336 2899 2406 quia
2934 2334 3174 2389 divinam
3214 2330 3496 2400 providen-

1917 2435 2049 2490 tiam
2101 2433 2282 2504 adepti
2313 2431 2485 2486 Judaei
2521 2445 2620 2486 nec
2672 2444 2781 2483 non
2828 2427 3105 2497 Babylone
3149 2423 3403 2484 reditum,
3440 2429 3497 2473 (ιι

1918 2528 2154 2599 plurima
2212 2526 2338 2581 dein
2386 2524 2529 2577 bona
2569 2522 2873 2583 consecuti,
2923 2519 3201 2588 multaque
3255 2515 3499 2569 fruentes

1920 2620 2202 2682 felicitate,
2242 2615 2390 2671 haud
2430 2616 2569 2669 bene
2610 2613 2712 2668 hoc
2742 2612 2939 2668 solatio
2973 2618 3102 2666 sunt
3146 2609 3267 2674 usi;
3312 2622 3498 2662 sacer-

1921 2712 2143 2767 dotibus
2181 2708 2441 2763 nimirum
2485 2722 2549 2760 ae
2591 2706 2789 2774 populo
2827 2703 3084 2757 universo
3119 2707 3397 2771 peccante,
3426 2698 3499 2751 ita

233 2790 518 2860 εὐπραγία
566 2794 937 2857 καταστάντες
987 2796 1177 2866 πολλῇ,
1219 2800 1319 2851 οὐκ
1374 2803 1456 2864 είς
1486 2800 1604 2853 δέον
1652 2802 1818 2871 ἐχρή-

1931 2812 1982 2858 ut
2014 2817 2080 2858 ne
2103 2806 2309 2856 statuta
2337 2797 2559 2867 quidem
2609 2793 2881 2850 sacriﬁcia
2912 2791 3304 2846 convenienter
3349 2789 3499 2841 facc-

242 2898 409 2935 σαντο
440 2886 506 2953 τῇ
551 2885 752 2950 ἀνέσει,
790 2885 862 2938 τά
899 2887 996 2955 μὲν
1024 2887 1133 2941 τῶν
1171 2890 1483 2961 ἱερέων,τὰ
1510 2891 1564 2944 δὲ
1600 2891 1694 2944 καὶ
1723 2890 1817 2944 τοῦ

236 2972 374 3027 λαοῦ
405 2975 852 3046 πλημμελοῦντος
886 2980 1107 3045 παντὸς,
1142 2980 1218 3044 ὡς
1251 2983 1345 3035 καὶ
1374 2981 1471 3045 τὰς
1492 2983 1635 3036 κατὰ
1657 2984 1822 3051 νόμον

234 3065 558 3135 ὡρισμένας
580 3067 772 3131 θυσίας
790 3069 863 3139 μὴ
886 3071 1023 3139 μετὰ
1049 3072 1144 3126 τοῦ
1170 3075 1537 3145 προσήκοντος
1560 3075 1820 3135 ἐκτελεῖν,

245 3156 561 3224 ἀναγκαίως
598 3160 626 3211 ὁ
674 3159 865 3230 παρὼν
920 3163 1103 3215 οὑτοσὶ
1150 3166 1436 3236 προφήτης
1484 3165 1626 3219 κατὰ
1674 3166 1823 3220 θείαν

244 3248 525 3317 ἐνέργειαν
558 3252 651 3303 ἐπὶ
687 3251 845 3305 τοῦτο
874 3254 1223 3326 προϐληθεὶς,
1252 3257 1463 3326 ἐλέγχει
1501 3257 1599 3328 μὲν
1621 3257 1731 3310 τῶν
1764 3275 1823 3310 τε

240 3338 437 3409 ἱερέων
483 3341 704 3401 καὶτοῦ
749 3343 879 3397 λαοῦ
927 3346 1027 3408 τὰς
1073 3347 1473 3418 πλημμελείας,
1508 3350 1572 3412 ἃς
1622 3349 1824 3412 αἵτινές

241 3433 406 3496 εἰσιν,
432 3433 492 3496 ἐξ
515 3435 697 3488 αὐτῶν
718 3436 827 3490 τῶν
850 3440 1254 3510 γεγραμμένων
1295 3441 1517 3511 ἄμεινον
1550 3440 1711 3512 μάθοι
1739 3459 1825 3503 τις

244 3524 346 3577 ἄν·
394 3525 587 3595 μηνύει
631 3527 688 3581 δὲ
734 3530 825 3582 καί
876 3547 998 3584 τινα
1033 3532 1142 3585 τῶν
1198 3532 1492 3604 ἐσομένων.
1533 3535 1742 3604 Ὄνομα
1768 3533 1823 3585 δὲ

246 3615 325 3686 τῷ
350 3620 623 3693 προφήτῃ,
651 3622 791 3676 κατὰ
822 3624 921 3693 μὲν
953 3623 1052 3696 τὴν
1091 3624 1357 3695 Ἑλλήνων
1402 3625 1669 3695 γλῶτταν,
1699 3629 1827 3693 Ἀγ-

1921 2901 2079 2949 rent:
2131 2890 2446 2946 necessario
2494 2889 2585 2942 hic
2616 2894 2800 2940 noster
2849 2884 3112 2954 propheta
3155 2882 3337 2936 divina
3371 2894 3501 2950 ope-

1924 2988 2137 3041 ratione
2194 2984 2260 3036 ad
2296 2983 2401 3037 hoc
2448 2982 2673 3042 electus,
2711 2977 3061 3032 sacerdotum
3103 2977 3306 3045 pariter
3339 2981 3505 3041 atque

1922 3075 2111 3147 pepuli
2161 3082 2381 3143 peccata
2429 3072 2745 3141 redarguit:
2778 3084 2900 3139 quae
2943 3067 3250 3138 cujusmodi
3280 3065 3501 3128 fuerint,

1927 3185 1993 3223 ex
2024 3165 2419 3237 ipsisscriptis
2464 3164 2662 3218 melius
2700 3162 2971 3232 quispiam
3002 3165 3314 3229 cognoscet.
3345 3156 3505 3222 Qua:-

1928 3258 2053 3312 dam
2092 3257 2254 3310 etiam
2294 3254 2476 3307 futura
2510 3251 2772 3323 praadicit.
2808 3249 3015 3305 Nomen
3063 3258 3246 3302 autem
3274 3248 3506 3317 prophe-

1931 3362 1997 3405 tae
2045 3358 2131 3404 est
2155 3347 2475 3401 Graecorum
2514 3344 2732 3413 quidem
2781 3342 2967 3413 lingua
3000 3340 3255 3410 angelus,
3304 3349 3359 3391 at
3402 3336 3507 3390 lle-

1929 3441 2198 3494 braeorum
2239 3437 2563 3499 Malacliias;
2600 3434 2861 3505 quoniam
2910 3432 3163 3502 angelum
3211 3431 3286 3484 ita
3325 3430 3509 3483 dicere

1931 3535 2109 3589 solent
2149 3530 2380 3585 Hebraei.
2415 3528 2778 3594 Quamobrem
2825 3524 2878 3578 in
2909 3523 3223 3579 Graecorum
3257 3535 3509 3576 sermone

1933 3626 2155 3695 angelus
2206 3622 2510 3693 appellatur
2559 3635 2655 3688 pro
2689 3616 2973 3671 Malachia.
3009 3613 3101 3669 Sic
3128 3622 3307 3669 autem
3338 3611 3505 3666 dicit:

248 3711 439 3778 γελος·
486 3713 629 3766 κατὰ
677 3715 736 3768 δὲ
782 3715 879 3787 τήν
925 3717 1190 3789 Ἐϐραίων
1214 3758 1229 3782 ,
1266 3719 1552 3790 Μαλαχίας
1575 3737 1589 3750 ·
1645 3718 1837 3789 ἐπειδὴ
1884 3719 1973 3772 τὸν
2000 3718 2228 3786 ἄγγελον
2279 3714 2423 3767 οὕτω
2476 3713 2662 3767 καλεῖν
2700 3709 2971 3781 Ἑϐραίοις
3027 3707 3177 3769 έθοςο
3236 3703 3359 3758 ὅθεν
3416 3707 3511 3758 καὶ

244 3804 519 3876 μεταϐολῇ
568 3809 632 3878 τῇ
673 3810 752 3871 είς
780 3809 880 3880 τὴν
928 3810 1196 3881 Ἐλλήνων
1251 3811 1500 3881 γλῶτταν
1548 3812 1777 3880 ἄγγελος
1826 3812 2088 3882 κέκληται
2111 3811 2233 3865 ἀντὶ
2254 3808 2558 3877 Μαλαχίου,
2594 3805 2755 3872 Λέγει
2784 3804 2840 3856 δὲ
2866 3802 3067 3865 οὕτως·
3108 3855 3111 3859 ι

909 3901 1067 3954 ΚΕΦ.
1098 3901 1176 3954 A'.

323 3987 473 4057 Στίχ.
516 3994 585 4054 α’,
616 3987 679 4058 β’.
718 4021 787 4029 -
825 4009 843 4041 ι
889 3991 1101 4062 Λῆμμα
1156 3992 1313 4061 λόγου
1369 3994 1575 4061 Κυρίου
1618 3993 1712 4047 ἐπὶ
1737 3992 1828 4046 τὸν
1856 3979 1899 4037 ‘3

265 4079 482 4150 Ἰσραὴλ
508 4081 566 4133 ὲν
595 4083 737 4153 χειρὶ
768 4082 1000 4152 ἀγγέλου
1031 4082 1254 4137 αὐτοῦ.»
1284 4086 1400 4138 Ἵνα
1431 4085 1562 4159 εἴπῃ
1582 4088 1664 4139 ὅτι
1691 4084 1832 4139 κατὰ

254 4168 407 4224 θείαν
433 4171 716 4242 ἐνέργειαν
741 4175 1100 4246 ὲνεπιστεύθη
1141 4176 1202 4229 τὸ
1235 4179 1335 4240 τῆς
1370 4176 1704 4248 προφητείας
1742 4176 1832 4248 έρ-

252 4279 350 4331 γον
384 4266 413 4317 ὁ
445 4263 672 4333 ἄγγελος
695 4268 773 4329 είς
802 4265 1020 4337 ἔλεγχον
1052 4266 1147 4321 τοῦ
1202 4266 1430 4338 Ἰσραὴλ,
1462 4268 1647 4337 ἐπειδὴ
1679 4270 1829 4339 κοινῇ

245 4356 427 4427 ταύτῃ
460 4358 803 4429 προσηγορίᾳ
845 4359 972 4423 τούς
1017 4377 1079 4413 τε
1114 4359 1296 4431 ίερέας
1332 4361 1432 4413 καὶ
1462 4361 1555 4413 τὸν
1583 4360 1712 4413 λαὸν
1744 4376 1836 4429 σηο

252 4449 474 4519 μαίνειν
500 4450 731 4521 ἤμελλεν
766 4466 780 4481 ·
824 4452 1153 4523 Ἰσραηλῖται
1184 4453 1294 4523 γὰρ
1326 4453 1562 4515 ἅπαντες
1589 4452 1837 4521 ἐλέγοντο

256 4540 486 4605 κοινῶς·
522 4539 640 4596 εἶτα
674 4543 812 4613 μετὰ
837 4544 934 4614 τὴν
977 4544 1230 4598 εἰωθυῖαν
1275 4544 1480 4614 ταύτην
1512 4544 1836 4615 προγραφὴν

256 4635 369 4689 τῶν
401 4635 756 4707 προφητικῶν
801 4636 1040 4705 βιϐλίων,
1084 4639 1307 4708 ἄρχεται
1347 4638 1455 4691 τῶν
1491 4639 1708 4693 οίκείων
1747 4639 1836 4693 λόο

258 4745 373 4795 γων
405 4730 433 4780 ὁ
466 4729 751 4799 προφήτης
777 4727 980 4792 οὕτως’
1023 4748 1041 4778 ι
1072 4728 1241 4782 Θέσθε
1263 4730 1319 4782 δὲ
1354 4732 1445 4783 ἐπὶ
1478 4729 1577 4793 τὰς
1609 4728 1836 4801 καρδίας

261 4816 438 4887 ὑμῶν.
482 4838 500 4868 ι
534 4819 812 4872 Κάλλιστα
855 4818 931 4882 ὡς
971 4818 1039 4872 ἂν
1086 4818 1537 4888 παραλελοιπόσιν
1581 4819 1710 4889 ἄχρι
1744 4816 1835 4870 τοῦ

258 4908 423 4979 δεῦρο
459 4908 495 4963 ἃ
540 4912 714 4963 ποιεῖν
759 4911 956 4973 αὐτοὺς
1006 4910 1286 4981 προσῆκον
1323 4905 1390 4981 ἦν
1428 4928 1443 4942 ·
1470 4910 1682 4965 κελεύει
1742 4910 1839 4964 νῦν
1878 4928 1884 4935 ‘

260 5001 324 5053 τὸ
354 5000 475 5055 δέον
525 4997 584 5055 εὖ
634 5002 975 5071 λογίσασθαι,
1030 5005 1108 5073 (ι).
1156 5002 1283 5073 558)
1324 5004 1422 5057 ⁴κει).
1458 5005 1689 5057 συνιδεῖν
1742 5005 1840 5075 μὲν

263 5090 409 5160 ἅπερ
442 5090 733 5162 ἔπραττον,
762 5093 1054 5163 δοκιμάσαι
1086 5094 1144 5147 δὲ
1195 5094 1394 5147 ὁπόσον
1422 5094 1701 5160 ἐξέϐαινον
1744 5094 1839 5148 τοῦ

266 5187 657 5257 προσήκοντος,
684 5185 761 5248 ὡς
790 5184 856 5240 ἄν
881 5203 1002 5239 τινα
1041 5185 1136 5239 καὶ
1162 5184 1449 5256 διόρθωσιν
1477 5189 1598 5250 ταῖς
1630 5186 1841 5241 ἑαυτῶν

195 5272 202 5295 ¹
265 5273 670 5342 προσαγάγοιεν
726 5273 1151 5345 πλημμελείαις.
1201 5270 1334 5328 Εἶτα
1385 5276 1523 5346 μετὰ
1555 5277 1657 5346 τὴν
1706 5294 1841 5347 προ-

265 5363 477 5432 τροπὴν
513 5367 607 5417 καὶ
651 5364 753 5434 τὴν
781 5365 1103 5434 παραίνεσιν
1134 5366 1257 5419 καθ’
1280 5367 1346 5436 ἣν
1383 5366 1841 5437 ἐπιμελεστέρους

264 5456 466 5519 αὐτοὺς
494 5456 623 5528 περὶ
653 5455 717 5509 τὸ
736 5456 853 5510 δέον
882 5458 1183 5528 εἰργάζετο,
1213 5459 1445 5527 ἐπάγει·
1481 5476 1501 5509 ι
1552 5460 1841 5531 Ἠγάπησα

268 5547 437 5615 ὑμᾶς,
461 5546 609 5617 λέγει
635 5548 856 5619 Κύριος.
882 5569 899 5601 υ
935 5550 1130 5613 Καλῶς
1156 5550 1265 5622 γὰρ
1291 5554 1404 5615 τοῖς
1436 5552 1715 5622 άγνώμοσι
1737 5552 1843 5622 πρὸ

269 5634 490 5689 πάντων
520 5638 619 5708 τὴν
657 5639 877 5710 ἀγάπην
906 5639 1052 5710 λέγει
1079 5641 1176 5712 τὴν
1208 5642 1436 5707 οἰκείαν,
1479 5642 1679 5696 ὡσανεὶ
1707 5642 1843 5712 πρὸς

266 5727 477 5797 ταύτην
514 5728 783 5801 κρίνοιντο
812 5731 1047 5802 μάλιστα
1095 5732 1470 5805 ἐλεγχομένοις
1493 5735 1584 5789 ἐπὶ
1612 5737 1677 5806 τῇ
1705 5752 1842 5806 φαυ-

2605 3891 2761 3948 CAP.
2803 3892 2840 3945 Ι.

2005 3993 2173 4050 Vens.
2219 3993 2271 4056 l,
2303 3992 2357 4046 9..
2387 4020 2456 4033 --
2501 4009 2518 4041 ι
2554 3988 2873 4057 Assumptio
2911 3984 3062 4040 verbi
3102 3982 3313 4038 Domini
3352 3997 3512 4051 super

1930 4085 2185 4141 Israelem
2220 4085 2277 4139 in
2318 4099 2479 4138 manu
2526 4080 2701 4151 angeli
2738 4080 2931 4149 ipsius.
2966 4097 2984 4129 ι
3040 4074 3097 4131 ld
3126 4082 3213 4131 est
3246 4074 3409 4146 365
3433 4074 3505 4128 di.

1934 4179 2061 4233 vina
2116 4184 2432 4247 operatione
2477 4171 2851 4227 concreditum
2893 4178 2979 4224 est
3026 4168 3321 4238 prOphetiae
3375 4182 3545 4239 opus

1937 4270 2148 4341 angelo,
2201 4267 2268 4323 ad
2313 4267 2534 4321 lsraelis
2568 4263 3047 4334 reprehensionem
3082 4281 3095 4316 :
3134 4275 3368 4329 namque
3413 4259 3516 4314 hoc

1936 4363 2156 4417 nomine
2219 4359 2534 4415 sacerdotes
2602 4356 2768 4411 simul
2821 4364 2881 4410 et
2938 4354 3197 4424 populum
3256 4352 3517 4406 denotare

1938 4454 2192 4507 volebat:
2224 4450 2408 4506 cuncti
2457 4447 2782 4501 dicebantur
2821 4444 3188 4499 communiter
3232 4441 3513 4496 Israelita).

1945 4544 2151 4600 Deinde
2187 4551 2309 4613 post
2358 4542 2462 4595 hoc
2490 4540 2711 4595 solitum
2765 4536 3211 4608 propheticorum
3249 4534 3513 4588 librorum

1938 4635 2266 4707 prommium
2290 4648 2385 4688 seu
2415 4632 2661 4693 titulum,
2692 4630 2773 4683 sic
2806 4629 3021 4682 initium
3045 4625 3179 4680 facit
3203 4639 3515 4681 sermonum

1942 4742 2168 4782 suorum
2212 4723 2476 4795 propheta
2502 4739 2556 4774 ιι
2594 4719 2787 4774 Ponite
2834 4719 2890 4772 in
2928 4717 3187 4772 cordibus
3235 4713 3451 4769 vestris.
3490 4732 3511 4764 ο

1939 4820 2168 4892 Egregie
2210 4818 2291 4873 sic
2349 4816 2650 4887 alloquitur
2695 4814 2818 4868 illos
2870 4812 2963 4883 qui
3017 4811 3282 4865 hactenus
3332 4808 3516 4862 debita

1945 4913 2119 4968 oﬁicia
2147 4912 2518 4982 neglexerant.
2544 4907 2710 4963 lubet
2736 4920 2867 4977 ergo
2893 4919 3039 4958 nunc
3056 4902 3184 4970 quid
3212 4918 3349 4971 opus
3372 4902 3518 4954 lacte

1945 5008 2018 5061 sit
2045 5006 2309 5076 cogitare,
2346 5009 2401 5057 et
2432 4999 2563 5072 quid
2611 5001 2821 5069 egerint
2848 4996 3220 5061 considerare,
3257 5001 3312 5049 et
3344 5009 3519 5063 quaa-

1948 5106 2059 5150 tum
2093 5111 2122 5149 a
2159 5091 2487 5149 rectitudine
2530 5090 2983 5148 exorbitaverint,
3018 5096 3077 5141 ut
3122 5088 3360 5156 aliquam
3396 5100 3521 5154 pec-
3575 5116 3583 5135 θ

1947 5193 2195 5240 calorum
2237 5197 2461 5238 suorum
2492 5178 2931 5236 emendationem
2967 5185 3183 5232 curent.
3235 5175 3355 5231 Mox
3396 5181 3521 5244 post

1948 5278 2241 5348 impulsum
2272 5286 2325 5331 et
2360 5274 2817 5335 adhortationem,
2869 5286 2976 5342 qua
3014 5286 3110 5327 eos
3152 5269 3521 5339 diligentiores

1949 5368 2015 5423 ad
2074 5366 2307 5422 oﬂicium
2364 5358 2623 5430 reddidit,
2672 5364 3025 5433 prosequitur
3067 5380 3080 5417 :
3119 5380 3138 5413 ι
3173 5360 3340 5415 Dilexi
3399 5373 3518 5420 vos,

1948 5461 2082 5516 dicit
2112 5459 2392 5515 Dominus.
2435 5476 2452 5507 ι
2492 5455 2639 5511 Bene
2679 5457 2907 5525 ingratis
2938 5464 3064 5509 ante
3089 5453 3273 5508 omnia
3312 5466 3521 5505 memo-

1948 5561 2034 5606 rat
2079 5565 2320 5606 amorem
2360 5564 2542 5610 suum,
2581 5555 2639 5602 ut
2684 5547 3159 5617 indejudicentur,
3195 5544 3261 5599 de
3296 5558 3521 5598 suorum

1951 5659 2163 5697 morum
2203 5642 2469 5713 pravitate
2522 5638 2781 5693 convicti.
2845 5658 2863 5690 (
2893 5638 2958 5692 Et
3006 5638 3222 5692 dixistis
3258 5634 3356 5690 :ln
3411 5650 3523 5702 quo

1948 5734 2185 5793 dilexisti
2237 5734 2375 5790 nos?
2410 5754 2427 5784 ι
2464 5731 2626 5802 Atqui
2682 5731 2940 5789 omnibus
2988 5730 3327 5789 exoloratum
3379 5732 3518 5791 erat.
