3856 6226
356 219 463 282 ⁸99

1515 229 1860 288 THEODORI
1891 231 2382 291 MOPSUESTENIB

357 345 684 407 quantorum
728 339 860 410 ipsis
890 341 1159 397 bonorum
1215 355 1407 402 auctor
1437 350 1760 414 exstitisset,
1805 351 1921 404 sive

2038 350 2202 419 ιότητι
2231 350 2339 404 τῶν
2364 351 2578 420 τρόπων
2615 351 2724 404 τῶν
2761 349 3000 404 οἰκείων.
3038 367 3057 400 ι
3097 348 3209 404 Καὶ
3250 351 3464 415 εἴπατε,
3505 352 3590 405 Ἐν

359 436 518 484 antea
550 431 741 500 gestis.
775 432 890 488 sive
929 445 1114 503 postea
1157 452 1297 508 smpe
1328 455 1574 506 numero,
1607 443 1720 498 sive
1758 444 1923 496 etiam

362 535 536 590 nuper
592 523 842 591 patratis.
908 525 1018 580 Sed
1069 542 1188 583 mos
1237 539 1321 584 est
1377 532 1575 587 divina:
1633 531 1926 602 Scriptura:

362 623 546 664 vocem
593 625 695 680 pro
742 628 800 666 re
851 615 1132 679 adhibere,
1181 626 1233 673 et
1282 620 1560 675 hominum
1609 630 1810 677 statum
1843 622 1926 678 vel

361 700 612 755 aﬂ'ectum
651 719 784 760 voce
815 705 1118 776 designare.
1153 708 1307 764 Velut
1362 712 1530 767 illud:
1561 731 1580 762 ι
1617 712 1921 768 Dixerunt:

360 791 498 861 Quis
524 795 726 850 videbit
747 812 841 854 eos
863 799 947 853 “?
968 819 987 852 ι
1020 801 1076 856 id
1104 812 1210 864 est,
1228 804 1302 857 ita
1329 821 1388 859 se
1411 805 1737 868 habuerunt,
1767 806 1926 876 quasi

359 901 456 940 eos
498 902 658 942 nemo
690 898 977 960 spectaret.
1025 892 1187 964 Atqui
1242 897 1376 949 nihil
1435 897 1742 966 hujusmodi
1783 899 1928 952 dixe-

360 985 503 1033 rant.
565 977 692 1033 ltem
742 1000 755 1035 :
805 999 824 1034 ι
859 981 999 1038 Dixit
1066 986 1209 1040 enim
1268 986 1320 1040 in
1378 987 1542 1042 corde
1607 1003 1706 1043 suo
1755 986 1926 1043 :Non

360 1067 622 1121 movebor
690 1083 720 1122 a
779 1073 1128 1140 generatione
1183 1075 1236 1128 in
1295 1078 1743 1146 generationem,
1809 1077 1927 1130 sine

361 1159 506 1211 malo
527 1159 596 1214 ".
634 1179 652 1212 ι
715 1160 805 1215 Sic
851 1166 994 1218 enim
1041 1179 1162 1220 sese
1216 1166 1520 1230 habebant,
1573 1167 1730 1237 quasi
1791 1168 1927 1222 nihil

363 1265 604 1320 unquam
656 1253 784 1307 mali
835 1263 1021 1310 essent
1063 1257 1301 1325 passuri.
1351 1257 1624 1327 Multaque
1660 1258 1928 1326 ejusmodi

360 1342 487 1411 quis
516 1343 773 1410 inveniet,
808 1361 929 1416 quae
963 1361 1291 1402 coacervare
1333 1364 1440 1402 non
1478 1350 1640 1418 hujus
1669 1351 1929 1419 temporis

359 1441 465 1489 est.
505 1432 599 1490 Sic
637 1453 769 1507 ergo
805 1453 954 1493 nunc
999 1439 1162 1493 etiam
1213 1439 1388 1495 dicit:
1419 1459 1437 1492 ι
1471 1440 1534 1494 Et
1575 1441 1790 1496 dixistis
1831 1442 1929 1496 :ln

361 1543 471 1596 quo
499 1527 738 1584 dilexisti
767 1532 904 1586 nos?
943 1549 962 1584 ι
998 1531 1167 1597 Quasi
1211 1533 1359 1587 dicat
1390 1553 1402 1587 :
1438 1535 1483 1586 A
1521 1548 1607 1588 me
1635 1532 1841 1598 dilecti,
1876 1540 1930 1587 et

364 1619 644 1676 beneficiis
687 1637 830 1692 saepe
873 1622 1073 1687 affecti,
1112 1624 1358 1694 improba
1393 1623 1710 1694 ingrataque
1750 1633 1930 1678 mente

2024 441 2128 492 τίνι
2154 440 2446 510 ἠγάπησας
2466 442 2498 509 ή
2509 441 2615 510 μᾶς
2644 455 2658 503 ;
2696 458 2714 490 ι
2757 438 2917 508 δήλου
2959 441 3108 508 παρά
3138 440 3271 492 πᾶσι
3301 439 3584 507 τυγχάνον⁶

2022 549 2114 596 τος
2147 534 2359 585 ὁπόσων
2412 532 2593 594 αὐτοῖς
2642 530 2860 598 ἀγαθῶν
2896 530 3061 594 αἴτιος
3104 530 3368 599 ἐγεγόνει,
3395 529 3505 584 εἴτε
3531 533 3594 583 ἐκ

2023 623 2130 675 τῶν
2190 621 2422 693 πρόσθεν
2473 620 2852 692 ὑπαρξάντων,
2908 622 3016 674 είτε
3069 621 3162 674 καὶ
3218 619 3322 672 τῶν
3368 618 3594 690 ὕστερον

2026 708 2303 772 πολλάκις,
2337 710 2432 762 καὶ
2474 709 2537 778 δὴ
2592 709 2682 761 καὶ
2726 709 2833 760 τῶν
2880 709 3192 779 πρόσφατον
3247 709 3552 776 γεγονότων
3578 725 3592 740 ·

2027 800 2159 854 ἀλλά
2191 800 2298 870 γὰρ
2346 801 2464 864 ἔθος
2493 804 2558 872 τῇ
2591 800 2708 870 θείᾳ
2734 801 2924 871 Γραφῇ
2958 801 3056 872 τὴν
3105 800 3285 871 φωνὴν
3323 801 3418 853 ἐπὶ
3453 802 3598 872 πρά-

2026 909 2231 962 γματος
2256 891 2456 959 λέγειν,
2497 892 2591 943 καὶ
2626 890 2722 961 τὴν
2752 890 2860 943 τῶν
2904 908 2956 943 τι
3007 891 3303 944 ποιούντων
3354 892 3595 946 διάθεσιν

2028 986 2177 1054 φωνῇ
2210 981 2492 1053 σημαίνειν
2511 1001 2524 1013 ι
2555 978 2755 1061 οἷονρό
2783 999 2796 1012 ·
2836 1000 2856 1034 ι
2890 979 3054 1036 Εἶπον
3076 997 3094 1016 ο
3121 983 3218 1046 Τίς
3259 982 3449 1053 δψεται
3491 984 3594 1036 αὐ-

2025 1071 2185 1139 τούς;
2222 1091 2242 1124 ι
2276 1073 2396 1126 ἀντὶ
2422 1071 2822 1135 τοῦ,Διέκειντο
2851 1073 2924 1136 ὡς
2956 1073 3166 1136 οὐδενὸς
3199 1073 3502 1143 ἐφορῶντος
3527 1071 3598 1124 τά

2027 1163 2314 1234 γινόμεναο
2345 1163 2405 1216 οὐ
2445 1164 2550 1236 γὰρ
2572 1162 2636 1233 δὴ
2665 1163 2847 1231 ἔλεγον
2871 1162 3042 1227 οὕτως
3065 1179 3079 1192 ’
3109 1165 3222 1228 καὶ,
3265 1181 3285 1214 ι
3325 1159 3460 1216 Εἷπε
3488 1163 3597 1233 γὰρ

2029 1257 2086 1309 ἐν
2107 1255 2303 1326 καρδίᾳ
2326 1253 2511 1317 αὑτοῦ,
2541 1255 2613 1308 Οὐ
2645 1255 2720 1325 μὴ
2758 1254 3000 1308 σαλευθῶ
3037 1255 3144 1308 ἀπὸ
3170 1257 3361 1323 γενεᾶς
3386 1256 3467 1316 εἰς
3499 1270 3595 1321 γε-

2027 1343 2151 1397 νεάν
2182 1343 2309 1396 ἄνευ
2344 1342 2514 1396 κακοῦ
2533 1381 2546 1392 .
2582 1360 2602 1392 ι
2627 1341 2917 1406 Διέκειντο,
2947 1343 3076 1415 γὰρ,
3116 1343 3302 1414 φησὶν,
3334 1342 3408 1405 ὡς
3437 1342 3595 1396 οὺοέν

2031 1433 2424 1505 ὑπομενοῦντες
2450 1432 2668 1486 πώποτε
2692 1432 2887 1485 κακόν·
2929 1433 3024 1486 καὶ
3053 1433 3220 1486 πολλὰ
3257 1433 3479 1486 τοιαῦτα
3516 1433 3595 1484 εἴ-

2031 1542 2122 1577 ποι
2142 1543 2225 1587 τις
2257 1524 2343 1587 ἂν,
2370 1523 2405 1578 δι
2431 1523 2504 1595 μὴ
2529 1523 2622 1576 τοῦ
2644 1524 2906 1594 παρόντος
2938 1524 3055 1576 ἐστί
3082 1524 3359 1592 συλλέγειν
3379 1521 3594 1594 καιροῦο

2030 1616 2200 1678 οὕτως
2225 1611 2316 1668 οὖν
2345 1614 2620 1668 κάνταῦθα
2643 1615 2790 1684 λέγει
2823 1616 2901 1677 τὸ,
2935 1636 2952 1666 ι
2991 1617 3098 1668 Καὶ
3124 1617 3331 1678 εῐπατε,
3381 1616 3470 1668 Ἐν
3491 1614 3598 1666 τίνι

365 1707 567 1774 fuistis,
599 1711 754 1780 quasi
788 1727 888 1767 nec
921 1729 950 1765 a
997 1729 1081 1768 me
1109 1713 1310 1775 dilecti,
1353 1729 1526 1783 neque
1558 1713 1668 1766 ullo
1691 1727 1926 1781 unquam

2038 1707 2322 1778 ήγάπησας
2375 1707 2554 1777 ήμᾶς;
2606 1725 2624 1757 ι
2663 1708 2782 1760 ἀντὶ
2839 1706 2968 1773 τοῦ,
3009 1705 3409 1776 ’Δγαπηθέντες
3467 1705 3599 1775 παρ’

365 1800 626 1856 beneﬁcio
654 1803 860 1858 donati.
909 1803 1039 1859 Dein
1087 1805 1230 1859 facta
1259 1805 1412 1870 dicit,
1446 1804 1588 1859 unde
1628 1805 1683 1859 hi
1723 1820 1926 1876 cogno-

364 1902 516 1943 scere
542 1899 784 1959 pussent,
818 1900 1021 1962 quanta
1051 1907 1082 1945 a
1119 1891 1226 1947 Deo
1254 1893 1395 1946 bona
1425 1891 1788 1962 accepissent.

2033 1803 2190 1874 ἐμοῦ,
2238 1803 2332 1856 καλ⁵
2380 1799 2439 1855 εῦ
2495 1803 2818 1868 πεπονθότες
2871 1804 3164 1870 πολλάκις,
3200 1804 3444 1874 μοχθηρᾷ
3503 1804 3600 1855 καὶ

2033 1894 2308 1964 ἀγνώμονι
2350 1894 2676 1965 κεχρημένοι
2724 1899 2790 1967 τῇ
2832 1895 3037 1967 διανοίᾳ
3077 1895 3338 1950 διέκεισθε
3362 1935 3376 1957 ,
3421 1894 3497 1955 ῶς
3529 1895 3598 1946 ἂν

349 1973 484 2032 οὔτε
516 1983 857 2053 ἠγαπημένοι
891 1985 1019 2054 παρ’
1063 1983 1214 2053 ἐμοῦ,
1247 1981 1370 2037 οῦτε
1402 1983 1548 2045 τινὸς
1587 1984 1940 2053 τετυχηκότες
1973 1984 2191 2038 πώποτε
2222 1983 2446 2054 ἀγαθοῦ.
2512 1982 2603 2056 (p.
2631 1981 2734 2038 559
2761 1983 2778 2055 )
2814 1979 2947 2038 Εἶτα
2987 1982 3134 2051 λέγει
3182 1979 3249 2034 τὰ
3296 1980 3600 2052 πράγματα

357 2063 451 2133 ἀφ’
468 2064 542 2125 ὧν
563 2065 688 2138 ὲξῆν
710 2073 903 2134 αὐτοὺς
938 2070 1164 2141 συνορᾷν
1205 2068 1405 2139 ἡλίκων
1453 2065 1638 2137 ἔτυχον
1687 2067 1838 2138 παρά
1881 2068 2008 2132 τοὺς
2040 2068 2229 2134 ἄλλους
2279 2071 2519 2140 ἀγαθῶν.

429 2148 590 2219 365
626 2148 789 2205 Vens.
829 2150 949 2206 3-5.
988 2182 1057 2195 --
1100 2173 1120 2204 ι
1165 2153 1355 2211 Nonne
1394 2157 1563 2212 frater
1608 2163 1726 2211 erat
1759 2154 1929 2212 Jaeob

366 2237 548 2295 Esau?
583 2239 717 2296 dicit
749 2242 1044 2311 Dominus;
1075 2254 1130 2301 et
1163 2256 1342 2302 tamen
1365 2247 1530 2302 dilexi
1561 2247 1750 2312 Jacob,
1785 2248 1927 2303 Esau

363 2343 540 2388 autem
572 2335 700 2390 odio
730 2336 914 2393 habui.
953 2339 1020 2392 Et
1047 2338 1210 2393 statui
1239 2339 1500 2394 terminos
1530 2341 1649 2408 ejus
1684 2341 1737 2394 in
1768 2341 1931 2395 deso-

364 2421 642 2486 lationem,
691 2433 745 2478 et
798 2424 1169 2480 haereditatem
1218 2429 1338 2496 ejus
1386 2428 1440 2481 in
1478 2428 1672 2484 domos
1704 2429 1929 2484 deserti.

363 2511 500 2577 Quia
531 2513 578 2568 si
609 2513 804 2569 dixerit
845 2533 860 2569 :
897 2513 1130 2569 ldumaaa
1158 2531 1347 2572 eversa
1384 2527 1488 2583 est,
1516 2527 1570 2573 et
1598 2527 1934 2575 revertemur

365 2612 528 2674 atque
562 2605 955 2662 aedilicabimus
984 2608 1204 2663 deserta
1239 2609 1396 2677 ejus:
1429 2610 1544 2664 haec
1569 2611 1646 2664 ait
1674 2609 1934 2667 Dominus

363 2696 753 2766 omnipotens:
787 2696 892 2766 Ipsi
919 2698 1288 2762 aedificabunt,
1321 2710 1376 2754 et
1401 2716 1503 2770 ego
1540 2701 1841 2756 destruam.
1869 2703 1935 2756 Et

361 2787 707 2840 vocabuntur
735 2789 869 2858 ipsis
899 2789 1118 2843 termini
1153 2790 1479 2859 iniquitatis,
1507 2801 1558 2844 et
1583 2793 1815 2862 populus
1847 2793 1936 2846 ad-

365 2895 558 2934 versus
593 2895 751 2948 quem
785 2888 891 2934 stat
926 2883 980 2935 in
1007 2881 1124 2936 acie
1154 2879 1419 2937 Dominus
1454 2898 1626 2952 usque
1671 2885 1724 2937 iu
1752 2899 1927 2939 saecu-

2105 2163 2250 2231 Στίχ.
2269 2163 2407 2230 γ’-ε’.
2424 2195 2495 2205 —-
2527 2185 2544 2216 ι
2569 2166 2681 2220 Οὐκ
2699 2165 2922 2234 ἀδελφὸς
2941 2162 3005 2236 ἦν
3031 2164 3199 2218 Ἠσαῦ
3226 2163 3318 2217 τοῦ
3356 2160 3550 2216 Ἰακώϐ
3582 2177 3600 2226 ;

2035 2249 2186 2317 λέγει
2234 2251 2474 2322 Κύριοςο
2522 2253 2614 2306 καὶ
2671 2254 2933 2325 ἠγάπησα
2985 2254 3075 2307 τὸν
3135 2252 3363 2318 Ἰακὼϐ,
3400 2251 3493 2304 τὸν
3539 2250 3599 2303 δὲ

2047 2340 2218 2394 Ἡσαῦ
2249 2337 2519 2414 ἐμίσησα’
2550 2343 2645 2397 καὶ
2675 2343 2837 2410 ἔταξα
2876 2344 2944 2398 τὰ
2975 2345 3098 2415 ὅρια
3153 2341 3315 2398 αὑτοῦ
3354 2343 3433 2402 εἰς
3455 2341 3602 2409 ἀφα-

2035 2433 2244 2504 νισμὸν,
2279 2435 2372 2486 καὶ
2400 2435 2499 2506 τὴν
2535 2436 2894 2506 κληρονομίαν
2920 2435 3082 2489 αὑτοῦ
3119 2435 3197 2497 είς
3228 2432 3452 2502 δώματα
3476 2431 3603 2500 ἐρή-

2036 2541 2136 2594 μου
2175 2540 2189 2554 ·
2219 2524 2352 2577 διότι
2385 2523 2482 2578 ἐὰν
2495 2524 2645 2598 εἴπῃ,
2667 2518 3132 2596 ⁶Η“ιδουμαία(68)
3167 2523 3604 2593 κατέστραπται,

2032 2616 2126 2667 καὶ
2171 2613 2566 2686 ἐπιστρέψομεν
2603 2616 2697 2669 καὶ
2727 2615 3218 2686 ἀνοικοδομήσομεν
3244 2612 3343 2675 τάς
3374 2614 3604 2683 ἠρημω-

2037 2707 2201 2776 μένας
2243 2706 2432 2777 αὒτῆς,
2461 2705 2587 2758 τάδε
2625 2706 2771 2774 λέγει
2800 2707 3004 2777 Κύριος
3052 2703 3462 2775 παντοκράτωρ,
3493 2705 3605 2755 Αὑ-

2032 2798 2114 2849 τοὶ
2161 2797 2594 2868 οἰκοδομήσουσι,
2624 2797 2718 2850 καὶ
2763 2796 2874 2864 ἐγὼ
2916 2794 3308 2867 καταστρέψιΨ
3343 2793 3435 2847 καὶ
3480 2794 3606 2845 ἐπι-

2035 2884 2361 2956 κληθήσεται
2417 2887 2599 2949 αὐτοῖς
2641 2887 2766 2956 ὅρια
2822 2884 3070 2954 ἀνομίας,
3119 2883 3212 2940 καὶ
3256 2881 3382 2944 λαὸς
3428 2883 3510 2950 ἐφ’
3543 2881 3606 2932 ὃν

363 2973 497 3026 lum.
528 2971 591 3026 Et
625 2975 766 3026 oculi
798 2975 961 3028 vestri
990 2974 1286 3041 videbunt;
1321 2984 1374 3029 et
1406 2991 1504 3030 vos
1540 2977 1731 3031 dicetis
1760 2997 1773 3032 :
1814 2979 1921 3032 Ma-

2038 2977 2440 3048 παρατέτακται
2468 2978 2670 3049 Κύριος
2701 2978 2805 3040 ἓως
2857 2977 3050 3040 αἰῶνος
3069 2993 3083 3006 ·
3111 2975 3204 3028 καὶ
3249 2977 3298 3028 οἱ
3337 2973 3608 3042 ὀφθαλμοὶ

364 3060 654 3128 εηὶίίοιιιυδ
698 3071 781 3116 est
812 3060 1080 3117 Dominus
1129 3077 1292 3132 super
1325 3065 1588 3120 terminos
1626 3063 1864 3121 lsraelis.
1905 3087 1925 3118 ι

363 3151 547 3221 Nuper
578 3151 790 3207 fuerant
822 3154 1041 3208 ldumzei
1084 3156 1280 3225 puniti,
1319 3164 1372 3210 et
1407 3153 1674 3225 plurimas
1720 3159 1930 3226 experti

364 3242 723 3306 calamitates,
753 3251 978 3312 pr0pter
1009 3245 1151 3297 mala
1183 3244 1583 3313 quaelsraelitis
1609 3246 1927 3311 intulerant,

362 3348 474 3402 quo
511 3339 755 3403 tepore
803 3334 1013 3404 Assyrii
1060 3337 1292 3404 primum
1326 3344 1379 3390 et
1420 3345 1607 3405 postea
1651 3335 1928 3407 Babylonii

365 3425 550 3481 hostes
597 3435 1038 3496 supervenerant.
1083 3427 1308 3496 Jamque
1357 3427 1473 3482 haec
1513 3427 1769 3497 praedicta
1816 3426 1933 3481 fue-

365 3523 492 3568 rant
527 3528 557 3568 a
594 3513 752 3570 beato
783 3515 982 3572 Davide
1013 3517 1065 3570 in
1099 3517 1350 3579 Psalmis,
1389 3518 1479 3572 ubi
1512 3517 1627 3570 ait:
1670 3533 1688 3566 ι
1727 3515 1934 3570 Memor

365 3612 506 3670 esto,
531 3603 781 3668 Domine.
813 3605 1046 3661 filiorum
1071 3606 1259 3671 Edom,
1287 3608 1340 3661 in
1373 3607 1461 3662 die
1488 3606 1811 3666 Jerusalem,
1839 3608 1929 3674 qui

367 3695 559 3751 dicunt
607 3715 621 3750 :
667 3695 990 3765 Exiuanite,
1041 3699 1316 3754 exinanite
1367 3713 1551 3768 usque
1603 3697 1670 3751 ad
1736 3697 1932 3750 funda-

365 3794 553 3842 menta
597 3787 739 3857 ejus.
791 3787 926 3844 Filia
977 3789 1269 3861 Babylonis
1318 3791 1518 3844 misera
1552 3789 1628 3842 l"!
1670 3806 1688 3838 ι
1723 3786 1934 3853 Quibus

366 3877 548 3932 verbis
573 3880 830 3942 ostendit,
863 3880 1190 3952 Babylonios
1215 3897 1404 3952 poenas
1430 3880 1682 3945 daturos,
1713 3887 1936 3950 propter

365 3968 514 4022 illata
561 3970 837 4027 lsraelitis'
870 3973 1032 4026 mala.
1087 3972 1307 4027 Idumaei
1354 3972 1517 4027 etiam
1560 3986 1685 4026 cum
1725 3971 1793 4026 iis
1831 3986 1934 4040 pu-

368 4059 609 4122 nientur,
649 4062 742 4130 qui
773 4063 826 4117 in
876 4064 1174 4133 amigendis
1225 4064 1484 4120 Israelitis
1527 4064 1661 4119 socii
1691 4065 1932 4133 ipsorum

369 4151 609 4207 fuerunt.
647 4151 790 4208 Idem
823 4162 1009 4223 postea
1042 4155 1366 4224 praedixerat
1402 4155 1564 4209 etiam
1601 4156 1791 4209 beatus
1822 4155 1935 4208 Ab-

368 4244 488 4299 dias
534 4244 815 4315 propheta.
862 4244 1018 4300 Nunc
1053 4245 1183 4315 quia
1223 4245 1314 4299 illa
1354 4246 1560 4300 exitum
1613 4245 1933 4308 habuerant,

2037 3068 2190 3138 ὑμῶν
2230 3068 2470 3136 ὄψονται,
2515 3070 2610 3122 καὶ
2642 3069 2800 3138 ὑμεῖς
2837 3071 3030 3138 ἐρεῖτε,
3082 3063 3448 3136 Ἐμεγαλύνθη
3497 3065 3610 3116 Κύ-

2039 3177 2152 3229 ριος
2191 3160 2443 3229 ὑπεράνω
2465 3159 2572 3212 τῶν
2619 3161 2778 3231 ὁρίων
2811 3158 3044 3229 Ἰσραήλ.
3073 3177 3090 3208 ι
3121 3157 3435 3227 Πρόσφατον
3463 3151 3608 3225 ἦσαν

2051 3252 2331 3321 Ἰδουμαῖοι
2384 3251 2842 3322 τετιμωρημένοι,
2888 3251 2982 3302 καὶ
3020 3248 3288 3302 πλείστων
3343 3249 3481 3300 ὅσων
3545 3249 3609 3300 ἐν

2038 3343 2203 3415 πείρᾳ
2230 3345 2511 3412 γεγονότες
2539 3343 2724 3396 κακῶν
2742 3383 2756 3408 ,
2785 3344 2922 3413 ὑπὲρ
2950 3334 3024 3394 ὧν
3057 3340 3450 3395 διατεθείκεσαν
3477 3339 3610 3402 τοὺς

2050 3436 2385 3506 Ἰσραηλίτας
2416 3436 2555 3489 κατά
2582 3436 2672 3488 τὸν
2699 3433 2888 3504 καιρδν
2917 3434 3123 3487 ἐκεῖνον
3169 3431 3292 3486 καθ’
3317 3431 3376 3485 ὃν
3410 3431 3609 3486 Ἀσσύ-

2041 3527 2144 3595 ριοί
2168 3543 2226 3578 τε
2265 3527 2446 3591 αὐτοῖς
2482 3527 2742 3598 πρότερον
2770 3527 2862 3578 καὶ
2893 3521 3221 3576 Βαϐυλώνιοι
3261 3521 3398 3592 μετά
3449 3519 3612 3572 τοῦτο

2041 3617 2291 3686 ἐπῆλθον.
2311 3618 2496 3670 Ταῦτα
2528 3618 2584 3669 δέ
2615 3616 2906 3688 προείρητο
2943 3615 3039 3684 μέν
3063 3613 3140 3684 τῷ
3169 3613 3421 3684 μακαρίῳ
3445 3610 3614 3664 Δαυῖδ

2040 3710 2098 3760 ἐν
2143 3709 2389 3779 Ψαλμοῖς
2422 3726 2436 3740 ο
2471 3708 2617 3776 λέγει
2654 3707 2762 3779 γὰρ
2785 3749 2800 3770 ,
2841 3723 2861 3757 ι
2913 3703 3217 3774 Μνήσθητι,
3255 3701 3450 3775 Κύριε,
3496 3702 3618 3755 τῶν

2041 3800 2172 3854 υἱῶν
2209 3799 2385 3870 Ἑδὼμ
2409 3800 2506 3870 τὴν
2537 3801 2746 3870 ἡμέραν
2780 3797 3153 3870 Ἰερουσαλὴμ,
3179 3797 3287 3850 τῶν
3319 3795 3610 3864 λεγόντων,

2055 3890 2389 3955 Ἐκκενοῦτε,
2415 3892 2699 3945 ἐκκενοῦτε
2729 3889 2832 3952 ἓως
2863 3888 2969 3943 τῶν
3002 3888 3263 3961 θεμελίων
3289 3887 3460 3955 αὐτῆς
3477 3902 3490 3913 ⁸
3514 3885 3614 3938 θυ-

2041 3984 2219 4054 γάτηρ
2279 3983 2659 4054 Βαϐυλῶνοςή
2712 3983 3086 4053 ταλαίπωροςο
3119 4000 3136 4033 ι
3170 3982 3230 4032 ὲν
3283 3973 3365 4042 οἷς
3412 3976 3616 4040 ἔδειξεν

2042 4078 2122 4130 ὅτι
2154 4077 2247 4129 καὶ
2276 4074 2601 4128 Βαϐυλώνιοι
2648 4075 2875 4128 δώσουσι
2921 4074 3075 4136 δίκας
3129 4072 3268 4142 ὑπὲρ
3307 4061 3382 4124 ῶν
3411 4070 3615 4132 αὐτοὺς

2040 4167 2402 4221 διατεθείκασι
2452 4167 2637 4220 κακῶν
2678 4185 2691 4198 ·
2725 4166 2819 4220 καὶ
2867 4165 3152 4235 Ἰδουμαῖοι
3199 4162 3254 4215 δὲ
3297 4160 3610 4232 τιμωρηθήο

2045 4276 2221 4312 σονται
2249 4259 2666 4329 συμπράξαντες
2683 4259 2862 4321 αὐτοῖς
2885 4259 2943 4311 ἐν
2968 4257 3080 4320 τοῖς
3109 4255 3247 4310 κατά
3265 4253 3373 4307 τῶν
3399 4254 3617 4324 Ἰσραη-

370 4346 725 4408 recentesque
771 4336 916 4408 apud
947 4353 1137 4392 omnes
1170 4345 1327 4393 erant
1363 4335 1581 4391 inﬂictae
1620 4336 1872 4392 ldumaeis
1906 4352 1933 4391 a

2039 4349 2198 4402 λιτῶν
2237 4353 2444 4413 κακοῖς.
2481 4352 2717 4421 Προείπε
2749 4349 2806 4402 δὲ
2839 4350 2932 4402 καὶ
2973 4351 3001 4402 ὁ
3039 4348 3308 4420 μακάριος
3348 4345 3556 4399 ’Δϐδιοὺ
3583 4349 3616 4400 ὀ

371 4427 482 4482 Deo
511 4442 706 4498 pinnae,
748 4429 941 4484 merito
989 4444 1055 4483 ex
1095 4430 1504 4500 comparatione
1535 4445 1660 4485 cum
1695 4430 1804 4485 illis
1845 4430 1939 4484 de-

369 4528 640 4575 monstrat
669 4535 828 4576 suum
857 4536 985 4592 erga
1018 4522 1293 4577 lsraelitas
1326 4537 1591 4585 amorem,
1628 4522 1698 4578 ab
1745 4522 1937 4575 horum

368 4613 812 4683 progenitoribus
870 4623 1037 4683 atque
1090 4614 1159 4669 ab
1202 4614 1448 4669 Idumaeis
1497 4624 1714 4684 sumpto
1761 4614 1937 4669 initio.

371 4704 499 4760 Erat
528 4709 674 4762 enim
703 4707 919 4761 illorum
945 4707 1258 4778 progenitor
1276 4705 1482 4773 Jacob;
1516 4707 1708 4761 horum
1735 4714 1938 4770 autem,

372 4795 537 4853 Esau.
583 4797 726 4853 Dicit
770 4813 937 4869 ergo,
986 4799 1175 4853 ambos
1222 4797 1391 4852 fuisse
1435 4797 1662 4864 fratres;
1706 4812 1942 4867 cumque

373 4899 584 4942 naturae
620 4889 707 4944 lex
749 4889 1061 4944 communia
1092 4889 1230 4959 ipsis
1277 4889 1461 4942 omnia
1494 4887 1722 4955 faceret,
1750 4903 1943 4958 proge-

372 4979 606 5035 nitorem
632 4981 850 5050 quidem
881 4989 1146 5045 vestrum,
1179 4980 1376 5049 inquit,
1413 4979 1602 5046 dilexi,
1636 4990 1691 5033 at
1724 4981 1941 5035 illorum

374 5072 467 5128 odi
492 5073 638 5127 Esau
666 5090 679 5126 :
721 5079 776 5127 et
804 5087 979 5142 usque
1014 5073 1072 5128 in
1096 5072 1418 5128 hodiernum
1452 5071 1597 5126 diem
1628 5084 1944 5141 persevera-

372 5163 449 5227 vi,
480 5163 682 5218 amoris
719 5162 886 5234 366
910 5177 1040 5233 erga
1071 5179 1189 5229 vos,
1220 5163 1331 5218 odii
1362 5178 1493 5217 vero
1523 5177 1651 5232 erga
1698 5161 1822 5216 illos
1849 5177 1940 5215 ar-

2039 4441 2323 4510 προφήτης
2360 4442 2494 4511 μετά
2533 4441 2720 4494 τοῦτο·
2754 4441 2867 4493 ἁλλ’
2909 4440 3094 4509 ἐπειδὴ
3127 4438 3222 4492 νῦν
3255 4439 3462 4510 εἰλήφει
3509 4437 3615 4508 τὴν

2040 4529 2261 4583 ἔκϐασιν
2309 4533 2511 4596 ἐκεῖνα,
2539 4532 2631 4584 καὶ
2665 4530 2831 4602 νεαρὰ
2870 4531 3020 4602 παρά
3052 4532 3216 4585 πᾶσιν
3257 4525 3384 4601 ἧνή
3421 4531 3612 4600 μνήμη

2039 4621 2136 4689 τῆς
2170 4622 2560 4691 ἐπιγενομένης
2611 4621 2752 4674 κατά
2804 4621 2914 4674 τῶν
2955 4621 3265 4691 Ἰδουμαίων
3317 4620 3467 4692 παρά
3514 4620 3614 4672 τοῦ

2040 4709 2174 4762 Θεοῦ
2215 4713 2500 4781 τιμωρίας,
2527 4713 2601 4781 (p.
2627 4711 2750 4782 540)
2780 4711 3001 4774 εἰκότως
3040 4713 3102 4764 ἐκ
3137 4712 3486 4782 παραθέσεως
3510 4711 3614 4782 τῆς

2042 4799 2177 4870 πρὸς
2197 4801 2435 4864 ἐκείνους
2453 4802 2781 4856 ἐνδείκνυται
2795 4801 2891 4873 τὴν
2907 4803 3124 4872 ἀγάπην
3145 4800 3332 4854 ἐαυτοῦ
3354 4803 3452 4872 τὴν
3480 4818 3545 4854 πε
3553 4802 3615 4871 pi.

2039 4889 2292 4954 τούτους,
2324 4890 2432 4944 ἀπὸ
2469 4893 2577 4946 τῶν
2615 4893 2974 4964 προπατόρων
3022 4894 3225 4947 τούτων
3270 4911 3329 4946 τε
3363 4894 3455 4946 καὶ
3498 4893 3613 4945 τῶν

2054 4980 2368 5051 Ἰδουμαίων
2388 4982 2489 5053 τήν
2517 4984 2690 5054 ἀρχὴν
2717 4985 3102 5055 ποιησάμενος.
3128 4980 3237 5038 Ἦν
3269 4983 3375 5055 γὰρ
3405 4983 3616 5038 τούτων

2046 5072 2146 5141 μὲν
2209 5073 2423 5139 Ἰακὼϐ,
2473 5075 2642 5130 Ἠσαῦ
2692 5077 2749 5130 δὲ
2812 5079 3055 5131 ἐκείνων.
3097 5078 3256 5146 Λέγει
3287 5077 3483 5139 τοίνυν,
3525 5077 3615 5129 ὅτι

2046 5161 2290 5231 Ἀδελφοὶ
2323 5165 2420 5233 μὲν
2452 5161 2590 5236 ἦσαν
2623 5168 2948 5238 ἀμφότερον
2980 5167 3075 5221 τοῦ
3117 5169 3282 5239 νόμου
3311 5168 3368 5221 δὲ
3389 5169 3485 5239 τῆς
3509 5166 3617 5237 φύ-

373 5260 629 5326 gumenta
659 5252 936 5310 exhibere.
985 5251 1230 5323 Namque
1264 5254 1572 5309 universam
1609 5253 1823 5307 illorum
1857 5267 1933 5308 re-

2050 5269 2188 5317 σεως
2235 5257 2388 5310 κοινά
2439 5259 2616 5312 πάντα
2650 5259 2832 5323 αὐτοῖς
2864 5260 3164 5328 ποιοῦντος,
3203 5261 3466 5333 ἠγάπησα
3511 5258 3614 5331 μὲν

442 5390 493 5424 ’δ
519 5389 667 5446 Psal.
690 5407 844 5455 um,
880 5389 934 5447 6.
1004 5390 1055 5422 “
1077 5389 1224 5445 Psal.
1259 5406 1313 5457 Χ,
1337 5391 1390 5445 6.
1466 5387 1512 5420 ⁸⁸
1537 5387 1682 5444 Psal.
1719 5404 1920 5452 cxxxv,
1952 5387 2001 5442 7.

453 5532 565 5602 (68)
595 5529 782 5588 Variat
803 5533 892 5587 hic
920 5533 1287 5603 interpunctio
1315 5533 1461 5602 apud
1483 5533 1738 5601 antiquos
1769 5532 1938 5586 inter-

2045 5533 2180 5588 Cum
2205 5531 2396 5589 Graeco
2422 5532 2695 5605 conspirat
2725 5532 2921 5600 Arabs,
2948 5547 3071 5589 cum
3104 5531 3365 5590 llebraico
3390 5533 3621 5596 Latinus

383 5611 591 5673 pretes,
614 5603 736 5662 aliis
753 5615 884 5662 ante
925 5602 1242 5669 Idmnmam,
1261 5604 1382 5660 aliis
1409 5611 1532 5674 post
1561 5603 1940 5672 pausantibus.

2047 5605 2319 5675 vulgatus.
