1928 3113
107 126 160 154 σοι

562 130 839 160 COMMENTARIUS
859 131 892 158 ΙΝ
912 132 1100 160 ΜΑΙΛΕΙΙΙΛΕ
1120 133 1196 161 CAP.
1217 133 1238 162 ἵ.

1685 136 1740 165 60!

109 187 155 213 τὸν
169 185 302 224 ὑμέτερον
317 190 489 226 προπάτορα,
500 191 620 226 ἐμίσησα
631 192 660 219 δὲ
672 193 718 219 τὸν
733 193 846 219 ἐκείνων
857 194 901 220 τὸν

959 194 1061 228 gionem
1078 196 1162 222 vestri
1182 195 1269 230 gratia
1285 195 1417 226 desolavi,
1443 201 1538 229 primas
1556 194 1591 222 ab
1608 194 1642 222 iis
1662 203 1743 231 repo-

115 233 216 260 Ἠσαῦ·
229 235 276 261 καὶ
294 235 326 270 δὴ
339 236 531 273 διαμεμένηκα
549 238 598 274 μὲν
613 239 677 274 ἄχρι
690 239 737 266 τοῦ
753 239 842 275 δεῦρο.
852 240 903 276 τῆς

110 287 141 305 τε
161 280 226 315 περὶ
240 281 313 315 ὑμᾶς
329 282 449 318 ἀγάπης,
467 284 513 310 καὶ
534 284 581 311 τοῦ
595 285 660 320 περὶ
674 285 785 312 ἐκείνων
809 285 903 321 μίσους

108 325 160 359 ⁸ιὴν
176 325 314 359 ἀπόδειξιν
340 328 527 366 παρεχόμενος
537 338 543 345 ·
559 331 650 357 πᾶσαν
669 331 718 365 μὲν
733 331 788 367 γὰρ
813 332 903 358 αὐτῶν

114 369 163 400 τὴν
176 368 268 406 χώραν
283 371 402 406 ἠφάνισα
420 373 452 399 δι’
466 374 549 409 ὑμᾶς,
563 375 641 406 δίκας
660 375 757 406 αὐτοὺς
773 377 904 411 εἰσπρατ-

113 415 227 450 τόμενος
243 414 281 443 ὢν
292 417 352 443 καθ’
364 418 441 453 ὑμῶν
460 419 641 456 τετολμήκασι
651 428 658 436 ·
671 420 761 446 πᾶσαν
773 420 801 446 δὲ
814 421 903 447 αὐτῶν

112 460 162 495 τὴν
185 462 281 496 κτῆσιν
311 465 464 500 μετέστησα
491 467 531 498 εἰς
567 465 704 501 ἐρημίαν,
719 466 754 501 ἣν
768 466 903 501 τοσαύτην

112 507 205 540 αὐτοῖς
227 509 366 545 ἐπήγαγον
391 512 438 538 καὶ
462 511 533 538 οὓτω
558 512 696 547 χαλεπὴν,
711 512 781 539 ὥστε
801 513 853 540 κᾶν
879 514 903 540 ει

113 555 327 591 μεταδαλόμενοί
342 566 407 583 ποτε
426 558 584 594 βουληθεῖεν
605 558 804 595 διορθώσασθαι
818 559 853 586 τὰ
869 561 905 587 οἱ·

113 602 186 632 κεῖα,
202 602 248 628 καὶ
259 604 468 639 ἀνοικοδομῆσαι
485 605 533 636 τὰς
548 606 735 642 ἠρημωμένας
746 606 835 633 αὐτῶν
852 606 901 632 πό-

112 644 169 677 λεις
178 656 207 673 τε
219 648 266 674 καὶ
283 649 383 684 χώρας,
400 650 484 686 μηθὲν
498 651 627 679 δύνασθαι
640 653 718 680 τοῦτο
733 654 818 680 ποιεῖν
829 661 835 668 ·
848 652 901 678 ἀπ-

112 693 256 729 εφηνάμην
265 695 318 729 γὰρ
337 697 396 722 κατ’
409 696 497 723 αὐτῶν
514 698 643 733 ἐρημίαν,
652 698 698 725 καὶ
714 698 838 734 οὐδαμῶς
847 695 902 724 οἷόν

111 745 143 763 τε
157 739 287 775 συστῆναι
309 741 343 768 τὰ
362 742 474 768 ἐκείνων
491 743 572 770 πάλιν
584 752 590 758 ι
608 744 702 780 ἐπειδὴ
722 744 774 771 κᾶν
800 744 903 778 ὲπιχειι

114 784 233 818 ρήσωσιν
246 786 430 823 οἰκοδομῆσαι,
443 789 624 825 καταστρέφω
637 790 718 816 πάλιν
730 799 737 805 ·
750 789 820 816 ὥστε
834 788 905 815 ἐκεί-

950 247 1033 267 scens
1049 240 1084 266 ob
1098 247 1129 267 ea
1147 248 1207 275 quas
1222 241 1249 268 in
1265 248 1313 268 vos
1330 241 1391 268 ausi
1409 245 1494 268 sunt:
1511 245 1568 268 tum
1587 246 1615 270 et
1632 241 1742 270 illorum

950 285 1052 320 praedia
1071 287 1163 313 omnia
1179 287 1207 314 in
1232 287 1407 314 solitudinem
1426 287 1507 318 verti.
1532 294 1615 322 quam
1638 292 1743 316 tantam

951 335 1063 367 tamque
1078 332 1216 359 horridam
1240 332 1273 360 iis
1292 332 1382 365 intuli,
1406 336 1437 359 ut
1458 333 1566 360 etiamsi
1587 333 1658 361 forte
1676 341 1745 361 cort-

952 377 1023 405 versi
1039 378 1174 404 voluerint
1193 378 1342 413 aliquando
1362 383 1450 406 semet
1470 379 1626 412 emendare,
1652 384 1679 407 et
1694 380 1744 407 de-

956 427 1044 450 sertas
1060 424 1142 451 urbes
1166 425 1347 460 regionesque
1369 428 1534 457 restaurare,
1550 426 1617 452 nihil
1634 426 1688 453 sint
1702 426 1744 453 ef-

956 467 1064 496 fecturi.
1081 467 1192 497 Decrevi
1208 470 1280 496 enirn
1302 470 1411 497 illorum
1437 470 1560 497 locorum
1575 471 1744 504 vastitatem,

956 521 1007 540 nec
1019 514 1131 541 omnino
1146 514 1203 541 ﬁeri
1216 515 1320 549 poterit
1334 518 1362 541 ut
1378 522 1422 543 res
1434 515 1556 550 ipsorum
1571 520 1743 550 reparentur.

956 558 1023 585 Nam
1040 559 1063 586 si
1082 559 1219 587 aediﬁcare
1234 560 1394 592 moliantttr,
1411 568 1461 595 ego
1481 567 1579 588 rursus
1599 565 1720 588 evertam
1735 570 1742 587 :

954 605 992 632 ita
1006 610 1035 632 ut
1057 605 1092 632 iis
1111 606 1180 634 locis
1194 606 1339 641 appellatio
1358 605 1598 639 hmreat,Termini
1615 607 1746 642 iniquita-

955 651 1002 682 tis,
1028 655 1124 686 utpote
1146 651 1181 678 ab
1206 651 1350 686 iniquitate
1378 652 1519 680 desotatis.
1544 653 1578 679 At
1603 652 1682 679 vobis
1707 653 1746 679 ita

956 696 1026 724 bene
1043 696 1134 724 facere
1156 698 1298 728 constitui,
1314 702 1345 724 ut
1366 702 1536 732 spectatores
1553 697 1663 733 ipsimet
1681 696 1744 724 facti

956 742 1089 770 bonorum
1102 743 1180 771 vobis
1194 743 1369 775 collatorum,
1390 743 1437 770 Dei
1455 743 1600 778 potentiam
1615 751 1746 779 agnosca-

957 788 1003 820 tis,
1021 789 1067 823 qui
1083 790 1166 816 tantis
1183 789 1262 816 bonis
1276 790 1358 816 vitam
1374 794 1492 816 vestram
1510 788 1638 816 laetiﬁcat.

113 838 170 861 νοις
192 832 241 865 μὲν
264 831 349 867 δνομα
375 835 570 870 ἐπικεκλῆσθαι
600 836 726 871 Ἀνομίας
749 835 835 871 ὃριον,
863 834 910 860 ἇτε
928 833 980 860 ὑπὸ
1001 835 1171 869 παρανομίας
1194 834 1402 870 ἡρημωμένοις·
1429 835 1493 870 περὶ
1515 835 1586 869 ὑμᾶς
1609 833 1636 860 δὲ
1660 833 1747 865 οὕτως

115 874 264 910 ὲδοκίμασα
277 878 331 903 πᾶν
342 878 355 904 ὃ
368 888 394 905 τι
408 880 489 906 καλὸν
502 881 710 916 διαπράξασθαι,
725 881 796 907 ὥστε
810 880 908 911 αὐτοὺς
929 879 998 914 ὑμᾶς
1013 879 1110 911 θεατὰς
1126 881 1270 914 γεγονότας
1282 879 1336 907 τῶν
1354 880 1532 916 δωρουμένων
1545 880 1609 915 ὑμῖν
1624 878 1746 914 ἀγαθῶν,

114 919 261 953 ἐ’τιγνῶναι
276 923 322 950 τοῦ
337 924 404 952 Θεοῦ
420 926 469 961 τὴν
484 927 597 961 δύναμιν
612 928 747 959 τοσούτοις
760 926 954 963 φαιδρύναντος
970 926 1081 959 ἀγαθοῖς
1091 927 1124 953 τὰ
1138 926 1268 962 ὑμέτερα.

149 968 224 1003 Στίχ.
240 972 277 1001 ς’.
293 984 325 990 —-
351 972 389 1006 (p.
404 972 467 1007 5“)
485 971 550 1000 Εἶτα
566 975 705 1001 ἐπιτείνων
719 975 748 1001 τὸ
761 974 885 1010 ἔγκλημα
896 994 902 1005 ,

992 972 1074 1001 VsnS.
1083 973 1251 1001 6.—Deinde
1259 973 1507 1007 expostulationem
1516 972 1670 1004 intendens,
1682 982 1691 998 ι
1701 971 1732 999 Fi

117 1022 128 1039 ι
141 1013 205 1046 Υἱὸς
220 1015 326 1048 δοξάζει
348 1018 464 1055 πατέρα,
480 1021 527 1047 καὶ
542 1020 634 1052 δοῦλος
647 1021 692 1047 τὸν
714 1021 807 1057 κύριον
820 1022 902 1049 αὑτοῦ

115 1058 299 1095 φοϐηθήσεται
316 1070 322 1078 ·
340 1063 386 1089 καὶ
403 1065 427 1090 εἱ
453 1066 544 1101 πατήρ
570 1068 627 1102 εἰμι
645 1067 701 1101 ἐγὼ
713 1088 719 1099 ,
735 1067 786 1094 ποῦ
802 1068 874 1094 ἐστιν
887 1069 903 1102 ἡ

114 1105 179 1137 δόξα
195 1114 262 1140 μους
279 1108 324 1133 καὶ
341 1109 366 1134 εί
380 1109 480 1145 Κύριός
496 1112 552 1145 ειμι
567 1111 633 1145 ἐγὼ,
643 1112 693 1138 ποῦ
706 1114 779 1139 ἐστιν
792 1114 806 1139 ὁ
823 1113 903 1146 φόὸος

116 1159 188 1184 μους
206 1151 280 1185 λέγει
304 1153 406 1189 Κύριος
432 1158 641 1192 παντοκράτωρ.
670 1168 679 1184 ι
699 1158 771 1184 Υίῶν
795 1159 843 1192 μὲν
858 1157 903 1185 οὖν

115 1195 192 1228 ἴδιον,
206 1199 282 1232 φησι,
296 1200 408 1227 τοιαῦτα
432 1201 647 1237 διαπράττεσθαι
657 1224 664 1235 ,
682 1204 728 1238 ἀφ’
753 1201 789 1231 ὧν
803 1205 904 1241 κόσμος

114 1250 157 1272 τις
175 1243 222 1268 καὶ
236 1245 396 1279 σεμνολογία
424 1247 566 1282 περιέσται
582 1251 638 1280 τοῖς
654 1251 787 1284 πατράσι·
803 1250 904 1278 δούλων

113 1286 143 1312 δὲ
158 1287 189 1313 τὸ
203 1288 272 1322 μετὰ
288 1290 386 1316 πολλοῦ
406 1291 452 1317 τοῦ
478 1292 555 1324 δέους
577 1294 772 1329 ὑπηρετεῖσθαι
790 1296 846 1327 τοῖς
863 1296 905 1322 δε-

115 1335 254 1365 σποτικῶς
281 1335 463 1371 ἐπιτάγμασιν
484 1338 559 1371 ’ἐγὼ
581 1340 620 1370 δέ,
649 1342 742 1375 φησὶν,
769 1342 826 1376 εἰμὶ
856 1342 904 1376 μὲν

116 1378 194 1413 ὑμῶν
210 1379 320 1415 Κύριος,
333 1381 380 1407 ἆτε
391 1383 424 1413 ἐκ
439 1382 486 1408 τοῦ
505 1383 542 1418 μὴ
566 1384 642 1415 ὄντος
659 1386 729 1420 ὑμᾶς
742 1387 782 1417 εις
795 1386 825 1411 τὸ
835 1384 904 1413 εἶναι

115 1424 287 1458 παραγαγών
305 1434 311 1440 ·
324 1426 357 1452 δι’
369 1427 593 1462 ὑπερϐάλλουσαν
610 1429 638 1455 δὲ
659 1430 861 1466 φιλανθρωπίαν
875 1441 905 1459 τε

114 1469 165 1495 καὶ
180 1471 350 1506 χρηστότητα
365 1472 547 1509 ᾡκειωσάμην
572 1483 601 1500 τε
617 1475 689 1510 ὑμᾶς
711 1477 758 1503 καὶ
773 1477 905 1514 ἐδεξάμην

115 1515 192 1547 υἱοὺς
207 1516 290 1551 ἐμοὺς
301 1517 441 1544 καλεῖσθαι
457 1528 463 1534 ·
478 1520 652 1554 μεταδέδωκά
669 1530 698 1547 τε
721 1522 784 1556 ὑμῖν
800 1525 905 1558 παρρη-

117 1560 180 1592 σίας
192 1561 239 1587 τοῦ
254 1562 360 1598 πατέρα.
376 1563 453 1597 ὑμῶν
469 1564 612 1599 ὀνομάζειν
633 1566 682 1599 ἐμὲ
694 1574 701 1580 ·
719 1565 774 1601 ὁρῶ
791 1566 818 1592 δέ
840 1566 905 1601 napo;

115 1608 258 1643 οὐδέτερον
283 1609 355 1645 ὑμᾶς
374 1611 611 1645 εὐγνωμονοῦντας
624 1621 631 1627 ·
646 1612 708 1639 οὔτε
731 1613 786 1648 γὰρ
801 1613 838 1645 ὡς
856 1622 906 1640 πα-

115 1654 185 1690 τέρα
193 1656 225 1689 τῇ
234 1655 419 1691 καλοκαγαθίᾳ
435 1656 487 1682 τῶν
499 1658 722 1693 ἐπιτηδευμάτων
736 1660 789 1685 τῶν
802 1660 908 1686 οἰκείων

118 1699 261 1734 σεμνύνειν
274 1701 468 1733 ἐσπουδάκατε,
485 1702 546 1729 οὒτε
560 1703 597 1734 ὼς
611 1704 749 1739 Δεσπότην
763 1704 909 1737 δεδοικότες

117 1746 174 1771 τῶν
202 1747 396 1782 ἐπιταγμάτων
421 1748 578 1783 φροντίζετε
603 1749 657 1775 τῶν
675 1750 759 1785 ἐμῶν.
778 1751 855 1777 Οὖτω
878 1752 909 1787 δὴ

119 1791 209 1817 κοινὸν
223 1792 293 1819 κατὰ
308 1793 417 1820 πάντων
434 1794 479 1820 τὸν
493 1794 604 1830 ἔλεγχον
618 1795 811 1831 ποιησάμενος,
826 1796 910 1832 διορί-

120 1836 163 1868 ζει
184 1838 231 1864 καὶ
246 1838 279 1865 τὰ
302 1839 437 1874 πρόσωπα
456 1841 501 1866 καὶ
515 1841 548 1866 τὰ
565 1842 726 1876 πράγματα,
748 1842 793 1869 καὶ
806 1843 837 1878 δὴ
852 1842 909 1868 δια-

120 1883 266 1919 λεγόμενος
280 1885 348 1920 πρὸς
371 1887 434 1916 τοὺς
452 1886 540 1921 ἱερέας
563 1887 633 1913 οὕτω
654 1888 751 1923 φηςι-ἐν’
774 1898 783 1914 ι
806 1889 909 1923 Ὑμεῖς,

119 1930 145 1955 οἱ
161 1930 253 1965 ἱερεῖς,
265 1932 289 1957 οἰ
307 1931 481 1965 φαυλίζοντες
496 1934 525 1959 τὸ
537 1933 621 1968 ὄνομά
642 1943 703 1969 μου.
715 1944 723 1959 ι
743 1934 844 1969 Ὑμεῖς,
858 1944 910 1970 φη-

123 1976 176 2006 σὶν,
193 1977 217 2002 οἱ
236 1977 285 2012 τὴν
307 1977 478 2014 λειτουργίαν
502 1981 751 2015 ἐμπεπιστευμένοι
764 1981 813 2016 τὴν
824 1980 909 2011 θείαν,

122 2023 170 2049 καὶ
184 2023 275 2058 ὁδηγοὶ
296 2026 352 2055 τοῖς
371 2025 472 2057 λοιποῖς
488 2027 640 2061 ὀφείλοντες
666 2025 736 2054 εἶναι
752 2027 806 2054 τῶν
823 2036 910 2063 κρειτ-

123 2068 217 2100 τόνων,
233 2069 344 2096 τοιαῦτα
366 2070 563 2107 διαπράττεσθε
577 2073 623 2106 ἁφῖ
645 2070 682 2099 ὧν
708 2072 814 2104 οὐδενὸς
836 2073 910 2105 ἄξιον

121 2115 186 2141 ὄντα
205 2124 238 2150 με
254 2116 333 2150 λόγου
347 2117 469 2144 δείκνυτε
491 2120 547 2150 τοίς
565 2118 598 2145 τὰ
615 2119 681 2154 παρ’
703 2118 780 2153 ὑμῶν
794 2119 911 2154 πραττό-

125 2170 192 2195 μενα
207 2162 300 2198 ὁρῶσι.
317 2172 326 2187 ι
348 2164 402 2189 Καὶ
416 2163 522 2195 εἴπατε,
544 2165 588 2191 Ἐν
607 2164 659 2191 τίνι
681 2165 865 2200 ὲφαυλίσαμεν
881 2167 912 2192 τὸ

122 2207 209 2241 ὄνομά
221 2216 266 2233 σου
282 2217 289 2240 ;
310 2218 320 2234 ι
345 2209 461 2243 Ὁμοίως
486 2210 624 2237 κάνταῦθα
649 2210 735 2245 λέγων
752 2211 782 2236 τὺ
798 2212 910 2243 εἴπατε,

124 2253 168 2278 ἵνα
194 2253 257 2289 εἴπῃ
273 2254 324 2285 ὅτι,
344 2255 390 2280 Ἐκ
412 2256 510 2291 πολλῆς
536 2257 584 2291 τῆς
603 2257 768 2292 άπροσεξίας
788 2257 847 2284 οὐδὲ
871 2258 913 2284 αἵ-

955 1019 1019 1050 lius,
1037 1019 1136 1054 inquit,
1161 1020 1277 1046 honorat
1296 1023 1411 1053 patrem,
1435 1023 1462 1046 et
1486 1026 1582 1046 servus
1604 1018 1746 1045 dominum

955 1072 1035 1091 sutnn
1050 1065 1166 1092 timebit.
1187 1065 1264 1097 Quod
1282 1067 1305 1092 si
1318 1070 1393 1099 pater
1404 1072 1455 1099 ego
1467 1072 1539 1096 sum,
1551 1065 1596 1092 ubi
1604 1069 1645 1092 est
1659 1064 1747 1091 honor

955 1112 1049 1137 meus?
1062 1115 1088 1138 et
1105 1111 1127 1137 si
1142 1111 1273 1138 Dominus
1283 1118 1334 1146 ego
1348 1118 1420 1141 sum.
1435 1111 1480 1138 ubi
1495 1114 1538 1138 est
1551 1110 1635 1137 timor
1648 1109 1745 1137 meus?

955 1159 992 1183 ait
1012 1157 1143 1184 Dominus
1168 1159 1353 1193 omnipotens.
1376 1168 1384 1183 ι
1403 1157 1535 1184 Filiorum
1553 1157 1665 1192 quidem
1689 1155 1747 1183 oﬁi-

955 1204 1026 1229 cium
1040 1208 1092 1234 cst,
1105 1204 1202 1238 inquit,
1219 1212 1250 1231 ea
1265 1212 1344 1238 agere
1361 1203 1433 1230 unde
1452 1208 1643 1230 ornamentum
1657 1202 1746 1238 quod-

954 1248 1015 1274 dam
1032 1252 1058 1275 et
1073 1249 1157 1275 (It'CUS
1181 1249 1341 1282 parentibus
1363 1248 1497 1275 eonlletttr
1512 1256 1518 1273 :
1542 1254 1683 1274 servorum
1699 1254 1749 1274 au-

955 1299 1007 1321 tem
1022 1295 1107 1320 multo
1123 1302 1184 1320 cum
1202 1299 1275 1321 metit
1290 1294 1424 1321 herilibus
1437 1293 1596 1321 subservire
1608 1292 1745 1327 jussibus.

956 1340 1010 1374 ligo
1022 1348 1096 1372 vero,
1113 1341 1211 1375 inquit,
1226 1340 1359 1368 Dominus
1379 1344 1472 1368 vester
1492 1346 1565 1372 sum,
1583 1346 1632 1366 ceu
1652 1339 1699 1374 qui
1713 1346 1748 1366 ex

956 1385 1042 1411 nihilo
1056 1394 1103 1411 vos
1119 1386 1152 1412 ad
1170 1384 1357 1412 c\sistendum
1374 1384 1507 1419 produxi;
1523 1388 1550 1411 et
1561 1391 1669 1411 summa
1688 1391 1748 1411 mea

955 1430 1121 1465 benignitate
1136 1439 1168 1457 ac
1183 1432 1305 1458 bonitate
1319 1431 1347 1458 in
1363 1438 1452 1458 meam
1468 1430 1685 1457 familiaritatem
1706 1437 1750 1458 re-

957 1477 1026 1510 cepi,
1050 1481 1075 1503 et
1101 1485 1176 1503 nu-os
1200 1476 1271 1503 ﬁlios
1296 1476 1434 1511 appellare
1448 1483 1497 1503 vos
1523 1483 1584 1502 sum
1609 1474 1748 1510 dignatus,

957 1524 1138 1557 ﬁduciamque
1156 1521 1234 1549 vobis
1247 1522 1350 1550 indulsi
1380 1526 1411 1549 ut
1433 1521 1542 1549 Patrem
1565 1528 1610 1548 me
1637 1528 1751 1548 vocare-

957 1572 1001 1598 tis.
1024 1571 1157 1597 Castorum
1175 1577 1223 1596 vos
1242 1569 1319 1596 nulla
1345 1569 1373 1595 in
1398 1576 1428 1596 re
1452 1572 1546 1603 grates
1559 1567 1662 1595 video:
1685 1574 1749 1594 nam

961 1625 1046 1651 neque
1062 1622 1089 1642 ut
1107 1621 1222 1651 patrem,
1241 1619 1396 1642 vestrorum
1413 1619 1524 1642 actuum
1541 1614 1683 1641 honestate
1705 1620 1750 1639 tne

960 1664 1094 1689 honorare
1113 1662 1257 1696 satagitis;
1275 1669 1364 1695 neque
1394 1666 1425 1688 ut
1442 1661 1586 1688 Dominum
1599 1663 1726 1688 verentes
1740 1678 1748 1689 ο

961 1710 1086 1736 mandata
1102 1716 1160 1735 mea
1176 1708 1251 1742 pensi
1276 1708 1392 1735 habetis.
1414 1708 1461 1734 Sic
1482 1714 1549 1742 ergo
1567 1705 1752 1734 communiter

961 1757 1069 1784 cunctis
1081 1756 1244 1790 objllrgatis,
1258 1763 1320 1782 mox
1335 1762 1469 1790 personas
1479 1754 1639 1789 singillatim
1651 1752 1752 1780 distin-

961 1803 1018 1837 guit
1031 1806 1166 1834 etactus;
1188 1806 1216 1828 et
1233 1800 1391 1828 sacerdotes
1406 1800 1514 1835 quidem
1536 1799 1689 1833 alloquens,
1710 1798 1751 1825 sic

961 1848 1017 1875 ait:
1039 1856 1048 1872 ‹
1069 1845 1123 1873 Vos
1145 1844 1366 1879 sat-erdotes,qui
1389 1844 1529 1879 despicitis
1549 1843 1629 1878 367
1650 1849 1751 1870 nomen

961 1901 1063 1920 meum.
1086 1902 1095 1919 ι
1111 1891 1176 1925 Vos,
1199 1891 1299 1926 quibus
1321 1891 1443 1918 divinutn
1469 1890 1654 1917 ministerium
1675 1896 1753 1916 com-

961 1941 1074 1967 missum
1088 1943 1139 1969 est,
1161 1938 1263 1972 quique
1278 1938 1362 1965 duces
1375 1937 1482 1965 caateris
1500 1936 1534 1963 ad
1545 1937 1673 1964 virtutem
1689 1942 1753 1962 esse
1770 1972 1772 1974 η

962 1985 1077 2014 debetis.
1103 1985 1140 2011 ita
1164 1984 1265 2016 vivitis,
1292 1988 1321 2011 ut
1345 1983 1420 2012 nullo
1440 1990 1483 2009 me
1499 1981 1610 2017 dignum
1626 1984 1752 2015 respectu

961 2029 1114 2058 ostendatis
1138 2028 1182 2060 iis.
1198 2028 1244 2063 qui
1272 2035 1363 2055 mores
1377 2031 1484 2055 vestros
1506 2026 1665 2054 observant.
1691 2034 1701 2050 ι
1719 2024 1753 2052 Et

961 2076 1091 2103 dixistis:
1109 2075 1137 2101 lu
1152 2082 1207 2110 quo
1222 2074 1399 2109 despeximus
1417 2081 1517 2101 nomen
1531 2073 1626 2100 tuum?
1640 2082 1650 2099 ι
1670 2070 1754 2099 Simi-

962 2123 1024 2149 liter
1041 2122 1093 2149 hoc
1109 2122 1190 2149 etiam
1217 2121 1278 2147 loco
1302 2121 1340 2148 ait
1358 2130 1367 2146 ι
1394 2120 1514 2151 dixistis,
1533 2129 1543 2145 ›
1565 2117 1679 2154 pro.0b
1691 2125 1754 2153 gra-

962 2176 1021 2195 vem
1041 2166 1194 2194 socordiam
1212 2171 1341 2198 vestram,
1364 2174 1399 2193 ne
1421 2173 1533 2193 sensum
1555 2164 1664 2199 quidem
1684 2163 1752 2190 tanti

963 2213 1067 2249 peccati
1091 2212 1207 2243 habetis,
1226 2212 1274 2239 scd
1296 2212 1334 2238 ita
1350 2212 1441 2238 animo
1462 2211 1554 2238 affecti
1570 2210 1649 2242 estis,
1671 2210 1752 2244 quasi

963 2260 1030 2287 nihil
1061 2260 1241 2292 incongruum
1277 2258 1432 2293 gesseritis,
1463 2264 1621 2293 quanquam
1649 2259 1753 2283 tantam

125 2298 222 2334 σθησιν
238 2300 313 2335 ἔχετε
328 2301 373 2328 ἐπὶ
401 2301 439 2336 τῷ
464 2303 583 2338 τοσούτῳ
597 2303 822 2339 πλημμελήματι,
846 2304 907 2330 ἀλλὲ

965 2306 1051 2340 culpa:
1063 2304 1160 2331 molem
1177 2304 1331 2331 sustinetis.

122 2346 255 2372 διέκεισθε
269 2347 306 2378 ὡς
319 2347 394 2374 οὐδὲν
409 2347 505 2375 ἄτοπον
517 2349 743 2385 διαπραττόμενοι
754 2370 761 2382 ,
774 2351 861 2377 καίτοι
880 2359 911 2385 γε

124 2391 251 2418 τοσοῦτον
263 2392 439 2428 ἐργαζόμενοι
456 2395 548 2421 κακόν.

159 2438 235 2473 Στίχ.
253 2439 285 2471 ζ’.
302 2454 338 2458 -
352 2438 417 2466 Εἶτα
429 2440 504 2474 λέγει
519 2441 566 2467 καὶ
579 2441 609 2467 τὸ
622 2441 763 2477 γινόμενον
773 2449 779 2456 ·
797 2451 806 2467 ι
825 2442 912 2477 Προσ-

125 2485 238 2518 ἀγοντες
265 2486 333 2520 πρὸς
367 2487 399 2512 τὸ
423 2486 614 2522 θυσιαστήριον
643 2488 741 2523 ἄρτους
765 2488 911 2523 ὴλισγημὲ-

124 2538 198 2561 νους.
217 2539 226 2556 ι
244 2530 280 2557 Οὐ
293 2531 347 2566 γὰρ
359 2532 430 2558 κατὰ
440 2532 488 2567 τὴν
503 2532 550 2558 τοῦ
564 2533 646 2567 νόμου
660 2532 843 2564 διδασκαλίαν,
855 2533 915 2559 οὐδὲ

126 2576 198 2603 κατὰ
214 2577 264 2609 τὰς
279 2578 430 2610 Μωσαῑκὰς
447 2579 591 2612 διατάξεις.
615 2580 652 2614 (p.
669 2579 732 2614 542)
757 2580 805 2606 σὺν
820 2580 916 2614 ἐπιμε-

125 2622 187 2658 λείᾳ
206 2622 326 2649 ποιεῖσθε
340 2623 394 2650 τῶν
405 2624 495 2660 ἄρτων
507 2625 556 2659 τὴν
569 2625 707 2659 πρόθεσιν,
728 2624 796 2651 ἀλλὰ
812 2625 916 2657 κοινοὺς

126 2668 175 2695 καὶ
186 2668 224 2700 ὡς
241 2668 335 2704 ἔτυχεν
353 2671 498 2704 γεγονότας
513 2670 589 2706 παρὰ
599 2671 628 2697 τὺ
639 2671 850 2706 διατεταγμένον
866 2671 916 2697 λα-

125 2715 230 2748 ὀόντες,
244 2717 341 2749 αὐτοὺς
356 2718 490 2744 ἐπιτίθετε
503 2719 536 2754 τῇ
546 2718 669 2754 τραπέζῃ
681 2727 688 2734 ι
701 2718 774 2752 λέγει
785 2717 813 2744 δὲ
832 2727 841 2743 ι
859 2717 916 2751 ἡλι-

127 2762 282 2797 σγημένους
296 2773 306 2789 ι
319 2764 380 2795 τοὺς
395 2764 546 2798 ζυμωτοὺς,
565 2764 579 2790 ὃ
595 2764 734 2799 προδήλως
753 2763 871 2790 ἐναντίον
883 2760 916 2797 ἧν

124 2807 166 2841 τῷ
186 2807 260 2842 νόμῳ
282 2807 402 2843 ἀζύμους
427 2810 472 2835 ἐπὶ
489 2809 535 2835 τοῦ
563 2809 755 2844 θυσιαστηρίου
780 2809 917 2835 κελεύοντι

128 2854 314 2888 προσάγεσθαι
333 2856 395 2887 τοὺς
406 2855 514 2890 ἄρτους,
528 2855 650 2890 ζηλωτὸν
665 2855 692 2882 δὲ
708 2855 839 2890 μηόόλως.
858 2855 914 2881 Πᾶ-

1002 2442 1085 2470 νειις..
1101 2443 1128 2469 7.
1145 2458 1180 2462 -
1192 2441 1253 2468 Mox
1270 2446 1296 2469 et
1311 2448 1367 2469 rem
1382 2443 1484 2477 gestam
1500 2443 1609 2466 narrat:
1622 2448 1631 2465 ι
1649 2438 1755 2467 Obtuli-

967 2490 1018 2517 stis
1035 2490 1114 2516 altari
1141 2496 1202 2515 meo
1219 2495 1303 2522 panes
1325 2487 1454 2522 pollutos.
1478 2495 1487 2511 ι
1506 2485 1583 2513 Haud
1596 2485 1673 2520 juxta
1687 2485 1757 2521 legis

965 2535 1129 2565 doctrinam,
1142 2542 1230 2568 neque
1238 2534 1316 2568 juxta
1327 2532 1462 2560 Mosaicas
1474 2531 1699 2561 constitutiones,
1709 2537 1756 2557 ac-

966 2585 1059 2608 curate
1068 2579 1172 2607 fecistis
1183 2587 1283 2613 panmn
1300 2578 1525 2614 propositionem,
1541 2576 1589 2605 sui
1598 2584 1758 2604 communes

967 2629 994 2652 et
1018 2627 1100 2659 prout
1124 2624 1201 2651 vobis
1219 2627 1400 2651 occurrerunt
1420 2627 1519 2658 praeter
1541 2622 1583 2650 fas
1604 2626 1756 2652 sumentes,

967 2678 1069 2698 mensa:
1084 2669 1265 2704 imposuistis.
1284 2668 1408 2696 Pollutos
1428 2673 1520 2695 autem
1542 2667 1660 2702 appellat
1671 2673 1758 2701 partes

967 2717 1164 2749 fcrmcntatos;
1181 2715 1326 2743 manifeste
1335 2715 1444 2743 idenim
1455 2713 1624 2742 contrarium
1636 2713 1688 2748 legi
1699 2720 1758 2740 erat

967 2770 1078 2798 azymos
1095 2762 1202 2797 jubenti
1226 2769 1311 2797 panes
1326 2761 1434 2793 oﬂ’crre,
1458 2761 1650 2788 fermentatum
1676 2758 1756 2787 nihil.

968 2809 1081 2837 Ontnem
1100 2809 1185 2840 enim,
1198 2808 1297 2843 inquit,
1314 2808 1478 2835 oblationem
1490 2814 1572 2842 quam
1588 2805 1644 2833 Deo
1662 2804 1758 2833 aﬂere—

971 2855 1083 2883 tis,sine
1105 2861 1202 2891 azymo
1220 2854 1337 2883 facit-tis.
1364 2854 1442 2888 Quod
1460 2861 1521 2881 cum
1538 2856 1592 2881 tam
1615 2850 1758 2888 perspicue
