3856 6226
1560 271 1915 333 THEODORI
1940 274 2426 333 MOPSUESTENI

3554 249 3655 334 σοι

395 383 716 441 mandatum
739 382 955 448 fuisset,
987 383 1322 440 contrarium
1352 393 1471 441 erat
1507 402 1708 457 panum
1737 389 1973 446 fermen-

2088 409 2176 445 ταν
2207 392 2316 463 γὰρ
2351 389 2562 455 θυσίαν,
2594 389 2780 461 φησὶν,
2811 379 2879 459 ῆν
2905 388 2972 443 ἂν
3002 387 3348 460 προσφέρητε
3378 383 3568 458 Κυρίῳ
3593 390 3652 438 εὖ

395 483 637 530 tutorum
667 475 956 540 oblationi,
983 475 1144 546 cujus
1170 491 1338 532 causa
1369 477 1519 546 juste
1555 495 1680 534 cum
1713 482 1782 536 iis
1808 497 1975 554 expo-

393 568 586 630 stulat,
621 575 681 622 ut
711 568 817 640 legi
843 583 1069 638 prorsus
1108 569 1637 628 contradicentibus.
1687 593 1706 626 ι
1743 573 1808 630 Ει
1834 574 1975 631 dixi-

387 661 542 716 stis:
574 657 634 714 In
666 675 778 731 quo
811 660 1110 730 polluimus
1143 662 1330 733 ipsos?
1363 684 1381 716 ι
1414 664 1594 736 Atque
1632 667 1728 730 ita,
1775 667 1973 739 inquit,

378 764 625 825 agentes
670 770 741 810 ne
765 753 1122 811 considerare
1163 756 1384 826 quidem
1429 759 1684 816 voluistis
1716 761 1794 817 rei
1841 768 1976 816 actae

396 843 822 900 absurditatem.
893 843 1030 900 Nam
1099 847 1430 903 vocabulum
1475 869 1494 901 ι
1529 849 1769 918 dixistis,
1805 871 1825 904 ι
1890 855 1979 909 hic

396 937 563 991 etiam
604 936 906 1006 proaimi
935 936 1226 993 affectione
1258 940 1470 1009 ponit:
1507 940 1561 995 id
1593 944 1862 1012 est,qnasi
1894 945 1978 998 ni-

401 1023 477 1079 hil
512 1024 775 1088 feceritis,
824 1026 901 1082 ita
947 1027 1134 1082 animo
1167 1028 1348 1084 allecti
1393 1032 1552 1095 estis,
1589 1034 1890 1089 socorditer
1923 1045 1978 1090 et

394 1113 610 1184 absque
635 1131 802 1172 sensu
833 1124 1040 1172 tantam
1067 1127 1349 1188 patrantes
1371 1120 1735 1192 iniquitatem.
1781 1142 1801 1175 ι
1835 1125 1890 1178 In
1912 1140 1978 1180 eo

399 1205 546 1276 quod
572 1207 754 1262 dicitis
779 1228 791 1263 :
824 1207 1011 1264 Mensa
1039 1208 1258 1266 Domini
1287 1211 1543 1283 deSpecta
1573 1222 1678 1276 est,
1723 1222 1778 1270 et
1811 1231 1898 1271 res
1928 1216 1978 1270 ei

400 1296 689 1368 impositas
726 1298 1080 1370 despexistis.
1118 1320 1138 1354 ι
1193 1302 1409 1358 Rursus
1450 1303 1540 1359 hic
1586 1321 1806 1375 quoque
1851 1308 1978 1361 dum

399 1388 500 1454 ait,
531 1408 549 1440 ι
587 1389 641 1443 in
667 1405 733 1445 eo
763 1391 910 1461 quod
940 1391 1146 1456 dicitis,
1185 1411 1206 1445 ι
1242 1408 1343 1464 pro
1377 1401 1500 1448 actu
1529 1394 1782 1450 allectum
1813 1397 1978 1449 animi

399 1478 538 1532 dicit
564 1498 576 1534 :
620 1481 670 1535 ἱιι
699 1489 808 1546 est,
835 1483 963 1537 dum
995 1484 1071 1538 ita
1100 1499 1200 1539 vos
1227 1484 1414 1553 agitis,
1442 1486 1580 1540 nihil
1623 1487 1771 1540 aliud
1803 1497 1981 1542 mente

403 1568 615 1639 agitare
634 1570 1050 1637 demonstratis,
1075 1590 1252 1645 neque
1273 1575 1434 1630 aliter
1453 1592 1554 1632 vos
1580 1591 1702 1631 esse
1723 1578 1977 1642 allectos;

403 1661 487 1715 vel
515 1661 660 1732 quod
693 1678 883 1719 mensa
914 1679 1033 1720 mea
1054 1666 1204 1720 nullo
1232 1665 1304 1720 sit
1339 1666 1502 1737 digna
1533 1678 1803 1737 respectu.
1837 1668 1982 1722 ideo-

2077 485 2329 553 ποιήσετε
2369 481 2646 553 ξυμωτόν·
2681 473 2855 554 οὗπερ
2884 479 3027 534 οὕτω
3072 479 3259 550 σαφῶς
3295 479 3651 549 διατεταγμέ-

2075 589 2166 626 νου
2191 573 2428 626 ἐναντίον
2445 567 2513 642 ἦν
2534 571 2612 642 τῷ
2632 571 2916 642 ζυμωτοὺς
2937 571 3266 642 προσφέρειν
3285 569 3411 634 τοὺς
3437 569 3652 639 ἄρτους,

2077 663 2218 738 ὑπὲρ
2242 658 2303 718 οὗ
2334 663 2399 735 δὴ
2431 664 2669 717 αἰτιᾶται
2697 663 2920 726 δικαίως
2955 663 3153 726 αὐτοὺς
3179 661 3254 725 ὼς
3292 660 3552 714 τάναντία
3578 661 3656 729 τῷ

2075 755 2225 827 νόμῳ
2255 754 2752 826 διαπραττομένους
2785 754 3088 826 προδήλως.
3123 771 3141 804 ι
3179 753 3284 806 Καὶ
3311 752 3524 816 εἴπατε,
3567 753 3656 805 Ἐν

2075 847 2183 902 τίνι
2247 845 2623 918 ὴλισγήσαμεν
2692 846 2927 910 αὐτούς;
2971 865 2989 897 ι
3048 846 3157 901 Kal.
3205 844 3396 910 τοῦτο,
3456 843 3656 914 φησιν,

2078 939 2378 1007 ποιοῦντες,
2400 939 2520 996 οὐδὲ
2549 937 2956 1008 συλλογίζεσθαι
2984 937 3237 1008 βούλεσθε
3261 936 3354 992 τοῦ
3373 932 3656 1008 γινομένου

2077 1030 2178 1103 τὴν
2211 1031 2440 1084 ἀτοπίαν
2458 1048 2473 1064 ο
2501 1031 2562 1084 τὸ
2591 1030 2719 1101 γὰρ,
2753 1050 2768 1080 ι
2811 1031 2922 1084 Καὶ
2947 1030 3159 1095 εἴπατε,
3195 1048 3214 1081 ι
3255 1026 3531 1082 κάνταῦθα
3557 1027 3660 1080 πάι

2077 1123 2162 1176 λιν
2189 1123 2287 1194 τὴν
2310 1122 2547 1178 διάθεσιν
2583 1122 2766 1190 λέγει’
2798 1122 2884 1176 ἴνα
2927 1122 3089 1194 είπῃ,
3111 1121 3194 1175 ὅτι
3231 1119 3318 1182 Ὧς
3360 1118 3516 1172 οὐθὲν
3542 1118 3658 1172 δια-

2082 1215 2444 1287 πραττόμενοι
2493 1212 2786 1276 διάκεισθε,
2843 1212 3170 1283 ἀναισθησίᾳ
3217 1211 3312 1264 καὶ
3360 1208 3661 1281 ἀπροσεξίᾳ

2079 1305 2178 1377 τὴν
2218 1303 2490 1375 τοσαύτην
2537 1301 2892 1370 ἐργαζόμενοι
2940 1301 3334 1372 πλημμέλειαν.
3375 1319 3394 1350 ι
3444 1301 3534 1352 Ἐν
3584 1298 3661 1367 τῷ

2080 1395 2257 1464 λέγειν
2282 1395 2448 1465 ὑμᾶς,
2469 1393 2728 1466 Τράπεζα
2753 1393 2956 1464 Κυρίου
2978 1391 3377 1462 ὲξουδενωμένη
3400 1390 3542 1447 ἐστὶ.
3567 1390 3661 1442 καὶ

2083 1487 2148 1540 τὰ
2193 1485 2546 1556 ἐπιτιθέμενα
2591 1484 3001 1552 ἐξουδενώσατε.
3035 1503 3054 1535 ›
3086 1483 3253 1537 Πάλιν
3286 1481 3565 1535 κάνταῦθα
3603 1480 3664 1533 τὸ

2088 1595 2106 1628 ι
2145 1580 2200 1631 ὲν
2229 1574 2305 1646 τῷ
2324 1576 2500 1642 λέγειν
2533 1595 2551 1626 ι
2580 1575 2720 1627 οὕτω
2745 1575 2927 1645 φησὶν,
2950 1574 3024 1637 ὡς
3059 1575 3179 1626 ἀντὶ
3207 1573 3527 1643 πράγματος
3564 1571 3663 1640 τὴν

2083 1666 2321 1719 διάθεσιν
2347 1665 2522 1737 δηλῶν
2543 1681 2554 1695 ·
2593 1665 2841 1735 βούλεται
2888 1664 2996 1735 γὰρ
3029 1665 3225 1725 εἰπεῖν,
3249 1664 3330 1716 ὅτι
3383 1662 3457 1715 Τὸ
3489 1659 3666 1714 ταῦτα.

400 1768 511 1824 que
561 1769 629 1810 ne
673 1753 1128 1825 imponendorum
1185 1758 1409 1828 quidem
1461 1774 1660 1828 panum
1715 1760 1980 1814 delectum

2088 1762 2256 1811 ποιεῖν
2290 1759 2454 1830 ὑμᾶς,
2503 1758 2603 1828 οὐχ
2631 1756 2816 1826 ’έτερόν
2865 1773 2916 1808 τι
2957 1755 3097 1810 κατᾶ
3146 1755 3383 1809 διάνοιαν
3438 1755 3667 1825 ἔχοντας

406 1845 578 1901 ullum
618 1847 866 1904 habeatis
897 1867 908 1902 :
952 1849 1114 1918 cujus
1144 1851 1220 1904 rei
1250 1849 1514 1904 indicium
1541 1851 1708 1922 368
1728 1861 1812 1906 est
1837 1851 1982 1922 quod

2088 1849 2367 1913 δείκνυσιν,
2405 1847 2513 1901 οὐδ’
2545 1848 2746 1919 ἑτέρως
2777 1863 2896 1910 πως
2927 1846 3324 1918 διακειμένους,
3364 1845 3478 1899 ἀλλ’
3511 1845 3546 1915 ἢ
3589 1844 3668 1907 ὡς

405 1939 712 1995 socorditer
735 1956 936 2011 panum
959 1942 1360 2012 impositionem
1381 1943 1584 2006 facitis,
1610 1945 1814 2001 nullius
1829 1945 1982 2016 pensi

2088 1940 2202 1994 νῦτε
2230 1941 2330 2010 τῆς
2355 1939 2634 2012 τραπέζης
2658 1940 2759 2007 τῆς
2782 1941 2918 2012 ἐμῆς
2944 1941 3232 2008 τυγχάνειν
3261 1937 3403 2001 τινὸς
3426 1936 3670 2006 ὀφειλού-

405 2027 672 2087 habentes
703 2032 960 2101 legitimae
990 2033 1354 2090 institutionis
1385 2035 1812 2099 observantiam,
1847 2053 1985 2107 quo-

2088 2050 2182 2104 σης
2233 2033 2489 2104 σπουδῆς,
2533 2033 2846 2101 ἀναγκαίως
2893 2049 2955 2085 τε
2996 2030 3226 2085 καὶτῶν
3271 2029 3670 2100 ἐπιτιθεμένων

405 2121 555 2175 niam
595 2122 720 2177 illos
763 2123 1109 2193 potissimum
1150 2141 1353 2182 mensae
1398 2127 1760 2198 imponendos
1817 2145 1985 2200 panes

2088 2127 2293 2190 οὐδενὸς
2316 2127 2637 2197 ὀφειλόντων
2667 2125 2832 2190 ἀξίων
2859 2121 2997 2179 εἶναι
3023 2126 3183 2193 λόγου
3203 2142 3216 2155 ·
3249 2130 3324 2194 (p.
3351 2123 3477 2190 545)
3507 2121 3670 2175 τοῦτο

405 2228 604 2269 curare
632 2223 930 2284 oporteret,
963 2233 1064 2273 ceu
1096 2233 1196 2289 pro
1225 2220 1482 2274 universo
1513 2221 1715 2289 populo
1747 2220 1978 2274 oblatos.

407 2302 541 2360 Nam
567 2304 711 2362 Deus
736 2307 1109 2374 mandaverat,
1138 2321 1197 2365 ut
1221 2326 1314 2365 sex
1347 2325 1577 2364 numero
1601 2317 1808 2370 essent,
1840 2311 1978 2364 duas

404 2397 587 2453 tribus
618 2399 672 2452 in
702 2399 931 2469 singulis
980 2400 1348 2471 agnoscendo,
1400 2413 1458 2457 ut
1506 2402 1560 2456 in
1602 2417 1698 2457 sex
1747 2403 1979 2472 panibus

403 2487 695 2544 duodecim
745 2491 921 2546 tribus
956 2501 1365 2562 reputarentur,
1410 2507 1508 2563 pro
1547 2493 1747 2563 quibus
1779 2509 1978 2562 panum

408 2581 837 2652 propositionem
873 2583 986 2638 ﬁeri
1017 2584 1267 2654 jubebat.

2087 2221 2237 2292 δηλοῖ
2255 2219 2316 2273 τὸ
2339 2218 2596 2291 ῥᾳθύμως
2619 2219 2762 2290 ὑμᾶς
2791 2217 3057 2271 ποιεῖσθαι
3079 2216 3187 2268 τῶν
3216 2216 3394 2287 ἄρτων
3416 2215 3516 2284 τὴν
3539 2213 3672 2283 πρό-

2085 2310 2254 2376 θεσιν,
2288 2309 2348 2362 οὐ
2403 2308 2784 2380 φροντίζοντας
2831 2309 2979 2370 ὅπως
3023 2308 3088 2360 ἂν
3119 2307 3259 2359 κατὰ
3305 2305 3403 2375 τὴν
3435 2304 3670 2374 νομικὴν

2087 2400 2458 2471 ἐπιτελεσθείη
2487 2400 2748 2466 διάταξιν.
2780 2401 2890 2453 Καὶ
2924 2399 3140 2468 πρῶτον
3179 2399 3277 2469 μὲν
3306 2393 3424 2450 εἷπε
3468 2397 3531 2450 τὸ
3561 2397 3671 2448 τῶν

2086 2494 2286 2565 ἄρτων,
2317 2493 2392 2557 ὡς
2423 2493 2489 2548 ἂν
2538 2493 2751 2563 πρῶτον
2795 2491 3134 2562 ἁμάρτημαο
3180 2490 3472 2561 ἐπειδήπερ
3519 2489 3671 2540 έκεί⁴

2089 2603 2213 2649 νους
2247 2585 2480 2656 μάλιστα
2522 2585 2648 2648 τοὺς
2682 2584 2774 2637 ἐπὶ
2800 2584 2898 2654 τῆς
2925 2583 3203 2653 τραπέζης
3245 2579 3671 2651 προτιθεμένους

405 2679 604 2750 ἄρτους
644 2681 960 2750 ἐπιμελείας
998 2681 1288 2749 τυγχάνειν
1331 2680 1520 2751 ἐχρῆν,
1565 2680 1642 2745 ὡς
1694 2681 1896 2752 τρόπον
1939 2681 2062 2734 τινὰ
2099 2681 2236 2752 ὑπὲρ
2285 2680 2486 2742 παντὸς
2531 2677 2625 2732 τοῦ
2673 2676 2802 2731 λαοῦ
2850 2676 3320 2747 προσαγομένους·
3371 2675 3670 2745 ἐπειδήπερ

404 2770 692 2824 ἐκέλευσεν
717 2772 912 2834 αὐτοὺς
947 2773 976 2825 ὁ
1013 2771 1164 2835 Θεὸς,
1192 2771 1285 2825 καὶ
1309 2771 1370 2836 ἓξ
1391 2767 1528 2825 εἶναι
1563 2773 1656 2825 τὸν
1693 2771 2042 2843 ἀριθμὸν,δύο
2077 2772 2259 2841 φυλῶν
2301 2774 2358 2825 ὲν
2383 2770 2597 2840 ἑκάστῳ
2625 2769 3059 2840 γνωριζομένων,
3095 2768 3170 2830 ὡς
3208 2767 3272 2820 ἂν
3301 2769 3357 2818 ὲν
3388 2769 3499 2829 τοῖς
3533 2766 3597 2830 ἓξ
3617 2767 3671 2819 αἱ

404 2863 614 2920 δώδεκα
637 2864 1080 2936 παραλογίζοιντο
1107 2864 1290 2934 φυλαὶ,
1317 2865 1457 2937 ὑπὲρ
1479 2859 1554 2920 ὧν
1575 2867 1640 2937 δὴ
1663 2867 1762 2939 τὴν
1791 2865 2046 2938 πρόθεσιν
2075 2866 2326 2920 ἐκέλευσε
2362 2863 2641 2934 γίγνεσθαι
2676 2862 2782 2915 τῶν
2812 2862 3012 2932 ἀρτων.

478 3036 649 3092 Vens.
681 3037 807 3103 8,9.
841 3070 912 3079 ——
940 3040 1099 3094 Aliud
1129 3057 1347 3111 quoque
1386 3057 1509 3096 mox
1535 3043 1720 3098 subdit
1757 3044 1973 3100 illorum
2005 3053 2049 3112 (ς

409 3136 716 3199 peccatum.
763 3149 783 3182 ι
823 3129 1094 3196 Quoniam
1141 3133 1190 3188 si
1237 3133 1546 3188 obtuleritis
1589 3150 1788 3188 caecam
1827 3137 1989 3191 victi-

410 3234 578 3281 mam.
613 3235 722 3274 non
764 3229 850 3275 est
893 3221 1119 3275 malum.
1165 3221 1230 3276 Et
1282 3222 1328 3278 si
1378 3223 1690 3278 obtuleritis
1739 3223 1987 3279 claudam

411 3312 496 3366 vel
524 3319 899 3381 aegrotantem,
933 3327 1042 3367 non
1080 3321 1166 3368 est
1192 3315 1416 3368 malum.
1458 3334 1478 3367 ι
1519 3314 1657 3369 Dum
1695 3316 1986 3384 ejusmodi,

411 3401 612 3470 inquit,
644 3402 898 3458 victimas
941 3402 1172 3467 offertis,
1225 3419 1450 3474 peccare
1499 3421 1605 3459 non
1636 3406 1986 3462 existimatis.

412 3490 481 3546 Et
509 3492 587 3548 rei
606 3503 742 3547 actae
770 3493 1164 3550 absurditatem
1193 3497 1528 3552 ostendens:
1569 3517 1587 3548 ι
1627 3497 1868 3560 Olierid.
1907 3499 1990 3553 in-

409 3585 552 3655 quit,
575 3585 702 3640 duci
731 3595 843 3648 tuo.
879 3588 926 3642 si
949 3589 1206 3657 excipiet,
1233 3589 1278 3642 si
1302 3590 1564 3659 suscipiet
1593 3590 1784 3646 faciem
1817 3602 1986 3658 tuam,

387 3677 546 3732 dicit
565 3676 831 3733 Dominus
858 3680 1229 3749 omnipotens.
1261 3699 1278 3731 ι
1316 3682 1530 3750 Agesis,
1559 3682 1604 3736 si
1628 3697 1723 3751 per
1751 3685 1826 3737 rei
1855 3693 1991 3739 acta:

409 3765 812 3823 absus-ditatem
855 3783 964 3823 non
1002 3773 1279 3839 agnoscis,
1311 3769 1397 3824 fac
1430 3771 1728 3840 periculum
1764 3773 1820 3827 in
1858 3774 1990 3830 olfe-

413 3857 586 3913 rendo
612 3856 848 3928 principi
883 3859 1064 3928 gentis
1095 3869 1223 3924 tuae,
1260 3867 1314 3914 et
1339 3859 1543 3916 videsis
1577 3876 1704 3915 num
1730 3864 1986 3932 excipiat,

413 3964 545 4003 num
579 3948 660 4003 tui
693 3964 949 4005 reverens
995 3949 1139 4006 hanc
1177 3951 1436 4020 injuriam
1471 3952 1800 4008 dissimulet.
1837 3955 1987 4010 Non-

413 4055 485 4097 ne
523 4051 718 4096 contra
765 4050 885 4097 ate
933 4042 1110 4112 magis
1155 4041 1399 4098 offensus
1450 4059 1612 4114 quam
1665 4045 1986 4112 honoratus,

412 4133 810 4190 contumeliose
859 4141 912 4188 te
960 4134 1174 4203 rejiciet
1214 4151 1339 4188 cum
1391 4135 1485 4189 tali
1535 4137 1812 4193 oblatione
1860 4142 1991 4194 tua?

415 4219 798 4278 Demonstrata
826 4237 957 4276 vero
993 4231 1225 4292 utraque
1253 4223 1592 4280 absurditate
1636 4233 1751 4280 tum
1789 4243 1988 4297 panum

417 4321 534 4369 tum
562 4313 927 4377 victimarum,
949 4312 1100 4367 addit
1129 4330 1142 4364 :
1178 4333 1196 4365 ι
1217 4312 1373 4368 Nunc
1395 4329 1527 4370 vero
1559 4316 1769 4385 placate
1797 4317 1987 4373 faciem

415 4403 514 4461 Dei
549 4405 738 4472 vestri,
773 4417 1008 4474 eumque
1039 4404 1429 4476 deprecemini,
1457 4414 1516 4460 ut
1537 4409 1705 4464 vestri
1734 4411 1988 4464 miscrca-
2025 4393 2065 4447 θ

385 4531 387 4538 ι
412 4504 524 4553 tur.
567 4517 586 4550 ι
625 4497 734 4568 Age
758 4497 872 4568 jam
908 4499 1110 4554 abhinc
1145 4499 1328 4569 priora
1354 4500 1640 4556 emendate
1667 4512 1911 4571 peccata,
1938 4513 1991 4558 et

412 4589 502 4646 his
539 4591 786 4656 omissis,
833 4591 1238 4662 praeteritorum
1268 4591 1433 4646 etiam
1483 4593 1756 4662 postulate
1796 4610 1827 4649 a
1879 4595 1991 4651 Deo

411 4683 650 4740 veniam.
667 4685 847 4756 lisque
863 4685 1057 4740 merito
1073 4685 1323 4739 timorem
1347 4684 1637 4751 incutiens,
1650 4705 1668 4738 ι
1692 4687 1748 4741 In
1765 4690 1988 4760 vestris,

414 4772 619 4845 inquit,
664 4775 919 4831 manibus
951 4775 1067 4830 haec
1098 4782 1244 4831 sunt.
1281 4794 1300 4828 ι
1344 4773 1559 4831 Recens
1587 4786 1673 4833 est
1704 4779 1989 4835 calamita-

383 4874 530 4921 tum
575 4866 934 4936 experientia,
974 4867 1030 4922 in
1079 4881 1219 4938 quas
1250 4868 1413 4938 paulo
1459 4876 1588 4924 ante
1621 4870 1893 4928 incidistis
1925 4875 1997 4929 ob

415 4957 582 5014 debiti
613 4959 774 5013 ollicii
817 4960 1225 5030 negligentiam,
1270 4975 1504 5032 quorum
1555 4963 1827 5032 praecipue
1875 4981 1990 5021 me-

376 5089 378 5093 .
414 5063 598 5105 mores
625 5048 865 5104 studium
905 5065 1069 5106 omne
1103 5051 1378 5106 honestati
1407 5051 1622 5108 debetis
1655 5054 1990 5124 impendere.

422 5158 443 5192 ι
489 5140 571 5194 An
597 5154 665 5194 ex
704 5141 863 5196 vobis
904 5141 1202 5211 suspiciam
1231 5142 1400 5198 facies
1439 5145 1689 5199 vestras?
1725 5147 1860 5201 dicit
1884 5148 1990 5203 Do-

419 5232 602 5290 minus
627 5234 997 5304 omnipotens.
1035 5252 1054 5286 ι
1086 5232 1226 5289 Hinc
1256 5235 1421 5307 369
1448 5235 1662 5292 debetis
1696 5253 1992 5310 cngnosce-

419 5341 500 5389 re,
536 5342 622 5381 me
653 5342 723 5382 ne
763 5341 910 5381 nunc
961 5325 1184 5396 quidem
1233 5342 1331 5384 vos
1367 5337 1679 5397 peccantes,
1738 5345 1990 5404 respectu

418 5417 614 5488 dignos
669 5416 1005 5484 habiturum,
1045 5417 1152 5473 nisi
1192 5418 1511 5489 paenitendo
1557 5419 1754 5478 delicta
1811 5435 1992 5482 vestra

413 5508 737 5566 emendetis.

2151 3047 2297 3118 Στίχ.
2326 3053 2398 3116 η’,
2426 3045 2491 3100 θ’.
2521 3074 2588 3084 -
2630 3043 2788 3112 Ἑξῆς
2821 3041 2878 3094 δὲ
2909 3039 3106 3107 ἐπάγει
3131 3039 3229 3091 καὶ
3261 3037 3454 3109 ἑτέραν
3487 3035 3672 3088 αὐτῶν

2089 3138 2489 3207 πλημμέλειαν.
2523 3156 2542 3188 ι
2591 3135 2735 3188 Διότι
2785 3132 2878 3185 ἐὰν
2915 3130 3303 3202 προσαγάγητε
3347 3125 3551 3197 τυφλὸν
3595 3129 3674 3189 είς

2090 3229 2296 3293 θυσίαν,
2343 3230 2403 3282 οὐ
2453 3228 2622 3281 κακόν
2647 3245 2661 3258 ο
2697 3227 2791 3280 καὶ
2839 3225 2932 3279 ἐὰν
2991 3221 3379 3294 προσαγάγητε
3425 3218 3670 3290 χωλὸνῆ

2088 3320 2368 3392 ἄρρωστον
2395 3359 2409 3382 ,
2451 3320 2511 3371 οὺ
2555 3319 2742 3373 κακόν.
2783 3335 2802 3369 ι
2865 3317 2952 3368 Ἐν
2986 3316 3044 3368 δὲ
3079 3313 3156 3384 τῷ
3189 3312 3447 3375 τοιαῦτα,
3497 3311 3670 3382 φησι,

2091 3413 2420 3483 προσφέρειν
2467 3410 2542 3480 τῷ
2575 3410 2693 3480 Θεῷ
2725 3407 2911 3470 θυσίας
2953 3408 3154 3470 ἕνεκεν,
3186 3405 3284 3476 οὐχ
3336 3403 3673 3476 ἁμαρτάνειν

2088 3503 2295 3556 οἴεσθε·
2350 3504 2444 3556 καὶ
2498 3504 2709 3566 δεικνὺς
2776 3501 2870 3555 τοῦ
2921 3501 3202 3572 γινομένου
3252 3500 3350 3571 τὴν
3403 3496 3670 3550 ἀτοπίαν·

2096 3614 2114 3644 ι
2150 3595 2470 3667 Προσάγαγε
2499 3593 2562 3665 δὴ
2590 3595 2720 3647 αὐτὸ
2749 3592 2825 3664 τῷ
2847 3593 3131 3664 ἡγουμένῳ
3154 3608 3269 3648 σου,
3303 3591 3349 3641 εἰ
3382 3585 3675 3658 προσδέξε-

2087 3703 2200 3750 ται,
2233 3690 2282 3738 ei
2323 3685 2554 3756 λήψεται
2599 3686 2889 3757 πρόσωπόν
2925 3703 3040 3746 σου,
3089 3683 3234 3750 λέγει
3281 3682 3483 3752 Κύριος
3535 3696 3674 3732 παν-

2088 3776 2390 3848 τοκράτωρ.
2419 3795 2437 3828 ι
2467 3775 2626 3828 Ἀλλὰ
2647 3774 2753 3848 γὰρ
2777 3778 2824 3828 εί
2851 3775 2924 3847 μὴ
2951 3774 3091 3828 κατὰ
3119 3773 3309 3826 σαυτὴν
3329 3771 3561 3840 συνορᾷς
3580 3768 3672 3822 τοῦ

2089 3867 2374 3938 γινομένου
2405 3868 2467 3920 τὸ
2496 3867 2714 3932 ἄτοπον,
2757 3865 3081 3938 πειράσθητι
3129 3865 3260 3919 αὐτὸ
3300 3862 3674 3934 προσαγαγεῖν

2088 3961 2165 4031 τῷ
2195 3960 2292 4031 τὴν
2331 3961 2628 4030 ἠγεμονίαν
2667 3958 2821 4029 ὑμῶν
2863 3958 3301 4028 πεπιστευμένῳ·
3349 3955 3443 4008 καὶ
3476 3954 3674 4008 θέασαι

2088 4051 2153 4120 δὴ
2173 4053 2222 4104 εί
2248 4050 2477 4115 δέξεται,
2502 4053 2551 4103 εί
2575 4051 2712 4104 αἰδοῖ
2732 4054 2798 4122 τῇ
2823 4050 2959 4122 πρὸς
2985 4050 3044 4103 σὲ
3067 4053 3336 4120 κομιεῖται
3361 4047 3458 4118 τὴν
3487 4045 3670 4117 ὓϐριν

2089 4144 2208 4214 οὐχὶ
2231 4144 2288 4197 δὲ
2321 4143 2630 4197 τούναντίον
2658 4143 2732 4208 ὡς
2769 4144 2834 4198 ἂν
2864 4143 3188 4214 ὑϐρισμένος
3228 4140 3378 4211 παρὰ
3407 4137 3500 4190 σοῦ
3533 4139 3675 4208 μᾶλα

2089 4235 2179 4290 λον
2211 4234 2244 4306 ἢ
2273 4235 2652 4306 τετιμημένος,
2683 4236 3056 4307 προσυϐρίσας
3087 4251 3145 4287 σε
3174 4230 3487 4300 ἀποπέμψει
3531 4229 3675 4299 μετὰ

2089 4325 2181 4378 τοῦ
2227 4326 2720 4397 προσκομισθέντπ
2749 4326 2900 4390 ὄντος
2945 4326 3222 4392 τοιούτου;
3261 4324 3450 4389 Δείξας
3491 4322 3675 4375 αὐτῶν

2095 4415 2410 4486 ἀμφοτέρας
2455 4416 2554 4480 τὰς
2593 4417 2820 4481 ἀτοπίας
2851 4419 2948 4487 τήν
2998 4435 3056 4470 τε
3096 4414 3325 4470 ἐπὶτῶν
3371 4414 3556 4486 ἄρτων
3583 4414 3676 4466 καὶ

2093 4507 2191 4578 τὴν
2207 4509 2299 4561 ἐπὶ
2317 4508 2425 4562 τῶν
2441 4509 2714 4579 θυμάτων,
2729 4510 2943 4578 ἐπάγει.
2969 4526 2986 4558 ι
3017 4509 3125 4562 Καὶ
3139 4508 3234 4561 νῦν
3249 4504 3599 4572 ὲξιλάσκεσθε
3615 4503 3675 4555 τὸ

2095 4601 2383 4670 πρόσωπον
2399 4600 2491 4653 τοῦ
2513 4600 2646 4654 Θεοῦ
2669 4601 2842 4670 ὑμῶν,
2871 4601 2965 4652 καὶ
2985 4598 3211 4670 δεήθητε
3238 4596 3422 4664 αὑτοῦ,
3441 4599 3514 4666 (p.
3545 4595 3673 4663 διε)

2095 4690 2182 4744 ἵνα
2213 4690 2408 4762 ἐλεήσῃ
2435 4693 2599 4762 ὑμᾶς.
2642 4711 2661 4743 ι
2709 4691 2867 4744 Ἀλλὰ
2897 4689 3007 4761 γὰρ
3045 4688 3148 4743 κᾶν
3183 4691 3295 4751 τοῖς
3332 4688 3471 4759 μετὰ
3497 4687 3675 4740 ταῦτα

2093 4781 2472 4853 διωρθώσασθε
2490 4783 2558 4836 τὰ
2579 4782 2814 4854 πρόσθεν
2835 4782 2987 4854 ὑμῶν
3012 4781 3230 4853 άμαρτή
3239 4797 3403 4850 ματα,
3425 4777 3519 4831 καὶ
3542 4793 3676 4830 παυ-

2095 4875 2318 4947 σάμενοι
2364 4875 2458 4928 τοῦ
2504 4877 2728 4928 τοιαῦτα
2771 4873 3214 4947 διαπράττεσθαι,
3254 4873 3332 4925 ἔτι
3379 4873 3518 4941 ὑπὲρ
3563 4872 3674 4924 τῶν

2091 4966 2539 5038 παρεληλυθότων
2565 4969 2827 5039 αἰτήσατε
2851 4967 3176 5038 συγγνώμης
3199 4968 3379 5036 τυχεῖν
3403 4963 3554 5032 παρὰ
3577 4963 3672 5016 τοῦ

2089 5058 2244 5111 Θεοῦ.
2272 5061 2380 5112 Καὶ
2416 5059 2596 5129 φοϐῶν
2619 5061 2843 5124 εἰκότως
2861 5077 2874 5090 ·
2911 5080 2931 5112 ι
2973 5061 3060 5114 Ἑν
3089 5060 3273 5131 χερσὶν
3301 5057 3454 5130 ὑμῶν
3479 5057 3672 5126 γέγονε

2089 5149 2282 5204 ταῦτα.
2315 5171 2334 5204 ι
2381 5152 2640 5221 Ἐγγύθεν
2667 5153 2775 5224 γὰρ
2796 5153 2947 5223 ἔχετε
2970 5153 3079 5206 τῶν
3109 5151 3295 5206 κακῶν
3320 5151 3416 5221 τὴν
3440 5151 3636 5216 πεῖραν
3656 5164 3669 5177 ⁸

2088 5237 2169 5308 οἷς
2197 5244 2258 5297 οὐ
2289 5245 2396 5316 πρὸ
2412 5245 2606 5298 πολλοῦ
2631 5243 3084 5315 περιπεπτιῖηιατε
3121 5244 3208 5297 διὰ
3239 5244 3334 5313 τὴν
3367 5240 3461 5294 τοῦ
3502 5255 3670 5310 προσ-

2090 5336 2316 5407 ήκοντος
2360 5336 2638 5406 ἀμέλειαν,
2673 5330 2748 5390 ὧν
2766 5340 2831 5408 τῇ
2860 5339 3046 5408 μνήμῃ
3079 5335 3311 5407 μάλιστα
3328 5334 3502 5385 πᾶσαν
3523 5330 3668 5401 ἔχειν

2095 5428 2240 5498 ὑμᾶς
2276 5427 2596 5497 ἐπιμέλειαν
2623 5431 2884 5500 προσήκει
2921 5428 3015 5481 τοῦ
3054 5427 3240 5480 καλοῦ.
3276 5445 3294 5477 ι
3335 5426 3399 5478 Εἰ
3428 5423 3666 5494 λήψομαι

2096 5519 2158 5584 ἐξ
2178 5520 2331 5592 ὑμῶν
2347 5522 2612 5590 πρόσωπα
2634 5521 2806 5592 ὑμῶν,
2824 5521 2970 5590 λέγει
2992 5519 3192 5590 Κύριος
3202 5516 3614 5588 παντοκράτωρ.
3638 5529 3659 5564 ι

430 5599 548 5670 Ἀφ’
576 5594 650 5655 ὧν
681 5601 925 5672 ὀφείλετε
967 5599 1182 5667 εἰδέναι,
1211 5599 1286 5666 ὡς
1325 5601 1449 5655 οὐδὲ
1478 5601 1573 5656 νῦν
1596 5604 1740 5674 ὑμᾶς
1776 5607 2185 5680 ἁμαρτάνοντας
2215 5611 2623 5684 αἰδεσθήσομαι,
2683 5615 2731 5667 εί
2775 5614 2849 5684 μὴ
2880 5610 3209 5685 μεταμελείσ.
3237 5608 3358 5662 τινὰ
3384 5605 3662 5677 διόρθωσιν

419 5688 750 5762 ὲπαγάγοιτε
777 5696 887 5762 τοῖς
922 5693 1426 5767 πλημμελουμένοις
1460 5697 1588 5769 παρ’
1621 5696 1794 5768 ὑμῶν.

2181 5845 2272 5855 ...-
