3856 6226
252 306 365 364 605

1187 301 1742 363 COMMENTARIUS
1774 298 1838 354 IN
1872 294 2253 353 MALACHIIE
2288 292 2444 353 CAP.
2480 293 2522 350 ῐ.

3431 280 3539 338 606

324 420 475 495 Στίχ.
511 418 766 493 ι’·ιβ’.-ι
791 421 932 475 Διότι
957 423 1052 475 καὶ
1072 422 1129 475 ἐν
1159 420 1289 493 ὑμῖν
1326 418 1844 491 συγκλεισθήσονται

2019 410 2186 467 Vens.
2234 410 2416 465 10-12.
2473 435 2543 446 —
2584 420 2604 457 ι
2645 402 2917 471 Quoniam
2962 405 3019 455 et
3071 395 3129 452 in
3179 394 3335 451 vobis
3382 394 3540 450 clau-

251 513 441 588 θύραι,
463 516 558 571 καὶ
579 517 680 570 οὐκ
698 515 935 586 άνάψετε
952 515 1015 568 τὸ
1043 513 1428 586 θυσιαπήριόν
1454 529 1555 584 μου
1580 509 1810 583 δωρεάν.
1824 528 1842 560 ι

250 611 332 666 οὐ
366 609 478 683 γὰρ
500 608 739 683 χαλεπόν
771 628 861 682 μοι
888 609 983 663 καὶ
1008 609 1103 664 νῦν
1126 608 1327 664 ἄϐατον
1350 609 1480 679 ὑμῖν
1513 606 1737 677 ποιῆσαι
1758 603 1848 657 τὸν

251 702 387 759 ναὸν
411 702 504 757 τὸν
532 702 684 775 ἐμὸν,
712 702 809 757 καὶ
840 702 1046 756 παῦσαι
1080 701 1241 755 πάλιν
1263 700 1408 771 ὑμᾶς
1430 697 1524 752 τοῦ
1548 696 1628 770 τῷ
1664 697 1850 751 θυσια-

256 795 465 867 στηρίῳ
490 793 880 866 ὑπηρετεῖσθαι
913 792 991 863 τῷ
1029 791 1167 864 ἐμῷ,
1202 788 1702 862 διαπραττομένους
1733 802 1847 839 τοι-

255 887 434 943 αῦτα·
465 888 603 960 ὅπερ
645 882 738 941 οὖν
775 887 878 958 ἢδη
925 884 1222 955 πεποίηκα,
1267 881 1543 954 παραδοὺς
1588 879 1688 952 μὲν
1713 877 1849 948 πυρὶ

255 980 409 1045 ναὸν,
456 978 645 1051 ἐπειδὴ
674 975 1131 1049 πλημμελοῦντας
1170 976 1315 1046 ὑμᾶς
1353 974 1627 1044 ἀνήκεστα
1661 969 1849 1042 ἐώρων

256 1073 317 1125 ἐν
349 1070 501 1143 αὐτῷ
521 1087 535 1102 ·
575 1069 923 1142 αἰχμαλωσίᾳ
961 1070 1018 1123 δὲ
1048 1070 1192 1140 ὑμᾶς
1223 1067 1514 1140 παραδοὺς,
1563 1071 1621 1120 ἐν
1717 1063 1849 1118 καθ-

256 1163 516 1227 εστῶτες,
545 1163 696 1216 οὐδὲν
710 1160 818 1215 τῶν
842 1162 922 1225 είς
951 1161 1235 1233 ἱερατικὴν
1250 1157 1588 1230 λειτουργίαν
1607 1156 1848 1229 ἡκόντων

260 1256 437 1308 ποιεῖν
469 1248 573 1307 οἷοί
602 1271 662 1306 τε
692 1249 811 1325 ἦτε.
848 1272 867 1305 ι
902 1252 1018 1306 Ούκ
1048 1252 1193 1305 ἔστιν
1232 1250 1445 1323 θέλημά
1475 1267 1576 1322 μου
1603 1250 1660 1302 ἐν
1696 1248 1845 1318 ὑμῖν,

257 1346 410 1415 λέγει
442 1345 650 1417 Κύριος
701 1344 1118 1416 παντοκράτωρ,
1163 1343 1258 1397 καὶ
1297 1342 1488 1395 θυσίαν
1526 1341 1587 1394 οὐ
1622 1339 1848 1410 προσδέ-

261 1436 425 1508 ξομαι
456 1437 522 1489 ἐκ
543 1435 652 1489 τῶν
681 1434 879 1506 χειρῶν
924 1433 1098 1506 ὑμῶν.
1144 1452 1163 1486 ι
1198 1427 1272 1487 Εὖ
1304 1432 1410 1504 γὰρ
1437 1432 1550 1485 ἴστε
1584 1431 1666 1483 ὅτι
1690 1430 1848 1500 ἄχρις

258 1526 329 1581 διν
361 1525 587 1580 τοιαῦτα
624 1524 1039 1598 διαπράττεσθε,
1079 1521 1497 1594 άποστρέφομαί
1529 1538 1589 1575 τε
1624 1520 1691 1573 τὰ
1718 1520 1846 1591 παρ’

261 1617 420 1689 ὑμῶν
447 1617 728 1688 γινόμενα,
761 1617 857 1670 καὶ
891 1615 990 1680 τὰς
1016 1614 1206 1679 θυσίας
1238 1613 1392 1685 ὑμῶν
1416 1613 1476 1666 ού
1520 1612 1845 1682 προσίεμαιο

260 1709 403 1764 ὥστε
437 1709 559 1764 ούδέ
589 1708 651 1762 τὸ
702 1708 894 1779 κέρδος
927 1706 1242 1770 ἀποίσεσθε,
1275 1706 1351 1778 (p.
1384 1705 1512 1772 545)
1542 1698 1711 1777 οὗπερ
1756 1699 1850 1759 οὖν

1949 502 2148 559 dentur
2191 501 2350 567 ostia,
2389 513 2566 568 neque
2597 491 2946 552 succendetis
2992 490 3168 545 altare
3203 500 3387 543 meum
3421 500 3539 558 gra-

1926 594 2043 648 tis.
2083 612 2103 648 ι
2138 592 2256 648 Non
2295 599 2381 647 est
2414 590 2561 645 enim
2594 586 2726 642 mihi
2758 583 3014 647 arduum,
3050 581 3309 652 templum
3356 593 3539 635 meum

1948 685 2107 742 vobis
2138 685 2482 740 inaccessum
2520 679 2755 744 efficere,
2796 676 3061 747 vobisque
3107 670 3413 728 ministerio
3458 669 3541 723 al-

1948 775 2087 830 taris
2122 774 2229 829 mei
2270 771 2621 835 interdicere,
2652 768 2781 823 talia
2803 767 3131 840 agentibus:
3162 764 3311 836 quod
3340 777 3537 835 reapse

1945 867 2059 937 jam
2102 864 2229 929 feci,
2279 863 2393 935 igni
2443 862 2705 933 templum
2766 859 3053 925 tradendo,
3106 865 3397 929 postquam
3436 869 3536 909 vos

1950 956 2367 1013 intolerabiliter
2414 966 2644 1025 peccare
2677 951 2734 1007 in
2759 966 2826 1007 eo
2852 948 3235 1015 animadverti,
3285 960 3388 1001 nec
3422 960 3533 999 non

1951 1052 2009 1107 in
2038 1051 2421 1122 captivitatem
2445 1047 2810 1112 amandando,
2838 1046 2894 1101 in
2931 1060 3039 1116 qua
3068 1042 3355 1100 constituti
3394 1039 3532 1096 nihil

1950 1145 2017 1200 ad
2064 1144 2406 1200 sacerdotale
2454 1139 2818 1197 ministerium
2853 1138 3139 1208 pertinens
3181 1148 3342 1206 agere
3384 1142 3534 1203 pote-

1949 1238 2105 1294 ratis.
2145 1255 2165 1288 ι
2200 1236 2317 1291 Non
2358 1243 2446 1291 est
2471 1236 2726 1290 voluntas
2757 1245 2877 1286 mea
2919 1230 2975 1284 in
3015 1228 3196 1294 vobis,
3246 1226 3381 1281 dicit
3430 1222 3534 1278 Do-

1951 1328 2137 1384 minus
2176 1327 2567 1398 omnipotens;
2601 1339 2780 1395 neque
2820 1323 3098 1378 victimam
3158 1319 3427 1389 accipiam
3465 1316 3536 1371 de

1951 1420 2205 1475 manibus
2239 1418 2458 1475 vestris.
2495 1436 2515 1471 ι
2549 1416 2727 1472 Probe
2778 1416 2997 1479 scitote,
3033 1426 3118 1467 me
3160 1410 3405 1483 quandiu
3460 1409 3535 1462 ita

1950 1526 2050 1567 vos
2075 1510 2286 1582 geritis,
2331 1518 2719 1564 aversaturum
2755 1505 3021 1577 quidquid
3061 1506 3122 1557 ﬁt
3164 1518 3195 1556 a
3224 1492 3401 1565 vobis,
3442 1515 3539 1555 ne-

1950 1616 2058 1669 que
2088 1599 2360 1655 sacriﬁcia
2399 1606 2584 1653 vestra
2630 1596 3001 1651 admissurum
3033 1612 3048 1649 :
3082 1592 3440 1664 quamobrem
3469 1605 3539 1645 ne

1950 1692 2380 1747 emolumentum
2425 1690 2647 1761 quidem
2682 1687 3069 1758 reportahitis,
3105 1688 3267 1753 cujus
3312 1698 3412 1753 spe
3452 1697 3540 1738 sa-

262 1801 440 1855 ἐλπίδι
468 1799 577 1854 τῶν
609 1774 809 1853 θυσιών
830 1799 928 1872 τὴν
954 1774 1324 1870 προσκομιδην
1352 1797 1611 1851 ποιεῖσθε.
1647 1774 1847 1849 στΔιότι

1959 1782 2162 1837 criﬁcia
2213 1780 2509 1837 adducitis.
2545 1798 2566 1833 ι
2598 1780 2868 1846 Quoniam
2907 1779 2977 1834 ab
3003 1786 3128 1832 ortu
3181 1776 3316 1833 solis
3365 1790 3540 1847 usque

261 1892 373 1947 ἀπὸ
394 1890 668 1946 ἀνατολῶν
697 1891 846 1963 ἡλίου
879 1890 974 1944 καὶ¹
1002 1890 1109 1953 ἐως
1137 1888 1356 1959 δυσμῶν
1386 1888 1552 1942 αὑτοῦ
1585 1889 1644 1942 τὸ
1680 1888 1850 1960 ὀνομά

267 1999 370 2053 μου
395 1981 668 2049 δοξάσειεν
692 1983 803 2043 τοῖς
824 1980 1022 2044 ἔθνεσι,
1051 1981 1145 2035 καὶ
1168 1981 1225 2032 ἐν
1243 1980 1405 2034 παντὶ
1430 1980 1578 2052 τόπῳ
1597 1979 1849 2051 θυμίαμα

264 2071 600 2145 προσάγεται
625 2070 701 2141 τῷ
726 2070 947 2142 ὀνόματί
972 2088 1096 2141 μου,
1124 2070 1219 2122 καὶ
1245 2069 1403 2123 θυσία
1430 2069 1648 2139 καθαρά
1668 2087 1682 2101 '
1713 2070 1849 2123 διότι

267 2166 414 2238 μέγα
446 2165 507 2220 τὸ
536 2164 708 2236 ὀνομά
731 2180 832 2235 μου
864 2164 921 2215 ἐν
949 2164 1062 2225 τοῖς
1082 2161 1280 2225 έθνεσι,
1309 2161 1681 2233 λέγειΚύριος
1710 2180 1849 2216 παν-

262 2260 573 2332 τοκράτωρ.
624 2277 645 2311 ι
692 2255 1056 2327 Ἀπανταχοῦ,
1086 2256 1240 2328 φησὶ,
1271 2255 1376 2326 γῆς
1418 2256 1517 2326 τὴν
1554 2256 1849 2326 ὀνομασίαν

261 2354 367 2425 τὴν
386 2354 528 2425 ἐμὴν
557 2352 795 2415 ἅπαντες
816 2349 1105 2404 διώκουσιν
1130 2351 1179 2403 οἱ
1203 2351 1334 2403 ὅπου
1358 2349 1486 2402 ποτέ
1510 2347 1849 2412 καθεστῶτες

260 2442 374 2497 τῶν
398 2441 699 2514 ἀνθρώπιον
720 2458 732 2471 ’
751 2440 884 2494 Θεὸν
912 2439 1021 2513 γὰρ
1050 2440 1228 2494 σέϐειν
1262 2440 1594 2493 ἐσπούδακεν
1622 2439 1849 2504 ἕκαστος

264 2536 361 2590 καὶ
385 2535 483 2608 τὴν
512 2535 700 2589 τούτου
730 2534 1012 2607 περιέπειν
1036 2532 1349 2605 ὀνομασίαν,
1376 2534 1453 2597 ὡς
1486 2534 1553 2587 ἂν
1579 2536 1849 2588 Δεσπότου

261 2647 327 2683 τε
358 2631 453 2684 καὶ
494 2630 731 2701 Κυρίου·
766 2629 904 2698 ὅπερ
948 2623 1042 2681 οὖν
1070 2628 1238 2691 ὀντως
1281 2629 1398 2698 είμὶ
1441 2626 1552 2696 ἐγώ
1573 2643 1589 2659 ·
1635 2626 1775 2680 ὥστε
1802 2628 1850 2680 εἰ

264 2720 365 2774 καὶ
426 2719 834 2790 πεπλανημένοι
877 2714 959 2783 οἷς
1004 2720 1065 2772 ού
1109 2718 1353 2789 προσῆκε
1405 2718 1506 2789 τὴν
1555 2718 1851 2788 ὀνομασίαν

266 2810 609 2883 περιτιθέασι
656 2810 757 2882 τὴν
786 2811 947 2883 ἐμὴν,
993 2809 1130 2865 ἀλλὰ
1164 2810 1262 2881 τὴν
1292 2810 1431 2881 ἐμήν
1465 2826 1528 2878 γε
1556 2811 1704 2873 ὅπως
1751 2824 1852 2861 πε-

269 2902 553 2973 ριέπουσιν
612 2903 871 2967 ἅπαντες,
920 2902 1014 2956 καὶ
1060 2903 1149 2956 ἐπ’
1196 2902 1417 2973 ὀνόματι
1470 2900 1548 2972 τῷ
1594 2899 1712 2972 ἐμῷ
1752 2899 1853 2965 τὰς

266 2992 461 3057 θυσίας
485 2993 813 3059 ἐπιτελοῦσι,
844 2993 1061 3047 πάντων
1106 2993 1358 3065 μέγιστον
1392 2993 1485 3046 καὶ
1514 2993 1730 3046 πάντων
1756 2992 1852 3045 ὑπ-

265 3085 462 3158 ερέχον
489 3083 816 3157 νομιζόντων
836 3085 899 3139 τὸ
925 3085 1108 3139 Θεῖον·
1138 3086 1295 3156 ὑμεῖς
1326 3078 1383 3139 δὲ
1416 3084 1476 3138 τὸ
1503 3084 1659 3155 παρὰ
1687 3087 1853 3139 πᾶσιν

264 3177 412 3233 οὕτω
447 3177 589 3248 μέγα
620 3195 680 3232 τε
714 3177 1068 3250 νομιζόμενον
1097 3178 1190 3230 καλ⁸
1236 3175 1431 3230 σεπτὸν
1477 3175 1851 3247 ἐξυϐρίζοντες

266 3268 527 3339 φαίνεσθε
548 3284 563 3298 ⁸
590 3269 776 3341 ἐπειδὴ
803 3272 860 3323 ἐν
880 3270 957 3341 τῷ
980 3270 1078 3340 τὴν
1109 3268 1389 3340 τράπεζαν
1427 3268 1525 3341 τὴν
1564 3269 1702 3341 ἐμὴν
1732 3285 1850 3323 κοι-

266 3360 366 3433 νὴν
399 3361 671 3433 ἡγεῖσθαι,
702 3364 803 3415 καῖ
838 3362 1003 3434 μηδὲν
1032 3363 1261 3433 ἔχουσαν
1290 3362 1451 3415 πλέον
1487 3361 1597 3415 τῶν
1623 3361 1850 3427 λοιπῶν,

264 3455 340 3508 τά
373 3470 431 3507 τε
459 3453 810 3525 ἐπιτιθέμενα
844 3455 1112 3526 μηδεμιᾶς
1146 3454 1273 3519 ἄξια
1313 3454 1558 3527 νομίζειν
1594 3454 1850 3525 σπουδῆς,

266 3544 497 3600 τοιαῦτά
526 3547 584 3599 τέ
618 3564 709 3617 μοι
736 3548 1086 3619 προσφέρειν,
1112 3548 1209 3620 τὴν
1236 3547 1378 3619 ἐμὴν
1402 3547 1697 3619 ὀνομασίαν
1718 3564 1853 3618 προ-

267 3636 447 3707 δήλως
469 3638 863 3709 ἐνυϐρίζοντες,
904 3638 1157 3707 φαίνεσθε
1195 3639 1253 3691 ἐν
1282 3638 1494 3703 οὐδενὸς
1527 3637 1685 3709 μέρει
1713 3636 1855 3691 τιθέ-

272 3742 425 3796 μενοι
457 3725 520 3778 τὸ
552 3724 726 3789 Θεῖον,
750 3726 779 3779 δ
809 3727 959 3798 παρὰ
1002 3729 1166 3781 πᾶσιν
1193 3726 1336 3781 οὑτω
1360 3744 1418 3781 τε
1465 3728 1610 3798 μέγα
1640 3728 1733 3781 καὶ
1761 3745 1855 3797 φο-

268 3816 430 3887 ϐερὸν
465 3817 795 3888 ὑπείληπται
840 3820 932 3873 καί
962 3819 1255 3891 σεϐάσμιον
1294 3820 1389 3873 καὶ
1429 3821 1646 3875 πάντων
1680 3819 1855 3892 ὑπερ-

267 3905 395 3978 έχον
417 3905 659 3971 δικαίως.

345 4000 492 4071 Στίχ.
532 3999 619 4070 ιγ,
653 4000 733 4054 ιδ’.
756 4030 828 4041 -—
858 4019 877 4052 ι
912 3998 1020 4053 Καὶ
1048 4000 1257 4067 εἴπατε,
1292 4000 1477 4055 Ταῦτα
1501 4001 1565 4054 ἐκ
1607 4017 1856 4056 κακοπα-

271 4091 426 4157 θείας
454 4092 608 4146 ἐστί·
638 4094 730 4147 καὶ
762 4092 1069 4165 ἐξεφύσησα
1107 4094 1266 4157 αὐτὰ,
1302 4093 1448 4162 λέγει
1487 4094 1690 4164 Κύριος
1722 4111 1856 4148 παν-

269 4186 582 4258 τοκράτωρ.
622 4204 641 4238 ν
672 4182 804 4240 Εἶτα
828 4187 983 4257 ὑμεῖς
1008 4185 1130 4257 μέν,
1155 4187 1310 4258 φησὶ,
1341 4186 1668 4257 σεμνύνεσθε
1692 4186 1768 4250 ὡς
1791 4188 1855 4240 ἐκ

272 4277 439 4331 πόνου
486 4277 581 4332 καὶ
622 4277 865 4348 ἱδρώτων
900 4277 994 4331 καὶ
1036 4278 1407 4341 κακοπαθείας
1456 4277 1854 4350 προσφέροντες

278 4372 439 4435 ἰδίας,
469 4371 542 4443 (p.
573 4370 699 4442 546)
729 4369 841 4439 ἐγὼ
864 4370 920 4423 δέ
952 4370 1091 4424 αὑτὰ
1132 4369 1431 4443 άπέρῤιψα,
1465 4369 1734 4441 τοσαύτην
1761 4364 1856 4422 οὖ-

1956 1874 2024 1929 ad
2055 1889 2316 1930 occasum
2361 1872 2505 1942 ejus,
2554 1887 2753 1927 nomen
2801 1886 2980 1926 meum
3030 1869 3449 1934 honoriﬁcatur,
3484 1875 3540 1921 et

1957 1963 2011 2017 in
2063 1962 2212 2017 omni
2262 1964 2382 2017 loco
2426 1965 2711 2018 incensum
2757 1960 2982 2015 oﬂ‘ertur
3028 1958 3237 2013 nomini
3285 1972 3430 2021 meo,
3483 1964 3540 2011 et

1955 2057 2223 2109 mundum
2276 2054 2632 2111 sacriﬁcium.
2696 2054 2834 2120 Quia
2886 2067 3143 2125 magnum
3198 2060 3283 2106 est
3339 2065 3537 2105 nomen

1956 2161 2137 2201 meum
2190 2147 2245 2200 in
2299 2146 2574 2216 gentibus,
2615 2145 2750 2200 dicit
2796 2144 3063 2199 Dominus
3110 2144 3476 2212 omnipotens.
3512 2162 3532 2194 ι

1960 2237 2190 2311 Ubique,
2222 2240 2420 2311 inquit,
2454 2249 2723 2296 terrarum
2755 2254 2953 2294 nomen
2993 2254 3172 2294 meum
3219 2239 3402 2293 cuncti
3447 2253 3535 2293 se-

1958 2340 2180 2387 ctantur
2246 2334 2515 2404 cujusque
2576 2333 2818 2403 regionis
2882 2332 3095 2386 incolae.
3155 2330 3289 2385 Nam
3334 2330 3536 2400 singuli

1962 2422 2131 2479 Deum
2196 2426 2378 2480 colere
2430 2432 2706 2495 satagunt,
2765 2424 2995 2494 ejusque
3036 2437 3234 2476 nomen
3285 2422 3535 2475 venerari

1962 2529 2064 2571 ceu
2113 2512 2373 2586 principis
2439 2526 2603 2586 atque
2651 2510 3304 2584 domini:cujuscemodi
3350 2525 3539 2566 revera

1958 2622 2059 2678 ego
2099 2622 2222 2663 sum
2259 2605 2443 2663 :adeo
2478 2613 2558 2673 ut,
2615 2607 2829 2661 etiamsi
2876 2620 3064 2661 errore
3090 2605 3301 2673 decepti
3340 2617 3541 2657 nomen

1958 2697 2030 2753 iis
2067 2713 2211 2769 quos
2256 2713 2367 2752 non
2408 2697 2563 2753 decet
2596 2697 2906 2769 imponunt.
2942 2695 3297 2751 nihilominus
3342 2709 3541 2749 nomen

1960 2788 2141 2844 adhuc
2198 2803 2381 2844 meum
2441 2788 2847 2859 quodammodo
2902 2788 3173 2843 honorant
3223 2802 3437 2849 omnes,
3486 2795 3542 2841 et

1962 2880 2020 2935 in
2058 2882 2283 2937 nomine
2320 2896 2443 2937 meo
2480 2881 2749 2936 sacriﬁcia
2793 2880 3101 2950 perﬁciunt,
3133 2879 3262 2933 dum
3296 2879 3540 2934 omnium

1960 2987 2143 3027 rerum
2186 2972 2481 3027 maximam
2516 2982 2573 3026 et
2608 2970 3123 3026 excellentissimam
3156 2970 3408 3040 judicant
3459 2970 3543 3024 di—

1961 3063 2264 3119 vinitatem.
2304 3061 2411 3119 Vos
2445 3070 2628 3117 tamen
2666 3078 2777 3118 rem
2822 3063 3071 3116 onmium
3117 3062 3376 3131 opinione
3424 3075 3541 3114 ma-

1877 3130 1921 3190 C
1954 3164 2120 3219 gnam
2170 3167 2237 3207 ac
2286 3153 2651 3209 venerabilem
2699 3154 3032 3208 contumelia
3086 3153 3345 3223 prosequi
3378 3154 3534 3207 vidc-

1959 3245 2115 3309 mini,
2141 3244 2268 3315 quia
2298 3245 2428 3300 dum
2466 3259 2711 3300 mensam
2755 3260 2931 3300 meam
2979 3245 3311 3299 existimatis
3358 3246 3541 3314 profa-

1959 3348 2109 3404 nam,
2152 3345 2207 3391 et
2263 3337 2438 3391 nihilo
2494 3338 2667 3408 pluris
2709 3351 2872 3407 quam
2935 3338 3093 3401 alias,
3147 3346 3202 3391 et
3253 3352 3374 3406 quae
3432 3339 3542 3392 illic

1958 3426 2242 3498 imponitis
2286 3428 2438 3482 nullo
2479 3426 2695 3482 delectu
2744 3428 3085 3497 dignamini,
3132 3436 3187 3481 et
3236 3427 3351 3479 hac
3407 3426 3542 3480 mihi

1957 3519 2249 3576 oﬂerentes
2284 3517 2495 3573 nomini
2518 3532 2640 3573 meo
2658 3516 2942 3572 manifeste
2972 3517 3161 3586 injurii
3190 3519 3345 3579 estis,
3380 3516 3536 3579 hinc,

1960 3611 2206 3681 inquam,
2242 3608 2412 3664 Deum
2441 3608 2607 3680 37o
2648 3607 2803 3663 ﬂocci
2838 3607 2952 3663 ﬁeri
2987 3622 3018 3661 a
3074 3606 3232 3661 vobis
3283 3616 3525 3669 constat,

1941 3704 2056 3770 .qui
2103 3704 2345 3758 omnium
2386 3703 2596 3773 judicio
2644 3716 2875 3772 magnus
2931 3709 3017 3756 est
3070 3708 3126 3756 et
3181 3701 3442 3755 terribilis
3488 3706 3543 3755 et

1962 3803 2230 3868 angustus
2267 3802 2324 3849 et
2348 3808 2437 3849 res
2467 3807 2659 3849 omnes
2693 3794 2889 3847 merito
2912 3791 3201 3847 excedens.

2031 4011 2200 4068 Vens.
2240 4012 2327 4075 l3,
2360 4009 2444 4064 M.
2482 4039 2554 4050 —-
2590 4026 2609 4060 ι
2647 4006 2713 4062 Et
2740 4007 2957 4063 dixistis
2994 4026 3007 4063 :
3050 4006 3175 4063 llaec
3206 4009 3274 4061 ab
3300 4021 3544 4062 teruinua

1961 4114 2110 4161 sunt.
2147 4105 2211 4159 Et
2240 4102 2523 4158 exsuﬁlavi
2554 4116 2641 4166 ea,
2671 4100 2805 4155 dicit
2834 4098 3097 4156 Dominus
3124 4100 3488 4170 omnipotens.
3519 4118 3538 4151 ι

1963 4194 2172 4252 Deinde
2230 4211 2349 4264 vos,
2396 4194 2595 4266 inquit,
2656 4192 2966 4265 gloriamini
3014 4194 3171 4262 quasi
3224 4209 3289 4248 ex
3336 4193 3544 4256 labore,

1964 4288 2281 4353 sudoribus,
2314 4302 2665 4357 azrumnaque
2688 4284 2910 4356 propria
2946 4283 3274 4351 oﬁ'erentes;
3305 4292 3546 4339 attamen

1968 4394 2068 4450 ego
2112 4379 2228 4434 haec
2260 4379 2446 4449 rejeci,
2488 4386 2699 4434 tantum
2728 4388 2971 4433 vestrum
3020 4376 3073 4430 in
3100 4375 3377 4431 oll‘erendo
3413 4391 3548 4431 con-

276 4480 378 4518 σαν
406 4463 559 4534 ὑμῶν
592 4462 689 4534 τὴν
716 4464 774 4515 ἐν
814 4464 881 4533 τῇ
913 4462 1251 4535 προσκομιδῇ
1286 4462 1691 4533 καταφρόνησιν
1720 4461 1853 4515 θεω-

1968 4479 2234 4540 templum
2258 4472 2471 4527 videns.
2499 4490 2516 4522 ι
2544 4469 2612 4525 Ει
2640 4469 2961 4525 inferebatis
2988 4467 3227 4538 rapinas,
3252 4476 3305 4522 et
3328 4468 3543 4533 clauda,

274 4556 410 4630 ρῶν.
452 4574 472 4607 ι
508 4556 619 4609 Καὶ
642 4555 924 4628 είσφέρετε
949 4555 1310 4627 ἁρπάγματα,
1344 4556 1438 4610 καὶ
1475 4554 1646 4627 χωλά,
1674 4555 1768 4609 καὶ
1788 4554 1859 4608 τά

272 4647 673 4719 ἐνοχλούμενα·
722 4649 816 4701 καὶ
860 4647 1196 4719 προσφέρετε
1244 4646 1384 4701 αὐτὰ
1421 4648 1501 4711 είς
1551 4645 1775 4700 θυσίαν·
1808 4647 1859 4699 εί

274 4740 643 4813 προσδέξομαι
675 4739 815 4794 αὐτὰ
839 4740 905 4793 ἐκ
929 4738 1037 4792 τῶν
1066 4737 1265 4810 χειρῶν
1285 4737 1458 4810 ὑμῶν,
1486 4739 1632 4807 λέγει
1658 4738 1860 4811 Κύριος

275 4834 722 4906 παντοκράτωρ.»
738 4831 955 4903 Ἐπειδὴ
979 4831 1037 4884 δέ
1055 4832 1151 4885 καὶ
1178 4832 1238 4885 ἐν
1254 4833 1373 4897 ταῖς
1400 4832 1609 4895 θυσίαις
1631 4832 1860 4886 τοιαῦτα

277 4926 697 4999 προσκομίζετε,
755 4925 836 4981 ἐτι
891 4923 1091 4995 μᾶλλον
1141 4923 1283 4978 αὐτὰ
1331 4924 1740 4996 ἁπεπεμπόμην
1785 4924 1861 4989 ὼς

275 5018 461 5089 φαῦλα
494 5019 590 5074 καὶ
633 5020 698 5072 ἐκ
736 5016 947 5088 φαύλης
989 5016 1409 5088 προσφερόμενα
1438 5014 1681 5087 γνώμης.
1728 5010 1862 5069 Εἶτα

276 5112 375 5166 καὶ
401 5109 563 5181 νόμον
590 5109 778 5175 τιθεὶς,
815 5128 835 5161 ο
871 5109 983 5162 Καὶ
1014 5108 1415 5177 ἐπικατάρατος
1448 5106 1507 5171 ὃς
1532 5103 1601 5179 ἦν
1638 5106 1862 5171 δυνατὸς

277 5203 375 5257 καὶ
401 5202 643 5275 ὑπῆρχεν
671 5201 730 5253 ἐν
757 5200 836 5271 τῷ
862 5199 1097 5271 ποιμνίῳ
1121 5198 1287 5253 αὑτοῦ
1323 5198 1489 5270 ἄρσεν
1509 5214 1522 5228 ·
1550 5196 1647 5251 καὶ
1670 5199 1703 5268 ὴ
1727 5197 1860 5268 εὐχὴ

276 5289 445 5345 αὐτοῦ
480 5291 538 5345 ἐν
580 5289 757 5362 αὐτῷ·
785 5291 881 5343 καὶ
938 5289 1056 5343 θύει
1101 5288 1473 5361 διεφθαρμένα
1514 5286 1593 5359 τῷ
1634 5287 1858 5361 Κυρίῳο

277 5382 416 5438 διότι
452 5381 704 5453 βασιλεὺς
748 5383 922 5454 μέγας
961 5380 1072 5451 ἐγώ
1115 5383 1251 5453 εἰμι,
1290 5381 1437 5450 λέγει
1473 5382 1677 5454 Κύριος
1726 5398 1863 5436 παν·-

276 5474 599 5546 τοκράτωρ·
659 5475 753 5529 καὶ
816 5473 878 5527 τὸ
936 5473 1108 5545 ὄνομά
1174 5490 1276 5544 μου
1326 5472 1590 5543 ἐπιφανὲς
1642 5473 1702 5526 ἐν
1750 5475 1863 5537 τοῖς

278 5564 481 5621 ιθνεσι.
516 5587 536 5619 δ
574 5567 690 5630 Πᾶς
719 5565 808 5631 δὴ,
844 5565 1029 5636 φησὶν,
1070 5564 1232 5637 εὐχὴν
1252 5566 1344 5618 ἐπὶ
1373 5564 1533 5636 θυσίᾳ
1568 5566 1864 5637 πεποιημέ-

280 5674 395 5727 νος,
424 5659 545 5715 εἶτα
573 5658 823 5731 εὑπιιρῶν
853 5659 945 5711 καὶ
985 5658 1281 5728 δυνάμενος
1313 5660 1377 5712 ἐκ
1406 5658 1514 5711 τῶν
1553 5659 1863 5730 προσόντων

283 5752 434 5826 αύτῷ
471 5756 737 5827 ποιμνίων
783 5754 1152 5826 προσαγαγεῖν
1198 5752 1363 5825 ἄρσεν
1410 5769 1466 5806 τε
1503 5754 1596 5807 καὶ
1641 5752 1862 5825 δικιμον

1962 4574 2017 4619 et
2046 4562 2327 4634 languida,
2369 4571 2422 4616 et
2447 4576 2511 4616 ea
2546 4559 2801 4616 sacriﬁcii
2842 4559 2964 4613 loco
2999 4559 3235 4612 dabatis.
3266 4556 3404 4612 Num
3443 4575 3546 4630 ego

1960 4672 2021 4711 ca
2078 4658 2336 4726 recipiam
2396 4654 2463 4709 de
2519 4653 2774 4708 manibus
2813 4648 3060 4708 vestris?
3092 4651 3227 4705 dicit
3278 4649 3544 4706 Dominus

1961 4748 2335 4819 omnipotens.
2382 4765 2401 4797 ι
2434 4741 2704 4812 Quoniam
2755 4744 2872 4798 luce
2919 4742 3153 4795 victima:
3200 4754 3368 4796 causa
3417 4739 3545 4795 alle-

1963 4840 2189 4904 rebatis,
2223 4836 2476 4908 equidem
2529 4843 2588 4889 ut
2618 4835 2747 4889 vilia
2792 4834 2995 4903 vilique
3028 4847 3095 4886 ex
3147 4839 3331 4885 mento.
3362 4830 3545 4886 oblata

1961 4931 2309 5001 respuebant.
2367 4928 2488 4983 Mox
2558 4937 2615 4982 et
2673 4928 2844 4997 legem
2910 4925 3152 4980 recitaus
3209 4943 3220 4977 :
3276 4942 3293 4974 ι
3326 4921 3547 4978 Maledi-

1962 5031 2107 5087 ctus,
2145 5043 2164 5075 ο
2230 5018 2441 5091 inquit,
2501 5036 2520 5068 ι
2557 5017 2649 5089 qui
2694 5016 2847 5071 dives
2895 5022 3044 5080 erat,
3099 5012 3440 5082 habebatque
3489 5012 3545 5066 in

1961 5130 2125 5187 grege
2170 5128 2272 5168 suo
2324 5111 2627 5166 masculum
2681 5128 2696 5164 :
2748 5116 2803 5163 et
2850 5107 3030 5161 oratio
3081 5106 3202 5176 ejus
3257 5107 3312 5160 in
3358 5106 3479 5175 ipso
3527 5124 3541 5161 :

1961 5212 2017 5259 et
2069 5202 2342 5258 sacriﬁcat
2383 5208 2643 5270 corrupta
2690 5196 2944 5252 Domino.
2990 5196 3128 5263 Quia
3178 5211 3273 5251 rex
3316 5211 3547 5266 magnus

1963 5312 2064 5367 ego
2106 5312 2250 5359 sum,
2307 5296 2441 5350 dicit
2494 5293 2761 5348 Dominus
2812 5289 3182 5361 omnipotens,
3240 5305 3549 5360 nomenque

1962 5404 2143 5444 meum
2188 5389 2402 5444 illustre
2450 5387 2504 5442 in
2551 5376 2883 5456 gentibus.)
2939 5382 3304 5453 Quicumque,
3346 5383 3545 5453 inquit,

1963 5497 2178 5553 precem
2211 5481 2343 5537 facit
2372 5479 2731 5537 sacriﬁcando
2751 5518 2767 5544 ,
2807 5485 2861 5534 et
2897 5493 3021 5534 eum
3051 5478 3123 5534 sit
3152 5477 3307 5532 dives
3344 5477 3547 5547 possit-

1961 5588 2071 5644 que
2106 5588 2173 5628 ex
2205 5571 2323 5628 suis
2360 5570 2621 5642 gregibus
2655 5569 2852 5624 offerre
2896 5568 3221 5631 masculum,
3261 5575 3315 5621 et
3346 5567 3545 5637 proba-

1964 5673 2102 5724 tum.
2136 5671 2191 5719 et
2223 5664 2369 5735 quod
2408 5662 2520 5719 Deo
2565 5661 2829 5717 oﬁ‘eratur
2867 5660 3131 5732 dignum;
3180 5659 3226 5714 si
3264 5659 3315 5713 id
3361 5667 3545 5716 tamen

1966 5756 2191 5835 minime
2224 5756 2436 5826 oderat,
2468 5754 2564 5813 sed
2603 5754 2709 5811 vile
2743 5752 2947 5828 aliquid
2978 5761 3034 5809 et
3076 5758 3402 5823 corruptum
3425 5756 3537 5809 Deo
