3856 6226
378 250 492 304 6417

1547 261 1902 320 THEODOBI
1928 263 2410 324 MOPSUESTENI

3533 273 3639 329 om

385 362 686 426 sacriﬁcet,
728 364 795 430 is,
843 367 1087 437 inquam,
1135 385 1350 425 summa
1400 373 1604 444 dignus
1636 392 1797 446 paena
1828 389 1912 434 est
1946 399 1958 434 :

2068 381 2161 434 καὶ
2189 375 2300 434 οἷον
2339 382 2710 454 προσάγεσθαι
2755 383 2964 454 πρέπον
2999 384 3117 455 Θεῷ
3139 400 3152 415 ·
3199 395 3291 438 και
3339 386 3496 439 τοῦτο
3540 389 3640 455 μὲν

386 456 516 526 quia
559 455 670 510 Deo
702 459 943 515 omnium
974 459 1328 528 dominatori,
1375 473 1432 520 et
1460 471 1676 524 cunctis
1721 471 1962 526 homini-

387 546 492 600 bus
543 546 613 602 ob
669 548 899 617 propriae
943 558 1155 605 naturae
1211 557 1639 625 magnitudinem
1701 562 1960 632 cognito,

379 637 598 708 copiam
633 639 710 693 rei
735 639 913 710 dignae
947 641 1177 708 habens,
1213 645 1538 704 deteriorem
1567 651 1747 708 offert.

1042 969 1197 1026 CAP.
1241 972 1305 1027 11.

455 1096 622 1155 Vens.
657 1101 705 1162 Ι.
736 1101 790 1154 2.
824 1134 892 1145 -
923 1121 944 1156 ι
987 1105 1049 1159 Et
1081 1123 1231 1164 nunc
1261 1110 1577 1166 mandatum
1607 1114 1710 1169 hoc
1745 1117 1812 1170 ad
1840 1133 1958 1182 vos,

385 1206 423 1245 ο
462 1194 819 1250 sacerdotes:
851 1195 970 1253 Nisi
1005 1200 1311 1264 audieritis,
1361 1213 1414 1258 et
1442 1206 1548 1260 nisi
1582 1210 1877 1277 posueritis
1906 1213 1961 1266 in

383 1284 551 1339 corde
575 1294 758 1341 veSIro
787 1289 917 1345 dare
958 1292 1186 1361 gloriam
1229 1296 1436 1350 nomini
1477 1314 1619 1362 meo,
1661 1303 1736 1355 ait
1779 1301 1963 1358 Domi-

385 1389 490 1428 nus
527 1376 906 1447 omnipotens,
939 1382 1152 1437 mittam
1183 1400 1351 1454 super
1377 1403 1474 1442 vos
1500 1390 1957 1457 maledictionem,

383 1470 439 1516 ct
469 1466 786 1522 maledicam
813 1470 1185 1527 benedictioni
1215 1483 1426 1539 vestras,
1453 1488 1507 1532 et
1528 1481 1846 1536 maledicam
1877 1485 1959 1540 ei:

378 1562 437 1608 et
463 1555 622 1626 371
655 1559 941 1630 dissipabo
983 1564 1417 1623 benedictionem
1454 1579 1714 1636 vestram,
1757 1583 1812 1629 et
1853 1591 1960 1631 non

383 1647 494 1700 crit
533 1649 589 1702 in
635 1652 810 1717 vobis,
847 1655 976 1724 quia
1019 1672 1117 1712 vos
1166 1674 1276 1713 non
1311 1662 1514 1730 ponitis
1567 1664 1620 1718 in
1668 1668 1835 1722 corde
1864 1685 1956 1723 re-

387 1747 523 1794 stro.
565 1757 587 1792 »
625 1738 704 1796 En
731 1759 833 1814 ego
861 1745 975 1800 hare
1002 1745 1071 1800 de
1106 1749 1259 1804 vobis
1289 1724 1548 1816 decerno,
1580 1755 1672 1823 qui
1703 1758 1957 1811 sacerdo-
1989 1724 2031 1780 Β

391 1832 483 1884 tali
529 1832 836 1890 ministerio
884 1836 1205 1908 fungimini;
1254 1843 1402 1911 quod
1443 1844 1548 1898 nisi
1591 1862 1739 1901 nunc
1781 1850 1961 1905 velitis

382 1923 580 1998 sedulo
621 1925 784 1982 dictis
829 1930 965 1984 meis
1003 1933 1306 1998 attendere,
1347 1944 1403 1989 et
1432 1937 1723 1992 ministerii
1757 1940 1961 1995 seduli-

384 1994 500 2068 t‘ate
520 2015 757 2072 debitam
781 1994 1304 2094 convenientemque
1326 2024 1436 2082 Deo
1458 2030 1686 2098 gloriam
1711 2034 1957 2098 reddere,

391 2106 681 2161 maximam
707 2109 862 2164 vobis
889 2126 1104 2180 pmnatn
1140 2114 1369 2169 inferam
1398 2136 1412 2183 ;
1437 2129 1491 2172 et
1522 2119 1669 2175 hunc
1697 2124 1958 2180 honorem

387 2210 496 2265 quo
536 2199 755 2257 interim
802 2202 1071 2268 fruimini,
1118 2207 1172 2260 in
1229 2207 1470 2265 dedecus
1507 2223 1560 2266 et
1591 2229 1959 2271 mrumnarnm

380 2293 818 2360 experimentum
845 2306 1160 2352 convertam
1187 2320 1202 2366 ;
1232 2301 1496 2373 vobisque
1524 2320 1741 2362 omnem
1773 2326 1958 2364 sacer-

386 2382 623 2438 dotalem
664 2385 945 2442 detraham
988 2391 1276 2455 honorem,
1315 2396 1388 2448 ita
1435 2405 1495 2450 ut
1527 2413 1688 2452 nemo
1718 2411 1959 2456 vestrum

385 2473 638 2544 dignitati
670 2479 799 2533 huic
840 2483 1118 2536 succedat.
1151 2482 1304 2539 Patet
1346 2488 1489 2541 enim
1528 2490 1959 2545 maledictionem

381 2564 497 2620 dici
526 2582 624 2636 pro
655 2585 815 2638 paena
857 2580 912 2626 et
940 2589 1312 2630 a-rumnarum
1353 2580 1722 2647 experimento
1754 2603 1768 2637 :
1801 2585 1958 2639 bene-

383 2657 684 2715 dictionem
734 2678 886 2727 vero,
948 2680 1046 2734 pro
1108 2667 1376 2721 bonorum
1427 2669 1705 2727 fruitione.
1762 2675 1962 2740 Quam-

387 2749 578 2804 obrem
615 2752 696 2806 sic
718 2756 1085 2810 sacerdotium
1119 2775 1338 2828 quoque
1363 2764 1618 2830 appellat,
1651 2780 1748 2818 ceu
1791 2766 1964 2819 bono-

391 2855 513 2894 rum
543 2842 842 2898 multorum
869 2862 1090 2902 causam
1126 2858 1239 2902 tum
1271 2852 1355 2906 his
1377 2853 1468 2920 qui
1499 2855 1629 2908 illud
1661 2860 1959 2925 possident,

384 2938 506 2986 tum
548 2934 714 2989 etlam
767 2937 878 2994 illis
927 2954 1160 3008 quorum
1212 2943 1387 3011 gratia
1431 2944 1486 2998 id
1540 2952 1777 3002 exerceri
1827 2968 1961 3004 t'ntt-

384 3027 571 3098 tingit.

458 3206 628 3264 Vens.
661 3210 716 3274 5,
750 3212 804 3265 4.
832 3242 904 3251 -
937 3211 1140 3268 Deinde
1172 3215 1243 3270 ob
1274 3218 1447 3288 magis
1475 3218 1961 3278 demonstrandam

385 3299 818 3371 indignationem
877 3320 1056 3370 suam,
1093 3324 1111 3358 ι
1149 3306 1290 3361 Ecce
1348 3323 1469 3379 ego,
1526 3311 1623 3376 ait,
1675 3315 1960 3383 projiciam

391 3389 714 3454 humerum,
775 3401 829 3446 et
869 3396 1176 3467 dispergam
1241 3402 1606 3455 ventriculum
1676 3404 1732 3457 in
1793 3403 1963 3460 facies

388 3490 624 3550 vestras,
647 3494 702 3540 et
729 3487 1024 3555 suscipiam
1064 3505 1160 3544 vos
1188 3490 1240 3544 in
1267 3490 1318 3545 id
1355 3494 1558 3562 ipsum.
1595 3514 1615 3548 ι
1649 3495 1960 3553 Mandatum

388 3581 508 3626 erat
537 3589 568 3629 a
595 3575 732 3646 lege,
775 3586 832 3630 ut
873 3580 1029 3647 quasi
1071 3581 1306 3636 electum
1334 3585 1578 3654 aliquod,
1613 3600 1963 3659 separaretur

391 3664 504 3722 Deo
534 3667 816 3724 humerus.
862 3669 1022 3725 Haud
1066 3673 1209 3727 uitra
1256 3675 1419 3745 igitur
1452 3694 1520 3733 ne
1548 3679 1652 3734 hoc
1684 3682 1901 3750 quidem
1933 3699 1962 3736 a

392 3759 547 3814 vobis
609 3762 907 3831 recipiam;
967 3767 1168 3820 etenim
1228 3769 1378 3822 nulla
1433 3783 1493 3824 re
1537 3785 1638 3840 ego
1689 3773 1960 3842 indigens,

389 3854 647 3911 utilitatis
683 3867 880 3912 vestra:
911 3862 1084 3929 gratia
1112 3863 1191 3917 sic
1223 3862 1339 3918 ﬁeri
1371 3865 1781 3921 constitueram.
1807 3865 1963 3920 Nunc

389 3954 573 4004 autem
603 3949 731 4018 quia
760 3958 970 4006 tantum
1001 3953 1108 4008 mei
1148 3965 1523 4026 contemptum
1564 3958 1874 4020 ostenditis,
1908 3967 1966 4011 ut

353 4027 480 4095 'me
519 4056 582 4097 re
639 4042 732 4096 tali
788 4044 1055 4101 honorare
1097 4048 1322 4116 putetis,
1373 4049 1661 4104 humerum
1705 4050 1963 4102 nimirum

393 4133 528 4186 mihi
571 4132 866 4199 offerendo,
910 4138 1066 4193 vobis
1109 4138 1256 4193 hunc
1300 4147 1572 4210 retroago,
1611 4147 1670 4194 ut
1719 4141 1966 4209 indigna-

390 4223 558 4279 tionis
600 4240 734 4278 mem
785 4236 1168 4297 argumentum
1223 4229 1379 4285 vobis
1419 4231 1726 4286 exhibeam.
1778 4229 1964 4284 Sinam

391 4331 524 4371 vero
554 4331 652 4372 vos
683 4317 786 4371 hoc
812 4318 977 4372 etiam
1002 4320 1151 4374 vesci
1185 4337 1309 4374 eum
1341 4321 1657 4375 animalium
1691 4332 1964 4389 stercore;

389 4412 652 4478 quoniam
714 4411 818 4465 hoc
864 4425 893 4463 a
949 4410 1107 4466 vobis
1171 4413 1226 4465 in
1291 4412 1730 4467 solemnitatibus
1789 4413 1970 4467 oﬂerri

389 4501 620 4571 dignum
641 4513 746 4566 est,
779 4518 919 4572 quas
942 4503 1187 4573 nequitia
1209 4504 1488 4574 polluitis;
1511 4520 1967 4575 communemque

356 4580 359 4582 ’
394 4591 465 4645 ob
515 4607 578 4646 ea
637 4607 760 4662 quae
797 4592 990 4663 egistis
1041 4607 1258 4663 pmnam
1295 4593 1586 4648 adducam.
1621 4592 1677 4648 id
1707 4595 1851 4648 enim
1893 4596 1966 4647 si-

392 4683 647 4754 gniﬁcant
701 4686 942 4747 verba,t
973 4685 1267 4755 suscipiam
1331 4701 1428 4741 vos
1480 4685 1534 4738 in
1587 4685 1642 4739 id
1693 4687 1893 4756 ipsum.
1935 4706 1954 4738 ι

399 4793 422 4826 ι
459 4777 519 4829 Et
569 4776 774 4839 scietis,
811 4776 959 4845 quod
1001 4790 1104 4846 ego
1155 4775 1419 4830 Dominus
1465 4776 1710 4831 miserim
1765 4776 1833 4830 ad
1872 4791 1968 4832 vos

395 4878 727 4938 praeceptum
772 4869 895 4931 hoc,
934 4875 995 4922 ut
1045 4876 1193 4923 esset
1247 4875 1638 4923 testamentum
1684 4883 1863 4924 meum
1901 4871 1968 4922 ad

397 4962 610 5022 levitas,
643 4960 778 5014 dicit
810 4960 1073 5015 Dominus
1102 4961 1468 5030 omnipotens.
1511 4981 1529 5012 ι
1564 4961 1717 5015 Tunc
1745 4977 1810 5016 ex
1845 4977 1970 5016 cor-

397 5051 628 5121 ripiente
648 5051 810 5121 372
837 5067 932 5105 vos
966 5053 1262 5121 ignominia
1304 5067 1573 5128 pmnaque
1599 5062 1856 5108 accurate
1884 5068 1974 5106 co-

397 5142 672 5212 gnoscetis
697 5150 1038 5212 potentatum
1069 5143 1434 5212 virtutemque
1477 5159 1683 5205 meam;
1732 5154 1785 5198 et
1823 5144 1968 5213 quod

399 5248 499 5302 ego
526 5235 663 5288 bene
701 5233 935 5288 faciendi
974 5233 1130 5288 vobis
1161 5248 1327 5288 causa
1365 5235 1477 5303 jam
1524 5234 1648 5289 inde
1697 5235 1766 5288 ah
1812 5236 1970 5290 initio

400 5325 469 5377 ad
502 5321 896 5378 sacerdotalem
940 5323 1113 5377 extuli
1137 5323 1493 5393 dignitatem;
1542 5325 1654 5378 haec
1687 5325 1968 5380 vobiscum

401 5413 609 5469 fmdera
656 5427 1014 5483 componens,
1071 5425 1126 5466 ut
1178 5429 1442 5469 concesso
1500 5430 1530 5467 a
1585 5432 1670 5471 me
1731 5416 1972 5473 fruentes

404 5505 635 5565 honore,
663 5510 862 5557 cuncta
895 5501 961 5556 ad
997 5501 1287 5556 utilitatem
1326 5502 1560 5572 ageretis
1600 5503 1818 5559 illorum
1846 5519 1973 5574 pro-

406 5604 522 5667 pter
559 5609 698 5666 quos
745 5593 1115 5650 sacerdotium
1158 5594 1374 5648 tenetis.
1437 5591 1546 5647 Vos
1592 5610 1720 5649 vero
1767 5596 1972 5650 nullius

404 5689 520 5744 hac
558 5687 713 5760 pensi
745 5687 1037 5752 habuistis.
1068 5687 1160 5743 scd
1195 5687 1378 5757 datum
1415 5686 1565 5740 vobis
1609 5687 1973 5743 conculcastis

2063 479 2124 532 οὺ
2161 479 2473 551 προσάγων,
2513 479 2714 548 φαῦλον
2743 479 2803 534 δέ
2841 498 2894 533 τι
2939 480 3031 535 καὶ
3062 479 3459 551 διεφθαρμένον
3495 480 3640 534 θύων

2063 571 2144 642 τῷ
2175 571 2314 642 Θεῷ,
2350 572 2453 642 τῆς
2497 573 2732 643 ἐσχάτης
2773 572 2919 637 ἄξιός
2963 574 3078 625 ἐστι
3121 574 3416 644 τιμωρίας·
3449 575 3637 646 ἐπειδὴ

2062 663 2182 728 Θεῷ
2214 663 2432 717 πάντων
2463 663 2816 734 βασιλεύοντι,
2849 665 2942 718 καὶ
2971 662 3120 734 παρά
3141 665 3304 716 πᾶσιν
3331 661 3639 734 ἀνθρώποις

2063 755 2267 825 ὁμοίως
2315 755 2409 807 ἐπὶ
2435 754 2514 825 τῷ
2545 754 2764 824 μεγέθει
2797 755 2895 825 τῆς
2934 757 3140 819 οἰκείας
3182 755 3509 826 ὲγνωσμένῳ
3534 759 3638 826 φύ-

2067 861 2224 908 σεως,
2260 844 2505 915 εὐπορῶν
2535 839 2610 899 ὧν
2645 846 2743 912 δεῖ,
2784 846 3048 915 προσάγει
3081 847 3150 900 τὰ
3180 847 3255 918 μὴ
3286 847 3535 901 τοιαῦτα.

2691 983 2848 1037 ΚΕΦ.
2889 983 2964 1036 B'.

2139 1114 2290 1184 Στίχ.
2333 1121 2406 1178 α’,
2437 1114 2501 1185 β’.
2533 1144 2601 1155 -
2644 1133 2664 1166 ι
2703 1115 2814 1168 Καὶ
2861 1112 2956 1168 νῦν
3000 1116 3035 1186 ή
3080 1111 3268 1184 ἐντολὴ
3313 1111 3450 1182 αὕτη
3501 1115 3638 1186 πρὸς

2065 1209 2210 1278 ὑμᾶς
2231 1246 2246 1271 ,
2265 1205 2512 1277 οίίερεῖς·
2530 1204 2658 1261 Ἐὰν
2672 1205 2745 1278 μὴ
2756 1202 3026 1274 ἀκούσητε
3036 1203 3130 1255 καὶ
3145 1201 3239 1255 ἐὰν
3257 1200 3330 1272 μὴ
3373 1204 3531 1258 θέσθε
3558 1207 3639 1267 εἰς

2061 1299 2161 1369 τὴν
2195 1297 2422 1370 καρδίαν
2466 1297 2622 1369 ὑμῶν
2660 1297 2724 1351 τδ
2749 1295 2935 1351 δοῦναι
2964 1296 3121 1363 δόξαν
3145 1296 3223 1366 τῷ
3259 1296 3480 1367 ὀνόματί
3509 1300 3638 1366 μου,

2061 1391 2208 1460 λέγει
2264 1391 2469 1462 Κύριος
2531 1389 2952 1462 παντοκράτωρ·
3008 1389 3103 1442 καὶ
3152 1389 3496 1455 ἐξαποστελῶ
3550 1390 3639 1456 ἐφ’

2063 1482 2208 1552 ὑμᾶς
2246 1481 2345 1552 τὴν
2392 1481 2657 1552 κατάραν,
2701 1482 2796 1534 καὶ
2843 1481 3318 1550 ὲπικαταράσομαι
3354 1478 3452 1548 τὴν
3482 1477 3638 1530 εὐλο-

2061 1576 2185 1644 γίαν
2213 1576 2385 1644 ὐμῶν,
2418 1575 2510 1628 καὶ
2540 1574 2918 1645 καταράσομαι
2951 1573 3138 1641 αὐτὴν,
3168 1573 3262 1624 καὶ
3300 1570 3640 1623 ὃιασκεδάσω

2062 1671 2162 1736 τὴν
2192 1667 2440 1734 εὐλογίαν
2467 1666 2618 1736 ὑμῶν
2641 1684 2656 1697 ·
2685 1665 2779 1719 καὶ
2809 1666 2910 1718 οὐκ
2930 1665 3082 1718 ἔσται
3101 1667 3159 1717 ὲν
3181 1664 3333 1732 ὑμῖν,
3366 1663 3448 1714 ὃτι
3477 1663 3640 1732 ὑμεῖς

2062 1757 2122 1809 οὐ
2157 1755 2367 1809 τίθεσθε
2399 1755 2488 1808 ἐπὶ
2529 1755 2748 1826 καρδίας
2788 1756 2959 1824 ὑμῶν.
3003 1774 3021 1806 ι
3057 1763 3133 1824 (p.
3169 1753 3293 1821 547)
3337 1752 3498 1806 Ἀλλά
3527 1751 3644 1823 γάρ

2065 1847 2174 1899 ἰδοὺ
2225 1845 2397 1899 ταῦτα
2441 1847 2566 1916 περὶ
2616 1845 2769 1916 ὑμῶν
2822 1844 3188 1915 ἀποφαίνομαι
3232 1843 3343 1897 τῶν
3395 1844 3489 1895 ἐπὶ
3533 1843 3642 1911 τῆς

2063 1935 2345 2006 ἱερατικῆς
2395 1933 2749 1990 καθεστώτων
2803 1935 3176 2005 λειτουργίας’
3211 1935 3293 1986 ὅτι
3332 1933 3380 1986 εἰ
3415 1930 3491 2003 μὴ
3541 1930 3644 1983 νῦν

2061 2028 2192 2096 γοῦν
2225 2027 2567 2098 βουληθείητε
2600 2027 2800 2097 σπουδῇ
2847 2029 2956 2090 τοῖς
2999 2028 3127 2097 παρ’
3155 2024 3288 2096 ἐμοῦ
3325 2023 3643 2092 λεγομένοις

2064 2121 2370 2190 προσέχειν,
2402 2119 2496 2172 καὶ
2549 2122 2616 2190 τῇ
2660 2120 2758 2189 τῆς
2799 2117 3136 2189 λειτουργίας
3195 2115 3483 2185 ἐπιμελείᾳ
3539 2116 3643 2183 τὴν

2063 2211 2440 2282 προσήκουσάν
2489 2227 2546 2263 τε
2581 2210 2675 2263 καὶ
2719 2209 3073 2279 ὀφειλομένην
3118 2208 3375 2260 ἀποτῖσαι
3403 2205 3482 2274 τῷ
3517 2203 3643 2274 Θεῷ

2060 2303 2237 2367 δόξαν,
2276 2303 2534 2374 μεγίστην
2559 2303 2687 2374 ὑμῖν
2707 2302 2892 2369 ἐπάξω
2909 2301 3197 2371 τιμωρίαν.
3225 2301 3319 2352 καὶ
3353 2299 3452 2370 τὴν
3471 2301 3642 2369 τιμὴν

2059 2394 2120 2447 δὲ
2155 2393 2358 2464 ταύτην
2403 2389 2469 2464 ἦς
2522 2393 2823 2447 ἀπολαύετε
2861 2392 2976 2457 νῦν,
3027 2394 3110 2457 είς
3159 2393 3381 2462 ἀτιμίαν
3429 2408 3490 2444 τε
3545 2393 3645 2444 καὶ

2063 2488 2258 2556 πεῖραν
2295 2487 2617 2557 μεταστήσω
2651 2489 2858 2550 κακῶν,
2897 2482 3079 2539 πᾶσάν
3100 2503 3160 2538 τε
3190 2484 3343 2554 ὑμῶν
3373 2485 3472 2554 τὴν
3497 2485 3643 2554 ἱερα-

2061 2581 2218 2649 τικὴν
2244 2578 2428 2647 ἀφελῶ
2458 2580 2644 2648 τιμὴν,
2669 2579 2742 2642 ὡς
2780 2579 2983 2648 μηδένα
3015 2579 3074 2643 ἐξ
3101 2578 3255 2649 ὑμῶν
3287 2577 3366 2630 ἔτι
3398 2577 3646 2646 διάδοχον

2063 2673 2160 2741 τῆς
2197 2670 2351 2734 ἀξίας
2383 2669 2634 2738 γενέσθαι
2668 2669 2870 2738 ταύτης
2897 2686 2910 2698 ·
2943 2668 3162 2740 εὔδηλον
3220 2668 3329 2740 γάρ
3368 2670 3449 2721 ὅτι
3508 2687 3644 2722 κατ-

2063 2763 2198 2832 άραν
2218 2762 2316 2831 μὲν
2341 2761 2436 2830 τὴν
2462 2761 2728 2831 τιμωρίαν
2759 2759 2927 2828 λέγει,
2946 2761 3036 2813 καὶ
3068 2761 3162 2829 τὴν
3188 2763 3379 2830 πεῖραν
3407 2761 3512 2812 τῶν
3542 2777 3644 2813 κα-

2064 2853 2203 2906 κῶν·
2244 2853 2489 2920 εὐλογίαν
2518 2852 2598 2918 δὲ,
2633 2852 2743 2903 τῶν
2781 2852 2999 2919 ἀγαθῶν
3026 2853 3126 2922 τὴν
3157 2852 3452 2905 ἀπόλαυσιν
3473 2868 3487 2882 ο
3515 2853 3644 2904 ὅθεν

2063 2944 2203 2998 οὓτω
2231 2945 2325 2998 καὶ
2356 2945 2453 3015 τὴν
2489 2943 2786 3014 ἱερωσύνην
2828 2944 3103 3012 ὀνομάζει.
3136 2944 3210 3006 ὼς
3243 2943 3456 2996 πολλῶν
3497 2945 3633 3010 ἀγα-

1990 3066 2033 3122 C
2067 3039 2172 3090 θῶν
2200 3039 2378 3090 αἰτίαν
2409 3041 2519 3100 τοῖς
2551 3055 2612 3089 τε
2633 3037 2814 3106 έχουσι
2847 3039 2938 3091 καὶ
2969 3041 3079 3100 τοῖς
3108 3037 3247 3108 ὑπὲρ
3270 3031 3344 3090 ὧν
3376 3037 3646 3090 ἐπιτελεῖ-

2067 3131 2189 3184 σθαι
2222 3131 2534 3200 συμδέϐηκε
2562 3131 2782 3201 ταύτην.

2137 3221 2283 3290 Στίχ.
2315 3220 2383 3288 γ’,
2405 3221 2552 3273 δ’.-
2580 3215 2712 3273 Εἶτα
2746 3220 2826 3282 εἰς
2859 3218 3076 3288 μείζονα
3104 3217 3322 3283 ἔνδειξιν
3344 3218 3443 3287 τῆς
3473 3219 3646 3287 ἀγαν-

2065 3315 2347 3383 ακτήσεως
2376 3313 2474 3382 τῆς
2504 3311 2708 3374 οἰκείας
2728 3331 2771 3362 ·ι
2811 3311 2943 3364 Ἰδοὺ
2993 3309 3102 3379 ἐγὼ
3124 3312 3364 3380 ἀφορίζω
3395 3312 3522 3382 ὑμῖν
3554 3312 3646 3366 τὸν

2065 3398 2236 3473 ὦμον,
2267 3404 2360 3457 καὶ
2387 3403 2632 3474 σκορπιῶ
2664 3402 2920 3476 ἔνυστρον
2945 3402 3038 3454 ἐπὶ
3071 3403 3137 3456 τά
3169 3403 3435 3473 πρόσωπα
3465 3404 3643 3471 ὑμῶν,

2065 3496 2160 3548 καὶ
2177 3494 2417 3565 λήψομαι
2437 3495 2581 3564 ὑμᾶς
2611 3496 2691 3557 είς
2707 3495 2768 3546 τὸ
2794 3493 2944 3547 αὐτό.
2972 3512 2990 3544 ι
3014 3493 3452 3562 Κεκελευσμένον
3483 3489 3555 3563 ἦν
3593 3496 3648 3545 ὲν

2065 3585 2144 3657 τῷ
2177 3588 2326 3658 νόμῳ
2351 3585 2425 3649 ὥς
2456 3604 2508 3638 τι
2540 3587 2814 3658 ἐξαίρετον
2846 3587 2909 3638 ὲκ
2935 3583 3042 3638 τῶν
3064 3584 3264 3637 θυσιῶν
3292 3585 3648 3655 ἀφαιρεῖσθαι

2065 3679 2143 3750 τῷ
2159 3679 2276 3748 Θεῷ
2291 3679 2381 3732 τὸν
2401 3671 2570 3749 ὧμοψ
2589 3677 2784 3732 Οὐκέτι
2797 3676 3098 3748 οὖν,φησὶν,
3117 3675 3237 3728 οὐδὲ
3257 3674 3543 3739 τοῦτοδέξο
3550 3692 3648 3744 μαι

2068 3773 2196 3841 παρ’
2214 3772 2386 3841 ὐμῶν,
2402 3771 2526 3822 ἐπεὶ
2547 3769 2708 3840 μηδὲν
2722 3769 2974 3841 δεόμενος
2993 3769 3072 3830 είς
3088 3766 3354 3836 ὠφέλειαν
3371 3765 3648 3836 ὑμετέραν

2065 3862 2396 3932 διεταξάμην
2444 3860 2587 3912 οὕτω
2629 3858 2904 3927 γίνεσθαι⁸
2947 3857 3132 3929 ἐπειδὴ
3162 3856 3219 3909 δὲ
3256 3857 3314 3910 ἐν
3369 3855 3648 3916 τοσούτοις

2065 3953 2165 4024 τὴν
2193 3947 2320 4023 περὶ
2355 3953 2455 4022 ἐμὲ
2486 3951 2792 4014 δεικνύντες
2816 3950 3116 4020 ἀμέλειαν,
3147 3948 3321 4017 τούτῳ
3355 3964 3424 4011 με
3463 3945 3647 3999 οἴεσθε

2065 4046 2252 4115 τιμᾷν,
2282 4043 2360 4114 τῷ
2393 4043 2487 4096 τὸν
2516 4037 2665 4113 ὦμον
2703 4043 2958 4112 ἀφαιρεῖν
2993 4058 3102 4111 μοι,
3137 4041 3265 4110 ὑμῖν
3305 4039 3466 4094 αὐτὸν
3503 4039 3643 4092 ἀπο-

2068 4136 2304 4206 στρέφω,
2333 4135 2430 4205 τῆς
2453 4136 2881 4205 ἀγανακτήσεως
2903 4133 3121 4202 ἔλεγχον
3152 4131 3522 4202 παρεχόμενος
3547 4131 3648 4202 τῆς

2067 4228 2232 4298 ἐμῆς·
2269 4226 2413 4280 ἐάσω
2449 4227 2503 4278 δὲ
2534 4227 2677 4296 ὑμᾶς
2706 4223 3050 4294 καρποῦσθαι
3079 4221 3354 4275 καὶτοῦτο
3383 4221 3523 4291 μετά
3545 4223 3648 4291 τῆς

2068 4319 2272 4390 κόπρου
2300 4316 2407 4371 τῶν
2435 4316 2588 4380 ζώων
2607 4331 2619 4345 ·
2656 4317 2841 4386 ἐπειδὴ
2868 4315 3026 4369 τοῦτο
3046 4315 3172 4383 ὑμῖν
3202 4314 3260 4366 ἐν
3293 4315 3412 4375 ταῖς
3431 4314 3647 4381 ἑορταῖς

2009 4412 2051 4466 D
2077 4409 2443 4480 προσάγεσθαι
2472 4408 2696 4479 πρέπον,
2722 4407 2797 4478 (p.
2823 4407 2948 4477 548)
2969 4405 3035 4470 ἃς
3059 4408 3124 4476 τῇ
3151 4404 3318 4475 κακίᾳ
3337 4402 3446 4456 τῶν
3472 4421 3648 4476 πρατ-

2067 4501 2306 4571 τομένων
2340 4499 2616 4571 μολύνετε,
2652 4501 2837 4569 κοινήν
2868 4515 2931 4551 τε
2966 4497 3168 4552 ἅπασιν
3203 4497 3330 4568 ὑμῖν
3363 4496 3460 4565 τὴν
3503 4495 3645 4565 ὑπὲρ

2067 4593 2174 4646 τῶν
2206 4593 2593 4664 πραττομένων
2639 4589 2826 4655 ἐπάξω
2853 4591 3152 4662 τιμωρίαν·
3188 4587 3345 4642 τοῦτο
3389 4587 3498 4658 γάρ
3527 4576 3646 4640 ἐστι

2068 4685 2179 4748 τδ,‹
2209 4683 2448 4754 λήψομαι
2475 4684 2619 4753 ὑμᾶς
2637 4684 2716 4746 εἰς
2741 4683 2802 4735 τὸ
2830 4680 2978 4735 αὐτό.
3004 4698 3127 4732 ι-ι
3152 4679 3259 4733 Καὶ
3276 4677 3646 4747 ἐπιγνώσεσθε

2068 4773 2200 4827 διότι
2233 4772 2343 4841 ἐγὼ
2377 4772 2581 4844 Κύριος
2628 4771 3005 4838 ὲξαπέσταλκα
3039 4771 3173 4843 πρὸς
3201 4771 3347 4842 ὑμᾶς
3373 4771 3472 4841 τὴν
3497 4771 3646 4822 ἐντο-

2069 4865 2166 4935 λὴν
2195 4864 2416 4934 ταύτην,
2450 4863 2545 4917 τοῦ
2585 4860 2725 4919 εἶναι
2762 4865 2861 4935 τὴν
2905 4863 3169 4933 διαθήκην
3201 4879 3302 4931 μου
3341 4861 3477 4932 πρὸς
3518 4862 3644 4922 τοὺς

2069 4957 2317 5020 Λευῒτας,
2352 4956 2501 5024 λέγει
2535 4956 2736 5027 Κύριος
2764 4955 3178 5025 παντοκράτωρ.
3212 4972 3230 5004 ι
3274 4953 3407 5005 Τότε
3447 4954 3513 5004 ὲκ
3546 4951 3642 5021 τῆς

2071 5050 2489 5120 περιγινομένης
2521 5049 2650 5120 ὑμῖν
2683 5048 2906 5119 ἀτιμίας
2933 5065 2992 5100 τε
3033 5046 3126 5098 καὶ
3153 5044 3422 5116 τιμωρίας
3452 5043 3642 5113 αἰσθή-

2073 5141 2228 5192 σεσθε
2257 5139 2498 5211 ἀκριϐῶς
2522 5142 2620 5210 τῆς
2639 5157 2697 5193 τε
2719 5140 2966 5205 ἐξουσίας
2997 5137 3090 5191 καὶ
3112 5137 3209 5208 τῆς
3237 5137 3519 5206 δυνάμεως
3547 5136 3642 5204 τῆς

2071 5235 2235 5304 ἐμῆςο
2272 5235 2364 5287 καὶ
2385 5235 2468 5287 ὅτι
2508 5232 2618 5302 ἐγὼ
2651 5233 2749 5303 μὲν
2783 5232 3020 5286 εὐποιεῖν
3063 5231 3207 5301 ὑμᾶς
3239 5227 3555 5299 βουλόμενος
3584 5228 3639 5292 ἐξ

2070 5325 2242 5395 ἀρχῆς
2280 5327 2358 5387 εἰς
2388 5324 2486 5396 τὴν
2522 5323 2798 5395 ἱερατικὴν
2830 5323 3149 5395 παρήγαγον
3178 5321 3356 5386 ἀξίαν,
3391 5319 3638 5381 τοιαύτας

2072 5417 2222 5478 τινάς
2250 5414 2474 5485 θέμενος
2500 5415 2638 5486 πρὸς
2663 5415 2807 5484 ὑμᾶς
2830 5415 2930 5477 τὰς
2960 5413 3250 5484 συνθήκας,
3281 5414 3366 5466 ἵνα
3391 5411 3489 5481 τῆς
3511 5410 3636 5478 παρ’

2073 5505 2207 5576 ἐμοῦ
2240 5505 2484 5575 δοθείσης
2513 5505 2872 5569 ἀπολαύοντες
2907 5505 3093 5576 τιμῆς,
3127 5503 3342 5559 ἅπαντα
3375 5503 3509 5574 πρὸς
3544 5501 3635 5567 τὴν

2075 5598 2295 5652 ἐκείνων
2325 5598 2590 5668 ὠφέλειαν
2629 5599 2814 5668 ποιῆτε
2852 5597 2992 5666 ὑπὲρ
3023 5587 3099 5650 ὧν
3134 5595 3319 5666 μέτιτε
3345 5595 3441 5665 τὴν
3486 5594 3636 5661 ἱερω-

2078 5687 2266 5758 σύνην·
2305 5689 2462 5759 ὑμεῖς
2509 5689 2564 5742 δὲ
2601 5687 2790 5743 οὐδένα
2838 5687 3038 5744 τούτων
3089 5685 3414 5759 ἐποιήσασθε
3467 5677 3635 5745 λόγον.
