3856 6226
212 291 334 340 ϐθᾏ

1169 292 1722 350 COMMENTARIUS
1761 290 1827 346 IN
1849 289 2226 346 MALACHIE
2255 291 2409 346 CAP.
2452 290 2516 345 ll.

3375 291 3479 346 61')

207 406 352 458 ἀλλὰ
373 405 470 473 τῆς
500 421 557 456 τε
585 403 828 472 δοθείσης
857 406 983 474 ύμῖν
1012 407 1292 477 ὑπερίδετε
1323 411 1510 478 τιμῆς,
1538 413 1632 462 καὶ
1658 407 1792 476 ἀμε-

1915 420 2182 467 mllOl‘elll,
2233 421 2524 474 meumque
2592 405 2959 459 ministerium
3015 404 3270 460 socordia
3337 409 3488 456 tanta

206 496 334 568 λείᾳ
363 495 598 568 τοσαύτῃ
624 497 721 568 τὴν
748 498 886 568 ἐμὴν
915 498 1331 569 παραδεδώκατε
1359 500 1722 570 λειτουργίαν.

286 587 434 657 Στίχ.
460 587 596 651 ε’-ζ’.
629 617 699 626 -
726 583 857 639 Εἶτα
910 587 1098 658 ἐπειδὴ
1134 588 1204 640 τὰ
1250 590 1348 659 τῆς
1391 591 1686 660 ἱερωσύνης
1734 591 1798 640 ἐκ

209 678 310 730 τοῦ
351 677 558 748 Ἀαρὼν
596 677 714 744 εἴλη
729 695 787 746 ps
819 678 914 748 τὴν
938 678 1144 749 ἀρχὴν,
1176 679 1234 742 ὃς
1261 679 1475 750 πρῶτος
1512 681 1798 748 ἀρχιερεὺς

214 771 360 824 κατά
388 771 535 824 θείαν
580 771 846 840 προϐολὴν
894 770 1208 841 ἀπεδείχθη,
1244 772 1472 840 ἐπάγει’
1511 793 1529 823 ι
1579 773 1642 825 Ἠ
1681 772 1798 826 δια-

214 864 362 932 θήκη
396 879 498 932 μου
528 857 595 934 ἦν
629 862 746 932 μετ’
767 861 932 914 αὐτοῦ
962 863 1062 930 τῆς
1095 862 1238 932 ζωῆς
1282 862 1376 916 καὶ
1403 863 1505 931 τῆς
1539 864 1761 933 εἰρήνης
1782 879 1796 893 ·

215 953 316 1004 καὶ
358 951 532 1004 ἔδωκα
559 950 708 1020 αὐτῷ
733 951 897 1021 φόϐον
927 951 1207 1020 φοϐεῖσθαί
1238 970 1326 1021 με.
1363 955 1454 1005 καὶ
1484 953 1592 1006 ἀπὺ
1631 971 1800 1024 προσ-

221 1043 378 1095 ώπου
419 1042 678 1112 ὀνόματός
741 1060 840 1113 μου
888 1043 1198 1096 στέλλεσθαι
1237 1045 1431 1097 αὐτόν⁸
1476 1045 1636 1114 νόμος
1665 1045 1799 1116 άλη-

219 1135 372 1198 θείας
400 1130 467 1205 ἦν
485 1137 542 1187 ἐν
571 1131 648 1203 τῷ
670 1133 896 1203 στόματι
925 1134 1110 1198 αὐτοῦ,
1142 1136 1236 1188 καὶ
1261 1136 1442 1188 ἀδικία
1467 1137 1564 1205 οὐχ
1593 1137 1800 1208 ηὑρέθη

219 1231 279 1280 ἐν
319 1227 550 1297 χείλεσιν
582 1225 775 1278 αὐτοῦ·
807 1228 864 1278 ἐν
909 1227 1099 1297 εἰρήνῃ
1150 1227 1489 1280 κατευθύνων
1531 1229 1799 1299 ἐπορεύθη

223 1317 344 1388 μετ’
373 1315 530 1386 ἐμοῦ,
557 1316 648 1368 καί
678 1315 901 1378 πολλοὺς
929 1317 1272 1386 ἀπέστρεψεν
1305 1319 1412 1370 ἀπὸ
1444 1319 1656 1382 ἀδικίας
1678 1337 1691 1350 ·
1723 1321 1805 1373 ὅτι

218 1404 377 1474 χείλη
411 1405 597 1475 ἱερέως
633 1403 928 1472 φυλάξεται
971 1406 1192 1472 γνῶσιν,
1233 1413 1306 1476 (p.
1336 1409 1462 1467 549)
1504 1410 1596 1464 καὶ
1643 1411 1802 1481 νόμον

223 1496 619 1566 ἐκζητήσωσιν
665 1497 729 1548 ἐκ
761 1495 854 1549 τοῦ
903 1497 1169 1566 στόματος
1217 1499 1404 1565 αὑτοῦ,
1451 1501 1532 1554 ὅτι
1577 1501 1804 1570 ἄγγελος

223 1586 430 1656 Κυρίου
458 1585 894 1656 παντοκράτορος
920 1588 1057 1639 ἐστι.
1093 1611 1111 1638 ι
1152 1587 1388 1642 Ἐκεῖνον
1409 1590 1538 1658 γοῦν
1566 1593 1802 1662 πρῶτον,

223 1683 413 1752 φησὶν,
447 1679 852 1748 ἐπιλεξάμενος,
883 1679 1154 1750 συνθήκας
1200 1681 1337 1751 πρὸς
1375 1682 1537 1734 αὐτὸν
1577 1684 1801 1755 ἐθέμην,

221 1771 693 1845 ἐπαγγειλάμενος
737 1771 837 1845 μὲν
867 1770 1016 1841 αὐτῷ
1051 1772 1142 1824 καὶ
1172 1772 1318 1843 ζωῆς
1350 1777 1567 1845 μακρᾶς
1607 1778 1700 1829 καὶ
1728 1781 1804 1831 εξ-

223 1868 397 1936 ρήνης
452 1865 768 1923 ἀπόλαυσιν.
818 1860 1078 1927 κελεύσας
1124 1861 1180 1915 δέ
1221 1864 1310 1916 τὸν
1365 1865 1525 1932 φόϐον
1564 1868 1657 1920 ἐπὶ
1704 1871 1805 1939 τῆς

222 1957 463 2020 διανοίας
495 1955 642 2026 ἔχειν
669 1958 761 2009 τόν
792 1956 944 2026 ἐμὸν,
985 1958 1078 2010 καὶ
1117 1954 1256 2026 μετᾶ
1298 1955 1489 2012 πολλοῦ
1525 1958 1618 2010 τοῦ
1656 1960 1806 2023 δέους

224 2051 324 2102 καὶ
351 2047 448 2119 τὴν
487 2051 708 2118 μνήμην
743 2046 1011 2100 ποιεῖσθαι
1044 2048 1140 2118 τὴν
1177 2049 1344 2120 ἐμήν·
1383 2049 1714 2120 ἠκολούθησε
1748 2051 1804 2104 δέ

224 2143 337 2212 ᾂρα
367 2140 463 2194 καὶ
490 2140 558 2194 τά
590 2140 718 2210 παρ’
755 2139 965 2192 ἐκείνου
1004 2140 1278 2210 πρέποντα
1311 2143 1376 2210 τῇ
1416 2144 1546 2212 τιμῇ
1581 2145 1642 2210 τῇ
1673 2143 1803 2213 παρ’

226 2231 395 2302 ἐμοῦ·
427 2229 615 2300 ἐπειδὴ
650 2228 861 2281 τέθεικε
913 2229 1012 2298 μὲν
1054 2228 1230 2298 ἐαυτῷ
1272 2229 1432 2300 νόμον
1477 2230 1574 2282 τοῦ
1618 2229 1716 2300 ζῇν
1746 2248 1804 2282 τε

228 2325 329 2378 σὺν
354 2321 601 2394 ἀληθείᾳ,
625 2321 717 2374 καὶ
743 2321 886 2374 ἆπαν
908 2319 1345 2392 ἀποστρέφεσθαι
1373 2320 1591 2389 ψεῦδος·
1612 2321 1805 2389 ἐφθέγ-

228 2413 358 2480 ξατο
375 2413 430 2466 δέ
457 2410 793 2466 οὐδεπώποτε
813 2409 996 2463 ἄδικον
1016 2409 1189 2469 οὐθὲν,
1222 2409 1332 2462 οὗθ’
1356 2410 1383 2461 ὃ
1406 2410 1607 2481 βλάϐης
1633 2411 1806 2464 αἴτιον

225 2508 341 2566 τοῖς
357 2503 462 2557 ὑπὸ
475 2503 572 2572 τὴν
596 2498 894 2572 ἱερωσύνην
914 2498 1158 2568 ἐγίγνετο
1179 2515 1192 2526 ’
1212 2499 1350 2564 ὑπὲρ
1364 2497 1420 2550 δέ
1445 2498 1649 2551 τούτων
1677 2499 1806 2552 ἀκο-

226 2597 434 2658 λούθως
463 2597 580 2657 ταῖς
613 2592 959 2660 ἐπαγγελίαις
987 2593 1105 2654 ταῖς
1137 2592 1318 2659 ἐμαῖς,
1351 2589 1510 2652 αὐτός
1539 2607 1598 2643 τε
1628 2591 1686 2644 ἐν
1723 2591 1803 2644 εί-

231 2691 373 2760 ρήνῃ
398 2685 666 2755 διῆγεν,ἐν
689 2683 866 2736 οὐδενὶ
885 2681 1101 2734 πώποτε
1116 2681 1252 2750 πρός
1275 2698 1340 2750 με
1356 2680 1803 2751 διενεχθεῖςψύδέ

225 2795 284 2834 τι
317 2777 426 2829 τῶν
452 2775 574 2846 ἐμοὶ
597 2772 1035 2844 διαπραξάμενος
1057 2771 1313 2825 ἐναντίων
1359 2771 1516 2824 τοῦτο
1536 2774 1642 2842 γὰρ
1658 2772 1808 2842 λέγει

225 2873 341 2932 τδ,ι
364 2870 422 2923 ἐν
440 2869 628 2940 εἰρήνῃ
654 2864 999 2920 κατευθύνων
1028 2863 1297 2935 ἐπορεύθη
1327 2864 1444 2934 μετ’
1480 2864 1612 2934 ἐμοῦ
1636 2883 1648 2895 ·
1674 2885 1691 2917 ι
1713 2866 1805 2918 καὶ

229 2963 458 3024 πολλοὺς
488 2960 543 3012 δὲ
574 2959 731 3020 ὅσους
761 2957 854 3010 ἐπί
875 2956 934 3009 τὸ
959 2957 1202 3026 κρεῖττον
1235 2957 1299 3008 ἐκ
1329 2955 1424 3008 τοῦ
1441 2957 1682 3026 χείρονος
1715 2959 1807 3009 ἐπ-

227 3054 431 3122 ανῆγεν
453 3067 466 3080 ·
502 3048 780 3118 συντόμως
813 3064 873 3098 τε
929 3046 1164 3105 εἰπεῖν,ὂ
1219 3045 1452 3115 μάλιστα
1499 3047 1704 3116 πρέπον
1735 3043 1802 3118 ἦν

231 3146 370 3216 ἱερεῖ
403 3141 772 3212 διεπράττετο,
820 3137 1085 3190 διδάσκων
1127 3136 1224 3206 μὲν
1271 3137 1368 3206 τῆς
1413 3137 1668 3208 ἀληθείας
1711 3139 1807 3210 τὴν

227 3236 454 3305 γνῶσιν,
493 3233 630 3304 πρὸς
670 3233 725 3286 δέ
760 3232 850 3284 τὸν
881 3231 1043 3300 νόμον
1072 3230 1162 3282 τὸν
1211 3229 1352 3282 θεῖον
1399 3230 1642 3294 ἅπαντας
1683 3235 1808 3295 τοὺς

230 3329 324 3381 ὑπ’
370 3326 530 3380 αὑτὸν
583 3324 897 3392 ἐπανάγων,
936 3322 1031 3375 καὶ
1066 3321 1330 3374 διδάσκων
1370 3322 1517 3385 ὅπως
1555 3321 1620 3375 ἂν
1647 3323 1808 3393 ἀσχο-

229 3421 406 3472 λοίντο
434 3416 666 3470 πάντοτε
697 3415 823 3486 περὶ
856 3413 1018 3468 αὐτόν
1036 3430 1049 3443 ·
1080 3413 1236 3465 τοῦτο
1263 3413 1371 3483 γὰρ
1399 3413 1587 3484 ἱερέως
1625 3413 1807 3484 ἔργον,

230 3507 466 3576 ἀγγέλου
495 3505 636 3568 τινὸς
671 3503 824 3570 τάξιν
852 3503 1066 3573 ἐπέχειν
1099 3503 1427 3568 τεταγμένου
1460 3505 1571 3566 τοῖς
1604 3503 1808 3568 λοιποῖς

231 3594 558 3667 ἀνθρώποις.
588 3594 681 3647 καὶ
706 3594 911 3655 πάντας
938 3592 1030 3643 ἐπὶ
1058 3593 1155 3661 τὴν
1185 3592 1384 3662 ἀρετὴν
1418 3593 1803 3658 ἐπανάγοντος,

230 3691 370 3759 ὅπερ
394 3683 486 3740 οῦν
518 3686 611 3739 καὶ
637 3687 749 3748 τοῖς
791 3683 1038 3751 ἀγγέλοις
1071 3683 1198 3752 περὶ
1231 3685 1377 3753 ἡμᾶς
1412 3683 1571 3756 ἔργον
1611 3691 1801 3740 ποιεῖν.

232 3780 452 3844 Ταύτας
484 3780 580 3850 μὲν
606 3777 670 3848 δὴ
700 3776 836 3848 πρὸς
867 3776 956 3828 τὸν
1005 3774 1218 3845 ’Λαρὼν
1258 3774 1459 3847 ἐθέμην
1491 3777 1590 3841 τὰς
1617 3781 1812 3851 συνθή-

1897 498 2168 567 gessistis.

1969 588 2137 644 V'stts.
2178 589 2292 643 5-7.
2328 619 2398 628 —
2426 589 2560 642 Exin
2595 589 2724 658 quia
2759 588 3129 644 sacerdotium
3165 606 3230 645 ex
3259 590 3482 646 Aarone

1903 681 2122 736 initium
2167 691 2405 750 ceperat,
2454 683 2545 751 qui
2601 683 2809 752 primus
2849 684 3094 752 pontifex
3134 683 3320 738 divina
3375 685 3483 738 ele-

1899 771 2079 825 ctione
2111 773 2398 841 processit,
2439 772 2795 841 prosequitur
2824 788 2836 821 :
2874 788 2891 820 ι
2932 770 3132 827 Foedus
3167 787 3348 825 meum
3380 771 3482 824 fuit

1899 879 2023 917 cum
2063 880 2128 919 eo
2172 864 2298 918 vitae
2351 874 2404 917 et
2461 864 2633 933 pacis,
2690 870 2745 916 et
2797 863 2964 916 indidi
3016 864 3062 916 ei
3119 863 3369 916 timorem
3422 872 3483 916 ιιι

1901 954 2120 1009 timeret
2149 971 2258 1014 me.
2283 964 2335 1009 et
2364 970 2395 1009 a
2421 954 2560 1009 facie
2584 955 2824 1008 nominis
2855 955 2957 1008 mei
2992 953 3331 1007 formidaret.
3371 951 3482 1007 Lex

1902 1046 2154 1101 veritatis
2190 1046 2293 1100 fuit
2344 1047 2401 1100 in
2455 1061 2551 1101 ore
2603 1047 2744 1114 ejus,
2806 1054 2858 1100 ct
2912 1045 3177 1113 iniquitas
3232 1059 3342 1097 non
3395 1053 3482 1098 est

1902 1136 2122 1190 inventa
2152 1136 2205 1190 in
2252 1137 2416 1190 labiis
2454 1136 2576 1204 ejus
2605 1153 2618 1188 :
2654 1137 2707 1189 in
2739 1149 2873 1204 pace
2905 1134 3150 1203 dirigens
3181 1134 3484 1188 ambulavit

1903 1239 2138 1291 mecum,
2165 1234 2219 1280 et
2244 1225 2446 1280 multos
2471 1226 2743 1280 COuvertit
2769 1225 2841 1280 ab
2870 1227 3178 1294 iniquitate.
3208 1224 3480 1290 Quoniam

1901 1317 2046 1371 labia
2103 1318 2404 1373 sacerdotis
2462 1317 2776 1372 custodiant
2826 1317 3142 1380 scientiam,
3198 1327 3251 1370 et
3307 1317 3478 1386 legem

1903 1411 2184 1479 requirent
2213 1425 2280 1465 ex
2316 1426 2412 1465 ore
2448 1411 2592 1474 ejus,
2629 1411 2752 1478 quia
2783 1412 3011 1480 angelus
3053 1409 3268 1463 Domini
3304 1411 3479 1463 omni-

1905 1502 2142 1570 p0tentis
2194 1512 2299 1558 cst.
2334 1521 2353 1553 ι
2418 1502 2553 1558 Cum
2613 1503 2709 1556 illo
2765 1502 2950 1572 itaque
3007 1503 3183 1572 primo
3223 1501 3479 1554 cumiunt
3551 1561 3553 1565 Α

1903 1595 2078 1647 electo
2113 1593 2290 1649 fmdus
2321 1594 2520 1664 pepigi.
2560 1594 2886 1662 promittens
2924 1593 2973 1646 ei
3022 1593 3196 1661 longa:
3231 1591 3352 1644 vitm
3383 1607 3480 1659 pa-

1905 1687 2098 1755 cisque
2137 1701 2319 1747 nsum,
2358 1685 2732 1753 mandansque
2779 1683 2956 1738 eidem
2991 1691 3050 1738 ut
3082 1685 3185 1737 mei
3223 1683 3478 1736 tinmrem

1835 1765 1876 1820 Β
1912 1787 2092 1831 mente
2118 1777 2396 1840 retineret,
2433 1777 2711 1844 multaque
2745 1791 2869 1828 eum
2903 1775 3203 1829 reverentia
3248 1777 3482 1827 mentio-

1906 1885 2028 1924 nem
2075 1870 2179 1924 mei
2238 1867 2460 1922 faceret.
2512 1867 2578 1920 Et
2633 1867 2854 1935 quidem
2907 1867 2998 1920 ille
3056 1868 3224 1935 legi-tu
3265 1866 3482 1919 sibimet

1905 1959 2210 2020 constituit,
2237 1959 2519 2012 veritatem
2550 1973 2647 2026 per
2679 1973 2892 2011 omnem
2921 1957 3090 2008 vitam
3121 1955 3398 2017 servandi,
3427 1963 3482 2007 et

1905 2067 2068 2104 omne
2121 2066 2293 2119 genus
2344 2050 2615 2103 mendacii
2675 2049 2908 2102 vitandi.
2955 2048 3103 2102 Nihil
3157 2059 3334 2102 autem
3379 2062 3482 2100 un-

1906 2157 2067 2211 quam
2119 2142 2383 2210 injustum
2421 2143 2640 2196 locutus
2672 2153 2779 2203 est,
2816 2142 2898 2194 vel
2945 2142 3091 2209 quod
3123 2140 3482 2210 vituperatio-

1908 2236 1992 2288 nis
2014 2235 2233 2288 occasio
2261 2233 2644 2287 sacerdotibus
2669 2233 2840 2285 ﬁeret.
2867 2231 3164 2302 Propterea
3197 2231 3483 2301 promissis

1906 2328 2042 2380 meis
2081 2335 2472 2386 consentance,
2511 2336 2566 2378 et
2611 2325 2727 2394 ipse
2757 2325 3038 2392 pacificam
3082 2326 3264 2394 exngit
3294 2326 3480 2382 vitam,

1908 2421 2055 2474 nulla
2117 2435 2329 2473 mecum
2389 2419 2675 2472 inimicitia
2721 2429 2999 2487 suscepta.
3056 2420 3298 2487 nihilque
3348 2418 3483 2470 mihi

1904 2512 2241 2564 contrarium
2282 2527 2471 2580 agens.
2536 2511 2626 2563 Sic
2672 2512 2817 2564 enim
2869 2510 2982 2565 fere
3031 2519 3230 2564 sonant
3275 2511 3480 2562 verba:

1912 2620 1931 2652 ι
1967 2603 2020 2656 itt
2060 2618 2192 2672 pace
2240 2602 2482 2672 dirigens
2536 2601 2832 2654 ambulavit
2875 2617 3106 2656 mecum.
3141 2619 3162 2653 ι
3211 2600 3484 2656 Plurimos

1909 2697 2035 2749 item
2074 2695 2139 2747 ad
2182 2694 2464 2746 meliorem
2513 2693 2718 2760 frugem
2763 2707 2826 2745 ex
2867 2690 3136 2745 deteriore
3181 2692 3482 2746 transtulit.

1907 2786 1964 2839 In
1996 2800 2230 2844 summa,
2270 2782 2536 2852 quidquid
2573 2782 2850 2850 przecipue
2881 2781 3223 2836 Sacerdotem
3255 2780 3487 2834 decebat

1911 2879 2042 2948 egit,
2076 2875 2506 2945 veritati5373
2538 2875 2762 2928 tradens
2794 2875 3065 2937 notitiam,
3097 2881 3265 2942 atque
3296 2873 3361 2926 ad
3388 2871 3483 2928 Dei

1912 2971 2080 3040 legem
2125 2976 2359 3020 cunctos
2405 2967 2508 3020 sibi
2553 2966 2831 3034 subjectos
2878 2965 3218 3035 pertrahens,
3257 2973 3310 3019 et
3350 2981 3489 3034 quo-

1910 3058 2071 3110 modo
2131 3071 2250 3109 eam
2328 3055 2686 3109 observarent
2743 3055 2967 3109 docens.
3021 3053 3136 3109 Hoc
3195 3062 3276 3109 est
3339 3055 3486 3108 enim

1914 3145 2217 3202 sacerdotis
2279 3161 2457 3216 opus,
2520 3157 2578 3200 ut
2637 3152 2706 3201 sit
2771 3148 3026 3200 nimirum
3079 3147 3256 3216 angeli
3315 3147 3491 3200 instar

1917 3237 2133 3291 caeteris
2175 3237 2491 3292 hominibus
2547 3238 2730 3292 datus.
2789 3247 2848 3291 ut
2891 3253 3085 3292 omnes
3132 3237 3198 3292 ad
3235 3239 3487 3293 virtutem

1913 3328 2168 3392 deducat,
2212 3331 2356 3398 quod
2394 3329 2638 3399 ipsorum
2686 3330 3004 3399 angelorum
3057 3345 3185 3399 erga
3233 3346 3335 3383 nos
3376 3328 3497 3382 oili-

1917 3422 2064 3475 cinm
2090 3432 2192 3476 est.
2232 3421 2376 3476 limo.
2398 3437 2500 3492 ego
2530 3438 2654 3476 cum
2687 3423 2904 3476 Aarone
2935 3420 3138 3476 foedera
3168 3422 3368 3492 pepigi,
3395 3422 3497 3490 qui.

1914 3527 2110 3582 reapse
2141 3521 2542 3569 consentanoos
2582 3515 2686 3582 legi
2722 3529 2855 3567 mea:
2885 3528 3064 3568 mores
3101 3529 3212 3582 prae
3251 3529 3309 3568 se
3345 3515 3496 3567 tulit-

1916 3605 1983 3657 At
2011 3605 2157 3658 enim
2184 3620 2282 3659 vos
2316 3605 2689 3660 sacerdotium
2721 3605 2870 3659 illius
2909 3607 3260 3661 successione
3288 3606 3489 3665 sortiti,

1915 3696 2116 3748 mirum
2169 3705 2434 3760 quantum
2477 3711 2509 3750 a
2561 3694 2836 3765 praedictis
2871 3697 3117 3752 moribus
3162 3697 3490 3758 abituri-ets.

1919 3784 2203 3852 Quomodo
2231 3786 2306 3850 id,
2342 3787 2602 3858 inquam?

232 3890 357 3936 καις.
391 3874 469 3942 (Ι).
501 3870 624 3939 550)
653 3869 712 3932 ὃς
761 3867 856 3921 καὶ
902 3865 1170 3919 ἀκόλουθα-
1205 3868 1316 3930 τοῖς
1357 3869 1510 3936 ἐμοῖς
1553 3868 1905 3942 διεπράττετο
1967 3875 2186 3946 νόμοις·
2235 3876 2396 3946 ὑμεῖς
2420 3856 2504 3930 ⁷δὲ
2530 3879 2582 3931 oi
2615 3876 2712 3948 τὴν
2757 3878 3056 3950 ἱερωσύνην
3114 3856 3500 3947 διαδεξαμένου

229 3967 333 4036 τὴν
380 3962 620 4026 ἐκείνου,
645 3959 900 4030 πάμπολυ
947 3956 1150 4011 τούτων
1198 3957 1320 4010 ἐστέ
1367 3961 1779 4030 κεχωρισμένοι.
1808 3963 1932 4028 Πῶς
1965 3964 2060 4018 καὶ
2089 3965 2209 4018 τίνα
2247 3965 2336 4019 τόν
2370 3966 2600 4036 τρόπον;

308 4059 454 4128 Στξχ,
485 4061 622 4126 η’-ι’.
649 4083 717 4094 --
745 4069 766 4104 ι
807 4053 993 4123 Ὑμεῖς
1023 4052 1078 4104 δὲ
1107 4052 1410 4117 ἐξεκλίνατε
1443 4055 1508 4106 ἐκ
1531 4053 1631 4124 τῆς
1657 4055 1801 4118 ὁδοῦ,

231 4151 328 4206 καὶ
367 4147 700 4219 ἠσθενήσατε
749 4143 977 4206 πολλοὺς
1022 4143 1080 4195 ἐν
1117 4142 1298 4214 νόμῳ,
1335 4143 1673 4216 διεφθείρατε
1706 4148 1805 4219 τὴν

232 4243 502 4314 διαθήκην
545 4238 639 4292 τοῦ
697 4236 854 4299 Λευῒ,
903 4236 1047 4305 λέγει
1081 4237 1286 4308 Κύριος
1329 4238 1742 4310 παντοκράτωρ.
1783 4261 1801 4292 ι

245 4335 611 4406 Ἐξετράπητε
639 4331 748 4401 γὰρ
770 4329 869 4400 τῆς
895 4328 1021 4398 περὶ
1041 4329 1210 4381 ταῦτα
1241 4329 1475 4400 σπουδῆς
1501 4346 1514 4359 ·
1547 4329 1688 4384 ὥστε
1713 4332 1810 4384 καὶ

233 4431 360 4494 τοὺς
387 4427 625 4491 λοιποὺς,
640 4423 912 4496 ῥᾳθύμους
935 4422 1062 4492 περὶ
1087 4423 1178 4474 τὸν
1203 4421 1362 4492 νόμον
1386 4424 1628 4494 ποιῆσαι·
1663 4422 1808 4478 οὕτω

232 4535 296 4572 τε
326 4517 504 4580 πάσας
543 4513 822 4582 συντόμως
866 4512 1042 4564 εἰπεῖν
1083 4510 1180 4571 τὰς
1228 4511 1522 4581 συνθήκας,
1559 4511 1627 4576 ἃς
1672 4513 1810 4584 πρὸς

235 4613 442 4665 ἐκεῖνον
477 4607 698 4677 ἐθέμην,
731 4604 1050 4674 βουλόμενος
1077 4604 1246 4666 αὑτάς
1279 4604 1375 4657 καὶ
1405 4604 1497 4657 ἐπὶ
1534 4604 1641 4656 τῶν
1673 4605 1813 4658 ἐκεί-

237 4717 331 4752 νου
357 4697 615 4767 διαδόχων
661 4696 903 4766 κρατεῖν,
931 4696 1001 4764 τῇ
1030 4692 1206 4764 οἰκείᾳ
1245 4693 1586 4764 διεφθείρατε
1621 4695 1808 4768 κακίᾳ.

241 4813 262 4842 ς
306 4789 417 4844 Καὶ
450 4787 563 4857 ἐγὼ
593 4786 803 4840 δέδωκα
837 4786 980 4855 ὑμᾶς
1012 4783 1468 4855 ἐξουδενωμένους
1500 4788 1593 4841 καὶ
1621 4807 1814 4861 παρειρ

240 4883 437 4951 μένους
472 4882 551 4942 είς
589 4877 764 4931 πάντα
791 4875 862 4929 τὰ
889 4876 1017 4944 ἔθνη
1042 4892 1056 4906 ⁸
1091 4874 1207 4929 ἀνθ’
1236 4869 1312 4929 ὧν
1353 4878 1510 4948 ὑμεῖς
1541 4880 1642 4933 οὐκ
1681 4883 1812 4952 ἐφυ-

236 4971 473 5036 λάξασθε
505 4970 604 5034 τὰς
652 4967 806 5032 ὁδούς
837 4985 943 5038 μου
967 5007 982 5031 ,
1013 4966 1127 5020 ἀλλ’
1165 4967 1500 5038 ἐλαμϐάνετε
1545 4971 1814 5042 πρόσω-πα

240 5068 300 5116 ἐν
329 5064 499 5133 νόμῳ.
539 5081 558 5113 ι
611 5058 802 5122 Καλῶς
833 5057 1043 5111 ἐκτῶν
1083 5059 1189 5130 πρὸ
1236 5058 1481 5130 βραχέως
1516 5063 1815 5131 γεγονότων

236 5156 434 5218 αὐτοὺς
473 5151 825 5222 σωφρονίζει·
860 5148 1100 5203 Τοιαῦτα
1133 5150 1260 5221 γὰρ,
1295 5153 1477 5221 φησὶν,
1511 5154 1654 5222 ὑμᾶς
1693 5154 1810 5210 δια-

237 5245 641 5316 πραττομένους
690 5241 884 5314 εὑρὼν,
941 5240 1287 5311 αἰχμαλωσίᾳ
1350 5243 1703 5311 παραδέδωκα
1753 5245 1813 5298 τὸ

243 5339 410 5412 μηδὲν
445 5335 730 5400 ἀποδείξας
757 5374 770 5396 ,
805 5334 898 5387 καὶ
927 5334 1105 5402 πάντη
1131 5332 1230 5402 τῆς
1271 5335 1545 5404 ἱερατικῆς
1577 5335 1689 5402 ἔξω
1710 5354 1804 5390 κα.

236 5432 516 5502 ταστήσας
569 5428 733 5498 τιμῆς
798 5427 913 5480 ἀνθ’
962 5418 1036 5478 ὧν
1095 5423 1285 5478 οὐδένα
1335 5425 1490 5492 λόγον
1534 5427 1802 5481 ποιεῖσθαι

237 5523 346 5580 τῶν
366 5520 804 5591 προσταγμάτων
837 5515 1121 5571 ἐϐούλεσθε
1155 5516 1263 5569 τῶν
1297 5517 1463 5587 ἐμῶν,
1501 5521 1806 5591 συνεπράτ.

235 5633 358 5670 τετε
412 5614 470 5672 δὲ
521 5613 757 5674 καὶτοῖς
795 5597 1001 5672 λοιποῖς
1054 5609 1274 5679 ἀμελεῖν
1323 5609 1428 5662 τῶν
1472 5611 1686 5682 νόμων.
1719 5612 1809 5674 οὓς

240 5705 667 5778 σωφρονίζεσθαι
723 5704 848 5773 παρ’
890 5701 1042 5773 ὑμῶν
1101 5701 1305 5754 δίκαιον
1335 5697 1437 5770 ἦν·
1491 5703 1646 5757 τοῦτο
1705 5704 1810 5775 γὰρ

1982 4060 2146 4119 Vsus.
2179 4058 2557 4115 8-lO.-—tVos
2584 4066 2765 4114 autem
2795 4060 3117 4115 declinastis
3142 4074 3172 4113 ι
3197 4060 3282 4115 via
3305 4101 3321 4126 ,
3352 4066 3502 4118 mul-

1914 4163 2108 4223 tosque
2138 4154 2192 4208 in
2225 4153 2340 4222 lege
2372 4149 2723 4216 infirmastis,
2764 4153 3088 4222 corrupistis
3126 4151 3249 4208 Levi
3282 4152 3498 4221 foedus,

1915 4249 1994 4301 ait
2027 4247 2291 4300 Dominus
2327 4243 2697 4313 omnipotens.
2725 4264 2743 4297 ι
2767 4244 3073 4316 Tantopere
3106 4247 3177 4300 ab
3209 4248 3372 4315 hujus
3404 4250 3490 4302 of-

1919 4337 2025 4392 ﬁcii
2058 4337 2406 4393 observantia
2431 4335 2754 4390 declinastis
2773 4377 2788 4402 ,
2810 4346 2866 4390 ut
2892 4345 3118 4391 caeteros
3144 4337 3308 4392 etiam
3336 4339 3498 4396 circa

1921 4431 2090 4501 legem
2120 4430 2383 4483 socordes
2411 4427 2651 4482 feceritis
2681 4445 2694 4479 :
2723 4438 2888 4496 atque
2915 4428 2987 4482 ita
3009 4468 3023 4492 ,
3048 4435 3108 4481 ut
3138 4428 3378 4484 breviter
3401 4430 3492 4484 di-

1916 4534 2057 4584 cam,
2080 4518 2284 4572 malitia
2313 4524 2491 4572 vestra
2514 4517 2842 4585 corrupistis
2866 4516 3071 4572 foedera
3091 4533 3213 4588 qua
3239 4534 3362 4573 cum
3383 4520 3499 4576 Aa-

1920 4625 2052 4665 rone
2087 4609 2398 4679 pepigeram
2424 4648 2440 4673 ,
2466 4608 2658 4662 volens
2691 4622 2754 4661 ea
2781 4622 2908 4661 cum
2937 4607 3090 4663 illius
3120 4625 3339 4679 quoque
3367 4627 3495 4666 suc-

1918 4700 2236 4756 cessoribus
2258 4697 2710 4770 permanere.iEt
2734 4713 2837 4768 ego
2865 4698 2990 4753 dedi
3016 4714 3116 4754 vos
3149 4710 3500 4771 contemptus

1919 4805 1973 4848 et
2005 4793 2252 4862 abjectos
2287 4792 2342 4844 in
2390 4805 2582 4845 omnes
2611 4799 2798 4860 gentes
2825 4831 2840 4856 ,
2885 4801 3168 4861 propterea
3199 4795 3342 4863 quod
3377 4795 3503 4850 vias

1920 4899 2070 4939 meas
2115 4897 2225 4936 non
2273 4880 2632 4943 custodistis,
2676 4879 2774 4934 sed
2820 4879 3175 4952 accipiebatis
3229 4899 3500 4953 personas

1918 4975 1974 5028 in
2010 4974 2148 5043 lege.
2181 4992 2200 5025 ι
2230 4970 2496 5024 Praeclare
2534 4985 2602 5025 ex
2637 4970 2708 5026 iis
2747 4987 2870 5042 quae
2909 4971 3073 5041 paulo
3108 4981 3234 5028 ante
3273 4976 3493 5029 accide-

1916 5073 2043 5115 rant
2097 5061 2219 5115 illos
2272 5066 2621 5114 commonet:
2655 5061 2806 5116 Talia
2859 5061 3044 5125 enim,
3093 5061 3308 5132 inquit,
3366 5080 3490 5117 cum

1917 5169 2016 5209 vos
2063 5162 2285 5223 patrare
2333 5152 2763 5222 comperissem,
2808 5152 3113 5223 captivitati
3151 5156 3385 5212 tradidi.
3425 5156 3501 5210 ad

1920 5245 2149 5299 nihilum
2185 5242 2438 5299 redactos
2460 5282 2474 5302 .
2505 5252 2560 5298 et
2588 5243 2735 5297 omni
2768 5244 3091 5298 sacerdotali
3125 5244 3332 5300 honore
3365 5261 3494 5316 spo-

1921 5335 2122 5388 liatos:
2161 5331 2603 5403 quandoquidem
2657 5333 2862 5386 nullant
2915 5328 3295 5389 mandatorum
3348 5349 3493 5389 meo-

1921 5441 2044 5481 rum
2075 5425 2339 5478 rationem
2388 5424 2592 5480 habere
2626 5426 2877 5480 voluistis
2898 5468 2914 5489 ,
2951 5427 3060 5481 imo
3089 5435 3145 5482 et
3187 5427 3309 5482 aliis
3338 5443 3499 5497 atque

1913 5520 2085 5590 legem
2139 5517 2544 5588 negligentibus
2603 5528 2990 5588 cooperatores
3054 5517 3281 5581 fuistis,
3347 5532 3501 5587 quos

1919 5613 2106 5681 potius
2141 5627 2170 5664 a
2205 5611 2362 5666 vobis
2395 5611 2676 5666 emendari
2723 5612 3035 5681 oportebat.
3084 5610 3176 5664 Sic
3221 5611 3368 5665 enim
3401 5611 3489 5665 in-

1919 5704 2212 5774 telligenda
2267 5711 2398 5759 sunt
2441 5704 2652 5764 vcrba,«
2687 5703 3044 5774 accipiebatis
3104 5717 3371 5774 personas
3429 5703 3494 5758 in
