3804 6220
378 287 477 342 8H

1573 277 1921 334 TllEODORI
1951 278 2439 337 MOPSUESTBNI

3540 281 3634 339 6|!

381 403 539 463 lege;
578 409 595 441 ι
628 386 680 445 id
735 387 1267 461 est,reprehendere
1308 388 1574 443 adversus
1616 390 1785 458 legem
1827 405 1950 460 pec-

2063 392 2205 459 λέγει
2242 392 2324 457 τὸ,
2373 409 2392 442 ι
2446 392 2778 462 ἐλαμϐάνετε
2820 394 3082 463 πρόσωπα
3117 396 3171 446 ὲν
3221 394 3407 465 νόμῳ,
3457 417 3475 449 ι
3519 401 3632 456 ἀντὶ

381 491 577 537 cantes
611 482 890 537 noluistis.
943 499 963 532 ‹
991 479 1182 535 Nonne
1220 478 1363 534 Deus
1393 495 1537 534 untts
1576 494 1672 536 vos
1714 481 1965 535 creavit?

382 590 565 628 nonne
616 571 781 628 Pater
834 589 975 627 unus
1030 572 1272 626 omnium
1329 573 1617 625 vestrum?
1669 571 1782 627 Cur
1831 588 1963 643 ergo

384 665 768 735 unusquisque
827 664 1039 720 sivistis
1091 664 1316 718 fratrem
1372 672 1612 718 vestrum
1669 664 1965 734 profanare

380 762 770 809 testamentmn
811 764 1027 824 patrum
1081 754 1482 807 vestrorum?»
1512 755 1675 823 Atqui
1724 764 1779 808 et
1828 771 1961 816 vos,

384 847 599 915 inquit,
643 855 698 899 et
732 846 855 907 ille,
901 846 951 899 id
994 854 1078 900 est
1121 845 1337 905 Aaron,
1382 844 1451 899 ab
1492 861 1604 899 uno
1646 844 1754 901 Deo
1794 848 1963 901 creati

380 939 719 1006 estis,-qttos
750 937 915 991 etiam
950 937 1065 1006 pari
1102 949 1233 989 cura
1268 943 1432 1004 atque
1467 935 1674 990 honore
1705 935 1964 1006 dignatus

383 1026 526 1079 fuit:
576 1043 730 1090 :Pﬂlle
783 1028 928 1081 enim
988 1027 1061 1080 illi
1120 1026 1385 1095 vobisque
1430 1026 1768 1098 dixitztEgo
1798 1027 1958 1082 dixi:

381 1118 467 1173 Dii
523 1118 658 1170 eStis
692 1153 706 1175 ,
768 1120 824 1167 et
897 1117 993 1171 lilii
1044 1114 1621 1179 Altissimiomnes";
1653 1136 1671 1167 ι
1701 1117 1848 1188 quod
1878 1117 1963 1171 di-

381 1217 535 1261 ctum
573 1224 668 1263 eos
700 1211 947 1279 apprime
979 1211 1209 1281 respicit
1242 1210 1337 1280 qui
1370 1209 1766 1264 sacerdotalem
1800 1210 1965 1282 375

380 1298 732 1369 dignitatem,
768 1303 850 1355 vel
876 1301 1136 1357 ducatum
1163 1302 1346 1373 populi
1379 1311 1583 1356 tenent.
1616 1300 1773 1355 Unde
1797 1302 1964 1371 igitur

380 1400 584 1446 tantam
621 1408 834 1447 morum
875 1395 1243 1465 corruptelam
1284 1395 1571 1457 traxistis,
1608 1403 1670 1448 ut
1707 1394 1797 1448 ille
1835 1397 1962 1464 qui-

380 1482 497 1537 dem
533 1484 616 1538 sui
651 1486 912 1554 temporis
952 1486 1202 1541 homines
1239 1486 1648 1547 emendaverit,
1691 1493 1858 1555 atque
1894 1485 1962 1538 ad

379 1577 612 1631 ollieium
653 1578 944 1647 diligenter
978 1579 1298 1649 impulerit;
1330 1594 1429 1633 vos
1463 1587 1646 1632 autem
1680 1578 1961 1647 subjectos

379 1670 686 1723 sacerdotio
748 1669 946 1728 fratres
1005 1651 1226 1727 vestros
1292 1672 1621 1743 negligatis,
1677 1677 1963 1740 tantopere

2065 480 2181 546 τοῦ,
2210 484 2481 555 Ἐλέγχειν
2507 486 2631 549 τούς
2659 487 3069 556 ἁμαρτάνοντας
3113 488 3262 558 παρὰ
3298 488 3359 541 τὸ
3383 487 3461 560 τῷ
3492 492 3629 563 νόμῳ

2067 572 2260 628 δοκοῦν
2304 576 2405 627 οὐκ
2469 574 2777 629 ἑδούλεσθε.
2850 595 2867 625 ι
2933 577 3067 645 Οὐχὶ
3117 576 3248 640 Θεὸς
3299 572 3381 641 εἷς
3427 579 3628 634 ἔκτισεν

2068 666 2247 735 ὑμᾶςς
2284 666 2407 735 οὐχὶ
2461 666 2651 736 Πατὴρ
2695 661 2775 729 εἷς
2805 667 3023 720 πάντων
3076 668 3270 736 ύμῶνς
3329 669 3377 721 τί
3424 671 3506 724 ὅτι
3551 673 3632 740 ὲγι

2068 755 2391 809 κατελίπετε
2453 755 2684 820 ἕκαστος
2720 758 2811 812 τὸν
2859 758 3084 826 ἀδελφὸν
3118 760 3283 812 αὐτοῦ
3330 760 3423 814 τοῦ
3480 761 3632 833 βεϐη-

2066 847 2237 900 λῶσαι
2289 849 2385 918 τὴν
2418 848 2679 919 διαθήκην
2719 851 2827 902 τῶν
2868 852 3119 921 πατέρων
3150 852 3337 921 ὐμῶνς
3397 872 3415 905 ι
3452 854 3631 908 Καίτοι

2066 954 2150 1005 γε.
2180 941 2362 1010 φησιν,
2396 941 2489 993 καὶ
2515 942 2672 1012 ὑμεῖς
2704 944 2953 1007 κάκεῖνος
2998 942 3167 1012 (λέγει
3198 944 3255 997 δὲ
3281 944 3369 998 τὸν
3411 946 3631 1017 Ἀαρὼν)

2068 1036 2144 1099 (p.
2182 1031 2306 1100 551)
2351 1033 2439 1100 ὐφ’
2473 1033 2592 1096 ἑνός
2623 1051 2682 1087 τε
2715 1035 2973 1103 γεγόνατε
3014 1036 3146 1089 Θεοῦ
3172 1078 3187 1102 ,
3226 1038 3550 1109 κηδεμονίας
3576 1056 3629 1091 τε

2067 1122 2159 1173 καὶ
2186 1123 2353 1193 τιμῆς
2396 1123 2663 1196 ἡξιώθητε
2693 1126 2791 1195 τῆς
2818 1127 2985 1198 αὐτῆς
3010 1142 3025 1156 ο
3060 1130 3209 1199 κοινῇ
3241 1129 3348 1198 γὰρ
3381 1131 3474 1183 καὶ
3507 1131 3632 1201 πρὸς

2067 1214 2212 1284 ὑμᾶς
2261 1215 2396 1288 ἔφην
2424 1217 2485 1269 τὸ
2512 1258 2525 1280 ,
2568 1238 2584 1269 ι
2654 1219 2796 1286 Ἐγὼ
2828 1215 3001 1281 εἷπον,
3052 1221 3176 1275 Θεοὶ
3205 1224 3327 1275 ἐστὲ
3350 1265 3364 1286 ,
3403 1225 3497 1277 καὶ
3533 1226 3631 1277 υίοὶ

2077 1306 2334 1375 Ὑψίστου
2362 1309 2570 1372 πάντες
2589 1326 2603 1339 ο
2654 1331 2673 1361 ι
2708 1310 2844 1380 ὅπερ
2865 1311 2928 1381 δὴ
2961 1311 3193 1381 μάλιστα
3217 1316 3328 1377 τοῖς
3364 1314 3463 1383 τῆς
3493 1316 3633 1385 ἱερα-

2064 1397 2225 1466 τικῆς
2263 1399 2553 1471 προεδρίας
2599 1402 3040 1473 ὲπειλημμένοις,
3076 1405 3171 1457 καὶ
3208 1406 3530 1475 ἡγουμένοις
3558 1408 3632 1459 ὲν·

2063 1488 2255 1543 τεῦθεν
2301 1491 2394 1544 τοῦ
2444 1492 2574 1546 λαοῦ
2618 1494 2910 1566 ἁρμόττον.
2951 1496 3121 1549 Πόθεν
3159 1497 3334 1551 τοίνυν
3376 1499 3633 1566 τοσαύτην

2064 1582 2157 1633 ἐπὶ
2210 1582 2317 1634 τῶν
2372 1584 2589 1654 τρόπων
2638 1585 2905 1656 ἐσχήκατε
2968 1586 3065 1657 τὴν
3115 1587 3451 1658 διαφθοράν;
3499 1589 3632 1643 ὥστε

2066 1673 2276 1726 ἐκεῖνον
2317 1674 2418 1744 μὲν
2466 1676 2896 1746 ἐπανορθοῦσθαι
2929 1679 3053 1742 τούς
3099 1680 3221 1732 καθ’
3271 1681 3496 1744 ἑαυτὸν,
3547 1683 3635 1735 καὶ

380 1770 706 1830 peccantes,
742 1776 804 1815 ac
840 1763 1235 1832 propemodum
1274 1764 1451 1832 legum
1489 1776 1733 1816 mearum
1775 1762 1950 1816 obser.

2069 1764 2204 1834 πρὸς
2235 1766 2296 1818 τὸ
2336 1766 2453 1819 δέον
2487 1769 2781 1837 ἐπανάγειν
2827 1772 3066 1842 σπουδῇ,
3111 1773 3256 1843 ὑμᾶς
3305 1774 3363 1826 δὲ
3392 1776 3634 1845 παρορᾷν

380 1850 615 1905 vantiam
647 1853 875 1921 pedibus
904 1855 1345 1909 conculcantes?
1377 1854 1518 1920 Quid
1549 1869 1683 1924 ergo
1716 1854 1963 1909 accidit?

2064 1856 2193 1918 τοὺς
2220 1856 2324 1909 ὑπὸ
2351 1857 2449 1928 τὴν
2473 1859 2772 1933 ἱερωσύνην
2790 1861 3232 1932 δντας,ἄδελφοὺς
3258 1865 3419 1927 ὄντας
3447 1866 3629 1929 ἰδίους,

379 1938 850 2011 εξαμαρτάνοντάς
887 1960 948 1997 τε
991 1941 1185 2007 οὕτως,
1235 1942 1331 1995 καὶ
1373 1944 1654 2013 μονονουχὶ
1689 1942 1993 2006 πατοῦντας
2040 1943 2149 1997 τῶν
2197 1946 2380 2017 νόμων
2419 1949 2531 2004 τῶν
2567 1951 2715 2023 ἐμῶν
2746 1952 2845 2023 τήν
2890 1952 3195 2023 ἀκρίϐειαν.
3255 1954 3556 2027 Τοιγαροῦν
3585 1955 3633 2007 τί

378 2030 601 2099 γέγονεν
627 2049 641 2098 ;

447 2124 613 2183 Vsus.
651 2129 739 2193 il,
769 2130 857 2185 12.
882 2159 953 2170 -
981 2149 999 2183 ι
1032 2129 1339 2187 Derelictus
1371 2140 1456 2187 est
1479 2130 1650 2186 Judas
1672 2172 1687 2194 ,
1732 2138 1786 2185 et
1820 2130 1952 2183 abo-

378 2218 602 2272 minatio
655 2220 796 2273 facta
836 2232 923 2275 est
962 2222 1017 2275 in
1062 2221 1261 2278 lsraele
1299 2231 1353 2277 et
1393 2222 1770 2283 Hierusalem,
1824 2223 1952 2291 quia

377 2312 768 2366 contaminavit
806 2312 977 2369 Judas
1016 2324 1207 2370 sancta
1248 2314 1460 2369 Domini
1500 2331 1622 2385 quae
1652 2315 1950 2377 dilexerat,

379 2416 433 2459 et
458 2402 667 2460 alienis
706 2407 814 2461 diis
856 2407 1097 2461 studium
1140 2407 1426 2477 impendit.
1460 2427 1478 2460 ι
1509 2406 1698 2477 Igitur,
1734 2407 1861 2477 quia
1900 2414 1954 2461 et

378 2498 615 2567 populus
670 2499 864 2553 illicita
923 2499 1209 2570 patrabat,
1264 2508 1318 2553 et
1366 2500 1521 2552 vobis
1575 2500 1953 2553 sacerdotibus

377 2591 528 2643 milia
581 2592 684 2644 fuit
733 2592 1043 2662 corrigendi
1104 2592 1254 2645 illum
1311 2592 1653 2657 sollicitudo,
1705 2589 1951 2645 destituti

378 2683 719 2751 providentia
778 2698 895 2737 mea
952 2684 1005 2736 in
1054 2682 1427 2751 captivitatem
1495 2682 1757 2737 abiistis:
1821 2684 1950 2751 quia

377 2774 636 2827 nimirum
670 2774 818 2828 cultu
851 2772 941 2826 Dei
976 2776 1223 2844 neglecto
1246 2813 1260 2834 ,
1296 2788 1457 2842 quem
1508 2789 1537 2825 a
1578 2772 1735 2826 vobis
1779 2773 1950 2840 potis-

2126 2127 2273 2198 Στίχ.
2305 2136 2395 2192 ια’,
2437 2132 2522 2201 ιβ’.
2568 2163 2639 2173 --
2674 2153 2692 2185 ι
2761 2136 3182 2208 Ἐγκατελείφθη
3253 2137 3491 2202 Ἰούδας,
3544 2142 3631 2195 καὶ

2054 2218 2329 2289 βδέλυγμα
2368 2222 2585 2290 ἐγένετο
2612 2227 2669 2277 ὲν
2688 2226 2765 2295 τῷ
2795 2227 3009 2298 Ἰσραὴλ
3035 2229 3127 2281 καὶ
3170 2232 3227 2282 ὲν
3258 2229 3632 2300 Ἰερουσαλήμο

2051 2311 2183 2364 διότι
2217 2313 2554 2384 ὲϐεὸήλωσεν
2585 2316 2781 2380 Ἰούδας
2807 2318 2877 2371 τὰ
2908 2318 3038 2388 ἅγια
3064 2322 3268 2392 Κυρίου
3300 2324 3358 2374 ὲν
3386 2318 3470 2387 οἷς
3500 2324 3633 2394 ὴγάο

2052 2417 2214 2472 πησε,
2252 2406 2344 2458 καὶ
2375 2407 2734 2477 ἐπετήδευσεν
2759 2410 2839 2473 εἰς
2870 2410 3025 2474 θεοὺς
3073 2411 3409 2484 ἀλλοτρίους.
3448 2435 3468 2467 ι
3503 2415 3627 2469 Τοι-

2060 2496 2264 2565 γαροῦν
2291 2498 2475 2569 ἐπειδὴ
2507 2501 2600 2553 καὶ
2627 2502 2676 2553 οἱ
2708 2501 2803 2554 τοῦ
2827 2502 2957 2555 λαοῦ
2990 2504 3047 2557 τὸ
3080 2505 3154 2575 μὴ
3189 2506 3309 2558 δέον
3336 2506 3625 2576 ἔπραττον,

2060 2587 2153 2637 καὶ
2194 2587 2321 2654 ὑμῖν
2358 2590 2472 2650 τοῖς
2507 2590 2712 2660 ἱερεῦσι
2754 2591 2911 2659 λόγος
2942 2594 3122 2657 οὐθεὶς
3150 2592 3218 2666 ἦν
3262 2596 3361 2666 τῆς
3400 2597 3624 2649 ἐκείνων

2056 2675 2390 2747 διορθώσεως
2414 2720 2429 2745 ,
2471 2680 2762 2749 ἀφεθέντες
2808 2686 2906 2753 τῆς
2948 2686 3200 2753 προνοίας
3240 2686 3340 2756 τῆς
3385 2688 3532 2758 ἐμῆς
3558 2690 3633 2750 είς

2057 2767 2435 2837 αἰχμαλωσίαν
2478 2771 2889 2842 ἀπεληλύθατε·
2932 2773 3072 2844 ὑπὲρ
3120 2767 3196 2827 ὧν
3235 2774 3298 2845 δὴ
3332 2776 3433 2847 τῆς
3467 2776 3629 2847 θερα-

378 2868 574 2923 simum
628 2866 936 2921 vehementi
992 2879 1125 2919 cura
1176 2864 1457 2918 observari
1511 2864 1834 2932 oportebat,
1886 2862 1950 2917 ad

2063 2860 2221 2922 πείας
2254 2860 2625 2933 ἀμελήσαντες
2654 2862 2747 2915 τοῦ
2793 2862 2929 2916 Θεοῦ
2951 2903 2967 2928 ,
3011 2864 3078 2935 ἢν
3124 2864 3189 2936 δὴ
3225 2866 3465 2936 μάλιστα
3499 2869 3633 2939 μετά

378 2962 649 3017 idolorum
706 2960 1034 3031 obsequium
1082 2961 1335 3015 conversi
1387 2960 1541 3014 estis.
1587 2960 1764 3029 Atque
1810 2960 1880 3011 ita
1923 2974 1950 3013 a

2063 2950 2260 3019 πολλῆς
2295 2952 2438 3021 ὑμᾶς
2476 2952 2714 3021 μετιέναι
2766 2954 3044 3024 προσῆκον
3097 2950 3166 3026 ἦν
3204 2956 3301 3025 τῆς
3359 2958 3630 3027 σπουδῆς,

379 3056 761 3110 sacerdotibus
796 3055 862 3108 ad
898 3069 1089 3107 omnes
1142 3055 1305 3108 verba
1368 3051 1743 3118 transferens,
1794 3053 1950 3121 quasi

2063 3042 2142 3103 είς
2172 3039 2406 3093 εἰδώλων
2437 3041 2774 3112 ὲξετράπητε
2802 3042 3097 3113 θεραπείαν
3118 3061 3132 3076 ο
3169 3043 3343 3109 οὕτως
3375 3046 3489 3099 ἀπὸ
3526 3046 3632 3099 τῶν

375 3156 430 3202 et
463 3146 662 3216 reliqui
716 3146 770 3199 in
821 3146 1009 3200 eadem
1063 3144 1415 3199 sacerdotum
1468 3145 1715 3213 nequitia
1765 3160 1950 3200 versa-

2063 3134 2252 3203 ἱερέων
2297 3134 2377 3195 εἰς
2410 3132 2657 3197 ἅπαντας
2704 3133 2947 3189 ἐκϐαλὼν
2979 3136 3069 3189 τὸν
3101 3136 3261 3205 λόγον
3288 3178 3302 3200 ,
3332 3139 3409 3201 ὡς
3460 3141 3529 3193 ἂν
3567 3143 3629 3210 τῇ

377 3248 589 3303 rentur,
632 3238 941 3293 communis
988 3237 1370 3307 castigationis
1429 3253 1559 3308 ergo
1613 3238 1725 3292 haec
1758 3237 1948 3291 addit:

381 3349 401 3381 ι
432 3328 627 3385 Perdet
672 3330 933 3385 Dominus
978 3330 1250 3384 hominem
1288 3331 1379 3399 qui
1418 3331 1543 3384 haec
1586 3329 1811 3394 fecerit,
1850 3331 1953 3383 do—

375 3433 474 3473 nec
505 3420 823 3475 humilietur
852 3420 917 3473 de
950 3419 1322 3473 tabernaculis
1359 3417 1528 3473 Iacob
1550 3461 1564 3485 ,
1612 3429 1668 3474 et
1708 3421 1777 3474 de
1819 3420 1953 3473 olfe-

376 3511 626 3566 rentihus
653 3511 1013 3581 omnipotenti
1049 3510 1278 3565 Domino
1309 3511 1659 3567 sacriﬁcium.
1690 3531 1708 3564 ι
1736 3510 1854 3565 Nisi
1884 3512 1953 3565 ab

376 3601 478 3653 hoc
510 3601 635 3655 vitae
666 3616 866 3670 genere
900 3602 1242 3656 recesseritis
1266 3642 1280 3665 ,
1312 3603 1626 3656 omnimoda
1662 3618 1759 3657 vos
1793 3604 1950 3655 ruina

375 3699 603 3744 cunctos
653 3691 953 3762 corripiet,
993 3694 1068 3746 ita
1128 3700 1186 3747 ut
1238 3693 1296 3747 in
1339 3702 1637 3749 extremam
1689 3693 1951 3762 abjectio-

376 3796 497 3835 nem
532 3790 643 3835 tum
683 3782 878 3851 reliqui
910 3782 1240 3839 deveniant:
1274 3792 1390 3839 tum
1426 3794 1480 3841 et
1511 3800 1609 3839 vos
1650 3801 1718 3839 ex
1766 3801 1953 3840 sacer-

378 3872 510 3926 dotii
549 3872 831 3928 functione
864 3884 918 3929 et
948 3875 1235 3932 sacriﬁciis
1281 3891 1402 3945 qua:
1452 3892 1549 3946 pro
1592 3875 1713 3930 aliis
1752 3875 1952 3931 offerre

376 3964 685 4028 simulatis,
723 3966 931 4019 nullam
970 3982 1065 4021 seu
1104 3982 1201 4022 vos
1249 3983 1344 4022 seu
1387 3968 1465 4021 illi
1515 3966 1806 4022 utilitatem
1854 3983 1948 4021 ca-

377 4052 562 4122 pietis.
595 4051 854 4108 Posthine
887 4053 953 4107 ad
986 4055 1133 4109 aliud
1167 4056 1382 4110 illormn
1415 4055 1613 4111 transit
1641 4064 1946 4125 peccatum.

376 4142 620 4214 Namque
653 4160 681 4197 a
718 4145 1034 4214 captivitate
1070 4147 1307 4209 reversi,
1340 4157 1396 4201 et
1429 4148 1556 4201 data
1596 4163 1626 4200 a
1676 4146 1788 4202 Deo
1831 4147 1950 4202 feli-

375 4236 540 4289 citate
566 4236 717 4306 potiti
741 4275 755 4297 ,
787 4236 853 4290 ad
885 4237 1143 4291 lascivam
1171 4238 1317 4292 versi
1347 4239 1510 4292 vitam
1532 4279 1546 4302 ,
1577 4239 1791 4308 priores
1820 4255 1948 4295 suas

2056 3224 2262 3279 τούτων
2304 3227 2471 3296 κακίᾳ
2508 3226 2603 3279 καὶ
2634 3226 2740 3279 τῶν
2778 3226 2979 3281 λοιπῶν
3010 3230 3314 3296 γεγονότων
3346 3233 3631 3295 τοιούτων,

2055 3315 2138 3376 εἰς
2195 3316 2571 3385 σωφρονισμὸν
2628 3316 2883 3369 ἁπάντων
2941 3322 3092 3391 κοινῇ
3154 3320 3338 3373 λοιπὸν
3399 3322 3631 3390 ἐπάγειο

2061 3423 2080 3456 ι
2140 3406 2536 3476 Ἐξολοθρεύσει
2571 3407 2772 3478 Κύριος
2815 3406 2907 3461 τὸν
2938 3408 3221 3480 ἄνθρωπον
3258 3412 3352 3466 τὸν
3379 3414 3635 3467 ποιοῦντα

2055 3497 2229 3550 ταῦτα
2250 3537 2265 3561 ,
2303 3498 2407 3562 ἓως
2435 3497 2502 3551 ἂν
2545 3500 2639 3551 καὶ
2680 3498 2988 3571 ταπεινωθῇ
3024 3502 3089 3553 ὲκ
3121 3504 3500 3573 σκηνωμάτων
3543 3504 3634 3557 Ἰα-

2056 3591 2192 3654 κὼϐ,
2228 3590 2322 3643 καὶ
2349 3592 2412 3643 ὲκ
2441 3592 2828 3661 προσαγόντων
2875 3592 3065 3647 θυσίαν
3098 3594 3177 3665 τῷ
3207 3576 3395 3667 Κυρίῴ
3428 3614 3631 3649 παντοο

2055 3679 2303 3750 κράτορι.
2342 3698 2361 3730 ι
2412 3679 2431 3747 (
2454 3696 2507 3750 p.
2560 3681 2695 3747 552)
2743 3681 2882 3733 Ἀλλ’
2927 3681 2982 3735 εἴ
3023 3699 3087 3751 γε
3134 3684 3208 3755 μὴ
3245 3683 3457 3738 τούτων
3498 3686 3633 3739 ἀπο-

2055 3771 2309 3838 σταίητε,
2338 3772 2505 3840 φησὶ,
2554 3772 2824 3842 παντελὴς
2867 3772 3108 3827 ἀπώλεια
3138 3774 3366 3844 λήψεται

2054 3862 2218 3931 ὑμᾶς,
2253 3861 2393 3914 ὥστε
2420 3863 2499 3923 είς
2522 3860 2619 3931 τὴν
2646 3862 2883 3933 ἐσχάτην
2910 3864 3237 3917 ταπείνωσιν
3278 3864 3403 3928 τούς
3433 3882 3499 3921 τε
3525 3865 3631 3918 λοι-

2052 3956 2187 4017 ποὺς
2218 3955 2482 4025 ἀχθῆναι,
2519 3956 2613 4008 καὶ
2646 3955 2710 4025 δὴ
2756 3956 2848 4009 καὶ
2880 3957 3023 4027 ὑμᾶς
3068 3957 3193 4019 τοὺς
3239 3956 3546 4027 ἱερατεύειν
3571 3972 3634 4012 τε

2053 4047 2147 4100 καὶ
2177 4047 2274 4110 τὰς
2301 4048 2440 4119 ὑπὲρ
2470 4048 2678 4118 ἐτέρων
2706 4047 2896 4111 θυσίας
2922 4049 3443 4120 προσποιουμένους,
3474 4049 3633 4104 οὐθὲν

2051 4139 2175 4192 οὐτε
2202 4139 2355 4209 ὑμῶν
2387 4138 2510 4192 οὔτε
2554 4140 2776 4193 ἐκείνων
2813 4143 2876 4211 τῇ
2909 4142 3239 4211 προσαγωγῇ
3279 4140 3387 4193 τῶν
3424 4140 3634 4195 θυσιῶν

2050 4232 2376 4301 ὠφελεῖσθαι
2405 4231 2532 4285 οἴων
2553 4249 2610 4285 τε
2634 4232 2803 4285 ὄντων
2818 4249 2832 4262 ·
2860 4231 3108 4285 ἐντεῦθεν
3131 4232 3213 4301 ἐφ’
3233 4231 3425 4302 ἑτέραν
3447 4232 3633 4286 αὐτῶν

378 4342 578 4381 uxores
616 4325 973 4391 dimisL-rant,
1015 4336 1179 4398 atque
1218 4329 1341 4384 aliis
1379 4331 1599 4384 oculum
1634 4331 1949 4401 cupiditatis

2063 4322 2374 4392 μεθίσταται
2404 4323 2750 4392 παρανομίαν
2775 4339 2790 4353 ·
2832 4322 3215 4386 ἐπανελθόντες
3250 4324 3359 4395 γὰρ
3382 4324 3501 4378 ἀπὸ
3530 4323 3633 4394 τῆς

376 4417 728 4487 adiecerant:
780 4425 836 4473 et
882 4419 1004 4475 illas
1056 4420 1276 4490 quidem
1326 4437 1447 4492 quae
1486 4423 1650 4492 longo
1695 4439 1820 4477 cum
1867 4425 1948 4481 eis

2063 4413 2455 4483 ιίχμαλωσίας,
2487 4413 2579 4466 καὶ
2605 4414 2703 4482 τῆς
2741 4413 2847 4467 ὑπὸ
2876 4412 2971 4466 τοῦ
3002 4412 3136 4467 Θεοῦ
3184 4413 3629 4486 παρασχεθείσης

376 4519 619 4580 tempore
664 4511 952 4576 vixerant,
1000 4519 1053 4567 et
1094 4513 1361 4567 malorum
1409 4514 1572 4571 etiam
1617 4515 1948 4584 captivitatis

2063 4506 2234 4567 ιύτοϊς
2264 4503 2568 4575 εὐπραγίας
2601 4504 2996 4573 μετεσχηκότες
3016 4544 3032 4568 ,
3076 4506 3155 4567 εἰς
3199 4504 3503 4559 ἀκόλαστον
3537 4508 3630 4559 ὲκ-

376 4602 669 4671 participes
709 4602 820 4656 illie
858 4601 1114 4667 fuerant,
1150 4601 1312 4673 375
1343 4619 1491 4657 nttnc
1530 4611 1735 4657 temere
1771 4604 1950 4672 cjece-

2063 4595 2350 4665 ιραπέντες
2374 4591 2509 4662 βίον,
2543 4590 2639 4654 τὰς
2673 4590 2909 4662 πρόσθεν
2936 4590 3146 4644 ἑαυτῶν
3178 4592 3442 4659 γυναῖκας
3470 4592 3631 4660 ἠφίε-

377 4701 532 4757 rant,
563 4700 724 4761 atque
768 4693 890 4747 aliis
938 4708 1036 4763 per
1074 4694 1355 4748 libidinem
1411 4695 1781 4750 adhaerebant.
1829 4695 1947 4749 Jam

2063 4703 2170 4744 ταν.
2204 4686 2287 4754 ἐφ’
2323 4683 2516 4754 ἑτέρας
2559 4683 2707 4745 ὅπως
2739 4682 2867 4736 ποτε
2905 4682 3199 4754 τρέποντες
3229 4682 3291 4734 τὸ
3312 4681 3473 4751 δμμα
3493 4699 3510 4714 ο
3536 4682 3632 4736 καὶ

378 4798 501 4837 cum
532 4785 741 4839 nullum
778 4786 994 4839 miseris
1024 4785 1346 4841 mulieribus
1377 4786 1616 4841 ferretur
1644 4788 1905 4841 auxilium
1932 4826 1949 4853 ,

376 4890 480 4929 nec
529 4876 817 4946 quisquam
870 4874 1012 4929 facta
1065 4876 1181 4931 haec
1230 4877 1586 4948 objurgarct,
1635 4880 1951 4933 necessario

378 4964 633 5033 injuriam
672 4965 1137 5036 ignominiamque
1170 4983 1279 5022 non
1313 4968 1550 5023 ferentes
1583 4968 1714 5037 ipsa:
1754 4970 1951 5028 mulies

2050 4776 2149 4839 τὰς
2181 4776 2277 4846 μὲν
2311 4776 2369 4827 ὲν
2416 4776 2611 4845 μακρῷ
2651 4773 2729 4845 τῷ
2756 4775 2931 4845 χρόνῳ
2978 4774 3365 4843 συγγεγονυίας
3400 4775 3630 4838 αὐτοῖς.

2048 4870 2143 4923 καὶ
2178 4867 2243 4939 δὴ
2274 4867 2371 4920 καὶ
2402 4866 2510 4920 τῶν
2544 4866 2686 4919 κατὰ
2732 4867 2832 4937 τὴν
2866 4866 3244 4937 αἰχμαλωσίαν
3291 4867 3483 4921 κακῶν
3517 4868 3631 4922 τῶν

2046 4977 2105 5014 τε
2137 4958 2323 5013 αὐτόθι
2364 4957 2755 5027 ταλαιπωριῶν
2803 4959 3263 5028 κεκοινωνηκυίας
3305 4960 3494 5024 αὐτοῖς
3525 4960 3631 5015 ἀπε

2046 5051 2269 5106 ἐσαλλον
2292 5050 2483 5113 ἀδεῶς.
2507 5049 2592 5118 ἐφ’
2610 5049 2801 5120 ἑτέρας
2826 5049 2882 5103 δὲ
2912 5050 3201 5120 ἐτρέποντο
3221 5051 3279 5117 ιε
3303 5051 3624 5117 ἀκολασίας·

2046 5142 2142 5197 εἶτ’
2165 5142 2424 5212 οὐδεμιᾶς
2451 5139 2701 5194 ἐντεῦθεν
2720 5139 2971 5210 βοηθείας
2994 5140 3413 5213 προσαγομένης
3433 5142 3629 5206 κακῶς

377 5072 503 5120 res,
537 5054 745 5111 idcirco
794 5058 861 5112 ad
908 5056 1076 5112 Deum
1133 5058 1527 5129 confugiebant
1581 5060 1771 5114 multis
1826 5076 1947 5115 cum

376 5142 633 5217 lzn-rymis
685 5146 982 5217 multisque
1026 5150 1356 5217 ejulatibus,
1402 5148 1605 5220 Deique
1656 5151 1948 5220 providen-

376 5243 505 5294 liam
536 5250 591 5294 ut
627 5242 678 5294 in
708 5257 766 5295 re
793 5240 1081 5311 desperata
1116 5242 1501 5313 implorabant.
1540 5241 1830 5313 Propterea
1861 5243 1942 5297 sic

2063 5235 2386 5309 πασχούσαις
2417 5235 2539 5297 ταῖς
2556 5233 2821 5303 γυναιξὶν,
2853 5231 3144 5297 οὐδέττινος
3170 5235 3287 5296 τοῖς
3315 5232 3628 5303 γινομένοις

377 5334 518 5401 loqui
550 5333 721 5402 pergit
751 5349 768 5387 :

2063 5326 2425 5397 επιτιμῶντος,
2447 5324 2758 5393 ἀναγκαίως
2777 5325 2877 5394 τήν
2898 5340 2954 5376 τε
2980 5322 3137 5395 ὓϐριν
3156 5324 3250 5378 καὶ
3270 5323 3370 5396 τὴν
3395 5324 3627 5395 ἀτιμίαν

374 5428 429 5477 αἱ
456 5427 710 5494 γυναῖκες
734 5424 793 5476 οὐ
821 5425 1101 5494 φέρουσαι,
1120 5427 1292 5497 ταύτῃ
1319 5425 1411 5480 ἐπὶ
1434 5425 1523 5479 τὸν
1550 5427 1682 5479 Θεὸν
1712 5427 2049 5497 κατέτρεχον.
2089 5422 2301 5484 πολλοῖς
2326 5419 2425 5490 μὲν
2457 5419 2566 5480 τοῖς
2596 5416 2846 5486 δάκρυσι.
2870 5411 3090 5478 πολλαῖς
3123 5415 3182 5470 δὲ
3208 5418 3329 5479 ταῖς
3354 5416 3626 5485 οἰμωγαῖς

374 5519 728 5589 κεχρημέναι,
766 5519 859 5571 καὶ
895 5518 994 5588 τῆς
1023 5520 1173 5590 παρά
1208 5520 1343 5576 Θεοῦ
1375 5524 1626 5594 προνοίας
1667 5523 1740 5585 ὡς
1783 5522 1841 5575 ὲν
1878 5520 2199 5590 ἀϐοηθήτοις
2230 5515 2476 5581 ἀξιοῦσαι
2499 5515 2695 5584 τυχεῖν.
2745 5510 2918 5582 ’Υπὶρ
2945 5510 3011 5579 δὴ
3038 5509 3241 5563 τούτων
3287 5507 3427 5585 οῦτω
3466 5508 3622 5580 φησί·

451 5659 492 5691 ⁸⁷
540 5657 612 5713 Ps
652 5658 685 5712 l.
722 5671 907 5722 unt,
938 5652 990 5711 6.
