3856 6226
212 279 329 335 613

1142 275 1691 333 COMMENTARIUS
1721 276 1785 331 IN
1826 276 2202 334 MALACIIIE
2243 276 2397 332 CAP.
2433 275 2491 331 ll.

3384 268 3492 325 6M

292 397 441 466 Στίχ.
501 403 590 463 ιγ’.
640 428 705 436 -
751 414 768 446 ι
816 395 925 448 Καὶ
980 393 1151 448 ταῦτα
1188 395 1225 447 ἃ.
1265 393 1489 464 ἑμίσουν
1530 396 1800 449 ἐποιεῖτε·

1982 394 2146 451 Vens.
2184 396 2265 448 15.
2292 423 2359 434 --
2389 412 2406 442 ι
2434 391 2498 445 Ει
2545 390 2662 445 haec
2715 404 2839 460 quae
2886 387 3111 444 oderam
3156 385 3486 445 faciebatis:

214 490 555 542 ἐκαλύπτετε
606 489 836 559 δάκρυσι
894 488 955 540 τὸ
1001 486 1388 557 θυσιαστήριον
1441 488 1665 559 Κυρίου,
1715 489 1809 540 καὶ

216 598 231 630 :
263 580 487 651 λαυθμῷ
532 582 628 633 καί
680 579 969 648 στεναγμῷ
1025 580 1088 630 ἐκ
1133 578 1355 631 κόπωνο
1395 578 1474 631 ἔτι
1504 579 1652 643 ἄξιον
1686 582 1809 631 ὲπιο

214 671 415 741 ϐλέψαι
454 673 535 735 είς
587 672 778 725 θυσίαν
824 671 996 741 ὑμῶν,
1052 671 1085 741 ἢ
1131 670 1262 723 λαϐε
1276 673 1329 723 ῖν
1372 672 1560 725 δεκτὸν
1597 674 1661 724 ἐκ
1701 672 1809 723 τῶν

216 763 455 833 χειρῶν;
509 782 528 814 r
598 762 961 815 Ἐκαλύπτετε
1026 762 1257 832 δάκρυσι
1306 762 1368 815 τὸ
1425 762 1810 832 θυσιαστήριον

215 854 450 925 Κυρίου,
481 861 557 922 (p.
585 853 708 923 555)
726 854 820 906 καὶ
842 852 1106 922 κλαυθμῷ
1129 853 1221 905 καὶ
1244 852 1532 923 στεναγμῷ
1548 869 1563 884 ·
1588 854 1650 906 οὐ
1672 852 1810 924 πρὸς

217 947 354 1009 τοὺς
385 946 739 1016 ὀδυρομένους
784 945 968 1014 φησὶν,
993 944 1129 997 ἀλλὰ
1151 944 1287 1014 πρὸς
1310 944 1435 1007 τοὺς
1456 943 1659 1006 αἰτίους
1684 942 1811 996 τού-

216 1052 317 1087 του
338 1053 353 1065 ο
388 1038 449 1088 οὐ
493 1036 602 1107 γὰρ
630 1037 694 1108 δὴ
728 1040 848 1099 ταῖς
886 1037 995 1090 ἀπὸ
1029 1037 1300 1109 τοσαύτης
1333 1036 1578 1106 ἀνάγκης
1617 1054 1677 1090 τε
1714 1038 1808 1091 καὶ

228 1127 499 1196 ἐπηρείας
537 1129 629 1180 ἐπὶ
660 1129 751 1181 τὸν
780 1129 911 1182 Θεὸν
936 1129 1292 1201 κατατρέχειν
1332 1129 1811 1200 ἀναγκαζομέναις

217 1219 320 1271 καὶ
360 1218 431 1272 τὰ
473 1220 855 1291 συμϐεϐηκότα
907 1221 1095 1283 αὑταῖς
1141 1221 1577 1294 ἁποδυρομέναις
1620 1221 1804 1285 κακὰ,

222 1309 538 1379 μέμφεσθαι
596 1311 828 1382 ἢμελλεν
872 1310 1014 1382 ὑπὲρ
1054 1304 1129 1364 ὧν
1172 1311 1348 1365 ταῦτα
1386 1312 1665 1376 ποιοῦσιν,
1691 1312 1807 1366 ἀλλ’

216 1401 447 1472 εὔδηλον
472 1404 553 1456 ὅτι
576 1406 688 1467 τοῖς
714 1402 959 1458 ἀδικοῦσι
987 1404 1083 1457 καὶ
1118 1404 1227 1457 τῶν
1265 1404 1523 1459 τοιούτων
1548 1405 1806 1475 οἰμωγῶν

216 1511 282 1547 τε
308 1496 403 1548 καί
422 1495 671 1565 δακρύων
709 1496 904 1560 αἰτίοις
934 1495 1311 1566 ἐπιμέμφεται
1341 1488 1584 1560 δικαίως.
1614 1497 1688 1549 Τὸ
1713 1493 1807 1551 οὖν

226 1605 248 1637 ι
272 1587 604 1640 ὲκαλύπτετε
638 1607 656 1639 r
693 1588 840 1655 λέγει
890 1588 1009 1640 ἀντὶ
1045 1586 1169 1651 τοῦ,
1208 1587 1651 1659 Παρεσκευάζετε
1704 1605 1807 1640 κα-

217 1675 539 1729 λύπτεσθαι.
594 1677 855 1729 Ἐποιείτε
891 1676 975 1747 δὴ,
1012 1677 1167 1745 φησι,
1210 1675 1491 1729 καὶτοῦτο
1529 1676 1557 1728 δ
1589 1675 1807 1729 πάντων

223 1764 462 1833 μάλιστα
488 1766 857 1835 ἀπειρημένον
886 1759 954 1835 ἦν
984 1766 1129 1835 ἐμοὶ,
1160 1766 1254 1818 καὶ
1283 1764 1477 1819 πολλοῦ
1511 1782 1574 1833 γε
1612 1766 1806 1836 μίσους

225 1855 553 1923 φαινόμενον
604 1857 781 1920 ἄξιον·
830 1852 911 1919 οἷς
964 1856 1143 1919 καλῶς
1190 1858 1438 1928 ἐπήγαγε
1478 1857 1560 1920 τὸ,
1610 1877 1629 1909 ι
1682 1859 1802 1912 Ἔτι

220 1945 371 2012 ἄξιον
397 1945 685 2015 ἐπιϐλέψαι
715 1948 795 2011 είς
822 1947 1012 2000 θυσίαν
1039 1947 1214 2018 ὑμῶν,
1249 1948 1281 2018 ἢ
1318 1947 1502 2000 λαϐεῖν
1530 1949 1717 2002 δεκτόν
1741 1951 1804 2002 ὲκ

215 2036 330 2089 τῶν
354 2038 550 2107 χειρῶν
580 2038 763 2106 ὑμῶνς
813 2060 832 2090 r
869 2039 991 2102 Πῶς
1011 2039 1120 2111 γὰρ
1152 2038 1237 2110 δὴ,
1281 2041 1433 2110 φησὶ,
1462 2040 1555 2092 καὶ
1584 2040 1806 2093 δυνατὸν

220 2129 258 2197 ἦ
291 2128 482 2182 θυσίαν
508 2131 540 2199 ἦ
584 2130 710 2183 ἄλλο
734 2148 785 2183 τι
814 2130 921 2185 τῶν
951 2134 1081 2202 παρ’
1104 2132 1258 2201 ὑμῶν
1289 2132 1806 2203 προσκομιζομένων

219 2219 477 2283 δέξασθαί
540 2237 629 2290 με,
690 2220 797 2273 τῶν
859 2221 1132 2288 γυναικῶν
1198 2220 1307 2273 τῶν
1376 2221 1655 2292 ὑμετέρων
1712 2222 1806 2273 ἐπὶ

220 2308 511 2372 τοσαύταις
545 2309 779 2372 ἀδικίαις
807 2326 867 2361 τε
906 2310 1001 2362 καὶ
1033 2311 1339 2380 παροινίαις
1372 2310 1437 2374 ἃς
1473 2311 1805 2382 ὑπομένουσι

222 2404 357 2471 παρ’
409 2401 582 2471 ὑμῶν,
638 2402 874 2473 τοσούτῳ
935 2403 1032 2473 μὲν
1084 2402 1370 2474 κλαυθμῷ,
1410 2402 1685 2466 τοσούτοις
1748 2403 1806 2456 δὲ

220 2493 479 2563 ὀδυρμοῖς
504 2495 590 2546 ἐπ’
622 2494 755 2564 ἐμοῦ
782 2493 1176 2565 κεχρημένων;
1217 2494 1282 2557 ἃς
1313 2495 1559 2565 παριδεῖν
1587 2496 1689 2548 οὐκ
1718 2495 1807 2547 εύ-

222 2586 436 2655 πρεπὲς
490 2587 640 2657 ἐμοί’
682 2588 822 2640 ὥστε
873 2591 921 2641 εί
973 2587 1196 2651 καὶτὰς
1241 2589 1319 2650 εἰς
1371 2588 1470 2658 ἐμὲ
1517 2588 1807 2659 γινομένας

223 2675 381 2744 ὑμῶν
406 2674 779 2745 πλημμελείας
814 2676 1118 2747 παρίδοιμι,
1151 2675 1265 2728 ἀλλ’
1295 2675 1355 2727 οὔ
1386 2678 1438 2728 τί
1462 2693 1523 2743 γε
1558 2677 1659 2739 τὰς
1689 2676 1807 2729 ἁδι-

220 2766 349 2828 κίας
379 2766 695 2837 παρόψομαι
726 2767 834 2819 τῶν
853 2766 1108 2838 γαμετῶν
1135 2766 1242 2820 τῶν
1274 2767 1557 2837 ὑμετέρων
1577 2783 1590 2795 ·
1622 2769 1805 2837 ὅμοιον

219 2856 283 2911 δέ
314 2858 433 2910 ἐστι
461 2856 542 2927 τῷ
578 2857 672 2911 τοῦ
716 2859 921 2928 Κυρίου
959 2860 1018 2911 ἐν
1076 2859 1189 2920 τοῖς
1231 2856 1587 2926 Εὑαγγελίοις
1625 2858 1810 2925 λέγον-

221 2965 335 3012 τος,
386 2966 403 2998 ι
429 2948 552 3001 Ἐὰν
607 2949 923 3020 προσφέρῃς
970 2948 1032 3002 τὸ
1081 2948 1251 3020 δῶρόν
1309 2965 1401 3001 σου
1463 2950 1555 3001 ἐπὶ
1600 2948 1663 3001 τὸ
1718 2948 1810 3000 θυ-

226 3040 565 3110 σιαστήριον,
590 3042 681 3093 καὶ
718 3041 834 3093 ἐκεῖ
858 3040 1104 3112 μνησθῇς
1130 3042 1210 3094 ὅτι
1241 3043 1270 3094 ὁ
1307 3040 1533 3107 ἀδελφός
1569 3057 1663 3093 σου
1693 3039 1804 3109 ἔχει

222 3148 278 3183 τι
318 3133 459 3184 κατὰ
497 3130 613 3195 σοῦ,
656 3133 788 3200 ἄφες
822 3135 938 3187 ἐκεῖ
968 3133 1030 3185 τὸ
1077 3132 1249 3203 δῶρόν
1284 3150 1377 3186 σου
1402 3134 1493 3185 ἐπὶ
1523 3131 1584 3183 τὸ
1614 3132 1803 3184 θυσια-

218 3228 575 3298 στήριον,γ.ο.ὶ
602 3222 777 3289 ὕπαγε
816 3221 1052 3294 πρῶτον,
1103 3222 1441 3293 διαλλάγηθι,
1468 3219 1545 3291 τῷ
1590 3219 1804 3289 ἀδελφῷ

224 3328 346 3377 σου,
362 3321 455 3372 καὶ
468 3323 589 3376 τότε
602 3316 772 3372 ἐλθὼν
791 3318 996 3390 πρόσφε
1006 3335 1064 3389 ρε
1078 3317 1135 3370 τὸ
1148 3316 1322 3371 δῶαόν
1336 3330 1449 3367 σου.
1465 3333 1482 3363 ι
1495 3316 1509 3376 (
1517 3310 1701 3381 μὸὅό)
1715 3313 1803 3375 Ὠς

224 3406 338 3477 γὰρ
366 3407 482 3458 ἐκεῖ
518 3406 775 3477 περιττὴν
804 3404 941 3459 εἶναι
980 3405 1126 3475 λέγει
1176 3406 1276 3478 τὴν
1316 3405 1689 3476 προσκομιδὴν
1726 3404 1802 3475 μὴ

223 3497 322 3551 τοῦ
354 3500 681 3572 ἠδικημένου
707 3500 1133 3572 θεραπευθέντος
1159 3501 1445 3573 πρότερον,
1469 3501 1641 3565 οὕτως
1663 3503 1800 3555 κάν-

1911 488 2246 557 opertebatis
2280 485 2537 555 lacryniis
2570 484 2744 539 altare
2772 481 3024 542 Domini,
3060 487 3116 534 et
3152 480 3376 551 planctu
3412 494 3481 533 ac

1910 580 2111 651 gemitu
2142 579 2212 633 de
2255 578 2557 632 laboribus.
2604 574 2873 630 Adhucne
2914 574 3140 644 dignum
3188 579 3275 628 est
3314 574 3493 642 respi-

1913 686 2039 726 cere
2098 668 2472 731 sacrificium,
2533 675 2630 723 aut
2681 668 2967 737 suscipere
3025 666 3362 735 acceptabile
3422 664 3493 720 de

1912 761 2166 817 manibus
2197 761 2439 816 vestris?
2467 780 2485 811 ι
2507 758 2852 830 Operiebatis
2892 758 3150 829 lacrymis
3183 758 3353 812 altare
3383 754 3495 812 Do-

1913 852 2078 915 mini,
2110 862 2167 907 et
2194 853 2416 923 planctu
2449 867 2513 907 ac
2542 854 2746 922 gemitu
2776 869 2793 917 ;
2832 850 2979 921 quod
3008 865 3115 903 non
3149 849 3218 904 de
3257 849 3492 920 lugenti—

1912 942 2017 998 bus
2052 942 2219 1005 dicit,
2249 942 2347 998 sed
2383 943 2450 997 de
2482 943 2549 997 iis
2578 943 2673 1013 qui
2701 942 2922 1014 lugendi
2953 956 3123 995 causa
3155 949 3334 995 erant.
3370 940 3490 995 Non

1910 1035 2055 1090 enim
2088 1034 2231 1091 Deus
2262 1036 2582 1092 mulieribus
2614 1052 2735 1106 qua:
2767 1052 2833 1091 ex
2877 1036 3047 1091 tantis
3090 1035 3361 1104 angustiis
3395 1044 3481 1087 at-

1911 1143 2019 1198 que
2069 1128 2270 1197 injuria
2316 1129 2384 1183 ad
2417 1144 2476 1185 se
2504 1128 2803 1199 confugere
2833 1127 3191 1198 cogebantur,
3224 1139 3493 1194 suamque

1911 1222 2276 1276 calamitatem
2293 1222 2921 1291 deflebant,exprobratu
2931 1236 3025 1275 rus
3040 1226 3157 1273 erat
3174 1217 3319 1288 quod
3341 1218 3413 1271 ita
3431 1230 3493 1271 se

1911 1323 2199 1381 gererent;
2229 1313 2321 1367 sed
2354 1322 2536 1382 patet,
2575 1312 2745 1366 Deum
2782 1312 3039 1381 injuriam
3072 1308 3403 1363 facientibus
3435 1313 3492 1361 et

1911 1402 2225 1470 hujusmodi
2245 1405 2556 1475 ploratuum
2573 1420 2635 1458 ac
2653 1405 3023 1475 lacryniarum
3043 1402 3364 1456 auctoribus
3383 1415 3492 1455 mc-

1910 1491 2015 1542 rito
2047 1491 2233 1546 irasci.
2262 1492 2405 1563 Ergo
2442 1512 2460 1544 ι
2484 1493 2816 1561 operiebatis
2845 1511 2864 1543 ι
2900 1491 3052 1554 dicit,
3087 1506 3205 1560 pro.
3237 1490 3493 1560 opericna

1910 1580 2039 1633 dum
2073 1583 2371 1637 curabatis.
2418 1581 2477 1635 id
2516 1596 2646 1637 vero
2691 1582 2939 1653 agebatis
2980 1580 3127 1651 quod
3163 1597 3194 1634 a
3230 1597 3316 1635 me
3353 1595 3489 1648 pra:-

1910 1673 2067 1742 cipue
2101 1675 2324 1729 vetitum
2357 1682 2477 1738 est,
2511 1676 2793 1745 multoque
2826 1674 2955 1730 odio
2986 1674 3209 1746 dignum
3242 1682 3485 1743 apparet.

1840 1748 1879 1802 Β
1908 1764 2118 1830 Quibus
2153 1766 2414 1834 praeclare
2446 1766 2598 1822 addit
2624 1785 2640 1821 :
2669 1785 2688 1817 ι
2720 1765 2860 1820 Num
2908 1766 3133 1836 dignum
3178 1764 3359 1819 adhuc
3402 1774 3489 1819 est

1907 1870 1994 1908 me
2039 1855 2106 1909 ad
2151 1865 2395 1911 vestrum
2445 1857 2780 1912 sacriﬁcium
2828 1857 3139 1927 respicere,
3186 1856 3272 1911 vel
3311 1856 3487 1926 quod-

1906 1946 2035 2001 libet
2078 1948 2146 2003 de
2189 1949 2444 2003 manibus
2477 1949 2677 2003 vestris
2722 1965 2926 2004 munus
2964 1948 3262 2019 accipere?
3294 1966 3313 2000 ι
3349 1947 3485 2001 Nam

1905 2040 1998 2107 qtti
2062 2039 2177 2092 lieri
2233 2042 2433 2109 poterit
2485 2049 2545 2093 ut
2598 2056 2698 2110 ego
2747 2040 3080 2095 sacriﬁcium
3132 2042 3215 2095 vel
3264 2040 3489 2110 quidvis

1906 2132 2052 2184 aliud
2083 2146 2111 2183 a
2140 2132 2293 2185 vobis
2317 2133 2563 2187 oblatum
2597 2132 2885 2185 admittam
2907 2172 2922 2195 ,
2953 2132 3195 2202 quandiu
3228 2132 3487 2187 mulieres

1905 2234 2102 2277 vestra:
2150 2226 2204 2278 in
2251 2234 2329 2279 tot
2378 2226 2595 2295 injuriis
2630 2241 2694 2279 ac
2734 2226 3054 2293 petulantiis
3093 2240 3233 2295 quas
3266 2240 3296 2279 a
3327 2224 3488 2279 vobis

1906 2316 2210 2385 patiuntur,
2261 2324 2415 2371 tanto
2464 2334 2550 2373 me
2595 2318 2799 2387 gemitu
2849 2318 3173 2387 ploratuque
3216 2316 3491 2387 pulsant?

1906 2423 2047 2476 quas
2074 2409 2395 2478 aspernari,
2430 2410 2751 2465 indecorum
2788 2411 2924 2465 mihi
2964 2410 3143 2464 foret:
3176 2410 3313 2464 adeo
3346 2417 3406 2464 ut
3438 2412 3487 2465 si

1909 2501 2055 2554 forte
2081 2509 2306 2570 peccata
2335 2512 2515 2557 vestra
2542 2503 2807 2560 adversus
2837 2520 2922 2561 me
2948 2504 3276 2574 negligerem
3297 2544 3312 2569 ,
3340 2503 3488 2558 baud

1907 2600 2091 2646 tamen
2148 2604 2457 2650 vestrarum
2512 2611 2744 2651 uxorum
2800 2597 3032 2666 injurias
3084 2610 3244 2665 aequo
3300 2595 3489 2650 animo

1910 2697 2175 2751 passurus
2209 2684 2337 2739 sim.
2373 2685 2482 2739 Par
2510 2701 2643 2741 vero
2676 2686 2779 2742 hoc
2819 2694 2906 2742 est
2954 2684 3170 2742 Domini
3218 2686 3275 2742 in
3308 2684 3489 2741 Evan-

1910 2775 2066 2842 geliis
2092 2774 2294 2829 effato:
2333 2795 2350 2826 ι
2383 2775 2439 2830 Si
2467 2776 2670 2832 oﬂeras
2705 2793 2906 2832 munus
2954 2786 3107 2832 tuum
3163 2776 3229 2831 ad
3284 2778 3488 2842 altare,

1910 2865 2092 2934 ibique
2127 2866 2454 2922 recordatus
2489 2869 2664 2923 fueris
2700 2869 2922 2924 fratrem
2958 2878 3112 2923 tuum
3148 2869 3350 2923 habere
3389 2870 3489 2923 ali-

1908 2957 2039 3026 quid
2084 2960 2349 3016 adversns
2379 2969 2431 3014 te
2453 3002 2470 3025 ,
2506 2962 2756 3031 relinque
2789 2964 2862 3017 ibi
2899 2979 3099 3017 munus
3133 2962 3301 3033 376
3334 2972 3489 3018 tuum

1911 3047 1965 3101 in
1999 3049 2199 3113 altari,
2229 3060 2283 3104 et
2312 3052 2452 3105 vade
2488 3053 2638 3121 prius
2683 3053 3027 3107 reconciliari
3076 3054 3233 3107 fratri
3277 3064 3403 3112 tuo,
3436 3061 3490 3106 et

1912 3145 2045 3192 tunc
2096 3140 2325 3194 veniens
2375 3139 2510 3194 oll‘er
2562 3156 2761 3196 munus
2810 3151 2963 3195 tuum
2997 3143 3063 3198 ⁸⁸.
3100 3162 3118 3192 ι
3153 3141 3399 3212 Namque
3430 3149 3491 3195 ut

1912 3228 2026 3281 illic
2058 3244 2252 3284 vanam
2300 3246 2424 3285 esse
2458 3232 2593 3284 dicit
2634 3235 2966 3288 oblationem
3018 3243 3312 3305 antequam
3357 3235 3490 3288 lieso

1912 3320 2187 3387 satisfiat;
2243 3324 2315 3377 ita
2352 3339 2499 3377 nunc
2547 3326 2624 3378 ait
2659 3342 2764 3379 non
2798 3342 2955 3396 posse
2991 3327 3195 3396 aliquid
3236 3328 3303 3379 de
3332 3326 3490 3380 vobis

1911 3412 2117 3481 suscipi
2149 3413 2392 3467 oblatum
2418 3454 2433 3476 ,
2467 3416 2710 3483 quandiu
2736 3416 2836 3470 bas
2869 3417 2941 3470 ita
2971 3431 3002 3470 a
3033 3417 3187 3470 vobis
3221 3417 3489 3486 injuriose

1911 3511 2170 3560 tractatas
2204 3521 2392 3560 cerno.

224 3591 405 3645 ταῦθά
431 3609 616 3663 φησιν,
647 3594 730 3647 ὅτι
762 3594 837 3665 μὴ
874 3593 1096 3647 δυνατόν
1124 3612 1191 3659 με
1219 3594 1474 3661 δέξασθαί
1503 3611 1557 3647 τι
1585 3595 1710 3647 παρ’
1733 3592 1887 3664 ὑμῶν
1916 3598 2381 3669 προσφερόμενον,
2407 3599 2506 3662 τὰς
2531 3599 2755 3653 τοιαῦτα
2795 3602 2924 3672 παρ’
2958 3601 3112 3673 ὑμῶν
3151 3601 3490 3673 ὴδικημένας

225 3687 461 3757 ὁρῶντα.

242 3762 254 3771 ’
300 3776 446 3847 Στίχ.
483 3776 563 3838 ιδ’,
590 3783 670 3830 ιε’.
691 3809 760 3820 -
781 3796 799 3827 ι
836 3778 944 3832 Καὶ
964 3778 1407 3841 εἵπατε,Ἔνεκεν
1430 3777 1606 3844 τίνος;
1641 3777 1814 3830 »Κάν-

224 3868 407 3921 ταῦθα
438 3868 601 3922 πάλιν
636 3870 697 3921 τὸ
728 3887 747 3921 ι
793 3870 983 3922 εἴπατε
1033 3888 1052 3920 r
1094 3868 1293 3939 ὁμοίως
1328 3867 1499 3922 εἰπὼν
1535 3869 1657 3923 ἀντὶ
1690 3867 1807 3932 τοῦ,

225 3962 341 4014 Καὶ
362 3961 757 4032 διαπράττεσθε
791 3963 1013 4015 τοσοῦτο
1052 3964 1242 4029 κακὸν,
1272 3963 1347 4026 ὡς
1378 3961 1535 4015 οὐθὲν
1581 3961 1808 4032 ἐργαζό-

230 4071 419 4126 μενοι,
482 4054 738 4123 τοιαύτην
799 4054 921 4107 τινὰ
975 4052 1214 4107 διάθεσιν
1282 4055 1375 4107 ἐπὶ
1442 4055 1508 4123 τῇ
1565 4051 1802 4123 τοσαύτῃ

228 4147 555 4217 κεκτημένοι
599 4148 936 4216 παρανομίᾳ.
962 4138 1095 4197 Εἶτα
1133 4144 1348 4208 δεικνὺς
1389 4143 1483 4197 τοῦ
1520 4142 1801 4213 γινομένου

224 4239 329 4308 τὴν
358 4238 621 4303 ἀτοπίαν,
669 4239 902 4306 ἐπάγει·
950 4238 1103 4292 ι”Οτι
1160 4236 1362 4307 Κύριος
1402 4234 1804 4307 διεμαρτύρατο

226 4330 336 4385 ἀνὰ
389 4332 552 4402 μέσον
609 4348 701 4384 σου
763 4330 858 4385 καὶ
914 4330 1020 4383 ἀνὰ
1075 4329 1239 4399 μέσον
1303 4326 1558 4396 γυναικὸς
1615 4325 1803 4395 νεότη-

227 4422 320 4486 τός
373 4438 490 4484 σου,
536 4423 602 4489 ἦν
648 4420 1024 4488 ἐγκατέλιπες,
1070 4420 1164 4471 καὶ
1192 4417 1330 4487 αὑτὴ
1382 4417 1635 4479 κοινωνός
1686 4433 1799 4479 σου,

228 4512 328 4567 καὶ
360 4512 499 4583 γυνὴ
538 4512 802 4583 διαθήκης
859 4528 985 4565 σου·
1048 4511 1141 4563 καὶ
1199 4509 1299 4562 οὐκ
1343 4508 1499 4571 ἄλλος
1558 4507 1803 4576 ἐποίησε,

228 4598 328 4653 καὶ
364 4599 680 4671 ὑπόλειμμα
741 4599 1050 4671 πνεύματός
1103 4616 1218 4652 σου.
1260 4618 1279 4650 r
1334 4595 1477 4665 Ἐγὼ
1534 4596 1633 4667 μὲν
1671 4597 1803 4667 γὰρ,

228 4691 416 4759 φησὶν,
456 4690 661 4745 ἄνωθεν
712 4692 806 4744 καὶ
843 4693 907 4744 ἐκ
947 4690 1169 4762 πρώτης
1205 4688 1536 4759 διεταξάμην
1573 4689 1671 4758 τῆς
1711 4688 1806 4757 δη-

231 4784 520 4854 μιουργίας
556 4784 770 4853 πατέρα
809 4800 867 4836 τε
904 4785 1000 4837 καὶ
1032 4782 1245 4853 μητέρα
1295 4782 1575 4850 ἀφιέντας.
1605 4784 1672 4851 τῇ
1704 4798 1803 4849 γυ-

228 4874 380 4927 ναικὶ
416 4872 851 4943 προσκολλᾶσθαι
889 4876 956 4944 τῇ
1001 4872 1128 4944 ἰδίᾳ.
1162 4873 1238 4936 ὡς
1264 4871 1331 4925 ἂν
1371 4868 1479 4924 εἶεν
1510 4872 1589 4934 είς
1628 4871 1808 4943 σάρκα

231 4962 363 5033 μίαν
392 4965 442 5016 οί
464 4963 557 5017 δύο
571 4979 585 4992 ·
613 4964 771 5034 ὑμεῖς
794 4964 852 5017 δὲ
875 4963 1129 5017 τοσοῦτον
1160 4962 1267 5018 τῶν
1288 4962 1468 5034 νόμων
1491 4961 1807 5033 ἠμελήκατε

1984 3774 2148 3829 Vens.
2185 3776 2272 3839 14,
2300 3777 2389 3832 15.
2413 3807 2485 3817 -
2516 3796 2535 3830 ι
2568 3777 2634 3831 Et
2662 3778 2908 3843 dixistis,
2937 3779 3095 3834 Cur?
3122 3797 3143 3831 ι
3175 3777 3289 3834 Hoc
3318 3780 3487 3835 etiam

1907 3868 2031 3922 loco
2065 3884 2259 3923 rursus
2288 3870 2519 3925 verbum
2549 3865 2953 3933 «dixistis,rait,
2975 3885 3097 3940 pro,
3129 3876 3339 3925 tantum
3370 3884 3490 3923 mar-

1907 3962 2017 4015 lum
2067 3960 2300 4031 egistis;
2350 3971 2404 4017 et
2446 3964 2607 4033 quasi
2655 3962 2792 4017 nihil
2841 3961 3104 4031 egeritis,
3159 3959 3263 4014 hoc
3313 3960 3487 4015 animi

1912 4054 2100 4108 habitu
2157 4056 2292 4111 estis
2322 4056 2378 4109 in
2407 4062 2558 4109 tanta
2621 4052 2887 4122 nequitia.
2939 4051 3136 4106 Postea
3188 4051 3490 4107 ostendens

1911 4149 1987 4203 rei
2026 4157 2160 4202 actae
2188 4149 2512 4217 pravitatem
2537 4188 2552 4213 ,
2589 4145 2778 4199 addit:
2809 4165 2826 4195 ι
2856 4143 3037 4198 Testis
3081 4150 3166 4198 est
3215 4142 3489 4199 Dominus

1913 4241 2053 4295 inter
2083 4250 2134 4293 te
2168 4246 2223 4293 et
2265 4253 2490 4293 uxorem
2538 4236 2922 4293 adolesrentia:
2954 4244 3096 4300 tuae,
3129 4250 3296 4305 quam
3330 4233 3490 4291 dese-

1912 4332 2111 4386 ruisti:
2184 4344 2495 4399 quanquam
2560 4329 2680 4398 ipsa
2739 4328 3014 4398 particeps
3072 4334 3164 4380 tua
3219 4334 3370 4391 erat,
3427 4336 3485 4381 et

1910 4437 2052 4476 ustor
2105 4421 2331 4475 foederis
2380 4420 2481 4475 tui.
2535 4418 2690 4473 Haud
2746 4419 2891 4473 alius
2946 4422 3049 4472 hoc
3104 4416 3234 4471 fecit
3277 4419 3486 4493 (idcs',

1912 4513 2133 4582 nuptias
2183 4512 2501 4581 c0pulavit,
2556 4512 2660 4567 nisi
2714 4510 2899 4580 Deus)
2948 4519 3004 4565 et
3059 4517 3190 4565 sunt
3242 4509 3490 4580 reliquiae

1915 4606 2143 4674 spiritus
2173 4604 2273 4659 tui.
2308 4623 2327 4655 ι
2356 4602 2621 4673 Equidem
2643 4643 2657 4667 ,
2687 4603 2902 4672 inquit,
2934 4602 3067 4656 olim
3113 4610 3169 4657 et
3209 4602 3280 4657 ab
3329 4602 3491 4656 initio

1912 4693 2177 4748 constitui
2210 4692 2537 4757 creationis,
2567 4703 2627 4746 ut
2663 4691 2800 4755 viri,
2844 4699 2997 4760 patre
3036 4705 3101 4745 ac
3139 4698 3317 4745 matre
3351 4690 3486 4745 reli-

1913 4792 2004 4840 cta
2029 4827 2045 4850 ,
2081 4783 2238 4843 uxori
2270 4782 2504 4852 propria:
2531 4782 2905 4846 adhaererent,
2937 4789 2994 4833 nt
3041 4780 3151 4835 duo
3204 4788 3393 4837 essent
3430 4780 3492 4835 in

1910 4890 2076 4931 carne
2105 4890 2251 4930 una:
2285 4889 2387 4929 vos
2419 4888 2548 4929 vero
2582 4880 2871 4943 tantopere
2913 4873 3060 4944 leges
3111 4887 3263 4928 meas
3303 4872 3486 4944 negle-

1912 4968 2074 5023 xistis
2109 4976 2168 5021 ut
2198 4966 2455 5023 feminam
2495 4966 2592 5020 tibi
2634 4966 2842 5035 nuptiis
2875 4966 2945 5020 ab
2988 4963 3361 5021 adolescentia
3394 4978 3489 5019 co-

228 5053 341 5106 τῶν
368 5054 537 5123 ἐμῶν,
568 5053 709 5108 ὥστε
735 5055 834 5125 τὴν
884 5056 952 5108 ὲκ
1004 5054 1251 5125 νεότητός
1314 5070 1397 5107 σοι
1446 5053 1805 5123 συναφθεῖσαν

1911 5065 2149 5129 putatam
2175 5098 2191 5122 ,
2228 5067 2281 5113 et
2311 5058 2435 5112 vita:
2469 5066 2576 5113 tuae
2606 5057 2857 5121 sociam,
2892 5057 3043 5112 nulla
3086 5057 3495 5113 interveniente

230 5144 372 5216 πρὸς
399 5144 599 5213 γάμον,
636 5146 732 5198 καὶ
765 5144 1020 5197 κοινωνόν
1071 5161 1152 5196 σοι
1201 5142 1295 5196 τοῦ
1343 5142 1457 5212 βίου
1496 5145 1805 5211 γεγονυῖαν,

228 5235 430 5300 παντὸς
465 5237 686 5306 ἀφιέναι
740 5236 861 5307 δίχα
907 5236 1068 5303 λόγου
1119 5235 1221 5304 τῆς
1269 5235 1445 5297 οἰκίας
1492 5232 1803 5306 ἐξωθούμε-

227 5343 320 5390 νος
339 5325 451 5396 (69)
485 5328 585 5398 τῆς
616 5327 769 5394 ιδίας,
804 5328 941 5400 πρὸς
974 5327 1041 5399 ἢν
1067 5326 1312 5380 τοιαῦταί
1336 5343 1417 5379 σοι
1450 5325 1537 5380 διὰ
1556 5326 1664 5379 τῶν
1699 5342 1803 5394 γα-

231 5417 412 5489 μικῶν
446 5418 629 5490 νόμων
644 5418 783 5472 είσὶν
808 5420 864 5473 αἱ
886 5418 1153 5490 συνθῆκαι
1176 5435 1190 5449 °
1230 5417 1303 5482 ὡς
1330 5416 1396 5472 ἂν
1433 5417 1532 5488 μία
1555 5434 1613 5470 τε
1653 5417 1799 5488 εἴητε

305 5571 352 5601 ⁸⁸
375 5570 565 5629 Matth.
590 5590 646 5639 v,
677 5573 766 5628 2'5.

306 5708 416 5776 (69)
447 5706 581 5769 Cod.
612 5727 641 5762 ν
666 5723 765 5780 pro
786 5725 834 5773 ς.

1908 5164 2079 5205 causa
2112 5149 2275 5204 domo
2309 5150 2528 5219 propria
2559 5150 2775 5220 pulsam
2828 5149 3162 5215 dimittatis;
3213 5164 3339 5204 cum
3380 5166 3487 5219 qua

1914 5249 2097 5296 tamen
2130 5250 2241 5295 tam
2278 5256 2444 5311 grave
2475 5243 2763 5297 exstiterat
2791 5257 2857 5297 ex
2893 5241 3238 5312 nuptialibus
3274 5240 3492 5312 legibus

1913 5331 2135 5399 fcedus;
2171 5342 2229 5387 ut
2260 5347 2457 5404 nempe
2488 5348 2620 5388 caro
2658 5348 2766 5387 una
2803 5333 3002 5389 essetis
3025 5372 3041 5397 ,
3079 5339 3134 5387 et
3171 5331 3491 5387 communia

1910 5424 2094 5482 omnia
2129 5426 2269 5483 inter
2296 5442 2394 5484 vos
2426 5424 2722 5485 haberetis.
2755 5424 2956 5485 Postea
2990 5425 3351 5482 nihilominus
3382 5423 3492 5480 hac
