3804 6220
384 279 487 342 (τίῦ

1582 274 1933 334 TlIEODORI
1967 277 2453 337 MOPSUESTENI

379 399 646 462 dimissa,
706 403 817 450 tam
883 395 1121 464 legitime
1163 395 1270 449 tibi
1333 393 1624 464 c0pulata,
1683 394 1750 448 ad
1805 395 1962 447 aliam

2095 394 2230 467 πάρξ,
2271 397 2367 449 καὶ
2414 395 2568 450 κοινά
2599 396 2816 466 ἡγοῖσθε
2854 395 2921 450 τά
2955 397 3220 468 ἀλλήλων.
3274 393 3410 453 Εἶτα
3447 399 3649 472 ταύτην

383 488 967 547 lihidinestimulante
1004 487 1271 540 transilis.
1318 485 1502 556 Neque
1536 485 1670 540 illud
1706 496 1965 556 reputas,

381 585 606 654 nuptias
661 582 733 635 ob
794 579 1014 651 generis
1077 579 1488 634 successionem
1553 586 1852 638 constare,
1910 585 1968 632 ut

382 675 555 745 stirps
631 674 906 733 humana,
940 685 1063 740 quai
1091 681 1268 724 morte
1307 669 1710 740 exstinguitur,
1763 669 1971 723 libero-

380 775 503 815 rum
569 761 823 830 genitura
884 768 1265 814 conservetur.
1325 758 1700 824 Quamobrem
1762 759 1970 829 nuptiae

383 852 755 906 successionis
783 850 1285 904 machinamentum
1320 867 1349 904 a
1387 849 1500 906 Deo
1528 852 1764 905 inventa:
1793 858 1922 905 sunt
1947 870 1964 906 :

384 946 435 999 id
465 946 609 999 enim
647 946 802 997 aiunt
833 945 996 998 verba
1024 962 1042 995 ι
1067 944 1311 1013 reliquiae
1344 943 1574 1012 spiritus
1605 944 1686 996 tui
1710 962 1756 1008 ,ι
1782 942 1836 996 id
1857 955 1963 1007 est,

383 1052 507 1090 eum
557 1037 846 1106 praesentis
901 1036 1167 1104 temporis
1221 1036 1389 1088 vitam
1437 1034 1714 1104 deponere
1765 1034 1968 1089 debeas

384 1129 401 1196 (
431 1136 594 1198 prout
626 1128 831 1182 dictmn
873 1137 1010 1189 est,i
1036 1127 1207 1179 exibit
1238 1126 1467 1195 spiritus
1498 1127 1618 1196 ejus
1642 1167 1657 1188 ,
1695 1132 1752 1180 et
1783 1141 1968 1180 rever-

381 1227 529 1274 tetur
561 1220 724 1274 homo
759 1220 810 1273 in
852 1219 1126 1288 pulverem
1164 1233 1322 1272 suum
1350 1217 1397 1249 ⁸⁸
1426 1235 1444 1268 ι
1470 1215 1570 1288 )ne
1592 1226 1742 1272 totus
1785 1220 1968 1287 perire

381 1312 657 1375 videaris,
704 1310 930 1380 reliquit
977 1310 1076 1364 tibi
1125 1308 1270 1364 Deus
1303 1309 1712 1364 successionem
1760 1325 1970 1364 memo-

381 1405 478 1460 rite
505 1405 702 1466 instar,
735 1412 787 1456 et
822 1401 1106 1457 residuum
1135 1401 1459 1456 substantia}
1488 1415 1807 1470 persomeve
1836 1409 1963 1456 tum.

383 1495 460 1550 Ea
501 1507 726 1566 propter
757 1494 1139 1565 respicientem
1176 1503 1228 1547 te
1262 1493 1328 1547 ad
1361 1493 1672 1560 nuptiarum
1704 1508 1927 1546 causam
1950 1531 1964 1555 ,

381 1588 670 1657 oportebat
700 1585 863 1656 377
897 1602 1012 1641 rem
1053 1587 1193 1639 hanc
1221 1585 1494 1645 revereri,
1523 1600 1699 1652 neque
1737 1600 1968 1653 peccare

381 1687 577 1732 contra
613 1679 760 1748 leges
792 1679 976 1733 dehis
1011 1694 1040 1730 a
1075 1677 1184 1730 Deo
1223 1676 1530 1746 antiquitus
1576 1676 1813 1744 positas,
1869 1675 1964 1730 sed

2067 491 2224 557 ἀφεὶς
2249 489 2347 561 τὴν
2372 490 2465 542 ἐπὶ
2487 488 2751 553 τοιούτοις
2785 507 2866 543 σοι
2908 491 3288 560 συναφθείσαν,
3332 493 3418 561 ἐφ’
3460 491 3652 562 ἑτέραν

2071 579 2292 650 μετῄεις
2321 580 2378 646 ἐξ
2410 581 2735 644 ἀκολασίαςο
2789 582 2913 635 οὐδὲ
2961 584 3134 635 ἐκεῖνο
3171 582 3523 652 λογισάμενος
3563 583 3647 634 ὅτι

2069 673 2162 726 ἐπὶ
2198 673 2414 745 διαδοχῇ
2457 673 2647 742 γένους
2681 675 2709 725 ὁ
2756 674 2935 744 γάμος
3003 676 3356 744 συνέστηκεν,
3395 676 3472 741 (p.
3520 673 3646 739 55ῗὲ)

2069 766 2156 818 ἵνα
2193 765 2411 836 θανάτῳ
2457 765 2909 836 διαφθειρόμενον
2943 766 3004 818 τὸ
3032 766 3187 834 γένος
3209 763 3554 834 ἁνασὼζηται
3587 767 3651 835 τῇ

2067 859 2411 929 τεκνογονίςι·
2449 857 2588 912 ὥστε
2629 863 2657 912 6
2706 861 2883 930 γάμος
2930 860 3227 930 μηχάνημα
3266 861 3364 930 τῆς
3404 858 3654 929 διαδοχῆς

2068 950 2296 1023 εὓρηται
2330 950 2483 1023 παρά
2509 951 2604 1004 τοῦ
2637 952 2804 1004 Θεοῦο
2832 951 2990 1004 τοῦτο
3029 951 3139 1022 γὰρ
3175 951 3322 1020 λέγει
3357 951 3418 1005 τὸ
3455 972 3474 1003 ι
3521 950 3654 1004 ὑπόο

2067 1041 2274 1112 λειμμα
2305 1042 2615 1112 πνεύματός
2645 1059 2761 1104 σου,
2813 1062 2832 1093 ι
2870 1044 2990 1095 ἀντὶ
3022 1043 3138 1102 τοῦ,
3201 1043 3421 1113 Ἐπειδὴ
3461 1044 3652 1096 ἀποτί-

2069 1135 2259 1190 θεσθαι
2315 1135 2530 1207 μέλλεις
2583 1136 2678 1189 τοῦ
2727 1137 2996 1207 παρόντος
3043 1136 3159 1206 βίου
3194 1135 3291 1206 τὴν
3328 1137 3495 1207 ζωὴν,
3542 1131 3655 1190 οἷόν

2068 1229 2182 1279 ἐστι
2220 1229 2300 1289 τὸ,
2337 1246 2356 1278 ι
2417 1226 2788 1291 Ἐξελεύσεται
2834 1228 2897 1279 τὸ
2947 1229 3162 1298 πνεῦμα
3210 1228 3373 1281 αὑτοῦ
3412 1227 3508 1280 καὶ
3540 1229 3657 1280 ἑπι-

2071 1320 2290 1390 στρέψει
2327 1321 2406 1382 είς
2453 1319 2545 1373 τὸν
2581 1320 2709 1390 χοῦν
2748 1321 2933 1384 αὑτοῦ,
2980 1340 2998 1368 ι
3035 1320 3110 1384 ὡς
3155 1320 3218 1374 ἂν
3261 1320 3335 1391 μὴ
3377 1319 3658 1382 παντελῶς

2069 1411 2402 1487 ἀπόλλυσθαι
2450 1412 2699 1482 δοκοίης,
2761 1413 3056 1466 ὑπελίπετό
3113 1431 3196 1466 σοι
3248 1415 3347 1481 τὴν
3408 1413 3659 1482 διαδοχὴν

2072 1503 2414 1574 μνημόσυνον
2439 1506 2467 1556 6
2486 1503 2641 1568 Θεὸς,
2687 1507 2780 1557 καὶ
2814 1505 3067 1574 λείψανον
3091 1506 3189 1575 τῆς
3214 1522 3271 1557 τε
3305 1504 3657 1564 ὑποστάσεως

2069 1596 2167 1665 τῆς
2191 1595 2292 1664 σῆς
2320 1611 2330 1622 ·
2360 1592 2500 1648 ὥστε
2535 1597 2628 1648 καὶ
2653 1596 2790 1666 πρὸς
2834 1597 2932 1665 τὴν
2962 1597 3138 1649 αξτίαν
3190 1596 3403 1666 ὁρῶντα
3435 1594 3530 1647 τοῦ
3561 1595 3660 1661 γά-

2074 1705 2194 1758 μου.
2229 1688 2557 1742 δεδίττεσθαι
2593 1689 2655 1741 τὸ
2688 1691 2918 1760 πρᾶγμα
2953 1691 3137 1760 ἐχρῆν,
3171 1691 3264 1742 καὶ
3295 1689 3368 1759 μὴ
3399 1688 3659 1758 πλημμεο

385 1784 484 1824 eas
520 1769 814 1824 inviolatas
861 1767 1177 1827 custodire,
1216 1778 1269 1820 et
1303 1767 1357 1819 in
1409 1765 1656 1835 priorum
1709 1765 1962 1835 conjugio

2095 1783 2182 1832 ,εῖν
2240 1782 2321 1842 εἰς
2367 1781 2492 1843 τοὺς
2523 1781 2652 1850 περὶ
2682 1781 2871 1833 τούτου
2913 1781 3168 1843 τεθέντας
3213 1781 3413 1850 νόμους
3451 1779 3662 1832 ἄνωθεν

387 1877 763 1932 persevi-rare,
788 1877 928 1931 quas
955 1861 1241 1930 prmdicuis
1275 1860 1346 1911 ob
1379 1871 1578 1910 causas
1608 1856 1847 1911 duxistis
1867 1898 1880 1918 ,
1913 1865 1968 1910 et

384 1975 492 2012 non
533 1959 717 2028 potius
753 1957 1018 2012 suadente
1056 1956 1318 2019 libidine,
1351 1953 1598 2007 dimissis
1635 1953 1828 2022 primis
1899 1952 1967 2006 ad

383 2053 656 2107 Secundus
693 2050 953 2104 transire.

455 2232 593 2287 Tum
626 2233 949 2288 mirabiliter
977 2232 1274 2285 admodum
1303 2231 1511 2286 addidit
1533 2243 1580 2280 ἒ(
1614 2229 1678 2282 Ει
1709 2230 1925 2284 dixistis
1953 2247 1967 2283 :

384 2326 654 2393 Quidnam
691 2325 888 2394 quaerit
934 2323 1078 2378 Deus
1107 2323 1256 2377 aliud
1301 2340 1466 2394 quam
1505 2323 1733 2378 semen?
1766 2343 1784 2375 ι
1820 2322 1972 2388 Quo-

384 2419 532 2472 niam
608 2417 939 2471 videbantur
989 2433 1054 2471 ex
1119 2417 1418 2488 illegitimis
1473 2416 1639 2470 etiam
1705 2417 1970 2471 uxoribus

383 2511 587 2565 liberos
615 2509 911 2579 suscipere,
967 2509 1214 2576 Hoc,ait,
1237 2511 1435 2576 facitis,
1485 2525 1595 2562 non
1620 2511 1747 2579 quia
1780 2526 1971 2565 sacras

381 2602 713 2657 reveremini
747 2602 894 2671 leges
921 2602 987 2654 de
1010 2601 1219 2669 nuptiis
1252 2616 1280 2652 a
1316 2599 1429 2654 Deo
1452 2602 1684 2670 positas,
1722 2601 1816 2656 sed
1841 2603 1968 2672 quia

383 2709 538 2748 more
578 2693 850 2760 pecudum
894 2692 960 2745 ad
1019 2693 1226 2745 coitum
1277 2694 1660 2746 tantummodo
1700 2704 1864 2763 atque
1902 2695 1970 2748 ad

389 2784 722 2855 gignendum
785 2784 1153 2851 incumbitis;
1216 2792 1272 2837 et
1325 2794 1584 2853 tanquam
1635 2800 1661 2836 a
1725 2785 1833 2838 Deo
1891 2789 1971 2839 sic

384 2877 714 2948 comparati.
764 2876 836 2929 ita
869 2879 1083 2946 priores
1118 2892 1314 2930 uxores
1345 2877 1644 2938 dimittitis,
1695 2888 1858 2947 atque
1902 2879 1968 2932 ad

386 2971 590 3026 alteras
633 2970 911 3034 transitis,
965 2969 1103 3022 nihil
1155 2968 1426 3024 interesse
1475 2979 1733 3039 putantes
1785 2981 1967 3024 utrum

386 3079 454 3117 ex
491 3062 575 3116 his
613 3062 815 3116 liberos
853 3061 1173 3129 suscipiatis
1218 3076 1285 3113 an
1333 3075 1399 3115 ex
1459 3062 1570 3116 illis
1607 3079 1619 3112 :
1655 3077 1777 3115 cum
1825 3065 1969 3118 scire

387 3154 685 3216 deberetis,
733 3152 962 3207 liberam
1015 3153 1425 3222 propagationis
1471 3153 1747 3208 licentiam
1789 3155 1967 3210 brutis

387 3245 721 3312 convenire;
753 3243 1121 3298 rationalibus
1153 3260 1302 3306 vero,
1338 3245 1652 3315 nuptiarum
1681 3247 1836 3315 juxta
1869 3245 1965 3303 Dei

388 3337 537 3408 leges
584 3335 885 3400 vinculum,
919 3342 1084 3402 atque
1113 3348 1179 3387 ex
1223 3334 1308 3388 his
1342 3336 1481 3390 velle
1512 3335 1614 3391 sibi
1661 3336 1968 3391 successio-

387 3442 510 3478 nem
560 3436 905 3493 comparare.
927 3424 1140 3482 Etenim
1155 3429 1259 3484 hoc
1271 3429 1434 3484 etiam
1449 3429 1570 3481 loco
1585 3429 1837 3490 verbum,
1853 3429 1964 3482 idi-

383 3512 560 3580 xistis,
584 3509 763 3566 ihziud
825 3529 1013 3568 vocem
1041 3515 1295 3580 denotat;
1327 3531 1450 3570 nam
1478 3534 1578 3572 nec
1603 3519 1719 3573 ﬁeri
1753 3529 1965 3590 poterat
2020 3533 2021 3540 ‘

389 3623 447 3654 ut
479 3603 754 3666 dicereut,
806 3603 975 3658 Deum
1018 3605 1155 3658 nihil
1188 3604 1335 3658 aliud
1375 3622 1540 3674 quam
1591 3624 1778 3665 semen
1816 3628 1963 3680 qua:-

385 3704 528 3755 rere,
578 3693 673 3747 sed
721 3693 1026 3762 improbam
1081 3697 1284 3749 mentis
1321 3695 1666 3754 aﬂ‘ectionem
1721 3703 1835 3755 vult
1876 3703 1966 3757 de-

387 3790 738 3848 monstrare;
774 3793 829 3838 et
863 3784 1007 3854 quod
1041 3787 1224 3839 omnia
1263 3797 1507 3855 agerent,
1551 3806 1656 3844 non
1703 3799 1962 3862 tanquam

383 3871 634 3929 homines
694 3875 1028 3942 rationales,
1094 3878 1186 3946 qui
1247 3877 1460 3947 legibus
1515 3881 1715 3936 debent
1761 3881 1964 3940 divinis

382 3969 598 4029 vivere,
649 3967 752 4021 sed
801 3981 952 4022 more
1003 3969 1272 4036 pecudum
1326 3971 1528 4024 coitum
1587 3975 1965 4030 tantummodo

383 4065 435 4111 et
467 4057 911 4128 propagationem
941 4057 1279 4114 al'fectarent.
1320 4059 1522 4114 Deinde
1544 4063 1714 4134 legem
1745 4081 1966 4137 quoque

382 4148 540 4218 perit
572 4167 585 4202 :
620 4167 640 4200 ι
672 4149 734 4202 Et
764 4149 1039 4204 custodite
1069 4149 1124 4204 in
1163 4152 1360 4220 spiritu
1399 4161 1616 4216 vestro;
1659 4166 1714 4210 et
1739 4174 1963 4213 uxorem

379 4242 684 4311 juventntis
734 4249 840 4295 tua:
875 4257 943 4295 ne
980 4241 1222 4297 deseras.
1257 4263 1276 4295 ι
1307 4242 1470 4298 Omni
1523 4248 1706 4317 itaque
1758 4251 1965 4304 seduli-

381 4341 496 4389 tate
548 4334 675 4388 date
735 4333 788 4386 in
835 4341 1112 4404 posterum
1173 4351 1419 4403 operam,
1474 4348 1533 4393 ut
1595 4357 1702 4395 non
1755 4345 1963 4414 absque

2073 1872 2222 1943 παρὰ
2261 1871 2354 1924 τοῦ
2384 1873 2542 1932 Θεοῦ,
2588 1875 2878 1942 φυλάττειν
2912 1875 2969 1927 δὲ
3016 1875 3214 1936 αὐτοὺς
3251 1874 3550 1944 ἀκεραίους
3584 1872 3662 1940 τῷ

2075 1965 2256 2033 μένειν
2285 1965 2374 2017 ἐπὶ
2403 1965 2512 2017 τῶν
2541 1965 2842 2036 προτέρων,
2868 1965 2933 2028 ἃς
2957 1963 3098 2018 οὕτω
3119 1983 3175 2018 τε
3201 1967 3294 2018 καὶ
3323 1967 3415 2019 ἐπὶ
3446 1965 3662 2026 τούτοις

2071 2056 2369 2125 ἠγάγεσθε,
2418 2057 2492 2128 μὴ
2531 2057 2636 2128 μὴν
2685 2057 2744 2121 ἐξ
2789 2058 3088 2120 ἀκολασίας
3137 2057 3355 2127 ἀφιέναι
3412 2059 3511 2128 μὲν
3563 2057 3661 2118 τὰς

2073 2148 2313 2220 πρώτας,
2362 2149 2720 2219 μεθίστασθαι
2753 2149 2809 2202 δὲ
2839 2151 2923 2218 ἐφ’
2953 2149 3165 2221 ἐτέρας.

2144 2242 2250 2294 Καὶ
2289 2240 2714 2311 θαυμασιώτατα
2764 2244 3042 2313 ἐπήγαγε·
3102 2259 3120 2291 ι
3167 2242 3276 2294 Καὶ
3323 2240 3540 2301 εἴπατε,
3595 2239 3661 2292 Τί

2072 2333 2199 2387 ἄλλο
2241 2331 2394 2402 ζητεῖ
2439 2336 2466 2386 6
2522 2333 2743 2406 Θεὸς,ῆ
2796 2334 3048 2403 σπέρμα;
3107 2353 3123 2383 ι
3171 2332 3390 2402 Ἐπειδὴ
3441 2333 3661 2384 ἐδόκουν

2073 2425 2167 2477 καὶ
2222 2425 2287 2477 ἐκ
2346 2423 2454 2476 τῶν
2512 2425 2847 2496 παρανόμως
2912 2424 3333 2492 συναπτομένων
3385 2423 3661 2491 γυναικῶν

2073 2515 2524 2579 παιδοποιεῖσθαι,
2565 2516 2756 2579 Τοῦτο,
2797 2517 2982 2584 φησὶν,
3033 2515 3131 2585 ούχ
3182 2516 3258 2577 ὡς
3323 2516 3524 2585 νόμους
3576 2515 3658 2566 ai-

2072 2607 2246 2660 δεῖσθε
2291 2607 2464 2671 θείους
2504 2607 2632 2670 τοὺς
2675 2609 2802 2677 περὶ
2836 2608 2930 2659 τοῦ
2973 2609 3150 2678 γάμου
3196 2607 3455 2670 τεθέντας
3511 2606 3659 2678 παρᾶ

2073 2699 2165 2751 τοῦ
2208 2697 2364 2762 Θεοῦ,
2410 2698 2522 2751 ἀλλ’
2558 2699 2633 2759 ὡς
2678 2698 2834 2767 δίκην
2898 2697 3108 2766 ἀλόγων
3152 2699 3232 2760 εἰς
3279 2698 3572 2750 συνουσίαν
3601 2715 3658 2749 τε

2074 2790 2168 2842 καὶ
2194 2789 2270 2858 τῷ
2308 2789 2510 2841 τίκτειν
2557 2789 2715 2858 μόνον
2759 2788 3094 2858 ἔκκείμενοι·
3125 2789 3218 2841 καί
3243 2788 3335 2839 ἐπὶ
3363 2788 3541 2858 τούτῳ
3573 2805 3659 2856 γε·

2072 2881 2290 2950 γονότες
2340 2881 2491 2952 παρὰ
2536 2880 2630 2932 τοῦ
2680 2878 2838 2941 Θεοῦ,
2879 2880 3021 2932 οὕτω
3067 2879 3163 2942 τὰς
3223 2880 3321 2951 μὲν
3383 2881 3691 2952 προτέραςι

2073 2973 2285 3041 ἀφίετε,
2325 2974 2408 3040 ἐφ’
2446 2973 2638 3039 ἐτέρας
2671 2971 2726 3024 δὲ
2773 2971 3020 3040 ἔρχεσθε,
3071 2970 3329 3039 οὐδεμίαν
3389 2971 3658 3040 διαφορὰν

2072 3063 2209 3118 εἷναι
2234 3066 2564 3135 νομίζοντες,
2597 3064 2629 3133 ἢ
2668 3063 2724 3129 ἐξ
2757 3064 2982 3116 ἐκείνων
3009 3065 3348 3130 τεκνογονεῖν
3381 3063 3412 3133 ἦ
3450 3067 3515 3116 ἐκ
3542 3062 3658 3114 τού·

2071 3176 2210 3211 των’
2264 3158 2381 3210 δέον
2437 3158 2654 3217 εἰδέναι,
2704 3155 2887 3208 ὅτιτὸ
2938 3156 3033 3225 μὲν
3084 3154 3236 3217 ἀδεὲς
3266 3154 3366 3223 τῆς
3405 3155 3658 3224 διαδοχῆς

2070 3251 2283 3318 ἀλόγοις
2321 3250 2610 3321 ἁρμόττον,
2659 3249 2736 3317 (ι).
2779 3248 2904 3312 556)
2955 3251 3065 3310 τοῖς
3102 3248 3158 3299 δὲ
3203 3247 3364 3315 λόγου
3409 3247 3660 3318 μετειλη-

2071 3343 2195 3410 φόσι
2231 3342 2439 3414 πρέπον
2466 3342 2527 3394 τὸ
2560 3341 2697 3411 μετὰ
2724 3341 2833 3393 τῶν
2867 3341 3048 3410 νόμων
3079 3341 3184 3393 τῶν
3221 3340 3381 3392 θείων
3416 3341 3658 3409 μετιέναι

2068 3451 2125 3486 τε
2148 3435 2272 3496 τοὺς
2293 3433 2523 3503 γάμους,
2557 3434 2649 3485 καὶ
2679 3433 2775 3502 τὴν
2807 3431 3063 3486 ἐντεῦθεν
3095 3432 3346 3501 στέργειν
3372 3433 3653 3502 διαδοχήν·

2069 3526 2342 3579 κάνταῦθα
2393 3524 2498 3597 γὰρ
2545 3525 2604 3578 τὸ
2639 3544 2656 3575 ι
2701 3527 2912 3584 εἴπατε,
2952 3544 2969 3576 ι
3007 3525 3066 3576 οὐ
3104 3525 3284 3593 φωνὴν
3327 3523 3499 3591 λέγει,
3545 3525 3659 3576 ἐπεὶ.

2070 3615 2206 3686 μηδὲ
2239 3609 2351 3667 οἷόν
2380 3631 2438 3666 τε
2495 3609 2562 3685 ἦν
2597 3614 2792 3676 αὐτοὺς
2826 3613 2981 3666 τοῦτο
3007 3615 3198 3674 εἰπεῖν,
3235 3615 3314 3665 ὅτι
3352 3613 3510 3666 οὐδὲν
3539 3613 3660 3665 ἄλλο

2067 3705 2221 3776 ζητεῖ
2265 3705 2396 3761 Θεὸς
2444 3705 2558 3758 ἀλλ’
2609 3704 2641 3775 ἢ
2694 3705 2934 3775 σπέρμα.
2975 3705 3088 3758 ἀλλ’
3134 3705 3221 3759 ἵνα
3272 3706 3369 3776 τὴν
3420 3706 3658 3760 διάθεσιν

2067 3798 2196 3868 εἴπῃ
2234 3796 2333 3866 τῆς
2385 3795 2622 3859 διανοίας
2681 3795 2961 3866 μοχθηρὰν
3004 3792 3200 3850 οὖσαν·
3254 3798 3346 3850 καὶ
3393 3797 3478 3850 ὃτι
3522 3798 3659 3850 οὕτω

2067 3889 2244 3941 πάντα
2297 3886 2585 3958 ἔπραττον,
2633 3881 2733 3957 οὔχ
2776 3888 2849 3952 ὡς
2898 3887 3173 3958 ἄνθρωποι
3225 3889 3432 3958 λογικοὶ
3478 3890 3658 3959 νόμοις

2068 3982 2166 4053 ζῇν
2193 3981 2497 4049 ὀφείλοντες
2547 3978 2730 4043 θείοις,
2777 3980 2892 4033 ἀλλ’
2943 3979 3019 4042 ὡς
3069 3980 3224 4048 δίκην
3274 3981 3488 4047 ἀλόγων
3528 3980 3660 4051 πρὶς

2065 4076 2164 4141 τὴν
2195 4071 2337 4143 μίξιν
2368 4073 2526 4142 μόνον
2551 4072 2642 4124 καὶ
2671 4071 2769 4140 τὴν
2796 4071 3044 4140 διαδοχὴν
3073 4071 3351 4125 ἐκκεῖσθαι
3371 4088 3384 4102 ⁸
3418 4069 3543 4127 εἶτα
3569 4073 3660 4126 καὶ

2067 4165 2226 4235 νόμον
2254 4165 2440 4226 τιθεὶς,
2472 4181 2491 4213 ‹
2532 4162 2641 4214 Καὶ
2663 4161 2971 4230 φυλάξασθε
2997 4164 3055 4213 ἐν
3082 4162 3158 4232 τῷ
3186 4167 3457 4233 πνεύματι
3484 4166 3656 4235 ὑμῶν,

2068 4255 2159 4306 καὶ
2188 4254 2420 4320 γυναῖκα
2449 4252 2700 4321 νεότητός
2729 4268 2820 4303 σου
2857 4250 2931 4322 μὴ
2961 4251 3353 4323 ὲγκαταλίπῃς.
3391 4273 3409 4304 ι
3433 4256 3659 4325 Τοιγαρ-

2065 4344 2156 4398 οῦν
2212 4345 2396 4396 πᾶσαν
2449 4342 2766 4412 ἐπιμέλειαν
2827 4343 3124 4413 ποιήσασθε
3175 4343 3270 4396 τοῦ
3323 4345 3517 4400 λοιποῦ
3568 4347 3657 4400 τοῦ

380 4427 614 4482 decente
651 4426 848 4481 aﬂ'ectn
905 4443 1029 4481 cum
1068 4429 1339 4485 uxoribus
1407 4432 1602 4486 vivatis
1648 4451 1786 4503 quas
1831 4437 1960 4490 olim

2095 4436 2209 4488 ιετὰ
2241 4435 2339 4505 τῆς
2377 4433 2692 4506 πρεπούσης
2725 4435 3019 4497 διαθέσεως
3059 4438 3178 4498 ταῖς
3229 4441 3499 4506 γαμεταῖς
3534 4457 3656 4492 συν-

382 4520 640 4580 duxistis,
679 4520 878 4574 nedum
924 4521 1022 4575 bas
1057 4520 1369 4576 dimittatis.
1401 4522 1466 4576 Et
1497 4526 1625 4593 quia
1669 4527 1785 4596 ipse
1820 4527 1962 4584 Deus

382 4628 480 4682 per
515 4611 756 4683 Moysem
789 4611 1031 4666 libellum
1065 4613 1278 4682 repudii
1321 4613 1438 4667 dari
1473 4615 1640 4683 jussit
1670 4620 1960 4682 uxoribus,

383 4714 588 4773 quanta
613 4703 685 4757 sit
713 4703 856 4758 inter
886 4704 1324 4774 utramque'rem
1366 4705 1675 4763 dilferentia
1720 4713 1965 4765 ostendit

382 4795 571 4850 dicens
607 4814 620 4849 :

455 4885 623 4940 Vens.
653 4887 740 4939 16.
760 4917 830 4927 -
853 4905 872 4938 ι
896 4885 1002 4941 Sed
1029 4887 1073 4940 si
1101 4887 1228 4942 odio
1250 4887 1530 4954 habueris,
1563 4889 1799 4959 dimitte,
1833 4895 1966 4949 dicit

381 4975 650 5031 Dominus
676 4976 1018 5032 Deuslsrael.
1035 4979 1120 5031 »δί
1147 4980 1371 5048 quando
1394 4981 1644 5052 ex378
1663 4988 1965 5042 acerbitate

385 5067 630 5121 mulieris
649 5107 663 5126 .
690 5076 780 5120 aut
805 5085 975 5137 pravo
1001 5069 1220 5139 ingenio
1239 5111 1253 5133 ,
1285 5081 1379 5126 aut
1403 5073 1538 5128 vitio
1566 5076 1810 5144 quolibet
1835 5095 1956 5133 eam

385 5160 513 5214 odio
535 5159 753 5229 dignam
799 5163 1052 5223 faciente,
1086 5164 1138 5216 in
1185 5164 1497 5233 hujusmodi
1533 5168 1599 5222 de
1643 5184 1704 5222 ea
1738 5180 1961 5225 senten-

385 5254 516 5305 tiam
546 5251 815 5306 adductus
842 5252 1034 5310 fueris.
1068 5263 1198 5308 tunc
1232 5273 1351 5310 eam
1383 5259 1656 5315 dimittere
1685 5264 1960 5325 mandavi,

384 5343 530 5398 haud
564 5342 815 5411 equidem
852 5345 1148 5413 nuptialem
1197 5348 1366 5418 legem
1402 5351 1730 5418 dissolvens,
1767 5356 1861 5410 sed
1896 5372 1960 5408 ex

390 5436 464 5488 rei
501 5435 786 5504 praesentis
833 5434 1132 5503 adjunctis,
1184 5453 1290 5492 non
1323 5443 1435 5494 tam
1473 5443 1543 5495 ob
1569 5451 1718 5497 tuam
1766 5462 1965 5515 quere-

389 5526 494 5580 lam
533 5525 851 5593 permittens
893 5539 1011 5580 cam
1050 5525 1342 5594 dimittere,
1374 5547 1537 5600 quam
1585 5543 1643 5589 ut
1687 5552 1754 5589 ne
1787 5539 1962 5606 quoti-

464 5695 710 5755 mEcclc.
745 5719 839 5765 χιι,
873 5701 942 5766 7;
1021 5699 1146 5772 Sap.
1184 5723 1290 5772 xu,
1325 5710 1405 5762 ιι.

2072 4531 2228 4587 εἶναι,
2263 4527 2328 4589 ἃς
2360 4525 2563 4580 ἄνωθεν
2598 4525 2876 4596 εἰλήφατε,
2917 4529 2990 4598 μὴ
3029 4527 3134 4598 μὴν
3175 4528 3392 4595 ἀφιέναι
3424 4531 3654 4596 ταύταςο

2072 4621 2166 4671 καὶ
2196 4619 2382 4687 ἐπειδὴ
2417 4617 2579 4679 αὐτὸς
2623 4616 2709 4668 διὰ
2759 4619 3036 4681 Μωῦσέως
3083 4617 3283 4688 βιϐλίον
3326 4620 3657 4674 ἀποστασίου

2075 4711 2372 4783 προσέταξε
2401 4713 2634 4767 δίδοσθαι
2665 4715 2782 4776 ταῖς
2804 4711 3038 4779 γυναιξὶ,
3076 4714 3288 4777 δεικνὺς
3318 4716 3520 4769 ὁπόσον
3548 4716 3658 4768 ἐστὶ

2073 4805 2133 4856 τὸ
2161 4804 2433 4876 διάφορον,
2466 4806 2658 4872 ἐπάγει
2680 4821 2694 4836 ο

2139 4897 2285 4966 Στῐχ.
2317 4897 2413 4961 ις’.
2452 4928 2519 4938 -
2548 4915 2567 4948 ι
2615 4893 2754 4949 Ἀλλ’
2811 4896 2904 4949 ἐὰν
2951 4898 3206 4968 μισήσῃς,
3253 4897 3654 4962 ἐξαπόστειλον,

2065 4990 2212 5057 λέγει
2239 4989 2441 5059 Κύριος
2472 4991 2500 5042 ὁ
2528 4989 2659 5053 Θεὸς
2704 4988 2798 5041 τοῦ
2847 4990 3082 5061 Ἰσραήλ.
3122 5010 3139 5040 ι
3179 4988 3296 5042 Ὀτ’
3327 4991 3394 5044 ἂν
3425 4992 3528 5063 μὲν
3557 4992 3658 5061 γὰρ

2070 5085 2133 5134 ἐκ
2174 5082 2456 5146 δυσκολίας
2497 5083 2772 5150 γυναικὸς,
2821 5084 2854 5154 ἦ
2902 5101 3044 5145 τινος
3092 5082 3390 5152 μοχθηρᾶς,
3440 5083 3473 5154 ἢ
3526 5084 3658 5145 ὅλως

2071 5174 2270 5244 ἑτέρων
2296 5173 2454 5224 τινῶν
2483 5172 2590 5225 τῶν
2616 5172 2769 5235 ἀξίαν
2801 5174 2969 5243 αὐτὴν
2996 5173 3088 5225 τοῦ
3119 5173 3392 5242 μισεῖσθαι
3417 5174 3656 5226 δεικνύν-

2069 5280 2194 5323 των,
2243 5265 2322 5326 είς
2361 5263 2419 5315 τὸ
2466 5265 2716 5332 τοιαύτην
2756 5264 2899 5334 ἔχειν
2929 5266 3028 5334 τὴν
3069 5263 3292 5336 γνώμην
3331 5267 3459 5337 περὶ
3494 5267 3656 5334 αὐτὴν

2073 5361 2368 5428 καταστῇς,
2394 5360 2648 5412 ἀπολύειν
2682 5362 2849 5430 αὐτὴν
2882 5359 3139 5412 ἐκέλευσα
3170 5362 3312 5419 τότε,
3345 5361 3404 5412 οὐ
3437 5360 3526 5412 τὸν
3557 5375 3651 5424 7a-

2076 5451 2230 5519 μικὸν
2259 5449 2400 5503 λύων
2433 5453 2615 5522 νόμον,
2650 5455 2712 5504 ὲκ
2741 5452 2797 5504 δὲ
2829 5452 2935 5505 τῶν
2964 5452 3388 5521 συμϐαινόντων,
3421 5452 3480 5503 οὗ
3512 5449 3653 5514 παρᾶ

2069 5543 2166 5613 τὴν
2198 5544 2292 5614 σὴν
2321 5544 2498 5596 αἰτίαν
2532 5544 2837 5615 ἐπιτρέπων
2868 5561 2947 5598 σοι
2982 5545 3179 5614 μᾶλλον
3216 5545 3388 5616 αὐτὴν
3417 5539 3649 5614 ἀφιέναι,
