3856 6226
180 262 286 319 617

1120 248 1673 331 COMMENTARiUS
1701 267 1767 325 IN
1802 261 2182 327 MALACIIIAS
2222 271 2374 331 cap.
2406 267 2471 329 ιι.

3354 271 3459 326 613

178 401 215 473 ἢ
268 402 351 465 είς
404 397 806 473 καθημερινοὺς
861 394 1224 451 καθίστασθαι
1270 395 1409 467 πρὸς
1458 394 1627 467 αὐτὴν
1663 392 1776 446 δια-

1881 391 2062 450 dianis
2103 395 2305 466 jurgiis
2334 410 2556 457 cumea
2602 396 2989 461 contenderes,
3038 402 3092 454 et
3138 412 3209 455 ne
3238 412 3464 471 gravnie

179 491 584 563 πληκτισμοὺς,
621 490 700 561 (p.
731 488 859 557 557)
902 486 1112 559 μήποτέ
1152 503 1206 539 τι
1242 487 1337 539 καὶ
1380 488 1562 557 χεῖρον
1597 485 1627 538 ό
1676 501 1779 554 μα-

178 583 314 655 κρδς
369 581 673 655 ἐργάσηται
723 579 938 652 χρόνος,
994 577 1089 633 καί
1143 595 1247 630 που
1297 576 1392 630 καλ⁸
1444 575 1579 647 πρὸς
1620 574 1778 645 φόνον

176 676 449 746 όπλισθῇς
472 674 571 745 τῆς
603 670 883 742 γυναικός.
925 670 1079 725 Οὕτω
1110 667 1220 740 γὰρ
1252 666 1349 721 καὶ
1391 668 1422 721 6
1473 662 1674 739 Κύριος
1720 668 1778 720 ἐν

175 770 295 831 τοῖς
360 765 715 835 Εὑαγγελίοις
775 762 913 835 πρὸς
970 761 1295 833 Φαρισαίους
1361 759 1779 831 ἐρωτήσαντας,

182 880 203 913 ι
251 859 318 913 Τί
356 853 448 912 οὖν
480 858 724 928 Μωῦσῆς
757 857 925 910 ἐδωκε
958 853 1161 925 βιϐλίον
1203 851 1576 917 ἀποστασίου;
1616 870 1634 903 ι
1678 853 1779 905 ἐπ-

176 954 382 1025 ήγαγε,
419 970 438 1004 ι
470 950 616 1022 Πρὸς
652 948 752 1020 τήν
804 945 1237 1018 σκληροκαρδίαν
1282 943 1436 1015 ὑμῶν
1481 942 1783 1015 ἐπέτρεψεν

176 1045 329 1099 οὕτω
368 1042 631 1114 Μωῦσῆς,
681 1041 777 1095 ἀπ’
821 1039 997 1113 ἀρχῆς
1042 1038 1099 1091 δὲ
1148 1037 1210 1091 οὐ
1248 1036 1470 1107 γέγονεν
1514 1029 1719 1099 οὕτως’
1751 1035 1781 1086 6

176 1136 293 1206 γὰρ
323 1134 558 1204 ποιήσας
588 1130 648 1195 ἐξ
675 1129 873 1203 ἀρχῆς,
906 1129 1071 1200 ἄρσεν
1096 1129 1190 1183 καὶ
1223 1126 1357 1198 θῆλυ
1388 1126 1644 1196 ἐποίησεν
1680 1124 1779 1179 αύ-

177 1227 338 1291 τούς’
364 1225 459 1280 καὶ
478 1218 628 1277 εἶπεν
646 1238 659 1255 ⁶
728 1220 954 1277 Ἕνεκεν
979 1217 1169 1276 τούτου
1216 1218 1532 1288 καταλείψει
1573 1217 1783 1289 ἀνθρω-

176 1336 287 1384 πος
320 1318 412 1372 τὸν
460 1316 673 1387 πατέρα
722 1314 886 1370 αὑτοῦ
940 1315 1032 1369 καὶ
1079 1314 1175 1385 τὴν
1216 1312 1428 1384 μητέρα
1470 1310 1657 1375 αὐτοῦ,
1686 1311 1782 1364 καὶ

177 1409 719 1481 προσκολληθήσεται
783 1407 917 1479 πρὸς
982 1406 1083 1477 τὴν
1140 1406 1373 1474 γυναῖκα
1431 1402 1597 1457 αὐτοῦ
1618 1443 1632 1467 ,
1685 1403 1780 1456 καὶ

176 1499 401 1553 ἔσονται
428 1502 475 1553 οί
506 1500 599 1553 δύο
636 1500 715 1563 είς
750 1497 930 1568 σάρκα
958 1496 1105 1568 μίαν.
1149 1514 1168 1548 ι
1203 1495 1375 1549 Τοῦτο
1404 1494 1577 1563 λέγει,
1610 1494 1691 1547 ὅτι
1719 1492 1783 1545 τὸ

180 1589 289 1660 μὲν
319 1590 605 1643 κάλλιστον
645 1584 714 1662 ἦν
763 1588 905 1642 κατά
945 1586 1034 1640 τὸν
1082 1586 1288 1640 ἄνωθεν
1320 1585 1458 1657 μετά
1486 1584 1581 1639 τοῦ
1614 1602 1781 1656 προσ-

176 1682 413 1753 ήκοντος
438 1680 733 1752 διαμένειν,
766 1678 1017 1750 ἀλλήλοις
1068 1677 1345 1740 συνόντας,
1392 1678 1562 1749 ἄνδρα
1599 1694 1660 1731 τε
1686 1678 1781 1731 καὶ

1882 484 2086 555 aliquid
2120 486 2339 556 longum
2364 496 2579 559 tempus
2612 487 2930 553 adduceret,
2954 496 3010 545 et
3042 485 3278 553 fortasse
3299 490 3461 545 etiam

1882 575 1949 630 ad
1982 577 2168 634 uxoris
2195 578 2395 633 caedem
2429 594 2653 634 manum
2688 594 2954 635 armares.
2995 579 3087 635 Sic
3114 579 3260 635 enim
3296 579 3462 635 etiam

1884 664 2151 723 Dominus
2194 668 2248 722 in
2296 667 2628 740 Evangeliis,
2673 668 2965 726 Phariszeis
3023 671 3461 735 sciscitantibus,

1884 782 1904 814 ι
1921 763 2031 818 Cur
2046 778 2172 833 ergo
2190 761 2396 832 Moyses
2413 763 2623 833 repudii
2645 758 2882 819 libellum
2896 762 3081 821 dedit?
3101 785 3118 818 ι
3141 767 3451 837 respondit:

1886 874 1905 906 ι
1938 853 2018 908 Ob
2062 853 2317 908 duritiam
2366 854 2543 909 cordis
2586 856 2750 911 vestri
2794 857 3041 927 permisit
3082 858 3153 912 ita
3194 858 3453 929 Moyses:

1885 945 1953 1000 ab
2005 945 2162 1001 initio
2202 955 2382 1000 autem
2429 961 2537 1000 non
2596 947 2697 1002 fuit
2736 948 2833 1003 sic.
2882 950 3016 1003 Nam
3055 951 3147 1019 qui
3203 950 3271 1004 ab
3304 950 3459 1006 initio

1885 1037 2112 1100 creavit,
2154 1036 2452 1091 masculum
2493 1046 2549 1092 et
2592 1038 2848 1093 feminam
2882 1039 3009 1095 fecit
3037 1056 3151 1103 eos.
3185 1042 3457 1112 dixitque:

1885 1128 2113 1199 Propter
2162 1130 2265 1183 hoc
2308 1129 2646 1199 derelinquet
2706 1132 2870 1187 homo
2924 1141 3130 1202 patrem
3186 1149 3342 1187 suum
3397 1148 3464 1189 ac

1883 1225 2114 1272 matrem
2159 1233 2341 1286 suam,
2388 1226 2444 1274 et
2483 1219 2787 1276 adhaerebit
2817 1222 2977 1277 uxori
3026 1238 3157 1290 suae,
3192 1232 3248 1280 et
3296 1216 3462 1280 erunt

1882 1310 1992 1365 duo
2020 1311 2074 1365 in
2102 1326 2267 1367 carne
2294 1326 2422 1367 una.
2453 1328 2474 1366 ι
2509 1310 2624 1367 Hoc
2649 1328 2843 1385 nempe
2875 1314 2952 1368 ait
2984 1329 2998 1367 :
3024 1314 3459 1370 Pulcherrimum

1881 1402 2132 1475 profecto
2157 1413 2274 1459 erat
2305 1407 2459 1474 juxta
2490 1405 2729 1476 priscam
2763 1407 2934 1478 legem
2967 1407 3021 1462 in
3065 1408 3249 1463 debito
3284 1408 3462 1464 otlicio

1882 1512 2228 1567 permanere,
2254 1498 2510 1554 convictu
2546 1499 2772 1570 iunctos
2798 1501 2977 1555 virum
3005 1511 3168 1571 atque
3197 1516 3459 1568 uxorem;

1882 1599 2260 1645 verumtamen
2318 1590 2430 1646 iras
2469 1598 2684 1646 vestras
2741 1590 3036 1651 effrenatas
3074 1591 3287 1660 videns,
3326 1608 3467 1662 pra!-

1882 1679 2027 1749 cepit
2074 1686 2134 1733 ut
2170 1680 2215 1735 si
2267 1679 2407 1736 forte
2439 1690 2584 1737 natae
2625 1682 2770 1738 inter
2802 1698 2901 1739 vos
2940 1684 3176 1754 querelae
3210 1682 3466 1754 graviore

176 1735 633 1842 γυναῖκαἐίδὼς
773 1735 929 1843 ὑμῶν
972 1735 1071 1835 τάς
1112 1769 1280 1842 ὀργὰς
1304 1735 1641 1832 ἀκαθέκτους
1683 1768 1773 1823 ού-

1882 1771 2301 1827 exacerbatione
2353 1772 2575 1841 tierent,
2631 1790 2772 1831 uxor
2820 1735 3005 1846 potius
3058 1735 3463 1840 dimitteretur,

179 1882 310 1930 σας,
344 1864 647 1927 ἐκέλευσεν,
689 1866 739 1918 εί
778 1866 835 1918 at
881 1864 1145 1934 φυόμεναι
1188 1865 1248 1916 ἐν
1296 1863 1425 1933 ὑμῖν
1471 1862 1642 1916 αίτίαι
1687 1862 1773 1915 δο-

176 1959 334 2011 κοῖεν
388 1956 735 2029 παροξυσμὸν
779 1973 902 2011 τινα
967 1955 1261 2028 παρέχειν,
1314 1954 1514 2026 μᾶλλον
1558 1955 1775 2025 ἀφιέναι

175 2047 285 2120 τὴν
312 2050 545 2116 γυναῖκα
584 2047 614 2117 ἢ
664 2048 728 2100 ἐκ
779 2046 969 2118 μίσους
1017 2044 1155 2116 πρὸς
1195 2044 1485 2116 ἐπιϐουλὴν
1517 2044 1777 2099 καθίστα-

178 2138 314 2193 σθαι
353 2139 538 2208 φόνου.
587 2134 722 2194 Εἶτα
768 2138 955 2210 ἐπειδὴ
982 2139 1109 2210 ἐνῆν
1138 2136 1315 2191 αἰτίαν
1342 2132 1403 2192 ού
1432 2135 1778 2211 παρεχούσης

175 2231 285 2300 τῆς
320 2229 598 2299 γυναικὸς,
647 2231 712 2284 ἐκ
764 2228 863 2299 τῆς
919 2228 1057 2300 πρὸς
1109 2227 1302 2298 ἑτέραν
1356 2228 1562 2297 ῥοπῆς,
1622 2228 1777 2297 μῖσος

178 2326 441 2380 πλάττειν
467 2323 646 2395 ἑαυτῷ
667 2319 727 2376 τὸ
757 2322 834 2394 μή
855 2322 1081 2385 δίκαιον,
1110 2340 1128 2372 ι
1166 2319 1527 2389 Ἀποκαλύψει
1555 2318 1778 2372 ἀσέϐεια

176 2417 255 2471 τά
283 2418 641 2488 ἐνθυμήματα
670 2413 853 2485 ὑμῶν,
883 2413 1029 2481 λέγει
1054 2411 1257 2482 Κύριος
1292 2412 1708 2482 παντοκράτωρ.
1751 2428 1770 2463 ι

178 2511 249 2563 Ei
278 2510 387 2579 γὰρ
427 2507 503 2579 μὴ
549 2505 751 2560 τούτων
783 2503 957 2568 οὕτως
999 2503 1255 2573 ἐχόντων,
1291 2501 1647 2572 πλαττόμενοι
1680 2502 1778 2574 τὴν

177 2601 366 2655 αἰτίαν
394 2596 808 2670 ἀποπέμποισθε
856 2596 955 2659 τὰς
995 2595 1201 2651 ἄνωθεν
1247 2594 1378 2662 ὑμῖν
1411 2594 1777 2663 συναφθείσας

173 2694 481 2762 γυναῖκας,
528 2690 675 2744 ἐστὶν
723 2692 752 2742 ό
815 2688 923 2742 τῶν
970 2686 1233 2741 ἀσεϐειῶν
1282 2684 1436 2758 ὑμῶν
1486 2687 1778 2755 ἐξεταστὴς

176 2784 336 2848 Θεός.
361 2778 456 2847 Οἷς
497 2781 680 2845 καλῶς
722 2781 1004 2851 ἐπήγαγε·
1039 2798 1057 2831 ι
1101 2778 1212 2833 Καὶ
1253 2778 1565 2847 φυλάξασθε
1604 2779 1662 2833 ἐν
1699 2779 1777 2851 τῷ

177 2874 457 2947 πνεύματι
476 2874 652 2944 ὑμῶν,
677 2872 772 2926 καὶ
794 2873 871 2943 μὴ
892 2870 1293 2942 ἐγκαταλίπητε
1321 2870 1418 2942 τὴν
1440 2871 1732 2944 συνθήκηνο
1747 2893 1765 2925 ι

1884 1876 2048 1931 quam
2102 1878 2170 1917 ex
2211 1865 2341 1919 odio
2386 1865 2452 1920 ad
2501 1865 2801 1922 inferendae
2837 1868 2989 1924 necis
3039 1868 3330 1926 consilium
3382 1867 3468 1923 vir

1885 1952 2225 2022 procederet.
2278 1954 2485 2011 Deinde
2527 1958 2657 2029 quia
2691 1958 2809 2014 fieri
2854 1966 3089 2030 poterat,
3144 1966 3203 2015 ut
3240 1974 3463 2015 causam

1885 2060 1994 2100 non
2045 2047 2318 2117 praebente
2355 2066 2548 2116 uxore,
2595 2052 2893 2122 cupiditate
2939 2054 3167 2109 alterius
3213 2054 3467 2109 mulieris

1882 2137 2069 2192 odium
2100 2138 2364 2209 injustum
2401 2140 2687 2199 simularet
2722 2145 2977 2211 maritus,
3003 2167 3021 2201 ι
3046 2144 3344 2210 ﬂevelabit,
3378 2147 3465 2201 in-

1883 2230 2026 2298 quit,
2061 2230 2324 2302 iniquitas
2348 2233 2710 2305 cogitationes
2733 2247 2963 2293 vestras.
2999 2255 3019 2289 ι
3057 2235 3115 2292 Si
3141 2253 3270 2307 ergo
3300 2238 3467 2295 rebus

1884 2320 1960 2375 ita
2004 2337 2063 2377 se
2116 2323 2469 2391 habentibus,
2524 2327 2781 2383 simulata
2832 2343 2999 2384 causa
3044 2330 3468 2401 repudiaveritis

1883 2414 2170 2483 capulatas
2216 2417 2373 2473 vobis
2427 2419 2559 2474 olim
2607 2436 2827 2487 uxores,
2872 2430 2957 2478 est
3002 2430 3313 2478 vestrarum
3360 2421 3469 2476 ini-

1884 2506 2162 2575 quitatum
2190 2509 2487 2579 inquisitor
2510 2510 2674 2567 Deus.
2714 2511 2853 2567 Tum
2889 2513 3026 2569 bene
3059 2513 3267 2568 addidit
3297 2532 3312 2568 :
3352 2532 3372 2564 ι
3402 2513 3469 2568 Et

1882 2599 2159 2656 custodite
2185 2601 2238 2655 in
2264 2603 2457 2672 spiritu
2492 2613 2695 2669 vestro,
2717 2621 2893 2676 neque
2920 2606 3100 2662 foedus
3121 2606 3409 2662 deseratis.
3442 2627 3461 2658 ι

1882 2689 2020 2745 Tota
2082 2702 2264 2749 mente
2321 2694 2617 2767 debitaque
2674 2698 2842 2753 animi
2912 2697 3109 2755 aﬂ‘ectu
3165 2699 3467 2770 nuptialem

1880 2783 2158 2840 custodite
2204 2785 2399 2857 legem,
2446 2795 2501 2843 et
2554 2799 2714 2859 pacta
2759 2791 3023 2846 inviolata
3059 2798 3300 2854 servate,
3341 2791 3469 2861 qui-

1880 2878 2115 2934 buscum
2152 2879 2283 2934 olim
2327 2880 2396 2935 ad
2445 2882 2747 2952 nuptialem
2780 2883 3095 2937 convictum
3128 2881 3466 2938 accessistis.

177 2971 349 3035 ὥστε,
411 2969 595 3040 φησιν,
638 2966 717 3039 (p.
760 2965 888 3038 558)
935 2965 1032 3039 ὅλῃ
1075 2966 1286 3039 διανοίᾳ
1328 2968 1422 3020 καὶ
1461 2967 1697 3023 διαθέσει
1744 2974 1811 3043 τῇ
1852 2976 2205 3048 προσηκούσῃ
2260 2977 2399 3048 μετά
2419 2978 2521 3049 τῆς
2545 2978 2770 3051 δεούσης
2798 2980 3218 3052 εὐγνωμοσύνης
3243 2980 3336 3035 τὸν
3364 2996 3470 3050 γα·-

182 3062 346 3135 μικὺν
416 3060 711 3132 φυλάττετε
776 3061 964 3135 νόμον,
1018 3061 1150 3115 καὶο
1181 3060 1284 3127 τὰς
1336 3062 1609 3134 συνθήκας
1686 3068 2038 3139 παραϐάτους
2108 3076 2327 3143 τηρεῖτε
2379 3073 2496 3143 μεθ’
2547 3068 2622 3129 ὧν
2668 3075 2874 3131 ἄνωθεν
2926 3078 3005 3139 είς
3060 3076 3163 3146 τὴν
3224 3074 3469 3149 γαμικὴν

183 3155 490 3229 ἐληλύθατε
517 3155 825 3209 κοινωνίαν.

256 3335 407 3406 Στίχ.
426 3333 590 3400 ιζ’.--
608 3334 975 3406 Συμπεράνας
996 3334 1061 3408 δὴ
1084 3334 1156 3389 τά
1173 3335 1281 3391 τῶν
1300 3336 1575 3409 γυναικῶν
1597 3339 1653 3391 ἐν
1668 3337 1776 3391 τού·

1958 3338 2125 3395 Vens.
2169 3341 2257 3394 l7.
2294 3369 2361 3380 -—
2392 3340 2485 3396 Sic
2513 3342 2768 3399 absoluto
2802 3344 2871 3399 de
2901 3345 3164 3400 uxoribus
3187 3332 3463 3413 sermone,

178 3426 491 3496 τοις,λέγει
524 3426 618 3480 καὶ
646 3425 839 3498 ἑτέραν
868 3426 1047 3480 αὐτῶν
1077 3426 1139 3481 οὐ
1168 3427 1545 3499 πλημμέλειαν
1571 3428 1780 3493 ἀπλῶς,

181 3519 303 3575 ἀλλ’
328 3517 584 3573 ἀσέϐειαν
602 3533 615 3548 ⁸
646 3517 833 3571 πολλοὶ
857 3516 966 3588 γὰρ
987 3517 1095 3571 τῶν
1122 3516 1424 3588 ἀνθρώπων
1450 3517 1517 3572 τά
1536 3515 1633 3584 μὲν
1649 3515 1782 3586 παρ’

182 3610 368 3669 αὐτῶν
405 3609 829 3682 ἁμαρτανόμενα
860 3610 994 3682 όρᾷν
1046 3610 1148 3663 οὐκ
1194 3609 1488 3675 ἐθέλουσιν,
1518 3611 1633 3665 ἀλλ’
1660 3610 1784 3665 οὐδέ

180 3722 240 3760 τι
268 3704 498 3773 πάσχειν
526 3701 668 3771 ὑπὲρ
694 3699 899 3754 τούτων
935 3699 1182 3772 ἔχονται·
1216 3700 1527 3755 τούναντίον
1562 3702 1663 3772 μὲν
1690 3697 1784 3757 οὖν

182 3795 283 3849 καὶ
307 3791 748 3863 δυσχεραίνουσιν
789 3790 849 3843 ἐν
874 3790 1043 3862 πείρα
1074 3789 1463 3860 καθιστάμενοι
1503 3791 1780 3863 λυπηρῶν,

182 3887 284 3942 καὶ
308 3884 479 3939 ταῦτα
500 3878 663 3956 ἦττον
691 3881 955 3946 πολλάκις
995 3882 1294 3952 πάσχοντες
1322 3882 1421 3953 τῆς
1446 3881 1623 3947 ἀξίας·
1644 3882 1783 3951 ὑπὲρ

183 3978 391 4050 ἑτέρων
411 3976 469 4031 δέ
495 3975 798 4046 μέμφονται
823 3973 902 4045 τῷ
926 3973 1045 4044 Θεῷ
1081 3973 1409 4045 προχείρως,
1434 3974 1510 4037 ὼς
1531 3974 1783 4045 ἁμαρτα-

182 4072 387 4127 νόντων
423 4068 521 4140 μὲν
573 4068 821 4129 πλείστα.
872 4066 1026 4130 δίκας
1070 4067 1128 4120 δὲ
1175 4067 1235 4119 οὐ
1282 4065 1555 4120 διδόντων.
1612 4065 1782 4119 Τοῦτο

180 4164 252 4236 δὴ
281 4164 376 4218 καὶ
407 4160 534 4231 παρ’
562 4158 721 4213 ἐνίων
768 4158 877 4213 τῶν
911 4158 970 4212 ἐν
998 4160 1112 4221 τοῖς
1152 4157 1512 4230 Ἰσραηλίταις
1535 4158 1652 4212 τότε
1693 4174 1781 4226 γι-

182 4256 431 4325 νόμενον,
477 4252 535 4304 ἐν
579 4248 789 4314 τούτοις
844 4247 1167 4321 αἰτιώμενος
1218 4251 1246 4302 ὁ
1301 4249 1587 4319 προφήτης
1638 4248 1781 4303 οὕτω

184 4347 353 4417 φησίν
378 4361 392 4376 ⁸
425 4362 444 4396 ι
486 4344 549 4399 Οἱ
602 4343 998 4414 παροξύνοντες
1039 4342 1132 4394 τὸν
1177 4340 1309 4394 Θεῦν
1355 4342 1414 4393 ἐν
1452 4343 1563 4403 τοῖς
1602 4338 1782 4408 λόγοις

184 4437 373 4509 ὑμῶν·
405 4438 500 4491 καὶ
527 4438 740 4497 εἴπατε.
778 4435 866 4488 Ἐν
888 4432 995 4485 τίνι
1029 4430 1429 4504 παρωξύναμεν
1458 4429 1656 4496 αὐτόν;
1691 4430 1779 4484 Ἐν

189 4528 264 4600 τῷ
297 4528 475 4597 λέγειν
502 4528 668 4600 ὑμᾶς,
699 4527 814 4590 Πᾶς
862 4523 1032 4578 ποιῶν
1064 4521 1299 4593 πονηρὰ,
1343 4520 1506 4575 καλὸν
1550 4520 1779 4575 ἐνώπιον

186 4621 415 4692 Κυρίου,
443 4621 539 4674 καὶ
566 4621 625 4673 ἐν
652 4619 834 4680 αὐτοῖς
857 4615 1018 4680 αὐτὸς
1043 4614 1310 4685 ηὑδόκησε
1331 4632 1346 4645 ο
1376 4614 1471 4667 καὶ
1504 4612 1606 4666 ποῦ
1630 4616 1777 4667 ἐστιν

1886 3429 2018 3486 dicit
2035 3439 2090 3486 et
2118 3430 2280 3485 aliam
2306 3430 2673 3488 lsraelitarum
2697 3449 2808 3489 non
2839 3436 3137 3504 nequitiam
3154 3436 3321 3507 379
3342 3446 3467 3493 tan-

1888 3523 2170 3579 tummodo
2223 3523 2317 3579 sed
2389 3524 2750 3595 impietatem.
2797 3526 2953 3581 Multi
3010 3530 3154 3583 enim
3213 3528 3465 3585 homines

1885 3625 2109 3685 peccata
2137 3629 2236 3669 sna
2273 3624 2526 3685 spectare
2555 3617 2772 3682 nolunt,
2808 3616 2905 3671 sed
2937 3632 3038 3673 nec
3062 3618 3360 3689 quidquam
3393 3621 3465 3674 oh

1883 3708 2000 3763 haec
2032 3707 2347 3777 patiendum
2405 3708 2508 3763 sibi
2565 3718 2780 3778 putant.
2816 3709 3021 3763 Contra
3078 3711 3287 3780 potius,
3321 3726 3466 3781 :rgre

1885 3800 2069 3855 ferunt
2119 3800 2165 3855 si
2219 3799 2350 3871 quid
2395 3801 2688 3856 molestum
2727 3802 2810 3857 eis
2862 3802 3099 3871 accidat,
3140 3804 3355 3857 etiamsi
3407 3803 3464 3858 id

1883 3890 2027 3945 infra
2078 3889 2325 3959 ipsorum
2357 3890 2614 3946 meritum
2646 3906 2789 3962 saepe
2837 3893 2930 3947 sit.
2961 3891 3165 3947 Verum
3215 3892 3280 3946 ad
3324 3894 3463 3949 alios

1881 3981 2029 4051 quod
2062 3981 2284 4045 attinet,
2314 3981 2639 4035 irascuntur
2668 3981 2829 4036 facile
2861 3982 2993 4043 Deo,
3024 3982 3171 4053 quod
3215 3984 3250 4037 ii
3292 3983 3464 4053 pluri-

1880 4092 2029 4130 mum
2062 4082 2315 4146 peccent,
2366 4090 2469 4132 nec
2519 4091 2713 4146 poenas
2742 4076 2917 4131 luant.
2963 4075 3118 4141 Quod
3154 4090 3278 4130 cum
3315 4074 3462 4144 apud

1880 4167 2175 4222 nonnullos
2214 4181 2437 4238 quoque
2464 4166 2741 4224 lsraelitas
2768 4174 2899 4222 tunc
2945 4169 3311 4238 contingeret,
3358 4167 3462 4222 hoe

1879 4258 2283 4325 reprehendens
2330 4259 2596 4330 propheta
2649 4259 2733 4315 sic
2773 4260 2849 4313 ait
2884 4277 2898 4314 :
2950 4276 2970 4309 ι
3003 4258 3107 4325 Qui
3147 4260 3460 4329 provocatis

1878 4346 2047 4402 Deum
2088 4350 2142 4403 in
2197 4350 2548 4406 sermonibus
2581 4350 2802 4407 vestris.
2852 4349 2921 4404 Et
2970 4350 3231 4406 dixistis:
3260 4349 3317 4405 in
3348 4366 3460 4421 quo

1877 4440 2297 4508 provocavimus
2325 4455 2450 4495 eum
2474 4441 2497 4494 Ἰ
2524 4440 2583 4495 In
2609 4456 2675 4497 eo
2700 4456 2897 4511 nempe
2922 4441 3070 4511 quod
3102 4456 3201 4497 vos
3223 4441 3407 4497 dicitis
3439 4456 3456 4496 :

1877 4530 2069 4586 Omnis
2094 4530 2186 4600 qui
2214 4531 2355 4586 male
2387 4532 2542 4594 facit,
2568 4533 2771 4586 bonum
2798 4540 2884 4586 est
2904 4546 3088 4586 coram
3120 4531 3374 4597 Domino,
3404 4540 3460 4588 et

1878 4623 1934 4678 in
1983 4623 2070 4679 his
2101 4623 2217 4693 ipse
2247 4624 2598 4693 complacuit.
2650 4623 2716 4678 Et
2754 4624 2975 4679 ubinam
3006 4631 3092 4680 est
3124 4623 3269 4680 Deus
3292 4625 3458 4694 justi-

185 4713 213 4765 δ
249 4712 383 4775 Θεὸς
414 4712 513 4783 τῆς
562 4709 938 4779 δικαιοσύνηςς
980 4727 999 4759 ι
1042 4706 1202 4760 Ἀλλά
1247 4705 1355 4777 γὰρ
1392 4704 1511 4758 οὐδὲ
1556 4706 1770 4777 ἐκείνην

1880 4716 2002 4770 tiae?
2038 4734 2055 4767 ι
2096 4715 2204 4770 Sed
2250 4730 2318 4770 ne
2371 4715 2518 4769 illam
2548 4716 2769 4785 quidem
2802 4715 3218 4786 praetermittam
3258 4718 3455 4788 impie-

186 4802 341 4875 ὐμῶν
376 4804 611 4874 παρήσω
631 4801 729 4873 τὴν
751 4800 1029 4864 ἀσέϐειαν,
1055 4798 1141 4867 ἐφ’
1171 4791 1315 4868 ᾗπερ
1354 4798 1434 4860 είς
1461 4797 1775 4869 ἀγανάκτη-

186 4913 271 4950 σιν
300 4893 421 4949 καθ’
447 4893 657 4949 ἑαυτῶν
693 4890 973 4954 κινοῦντες
1003 4888 1095 4944 τὸν
1124 4889 1259 4943 Θεὸν
1284 4888 1384 4943 οὐκ
1419 4889 1737 4943 αἰσθάνεσθε
1756 4907 1772 4921 ο

192 4988 255 5041 τδ
298 4987 428 5057 γὰρ,
481 5006 501 5037 ‹
551 4985 661 5038 Καὶ
713 4986 925 5048 εἴπατε,
970 4984 1059 5036 Ἐν
1090 4981 1197 5035 τίνι
1229 4979 1624 5051 παρωξύναμεν
1661 4979 1764 5034 αὐ-

190 5079 321 5145 τόν;
360 5096 379 5128 ι
405 5075 682 5130 κάνταῦθα
709 5075 803 5127 ἐπὶ
820 5073 919 5143 τῆς
937 5072 1227 5133 διαθέσεως
1247 5068 1569 5138 αἰτιώμενος
1597 5066 1769 5136 λέγει,

194 5169 288 5239 (p.
322 5165 457 5235 559)
488 5164 564 5226 ὡς
591 5162 713 5215 οὐδὲ
734 5159 831 5214 τοῦ
861 5159 1077 5213 ἀσεϐεῖν
1119 5159 1211 5212 ἐπὶ
1239 5157 1496 5219 τοιούτοις
1525 5155 1773 5227 αἴσθησιν

195 5260 434 5329 ἔχοντες.
469 5253 534 5308 Τί
564 5254 622 5307 δέ
664 5248 732 5324 ἦν
760 5252 821 5305 τὸ
864 5250 1120 5323 ἀσέϐημα
1166 5248 1361 5319 δηλῶν,
1391 5248 1552 5311 Φατέ,
1589 5248 1772 5319 φησιν,

195 5353 280 5404 ὅτι
313 5349 488 5403 ἔοικεν
516 5345 848 5419 ἀρέσκεσθαι
876 5346 988 5406 τοῖς
1015 5343 1084 5396 τὰ
1117 5343 1261 5397 κακὰ
1292 5340 1775 5412 διαπραττομένοις

196 5443 225 5493 6
252 5438 417 5501 Θεός⁸
455 5437 550 5490 καὶ
578 5434 739 5489 τοῦτο
766 5434 924 5505 δῆλον
960 5435 1018 5500 ἐξ
1058 5425 1139 5487 ὧν
1182 5434 1274 5485 ἐπὶ
1298 5431 1572 5493 τοιαύταις
1602 5429 1782 5499 πλημ-

204 5530 446 5601 μελείαις
478 5528 541 5580 ού
588 5526 827 5581 διδόασιν
861 5524 1137 5596 ἄνθρωποι
1181 5524 1371 5585 δίκας·
1417 5521 1592 5575 καίτοι
1622 5536 1685 5588 γε
1730 5517 1784 5572 εί

200 5636 287 5683 τις
324 5620 482 5688 λόγος
518 5616 612 5671 τοῦ
654 5616 866 5670 δικαίου
894 5615 971 5685 τῷ
999 5614 1140 5685 Θεῷ,
1171 5614 1556 5685 προσηκόντως
1584 5612 1651 5666 ἂν
1683 5610 1784 5668 αὑ-

201 5715 319 5777 τοῖς
349 5712 572 5765 κόλασιν
598 5707 947 5776 ὑπαγαγόντι
975 5708 1074 5775 τήν
1097 5707 1351 5776 ἐσχάτην.
1378 5704 1443 5757 Τί
1468 5699 1590 5771 οὗν;

523 5821 802 5883 Ρλτιιοιι.
851 5818 967 5879 Gn.
1011 5816 1208 5883 LXVI.

1871 4815 2039 4862 tatem
2076 4816 2336 4872 vestram,
2367 4822 2476 4878 qua
2515 4822 2615 4864 vos
2656 4808 2884 4865 nescitis
2913 4820 3251 4879 quantopere
3284 4808 3455 4866 Deum

1874 4898 2236 4967 exasperetis.
2260 4897 2399 4953 Nam
2430 4899 2671 4964 verbis,«
2701 4898 2770 4953 Et
2801 4899 3022 4958 dixistis
3051 4918 3063 4954 :
3100 4902 3299 4971 Inqno
3325 4918 3451 4957 cum
3482 4932 3495 5011 ζ

1874 4988 2329 5011 ----...---.ε....-ς
2360 5007 2374 5011 -
2414 4988 2501 5011 ιε-
2537 4989 2746 5011 ---ι.--
2775 4989 2989 5011 τμη...Δ
3028 4990 3266 5011 ,μεμημ

1874 4988 2329 5059 provocavimus?
2358 5007 2379 5040 ι
2414 4988 2504 5044 hic
2537 4989 2746 5058 pariter
2773 4989 2992 5044 illorum
3024 4990 3270 5045 animum
3296 5006 3455 5048 accuo
3483 4988 3489 5029 ⁵

1876 5088 1984 5145 sat,
2036 5094 2136 5135 ceu
2183 5079 2277 5150 qui
2329 5080 2410 5135 sic
2462 5078 2756 5151 loquendo,
2811 5080 3010 5152 impios
3059 5097 3121 5139 se
3173 5097 3298 5138 esse
3342 5099 3455 5139 non

1872 5172 2157 5227 sentirent.
2216 5171 2283 5226 Et
2315 5187 2565 5243 quaenam
2612 5181 2762 5229 esset
2797 5174 3073 5245 impietas,
3124 5175 3453 5232 declarans:

1872 5259 2087 5325 Dicitis,
2120 5261 2319 5332 inquit,
2351 5262 2526 5317 videri
2566 5260 2735 5317 Deum
2768 5262 3031 5320 delectari
3066 5265 3208 5320 male
3239 5266 3456 5337 agenti-

1870 5352 2011 5417 bus;
2063 5351 2228 5422 idque
2257 5351 2385 5407 inde
2429 5367 2714 5423 apparere,
2753 5354 2901 5425 quod
2949 5357 3022 5411 ob
3062 5356 3191 5411 talia
3225 5364 3456 5427 peccata

1872 5456 2065 5511 poenas
2092 5442 2342 5498 homines
2372 5459 2476 5498 non
2507 5447 2843 5515 persolvant.
2870 5446 3025 5513 Quod
3058 5447 3105 5503 si
3133 5446 3279 5503 Deus
3306 5447 3454 5517 juris

1872 5535 2140 5589 rationem
2182 5535 2433 5598 haberet,
2480 5538 2679 5592 merito
2710 5539 2819 5595 illis
2864 5554 3185 5610 supremum
3233 5540 3451 5611 suppli-

1871 5628 2017 5683 cium
2063 5627 2402 5686 deccrneret.
2444 5628 2587 5696 Quid
2625 5632 2793 5702 ergo?

3173 5805 3254 5867 20
