3804 6220
388 207 490 263 0w

1041 330 1194 387 CAP.
1235 328 1324 385 Ill.

461 428 633 486 Vens.
677 428 725 483 Ι.
753 457 821 467 -
850 446 867 478 ι
891 424 1029 480 Ecce
1063 439 1163 496 cgo
1198 424 1357 477 mitto
1388 418 1643 492 angelum
1676 434 1879 484 meum,
1917 427 1973 475 et

392 525 648 596 inspiciet
681 523 822 577 viam
855 528 982 575 ante
1029 517 1223 573 faciem
1255 530 1456 576 meam,
1490 522 1544 570 ct
1577 514 1763 571 statim
1794 515 1975 569 veniet

392 617 461 670 ad
510 615 769 683 templum
807 626 966 668 suum
1000 608 1260 665 Dominus
1300 622 1460 678 quem
1495 621 1590 662 vos
1623 605 1887 675 quzrritis,
1920 612 1976 659 et

393 705 706 762 testamenti
752 702 980 773 angelus
1023 715 1187 771 quem
1227 714 1323 754 vos
1352 698 1541 753 vultis.
1566 716 1583 749 ι
1623 695 1766 763 Quia
1809 697 1976 767 igitur

391 801 507 854 btec
539 798 742 863 dicitis,
779 803 833 850 et
861 794 1088 865 iustitia:
1113 805 1303 847 curam
1339 797 1399 845 ut
1438 790 1649 861 punitio
1686 788 1795 854 fiat,
1830 805 1859 843 a
1891 804 1976 845 me

389 889 703 959 exquiritis,
734 887 945 942 mittam
978 885 1232 956 angelum
1269 881 1357 953 qui
1380 880 1584 951 placitis
1606 880 1739 936 meis
1760 878 1975 935 subser-

396 981 521 1037 viat.
538 980 669 1035 Nam
686 975 869 1039 verba,
892 972 1168 1044 «lnSpiciet
1187 971 1323 1027 viam
1347 980 1472 1024 ante
1513 969 1708 1024 faciem
1739 984 1934 1034 meam,
1951 989 1969 1022 ι

392 1073 496 1127 hoc
531 1071 751 1134 dicunt;
786 1068 836 1121 id
874 1075 979 1128 est,
1004 1066 1108 1120 iste
1139 1063 1290 1118 dabit
1320 1078 1570 1133 operam,
1616 1077 1716 1117 ceu
1751 1062 1972 1133 quidam

392 1174 719 1232 pnreursor,
754 1157 921 1228 380
954 1164 1013 1210 ut
1044 1154 1381 1209 voluntatem
1417 1168 1591 1207 meam
1626 1161 1974 1223 exsequatur.

392 1253 636 1324 Repente
665 1259 845 1304 autem
882 1247 1049 1301 adero
1082 1246 1158 1300 illi
1184 1260 1286 1315 ego
1314 1258 1556 1315 quoque,
1580 1243 1841 1313 cperibus
1866 1258 1975 1297 me-

391 1354 503 1400 met
532 1341 894 1398 manifestans
923 1338 977 1392 in
1004 1337 1206 1407 templo
1242 1354 1255 1390 :
1287 1335 1727 1406 quandoquidem
1760 1334 1812 1388 in
1849 1350 1977 1388 cun-

391 1436 495 1491 ctis
528 1447 650 1502 qua:
685 1430 775 1483 Dei
798 1428 1021 1483 decreto
1052 1426 1210 1490 lium,
1241 1424 1609 1478 ministerium
1640 1423 1859 1492 quidem
1882 1440 1978 1476 an-

393 1528 636 1595 gelorum
669 1520 1012 1590 intelligitur,
1050 1516 1145 1574 sed
1180 1515 1323 1570 Deus
1359 1515 1413 1569 in
1445 1516 1583 1584 ipsis
1612 1530 1848 1584 operans
1880 1531 1978 1584 per

390 1633 455 1672 ta
489 1631 610 1686 qua:
656 1612 771 1668 fieri
807 1610 1072 1681 praecipit.
1113 1607 1205 1661 Sic
1234 1607 1399 1662 etiam
1436 1620 1636 1660 manna
1666 1606 1848 1659 cibum
1878 1621 1977 1658 an-

1605 214 1955 275 TﬂEODOBl
1993 213 2478 275 MOPSUESTENI

3550 212 3653 267 63.0

2739 327 2897 382 ΚΕΦ.
2939 326 3012 379 Γ’.

2147 420 2296 492 Στίχ.
2336 427 2407 475 α’.
2444 452 2514 461 —-—
2560 438 2578 471 t
2619 420 2747 473 Ἰδοὺ
2781 420 2893 489 ἐγὼ
2932 418 3278 485 ἐξαποστελῶ
3303 419 3395 475 τὸν
3430 419 3657 490 ἄγγελόν

2079 530 2203 584 μου,
2232 514 2325 567 καὶ
2364 512 2719 582 ἐπιϐλέψεται
2752 513 2870 566 ὁδὸν
2903 513 3012 583 πρὸ
3043 511 3337 583 προσώπου
3373 530 3473 584 μου
3499 533 3513 545 ·
3563 515 3659 566 καὶ

2075 604 2336 677 ἐξαίφνης
2364 605 2483 674 ἥξει
2525 605 2605 669 εἰς
2631 605 2723 658 τὸν
2754 605 2878 658 ναδν
2905 603 3099 658 ἑαυτοῦ
3144 604 3370 678 Κύριος,
3412 607 3470 660 ὃν
3502 607 3659 678 ὑμεῖς

2076 693 2312 764 ζητεῖτε,
2332 695 2426 749 καί
2452 697 2480 750 6
2501 696 2734 765 ἄγγελος
2752 695 2853 767 τῆς
2873 696 3139 769 διαθήκης
3158 696 3218 751 ὃν
3240 698 3398 769 ὑμεῖς
3420 698 3619 752 θέλετε.
3635 719 3654 751 ι

2089 785 2308 857 Ἐπειδὴ
2330 786 2508 840 τοίνυν
2535 785 2761 841 τοιαῦτά
2785 803 2942 855 φατε,
2969 788 3063 841 καὶ
3085 788 3183 859 τήν
3209 789 3339 861 περὶ
3365 789 3425 843 τδ
3451 790 3663 844 δίκαιον

2077 876 2389 947 ἐπιμέλειαν
2421 877 2509 931 διὰ
2546 877 2648 948 τῆς
2672 879 2941 950 τιμωρίας
2972 879 3279 950 ἐπιζητεῖτε
3324 881 3452 952 παρ’
3501 882 3659 952 ἐμοῦ,

2076 965 2360 1019 ἀποστελῶ
2410 967 2508 1037 μὲν
2558 967 2788 1037 ἄγγελον
2835 968 3313 1041 ὑπηρετησόμενον
3364 970 3478 1036 τοῖς
3538 974 3663 1043 ἐμοὶ

2075 1055 2327 1110 δοκοῦσι’
2369 1057 2433 1110 τὸ
2459 1057 2625 1127 γάρ,‹
2668 1059 3052 1130 Ἐπιϐλέψεται
3078 1060 3196 1114 ὁδὸν
3229 1062 3338 1134 πρὸ
3366 1062 3664 1135 προσώπου

2079 1164 2203 1217 μου,
2240 1168 2261 1200 ι
2297 1146 2457 1202 τοῦτο
2483 1148 2660 1216 λέγει·
2695 1150 2816 1203 ἀντὶ
2860 1149 2976 1213 τοῦ,
3014 1149 3113 1215 ’ος
3146 1153 3381 1224 σπουδήν
3412 1154 3662 1225 θήσεται,

2076 1236 2264 1307 ὥσπερ
2310 1254 2395 1300 τις
2465 1238 2809 1309 πρόδρομος,
2860 1238 3264 1310 διαπράξασθαι
3316 1242 3383 1295 τὰ
3426 1243 3548 1313 ἐμοί
3599 1261 3663 1312 γε

2076 1324 2339 1377 δοκοῦντα
2362 1340 2377 1355 ⁸
2424 1326 2735 1397 παρέσομαι
2782 1325 2841 1378 δὲ
2892 1327 3086 1398 ἀθρόον
3133 1330 3191 1381 ἐν
3218 1329 3369 1400 αὑτῷ
3395 1327 3552 1399 κάγῶ
3578 1332 3666 1384 διὰ

2076 1416 2186 1469 τῶν
2215 1415 2392 1488 έργων
2422 1417 2659 1488 ἐμαυτὸν
2686 1417 2898 1482 δεικνὺς
2927 1418 2986 1471 ἐν
3013 1418 3093 1489 τῷ
3128 1419 3243 1486 ναῷ
3262 1438 3275 1451 ο
3318 1421 3443 1474 ἐπεὶ
3484 1424 3582 1475 καὶ
3607 1424 3666 1475 ἐν

2080 1507 2254 1562 ἅπασι
2293 1510 2408 1571 τοῖς
2454 1508 2795 1579 γιγνομένοις
2844 1509 2957 1581 ὅρῳ
3000 1508 3137 1563 Θεοῦ
3172 1510 3206 1581 ή
3255 1511 3355 1581 μὲν
3393 1513 3666 1584 ὑπουργία

2079 1601 2278 1653 νοεῖται
2321 1600 2433 1653 τῶν
2479 1599 2747 1669 ἀγγέλων,
2786 1598 2920 1664 Θεὸς
2959 1599 3017 1653 δὲ
3060 1602 3089 1654 6
3124 1601 3181 1654 ἐν
3209 1603 3390 1667 αὑτοῖς
3433 1603 3667 1674 ἐργαζό-

393 1672 640 1780 gelo-rum
672 1720 773 1759 ceu
810 1701 1184 1757 ministrorum
1218 1698 1381 1753 dicit:
1425 1715 1443 1748 ι
1472 1696 1694 1760 Panem,
1718 1716 1736 1749 ι
1774 1697 1970 1767 inquit,

2113 1706 2239 1754 ,ενος
2270 1690 2336 1743 δι’
2373 1682 2450 1744 ὧν
2487 1690 2761 1744 ἐπιτάττει
2786 1689 3101 1759 γίγνεσθαι·
3133 1691 3277 1745 οὑτω
3306 1693 3401 1746 καὶ
3432 1672 3536 1762 τήν
3568 1692 3668 1745 τοῦ

399 1819 421 1851 ι
444 1798 759 1869 angelorum
795 1790 1144 1849 manducavit
1170 1789 1332 1844 homo
1350 1791 1430 1857 νίς
1459 1803 1478 1835 ι
1529 1787 1623 1842 Dei
1657 1795 1835 1842 autem
1872 1802 1973 1843 ceu

396 1892 515 1946 dari
542 1888 820 1958 iubentis:
854 1903 871 1934 ι
897 1881 1171 1937 Mandavit
1193 1882 1338 1936 enim
1372 1879 1609 1934 nubibus
1640 1881 1896 1949 desuper,
1922 1888 1977 1935 ct

393 1984 592 2055 ianuas
618 1978 741 2035 ωιιὶ
772 1975 1008 2047 aperuit,
1039 1981 1093 2028 et
1124 1972 1260 2042 pluit
1287 1971 1393 2025 illis
1423 1985 1622 2023 manna
1651 1971 1720 2024 ad
1748 1971 1979 2025 mandu-

396 2070 702 2129 candum".
736 2081 754 2115 ι
795 2065 968 2121 Porro
1000 2064 1223 2118 verbum
1260 2080 1279 2113 ι
1306 2060 1485 2116 veniet
1505 2080 1523 2113 ι
1551 2070 1815 2116 consuete
1842 2061 1977 2116 dicit

395 2174 658 2234 tanquam
686 2160 741 2215 in
776 2158 941 2212 rebus
967 2154 1141 2225 angeli
1168 2152 1474 2207 ministerio
1501 2152 1660 2219 actis,
1693 2150 1802 2205 Deo
1834 2150 1977 2205 facto

396 2255 698 2325 conspicuo
727 2250 821 2322 qui
858 2247 1061 2319 negotii
1096 2246 1299 2316 peracti
1336 2257 1503 2297 causa
1538 2252 1643 2298 est.
1679 2242 1858 2298 Veluti
1894 2252 1978 2299 est

397 2347 543 2419 apud
568 2347 787 2401 beatum
809 2339 1064 2394 Davidem
1086 2356 1099 2392 :
1125 2355 1143 2387 ι
1162 2334 1451 2391 lnelinavit
1467 2335 1658 2399 cmlos,
1678 2342 1732 2388 et
1747 2334 1979 2390 descen-

395 2440 510 2506 dit;
535 2444 590 2493 et
609 2435 784 2504 caligo
814 2432 919 2487 sub
951 2428 1180 2500 pedibus
1211 2424 1404 2495 ejus”.
1442 2441 1462 2477 ›
1502 2422 1559 2478 ld
1590 2431 1675 2478 est
1706 2423 1879 2493 ipsius
1908 2423 1977 2477 ad

398 2530 664 2586 auxilium
687 2532 937 2580 nostrum
963 2518 1268 2584 venientis,
1316 2532 1384 2570 ex
1435 2516 1697 2587 operibus
1752 2531 1975 2572 sensum

398 2616 866 2691 capimus.Quare
888 2621 1179 2683 postquam
1200 2608 1337 2663 dixit
1357 2625 1399 2661 ει
1417 2606 1606 2662 Veniet
1635 2608 1688 2662 in
1716 2608 1976 2677 templum

400 2728 560 2770 suum
596 2709 860 2764 Dominus
886 2719 1049 2776 quem
1077 2702 1378 2773 quatritisn
1415 2699 1643 2763 addidit,
1694 2698 1788 2752 «Et
1812 2705 1978 2754 testa-

400 2803 571 2859 menti
621 2798 847 2869 angelus
888 2808 1048 2864 quem
1097 2807 1196 2846 vos
1242 2791 1450 2845 vultis:
1483 2808 1502 2842 ι
1556 2787 1975 2853 demonstrans,

400 2893 547 2965 quod
564 2892 618 2945 in
650 2889 815 2945 rebus
834 2885 1140 2941 ministerio
1162 2882 1339 2953 angeli
1364 2880 1592 2939 elTectis,
1630 2878 1978 2949 praasentiam

401 3001 558 3044 suam
610 2982 753 3038 Deus
791 2978 1063 3036 ostendet.
1111 2976 1223 3048 Ego
1263 2975 1427 3045 igitur
1471 2971 1716 3034 veniam,
1752 2970 1977 3039 inquit,
2005 3017 2049 3074 ο

401 3092 563 3148 quem
583 3079 932 3146 peccatorum
957 3066 1229 3123 vindicem
1249 3063 1561 3135 exquiritis.
1598 3061 1788 3117 Aderit
1811 3061 1976 3117 simul

405 3163 634 3232 angelus
677 3158 977 3217 ftederibus
1010 3154 1341 3219 inserviens,
1374 3167 1495 3222 qua:
1523 3167 1668 3222 smpe
1690 3152 1976 3205 vobiscum

402 3252 611 3325 pepigi;
635 3264 795 3321 quem
818 3253 1147 3317 querentes,
1171 3244 1405 3298 ultorem
1427 3243 1777 3311 comperietis
1801 3253 1979 3298 trans-

402 3338 962 3413 gressionisillorum.
997 3332 1125 3388 Haec
1157 3339 1526 3386 consentanea
1574 3330 1850 3398 prioribus
1893 3331 1980 3382 di-

402 3430 482 3481 xit
504 3424 789 3496 pmplteta.
819 3421 971 3476 Hanc
1001 3428 1184 3474 autem
1205 3418 1274 3473 de
1300 3418 1443 3472 beati
1473 3415 1701 3472 Joannis
1721 3416 1979 3487 Baptista:

402 3520 636 3573 adventu
685 3514 1093 3586 pronuntiatam
1152 3510 1328 3565 fuisse
1372 3509 1704 3565 locutionem
1773 3509 1844 3571 ",
1872 3526 1981 3564 non

399 3614 488 3665 est
533 3604 863 3669 mirandum,
908 3604 1034 3673 quia
1065 3616 1134 3655 ex
1167 3601 1332 3655 rebus
1385 3614 1568 3657 verum
1620 3609 1751 3654 tunc
1808 3600 1984 3655 evasit

400 3699 644 3762 eil'atutn,
725 3705 1081 3766 pOStcaquam
1153 3705 1466 3763 przeeursor
1514 3699 1680 3761 atque
1733 3692 1984 3748 minister

401 3786 751 3841 decretorum
783 3781 878 3837 Dei
924 3780 1147 3835 advenit
1186 3780 1379 3834 beatus
1417 3777 1690 3846 Joannes;
1727 3795 1851 3835 cum
1886 3798 1981 3836 eo-

400 3895 508 3949 que
545 3875 798 3947 apparuit
847 3874 1018 3929 etiam
1059 3872 1181 3937 ille,
1230 3872 1319 3924 cui
1369 3871 1745 3926 testimonium
1792 3872 1978 3937 dabat,

400 3968 657 4023 Christus
687 3964 972 4031 Dominus,
1000 3964 1058 4017 in
1084 3976 1194 4032 quo
1222 3961 1466 4016 omnium
1498 3962 1781 4018 hominum
1816 3966 1980 4034 perli-

402 4057 597 4115 cienda
625 4056 773 4113 salus
800 4063 941 4109 erat.

2079 1781 2255 1852 μάννα
2309 1782 2517 1854 τροφήν
2582 1781 2835 1850 ἀγγέλων
2893 1780 2991 1853 μὲν
3032 1781 3109 1845 ὡς
3158 1783 3673 1854 ὑπηρετησαμένων

2077 1871 2226 1941 λέγει
2250 1886 2265 1902 ο
2308 1890 2327 1923 t
2360 1874 2563 1944 Ἀρτον
2584 1872 2715 1944 γάρ,
2740 1872 2927 1943 φησὶν,
2954 1872 3199 1942 ἀγγέλων
3227 1872 3432 1944 ἔφαγεν
3456 1874 3671 1945 ἀνθρω-

2079 1982 2213 2028 πος’
2247 1983 2266 2017 ι
2301 1964 2439 2018 Θεοῦ
2472 1964 2550 2030 δὲ,
2587 1964 2665 2029 ὡς
2693 1962 3052 2029 κελεύσαντος
3084 1965 3300 2037 δοθῆναι
3320 1982 3334 1996 ⁸
3377 1984 3396 2018 t
3434 1965 3672 2020 Ἐνετεί-

2078 2056 2208 2110 λατο
2242 2055 2352 2128 γὰρ
2395 2055 2647 2125 νεφέλαις
2677 2056 3047 2127 ὑπεράνωθεν,
3090 2056 3184 2110 καὶ
3226 2057 3395 2128 θύρας
3434 2057 3673 2128 ούρανοῦ

2080 2146 2307 2217 ἀνέῳξε,
2337 2147 2433 2200 καὶ
2469 2145 2692 2217 έόρεξεν
2737 2147 2922 2211 αὐτοῖς
2957 2147 3131 2217 μάννα
3167 2150 3381 2217 φαγεῖν.
3422 2167 3442 2200 ι
3500 2149 3578 2201 Τὸ
3615 2146 3676 2201 δδ

2080 2237 2231 2305 ἥξει,
2260 2237 2503 2309 συνήθως
2529 2236 2677 2307 λέγει
2705 2236 2781 2301 ὡς
2810 2237 2879 2291 ἂν
2912 2239 2968 2291 ἐν
2998 2239 3111 2301 τοῖς
3136 2238 3409 2309 ὑπουργία
3442 2239 3539 2291 τοῦ
3572 2240 3672 2305 ἀγ-

2081 2328 2245 2397 γέλου
2284 2327 2628 2399 γιγνομένοις
2659 2328 2796 2383 Θεοῦ
2831 2329 3249 2400 διαφαινομένου
3275 2329 3369 2382 τοῦ
3398 2330 3509 2383 τῶν
3538 2331 3673 2383 ἀπο-

2079 2420 2415 2490 τελουμένων
2442 2419 2616 2473 αἰτίου
2636 2434 2651 2448 ⁸
2696 2419 2773 2489 (p.
2800 2419 2925 2491 560)
2971 2414 3080 2474 οἷόν
3110 2420 3225 2473 ἐστι
3267 2422 3361 2475 καὶ
3407 2422 3563 2491 παρά
3593 2421 3672 2491 τῷ

2083 2511 2339 2583 μακαρίῳ
2367 2511 2529 2566 Δαυῒδ
2553 2511 2633 2578 τὸ,
2674 2530 2693 2565 t
2724 2513 2972 2567 Ἔκλινεν
3002 2513 3282 2583 οὐρανοὺς,
3310 2514 3404 2566 καὶ
3436 2515 3668 2585 κατέση,

2080 2603 2176 2655 καὶ
2202 2602 2396 2671 γνόφος
2429 2602 2534 2655 ὑπὸ
2562 2604 2689 2667 τοὺς
2732 2604 2899 2668 πόδας
2928 2603 3092 2657 αὑτοῦ
3112 2621 3126 2634 ·
3160 2622 3178 2656 ι
3236 2604 3323 2657 ἵνα
3370 2605 3504 2678 εἴπῃ
3526 2646 3542 2666 ,
3590 2607 3668 2659 ὅτι

2088 2694 2531 2765 Παραγεγονότος
2556 2697 2635 2758 εἰς
2664 2694 2914 2766 βοήθειαν
2944 2694 3239 2766 ἡμετέραν,
3267 2696 3329 2747 ἐκ
3359 2695 3469 2749 τῶν
3494 2695 3670 2767 ἔργων

2079 2786 2349 2856 ἐλάϐομεν
2382 2786 2654 2857 αἴσθησιν.
2693 2787 2857 2841 Ὅθεν
2889 2786 3083 2854 εἰπὼν,
3113 2791 3193 2844 ὅτι
3234 2804 3253 2838 t
3283 2787 3445 2853 Ἥξει
3476 2791 3558 2851 εἰς
3582 2788 3674 2841 τὸν

2080 2878 2206 2932 ναὸν
2234 2877 2428 2932 ἑαυτοῦ
2464 2879 2669 2950 Κύριος
2704 2878 2763 2932 ὃν
2801 2879 2960 2949 ὑμεῖς
2987 2879 3249 2949 ἐζητεῖτε,
3282 2898 3304 2932 ι
3364 2881 3668 2951 ἐπήγαγεν.

2086 2988 2109 3025 ι
2137 2971 2248 3023 Καὶ
2291 2972 2320 3024 6
2368 2969 2600 3039 ἄγγελος
2633 2972 2733 3042 τῆς
2775 2969 3041 3042 διαθήκης
3090 2971 3149 3024 ὃν
3196 2971 3355 3040 ὑμεῖς
3402 2971 3613 3025 θέλετε
3648 2991 3668 3023 ι

2083 3060 2297 3125 δεικνὺς
2338 3061 2420 3114 ὅτι
2458 3062 2518 3115 ἐν
2556 3064 2668 3126 τοῖς
2709 3062 2983 3134 ὑπουργία
3013 3061 3106 3118 τοῦ
3150 3063 3379 3132 ἀγγέλου
3408 3064 3670 3134 γιγνομέο

2083 3170 2196 3216 νοις
2236 3154 2336 3224 τὴν
2364 3152 2670 3221 παρουσίαν
2724 3153 3017 3220 ἐνδείξεται
3064 3154 3164 3224 τήν
3213 3154 3421 3208 οἰκείαν
3453 3157 3484 3208 6
3517 3156 3666 3215 Θεόις.

2098 3247 2241 3317 Ἐγώ
2266 3265 2328 3301 τε
2369 3243 2483 3311 οὖν,
2518 3248 2702 3317 φησὶν,
2739 3248 3051 3320 ἐλεύσομαι,
3097 3248 3157 3301 ὃν
3188 3247 3432 3319 τιμωρὸν
3475 3248 3668 3318 ἐπιζη.

2085 3342 2227 3392 τεῖτε
2256 3339 2365 3392 τῶν
2394 3339 2500 3410 πλη
2511 3339 2901 3410 μμελουμένων
2925 3357 2943 3371 ⁸
2992 3340 3260 3411 παρέσται
3299 3339 3356 3392 δὲ
3389 3340 3487 3393 καὶ
3516 3343 3545 3393 6
3572 3338 3669 3406 ἀγ·

2086 3428 2241 3496 γελος
2267 3431 2295 3482 6
2320 3430 2440 3490 ταῖς
2466 3428 2757 3498 συνθήκαις
2782 3427 3262 3500 ὑπηρετησάμενος
3283 3421 3371 3488 αἷς
3392 3426 3670 3497 πεποίηκα

2088 3518 2227 3589 πρὸς
2256 3519 2403 3588 ὑμᾶς
2436 3519 2695 3583 πολλάκις
2717 3535 2732 3551 ο
2768 3519 2828 3572 ὃν
2860 3502 3245 3588 ἐπιζητοῦντες
3272 3517 3540 3587 εὑρήσετε
3566 3517 3674 3569 τῶν

2087 3608 2225 3680 πρὸς
2270 3609 2371 3678 ἐμὲ
2412 3609 2693 3680 συνθηκῶν
2737 3609 2890 3679 ὑμῶν
2916 3608 3323 3681 τιμωρούμενον
3354 3608 3455 3677 τὴν
3490 3608 3668 3678 παρά·

2088 3699 2266 3753 ϐασιν.
2318 3698 2506 3754 Ταῦτα
2543 3699 2642 3769 μὲν
2670 3698 2734 3770 δὴ
2781 3701 2897 3763 τοῖς
2929 3698 3317 3771 προρρηθεῖσιν
3359 3698 3669 3760 ἀκολούθοις

2086 3790 2309 3861 εἴρηκεν
2356 3793 2385 3844 6
2422 3792 2706 3861 προφήτης
2732 3806 2747 3822 ο
2802 3789 2865 3843 τδ
2906 3789 2963 3842 δὲ
3006 3789 3101 3843 ἐπὶ
3124 3789 3225 3859 τῆς
3266 3787 3362 3841 τοῦ
3393 3789 3668 3860 μακαρίου

2099 3882 2345 3937 Ἰωάννου
2374 3881 2467 3935 τοῦ
2495 3879 2800 3941 Βαπτιστοῦ
2831 3879 3132 3952 παρουσίας
3162 3880 3263 3949 τὴν
3300 3878 3487 3950 φωνὴν
3521 3880 3669 3949 εἰρῆ-

2089 3971 2213 4026 σθαι
2239 3972 2463 4042 ταύτην,
2488 3972 2551 4025 ού
2577 3971 2906 4042 θαυμαστὸν,
2951 3971 3015 4024 ἐκ
3054 3970 3163 4022 τῶν
3198 3971 3547 4041 πραγμάτων
3570 3973 3669 4023 ἐπ-

2086 4062 2459 4133 αληθευούσης
2486 4063 2607 4116 τότε
2636 4062 2736 4132 τῆς
2762 4062 2966 4132 φωνῆς,
3010 4061 3093 4132 τῷ
3131 4060 3534 4132 παραγίνεσθαι
3571 4062 3668 4133 μὲν

403 4151 709 4223 πρόδρομον
737 4146 832 4200 καὶ
866 4143 1143 4215 ὑπηρέτην
1182 4142 1291 4196 τῶν
1350 4142 1673 4213 ὡρισμένων
1734 4144 1826 4199 τὸν
1893 4151 2165 4223 μακάριον
2236 4154 2523 4224 Ἰωάννην,
2559 4154 2674 4224 ἃμα
2706 4153 2765 4205 δὲ
2816 4152 2965 4223 αὑτῷ
3007 4153 3252 4223 παρόντα
3285 4153 3525 4224 φανῆναι
3576 4156 3670 4209 καὶ

402 4244 499 4299 τὸν
521 4243 613 4295 ὑπ’
642 4237 807 4293 αὑτοῦ
838 4233 1286 4309 μαρτυρούμενον
1326 4234 1603 4305 Δεσπότην
1636 4235 1891 4307 Χριστὸν,
1951 4241 2011 4295 ἐν
2085 4236 2239 4317 ᾧπερ
2287 4248 2321 4317 ή
2376 4247 2593 4300 πάντων
2637 4243 2940 4317 ἀνθρώπων
2988 4244 3222 4315 ήμελλεν
3266 4247 3670 4316 οἰκονομεῖσθαι

404 4331 668 4402 σωτηρία.

478 4443 644 4497 Vens.
672 4441 728 4495 '2.
750 4468 821 4479 —
840 4437 965 4493 Mox
995 4436 1101 4492 sibi
1125 4444 1531 4495 consentaneus
1559 4440 1822 4511 propheta
1853 4457 1981 4513 pro-

2159 4403 2308 4515 Στίχ.
2352 4443 2418 4513 β’.
2466 4473 2537 4486 -
2598 4443 2931 4498 Ἀκολουθῶν
2969 4445 3152 4515 μέντοι
3195 4462 3259 4514 γε
3310 4448 3339 4501 6
3381 4448 3672 4519 προφήτης

405 4536 654 4606 sequitur
679 4551 727 4590 τι
753 4532 894 4587 Ecce
922 4530 1092 4599 venit,
1124 4532 1202 4587 ait
1230 4530 1499 4586 Dominus
1528 4533 1900 4603 omnipotens.
1921 4534 1988 4590 Et

404 4628 529 4699 quis
566 4624 861 4682 sustinebit
891 4622 1036 4678 diem
1067 4623 1326 4678 introitus
1372 4622 1537 4692 ejus?
1562 4622 1813 4694 Autquis
1843 4624 1989 4683 ferre

404 4720 607 4794 poterit
633 4726 913 4790 aspectum
941 4715 1101 4786 381
1137 4714 1325 4792 ejus?»
1348 4713 1485 4768 Cum
1516 4716 1752 4780 venerit,
1786 4716 1984 4787 inquit,

406 4810 552 4867 Deus
586 4808 835 4880 publicus
885 4804 1027 4858 haud
1061 4810 1209 4859 recte
1242 4802 1511 4857 factorum
1545 4802 1779 4867 vindex,
1826 4819 1987 4860 nemo

402 4909 649 4956 vestrum
673 4897 765 4969 qui
792 4897 907 4951 haec
932 4895 1116 4949 dicere
1144 4908 1291 4948 nunc
1317 4893 1503 4958 audet,
1534 4893 1837 4963 punitionis
1862 4910 1987 4966 gra-

408 4993 633 5046 vitatem
667 4987 982 5044 sustinebit.
1014 4984 1309 5041 Evidenter
1327 4993 1508 5038 autem
1538 4984 1622 5040 his
1653 4986 1835 5042 verbis
1848 5003 1988 5057 prae-

406 5080 542 5134 dicit
588 5079 698 5133 illis
741 5092 807 5132 ea
842 5090 963 5146 qua:
1004 5075 1110 5131 sub
1153 5074 1515 5130 Macchabasis
1548 5083 1812 5131 eventura
1845 5079 1987 5133 mala

406 5176 597 5235 erant,
640 5183 763 5238 qua:
811 5166 1021 5221 scilicet
1067 5165 1137 5220 ob
1190 5181 1348 5221 suam
1401 5165 1637 5236 populus
1684 5168 1986 5237 nequitiam

406 5259 654 5332 pertulit.
696 5257 823 5312 Ideo
852 5257 943 5326 qui
980 5256 1123 5311 hanc
1152 5255 1449 5312 dictionem
1480 5257 1777 5312 convenire
1796 5259 1989 5313 existi-

406 5360 524 5407 mat
554 5350 774 5406 Christo
803 5348 1056 5411 Domino,
1089 5362 1191 5403 nec
1220 5348 1288 5403 de
1321 5348 1433 5402 alio
1461 5363 1625 5418 quam
1664 5348 1733 5403 de
1760 5364 1826 5404 eo
1860 5365 1987 5418 pro-

408 5443 735 5508 nuntiatam,
772 5439 991 5497 videtur
1020 5441 1275 5512 ignorare
1303 5455 1489 5495 rerum
1526 5440 1616 5495 hic
1649 5440 1983 5511 scriptarum

481 5626 525 5659 “
564 5624 709 5682 Psal.
737 5626 1056 5694 ιττνιι,ἳ5.
1132 5628 1178 5661 ⁰²
1205 5627 1336 5685 ibid.
1369 5628 1461 5683 23.
1535 5628 1583 5661 "
1624 5628 1770 5687 Psal.
1809 5629 2058 5699 xvn,10.

2085 4534 2285 4605 ἐαυτῷ,
2316 4535 2547 4603 ἐπάγει·
2572 4552 2592 4586 t
2635 4535 2767 4588 Ἰδοὺ
2805 4535 3045 4607 ἔρχεται,
3071 4536 3217 4605 λέγει
3240 4537 3445 4609 Κύριος
3472 4557 3670 4593 παντο·

2084 4628 2309 4700 κράτωρ
2329 4643 2343 4657 ⁸
2363 4626 2460 4680 καὶ
2476 4626 2560 4689 τίς
2577 4627 2839 4697 ὑπομενεῖ
2858 4627 3071 4698 ἡμέραν
3090 4628 3293 4682 εἰσόδου
3310 4628 3508 4697 αὑτοῦ;
3535 4631 3569 4702 ἢ
3590 4631 3673 4695 τίς

2084 4719 2448 4789 ὑποστήσεται
2477 4719 2536 4770 ἐν
2565 4720 2631 4788 τῇ
2657 4719 2892 4789 ὀπτασίᾳ.
2925 4718 3129 4783 αὑτοῦ;
3161 4738 3179 4771 ι
3215 4721 3290 4790 (p.
3321 4719 3445 4790 561)
3491 4723 3670 4775 Ἐπει-

2083 4811 2181 4865 δάν
2207 4810 2318 4881 γάρ
2363 4808 2753 4880 παραγίνηται,
2789 4811 2987 4879 φησὶν,
3032 4814 3062 4865 6
3113 4810 3243 4875 Θεὸς
3272 4813 3518 4883 τιμωρὸς
3554 4816 3672 4868 ἐπι-

2088 4902 2413 4973 φαινόμενος
2444 4901 2556 4954 τῶν
2594 4902 2653 4953 οὑ
2692 4901 2920 4966 δεόντως
2958 4902 3279 4974 γινομένων,
3313 4904 3490 4967 οὐδεὶς
3519 4905 3672 4976 ὑμῶν

2086 4992 2195 5046 τῶν
2226 4990 2401 5046 ταῦτα
2447 4988 2543 5043 νῦν
2575 4989 2753 5057 λέγειν
2799 4991 3122 5063 τολμώντων
3170 4994 3540 5065 ὑποστήσεται
3575 4998 3673 5067 τῆς

2087 5080 2359 5151 τιμωρίας
2408 5078 2468 5132 τὸ
2503 5078 2733 5148 μέγεθος
2754 5096 2767 5109 °
2819 5080 2976 5151 δῆλος
3003 5082 3063 5135 δέ
3104 5084 3250 5136 ἐστιν
3275 5085 3334 5136 ἐν
3362 5085 3578 5149 τούτοις
3606 5086 3673 5139 τά

2090 5172 2184 5223 ἐπὶ
2214 5170 2321 5223 τῶν
2347 5169 2725 5223 Μακκαόαίων
2752 5172 2935 5234 αὑτοῖς
2965 5172 3185 5243 μηνύων
3211 5176 3377 5240 κακά,
3406 5175 3554 5246 ᾇπερ
3576 5176 3672 5246 τῆς

2090 5262 2299 5317 ἑαυτῶν
2336 5262 2522 5315 ένεκεν
2556 5263 3006 5335 ύπομεμενήκασι
3042 5266 3242 5330 κακίας
3262 5284 3276 5298 ·
3320 5268 3397 5331 ὡς
3422 5268 3451 5322 ὃ
3480 5284 3544 5337 γε
3576 5269 3671 5322 αὑ-

2085 5356 2186 5427 τὴν
2242 5356 2343 5424 τὴν
2405 5353 2590 5425 φωνὴν
2638 5355 2930 5427 ἁρμόττειν
2979 5356 3226 5427 οἰόμενος
3289 5358 3368 5429 τῷ
3422 5360 3668 5427 Δεσπότῃ

2085 5444 2307 5516 Χριστῷ
2346 5444 2423 5508 ὼς
2474 5444 2541 5498 ἂν
2567 5446 2695 5517 περὶ
2724 5446 2890 5500 αὑτοῦ
2944 5448 3039 5501 καὶ
3064 5448 3163 5519 οὑχ
3203 5450 3390 5520 ἑτέρου
3437 5468 3529 5504 του
3570 5452 3665 5520 ρη-

2171 5631 2218 5664 "
2253 5629 2445 5687 Matth.
2472 5648 2548 5700 xl,
2578 5632 2871 5704 l0;Marc.
2906 5649 2945 5700 t,
2970 5634 3036 5701 9.;
3072 5633 3205 5691 Luc.
3246 5651 3283 5702 ι,
3316 5636 3411 5701 t7;
3448 5648 3542 5700 vn,
3571 5630 3656 5683 27.
