3804 6220
141 242 243 297 6‘21

1077 251 1631 311 COMMENTARIUS
1655 254 1719 310 ΙΝ
1760 254 2145 311 MALACHUE
2183 234 2336 311 CA‘P.
2371 253 2462 309 lll.

3298 250 3399 313 6:22!

145 364 337 418 θεῖσαν
372 365 506 438 (70),
539 367 714 421 ἔοικεν
742 367 952 437 ἀγνοεῖν
986 371 1044 425 τὸ
1073 372 1325 445 διάφορον
1354 375 1461 429 τῶν
1495 373 1728 431 ἐνταῦθά

1846 375 2195 431 dili‘urentiam
2227 376 2295 430 ab
2324 375 2431 430 illis
2463 389 2584 446 qua:
2617 373 2670 428 in
2693 372 2895 430 Christi
2931 373 3143 430 Domini
3174 374 3408 430 adventu

143 471 210 507 τε
237 457 660 526 γεγραμμένων,
691 459 784 512 καὶ
808 459 915 513 τῶν
945 462 1037 514 ἐπὶ
1065 462 1165 532 τῆς
1194 466 1496 534 παρουσίας
1521 467 1729 519 οἰκονο-

150 545 434 616 μηθέντων
479 548 570 602 τοῦ
619 550 888 603 Δεσπότου
934 551 1194 624 Χριστοῦ,
1222 553 1281 618 ὃς
1321 557 1368 609 εἰ
1407 557 1502 610 καὶ
1540 555 1728 628 κριτοῦ

147 635 309 706 δίκην
348 636 610 708 διέκρινεν
658 639 715 692 ἐν
755 639 1026 704 Ἰουδαίοις
1057 642 1182 707 τοὺς
1217 642 1453 712 φαύλους
1488 645 1596 698 άπὸ
1621 645 1731 698 τῶν

149 728 508 798 κρειττόνων,
551 730 678 794 τοὺς
727 730 828 801 μὲν
859 732 947 785 ἐπ’
980 733 1140 786 αὐτὸν
1172 736 1604 800 πεπιστευκότας
1639 739 1730 790 ἐπὶ

148 817 212 870 τὸ
239 821 486 889 κρεῖττον
516 826 878 894 μεταστήσας,
908 824 1035 888 τοὺς
1063 826 1433 896 ἡπιστηκότας
1461 828 1517 881 δὲ
1547 847 1727 900 παρα-

148 907 278 971 δοὺς
309 909 566 982 τιμωρία,
604 910 719 966 ἀλλ’
747 913 966 984 εὔδηλον
997 915 1079 968 ὅτι
1112 917 1190 987 τῷ
1228 917 1393 990 κοινῷ
1429 919 1573 989 λόγῳ
1605 938 1729 974 σκο-

151 998 255 1050 πὸν
287 1000 386 1070 τῆς
417 1002 621 1066 οἰκείας
666 1003 868 1076 ἔσχηκε
918 1008 1250 1077 παρουσίας,
1291 1010 1351 1064 ὃν
1393 1012 1421 1063 ὁ
1461 1012 1728 1083 μακάριος

163 1089 419 1160 Ἰωάννης
442 1091 743 1164 δεδήλωκεν
768 1096 958 1161 εἰπὼν,
1000 1099 1140 1152 (Ἴδε
1163 1100 1192 1152 ὁ
1221 1101 1390 1172 ἀμνὸς
1413 1103 1506 1156 τοῦ
1540 1103 1676 1158 Θεοῦ
1700 1107 1729 1156 ὁ

149 1182 327 1251 αἴρων
354 1182 452 1252 τὴν
476 1183 750 1255 ἁμαρτίαν
780 1187 874 1240 τοῦ
901 1189 1105 1260 κόσμου
1129 1207 1143 1219 ·
1175 1209 1195 1244 ι
1234 1192 1329 1247 καὶ
1355 1193 1424 1247 τά
1447 1195 1644 1266 ἐφεξῆς
1670 1197 1726 1250 δὲ

149 1271 232 1324 ἔτι
261 1273 461 1344 μᾶλλον
488 1275 726 1331 δείκνυσι
751 1278 862 1332 τῶν
894 1282 1154 1353 ῥημάτων
1188 1285 1280 1338 τὸν
1306 1286 1525 1340 σκοπόν.
1567 1288 1731 1342 Ἐπά-

149 1377 236 1429 ru
269 1362 377 1434 γάρ
401 1380 418 1396 ·

220 1452 370 1525 Στίχ.
409 1460 479 1523 γ’,
506 1455 547 1510 δ’
554 1499 570 1515 .
594 1488 665 1498 -
697 1477 716 1510 ι
741 1459 882 1514 Διότι
911 1463 1074 1527 αὐτὸς
1105 1465 1482 1537 εἰσπορεύεται
1512 1469 1588 1532 ὡς
1617 1468 1728 1538 πῦρ

149 1546 538 1615 χωνευτηρίου,
570 1549 664 1602 καὶ
699 1549 776 1614 ὡς
818 1552 924 1605 πόα
952 1553 1263 1609 πλυνόντων
1285 1569 1300 1584 ‘
1342 1556 1434 1609 καὶ
1462 1557 1727 1611 καθιείταί

1833 472 1930 536 per
1959 466 2426 536 dispensatiOnem
2458 471 2592 520 acta:
2625 473 2788 520 sunt:
2823 465 2916 536 qui
2946 464 3199 535 quamvis
3233 464 3412 518 oﬂicio

1828 558 2032 627 ju'dicis
2058 551 2316 614 diScrevit
2343 556 2655 613 Iudaeorum
2692 551 2970 629 improbos
3007 565 3037 611 a
3070 556 3411 618 me'lidribus.

1831 650 2120 707 credentes
2142 651 2247 708 sibi
2272 651 2339 707 ad
2362 653 2639 707 meliorem
2666 651 2873 720 frugem
2895 650 3207 714 traducens,
3235 645 3414 703 incre-

1831 742 1991 797 dulos
2024 746 2184 812 ptena
2204 741 2476 799 alliciens:
2503 752 2744 798 attamen
2768 737 3110 812 exploratum
3133 748 3238 804 est,
3265 739 3413 810 quod

1833 834 2070 905 generali
2109 834 2322 888 ratione
2355 849 2581 904 scopum
2600 833 3133 889 habueritadVentus
3152 830 3236 887 sui
3259 830 3411 884 illum

1833 939 1995 993 quem
2015 924 2206 980 beatus
2221 922 2461 980 Joannes
2482 925 2783 980 declaravit
2797 924 2987 980 dicens
3009 922 3204 978 :iEcce
3219 922 3407 993 Agnus

1835 1016 1929 1072 Dei
1960 1017 2050 1086 qui
2082 1017 2222 1071 tollit
2252 1025 2534 1087 peccatum
2564 1011 2833 1071 mundi".
2873 1035 2890 1067 ι
2923 1015 3060 1070 Tum
3095 1015 3150 1070 in
3182 1030 3414 1085 sequen-

1833 1109 1981 1163 tibus
2023 1110 2287 1178 propheta
2331 1109 2505 1179 magis
2538 1108 2717 1163 adhuc
2753 1109 2929 1179 aperit
2955 1109 3244 1164 verborum
3283 1123 3415 1164 suo—

1834 1216 1955 1254 rum
1992 1216 2238 1271 scopum.
2275 1199 2438 1255 Addit
2465 1200 2602 1256 enim
2623 1217 2637 1255 :

1910 1468 2075 1526 Vens.
2116 1470 2228 1531 δή.
2257 1500 2320 1508 ——
2348 1488 2366 1521 ι
2391 1470 2528 1535 Quia
2576 1469 2693 1540 ipse
2739 1470 3038 1540 ingreditur
3077 1471 3233 1540 quasi
3274 1471 3413 1540 ignis

1835 1561 2171 1627 conllatorii,
2217 1570 2271 1617 ct
2319 1564 2477 1632 quasi
2527 1560 2697 1617 herba
2744 1559 3031 1616 fullonum.
3094 1561 3158 1615 Et
3204 1562 3414 1617 sedebit

150 1632 405 1700 χωνεύων
469 1637 562 1689 καὶ
620 1637 929 1711 καθαρίζων
983 1642 1065 1706 ὡς
1114 1644 1174 1696 τὸ
1223 1645 1483 1717 ἀργύριον
1531 1648 1624 1701 καὶ
1669 1648 1727 1701 τὸ

1846 1651 2080 1706 ξοιιίιιιηε
2112 1660 2166 1706 et
2193 1666 2435 1721 purgans
2459 1651 2601 1706 sicut
2632 1664 2826 1704 aurum
2848 1658 2903 1705 et
2929 1651 3070 1705 sicut
3103 1663 3411 1721 argentum.

150 1725 378 1794 χρυσίον
411 1744 425 1758 ·
475 1730 569 1782 καὶ
598 1731 850 1802 καθαριεῖ
873 1734 1000 1796 τοὺς
1043 1735 1191 1798 υίοὺς
1227 1738 1376 1800 Λευὶ,
1425 1739 1518 1792 καὶ
1552 1740 1732 1809 ἐκχεεῖ

150 1815 353 1880 αὐτοὺς
398 1817 474 1881 ὡς
531 1818 592 1873 τὸ
641 1822 864 1892 χρυσίον
919 1824 1013 1876 καὶ
1063 1823 1140 1888 ὡς
1177 1824 1236 1877 τὺ
1286 1825 1586 1896 ἀργύριον·
1639 1830 1731 1882 καὶ

149 1904 367 1960 ἔσονται
386 1908 465 1979 τῷ
487 1911 672 1982 Κυρίῳ
699 1913 1063 1984 προσάγοντες
1087 1915 1276 1968 θυσίαν
1303 1918 1360 1969 ἐν
1382 1917 1693 1989 δικαιοσύνῃ
1714 1934 1728 1949 ·

150 1999 248 2051 καὶ
279 2001 468 2072 άρέσει
500 2003 579 2074 τῷ
624 2005 814 2076 Κυρίῳ
850 2007 1011 2062 θυσία
1055 2008 1221 2062 Ἰούδα
1265 2011 1324 2062 ἐν
1362 2008 1729 2081 Ἰερουσαλὴμ,

151 2091 338 2155 καθὼς
374 2095 430 2146 αί
454 2095 656 2166 ἡμέραι
685 2096 780 2150 τοῦ
825 2097 1042 2164 αἰῶνος,
1078 2100 1172 2152 καὶ
1201 2100 1382 2165 καθὼς
1413 2101 1482 2154 τὰ
1527 2102 1620 2173 ἔτη
1663 2102 1733 2156 τά

151 2181 484 2254 ἔμπροσθεν.
514 2205 532 2238 ι
577 2188 653 2257 (p.
694 2187 816 2258 562)
869 2188 1030 2242 Ἀλλά
1075 2189 1184 2262 γάρ
1233 2191 1384 2245 ἔσται
1432 2211 1520 2259 τι,
1571 2195 1728 2262 φησὶ,

151 2271 343 2342 κέρδος
384 2274 450 2326 ἐκ
475 2275 574 2344 τῆς
604 2275 1055 2350 ἐπαχθησομένης
1096 2280 1217 2333 τότε
1252 2281 1521 2351 τιμωρίας
1560 2283 1688 2352 ὑμῖν
1714 2298 1727 2310 ·

150 2361 306 2432 δίκην
339 2363 439 2434 μὲν
467 2365 576 2436 γὰρ
609 2368 782 2437 πυρὸς
813 2369 871 2421 ἐν
913 2368 1112 2441 χωνείᾳ
1149 2371 1416 2442 ἀργύριόν
1452 2389 1510 2424 τε
1543 2373 1733 2427 καθαί-

153 2470 342 2524 ροντος
369 2457 466 2508 καὶ
490 2457 733 2527 χρυσίον,
763 2459 798 2532 ἢ
831 2461 928 2514 καὶ
963 2461 1100 2527 πόας
1136 2462 1226 2517 διὰ
1270 2464 1380 2517 τῶν
1427 2465 1732 2520 πλυνόντων

149 2549 526 2621 καθαιρούσης
555 2551 778 2622 ἐσθῆτα,
807 2555 928 2617 ταῖς
953 2557 1257 2626 συμφοραῖς
1281 2557 1400 2618 ταῖς
1432 2557 1732 2627 τηνικαῦτα

148 2642 526 2712 ἐπαγομέναις
568 2643 697 2714 ὑμῖν
728 2644 983 2717 καθαριεῖ
1025 2647 1233 2712 πάντας
1265 2648 1393 2713 τοὺς
1427 2649 1527 2721 τὴν
1572 2650 1732 2720 ἱερω-

147 2733 321 2804 σύνην
361 2732 676 2806 τολμῶντας
716 2735 956 2790 ἐκτελεῖν
995 2737 1268 2809 ὰδοκίμως
1294 2755 1307 2769 ·
1352 2739 1493 2794 ὥστε
1536 2741 1734 2804 αὐτοὺς

144 2828 260 2888 τοῖς
296 2827 699 2898 ἐπιγινομένοις
740 2828 1207 2899 σωφρονισθέντας
1248 2833 1437 2895 κακοῖς
1469 2833 1733 2903 προσάγει

145 2919 337 2973 λοιπὸν
374 2919 454 2990 τῷ
492 2919 610 2991 Θεῷ
643 2920 854 2986 θυσίας,
895 2921 973 2986 ὡς
1020 2921 1246 2992 νόμιμον
1292 2925 1588 2994 προσάγειν
1613 2925 1733 2996 Θεῷ

1834 1745 1898 1796 Et
1931 1751 2093 1796 erunt
2127 1740 2357 1796 Domino
2390 1740 2726 1796 adducentes
2744 1741 3077 1797 sacriﬁcium
3101 1744 3156 1796 in
3178 1743 3411 1812 justitia.

1835 1833 1899 1886 Et
1928 1833 2162 1902 placebit
2189 1831 2420 1887 Domino
2445 1832 2778 1888 sacriﬁcium
2808 1831 2962 1887 Judm
2990 1833 3042 1887 in
3072 1832 3411 1890 Hierusalem

1834 1922 1976 1976 sicut
2008 1923 2126 1978 dies
2159 1923 2342 1977 saaculi
2377 1930 2431 1976 et
2461 1922 2605 1976 sicut
2638 1923 2766 1976 anni
2802 1921 3040 1992 priSIini.
3067 1942 3084 1974 ι
3126 1921 3414 1978 Verumta-

1833 2027 1956 2067 men
1986 2012 2192 2081 aliquid
2225 2012 2381 2066 vobis
2406 2011 2762 2067 emolumenti
2785 2013 3063 2083 continget
3087 2024 3152 2068 ex
3177 2014 3415 2084 impacta

1835 2119 2015 2172 paena.
2047 2102 2292 2173 Namque
2322 2102 2464 2172 ignis
2489 2102 2665 2157 instar
2695 2103 2749 2156 in
2781 2103 3105 2158 conﬂatnrio
3128 2113 3412 2174 argentum

1835 2196 2116 2263 purgantis
2149 2201 2203 2247 et
2233 2194 2546 2255 aurum,vel
2584 2191 2767 2248 herba:
2800 2194 2963 2248 etiam
2996 2203 3116 2263 qua:
3147 2195 3412 2250 fullonum

1834 2301 2000 2354 opera
2047 2291 2254 2340 vestem
2290 2282 2583 2348 e'mundat,
2635 2285 3045 2340 calamitatibus
3095 2291 3225 2338 time
3259 2286 3415 2340 vobis

1835 2375 2060 2432 inﬂictis
2085 2375 2338 2446 purgabit
2356 2374 2499 2430 Deus
2521 2375 2644 2429 illos
2667 2375 2757 2444 qui
2779 2375 3142 2430 sacerdotium
3169 2375 3415 2446 improbe

1836 2477 2070 2522 tractare
2094 2467 2332 2521 audent:
2369 2472 2429 2519 ut
2455 2464 2510 2518 hi
2543 2464 2990 2522 incumbentibus
3026 2465 3186 2522 malis
3218 2482 3414 2521 emun-

1834 2558 1975 2618 dati.
2015 2556 2124 2612 Deo
2159 2556 2413 2627 posthinc
2443 2556 2672 2612 oll‘erant
2700 2556 3002 2619 sacriﬁcia,
3049 2564 3212 2626 prout
3247 2556 3414 2610 Deum

1833 2649 1997 2720 382
2021 2649 2176 2704 decet
2202 2645 2428 2718 iustitiae
2456 2646 2751 2709 vindicem,
2784 2645 2873 2699 cui
2905 2654 3060 2701 certe
3088 2646 3260 2700 multo
3289 2661 3415 2699 cum

1835 2743 2032 2796 timore
2065 2752 2286 2798 sacrum
2317 2739 2686 2795 ministerium
2722 2738 3138 2809 persolvendum
3178 2746 3284 2797 est.
3315 2751 3416 2790 ceu

1834 2833 2037 2887 valenti
2094 2839 2497 2901 contemptores
2530 2843 2662 2884 suos
2690 2829 2904 2898 punire.
2935 2828 3090 2884 Tunc
3118 2826 3416 2892 Judaei,in—

1835 2925 1974 2993 quit,
2001 2924 2055 2977 in
2087 2923 2277 2978 urbem
2300 2921 2643 2978 Hierusalem
2673 2929 2828 2993 grata
2863 2922 2971 2977 Deo
3014 2921 3287 2975 adducent.
3328 2935 3419 2974 sa-

144 3010 457 3081 προεστῷτι
495 3010 590 3064 τοῦ
621 3011 851 3077 δικαίου,
895 3006 941 3082 ᾧ
981 3012 1045 3084 δὴ
1077 3012 1213 3083 μετὰ
1237 3013 1431 3066 πολλοῦ
1460 3014 1554 3068 τοῦ
1581 3015 1728 3079 δέους

1846 3015 2063 3078 :riflcia,
2094 3013 2398 3083 superioris
2425 3013 2602 3068 aetatis
2632 3020 2801 3076 mere.
2842 3012 2898 3066 in
2930 3024 3038 3081 qua
3067 3011 3279 3081 aiustis
3323 3025 3419 3079 per

145 3105 247 3175 τὴν
279 3104 622 3176 λειτουργίαν
653 3107 928 3176 προσῆκον
957 3104 1288 3177 ἐκπληροῦν,
1318 3105 1395 3169 ὡς
1436 3103 1599 3159 εἰδότι
1638 3107 1733 3159 καὶ⁴

146 3197 512 3268 τιμωρεῖσθαι
540 3197 666 3261 τοὺς
694 3196 1024 3268 καταμελεῖν
1055 3196 1336 3261 ἐθέλοντας
1367 3197 1553 3251 αὐτοῦ.
1596 3197 1730 3252 Τότε

144 3287 246 3357 δὴ,
284 3289 452 3357 φησὶν
472 3328 486 3351 ,
531 3289 769 3342 Ἰουδαῖοι
816 3287 909 3341 ἐπὶ
955 3287 1056 3358 τῆς
1092 3289 1448 3360 Ἰερουσαλὴμ
1494 3289 1732 3359 άρεστάς

147 3379 505 3449 προσοίσουσι
533 3377 612 3448 τῷ
659 3377 780 3449 Θεῷ
821 3377 1045 3442 θυσίας’
1095 3379 1356 3448 ἀνάλογον
1389 3379 1467 3450 τῷ
1498 3381 1731 3451 πρόσθεν

148 3469 352 3540 χρόνῳ,
390 3471 448 3522 ἐν
481 3462 634 3540 ᾧπερ
662 3473 775 3533 τοίς
812 3469 1062 3538 γεγονόσι
1096 3469 1239 3522 κατὰ
1285 3470 1476 3540 καιρὸν
1504 3470 1732 3534 δικαίοις

147 3560 653 3631 ἐπιμελησαμένοις
710 3559 806 3614 τοῦ
873 3562 1240 3634 προσήκοντος
1275 3601 1289 3622 ,
1354 3561 1452 3624 τὰς
1526 3562 1733 3614 ἑαυτῶν

150 3652 454 3720 προσάγειν
486 3651 676 3716 θυσίας
700 3653 931 3723 νόμιμον
962 3647 1062 3722 ἦν’
1095 3650 1219 3704 οὔτε
1241 3650 1298 3703 δέ
1319 3650 1399 3712 τὺ,
1436 3651 1734 3721 «Καθαριεῖ

149 3742 280 3805 τοὺς
307 3742 457 3805 υἱοὺς
479 3742 631 3807 Λευὶ,
662 3760 680 3794 ι
720 3741 844 3794 οὔτε
871 3741 953 3808 τὸ,
991 3759 1010 3792 ι
1033 3740 1243 3812 ’Λρέσει
1262 3740 1340 3811 τῷ
1363 3741 1549 3812 Κυρίῳ
1573 3741 1734 3796 θυσία

163 3831 340 3886 Ἰούδα
381 3835 440 3886 ἐν
478 3832 855 3904 Ἰερουσαλὴμ,
888 3852 907 3884 ι
959 3831 1220 3904 ἁρμόσει,
1261 3833 1311 3884 εί
1365 3829 1444 3900 τῷ
1490 3831 1735 3903 Δεσπότῃ

153 3924 380 3997 Χριστῷ
412 3942 492 3988 τις
529 3926 827 3996 προσήκειν
851 3923 1017 3980 οἴοιτο
1038 3924 1106 3977 τά
1131 3923 1401 3994 λεγόμενα
1423 3939 1437 3952 ο
1477 3923 1597 3976 οὐδὲ
1627 3923 1734 3994 γὰρ

155 4016 264 4068 υἱοὶ
284 4015 377 4067 τοῦ
406 4016 537 4067 Λευὶ
566 4016 716 4084 μόνοι
735 4015 827 4068 τὸν
849 4015 1132 4098 καθαρμὸν
1161 4015 1408 4082 ἐδέξαντο
1429 4015 1571 4079 τότε,
1596 4015 1733 4069 ἀλλὰ

155 4103 359 4167 πάντες
391 4103 664 4175 ἄνθρωποι
683 4122 699 4137 ο
736 4100 931 4177 οἷσπερ
958 4103 1052 4158 οὖν
1081 4104 1424 4176 ἁρμόττουσα
1453 4101 1600 4174 ἢτοῦ
1633 4121 1736 4173 μα-

156 4197 354 4267 καρίου
387 4197 601 4251 Παύλου
632 4199 813 4269 φωνὴ,
861 4215 882 4250 ι
935 4196 1313 4267 Ἐκκαθάρατε
1356 4195 1455 4266 τὴν
1494 4194 1735 4249 παλαιὰν

156 4289 361 4361 ζύμην,
390 4290 479 4343 ἴνα
505 4286 604 4361 ἦτε
643 4289 762 4342 νέον
792 4290 1044 4361 φύραμα,
1077 4290 1257 4354 καθὼς
1309 4289 1431 4342 ἐστὲ
1460 4287 1679 4358 ἄζυμοι.
1711 4304 1731 4339 ι

169 4380 316 4433 Ἀλλ’
342 4380 464 4433 οὐδὲ
491 4382 525 4451 ἡ
565 4380 733 4434 Ἰούδα
763 4379 923 4433 θυσία
953 4380 1012 4432 ἐν
1054 4377 1408 4450 Ἰερουσαλὴμ
1429 4376 1590 4447 δεκτὴ
1616 4376 1738 4429 τότε

155 4472 353 4542 γέγονε
400 4471 478 4542 τῷ
528 4471 648 4542 Θεῷ
672 4487 686 4501 ·
739 4471 1047 4525 τούναντίον
1112 4470 1212 4540 μὲν
1267 4465 1360 4524 οὖν
1407 4467 1738 4538 πεπαυμένη

152 4564 381 4632 ἀπάσης
422 4564 654 4633 νομικῆς
699 4561 886 4626 θυσίας
939 4564 999 4614 ὲν
1039 4561 1393 4632 Ἰερουσαλὴμ
1425 4561 1737 4632 γινομένης,

154 4653 233 4724 (p.
260 4651 390 4722 565)
449 4651 544 4704 ἆτε
591 4651 686 4704 καὶ
732 4648 1278 4720 συγκαταλελυμένης
1318 4650 1386 4718 τῇ
1432 4646 1526 4700 τοῦ
1570 4647 1738 4699 τόπου

154 4744 564 4815 πρατηρήσει,
598 4743 882 4816 ἀνεδείχθη
919 4745 1081 4799 θυσία
1109 4741 1418 4814 ἀπόῤῥητός
1442 4757 1498 4793 τε
1528 4740 1623 4792 καὶ
1652 4738 1739 4792 λο-

155 4834 290 4907 τικὴ
342 4834 480 4905 (71),
528 4835 595 4906 ἣν
637 4834 734 4888 ἐπὶ
781 4834 1110 4906 μνημοσύνῳ
1162 4832 1256 4886 τοῦ
1300 4849 1360 4884 τε
1407 4830 1609 4893 πάθους
1640 4828 1734 4882 τοῦ

225 5024 274 5056 ’⁸
306 5020 469 5077 Joan.
502 5022 655 5087 1,29.
737 5021 783 5053 ”
815 5020 992 5075 lCer.
1035 5036 1088 5085 v,
1126 5020 1178 5073 7.
1255 5021 1300 5050 θ’
1330 5016 1584 5080 Joan.iv.
1612 5017 1701 5071 21.

230 5185 348 5258 (70)
389 5184 612 5258 [tectius
647 5183 874 5258 omnino
918 5184 970 5258 in
1011 5179 1420 5258 commentariis
1469 5173 1734 5258 Hieron):-

157 5245 284 5325 mtis
312 5245 341 5317 ,’
380 5255 620 5325 Cyrillus
655 5270 719 5308 ac
749 5253 1130 5325 Theodoretus
1152 5249 1440 5325 ilalachiae
1472 5245 1636 5325 verba
1671 5245 1741 5325 de

155 5324 389 5387 Joannis
431 5318 665 5378 'tantum
704 5323 1092 5391 praedicatione
1141 5319 1456 5391 Christique
1504 5318 1739 5391 adventu

1835 3111 2078 3173 tempora
2105 3104 2519 3170 exsistentibus,
2561 3103 2695 3159 recti
2728 3102 2889 3158 cilicii
2920 3102 3206 3167 studiosis,
3245 3102 3421 3156 sacri-

1837 3193 1956 3248 ﬁcia
1981 3193 2201 3263 propria
2228 3191 2411 3249 olIerri
2435 3192 2734 3264 legitimum
2766 3200 2900 3248 erat.
2921 3190 3058 3246 Nam
3090 3205 3268 3260 neque
3298 3204 3418 3244 ver—

1836 3283 2207 3355 barPurgabit
2240 3284 2382 3340 ﬁlios
2409 3282 2593 3348 Levi»
2625 3293 2802 3354 nedue
2830 3282 2958 3337 item
2991 3282 3105 3345 illa,
3141 3279 3416 3334 «Placebit

1835 3374 2066 3430 Domino
2114 3373 2447 3429 sacrificium
2495 3371 2649 3428 Juda:
2686 3374 2741 3428 in
2787 3371 3180 3432 Hierusalem,»
3218 3383 3418 3424 conve-

1835 3469 2050 3523 nienter
2080 3468 2229 3522 dicta
2277 3466 2503 3532 fuerint,
2553 3466 2600 3523 si
2644 3466 2768 3537 quis
2805 3479 2868 3520 ea
2915 3463 3137 3519 Christo
3187 3461 3417 3514 Domino

1836 3558 2379 3630 congruerejudicet.
2401 3556 2590 3628 Neque
2613 3558 2757 3612 enim
2779 3556 2869 3610 lilii
2899 3554 3022 3609 Levi
3042 3554 3418 3606 tantummodo

1837 3658 1968 3704 tunc
1996 3650 2375 3720 purgationem
2404 3648 2618 3717 experti
2666 3654 2830 3710 sunt,
2870 3643 2964 3698 sed
3007 3659 3198 3698 omnes
3240 3642 3416 3695 homi-

1836 3753 1971 3796 nes:
2005 3740 2205 3810 quibus
2242 3738 2450 3794 idcirco
2493 3737 2746 3805 congruit
2789 3736 2932 3789 beati
2969 3735 3119 3788 Pauli
3172 3733 3412 3786 locutio:
3443 3757 3446 3760 ν

1841 3851 1860 3884 ι
1889 3831 2188 3904 Expurgate
2220 3839 2372 3886 vetus
2393 3830 2732 3888 fermentum,
2758 3836 2815 3880 ut
2845 3824 2961 3878 sitis
2988 3837 3122 3876 nova
3151 3839 3417 3894 consper-

1839 3923 1952 3988 sio,
1983 3923 2128 3978 sicut
2159 3920 2294 3976 estis
2325 3916 2570 3991 azymi".
2611 3935 2629 3968 ι
2680 3915 2788 3971 Sed
2820 3930 2994 3984 neque
3021 3912 3176 3967 Juda:
3201 3913 3416 3968 sacriﬁ-

1838 4015 1985 4069 cium
2014 4013 2071 4068 in
2087 4013 2224 4068 urbe
2238 4010 2576 4067 Hierusalem
2609 4017 2741 4062 tunc
2768 4005 3103 4077 acceptabile
3134 4003 3246 4060 Deo
3278 4003 3413 4058 fuit:

1839 4107 1949 4162 imo
1977 4116 2187 4172 contra,
2233 4110 2482 4160 cessante
2517 4100 2666 4157 omni
2713 4098 3012 4156 secundum
3061 4098 3229 4166 legem
3273 4097 3418 4165 apud

1840 4193 2177 4251 Hierusalem
2222 4193 2516 4255 sacriﬁcio,
2545 4190 2676 4261 quia
2714 4189 2878 4244 simul
2907 4203 3032 4243 cum
3064 4187 3170 4241 loci
3203 4201 3419 4256 posses-

1841 4285 1994 4339 sione
2023 4283 2240 4344 desivit.
2260 4283 2471 4338 exstitit
2495 4280 2746 4350 posthinc
2772 4277 3098 4334 sacriﬁcium
3115 4275 3415 4330 inauditum

1842 4380 2006 4443 atque
2027 4371 2313 4433 rationale,
2337 4371 2481 4440 quod
2503 4371 2574 4425 ob
2601 4370 2916 4426 memoriam
2945 4363 3217 4436 passionis
3242 4362 3419 4418 Domi-

1842 4462 1982 4516 nica:
2016 4475 2082 4514 ac
2122 4461 2570 4524 resurrectionis,
2613 4476 2722 4515 non
2772 4459 2827 4512 in
2880 4458 3015 4511 urbe
3054 4454 3415 4513 Hierusalem.

1841 4550 1938 4606 sed
1974 4549 2176 4620 ubique
2203 4559 2473 4606 terrarum
2515 4556 2785 4617 quotquot
2834 4546 3170 4600 credidimus
3211 4545 3419 4614 pariter

1842 4642 2354 4698 offerimuSuCrede
2369 4641 2513 4695 enim
2531 4640 2684 4702 mihi,
2738 4639 2938 4706 inquit,
3002 4651 3035 4690 o
3055 4637 3270 4700 mulier,
3288 4638 3417 4706 quia

1843 4738 1990 4792 venit
2019 4738 2172 4799 hora,
2193 4733 2414 4805 quando
2433 4745 2609 4801 neque
2633 4729 3023 4799 Hierosolymis
3055 4744 3233 4799 neque
3258 4729 3312 4782 in
3337 4730 3417 4783 lo-

1843 4844 1910 4884 co
1937 4829 2043 4883 isto
2066 4827 2361 4883 adorabitis
2383 4824 2596 4879 Patrem
2611 4824 2678 4876 ”.
2694 4821 2927 4893 iReique
2942 4835 3165 4878 causam
3187 4821 3376 4876 dicens
3398 4839 3413 4876 :

1848 5175 2005 5246 quasi
2053 5173 2423 5241 ίουδαιόφρονα
2449 5207 2463 5231 .
2504 5176 2750 5246 veterum
2800 5163 3232 5246 criminationes.
3275 5165 3418 5246 Cum

1843 5232 2480 5316 prazdicatorum'autem.
2500 5237 2839 5316 aliorumque
2860 5232 3084 5316 Patrum
3108 5234 3419 5316 Christiana

1843 5308 2018 5383 inagis
2072 5311 2357 5383 przesentis
2410 5309 2512 5362 loci
2580 5308 3030 5383 interpretatione
3092 5308 3417 5362 recentiores

155 5383 459 5470 explicant.
488 5393 685 5449 Noster
706 5381 890 5447 'autem
924 5405 1076 5470 more
1105 5404 1205 5444 suo
1236 5403 1351 5444 rem
1369 5381 1530 5470 illam
1562 5389 1744 5470 potius
1846 5381 2215 5470 Cliti-ll-l‘ctitttil
2247 5395 2357 5470 uno
2391 5395 2486 5434 ore
2518 5381 2842 5470 con-sonant};

157 5456 280 5519 κατ’
316 5462 565 5524 ἔκϐασιν,
611 5463 664 5517 id
698 5471 799 5517 est
828 5461 1116 5516 secundum
1155 5468 1392 5513 eventum
1433 5456 1742 5526 pleniorem,

1922 5455 2034 5516 (ii)
2077 5451 2355 5504 Rationale
2396 5449 2743 5516 sacri/icium,
2791 5444 2842 5498 id
2875 5452 2991 5507 est,
3030 5441 3232 5516 absque
3257 5449 3430 5516 matv-

157 5509 1748 5604 πῖἓιλ-υἶῖἰῆῐέιίἱεὲῖεζῖιιῖἶιῖἓᾷιὶὄὲίιιέῐὸὲόιιιὶεέξιιάικιίςίὶ
1852 5509 2240 5604 ι·ἱ;ί1.ἱ-νίειξιιιέι..
2282 5509 2690 5604 Confer‘tainen
2729 5509 3429 5604 qumnnogcadtigtavinlus

156 5613 412 5673 tempora
449 5597 758 5672 importune
791 5597 1170 5655 admiscereet
1202 5598 1616 5673 accommodare
1657 5597 1738 5648 ni-

155 5666 314 5728 titur.
357 5671 506 5727 Nota:
529 5666 826 5741 propterea
865 5680 993 5726 sunt
1040 5677 1232 5723 contra
1270 5666 1736 5739 Mopsuestenum,

1847 5601 1886 5644 t.
1921 5591 2008 5655 V‘l,
2058 5592 2122 5644 ad
2165 5590 2436 5644 Theodori
2464 5578 2793 5641 Andidcnsis
2846 5583 2922 5636 De
2957 5578 3062 5635 SS.
3128 5581 3282 5632 missa
3316 5588 3427 5631 tra-

1849 5673 2070 5727 clatum,
2102 5677 2151 5730 p.
2187 5661 2310 5715 558.
