3856 6226
393 203 496 262 623

1555 217 1912 278 THEUDORI
1949 218 2438 278 MOPSUESTENI-

3557 199 3636 255 63.
3647 201 3674 255 ι

393 347 411 379 ι
435 325 730 398 Spiritus,»
753 327 980 399 inquit,r
1003 328 1148 384 Deus
1161 338 1267 394 est,
1287 336 1340 385 et
1357 343 1452 387 eos
1470 331 1561 400 qui
1582 331 1812 386 adorant
1829 347 1978 396 eum,

2091 333 2402 388 δεσποτικοῦ
2429 334 2522 388 καὶ
2552 333 2643 406 τῆς
2678 332 2886 388 ἐκεῖθεν
2919 333 3290 400 ἀναστάσεως,
3323 333 3426 389 οὐκ
3470 335 3529 389 έν
3567 330 3680 389 Ἰε-

387 417 444 471 in
486 415 685 488 spiritu
726 431 790 471 ac
833 419 1060 472 veritate
1105 426 1323 488 oportet
1370 418 1632 476 adorare:
1667 436 1792 475 nam
1824 420 1980 477 Pater

2091 425 2388 496 ρουσαλὴμ,
2416 424 2552 480 ἀλλά
2577 425 2853 495 πανταχοῦ
2883 426 2988 496 γῆς
3016 428 3065 480 οί
3097 428 3520 492 πεπιστευκότες
3547 428 3682 480 ἐπι-

386 509 528 565 tales
556 509 752 580 quaerit
785 509 878 580 qui
913 509 1144 566 adorent
1170 512 1391 566 eum”:
1424 532 1442 564 ι
1471 513 1759 568 manifeste
1794 521 1980 568 osten-

284 682 287 683 ν
387 602 548 668 dens,
580 618 641 658 se
675 603 795 658 illos
829 602 1050 672 quidem
1082 604 1427 674 repudiasse,
1457 605 1553 675 qui
1589 605 1733 660 intra
1783 604 1980 661 llieru-

388 695 562 749 salem
578 709 640 748 ac
661 692 964 750 Samariam
1006 693 1100 750 Dei
1132 695 1510 752 adorationem
1543 696 1976 754 circumscribe-

389 785 789 855 bant;plurimi
812 794 996 841 autem
1028 785 1210 843 facere
1227 787 1328 842 hos
1379 789 1627 844 veritatis
1665 797 1975 856 amatores,

387 879 482 946 qui
536 877 740 947 ubique
785 886 1054 943 terrarum
1095 877 1322 948 perinde
1371 877 1609 934 oﬂ'erunt
1647 878 1974 935 sacriﬁcium

389 969 624 1022 creatori
656 969 898 1024 omnium
930 968 1043 1026 Deo
1073 969 1272 1039 ubique
1295 973 1504 1039 pariter
1531 971 1808 1040 praesenti.

2081 515 2340 586 τελοῦμεν
2363 516 2580 586 ὁμοίωςο
2608 534 2626 567 ι
2655 516 2886 570 Πίστευε
2913 517 3024 588 γάρ
3055 535 3165 587 μοι,
3192 537 3210 568 ι
3234 519 3420 590 φησὶν,
3448 538 3467 570 ί
3488 519 3679 588 γύναι.

2080 607 2161 660 ὅτι
2190 606 2411 679 ἔρχεται
2439 608 2558 680 ὥρα
2580 608 2669 661 ὅτε
2695 606 2822 660 οὔτε
2845 609 2902 662 έν
2939 609 3328 681 Ἰεροσολύμοις
3354 609 3478 664 οὔτε
3512 613 3569 664 ὲν
3592 613 3681 680 τῷ

2079 695 2228 767 τόπῳ
2255 696 2431 767 τούτῳ
2464 698 2877 769 προσκυνήσετε
2905 698 2983 770 τῷ
3020 700 3228 772 Πατρί·
3260 720 3284 753 ι
3326 701 3423 756 καὶ
3457 702 3558 773 τὴν
3583 705 3679 756 αἱ·

2077 788 2197 842 τίαν
2225 787 2422 856 λέγων,
2467 806 2488 840 ι
2525 789 2750 860 Πνεῦμα
2775 792 2802 844 ὁ
2829 791 2982 856 Θεὸς,
3009 791 3106 844 καὶ
3129 793 3257 856 τοὺς
3295 793 3680 864 προσκυνοῦν-

2084 897 2183 944 τας
2215 881 2399 944 αὐτὸν,
2426 881 2484 934 ὲν
2515 881 2786 953 πνεύματι
2819 882 2914 935 καὶ
2941 882 3170 954 ἀληθείᾳ
3201 883 3281 936 δεῖ
3307 889 3675 957 προσκυνῶν

2085 972 2178 1025 καὶ
2202 970 2313 1042 γάρ
2330 973 2358 1024 ὁ
2383 972 2573 1044 Πατὴρ
2598 972 2875 1036 τοιούτους
2897 971 3051 1044 ζητεῖ
3071 976 3196 1038 τοὺς
3223 977 3680 1045 προσκυνοῦντας

389 1063 581 1117 αὐτόν’
613 1083 631 1116 ι
668 1065 858 1136 σαφῶς
887 1065 1098 1129 δεικνὺς
1127 1066 1208 1120 ὅτι
1239 1066 1479 1132 ἐκείνους
1511 1067 1608 1138 μὲν
1661 1067 2048 1137 ἀπεπέμψατο,
2081 1067 2208 1130 τοὺς
2233 1069 2300 1138 τῇ
2371 1065 2728 1138 Ἰερουσαλὴμ
2793 1068 2889 1121 καὶ
2945 1069 3012 1138 τῇ
3078 1068 3362 1140 Σαμαρείᾳ
3401 1071 3680 1142 περιγρά-

391 1177 586 1229 φοντας
617 1161 717 1232 τὴν
762 1160 1130 1233 προσκύνησιν
1175 1161 1275 1232 τὴν
1325 1160 1494 1222 θείαν,
1550 1161 1678 1234 περὶ
1725 1159 1916 1212 πολλοῦ
1983 1161 2039 1213 δὲ
2087 1161 2322 1212 ποιεῖται
2377 1158 2601 1222 τούτους
2659 1159 2785 1223 τοὺς
2842 1159 3080 1230 έραστάς
3128 1158 3227 1230 τὴς
3273 1160 3554 1231 ἀληθείας,
3624 1161 3680 1213 οἳ

390 1249 670 1321 πανταχοῦ
692 1251 796 1321 γῆς
816 1251 1014 1322 ὁμοίως
1045 1251 1380 1320 προσάγουσι
1402 1250 1499 1321 τὴν
1530 1251 1720 1304 θυσίαν
1742 1250 1820 1320 τῷ
1843 1250 1951 1304 τῶν
1974 1250 2231 1305 ἁπάντων
2257 1252 2456 1322 ποιητῇ
2505 1249 2645 1321 Θεῷ,
2672 1251 2768 1303 καὶ
2790 1250 3065 1321 πανταχοῦ
3094 1267 3158 1318 γε
3182 1251 3416 1322 παρόντι
3443 1253 3680 1322 ὁμοίως,

459 1339 846 1396 Verumtamen
891 1341 1280 1397 convenienter
1337 1340 1452 1396 haec
1508 1339 1976 1395 Macchabaeorum

391 1432 625 1503 tempori
656 1431 1078 1498 dictaluerunt;
1112 1445 1222 1502 quo
1252 1445 1376 1485 cum
1420 1431 1584 1503 383
1631 1433 1863 1502 plurima
1890 1448 1979 1488 es-

393 1533 515 1582 sent
540 1535 652 1580 tum
683 1540 873 1581 eorum
919 1524 1014 1594 qui
1063 1522 1374 1579 sacerdotio
1418 1523 1570 1594 fungi
1615 1524 1975 1591 videbantur,

393 1629 508 1672 tum
537 1619 699 1674 etiam
728 1617 912 1689 populi
950 1625 1213 1688 peccata,
1267 1617 1470 1687 objecit
1512 1632 1610 1672 eos
1646 1617 1790 1672 Deus
1832 1617 1975 1672 bello

393 1709 761 1765 Macedonicae
790 1708 1185 1775 successionis,
1216 1723 1245 1762 a
1272 1708 1481 1779 quibus
1511 1707 1766 1777 plurimis
1799 1707 1977 1778 impli-

393 1804 487 1858 citi
531 1801 748 1858 fuerunt
782 1802 1064 1858 aerumnis.
1102 1799 1208 1855 Sed
1237 1799 1377 1854 Juda
1407 1799 1710 1856 Maccabaao
1752 1800 1976 1854 tutelam

393 1895 591 1949 divina:
617 1893 756 1964 legis
792 1903 1046 1965 gerente,
1095 1893 1410 1962 bellumque
1461 1906 1560 1962 pro
1603 1907 1667 1946 ea
1713 1891 1978 1946 adversus

391 1985 772 2040 Macedonicos
816 1999 974 2056 reges
1020 1983 1388 2054 suscipiente,
1447 1983 1618 2037 multa
1678 1983 1735 2036 in
1781 1982 1979 2037 melius

393 2075 682 2130 conversio
701 2075 971 2131 universae
997 2075 1176 2146 gentis
1209 2072 1352 2130 facta
1381 2080 1490 2130 est.
1521 2071 1657 2128 Nam
1691 2073 1783 2129 Dei
1823 2073 1979 2128 auxi-

392 2165 525 2221 lium
579 2165 725 2221 nacti
772 2162 1117 2225 Macchabrei,
1144 2173 1202 2221 et
1237 2179 1394 2235 rcges
1439 2163 1882 2229 debellaverunt,
1923 2173 1980 2221 et

391 2255 659 2318 improbis
686 2257 903 2312 illorum
935 2257 1205 2314 ministris
1233 2257 1470 2328 punitis,
1515 2255 1696 2312 ordini
1741 2271 1807 2311 ac
1851 2270 1977 2327 pro-

391 2348 644 2418 speritati
674 2357 891 2419 gentem
916 2355 1086 2404 totam
1106 2350 1504 2406 restituerunt:
1535 2348 1610 2402 ita
1637 2355 1760 2403 utet
1781 2348 1978 2404 divinae

393 2441 540 2512 leges
572 2440 714 2511 apud
740 2456 860 2497 eam
906 2441 1294 2511 praevalerent,
1335 2449 1390 2496 et
1433 2441 1614 2496 omnis
1663 2449 1822 2494 antea
1871 2440 1980 2496 late

393 2548 654 2604 grassatus
687 2534 952 2604 iniquitas
980 2533 1375 2604 expelleretur:
1421 2533 1794 2588 sacerdotium
1823 2531 1979 2588 deni-

393 2639 502 2694 que
545 2631 600 2679 et
655 2638 816 2680 omne
854 2624 1022 2694 hujus
1057 2625 1340 2695 proprium
1375 2625 1746 2684 ministerium
1791 2623 1978 2680 debito

394 2715 505 2769 ritu
527 2721 877 2769 tractaretur.
904 2714 1060 2780 Quod
1083 2715 1211 2771 item
1233 2715 1426 2771 beatus
1452 2713 1750 2770 Zacharias
1782 2714 1838 2768 in
1861 2713 1978 2770 suis

395 2804 726 2876 signiﬁcavit.
750 2807 1119 2862 sermonibus.
1160 2805 1276 2862 Hoc
1308 2808 1492 2878 itaque
1517 2821 1665 2862 nunc
1691 2806 1857 2862 etiam
1889 2805 1978 2862 di-

395 2895 505 2961 cit,
550 2912 752 2968 nempe
791 2897 1063 2964 Quoniam
1089 2897 1358 2966 judicium
1394 2897 1717 2969 postulatis,
1765 2905 1979 2967 tempus

2165 1341 2568 1411 Ἀρμοττόντως
2590 1340 2648 1393 δὲ
2669 1339 2840 1394 ταῦτα
2861 1341 2940 1411 τῷ
2965 1341 3106 1395 κατά
3132 1343 3258 1406 τοὺς
3279 1343 3684 1408 Μακκασαίους

2083 1431 2296 1502 εἴρηται
2327 1429 2538 1502 καιρῷ,
2573 1430 2661 1484 ὅτε
2695 1431 2954 1502 πλείστης
2982 1432 3148 1503 ὅσης,
3191 1434 3340 1503 παρά
3368 1451 3428 1488 τε
3460 1434 3571 1488 τῶν
3597 1437 3678 1488 ἱε-

2088 1521 2333 1591 ρατεύειν
2359 1521 2679 1587 δοκούντων,
2715 1523 2810 1577 καὶ
2840 1523 2992 1594 παρά
3027 1523 3135 1577 τῶν
3160 1523 3254 1578 τοῦ
3286 1523 3420 1578 λαοῦ
3448 1526 3686 1596 γινομέο

2083 1629 2182 1684 νης
2217 1613 2320 1684 τῆς
2355 1613 2757 1685 πλημμελείας,
2798 1614 3086 1685 παρέδωκε
3118 1614 3217 1686 μὲν
3247 1615 3446 1680 αὐτοὺς
3476 1617 3510 1669 ὁ
3540 1616 3692 1682 Θεὸς¹

2079 1701 2157 1773 τῷ
2187 1702 2408 1775 πολέμῳ
2449 1705 2557 1758 τῶν
2601 1707 2666 1758 ὲκ
2707 1705 2806 1776 τῆς
2851 1706 3230 1777 Μακεδονικῆς
3276 1705 3687 1777 βασιλευόντων

2078 1793 2352 1865 διαδοχῆς,
2381 1796 2471 1866 ὑφ’
2495 1789 2570 1850 ὧν
2590 1796 2654 1866 δὴ
2683 1797 2960 1862 πλείστοις
2982 1797 3424 1870 πριεὸλήθησαν
3448 1801 3677 1864 κακοῖς·

2079 1885 2185 1938 τῶν
2215 1885 2272 1938 δὲ
2300 1887 2428 1958 περὶ
2459 1887 2550 1941 τὸν
2580 1888 2942 1946 Μακκαϐαῖον
2987 1889 3186 1944 Ἰούδαν
3213 1889 3304 1944 τοῦ
3340 1891 3512 1961 νόμου
3540 1908 3694 1963 προ-

2082 1977 2324 2031 στάντων
2372 1977 2468 2032 τοῦ
2520 1978 2700 2045 θείου,
2750 1981 2847 2034 καὶ
2892 1980 2984 2036 τὸν
3035 1982 3175 2054 ὑπὲρ
3223 1981 3389 2036 αὐτοῦ
3435 1983 3686 2052 πόλεμον

2078 2069 2492 2140 ἀναδεξαμένων
2516 2070 2655 2144 πρὸς
2685 2071 2812 2137 τοὺς
2845 2073 2966 2128 τότε
2999 2072 3386 2144 βασιλεύοντας
3413 2076 3525 2130 τῶν
3553 2077 3683 2130 Μα-

2079 2159 2331 2226 κεδόνων,
2361 2161 2527 2233 πολλή
2558 2180 2644 2226 τις
2678 2163 2771 2216 ἐπὶ
2819 2163 2883 2218 τὸ
2931 2167 3183 2236 κρεῖττον
3229 2166 3502 2238 μεταϐολὴ
3543 2168 3684 2239 περὶ

2079 2252 2225 2306 ἀπαν
2252 2253 2444 2323 γέγονε
2475 2254 2537 2308 τὸ
2588 2253 2742 2320 ἔθνος
2769 2272 2785 2287 ο
2833 2258 3197 2330 τετυχηκὰτες
3231 2259 3342 2331 γὰρ
3389 2260 3490 2330 τῆς
3521 2259 3690 2325 θείας

2081 2345 2253 2416 ῥοπῆς
2296 2347 2347 2398 oi
2396 2346 2749 2406 Μακκαϐαῖοι
2793 2348 2926 2415 τούς
2968 2365 3028 2403 τε
3075 2350 3332 2420 βασιλέας
3363 2350 3683 2422 κατηγωνί-

2081 2451 2262 2500 σαντο,
2296 2436 2392 2490 καὶ
2419 2437 2547 2501 τοὺς
2575 2438 2709 2510 παρ’
2740 2438 2928 2502 αὐτοῖς
2953 2439 3064 2495 τῶν
3097 2440 3389 2512 μοχθηρῶν
3416 2459 3677 2515 τιμωρη-

2081 2525 2327 2596 σάμενοι,
2374 2528 2450 2598 (p.
2477 2528 2604 2600 564)
2658 2530 2719 2583 ἐν
2767 2531 3062 2604 εὐσταθείᾳ
3093 2549 3152 2588 τε
3185 2535 3283 2588 καὶ
3308 2534 3584 2606 εὐκοσμίᾳ
3613 2536 3682 2589 τδ

2080 2616 2233 2683 ἔθνος
2259 2619 2406 2674 ἅπαν
2438 2623 2860 2693 παρεσκεύασαν
2893 2619 3035 2679 εἶναι
3059 2639 3074 2654 ·
3129 2624 3272 2681 ὥστε
3302 2626 3399 2681 καὶ
3427 2628 3561 2692 τοὺς
3586 2628 3678 2682 νό-

2083 2727 2216 2782 μους
2235 2712 2362 2776 τοὺς
2385 2713 2562 2779 θείους
2586 2719 2806 2788 κρατεῖν
2832 2719 2960 2788 παρ’
2993 2718 3198 2784 αὐτοῖς,
3229 2719 3584 2790 παρανομίαν
3610 2739 3674 2775 τε

2082 2805 2266 2858 πᾶσαν
2298 2804 2357 2872 ἐξ
2390 2805 2569 2862 αὐτῶν
2618 2808 2958 2879 ἀπελαθῆναι
3002 2810 3268 2880 πρότερον
3320 2811 3680 2881 κρατοῦσαν⁶

2080 2894 2175 2947 καὶ
2198 2895 2263 2966 δὴ
2293 2898 2389 2950 καὶ
2415 2897 2511 2968 τὴν
2549 2899 2848 2971 ἱερωσύνην
2882 2901 3063 2958 πᾶσάν
3089 2917 3151 2954 τε
3176 2901 3276 2972 τὴν
3298 2901 3471 2974 ταύτῃ
3500 2903 3675 2973 καθῆ-

396 2989 574 3045 aderit
602 3005 728 3045 cum
764 2999 947 3047 vestra
974 2997 1198 3061 peccata
1243 2992 1490 3062 puuiam,
1520 3008 1730 3064 vosque
1761 2990 1954 3047 mode-

2091 3003 2283 3041 κουσαν
2330 2987 2672 3061 λειτουργίαν
2704 2991 2845 3062 μετά
2882 2992 2976 3046 τοῦ
3025 2993 3398 3064 προσήκοντος
3427 2993 3676 3048 ἐκτελεῖ-

397 3081 598 3136 stiores
627 3080 769 3136 mala
789 3079 1083 3150 intligendo
1108 3081 1360 3146 efﬁciam,
1383 3092 1438 3138 et
1463 3082 1624 3152 quasi
1652 3080 1977 3137 conﬂatorio

398 3187 428 3228 a
453 3172 704 3248 pristinis
724 3175 964 3244 peccatis
993 3188 1254 3244 purgans,
1285 3175 1618 3245 comparabo
1646 3188 1749 3230 vos
1771 3175 1839 3230 ad
1859 3188 1979 3230 om-

395 3264 549 3321 nium
598 3263 709 3320 Deo
757 3272 1036 3336 gratorum
1086 3263 1392 3321 olliciorum
1438 3265 1873 3328 observantiam,
1923 3274 1980 3320 et

397 3353 620 3424 quidem
649 3353 813 3408 etiam
852 3354 917 3409 ad
954 3353 1154 3425 placita
1203 3353 1316 3409 Deo
1358 3355 1631 3410 sacriﬁcia
1676 3353 1979 3409 offerenda.

398 3444 610 3512 Quibus
641 3446 1007 3511 subnectens,
1051 3447 1314 3517 quoniam
1345 3445 1650 3518 inﬁigendae
1699 3447 1767 3502 iis
1805 3460 1981 3516 pernae

398 3538 687 3594 utilitatem
713 3545 1052 3602 narraverat,
1073 3539 1457 3608 perfectiorcm
1482 3553 1544 3594 se
1569 3538 1636 3594 iis
1656 3545 1981 3596 curaturum

397 3629 863 3693 emendationem,
887 3628 961 3684 ita
987 3629 1120 3686 dicit
1146 3647 1164 3682 τ

2087 3079 2210 3135 σθαι
2239 3097 2252 3109 ο
2303 3081 2441 3153 ὅπερ
2482 3079 2576 3138 οὖν
2606 3085 2700 3138 καὶ
2732 3085 2761 3138 ὁ
2806 3084 3077 3156 μακάριος
3128 3085 3407 3156 Ζαχαρίας
3451 3086 3514 3140 ἐν
3559 3088 3682 3149 τοῖς

2086 3172 2282 3227 ἑαυτοῦ
2331 3173 2598 3246 δεδήλωκε
2657 3174 2838 3244 λόγοις
2864 3192 2878 3207 ·
2943 3175 3110 3230 τοῦτο
3167 3177 3347 3231 τοίνυν
3393 3177 3684 3233 κάνταῦθὰ

2091 3282 2278 3335 φησιν,
2335 3266 2418 3318 ὅτι
2510 3267 2726 3338 Ἐπειδὴ
2779 3268 2882 3339 τὴν
2926 3267 3144 3324 δικαίαν
3192 3268 3408 3339 ζητεῖτε,
3463 3269 3678 3338 κρίσιν,

2087 3355 2242 3411 ἔσται
2275 3357 2466 3429 καιρὸς
2515 3360 2751 3430 ὁπηνίκα
2796 3361 3190 3432 τιμωρήσομαι
3234 3360 3341 3430 μὲν
3383 3360 3548 3430 ὑμῶν
3573 3360 3680 3424 τὰς

2088 3445 2484 3518 πλημμελείας,
2519 3451 2991 3522 σωφρονεστέρους
3023 3450 3082 3504 δὲ
3117 3450 3261 3521 ὑμᾶς
3292 3449 3382 3504 διά
3411 3450 3524 3504 τῶν
3552 3451 3677 3504 έπι-

2086 3535 2388 3608 γινομένων
2443 3541 2818 3612 ἐργασάμενος
2875 3541 3064 3596 κακῶν
3088 3579 3106 3607 ,
3156 3543 3252 3598 καὶ
3313 3543 3509 3613 ὥσπερ
3569 3546 3678 3598 τινὶ

2086 3630 2288 3701 χωνείᾳ
2333 3631 2448 3686 τῶν
2493 3633 2739 3688 παλαιῶν
2796 3633 3112 3705 ὲκκαθῄρας
3159 3635 3676 3706 πλημμελημάτων,

399 3724 806 3796 παρασκευάσω
831 3723 896 3796 δὴ
935 3724 1153 3780 πάντων
1194 3743 1256 3780 τε
1301 3723 1676 3796 ἐπιμελεῖσθαι
1717 3723 1828 3778 τῶν
1896 3722 2016 3794 Θεῷ
2054 3722 2375 3790 δοκούντων,
2420 3727 2512 3782 καὶ
2543 3728 2606 3800 δὴ
2636 3728 2730 3782 καὶ
2756 3732 2856 3800 τὴν
2916 3730 3026 3783 τῶν
3059 3729 3260 3783 θυσιῶν
3301 3731 3676 3802 προσκομιδην

399 3816 741 3887 ἀρεσκόντως
783 3816 1055 3870 ποιεῖσθαι
1099 3816 1252 3888 Θεῷο
1307 3811 1388 3881 οἷς
1434 3816 1744 3881 ἀκολούθως
1787 3816 1976 3888 ἐπειδὴ
2015 3817 2116 3886 τῆς
2143 3818 2596 3892 ὲπαχθησομένης
2635 3822 2820 3886 αὐτοῖς
2863 3820 2984 3874 τότε
3047 3822 3321 3897 τιμωρίας
3385 3823 3458 3877 τὸ.
3479 3824 3676 3896 κέρδος

401 3907 528 3978 ἔφη,
595 3907 672 3972 ὡς
701 3907 769 3963 ἀν
796 3909 1182 3981 ἐντελεστέραν
1246 3910 1587 3981 προσαγάγοι
1632 3911 1745 3973 τοῖς
1785 3909 2045 3963 ἀκούουσι
2085 3908 2184 3980 τὴν
2213 3909 2519 3983 διόρθωσιν,
2551 3912 2696 3966 οὓτω
2723 3912 2890 3983 φησίν
2909 3929 2922 3942 ·

477 3999 642 4055 Vens.
675 4000 797 4055 5-7.
823 4031 891 4043 —
924 4019 944 4054 ι
987 4001 1054 4056 Et
1089 4002 1349 4058 accedam
1381 4003 1447 4059 ad
1476 4019 1577 4059 vos
1607 4005 1664 4058 in
1690 4002 1924 4073 judicio.
1959 4019 1978 4053 ι

403 4089 462 4148 Id
482 4086 1256 4164 estnobisapparebovestra
1285 4110 1451 4165 opera
1470 4095 1840 4166 iudicaturus.
1873 4112 1892 4144 ‹
1919 4091 1986 4146 Et

403 4199 502 4243 ero
538 4185 697 4244 testis
736 4185 894 4243 velox
929 4203 1095 4258 super
1133 4190 1445 4255 veneﬁcos,
1479 4197 1535 4245 et
1568 4204 1735 4259 super
1766 4189 1984 4244 adulte-

405 4293 538 4346 ras,
565 4287 622 4334 et
660 4294 828 4349 super
857 4279 1112 4350 jurantes
1147 4281 1210 4335 in
1243 4280 1464 4336 nomine
1503 4295 1625 4335 meo
1661 4295 1788 4335 cum
1823 4296 1984 4337 men-

411 4369 576 4425 dacio
595 4409 612 4436 ,
645 4378 706 4427 et
735 4386 902 4442 super
932 4371 1246 4428 fraudantes
1276 4371 1584 4427 mercedem
1619 4373 1981 4440 mercenarii,
2016 4352 2063 4406 ι)

407 4469 465 4517 et
505 4459 800 4517 viduarum
846 4477 1244 4533 oppressores,
1277 4470 1333 4517 et
1377 4462 1750 4533 orphanorum
1792 4463 1986 4519 verbe-

406 4557 662 4617 ratores,
707 4561 764 4609 et
801 4554 897 4626 qui
943 4562 1267 4624 pervertunt
1315 4555 1586 4625 judicium
1635 4557 1892 4622 advenae,
1932 4564 1988 4611 et

408 4641 504 4712 qui
551 4658 649 4699 me
687 4658 804 4700 non
847 4645 1080 4713 timent,
1111 4645 1246 4701 dicit
1277 4646 1538 4703 Dominus
1562 4647 1933 4718 omnipotens.
1962 4665 1982 4698 ι

408 4731 512 4790 llis
555 4735 742 4793 verbis
784 4736 1046 4792 nimirum
1091 4737 1336 4794 ostendit
1378 4746 1512 4810 quot
1541 4746 1986 4810 quantarumque

410 4833 752 4898 patratarum
809 4829 1164 4901 iuiquitatum
1214 4844 1408 4902 poenas
1453 4830 1646 4886 daturi
1685 4831 1816 4888 sint.
1863 4831 1984 4887 1am

411 4919 744 4976 locutionem
777 4919 946 4992 384
991 4921 1195 4980 c'l‘estis
1217 4921 1399 4980 velox:
1423 4921 1557 4979 dicit
1576 4935 1690 4992 pro,
1739 4920 1984 4979 Celerem

368 5043 380 5094 ι
411 5023 632 5079 pcenam
675 5009 944 5066 adducam
967 5049 984 5076 ,
1017 5013 1220 5082 quippe
1247 5013 1342 5083 qui
1374 5022 1556 5068 vestra
1589 5011 1777 5069 omnia
1820 5027 1988 5068 accm

410 5107 532 5154 rate
557 5099 714 5156 scio:
750 5108 805 5156 et
847 5101 1113 5166 adversus
1147 5104 1374 5160 omnino
1417 5113 1682 5174 cunctos,
1716 5113 1984 5176 quotquot

411 5189 620 5255 libere,
653 5189 862 5248 omisso
909 5191 1107 5250 timore
1151 5183 1626 5268 meo,lnequitiae
1672 5195 1985 5265 adhaerent,

413 5282 558 5338 hanc
589 5295 807 5353 poenam
839 5283 1099 5341 indicam.
1142 5285 1268 5343 Mox
1294 5287 1483 5345 addit:
1513 5307 1532 5341 ι
1564 5286 1705 5356 Quia
1748 5301 1851 5360 ego
1876 5285 1988 5343 Do-

411 5373 601 5429 minus
629 5373 774 5431 Deus
805 5385 1005 5442 vester,
1031 5388 1086 5435 et
1114 5393 1225 5436 non
1255 5381 1538 5438 immutor.
1586 5383 1654 5438 Et
1699 5395 1836 5447 vos,
1888 5379 1988 5437 ﬁlii

409 5462 584 5522 Iacob
604 5507 619 5524 .
651 5481 762 5522 non
785 5467 1041 5528 receditis
1070 5487 1101 5528 a
1130 5475 1372 5544 peccatis
1399 5483 1616 5546 patrum
1645 5483 1951 5531 vestrorum
1970 5513 1990 5542 ,

482 5637 532 5676 "
551 5637 711 5698 Joan.
739 5655 812 5709 Iv,
838 5642 930 5702 25.

2161 4003 2312 4075 Στίχ.
2335 4003 2468 4068 ε’-ζ’.
2493 4036 2565 4048 -—
2593 4025 2612 4056 ι
2649 4007 2758 4059 Καὶ
2803 4004 3237 4077 προσελεύσομαι
3274 4006 3409 4079 πρὸς
3439 4007 3590 4078 ὑμᾶς
3616 4008 3676 4060 ὲν

2092 4094 2304 4166 κρίσει·
2341 4114 2360 4146 ›
2399 4095 2520 4149 ἀντὶ
2558 4094 2675 4160 τοῦ,
2713 4096 2989 4167 Φανοῦμαι
3039 4099 3099 4150 ἐν
3136 4099 3264 4168 ὑμῖν
3304 4097 3428 4150 τότε
3468 4098 3674 4169 κρίνων

2090 4187 2204 4249 τοῖς
2236 4186 2368 4258 παρ’
2397 4185 2552 4256 ὑμῶν
2589 4186 3054 4258 πραττομένοις.,‹
3089 4187 3198 4240 Καὶ
3240 4185 3432 4257 ἔσομαι
3461 4187 3674 4257 μάρτυς

2088 4274 2259 4344 ταχὺς
2289 4275 2383 4328 ἐπὶ
2411 4277 2536 4338 τοὺς
2562 4276 2905 4346 φαρμακοὺς,
2937 4276 3032 4329 καὶ
3074 4275 3168 4329 ὲπὶ
3201 4273 3300 4338 τάς
3334 4276 3672 4346 μοιχαλίδας,

2090 4367 2186 4421 καὶ
2214 4367 2312 4420 ἐπὶ
2351 4367 2478 4431 τοὺς
2515 4367 2812 4437 ὀμνύοντας
2842 4365 2921 4436 τῷ
2952 4365 3176 4436 ὀνόματί
3213 4382 3316 4436 μου
3345 4365 3440 4418 ἐπὶ
3459 4364 3677 4433 ψεύδει,

2092 4459 2198 4514 καὶ.
2231 4459 2328 4512 ἐπὶ
2363 4459 2488 4522 τοὺς
2529 4457 2964 4529 ἀποστεροῦντας
3016 4455 3205 4528 μισθὸν
3247 4455 3542 4526 μισθωτοῦ,
3579 4457 3677 4510 καὶ

2093 4549 2654 4614 καταδυναστεύοντας
2687 4550 2883 4622 χήρας,
2917 4547 3013 4603 καὶ
3033 4553 3038 4557 “
3057 4546 3480 4611 κονδυλίζοντας-
3493 4546 3674 4617 ὀρφα-

2093 4643 2237 4708 νοὺς,
2272 4643 2368 4696 καὶ
2414 4643 2542 4706 τοὺς
2578 4640 2923 4703 ὲκκλίνοντας
2961 4637 3142 4710 κρίσιν
3185 4636 3549 4708 προσηλύτου,
3581 4637 3678 4693 καὶ

2092 4736 2219 4798 τοὺς
2275 4734 2353 4806 μὴ
2407 4732 2772 4803 φοϐουμένους
2825 4749 2924 4803 με,
2961 4733 3037 4802 (p.
3089 4729 3218 4802 565)
3273 4729 3422 4798 λέγει
3468 4729 3682 4800 Κύριος

2091 4827 2507 4898 παντοκράτωρ.
2549 4843 2568 4876 ι
2607 4825 2830 4888 Δεικνὺς
2885 4823 2975 4878 διὰ
3019 4821 3225 4876 τούτων
3273 4822 3414 4893 ὑπὲρ
3459 4821 3683 4874 ὁπόσων

2089 4911 2166 4972 ὧν
2193 4917 2613 4989 διαπράττονται
2645 4915 2767 4969 τότε
2795 4914 2982 4969 κακῶν
3017 4913 3250 4966 δώσουσι
3291 4911 3467 4974 δίκας.
3508 4911 3587 4965 Τὸ
3621 4911 3680 4964 δι

2097 5031 2116 5065 ι
2157 5011 2370 5083 μάρτυς
2423 5009 2613 5079 ταχὺς,
2647 5025 2666 5059 ι
2698 5006 2794 5060 ἱνα
2839 5005 2990 5076 είπῃ,
3049 5002 3261 5068 Ὀξεῖαν
3313 5004 3538 5072 ἐπάγων
3580 5004 3680 5077 τὴν

2089 5102 2383 5174 τιμωρίαν,
2405 5100 2479 5164 ὡς
2504 5100 2570 5154 ἂν
2608 5098 2847 5172 ἀκριϐῶς
2875 5098 2944 5154 τὰ
2973 5096 3093 5152 καθ’
3119 5097 3265 5167 ὑμᾶς
3291 5096 3675 5165 ἐπιστάμενος.

2080 5192 2232 5248 ’Ἐπὶ
2257 5192 2463 5256 πάντας
2493 5189 2558 5262 δὴ
2583 5190 2825 5256 τούτους,
2856 5188 3040 5261 φησὶν,
3073 5188 3169 5241 καὶ
3206 5184 3464 5250 καθάπαξ
3492 5185 3551 5240 δὲ
3591 5186 3678 5254 ἐφ’

2095 5283 2342 5346 ἅπαντας
2368 5283 2482 5338 ἶσοι
2503 5279 2598 5334 τοῦ
2619 5279 2786 5351 φόϐου
2806 5277 3242 5350 καταμελοῦντες
3271 5275 3370 5330 τοῦ
3397 5274 3534 5346 ἐμοῦ
3566 5276 3678 5336 τοῖς

2098 5377 2338 5456 χείροσιν
2366 5373 2537 5438 ἀδεῶς
2561 5371 2964 5444 προστετήκασι
3007 5369 3264 5440 τοιαύτην
3296 5365 3482 5432 ιπάξω
3509 5383 3676 5436 τιμω-

2100 5471 2244 5546 ρίαν,
2350 5464 2487 5528 Εἶτα
2530 5467 2756 5538 ἐπάγει·
2795 5484 2818 5521 r
2849 5465 2994 5520 Διότι
3045 5461 3157 5535 ἐγὼ
3217 5461 3424 5534 Κύριος
3473 5461 3510 5517 δ
3545 5457 3676 5524 αξ
