3804 6220
155 340 265 397 613

1113 342 1668 402 COMMENTARIUS
1700 344 1767 400 IN
1808 345 2188 404 MALACHME
2228 347 2385 407 CAP.
2421 345 2508 402 Ill.

3355 334 3458 387 626

170 462 348 532 ὑμῶν,
407 463 504 517 καὶ
554 464 655 517 οὑκ
703 462 1038 534 ήλλοίωμαι·
1079 464 1173 516 καὶ
1224 464 1380 533 ὑμεῖς
1424 461 1535 516 υἱοὶ
1574 462 1764 516 Ἰακὼό

1881 465 2200 523 declinastis
2247 482 2277 519 a
2326 461 2586 534 legitimis
2618 461 2787 526 meis,
2825 476 2926 515 nec
2967 474 3031 515 ea
3064 453 3408 513 custodistis.
3442 474 3461 507 ι

168 555 273 609 οὑκ
302 553 568 625 ἀπέχεσθε
590 555 700 608 ἀπὸ
719 554 827 608 τῶν
856 554 1141 625 ἁμαρτιῶν
1169 553 1278 607 τῶν
1310 554 1566 626 πατέρων
1593 554 1769 625 ὑμῶν,

168 648 486 714 ἓξεκλίνατε
520 649 729 721 νόμιμά
759 667 881 721 μου,
915 650 1011 703 καὶ
1056 650 1155 702 οὑκ
1194 649 1518 719 ἐφυλάξατε.
1560 669 1579 702 ι
1626 648 1773 718 Ἐγὼ

175 738 279 808 μὲν
308 741 415 811 γὰρ
455 741 619 804 αὑτός
678 742 794 812 είμι
837 741 1069 795 πάντοτε
1103 740 1348 812 ἐμαυτῷ,
1380 742 1475 795 καὶ
1521 740 1772 810 ἀνεξικα-

173 833 294 896 κεῖν
323 832 411 885 ὅτε
445 833 721 904 προσῆκεν
754 833 929 898 εἰδὼς,
964 834 1058 887 καὶ
1102 833 1373 905 τιμωρίας
1417 835 1608 906 καιρὸν
1654 836 1773 888 ἐπι-

176 923 480 994 στάμενος·
514 925 674 996 ὑμεῖς
704 925 761 978 δὲ
798 925 1048 996 ἀκριϐεῖς
1086 926 1210 978 ὲστε
1245 926 1481 997 μιμηταὶ
1517 926 1627 980 τῶν
1666 944 1774 979 πα-

168 1010 367 1083 τρῴων
397 1014 831 1086 ἁμαρτημάτων,
862 1012 1258 1087 παραπλησίως
1288 1015 1541 1081 ἐκείνοις,
1569 1014 1680 1071 τῶν
1709 1032 1769 1069 τε

1878 556 2028 629 Ego,
2072 557 2281 627 inquit,
2322 569 2542 624 semper
2581 552 2717 608 mihi
2756 559 2987 616 consto,
3025 557 3080 605 et
3114 548 3465 619 quandonam

1877 649 2148 719 patienter
2200 647 2490 704 ferendum
2539 646 2612 702 sit
2661 644 2812 709 scio,
2854 651 2911 697 et
2949 641 3211 713 puniendi
3262 638 3470 711 pariter

1877 748 2096 811 tempus
2125 741 2277 797 novi.
2318 740 2425 796 Vos
2456 754 2590 795 vero
2622 736 2824 794 summi
2858 735 2997 791 estis
3025 734 3333 788 imitatores
3364 745 3462 801 pa-

1880 842 2160 889 ternorum
2198 841 2579 905 peccatorum,
2615 846 2771 902 aeque
2800 844 2865 884 ac
2899 827 2975 883 illi
3010 828 3189 898 legum
3218 838 3464 880 mearum

1878 924 2374 994 praevaricatores,
2413 938 2513 979 nec
2556 924 2624 977 de
2672 935 2862 977 earum
2910 916 3258 974 observantia
3307 913 3462 970 solli-

1878 1016 2016 1083 citi;
2047 1031 2214 1086 quam
2246 1017 2317 1072 ob
2344 1031 2458 1071 rem
2488 1015 2696 1085 justam
2727 1010 3015 1085 patiemini
3048 1007 3416 1079 punitionem.

174 1105 357 1176 νόμων
408 1104 774 1176 ἐκτραπέντες
845 1103 950 1159 τῶν
1024 1103 1195 1175 ἐμῶν,
1264 1105 1356 1159 καὶ
1400 1106 1498 1177 τῆς
1529 1106 1778 1178 φυλακῆς
1807 1107 1988 1163 αὐτῶν
2035 1108 2223 1163 οὐδένα
2268 1108 2583 1179 ποιούμενοι
2629 1106 2805 1175 λόγον,
2837 1104 2978 1175 ὑπὲρ
3016 1095 3090 1157 ὦν
3129 1102 3195 1171 δὴ
3234 1098 3329 1153 καὶ
3365 1096 3467 1166 τήν

174 1194 450 1267 τιμωρίαν
476 1193 694 1260 δέξεσθε
724 1195 961 1251 δικαίαν.

248 1287 402 1358 Στίχ.
448 1292 583 1358 η’·ι’.
623 1285 1049 1342 -Μεθίσταται
1105 1288 1163 1344 δὲ
1213 1289 1376 1345 πάλιν
1412 1291 1441 1343 ὁ
1486 1290 1772 1361 προφήτης

176 1379 266 1449 ἐφ’
306 1378 500 1449 ἑτέραν
553 1377 950 1448 πλημμέλειαν,
991 1379 1060 1450 ἦν
1104 1380 1231 1452 περί
1271 1398 1332 1433 τε
1375 1379 1473 1444 τὰς
1518 1381 1774 1451 ἀπαρχὰς

171 1468 562 1540 ἐπλημμέλουν
607 1469 702 1522 καὶ
755 1469 854 1533 τὰς
904 1470 1169 1534 δεκάτας,
1214 1471 1522 1525 ἀποδιδόναι
1571 1471 1773 1535 ταύτας

176 1564 325 1618 κατά
359 1563 454 1634 τὴν
483 1563 575 1616 τοῦ
610 1564 776 1634 νόμου
812 1563 1055 1633 διάταξιν
1099 1567 1199 1619 οὑκ
1229 1566 1521 1635 ἐθέλοντες.
1558 1588 1589 1619 ι.
1620 1569 1771 1621 Ἐπι-

178 1654 449 1723 στρέψατε
486 1654 619 1725 πρός
651 1670 739 1723 με,
770 1655 864 1707 καὶ
910 1656 1394 1727 ἐπιστραφήσομαι
1441 1657 1577 1729 πρὸς
1608 1658 1772 1728 ὑμᾶς,

176 1744 328 1812 λέγει
376 1744 579 1816 Κύριος
618 1746 1034 1818 παντοκράτωρ.
1077 1767 1097 1798 ι
1129 1748 1373 1801 Νεύσατε
1411 1750 1469 1802 δὲ
1516 1749 1651 1820 πρός
1682 1767 1771 1820 με,

176 1837 367 1906 φησὶν,
407 1837 482 1899 ὡς
526 1837 593 1890 ἂν
632 1837 901 1891 ἀκόλουθα
947 1839 1074 1909 ὑμῖν
1102 1840 1394 1911 ὑπάρξειεν
1434 1841 1617 1895 καὶτὰ
1645 1842 1775 1910 παρ’

170 1925 341 1996 ἐμοῦ.
394 1944 415 1978 ι
467 1925 569 1980 Καὶ
623 1929 860 1993 εἴπατε,

177 2017 259 2085 (p.
289 2016 416 2085 566)
471 2017 631 2071 Ἀλλὰ
680 2018 788 2090 γὰρ
812 2017 1010 2084 οἴεσθε,
1048 2020 1201 2090 φησὶ,
1236 2021 1370 2091 μηδὲ
1403 2022 1608 2075 δεῖσθαι
1635 2022 1776 2085 τινὸς

172 2109 551 2180 ἐπιστροφῆς·
603 2108 775 2172 οὕτως
814 2108 1138 2180 ἀναίσθητον
1171 2112 1293 2165 τινά
1350 2113 1444 2165 ἀπ’
1492 2113 1628 2182 ἐμοῦ
1679 2130 1775 2165 πε-

176 2199 408 2269 ποίησθε
453 2201 553 2271 τὴν
611 2203 907 2272 ὲκτροπήν.
961 2221 979 2254 ι
1039 2202 1102 2256 Εἰ
1151 2203 1429 2275 πτερνίζει
1489 2203 1777 2274 ἄνθρωπος

174 2292 348 2357 Θιόνς
375 2292 511 2345 διὸτι
548 2292 705 2363 ὑμεῖς
741 2295 1058 2365 πτερνίζετέ
1092 2312 1198 2366 με;
1238 2315 1255 2347 ι
1296 2295 1403 2348 Καί¹
1429 2295 1629 2359 ταῦτα,
1671 2313 1778 2367 φη-

173 2385 288 2448 σὶν,
324 2383 467 2437 οὕτω
499 2384 771 2455 νομίζετε,
811 2386 1026 2458 ἁπατᾷν
1077 2405 1143 2457 με
1190 2387 1462 2458 οἰόμενοι·
1504 2388 1642 2457 ὅπερ
1681 2383 1775 2442 οὖν

169 2476 479 2546 ἐπιχειρεῖν
512 2476 820 2547 ἀνθρώποις
864 2480 995 2548 περὶ
1035 2478 1188 2542 Θεὸν,
1217 2479 1317 2549 τῆς
1360 2480 1593 2549 ἐσχάτης
1625 2479 1773 2533 ἐστὶν

175 2566 435 2637 εὐηθείας
484 2584 544 2619 τε
589 2567 683 2621 καὶ
740 2568 957 2639 μανίας.
1011 2588 1029 2619 ι
1082 2570 1190 2622 Καὶ
1239 2570 1449 2633 εἴπατε,
1525 2570 1614 2622 Ἐν
1666 2569 1773 2622 τίνι

175 2657 576 2727 ὲπτερνίσαμέν
612 2675 671 2710 σε
697 2675 710 2723 ;
736 2678 753 2709 ι
785 2658 898 2712 ἀλλ’
915 2660 1036 2713 οὑδὲ
1066 2660 1222 2714 τοῦτο
1246 2660 1545 2723 ποιοῦντες,
1578 2659 1772 2730 αἴσθη-

176 2764 265 2800 σιν
290 2748 442 2817 ἔχετε
469 2748 565 2817 τῆς
595 2751 825 2814 ἀτοπίας
847 2750 940 2804 τοῦ
971 2751 1314 2821 γιγνομένου.
1344 2747 1477 2804 Εἶτα
1505 2750 1566 2803 τὸ
1593 2732 1773 2821 ἀμάρὲ

170 2855 333 2910 τημα
365 2839 567 2908 λέγων·
603 2860 623 2893 ι
662 2842 785 2894 Ὀτι
830 2842 899 2895 τά
946 2843 1240 2897 ὲπιδέκατα
1278 2843 1373 2896 καὶ
1422 2844 1478 2896 αί
1524 2843 1771 2914 ἀπαρχαὶ

181 2930 309 3027 μεθ’
519 2932 657 3027 είσιῌ·
684 2932 778 2985 καὶ
811 2932 1213 2996 ἀποϐλέποντες
1243 2934 1402 3003 ὑμεῖς
1432 2933 1770 2986 ἀποϐλέπετε
1799 2968 1842 3027 c

172 3022 262 3084 είς
291 3021 425 3088 αὑτό
443 3038 459 3053 ο
486 3022 581 3075 καὶ
612 3022 771 3093 ὑμεῖς
797 3022 897 3093 ἐμὲ
924 3023 1257 3095 πτερνίζετε.
1299 3042 1318 3076 ι
1348 3024 1460 3087 Τὰς
1482 3022 1591 3095 γὰρ
1612 3023 1774 3076 δεκαο

169 3111 300 3173 τιάς
328 3111 423 3168 καὶ
443 3111 540 3175 τὰς
572 3112 827 3184 ἀπαρχὰς
852 3114 912 3167 οὑ
942 3113 1081 3167 κατά
1102 3113 1164 3168 τὸ
1193 3114 1579 3185 νενομισμένον
1604 3131 1773 3183 προσ-

177 3203 343 3273 άγετε
370 3207 483 3267 τοῖς
524 3204 781 3275 ἱερεῦσιν,
812 3204 931 3259 ἀλλ’
962 3205 1116 3277 ἔχετε
1159 3207 1291 3277 παρ’
1319 3208 1552 3272 ἑαυτοῖς·
1574 3201 1693 3260 εἶτά
1713 3222 1769 3262 τι

172 3296 374 3366 »κέρδος
416 3297 624 3359 ἑαυτοῖς
672 3295 921 3351 ἐντεῦθεν
970 3297 1249 3368 προξενεῖν
1302 3297 1631 3368 νομίζοντες,
1679 3299 1774 3352 καὶ

167 3387 257 3450 ὡς
285 3387 378 3439 ὲπί
403 3403 527 3441 τινα
547 3387 811 3459 μεγίστην
833 3387 1099 3457 ὠφέλειαν
1127 3388 1459 3460 ἀφορῶντες,
1494 3391 1573 3453 είς
1597 3388 1774 3444 ταῦτα

168 3478 245 3550 ἄ]
272 3474 311 3531 ἀ
341 3477 470 3548 παρ’
500 3478 654 3549 ὑμῶν
685 3479 1032 3533 ἀποδίδοσθαι
1058 3479 1335 3551 προσῆκον
1360 3476 1448 3552 ἦν,
1479 3480 1639 3534 τοῦτο
1673 3479 1772 3551 μὲν

178 3567 491 3635 εἰλικρινῶς
518 3570 688 3622 ποιεῖν
723 3568 822 3621 οὐκ
850 3567 1064 3622 ἐθέλετε
1087 3586 1099 3599 ·
1135 3567 1380 3640 βραχέων
1408 3569 1466 3622 δέ
1493 3586 1654 3622 τινων
1678 3570 1774 3622 καὶ

177 3657 418 3711 εὐτελῶν
464 3661 821 3730 πωσαγωγῇ,
862 3662 924 3713 τὸ
961 3660 1189 3731 νόμιμον
1240 3660 1549 3715 ἀποδιδόναι
1600 3676 1773 3730 προσ-

182 3749 459 3803 ποιεῖσθε·
490 3751 627 3821 ὅπερ
662 3747 757 3804 οὖν
796 3751 947 3805 οὐδὲν
991 3752 1178 3823 ἓτερον
1215 3752 1382 3815 ἐστὶν,
1415 3752 1529 3805 ἀλλ’
1560 3751 1593 3822 ἢ
1633 3752 1774 3806 ἀπα-

175 3842 280 3910 τᾷν
316 3857 383 3910 με
417 3842 780 3908 νομιζόντων·
820 3844 1038 3914 ἀπάτης
1070 3842 1179 3915 γὰρ
1225 3845 1310 3914 εἴη
1351 3843 1416 3897 ἀν
1445 3844 1505 3897 τὸ
1534 3845 1610 3915 μὴ
1645 3843 1774 3897 εἰλι-

181 3930 385 4002 κρινῶς
411 3932 473 3985 τὺ
503 3933 732 4004 νόμιμον
759 3934 920 4005 χρέος
964 3934 1334 4007 ἀποπληροῦν,
1365 3938 1688 4007 πανουργεῖν
1717 3934 1773 3987 δὲ

176 4020 348 4076 αὑτοῦ
368 4023 499 4093 περὶ
525 4023 619 4094 τὴν
642 4024 1032 4095 ἀποπλήρωσιν
1054 4025 1366 4094 πειρᾶσθαι.
1393 4024 1525 4078 Εἶτα
1553 4027 1769 4095 ἐπάγει·

182 4130 207 4164 1
248 4112 325 4164 Τὸ
355 4112 473 4175 ἔτος
520 4112 874 4184 συνετελέσθη
897 4130 908 4142 ·
946 4114 1041 4167 καὶ
1092 4114 1448 4185 είσηνέγκατε
1493 4116 1669 4169 πάντα
1704 4114 1774 4168 τὰ

179 4204 414 4274 ὲκφόρια
466 4205 547 4267 είς
596 4205 723 4268 τοὺς
780 4205 1105 4278 θησαυροὺς,
1162 4207 1257 4261 καὶ
1310 4210 1343 4277 ἡ
1402 4208 1627 4278 ἁρπαγὴ
1676 4206 1771 4261 τοῦ

936 1930 1025 1982 Ἐν
1093 1929 1197 1983 τίνι
1268 1930 1708 2002 ὲπιστρέψομεν;
1749 1950 1790 2004 ιγ

1951 1288 2119 1344 Vens.
2156 1285 2312 1342 8-10.
2337 1315 2407 1327 —
2428 1283 2652 1340 Transit
2684 1282 2867 1338 denuo
2902 1278 3169 1350 propheta
3203 1273 3272 1330 ad
3314 1274 3463 1330 aliud

1880 1388 2165 1452 peccatum
2186 1418 2202 1443 ,
2230 1375 2379 1448 quod
2409 1376 2559 1431 circa
2590 1372 2862 1444 primitias
2905 1369 3260 1437 decimasque
3306 1380 3463 1421 com-

1882 1472 2175 1535 miserant,
2235 1466 2484 1522 nolentes
2538 1478 2632 1520 eas
2685 1462 2846 1533 juxta
2904 1460 3041 1530 legis
3094 1455 3461 1514 constitutum

1884 1561 2210 1633 persolvere.
2242 1578 2260 1611 ι
2293 1556 2653 1613 Revertimini
2689 1554 2757 1609 ad
2796 1568 2919 1617 me,
2965 1559 3020 1606 et
3063 1564 3165 1621 ego
3218 1555 3464 1604 revertar

1879 1655 1945 1709 ad
1980 1668 2112 1719 vos,
2148 1652 2280 1706 dicit
2322 1648 2589 1737 Dominus
2634 1645 3003 1717 omnipotens.
3033 1661 3051 1694 ι
3090 1640 3367 1713 Respicite
3394 1641 3461 1695 ad

1880 1761 1967 1800 me
1991 1785 2007 1810 ,
2042 1744 2253 1813 inquit,
2286 1750 2348 1796 ut
2388 1733 2760 1796 consentanea
2790 1736 2946 1792 vobis
2987 1750 3018 1790 a
3066 1750 3153 1790 me
3185 1733 3460 1789 eveniant.

1884 1856 1903 1889 ι
1933 1836 1999 1891 Ει
2028 1837 2248 1893 dixistis
2277 1854 2291 1890 :
2326 1832 2384 1888 In
2421 1848 2532 1904 quo
2567 1829 2949 1887 revertemur?
2980 1847 2999 1879 ι
3024 1827 3238 1897 Quippe
3271 1823 3465 1879 existi-

1878 1928 2041 1983 matis
2066 1967 2081 1991 ,
2114 1927 2322 1997 inquit,
2357 1925 2508 1980 nulla
2539 1922 2857 1981 reversione
2888 1920 3172 1989 indigere:
3210 1915 3347 1971 adeo
3376 1916 3464 1969 in-

1878 2029 2159 2076 sensatum
2189 2034 2219 2072 a
2250 2034 2335 2072 me
2361 2017 2669 2073 discessum
2701 2012 2946 2069 fecistis!
2980 2030 2996 2063 ι
3026 2008 3166 2064 Num
3192 2006 3460 2077 supplan-

1878 2113 2015 2166 tabit
2062 2112 2227 2165 homo
2275 2109 2482 2171 Deum,
2524 2107 2651 2178 quia
2704 2120 2800 2161 vos
2831 2101 3235 2175 supplantastis
3264 2098 3400 2153 me?
3433 2116 3451 2149 ι

1877 2202 2035 2273 Quod
2088 2200 2335 2273 profecto
2380 2198 2633 2253 homines
2685 2195 2952 2251 adversus
2999 2192 3173 2247 Deum
3218 2189 3452 2250 audere,

1875 2305 2132 2350 extremae
2165 2291 2413 2348 stultitia:
2448 2288 2786 2358 insaniaeque
2815 2292 2920 2341 est.
2955 2302 2975 2335 ι
3012 2281 3078 2336 Et
3105 2280 3365 2336 dixistis:
3401 2278 3455 2331 In

1876 2402 1985 2458 quo
2017 2385 2489 2456 snpplantavimus
2521 2382 2603 2437 te?
2638 2400 2654 2431 ι
2679 2377 2788 2434 Sed
2820 2391 3033 2447 neque,
3063 2374 3193 2428 dum
3226 2372 3300 2424 ita
3333 2384 3458 2439 age—

1875 2480 2042 2544 retis,
2085 2492 2309 2532 sensum
2350 2483 2552 2531 vestrae
2595 2470 2960 2527 absurditatis
2997 2465 3287 2522 habuistis.
3329 2462 3455 2517 Mox

1874 2576 2160 2640 peccatum
2190 2569 2460 2629 recitans,
2493 2565 2568 2619 ait
2596 2582 2610 2619 :
2644 2582 2663 2617 ι
2692 2562 2965 2630 Quoniam
3007 2559 3234 2615 decima:
3273 2556 3461 2627 primi-

1874 2662 2072 2732 tiaeque
2095 2660 2238 2731 apud
2270 2675 2367 2714 vos
2397 2668 2548 2714 sunt.
2585 2658 2649 2712 Et
2673 2671 2771 2713 vos
2799 2653 3158 2726 reSpicientes
3184 2647 3458 2718 respicitis

1874 2754 1931 2809 in
1965 2754 2016 2809 id
2054 2754 2256 2825 ipsum.
2298 2752 2362 2808 Et
2391 2768 2486 2807 vos
2516 2766 2603 2805 me
2633 2746 3055 2820 supplantastis.
3089 2764 3109 2798 ι
3135 2743 3270 2798 Nam
3303 2741 3457 2796 deci-

1876 2862 1995 2904 mas
2027 2855 2193 2919 atqne
2227 2845 2501 2915 primitias
2548 2855 2900 2913 nequaquam
2950 2844 3112 2908 prout
3160 2833 3459 2905 legitimum

1874 2948 1961 2995 est
1986 2926 2367 2995 sacerdotibus
2397 2935 2629 2997 oil‘ertis,
2662 2932 2761 2990 sed
2785 2932 2887 3003 ipsi
2912 2928 3178 2986 retinetis.
3206 2925 3460 2980 Attamen

1873 3030 2034 3101 quasi
2075 3029 2298 3099 aliquod
2339 3028 2775 3084 emolumentum
2811 3036 3009 3093 capere
3042 3018 3420 3074 existimantes
3442 3054 3456 3073 .

1873 3132 1929 3178 et
1964 3120 2123 3192 quasi
2155 3119 2319 3191 385
2353 3118 2648 3173 maximam
2701 3115 2942 3184 aliquam
2995 3110 3287 3165 utilitatem
3334 3119 3461 3175 spe-

1874 3220 2124 3276 ctantes.
2157 3226 2355 3281 nempe
2391 3210 2436 3266 si
2469 3208 2618 3279 quod
2644 3221 2785 3277 opus
2815 3212 2902 3260 est
2936 3201 3213 3264 reddatis,
3245 3211 3458 3266 nequa-

1874 3320 2038 3376 quam
2072 3305 2283 3374 integre
2318 3302 2373 3357 id
2404 3303 2573 3358 vultis
2610 3300 2834 3366 facere,
2873 3297 2969 3354 sed
3001 3297 3324 3365 exiguorum
3357 3290 3459 3345 ali-

1873 3401 2010 3465 quot
2038 3402 2205 3464 atque
2238 3392 2428 3447 vilium
2471 3391 2780 3455 oblatione,
2823 3386 2972 3458 quod
3017 3383 3320 3455 legitimum
3373 3387 3461 3434 est

1874 3497 2135 3558 praestare
2171 3484 2467 3543 simulatis.
2526 3481 2683 3549 Quod
2741 3494 2876 3536 sane
2933 3477 3069 3532 nihil
3124 3474 3274 3528 aliud
3332 3478 3456 3534 est,

1876 3591 2041 3646 quam
2089 3574 2375 3630 hominum
2430 3587 2518 3628 me
2565 3571 2822 3641 decipere
2865 3566 3176 3639 putantium
3218 3562 3454 3617 facinus.

1873 3667 2010 3723 Nam
2057 3666 2212 3723 fraus
2263 3675 2383 3731 est,
2435 3662 2680 3719 debitum
2729 3660 3035 3732 legitimum
3084 3658 3295 3726 integre
3341 3668 3457 3708 non

1875 3758 2192 3828 persolvere
2214 3796 2230 3821 ,
2263 3755 2361 3813 sed
2407 3754 2681 3809 malitiose
2709 3764 2834 3807 cum
2869 3749 2981 3805 Deo
3008 3748 3157 3803 circa
3190 3746 3334 3800 hanc
3363 3757 3457 3799 so-

1874 3850 2137 3905 lutionem
2189 3864 2249 3904 se
2294 3862 2503 3919 gerere.
2548 3843 2685 3899 Tum
2715 3841 2891 3913 pergit
2936 3840 3161 3894 dicere:
3205 3855 3224 3888 ι
3263 3836 3457 3889 Annus

1876 3941 2182 4011 completus
2215 3948 2318 3994 est.
2352 3937 2418 3991 Et
2450 3935 2717 3991 intulistis
2746 3946 2940 3987 omnes
2972 3929 3186 3984 fructus
3238 3926 3293 3981 in
3325 3926 3456 3978 hor-

1877 4049 1969 4089 rea
1989 4073 2004 4097 ,
2043 4041 2098 4088 et
2131 4031 2326 4103 rapina
2356 4042 2656 4099 pauperum
2688 4027 2743 4080 in
2775 4024 3033 4079 domibus
3059 4020 3265 4075 vestris
3297 4023 3402 4073 cst.
3432 4034 3450 4066 ι

1876 4126 2019 4181 Anni
2051 4132 2205 4180 certe
2234 4123 2413 4178 exitus
2443 4128 2563 4185 est,
2599 4128 2655 4175 et
2700 4118 2828 4173 anni
2874 4114 3263 4171 conversiones
3299 4111 3455 4181 juxta

1879 4232 2056 4272 meam
2088 4215 2492 4271 ordinationem
2515 4212 2799 4281 periodum
2829 4225 2984 4266 suam
3010 4208 3454 4276 compleverunt,

181 4294 400 4364 πτωχοῦ
435 4296 491 4348 ὲν
527 4298 639 4359 τοῖς
671 4298 835 4361 οῖκοις
875 4298 1049 4369 ὑμῶν.
1094 4317 1113 4350 ι
1150 4298 1226 4369 (p.
1264 4298 1387 4369 567)
1424 4299 1630 4370 Τὸομὲν
1661 4298 1764 4369 γὰρ

1881 4309 2019 4363 unde
2071 4307 2348 4361 fructuum
2403 4303 2680 4359 confectio
2726 4304 2807 4355 ﬁt.
2856 4304 2923 4353 At
2970 4314 3067 4353 vos
3116 4296 3348 4350 maturis
3390 4292 3456 4347 de

176 4386 300 4449 ἔτος
332 4385 521 4456 sane:
572 4387 763 4457 πέρας,
816 4389 909 4442 καὶ
966 4390 1023 4442 αί
1068 4388 1160 4442 τοῦ
1208 4387 1361 4452 ἔτους
1392 4390 1591 4460 τροπαὶ
1627 4389 1769 4443 κατά

177 4479 280 4547 τὴν
306 4478 449 4547 ἐμὴν
476 4477 718 4543 διάταξιν
746 4478 844 4549 τὴν
884 4480 1203 4534 ἀκολουθίαν
1242 4480 1638 4553 πεπληρωκαοι
1671 4480 1769 4552 τὴν

174 4570 423 4621 οἰκείαν·
458 4571 551 4638 ἀφ’
588 4563 664 4624 ὧν
705 4573 739 4642 ἡ
776 4571 885 4623 τῶν
930 4575 1158 4644 καρπῶν
1196 4575 1388 4644 γέγονε
1434 4577 1603 4647 φορά·
1651 4570 1770 4629 εἶτα

178 4661 340 4729 ὑμεῖς
371 4661 605 4725 ἐντελεῖς
646 4663 774 4726 τοὺς
804 4664 910 4718 ἀπὸ
946 4666 1044 4737 τῆς
1080 4665 1187 4736 γῆς
1233 4668 1587 4737 κομισάμενοι
1634 4683 1772 4737 καρ-

175 4753 339 4815 ποὺς,
371 4751 490 4804 δέον
518 4754 659 4825 ὑπὲρ
687 4755 889 4809 τούτων
922 4757 1177 4810 ἀποτῖσαι
1216 4756 1295 4828 τῷ
1336 4756 1455 4828 Θεῷ
1479 4757 1577 4828 τὴν
1608 4758 1772 4828 εὐχα-

175 4844 396 4915 ριστίαν
436 4844 527 4898 διὰ
584 4848 686 4915 τῆς
739 4846 848 4901 τῶν
890 4848 1156 4918 ἀπαρχῶν
1217 4848 1312 4900 καὶ
1354 4847 1463 4900 τῶν
1509 4848 1773 4900 δεκατιῶν

174 4937 570 5008 προπομιδῆς,
599 4937 757 4992 τοῦτο
790 4940 889 5010 μὲν
939 4940 999 4993 οὐ
1046 4942 1380 5011 πεποιήκατε
1401 4957 1414 4970 ·
1473 4940 1681 5011 βραχέα
1715 4940 1772 4993 δέ

170 5046 297 5083 τινα
327 5030 613 5101 μονονουχὶ
643 5033 1041 5103 προσρίψαντες
1072 5036 1182 5096 τοῖς
1222 5033 1480 5103 ἱερεῦσιν,
1526 5035 1606 5096 είς
1645 5034 1771 5094 τοὺς

172 5120 485 5191 θησαυροὺς
534 5121 751 5175 ἅπαντα
793 5124 919 5186 τοὺς
961 5123 1192 5185 οἰκείους
1230 5125 1583 5193 εἰσηνέγκατε
1606 5141 1617 5153 ·
1650 5124 1769 5177 οὐδὲ

171 5210 354 5261 ἐκεῖνο
410 5208 779 5281 λογισάμενοι,
824 5212 906 5265 ὅτι
958 5212 1111 5265 οὐδὲν
1162 5211 1416 5265 ἀπέοικεν
1461 5212 1637 5274 τοῦτο,
1673 5214 1767 5266 τοῦ

170 5298 269 5360 τὰς
293 5298 405 5352 τῶν
437 5300 688 5370 πενήτων
723 5300 1041 5371 διαρπάζειν
1069 5301 1291 5371 τροφὰς,
1330 5302 1467 5374 ὑπὲρ
1492 5295 1567 5356 ὧν
1592 5302 1762 5355 ταῦτα
1799 5304 2035 5358 δίδοσθαι
2098 5303 2412 5358 κεκέλευται

1872 4400 2065 4455 tellure
2100 4398 2334 4453 sublatis
2372 4395 2674 4458 fructibus,
2727 4408 2851 4447 cum
2884 4406 2982 4460 pro
3015 4390 3099 4443 his
3131 4386 3335 4458 gratias
3371 4397 3453 4437 rc-

1875 4493 2018 4547 ferre
2048 4490 2157 4545 Deo
2186 4488 2557 4553 debuissetis,
2612 4483 2883 4556 primitias
2926 4481 3277 4547 decimaSque
3328 4474 3453 4528 aﬂ‘e-

1874 4582 2084 4646 rendo,
2122 4578 2257 4633 nihil
2288 4574 2604 4645 hujusmodi
2638 4573 2828 4644 egistis
2857 4588 2872 4636 ;
2910 4569 3003 4626 sed
3059 4568 3259 4638 exigua
3306 4579 3454 4633 qua:-

1873 4673 2002 4728 dam
2056 4669 2443 4726 sacerdotibus
2485 4665 2872 4737 projicientes,
2923 4659 3109 4715 omnia
3158 4658 3213 4712 in
3256 4656 3451 4710 horrea

1878 4767 2056 4815 vestra
2088 4756 2351 4811 intulistis
2378 4774 2389 4809 :
2423 4771 2492 4810 ne
2518 4755 2621 4808 hoc
2646 4752 2865 4823 quidem
2898 4757 3156 4820 putantes
3179 4786 3192 4810 ,
3226 4743 3453 4815 perinde

1872 4850 1926 4904 id
1962 4864 2085 4904 esse
2117 4863 2180 4903 ac
2212 4848 2257 4902 si
2291 4848 2551 4902 alimenta
2596 4858 2896 4913 pauperum
2944 4836 3259 4906 tliripiatis,
3314 4847 3445 4903 quo-

1875 4955 1996 4994 rum
2029 4940 2207 5009 gratia
2245 4938 2359 4991 hate
2397 4951 2428 4989 a
2470 4930 2627 4991 vobis
2658 4930 2999 5003 suppeditari
3049 4929 3267 4997 jussum
3322 4932 3448 4979 est:

1878 5046 2072 5099 nempe
2104 5039 2163 5085 ut
2193 5038 2248 5083 et
2277 5028 2370 5098 qui
2402 5027 2556 5080 altari
2592 5024 2945 5086 deserviunt,
2983 5029 3037 5074 et
3064 5020 3155 5089 qui
3193 5016 3452 5087 egestatis

1877 5137 2045 5175 causa
2078 5120 2282 5189 templo
2318 5134 2439 5172 meo
2469 5117 2758 5178 adsident,
2808 5112 3121 5168 necessaria
3155 5111 3278 5165 vitae
3321 5110 3452 5163 sub-

1876 5213 2015 5270 sidia
2047 5214 2172 5267 hinc
2203 5212 2457 5267 referant.
2494 5209 2701 5276 Quibus
2734 5208 3010 5263 subnectit
3043 5224 3055 5258 :

2520 5302 2647 5370 παρ’
2678 5299 2831 5369 ὑμῶν
2849 5317 2861 5329 ο
2892 5299 2985 5351 καὶ
3015 5297 3089 5358 ὼς
3119 5295 3184 5348 ἂν
3205 5292 3258 5346 οἳ
3285 5311 3342 5346 τε
3375 5292 3453 5358 τῷ

172 5390 547 5461 θυσιαστηρίῳ
596 5390 1067 5462 λειτουργοῦντες,
1108 5391 1162 5443 οῖ
1201 5407 1260 5443 τε
1306 5390 1394 5443 διὰ
1447 5390 1634 5443 πενίαν
1684 5390 1761 5461 τῷ
1798 5393 1909 5463 ναῷ
1944 5393 2393 5466 προσεδρεύοντες
2441 5393 2516 5463 τῷ
2561 5394 2677 5464 ἐμῷ
2705 5391 2839 5463 (72),
2891 5388 2990 5451 τὰς
3029 5384 3327 5453 ἀναγκαίας
3358 5398 3449 5433 κο·

174 5484 419 5551 μίζοιντο
448 5482 659 5554 χρείας.
695 5479 791 5546 οἷς
820 5481 1124 5546 ἀκολούθως
1151 5482 1425 5554 ἐπήγαγεν
1444 5500 1459 5514 ·

243 5664 357 5735 (ἹΞ)
385 5663 555 5719 Vides
582 5663 703 5735 sub
742 5663 861 5733 lege
892 5661 1336 5735 etiantAMosaica
1379 5677 1587 5735 morem
1631 5677 1757 5730 pau-

172 5732 394 5805 peribus
426 5734 631 5803 templo
658 5732 1328 5805 assistentibuslargiendi
1355 5732 1756 5805 eleemosynatn

172 5801 477 5876 pasci-tim
503 5801 569 5876 ex
599 5803 775 5869 sacris
795 5804 1010 5873 opibus.
1049 5802 1139 5859 Sic
1159 5813 1211 5859 et
1238 5802 1327 5860 ille
1360 5801 1755 5872 claudus'apud

1865 5672 2076 5733 portam
2135 5662 2321 5732 templi
2385 5662 3142 5733 speciosameleemosynam
3195 5672 3227 5713 a
3286 5655 3446 5712 Petro

1867 5732 2114 5805 apostolo
2142 5735 2355 5805 petebat
2390 5732 2528 5805 (Act.
2565 5748 2644 5800 Ill,
2673 5732 2750 5804 ⁸5).
