3804 6220
383 310 483 368 627

1545 332 1897 395 THEODORI
1929 338 2417 403 MOPSUESTENI

3554 354 3665 411 623

453 436 594 491 Vens
632 439 708 493 ll-
732 441 813 495 l2.
841 473 912 484 —
952 462 971 495 ι
1008 443 1365 504 Rcvertimini
1396 464 1528 523 ergo
1564 452 1618 508 in
1654 454 1779 523 hoc,
1819 456 1925 514 dici

2128 463 2276 536 Στίχ.
2302 472 2391 530 ια’,
2422 466 2506 551 ιβ’.
2527 496 2593 506 —-
2618 486 2635 522 ι
2670 468 3061 542 Ἐπιστρέψατε
3096 473 3159 546 δὴ
3191 446 3248 529 ἐν
3280 477 3473 551 τούτῳ,
3503 480 3659 550 λέγει

381 525 643 583 Ιὶηιιιὶηιιε
683 531 1050 601 omnipotens.
1082 533 1199 590 Nisi
1246 552 1515 608 aperuere
1558 542 1714 599 vobis
1749 556 1964 602 catara-

376 629 493 671 ctas
524 618 670 681 emli,
708 629 762 673 et
798 620 1073 679 effundam
1105 626 1160 680 in
1192 642 1288 685 vos
1321 629 1756 691 benedictionem
1785 652 1961 694 meam

375 708 551 761 donec
603 709 855 766 sulliciat.
890 713 957 768 Et
995 715 1323 774 distribuam
1378 722 1533 779 vobis
1572 725 1627 780 in
1659 727 1863 795 cibum,
1908 740 1964 786 et

376 814 483 852 non
510 814 858 873 corrumpam
883 814 1094 863 vestras
1115 816 1277 867 terra;
1305 813 1513 884 fruges,
1544 825 1598 872 et
1627 818 1755 875 vitis
1782 831 1963 877 vestra

378 892 431 944 in
472 909 603 964 agro
632 911 737 951 non
763 897 1154 966 intirmabitur,
1183 904 1259 958 ait
1294 904 1560 964 Dominus
1588 913 1960 984 omnipotens.

374 982 442 1037 Et
470 984 658 1043 beatos
674 1003 772 1047 vos
794 989 983 1046 dicent
1009 1007 1201 1049 omnes
1225 1006 1449 1067 gentes;
1481 1000 1609 1071 quia
1640 982 1793 1060 eritis
1816 1014 1964 1061 terra

372 1077 782 1146 desiderabilis,
815 1084 892 1137 ait
941 1082 1206 1147 Dominus
1255 1093 1624 1163 omnipotens.
1677 1116 1698 1149 ι
1745 1099 1963 1168 Agesis,

372 1167 573 1236 inquit,
623 1171 878 1227 conversi
921 1172 1039 1229 haec
1088 1176 1273 1230 omnia
1331 1179 1640 1236 emendate.
1695 1167 1963 1241 Videbitis

370 1258 542 1321 enim,
590 1262 867 1330 quomodo
900 1264 1056 1322 vobis
1090 1281 1194 1338 ego
1239 1269 1524 1339 copiosum
1565 1272 1792 1329 imbrem
1826 1290 1963 1345 pne-

371 1348 531 1414 bebo,
576 1360 631 1406 et
677 1353 955 1423 quomodo
1004 1354 1221 1429 frugum
1271 1360 1489 1431 capiam
1538 1361 1609 1417 ad
1649 1365 1962 1423 satietatem

371 1443 753 1513 suppeditaho.
799 1445 858 1501 ιιι
906 1449 1053 1504 enim
1097 1450 1265 1523 386
1296 1452 1562 1511 denotant
1596 1456 1781 1523 verba,
1812 1476 1833 1512 ι
1869 1458 1967 1516 Be-

370 1536 733 1591 netlietionem
754 1553 928 1593 meam
946 1541 1122 1597 donec
1141 1543 1396 1613 sumciat,
1425 1567 1443 1599 ι
1475 1554 1534 1602 ut
1556 1564 1622 1604 ex
1654 1550 1739 1605 his
1764 1553 1964 1624 pingue

370 1641 473 1683 vos
502 1628 750 1685 habeatis
772 1633 1193 1689 nutrimentum.
1220 1636 1355 1693 Nam
1377 1641 1563 1706 verba,
1597 1640 1961 1701 «Distribuam

2065 552 2272 626 Κύριος
2322 549 2752 630 παντοκράτωρ’
2806 560 2903 615 ἐὰν
2960 562 3035 634 μὴ
3086 565 3283 634 ἀνοίξω
3346 549 3473 639 ὑμῖν
3526 549 3660 637 τοὺς

2064 646 2454 718 καταρράκτας
2490 648 2585 703 τοῦ
2619 650 2868 723 οὐρανοῦ,
2898 654 2989 708 καὶ
3005 656 3178 725 ὲκχεῶ
3212 658 3340 729 ὑμῖν
3369 661 3467 732 τὴν
3499 663 3659 718 εὐλο-

2064 736 2190 804 γίαν
2226 755 2327 809 μου
2354 738 2460 804 ἓως
2481 739 2575 795 τοῦ
2621 744 2969 815 ίκανωθῆναι,
2999 748 3091 800 καὶ
3122 747 3385 804 διαστελῶ
3414 754 3545 823 ὑμῖν
3573 757 3659 831 είς

2065 827 2290 896 βρῶσιν,
2321 830 2416 884 καὶ
2453 831 2513 885 οὐ
2552 832 2628 905 μὴ
2659 833 2953 906 διαφθείρω
2993 837 3147 907 ὑμῶν
3175 841 3265 895 τὸν
3307 845 3518 914 καρπὸν
3552 827 3657 917 τῆς

2063 918 2300 992 γῆς,,καὶ
2319 919 2383 973 οὐ
2402 922 2477 997 μὴ
2497 924 2768 999 ἀσθενήσῃ
2788 927 2942 998 ὑμῶν
2962 929 2994 999 ή
3018 929 3260 1001 ἄμπελος
3286 935 3341 988 ἐν
3370 935 3446 1007 τῷ
3469 918 3654 1022 ἀγρῷ,

2063 1011 2210 1081 λέγει
2260 1012 2462 1085 Κύριος
2508 1018 2929 1091 παντοκράτωρ·
2973 1022 3068 1075 καὶ
3112 1026 3475 1096 μακαριοῦσω
3506 1011 3656 1099 ὑμᾶς

2063 1104 2243 1160 πάντα
2268 1106 2337 1161 τά
2380 1106 2528 1180 ἔθνη,
2559 1109 2693 1165 διότι
2730 1111 2918 1166 ἔσεσθε
2961 1114 3117 1185 ὑμεῖς
3145 1117 3216 1188 γῆ
3256 1118 3472 1192 θελητὴ.
3500 1120 3656 1187 λέγει

2064 1195 2267 1267 Κύριος
2292 1200 2705 1274 παντοκράτωρ.
2750 1222 2769 1255 ι
2825 1204 2983 1259 Ἀλλά
3006 1207 3131 1279 γὰρ,
3163 1209 3316 1280 φησὶ,
3350 1211 3658 1282 μεταϐαλό-

2066 1302 2252 1355 μενοι,
2308 1285 2595 1358 διόρθωσιν
2654 1291 2859 1345 τούτων
2916 1295 2981 1365 δὴ
3039 1297 3335 1367 ποιήσασθε
3389 1299 3650 1353 πάντων·

2062 1375 2257 1445 ὄψεσθε
2281 1376 2391 1458 γὰρ
2420 1379 2569 1443 ὅπως
2606 1380 2707 1451 μὲν
2736 1382 2864 1453 ὑμῖν
2887 1383 3140 1439 πλούσιον
3183 1387 3403 1458 παρέξω
3430 1388 3521 1442 τὸν
3565 1391 3657 1442 ὐε-

2060 1467 2173 1531 τὸν,
2206 1452 2366 1532 ὅπως⁸
2383 1469 2440 1523 δὲ
2467 1470 2599 1541 ὐμῖν
2627 1471 2735 1526 τῶν
2766 1452 2995 1545 καρπῶν
3019 1476 3241 1549 παρέξω
3262 1452 3360 1548 τὴν
3389 1481 3654 1550 ἀφθονίαν

2062 1559 2142 1621 είς
2172 1559 2333 1631 κόρον
2356 1578 2370 1591 ·
2402 1561 2563 1615 τοῦτο
2586 1563 2696 1635 γὰρ
2738 1564 2908 1635 λέγει,
2936 1586 2955 1619 ι
2990 1568 3088 1639 τὴν
3122 1569 3370 1638 εὐλογίαν
3410 1590 3511 1643 μου
3547 1572 3654 1636 ἕως

2059 1649 2157 1703 τοῦ
2213 1652 2562 1724 ἱκανωθῆναι,
2623 1673 2645 1707 ι
2696 1660 2775 1728 (p.
2819 1656 2946 1729 568)
2998 1659 3138 1713 ὥστε
3195 1661 3455 1728 πλουσίαν
3502 1662 3653 1734 ἔχειν

371 1719 525 1775 vobis
571 1722 624 1775 in
664 1722 921 1777 cibumn
982 1726 1034 1781 id
1084 1728 1421 1802 signiﬁcant,
1474 1735 1932 1793 (Ionservabuntu

2122 1744 2207 1808 ιᾶς
2228 1744 2325 1816 τὴν
2360 1746 2418 1815 ἐξ
2439 1719 2618 1808 αὐτῶν
2642 1719 2952 1809 ἀπόλαυσινό
2975 1750 3034 1806 τὸ
3057 1754 3184 1823 γάρ,
3208 1772 3227 1804 ι
3248 1753 3355 1810 Καὶ

372 1818 554 1866 auten
593 1814 752 1869 voLis
787 1815 1092 1875 incolumes
1130 1819 1344 1878 fruetus
1376 1838 1588 1892 omnes,
1621 1826 1830 1899 largum
1865 1845 1930 1886 vo

2122 1836 2192 1888 ιῖν
2242 1814 2321 1900 είς
2340 1814 2558 1908 βρῶσιν,
2583 1861 2602 1895 ι
2644 1844 2805 1898 τοῦτο
2824 1814 3090 1917 σημαίνεῦ
3112 1814 3655 1918 διαφυλαχθήεονταί

372 1901 457 1959 bis
486 1903 596 1960 vite
642 1907 805 1962 etiam
856 1920 1036 1965 vestra
1067 1921 1256 1983 potum
1300 1918 1615 1987 praebente:
1662 1921 1736 1976 ita
1787 1933 1844 1977 ut
1882 1925 1932 1980 ol

2177 1901 2351 1998 ὑμῶν.
2375 1901 2697 2003 ’ἀδιάφθοροι
2743 1901 2944 1998 πάντες
2996 1935 3046 1988 οί
3096 1901 3318 2008 καρποὶ,
3354 1901 3651 1992 “zicus-iw

376 1998 681 2064 generalem
729 2002 868 2069 apud
903 2018 997 2058 vos
1049 2004 1284 2076 copiam,
1332 2011 1519 2065 cuncti
1564 2013 1728 2067 etiam
1780 2017 1955 2070 exteri

376 2102 475 2143 vos
518 2088 709 2147 beatos
753 2092 952 2148 dicturi
999 2095 1131 2163 sint,
1162 2106 1215 2151 et
1248 2100 1395 2169 quod
1444 2116 1568 2157 vere
1609 2104 1763 2162 vobis
1808 2105 1954 2163 Deus

374 2181 575 2251 Optima
609 2200 840 2255 quaeque
883 2186 1149 2253 decernit,
1192 2188 1322 2245 dum
1356 2199 1515 2248 terra:
1540 2205 1734 2251 vestra:
1782 2199 1955 2267 pluri-

369 2288 513 2345 niam
545 2290 653 2345 prae
688 2278 900 2334 creteris
943 2279 1160 2350 frugum
1189 2280 1580 2339 abundantiam
1609 2288 1879 2344 concedit.

439 2546 605 2605 Vens.
640 2550 822 2605 15-16.
867 2582 935 2591 -—
968 2552 1172 2609 Deinde
1218 2555 1285 2609 ad
1319 2557 1530 2626 priores
1568 2558 1706 2615 redit
1746 2578 1953 2617 sermo-

368 2656 501 2701 nes,
544 2644 701 2709 quasi
754 2658 891 2697 nova
948 2645 1323 2702 admonitione
1375 2648 1609 2719 dignaris
1670 2654 1950 2723 improbos

369 2733 491 2787 illos
526 2748 589 2788 ac
618 2734 838 2803 impios,
884 2736 1070 2805 aitque
1098 2754 1111 2790 :
1162 2754 1180 2787 ι
1229 2738 1642 2809 Aggravavistis
1672 2758 1836 2813 super
1864 2762 1951 2802 me

366 2840 650 2880 sermones
700 2834 933 2891 vestros,
992 2826 1128 2881 dicit
1178 2827 1443 2886 Dominus
1497 2834 1868 2904 omnipotens.
1925 2856 1944 2889 ι

365 2917 612 2986 Asperis,
664 2919 865 2989 inquit,
924 2923 1189 2977 conviciis
1241 2938 1328 2979 me
1383 2926 1746 2995 appetivistis.
1803 2946 1820 2980 ι
1884 2930 1951 2984 Et

365 3009 585 3065 dixistis
627 3030 639 3065 :
673 3010 731 3065 in
775 3029 884 3082 quo
926 3014 1022 3067 tibi
1064 3014 1305 3069 oblocuti
1358 3018 1591 3072 sumus?
1646 3037 1664 3070 ι
1727 3018 1950 3075 Siccine

2063 2018 2191 2088 ὑμῖν
2238 2020 2334 2074 καὶ
2378 2020 2478 2092 τῆς
2528 2023 2773 2091 ἀμπέλου
2802 2026 2902 2096 τὴν
2928 2026 3132 2081 οἰκείαν
3160 2027 3460 2082 ἀπόλαυσιν
3496 2047 3651 2099 παρε

2060 2109 2319 2180 εχούσης’
2349 2110 2489 2164 ὥστε
2534 2114 2599 2167 ὲκ
2637 2116 2735 2186 τῆς
2773 2117 3190 2190 πολιτευομένης
3227 2118 3287 2173 έν
3320 2119 3450 2190 ὑμῖν
3485 2120 3653 2189 εὐθη-

2061 2200 2197 2267 νίας,
2225 2200 2469 2267 ἅπαντας
2509 2203 2573 2275 δὴ
2618 2206 2744 2271 τοὺς
2794 2209 2952 2274 ὲκτὺς
2996 2210 3320 2282 μακαρίζειν
3356 2213 3527 2283 ὑμᾶς,
3567 2214 3654 2269 ὅτι

2058 2292 2229 2357 ὅντως
2257 2294 2382 2364 ὑμῖν
2422 2295 2488 2349 τά
2531 2296 2789 2352 κάλλιστα
2821 2300 3141 2373 βεϐούληται
3183 2301 3335 2367 Θεὸς,
3379 2303 3523 2357 ὥστε
3557 2303 3652 2357 καὶ

2053 2385 2119 2452 τῇ
2147 2386 2214 2454 γῇ
2245 2385 2483 2456 ὑμετέρᾳ
2507 2387 2768 2459 πλείστην
2802 2390 2951 2461 παρά
2979 2393 3106 2455 τοὺς
3134 2392 3354 2458 λοιποὺς
3381 2394 3651 2465 παρέχειν

2052 2477 2149 2548 τὴν
2183 2478 2441 2548 ἀφθονίαν
2475 2481 2582 2535 τῶν
2616 2483 2862 2554 καρπῶν.

2122 2571 2272 2642 Στίχ.
2306 2578 2492 2641 ιγ’-ις’.
2527 2603 2594 2613 -
2618 2571 2753 2629 Εἶτα
2783 2576 2875 2630 ἐπὶ
2909 2575 3037 2641 τοὺς
3074 2575 3307 2648 πρόσθεν
3351 2576 3648 2648 ἀνατρέχει

2056 2661 2277 2731 λόγους,
2330 2663 2406 2728 ὡς
2441 2664 2507 2719 ἂν
2549 2666 2827 2731 δυσσεϐεῖς
2881 2668 2976 2721 καὶ
3024 2668 3329 2740 μοχθηροὺς
3380 2669 3646 2740 δευτέρας

2057 2751 2224 2815 ἀξιῶν
2254 2753 2551 2820 νουθεσίας,
2598 2756 2691 2810 καὶ
2726 2756 2920 2826 φησιν’
2963 2774 2983 2809 ‹
3027 2757 3356 2829 Ἐϐαρύνατε
3402 2759 3491 2810 ἐπ’
3544 2758 3646 2829 ἐμὲ

2055 2842 2183 2906 τοὺς
2232 2843 2418 2912 λόγους
2459 2845 2652 2915 ὑμῶν,
2701 2846 2848 2915 λέγει
2892 2846 3095 2919 Κύριος
3149 2848 3583 2919 παντοκράτωρ·
3622 2867 3645 2901 ι

2058 2934 2352 3004 χαλεπαῖς,
2407 2938 2570 3007 φησὶ,
2618 2935 2907 3010 λοιδορίαις
2956 2940 3262 3010 ἐχρήσασθε
3303 2940 3425 2993 κατ’
3482 2939 3646 3011 ἐμοῦ.

2063 3042 2083 3074 ι
2117 3024 2225 3076 Καὶ
2263 3022 2479 3090 εἴπατε,
2517 3026 2605 3078 Ἐν
2649 3026 2756 3081 τίνι
2804 3027 3250 3100 κατελαλήσαμέν
3304 3045 3432 3096 σου;
3469 3047 3491 3082 ι
3528 3025 3649 3083 εἶτα

363 3118 493 3171 ergo
514 3120 583 3159 ne
604 3121 826 3161 sensum
852 3111 1069 3178 quidem
1108 3122 1274 3168 tanta:
1308 3114 1662 3186 blasphemiae
1689 3117 1932 3175 habetis?

2122 3114 2169 3168 se
2210 3115 2462 3187 αἴσθησιν
2492 3117 2591 3188 τῆς
2630 3118 2899 3188 τοσαύτης
2939 3119 3246 3191 λαμϐάνετε
3291 3121 3645 3193 δυσφημίας,

368 3192 578 3264 Ubique
616 3200 763 3254 enim
810 3194 897 3256 hic
942 3204 1204 3274 propheta
1261 3208 1487 3261 verbum
1547 3227 1567 3259 ι
1630 3210 1849 3266 dixistis
1919 3229 1932 3261 ι

2122 3204 2224 3258 ἱλου
2255 3206 2362 3277 γὰρ
2389 3210 2417 3260 ό
2445 3208 2732 3278 προφήτης
2772 3204 2926 3273 οὗτος
2960 3211 3021 3263 τὸ
3049 3229 3069 3263 ε
3104 3210 3295 3266 εἴπατε
3327 3232 3347 3266 ι
3370 3192 3645 3281 τέθεικεν,

364 3290 556 3372 ponit,
602 3293 759 3359 quasi
808 3293 945 3362 ipsis
987 3299 1327 3366 exprobrans
1384 3316 1603 3371 gravem
1659 3302 1932 3373 stupidita-

2122 3314 2237 3369 map
2277 3298 2551 3364 ὀνειδίζων
2595 3301 2777 3364 αὐτοῖς
2823 3301 3180 3374 ἀναισθησίαν
3243 3304 3468 3375 πολλὴν,
3526 3300 3650 3377 μεθ’

364 3364 507 3443 teut,
561 3398 667 3450 qua
714 3385 959 3454 improbe
1013 3364 1275 3458 agebant,
1321 3392 1531 3446 nullum
1583 3393 1661 3447 rei
1721 3409 1932 3450 sensurr

2141 3364 2406 3460 ἔπραττον
2434 3390 2501 3443 τά
2534 3390 2729 3455 ἄτοπα,
2764 3392 3020 3463 οὐδεμίαν
3040 3364 3148 3447 ’ἐπ’
3191 3395 3375 3460 αὐτοῖς
3400 3364 3649 3468 ’λαμϐά-

365 3473 663 3542 eapieutt-s,
714 3477 808 3531 sed
855 3479 929 3532 ita
972 3480 1026 3533 iu
1074 3486 1192 3535 suis
1243 3484 1483 3551 peccatis
1520 3494 1805 3543 versantes
1845 3502 1932 3542 eet

2122 3498 2236 3544 ντες
2258 3480 2528 3552 αἴσθησιν,
2554 3482 2667 3535 ἀλλ’
2690 3483 2863 3547 οὕτως
2884 3485 2978 3537 ἐπὶ
3004 3488 3117 3550 τοῖς
3144 3487 3508 3559 ἁμαρτήμασι
3533 3490 3650 3545 δια-

365 3564 413 3619 si
477 3581 582 3618 non
639 3582 898 3639 peccasse
946 3571 1346 3629 existimarent.
1400 3574 1525 3629 Mox
1570 3580 1734 3647 quale
1783 3578 1949 3634 fuerit

368 3663 651 3721 peccatum
687 3659 1026 3727 edisserens,
1061 3683 1079 3715 ε
1122 3662 1367 3729 Dixistis,
1395 3666 1592 3737 inquit,
1612 3668 1805 3724 inutile
1827 3684 1949 3725 esse

364 3745 477 3805 Deo
526 3749 752 3804 servire.
805 3771 824 3803 ι
875 3750 1060 3822 Neque
1108 3756 1253 3809 enim
1305 3757 1466 3812 nobis
1512 3758 1695 3829 aliqua
1742 3760 1949 3816 utilitas

363 3841 562 3895 accidit
609 3843 867 3898 mandata
910 3849 1260 3905 servantibus
1296 3869 1309 3905 :
1366 3867 1545 3921 neque
1594 3850 1766 3906 Deum
1807 3869 1950 3924 smpe

362 3932 791 3999 deprecantibus
820 3936 949 4006 boni
983 3939 1283 4009 quidquam
1316 3942 1571 3998 accessit.
1620 3941 1697 3996 Eo
1726 3943 1947 3999 demum

362 4028 473 4077 res
497 4033 697 4079 nostra:
727 4016 1035 4095 cesserunt,
1084 4040 1143 4085 ut
1184 4047 1286 4087 nos
1332 4034 1386 4087 in
1422 4036 1689 4104 angustiis
1722 4052 1950 4106 pressu.

362 4115 552 4184 risque
596 4116 939 4187 languentes,
985 4120 1173 4179 beatos
1223 4125 1361 4180 alios
1408 4127 1660 4183 dicamus
1688 4130 1781 4197 qui
1828 4131 1951 4184 nul-

364 4208 470 4260 lam
515 4206 715 4265 divinae
746 4212 1047 4285 voluntatis
1102 4216 1371 4285 rationem
1412 4219 1634 4285 habent,
1663 4222 1863 4291 quibus
1892 4222 1947 4278 in

359 4297 559 4353 melius
626 4315 716 4357 res
776 4304 1119 4373 procedunt,
1179 4323 1496 4378 quanquam
1560 4309 1673 4367 Deo
1730 4327 1951 4384 semper

360 4388 810 4459 adversantibus,
863 4408 893 4449 a
947 4412 1060 4467 quo
1104 4385 1285 4459 tamen
1335 4401 1473 4465 nihil
1514 4401 1824 4459 detrimenti
1852 4419 1947 4473 pa-

2051 3570 2324 3643 τιθέμενοι
2362 3576 2473 3636 τοῖς
2522 3573 2751 3642 ἑαυτῶν,
2798 3575 2875 3639 ὡς
2918 3576 3054 3648 μηδὲ
3104 3579 3442 3649 ἁμαρτάνειν
3487 3581 3647 3652 ἠγεῖ-

2054 3659 2197 3713 σθαι.
2241 3657 2376 3714 Εἶτα
2427 3661 2600 3730 λέγων
2643 3663 2707 3716 τὸ
2756 3664 3094 3735 ἁμάρτημα·
3125 3686 3143 3717 ι
3176 3666 3415 3734 Εἴπατε,
3454 3668 3646 3740 φησὶν,

2053 3752 2131 3814 ὡς
2166 3753 2442 3822 ἀνωφελὲς
2489 3752 2566 3825 τῷ
2609 3753 2730 3825 Θεῷ
2778 3754 3085 3810 δουλεύεινο
3124 3777 3143 3809 ι
3180 3758 3302 3812 οὐδὲ
3352 3760 3462 3831 γὰρ
3511 3763 3647 3832 ἡμῖν

2052 3848 2412 3919 προσεγένετό
2432 3866 2483 3902 τι
2512 3849 2703 3917 δφελος
2734 3850 3107 3921 ὲπιμεληθεῖσι
3132 3852 3233 3921 τῆς
3258 3853 3503 3923 φυλακῆς
3537 3853 3647 3909 τῶν

2053 3937 2185 4010 παρ’
2208 3938 2373 3993 αὐτοῦ
2396 3940 2885 4011 προστεταγμένων
2907 3957 2920 3971 ·
2959 3941 3072 3994 ἀλλ’
3101 3942 3222 3995 οὐδὲ
3245 3943 3521 4014 δεηθεῖσιν
3554 3944 3646 3998 αν)-

2051 4027 2146 4081 τοῦ
2164 4028 2444 4094 πολλάκις,
2462 4030 2612 4083 οὐδὲν
2634 4030 2843 4101 ὑπῆρξε
2865 4031 3024 4085 πλέον
3038 4051 3049 4064 ·
3072 4034 3286 4102 (p.569)
3311 4035 3644 4106 περιέστηκε

2055 4119 2112 4173 δὲ
2140 4120 2220 4183 είς
2245 4118 2403 4173 τοῦτο
2442 4119 2510 4173 τὰ
2546 4121 2868 4191 πράγματα,
2918 4121 3055 4175 ὥστε
3094 4124 3240 4194 ἡμᾶς
3277 4125 3376 4193 μὲν
3408 4120 3558 4177 εἶναι
3586 4127 3644 4179 ὲν

2052 4210 2319 4279 ἀνάγκαις
2347 4211 2442 4264 καὶ
2474 4210 2705 4280 θλίψεσι,
2740 4212 3064 4283 μακαρίζειν
3093 4213 3150 4267 δὲ
3177 4215 3417 4284 ἑτέρους,
3452 4215 3644 4275 οὐδένα

2052 4300 2159 4353 τῶν
2192 4300 2342 4372 αὑτῷ
2373 4301 2668 4356 δοκούντων
2708 4302 3107 4374 πεποιημένους
3137 4305 3316 4374 λόγον,
3346 4300 3430 4370 οἷς
3459 4307 3557 4360 ἐπὶ
3584 4308 3643 4361 τὸ

2054 4394 2300 4463 κρεῖττον
2344 4393 2630 4464 προϐαίνει
2669 4394 2740 4448 τὰ
2783 4396 3106 4467 πράγματα,
3145 4395 3507 4467 ἀνθεστηκόσι
3544 4400 3643 4469 μὲν

359 4480 594 4537 tiuntur.
628 4501 647 4534 ι
680 4482 806 4540 Haec
852 4487 1093 4543 oblocuti
1138 4498 1288 4554 sunt,
1331 4492 1425 4561 qui
1471 4492 1735 4549 timebant
1764 4494 1932 4550 Domi-

2124 4484 2202 4556 τῷ
2252 4485 2505 4551 πάντοτε,
2563 4485 2951 4558 βλαπτομένοις
2995 4488 3053 4541 δὲ
3092 4488 3245 4543 οὐδὲν
3296 4490 3363 4541 ὲκ
3422 4489 3639 4544 τούτου.

358 4587 527 4640 num,
576 4577 962 4648 unusquisque
1010 4580 1077 4635 ad
1122 4583 1429 4651 proximum
1493 4600 1676 4639 suum.
1741 4603 1760 4636 ι
1819 4583 1932 4641 llaec

2122 4576 2304 4631 Ταῦτα
2346 4577 2719 4648 κατελάλησαν
2774 4578 2826 4632 oi
2873 4578 3195 4650 φοϐούμενοι
3242 4579 3334 4633 τὸν
3392 4581 3639 4655 Κύριον,

357 4660 603 4729 quidem,
651 4663 851 4733 inquit,
905 4665 1048 4722 inter
1095 4662 1155 4724 se
1206 4669 1442 4726 invicem
1501 4671 1649 4743 loqui
1698 4688 1808 4727 non
1842 4674 1932 4728 du-

2122 4684 2280 4731 αστος
2312 4667 2450 4739 πρὸς
2489 4668 2581 4721 τὸν
2610 4669 2835 4739 πλησίον
2874 4669 3061 4726 αὐτοῦ.
3102 4689 3122 4722 ι
3155 4669 3340 4724 Ταῦτα
3364 4670 3451 4741 δὴ,
3483 4673 3639 4743 φησι,

354 4754 622 4820 bitarunt,
669 4757 764 4827 qui
805 4758 1139 4815 simulabant
1168 4775 1227 4816 se
1254 4776 1362 4831 pra:
1400 4764 1657 4833 omnibus
1686 4766 1932 4836 alienige-

2122 4759 2190 4823 ξδς
2217 4757 2479 4829 ἀλλήλους
2507 4759 2686 4829 λέγειν
2713 4760 2814 4814 οὐκ
2838 4760 3065 4827 ὤκνουν,
3095 4762 3146 4815 οἱ
3174 4762 3640 4835 προσποιούμενοι

356 4846 444 4899 nis
464 4847 715 4903 timerem
740 4864 917 4904 meum
950 4851 1206 4908 retinere.
1233 4853 1447 4928 Quibus
1472 4854 1611 4910 Deus
1632 4857 1932 4921 attendens1

2122 4850 2203 4920 :pdt
2251 4851 2456 4914 πάντας
2505 4852 2632 4915 τοὺς
2678 4850 2989 4922 ἀλλοτρίους
3019 4852 3112 4906 τὸν
3152 4854 3316 4931 φόϐον
3358 4852 3509 4923 ἔχειν
3550 4855 3642 4908 τόν

358 4938 677 4992 memoriam
715 4956 904 4995 eorum
937 4945 1195 5014 scriptam
1224 4947 1457 5017 posteris
1497 4948 1736 5017 reliquit,
1775 4948 1932 5018 387

2122 4941 2212 4994 όν·
2241 4936 2324 5004 οἷς
2355 4942 2745 5014 προσεσχηκὼς
2781 4945 2810 4995 ὁ
2853 4943 3004 5009 Θεὸς,
3044 4945 3103 4999 ὲν
3152 4947 3336 5017 γραφῇ
3364 4946 3466 5016 τὴν
3501 4948 3639 5018 μνή-

353 5039 454 5093 pro
465 5041 531 5080 eo
548 5037 792 5097 tempore
807 5048 913 5100 quo
926 5049 1114 5102 pinnas
1133 5039 1439 5105 persolvent
1458 5038 1507 5091 hi
1524 5038 1614 5107 qui
1636 5028 1932 5108 hujusinoiil

2122 5050 2165 5102 1v
2210 5031 2390 5086 αὐτῶν
2427 5035 2538 5095 τοῖς
2586 5032 2879 5103 μετέπειτα
2926 5034 3345 5099 καταλέλοιπεν,
3395 5038 3639 5109 ὁπηνίκα

355 5125 588 5170 utuntur
641 5123 1012 5189 sermonibus,
1062 5142 1233 5196 seque
1274 5130 1422 5183 omni
1452 5110 1646 5199 'gcneri
1686 5131 1932 5200 nequitia

2123 5141 2151 5177 ν
2192 5123 2425 5178 δώσουσι
2465 5124 2617 5189 δίκας
2664 5125 2714 5178 oi
2752 5129 2865 5190 τοῖς
2896 5126 3155 5190 τοιούτοις
3187 5128 3522 5198 κεχρημένοι
3552 5130 3638 5183 λό-

355 5204 644 5281 adalieunt.
686 5207 860 5263 Secus
901 5226 1049 5277 vero,
1096 5215 1231 5269 nihil
1286 5217 1415 5271 boni
1462 5234 1571 5271 non
1617 5219 1830 5272 eveniet
1869 5219 1932 5274 iis

2122 5235 2183 5279 ις,
2214 5218 2308 5270 καὶ
2348 5216 2485 5288 πρὸς
2521 5219 2630 5272 πᾶν
2663 5216 2802 5283 εἶδος
2832 5218 3181 5291 παρανομίας
3211 5221 3437 5284 ἑαυτοὺς
3478 5222 3633 5274 ἐκδε-

354 5294 450 5359 qui
497 5308 649 5349 meas
689 5311 819 5350 vere
865 5298 1012 5368 leges
1048 5303 1459 5374 observabuut;
1502 5324 1645 5376 quos
1679 5309 1932 5379 equidem

2122 5306 2307 5371 κότεςο
2344 5308 2627 5378 περιέσται
2669 5308 2724 5361 δὲ
2756 5310 2865 5363 πᾶν
2916 5309 2945 5363 ὅ
2982 5327 3033 5363 τι
3063 5310 3267 5377 ἀγαθὸν
3304 5314 3418 5374 τοῖς
3462 5313 3630 5373 ὅντως

358 5395 606 5450 tempore
652 5386 746 5439 illo
795 5405 906 5457 quo
940 5393 1111 5448 malos
1149 5399 1395 5464 puniam,
1433 5400 1775 5468 providentia
1814 5415 1932 5455 mea

2122 5400 2456 5472 ιμελομένοις
2494 5400 2602 5454 τῶν
2630 5401 2810 5470 νόμων
2843 5400 2951 5454 τῶν
2984 5400 3159 5471 ὲμῶν,
3190 5400 3285 5463 οὓς
3314 5419 3421 5472 περ
3448 5398 3542 5454 οὖν
3568 5403 3627 5453 ὲν

355 5474 677 5541 dignabor:
712 5477 791 5530 sic
834 5479 1094 5536 nimirum
1137 5485 1445 5553 declarans,
1491 5505 1550 5544 se
1588 5488 1688 5543 hos
1736 5487 1932 5543 habere

2122 5494 2242 5562 είνῳ
2267 5490 2346 5562 τῷ
2370 5490 2548 5563 καιρῷ
2570 5491 2692 5546 καθ’
2725 5492 2785 5545 ὃν
2812 5493 3197 5563 τιμωρήσομαι
3218 5492 3347 5555 τοὺς
3369 5492 3622 5561 φαύλους,

354 5568 411 5619 in
434 5582 657 5619 suorum
683 5574 1132 5631 necessariorium
1158 5596 1407 5645 numero,
1436 5594 1491 5639 et
1532 5586 1714 5640 omnia
1735 5584 1932 5655 optima

2122 5599 2145 5644 ς
2172 5582 2497 5652 κηδεμονίας
2537 5581 2754 5647 ἀξιώσω
2786 5582 2886 5652 τῆς
2931 5583 3101 5654 ἐμῆςθ
3135 5582 3310 5646 οὕτως
3337 5584 3536 5647 αὐτοὺς
3564 5584 3623 5636 ὲν

360 5653 469 5706 illis
536 5655 934 5713 retributurum
974 5679 989 5715 :
1039 5669 1499 5733 quemadmodum
1560 5653 1786 5742 aliquis
1818 5688 1932 5741 erga

2122 5673 2162 5733 ῖς
2200 5672 2548 5736 οἰκειοτάτοις
2577 5672 2719 5742 ἔχειν
2744 5671 3083 5742 αἱρούμενος,
3108 5674 3202 5727 καὶ
3232 5676 3339 5728 πᾶν
3360 5675 3390 5727 ὃ
3414 5692 3467 5728 τι
3496 5674 3622 5728 κάλ-

355 5744 642 5831 proprium
719 5750 887 5806 [ilium
954 5755 1283 5829 adiceretur,
1367 5766 1461 5833 qui
1528 5766 1756 5820 multum
1826 5764 1932 5820 sibi

2122 5778 2222 5824 [τον
2264 5763 2390 5834 περὶ
2422 5763 2616 5828 αὐτοὺς
2648 5763 2957 5834 δοκιμάζων
2987 5766 3193 5823 ποιεῖν’
3240 5767 3316 5831 ὡς
3366 5766 3436 5825 ἂν
3462 5768 3515 5822 εί
3539 5782 3617 5837 τις
