3804 6220
237 248 350 303 6‘29

1106 302 1109 305 .
1178 252 1726 314 COMMENTARIUS
1763 255 1834 313 IN
1872 256 2251 316 MALACHUE
2288 257 2441 315 CAP.
2478 258 2571 314 IV.

3350 210 3355 217 ’
3397 252 3500 311 σεο

241 389 310 423 πε
319 369 374 441 pl
392 369 509 423 υίὸν
531 369 724 424 ἑαυτοῦ
747 367 1040 441 διατεθείη,
1061 371 1262 442 πολλὴν
1281 370 1380 442 τήν
1407 370 1831 443 εὐγνωμοσύνην
1856 375 1903 433 Α

1932 386 2174 429 amorem
2228 364 2683 443 omnitempore
2742 364 3102 428 ostendisset.
3164 370 3373 427 Deinde
3414 371 3511 427 ad-

240 460 678 530 ἐπιδεδειγμένον
703 462 934 516 πάντοτε
961 479 1028 515 πε
1038 461 1091 533 ρὶ
1121 462 1305 516 αύτόν.
1339 458 1473 517 Εἶτα
1499 464 1715 533 ἐπάγει·

244 598 247 599 ν
314 552 462 622 Στίχ.
484 559 685 620 η’.·---«
717 554 827 606 Καὶ
853 553 1348 625 ἐπιστραφήσεσθε,
1367 555 1463 609 καὶ
1489 554 1685 625 ὄψεσθε
1717 556 1822 611 ἀνά

244 644 411 714 μέσον
432 643 670 709 δικαίου,
703 646 796 699 καὶ
820 646 923 700 ἀνά
952 647 1115 717 μέσον
1152 649 1376 720 ἀνόμου,
1406 652 1500 703 καὶ
1528 650 1630 704 ἀνὰ
1652 650 1821 721 μέσον

240 730 340 785 τοῦ
363 732 703 798 δουλεύοντος
729 735 869 805 Θεῷ,
890 735 986 790 καί⁸
1010 736 1114 790 ἀνά
1142 737 1306 809 μέσον
1329 736 1424 792 τοῦ
1451 738 1526 811 μὴ
1549 738 1819 792 δουλεύον-

240 840 334 887 τος
374 824 545 894 αύτῷ.
586 845 607 876 ι
642 826 774 879 Τότε
805 827 1014 898 φανερά
1045 829 1331 900 γενήσεται
1362 831 1396 901 ή
1421 830 1692 901 διάκρισις
1712 831 1821 885 τῶν

238 932 299 968 τε
329 915 572 981 δικαίων,
602 918 698 971 καὶ
732 918 840 971 τῶν
885 920 1241 991 παρανόμων,
1285 921 1379 975 καὶ
1410 921 1518 975 τῶν
1549 922 1820 976 δουλεύειν

238 1024 299 1060 τε
328 1009 740 1063 ἐσπουδακότων
765 1010 904 1082 Θεῷ,
937 1012 1033 1065 καὶ
1063 1010 1174 1067 τῶν
1207 1014 1410 1084 μηδένα
1435 1014 1626 1068 τούτου
1654 1017 1820 1068 ποιεί-

240 1097 365 1152 σθαι
390 1098 549 1167 λόγον
586 1098 898 1167 ἐθελόντων,
940 1102 1040 1172 τῆς
1068 1119 1130 1155 τε
1160 1104 1273 1167 τοῖς
1303 1106 1494 1169 κακοῖς
1537 1105 1820 1177 ἐπαγομέ-

236 1209 339 1261 νης
367 1192 454 1263 (p.
507 1192 647 1261 570)
698 1195 1001 1266 τιμωρίας,
1053 1196 1149 1250 καὶ
1195 1198 1305 1252 τῶν
1356 1201 1470 1262 τοῖς
1509 1199 1817 1270 εὐγνωμοσι

235 1284 667 1355 περιγινομένων
704 1285 947 1353 ἀγαθῶν,
990 1287 1082 1340 καὶ
1113 1287 1223 1341 τῶν
1262 1287 1432 1342 όντων
1462 1290 1646 1343 κακῶν
1672 1292 1817 1363 σαφῆ

235 1374 577 1444 ποιουμένων
614 1375 712 1446 τὴν
740 1376 1032 1446 διάκρισιν,
1061 1377 1169 1431 τῶν
1196 1394 1254 1431 τε
1276 1378 1448 1432 ὄντων
1475 1378 1696 1448 ἀγαθῶν
1724 1382 1819 1434 καὶ

232 1464 346 1516 τῶν
391 1464 560 1518 ὄντων
606 1466 820 1519 κακῶν·
869 1465 1017 1535 λέγει
1066 1466 1266 1521 δὲκαὶ
1293 1468 1465 1521 ταῦτα
1509 1468 1819 1535 ἀκολούθως

232 1556 349 1616 τοῖς
380 1554 614 1626 πρόσθεν
645 1555 901 1627 περὶτῶν
928 1557 1202 1627 ἐσομένων
1228 1557 1372 1612 κατά
1397 1558 1488 1612 τὸν
1518 1559 1628 1613 τῶν
1659 1561 1819 1615 Μακ-

231 1645 482 1699 καϐαίων
512 1647 724 1716 καιρὸν,
771 1647 859 1701 ὅτε
902 1648 967 1718 δὴ
1016 1648 1249 1718 μάλιστα
1286 1648 1596 1721 βαρυτάτην
1637 1652 1734 1722 μὲν
1766 1652 1816 1705 οἰ

1922 464 2005 518 dit
2037 480 2052 517 :

1997 573 2018 608 ι
2061 557 2128 610 Ει
2168 555 2590 621 convertemini,
2631 563 2687 610 et
2733 553 2973 611 cernetis
3023 553 3170 610 inter
3208 553 3420 623 justum
3453 562 3511 610 et

1921 643 2223 714 injustum;
2268 654 2323 699 et
2356 645 2499 699 inter
2533 643 2889 700 famulantem
2932 642 3068 710 Deo,
3099 651 3297 698 etnon
3328 644 3480 699 fama

1922 735 2124 791 laniem
2175 736 2375 791 eidem.
2416 753 2435 787 ι
2499 734 2657 790 Tunc
2709 733 3005 791 manifesta
3063 733 3157 789 ﬁet
3218 733 3507 790 distinctio

1917 826 2197 898 iustorum
2237 829 2306 883 ab
2334 828 2563 897 iniquis,
2589 835 2643 882 et
2672 842 2860 883 eorum
2896 827 2992 897 qui
3013 827 3225 882 servire
3249 826 3358 882 Deo
3380 835 3505 883 stu-

1922 919 2162 974 duerunt
2191 920 2260 973 ab
2291 918 2405 975 illis
2424 919 2519 988 qui
2547 918 2686 974 nihil
2714 919 2869 990 pensi
2894 919 2953 975 id
2974 920 3284 976 habuerunt
3313 937 3327 975 :
3371 919 3504 975 item

1923 1011 2065 1067 inter
2096 1009 2358 1065 inﬂictam
2389 1011 2652 1081 improbis
2689 1026 2928 1082 pennam,
2956 1019 3012 1067 et
3041 1011 3183 1068 inter
3206 1012 3348 1067 bona
3372 1027 3505 1081 pro-

1921 1101 2008 1156 bis
2034 1101 2310 1171 impertita
2342 1119 2356 1157 :
2390 1102 2616 1157 omnino
2642 1101 2905 1158 discretio
2936 1102 3041 1158 erit
3059 1101 3203 1158 inter
3222 1103 3417 1168 malos,
3446 1112 3504 1160 et

1923 1189 2069 1245 inter
2092 1191 2286 1246 bonos.
2322 1191 2412 1244 Ait
2442 1197 2625 1245 autem
2658 1191 2773 1245 haec
2807 1198 3178 1247 consentanee
3202 1190 3368 1246 dictis
3401 1206 3502 1247 an-

1921 1290 2007 1335 tea
2047 1279 2114 1336 de
2164 1283 2331 1336 rebus
2375 1289 2536 1337 aetate
2591 1281 3026 1337 Maccabworum
3078 1282 3329 1339 futuris:
3389 1298 3502 1355 quo

1921 1376 2167 1443 tempore
2204 1381 2478 1443 quotquot
2524 1372 2677 1427 fuere
2717 1373 2846 1427 mali
2891 1374 2947 1427 in
2993 1373 3198 1444 populo
3234 1375 3501 1445 gravissi-

1921 1478 2069 1517 mum
2104 1463 2254 1532 passi
2302 1469 2432 1517 sunt
2477 1462 2850 1532 supplicium;
2902 1462 3312 1532 maximumque
3334 1463 3499 1521 vicis-

1921 1552 2024 1606 sim
2060 1553 2208 1606 nacti
2244 1560 2373 1607 sunt
2402 1568 2432 1605 a
2463 1550 2573 1606 Deo
2594 1552 2856 1606 auxilium
2885 1551 2977 1621 qui
3009 1552 3233 1607 virtutis
3260 1561 3499 1609 sectato-

1920 1659 2010 1699 res
2057 1643 2299 1699 fuerunt.
2348 1645 2529 1711 Quare
2576 1645 2646 1699 ob
2699 1644 2975 1700 dictorum
3020 1644 3498 1702 conﬁrmationem

232 1738 398 1793 κακοὶ
428 1741 522 1792 τοῦ
551 1739 681 1794 λαοῦ
716 1740 816 1811 τὴν
844 1743 1117 1813 τιμωρίαν
1151 1742 1419 1809 ἐδέξαντο,
1459 1720 1722 1816 μεγίστης
1758 1744 1817 1798 δὲ
1850 1720 1891 1776 Β
1920 1751 1929 1792 1

1932 1738 2003 1794 sic
2035 1737 2392 1809 prosequitur
2431 1755 2446 1792 :

230 1829 292 1881 ἐν
322 1827 495 1884 ἅπασι
530 1832 625 1899 τῆς
668 1831 819 1895 θείας
858 1832 1047 1903 ἔτυχον
1095 1835 1268 1905 ῥοπῆς
1294 1835 1346 1887 οἱ
1386 1833 1480 1887 τοῦ
1509 1836 1820 1906 κρείττονος

230 1920 485 1989 ἐρασταί.
515 1920 675 1975 Ὅθεν
708 1923 788 1986 εἰς
815 1921 1107 1994 βεϐαίωσιν
1137 1922 1244 1978 τῶν
1269 1924 1573 1997 εἰρημένων
1597 1926 1815 1996 ἐπάγει·

844 2055 1095 2109 ΚΕΦΑΛ.
1127 2058 1201 2111 Δ’.

302 2185 456 2256 Στίχ.
479 2186 625 2258 ari-$2
647 2217 716 2231 —
742 2204 761 2240 ι
790 2188 914 2241 Ὅτι
953 2188 1061 2242 ἰδοὺ
1091 2188 1275 2260 ήμέρα
1305 2188 1525 2262 ἔρχεται
1548 2192 1817 2263 καιομένη

229 2275 309 2338 ὡς
338 2276 609 2341 κλίϐανος,
644 2278 740 2332 καὶ
776 2278 961 2347 φλέξει
987 2280 1185 2345 αὐτούς
1205 2298 1221 2315 ο
1257 2283 1352 2338 καὶ
1378 2283 1588 2337 ἔσονται
1618 2284 1817 2346 πάντες

230 2368 279 2418 οξ
308 2366 616 2434 ἀλλογενεῑς
634 2367 728 2420 καὶ
754 2368 954 2433 πάντες
967 2371 1020 2423 οἰ
1040 2372 1319 2437 ποιοῦντες
1344 2374 1539 2444 ἄνομα,
1569 2373 1811 2445 καλάμη·

231 2458 329 2514 καὶ
354 2457 551 2527 ἀνάψει
575 2458 768 2523 αὐτοὺς
794 2459 829 2529 ή
860 2460 1043 2532 ήμέρα
1063 2463 1097 2533 ή
1125 2463 1415 2535 ἐρχομένη,
1440 2464 1587 2533 λέγει
1610 2463 1814 2536 Κύριος

230 2548 652 2618 παντοκράτωρ·
686 2548 782 2600 καὶ
805 2548 866 2601 ού
900 2548 976 2621 μὴ
1011 2550 1307 2623 ὑπολειφθῇ
1333 2553 1513 2607 αὐτῶν
1546 2554 1673 2624 ῥίζα
1696 2554 1817 2608 οὐδὲ

230 2637 444 2708 κλῆμα.
478 2656 497 2688 ι
550 2637 639 2692 Ἐν
681 2639 873 2710 ἐκείνῳ
910 2640 1040 2713 γὰρ,
1085 2643 1240 2713 φησὶ,
1288 2642 1368 2714 τῷ
1393 2644 1572 2715 καιρῷ
1607 2644 1683 2707 ὼς
1716 2644 1821 2698 ὑπὸ

233 2730 371 2799 ’τευρί⁵
418 2728 812 2801 φλεχθήσονται
868 2731 920 2785 οἴ
952 2749 1011 2786 τε
1052 2732 1324 2805 ἀλλότριοι
1372 2736 1593 2800 πάντες,
1633 2735 1728 2789 καὶ
1770 2737 1819 2790 oi

228 2823 335 2892 τῆς
375 2822 606 2892 ἀνομίας
638 2824 868 2893 ἐργάται
914 2822 1166 2896 καλάμης
1202 2825 1360 2895 δίκην
1389 2825 1494 2879 ὑπὸ
1522 2828 1620 2897 τῆς
1652 2826 1821 2897 προσ-

232 2911 544 2983 πιπτούσης
573 2913 758 2976 αὐτοῖς
786 2911 1174 2983 ἀφανιζόμενοι
1220 2914 1491 2986 τιμωρίας
1511 2930 1525 2947 ·
1568 2916 1661 2969 καὶ
1691 2915 1822 2984 περὶ

2535 2054 2765 2111 CAPUT
2801 2054 2889 2111 IV.

1993 2190 2152 2246 Vens.
2174 2192 2224 2256 l,
2248 2190 2299 2244 2.
2317 2223 2385 2236 -
2405 2212 2421 2244 ι
2435 2191 2567 2257 Quia
2588 2210 2712 2249 ecce
2729 2196 2844 2252 dies
2861 2198 3009 2253 venit
3027 2198 3222 2255 ardens
3242 2198 3382 2258 sicut
3399 2202 3496 2258 cli-

1923 2282 2120 2348 banus,
2145 2290 2200 2338 et
2221 2285 2503 2339 coniburet
2528 2301 2639 2340 eos.
2669 2286 2947 2356 Eruntquc.
2972 2304 3161 2344 omnes
3184 2290 3498 2363 alienigenas

1924 2388 2220 2444 omnesque
2245 2384 2465 2445 agentes
2491 2376 2695 2445 iniqua,
2725 2377 2864 2433 sicut
2882 2380 3097 2449 stipula.
3120 2380 3187 2435 Et
3206 2382 3499 2437 suceendct

1929 2478 2024 2519 eos
2063 2464 2180 2519 dies
2233 2466 2479 2531 veniens,
2534 2466 2664 2522 dicit
2715 2468 2976 2525 Dominus
3021 2471 3398 2542 omnipotens;
3444 2484 3501 2530 et

1930 2569 2041 2609 non
2073 2556 2342 2623 supererit
2387 2557 2625 2627 illorum,
2658 2558 2807 2613 radix
2852 2570 2945 2615 aut
2991 2577 3195 2617 ramus.
3221 2582 3238 2615 ι
3269 2564 3385 2627 Illo,
3415 2564 3499 2618 in-

1920 2646 2063 2714 quit,
2093 2656 2344 2716 tempore
2382 2652 2646 2714 tanquam
2680 2644 2749 2697 ab
2780 2645 2906 2714 igne
2943 2644 3340 2699 comburentur
3364 2645 3503 2699 alic-

1919 2736 2132 2807 nigeme
2164 2750 2393 2803 omnes;
2435 2742 2491 2791 et
2525 2733 2786 2805 nequitiae
2816 2741 3136 2805 operatores
3164 2734 3378 2804 stipula:
3410 2735 3467 2789 in
3488 2761 3501 2776 -

1919 2834 2037 2882 star
2088 2841 2119 2880 a
2161 2824 2495 2895 corripiente
2541 2839 2638 2880 eos
2690 2839 2853 2895 paena
2899 2823 3275 2879 destruentur.
3325 2823 3391 2878 Et
3431 2825 3501 2882 de

1922 2915 2189 2986 improbis
2216 2914 2386 2986 388
2415 2914 2634 2984 quidem
2667 2914 2745 2969 ait
2778 2915 2913 2969 haec.
2954 2913 3031 2970 De
3069 2915 3344 2970 timoratis
3367 2930 3501 2969 vero

236 3005 341 3075 μὲν
390 3001 483 3059 οὖν
524 3005 651 3068 τοὺς
680 3005 883 3068 κακοὺς
919 3004 1094 3059 ταῦτά
1132 3020 1298 3074 φησι·
1339 3008 1451 3069 τοῖς
1499 3004 1559 3059 δὲ
1613 3005 1813 3075 φοϐου-
1844 3045 1890 3105 c
1922 3028 1929 3059 ι

1932 3007 2092 3077 quid?
2112 3025 2130 3059 ι
2159 3004 2228 3060 Ει
2250 3007 2457 3061 orietur
2470 3005 2626 3061 vobis
2645 3004 2966 3062 timentibus
2990 3020 3188 3062 nomen
3212 3021 3391 3061 meum
3420 3008 3501 3063 sol

237 3095 427 3165 μένοις
457 3094 511 3147 τί
535 3111 550 3160 ;
598 3114 615 3146 ι
663 3094 775 3147 Καὶ
802 3094 1049 3149 ἀνατελεῖ
1075 3095 1205 3165 ὑμῖν
1238 3098 1352 3159 τοῖς
1376 3095 1729 3169 φοϐουμένοις
1757 3096 1820 3150 τὸ
1850 3094 1890 3105 “’
1917 3100 1929 3169 j

1932 3098 2170 3165 iustitiae,
2200 3106 2256 3152 et
2286 3098 2493 3155 sanitas
2520 3098 2577 3152 in
2598 3097 2797 3168 pennis
2826 3097 2971 3167 ejus.
3012 3116 3031 3150 ι
3074 3094 3247 3154 Vobis
3275 3098 3497 3170 quidem

232 3188 409 3259 ὄνομά
439 3204 540 3258 μου
572 3189 722 3259 ἥλιος
745 3187 1111 3258 δικαιοσύνης,
1151 3189 1248 3243 καὶ
1274 3188 1416 3253 ἴασις
1449 3191 1507 3243 ἐν
1533 3192 1654 3254 ταῖς
1686 3188 1819 3244 πτέ-

236 3280 395 3350 ρυξιν
436 3279 622 3334 αὑτοῦ.
657 3296 676 3330 ι
745 3280 905 3350 Ὑμῖν
932 3280 989 3333 δὲ
1031 3279 1201 3351 πολλὴ
1234 3280 1333 3351 μὲν
1374 3281 1658 3352 περιέσται
1686 3282 1823 3353 λαμ-

234 3370 447 3439 πρότης
478 3370 701 3433 δικαίως
742 3369 872 3439 ὑμῖν
913 3369 1067 3441 παρά
1112 3368 1206 3422 τοῦ
1255 3367 1391 3422 Θεοῦ
1441 3370 1819 3441 χορηγουμένη

235 3460 382 3530 ὑπὲρ
439 3460 538 3529 τῆς
595 3460 675 3523 εἰς
719 3458 882 3513 αὑτὸν
939 3458 1186 3522 εὐνοίας·
1235 3458 1537 3525 ἀπαλλάξει
1573 3459 1629 3512 δὲ
1677 3459 1822 3529 ὑμᾶς

237 3551 445 3613 παντὸς
465 3550 658 3615 κακοῦ,
686 3552 874 3623 ὥσπερ
898 3552 1010 3605 τισὶ
1030 3550 1259 3623 πτέρυξι
1278 3552 1346 3621 τῇ
1374 3550 1673 3622 κηδεμονίᾳ
1699 3550 1822 3604 σκέι·

236 3661 362 3706 mir
389 3647 455 3715 τῇ
489 3645 665 3714 οἰκείᾳ
684 3660 698 3673 ·
733 3643 831 3713 (p.
866 3644 965 3698 571
993 3643 1011 3714 )
1040 3642 1134 3696 καὶ
1166 3641 1415 3705 διοίσετε,
1441 3641 1627 3711 φησὶν,
1670 3639 1824 3693 οὐδὲν

244 3735 564 3806 μοσχαρίων
594 3733 973 3788 ἀπολυθέντων
995 3750 1057 3786 τε
1077 3735 1142 3786 ἐκ
1168 3732 1383 3803 δεσμῶν
1410 3732 1505 3787 καὶ
1534 3729 1673 3801 μετά
1698 3728 1825 3783 πολ-

237 3827 342 3897 λῆς
373 3824 720 3897 σκιρτῶντων
746 3825 846 3896 τῆς
873 3824 1097 3895 ήδονῆς·
1125 3824 1431 3894 κρατήσετε
1458 3820 1569 3893 γὰρ
1591 3820 1685 3874 καὶ⁸
1716 3820 1824 3873 τῶν

242 3918 728 3989 παρανομούντων,
743 3916 791 3970 οἳ
818 3915 1007 3973 σποδοῦ
1031 3915 1188 3987 δίκην
1215 3914 1322 3968 ὑπὸ
1351 3916 1465 3979 τοῖς
1495 3914 1654 3967 ποσὶν
1677 3911 1825 3965 έσον-

238 4028 335 4066 ται
360 4014 474 4074 τοῖς
498 4011 805 4081 ὑμετέροις,
828 4007 969 4062 κατὰ
992 4007 1083 4061 τὸν
1105 4005 1294 4077 καιρὸν
1317 4007 1522 4060 ἐκεῖνον
1545 4004 1666 4058 ούδέ
1697 4004 1826 4074 μιᾶς

242 4103 565 4174 ἐπιμελείας
590 4103 625 4172 ἦ
656 4118 801 4164 τινος
828 4097 1141 4171 ἀξιούμενοι
1165 4097 1503 4170 διορθώσεως
1529 4096 1611 4150 ἔτι
1636 4111 1651 4127 ⁸
1676 4096 1823 4164 λέγει

241 4194 300 4247 Et
347 4192 550 4258 ταῦτα,
599 4190 673 4256 ὡς
702 4191 958 4256 πολλάκις
998 4191 1155 4261 ἐφην,
1194 4190 1288 4243 ἐπὶ
1328 4188 1421 4243 τοῦ
1450 4186 1641 4258 καιροῦ
1665 4203 1825 4257 γεγο-

242 4286 375 4339 νότα
414 4285 524 4338 τῶν
566 4284 960 4348 Μακκαϐαίων,
1001 4281 1234 4355 ὁπηνίκα
1263 4281 1363 4353 τὴν
1394 4278 1589 4334 ἑαυτοῦ
1645 4294 1825 4349 παρα-

1921 3190 2113 3255 niulta,
2146 3194 2205 3243 ut
2227 3203 2326 3258 par
2350 3195 2454 3253 est,
2471 3189 2647 3258 gloria
2668 3188 2797 3252 erit,
2831 3203 2862 3243 a
2888 3187 2999 3243 Deo
3018 3196 3243 3259 prepter
3259 3200 3498 3245 vestram

1920 3293 2049 3347 erga
2081 3290 2207 3332 eum
2252 3276 2686 3331 benevolentiam
2732 3291 3021 3334 concessa.
3072 3276 3211 3333 Tum
3260 3288 3315 3333 et
3351 3279 3502 3335 omni

1922 3370 2068 3423 malo
2107 3367 2383 3439 expediet.
2415 3368 2520 3422 alis
2546 3367 2715 3424 veluti
2752 3367 3104 3437 providentia
3146 3384 3247 3425 sua
3285 3377 3499 3440 tegens.

1921 3459 2178 3530 Nihilque
2236 3459 2505 3515 dill‘eretis
2566 3473 2599 3513 a
2658 3460 2847 3517 vitulis
2895 3461 2989 3531 qui
3045 3461 3282 3518 vinculis
3334 3462 3501 3518 soluti

1923 3554 2093 3606 multa
2157 3567 2282 3607 cum
2356 3552 2636 3622 voluptate
2711 3554 2993 3609 exsiliunt.
3076 3551 3502 3608 Dominabiinini

1922 3643 2086 3697 etiam
2121 3640 2348 3711 iniquis,
2377 3643 2471 3712 qui
2501 3641 2659 3712 quasi
2708 3641 2850 3697 cinis
2873 3642 3104 3712 pedibus
3132 3643 3333 3698 vestris
3368 3641 3502 3697 sub-

1922 3741 2105 3798 erunt,
2141 3734 2272 3803 quia
2319 3734 2413 3789 illo
2439 3741 2691 3804 tempore
2730 3748 2865 3787 cura
2902 3748 3024 3788 mea
3059 3734 3206 3788 nulla
3235 3733 3321 3788 vel
3350 3734 3498 3789 leva-

1924 3831 2109 3878 mento
2148 3823 2297 3895 digni
2336 3824 2706 3879 habebuntur.
2749 3822 2878 3879 Hzec
2909 3831 3090 3879 autem
3120 3825 3220 3888 ait,
3262 3831 3320 3879 ut
3357 3840 3502 3895 saepe

1924 3915 2059 3973 dixi.
2100 3916 2170 3971 de
2210 3916 2377 3971 rebus
2418 3931 2539 3985 quae
2570 3915 3000 3971 Maccabmorum
3035 3924 3282 3986 tempore
3318 3918 3499 3972 conti-

1924 4013 2144 4077 gerunt,
2174 4020 2299 4060 cum
2334 4021 2494 4061 suum
2541 4006 2791 4077 praebens
2820 4007 3084 4062 auxilium
3124 4005 3289 4072 Deus,
3326 4007 3503 4064 malos

1926 4111 2087 4168 poena
2134 4097 2425 4167 implicuit,
2472 4098 2526 4152 in
2561 4098 2763 4154 solatio
2798 4106 2981 4153 autem
3032 4105 3090 4153 et
3135 4098 3501 4169 prosperitate

1923 4203 2021 4245 eos
2052 4190 2342 4245 constituit
2388 4189 2481 4259 qui
2532 4189 2680 4259 leges
2720 4189 2896 4260 ipsius
2941 4190 3300 4259 protegebant
3341 4204 3356 4241 :
3403 4188 3500 4260 qui

1925 4291 2076 4336 certe
2107 4280 2441 4351 puniverunt
2472 4287 2636 4350 atque
2668 4279 3004 4335 domuerunt
3049 4280 3278 4335 omnino
3306 4278 3500 4336 adver-

244 4377 395 4449 σχὼν
436 4376 606 4449 ῥοπὴν
645 4375 676 4428 ό
704 4375 836 4439 Θεὸς
870 4375 1249 4445 ἐτιμωρήσατο
1290 4372 1389 4442 μὲν
1434 4372 1559 4434 τοὺς
1597 4369 1818 4431 κακοὺς,
1855 4376 1929 4432 Di

1932 4373 2102 4428 sarius
2121 4387 2276 4436 suos,
2296 4388 2405 4426 non
2421 4386 2489 4427 ex
2516 4371 2839 4442 alienigenis
2861 4378 3098 4436 tantum,
3121 4386 3312 4425 verum
3332 4372 3497 4426 etiam

241 4473 304 4523 ἐν
336 4468 519 4521 ἀνέσει
546 4467 603 4520 δέ
631 4467 727 4520 καὶ
751 4464 1025 4537 εὐπραγίᾳ
1043 4462 1346 4533 κατέστησε
1373 4461 1497 4526 τοὺς
1521 4459 1629 4514 τῶν
1655 4459 1822 4514 αὑτοῦ

242 4556 496 4627 νομίμων
548 4555 968 4626 ἀντεχομένους·
1025 4553 1077 4606 οἳ
1120 4552 1214 4605 καὶ
1270 4551 1680 4621 ἐτιμωρήσαντο
1728 4548 1824 4601 καὶ

242 4649 664 4719 κατεκράτησαν
691 4645 969 4709 παντελῶς
1000 4644 1109 4698 τῶν
1139 4642 1414 4706 ἐναντίων,
1448 4642 1509 4695 ού
1537 4641 1646 4693 τῶν
1672 4640 1825 4711 παρά

241 4744 356 4803 τοῖς
378 4739 677 4810 ἀλλοτρίοις
698 4738 879 4810 μόνον,
912 4736 1047 4791 ἀλλά
1078 4736 1186 4807 γάρ
1204 4734 1425 4789 καὶτῶν
1450 4733 1664 4787 οἰκείων
1683 4748 1697 4763 ·
1725 4730 1823 4797 ἀφ’

238 4827 324 4887 ὧν
355 4831 422 4902 δὴ
449 4832 544 4885 καὶ
579 4830 739 4900 δῆλον
762 4829 964 4884 ἅπασιν
994 4828 1208 4897 ἐγένετο
1228 4828 1350 4880 ὅσον
1373 4827 1493 4879 ἐστὶ
1527 4826 1589 4877 τὸ
1619 4823 1824 4894 μεταξὺ

242 4923 355 4976 τῶν
386 4939 448 4976 τε
488 4921 847 4976 δουλευόντων
890 4918 1029 4990 Θεῷ,
1075 4919 1171 4973 καὶ
1215 4917 1327 4971 τῶν
1376 4917 1636 4971 τάναντία
1689 4931 1827 4984 φρο-

242 5013 502 5077 νούντων,
525 5012 616 5081 ἀφ’
640 5004 714 5063 ὧν
738 5011 790 5064 οἰ
817 5010 914 5081 μὲν
944 5009 1253 5081 βαρυτάτην
1273 5007 1518 5071 ἐδέξαντο
1532 5006 1823 5077 τιμωρίαν,

242 5105 296 5157 οἱ
326 5104 383 5157 δέ
412 5105 470 5156 ἐν
510 5102 737 5174 εύθηνίᾳ
767 5118 830 5155 τε
859 5102 954 5155 καὶ
991 5101 1268 5172 εὐπραγίᾳ
1296 5101 1636 5169 κατέστησαν
1678 5097 1829 5151 πλεί-

1926 4480 1992 4520 ex
2028 4463 2394 4535 popularibus
2424 4463 2564 4519 suis.
2599 4462 2679 4518 Ex
2720 4478 2829 4534 quo
2858 4461 3074 4518 cunctis
3104 4462 3343 4517 innotuit
3367 4461 3499 4532 quid

1925 4553 2221 4608 interesset
2251 4553 2398 4606 inter
2423 4551 2533 4606 Deo
2560 4551 2885 4614 servientes,
2910 4558 2964 4606 et
2983 4551 3126 4605 inter
3155 4551 3498 4607 contrarium

1924 4652 2183 4716 agentes;
2242 4658 2350 4713 qua
2403 4641 2472 4698 de
2524 4656 2694 4697 causa
2742 4641 2796 4697 hi
2848 4641 3230 4711 gravissimam
3281 4655 3497 4711 pmnam

1924 4734 2288 4806 pertulerunt,
2333 4733 2411 4788 illi
2463 4742 2646 4788 autem
2678 4745 2971 4801 prosperos
3001 4745 3295 4787 successus
3329 4730 3502 4786 felici-

1924 4832 2204 4895 tatemque
2225 4824 2514 4894 plurimam
2537 4821 2686 4877 nacti
2710 4830 2857 4878 sunt.
2883 4819 2947 4874 Et
2972 4820 3255 4891 prophetia
3276 4821 3498 4890 quidem

1928 4913 2073 4969 beati
2098 4915 2292 4984 Angeli
2321 4914 2396 4967 ita
2419 4928 2479 4968 se
2492 4912 2715 4976 habuit,
2745 4925 2909 4982 quam
2943 4910 3012 4965 de
3036 4911 3200 4966 rebus
3230 4919 3342 4965 tum
3372 4919 3501 4966 aeta-

1928 5016 1983 5061 te
2014 5005 2131 5070 illa,
2164 5012 2281 5059 tum
2311 5004 2415 5060 sub
2438 5001 2783 5067 Maccabzeis,
2808 5001 2875 5057 ad
2909 5001 3187 5058 lsraelitas
3219 5003 3501 5072 pertinen-

1931 5098 2078 5152 tibus
2111 5095 2262 5150 fecit.

245 5212 373 5267 στῃ.
420 5197 485 5249 Ἡ
533 5196 631 5267 μὲν
668 5195 726 5250 δὲ
768 5196 907 5268 πρὸς
985 5194 1076 5248 τὸν
1148 5186 1277 5248 λαδν
1320 5192 1626 5265 προφητεία
1686 5190 1777 5245 τοῦ
1830 5190 2099 5262 μακαρίου
2148 5188 2402 5257 Ἀγγέλου
2441 5187 2627 5243 τοῦτον
2668 5186 2793 5257 ἔσχε
2845 5185 2936 5240 τὸν
3000 5184 3221 5257 τρόπον,
3267 5186 3335 5257 ἣν
3375 5189 3502 5255 περὶ

241 5293 355 5345 τῶν
385 5291 570 5355 αὐτοῖς
599 5291 983 5363 προσηκόντων
1011 5287 1155 5343 κατά
1177 5306 1238 5342 τε.
1256 5288 1348 5341 τὸν
1373 5287 1562 5359 καιρὸν
1591 5286 1815 5351 ἐκεῖνον,
1857 5286 2000 5340 κατά
2029 5302 2089 5337 τε
2123 5284 2215 5337 τὸν
2242 5283 2349 5337 τῶν
2376 5282 2747 5338 Μακκαϐαίων
2774 5281 3088 5351 ἐποιήσατο.

329 5383 555 5453 Ἐπειδὴ
616 5383 674 5437 δέ
726 5383 1032 5444 τελευταῖος
1072 5380 1245 5443 οὕτως
1287 5380 1505 5448 ἐγένετο
1548 5379 1830 5449 προφήτης

2006 5375 2146 5442 Quia
2212 5390 2345 5430 vero
2408 5381 2723 5443 postremus
2781 5371 2874 5428 hic
2917 5371 3163 5425 omnium
3208 5368 3504 5439 propheta-

243 5476 507 5530 ἁπάντων
554 5474 665 5528 τῶν
717 5477 906 5545 γραφῇ
955 5474 1055 5537 τὰς
1098 5471 1307 5528 ἐαυτῶν
1366 5470 1829 5542 παραδεδωκότων

1934 5483 2056 5522 rum
2109 5465 2234 5532 fuit,
2283 5465 2377 5536 qui
2408 5480 2538 5522 suas
2565 5465 2771 5535 scripto
2812 5463 3127 5535 prophetias
3151 5461 3502 5523 mandarunt,

244 5565 621 5636 προφητείας,
652 5564 830 5627 καλῶς
862 5564 1005 5633 ἔχειν
1038 5563 1281 5633 ἡγήσατο
1310 5560 1495 5614 λοιπὸν
1524 5558 1695 5624 δεῖξαι
1730 5558 1829 5630 μὲν

1936 5567 2083 5614 recte
2109 5576 2167 5615 se
2198 5558 2383 5613 facere
2421 5557 2693 5627 judicavit
2722 5552 3154 5612 demonstrando
3185 5553 3383 5608 deinde
3430 5552 3507 5605 lc-

242 5657 343 5711 τοῦ
382 5656 551 5724 νόμου
596 5656 694 5727 τὴν
740 5655 1055 5717 κατάλυσιν,
1100 5654 1270 5721 δεῖξαι
1312 5652 1368 5705 δὲ
1402 5652 1466 5707 τὰ
1498 5650 1632 5721 μετά
1672 5649 1830 5704 τοῦτο

1935 5652 2018 5725 gis
2046 5652 2436 5718 cessationem,
2466 5657 2519 5706 et
2547 5664 2667 5720 qua:
2698 5655 2887 5719 postea
2909 5640 3097 5704 essent
3113 5651 3502 5702 consecutura.
