3804 6220
312 262 425 320 θὸὶι

1496 249 1851 310 τηεοοοω
1877 249 2361 312 ιονευεετειιι

3470 251 3598 307 65%

316 400 338 435 ι
380 380 708 438 Μεωειιιοιο
733 377 874 451 legis
904 375 1108 449 Ionis
1139 375 1285 435 servi
1330 376 1461 443 mei,
1497 376 1644 433 sicut
1671 376 1722 433 ei
1749 391 1818 448 pr

2100 391 2264 449 μινα·
2311 375 2395 431 διό
2442 392 2578 448 φησι
2623 374 2805 449 (Στίχ-
2841 372 2957 445 ς’)·
3010 394 3036 433 ε
3078 375 3369 449 Μνήσθητι
3413 376 3602 449 νόμον

312 474 430 543 Ct-pi
467 473 521 527 in
561 471 781 527 Choreb
822 470 892 525 ad
939 469 1260 526 universum
1326 466 1580 524 lsraelem
1641 468 1901 523 mandata

312 571 366 616 et
386 560 837 632 justiﬁcationes.
874 558 939 612 Et
976 573 1109 615 ecce
1140 573 1243 629 ego
1272 558 1486 613 mittam
1530 555 1689 612 vobis
1724 554 1898 610 Eliam

312 651 655 717 Thesbiten],
701 660 831 707 ante
875 665 1043 721 quam
1087 649 1273 705 veniat
1306 648 1425 704 dies
1454 647 1674 703 Domini
1704 661 1901 719 magna

312 751 368 799 et
396 743 658 808 illustris,
694 743 787 813 qui
813 741 1194 798 recouciliahit
1219 755 1316 797 cor
1345 740 1519 812 patris
1541 756 1671 812 erga
1705 740 1899 805 filium,

313 843 369 891 et
395 850 495 891 cor
520 835 762 891 hominis
777 851 908 906 erga
933 834 1241 905 proximum
1263 848 1446 896 suum,
1471 849 1539 889 ne
1555 847 1655 905 ego
1676 833 1902 889 veniens

316 925 565 983 funditus
627 926 811 981 omnia
851 925 1176 996 percutiam.
1228 941 1248 975 ι
1303 922 1471 994 389
1509 921 1899 979 Verumtamen

313 1025 513 1090 praeter
539 1017 725 1074 omnia
753 1033 877 1087 qum
904 1016 1049 1072 dicta
1082 1014 1328 1081 fuerunt,
1370 1016 1477 1071 hoc
1497 1015 1653 1071 vobis
1678 1022 1900 1085 postre-

315 1125 464 1166 mum
497 1110 818 1166 mandatum
864 1109 1045 1175 trado,
1080 1117 1141 1164 ut
1180 1108 1319 1180 legis
1350 1122 1486 1163 mea:
1510 1121 1783 1164 memores
1825 1108 1902 1164 si-

315 1205 410 1269 tis,
441 1219 605 1274 quam
651 1219 747 1274 per
785 1201 1028 1275 Moysem
1078 1202 1343 1258 universo
1390 1200 1585 1257 lsraeli
1636 1199 1901 1271 imposui,

314 1311 656 1367 quaecunque
693 1294 764 1351 ab
809 1311 877 1351 eo
942 1294 1065 1350 ﬁeri
1122 1300 1403 1365 oporteret
1452 1292 1747 1348 manifeste
1785 1293 1905 1348 edi-

314 1404 471 1444 cens.
504 1386 597 1443 Sic
622 1402 753 1458 ergo
798 1387 854 1442 in
906 1387 1101 1458 primis
1150 1385 1477 1441 obedientia:
1510 1384 1714 1441 dabitis
1760 1383 1906 1438 indi-

314 1482 490 1547 cium,
512 1481 559 1536 si
586 1479 879 1535 Dominum
908 1480 1213 1535 venientem
1237 1477 1566 1548 exceperitis
1594 1476 1901 1541 Christum,

315 1571 411 1643 qui
443 1578 669 1642 propter
700 1572 948 1626 omnium
983 1570 1268 1625 hominum
1296 1569 1531 1626 salutem
1571 1568 1859 1639 apparebit
1886 1586 1900 1634 ;

317 1665 521 1736 quique
568 1664 669 1734 legi
712 1664 873 1719 finem
921 1663 1185 1732 imponet,
1238 1669 1294 1717 et
1338 1660 1726 1732 perfectionem
1772 1674 1901 1730 pro-

316 1756 493 1825 priam
525 1754 949 1809 demonstrabit.
982 1752 1238 1809 Profecto
1268 1752 1406 1807 bene
1436 1750 1632 1807 fuisset
1660 1765 1759 1805 vos
1789 1758 1901 1805 sta-

317 1847 438 1910 tim,
462 1854 515 1902 et
555 1845 607 1900 iu
638 1846 815 1915 primo
849 1845 970 1915 ejus
1008 1845 1246 1900 adventu
1287 1842 1533 1907 credere,
1558 1851 1721 1912 atque
1752 1842 1901 1897 hunc

318 1953 619 2009 agnoscere
644 1939 796 1992 illum
828 1953 954 1993 esse
1013 1951 1174 2006 quem
1204 1935 1420 2006 Moyses
1444 1934 1743 2005 cunctique
1773 1949 1899 2003 pro—

320 2027 496 2098 pheta:
530 2028 844 2091 innuerant,
884 2026 1044 2082 finem
1077 2024 1180 2095 legi
1212 2023 1628 2094 impositurum,
1663 2030 1717 2077 et
1746 2037 1903 2077 com-

318 2132 541 2172 munem
574 2117 817 2172 omnium
849 2117 1029 2186 palam
1057 2114 1377 2171 en‘ecturum
1409 2114 1682 2171 salutem:
1709 2128 1772 2168 ex
1792 2128 1904 2183 quo

318 2208 455 2264 illud
487 2224 713 2279 quoque
763 2208 1021 2264 omnibus
1074 2206 1428 2271 innotuisset,
1466 2206 1572 2261 hoc
1605 2220 1727 2261 esse
1754 2218 1903 2260 meo-

316 2299 516 2355 nomire
568 2300 737 2355 totius
794 2300 934 2369 legis
995 2306 1163 2369 caput
1212 2298 1623 2369 maximumque
1675 2297 1900 2363 bonum,

317 2404 513 2460 nempe
552 2397 611 2443 ut
651 2402 844 2447 omnes
893 2388 1143 2444 homines
1188 2389 1255 2443 ad
1280 2386 1562 2443 Christum
1608 2385 1901 2440 Dominum

317 2480 748 2545 adducerentur,
791 2481 888 2551 qui
932 2481 1071 2534 tanti
1096 2480 1229 2535 boni
1269 2481 1447 2549 gratia
1502 2486 1749 2549 tempore
1799 2493 1905 2533 suo

317 2573 655 2629 adventurus
686 2580 825 2627 erat.
870 2570 978 2628 Sed
1012 2574 1140 2641 quia
1175 2571 1433 2643 praesenti
1464 2570 1543 2624 illi
1567 2570 1902 2626 malevolen-

317 2666 452 2719 tiam
501 2672 739 2721 vestram
773 2664 1103 2728 ostendetis,
1156 2664 1357 2720 beatus
1399 2661 1468 2717 ad
1519 2676 1620 2717 vos
1658 2663 1905 2717 mittetur

319 2755 493 2820 Elias,
540 2762 669 2809 ante
708 2753 1013 2809 secundum
1061 2754 1270 2810 Christi
1334 2752 1550 2807 Domini
1607 2750 1904 2806 adventura

321 2846 416 2915 qui
451 2845 519 2901 de
545 2845 688 2900 caelo
716 2846 934 2901 futurus
963 2854 1068 2909 est,
1099 2854 1161 2900 ut
1190 2861 1287 2902 eos
1308 2845 1403 2916 qui
1430 2844 1714 2914 religionis
1739 2858 1906 2899 causa

323 2935 467 2990 inter
497 2950 557 2991 se
586 2934 859 2991 dissident
891 2936 1131 3004 copulet,
1160 2950 1262 2989 nec
1296 2950 1406 2989 non
1443 2941 1500 2987 ut
1524 2941 1780 3003 parentes
1807 2946 1906 3003 per

325 3024 503 3096 ipsius
528 3025 809 3096 religionis
833 3026 1083 3079 notitiam
1129 3025 1198 3080 ad
1222 3025 1578 3081 concordiam
1612 3038 1739 3078 cum
1772 3023 1905 3078 libe-

330 3117 413 3173 ris
443 3118 750 3188 pcrtrahat,
787 3117 1121 3175 dissidentes
1151 3128 1311 3175 antea
1334 3116 1583 3188 ejusdem
1619 3115 1904 3187 religionis

326 3222 493 3264 causa
522 3225 537 3262 :
562 3208 618 3262 in
650 3222 889 3271 summa,
920 3216 982 3263 ut
1005 3224 1198 3266 omnes
1229 3208 1482 3265 homines
1522 3222 1635 3262 uno
1676 3206 1906 3262 eodem-

325 3313 432 3370 que
455 3299 678 3354 vinculo
729 3299 1117 3371 constringat:
1166 3300 1243 3354 ita
1284 3308 1345 3353 ut
1379 3300 1475 3369 qui
1505 3305 1642 3354 tunc
1699 3297 1907 3353 inventi

324 3389 534 3446 fuerint
567 3389 883 3461 irreligiosi,
930 3391 1001 3445 ab
1046 3405 1115 3447 eo
1158 3391 1410 3445 notitiam
1444 3390 1697 3445 veritatis
1726 3387 1908 3444 susci-

323 3480 499 3550 piant,
541 3488 596 3535 et
620 3495 745 3536 cum
778 3480 1059 3552 religiosis
1103 3480 1368 3552 deinceps
1402 3480 1743 3551 conspirent.
1781 3478 1909 3533 Haec

324 3569 490 3626 faciet
525 3570 621 3640 qui
660 3571 908 3626 omnium
952 3572 1241 3627 hominum
1286 3571 1482 3628 salutis
1531 3585 1722 3626 curam
1766 3569 1908 3641 gerit

323 3660 503 3727 Deus;
535 3676 604 3717 ne
630 3660 773 3717 forte
808 3663 866 3717 in
897 3663 1176 3733 impietate
1200 3672 1636 3734 perseverantes,
1665 3669 1908 3717 tremen-

323 3752 454 3807 dum
481 3753 775 3808 adventum
804 3755 928 3823 eius
953 3756 1327 3825 experiantur,
1363 3754 1459 3826 qui
1492 3754 1562 3809 ad
1584 3768 1903 3825 supremum

323 3842 699 3912 improborum
728 3844 957 3901 exitium
990 3844 1101 3901 ﬁet.

2002 469 2176 539 Μωσῆ
2212 467 2310 524 τοῦ
2338 467 2522 523 δούλου
2559 485 2683 539 μου,
2714 468 2903 523 καθότι
2931 471 3285 539 ἐνετειλάμην
3311 472 3406 540 (p.
3438 470 3557 524 573
3582 473 3603 538 )

2003 560 2152 631 αύτῷ
2179 562 2241 615 έν
2283 561 2490 633 Χωρὴϐ
2549 562 2687 633 πρὸς
2733 562 2911 617 πάντα
2953 562 3045 616 τὸν
3086 560 3298 634 Ἰσραὴλ
3345 563 3605 634 προστά-

2001 669 2190 722 γματα
2214 652 2308 707 καὶ
2344 651 2709 724 δικαιώματα,
2734 656 2831 709 καὶ
2865 656 2974 710 ἰδοὺ
3006 656 3117 725 ἐγὼ
3141 657 3425 712 ἀποστελῶ
3452 657 3605 727 ὑμῖν

2014 743 2203 798 Ἠλίαν
2230 744 2322 798 τὸν
2349 744 2635 817 Θεσϐίτην,
2670 747 2803 818 πρὶν
2838 747 2871 818 ἢ
2906 747 3081 801 ἐλθεῖν
3099 748 3197 819 τὴν
3229 748 3441 819 ἡμέραν
3466 750 3605 802 Κυ-

2006 836 2121 906 ρίου
2168 836 2269 907 τὴν
2322 836 2567 909 μεγάλην
2613 838 2707 891 καὶ
2741 838 3017 909 ἐπιφανῆ,
3060 838 3119 902 ὃς
3143 839 3601 910 ἀποκαταστήσει

2003 931 2233 1003 καρδίαν
2278 931 2487 1002 πατρὸς
2522 930 2661 1003 πρὸς
2690 932 2825 999 υἰὸν,
2875 932 2972 986 καὶ
3017 932 3244 1003 καρδίαν
3293 931 3600 1003 ἀνθρώπου

2005 1022 2143 1094 πρὸς
2172 1021 2265 1075 τὸν
2293 1020 2521 1092 πλησίον
2560 1021 2747 1088 αὐτοῦ,
2786 1021 2863 1093 μὴ
2893 1021 3065 1077 ἐλθὼν
3092 1021 3317 1087 πατάξω
3346 1022 3444 1093 τὴν
3471 1021 3602 1090 γῆν

2003 1110 2195 1182 ἄρδην.
2234 1128 2255 1163 ι
2303 1109 2465 1167 ’Δλλά
2491 1111 2600 1183 γὰρ
2627 1110 2712 1181 ἐφ’
2737 1110 2910 1167 ἅπασι
2943 1115 3053 1176 τοῖς
3080 1113 3388 1186 εἰρημένοις
3418 1112 3603 1182 έσχάο

2003 1218 2104 1271 την
2134 1200 2340 1273 ταύτην
2373 1202 2503 1272 ὑμῖν
2529 1203 2877 1275 παραδίδωμι
2907 1204 3007 1275 τὴν
3035 1203 3275 1275 ἐντολὴν,
3314 1204 3380 1259 ἶν’
3418 1203 3600 1274 ἔχητε

2003 1292 2096 1347 τὸν
2122 1294 2286 1364 νόμον
2326 1295 2385 1349 έν
2424 1296 2617 1367 μνήμῃ
2645 1295 2740 1348 τὸν
2788 1295 2942 1365 ἐμὸν,
2989 1295 3050 1349 ὃν
3086 1295 3173 1349 διά
3195 1294 3292 1348 τοῦ
3338 1295 3603 1357 Μωσέως

2006 1385 2142 1457 πρὸς
2179 1386 2396 1439 ἅπαντα
2430 1384 2638 1439 δέδωκα
2678 1384 2770 1439 τὸν
2828 1385 3063 1457 Ἰσραὴλ,
3108 1386 3266 1440 ἀτινα
3318 1385 3601 1455 πράττειν

2006 1480 2203 1543 αὐτοὺς
2240 1477 2326 1547 ἐφ’
2352 1476 2570 1548 ἑκάστῳ
2597 1476 2725 1549 χρὴ,
2752 1478 2942 1547 σαφῶς
2974 1476 3237 1549 εἰρηκώς
3273 1476 3462 1546 ὥσπερ
3488 1472 3599 1530 οὖν

2006 1570 2244 1641 πρῶτον,
2284 1569 2380 1621 τοῦ
2418 1568 2702 1622 πείθεσθαι
2758 1567 3025 1640 παρέξετε
3054 1567 3359 1639 γνώρισμα,
3394 1566 3456 1620 τὺ
3492 1558 3601 1620 τὸν

2006 1663 2283 1734 Δεσπότην
2315 1661 2727 1732 παραγεγονότα
2751 1660 3010 1726 δέξασθαι
3034 1660 3286 1732 Χριστὸν,
3318 1659 3459 1731 ὑπὲρ
3487 1662 3601 1730 τῆς

2009 1753 2263 1806 ἁπάντων
2286 1748 2587 1819 ἀνθρώταυν
2614 1752 2948 1822 φανούμενον
2968 1751 3263 1823 σωτηρίας,
3295 1752 3352 1816 ὃς
3381 1752 3599 1805 παύσει

2010 1841 2108 1910 μὲν
2134 1841 2226 1894 τὸν
2243 1840 2425 1911 νόμον,
2451 1840 2678 1908 ἐκφανεῖ
2695 1839 2752 1892 δὲ
2776 1839 2875 1910 τὴν
2894 1840 3206 1911 τελειότητα
3232 1840 3329 1910 τὴν
3346 1840 3560 1894 οἰκείαν
3577 1854 3596 1870 ⁸

2007 1934 2145 2003 ὅπερ
2180 1928 2273 1986 οὖν
2302 1931 2485 1995 καλῶς
2514 1932 2613 2001 μὲν
2640 1927 2783 2001 εἶχεν
2813 1932 2959 2002 ὑμᾶς
2987 1930 3116 1984 εὐθὺ
3148 1931 3240 1985 καὶ
3265 1933 3407 1985 κατά
3436 1929 3603 2003 πρώ-

2008 2040 2106 2088 τας
2136 2023 2357 2093 φανέντι
2389 2022 2700 2089 πιστεῦσαι,
2732 2023 2825 2077 καὶ
2847 2023 3049 2093 γνῶναι
3080 2023 3268 2078 τοῦτον
3290 2024 3417 2078 ὄντα
3442 2025 3601 2077 ἐκεῖ·

2015 2128 2106 2164 νον
2152 2111 2211 2165 ὃν
2252 2112 2457 2181 Μωσῆς
2491 2130 2549 2166 τε
2585 2112 2681 2166 καὶ
2709 2113 2909 2176 πάντες
2940 2114 3170 2184 ἐμήνυον
3202 2115 3251 2167 οἰ
3282 2113 3597 2185 προφῆταιξ,

2007 2202 2164 2266 τέλος
2196 2202 2294 2272 μὲν
2317 2202 2651 2273 ἐπιθήσοντα
2682 2202 2762 2274 τῷ
2785 2204 2957 2275 νόμῳ,
2985 2204 3086 2275 τὴν
3116 2204 3299 2277 κοινὴν
3326 2204 3385 2258 δὲ
3416 2205 3601 2259 ἁπάν-

2008 2309 2117 2345 των
2160 2291 2549 2362 ὲκκαλύψοντα
2603 2294 2915 2366 σωτηρίαν
2942 2288 3106 2349 ὥστε
3159 2298 3379 2351 κάκεῖνο
3433 2296 3601 2366 δῆλον

2011 2383 2214 2437 ἀπασιν
2243 2383 2528 2451 γενέσθαι,
2555 2387 2635 2438 δτι
2658 2384 2725 2457 δή
2766 2384 2926 2439 τοῦτο
2965 2386 3147 2457 πάσης
3186 2388 3286 2458 τῆς
3323 2387 3463 2441 κατά
3498 2388 3599 2442 τὸν

2010 2473 2173 2544 νόμον
2208 2474 2519 2544 οἰκονομίας
2553 2475 2672 2528 ἐστὶ
2704 2475 2765 2530 τό
2799 2492 2858 2530 τε
2902 2477 3192 2546 κεφάλαιον
3221 2478 3315 2531 καὶ
3336 2478 3397 2531 τὺ
3431 2479 3599 2549 μέγι-

2013 2581 2136 2619 στον
2156 2565 2380 2634 ἀγαθὸν,
2402 2565 2464 2619 τὸ
2490 2566 2699 2630 πάντας
2719 2567 3036 2641 ἀνθρώπους
3067 2568 3147 2640 τῷ
3162 2569 3410 2641 Δεσπότῃ
3433 2587 3600 2640 προσ·

2011 2659 2236 2725 αγαγεῖν
2264 2657 2485 2729 Χριστῷ
2512 2659 2603 2712 ἐπὶ
2624 2661 2738 2723 τοῖς
2770 2660 3042 2724 τοσούτοις
3069 2661 3292 2730 ἀγαθοῖς
3325 2661 3470 2716 κατά
3502 2661 3599 2715 τὶν

2012 2748 2202 2818 καιρὸν
2237 2750 2552 2821 φανουμένῳ
2592 2750 2684 2804 τὸν
2735 2752 2962 2804 οἰκεῖον·
3016 2753 3199 2824 ἐπειδὴ
3249 2751 3307 2805 δὲ
3355 2753 3451 2806 καὶ
3501 2753 3600 2811 ἐπὶ

2010 2839 2109 2909 τῆς
2141 2840 2350 2893 ἐκείνου
2390 2841 2608 2906 δείξεως
2629 2842 2730 2914 τὴν
2757 2844 3148 2914 ἀγνωμοσύνην
3174 2844 3469 2908 ἐπιδείξετε
3494 2844 3602 2915 τὴν

2012 2931 2240 2996 οἰκείαν,
2276 2932 2366 3005 (p.
2402 2934 2545 3004 575)
2595 2934 2782 2997 Ἠλίας
2814 2935 3250 3005 ἀποσταλήσεται
3282 2934 3420 3006 πρὸς
3449 2934 3602 3004 ὑμᾶς

2011 3023 2041 3074 ὁ
2072 3024 2363 3093 μακάριος,
2390 3025 2495 3096 πρὸ
2522 3025 2622 3094 τῆς
2652 3023 2910 3096 δευτέρας
2930 3024 3023 3078 τοῦ
3054 3024 3321 3077 Δεσπότου
3353 3024 3600 3095 Χριστοῦ

2013 3114 2336 3185 παρουσίας,
2376 3117 2443 3185 ἢν
2480 3117 2573 3169 ἀπ’
2612 3115 2858 3187 οὐρανῶν
2910 3118 3227 3188 ποιήσεται’
3276 3116 3416 3172 ὥστε
3467 3118 3600 3181 τοὺς

2013 3206 2103 3259 διὰ
2132 3206 2233 3277 τὴν
2282 3205 2566 3260 εὐσέϐειαν
2599 3206 2737 3277 πρὸς
2780 3206 3041 3277 ἀλλήλους
3072 3207 3437 3279 διῃρημένους
3474 3225 3602 3263 συνυ

2014 3296 2172 3366 ἀψαι,
2215 3297 2309 3351 καί
2341 3297 2406 3368 δὴ
2455 3298 2548 3351 καὶ
2596 3296 2838 3369 πατέρας
2864 3297 2957 3350 διά
3004 3297 3103 3369 τῆς
3143 3297 3282 3351 κατά
3313 3297 3414 3368 τὴν
3440 3298 3600 3354 εὐσέ-

2015 3388 2169 3442 ϐειαν
2213 3388 2560 3457 ἐπιγνώσεως
2598 3391 2678 3452 εἰς
2711 3388 2810 3459 τὴν
2832 3389 2942 3442 τῶν
2968 3389 3172 3442 τέκνων
3205 3390 3432 3458 ἀγαγεῖν
3455 3390 3594 3461 ὀμό-

2016 3495 2185 3546 νοιαν,
2219 3479 2578 3551 διῃρημένους
2607 3479 2871 3551 πρότερον
2913 3481 2979 3532 ὲκ
3008 3479 3107 3549 τῆς
3141 3479 3283 3533 κατά
3313 3479 3411 3549 τὴν
3436 3478 3601 3532 εὐσέ-

2016 3571 2166 3625 ϐειαν
2189 3572 2367 3636 αἰτίας
2387 3587 2401 3602 ·
2442 3572 2649 3635 πάντας
2681 3588 2739 3625 τε
2772 3569 3089 3640 ἀνθρώπους
3112 3570 3394 3640 συντόμως
3420 3572 3602 3626 εἰπεῖν

2014 3664 2096 3726 είς
2125 3664 2255 3734 μίαν
2296 3663 2391 3717 καὶ
2428 3664 2526 3734 τὴν
2558 3662 2727 3733 αὐτὴν
2754 3662 3096 3732 καταστῆσαι
3124 3662 3419 3731 συνάφειαν
3437 3677 3452 3693 ·
3481 3663 3603 3718 τῶν

2014 3756 2073 3808 ὲν
2115 3753 2341 3825 ἀσεϐείᾳ
2376 3753 2499 3807 τότε
2547 3750 3137 3823 καταλαμϐανομένων,
3160 3751 3466 3822 δεχομένων
3491 3753 3598 3822 μὲν

2012 3847 2141 3916 παρ’
2190 3844 2353 3898 αὑτοῦ
2391 3844 2490 3915 τὴν
2528 3844 2629 3913 τῆς
2661 3842 2920 3914 ἀληθείας
2958 3843 3273 3912 ἐπίγνωσιν,
3314 3842 3596 3913 ἐχομένων

322 3931 380 3985 δὲ
410 3938 506 3988 καὶ
540 3936 640 4004 τὴν
677 3936 926 3990 ἐντεῦθεν
999 3938 1141 4009 πρὸς
1183 3939 1310 4003 τοὺς
1353 3939 1600 4001 εὐσεϐεῖς
1667 3937 1981 3993 κοινωνίαν·
2018 3937 2190 3991 ταῦτα
2224 3938 2280 3990 δὲ
2330 3939 2613 4009 ποιήσεται
2654 3937 2752 4008 τῆς
2801 3938 3053 3991 ἀπάντων
3089 3933 3392 4007 ἀνθρώπων
3430 3952 3596 4004 φρον-

323 4024 488 4088 τίζων
526 4027 794 4097 σωτηρίας
825 4029 854 4081 ὁ
885 4028 1016 4093 Θεός
1036 4045 1050 4061 ο
1081 4029 1156 4094 ὡς
1184 4031 1250 4084 ἂν
1289 4031 1364 4101 μὴ
1390 4032 1644 4101 μένοντες
1674 4033 1768 4085 ἐπὶ
1800 4035 1899 4103 τῆς
1938 4031 2212 4101 ἀσεϐείας,
2242 4032 2477 4103 φοϐερᾶς
2506 4031 2672 4087 αὐτοῦ
2695 4031 2798 4102 τῆς
2863 4029 3164 4101 παρουσίας
3226 4026 3594 4102 πιραθῶσιν,

326 4118 419 4173 ιπὶ
444 4118 730 4192 ἀφανισμῷ
762 4123 1015 4177 παντελεῖ
1039 4124 1148 4179 τῶν
1177 4126 1465 4197 μοχθηρῶν
1490 4126 1803 4200 γινομένης.
