3804 6220
1329 302 1760 362 FRAGMENTA
1799 301 1865 357 IN
1924 299 2238 357 GENESIN.

3293 279 3401 355 est

173 457 2312 500 Μ

616 650 1552 765 τεκοῦσαι
1663 645 2946 760 MOPSUESTENI

318 911 1200 1029 FRAGMENTA
1260 911 1408 1028 IN
1492 906 1972 1030 VETUS
2034 904 3160 1025 TESTAMENTUM.

1404 1349 1530 1439 IN
1607 1348 2165 1439 GENESIN.

594 1537 680 1594 Ea:
733 1538 960 1595 concilio
1015 1538 1606 1608 Constantinopolitano
1643 1539 1771 1592 anni
1829 1538 1954 1603 553,
1989 1538 2193 1592 actione
2224 1536 2310 1603 IV,
2342 1553 2484 1590 num.
2516 1532 2794 1603 LVII—LX,
2833 1535 2994 1590 LXII.

169 1877 428 1948 Ejusdem
483 1877 746 1954 Tlieodori
797 1895 862 1934 ex
911 1879 1044 1954 libro
1086 1881 1272 1951 quinto
1333 1888 1625 1954 commenta
1684 1880 1747 1933 de
1779 1898 1820 1954 Α
1852 1893 2037 1937 autem
2093 1883 2186 1953 qui
2234 1885 2456 1940 futurus
2487 1892 2593 1950 est,
2641 1899 2765 1940 cum
2796 1900 3072 1944 renovans
3109 1887 3290 1944 omnia
3351 1890 3418 1946 ad

238 1961 509 2087 Freattiira,
539 1951 594 2003 in
637 1950 824 2020 quibus
853 1960 903 2003 et
957 1950 1104 2005 bona
1142 1962 1192 2005 et
1248 1951 1392 2005 mala
1421 1969 1454 2004 a
1479 1950 1587 2005 Deo
1634 1967 1746 2005 esse

267 2030 391 2072 acta
448 2023 557 2072 icit.

267 2030 391 2072 acta
409 2023 557 2072 dicit.

242 2131 356 2188 Nec
393 2133 559 2202 igitur
581 2143 812 2189 mortem
844 2149 953 2189 non
978 2144 1175 2205 sponte
1191 2145 1244 2191 et
1263 2145 1457 2206 praeter
1476 2135 1747 2206 judicium

175 2240 338 2278 suum
371 2224 556 2278 intulit
579 2225 918 2292 hominibus,
951 2243 1130 2298 neque
1157 2237 1383 2299 peccato
1421 2228 1627 2282 aditum
1682 2210 1766 2281 ad

171 2317 383 2372 nullam
417 2317 705 2371 utilitatem
746 2318 934 2385 dedit;
993 2335 1094 2374 nec
1154 2319 1297 2374 enim
1360 2319 1462 2372 hoc
1502 2319 1616 2373 fieri
1648 2333 1751 2371 no-

176 2409 299 2462 lens
343 2422 452 2460 non
493 2414 744 2477 poterat:
786 2409 880 2462 sed
917 2408 1178 2477 quoniam
1234 2407 1443 2462 sciebat
1475 2407 1606 2462 utile
1630 2420 1752 2461 esse

175 2499 362 2562 nobis,
397 2500 568 2569 magis
596 2508 779 2554 autem
819 2500 1077 2555 omnibus
1117 2500 1563 2563 rationabilibus,
1600 2499 1753 2568 prius

174 2591 399 2660 quidem
429 2592 694 2644 inalorum
728 2599 782 2645 et
810 2591 1144 2646 deteriorum
1178 2591 1295 2646 fieri
1326 2593 1555 2659 aditum,
1605 2598 1756 2660 post-

171 2697 243 2737 ea
309 2691 493 2737 autem
547 2681 721 2737 deleri
763 2682 984 2753 quidem
1041 2683 1174 2747 hanc,
1234 2683 1509 2737 introduci
1571 2689 1754 2736 autem

174 2770 453 2826 meliora:
496 2771 618 2824 ideo
653 2772 709 2824 in
747 2771 886 2824 duos
912 2778 1091 2825 status
1127 2771 1313 2826 divisit
1356 2770 1499 2826 Deus
1536 2776 1755 2824 creatu-

175 2875 324 2922 ram,
359 2867 682 2929 praisentem
716 2869 772 2915 et
824 2859 1107 2928 futurum;
1165 2861 1222 2916 in
1260 2862 1357 2916 illo
1409 2861 1628 2930 quidem
1686 2859 1755 2913 ad

180 2951 651 3007 imumrtalitatem
690 2960 744 3006 et
779 2951 1281 3008 immutabilitatem
1335 2953 1521 3006 omnia
1551 2952 1757 3006 ductu-

181 3059 302 3107 rus,
337 3044 392 3096 in
433 3044 685 3112 praesenti
713 3057 842 3098 vero
873 3051 1127 3099 creatura
1163 3045 1217 3099 in
1263 3051 1493 3098 mortem
1557 3052 1611 3098 et
1647 3059 1760 3096 mu-

184 3136 516 3190 tabilitatem
547 3136 766 3189 interim
794 3151 895 3191 nos
933 3135 1242 3192 dimittens.
1300 3135 1430 3191 Nam
1462 3137 1508 3192 si
1534 3135 1757 3206 quidem

1850 1974 2354 2029 immutabilitatem
2419 1974 2749 2031 transferet:
2805 1991 3037 2046 quorum
3092 1979 3418 2049 principium

1849 2068 2008 2122 nobis
2042 2067 2283 2122 ostendit
2317 2067 2372 2120 in
2437 2067 2854 2138 dispensatione
2916 2069 3131 2124 Domini
3189 2071 3419 2136 Christi,

1850 2175 2011 2230 quem
2037 2175 2103 2214 ex
2137 2159 2295 2214 nobis
2349 2160 2706 2215 exsistentem
2771 2162 3120 2216 resuscitavit
3173 2177 3240 2217 ex
3275 2179 3421 2217 mor-

1853 2251 1984 2316 tuis,
2015 2258 2069 2304 et
2096 2250 2460 2306 immortalem
2497 2265 2751 2321 corpore,
2783 2261 2838 2306 et
2867 2252 3260 2308 immutabilem
3289 2254 3421 2308 fecit

1853 2342 2089 2396 animam
2128 2340 2279 2412 Hart.
2334 2341 2578 2414 anima]:
2644 2358 2740 2412 per
2797 2344 2942 2412 quod
3002 2343 3420 2409 demonstravit,

1853 2434 1982 2505 quia
2010 2433 2160 2489 circa
2194 2434 2508 2490 universam
2544 2440 2860 2491 creaturam
2886 2435 2991 2490 hoc
3022 2434 3266 2491 futurum
3311 2446 3418 2492 est.

2066 2569 2322 2640 Ejusdem
2353 2587 2418 2626 ea:
2450 2581 2639 2642 quarto
2682 2571 2818 2626 libro
2855 2571 2919 2627 de
2946 2581 3211 2628 creatura.

1927 2701 2024 2757 Illo
2063 2711 2214 2758 certo
2241 2705 2565 2768 constituto,
2611 2704 2759 2775 quod
2808 2707 3272 2775 quemadmodum
3323 2721 3426 2767 no-

1856 2793 1943 2850 bis
1972 2811 2067 2864 per
2099 2797 2563 2853 resurrectionem
2595 2805 2651 2852 et
2687 2812 2891 2868 corpus
2937 2800 3317 2871 incorruptum
3374 2810 3431 2856 et

1857 2884 2218 2941 immutabilis
2245 2888 2428 2941 anima
2459 2889 2586 2953 erit,
2644 2888 2836 2943 eodem
2869 2889 3031 2944 modo
3069 2898 3123 2945 et
3174 2891 3431 2947 invisibi-

1859 2977 2007 3031 libus
2047 2983 2100 3030 et
2131 2978 2554 3033 rationabilibus
2611 2980 2829 3034 naturis
2865 2979 3262 3036 immutabilem
3310 2997 3427 3038 me-

1860 3069 1972 3123 reri
1995 3069 2289 3139 contingit,
2317 3084 2464 3123 nunc
2491 3069 2714 3140 quidem
2750 3071 3148 3140 accipientibus
3203 3086 3434 3127 conver-

1862 3162 2094 3226 sionem,
2137 3162 2281 3217 sicut
2305 3177 2463 3217 versa
2501 3163 2781 3218 multoties
2813 3162 3006 3218 decem
3037 3165 3202 3218 millia
3233 3164 3435 3219 daemo-

183 3229 378 3282 statim
413 3227 484 3281 ab
516 3227 674 3281 initio
726 3228 1061 3284 immortales
1095 3244 1196 3284 nos
1234 3228 1500 3284 fcceritet
1557 3229 1756 3283 immu-
1787 3234 1830 3288 B
1865 3267 1996 3306 "um
2049 3251 2368 3317 ostendunt,
2407 3262 2538 3308 ωηο
2578 3261 2760 3309 autem
2826 3253 2882 3308 in
2937 3254 3434 3312 immutabilium“,

183 3318 406 3382 labiles,
444 3318 650 3372 nullam
679 3318 1038 3374 diﬂ'ercntiam
1074 3319 1140 3373 ad
1161 3320 1555 3374 irrationabilia
1592 3321 1758 3375 habe-

182 3423 405 3473 remus,
461 3410 742 3479 proprium
798 3411 1106 3466 nescientes
1157 3411 1381 3465 bonum.
1437 3412 1757 3482 Ignorantes

184 3503 333 3556 enim
395 3502 834 3566 mutabilitatem,
871 3503 1331 3558 immutabilitatis
1364 3503 1758 3574 ignorabamus

186 3589 398 3643 bonum
425 3607 437 3641 :
467 3590 774 3644 nescientes
792 3601 1046 3654 mortem,
1081 3589 1511 3644 immortalitatis
1543 3590 1759 3644 lucrum

187 3680 614 3735 neSciebamus:
654 3680 967 3751 ignorantes
998 3681 1432 3751 corruptionem,
1479 3697 1588 3735 non
1645 3681 1762 3734 lau-

188 3767 463 3824 dabamus
524 3769 991 3840 incorruptionem
1031 3790 1043 3825 :
1086 3771 1395 3827 nescientes
1446 3773 1762 3842 passionum

189 3875 510 3931 gravainen,
547 3860 1044 3930 impassibilitatem
1065 3877 1174 3916 non
1207 3863 1566 3916 mirabamur.
1602 3862 1764 3916 Com-

190 3952 461 4022 pendiose
489 3952 693 4017 dicere,
721 3969 790 4009 ne
820 3954 1044 4024 longum
1075 3969 1384 4010 sermonem
1414 3955 1643 4008 faciam:
1669 3969 1767 4008 ne-

191 4046 437 4100 scientes
468 4045 740 4099 rinalorum
781 4047 1236 4117 experimentum,
1302 4047 1576 4101 bonorum
1641 4045 1766 4100 illo-

193 4150 318 4191 rum
355 4151 466 4190 non
501 4148 814 4206 poteramus
847 4138 1134 4193 scientiam
1168 4137 1388 4193 mereri.

195 4266 453 4338 Ejusdem
482 4267 545 4322 de
569 4267 778 4331 iisdem,
826 4278 876 4322 et
908 4269 1140 4340 angelos,
1175 4279 1224 4325 et
1258 4270 1512 4338 homines,
1568 4281 1618 4327 et
1662 4271 1771 4327 dce-

411 4355 589 4392 mones
617 4340 865 4392 similiter
891 4344 1057 4395 malos
1083 4356 1195 4395 esse
1225 4342 1470 4396 dicentis.

264 4452 504 4508 Necesse
556 4460 644 4510 est
698 4461 907 4520 autem,
971 4456 1156 4509 omnia
1193 4455 1358 4510 simul
1396 4456 1768 4522 rationabilia,

194 4544 502 4600 invisibilia
529 4544 678 4610 dico,

196 4637 323 4692 dem
362 4643 450 4691 est
510 4651 736 4707 corpus,
793 4638 976 4692 anima
1028 4647 1214 4694 autem
1254 4654 1352 4710 per
1392 4641 1576 4694 omnia
1628 4639 1776 4708 ejus-

197 4727 324 4782 dem
351 4729 382 4763 ⁸
411 4727 786 4786 invisibiiibus
817 4737 874 4785 et
902 4730 1267 4785 rationalibus
1303 4729 1654 4796 substantiis,
1686 4729 1776 4784 hic

198 4817 428 4890 quidem
459 4827 784 4889 prtesentem
844 4820 1272 4876 mutabilitatem
1307 4822 1441 4891 pati,
1471 4827 1533 4875 ut
1569 4820 1774 4890 optima

200 4911 525 4968 erudiamur
552 4911 802 4968 doctrina
821 4912 1228 4984 religiositatis,
1260 4919 1316 4968 et
1339 4912 1407 4967 ad
1447 4912 1775 4968 benevolen-

201 5002 338 5058 tiam
367 5005 789 5060 eonstituamur.

204 5138 460 5208 Ejusdem
517 5142 865 5196 interimentis
923 5141 1209 5210 judicium,
1255 5149 1305 5194 et
1352 5141 1573 5195 dicentis
1637 5143 1774 5210 quod

274 5211 562 5264 mutabilia
583 5223 630 5265 et
666 5213 919 5265 mortalia
939 5213 1118 5265 onmia
1147 5211 1292 5279 facta
1329 5222 1470 5274 sunt,
1505 5221 1552 5264 et
1586 5211 1777 5264 iterum

273 5283 458 5334 omnia
520 5281 878 5336 inmutabilia
927 5291 982 5336 et
1043 5281 1375 5334 immortalia
1432 5282 1613 5334 statim
1660 5290 1778 5346 post

278 5353 721 5476 Eelsurrectionem
795 5363 947 5406 erunt
1017 5351 1304 5406 secundant
1374 5350 1777 5405 similitudinem

340 5424 505 5476 tristi.

340 5424 505 5477 iristi.

277 5555 434 5623 Quod
472 5557 695 5626 quidem
747 5557 957 5627 placuit
1013 5558 1162 5623 Deo,
1198 5556 1305 5612 lioc
1360 5562 1500 5620 erat,
1531 5553 1587 5608 in
1640 5553 1780 5610 duos

209 5656 388 5702 status
441 5649 690 5704 dividere
749 5659 1116 5704 creaturam:
1183 5663 1349 5702 unum
1405 5646 1626 5716 quidem
1687 5648 1782 5715 qui

212 5751 457 5807 praesens
495 5749 597 5806 est,
631 5740 686 5795 in
715 5739 1122 5812 quomutabilia
1152 5739 1331 5794 omnia
1357 5737 1518 5810 fecit;
1546 5727 1780 5796 alterum

1863 3344 2152 3399 nobiscum
2189 3343 2412 3400 futuris.

1865 3472 2118 3544 Ejusdem
2147 3489 2211 3525 ea:
2232 3474 2419 3545 quinto
2452 3471 2606 3535 libro,
2644 3474 2782 3545 quod
2807 3473 3150 3545 sciens_Deus
3194 3474 3437 3545 expedire

2039 3544 2336 3597 hominibus
2365 3555 2657 3612 peccatum,
2689 3544 2784 3596 hoc
2813 3545 2932 3613 ﬁeri
2960 3543 3243 3614 disposuit.

1934 3675 2071 3731 Nam
2103 3677 2312 3733 sciebat
2335 3677 2553 3746 quidem
2585 3677 2733 3747 quod
2754 3679 3063 3749 peccabuat
3093 3680 3435 3746 omnimodo,

1866 3766 2203 3824 concedebat
2242 3783 2374 3824 vero
2431 3769 2535 3824 hoc
2592 3769 2732 3834 fieri,
2789 3769 3052 3838 expedire
3099 3770 3181 3826 eis
3233 3786 3442 3841 cogno-

1869 3874 2068 3916 scens:
2103 3862 2362 3930 quoniam
2401 3877 2506 3916 nec
2534 3871 2655 3916 erat
2687 3861 2955 3932 possibile
2996 3877 3145 3929 eum,
3171 3864 3266 3933 qui
3310 3878 3437 3918 cum

1869 3950 2060 4006 fecerit
2090 3967 2200 4007 non
2242 3961 2541 4018 exstantes,
2566 3963 2620 4008 et
2653 3963 2927 4008 tantorum
2962 3956 3181 4026 quidem
3216 3956 3442 4011 demon-

1869 4041 2129 4096 straverit
2162 4041 2435 4106 dominos,
2497 4049 2648 4096 tanta
2685 4057 2815 4098 vero
2875 4043 3020 4098 bona
3092 4042 3443 4113 proposuerit

1871 4140 1932 4186 ut
1958 4133 2040 4187 eis
2079 4131 2359 4198 fruantur,
2399 4146 2509 4187 non
2534 4133 2828 4202 prohibere
2855 4134 3065 4204 peccati
3111 4133 3340 4205 aditum,
3391 4133 3440 4190 si

1871 4221 2132 4292 expedire
2163 4222 2246 4278 eis
2284 4223 2388 4276 hoc
2426 4233 2806 4292 cognosceret.
2851 4223 2958 4280 Sed
2994 4225 3140 4279 enim
3165 4240 3277 4279 non
3322 4231 3442 4279 erat

1873 4313 2156 4383 possibile,
2189 4328 2291 4369 nos
2319 4315 2476 4372 aliter
2509 4315 2725 4372 discere
2770 4324 3078 4386 peccatum,
3109 4325 3163 4372 et
3220 4317 3443 4386 passio-

1873 4421 2004 4459 num
2041 4404 2370 4472 molestiam,
2402 4413 2456 4460 et
2486 4405 2780 4470 deteriora,
2815 4413 2871 4461 et
2909 4415 3156 4462 nostram
3209 4405 3446 4460 inﬁrmi-

1875 4503 2044 4548 tatem
2101 4495 2157 4547 in
2210 4494 2298 4550 bis
2352 4494 2858 4560 demonstrandam,
2914 4496 2984 4549 ad
3044 4495 3444 4551 ostendendam

719 4553 775 4600 et
799 4547 1598 4657 “9'9?
1802 4575 1842 4631 C
1878 4584 2321 4655 magnitudinem
2351 4547 3036 4656 immutabilitatis,'quam
3068 4594 3259 4657 postea
3284 4585 3446 4643 nobis

1877 4683 2025 4731 esset
2059 4674 2387 4741 donaturus,
2430 4677 2538 4731 nisi
2577 4677 2661 4732 sic
2705 4677 2776 4731 ab
2802 4676 2958 4732 initio
2982 4677 3100 4732 haec
3144 4676 3377 4732 fuissent
3413 4691 3447 4731 α

1877 4763 1988 4821 Deo
2014 4765 2355 4834 dispensata,
2390 4773 2450 4822 ut
2473 4766 2768 4823 collatione
2796 4774 2852 4822 et
2905 4767 3278 4838 experimento
3322 4767 3450 4822 infl-

1878 4855 2121 4909 nitorum
2158 4855 2378 4909 illorum
2432 4856 2703 4911 bonorum
2729 4871 3018 4928 possemus
3048 4859 3192 4914 scire
3235 4858 3451 4929 magni.

1876 4944 2158 4999 tudinem:
2188 4952 2243 4999 et
2266 4942 2432 5012 hujus
2467 4945 2660 5014 gratia,
2687 4953 2877 5016 utpote
2903 4947 3247 5018 profuturum
3265 4949 3450 5017 nobis,

1880 5044 2170 5106 peccatum
2201 5035 2409 5090 intrare
2440 5035 2743 5102 dimittens,
2784 5053 3046 5110 magnum
3084 5039 3139 5094 in
3166 5039 3286 5112 ejus
3305 5041 3452 5100 bello

1879 5126 2148 5182 auxilium
2177 5126 2409 5182 invenit.

1883 5259 2141 5335 Ejusdem
2172 5259 2433 5335 Theodori
2471 5261 2804 5335 detrahentis
2821 5279 2940 5332 qua:
2956 5272 3087 5335 _s_unt
3110 5264 3173 5320 de
3205 5265 3456 5335 ﬂammea

2076 5330 2283 5399 framea
2305 5339 2356 5385 et
2393 5331 2458 5384 de
2483 5331 2745 5386 cherubim
2770 5330 2916 5388 dicta
2945 5332 3096 5406 (Gen.
3129 5330 3238 5407 tu).

1959 5461 2094 5516 Nam
2149 5461 2461 5516 ﬂammeam
2521 5463 2742 5534 quidem
2798 5464 3062 5523 frameam
3120 5467 3334 5536 dicunt,
3394 5476 3458 5524 ut

1889 5553 2041 5609 dicat
2077 5555 2211 5626 quia
2243 5553 2387 5624 ignis
2417 5563 2500 5610 est
2524 5556 2787 5612 terribilis
2814 5571 3135 5624 coruscans,
3172 5557 3228 5614 in
3268 5559 3458 5616 babitu

1889 5645 2055 5716 gladii
2114 5654 2408 5709 extensus,
2475 5657 2536 5702 ut
2591 5647 2843 5703 bifariam
2908 5648 3173 5706 terribilis
3234 5653 3451 5724 quidam

1892 5737 2043 5795 visus
2089 5749 2236 5796 esset
2268 5738 2670 5808 videntium,et
2698 5756 2764 5798 cx
2794 5747 2990 5798 natura
3023 5751 3076 5798 et
3142 5756 3211 5798 ex
3268 5740 3448 5798 habitu
