3804 6220
1546 231 1897 292 τιιεοοοῐιι
1938 231 2164 292 MOPSL'
2177 231 2420 290 ESTENI

3440 234 3445 237 ’
3498 224 3615 299 636

366 363 491 434 ejus
525 359 673 431 quod
711 357 1148 416 ostendebatur:
1204 370 1369 428 quam
1397 367 1451 411 et
1510 356 1650 411 verti
1685 354 1849 420 dixit,
1889 364 1950 410 ut
1974 363 2021 418 Α
2049 356 2361 426 prohibitus
2395 354 2623 410 introitu
2658 353 2924 425 paradisi,
2983 352 3180 409 merito
3226 352 3627 423 castigaretur.

367 454 695 511 assiduitate
735 458 919 506 motus
954 463 1278 513 coruscans,
1329 447 1628 504 terribilem
1658 456 1713 502 et
1767 446 1942 515 majo-

370 560 486 600 rem
518 543 725 598 videnti
768 542 1021 596 timorem
1051 540 1277 596 faceret.
1307 538 1602 596 Cherubin:
1633 553 1764 594 vero
1820 540 1941 596 ani-

370 636 595 691 malium
638 633 773 689 dicit
805 631 1070 704 quasdam
1115 631 1324 687 formas
1366 630 1637 686 terribiles
1668 638 1724 686 et
1757 640 1944 701 poten-

370 735 455 783 tes
484 725 841 782 tremel‘acere
871 724 1172 781 videntem.
1212 722 1371 778 Sicut
1399 723 1545 778 enim
1606 736 1708 777 nos
1732 723 1945 776 anima-

369 817 442 871 lia
480 816 726 887 quzedam
761 815 990 873 forsitan
1020 814 1207 885 januis
1238 814 1654 875 constituimus.
1682 812 1766 867 sic
1799 811 1943 867 Deus

368 908 672 964 ﬂammeam
697 908 960 963 frameam
988 908 1280 964 constituit
1306 916 1361 963 et
1410 892 1719 968 cherubim.
1760 913 1822 959 ut
1848 921 1946 976 per

370 1012 515 1064 eam,
546 1012 668 1069 quae
696 1008 782 1055 est
812 997 1078 1054 terribilis
1098 998 1166 1053 de
1195 997 1345 1063 visu,
1377 995 1551 1052 Adam
1586 1010 1712 1049 cum
1744 996 1943 1050 timore

381 1200 874 1236 ———v——

2045 446 2163 501 Non
2196 446 2344 501 enim
2380 446 2687 501 invisibiles
2714 444 2981 514 quasdam
3012 444 3243 499 virtutes
3297 443 3431 497 dicit
3486 444 3628 497 che-

2046 538 2226 593 rubim
2256 538 2369 603 hic,
2405 537 2551 592 sicut
2579 536 2798 606 quidam
2816 536 3191 589 arbitrantur:
3221 532 3479 604 quoniam
3505 549 3630 586 non

2047 628 2259 698 aliquid
2290 628 2510 681 valebat
2547 627 2840 681 invisibilis
2880 636 3077 680 natura
3114 626 3209 691 ibi,
3258 640 3382 680 cum
3437 626 3631 682 sensi-

2050 720 2183 775 bilis
2219 719 2372 774 visus
2400 733 2525 774 esse
2550 719 2796 781 deberet,
2833 725 2887 771 et
2915 731 3037 785 qua:
3087 715 3258 769 Adam
3298 716 3628 785 castigaret.

2050 808 2163 864 Nec
2189 808 2358 882 igitur
2383 807 2635 863 ﬂammea
2675 804 2883 859 framea
2912 812 3107 858 natura
3156 812 3274 857 erat
3310 803 3474 873 ignis,
3520 803 3628 857 sed

2050 901 2177 953 talis
2215 900 2433 956 visus:
2467 912 2569 954 nec
2627 896 2912 952 cherubim
2970 895 3249 961 animalia,
3300 897 3396 950 sed
3466 895 3636 950 visus

2049 992 2200 1049 talis.

1004 1396 1728 1488 FRAGMENTA
1830 1395 2108 1483 ALIA
2223 1396 2345 1483 IN
2435 1393 2999 1483 GENESIN.

1242 1587 1317 1638 Ex
1339 1588 1522 1639 Catena
1542 1584 1809 1647 Nicephori
1833 1583 2078 1646 monachi,
2104 1581 2283 1647 [ἱρείη
2314 1582 2432 1634 1772
2454 1582 2616 1633 ιιι-1⁵01.
2644 1583 2738 1647 (α).

314 1738 355 1773 th:
832 1736 838 1741 ¹
1976 1743 2056 1765 -

404 1780 407 1787 γ

1040 1905 1193 1962 CAP.
1234 1903 1276 1959 l.
1984 1920 2029 1977 Β

458 2019 729 2078 Vua“.
764 2046 835 2061 --
864 2016 1148 2072 Theodori.
1193 2014 1356 2071 Fiant
1390 2015 1677 2070 luminaria
1703 2015 1757 2069 in
1792 2014 1948 2080 cwlo,

383 2117 484 2181 ait,
522 2130 633 2169 non
659 2114 709 2168 ei
748 2110 1111 2177 adhaerentia,
1150 2108 1247 2166 sed
1292 2109 1442 2164 velut
1482 2123 1649 2179 super
1690 2106 1824 2163 illud
1856 2108 1954 2162 de-

383 2208 651 2273 stinatum
681 2204 786 2259 sibi
814 2218 1037 2259 cursum
1071 2200 1440 2272 perﬁcientia.
1467 2200 1681 2255 Pariter
1709 2201 1853 2255 enim
1884 2198 1955 2254 dc

381 2298 557 2353 Adam
590 2296 797 2351 dictum
830 2303 917 2349 est
972 2308 986 2345 :
1025 2292 1219 2347 Posuit
1256 2309 1377 2347 eum
1425 2293 1481 2346 in
1513 2291 1764 2361 paradiso
1786 2331 1802 2357 ,
1845 2306 1953 2346 non

383 2401 516 2440 sane
541 2394 701 2440 terra:
735 2383 978 2449 anisum,
1016 2383 1113 2438 sed
1144 2397 1312 2452 super
1340 2390 1542 2435 terram
1578 2382 1684 2435 huc
1716 2382 1958 2449 illucque

385 2484 690 2549 vagantem.
738 2474 916 2529 Simili
956 2474 1167 2527 ratione
1203 2472 1364 2541 jubet
1409 2473 1501 2526 hic
1557 2460 1849 2526 luminaria
1901 2473 1958 2527 in

388 2570 731 2625 ﬁrmamento
772 2567 898 2621 coeli
945 2565 1159 2636 reponi.
1212 2564 1381 2621 Recte
1417 2575 1597 2620 autem
1652 2564 1843 2633 adjicit
1888 2563 1959 2618 ad

386 2660 832 2717 illuminationem
872 2673 1028 2727 super
1055 2663 1276 2722 terram,
1304 2655 1465 2727 quasi
1494 2656 1665 2718 dicat,
1702 2663 1763 2708 ut
1802 2662 1962 2709 terra:

389 2754 713 2810 inserviant.
764 2750 863 2808 llis
900 2750 1048 2807 enim
1092 2748 1162 2805 de
1195 2749 1383 2805 causis
1419 2750 1475 2804 in
1519 2748 1661 2804 ccelo
1691 2747 1962 2804 collocata

390 2854 543 2900 sunt.

1045 2974 1199 3031 CAP.
1248 2973 1315 3032 ll.

404 3078 417 3081 ﬂ
471 3089 634 3145 Vsus.
675 3087 729 3142 2.
760 3116 830 3129 -
865 3085 931 3142 Ει
966 3089 1349 3143 consummavit
1390 3086 1531 3142 Deus
1573 3086 1627 3140 in
1678 3085 1765 3141 die
1818 3096 1967 3142 sexto

396 3197 557 3251 opera
582 3196 705 3242 sua,
739 3192 857 3248 qua:
885 3178 1042 3247 fecit;
1080 3189 1128 3233 et
1160 3179 1407 3250 requievit
1438 3180 1493 3232 in
1531 3177 1617 3233 die
1647 3180 1889 3247 septimo,
1915 3186 1971 3231 et

2703 1905 2860 1959 ΚΕΦ.
2902 1904 2975 1957 A'.

2128 2017 2274 2088 Στίχ.
2312 2015 2397 2073 ιδ’.
2422 2048 2492 2057 -
2522 2016 2843 2086 Θεοδώρου.
2882 2018 3049 2071 ’Ὥστε
3096 2011 3256 2084 εἶναι,
3296 2018 3482 2088 φησὶν,
3533 2018 3638 2071 αὑο

2057 2111 2183 2174 τοὺς
2220 2110 2313 2163 ἐπὶ
2362 2109 2454 2163 τοῦ
2501 2111 2731 2182 ούρανοῦ
2783 2112 2842 2164 ού
2898 2110 3232 2181 πεπηγότας,
3283 2110 3398 2163 ἀλλ’
3431 2111 3506 2174 ὡς
3549 2111 3639 2163 ἐπ’

2060 2201 2248 2263 αὑτοῦ,
2281 2202 2372 2254 τὸν
2399 2202 2596 2255 οἰκεῖον
2626 2202 3007 2269 ἐξελαύνοντας
3029 2202 3248 2273 δρόμον.
3289 2203 3374 2265 '0;
3403 2203 3497 2255 καὶ
3543 2201 3641 2254 ἐπὶ

2060 2290 2154 2344 τοῦ
2195 2292 2365 2364 Ἀδάμ
2390 2309 2576 2363 φησιν,
2610 2295 2813 2347 Ἕθετο
2837 2293 3025 2347 αὑτὸν
3060 2293 3131 2347 ἐν
3150 2293 3230 2359 τῷ
3257 2292 3635 2362 παραδείσῳ,

2063 2383 2160 2454 οὐχ
2199 2384 2275 2447 ὡς
2317 2386 2604 2455 πεπηγότα
2647 2386 2740 2439 ἐπὶ
2780 2387 2876 2456 τῆς
2907 2387 3031 2456 γῆς,
3057 2385 3172 2440 ἀλλ’
3210 2386 3286 2449 ὡς
3319 2386 3643 2456 κινούμενον

2065 2477 2152 2528 ἐπ’
2185 2476 2385 2545 αὐτῆςο
2436 2476 2578 2530 οὔτω
2611 2476 2889 2532 κάνταῦθα
2918 2474 3054 2532 εἶναι
3084 2479 3182 2548 μὲν
3205 2479 3263 2532 έν
3292 2476 3371 2547 τῷ
3405 2476 3641 2549 στερεώ-

2069 2584 2197 2638 ματι
2231 2567 2322 2620 τοῦ
2352 2567 2579 2638 ούρανοῦ
2618 2569 2743 2632 τοὺς
2770 2572 3061 2641 φωστῆρας
3087 2569 3319 2624 κελεύει.
3362 2570 3559 2632 Καλῶς
3585 2569 3643 2623 δὲ

2068 2660 2370 2729 ἐπήγαγεν,
2397 2661 2502 2726 Εἰς
2542 2660 2771 2729 φαῦσιν
2803 2662 2902 2715 ἐπὶ
2947 2662 3058 2731 τῆς
3083 2660 3228 2731 γῆς·
3266 2661 3352 2715 ἵνα
3379 2660 3534 2732 εἴπῃ.
3563 2660 3646 2713 ὅτι

2068 2749 2166 2820 τὴν
2198 2750 2386 2822 χρείαν
2431 2752 2821 2822 παρεχέτωσαν
2856 2755 2924 2824 τῇ
2957 2755 3049 2825 γῇ.
3080 2752 3280 2806 Τούτου
3322 2751 3432 2823 γὰρ
3458 2752 3647 2806 ἕνεκεν

2069 2842 2165 2895 ἐπὶ
2189 2842 2283 2896 τοῦ
2309 2843 2542 2915 ούρανοῦ
2570 2844 2857 2899 τέθεινται.

2718 2976 2879 3030 ΚΕΦ.
2919 2975 2996 3030 B'.

2143 3082 2294 3155 Στίχ.
2331 3081 2399 3154 β’.
2435 3112 2499 3123 -—
2540 3082 2653 3137 Καί
2706 3084 3112 3140 συνετέλεσεν
3164 3086 3199 3140 ὁ
3249 3084 3392 3152 Θεὸς
3448 3085 3523 3140 ἐν
3573 3084 3649 3155 τῇ

2073 3176 2265 3246 ’ἡμέρᾳ
2298 3174 2374 3244 τῇ
2417 3174 2561 3244 ἕκτῃ
2594 3176 2669 3229 τὰ
2706 3175 2851 3246 ἔργα
2894 3176 3103 3241 αὑτοῦ,
3148 3176 3188 3231 d
3228 3177 3512 3246 ἐποίησε,
3552 3177 3649 3230 καί

397 3268 616 3324 caetera.
653 3268 867 3334 Quibus
905 3267 1184 3332 declarat,
1234 3283 1296 3323 se
1327 3268 1416 3323 die
1455 3280 1613 3325 sexto
1660 3269 1733 3322 ita
1763 3275 1965 3323 cuncta

2083 3269 2448 3322 κατέπαυσεν
2476 3268 2545 3320 ἐν
2566 3266 2641 3335 τῇ
2676 3267 2866 3337 ἡμέρᾳ
2892 3266 2968 3336 τῇ
2995 3268 3236 3339 ἐϐδόμῃ,
3280 3271 3374 3323 καὶ
3400 3269 3473 3323 τὰ
3504 3269 3647 3341 ἑξῆς.

398 3375 848 3425 consummasse,
897 3367 957 3413 ut
987 3360 1127 3414 nihil
1159 3360 1285 3415 novi
1317 3359 1520 3416 deinde
1565 3361 1635 3415 iis
1684 3361 1969 3430 adjiceret,

350 3482 353 3483 ν
399 3452 621 3521 quando
657 3448 806 3503 omni
855 3464 922 3503 ex
972 3458 1129 3518 parte
1174 3448 1421 3519 perfecta
1466 3449 1819 3505 videbantur.
1869 3448 1971 3504 Se-

398 3543 573 3601 ptimo
606 3549 788 3596 autem
823 3540 911 3595 die
930 3542 1149 3609 operari
1180 3538 1410 3595 destitit.
1436 3539 1563 3596 Ideo
1591 3550 1774 3597 autem
1805 3541 1973 3595 istum

400 3633 547 3689 diem
594 3632 827 3702 adjecit,
879 3632 1133 3702 quamvis
1189 3631 1343 3686 omni
1399 3648 1569 3702 opere
1632 3647 1869 3686 vacuum
1920 3639 1977 3686 et

402 3723 473 3778 ab
509 3722 659 3778 omni
705 3722 986 3778 creatione
1028 3723 1259 3778 liberum
1284 3761 1301 3787 ,
1352 3731 1412 3777 ut
1457 3723 1554 3778 illo
1584 3723 1821 3793 hujusce
1867 3721 1977 3778 diei

403 3815 520 3870 otio
560 3814 817 3884 probaret
863 3814 1049 3868 omnia
1089 3813 1204 3884 jam
1254 3828 1486 3884 prorsus
1539 3816 1785 3885 perlecta
1830 3830 1974 3870 esse.

404 3904 568 3973 Quod
590 3904 735 3959 enim
756 3914 812 3959 et
833 3907 1033 3974 primo,
1056 3912 1111 3958 et
1127 3904 1393 3970 secundo,
1417 3911 1471 3958 et
1488 3905 1667 3966 tertio,
1685 3913 1741 3958 et
1760 3913 1977 3974 quarto,

406 3999 697 4067 ct-quinto,
716 4005 771 4050 et
796 4006 952 4051 sexto
979 3996 1069 4051 die
1103 4010 1321 4064 semper
1347 3995 1479 4067 quid
1499 3996 1625 4050 novi
1654 3996 1977 4065 protulerat,

407 4084 559 4155 quod
600 4085 866 4139 creationi
903 4083 1099 4140 deesse
1135 4084 1450 4151 videbatur,
1500 4086 1851 4141 manifestum
1888 4086 1979 4153 tit,

409 4177 534 4233 ideo
565 4191 690 4232 eum
727 4177 963 4246 septimo
990 4176 1081 4232 die
1106 4176 1180 4231 ab
1215 4178 1369 4232 omni
1400 4193 1566 4248 opere
1607 4179 1945 4235 abstinuisse
1964 4216 1981 4243 .

409 4277 473 4324 ut
494 4269 603 4324 isto
618 4268 744 4323 :otio
772 4268 1081 4325 declararet
1105 4268 1442 4324 creationem
1469 4270 1691 4325 tandem
1719 4285 1987 4326 consum-

408 4371 615 4418 matam
652 4376 796 4418 esse.
830 4358 1051 4432 Septem
1080 4376 1212 4432 ergo
1239 4361 1455 4417 dierum
1485 4376 1716 4418 numero
1742 4362 1988 4418 deﬁnivit

410 4451 629 4507 dierum
688 4452 925 4520 seriem,
978 4467 1107 4507 cum
1154 4452 1298 4507 idem
1347 4468 1446 4508 sex
1497 4453 1718 4508 illorum
1771 4454 1987 4509 dierum

412 4544 593 4612 spatio
644 4542 826 4599 facere
875 4544 1187 4615 potuisset,
1216 4543 1421 4614 quibus
1476 4546 1817 4601 creationem
1853 4561 1981 4616 per-

2072 3359 2332 3422 Δεικνὺς,
2387 3358 2469 3411 ὅτι
2522 3357 2617 3410 ἐπὶ
2677 3358 2777 3428 μὲν
2830 3357 2932 3427 τῆς
2986 3358 3151 3431 ἕκτης
3207 3358 3649 3433 συμπεπλήρωκε

2074 3450 2271 3513 πάντα,
2308 3447 2403 3501 ἆτε
2429 3446 2595 3518 μηδὲν
2623 3448 2808 3511 αὐτοῖς
2834 3448 3180 3519 προστιθέναι
3212 3449 3418 3520 μέλλων
3446 3450 3647 3512 καινὸν,

2074 3538 2263 3609 ἐπειδὴ
2292 3538 2425 3610 μηδὲ
2444 3537 2651 3591 λείπειν
2675 3555 2730 3591 τι
2751 3538 2933 3601 αὐτοῖς
2955 3540 3156 3610 ἡγεῖτο.
3187 3539 3497 3595 Ἐπαύσατο
3515 3542 3569 3594 δὲ
3585 3542 3648 3610 τῇ

2074 3630 2260 3702 ἡμέρᾳ
2295 3633 2364 3701 τῇ
2405 3629 2608 3704 ἑϐδόμῃ
2650 3630 2744 3683 τοῦ
2791 3634 2989 3685 ποιεῖν.
3027 3631 3231 3687 Τούτου
3255 3649 3320 3701 γε
3344 3634 3534 3687 ἕνεκεν
3558 3632 3651 3704 τὴν

2077 3723 2294 3793 ἡμέραν
2309 3720 2514 3792 ταύτην
2526 3720 2934 3792 προστέθεικεν,
2957 3723 3238 3794 ἄπρακτον
3263 3719 3453 3791 οὖσαν,
3480 3725 3574 3779 καὶ
3595 3724 3651 3776 ὲν

2078 3810 2113 3889 ᾖ
2133 3814 2390 3880 καθάπαξ
2404 3813 2701 3885 πεποίηκεν
2716 3814 2889 3878 οὐδὲν,
2912 3814 2986 3877 ὡς
3004 3816 3069 3868 ἂν
3085 3818 3150 3886 τῇ
3168 3816 3311 3870 κατὰ
3326 3817 3425 3887 τὴν
3444 3817 3650 3889 ἡμέραν

2079 3907 2250 3978 ἀργίᾳ
2275 3904 2590 3977 δηλώσειεν,
2615 3906 2697 3959 ὅτι
2728 3905 2908 3959 πάντα
2929 3905 3041 3977 ἔχει
3065 3906 3236 3978 πέρας
3257 3906 3426 3978 αὐτῷ.
3473 3909 3533 3961 '0
3552 3908 3649 3979 γὰρ

2080 3997 2177 4051 καὶ
2206 3999 2273 4068 τῇ
2304 3996 2516 4070 πρώτῃ,
2540 3996 2637 4049 καὶ
2660 3999 2726 4067 τῇ
2766 3996 3013 4068 δευτέρᾳ,
3042 3998 3135 4050 καὶ
3156 4001 3223 4068 τῇ
3257 3999 3435 4071 τρίτῃ,
3469 4000 3565 4053 καὶ
3588 4000 3648 4069 τῇ

2080 4088 2336 4157 τετάρτῃ.
2375 4086 2471 4139 καὶ
2494 4088 2569 4157 ’τῇ
2593 4086 2819 4157 πέμπτῃ
2838 4128 2854 4152 ,
2885 4087 2980 4139 καὶ
3010 4089 3077 4158 τῇ
3116 4086 3247 4158 ἕκτῃ
3281 4088 3368 4141 ἀεί
3397 4107 3449 4141 τι
3474 4089 3649 4144 καινὸν

2084 4176 2423 4248 πεποιηκὼς,
2454 4176 2483 4230 ὃ
2502 4176 2711 4231 λείπειν
2738 4179 2923 4248 ἠγεῖτο
2951 4180 3018 4249 τῇ
3056 4179 3265 4233 κτίσει·
3296 4180 3541 4253 εὔδηλον,
3576 4180 3650 4236 ὅτι

2082 4269 2172 4323 διὰ
2206 4268 2363 4323 τοῦτο
2398 4270 2493 4322 ἐπὶ
2536 4268 2637 4339 τῆς
2682 4269 2917 4341 ἑϐδόμης
2945 4269 3041 4323 τοῦ
3076 4274 3248 4326 ποιεῖν
3279 4272 3647 4337 ἀπεπαύσατο,

2084 4361 2161 4425 ὡς
2199 4360 2265 4416 ἂν
2292 4364 2357 4433 τῇ
2393 4360 2561 4432 ἀργίᾳ
2587 4362 2656 4431 τῇ
2687 4362 2745 4415 ὲν
2767 4361 2907 4432 αὐτῇ
2931 4360 3123 4428 δείξειε
3157 4361 3219 4415 τὸ
3244 4363 3418 4435 πέρας
3442 4364 3650 4435 είληφὲο

2087 4467 2175 4504 ναι
2201 4451 2301 4520 τὴν
2334 4450 2527 4505 κτίσιν.
2554 4450 2721 4503 Ὅθεν
2749 4450 2842 4504 καὶ
2868 4452 2926 4504 ὲν
2949 4451 3089 4505 ἑπτὰ
3110 4451 3344 4524 ἡμέραις
3368 4453 3463 4507 τὸν
3486 4455 3650 4510 πάντα

2090 4540 2290 4594 κύκλον
2323 4540 2433 4593 τῶν
2473 4539 2697 4612 ἡμερῶν
2743 4540 3079 4613 περιέγραψε
3098 4585 3114 4611 ,
3138 4544 3433 4615 δυνάμενος
3459 4547 3524 4600 ὲν
3544 4546 3651 4607 ταῖς

412 4607 564 4689 fecit.
592 4631 700 4690 Sex
733 4607 901 4705 igitur
924 4637 1018 4692 isti
1053 4607 1468 4692 dies-rationem
1495 4640 1743 4707 praebent
1788 4607 1980 4694 eorum

2091 4631 2150 4698 ἒξ
2187 4632 2344 4685 τοῦτο
2386 4607 2626 4702 ποιήσαι,
2651 4633 2711 4687 ὲν
2750 4607 2839 4697 αἷς
2880 4607 3647 4709 σο-νεπλίιρωσεντὴννκτίσιν·

412 4741 538 4796 qua:
568 4725 712 4782 facta
760 4735 927 4796 sunt;
980 4729 1251 4798 septimus
1293 4735 1480 4784 autem
1528 4730 1739 4784 indicat
1793 4740 1990 4784 cuncta

416 4815 582 4870 tinem
640 4832 802 4871 suum
863 4818 1209 4889 contigisse,
1259 4825 1317 4874 et
1352 4817 1466 4888 jam
1515 4818 1668 4873 nulla
1721 4834 1787 4875 ex
1834 4828 1994 4889 parte

414 4902 676 4961 deﬁcere.

491 4991 844 5047 Manifestum
892 4994 1038 5064 quod
1066 4995 1205 5051 nihil
1242 4997 1367 5053 novi
1404 5006 1529 5067 post
1585 5006 1804 5053 sextum
1842 4997 1988 5053 diem

418 5082 626 5138 factum
662 5084 775 5147 sit,
822 5085 953 5138 licet
984 5088 1231 5154 quotidie
1273 5097 1329 5143 et
1370 5091 1569 5159 plantae
1603 5099 1658 5145 et
1691 5091 1904 5145 semina
1937 5100 1994 5145 et

418 5174 681 5230 animalia
707 5187 1033 5230 nascantur.
1079 5176 1204 5232 llaec
1238 5181 1384 5233 enim
1431 5197 1541 5236 non
1576 5197 1743 5245 nova,
1795 5184 1888 5237 sed
1923 5182 1992 5236 ad

419 5257 655 5321 formam
681 5280 876 5319 eorum
905 5281 1030 5335 quae
1052 5269 1206 5337 prius
1229 5270 1451 5325 condita
1480 5280 1633 5337 sunt,
1660 5282 1716 5326 et
1748 5273 1814 5328 ad
1840 5287 1993 5328 eam-

417 5355 545 5411 dem
576 5356 771 5425 legem,
803 5356 961 5426 juxta
994 5358 1258 5413 indictam
1292 5360 1430 5431 ipsis
1457 5378 1489 5419 a
1512 5361 1625 5421 Deo
1649 5364 1993 5421 benedictio.

406 5446 837 5519 ﬁem,’singulis
859 5449 1056 5505 diebus
1078 5461 1363 5507 crescunt.

482 5627 576 5703 (tt)
608 5628 848 5687 Titulum
882 5632 1157 5706 integrum
1181 5634 1302 5691 vide
1334 5631 1497 5690 infra.

2089 4724 2177 4777 ἵνα
2234 4725 2291 4778 al
2325 4724 2422 4794 μὲν
2461 4722 2541 4790 ἒξ,
2572 4725 2805 4795 δήλωσις
2845 4718 2950 4780 ὦσι
2998 4725 3109 4781 τῶν
3144 4729 3481 4797 γεγονότωνθ
3522 4731 3556 4800 ἡ
3600 4727 3650 4781 δὲ

2087 4816 2313 4887 ἑϐδόμη.
2336 4816 2516 4871 πάντα
2536 4816 2815 4887 εἰληφέναι
2841 4817 3017 4889 πέρας
3041 4818 3136 4872 κα)⁵
3163 4820 3331 4891 μηδὲν
3350 4822 3536 4887 αὐτοῖς
3555 4820 3650 4874 λεί-

2089 4926 2155 4962 πε
2164 4925 2211 4961 ιν
2245 4908 2347 4963 ἐτι.

2157 5000 2394 5072 Εῠδηλον
2431 5000 2541 5071 γὰρ
2575 5000 2652 5067 ὼς
2701 5001 2856 5056 οὐδὲν
2908 5001 3009 5056 οὐκ
3053 5001 3135 5056 ἔτι
3181 5003 3365 5059 καινὸν
3402 5004 3540 5075 μετά
3562 5000 3648 5071 τὴν

2089 5091 2255 5162 ἕκτην
2302 5092 2539 5161 ἐγένετο,
2583 5093 2883 5166 γινομένων
2932 5092 3030 5166 μὲν
3073 5095 3159 5148 ἀεὶ
3191 5095 3287 5149 καὶ
3328 5095 3531 5165 φυτῶν,
3567 5092 3648 5147 καὶ

2093 5185 2441 5255 σπερμάτων,
2479 5187 2575 5239 καὶ
2598 5186 2753 5251 ζώων
2773 5203 2787 5217 °
2818 5187 2879 5242 οὑ
2907 5187 3110 5241 καινῶν
3130 5186 3208 5248 δὲ,
3234 5186 3349 5241 ἀλλ’
3376 5181 3566 5256 οἷάπερ
3588 5178 3646 5251 ἦν

2091 5275 2161 5328 τὰ
2180 5275 2445 5347 πρότερον
2466 5278 2752 5346 γεγονότα,
2779 5279 2898 5331 κατ’
2922 5278 3129 5332 ἐκεῖνον
3153 5277 3244 5329 τὸν
3267 5278 3413 5350 ὅρον,
3446 5278 3537 5333 καὶ
3564 5274 3646 5342 τὴν

2090 5367 2180 5420 ἐπ’
2218 5368 2400 5432 αὐτοῖς
2423 5368 2698 5439 ἀπόφασίν
2727 5386 2789 5423 τε
2820 5368 2918 5424 καὶ
2953 5369 3203 5437 εὐλογίαν
3224 5367 3316 5422 τοῦ
3350 5369 3508 5438 Θεοῦ,
3533 5364 3647 5423 πάν·

2091 5473 2200 5513 των
2231 5457 2354 5513 καθ’
2387 5458 2625 5532 ἑκάστην
2656 5459 3002 5521 ἐπιδιδόντων
3021 5464 3118 5539 τὴν
3146 5466 3375 5539 ἡμέραν.

1957 5616 1964 5626 .
1982 5601 2009 5643 ξ
2117 5617 2124 5627 -
