3804 6220
301 262 418 320 630

1460 248 1813 308 TllEODOlll
1852 246 2341 307 MOPSUESTENI
2381 255 2390 264 '

3473 249 3630 310 6&0

308 369 695 428 discernendi.
725 367 872 424 Nihil
906 375 1094 424 autem
1140 367 1290 424 aliud
1329 369 1578 424 declarat
1619 368 1892 438 propheta
1922 414 1926 425 ,

2057 365 2148 419 ιῶν
2190 368 2326 440 ὁρᾷν
2374 385 2435 422 τε
2476 371 2597 434 ταῖς
2629 369 2860 436 ἐννοίαις
2897 354 3000 427 καὶ
3032 370 3328 442 διακρίνειν
3378 371 3443 424 ἐκ
3482 363 3626 422 τοῦ

308 465 424 521 nisi
460 479 558 519 eos
593 462 906 518 nuditatem
953 476 1110 518 suam
1153 462 1401 517 sensisse
1447 475 1514 514 ac
1549 462 1619 515 de
1659 473 1722 513 ea
1766 471 1896 513 eru-

317 557 519 611 buisse.
567 553 731 611 Prius
759 555 908 613 enim
945 569 1048 610 nec
1071 569 1200 610 eam
1237 555 1673 610 observaverant
1704 565 1807 606 nec
1829 563 1896 605 ea

317 651 697 715 erutmerant;
728 657 923 720 postea
955 662 1089 704 vero
1116 649 1223 704 ista
1253 645 1507 703 nuditate
1533 647 1609 700 ita
1637 644 1896 700 aftieiun-

317 751 444 802 tur.
478 748 536 794 ut
564 756 630 796 ea
670 739 983 805 intellecta,
1011 739 1200 795 statim
1227 739 1585 794 erubescant.
1609 734 1896 792 Neminem

319 833 458 903 fugit
499 834 684 888 animo
731 832 918 888 inesse
947 832 1220 887 rationem
1259 845 1397 892 cur.
1453 845 1516 885 re
1547 829 1662 884 visa
1688 868 1705 894 ,
1749 842 1899 882 nunc

319 927 422 991 sic,
478 942 628 981 nunc
678 925 842 981 aliter
885 940 1230 982 moveamur.
1285 921 1531 978 Infantes
1581 923 1732 977 enim
1786 935 1899 975 non

315 1019 488 1090 pudet
528 1018 800 1074 uuditatis
833 1033 986 1081 sum,
1038 1031 1218 1087 neque
1251 1016 1450 1072 balneo
1487 1021 1742 1080 utentes;
1787 1026 1900 1067 non

319 1109 466 1180 quod
499 1124 620 1165 eam
651 1125 762 1165 non
788 1107 1032 1174 videant,
1063 1107 1162 1163 sed
1193 1107 1321 1176 quia
1353 1106 1441 1159 hic
1471 1113 1731 1180 aspectus
1773 1102 1903 1157 nul-

318 1179 406 1256 los
445 1215 646 1270 pravos
688 1215 887 1257 sensus
929 1199 1075 1270 apud
1111 1214 1210 1254 eos
1243 1179 1696 1252 excitathdam
1736 1197 1903 1266 igitur

319 1303 376 1350 et
407 1295 580 1357 socia,
625 1308 820 1349 recens
864 1291 1006 1356 nati,
1038 1299 1270 1364 peccato
1310 1292 1552 1346 nondum
1597 1290 1900 1357 inquinati,

322 1386 407 1441 vel
447 1402 517 1442 ne
556 1386 725 1441 ullum
759 1385 984 1456 quidem
1021 1385 1224 1438 malum
1259 1385 1552 1454 suspicati,
1591 1399 1769 1453 neque
1801 1399 1902 1437 nu-

324 1478 576 1540 ditatem,
615 1493 795 1548 neque
823 1477 987 1532 aliam
1019 1486 1241 1531 natura:
1269 1492 1384 1532 sua:
1417 1476 1649 1530 formam
1688 1486 1902 1544 turpem

319 1571 738 1626 existimabant.
764 1567 1062 1637 Postquam
1095 1575 1279 1620 autem
1315 1574 1700 1636 peccaverant,
1735 1579 1766 1617 a
1807 1563 1905 1618 Dei

325 1663 542 1734 legibus
575 1662 945 1716 abhorrentes
966 1698 982 1723 ,
1007 1668 1145 1714 tunc
1172 1658 1337 1713 etiam
1376 1664 1745 1727 perceperunt
1770 1697 1785 1720 ,
1813 1655 1906 1724 ju-

322 1752 491 1808 bente
531 1750 664 1814 Deo,
702 1750 929 1822 pudoris
961 1765 1212 1812 sensum,
1245 1763 1354 1818 quo
1378 1764 1407 1801 a
1439 1757 1667 1816 peccato
1695 1753 1908 1800 averte-

329 1851 547 1907 rentur,
579 1854 634 1898 et
663 1845 940 1914 pessimus
963 1843 1201 1911 quisque
1224 1839 1616 1910 reprimeretur
1646 1837 1903 1906 impetus.

329 1933 515 1990 Primo
543 1941 727 1990 autem
761 1935 829 1988 de
859 1937 1086 2004 organis
1131 1933 1484 1987 eruliuerunt
1523 1944 1648 2000 qua:
1682 1929 1748 1983 ad
1789 1944 1911 1998 pro-

329 2025 666 2081 creationem
712 2024 1011 2080 liberorum
1076 2023 1424 2086 inserviunt,
1479 2033 1538 2077 ut
1595 2023 1776 2092 pudor
1821 2021 1912 2075 hic

326 2117 581 2173 homines
613 2117 804 2186 procul
836 2116 906 2170 ab
936 2116 1086 2172 omni
1123 2115 1553 2185 intemperantia
1579 2114 1908 2168 deterreret.

1999 458 2239 530 πονηροῦ
2269 459 2330 513 τὸ
2355 461 2518 515 καλόν
2543 479 2558 494 ο
2607 465 2636 517 ό
2679 464 2962 536 προφήτης
2987 465 3045 518 δὲ
3076 463 3137 517 οὐ
3169 462 3373 534 ταύτην
3401 459 3625 525 εἶπεν,

1997 549 2136 604 ἀλλά
2166 550 2288 604 καθ’
2317 553 2384 624 ἣν
2412 550 2552 607 εῐδόν
2579 571 2641 608 τε
2682 555 2779 609 καὶ
2810 555 3039 627 ᾔσθοντο
3083 554 3185 625 τῆς
3232 554 3438 617 οἰκείας
3483 569 3628 622 γυ-

2003 641 2280 712 μνὼσεως.
2310 645 2582 719 Πρότερον
2617 647 2734 716 μὲν,
2773 646 2925 702 οὐδὲν
2957 648 3044 701 ἐπ’
3076 647 3214 718 αὐτῇ
3260 646 3626 715 πάσχοντες.

1999 733 2119 788 οὐδὲ
2144 727 2528 807 αἰσχυνόμενοι
2557 751 2572 767 ⁸
2602 738 2828 810 ὕστερον
2859 738 2938 802 δὲ,
2966 737 3222 809 τοιαύτην
3252 739 3375 792 τινὰ
3403 737 3501 790 ἐπὶ
3533 737 3625 806 τῇ

2000 825 2281 896 γυμνώσει
2312 827 2414 898 τὴν
2443 828 2695 900 αἴσθησιν
2721 829 2999 894 λαϐόντες,
3030 829 3106 893 ὼς
3133 828 3231 882 καὶ
3255 828 3393 899 πρὸς
3419 827 3629 898 μόνην

2002 919 2356 990 αἰσχύνεσθαι
2381 919 2482 992 τὴν
2527 922 2586 974 ἐν
2628 923 2697 992 τῇ
2725 918 3003 991 γυμνώσει
3044 920 3140 974 τοῦ
3169 919 3421 991 σώματος
3451 919 3632 973 θεω·

2001 1013 2148 1083 ρίαν.
2183 1013 2259 1066 Οὺ
2289 1013 2399 1084 γὰρ
2425 1013 2640 1083 ἄδηλον,
2674 1015 2750 1078 ὡς
2777 1016 2806 1068 ό
2831 1014 3092 1085 λογισμός
3118 1015 3236 1068 ἐστι
3266 1013 3362 1084 τῆς
3383 1012 3626 1083 ψυχῆς.

2001 1105 2032 1157 ό
2053 1103 2152 1175 τὴν
2178 1105 2271 1157 ἐπὶ
2293 1107 2361 1176 τῇ
2394 1103 2598 1176 θεωρίᾳ
2628 1105 2865 1160 διάθεσιν
2893 1109 2989 1160 νῦν
3018 1107 3116 1177 μὲν
3165 1105 3398 1169 τοιάνδε,
3435 1101 3631 1168 αὖθις

2001 1196 2060 1250 δὲ
2088 1197 2298 1252 τοιάνδε
2345 1197 2534 1254 ποιῶν.
2585 1197 2669 1252 Τὰ
2716 1197 2849 1267 γοῦν
2878 1197 3052 1270 βρέφη
3092 1199 3194 1252 οὐκ
3244 1198 3629 1270 αἰσχύνονται

2003 1291 2099 1344 ἐπὶ
2129 1293 2194 1361 τῇ
2239 1289 2537 1362 γυμνώσει,
2581 1289 2706 1345 οὔτε
2744 1292 2852 1364 μὴν
2880 1293 2930 1345 οἱ
2980 1293 3038 1344 ὲν
3068 1291 3369 1362 βαλανείῳ,
3421 1291 3482 1344 ού
3519 1291 3630 1361 τῷ

2011 1382 2085 1452 μὴ
2133 1381 2353 1452 βλέπειν
2382 1383 2576 1454 αὐτὴν,
2622 1383 2758 1437 ἀλλὰ
2805 1383 2884 1454 τῷ
2932 1384 3098 1454 μηδὲν
3127 1384 3329 1454 φαῦλον
3356 1385 3466 1437 ἀπὸ
3494 1384 3628 1452 τῆς

2009 1473 2240 1544 θεωρίας
2263 1475 2358 1527 ἐπὶ
2385 1474 2486 1545 τῆς
2521 1473 2730 1538 ἐννοίας
2773 1474 3131 1546 εἰσδέχεσθαι.
3162 1477 3225 1528 Οἱ
3253 1474 3434 1528 τοίνυν
3465 1473 3628 1543 περὶ

2008 1565 2099 1618 τὸν
2144 1566 2316 1636 Ἀδὰμ
2347 1566 2474 1638 ἄρτι
2507 1567 2608 1638 μὲν
2635 1567 2941 1636 γεγονότες,
2973 1567 3380 1638 ἁμαρτάνοντες
3418 1567 3476 1620 δὲ
3499 1566 3624 1618 οὐ·

2009 1656 2117 1721 δὲν,
2151 1657 2245 1711 καὶ
2273 1655 2402 1710 οὔτε
2425 1676 2427 1679 ·
2449 1657 2655 1726 φαῦλόν
2686 1675 2740 1711 τι
2789 1653 2930 1712 εἶναι
2983 1658 3264 1728 μαθόντες,
3300 1656 3424 1710 οὔτε
3469 1656 3628 1710 ἄλλο

2011 1749 2166 1802 οὐδὲν
2194 1749 2296 1818 τῆς
2323 1750 2533 1813 οίκείας
2573 1751 2816 1820 «φύσεως,
2859 1751 3084 1822 αίσχρδν
3115 1753 3212 1820 οὺχ
3240 1749 3468 1820 ἡγοῦντο
3497 1748 3625 1818 τὴν

2013 1836 2314 1906 γύμνωσιν.
2373 1840 2591 1911 Ἐπειδὴ
2631 1841 2689 1894 δὲ
2731 1841 3013 1911 ἥμαρτον,
3061 1840 3317 1893 τάναντία
3361 1841 3472 1901 τοῖς
3504 1831 3624 1889 τοῦ

2011 1927 2147 1981 Θεοῦ
2168 1929 2599 2001 διαπραξάμενοι
2623 1916 2830 2002 νόμοις,
2861 1930 3082 2000 ἐνετέθη
3115 1931 3214 2002 μὲν
3245 1930 3427 1992 αὐτοῖς
3457 1931 3484 1982 ὁ
3513 1927 3624 2004 10.-

2013 2021 2212 2091 γισμὸς
2239 2022 2340 2092 τῆς
2390 2023 2652 2095 αίσχύνης
2709 2023 2813 2077 ὑπὸ
2854 2008 2989 2077 Θεοῦ
3035 2023 3116 2086 είς
3157 2021 3255 2092 τὴν
3305 2020 3448 2074 κατά
3504 2019 3626 2087 τῆς

2015 2114 2288 2185 ἁμαρτίας
2331 2115 2620 2186 βοήθειαν,
2678 2116 2960 2188 αὐτάρκης
3009 2115 3084 2168 ὢν
3115 2113 3398 2182 ἐγκόπτειν
3429 2111 3626 2179 αὐτῆς

331 2211 431 2282 τὴν
462 2211 657 2281 ὁρμήν·
707 2208 938 2281 Πρώτην
985 2209 1042 2261 δὲ
1095 2208 1197 2279 τῆς
1243 2208 1507 2278 αἰσχύνης
1555 2207 1655 2277 τὴν
1701 2206 1910 2260 ἔννοιαν
1947 2205 2258 2275 ἀναγκαίως
2288 2209 2380 2263 ἐπὶ
2409 2213 2521 2276 τοῖς
2545 2209 2882 2279 παιδογόνοις
2937 2207 3127 2262 ἔλαϐον
3155 2207 3442 2277 ὀργάνοις·
3517 2205 3624 2256 ἵνα.

330 2305 614 2377 πόρρωθεν
641 2306 752 2367 τοῖς
779 2303 1090 2374 ἀνθρώποις
1121 2304 1155 2373 ἠ
1177 2303 1341 2367 αἰδὼς
1379 2304 1624 2372 ἐκκόπτῃ
1654 2303 1756 2370 τὴν
1787 2301 2092 2356 ἀκόλαστον
2127 2303 2303 2373 μίξιν.

406 2394 573 2449 Vens.
611 2393 666 2448 8.
709 2423 778 2435 —-
814 2394 1044 2460 Quando
1095 2407 1285 2448 vocem
1337 2391 1432 2445 Dei
1471 2391 1914 2457 deambulantis,

328 2487 465 2542 dum
502 2486 681 2543 adhuc
724 2485 854 2539 folia
894 2492 1269 2546 consuerent,
1317 2484 1645 2547 audierunt.
1681 2486 1918 2539 abscon-

336 2578 539 2634 deruut
567 2593 627 2632 se
647 2577 754 2632 sub
784 2577 1016 2646 lignum,
1050 2586 1110 2630 ut
1136 2576 1372 2641 videtur,
1397 2590 1506 2629 non
1535 2575 1817 2632 diversum
1848 2577 1918 2631 ab

340 2669 438 2724 illo
468 2668 630 2736 cujus
674 2668 800 2724 folia
845 2669 1212 2724 consuebant.
1247 2669 1362 2724 lloc
1391 2677 1574 2724 autem
1628 2669 1773 2724 idem
1799 2676 1922 2724 erat

343 2760 413 2814 de
439 2774 552 2831 quo
583 2759 908 2814 mandatum
935 2768 1319 2830 perceperant,
1347 2768 1588 2817 testante
1611 2761 1876 2831 propheta
1903 2777 1919 2814 :

349 2848 494 2904 Nam
522 2849 914 2906 absconderant
943 2867 1029 2917 se,
1055 2851 1170 2916 ait,
1201 2851 1258 2906 in
1283 2851 1458 2906 medio
1492 2852 1623 2922 ligni
1647 2851 1922 2920 paradisi.

348 2940 428 2996 De
473 2940 568 2995 illo
605 2947 814 3004 autem,
854 2937 1042 2995 fructu
1079 2941 1437 3006 manducata,
1471 2940 1603 2998 folia
1633 2942 1929 3013 decerpseo

2090 2394 2240 2464 Στίχ.
2289 2395 2359 2466 η’.
2407 2423 2480 2436 --
2531 2397 2750 2468 Ἐπειδὴ
2815 2396 3114 2467 βάπτοντες
3163 2394 3245 2447 ἔτι
3291 2392 3359 2446 τὰ
3407 2391 3619 2460 φύλλα,

2020 2485 2264 2556 ἥκουσαν
2312 2487 2412 2558 τῆς
2451 2488 2633 2558 φωνῆς
2667 2487 2762 2542 τοῦ
2811 2486 2946 2540 Θεοῦ
2992 2483 3454 2558 περιπατοῦντος,
3500 2483 3623 2537 ὑπὸ

2021 2576 2083 2629 τὸ
2109 2575 2265 2640 ξύλον
2297 2577 2632 2648 ἐκρύϐησαν,
2661 2577 2760 2632 οὐκ
2788 2578 2916 2634 ἄλλο
2936 2577 3197 2649 δηλονότι,
3222 2576 3337 2630 ἀλλ’
3368 2576 3401 2645 ἢ
3435 2570 3622 2644 οὗπερ

2024 2669 2295 2740 ἔρραπτον
2323 2669 2393 2723 τὰ
2418 2669 2611 2739 φύλλα.
2635 2670 2804 2724 Τοῦτο
2822 2670 2880 2726 δὲ
2906 2665 2975 2741 ἦν
3003 2672 3088 2740 ἐφ’
3105 2661 3150 2737 ᾧ
3172 2667 3268 2738 τήν
3294 2668 3512 2740 ἐντολὴν
3530 2669 3622 2732 sle

2028 2759 2312 2831 λήφεισαν,
2352 2760 2429 2824 ὡς
2460 2763 2489 2814 ό
2529 2763 2811 2832 προφήτης
2839 2761 3036 2832 φησιν’
3070 2761 3448 2830 Ἐκρύΰησαν
3475 2759 3621 2830 γὰρ,

2033 2855 2221 2924 φησὶν,
2254 2855 2325 2907 ἐν
2350 2857 2522 2924 μέσῳ
2548 2855 2653 2909 τοῦ
2678 2854 2870 2920 ξύλου
2907 2853 3014 2908 τοῦ
3048 2853 3440 2923 παραδείσου.
3489 2855 3624 2908 Ἀπ’

2033 2944 2201 2999 αὐτοῦ
2223 2945 2281 3000 δὲ
2306 2947 2398 3000 καὶ
2421 2946 2780 3018 βεϐρωκότες,
2807 2946 2876 3001 τὰ
2907 2945 3083 3016 φύλλα
3110 2945 3382 3018 ἔρῤαπτον
3401 2947 3489 3000 διὰ
3514 2947 3626 3017 τὴν

349 3039 503 3098 ruut,
538 3041 764 3103 propter
779 3031 1170 3088 verecundiam
1193 3050 1348 3090 suam
1372 3034 1439 3090 de
1460 3035 1733 3090 nuditate.
1759 3033 1926 3105 Atqui

2057 3036 2337 3108 πενομένην
2376 3039 2560 3101 αὐτοῖς
2589 3036 2852 3110 αἰσχύνην
2884 3039 2976 3092 ἐπὶ
2999 3041 3065 3110 τῇ
3096 3036 3393 3108 γυμνὼσει.
3427 3037 3628 3091 Ταῦτα

349 3125 473 3181 hac
497 3133 659 3181 erant
689 3123 936 3194 profecto
972 3124 1060 3180 fici
1086 3164 1103 3190 ,
1150 3141 1284 3196 ergo
1331 3127 1468 3183 licus
1516 3133 1638 3182 erat
1672 3126 1840 3182 arbor
1862 3126 1926 3182 de

2057 3131 2092 3184 is
2120 3125 2189 3201 ἦν
2233 3130 2407 3200 φύλλα
2451 3131 2622 3199 συκῆς
2668 3132 3096 3202 ἀναντιρρήτως,
3140 3129 3250 3202 ἀρα
3293 3127 3354 3182 τὸ
3396 3127 3628 3200 δένδρον

353 3237 463 3294 qua
490 3220 812 3276 mandatum
839 3227 1193 3290 acceperant.
1223 3218 1438 3292 Negant
1459 3228 1645 3276 autem
1671 3219 1777 3275 hoc
1803 3233 1936 3274 non-

355 3315 516 3378 nulli,
539 3312 743 3376 stulte,
781 3313 836 3367 ni
883 3310 1082 3375 fallor,
1121 3311 1502 3367 existimantes
1552 3311 1756 3366 mirum
1803 3309 1935 3379 quid

353 3405 530 3461 fuisse
561 3403 698 3459 illud
743 3403 990 3474 lignum,
1029 3417 1143 3456 non
1174 3402 1480 3473 cogitantes
1523 3403 1672 3471 quod
1723 3400 1936 3472 peccati

356 3497 579 3571 pondus
628 3511 808 3566 neque
845 3511 877 3550 a
919 3495 1189 3566 qualitate
1227 3493 1366 3565 ligni
1413 3494 1646 3565 pendet,
1698 3509 1878 3564 neque
1906 3507 1938 3547 a

359 3589 606 3647 novitate
643 3588 776 3652 cibi,
818 3585 918 3644 sed
954 3600 986 3640 a
1032 3585 1171 3657 legis
1208 3585 1553 3642 conditione.
1595 3585 1730 3652 Quae
1760 3584 1952 3654 quali-'

355 3697 578 3752 cunque
625 3678 790 3736 modo
845 3675 1052 3734 violata
1113 3676 1319 3744 fuerit,
1363 3678 1556 3735 eadem
1603 3677 1713 3734 erit
1759 3689 1940 3747 usque

353 3771 542 3840 culpa.

431 3858 599 3915 Vens.
619 3858 706 3915 l7.
736 3887 809 3899 —
831 3856 1030 3914 Audivi
1051 3858 1349 3914 nonnullos
1373 3857 1624 3915 dicentes
1657 3875 1670 3912 :
1699 3858 1758 3914 Si
1795 3857 1940 3914 Deus

359 3953 821 4027 pravidit-Adam
869 3952 1045 4023 legem
1095 3937 1453 4017 violaturum,
1499 3968 1608 4024 qua
1651 3953 1720 4008 de
1769 3968 1941 4009 causa

362 4045 600 4118 praebuit
633 4044 766 4098 huic
798 4045 1253 4116 transgressionis
1285 4047 1665 4115 occasionem,
1715 4047 1943 4102 ferendo

363 4137 578 4210 legem?
620 4134 990 4206 Respondebo
1030 4152 1160 4192 eum
1206 4135 1332 4192 ideo
1371 4137 1486 4193 haec
1523 4138 1746 4204 fecisse,
1793 4138 1942 4209 quod

362 4230 580 4287 sciebat
611 4228 1001 4285 mortalitatem
1046 4227 1364 4285 hominibus
1403 4228 1771 4299 profuturam.
1802 4229 1944 4283 Nam

365 4321 712 4380 immortales
736 4319 836 4392 qui
868 4327 1022 4384 sunt,
1057 4320 1115 4376 in
1136 4327 1403 4376 aeternum
1435 4321 1722 4377 labuntur.
1757 4320 1944 4378 Nostri

2037 3223 2175 3293 συκῆ
2200 3217 2289 3294 ἦν,
2318 3223 2403 3292 ἐφ’
2508 3222 2940 3295 παρειλήφεισαν
2967 3221 3066 3293 τὴν
3096 3221 3336 3292 ἐντολήν.
3379 3219 3525 3275 Ἀλλ’
3559 3219 3628 3272 ού

2036 3314 2352 3384 προσίενται
2386 3313 2544 3368 τοῦτό
2571 3331 2748 3378 τινες,
2795 3313 2884 3368 διὰ
2912 3312 3111 3384 πολλὴν
3142 3313 3393 3384 εὐήθειαν
3431 3329 3446 3344 ο
3497 3313 3630 3383 ἐμοὶ

2036 3407 2203 3470 δοκεῖ,
2245 3408 2480 3476 οἰόμενοι
2506 3406 2702 3478 χρῆναι
2735 3406 2924 3460 καινόν
2950 3423 3004 3459 τι
3042 3402 3182 3460 εἶναι
3209 3406 3272 3459 τὸ
3303 3405 3483 3472 ξύλον,
3527 3407 3630 3460 καὶ

2037 3498 2098 3551 ού
2131 3497 2490 3568 λογιζόμενοι,
2520 3497 2600 3551 ὅτι
2636 3496 2711 3569 μὴ
2755 3500 2820 3570 τῇ
2851 3497 3096 3568 ποιότητι
3129 3495 3223 3551 τοῦ
3257 3496 3440 3565 ξύλου,
3483 3497 3629 3570 μηδὲ

2038 3592 2104 3660 τῇ
2131 3590 2408 3660 καινότητι
2440 3590 2538 3660 τῆς
2564 3589 2823 3660 βρώσεως
2852 3589 2922 3644 τὰ
2954 3591 3325 3662 ἁμαρτήματα
3350 3591 3627 3664 κρίνεται,

2041 3680 2176 3735 ἀλλὰ
2201 3684 2267 3751 τῇ
2311 3680 2455 3734 δόσει
2499 3679 2600 3749 τῆς
2643 3680 2884 3752 ἐντολῆς.
2922 3682 3026 3734 Ἦν
3068 3680 3129 3735 τὸ
3169 3682 3255 3751 ἐφ’
3293 3681 3626 3754 ὁτουδήποτε

2042 3773 2356 3844 παραϐῆναι
2389 3771 2510 3842 ίσην
2547 3771 2662 3842 ἔχει
2690 3771 2790 3843 τήν
2823 3771 3052 3843 μέμψιν.

2113 3867 2260 3937 Στίχ.
2289 3864 2376 3930 ιζ’.
2407 3897 2477 3907 --
2517 3865 2730 3936 Ἐπειδὴ
2756 3864 2917 3918 τινῶν
2943 3866 3156 3936 ἀκήκοα
3177 3864 3623 3937 πυνθανομένωνο

2042 3961 2108 4014 Εἰ
2150 3959 2372 4031 προῄδει
2417 3958 2447 4010 ὁ
2493 3958 2644 4022 Θεὸς.
2681 3959 2764 4012 ὅτι
2808 3958 3146 4029 παρακούσει
3175 3961 3203 4013 ὁ
3243 3958 3435 4029 Ἀδὰμ,
3476 3961 3628 4024 τίνος

2043 4051 2230 4105 ἕνεκεν
2279 4053 2347 4123 τῇ
2393 4051 2537 4105 δόσει
2579 4049 2681 4121 τῆς
2711 4051 2932 4120 ἐντολῆς
2971 4051 3210 4122 παρέσχε
3253 4053 3318 4122 τῇ
3366 4053 3625 4124 παρακοῇ

2045 4144 2358 4216 πρόφασιν;
2404 4142 2655 4197 τοσοῦτον
2699 4141 2845 4212 ἐρῶ,
2892 4143 2974 4196 ὅτι
3026 4142 3172 4214 μάλα
3219 4143 3248 4196 ό
3293 4143 3424 4206 Θεὸς
3463 4143 3622 4219 εἰδὼς

2050 4235 2436 4307 συμφέρουσαν
2481 4232 2786 4305 ἀνθρώποις
2834 4233 2933 4305 τὴν
2977 4233 3276 4304 θνητότητα
3300 4249 3313 4263 ·
3371 4233 3627 4307 μένοντες

2046 4328 2156 4400 γὰρ
2184 4326 2462 4390 ἀθάνατοι,
2484 4325 2801 4380 πταίσουσιν
2824 4325 3067 4380 ἀθάνατα
3088 4341 3101 4356 ’
3135 4325 3228 4378 καὶ
3251 4325 3333 4379 ὄτι
3359 4323 3631 4378 λυσιτελεῖ

363 4429 498 4484 ergo
534 4413 802 4469 intererat
828 4419 890 4467 ut
929 4412 1113 4468 soluto
1141 4425 1376 4482 corpore
1417 4415 1614 4469 mortis
1635 4453 1650 4478 ,
1695 4415 1860 4470 simul
1891 4429 1921 4469 e

2057 4423 2158 4483 τοῖς
2185 4418 2468 4484 τοιούτοις,
2501 4417 2716 4488 θανάτῳ
2747 4415 3012 4487 λυομένου
3040 4415 3134 4470 τοῦ
3186 4414 3457 4487 σώματος,
3492 4433 3626 4485 συγ-

365 4508 678 4562 solveretur
721 4509 937 4576 corpus
974 4506 1209 4577 peccati.
1257 4504 1402 4562 Deus
1439 4513 1621 4562 autem
1662 4522 1774 4562 non
1809 4522 1948 4560 con-

368 4601 553 4656 stituit
580 4615 684 4656 nos
727 4598 985 4671 protinus
1025 4598 1081 4654 in
1126 4598 1338 4669 optimo
1377 4599 1758 4670 (mortalitatis
1790 4599 1946 4655 scili-

368 4700 480 4762 cet)
519 4699 688 4754 statu,
718 4705 787 4746 ne
825 4701 1116 4762 propterea
1158 4695 1516 4753 accusaretur
1547 4691 1691 4760 quod
1722 4691 1950 4745 immor-

367 4784 638 4840 talitatem
680 4799 794 4839 non
834 4783 904 4838 ab
959 4780 1122 4837 initio
1167 4781 1404 4837 dederit.
1452 4781 1522 4835 At
1569 4782 1724 4851 prius
1756 4781 1950 4837 statuit

371 4878 520 4934 illam
568 4877 784 4948 legem,
840 4890 1005 4946 quam
1065 4881 1295 4931 noverat
1360 4874 1743 4945 negligendam
1805 4872 1947 4930 fore.

371 4969 492 5035 Qua
516 4972 733 5026 ratione
763 4970 1018 5040 probavit
1047 4969 1300 5026 homines
1321 5007 1338 5032 ,
1377 4967 1598 5024 etiamsi
1630 4967 1948 5023 obedienti-

370 5061 476 5116 bus
509 5057 900 5112 immortalitas
939 5057 1385 5127 promitteretur,
1423 5057 1723 5114 rebellibus
1767 5064 1949 5112 autem

371 5148 760 5206 intenderetur
785 5159 958 5210 mors,
989 5146 1128 5203 adeo
1167 5149 1532 5206 nihilominus
1565 5149 1634 5205 de
1664 5148 1953 5205 conditore

369 5249 428 5296 et
463 5239 818 5296 benefactum
861 5252 973 5292 suo
1014 5238 1408 5308 dubitaturos,
1459 5250 1522 5298 ut
1554 5250 1847 5314 sperarent
1890 5257 1952 5300 se

371 5346 487 5386 non
533 5329 717 5386 solum
752 5329 1220 5388 immortalitatem
1254 5333 1540 5391 habituros
1560 5375 1577 5402 ,
1603 5334 1650 5390 si
1677 5349 1790 5390 non
1820 5335 1952 5390 obe-

373 5422 632 5485 diisseut,
664 5420 759 5476 sed
798 5419 1106 5480 divinitatis
1131 5423 1298 5480 etiam
1329 5425 1652 5496 dignitatem
1682 5440 1952 5483 consecu-

374 5521 536 5568 turos
581 5512 918 5580 asa-Quod
960 5515 1008 5570 si
1033 5529 1172 5571 euro
1199 5516 1366 5571 etiam
1393 5530 1586 5572 eorum
1625 5519 1955 5574 immortali-

375 5613 544 5660 tatem
577 5603 778 5659 sortita
804 5604 1026 5672 fuisset,
1054 5616 1263 5678 quanto
1291 5608 1470 5680 magis
1500 5609 1868 5667 credidissent
1893 5625 1956 5667 se

367 5693 512 5751 deos
543 5709 644 5765 por
691 5693 1126 5755 inobedlentiam
1169 5697 1385 5757 futuros
1415 5700 1428 5755 ί
1479 5699 1630 5768 Quos
1665 5702 1812 5761 enim
1849 5719 1951 5762 nec

2050 4510 2418 4582 καταλυθῆναι
2447 4509 2541 4564 καὶ
2571 4510 2632 4564 τὸ
2671 4509 2768 4579 τῆς
2791 4510 3096 4580 ἁμαρτίας·
3125 4509 3224 4562 οὐκ
3256 4509 3417 4573 εὐθὺς
3458 4509 3628 4578 ἔδωκε

2049 4603 2109 4657 τὸ
2145 4603 2445 4674 συμφέρον,
2485 4603 2572 4656 ἵνα
2606 4602 2680 4673 μὴ
2705 4602 3112 4673 βλασφημῆται,
3152 4601 3228 4664 ὡς
3263 4599 3338 4672 μὴ
3379 4600 3629 4660 δεδωκὼς

2050 4695 2110 4760 ἐξ
2133 4697 2309 4767 ἀρχῆς
2336 4695 2432 4766 τὴν
2458 4695 2779 4749 ἀθανασίαν.
2832 4693 2995 4748 Ἀλλά
3022 4695 3288 4765 πρότερον
3312 4693 3496 4748 δίδωσι
3529 4695 3628 4765 τὴν

2050 4786 2288 4858 ἐντολὴν,
2303 4788 2368 4859 ἢν
2383 4788 2483 4841 οὐκ
2506 4785 2863 4858 ἀνεξομένους
2886 4785 3003 4858 ᾔδει
3023 4804 3038 4817 ·
3065 4787 3152 4840 ἵνα
3168 4785 3335 4859 δείξῃ,
3353 4786 3435 4840 ὅτι
3455 4787 3505 4839 εἰ
3537 4788 3628 4840 καὶ

2052 4880 2472 4951 προτεινομένης
2521 4881 2702 4944 αὐτοῖς
2745 4879 3044 4943 ἀθανασίας
3081 4878 3191 4932 ἀπὸ
3226 4878 3328 4948 τῆς
3359 4877 3627 4947 ὑπακοῆς,

2053 4970 2147 5024 καὶ
2175 4971 2402 5025 θανάτου
2433 4969 2823 5042 ἀπειλουμένου
2861 4967 2950 5022 διὰ
2979 4969 3080 5039 τὴν
3113 4967 3420 5039 παρακοήν,
3444 4966 3628 5022 τοσοῦ-

2051 5080 2143 5116 τον
2163 5062 2473 5133 ἠπίστησαν
2511 5061 2589 5133 τῷ
2616 5064 2812 5133 ποιητῇ
2845 5059 2939 5114 καὶ
2971 5059 3257 5132 εὐεργέτῃ,
3284 5058 3360 5122 ὡς
3390 5058 3624 5122 ἐλπίσαι,

2052 5154 2102 5208 εί
2135 5153 2533 5225 παρακούσειεν
2559 5153 2620 5207 οὐ
2654 5153 2814 5224 μόνον
2839 5151 2939 5222 τὴν
2963 5149 3264 5205 ἀθανασίαν
3298 5146 3462 5215 ἕξειν,
3496 5147 3626 5201 ἀλλά

2051 5245 2148 5300 καὶ
2173 5245 2236 5299 τὸ
2275 5243 2378 5315 τῆς
2420 5244 2674 5315 θεότητος
2714 5243 2932 5314 ἀξίωμα
2968 5239 3397 5314 προσλήψεσθαι.
3446 5239 3508 5292 Ei
3537 5237 3626 5291 καὶ

2053 5337 2087 5408 ἡ
2113 5335 2252 5407 σὰρξ
2275 5335 2459 5400 αὐτοῖς
2485 5334 2698 5406 εἰλήφει
2720 5334 2819 5406 τήν
2847 5332 3172 5398 ἀθανασίαν,
3205 5330 3323 5394 πῶς
3347 5331 3407 5384 ού
3431 5330 3625 5402 μᾶλλον

2053 5426 2454 5499 ἀνεπείσθησαν
2488 5421 2628 5482 εἶναι
2653 5425 2771 5480 θεοὶ
2802 5425 2893 5480 διὰ
2919 5425 3017 5497 τῆς
3041 5442 3114 5478 πα
3123 5424 3356 5496 ρακοῆςί
3404 5418 3499 5487 Οἷς
3523 5422 3626 5493 γὰρ

2051 5519 2154 5576 ούκ
2183 5519 2418 5592 ἤρκεσεν
2461 5516 2662 5585 ἀπειλὴ
2705 5515 2937 5571 θανάτου
2969 5516 3050 5579 είς
3093 5513 3191 5586 τήν
3237 5513 3486 5584 φυλακὴν
3533 5513 3626 5582 τῆς

2055 5609 2296 5680 ἐντολῆς,
2330 5609 2395 5663 τδ
2436 5612 2538 5680 τῆς
2566 5609 2865 5672 ἀθανασίας
2895 5606 3108 5678 βέϐαιον
3136 5605 3354 5668 πάντως
3387 5604 3455 5658 ἂν
3481 5603 3624 5666 ἀδεὲς

2057 5705 2136 5770 είς
2177 5704 2236 5759 τὸ
2274 5703 2490 5758 πταίειν
2534 5697 2622 5775 ἦν,
2657 5703 2748 5756 καὶ
2768 5700 3032 5772 διηνεκὲς,
3069 5697 3146 5771 τῷ
3191 5699 3289 5769 τῆς
3336 5693 3623 5758 ἀθανασίας
