3804 6220
158 209 269 268 θη

1350 233 1777 298 FRAGMENTA
1817 243 1881 299 ΙΝ
1905 244 2222 302 GENESIN.

3319 252 3435 315 εκ

153 332 393 438 female}
441 334 825 407 τεθαρῥηκόσι.
885 342 1110 412 Πρῶτον
1156 339 1250 401 οὖν
1292 348 1532 404 δείκνυσι
1576 355 1643 424 τῇ
1692 370 1721 407 τ

1857 358 2179 430 impendens
2220 375 2369 417 mors
2411 361 2480 417 ad
2520 362 2928 429 observandum
2965 368 3427 447 mandaturum

154 422 301 515 δύσει
328 424 427 494 τῆς
474 427 711 499 ἐντολῆς,
758 432 853 484 καὶ
880 432 969 486 διὰ
1011 435 1112 504 τῆς
1144 441 1429 510 παρακοῆς
1472 442 1581 495 τῶν
1613 422 1741 515 περὶ

133 512 250 599 ιτδν
294 516 488 586 Ἃδὰμο
515 519 597 572 δτι
632 524 901 595 συμφέρει
928 527 961 597 ἡ
996 527 1259 599 θνητότης
1281 546 1294 559 '
1338 532 1432 584 καὶ
1460 533 1581 587 τότε
1604 512 1739 588 ταύ-

156 620 257 673 την
286 606 520 674 δίδωσιν,
570 610 708 680 ὁμοῦ
742 614 834 666 καὶ
871 616 1074 669 πείθων
1105 619 1445 691 ἀνθρώπους,
1497 626 1592 678 καὶ
1631 626 1739 680 τῶν

156 698 549 768 συμφερόντων
580 704 679 757 ούκ
708 706 1097 779 ἀφιστάμενος.
1134 711 1256 766 Ὅτι
1287 714 1395 786 γὰρ
1436 716 1514 787 τῷ
1557 718 1736 789 θνητῷ

158 787 259 880 lii-Im
286 791 378 842 τὸν
409 791 691 863 ἄνθρωπον
733 799 1083 870 ηύτρέπιζεν,
1128 805 1257 858 αὐτὸ
1305 806 1367 860 τὸ
1412 809 1599 880 σχῆμα
1640 787 1734 864 τού

156 876 505 948 ἀρῤενοζκαὶ
529 885 629 937 τοῦ
657 886 843 959 θήλεος
877 890 1167 959 δείκνυσιν,
1200 896 1257 947 ὲν
1283 900 1350 968 τῇ
1379 876 1604 969 δυνάμει
1636 901 1735 973 τὴν

154 971 499 1037 παιδοποιίαν
526 977 686 1044 εὐθὺς
716 982 808 1034 καὶ
836 985 900 1036 ὲκ
927 985 1148 1057 πρώτης
1176 988 1539 1060 δεικνύμενον.
1571 971 1732 1049 Ὥστε

156 1063 187 1159 ri}
222 1065 337 1159 nev;
365 1066 563 1131 πλάσις
627 1072 931 1145 ήτοιμάσθη
965 1077 1042 1147 τῷ
1072 1078 1250 1150 θνητῷ
1296 1080 1396 1152 βίῳ
1420 1100 1433 1114 ·
1482 1085 1514 1155 ἡ
1548 1085 1605 1138 δὲ
1632 1088 1733 1159 τῆς

1844 466 1973 507 vere
2004 453 2217 519 valuit,
2264 454 2429 509 iidem
2464 456 2897 516 immortalitatis
2943 477 3174 517 munere
3209 464 3427 519 contir-

1846 545 2016 608 mati,
2063 546 2316 602 securius
2360 547 2463 601 sibi
2504 557 2765 603 arternam
2808 550 3025 606 ruinam
3060 554 3423 623 peperissent.

1844 631 2088 688 Primum
2129 637 2300 707 igitur
2333 641 2577 695 ostendit
2630 642 2775 699 Deus
2827 643 2964 716 legis
2997 647 3425 710 constitutione,

1844 736 1899 781 et
1924 741 2022 796 per
2052 728 2192 783 hanc
2236 731 2428 786 Adami
2477 734 2935 801 inobedientiam,
2973 739 3134 793 nobis
3162 740 3429 809 prodesse

1845 819 2267 889 mortalitatem;
2324 838 2388 879 ac
2431 824 2632 881 deinde
2698 830 2960 884 mortales
3010 844 3111 885 nos
3164 829 3423 894 instituit,

1846 908 2009 962 simul
2048 912 2570 980 reprehensionibus
2597 919 2805 978 nostris
2837 935 3171 985 occurrens;
3190 928 3243 975 et
3270 935 3427 975 com-

1840 1002 2019 1055 modis
2049 1006 2254 1060 nostris
2292 1007 2620 1065 inserviens.
2651 1010 2809 1076 Quod
2836 1012 2983 1067 enim
3021 1014 3288 1068 mortales
3320 1027 3427 1068 nos

1837 1088 2051 1149 ellicere
2089 1095 2423 1163 decreverit,
2472 1102 2668 1170 probat
2713 1103 2831 1172 ipsa
2880 1105 3049 1162 maris
3095 1112 3155 1160 et
3208 1104 3424 1159 feminae

154 1154 380 1226 ἐντολῆς
412 1159 577 1223 δόσις.
617 1166 711 1218 καὶ
736 1167 797 1218 τὸ
829 1169 1173 1236 αὐτεξούσιον
1203 1154 1606 1245 προεγύμνασε,
1642 1154 1721 1233 καλ

1845 1181 2163 1251 distinctio,
2210 1205 2317 1258 qua
2383 1154 2615 1248 facultas
2682 1154 2885 1251 liberos
2942 1197 3171 1251 creandi
3214 1196 3302 1252 vel
3351 1195 3429 1250 ab

153 1246 319 1301 ἔδωκε
349 1254 417 1322 τῇ
457 1254 650 1327 γνώμῃ
692 1258 798 1311 τῶν
830 1260 1167 1332 αὐθαιρέτων
1197 1265 1423 1333 ἀγώνων
1465 1267 1561 1339 τὴν
1598 1270 1735 1340 πρύ-

152 1357 338 1407 φασιν,
376 1346 469 1399 καὶ
497 1347 559 1400 τὸ
580 1354 677 1420 τῆς
711 1352 1033 1425 θνητότητος
1065 1357 1342 1430 συμφέρον
1373 1359 1593 1425 ἔδειξεν.

1840 1276 2000 1331 ἰηῑῑῑο
2049 1278 2198 1333 data.
2236 1279 2318 1334 Ad
2353 1287 2641 1338 mortalem
2690 1286 2858 1356 igitur
2912 1288 3081 1365 vitam
3126 1288 3431 1344 constituti.

1844 1365 2060 1422 fuerant
2087 1370 2373 1440 homines;
2402 1375 2645 1428 mandati
2677 1384 2861 1431 autem
2886 1377 2968 1432 lex
2994 1387 3047 1431 ct
3078 1379 3287 1434 liberos
3318 1391 3419 1432 nos

162 1439 462 1542 constituit,
494 1453 549 1500 et
603 1451 923 1506 exercendae
989 1455 1290 1513 voluntatis
1347 1458 1699 1515 occasionem
1757 1462 2035 1531 praebuit,
2071 1476 2138 1524 et°
2177 1439 2479 1524 declaravit
2553 1481 2823 1541 quantum
2891 1474 3052 1529 nobis
3122 1472 3417 1542 prodesset

153 1533 490 1590 mortalitas.

222 1628 374 1697 Στίχ.
409 1630 515 1699 κβ’.
548 1663 618 1673 —
658 1634 933 1707 Ἐξητεῖτε
957 1642 1013 1695 τί
1045 1644 1161 1697 ἐστι
1179 1644 1436 1713 χιτῶνας
1454 1645 1732 1717 δερματί-

153 1736 323 1786 νους.
375 1722 515 1776 Ἀλλ’
545 1728 593 1778 εί
622 1728 720 1797 μὲν
748 1729 900 1795 ζώων
934 1737 1272 1804 σφαγέντων,
1304 1739 1366 1804 ἐξ
1407 1741 1587 1795 αὐτῶν
1611 1742 1734 1811 ὲγέο
1773 1718 1816 1774 Β

151 1827 306 1865 νοντο
334 1815 405 1868 τὰ
425 1817 710 1888 ἐνδύματα,
740 1823 958 1895 εὖδηλον
983 1829 1065 1883 ὅτι
1100 1832 1323 1885 ἐπέλιπε
1350 1834 1411 1887 τὸ
1440 1836 1597 1903 γένος
1623 1836 1733 1891 τῶν

155 1906 497 1973 σφαγέντων.
536 1914 693 1984 Ἀρτι
741 1918 837 1986 μὲν
877 1919 971 1974 τοῦ
1014 1922 1148 1976 Θεοῦ
1172 1925 1341 1996 ἄρρεν
1370 1944 1427 1979 τε
1458 1929 1552 1981 καὶ
1600 1928 1732 1999 θῆλυ

152 2002 534 2070 πεποιηκότος,
576 2006 726 2061 οῦπω
753 2010 809 2064 δὲ
842 2013 1054 2079 οὐδενὸς
1080 2020 1445 2088 τεταγμένου,
1491 2020 1626 2088 πρὸς
1654 2022 1734 2091 τῷ

151 2091 378 2147 κάκεῖνο
413 2097 484 2167 μὴ
518 2098 825 2171 ἐνδέχεσθαι
852 2106 1108 2175 νομίζειν,
1150 2109 1232 2164 ὃτι
1261 2111 1375 2175 ζῶα
1405 2113 1733 2181 σφάττεσθαι

152 2185 445 2241 ἐκέλευσεν
486 2190 514 2242 6
556 2190 707 2255 Θεὸς,
755 2194 844 2248 ὅτε
896 2199 1060 2268 μήπω
1106 2203 1414 2272 κρεοφαγία
1450 2201 1520 2276 ῆν
1550 2208 1733 2261 ἐπιτε-

152 2278 447 2350 τραμμένη
477 2282 589 2345 τοῖς
619 2283 931 2357 ἀνθρώποις
955 2302 971 2319 ⁸
1015 2294 1143 2357 τοὺς
1176 2295 1251 2365 μὴ
1283 2294 1443 2359 ὄντας
1475 2297 1532 2350 δὲ
1571 2298 1736 2369 χιτῶ-

154 2387 252 2433 νας
296 2370 378 2424 ἔτι
413 2372 572 2427 πλέον
609 2377 857 2448 ἀπρεπὲς
900 2382 1161 2451 νομίζειν,
1211 2387 1293 2440 ὅτι
1338 2389 1661 2459 παρήγαγεν
1703 2391 1733 2443 6

152 2459 310 2555 θεὸς,
353 2464 413 2527 ὃς
438 2468 504 2537 τῇ
545 2468 638 2522 τοῦ
666 2470 953 2542 ἀνθρώπου
986 2477 1203 2547 ποιήσει
1232 2478 1327 2531 τού
1367 2483 1542 2533 ποιεῖν
1570 2500 1625 2534 τι
1657 2483 1732 2555 μὴ

150 2551 213 2605 ὃν
239 2554 623 2623 ἀπεπαύσατο,
648 2560 724 2625 ὡς
748 2562 806 2616 ἑν
826 2564 998 2637 τούτῳ
1021 2567 1115 2620 τοῦ
1142 2568 1346 2639 κόσμου
1373 2570 1574 2635 παντὸς
1603 2589 1736 2643 συμ-

152 2646 400 2716 περανας
427 2648 526 2720 τὴν
559 2652 798 2721 ποίησιν.
828 2655 1065 2725 Εὔδηλον
1090 2654 1202 2721 οὖν,
1233 2659 1310 2723 ὡς
1340 2662 1448 2715 οὐδ’
1477 2662 1543 2718 ἂν
1572 2664 1734 2734 χιτῶ-

151 2752 252 2800 νας
277 2737 637 2809 δερματίνους
675 2745 737 2798 ὲκ
763 2746 856 2800 τοῦ
891 2749 965 2819 μὴ
993 2749 1143 2813 ὄντος
1181 2754 1522 2824 παρήγαγεν.
1573 2756 1734 2809 Ἀλλά

151 2829 265 2899 γὰρ
309 2831 603 2903 ἠγνόησαν,
625 2834 699 2900 ὡς
737 2836 930 2902 ἔοικεν,
959 2842 1009 2893 oi
1034 2844 1161 2913 περὶ
1189 2844 1394 2899 τούτων
1422 2848 1730 2917 ζητοῦντες,

150 2920 237 2972 ὅτι
284 2920 528 2994 δέρματα
564 2927 625 2980 οὐ
663 2927 822 2997 μόνον
849 2931 918 2986 τὰ
946 2932 1011 2985 ὲκ
1036 2933 1146 2987 τῶν
1175 2936 1329 3000 ζώων
1357 2938 1734 3011 ἀφαιρούμενα

151 3011 397 3081 λέγεται,
428 3016 563 3071 ἀλλά
592 3020 689 3074 καὶ
719 3022 788 3075 τὰ
816 3024 879 3076 ἐκ
906 3024 1013 3077 τῶν
1045 3026 1297 3098 δένδρων.
1330 3030 1365 3085 ἃ
1395 3033 1488 3085 καὶ
1516 3034 1734 3101 φλοιοὺς

151 3106 443 3177 ὀνομάζειν
484 3108 605 3173 ἔθος
647 3114 758 3176 τοῖς
806 3114 1043 3179 πολλοῖς.
1104 3118 1199 3171 Ἐκ
1241 3119 1472 3190 δένδρων
1518 3123 1730 3189 τοίνυν,

150 3200 496 3270 ἐπιτηδείους
560 3221 677 3268 πως
744 3205 959 3273 φλοιοὺς
1003 3208 1235 3277 ἐχόντων
1292 3211 1373 3273 εἰς
1420 3210 1734 3282 ἐνδυμάτων

151 3295 503 3365 κατασκευὴν
531 3297 581 3349 oi
624 3297 754 3368 περὶ
791 3298 884 3352 τὸν
930 3300 1103 3370 ’Ᾱδάμ
1138 3297 1291 3374 ἦκον,
1326 3302 1419 3356 τοῦ
1448 3303 1583 3357 Θεοῦ
1612 3308 1735 3358 κατ’

150 3384 367 3439 ἔννοιαν
411 3387 594 3450 αὐτοῖς
625 3387 980 3460 ὑποθεμένου,
1019 3391 1137 3455 πῶς
1168 3392 1273 3463 χρὴ
1303 3393 1461 3447 τοῦτο
1488 3396 1730 3465 ποιῆσαι.

226 3476 378 3546 Στίχ.
409 3477 504 3531 κδ’.
538 3507 606 3518 -
634 3480 747 3533 Ούκ
777 3482 1042 3552 ἀοράτους
1090 3483 1241 3547 τινὰς
1287 3484 1545 3556 δυνάμεις
1585 3488 1735 3555 λέγει

150 3565 222 3620 ri
255 3568 569 3639 Χερουϐὶμ,
593 3567 668 3633 ὥς
686 3586 827 3634 τινες
863 3572 1080 3626 οἴονται*
1123 3577 1244 3630 ἐπεὶ
1292 3578 1425 3647 μηδὲ
1465 3580 1734 3633 συνετέλει

151 3676 210 3711 τι
257 3658 490 3728 ἀόρατος
534 3661 694 3728 φύσις
740 3666 875 3728 ἐκεῖ,
909 3666 1172 3738 αἰσθητῆς
1199 3668 1373 3737 ὄψεως
1416 3671 1735 3741 ὀφειλούσης

153 3742 298 3801 εἶναι
338 3749 439 3817 τῆς
482 3750 573 3803 τὸν
611 3752 785 3823 Ἀδὰμ
822 3756 1202 3829 παιδευούσης.
1251 3760 1388 3813 Οότε
1419 3757 1513 3814 οὖν
1540 3764 1572 3832 ὴ
1604 3764 1736 3829 φλο-

152 3839 283 3907 γίνη
328 3841 571 3909 ῥομφαία
615 3844 775 3909 φύσις
802 3840 870 3915 ἦν
904 3848 1108 3917 πυρὸς,
1160 3850 1274 3903 ἀλλ’
1306 3852 1426 3919 ὄψις
1468 3854 1689 3924 τοιαύτη
1715 3871 1730 3885 ο

151 3931 278 3984 οὐδὲ
313 3931 379 3984 τὰ
417 3934 694 4005 Χερουϐὶμ
724 3934 857 4002 ζῶα,
896 3939 1009 3992 ἀλλ’
1035 3940 1157 4008 ὄψις
1180 3943 1405 4013 τοιαύτη
1429 3960 1445 3974 ·
1492 3944 1614 3997 ἐπεὶ
1641 3946 1736 3999 καὶ

165 4014 429 4093 ’Ῐεζεκιὴλ
472 4028 910 4098 τετραπρόσωπα
957 4031 1024 4087 τὰ
1061 4034 1338 4105 Χερουϐὶμ
1370 4036 1490 4106 ὁρᾷ.
1527 4037 1734 4107 Τετρα-

155 4114 431 4182 «edam-ira
458 4116 513 4170 δὲ
537 4118 766 4189 ἀόρατος
793 4121 954 4189 φύσις
990 4124 1089 4177 ούκ
1120 4124 1265 4178 ἔστιν
1284 4143 1298 4155 ·
1353 4126 1489 4180 ἀλλά
1529 4128 1734 4198 Χερου-

156 4202 261 4271 ϐὶμ
314 4205 470 4259 καλεῖ
508 4211 614 4262 πᾶν
658 4210 718 4264 τὸ
757 4212 978 4267 δυνατόν
1009 4232 1024 4247 ο
1070 4215 1212 4269 οὕτω
1256 4216 1427 4284 λέγει,
1482 4218 1547 4270 Ὀ
1592 4221 1735 4271 καθ-

154 4294 384 4363 ήμενος
409 4297 640 4353 ἐπὶτῶν
658 4303 964 4373 Χερουϐὶμ,
995 4307 1116 4360 avri.
1140 4307 1256 4371 τοῦ,
1282 4311 1310 4361 6
1338 4308 1558 4373 δυνατὸς
1583 4309 1735 4378 βασι-

1760 3075 1802 3132 C

1916 1647 2080 1705 Vens.
2117 1649 2208 1705 22.
2241 1681 2311 1693 —-
2350 1652 2605 1725 negastis
2648 1655 2779 1725 quid
2821 1655 2927 1711 sibi
2979 1656 3150 1710 velint
3187 1655 3292 1712 illa:
3333 1665 3420 1712 tu-

1844 1739 1982 1795 nicae
2009 1742 2270 1812 pellicem.
2317 1745 2473 1811 Quod
2518 1746 2563 1801 si
2610 1761 2676 1800 ex
2726 1746 3023 1801 immolatis
3082 1747 3416 1805 animalibus

1836 1841 2022 1887 vestes
2074 1834 2468 1901 conficiendae,
2527 1838 2881 1893 manifestum
2938 1854 3114 1909 genus
3178 1838 3415 1895 istorum

1835 1925 2159 1980 animalium
2186 1927 2253 1980 ad
2277 1928 2481 1985 exitum
2512 1944 2635 1985 esse
2659 1930 3005 1999 perductum.
3053 1929 3198 1986 Deus
3231 1939 3412 1987 autem

1836 2030 2011 2083 nuper
2051 2032 2111 2071 ea
2150 2018 2475 2074 condiderat
2522 2022 2833 2076 masculum
2871 2029 2925 2076 ct
2970 2020 3268 2088 feminam,
3311 2037 3415 2077 nec

1835 2122 2074 2177 unquam
2097 2109 2229 2177 quid
2254 2116 2546 2171 statuerat.
2573 2111 2723 2167 unde
2745 2111 3076 2168 concludere
3101 2114 3415 2183 possimus,

1833 2198 1979 2269 quod
2015 2201 2270 2255 animalia
2302 2202 2822 2272 mactarijusserit,
2856 2204 2985 2257 dum
3019 2204 3259 2259 nondum
3284 2219 3414 2259 car-

1833 2305 1957 2345 nem
1980 2291 2142 2345 edere
2166 2291 2481 2348 hominibus
2508 2294 2720 2349 liceret.
2748 2293 3061 2350 Absurdius
3083 2297 3246 2350 etiam
3269 2295 3435 2351 foret-

1833 2382 2171 2437 contendere
2218 2381 2389 2437 Deum
2424 2383 2642 2439 tunicas
2679 2399 2748 2439 ex
2800 2385 2976 2439 nihilo
3020 2385 3261 2452 fecisse,
3314 2386 3410 2455 qui

1835 2471 2076 2527 hominis
2107 2472 2427 2529 conditione
2459 2476 2727 2530 crcationi
2760 2491 2824 2530 ex
2871 2476 3046 2531 nihilo
3092 2476 3252 2533 linem
3304 2477 3417 2533 im-

1832 2567 2051 2633 posuit,
2101 2573 2363 2637 tanquam
2395 2566 2450 2622 in
2496 2567 2591 2621 illo
2624 2583 2806 2622 rerum
2843 2568 3090 2624 omnium
3118 2568 3413 2639 perfectio-

1834 2671 1958 2711 nem
2012 2671 2406 2714 consummans
2443 2676 2457 2712 :
2502 2659 2648 2714 unde
2688 2658 2851 2714 etiam
2898 2668 3163 2730 apparet,
3195 2660 3415 2716 tunicas

1833 2747 2094 2817 pollicens
2141 2764 2249 2803 non
2290 2766 2355 2805 ex
2404 2750 2574 2806 nihilo
2629 2750 2824 2808 factas.
2882 2750 2998 2806 Non
3055 2752 3411 2808 attenderunt

1834 2846 2045 2903 autem,
2077 2847 2134 2891 ut
2179 2840 2314 2893 mihi
2345 2840 2564 2896 videtur
2587 2880 2601 2903 ,
2637 2841 2729 2911 qui
2775 2841 2881 2896 hac
2909 2840 2977 2897 de
3012 2859 3070 2897 re
3104 2842 3411 2913 inquirunt,

1833 2928 2005 2997 pelles
2030 2930 2213 2983 vocari
2255 2945 2364 2985 non
2412 2933 2589 2986 solum
2628 2948 2751 3003 qua:
2793 2948 2859 2987 ex
2903 2933 3260 2999 animalibus,
3311 2935 3413 2990 sed

1835 3021 1998 3075 etiam
2035 3036 2157 3090 quae
2206 3037 2271 3077 ex
2314 3012 2639 3088 arboribus,
2696 3041 2816 3094 quae
2858 3027 3100 3081 cortices
3134 3026 3410 3081 nominari

1836 3112 2158 3181 plerumque
2184 3114 2381 3168 solent.
2417 3116 2500 3171 Ab
2549 3117 2842 3172 arboribus
2890 3118 3060 3189 igitur
3100 3125 3417 3188 Opportune

1836 3203 2041 3258 cortice
2077 3204 2364 3261 instructis
2385 3206 2694 3277 desumpsit
2716 3208 2889 3262 Adam
2922 3209 3249 3265 vestimenta
3282 3225 3407 3275 sua,

1834 3294 2065 3349 docente
2098 3293 2208 3349 Deo
2233 3311 2340 3365 qua
2378 3298 2589 3352 ratione
2625 3299 2727 3353 hoc
2760 3298 3073 3355 faciendum
3115 3301 3210 3356 sit.

1906 3476 2073 3533 Vens.
2106 3477 2201 3532 24.
2248 3509 2317 3519 -
2359 3476 2478 3532 Non
2539 3477 2842 3534 invisibiles
2882 3479 3129 3549 quaedam
3178 3478 3409 3537 virtutes

1832 3577 2100 3621 vocantur
2141 3567 2230 3622 hic
2276 3567 2564 3622 cherubim
2589 3608 2603 3629 ,
2654 3568 2730 3622 uti
2788 3569 3043 3638 pluribus
3081 3568 3259 3623 visum
3299 3579 3406 3625 est.

1834 3657 1977 3723 Quid
2029 3659 2173 3713 enim
2230 3659 2584 3729 praestitisset
2634 3660 2747 3714 illic
2810 3660 3108 3715 invisibilis
3181 3667 3405 3726 natura,

1834 3763 1959 3802 cum
2004 3749 2251 3804 sensibili
2306 3751 2623 3819 spectaculo
2665 3752 2838 3804 Adam
2886 3751 3226 3807 erudiendus
3258 3751 3409 3804 erat?

1835 3838 1946 3894 Nec
1989 3839 2236 3895 ﬂammea
2272 3842 2440 3911 igitur
2471 3842 2785 3911 rhomphaca
2830 3842 2971 3911 ignis
3015 3850 3137 3897 erat
3189 3852 3406 3908 natura,

1836 3931 1932 3984 sed
1975 3931 2045 3983 ita
2077 3931 2415 4000 apparebat;
2454 3946 2556 3986 nec
2604 3939 2764 3987 erant
2812 3933 3096 3986 cherubim
3128 3933 3404 3995 animalia,

1836 4022 1931 4077 sed
1981 4024 2051 4076 ita
2103 4019 2455 4076 videbantur.
2515 4021 2652 4076 Nam
2705 4023 2955 4078 Ezechiel
2999 4038 3222 4093 quoque
3271 4022 3410 4076 vidit

1835 4113 2120 4167 cherubim
2154 4113 2502 4184 quadruplici
2556 4113 2698 4169 facie
2741 4114 3079 4179 instructos,
3122 4114 3248 4169 licet
3283 4114 3411 4170 talis

1836 4222 1944 4260 non
1972 4205 2045 4260 sit
2076 4213 2269 4259 natura
2300 4206 2618 4261 invisibilis.
2650 4204 2719 4259 At
2742 4206 3027 4260 cherubim
3048 4214 3211 4259 vocat
3236 4206 3410 4275 quod-

1836 4312 2057 4363 cunque
2103 4304 2375 4366 potestate
2440 4304 2698 4366 praestat;
2737 4295 2818 4350 sic
2857 4296 3071 4357 dicens,
3110 4294 3217 4360 Qui
3265 4295 3414 4350 sede:

153 4389 285 4451 λεὺς
314 4389 390 4441 ὧν
414 4405 426 4418 ·
445 4390 552 4455 καὶ,
593 4390 800 4459 Ἐπέϐη
819 4395 915 4448 ἐπὶ
946 4398 1255 4468 Χερουϐὶμ,
1284 4401 1381 4453 καὶ
1412 4399 1721 4467 ἐπετάσθηι

1845 4404 1996 4455 super
2026 4387 2292 4441 cherubim
2336 4387 2355 4459 (
2380 4386 2528 4440 Psal.
2555 4403 2722 4441 xcvm
2750 4426 2764 4449 ,
2792 4388 2813 4441 1
2839 4387 2857 4458 )
2885 4428 2900 4452 ,
2934 4384 3094 4455 quasi
3119 4385 3287 4446 dicat,
3311 4386 3407 4454 qui

154 4477 280 4531 ἀντὶ
312 4476 443 4540 τοῦ,
489 4478 627 4547 μετά
666 4482 863 4551 πολλῆς
907 4487 1241 4555 παρεγένετο
1279 4488 1379 4557 τῆς
1430 4488 1730 4559 δυνάμεως.

156 4566 237 4619 Τδ
262 4562 385 4627 οὖν,
409 4566 622 4632 Ἔταεε
656 4569 731 4625 τὰ
748 4572 1056 4643 Χερουϐὶμ,
1079 4574 1165 4628 ἵνα
1183 4573 1329 4650 εἴπῃ·
1347 4578 1586 4648 Δυνατήν
1613 4594 1735 4629 τινα

154 4657 256 4711 καὶ
296 4657 536 4729 φοϐερὰν
564 4660 687 4730 ὄψιν
730 4661 823 4716 καὶ
865 4665 1077 4736 μορφὴν
1122 4666 1324 4720 ὡσανεί
1369 4685 1531 4721 τινων
1580 4667 1736 4730 ζώων

156 4748 431 4816 ἐπέστησε
456 4752 523 4822 τῇ
559 4752 746 4824 εἰσόδῳ
772 4753 866 4809 τοῦ
898 4755 1247 4827 παραδείσου,
1283 4756 1424 4812 ὥστε
1452 4758 1735 4829 ἀπείργειν

154 4839 253 4893 τὸν
299 4841 494 4913 ’Δδάμ.

754 5028 1007 5086 ΚΕΦΑΛ.
1043 5030 1146 5085 ιε’.

226 5112 378 5183 Στίχ.
410 5119 480 5181 γ’.
531 5146 604 5157 -
654 5117 791 5173 θύτε
838 5122 905 5191 τῇ
958 5120 1115 5189 φύσει
1163 5121 1357 5193 ἄνδρες
1398 5115 1573 5189 ἦσαν,
1619 5121 1735 5176 ἀλλ’

154 5203 379 5257 ἐδόκουν
401 5199 560 5269 εἶναι,
583 5206 707 5261 οὔτε
737 5208 938 5279 ἔφαγον
965 5212 1037 5275 ὡς
1059 5211 1155 5266 ἀνθ
1163 5230 1355 5283 ρωποι,
1379 5214 1494 5267 ἀλλ’
1518 5213 1736 5269 ἐδόκουν

153 5296 360 5350 ἐσθίειν
406 5300 475 5369 τῇ
513 5299 635 5369 ὄψει
675 5301 785 5355 τῶν
814 5300 1098 5374 δρώντων,
1142 5304 1579 5377 ἀναλισκομένων
1623 5307 1735 5363 τῶν

154 5386 565 5458 προτιθεμένων
596 5392 738 5446 κατά
761 5392 912 5447 θείαν
938 5393 1238 5465 ἐνέργειαν.

225 5475 377 5548 Στίχ.
421 5477 524 5533 λα’.
576 5508 646 5520 -
677 5479 885 5535 Οὐκοῦν
910 5483 972 5536 ού
1012 5484 1184 5548 πάθος
1218 5486 1512 5552 ἀκολασίας
1536 5487 1734 5559 ἤλασεν

152 5564 362 5634 αὐτὰς,
409 5566 545 5622 ἀλλὰ
590 5570 756 5640 φειδὼ
787 5569 882 5627 τοῦ
911 5572 1119 5641 γένους.
1151 5575 1312 5630 Ὅθεν
1345 5576 1728 5633 εὐσύννωστοι.

1838 4486 2034 4548 petens
2060 4485 2144 4530 est
2164 4494 2257 4532 rex
2285 4495 2300 4541 ;
2341 4478 2416 4531 ita
2450 4478 2640 4541 etiam,
2670 4478 2920 4532 Ascendit
2951 4492 3109 4546 super
3133 4476 3409 4531 cherubim

1836 4579 1884 4622 et
1910 4569 2100 4623 volavit
2133 4568 2323 4637 (Psal.
2354 4583 2491 4630 xvn,
2524 4568 2584 4622 ii
2606 4568 2646 4637 ),
2677 4568 2782 4621 hoc
2804 4575 2909 4632 est,
2944 4568 3113 4622 multa
3143 4583 3266 4622 cum
3306 4581 3410 4638 po-

1837 4665 2035 4713 testate
2069 4658 2339 4726 apparuit.
2389 4654 2522 4710 Illud
2584 4655 3073 4725 igitur,ordinavit
3116 4656 3407 4722 cherubim,

1837 4749 1981 4803 idem
2004 4756 2166 4802 sonat
2212 4762 2276 4803 ac
2309 4764 2323 4799 :
2356 4747 2636 4811 Potentem
2681 4755 2736 4801 et
2785 4745 3085 4801 terribilem
3113 4746 3406 4817 quemdam

1833 4839 2103 4896 visionem
2152 4852 2215 4893 ac
2259 4837 2529 4895 formam.
2579 4843 2836 4902 tanquam
2869 4835 3228 4903 animalium,
3281 4845 3410 4892 ante

1836 4929 2041 4984 aditum
2068 4926 2306 4998 paradisi
2334 4924 2657 4988 constituit,
2685 4939 2795 4994 qua
2836 4924 3010 4980 Adam
3041 4932 3404 4981 averteretur.
3446 4921 3451 4927 ’

2452 5015 2607 5071 CAP.
2645 5014 2789 5070 XIX.

1910 5109 2076 5167 Vens.
2114 5109 2172 5165 3.
2199 5139 2270 5153 —-
2296 5105 2414 5164 Non
2435 5115 2594 5165 erant
2626 5114 2824 5163 natura
2854 5106 3136 5173 homines,
3167 5109 3261 5163 sed
3288 5122 3411 5163 esse
3448 5102 3451 5105 ’

1833 5202 2196 5266 videbantur;
2228 5214 2330 5256 nec
2359 5198 2721 5254 comedebant
2744 5204 2805 5252 ut
2836 5197 3112 5263 homines,
3138 5198 3231 5253 sed
3257 5197 3409 5252 vide-

1833 5295 2037 5351 bantur
2064 5291 2351 5349 comedere
2373 5289 2714 5346 cernentium
2736 5286 2941 5355 oculis,
2964 5287 3202 5344 sublatis
3223 5286 3408 5342 divina

1834 5385 2074 5458 potentia
2105 5398 2227 5454 quae
2252 5380 2643 5438 oﬂerebantnr.
3340 5374 3344 5381 ⁴

1904 5476 2187 5533 Vens.31.
2221 5504 2293 5515 —
2324 5472 2444 5529 Non
2501 5473 2863 5545 indulgebant
2918 5470 3088 5541 igitur
3153 5466 3407 5522 libidinis
3442 5466 3451 5555 ρ

1834 5569 2112 5634 motibus,
2164 5566 2259 5625 sed
2309 5567 2496 5639 generi
2536 5580 2639 5624 suo
2685 5562 3006 5637 parcebant.
3049 5557 3207 5617 Unde
3243 5558 3407 5616 venia

1840 5661 2039 5731 dignm.
