3856 6226
334 131 434 217 om

1506 129 1858 190 TIIEODORI
1911 127 2138 186 MOPSU
2149 128 2396 187 ESTENI

3495 116 3606 184 ω

408 242 578 306 Vsus.
601 249 695 306 52.
725 279 795 291 —
826 247 1038 303 Fmtim
1074 262 1136 305 se
1164 261 1291 303 cum
1320 253 1479 320 patre
1501 246 1760 300 miscent.
1794 241 1913 299 Non
1941 271 1953 300 Δ

2087 243 2237 314 Στίχ.
2267 243 2370 313 λβ’.
2418 273 2484 285 --
2515 240 2822 298 κλέπτουσι
2849 239 2946 296 τοῦ
2993 239 3200 311 πατρὸς
3239 238 3342 310 τὴν
3387 240 3606 310 κοίτην.

337 339 589 414 fugiebat
617 341 766 398 enim
799 353 895 396 eas
920 337 1093 396 sobrii
1135 340 1310 411 patris
1338 335 1731 409 temperantia.

967 440 1280 510 CAP.xx.

409 566 578 627 Vens.
600 569 654 626 5.
679 590 750 612 -ί-
765 569 892 625 .Non
921 567 1367 638 intemperantia,
1393 564 1595 636 inquit,
1616 562 1766 620 volui
1789 575 1917 617 cum

1907 397 1910 400 .
2018 335 2276 406 ᾜδεισαν
2306 335 2418 409 γὰρ
2445 336 2708 408 νήφοντος
2733 335 2834 406 τὴν
2860 332 3214 405 σωφροσύνην
3245 329 3434 387 αὐτοῦ.

2617 448 2876 507 ΚΕΦΑΛ.
2903 448 2991 505 K'.

2085 563 2235 634 Στίχ.
2269 569 2334 619 ε’.
2354 557 2562 617 -Οὐκ
2603 559 2892 635 ἀκολασία.
2925 562 3112 634 φησὶν,
3139 551 3450 632 ἠϐουλήθην
3482 576 3616 613 συν-

337 674 404 719 ea
435 661 738 733 conjungi,
788 661 886 718 sed
921 659 1104 732 magni
1136 674 1264 716 esse
1282 657 1517 722 credidi.
1550 657 1598 716 si
1629 655 1915 711 mulierem

2067 655 2192 710 ιθεῖν
2228 650 2392 728 αὐτῇ,
2433 655 2550 710 ἀλλ’
2582 645 2660 721 ὼς
2702 655 2916 710 δικαίαν
2961 653 3056 710 καὶ
3104 652 3342 744 ἀδελφὴν
3389 651 3615 707 δικαίου

339 762 590 818 sanctam
631 761 688 810 et
729 753 838 811 viri
883 753 1065 811 sancti
1097 761 1346 809 sororem
1395 751 1454 808 in
1501 746 1917 806 matrimonium

2067 746 2276 818 ἐγιστον
2299 747 2618 821 ἡγησάμην,
2648 748 2698 802 εί
2725 747 2992 820 ἀγάγοιμι
3023 745 3163 820 πρὸς
3186 745 3388 817 γάμον.

338 845 618 908 ducerem.

928 955 1085 1014 CAP.
1116 953 1336 1011 XXVII.

409 1069 584 1127 Vsus.
615 1068 669 1126 I.
704 1064 912 1126 a—ﬂoc
945 1079 1167 1141 quoque
1198 1067 1399 1123 divina:
1429 1064 1624 1137 gratia:
1657 1078 1823 1136 opus,
1859 1069 1921 1117 ut

340 1162 567 1219 interim
607 1176 711 1234 ope
753 1159 1018 1219 Rebeccae
1061 1155 1270 1216 Iacobo
1304 1153 1745 1214 benedictionem
1789 1155 1923 1212 sub~

339 1259 528 1329 ripere
556 1257 770 1314 liceret.

893 1368 1050 1427 CAP.
1095 1367 1339 1426 XXVIII.

417 1484 589 1542 Vsus.
613 1485 700 1542 l8.
720 1516 794 1530 —
821 1481 1338 1557 Superfuditlacob
1366 1481 1547 1539 oleum
1572 1481 1629 1536 in
1654 1493 1925 1535 cacumen

2601 947 2850 1007 ΚΕΦΑΛ.
2888 951 3014 1008 ΚΖ’.

2089 1063 2242 1135 Στίχ.
2271 1069 2344 1120 a'.
2388 1091 2460 1104 —-
2501 1063 2614 1119 Καὶ
2640 1063 2802 1118 τοῦτο
2828 1064 2927 1136 τῆς
2954 1064 3106 1128 Θείας
3145 1065 3365 1138 χάριτος
3399 1065 3573 1139 ἔργον
3595 1081 3618 1098 ο

2020 1155 2110 1209 ἴνα
2138 1156 2197 1210 ἐν
2228 1155 2380 1227 μέσῳ
2408 1155 2601 1228 καιρὸς
2630 1155 2860 1228 γίνηται
2879 1159 2948 1229 τῇ
2984 1156 3252 1230 Ῥεϐέκκα
3289 1157 3491 1228 κλέψαι
3532 1157 3622 1228 τῷ

2034 1247 2232 1303 Ἰακὼϐ
2260 1246 2362 1320 τήν
2384 1247 2657 1318 εὐλογίαν.

2600 1360 2858 1416 ΚΕΦΑΛ.
2899 1360 3036 1416 κη’.

2095 1471 2244 1543 Στῐχ.
2293 1478 2382 1544 ιη’.
2434 1501 2508 1515 —
2564 1472 2825 1542 Ἔπὲχεεν
2867 1473 2897 1526 ό
2936 1471 3132 1528 Ἰακὼϐ
3175 1472 3352 1527 ἔλαιον
3402 1473 3501 1526 ἐπὶ
3553 1473 3624 1528 τὸ

347 1575 578 1645 lapidis,
612 1582 669 1630 et
698 1574 914 1630 vocavit
956 1575 1178 1638 locum,
1215 1572 1421 1628 Domus
1458 1569 1574 1626 Dei.
1606 1567 1710 1624 Hic
1738 1577 1922 1623 autem

2067 1580 2195 1635 κρον
2223 1563 2319 1617 τοῦ
2349 1563 2520 1630 λίθου,
2549 1563 2645 1619 καὶ
2671 1563 2896 1618 ἐκάλεσε
2924 1565 3016 1618 τὸν
3044 1565 3229 1630 τόπον,
3260 1561 3428 1629 Οἶκος
3446 1565 3620 1621 Θεοῦ.

352 1665 529 1737 ﬁgura
585 1665 814 1723 Mosaici
847 1663 1219 1729 tabernaculi,
1253 1661 1402 1734 quod
1445 1666 1831 1717 constructum
1871 1665 1928 1714 et

2067 1655 2135 1709 Ην
2164 1653 2223 1708 δὲ
2245 1653 2307 1708 τὸ
2338 1655 2571 1726 πρᾶγμα
2604 1654 2774 1720 τύπος
2797 1655 2896 1724 τῆς
2921 1655 3224 1725 Μωσαῖκῆς
3265 1657 3473 1728 σκηνῆς
3500 1674 3519 1689 ο
3549 1659 3625 1728 ἢν

348 1757 679 1814 aediﬁcatum
704 1761 1006 1812 unxerunt.

2067 1745 2450 1811 ατασκευάσας
2484 1747 2579 1800 καὶ
2610 1747 2944 1818 ἀναστήσας,
2979 1746 3216 1818 ἔχρισεν.

957 1867 1114 1925 CAP.
1152 1865 1326 1923 XXX.

2625 1854 2878 1917 ΚΕΦΑΛ.
2919 1859 3001 1915 A'.

423 1983 703 2041 Vens.59.
745 1983 1080 2051 -Quando
1128 1983 1186 2039 in
1235 1981 1632 2053 Mesopotamia
1687 1981 1932 2038 subalbae

2101 1973 2252 2045 Στίχ.
2283 1972 2383 2029 λθ’.
2418 2003 2490 2016 -
2531 1973 2750 2045 Ἐπειδὴ
2782 1973 2840 2028 δὲ
2887 1973 2947 2027 ὲν
2995 1975 3061 2045 τῇ
3110 1975 3513 2047 Μεσοποταμίᾳ
3550 1979 3628 2030 τὰ

351 2089 487 2130 oves
523 2081 848 2144 quaeruntur
873 2114 890 2139 ,
944 2073 1226 2144 nigrmque
1264 2087 1480 2144 caprze,
1533 2072 1589 2126 in
1637 2068 1930 2127 Palaestina

2067 2067 2200 2120 ευκά
2228 2064 2470 2137 ζητεῖται
2497 2059 2769 2136 πρόϐατα,
2797 2061 2893 2120 καὶ
2917 2066 2973 2119 αἱ
3002 2065 3230 2136 μέλανες
3259 2062 3434 2135 αἶγες.
3465 2069 3531 2122 ὲν
3563 2068 3628 2122 δὲ

354 2170 540 2218 autem
599 2161 943 2218 contrarium
1000 2162 1172 2228 valet,
1233 2160 1544 2220 commodis
1600 2161 1933 2218 inserviebat

2067 2159 2099 2230 ᾗ
2129 2153 2464 2229 Παλαιστίνῃ
2491 2157 2554 2210 τὸ
2582 2157 2846 2224 ἐναντίον,
2870 2157 3008 2230 πρὸς
3036 2158 3100 2210 τὸ
3122 2157 3231 2211 τῶν
3262 2160 3631 2232 πατριαρχῶν

353 2255 797 2327 patriarcharum
822 2269 910 2310 res
937 2263 1062 2310 ante
1089 2253 1258 2309 dicta.

2067 2245 2312 2322 υμφέρον
2341 2249 2704 2321 οἰκονομεῖται
2730 2249 2798 2303 τά
2831 2249 3229 2322 προειρημένα.

940 2365 1093 2423 CAP.
1129 2362 1348 2422 XXXII.

428 2475 587 2536 Vers.
622 2480 672 2534 Ι.
705 2509 772 2520 -
799 2472 1007 2535 Iacobo
1031 2494 1062 2534 a
1089 2477 1275 2534 Laban
1297 2478 1538 2534 liberato
1563 2485 1935 2535 occurrerunt
1965 2509 1968 2511 λ

358 2569 580 2639 angeli,
613 2568 862 2638 profecto
916 2583 945 2620 a
975 2567 1204 2623 Michael
1253 2567 1504 2639 principe
1554 2568 1934 2626 Israelitarum

359 2653 539 2718 missi,
572 2657 776 2728 quippe
805 2658 899 2727 qui
922 2657 1032 2713 illis
1059 2665 1316 2728 praeerat.
1348 2657 1567 2714 dicente
1590 2657 1816 2715 Gabriel
1866 2661 1933 2715 ad

362 2746 640 2802 Danielem
678 2765 693 2802 :
744 2743 976 2802 Michael
1020 2749 1260 2818 princeps
1289 2760 1456 2804 vester
1512 2749 1678 2820 (Dan.
1706 2765 1786 2816 ιι,
1814 2751 1934 2822 2|).

361 2838 595 2906 Quando
633 2839 779 2895 enim
811 2839 952 2894 liber
981 2854 1011 2894 a
1031 2838 1324 2896 formidine
1345 2839 1556 2904 Laban,
1583 2841 1820 2898 Esavum
1849 2858 1937 2896 re-

2607 2361 2862 2417 ΚΕΦΔΔ.
2909 2362 3034 2416 AB'.

2104 2477 2258 2550 Στίχ.
2301 2483 2374 2533 α’.
2407 2506 2478 2520 -
2505 2473 2614 2531 Τοῦ
2633 2473 2816 2531 Δάϐαν
2851 2471 3187 2545 ἀπαλλαγεὶς
3216 2477 3244 2530 ό
3275 2470 3488 2535 Ἰακὼϐ,
3519 2477 3630 2548 ὁρᾷ

2035 2570 2387 2644 παρεμϐολὴν
2419 2569 2697 2639 ἀγγέλων⁴
2734 2568 2956 2632 πάντως
3002 2587 3106 2622 που
3173 2569 3273 2639 τὴν
3309 2564 3630 2639 ὁρισθεῖσαν

2040 2664 2178 2734 μετά
2205 2661 2426 2734 Μιχαὴλ
2445 2659 2541 2715 τοῦ
2570 2659 2830 2731 ἄρχοντος
2851 2659 2946 2713 τοῦ
2979 2660 3110 2714 λαοῦ
3135 2660 3352 2732 Ἰσραήλ
3369 2677 3384 2691 ο
3411 2661 3470 2723 ὃς
3491 2678 3632 2714 κατ-

2037 2759 2170 2825 έστη
2225 2752 2394 2808 αὐτοῦ
2418 2751 2771 2824 προεστάναι,
2799 2752 2876 2816 ὼς
2908 2751 3147 2822 Γαϐριήλ
3174 2769 3306 2819 φησι
3352 2752 3485 2822 πρδς
3531 2751 3635 2804 τὸν

2038 2846 2259 2918 Δανιὴλ,
2297 2844 2540 2915 Μιχαὴλ
2577 2845 2610 2898 ὁ
2653 2842 2854 2911 ἄρχων
2901 2841 3088 2913 ὑμῶν.
3133 2842 3351 2911 Ἐπειδὴ
3399 2844 3504 2913 γὰρ
3534 2839 3636 2896 τδν

364 2929 666 2985 formidare
690 2937 952 3001 coeperat,
974 2930 1205 2988 docetur
1223 2931 1395 2989 Jacob
1412 2933 1481 2989 ab
1511 2936 1940 2992 occurrentibus

2067 2939 2138 2992 τοῦ
2164 2917 2352 2992 Ᾱάϐαν
2378 2935 2543 3005 φόϐον
2584 2933 2961 3004 ἀποθέμενος,
2995 2931 3280 3004 μετέθεικε
3328 2933 3427 2996 τὰς
3462 2942 3633 3002 φρον-

365 3019 578 3091 angelis
598 3059 615 3085 ,
642 3035 711 3074 ne
739 3034 1038 3077 occursum
1083 3036 1274 3080 eorum
1305 3023 1496 3078 timeat
1527 3023 1621 3095 qui
1645 3024 1794 3080 circa
1827 3023 1944 3081 fra-

366 3120 510 3170 trem
547 3119 730 3168 erant.

442 3317 602 3376 Vers.
642 3319 737 3378 ει.
783 3349 855 3362 -
891 3318 1260 3376 Transmissis
1311 3321 1572 3378 omnibus
1621 3321 1739 3379 suis
1789 3329 1945 3381 trans

370 3409 574 3466 [lumen
595 3447 611 3475 ,
627 3410 783 3466 solus
807 3417 942 3464 tunc
972 3415 1222 3465 remanet
1244 3407 1439 3476 Iacob,
1469 3419 1524 3466 et
1553 3411 1794 3466 luctatur
1819 3426 1944 3466 cum

372 3501 612 3574 quodam
641 3500 747 3571 ipsi
787 3509 1108 3571 apparente.
1139 3499 1241 3556 Hic
1268 3510 1450 3557 autem
1481 3510 1632 3558 certe
1656 3517 1766 3557 non
1803 3503 1948 3560 alius
1979 3515 1982 3517 ‘

374 3601 576 3664 praeter
607 3593 761 3648 illum
789 3593 886 3663 qui
914 3606 1083 3664 super
1123 3591 1327 3647 scalam
1376 3591 1730 3650 incumbebat
1759 3594 1814 3648 in
1848 3594 1951 3650 Be-

375 3684 490 3740 tbel
512 3683 705 3738 visam.
754 3683 946 3755 Angeli
978 3690 1162 3738 autem
1195 3683 1292 3754 qui
1339 3683 1712 3739 ascendebant
1756 3694 1810 3741 et
1853 3685 1951 3742 de-

378 3771 721 3838 scendebant
769 3771 826 3827 in
857 3770 1070 3838 eadem,
1101 3786 1210 3828 non
1254 3772 1460 3829 diversi
1512 3772 1583 3829 ab
1628 3773 1711 3830 eis
1749 3775 1952 3846 quibus

379 3871 722 3918 occurrerat.

423 3972 609 4030 .Vers.
638 3974 732 4028 25.
759 4002 831 4015 -
864 3973 1008 4029 Vidit
1030 3983 1228 4041 autem,
1256 3976 1354 4040 ait,
1386 3978 1512 4047 quia
1537 3995 1641 4034 non
1672 3979 1808 4034 valet
1831 3995 1958 4051 erga

379 4079 520 4127 eum,
550 4073 600 4118 et
629 4064 798 4135 tetigit
821 4064 1158 4120 latitudinem
1180 4066 1397 4136 femoris
1423 4068 1560 4138 ejus.
1587 4079 1638 4125 et
1671 4070 1954 4137 obtorpuit.

380 4153 553 4209 Jacob
589 4152 728 4208 vidit
759 4153 890 4223 quia
928 4168 1038 4208 non
1085 4155 1227 4211 valet
1269 4171 1398 4227 erga
1425 4159 1703 4229 angelum,
1731 4161 1959 4230 angelus

383 4252 567 4300 autem
593 4244 771 4314 tetigit
803 4243 1152 4302 latitudinem
1179 4245 1412 4304 femoris
1431 4249 1575 4319 ejus.

458 4354 614 4414 Vers.
653 4354 746 4414 26.
788 4387 860 4399 —
892 4337 1013 4414 Non
1068 4359 1178 4413 alia
1221 4357 1290 4415 de
1327 4375 1496 4418 causa
1527 4359 1661 4417 dicit
1684 4362 1957 4433 angelus:

386 4451 608 4508 Dimitte
630 4467 732 4516 me,
754 4465 917 4522 quam
957 4461 1018 4506 ut
1043 4448 1306 4506 Jacobum
1337 4452 1539 4508 excitet
1578 4453 1766 4524 illique
1800 4469 1963 4510 occa-

387 4543 599 4598 sionem
637 4541 879 4612 praabeat
931 4541 1304 4612 respondendi

389 4629 497 4685 nisi
530 4645 610 4683 me
632 4627 981 4684 benedixeris.

461 4735 620 4816 Vers.
653 4736 746 4792 27.
775 4767 844 4778 -—
876 4735 980 4793 IIic
1020 4745 1206 4795 autem
1251 4747 1410 4811 rogat
1439 4758 1454 4796 :
1488 4741 1643 4809 Quod
1667 4753 1745 4797 est
1777 4760 1968 4800 nomen
2003 4785 2008 4790 ρ

392 4833 585 4888 tuum?
611 4830 682 4886 At
709 4830 801 4886 ille
833 4831 970 4886 dixit
996 4847 1018 4887 :
1043 4829 1234 4888 Iacob.
1267 4831 1337 4888 Et
1363 4833 1500 4888 dixit
1529 4837 1579 4889 ei
1609 4851 1630 4890 :
1660 4835 1787 4890 Non
1809 4854 1969 4892 voca-
2002 4877 2009 4882 -

395 4921 538 4976 bitur
565 4921 710 4975 ultra
731 4938 918 4976 nomen
948 4933 1095 4977 tuum
1116 4922 1308 4989 Iacob,
1340 4924 1430 4980 sed
1459 4925 1629 4981 Israel
1650 4929 1753 4982 erit
1781 4944 1968 4984 nomen

397 5023 548 5067 tuum
578 5027 597 5066 :
630 5013 755 5082 quia
777 5014 1052 5069 invaluiati
1087 5032 1205 5071 cum
1233 5016 1378 5082 Deo,
1417 5027 1469 5072 et
1503 5035 1622 5073 cum
1668 5019 1970 5077 hominibus

395 5114 581 5174 potens
607 5104 735 5159 eris.
769 5103 1061 5161 Suﬂiciens
1086 5107 1186 5162 tibi
1216 5107 1552 5173 benedictio,
1586 5109 1684 5176 ait,
1707 5111 1971 5167 collucta-

397 5199 480 5254 tio
507 5212 635 5253 cum
682 5196 826 5264 Deo;
857 5198 1155 5254 maximum
1187 5199 1286 5255 tibi
1323 5202 1609 5272 signorum
1644 5218 1849 5260 novum
1873 5219 1975 5259 no-

400 5303 527 5345 men
555 5286 746 5355 Israel,
785 5289 933 5360 quod
965 5291 1359 5361 interpretatur
1385 5293 1539 5348 homo
1572 5294 1751 5350 videns
1782 5295 1971 5351 Deum.
2013 5333 2018 5343 .

401 5377 548 5435 Sane
571 5379 620 5435 si
641 5380 872 5450 angelus
892 5395 1020 5436 vere
1046 5380 1240 5438 fuisset
1262 5383 1360 5453 qui
1382 5387 1660 5454 apparuit,
1687 5401 1973 5456 perperam

403 5479 699 5528 vocaretur
721 5469 894 5528 Jacob
916 5471 1237 5541 Israel,eum
1260 5490 1451 5531 verum
1476 5475 1645 5532 Deum
1671 5491 1780 5531 non
1808 5477 1977 5532 villis-

403 5571 507 5623 εει.
555 5559 700 5622 Deus
747 5573 862 5622 erat
913 5564 1082 5638 igitur
1124 5565 1266 5624 idem
1304 5581 1370 5624 ac
1413 5566 1578 5625 homo
1615 5576 1665 5625 et
1713 5568 1974 5640 angelus;

1353 4559 1368 4598 :
1426 4538 1551 4598 Non
1579 4553 1629 4600 te
1655 4544 1964 4615 dimittam,
1996 4595 2002 4602 .

2043 3031 2196 3095 τίδας
2221 3031 2303 3093 εἰς
2330 3029 2400 3083 τά
2423 3027 2565 3082 κατὰ
2593 3025 2788 3087 Ἠσαῦ,
2814 3025 3090 3080 δείκνυται
3115 3026 3149 3096 ὴ
3170 3025 3491 3097 παρεμϐολὴ
3514 3026 3635 3080 τῶν

2044 3120 2293 3192 ἀγγέλων
2313 3159 2329 3185 ,
2363 3119 2440 3183 ὼς
2500 3118 2567 3172 ἂν
2603 3117 2679 3188 μὴ
2725 3116 2943 3185 φοϐοῖτο
2991 3116 3092 3190 τὴν
3140 3117 3489 3188 παρεμϐολὴν
3518 3117 3638 3171 τῶν

2048 3213 2318 3267 συνόντων
2345 3209 2513 3265 αὑτοῦ
2547 3209 2626 3279 τῷ
2661 3208 2898 3280 ἀδελφῷ.

2119 3326 2268 3397 Στίχ.
2294 3325 2394 3380 κδ’.
2416 3354 2486 3369 --
2509 3324 2722 3387 Πάντας
2753 3322 2813 3376 δὲ
2835 3323 2964 3386 τοὺς
2985 3321 3151 3376 αὐτοῦ
3181 3320 3518 3392 παραγαγὼν
3541 3321 3633 3376 διὰ

2048 3415 2143 3470 τοῦ
2176 3413 2427 3485 ποταμοῦ
2447 3456 2463 3480 ,
2494 3414 2592 3468 καὶ
2627 3411 2791 3476 αὐτὸς
2835 3411 3167 3484 ὑποληφθεὶς
3187 3452 3202 3476 ,
3241 3412 3362 3465 τότε
3409 3412 3634 3468 παλαίει

2049 3505 2129 3577 τῷ
2160 3505 2401 3576 φανέντι.
2435 3504 2545 3558 Καὶ
2583 3497 2737 3566 οὗτος
2782 3496 2852 3574 ἦν
2897 3501 3008 3573 ἄρα
3049 3503 3079 3555 ό
3126 3501 3220 3554 ἐπὶ
3243 3502 3341 3572 τῆς
3365 3502 3636 3575 κλίμακος

2051 3591 2444 3666 ὲστηριγμὲνος
2483 3591 2585 3663 τῆς
2627 3593 2686 3644 ὲν
2723 3588 2928 3662 Βαιθήλ
2971 3591 3235 3662 φανείσης
3265 3589 3433 3662 αὐτῷ.
3476 3594 3541 3646 0i
3576 3586 3634 3646 δὲ

2051 3685 2274 3756 ἄγγελοι
2320 3676 2371 3736 οἱ
2410 3677 2794 3744 ἀναϐαίνοντες
2836 3679 2933 3735 καὶ
2963 3680 3384 3745 καταϐαίνοντες
3402 3721 3419 3746 ,
3525 3691 3633 3736 πα-

2057 3775 2298 3849 ρεμϐολὴ
2329 3769 2420 3845 ἦν.

2125 3885 2275 3959 Στίχ.
2297 3882 2396 3940 κε’.
2417 3913 2487 3926 -
2510 3874 2650 3939 Εἳδε
2673 3881 2761 3942 δὲ.
2790 3874 2978 3954 φησὶν,
3009 3870 3100 3935 ὅτι
3119 3881 3193 3936 οὐ
3221 3881 3468 3935 δύναται
3486 3880 3635 3949 πρὸς

2057 3981 2247 4034 αὐτόν
2263 3995 2280 4011 ο
2313 3976 2410 4031 καὶ
2436 3975 2636 4044 ἥψατο
2663 3974 2771 4029 τοῦ
2788 3973 3057 4040 πλάτους
3080 3973 3186 4027 τοῦ
3201 3971 3400 4042 μηροῦ
3423 3971 3633 4036 αὐτοῦ,

2059 4069 2158 4124 καὶ
2187 4067 2544 4137 ἐνάρκησεν.
2592 4059 2650 4119 '0
2685 4066 2786 4135 μὲν
2817 4062 3013 4118 Ἰακὼϐ
3039 4058 3198 4127 εἶδεν,
3225 4063 3308 4116 ὃτι
3332 4063 3392 4115 οὐ
3417 4061 3636 4116 δύναται

2062 4160 2202 4232 πρὸς
2251 4159 2345 4213 τὸν
2381 4159 2636 4228 ἄγγελον,
2666 4158 2696 4211 ό
2716 4155 2774 4210 δὲ
2797 4154 3029 4225 ἄγγελος
3062 4153 3258 4224 ἥψατο.
3277 4152 3372 4207 τοῦ
3403 4151 3636 4217 πλάτους

1987 4269 2036 4332 υ
2065 4251 2161 4306 τοῦ
2196 4248 2374 4323 μηροῦ
2403 4247 2596 4304 αὐτοῦ.

2136 4364 2286 4437 Στίχ.
2307 4364 2422 4431 κς⁰.
2449 4365 2524 4418 Τό
2558 4381 2622 4434 γε
2643 4363 2750 4436 μὴν
2767 4360 2857 4416 τὸν
2877 4358 3104 4430 ἄγγελον
3125 4362 3320 4426 εἰπεῖν,
3345 4360 3639 4416 Ἀπόστειο

2065 4458 2181 4521 λρν
2203 4473 2302 4526 με,
2333 4454 2778 4527 προτρεπομένου
2801 4448 2872 4524 ἦν
2889 4491 2904 4518 ,
2933 4451 3030 4507 καὶ
3072 4451 3385 4525 παρρησίαν
3409 4449 3639 4516 διδόντος

2065 4545 2146 4616 τῷ
2198 4543 2393 4602 Ἰακὼϐ
2439 4544 2646 4607 εἰπεῖν,
2677 4542 2760 4596 οὐ
2779 4540 2860 4611 μή
2883 4556 2960 4596 σε
2985 4534 3346 4605 ἀποστείλω,
3371 4539 3423 4592 sl
3449 4537 3533 4608 μή
3561 4555 3638 4608 με
3673 4577 3680 4580 -

2067 4632 2212 4693 εὑλο
2220 4633 2432 4707 γήσας.

2139 4742 2289 4818 Στίχ.
2322 4747 2426 4811 κζ’.
2456 4777 2523 4788 -—
2563 4747 2624 4800 Ὀ
2659 4744 2717 4799 δὲ
2758 4744 2977 4816 ἐρωτᾷ,
3031 4742 3094 4798 Τί
3133 4741 3203 4796 τὸ
3252 4739 3440 4810 ὄνομά
3484 4754 3638 4806 a'ov;
3674 4758 3680 4762 ‘

2071 4841 2106 4895 ὀ
2129 4839 2198 4894 δὲ
2218 4834 2406 4902 εἶπεν,
2437 4835 2651 4892 Ἰακώϐ.
2683 4830 2826 4891 mare
2852 4832 2922 4887 δὲ
2949 4831 3132 4898 αὐτῷ,
3165 4831 3249 4886 οὐ
3277 4829 3638 4900 κληθήσεται

2071 4932 2139 4986 τὸ
2178 4927 2368 4998 ὄνομὰ
2415 4943 2532 4982 σου
2576 4925 2806 4991 Ἰακὼϐ,
2836 4924 2976 4979 ἀλλ’
3023 4923 3062 4991 ἢ
3106 4921 3348 4990 Ἰσζραὴλ
3382 4921 3549 4975 ἔσται
3576 4922 3637 4976 τὸ

2073 5021 2265 5091 ὄνομά
2293 5035 2412 5075 σου
2439 5036 2453 5050 ·
2488 5018 2578 5072 ὅτι
2601 5017 2940 5086 ἑνίσχυσας
2970 5013 3121 5084 μετὰ
3150 5011 3300 5067 Θεοῦ
3318 5052 3334 5078 ,
3359 5011 3457 5066 καὶ
3496 5012 3640 5080 μετὰ

2073 5113 2400 5181 ἀνθρώπων
2424 5110 2683 5174 δυνατὸς
2709 5108 2846 5176 ἔσῃ.
2880 5107 3060 5176 Ἱκανή
3087 5123 3189 5170 σοι,
3211 5106 3398 5177 φησὶν,
3431 5104 3639 5172 εὐλογία

2073 5203 2138 5258 τδ
2167 5204 2434 5258 παλαῖσαι
2479 5199 2617 5271 μετά
2645 5199 2803 5253 Θεοῦ.
2837 5198 2947 5253 Καὶ
2985 5199 3209 5268 σημεῖον
3243 5196 3383 5249 ἔστω
3424 5211 3502 5248 σοι
3546 5195 3640 5263 μέ-

2075 5311 2262 5364 γιστον
2300 5293 2360 5347 τὸ
2407 5290 2621 5362 Ἰσραὴλ
2663 5286 3162 5360 μετονομασθῆναι,
3203 5285 3339 5356 ὅπερ
3373 5285 3513 5337 ἐστὶν
3538 5283 3658 5355 ἆγε-ι

2079 5388 2310 5450 θρωπος
2338 5380 2493 5449 ὀρῶν
2526 5378 2696 5431 Θεόν.
2727 5377 2838 5429 Καὶ
2877 5374 2982 5446 μὴν
3016 5375 3064 5427 εί
3094 5373 3193 5442 τὴν
3224 5371 3386 5440 φύσιν
3423 5370 3639 5436 ἄγγελος

2076 5471 2146 5546 ἦν
2175 5476 2203 5526 ό
2244 5472 2431 5542 φανεὶς
2477 5469 2626 5539 αὐτῷ
2658 5509 2674 5529 .
2720 5466 2931 5536 ψευδῶς
2980 5463 3252 5534 ἀνεκλήθη
3297 5461 3509 5533 Ἰσραὴλ
3538 5462 3641 5515 ἀπὸ

2077 5565 2172 5620 τοῦ
2201 5563 2290 5619 τὸν
2318 5563 2418 5617 οὐκ
2454 5561 2584 5616 ὅντα
2604 5558 2734 5612 Θεὸν
2764 5553 3084 5628 ἑωρακέναι.
3125 5552 3335 5610 Οὐκοῦν
3360 5551 3487 5615 Θεὸς
3519 5547 3586 5619 ἦν
3609 5551 3637 5604 ό
