  <div class='ocr_page' id='page_1' title='image "/cluster/home/n/w/nwhite01/storage/ocr_20150623/66/nnc1.0021886636/360.png"; bbox 0 0 3856 6226; ppageno 0'>
   <div class='ocr_carea' id='block_1_1' title="bbox 167 220 280 293">
    <p class='ocr_par' dir='ltr' id='par_1_1' title="bbox 167 220 280 293">
     <span class='ocr_line' id='line_1_1' title="bbox 167 220 280 293; baseline 0 -18"><span class='ocrx_word' id='word_1_1' title='bbox 167 220 280 293; x_wconf 65' lang='grc' dir='ltr'>ωδ</span> 
     </span>
    </p>
   </div>
   <div class='ocr_carea' id='block_1_2' title="bbox 1351 208 2264 271">
    <p class='ocr_par' dir='ltr' id='par_1_2' title="bbox 1351 208 2264 271">
     <span class='ocr_line' id='line_1_2' title="bbox 1351 208 2264 271; baseline -0.004 0"><span class='ocrx_word' id='word_1_2' title='bbox 1351 210 1782 271; x_wconf 69' lang='lat' dir='ltr'><strong>FRAGMENTA</strong></span> <span class='ocrx_word' id='word_1_3' title='bbox 1834 208 1901 264; x_wconf 73' lang='lat' dir='ltr'><strong>IN</strong></span> <span class='ocrx_word' id='word_1_4' title='bbox 1948 208 2264 267; x_wconf 78' lang='lat' dir='ltr'><strong>GENESIN.</strong></span> 
     </span>
    </p>
   </div>
   <div class='ocr_carea' id='block_1_3' title="bbox 3338 219 3445 275">
    <p class='ocr_par' dir='ltr' id='par_1_3' title="bbox 3338 219 3445 275">
     <span class='ocr_line' id='line_1_3' title="bbox 3338 219 3445 275; baseline 0 0"><span class='ocrx_word' id='word_1_5' title='bbox 3338 219 3445 275; x_wconf 70' lang='grc' dir='ltr'>ωδ</span> 
     </span>
    </p>
   </div>
   <div class='ocr_carea' id='block_1_4' title="bbox 166 329 1772 407">
    <p class='ocr_par' dir='ltr' id='par_1_4' title="bbox 166 332 1749 406">
     <span class='ocr_line' id='line_1_4' title="bbox 166 332 1749 406; baseline -0.006 -14"><span class='ocrx_word' id='word_1_6' title='bbox 166 336 368 399; x_wconf 71' lang='grc' dir='ltr'><strong>αὐτὸς,</strong></span> <span class='ocrx_word' id='word_1_7' title='bbox 399 336 496 389; x_wconf 68' lang='grc' dir='ltr'>καὶ</span> <span class='ocrx_word' id='word_1_8' title='bbox 538 334 851 406; x_wconf 76' lang='grc' dir='ltr'>ἄνθρωπος,</span> <span class='ocrx_word' id='word_1_9' title='bbox 879 334 973 386; x_wconf 75' lang='grc' dir='ltr'>καὶ</span> <span class='ocrx_word' id='word_1_10' title='bbox 1014 332 1273 403; x_wconf 80' lang='grc' dir='ltr'>ἄγγελος’</span> <span class='ocrx_word' id='word_1_11' title='bbox 1310 334 1487 388; x_wconf 88' lang='grc' dir='ltr'>πάντα</span> <span class='ocrx_word' id='word_1_12' title='bbox 1515 332 1749 403; x_wconf 81' lang='grc' dir='ltr'><strong>ἀληθῶς.</strong></span> 
     </span>
    </p>
   </div>
   <div class='ocr_carea' id='block_1_5' title="bbox 1880 329 3447 407">
    <p class='ocr_par' dir='ltr' id='par_1_5' title="bbox 1880 329 3447 407">
     <span class='ocr_line' id='line_1_5' title="bbox 1880 329 3447 407; baseline 0.006 -24"><span class='ocrx_word' id='word_1_13' title='bbox 1880 330 2042 383; x_wconf 77' lang='grc' dir='ltr'><strong>ιιιιιιίει</strong></span> <span class='ocrx_word' id='word_1_14' title='bbox 2073 346 2233 386; x_wconf 78' lang='lat' dir='ltr'><strong>vere:</strong></span> <span class='ocrx_word' id='word_1_15' title='bbox 2256 329 2351 386; x_wconf 90' lang='lat' dir='ltr'><strong>sed</strong></span> <span class='ocrx_word' id='word_1_16' title='bbox 2378 330 2565 395; x_wconf 84' lang='lat' dir='ltr'><strong>homo.</strong></span> <span class='ocrx_word' id='word_1_17' title='bbox 2592 332 2720 403; x_wconf 87' lang='lat' dir='ltr'><strong>quia</strong></span> <span class='ocrx_word' id='word_1_18' title='bbox 2750 333 3068 391; x_wconf 72' lang='lat' dir='ltr'><strong>incarnatus</strong></span> <span class='ocrx_word' id='word_1_19' title='bbox 3090 354 3105 403; x_wconf 89' lang='lat'><strong>;</strong></span> <span class='ocrx_word' id='word_1_20' title='bbox 3126 339 3357 407; x_wconf 83' lang='lat' dir='ltr'><strong>angelus</strong></span> <span class='ocrx_word' id='word_1_21' title='bbox 3377 353 3447 392; x_wconf 58' lang='lat' dir='ltr'><strong>ex</strong></span> 
     </span>
    </p>
   </div>
   <div class='ocr_carea' id='block_1_6' title="bbox 183 425 1760 499">
    <p class='ocr_par' dir='ltr' id='par_1_6' title="bbox 183 425 1760 499">
     <span class='ocr_line' id='line_1_6' title="bbox 183 425 1760 499; baseline -0.003 -18"><span class='ocrx_word' id='word_1_22' title='bbox 183 428 350 481; x_wconf 78' lang='grc' dir='ltr'>’Δλλὰ</span> <span class='ocrx_word' id='word_1_23' title='bbox 380 427 441 481; x_wconf 81' lang='grc' dir='ltr'>τὸ</span> <span class='ocrx_word' id='word_1_24' title='bbox 469 428 589 499; x_wconf 82' lang='grc' dir='ltr'>μὲν,</span> <span class='ocrx_word' id='word_1_25' title='bbox 620 428 718 498; x_wconf 81' lang='grc' dir='ltr'><strong>τῆς</strong></span> <span class='ocrx_word' id='word_1_26' title='bbox 750 426 1224 497; x_wconf 81' lang='grc' dir='ltr'>ένανθρωπήσεως</span> <span class='ocrx_word' id='word_1_27' title='bbox 1248 441 1261 455; x_wconf 70' lang='grc'><strong><em>⁸</em></strong></span> <span class='ocrx_word' id='word_1_28' title='bbox 1300 427 1361 480; x_wconf 79' lang='grc' dir='ltr'><strong>τὸ</strong></span> <span class='ocrx_word' id='word_1_29' title='bbox 1382 426 1461 488; x_wconf 87' lang='grc' dir='ltr'><strong>δὲ,</strong></span> <span class='ocrx_word' id='word_1_30' title='bbox 1486 425 1589 496; x_wconf 80' lang='grc' dir='ltr'><strong>τῆς</strong></span> <span class='ocrx_word' id='word_1_31' title='bbox 1615 426 1760 478; x_wconf 81' lang='grc' dir='ltr'>οἰκο-</span> 
     </span>
    </p>
   </div>
   <div class='ocr_carea' id='block_1_7' title="bbox 170 517 993 591">
    <p class='ocr_par' dir='ltr' id='par_1_7' title="bbox 170 517 993 591">
     <span class='ocr_line' id='line_1_7' title="bbox 170 517 993 591; baseline 0.001 -18"><span class='ocrx_word' id='word_1_32' title='bbox 170 518 365 591; x_wconf 86' lang='grc' dir='ltr'>νομίας</span> <span class='ocrx_word' id='word_1_33' title='bbox 383 536 397 549; x_wconf 85' lang='grc'><strong>·</strong></span> <span class='ocrx_word' id='word_1_34' title='bbox 437 519 499 571; x_wconf 80' lang='grc' dir='ltr'><strong>τὸ</strong></span> <span class='ocrx_word' id='word_1_35' title='bbox 518 518 598 583; x_wconf 81' lang='grc' dir='ltr'><strong>δὲ,</strong></span> <span class='ocrx_word' id='word_1_36' title='bbox 633 521 733 589; x_wconf 86' lang='grc' dir='ltr'><strong>τῆς</strong></span> <span class='ocrx_word' id='word_1_37' title='bbox 760 517 993 587; x_wconf 81' lang='grc' dir='ltr'>φύσεως.</span> 
     </span>
    </p>
   </div>
   <div class='ocr_carea' id='block_1_8' title="bbox 751 608 1173 664">
    <p class='ocr_par' dir='ltr' id='par_1_8' title="bbox 751 608 1173 664">
     <span class='ocr_line' id='line_1_8' title="bbox 751 608 1173 664; baseline 0.005 -2"><span class='ocrx_word' id='word_1_38' title='bbox 751 609 1002 664; x_wconf 77' lang='grc' dir='ltr'><strong>ΚΕΦΑΛ.</strong></span> <span class='ocrx_word' id='word_1_39' title='bbox 1038 608 1173 664; x_wconf 67' lang='lat' dir='ltr'><strong>MA&#39;.</strong></span> 
     </span>
    </p>
   </div>
   <div class='ocr_carea' id='block_1_9' title="bbox 247 696 1761 769">
    <p class='ocr_par' dir='ltr' id='par_1_9' title="bbox 247 696 1761 769">
     <span class='ocr_line' id='line_1_9' title="bbox 247 696 1761 769; baseline -0.002 -18"><span class='ocrx_word' id='word_1_40' title='bbox 247 699 399 769; x_wconf 89' lang='grc' dir='ltr'>Στίχ.</span> <span class='ocrx_word' id='word_1_41' title='bbox 433 705 494 752; x_wconf 83' lang='grc' dir='ltr'><strong>ε’.</strong></span> <span class='ocrx_word' id='word_1_42' title='bbox 522 726 594 738; x_wconf 90' lang='grc'><strong><em>-</em></strong></span> <span class='ocrx_word' id='word_1_43' title='bbox 619 697 815 753; x_wconf 82' lang='grc' dir='ltr'>Κόνδυ</span> <span class='ocrx_word' id='word_1_44' title='bbox 846 698 966 768; x_wconf 83' lang='grc' dir='ltr'><strong>μὲν,</strong></span> <span class='ocrx_word' id='word_1_45' title='bbox 1010 698 1070 751; x_wconf 77' lang='grc' dir='ltr'>τὸ</span> <span class='ocrx_word' id='word_1_46' title='bbox 1110 696 1400 768; x_wconf 87' lang='grc' dir='ltr'>λεγόμενον</span> <span class='ocrx_word' id='word_1_47' title='bbox 1430 696 1761 750; x_wconf 78' lang='grc' dir='ltr'>ἀπλοπότιον</span> 
     </span>
    </p>
   </div>
   <div class='ocr_carea' id='block_1_10' title="bbox 173 785 1761 859">
    <p class='ocr_par' dir='ltr' id='par_1_10' title="bbox 173 785 1761 859">
     <span class='ocr_line' id='line_1_10' title="bbox 173 785 1761 859; baseline -0.003 -16"><span class='ocrx_word' id='word_1_48' title='bbox 173 789 325 859; x_wconf 89' lang='grc' dir='ltr'>λέγει</span> <span class='ocrx_word' id='word_1_49' title='bbox 346 807 360 821; x_wconf 88' lang='grc'><strong>·</strong></span> <span class='ocrx_word' id='word_1_50' title='bbox 384 789 445 843; x_wconf 81' lang='grc' dir='ltr'>τὸ</span> <span class='ocrx_word' id='word_1_51' title='bbox 480 791 559 854; x_wconf 77' lang='grc' dir='ltr'><strong>δὲ,</strong></span> <span class='ocrx_word' id='word_1_52' title='bbox 594 787 901 859; x_wconf 75' lang='grc' dir='ltr'>Οίωνισμῷ</span> <span class='ocrx_word' id='word_1_53' title='bbox 930 788 1256 849; x_wconf 67' lang='grc' dir='ltr'>σίων-ἰᾶται</span> <span class='ocrx_word' id='word_1_54' title='bbox 1290 789 1361 842; x_wconf 80' lang='grc' dir='ltr'><strong>ἐν</strong></span> <span class='ocrx_word' id='word_1_55' title='bbox 1387 787 1569 852; x_wconf 84' lang='grc' dir='ltr'><strong>αὐτῷ,</strong></span> <span class='ocrx_word' id='word_1_56' title='bbox 1602 785 1761 839; x_wconf 78' lang='grc' dir='ltr'>τοῦτό</span> 
     </span>
    </p>
   </div>
   <div class='ocr_carea' id='block_1_11' title="bbox 178 878 1760 951">
    <p class='ocr_par' dir='ltr' id='par_1_11' title="bbox 178 878 1760 951">
     <span class='ocr_line' id='line_1_11' title="bbox 178 878 1760 951; baseline -0.002 -17"><span class='ocrx_word' id='word_1_57' title='bbox 178 899 378 951; x_wconf 83' lang='grc' dir='ltr'>φησιν,</span> <span class='ocrx_word' id='word_1_58' title='bbox 406 881 488 934; x_wconf 80' lang='grc' dir='ltr'><strong>ὅτι</strong></span> <span class='ocrx_word' id='word_1_59' title='bbox 515 880 798 951; x_wconf 79' lang='grc' dir='ltr'><strong>ἔγκριτον,</strong></span> <span class='ocrx_word' id='word_1_60' title='bbox 834 878 911 944; x_wconf 86' lang='grc' dir='ltr'>ὼς</span> <span class='ocrx_word' id='word_1_61' title='bbox 958 879 1246 951; x_wconf 78' lang='grc' dir='ltr'>ἄρχοντος,</span> <span class='ocrx_word' id='word_1_62' title='bbox 1292 879 1452 933; x_wconf 83' lang='grc' dir='ltr'>τοῦτό</span> <span class='ocrx_word' id='word_1_63' title='bbox 1482 882 1627 932; x_wconf 76' lang='grc' dir='ltr'>ἐστιν</span> <span class='ocrx_word' id='word_1_64' title='bbox 1661 879 1760 931; x_wconf 75' lang='grc' dir='ltr'><strong>αὖ·</strong></span> 
     </span>
    </p>
   </div>
   <div class='ocr_carea' id='block_1_12' title="bbox 174 970 1761 1043">
    <p class='ocr_par' dir='ltr' id='par_1_12' title="bbox 174 970 1761 1043">
     <span class='ocr_line' id='line_1_12' title="bbox 174 970 1761 1043; baseline -0.002 -19"><span class='ocrx_word' id='word_1_65' title='bbox 174 972 274 1024; x_wconf 79' lang='grc' dir='ltr'>τοῦ</span> <span class='ocrx_word' id='word_1_66' title='bbox 303 971 451 1043; x_wconf 73' lang='grc' dir='ltr'>παρὰ</span> <span class='ocrx_word' id='word_1_67' title='bbox 472 973 582 1034; x_wconf 88' lang='grc' dir='ltr'>τοῖς</span> <span class='ocrx_word' id='word_1_68' title='bbox 606 970 1041 1041; x_wconf 83' lang='grc' dir='ltr'>συνεσθιομένοις</span> <span class='ocrx_word' id='word_1_69' title='bbox 1064 970 1195 1025; x_wconf 83' lang='grc' dir='ltr'>αὐτὸ</span> <span class='ocrx_word' id='word_1_70' title='bbox 1222 970 1282 1024; x_wconf 83' lang='grc' dir='ltr'>τὸ</span> <span class='ocrx_word' id='word_1_71' title='bbox 1304 972 1585 1041; x_wconf 83' lang='grc' dir='ltr'>ποτήριον.</span> <span class='ocrx_word' id='word_1_72' title='bbox 1608 970 1761 1040; x_wconf 83' lang='grc' dir='ltr'><strong>Ἔχει</strong></span> 
     </span>
    </p>
   </div>
   <div class='ocr_carea' id='block_1_13' title="bbox 175 1059 1763 1133">
    <p class='ocr_par' dir='ltr' id='par_1_13' title="bbox 175 1059 1763 1133">
     <span class='ocr_line' id='line_1_13' title="bbox 175 1059 1763 1133; baseline -0.001 -20"><span class='ocrx_word' id='word_1_73' title='bbox 175 1061 356 1115; x_wconf 83' lang='grc' dir='ltr'>τοίνυν</span> <span class='ocrx_word' id='word_1_74' title='bbox 389 1060 655 1131; x_wconf 78' lang='grc' dir='ltr'>σύμϐολον</span> <span class='ocrx_word' id='word_1_75' title='bbox 678 1060 869 1133; x_wconf 74' lang='grc' dir='ltr'>ὥσπερ</span> <span class='ocrx_word' id='word_1_76' title='bbox 897 1060 1027 1114; x_wconf 77' lang='grc' dir='ltr'>αὐτὸ</span> <span class='ocrx_word' id='word_1_77' title='bbox 1054 1060 1153 1130; x_wconf 81' lang='grc' dir='ltr'><strong>τῆς</strong></span> <span class='ocrx_word' id='word_1_78' title='bbox 1183 1060 1357 1132; x_wconf 81' lang='grc' dir='ltr'>ἀρχῆς</span> <span class='ocrx_word' id='word_1_79' title='bbox 1386 1059 1551 1113; x_wconf 74' lang='grc' dir='ltr'>αὑτοῦ</span> <span class='ocrx_word' id='word_1_80' title='bbox 1582 1060 1763 1129; x_wconf 78' lang='grc' dir='ltr'>πάσης</span> 
     </span>
    </p>
   </div>
   <div class='ocr_carea' id='block_1_14' title="bbox 179 1150 494 1222">
    <p class='ocr_par' dir='ltr' id='par_1_14' title="bbox 179 1150 494 1222">
     <span class='ocr_line' id='line_1_14' title="bbox 179 1150 494 1222; baseline 0.006 -19"><span class='ocrx_word' id='word_1_81' title='bbox 179 1150 494 1222; x_wconf 73' lang='grc' dir='ltr'><strong>ἐπιϐουλήν.</strong></span> 
     </span>
    </p>
   </div>
   <div class='ocr_carea' id='block_1_15' title="bbox 758 1240 1195 1297">
    <p class='ocr_par' dir='ltr' id='par_1_15' title="bbox 758 1240 1195 1297">
     <span class='ocr_line' id='line_1_15' title="bbox 758 1240 1195 1297; baseline 0.002 -1"><span class='ocrx_word' id='word_1_82' title='bbox 758 1240 1013 1296; x_wconf 77' lang='grc' dir='ltr'><strong>ΚΕΦᾹΛ.</strong></span> <span class='ocrx_word' id='word_1_83' title='bbox 1059 1241 1195 1297; x_wconf 82' lang='grc' dir='ltr'><strong>ΜΘ⁹.</strong></span> 
     </span>
    </p>
   </div>
   <div class='ocr_carea' id='block_1_16' title="bbox 253 1329 1764 1406">
    <p class='ocr_par' dir='ltr' id='par_1_16' title="bbox 253 1329 1764 1406">
     <span class='ocr_line' id='line_1_16' title="bbox 253 1329 1764 1406; baseline -0.003 -19"><span class='ocrx_word' id='word_1_84' title='bbox 253 1334 399 1406; x_wconf 87' lang='grc' dir='ltr'>Στίχ.</span> <span class='ocrx_word' id='word_1_85' title='bbox 433 1334 476 1387; x_wconf 86' lang='grc' dir='ltr'>δ’</span> <span class='ocrx_word' id='word_1_86' title='bbox 482 1374 495 1388; x_wconf 94' lang='grc'><strong>.</strong></span> <span class='ocrx_word' id='word_1_87' title='bbox 512 1364 583 1375; x_wconf 91' lang='grc'><strong><em>-</em></strong></span> <span class='ocrx_word' id='word_1_88' title='bbox 610 1334 829 1404; x_wconf 80' lang='grc' dir='ltr'><strong>Ἐπειδὴ</strong></span> <span class='ocrx_word' id='word_1_89' title='bbox 852 1333 960 1404; x_wconf 84' lang='grc' dir='ltr'>γὰρ</span> <span class='ocrx_word' id='word_1_90' title='bbox 987 1332 1116 1385; x_wconf 74' lang='grc' dir='ltr'>ἴδιόν</span> <span class='ocrx_word' id='word_1_91' title='bbox 1151 1333 1266 1385; x_wconf 78' lang='grc' dir='ltr'>ἐστι</span> <span class='ocrx_word' id='word_1_92' title='bbox 1298 1330 1391 1386; x_wconf 80' lang='grc' dir='ltr'>τοῦ</span> <span class='ocrx_word' id='word_1_93' title='bbox 1416 1330 1605 1393; x_wconf 76' lang='grc' dir='ltr'>ὓδατος</span> <span class='ocrx_word' id='word_1_94' title='bbox 1636 1329 1764 1399; x_wconf 63' lang='grc' dir='ltr'>θερα</span> 
     </span>
    </p>
   </div>
   <div class='ocr_carea' id='block_1_17' title="bbox 184 1422 1765 1498">
    <p class='ocr_par' dir='ltr' id='par_1_17' title="bbox 184 1422 1765 1498">
     <span class='ocr_line' id='line_1_17' title="bbox 184 1422 1765 1498; baseline -0.003 -19"><span class='ocrx_word' id='word_1_95' title='bbox 184 1425 470 1498; x_wconf 81' lang='grc' dir='ltr'>μαίνεσθαί</span> <span class='ocrx_word' id='word_1_96' title='bbox 502 1444 583 1490; x_wconf 87' lang='grc' dir='ltr'>τε,</span> <span class='ocrx_word' id='word_1_97' title='bbox 616 1425 712 1479; x_wconf 80' lang='grc' dir='ltr'>τοῦ</span> <span class='ocrx_word' id='word_1_98' title='bbox 741 1425 912 1497; x_wconf 82' lang='grc' dir='ltr'>πυρὸς</span> <span class='ocrx_word' id='word_1_99' title='bbox 944 1424 1307 1496; x_wconf 83' lang='grc' dir='ltr'>ὑποκειμένου</span> <span class='ocrx_word' id='word_1_100' title='bbox 1330 1465 1346 1492; x_wconf 88' lang='grc'><strong><em>,</em></strong></span> <span class='ocrx_word' id='word_1_101' title='bbox 1372 1424 1467 1477; x_wconf 57' lang='grc' dir='ltr'><strong>καὶ⁸</strong></span> <span class='ocrx_word' id='word_1_102' title='bbox 1515 1422 1765 1477; x_wconf 86' lang='grc' dir='ltr'>ἀποτίθε-</span> 
     </span>
    </p>
   </div>
   <div class='ocr_carea' id='block_1_18' title="bbox 184 1514 1761 1591">
    <p class='ocr_par' dir='ltr' id='par_1_18' title="bbox 184 1514 1761 1591">
     <span class='ocr_line' id='line_1_18' title="bbox 184 1514 1761 1591; baseline -0.003 -20"><span class='ocrx_word' id='word_1_103' title='bbox 184 1519 311 1572; x_wconf 85' lang='grc' dir='ltr'>σθαι</span> <span class='ocrx_word' id='word_1_104' title='bbox 337 1518 433 1591; x_wconf 81' lang='grc' dir='ltr'><strong>τὴν</strong></span> <span class='ocrx_word' id='word_1_105' title='bbox 474 1518 684 1590; x_wconf 83' lang='grc' dir='ltr'>θέρμην</span> <span class='ocrx_word' id='word_1_106' title='bbox 721 1517 963 1587; x_wconf 87' lang='grc' dir='ltr'>ταχέως,</span> <span class='ocrx_word' id='word_1_107' title='bbox 1006 1514 1101 1569; x_wconf 76' lang='grc' dir='ltr'><strong>τοῦ</strong></span> <span class='ocrx_word' id='word_1_108' title='bbox 1142 1516 1314 1588; x_wconf 82' lang='grc' dir='ltr'>πυρὸς</span> <span class='ocrx_word' id='word_1_109' title='bbox 1352 1514 1761 1586; x_wconf 77' lang='grc' dir='ltr'>ἀφαιρεθέντος,</span> 
     </span>
    </p>
   </div>
   <div class='ocr_carea' id='block_1_19' title="bbox 185 1605 1764 1680">
    <p class='ocr_par' dir='ltr' id='par_1_19' title="bbox 185 1605 1764 1680">
     <span class='ocr_line' id='line_1_19' title="bbox 185 1605 1764 1680; baseline -0.003 -18"><span class='ocrx_word' id='word_1_110' title='bbox 185 1608 265 1680; x_wconf 80' lang='grc' dir='ltr'>μὴ</span> <span class='ocrx_word' id='word_1_111' title='bbox 297 1609 415 1662; x_wconf 84' lang='grc' dir='ltr'>κατ’</span> <span class='ocrx_word' id='word_1_112' title='bbox 443 1610 653 1671; x_wconf 83' lang='grc' dir='ltr'>έκεῖνο,</span> <span class='ocrx_word' id='word_1_113' title='bbox 703 1609 895 1678; x_wconf 73' lang='grc' dir='ltr'>φησὶν,</span> <span class='ocrx_word' id='word_1_114' title='bbox 946 1606 1200 1662; x_wconf 84' lang='grc' dir='ltr'>ἀπόλλοιο</span> <span class='ocrx_word' id='word_1_115' title='bbox 1224 1648 1240 1673; x_wconf 82' lang='grc'><strong><em>,</em></strong></span> <span class='ocrx_word' id='word_1_116' title='bbox 1284 1607 1379 1662; x_wconf 69' lang='grc' dir='ltr'>καὶ</span> <span class='ocrx_word' id='word_1_117' title='bbox 1408 1605 1764 1675; x_wconf 82' lang='grc' dir='ltr'>ἀφανισθείης</span> 
     </span>
    </p>
   </div>
   <div class='ocr_carea' id='block_1_20' title="bbox 1860 419 2726 489">
    <p class='ocr_par' dir='ltr' id='par_1_20' title="bbox 1860 419 2726 489">
     <span class='ocr_line' id='line_1_20' title="bbox 1860 419 2726 489; baseline 0.002 -12"><span class='ocrx_word' id='word_1_118' title='bbox 1860 419 2081 489; x_wconf 76' lang='lat' dir='ltr'><strong>oitlcio;</strong></span> <span class='ocrx_word' id='word_1_119' title='bbox 2110 423 2255 479; x_wconf 88' lang='lat' dir='ltr'><strong>Deus</strong></span> <span class='ocrx_word' id='word_1_120' title='bbox 2279 431 2465 478; x_wconf 90' lang='lat' dir='ltr'><strong>autem</strong></span> <span class='ocrx_word' id='word_1_121' title='bbox 2500 433 2726 481; x_wconf 84' lang='lat' dir='ltr'><strong>natura.</strong></span> 
     </span>
    </p>
   </div>
   <div class='ocr_carea' id='block_1_21' title="bbox 2461 609 2840 667">
    <p class='ocr_par' dir='ltr' id='par_1_21' title="bbox 2461 609 2840 667">
     <span class='ocr_line' id='line_1_21' title="bbox 2461 609 2840 667; baseline 0.005 -2"><span class='ocrx_word' id='word_1_122' title='bbox 2461 609 2616 667; x_wconf 80' lang='lat' dir='ltr'><strong>CAP.</strong></span> <span class='ocrx_word' id='word_1_123' title='bbox 2656 609 2840 667; x_wconf 82' lang='lat' dir='ltr'><strong>XLIV.</strong></span> 
     </span>
    </p>
   </div>
   <div class='ocr_carea' id='block_1_22' title="bbox 1940 697 3445 775">
    <p class='ocr_par' dir='ltr' id='par_1_22' title="bbox 1940 697 3445 775">
     <span class='ocr_line' id='line_1_22' title="bbox 1940 697 3445 775; baseline 0.005 -23"><span class='ocrx_word' id='word_1_124' title='bbox 1940 697 2094 755; x_wconf 81' lang='lat' dir='ltr'><strong>Vers.</strong></span> <span class='ocrx_word' id='word_1_125' title='bbox 2127 701 2181 756; x_wconf 82' lang='lat'><strong>5.</strong></span> <span class='ocrx_word' id='word_1_126' title='bbox 2230 730 2303 740; x_wconf 98' lang='lat'><em>—</em></span> <span class='ocrx_word' id='word_1_127' title='bbox 2337 700 2523 772; x_wconf 80' lang='lat' dir='ltr'><strong>Condy</strong></span> <span class='ocrx_word' id='word_1_128' title='bbox 2568 718 2672 758; x_wconf 76' lang='lat' dir='ltr'><strong>rox</strong></span> <span class='ocrx_word' id='word_1_129' title='bbox 2721 703 2801 757; x_wconf 89' lang='lat' dir='ltr'><strong>nil</strong></span> <span class='ocrx_word' id='word_1_130' title='bbox 2846 712 3041 774; x_wconf 65' lang='lat' dir='ltr'><strong>praeter</strong></span> <span class='ocrx_word' id='word_1_131' title='bbox 3078 706 3334 775; x_wconf 84' lang='lat' dir='ltr'><strong>poculum</strong></span> <span class='ocrx_word' id='word_1_132' title='bbox 3364 706 3445 763; x_wconf 83' lang='lat' dir='ltr'><strong>si-</strong></span> 
     </span>
    </p>
   </div>
   <div class='ocr_carea' id='block_1_23' title="bbox 1862 793 3448 865">
    <p class='ocr_par' dir='ltr' id='par_1_23' title="bbox 1862 793 3448 865">
     <span class='ocr_line' id='line_1_23' title="bbox 1862 793 3448 865; baseline 0.003 -19"><span class='ocrx_word' id='word_1_133' title='bbox 1862 794 2107 861; x_wconf 84' lang='lat' dir='ltr'><strong>gniticat.</strong></span> <span class='ocrx_word' id='word_1_134' title='bbox 2142 793 2209 847; x_wconf 81' lang='lat' dir='ltr'><strong>At</strong></span> <span class='ocrx_word' id='word_1_135' title='bbox 2248 793 2411 858; x_wconf 92' lang='lat' dir='ltr'><strong>illud,</strong></span> <span class='ocrx_word' id='word_1_136' title='bbox 2446 794 2684 865; x_wconf 81' lang='lat' dir='ltr'><strong>Auguria</strong></span> <span class='ocrx_word' id='word_1_137' title='bbox 2712 805 3011 865; x_wconf 69' lang='lat' dir='ltr'><strong>anguratur</strong></span> <span class='ocrx_word' id='word_1_138' title='bbox 3039 799 3092 849; x_wconf 81' lang='lat' dir='ltr'><strong>in</strong></span> <span class='ocrx_word' id='word_1_139' title='bbox 3130 814 3210 861; x_wconf 82' lang='lat' dir='ltr'><strong>eo,</strong></span> <span class='ocrx_word' id='word_1_140' title='bbox 3242 798 3448 852; x_wconf 76' lang='lat' dir='ltr'><strong>indicat</strong></span> 
     </span>
    </p>
   </div>
   <div class='ocr_carea' id='block_1_24' title="bbox 1862 884 3448 957">
    <p class='ocr_par' dir='ltr' id='par_1_24' title="bbox 1862 884 3448 957">
     <span class='ocr_line' id='line_1_24' title="bbox 1862 884 3448 957; baseline 0.003 -20"><span class='ocrx_word' id='word_1_141' title='bbox 1862 884 1995 938; x_wconf 89' lang='lat' dir='ltr'><strong>illud</strong></span> <span class='ocrx_word' id='word_1_142' title='bbox 2026 884 2198 939; x_wconf 80' lang='lat' dir='ltr'><strong>fuisse</strong></span> <span class='ocrx_word' id='word_1_143' title='bbox 2231 886 2610 954; x_wconf 62' lang='lat' dir='ltr'><strong>praestantius,</strong></span> <span class='ocrx_word' id='word_1_144' title='bbox 2634 896 2894 957; x_wconf 87' lang='lat' dir='ltr'><strong>tanquam</strong></span> <span class='ocrx_word' id='word_1_145' title='bbox 2918 888 3204 957; x_wconf 87' lang='lat' dir='ltr'><strong>principis,</strong></span> <span class='ocrx_word' id='word_1_146' title='bbox 3239 889 3340 942; x_wconf 90' lang='lat' dir='ltr'><strong>hoc</strong></span> <span class='ocrx_word' id='word_1_147' title='bbox 3362 896 3448 943; x_wconf 83' lang='lat' dir='ltr'><strong>est</strong></span> 
     </span>
    </p>
   </div>
   <div class='ocr_carea' id='block_1_25' title="bbox 1861 976 3449 1050">
    <p class='ocr_par' dir='ltr' id='par_1_25' title="bbox 1861 976 3449 1050">
     <span class='ocr_line' id='line_1_25' title="bbox 1861 976 3449 1050; baseline 0.003 -21"><span class='ocrx_word' id='word_1_148' title='bbox 1861 976 2123 1044; x_wconf 85' lang='lat' dir='ltr'><strong>poculum</strong></span> <span class='ocrx_word' id='word_1_149' title='bbox 2154 991 2266 1045; x_wconf 92' lang='lat' dir='ltr'><strong>quo</strong></span> <span class='ocrx_word' id='word_1_150' title='bbox 2303 976 2449 1031; x_wconf 89' lang='lat' dir='ltr'><strong>inter</strong></span> <span class='ocrx_word' id='word_1_151' title='bbox 2478 978 2746 1033; x_wconf 82' lang='lat' dir='ltr'><strong>solemnia</strong></span> <span class='ocrx_word' id='word_1_152' title='bbox 2794 978 3077 1034; x_wconf 88' lang='lat' dir='ltr'><strong>utebatur.</strong></span> <span class='ocrx_word' id='word_1_153' title='bbox 3108 977 3291 1033; x_wconf 92' lang='lat' dir='ltr'><strong>lnnuit</strong></span> <span class='ocrx_word' id='word_1_154' title='bbox 3316 996 3449 1050; x_wconf 87' lang='lat' dir='ltr'><strong>ergo</strong></span> 
     </span>
    </p>
   </div>
   <div class='ocr_carea' id='block_1_26' title="bbox 1863 1066 3001 1139">
    <p class='ocr_par' dir='ltr' id='par_1_26' title="bbox 1863 1066 3001 1139">
     <span class='ocr_line' id='line_1_26' title="bbox 1863 1066 3001 1139; baseline 0.003 -19"><span class='ocrx_word' id='word_1_155' title='bbox 1863 1080 1954 1121; x_wconf 83' lang='lat' dir='ltr'><strong>res</strong></span> <span class='ocrx_word' id='word_1_156' title='bbox 1994 1081 2092 1121; x_wconf 86' lang='lat' dir='ltr'><strong>eos</strong></span> <span class='ocrx_word' id='word_1_157' title='bbox 2123 1067 2207 1121; x_wconf 82' lang='lat' dir='ltr'><strong>vel</strong></span> <span class='ocrx_word' id='word_1_158' title='bbox 2238 1066 2414 1135; x_wconf 85' lang='lat' dir='ltr'><strong>ipsius</strong></span> <span class='ocrx_word' id='word_1_159' title='bbox 2446 1068 2680 1139; x_wconf 85' lang='lat' dir='ltr'><strong>imperio</strong></span> <span class='ocrx_word' id='word_1_160' title='bbox 2711 1068 3001 1125; x_wconf 83' lang='lat' dir='ltr'><strong>invidisse.</strong></span> 
     </span>
    </p>
   </div>
   <div class='ocr_carea' id='block_1_27' title="bbox 2451 1242 2840 1299">
    <p class='ocr_par' dir='ltr' id='par_1_27' title="bbox 2451 1242 2840 1299">
     <span class='ocr_line' id='line_1_27' title="bbox 2451 1242 2840 1299; baseline -0.003 0"><span class='ocrx_word' id='word_1_161' title='bbox 2451 1242 2607 1299; x_wconf 72' lang='lat' dir='ltr'><strong>CAP.</strong></span> <span class='ocrx_word' id='word_1_162' title='bbox 2651 1243 2840 1298; x_wconf 74' lang='lat' dir='ltr'><strong>XLIX.</strong></span> 
     </span>
    </p>
   </div>
   <div class='ocr_carea' id='block_1_28' title="bbox 1934 1331 3521 1405">
    <p class='ocr_par' dir='ltr' id='par_1_28' title="bbox 1934 1331 3521 1405">
     <span class='ocr_line' id='line_1_28' title="bbox 1934 1331 3521 1405; baseline -0.001 -19"><span class='ocrx_word' id='word_1_163' title='bbox 1934 1331 2095 1389; x_wconf 82' lang='lat' dir='ltr'><strong>Vers.</strong></span> <span class='ocrx_word' id='word_1_164' title='bbox 2122 1333 2175 1389; x_wconf 76' lang='grc'><strong>4.</strong></span> <span class='ocrx_word' id='word_1_165' title='bbox 2204 1364 2274 1375; x_wconf 93' lang='grc'><strong>-</strong></span> <span class='ocrx_word' id='word_1_166' title='bbox 2300 1333 2438 1389; x_wconf 88' lang='lat' dir='ltr'><strong>Cum</strong></span> <span class='ocrx_word' id='word_1_167' title='bbox 2473 1351 2537 1391; x_wconf 91' lang='lat' dir='ltr'><strong>ea</strong></span> <span class='ocrx_word' id='word_1_168' title='bbox 2578 1336 2651 1390; x_wconf 91' lang='lat' dir='ltr'><strong>sit</strong></span> <span class='ocrx_word' id='word_1_169' title='bbox 2681 1351 2838 1405; x_wconf 65' lang='lat' dir='ltr'><strong>aqua:</strong></span> <span class='ocrx_word' id='word_1_170' title='bbox 2873 1343 3071 1389; x_wconf 87' lang='lat' dir='ltr'><strong>natura</strong></span> <span class='ocrx_word' id='word_1_171' title='bbox 3098 1375 3114 1401; x_wconf 88' lang='lat'><strong>,</strong></span> <span class='ocrx_word' id='word_1_172' title='bbox 3141 1342 3202 1389; x_wconf 92' lang='lat' dir='ltr'><strong>ut</strong></span> <span class='ocrx_word' id='word_1_173' title='bbox 3229 1334 3452 1389; x_wconf 80' lang='lat' dir='ltr'><strong>admoto</strong></span> <span class='ocrx_word' id='word_1_174' title='bbox 3518 1382 3521 1385; x_wconf 89' lang='lat'><strong>.</strong></span> 
     </span>
    </p>
   </div>
   <div class='ocr_carea' id='block_1_29' title="bbox 1864 1423 3519 1497">
    <p class='ocr_par' dir='ltr' id='par_1_29' title="bbox 1864 1423 3519 1497">
     <span class='ocr_line' id='line_1_29' title="bbox 1864 1423 3519 1497; baseline 0.002 -19"><span class='ocrx_word' id='word_1_175' title='bbox 1864 1423 1990 1496; x_wconf 86' lang='lat' dir='ltr'><strong>igne</strong></span> <span class='ocrx_word' id='word_1_176' title='bbox 2025 1424 2385 1492; x_wconf 75' lang='lat' dir='ltr'><strong>eﬂ‘ervcscat,</strong></span> <span class='ocrx_word' id='word_1_177' title='bbox 2425 1434 2481 1482; x_wconf 94' lang='lat' dir='ltr'><strong>et</strong></span> <span class='ocrx_word' id='word_1_178' title='bbox 2527 1436 2741 1481; x_wconf 87' lang='lat' dir='ltr'><strong>remoto</strong></span> <span class='ocrx_word' id='word_1_179' title='bbox 2774 1428 2897 1497; x_wconf 87' lang='lat' dir='ltr'><strong>igne</strong></span> <span class='ocrx_word' id='word_1_180' title='bbox 2944 1427 3146 1482; x_wconf 80' lang='lat' dir='ltr'><strong>bullire</strong></span> <span class='ocrx_word' id='word_1_181' title='bbox 3191 1426 3449 1497; x_wconf 80' lang='lat' dir='ltr'><strong>protinus</strong></span> <span class='ocrx_word' id='word_1_182' title='bbox 3518 1478 3519 1481; x_wconf 44' lang='grc' dir='ltr'><strong>η</strong></span> 
     </span>
    </p>
   </div>
   <div class='ocr_carea' id='block_1_30' title="bbox 1863 1516 3451 1590">
    <p class='ocr_par' dir='ltr' id='par_1_30' title="bbox 1863 1516 3451 1590">
     <span class='ocr_line' id='line_1_30' title="bbox 1863 1516 3451 1590; baseline 0.001 -19"><span class='ocrx_word' id='word_1_183' title='bbox 1863 1516 2121 1582; x_wconf 88' lang='lat' dir='ltr'><strong>desinat,</strong></span> <span class='ocrx_word' id='word_1_184' title='bbox 2150 1516 2343 1572; x_wconf 87' lang='lat' dir='ltr'><strong>eadem</strong></span> <span class='ocrx_word' id='word_1_185' title='bbox 2377 1518 2590 1574; x_wconf 87' lang='lat' dir='ltr'><strong>ratione</strong></span> <span class='ocrx_word' id='word_1_186' title='bbox 2614 1558 2630 1583; x_wconf 90' lang='lat'><strong>,</strong></span> <span class='ocrx_word' id='word_1_187' title='bbox 2672 1520 2870 1590; x_wconf 90' lang='lat' dir='ltr'><strong>inquit,</strong></span> <span class='ocrx_word' id='word_1_188' title='bbox 2901 1535 2970 1574; x_wconf 90' lang='lat' dir='ltr'><strong>ne</strong></span> <span class='ocrx_word' id='word_1_189' title='bbox 3000 1532 3193 1589; x_wconf 84' lang='lat' dir='ltr'><strong>pereas</strong></span> <span class='ocrx_word' id='word_1_190' title='bbox 3216 1558 3231 1582; x_wconf 95' lang='lat'><strong>,</strong></span> <span class='ocrx_word' id='word_1_191' title='bbox 3272 1531 3451 1587; x_wconf 86' lang='lat' dir='ltr'><strong>neque</strong></span> 
     </span>
    </p>
   </div>
   <div class='ocr_carea' id='block_1_31' title="bbox 1864 1607 3451 1670">
    <p class='ocr_par' dir='ltr' id='par_1_31' title="bbox 1864 1607 3451 1670">
     <span class='ocr_line' id='line_1_31' title="bbox 1864 1607 3451 1670; baseline 0.001 -11"><span class='ocrx_word' id='word_1_192' title='bbox 1864 1617 2041 1663; x_wconf 90' lang='lat' dir='ltr'><strong>morte</strong></span> <span class='ocrx_word' id='word_1_193' title='bbox 2068 1610 2298 1663; x_wconf 89' lang='lat' dir='ltr'><strong>omnino</strong></span> <span class='ocrx_word' id='word_1_194' title='bbox 2328 1624 2650 1665; x_wconf 80' lang='lat' dir='ltr'><strong>evanescas.</strong></span> <span class='ocrx_word' id='word_1_195' title='bbox 2687 1611 2802 1665; x_wconf 88' lang='lat' dir='ltr'><strong>Hoc</strong></span> <span class='ocrx_word' id='word_1_196' title='bbox 2834 1610 2979 1665; x_wconf 87' lang='lat' dir='ltr'><strong>enim</strong></span> <span class='ocrx_word' id='word_1_197' title='bbox 3021 1608 3262 1664; x_wconf 84' lang='lat' dir='ltr'><strong>declarat</strong></span> <span class='ocrx_word' id='word_1_198' title='bbox 3290 1607 3451 1670; x_wconf 75' lang='lat' dir='ltr'><strong>illud,</strong></span> 
     </span>
    </p>
   </div>
   <div class='ocr_carea' id='block_1_32' title="bbox 182 1684 1772 1772">
    <p class='ocr_par' dir='ltr' id='par_1_32' title="bbox 182 1698 1757 1772">
     <span class='ocr_line' id='line_1_32' title="bbox 182 1698 1757 1772; baseline -0.003 -18"><span class='ocrx_word' id='word_1_199' title='bbox 182 1704 265 1766; x_wconf 87' lang='grc' dir='ltr'><strong>είς</strong></span> <span class='ocrx_word' id='word_1_200' title='bbox 311 1701 371 1754; x_wconf 78' lang='grc' dir='ltr'>τὸ</span> <span class='ocrx_word' id='word_1_201' title='bbox 404 1701 668 1764; x_wconf 82' lang='grc' dir='ltr'>παντελὲς</span> <span class='ocrx_word' id='word_1_202' title='bbox 708 1699 784 1771; x_wconf 83' lang='grc' dir='ltr'>τῷ</span> <span class='ocrx_word' id='word_1_203' title='bbox 814 1700 1047 1771; x_wconf 86' lang='grc' dir='ltr'>θανάτῳ.</span> <span class='ocrx_word' id='word_1_204' title='bbox 1084 1698 1254 1753; x_wconf 83' lang='grc' dir='ltr'>Τοῦτο</span> <span class='ocrx_word' id='word_1_205' title='bbox 1300 1701 1409 1772; x_wconf 74' lang='grc' dir='ltr'><strong>γὰρ</strong></span> <span class='ocrx_word' id='word_1_206' title='bbox 1458 1698 1609 1767; x_wconf 80' lang='grc' dir='ltr'>λέγει</span> <span class='ocrx_word' id='word_1_207' title='bbox 1634 1738 1649 1759; x_wconf 84' lang='grc'>,</span> <span class='ocrx_word' id='word_1_208' title='bbox 1676 1698 1757 1762; x_wconf 82' lang='grc' dir='ltr'><strong>ὡς</strong></span> 
     </span>
    </p>
   </div>
   <div class='ocr_carea' id='block_1_33' title="bbox 1880 1684 3452 1772">
    <p class='ocr_par' dir='ltr' id='par_1_33' title="bbox 1880 1698 3452 1771">
     <span class='ocr_line' id='line_1_33' title="bbox 1880 1698 3452 1771; baseline 0.003 -22"><span class='ocrx_word' id='word_1_209' title='bbox 1880 1698 1997 1750; x_wconf 75' lang='grc' dir='ltr'>εἱειιι</span> <span class='ocrx_word' id='word_1_210' title='bbox 2027 1715 2165 1770; x_wconf 83' lang='lat' dir='ltr'><strong>aqua</strong></span> <span class='ocrx_word' id='word_1_211' title='bbox 2193 1716 2294 1753; x_wconf 83' lang='lat' dir='ltr'><strong>non</strong></span> <span class='ocrx_word' id='word_1_212' title='bbox 2312 1700 2636 1769; x_wconf 73' lang='lat' dir='ltr'><strong>efl&#39;errescas.</strong></span> <span class='ocrx_word' id='word_1_213' title='bbox 2663 1702 2926 1768; x_wconf 81' lang='lat' dir='ltr'><strong>Quamvis</strong></span> <span class='ocrx_word' id='word_1_214' title='bbox 2955 1710 3179 1771; x_wconf 88' lang='lat' dir='ltr'><strong>peccato</strong></span> <span class='ocrx_word' id='word_1_215' title='bbox 3212 1710 3326 1763; x_wconf 89' lang='lat' dir='ltr'><strong>tuo,</strong></span> <span class='ocrx_word' id='word_1_216' title='bbox 3349 1702 3452 1763; x_wconf 85' lang='lat' dir='ltr'><strong>ait,</strong></span> 
     </span>
    </p>
   </div>
   <div class='ocr_carea' id='block_1_34' title="bbox 182 1789 1763 1862">
    <p class='ocr_par' dir='ltr' id='par_1_34' title="bbox 182 1789 1763 1862">
     <span class='ocr_line' id='line_1_34' title="bbox 182 1789 1763 1862; baseline -0.004 -16"><span class='ocrx_word' id='word_1_217' title='bbox 182 1792 342 1861; x_wconf 80' lang='grc' dir='ltr'>ὕδωρ</span> <span class='ocrx_word' id='word_1_218' title='bbox 365 1793 452 1861; x_wconf 79' lang='grc' dir='ltr'>μὴ</span> <span class='ocrx_word' id='word_1_219' title='bbox 483 1792 760 1859; x_wconf 68' lang='grc' dir='ltr'><strong>ὲκζέσιδς.</strong></span> <span class='ocrx_word' id='word_1_220' title='bbox 786 1791 848 1844; x_wconf 73' lang='lat' dir='ltr'><strong>EE</strong></span> <span class='ocrx_word' id='word_1_221' title='bbox 867 1790 975 1862; x_wconf 77' lang='grc' dir='ltr'>γὰρ</span> <span class='ocrx_word' id='word_1_222' title='bbox 1008 1790 1102 1844; x_wconf 74' lang='grc' dir='ltr'>καὶ</span> <span class='ocrx_word' id='word_1_223' title='bbox 1128 1790 1189 1842; x_wconf 84' lang='grc' dir='ltr'>τὸ</span> <span class='ocrx_word' id='word_1_224' title='bbox 1213 1790 1535 1861; x_wconf 84' lang='grc' dir='ltr'>ἁμάρτημα,</span> <span class='ocrx_word' id='word_1_225' title='bbox 1567 1789 1763 1858; x_wconf 65' lang='grc' dir='ltr'>φησιν,</span> 
     </span>
    </p>
   </div>
   <div class='ocr_carea' id='block_1_35' title="bbox 182 1880 1766 1956">
    <p class='ocr_par' dir='ltr' id='par_1_35' title="bbox 182 1880 1766 1956">
     <span class='ocr_line' id='line_1_35' title="bbox 182 1880 1766 1956; baseline -0.006 -16"><span class='ocrx_word' id='word_1_226' title='bbox 182 1886 333 1951; x_wconf 78' lang='grc' dir='ltr'>ἄξιόν</span> <span class='ocrx_word' id='word_1_227' title='bbox 362 1887 508 1938; x_wconf 79' lang='grc' dir='ltr'>ἐστιν</span> <span class='ocrx_word' id='word_1_228' title='bbox 538 1884 760 1956; x_wconf 85' lang='grc' dir='ltr'>δλεθρόν</span> <span class='ocrx_word' id='word_1_229' title='bbox 801 1900 882 1936; x_wconf 92' lang='grc' dir='ltr'>σοι</span> <span class='ocrx_word' id='word_1_230' title='bbox 927 1883 1261 1951; x_wconf 75' lang='grc' dir='ltr'>ἐπαγαγεῖν,</span> <span class='ocrx_word' id='word_1_231' title='bbox 1301 1880 1435 1934; x_wconf 74' lang='grc' dir='ltr'>ἀλλὰ</span> <span class='ocrx_word' id='word_1_232' title='bbox 1467 1880 1543 1951; x_wconf 79' lang='grc' dir='ltr'>μὴ</span> <span class='ocrx_word' id='word_1_233' title='bbox 1592 1880 1766 1943; x_wconf 68' lang='grc' dir='ltr'>οὕτως</span> 
     </span>
    </p>
   </div>
   <div class='ocr_carea' id='block_1_36' title="bbox 182 1969 1766 2045">
    <p class='ocr_par' dir='ltr' id='par_1_36' title="bbox 182 1969 1766 2045">
     <span class='ocr_line' id='line_1_36' title="bbox 182 1969 1766 2045; baseline -0.004 -16"><span class='ocrx_word' id='word_1_234' title='bbox 182 1975 460 2039; x_wconf 80' lang='grc' dir='ltr'>ἀπόλλοιο,</span> <span class='ocrx_word' id='word_1_235' title='bbox 491 1975 623 2045; x_wconf 83' lang='grc' dir='ltr'>μηδὲ</span> <span class='ocrx_word' id='word_1_236' title='bbox 656 1975 811 2045; x_wconf 85' lang='grc' dir='ltr'>δίκην</span> <span class='ocrx_word' id='word_1_237' title='bbox 845 1972 1034 2035; x_wconf 78' lang='grc' dir='ltr'>ὕδατος</span> <span class='ocrx_word' id='word_1_238' title='bbox 1068 1971 1454 2043; x_wconf 80' lang='grc' dir='ltr'>διαφθαρείης,</span> <span class='ocrx_word' id='word_1_239' title='bbox 1484 1971 1582 2042; x_wconf 76' lang='grc' dir='ltr'><strong>τὴν</strong></span> <span class='ocrx_word' id='word_1_240' title='bbox 1614 1969 1766 2023; x_wconf 81' lang='grc' dir='ltr'><strong>ὲνοῦ-</strong></span> 
     </span>
    </p>
   </div>
   <div class='ocr_carea' id='block_1_37' title="bbox 186 2062 1761 2138">
    <p class='ocr_par' dir='ltr' id='par_1_37' title="bbox 186 2062 1761 2138">
     <span class='ocr_line' id='line_1_37' title="bbox 186 2062 1761 2138; baseline -0.005 -16"><span class='ocrx_word' id='word_1_241' title='bbox 186 2086 289 2122; x_wconf 88' lang='grc' dir='ltr'><strong>σαν</strong></span> <span class='ocrx_word' id='word_1_242' title='bbox 313 2067 649 2138; x_wconf 77' lang='grc' dir='ltr'>ἀποθέμενος</span> <span class='ocrx_word' id='word_1_243' title='bbox 678 2066 909 2138; x_wconf 81' lang='grc' dir='ltr'><strong>Θέρμην,</strong></span> <span class='ocrx_word' id='word_1_244' title='bbox 942 2062 1021 2136; x_wconf 84' lang='grc' dir='ltr'>τῷ</span> <span class='ocrx_word' id='word_1_245' title='bbox 1048 2064 1301 2135; x_wconf 80' lang='grc' dir='ltr'>διαδοχὴν</span> <span class='ocrx_word' id='word_1_246' title='bbox 1338 2066 1405 2117; x_wconf 87' lang='grc' dir='ltr'>ὲκ</span> <span class='ocrx_word' id='word_1_247' title='bbox 1445 2063 1538 2116; x_wconf 76' lang='grc' dir='ltr'><strong>σοῦ</strong></span> <span class='ocrx_word' id='word_1_248' title='bbox 1588 2062 1761 2133; x_wconf 79' lang='grc' dir='ltr'>μηδε-</span> 
     </span>
    </p>
   </div>
   <div class='ocr_carea' id='block_1_38' title="bbox 187 2159 629 2233">
    <p class='ocr_par' dir='ltr' id='par_1_38' title="bbox 187 2159 629 2233">
     <span class='ocr_line' id='line_1_38' title="bbox 187 2159 629 2233; baseline 0 -20"><span class='ocrx_word' id='word_1_249' title='bbox 187 2162 319 2233; x_wconf 83' lang='grc' dir='ltr'><strong>μίαν</strong></span> <span class='ocrx_word' id='word_1_250' title='bbox 351 2159 629 2229; x_wconf 91' lang='grc' dir='ltr'>γενέσθαι.</span> 
     </span>
    </p>
   </div>
   <div class='ocr_carea' id='block_1_39' title="bbox 258 2246 1765 2323">
    <p class='ocr_par' dir='ltr' id='par_1_39' title="bbox 258 2246 1765 2323">
     <span class='ocr_line' id='line_1_39' title="bbox 258 2246 1765 2323; baseline -0.003 -17"><span class='ocrx_word' id='word_1_251' title='bbox 258 2254 410 2323; x_wconf 82' lang='grc' dir='ltr'>Στίχ.</span> <span class='ocrx_word' id='word_1_252' title='bbox 445 2259 495 2307; x_wconf 83' lang='grc' dir='ltr'><strong>ι’.</strong></span> <span class='ocrx_word' id='word_1_253' title='bbox 514 2250 847 2322; x_wconf 82' lang='grc' dir='ltr'><strong>-Εἰρηκὼς</strong></span> <span class='ocrx_word' id='word_1_254' title='bbox 875 2252 936 2305; x_wconf 83' lang='grc' dir='ltr'>τὸ</span> <span class='ocrx_word' id='word_1_255' title='bbox 962 2251 1061 2322; x_wconf 84' lang='grc' dir='ltr'><strong>τῆς</strong></span> <span class='ocrx_word' id='word_1_256' title='bbox 1089 2250 1235 2314; x_wconf 83' lang='grc' dir='ltr'>δνου,</span> <span class='ocrx_word' id='word_1_257' title='bbox 1258 2249 1424 2320; x_wconf 70' lang='grc' dir='ltr'>ἧγουν</span> <span class='ocrx_word' id='word_1_258' title='bbox 1444 2248 1535 2301; x_wconf 80' lang='grc' dir='ltr'>τοῦ</span> <span class='ocrx_word' id='word_1_259' title='bbox 1560 2246 1765 2311; x_wconf 80' lang='grc' dir='ltr'>πώλου,</span> 
     </span>
    </p>
   </div>
   <div class='ocr_carea' id='block_1_40' title="bbox 186 2338 1770 2415">
    <p class='ocr_par' dir='ltr' id='par_1_40' title="bbox 186 2338 1770 2415">
     <span class='ocr_line' id='line_1_40' title="bbox 186 2338 1770 2415; baseline -0.005 -15"><span class='ocrx_word' id='word_1_260' title='bbox 186 2347 275 2415; x_wconf 74' lang='grc' dir='ltr'><strong>ἐφ’</strong></span> <span class='ocrx_word' id='word_1_261' title='bbox 304 2338 455 2415; x_wconf 82' lang='grc' dir='ltr'>ᾧπερ</span> <span class='ocrx_word' id='word_1_262' title='bbox 496 2343 766 2413; x_wconf 86' lang='grc' dir='ltr'>ὲκαθέσθη</span> <span class='ocrx_word' id='word_1_263' title='bbox 796 2344 902 2413; x_wconf 83' lang='grc' dir='ltr'>πρὸ</span> <span class='ocrx_word' id='word_1_264' title='bbox 930 2342 1024 2396; x_wconf 79' lang='grc' dir='ltr'><strong>τοῦ</strong></span> <span class='ocrx_word' id='word_1_265' title='bbox 1054 2342 1256 2405; x_wconf 78' lang='grc' dir='ltr'>πάθους</span> <span class='ocrx_word' id='word_1_266' title='bbox 1302 2344 1328 2395; x_wconf 89' lang='grc' dir='ltr'><strong>ὀ</strong></span> <span class='ocrx_word' id='word_1_267' title='bbox 1381 2340 1585 2412; x_wconf 80' lang='grc' dir='ltr'>Κύριος</span> <span class='ocrx_word' id='word_1_268' title='bbox 1607 2382 1622 2401; x_wconf 83' lang='grc'>,</span> <span class='ocrx_word' id='word_1_269' title='bbox 1672 2342 1770 2393; x_wconf 81' lang='grc' dir='ltr'><strong>έπ-</strong></span> 
     </span>
    </p>
   </div>
   <div class='ocr_carea' id='block_1_41' title="bbox 187 2430 1771 2504">
    <p class='ocr_par' dir='ltr' id='par_1_41' title="bbox 187 2430 1771 2504">
     <span class='ocr_line' id='line_1_41' title="bbox 187 2430 1771 2504; baseline -0.003 -17"><span class='ocrx_word' id='word_1_270' title='bbox 187 2435 312 2504; x_wconf 81' lang='grc' dir='ltr'>άγει</span> <span class='ocrx_word' id='word_1_271' title='bbox 342 2432 551 2487; x_wconf 76' lang='grc' dir='ltr'><strong>καὶτοῦ</strong></span> <span class='ocrx_word' id='word_1_272' title='bbox 604 2432 809 2497; x_wconf 81' lang='grc' dir='ltr'>πάθους</span> <span class='ocrx_word' id='word_1_273' title='bbox 846 2434 947 2504; x_wconf 75' lang='grc' dir='ltr'>τὴν</span> <span class='ocrx_word' id='word_1_274' title='bbox 996 2434 1245 2504; x_wconf 82' lang='grc' dir='ltr'><strong>μήνυσιν.</strong></span> <span class='ocrx_word' id='word_1_275' title='bbox 1272 2430 1498 2486; x_wconf 76' lang='grc' dir='ltr'><strong>Πλυνεῐ</strong></span> <span class='ocrx_word' id='word_1_276' title='bbox 1521 2432 1592 2484; x_wconf 79' lang='grc' dir='ltr'><strong>ἐν</strong></span> <span class='ocrx_word' id='word_1_277' title='bbox 1625 2431 1771 2497; x_wconf 77' lang='grc' dir='ltr'><strong>οἴνῳ</strong></span> 
     </span>
    </p>
   </div>
   <div class='ocr_carea' id='block_1_42' title="bbox 186 2521 1768 2593">
    <p class='ocr_par' dir='ltr' id='par_1_42' title="bbox 186 2521 1768 2593">
     <span class='ocr_line' id='line_1_42' title="bbox 186 2521 1768 2593; baseline 0.004 -15"><span class='ocrx_word' id='word_1_278' title='bbox 186 2525 306 2593; x_wconf 81' lang='grc' dir='ltr'><strong>τὴν</strong></span> <span class='ocrx_word' id='word_1_279' title='bbox 335 2524 570 2591; x_wconf 72' lang='grc' dir='ltr'><strong>στολὴν</strong></span> <span class='ocrx_word' id='word_1_280' title='bbox 598 2523 786 2577; x_wconf 84' lang='grc' dir='ltr'>αὐτοῦ</span> <span class='ocrx_word' id='word_1_281' title='bbox 810 2561 826 2585; x_wconf 84' lang='grc'><strong><em>,</em></strong></span> <span class='ocrx_word' id='word_1_282' title='bbox 855 2523 948 2575; x_wconf 77' lang='grc' dir='ltr'><strong>καὶ</strong></span> <span class='ocrx_word' id='word_1_283' title='bbox 994 2524 1064 2575; x_wconf 73' lang='grc' dir='ltr'>τὰ</span> <span class='ocrx_word' id='word_1_284' title='bbox 1110 2522 1258 2593; x_wconf 77' lang='grc' dir='ltr'>ἑξῆς.</span> <span class='ocrx_word' id='word_1_285' title='bbox 1295 2522 1455 2582; x_wconf 79' lang='grc' dir='ltr'><strong>Ἐθος</strong></span> <span class='ocrx_word' id='word_1_286' title='bbox 1480 2523 1546 2591; x_wconf 75' lang='grc' dir='ltr'><strong>τῇ</strong></span> <span class='ocrx_word' id='word_1_287' title='bbox 1577 2521 1768 2592; x_wconf 74' lang='grc' dir='ltr'><strong>Γραφῇ</strong></span> 
     </span>
    </p>
   </div>
   <div class='ocr_carea' id='block_1_43' title="bbox 188 2613 1767 2689">
    <p class='ocr_par' dir='ltr' id='par_1_43' title="bbox 188 2613 1767 2689">
     <span class='ocr_line' id='line_1_43' title="bbox 188 2613 1767 2689; baseline -0.004 -18"><span class='ocrx_word' id='word_1_288' title='bbox 188 2619 320 2689; x_wconf 75' lang='grc' dir='ltr'>οἴνῳ</span> <span class='ocrx_word' id='word_1_289' title='bbox 350 2616 703 2688; x_wconf 77' lang='grc' dir='ltr'>παρεικάζειν</span> <span class='ocrx_word' id='word_1_290' title='bbox 729 2615 825 2679; x_wconf 80' lang='grc' dir='ltr'>τὰς</span> <span class='ocrx_word' id='word_1_291' title='bbox 860 2614 1127 2686; x_wconf 74' lang='grc' dir='ltr'>τιμωρίας</span> <span class='ocrx_word' id='word_1_292' title='bbox 1178 2615 1272 2667; x_wconf 77' lang='grc' dir='ltr'>καὶ</span> <span class='ocrx_word' id='word_1_293' title='bbox 1309 2614 1433 2676; x_wconf 78' lang='grc' dir='ltr'>τοὺς</span> <span class='ocrx_word' id='word_1_294' title='bbox 1463 2613 1724 2677; x_wconf 83' lang='grc' dir='ltr'>θανάτους</span> <span class='ocrx_word' id='word_1_295' title='bbox 1752 2629 1767 2645; x_wconf 75' lang='grc' dir='ltr'><strong>ο</strong></span> 
     </span>
    </p>
   </div>
   <div class='ocr_carea' id='block_1_44' title="bbox 187 2704 1767 2776">
    <p class='ocr_par' dir='ltr' id='par_1_44' title="bbox 187 2704 1767 2776">
     <span class='ocr_line' id='line_1_44' title="bbox 187 2704 1767 2776; baseline -0.003 -14"><span class='ocrx_word' id='word_1_296' title='bbox 187 2710 266 2773; x_wconf 83' lang='grc' dir='ltr'>ὡς</span> <span class='ocrx_word' id='word_1_297' title='bbox 294 2709 373 2772; x_wconf 78' lang='grc' dir='ltr'><strong>τὸ,</strong></span> <span class='ocrx_word' id='word_1_298' title='bbox 402 2707 691 2776; x_wconf 65' lang='grc' dir='ltr'><strong>ΙΙοτιξριον</strong></span> <span class='ocrx_word' id='word_1_299' title='bbox 727 2708 797 2760; x_wconf 70' lang='grc' dir='ltr'><strong>ἐν</strong></span> <span class='ocrx_word' id='word_1_300' title='bbox 822 2706 971 2776; x_wconf 82' lang='grc' dir='ltr'>χειρί</span> <span class='ocrx_word' id='word_1_301' title='bbox 995 2706 1215 2774; x_wconf 80' lang='grc' dir='ltr'>Κυρίου</span> <span class='ocrx_word' id='word_1_302' title='bbox 1244 2705 1413 2758; x_wconf 80' lang='grc' dir='ltr'>οἴνου</span> <span class='ocrx_word' id='word_1_303' title='bbox 1461 2704 1721 2773; x_wconf 77' lang='grc' dir='ltr'>ἀκράτου</span> <span class='ocrx_word' id='word_1_304' title='bbox 1752 2720 1767 2735; x_wconf 88' lang='grc'><strong>·</strong></span> 
     </span>
    </p>
   </div>
   <div class='ocr_carea' id='block_1_45' title="bbox 189 2795 1772 2874">
    <p class='ocr_par' dir='ltr' id='par_1_45' title="bbox 189 2795 1772 2874">
     <span class='ocr_line' id='line_1_45' title="bbox 189 2795 1772 2874; baseline -0.004 -18"><span class='ocrx_word' id='word_1_305' title='bbox 189 2804 282 2856; x_wconf 84' lang='grc' dir='ltr'><strong>ἵνα</strong></span> <span class='ocrx_word' id='word_1_306' title='bbox 310 2800 439 2874; x_wconf 74' lang='grc' dir='ltr'>εἴπῃ</span> <span class='ocrx_word' id='word_1_307' title='bbox 461 2840 475 2861; x_wconf 85' lang='grc'><em>,</em></span> <span class='ocrx_word' id='word_1_308' title='bbox 506 2801 587 2853; x_wconf 77' lang='grc' dir='ltr'><strong>ὅτι</strong></span> <span class='ocrx_word' id='word_1_309' title='bbox 622 2799 713 2853; x_wconf 79' lang='grc' dir='ltr'><strong>ὲπὶ</strong></span> <span class='ocrx_word' id='word_1_310' title='bbox 755 2799 854 2868; x_wconf 84' lang='grc' dir='ltr'><strong>τῆς</strong></span> <span class='ocrx_word' id='word_1_311' title='bbox 891 2798 1137 2864; x_wconf 72' lang='grc' dir='ltr'>ἐξουσίας</span> <span class='ocrx_word' id='word_1_312' title='bbox 1180 2797 1297 2849; x_wconf 78' lang='grc' dir='ltr'><strong>ἐστὶ</strong></span> <span class='ocrx_word' id='word_1_313' title='bbox 1341 2796 1443 2864; x_wconf 82' lang='grc' dir='ltr'><strong>τῆς</strong></span> <span class='ocrx_word' id='word_1_314' title='bbox 1475 2795 1639 2849; x_wconf 80' lang='grc' dir='ltr'>αὑτοῦ</span> <span class='ocrx_word' id='word_1_315' title='bbox 1671 2795 1772 2860; x_wconf 84' lang='grc' dir='ltr'>τὰς</span> 
     </span>
    </p>
   </div>
   <div class='ocr_carea' id='block_1_46' title="bbox 1866 1791 3455 1863">
    <p class='ocr_par' dir='ltr' id='par_1_46' title="bbox 1866 1791 3455 1863">
     <span class='ocr_line' id='line_1_46' title="bbox 1866 1791 3455 1863; baseline 0.001 -20"><span class='ocrx_word' id='word_1_316' title='bbox 1866 1791 2097 1844; x_wconf 87' lang='lat' dir='ltr'><strong>exitium</strong></span> <span class='ocrx_word' id='word_1_317' title='bbox 2153 1792 2251 1845; x_wconf 85' lang='lat' dir='ltr'><strong>tibi</strong></span> <span class='ocrx_word' id='word_1_318' title='bbox 2294 1795 2710 1863; x_wconf 89' lang='lat' dir='ltr'><strong>promerueris,</strong></span> <span class='ocrx_word' id='word_1_319' title='bbox 2754 1809 2822 1848; x_wconf 90' lang='lat' dir='ltr'><strong>ne</strong></span> <span class='ocrx_word' id='word_1_320' title='bbox 2854 1806 3039 1849; x_wconf 90' lang='lat' dir='ltr'><strong>tamen</strong></span> <span class='ocrx_word' id='word_1_321' title='bbox 3096 1808 3309 1863; x_wconf 70' lang='lat' dir='ltr'><strong>pereas,</strong></span> <span class='ocrx_word' id='word_1_322' title='bbox 3350 1807 3455 1846; x_wconf 85' lang='lat' dir='ltr'><strong>nec</strong></span> 
     </span>
    </p>
   </div>
   <div class='ocr_carea' id='block_1_47' title="bbox 1866 1881 3457 1956">
    <p class='ocr_par' dir='ltr' id='par_1_47' title="bbox 1866 1881 3457 1956">
     <span class='ocr_line' id='line_1_47' title="bbox 1866 1881 3457 1956; baseline 0.003 -23"><span class='ocrx_word' id='word_1_323' title='bbox 1866 1881 2043 1935; x_wconf 83' lang='lat' dir='ltr'><strong>instar</strong></span> <span class='ocrx_word' id='word_1_324' title='bbox 2068 1898 2223 1952; x_wconf 72' lang='lat' dir='ltr'><strong>aqum</strong></span> <span class='ocrx_word' id='word_1_325' title='bbox 2245 1884 2478 1949; x_wconf 90' lang='lat' dir='ltr'><strong>tollaris,</strong></span> <span class='ocrx_word' id='word_1_326' title='bbox 2500 1900 2602 1938; x_wconf 89' lang='lat' dir='ltr'><strong>nec</strong></span> <span class='ocrx_word' id='word_1_327' title='bbox 2621 1885 2893 1940; x_wconf 87' lang='lat' dir='ltr'><strong>exstincto</strong></span> <span class='ocrx_word' id='word_1_328' title='bbox 2917 1901 3032 1956; x_wconf 83' lang='lat' dir='ltr'><strong>quo</strong></span> <span class='ocrx_word' id='word_1_329' title='bbox 3060 1885 3220 1941; x_wconf 87' lang='lat' dir='ltr'><strong>ardes</strong></span> <span class='ocrx_word' id='word_1_330' title='bbox 3243 1885 3457 1947; x_wconf 65' lang='lat' dir='ltr'><strong>calore,</strong></span> 
     </span>
    </p>
   </div>
   <div class='ocr_carea' id='block_1_48' title="bbox 1868 1972 2605 2041">
    <p class='ocr_par' dir='ltr' id='par_1_48' title="bbox 1868 1972 2605 2041">
     <span class='ocr_line' id='line_1_48' title="bbox 1868 1972 2605 2041; baseline 0.011 -19"><span class='ocrx_word' id='word_1_331' title='bbox 1868 1972 2127 2041; x_wconf 86' lang='lat' dir='ltr'><strong>progenie</strong></span> <span class='ocrx_word' id='word_1_332' title='bbox 2144 1975 2371 2028; x_wconf 82' lang='lat' dir='ltr'><strong>omnino</strong></span> <span class='ocrx_word' id='word_1_333' title='bbox 2389 1988 2605 2030; x_wconf 80' lang='lat' dir='ltr'><strong>careas.</strong></span> 
     </span>
    </p>
   </div>
   <div class='ocr_carea' id='block_1_49' title="bbox 1938 2246 3469 2318">
    <p class='ocr_par' dir='ltr' id='par_1_49' title="bbox 1938 2246 3469 2318">
     <span class='ocr_line' id='line_1_49' title="bbox 1938 2246 3469 2318; baseline 0.001 -16"><span class='ocrx_word' id='word_1_334' title='bbox 1938 2246 2097 2304; x_wconf 75' lang='lat' dir='ltr'><strong>Vers.</strong></span> <span class='ocrx_word' id='word_1_335' title='bbox 2134 2248 2220 2302; x_wconf 81' lang='grc'><strong>10.</strong></span> <span class='ocrx_word' id='word_1_336' title='bbox 2249 2276 2321 2288; x_wconf 91' lang='lat'><strong>--</strong></span> <span class='ocrx_word' id='word_1_337' title='bbox 2360 2246 2653 2302; x_wconf 80' lang='lat' dir='ltr'><strong>Nominato</strong></span> <span class='ocrx_word' id='word_1_338' title='bbox 2697 2250 2856 2303; x_wconf 91' lang='lat' dir='ltr'><strong>asino</strong></span> <span class='ocrx_word' id='word_1_339' title='bbox 2893 2264 2988 2303; x_wconf 88' lang='lat' dir='ltr'><strong>seu</strong></span> <span class='ocrx_word' id='word_1_340' title='bbox 3026 2248 3197 2318; x_wconf 89' lang='lat' dir='ltr'><strong>pullo,</strong></span> <span class='ocrx_word' id='word_1_341' title='bbox 3235 2250 3324 2304; x_wconf 89' lang='lat' dir='ltr'><strong>cui</strong></span> <span class='ocrx_word' id='word_1_342' title='bbox 3360 2265 3469 2304; x_wconf 89' lang='lat' dir='ltr'><strong>su-.</strong></span> 
     </span>
    </p>
   </div>
   <div class='ocr_carea' id='block_1_50' title="bbox 1869 2339 3456 2411">
    <p class='ocr_par' dir='ltr' id='par_1_50' title="bbox 1869 2339 3456 2411">
     <span class='ocr_line' id='line_1_50' title="bbox 1869 2339 3456 2411; baseline 0.003 -18"><span class='ocrx_word' id='word_1_343' title='bbox 1869 2341 2112 2411; x_wconf 85' lang='lat' dir='ltr'><strong>persedit</strong></span> <span class='ocrx_word' id='word_1_344' title='bbox 2156 2340 2425 2394; x_wconf 85' lang='lat' dir='ltr'><strong>Dominus</strong></span> <span class='ocrx_word' id='word_1_345' title='bbox 2469 2348 2598 2394; x_wconf 85' lang='lat' dir='ltr'><strong>ante</strong></span> <span class='ocrx_word' id='word_1_346' title='bbox 2649 2339 2962 2411; x_wconf 81' lang='lat' dir='ltr'><strong>passionem</strong></span> <span class='ocrx_word' id='word_1_347' title='bbox 2997 2355 3177 2404; x_wconf 90' lang='lat' dir='ltr'><strong>suam,</strong></span> <span class='ocrx_word' id='word_1_348' title='bbox 3230 2356 3373 2395; x_wconf 85' lang='lat' dir='ltr'><strong>nunc</strong></span> <span class='ocrx_word' id='word_1_349' title='bbox 3398 2350 3456 2397; x_wconf 82' lang='lat' dir='ltr'><strong>et</strong></span> 
     </span>
    </p>
   </div>
   <div class='ocr_carea' id='block_1_51' title="bbox 1871 2429 3453 2500">
    <p class='ocr_par' dir='ltr' id='par_1_51' title="bbox 1871 2429 3453 2500">
     <span class='ocr_line' id='line_1_51' title="bbox 1871 2429 3453 2500; baseline 0 -16"><span class='ocrx_word' id='word_1_350' title='bbox 1871 2432 2042 2500; x_wconf 80' lang='lat' dir='ltr'><strong>ipsam</strong></span> <span class='ocrx_word' id='word_1_351' title='bbox 2078 2431 2391 2499; x_wconf 86' lang='lat' dir='ltr'><strong>passionem</strong></span> <span class='ocrx_word' id='word_1_352' title='bbox 2436 2439 2727 2485; x_wconf 86' lang='lat' dir='ltr'><strong>memorat.</strong></span> <span class='ocrx_word' id='word_1_353' title='bbox 2769 2429 2997 2484; x_wconf 77' lang='lat' dir='ltr'><strong>Larabit</strong></span> <span class='ocrx_word' id='word_1_354' title='bbox 3028 2432 3083 2484; x_wconf 86' lang='lat' dir='ltr'><strong>in</strong></span> <span class='ocrx_word' id='word_1_355' title='bbox 3111 2432 3231 2485; x_wconf 77' lang='lat' dir='ltr'><strong>vino</strong></span> <span class='ocrx_word' id='word_1_356' title='bbox 3257 2432 3453 2485; x_wconf 76' lang='lat' dir='ltr'><strong>stolam</strong></span> 
     </span>
    </p>
   </div>
   <div class='ocr_carea' id='block_1_52' title="bbox 1869 2521 3469 2593">
    <p class='ocr_par' dir='ltr' id='par_1_52' title="bbox 1869 2521 3469 2593">
     <span class='ocr_line' id='line_1_52' title="bbox 1869 2521 3469 2593; baseline 0.001 -18"><span class='ocrx_word' id='word_1_357' title='bbox 1869 2538 2056 2586; x_wconf 82' lang='lat' dir='ltr'><strong>suam,</strong></span> <span class='ocrx_word' id='word_1_358' title='bbox 2090 2531 2143 2576; x_wconf 88' lang='lat' dir='ltr'><strong>et</strong></span> <span class='ocrx_word' id='word_1_359' title='bbox 2177 2531 2395 2576; x_wconf 68' lang='lat' dir='ltr'><strong>caetera.</strong></span> <span class='ocrx_word' id='word_1_360' title='bbox 2426 2521 2728 2591; x_wconf 77' lang='lat' dir='ltr'><strong>Scripturac</strong></span> <span class='ocrx_word' id='word_1_361' title='bbox 2744 2537 2864 2576; x_wconf 90' lang='lat' dir='ltr'><strong>mos</strong></span> <span class='ocrx_word' id='word_1_362' title='bbox 2896 2532 2981 2577; x_wconf 90' lang='lat' dir='ltr'><strong>est</strong></span> <span class='ocrx_word' id='word_1_363' title='bbox 3014 2524 3146 2576; x_wconf 84' lang='lat' dir='ltr'><strong>vino</strong></span> <span class='ocrx_word' id='word_1_364' title='bbox 3173 2538 3365 2593; x_wconf 72' lang='lat' dir='ltr'><strong>pmnas</strong></span> <span class='ocrx_word' id='word_1_365' title='bbox 3399 2533 3469 2579; x_wconf 78' lang='lat' dir='ltr'><strong>et-</strong></span> 
     </span>
    </p>
   </div>
   <div class='ocr_carea' id='block_1_53' title="bbox 1871 2609 3471 2680">
    <p class='ocr_par' dir='ltr' id='par_1_53' title="bbox 1871 2609 3471 2680">
     <span class='ocr_line' id='line_1_53' title="bbox 1871 2609 3471 2680; baseline -0.001 -15"><span class='ocrx_word' id='word_1_366' title='bbox 1871 2622 2102 2665; x_wconf 88' lang='lat' dir='ltr'><strong>mortem</strong></span> <span class='ocrx_word' id='word_1_367' title='bbox 2137 2609 2398 2680; x_wconf 85' lang='lat' dir='ltr'><strong>ﬁgurare,</strong></span> <span class='ocrx_word' id='word_1_368' title='bbox 2434 2612 2515 2665; x_wconf 92' lang='lat' dir='ltr'><strong>uti</strong></span> <span class='ocrx_word' id='word_1_369' title='bbox 2538 2611 2593 2666; x_wconf 92' lang='lat' dir='ltr'><strong>in</strong></span> <span class='ocrx_word' id='word_1_370' title='bbox 2617 2612 2754 2666; x_wconf 90' lang='lat' dir='ltr'><strong>illo:</strong></span> <span class='ocrx_word' id='word_1_371' title='bbox 2791 2610 2951 2666; x_wconf 72' lang='lat' dir='ltr'><strong>Calix</strong></span> <span class='ocrx_word' id='word_1_372' title='bbox 2974 2612 3028 2666; x_wconf 83' lang='lat' dir='ltr'><strong>in</strong></span> <span class='ocrx_word' id='word_1_373' title='bbox 3056 2629 3217 2667; x_wconf 79' lang='lat' dir='ltr'><strong>manu</strong></span> <span class='ocrx_word' id='word_1_374' title='bbox 3246 2614 3471 2679; x_wconf 17' lang='lat' dir='ltr'><strong>Domini.</strong></span> 
     </span>
    </p>
   </div>
   <div class='ocr_carea' id='block_1_54' title="bbox 1824 2701 3455 2774">
    <p class='ocr_par' dir='ltr' id='par_1_54' title="bbox 1824 2701 3455 2774">
     <span class='ocr_line' id='line_1_54' title="bbox 1824 2701 3455 2774; baseline 0.001 -17"><span class='ocrx_word' id='word_1_375' title='bbox 1824 2716 1827 2719; x_wconf 85' lang='lat'>&#39;</span> <span class='ocrx_word' id='word_1_376' title='bbox 1869 2704 1985 2758; x_wconf 73' lang='lat' dir='ltr'><strong>vini</strong></span> <span class='ocrx_word' id='word_1_377' title='bbox 2000 2703 2132 2756; x_wconf 79' lang='lat' dir='ltr'><strong>meri</strong></span> <span class='ocrx_word' id='word_1_378' title='bbox 2159 2701 2333 2773; x_wconf 68' lang='lat' dir='ltr'><strong>(Prol.</strong></span> <span class='ocrx_word' id='word_1_379' title='bbox 2362 2718 2551 2768; x_wconf 74' lang='lat' dir='ltr'><strong>Lxxiv,</strong></span> <span class='ocrx_word' id='word_1_380' title='bbox 2578 2703 2656 2774; x_wconf 92' lang='lat'><strong>8),</strong></span> <span class='ocrx_word' id='word_1_381' title='bbox 2681 2704 2844 2774; x_wconf 87' lang='lat' dir='ltr'><strong>quasi</strong></span> <span class='ocrx_word' id='word_1_382' title='bbox 2871 2702 3054 2770; x_wconf 82' lang='lat' dir='ltr'><strong>dicat,</strong></span> <span class='ocrx_word' id='word_1_383' title='bbox 3083 2703 3257 2761; x_wconf 84' lang='lat' dir='ltr'><strong>Penes</strong></span> <span class='ocrx_word' id='word_1_384' title='bbox 3285 2704 3455 2760; x_wconf 90' lang='lat' dir='ltr'><strong>Deum</strong></span> 
     </span>
    </p>
   </div>
   <div class='ocr_carea' id='block_1_55' title="bbox 1871 2795 3457 2867">
    <p class='ocr_par' dir='ltr' id='par_1_55' title="bbox 1871 2795 3457 2867">
     <span class='ocr_line' id='line_1_55' title="bbox 1871 2795 3457 2867; baseline 0.001 -16"><span class='ocrx_word' id='word_1_385' title='bbox 1871 2804 1957 2851; x_wconf 85' lang='lat' dir='ltr'><strong>est</strong></span> <span class='ocrx_word' id='word_1_386' title='bbox 2002 2796 2183 2867; x_wconf 70' lang='lat' dir='ltr'><strong>poenis</strong></span> <span class='ocrx_word' id='word_1_387' title='bbox 2222 2795 2462 2866; x_wconf 85' lang='lat' dir='ltr'><strong>amigere</strong></span> <span class='ocrx_word' id='word_1_388' title='bbox 2505 2810 2871 2866; x_wconf 87' lang='lat' dir='ltr'><strong>quoscunque</strong></span> <span class='ocrx_word' id='word_1_389' title='bbox 2918 2797 3174 2853; x_wconf 82' lang='lat' dir='ltr'><strong>voluerit.</strong></span> <span class='ocrx_word' id='word_1_390' title='bbox 3224 2797 3457 2864; x_wconf 72' lang='lat' dir='ltr'><strong>Quando</strong></span> 
     </span>
    </p>
   </div>
   <div class='ocr_carea' id='block_1_56' title="bbox 188 2886 1772 2964">
    <p class='ocr_par' dir='ltr' id='par_1_56' title="bbox 188 2886 1772 2964">
     <span class='ocr_line' id='line_1_56' title="bbox 188 2886 1772 2964; baseline -0.005 -17"><span class='ocrx_word' id='word_1_391' title='bbox 188 2893 460 2964; x_wconf 74' lang='grc' dir='ltr'>τιμωρίας</span> <span class='ocrx_word' id='word_1_392' title='bbox 482 2891 781 2959; x_wconf 79' lang='grc' dir='ltr'><strong>ἐπαγαγεῖν</strong></span> <span class='ocrx_word' id='word_1_393' title='bbox 796 2886 878 2951; x_wconf 75' lang='grc' dir='ltr'><strong>οἷς</strong></span> <span class='ocrx_word' id='word_1_394' title='bbox 898 2887 1165 2958; x_wconf 76' lang='grc' dir='ltr'>βούλεται.</span> <span class='ocrx_word' id='word_1_395' title='bbox 1188 2886 1485 2940; x_wconf 81' lang='grc' dir='ltr'>Κάνταῦθα</span> <span class='ocrx_word' id='word_1_396' title='bbox 1506 2887 1684 2940; x_wconf 81' lang='grc' dir='ltr'>τοίνυν</span> <span class='ocrx_word' id='word_1_397' title='bbox 1710 2886 1772 2939; x_wconf 80' lang='grc' dir='ltr'>τὸ</span> 
     </span>
    </p>
   </div>
   <div class='ocr_carea' id='block_1_57' title="bbox 1880 2886 3461 2964">
    <p class='ocr_par' dir='ltr' id='par_1_57' title="bbox 1880 2888 3461 2959">
     <span class='ocr_line' id='line_1_57' title="bbox 1880 2888 3461 2959; baseline 0.003 -17"><span class='ocrx_word' id='word_1_398' title='bbox 1880 2888 2041 2958; x_wconf 84' lang='lat' dir='ltr'><strong>igitur</strong></span> <span class='ocrx_word' id='word_1_399' title='bbox 2075 2888 2163 2942; x_wconf 84' lang='lat' dir='ltr'><strong>hic</strong></span> <span class='ocrx_word' id='word_1_400' title='bbox 2190 2890 2504 2959; x_wconf 83' lang='lat' dir='ltr'><strong>passionem</strong></span> <span class='ocrx_word' id='word_1_401' title='bbox 2528 2899 2583 2943; x_wconf 91' lang='lat' dir='ltr'><strong>et</strong></span> <span class='ocrx_word' id='word_1_402' title='bbox 2614 2898 2848 2945; x_wconf 87' lang='lat' dir='ltr'><strong>mortem</strong></span> <span class='ocrx_word' id='word_1_403' title='bbox 2874 2891 3064 2944; x_wconf 80' lang='lat' dir='ltr'><strong>vinum</strong></span> <span class='ocrx_word' id='word_1_404' title='bbox 3105 2898 3288 2955; x_wconf 79' lang='lat' dir='ltr'><strong>vocat,</strong></span> <span class='ocrx_word' id='word_1_405' title='bbox 3318 2891 3461 2947; x_wconf 88' lang='lat' dir='ltr'><strong>bene</strong></span> 
     </span>
    </p>
   </div>
   <div class='ocr_carea' id='block_1_58' title="bbox 191 2975 1772 3052">
    <p class='ocr_par' dir='ltr' id='par_1_58' title="bbox 191 2975 1772 3048">
     <span class='ocr_line' id='line_1_58' title="bbox 191 2975 1772 3048; baseline -0.006 -9"><span class='ocrx_word' id='word_1_406' title='bbox 191 2986 365 3047; x_wconf 80' lang='grc' dir='ltr'>πάθος</span> <span class='ocrx_word' id='word_1_407' title='bbox 395 2982 589 3036; x_wconf 72' lang='grc' dir='ltr'>καὶτὸν</span> <span class='ocrx_word' id='word_1_408' title='bbox 603 2982 834 3035; x_wconf 89' lang='grc' dir='ltr'>θάνατον</span> <span class='ocrx_word' id='word_1_409' title='bbox 850 2975 990 3033; x_wconf 78' lang='grc' dir='ltr'>οἶνον</span> <span class='ocrx_word' id='word_1_410' title='bbox 1008 2978 1197 3043; x_wconf 88' lang='grc' dir='ltr'>είπὼν,</span> <span class='ocrx_word' id='word_1_411' title='bbox 1218 2977 1399 3043; x_wconf 86' lang='grc' dir='ltr'>καλῶς</span> <span class='ocrx_word' id='word_1_412' title='bbox 1418 2978 1772 3048; x_wconf 86' lang='grc' dir='ltr'>προστέθεικε</span> 
     </span>
    </p>
   </div>
   <div class='ocr_carea' id='block_1_59' title="bbox 1880 2975 3459 3052">
    <p class='ocr_par' dir='ltr' id='par_1_59' title="bbox 1880 2979 3459 3052">
     <span class='ocr_line' id='line_1_59' title="bbox 1880 2979 3459 3052; baseline 0.002 -18"><span class='ocrx_word' id='word_1_413' title='bbox 1880 2979 2076 3051; x_wconf 83' lang='lat' dir='ltr'><strong>adjecit</strong></span> <span class='ocrx_word' id='word_1_414' title='bbox 2128 2981 2183 3035; x_wconf 90' lang='lat' dir='ltr'><strong>in</strong></span> <span class='ocrx_word' id='word_1_415' title='bbox 2230 2982 2500 3051; x_wconf 80' lang='lat' dir='ltr'><strong>sanguine</strong></span> <span class='ocrx_word' id='word_1_416' title='bbox 2548 2996 2665 3036; x_wconf 62' lang='lat' dir='ltr'><strong>uva:</strong></span> <span class='ocrx_word' id='word_1_417' title='bbox 2716 2997 2841 3038; x_wconf 90' lang='lat' dir='ltr'><strong>esse</strong></span> <span class='ocrx_word' id='word_1_418' title='bbox 2884 2983 3148 3038; x_wconf 86' lang='lat' dir='ltr'><strong>amictum</strong></span> <span class='ocrx_word' id='word_1_419' title='bbox 3193 2984 3350 3052; x_wconf 82' lang='lat' dir='ltr'><strong>ejus.</strong></span> <span class='ocrx_word' id='word_1_420' title='bbox 3397 2992 3459 3038; x_wconf 89' lang='lat' dir='ltr'><strong>ut</strong></span> 
     </span>
    </p>
   </div>
   <div class='ocr_carea' id='block_1_60' title="bbox 192 3044 1772 3144">
    <p class='ocr_par' dir='ltr' id='par_1_60' title="bbox 192 3044 1771 3144">
     <span class='ocr_line' id='line_1_60' title="bbox 192 3044 1771 3144; baseline -0.007 -13"><span class='ocrx_word' id='word_1_421' title='bbox 192 3078 255 3131; x_wconf 78' lang='grc' dir='ltr'>τὸ</span> <span class='ocrx_word' id='word_1_422' title='bbox 277 3044 417 3130; x_wconf 78' lang='grc' dir='ltr'>εἶναι</span> <span class='ocrx_word' id='word_1_423' title='bbox 439 3071 577 3144; x_wconf 77' lang='grc' dir='ltr'>αἷμα</span> <span class='ocrx_word' id='word_1_424' title='bbox 600 3072 701 3143; x_wconf 77' lang='grc' dir='ltr'><strong>τῆς</strong></span> <span class='ocrx_word' id='word_1_425' title='bbox 733 3071 1004 3142; x_wconf 84' lang='grc' dir='ltr'><strong>σταφυλῆς</strong></span> <span class='ocrx_word' id='word_1_426' title='bbox 1022 3070 1119 3141; x_wconf 85' lang='grc' dir='ltr'>τὴν</span> <span class='ocrx_word' id='word_1_427' title='bbox 1143 3069 1437 3142; x_wconf 76' lang='grc' dir='ltr'>περιϐολὴν</span> <span class='ocrx_word' id='word_1_428' title='bbox 1462 3044 1629 3122; x_wconf 74' lang='grc' dir='ltr'>αὐτοῦ</span> <span class='ocrx_word' id='word_1_429' title='bbox 1648 3084 1661 3098; x_wconf 80' lang='grc'><strong>’</strong></span> <span class='ocrx_word' id='word_1_430' title='bbox 1694 3069 1771 3131; x_wconf 84' lang='grc' dir='ltr'>ὡς</span> 
     </span>
    </p>
   </div>
   <div class='ocr_carea' id='block_1_61' title="bbox 1880 3044 3461 3144">
    <p class='ocr_par' dir='ltr' id='par_1_61' title="bbox 1880 3072 3461 3143">
     <span class='ocr_line' id='line_1_61' title="bbox 1880 3072 3461 3143; baseline 0.002 -16"><span class='ocrx_word' id='word_1_431' title='bbox 1880 3072 2165 3143; x_wconf 79' lang='lat' dir='ltr'><strong>sanguinis</strong></span> <span class='ocrx_word' id='word_1_432' title='bbox 2194 3074 2420 3129; x_wconf 89' lang='lat' dir='ltr'><strong>nomine</strong></span> <span class='ocrx_word' id='word_1_433' title='bbox 2466 3074 2782 3143; x_wconf 86' lang='lat' dir='ltr'><strong>passionem</strong></span> <span class='ocrx_word' id='word_1_434' title='bbox 2832 3075 3184 3133; x_wconf 79' lang='lat' dir='ltr'><strong>manifestius</strong></span> <span class='ocrx_word' id='word_1_435' title='bbox 3207 3078 3461 3131; x_wconf 84' lang='lat' dir='ltr'><strong>declara-</strong></span> 
     </span>
    </p>
   </div>
   <div class='ocr_carea' id='block_1_62' title="bbox 193 3159 1773 3241">
    <p class='ocr_par' dir='ltr' id='par_1_62' title="bbox 193 3159 1773 3241">
     <span class='ocr_line' id='line_1_62' title="bbox 193 3159 1773 3241; baseline -0.009 -15"><span class='ocrx_word' id='word_1_436' title='bbox 193 3170 264 3226; x_wconf 72' lang='grc' dir='ltr'>ἂν</span> <span class='ocrx_word' id='word_1_437' title='bbox 293 3170 370 3241; x_wconf 79' lang='grc' dir='ltr'>τῷ</span> <span class='ocrx_word' id='word_1_438' title='bbox 417 3168 510 3222; x_wconf 77' lang='grc' dir='ltr'>τοῦ</span> <span class='ocrx_word' id='word_1_439' title='bbox 549 3169 779 3239; x_wconf 77' lang='grc' dir='ltr'>αἵματος</span> <span class='ocrx_word' id='word_1_440' title='bbox 820 3164 1047 3235; x_wconf 90' lang='grc' dir='ltr'>ὀνόματι</span> <span class='ocrx_word' id='word_1_441' title='bbox 1101 3162 1430 3234; x_wconf 83' lang='grc' dir='ltr'>σαφέστερον</span> <span class='ocrx_word' id='word_1_442' title='bbox 1455 3159 1671 3232; x_wconf 80' lang='grc' dir='ltr'>δηλώσῃ</span> <span class='ocrx_word' id='word_1_443' title='bbox 1712 3160 1773 3211; x_wconf 82' lang='grc' dir='ltr'><strong>τὸ</strong></span> 
     </span>
    </p>
   </div>
   <div class='ocr_carea' id='block_1_63' title="bbox 194 3252 1773 3331">
    <p class='ocr_par' dir='ltr' id='par_1_63' title="bbox 194 3252 1773 3331">
     <span class='ocr_line' id='line_1_63' title="bbox 194 3252 1773 3331; baseline -0.01 -12"><span class='ocrx_word' id='word_1_444' title='bbox 194 3254 389 3328; x_wconf 80' lang='grc' dir='ltr'>πάθος.</span> <span class='ocrx_word' id='word_1_445' title='bbox 422 3261 623 3331; x_wconf 82' lang='grc' dir='ltr'>Στολὴν</span> <span class='ocrx_word' id='word_1_446' title='bbox 645 3258 744 3330; x_wconf 83' lang='grc' dir='ltr'><strong>μὲν</strong></span> <span class='ocrx_word' id='word_1_447' title='bbox 770 3253 864 3310; x_wconf 81' lang='grc' dir='ltr'>οὖν</span> <span class='ocrx_word' id='word_1_448' title='bbox 890 3254 1054 3309; x_wconf 78' lang='grc' dir='ltr'>αὐτοῦ</span> <span class='ocrx_word' id='word_1_449' title='bbox 1076 3254 1330 3325; x_wconf 74' lang='grc' dir='ltr'>ὀνομάζει</span> <span class='ocrx_word' id='word_1_450' title='bbox 1358 3254 1459 3325; x_wconf 82' lang='grc' dir='ltr'>τὴν</span> <span class='ocrx_word' id='word_1_451' title='bbox 1475 3252 1773 3323; x_wconf 79' lang='grc' dir='ltr'><strong>ληφθεῖσαν</strong></span> 
     </span>
    </p>
   </div>
   <div class='ocr_carea' id='block_1_64' title="bbox 194 3340 1775 3424">
    <p class='ocr_par' dir='ltr' id='par_1_64' title="bbox 194 3340 1775 3424">
     <span class='ocr_line' id='line_1_64' title="bbox 194 3340 1775 3424; baseline -0.011 -13"><span class='ocrx_word' id='word_1_452' title='bbox 194 3355 290 3412; x_wconf 80' lang='grc' dir='ltr'>τοῦ</span> <span class='ocrx_word' id='word_1_453' title='bbox 329 3354 513 3408; x_wconf 88' lang='grc' dir='ltr'>δούλου</span> <span class='ocrx_word' id='word_1_454' title='bbox 550 3351 786 3424; x_wconf 85' lang='grc' dir='ltr'>μορφήν.</span> <span class='ocrx_word' id='word_1_455' title='bbox 820 3346 1056 3419; x_wconf 72' lang='grc' dir='ltr'>Εὔδηλον</span> <span class='ocrx_word' id='word_1_456' title='bbox 1093 3346 1174 3408; x_wconf 83' lang='grc' dir='ltr'><strong>δὲ,</strong></span> <span class='ocrx_word' id='word_1_457' title='bbox 1210 3345 1286 3410; x_wconf 84' lang='grc' dir='ltr'>ὼς</span> <span class='ocrx_word' id='word_1_458' title='bbox 1320 3344 1449 3414; x_wconf 82' lang='grc' dir='ltr'>οἴνῳ</span> <span class='ocrx_word' id='word_1_459' title='bbox 1477 3340 1775 3397; x_wconf 87' lang='grc' dir='ltr'>πλύνεσθαι</span> 
     </span>
    </p>
   </div>
   <div class='ocr_carea' id='block_1_65' title="bbox 196 3435 1775 3519">
    <p class='ocr_par' dir='ltr' id='par_1_65' title="bbox 196 3435 1775 3519">
     <span class='ocr_line' id='line_1_65' title="bbox 196 3435 1775 3519; baseline -0.011 -16"><span class='ocrx_word' id='word_1_460' title='bbox 196 3447 402 3519; x_wconf 69' lang='grc' dir='ltr'>ισθῆτα</span> <span class='ocrx_word' id='word_1_461' title='bbox 426 3446 525 3515; x_wconf 78' lang='grc' dir='ltr'><strong>οὐχ</strong></span> <span class='ocrx_word' id='word_1_462' title='bbox 550 3439 661 3497; x_wconf 76' lang='grc' dir='ltr'>οἷόν</span> <span class='ocrx_word' id='word_1_463' title='bbox 689 3457 767 3495; x_wconf 80' lang='grc' dir='ltr'>τε’</span> <span class='ocrx_word' id='word_1_464' title='bbox 785 3437 1091 3494; x_wconf 86' lang='grc' dir='ltr'>τούναντίον</span> <span class='ocrx_word' id='word_1_465' title='bbox 1118 3438 1175 3491; x_wconf 80' lang='grc' dir='ltr'>δὲ</span> <span class='ocrx_word' id='word_1_466' title='bbox 1199 3437 1293 3491; x_wconf 72' lang='grc' dir='ltr'>καὶ</span> <span class='ocrx_word' id='word_1_467' title='bbox 1325 3435 1614 3507; x_wconf 86' lang='grc' dir='ltr'>μολύνεται</span> <span class='ocrx_word' id='word_1_468' title='bbox 1645 3435 1775 3506; x_wconf 82' lang='grc' dir='ltr'>οἴνῳ</span> 
     </span>
    </p>
   </div>
   <div class='ocr_carea' id='block_1_66' title="bbox 196 3526 1777 3605">
    <p class='ocr_par' dir='ltr' id='par_1_66' title="bbox 196 3526 1777 3605">
     <span class='ocr_line' id='line_1_66' title="bbox 196 3526 1777 3605; baseline -0.011 -10"><span class='ocrx_word' id='word_1_469' title='bbox 196 3543 389 3605; x_wconf 77' lang='grc' dir='ltr'>εὐθὺς,</span> <span class='ocrx_word' id='word_1_470' title='bbox 424 3538 500 3601; x_wconf 85' lang='grc' dir='ltr'><strong>ὡς</strong></span> <span class='ocrx_word' id='word_1_471' title='bbox 529 3537 625 3591; x_wconf 74' lang='grc' dir='ltr'>καὶ</span> <span class='ocrx_word' id='word_1_472' title='bbox 652 3534 1015 3588; x_wconf 88' lang='grc' dir='ltr'>δυσέκπλυτον</span> <span class='ocrx_word' id='word_1_473' title='bbox 1038 3526 1178 3585; x_wconf 76' lang='grc' dir='ltr'>εἶναι</span> <span class='ocrx_word' id='word_1_474' title='bbox 1207 3528 1297 3584; x_wconf 80' lang='grc' dir='ltr'><strong>τὸν</strong></span> <span class='ocrx_word' id='word_1_475' title='bbox 1326 3528 1386 3594; x_wconf 75' lang='grc' dir='ltr'>ἐξ</span> <span class='ocrx_word' id='word_1_476' title='bbox 1417 3527 1580 3582; x_wconf 83' lang='grc' dir='ltr'>αὐτοῦ</span> <span class='ocrx_word' id='word_1_477' title='bbox 1614 3527 1777 3598; x_wconf 76' lang='grc' dir='ltr'><strong>μολυ⁴</strong></span> 
     </span>
    </p>
   </div>
   <div class='ocr_carea' id='block_1_67' title="bbox 200 3618 1777 3703">
    <p class='ocr_par' dir='ltr' id='par_1_67' title="bbox 200 3618 1777 3703">
     <span class='ocr_line' id='line_1_67' title="bbox 200 3618 1777 3703; baseline -0.01 -17"><span class='ocrx_word' id='word_1_478' title='bbox 200 3632 358 3703; x_wconf 81' lang='grc' dir='ltr'>σμόν.</span> <span class='ocrx_word' id='word_1_479' title='bbox 416 3628 556 3683; x_wconf 79' lang='grc' dir='ltr'>Ἀλλ’</span> <span class='ocrx_word' id='word_1_480' title='bbox 594 3626 780 3697; x_wconf 68' lang='grc' dir='ltr'>ἐπειδὴ</span> <span class='ocrx_word' id='word_1_481' title='bbox 806 3626 835 3678; x_wconf 83' lang='grc' dir='ltr'><strong>ό</strong></span> <span class='ocrx_word' id='word_1_482' title='bbox 869 3623 1099 3687; x_wconf 86' lang='grc' dir='ltr'>θάνατος</span> <span class='ocrx_word' id='word_1_483' title='bbox 1141 3622 1277 3676; x_wconf 81' lang='grc' dir='ltr'>πᾶσι</span> <span class='ocrx_word' id='word_1_484' title='bbox 1326 3620 1423 3691; x_wconf 83' lang='grc' dir='ltr'><strong>μὲν</strong></span> <span class='ocrx_word' id='word_1_485' title='bbox 1469 3618 1777 3690; x_wconf 84' lang='grc' dir='ltr'>ἀνθρώποις</span> 
     </span>
    </p>
   </div>
   <div class='ocr_carea' id='block_1_68' title="bbox 198 3711 1775 3788">
    <p class='ocr_par' dir='ltr' id='par_1_68' title="bbox 198 3711 1775 3788">
     <span class='ocr_line' id='line_1_68' title="bbox 198 3711 1775 3788; baseline -0.009 -12"><span class='ocrx_word' id='word_1_486' title='bbox 198 3721 459 3784; x_wconf 85' lang='grc' dir='ltr'>ἀπόθεσίς</span> <span class='ocrx_word' id='word_1_487' title='bbox 479 3722 594 3773; x_wconf 77' lang='grc' dir='ltr'>ἐστι</span> <span class='ocrx_word' id='word_1_488' title='bbox 617 3718 781 3788; x_wconf 77' lang='grc' dir='ltr'><strong>ζωῆς,</strong></span> <span class='ocrx_word' id='word_1_489' title='bbox 802 3714 881 3787; x_wconf 81' lang='grc' dir='ltr'><strong>τῷ</strong></span> <span class='ocrx_word' id='word_1_490' title='bbox 901 3715 956 3769; x_wconf 78' lang='grc' dir='ltr'>δὲ</span> <span class='ocrx_word' id='word_1_491' title='bbox 977 3713 1167 3785; x_wconf 77' lang='grc' dir='ltr'>Κυρίῳ</span> <span class='ocrx_word' id='word_1_492' title='bbox 1194 3714 1293 3766; x_wconf 82' lang='grc' dir='ltr'>οὑκ</span> <span class='ocrx_word' id='word_1_493' title='bbox 1318 3711 1575 3775; x_wconf 80' lang='grc' dir='ltr'>ἀπόθεσις</span> <span class='ocrx_word' id='word_1_494' title='bbox 1609 3711 1775 3781; x_wconf 75' lang='grc' dir='ltr'>ζωῆς.</span> 
     </span>
    </p>
   </div>
   <div class='ocr_carea' id='block_1_69' title="bbox 200 3803 1777 3884">
    <p class='ocr_par' dir='ltr' id='par_1_69' title="bbox 200 3803 1777 3884">
     <span class='ocr_line' id='line_1_69' title="bbox 200 3803 1777 3884; baseline -0.01 -15"><span class='ocrx_word' id='word_1_495' title='bbox 200 3815 337 3869; x_wconf 78' lang='grc' dir='ltr'><strong>ἀλλὰ</strong></span> <span class='ocrx_word' id='word_1_496' title='bbox 372 3812 701 3884; x_wconf 84' lang='grc' dir='ltr'>μετάστασις</span> <span class='ocrx_word' id='word_1_497' title='bbox 726 3809 862 3880; x_wconf 67' lang='grc' dir='ltr'>πρὸς</span> <span class='ocrx_word' id='word_1_498' title='bbox 890 3807 1084 3878; x_wconf 78' lang='grc' dir='ltr'>ἑτέραν</span> <span class='ocrx_word' id='word_1_499' title='bbox 1112 3807 1233 3860; x_wconf 78' lang='grc' dir='ltr'>τινὰ</span> <span class='ocrx_word' id='word_1_500' title='bbox 1266 3806 1546 3873; x_wconf 85' lang='grc' dir='ltr'>κρείττονα</span> <span class='ocrx_word' id='word_1_501' title='bbox 1586 3803 1777 3871; x_wconf 88' lang='grc' dir='ltr'>γέγονε</span> 
     </span>
    </p>
   </div>
   <div class='ocr_carea' id='block_1_70' title="bbox 203 3895 1781 3977">
    <p class='ocr_par' dir='ltr' id='par_1_70' title="bbox 203 3895 1781 3977">
     <span class='ocr_line' id='line_1_70' title="bbox 203 3895 1781 3977; baseline -0.008 -18"><span class='ocrx_word' id='word_1_502' title='bbox 203 3906 371 3977; x_wconf 75' lang='grc' dir='ltr'>ζωὴν,</span> <span class='ocrx_word' id='word_1_503' title='bbox 388 3905 467 3967; x_wconf 88' lang='grc' dir='ltr'>είς</span> <span class='ocrx_word' id='word_1_504' title='bbox 486 3904 628 3974; x_wconf 74' lang='grc' dir='ltr'><strong>ἧνὲκ</strong></span> <span class='ocrx_word' id='word_1_505' title='bbox 644 3900 852 3972; x_wconf 80' lang='grc' dir='ltr'>νεκρῶν</span> <span class='ocrx_word' id='word_1_506' title='bbox 871 3898 1109 3961; x_wconf 75' lang='grc' dir='ltr'>ἀναστὰς</span> <span class='ocrx_word' id='word_1_507' title='bbox 1132 3896 1460 3968; x_wconf 86' lang='grc' dir='ltr'>μετελήλυθε</span> <span class='ocrx_word' id='word_1_508' title='bbox 1478 3911 1491 3924; x_wconf 88' lang='grc'><strong>·</strong></span> <span class='ocrx_word' id='word_1_509' title='bbox 1514 3895 1601 3949; x_wconf 81' lang='grc' dir='ltr'>διὰ</span> <span class='ocrx_word' id='word_1_510' title='bbox 1621 3895 1781 3948; x_wconf 71' lang='grc' dir='ltr'>τοῦτο</span> 
     </span>
    </p>
   </div>
   <div class='ocr_carea' id='block_1_71' title="bbox 202 3986 1780 4065">
    <p class='ocr_par' dir='ltr' id='par_1_71' title="bbox 202 3986 1780 4065">
     <span class='ocr_line' id='line_1_71' title="bbox 202 3986 1780 4065; baseline -0.007 -14"><span class='ocrx_word' id='word_1_511' title='bbox 202 3999 374 4065; x_wconf 70' lang='grc' dir='ltr'>λέγει,</span> <span class='ocrx_word' id='word_1_512' title='bbox 396 3992 627 4050; x_wconf 72' lang='grc' dir='ltr'><em>Πλυνθῖ</em></span> <span class='ocrx_word' id='word_1_513' title='bbox 644 3993 713 4046; x_wconf 76' lang='grc' dir='ltr'><strong>ἐν</strong></span> <span class='ocrx_word' id='word_1_514' title='bbox 740 3993 885 4056; x_wconf 78' lang='grc' dir='ltr'><strong>οϊνῳ</strong></span> <span class='ocrx_word' id='word_1_515' title='bbox 926 3990 1042 4058; x_wconf 80' lang='grc' dir='ltr'><strong>τὴν</strong></span> <span class='ocrx_word' id='word_1_516' title='bbox 1079 3987 1307 4055; x_wconf 78' lang='grc' dir='ltr'><strong>στολὴν</strong></span> <span class='ocrx_word' id='word_1_517' title='bbox 1344 3987 1530 4041; x_wconf 81' lang='grc' dir='ltr'>αὐτοῦ</span> <span class='ocrx_word' id='word_1_518' title='bbox 1549 4027 1564 4050; x_wconf 87' lang='grc'><em>,</em></span> <span class='ocrx_word' id='word_1_519' title='bbox 1592 3986 1688 4040; x_wconf 72' lang='grc' dir='ltr'><strong>καὶ</strong></span> <span class='ocrx_word' id='word_1_520' title='bbox 1711 3987 1780 4040; x_wconf 76' lang='grc' dir='ltr'><strong>τὰ</strong></span> 
     </span>
    </p>
   </div>
   <div class='ocr_carea' id='block_1_72' title="bbox 205 4078 1784 4161">
    <p class='ocr_par' dir='ltr' id='par_1_72' title="bbox 205 4078 1784 4161">
     <span class='ocr_line' id='line_1_72' title="bbox 205 4078 1784 4161; baseline -0.009 -18"><span class='ocrx_word' id='word_1_521' title='bbox 205 4090 334 4161; x_wconf 75' lang='grc' dir='ltr'><strong>ἑξῆς</strong></span> <span class='ocrx_word' id='word_1_522' title='bbox 352 4105 366 4121; x_wconf 86' lang='grc'><strong>·</strong></span> <span class='ocrx_word' id='word_1_523' title='bbox 393 4088 480 4143; x_wconf 85' lang='grc' dir='ltr'><strong>ἶνα</strong></span> <span class='ocrx_word' id='word_1_524' title='bbox 509 4085 638 4157; x_wconf 79' lang='grc' dir='ltr'>είπῃ</span> <span class='ocrx_word' id='word_1_525' title='bbox 657 4126 673 4149; x_wconf 86' lang='lat'><strong>,</strong></span> <span class='ocrx_word' id='word_1_526' title='bbox 715 4085 798 4137; x_wconf 80' lang='grc' dir='ltr'><strong>ὅτι</strong></span> <span class='ocrx_word' id='word_1_527' title='bbox 831 4082 1039 4147; x_wconf 82' lang='grc' dir='ltr'>δέξεται</span> <span class='ocrx_word' id='word_1_528' title='bbox 1078 4080 1141 4135; x_wconf 80' lang='grc' dir='ltr'>τὸ</span> <span class='ocrx_word' id='word_1_529' title='bbox 1171 4078 1343 4142; x_wconf 86' lang='grc' dir='ltr'>πάθος</span> <span class='ocrx_word' id='word_1_530' title='bbox 1371 4079 1472 4131; x_wconf 82' lang='grc' dir='ltr'><strong>οὐκ</strong></span> <span class='ocrx_word' id='word_1_531' title='bbox 1497 4078 1590 4131; x_wconf 75' lang='grc' dir='ltr'><strong>ἐπὶ</strong></span> <span class='ocrx_word' id='word_1_532' title='bbox 1617 4094 1784 4147; x_wconf 84' lang='grc' dir='ltr'>τιμω-</span> 
     </span>
    </p>
   </div>
   <div class='ocr_carea' id='block_1_73' title="bbox 206 4168 1780 4256">
    <p class='ocr_par' dir='ltr' id='par_1_73' title="bbox 206 4168 1780 4256">
     <span class='ocr_line' id='line_1_73' title="bbox 206 4168 1780 4256; baseline -0.01 -22"><span class='ocrx_word' id='word_1_533' title='bbox 206 4179 418 4256; x_wconf 74' lang='grc' dir='ltr'>ρία,ὠς</span> <span class='ocrx_word' id='word_1_534' title='bbox 449 4179 499 4232; x_wconf 79' lang='lat' dir='ltr'><strong>oi</strong></span> <span class='ocrx_word' id='word_1_535' title='bbox 523 4177 699 4230; x_wconf 76' lang='grc' dir='ltr'>λοιποὶ</span> <span class='ocrx_word' id='word_1_536' title='bbox 719 4215 733 4238; x_wconf 86' lang='grc'><strong><em>,</em></strong></span> <span class='ocrx_word' id='word_1_537' title='bbox 765 4175 880 4229; x_wconf 82' lang='grc' dir='ltr'>ἀλλ’</span> <span class='ocrx_word' id='word_1_538' title='bbox 903 4174 980 4236; x_wconf 85' lang='grc' dir='ltr'>ὼς</span> <span class='ocrx_word' id='word_1_539' title='bbox 1009 4173 1143 4226; x_wconf 83' lang='grc' dir='ltr'>πολὺ</span> <span class='ocrx_word' id='word_1_540' title='bbox 1182 4170 1566 4241; x_wconf 84' lang='grc' dir='ltr'>λαμπρότερος</span> <span class='ocrx_word' id='word_1_541' title='bbox 1596 4168 1655 4234; x_wconf 75' lang='grc' dir='ltr'>ἐξ</span> <span class='ocrx_word' id='word_1_542' title='bbox 1682 4168 1780 4220; x_wconf 76' lang='grc' dir='ltr'><strong>αὺ-</strong></span> 
     </span>
    </p>
   </div>
   <div class='ocr_carea' id='block_1_74' title="bbox 202 4260 1610 4341">
    <p class='ocr_par' dir='ltr' id='par_1_74' title="bbox 202 4260 1610 4341">
     <span class='ocr_line' id='line_1_74' title="bbox 202 4260 1610 4341; baseline -0.009 -16"><span class='ocrx_word' id='word_1_543' title='bbox 202 4271 301 4326; x_wconf 81' lang='grc' dir='ltr'>τοῦ</span> <span class='ocrx_word' id='word_1_544' title='bbox 326 4273 560 4341; x_wconf 73' lang='grc' dir='ltr'>φανῆναι</span> <span class='ocrx_word' id='word_1_545' title='bbox 578 4311 593 4335; x_wconf 92' lang='lat'><strong>,</strong></span> <span class='ocrx_word' id='word_1_546' title='bbox 632 4269 898 4330; x_wconf 84' lang='grc' dir='ltr'>ἀθάνατος</span> <span class='ocrx_word' id='word_1_547' title='bbox 922 4267 1016 4320; x_wconf 75' lang='grc' dir='ltr'><strong>καὶ</strong></span> <span class='ocrx_word' id='word_1_548' title='bbox 1048 4263 1327 4335; x_wconf 78' lang='grc' dir='ltr'>ἄφθαρτος</span> <span class='ocrx_word' id='word_1_549' title='bbox 1350 4260 1610 4332; x_wconf 82' lang='grc' dir='ltr'>γεγονώς.</span> 
     </span>
    </p>
   </div>
   <div class='ocr_carea' id='block_1_75' title="bbox 1872 3164 3457 3239">
    <p class='ocr_par' dir='ltr' id='par_1_75' title="bbox 1872 3164 3457 3239">
     <span class='ocr_line' id='line_1_75' title="bbox 1872 3164 3457 3239; baseline 0.003 -20"><span class='ocrx_word' id='word_1_550' title='bbox 1872 3173 1979 3220; x_wconf 89' lang='lat' dir='ltr'><strong>ret.</strong></span> <span class='ocrx_word' id='word_1_551' title='bbox 2030 3164 2240 3220; x_wconf 88' lang='lat' dir='ltr'><strong>Stolam</strong></span> <span class='ocrx_word' id='word_1_552' title='bbox 2281 3175 2462 3222; x_wconf 80' lang='lat' dir='ltr'><strong>autem</strong></span> <span class='ocrx_word' id='word_1_553' title='bbox 2499 3167 2738 3237; x_wconf 86' lang='lat' dir='ltr'><strong>appellat</strong></span> <span class='ocrx_word' id='word_1_554' title='bbox 2775 3178 3113 3239; x_wconf 88' lang='lat' dir='ltr'><strong>assumptam</strong></span> <span class='ocrx_word' id='word_1_555' title='bbox 3164 3172 3308 3226; x_wconf 72' lang='lat' dir='ltr'><strong>servi</strong></span> <span class='ocrx_word' id='word_1_556' title='bbox 3341 3170 3457 3224; x_wconf 78' lang='lat' dir='ltr'><strong>for-</strong></span> 
     </span>
    </p>
   </div>
   <div class='ocr_carea' id='block_1_76' title="bbox 1875 3256 3458 3327">
    <p class='ocr_par' dir='ltr' id='par_1_76' title="bbox 1875 3256 3458 3327">
     <span class='ocr_line' id='line_1_76' title="bbox 1875 3256 3458 3327; baseline 0.003 -15"><span class='ocrx_word' id='word_1_557' title='bbox 1875 3272 2043 3312; x_wconf 86' lang='lat' dir='ltr'><strong>mam.</strong></span> <span class='ocrx_word' id='word_1_558' title='bbox 2100 3256 2251 3313; x_wconf 88' lang='lat' dir='ltr'><strong>Satis</strong></span> <span class='ocrx_word' id='word_1_559' title='bbox 2298 3266 2483 3313; x_wconf 88' lang='lat' dir='ltr'><strong>autem</strong></span> <span class='ocrx_word' id='word_1_560' title='bbox 2525 3266 2753 3327; x_wconf 88' lang='lat' dir='ltr'><strong>apparet</strong></span> <span class='ocrx_word' id='word_1_561' title='bbox 2790 3258 2921 3313; x_wconf 72' lang='lat' dir='ltr'><strong>vino</strong></span> <span class='ocrx_word' id='word_1_562' title='bbox 2972 3268 3154 3315; x_wconf 78' lang='lat' dir='ltr'><strong>vestes</strong></span> <span class='ocrx_word' id='word_1_563' title='bbox 3202 3262 3458 3317; x_wconf 87' lang='lat' dir='ltr'><strong>mundari</strong></span> 
     </span>
    </p>
   </div>
   <div class='ocr_carea' id='block_1_77' title="bbox 1874 3348 3459 3420">
    <p class='ocr_par' dir='ltr' id='par_1_77' title="bbox 1874 3348 3459 3420">
     <span class='ocr_line' id='line_1_77' title="bbox 1874 3348 3459 3420; baseline 0.002 -16"><span class='ocrx_word' id='word_1_564' title='bbox 1874 3364 1983 3404; x_wconf 88' lang='lat' dir='ltr'><strong>non</strong></span> <span class='ocrx_word' id='word_1_565' title='bbox 2012 3364 2209 3419; x_wconf 83' lang='lat' dir='ltr'><strong>posse;</strong></span> <span class='ocrx_word' id='word_1_566' title='bbox 2231 3348 2342 3403; x_wconf 88' lang='lat' dir='ltr'><strong>imo</strong></span> <span class='ocrx_word' id='word_1_567' title='bbox 2364 3349 2493 3403; x_wconf 82' lang='lat' dir='ltr'><strong>vino</strong></span> <span class='ocrx_word' id='word_1_568' title='bbox 2519 3349 2770 3418; x_wconf 82' lang='lat' dir='ltr'><strong>protinus</strong></span> <span class='ocrx_word' id='word_1_569' title='bbox 2791 3349 2873 3405; x_wconf 80' lang='lat' dir='ltr'><strong>ita</strong></span> <span class='ocrx_word' id='word_1_570' title='bbox 2888 3351 3235 3420; x_wconf 87' lang='lat' dir='ltr'><strong>polluuntur,</strong></span> <span class='ocrx_word' id='word_1_571' title='bbox 3262 3360 3320 3406; x_wconf 92' lang='lat' dir='ltr'><strong>ut</strong></span> <span class='ocrx_word' id='word_1_572' title='bbox 3341 3353 3459 3407; x_wconf 67' lang='lat' dir='ltr'><strong>haec</strong></span> 
     </span>
    </p>
   </div>
   <div class='ocr_carea' id='block_1_78' title="bbox 1875 3440 3458 3513">
    <p class='ocr_par' dir='ltr' id='par_1_78' title="bbox 1875 3440 3458 3513">
     <span class='ocr_line' id='line_1_78' title="bbox 1875 3440 3458 3513; baseline 0.001 -17"><span class='ocrx_word' id='word_1_573' title='bbox 1875 3442 2105 3512; x_wconf 86' lang='lat' dir='ltr'><strong>pollutio</strong></span> <span class='ocrx_word' id='word_1_574' title='bbox 2146 3457 2254 3495; x_wconf 93' lang='lat' dir='ltr'><strong>non</strong></span> <span class='ocrx_word' id='word_1_575' title='bbox 2288 3442 2396 3497; x_wconf 88' lang='lat' dir='ltr'><strong>nisi</strong></span> <span class='ocrx_word' id='word_1_576' title='bbox 2433 3440 2754 3496; x_wconf 86' lang='lat' dir='ltr'><strong>dillicillime</strong></span> <span class='ocrx_word' id='word_1_577' title='bbox 2782 3442 2950 3497; x_wconf 90' lang='lat' dir='ltr'><strong>deleri</strong></span> <span class='ocrx_word' id='word_1_578' title='bbox 2995 3444 3194 3513; x_wconf 89' lang='lat' dir='ltr'><strong>possit.</strong></span> <span class='ocrx_word' id='word_1_579' title='bbox 3232 3444 3301 3497; x_wconf 82' lang='lat' dir='ltr'><strong>At</strong></span> <span class='ocrx_word' id='word_1_580' title='bbox 3328 3459 3458 3498; x_wconf 87' lang='lat' dir='ltr'><strong>cum</strong></span> 
     </span>
    </p>
   </div>
   <div class='ocr_carea' id='block_1_79' title="bbox 1878 3532 3457 3603">
    <p class='ocr_par' dir='ltr' id='par_1_79' title="bbox 1878 3532 3457 3603">
     <span class='ocr_line' id='line_1_79' title="bbox 1878 3532 3457 3603; baseline 0.001 -14"><span class='ocrx_word' id='word_1_581' title='bbox 1878 3534 2193 3589; x_wconf 85' lang='lat' dir='ltr'><strong>hominibus</strong></span> <span class='ocrx_word' id='word_1_582' title='bbox 2230 3549 2380 3589; x_wconf 87' lang='lat' dir='ltr'><strong>mors</strong></span> <span class='ocrx_word' id='word_1_583' title='bbox 2401 3534 2527 3588; x_wconf 76' lang='lat' dir='ltr'><strong>vita:</strong></span> <span class='ocrx_word' id='word_1_584' title='bbox 2554 3533 2851 3603; x_wconf 88' lang='lat' dir='ltr'><strong>depositio,</strong></span> <span class='ocrx_word' id='word_1_585' title='bbox 2882 3532 3113 3589; x_wconf 86' lang='lat' dir='ltr'><strong>Domino</strong></span> <span class='ocrx_word' id='word_1_586' title='bbox 3140 3544 3321 3590; x_wconf 88' lang='lat' dir='ltr'><strong>autem</strong></span> <span class='ocrx_word' id='word_1_587' title='bbox 3347 3552 3457 3591; x_wconf 91' lang='lat' dir='ltr'><strong>non</strong></span> 
     </span>
    </p>
   </div>
   <div class='ocr_carea' id='block_1_80' title="bbox 1877 3622 3456 3693">
    <p class='ocr_par' dir='ltr' id='par_1_80' title="bbox 1877 3622 3456 3693">
     <span class='ocr_line' id='line_1_80' title="bbox 1877 3622 3456 3693; baseline 0.003 -17"><span class='ocrx_word' id='word_1_588' title='bbox 1877 3624 2002 3676; x_wconf 71' lang='lat' dir='ltr'><strong>vita:</strong></span> <span class='ocrx_word' id='word_1_589' title='bbox 2042 3622 2346 3693; x_wconf 88' lang='lat' dir='ltr'><strong>depositio,</strong></span> <span class='ocrx_word' id='word_1_590' title='bbox 2394 3622 2489 3677; x_wconf 87' lang='lat' dir='ltr'><strong>sed</strong></span> <span class='ocrx_word' id='word_1_591' title='bbox 2538 3624 2832 3678; x_wconf 87' lang='lat' dir='ltr'><strong>translatio</strong></span> <span class='ocrx_word' id='word_1_592' title='bbox 2875 3624 2943 3677; x_wconf 91' lang='lat' dir='ltr'><strong>ad</strong></span> <span class='ocrx_word' id='word_1_593' title='bbox 2982 3625 3146 3678; x_wconf 76' lang='lat' dir='ltr'><strong>aliain</strong></span> <span class='ocrx_word' id='word_1_594' title='bbox 3172 3627 3456 3682; x_wconf 87' lang='lat' dir='ltr'><strong>meliorem</strong></span> 
     </span>
    </p>
   </div>
   <div class='ocr_carea' id='block_1_81' title="bbox 1877 3714 3459 3787">
    <p class='ocr_par' dir='ltr' id='par_1_81' title="bbox 1877 3714 3459 3787">
     <span class='ocr_line' id='line_1_81' title="bbox 1877 3714 3459 3787; baseline 0.003 -18"><span class='ocrx_word' id='word_1_595' title='bbox 1877 3716 2068 3779; x_wconf 82' lang='lat' dir='ltr'><strong>vitam,</strong></span> <span class='ocrx_word' id='word_1_596' title='bbox 2103 3729 2265 3784; x_wconf 92' lang='lat' dir='ltr'><strong>quam</strong></span> <span class='ocrx_word' id='word_1_597' title='bbox 2296 3731 2327 3768; x_wconf 88' lang='lat' dir='ltr'><strong>e</strong></span> <span class='ocrx_word' id='word_1_598' title='bbox 2364 3714 2598 3768; x_wconf 87' lang='lat' dir='ltr'><strong>mortuis</strong></span> <span class='ocrx_word' id='word_1_599' title='bbox 2627 3730 2921 3787; x_wconf 78' lang='lat' dir='ltr'><strong>resurgens</strong></span> <span class='ocrx_word' id='word_1_600' title='bbox 2954 3717 3185 3787; x_wconf 87' lang='lat' dir='ltr'><strong>accepit,</strong></span> <span class='ocrx_word' id='word_1_601' title='bbox 3210 3718 3334 3773; x_wconf 90' lang='lat' dir='ltr'><strong>ideo</strong></span> <span class='ocrx_word' id='word_1_602' title='bbox 3371 3718 3459 3773; x_wconf 72' lang='lat' dir='ltr'><strong>di—</strong></span> 
     </span>
    </p>
   </div>
   <div class='ocr_carea' id='block_1_82' title="bbox 1879 3806 3462 3874">
    <p class='ocr_par' dir='ltr' id='par_1_82' title="bbox 1879 3806 3462 3874">
     <span class='ocr_line' id='line_1_82' title="bbox 1879 3806 3462 3874; baseline 0.003 -12"><span class='ocrx_word' id='word_1_603' title='bbox 1879 3808 1955 3862; x_wconf 93' lang='lat' dir='ltr'><strong>cit</strong></span> <span class='ocrx_word' id='word_1_604' title='bbox 1986 3826 2000 3862; x_wconf 88' lang='lat'><strong>:</strong></span> <span class='ocrx_word' id='word_1_605' title='bbox 2032 3806 2255 3861; x_wconf 83' lang='lat' dir='ltr'><strong>Lavabit</strong></span> <span class='ocrx_word' id='word_1_606' title='bbox 2302 3808 2357 3860; x_wconf 82' lang='lat' dir='ltr'><strong>in</strong></span> <span class='ocrx_word' id='word_1_607' title='bbox 2406 3807 2527 3861; x_wconf 78' lang='lat' dir='ltr'><strong>vino</strong></span> <span class='ocrx_word' id='word_1_608' title='bbox 2571 3808 2763 3861; x_wconf 79' lang='lat' dir='ltr'><strong>stolam</strong></span> <span class='ocrx_word' id='word_1_609' title='bbox 2807 3825 2960 3862; x_wconf 76' lang='lat' dir='ltr'><strong>suam</strong></span> <span class='ocrx_word' id='word_1_610' title='bbox 2982 3848 2998 3874; x_wconf 97' lang='lat'><strong>,</strong></span> <span class='ocrx_word' id='word_1_611' title='bbox 3032 3819 3088 3864; x_wconf 87' lang='lat' dir='ltr'><strong>et</strong></span> <span class='ocrx_word' id='word_1_612' title='bbox 3119 3818 3336 3867; x_wconf 73' lang='lat' dir='ltr'><strong>caetera.</strong></span> <span class='ocrx_word' id='word_1_613' title='bbox 3361 3808 3462 3867; x_wconf 77' lang='lat' dir='ltr'><strong>His</strong></span> 
     </span>
    </p>
   </div>
   <div class='ocr_carea' id='block_1_83' title="bbox 1879 3898 3458 3974">
    <p class='ocr_par' dir='ltr' id='par_1_83' title="bbox 1879 3898 3458 3974">
     <span class='ocr_line' id='line_1_83' title="bbox 1879 3898 3458 3974; baseline 0.003 -21"><span class='ocrx_word' id='word_1_614' title='bbox 1879 3898 2026 3953; x_wconf 87' lang='lat' dir='ltr'><strong>enim</strong></span> <span class='ocrx_word' id='word_1_615' title='bbox 2090 3898 2365 3970; x_wconf 79' lang='lat' dir='ltr'><strong>signiﬁcat</strong></span> <span class='ocrx_word' id='word_1_616' title='bbox 2414 3908 2644 3955; x_wconf 88' lang='lat' dir='ltr'><strong>mortem</strong></span> <span class='ocrx_word' id='word_1_617' title='bbox 2700 3899 2925 3957; x_wconf 83' lang='lat' dir='ltr'><strong>Christo</strong></span> <span class='ocrx_word' id='word_1_618' title='bbox 2970 3916 3080 3957; x_wconf 90' lang='lat' dir='ltr'><strong>non</strong></span> <span class='ocrx_word' id='word_1_619' title='bbox 3125 3903 3192 3957; x_wconf 86' lang='lat' dir='ltr'><strong>ad</strong></span> <span class='ocrx_word' id='word_1_620' title='bbox 3239 3917 3458 3974; x_wconf 82' lang='lat' dir='ltr'><strong>poemm</strong></span> 
     </span>
    </p>
   </div>
   <div class='ocr_carea' id='block_1_84' title="bbox 1880 3989 3491 4066">
    <p class='ocr_par' dir='ltr' id='par_1_84' title="bbox 1880 3989 3491 4066">
     <span class='ocr_line' id='line_1_84' title="bbox 1880 3989 3491 4066; baseline 0.005 -23"><span class='ocrx_word' id='word_1_621' title='bbox 1880 3989 2025 4055; x_wconf 89' lang='lat' dir='ltr'><strong>dari,</strong></span> <span class='ocrx_word' id='word_1_622' title='bbox 2060 3997 2122 4044; x_wconf 91' lang='lat' dir='ltr'><strong>ut</strong></span> <span class='ocrx_word' id='word_1_623' title='bbox 2151 3992 2388 4056; x_wconf 59' lang='lat' dir='ltr'><strong>ceteris.</strong></span> <span class='ocrx_word' id='word_1_624' title='bbox 2422 3991 2521 4047; x_wconf 88' lang='lat' dir='ltr'><strong>sed</strong></span> <span class='ocrx_word' id='word_1_625' title='bbox 2548 4002 2608 4046; x_wconf 88' lang='lat' dir='ltr'><strong>ut</strong></span> <span class='ocrx_word' id='word_1_626' title='bbox 2635 3992 2835 4049; x_wconf 81' lang='lat' dir='ltr'><strong>exinde</strong></span> <span class='ocrx_word' id='word_1_627' title='bbox 2868 3993 3138 4051; x_wconf 86' lang='lat' dir='ltr'><strong>illustrior</strong></span> <span class='ocrx_word' id='word_1_628' title='bbox 3175 4002 3461 4066; x_wconf 78' lang='lat' dir='ltr'><strong>appareat.</strong></span> <span class='ocrx_word' id='word_1_629' title='bbox 3488 4054 3491 4057; x_wconf 60' lang='grc'>,</span> 
     </span>
    </p>
   </div>
   <div class='ocr_carea' id='block_1_85' title="bbox 1882 4082 3015 4155">
    <p class='ocr_par' dir='ltr' id='par_1_85' title="bbox 1882 4082 3015 4155">
     <span class='ocr_line' id='line_1_85' title="bbox 1882 4082 3015 4155; baseline 0.004 -18"><span class='ocrx_word' id='word_1_630' title='bbox 1882 4082 2218 4138; x_wconf 87' lang='lat' dir='ltr'><strong>immortalis</strong></span> <span class='ocrx_word' id='word_1_631' title='bbox 2250 4090 2308 4140; x_wconf 89' lang='lat' dir='ltr'><strong>et</strong></span> <span class='ocrx_word' id='word_1_632' title='bbox 2341 4082 2780 4155; x_wconf 84' lang='lat' dir='ltr'><strong>incorruptibilis</strong></span> <span class='ocrx_word' id='word_1_633' title='bbox 2811 4083 3015 4141; x_wconf 74' lang='lat' dir='ltr'><strong>tactus.</strong></span> 
     </span>
    </p>
   </div>
   <div class='ocr_carea' id='block_1_86' title="bbox 276 4353 1772 4431">
    <p class='ocr_par' dir='ltr' id='par_1_86' title="bbox 276 4353 1772 4430">
     <span class='ocr_line' id='line_1_86' title="bbox 276 4353 1772 4430; baseline -0.004 -17"><span class='ocrx_word' id='word_1_634' title='bbox 276 4362 425 4430; x_wconf 84' lang='grc' dir='ltr'>Στίχ.</span> <span class='ocrx_word' id='word_1_635' title='bbox 458 4360 546 4430; x_wconf 84' lang='grc' dir='ltr'><strong>ιβ’.</strong></span> <span class='ocrx_word' id='word_1_636' title='bbox 577 4389 651 4401; x_wconf 92' lang='grc'><strong>-</strong></span> <span class='ocrx_word' id='word_1_637' title='bbox 676 4358 990 4428; x_wconf 78' lang='grc' dir='ltr'>Χαροποιοί</span> <span class='ocrx_word' id='word_1_638' title='bbox 1023 4360 1079 4411; x_wconf 82' lang='grc' dir='ltr'><strong>οἱ</strong></span> <span class='ocrx_word' id='word_1_639' title='bbox 1116 4355 1408 4426; x_wconf 74' lang='grc' dir='ltr'>ὀφθαλμοί</span> <span class='ocrx_word' id='word_1_640' title='bbox 1445 4353 1631 4408; x_wconf 84' lang='grc' dir='ltr'><strong>αὐτοῦ</strong></span> <span class='ocrx_word' id='word_1_641' title='bbox 1661 4354 1772 4409; x_wconf 70' lang='grc' dir='ltr'><strong>ἀπὸ</strong></span> 
     </span>
    </p>
   </div>
   <div class='ocr_carea' id='block_1_87' title="bbox 1880 4353 3459 4431">
    <p class='ocr_par' dir='ltr' id='par_1_87' title="bbox 1956 4354 3459 4428">
     <span class='ocr_line' id='line_1_87' title="bbox 1956 4354 3459 4428; baseline 0.005 -20"><span class='ocrx_word' id='word_1_642' title='bbox 1956 4354 2113 4411; x_wconf 73' lang='lat' dir='ltr'><strong>Vcrs.</strong></span> <span class='ocrx_word' id='word_1_643' title='bbox 2154 4355 2239 4412; x_wconf 69' lang='lat'><strong>19..</strong></span> <span class='ocrx_word' id='word_1_644' title='bbox 2266 4385 2339 4396; x_wconf 96' lang='lat'><strong><em>—</em></strong></span> <span class='ocrx_word' id='word_1_645' title='bbox 2374 4354 2624 4427; x_wconf 69' lang='lat' dir='ltr'><strong>Grati/iri</strong></span> <span class='ocrx_word' id='word_1_646' title='bbox 2661 4358 2804 4412; x_wconf 83' lang='lat' dir='ltr'><strong>oculi</strong></span> <span class='ocrx_word' id='word_1_647' title='bbox 2844 4358 2961 4428; x_wconf 76' lang='lat' dir='ltr'><strong>ejus</strong></span> <span class='ocrx_word' id='word_1_648' title='bbox 2988 4373 3145 4428; x_wconf 73' lang='lat' dir='ltr'><strong>super</strong></span> <span class='ocrx_word' id='word_1_649' title='bbox 3176 4359 3374 4424; x_wconf 76' lang='lat' dir='ltr'><strong>vinum,</strong></span> <span class='ocrx_word' id='word_1_650' title='bbox 3406 4368 3459 4415; x_wconf 78' lang='lat' dir='ltr'><strong>et</strong></span> 
     </span>
    </p>
   </div>
   <div class='ocr_carea' id='block_1_88' title="bbox 203 4444 1777 4518">
    <p class='ocr_par' dir='ltr' id='par_1_88' title="bbox 203 4444 1777 4518">
     <span class='ocr_line' id='line_1_88' title="bbox 203 4444 1777 4518; baseline -0.005 -11"><span class='ocrx_word' id='word_1_651' title='bbox 203 4454 377 4507; x_wconf 76' lang='grc' dir='ltr'>οινου</span> <span class='ocrx_word' id='word_1_652' title='bbox 400 4492 416 4518; x_wconf 86' lang='grc'><strong><em>,</em></strong></span> <span class='ocrx_word' id='word_1_653' title='bbox 465 4452 563 4506; x_wconf 80' lang='grc' dir='ltr'><strong>καὶ</strong></span> <span class='ocrx_word' id='word_1_654' title='bbox 622 4451 831 4506; x_wconf 70' lang='grc' dir='ltr'>λευκοί</span> <span class='ocrx_word' id='word_1_655' title='bbox 880 4453 933 4505; x_wconf 83' lang='grc' dir='ltr'><strong>οὶ</strong></span> <span class='ocrx_word' id='word_1_656' title='bbox 986 4448 1230 4514; x_wconf 79' lang='grc' dir='ltr'><strong>ὀδόντες</strong></span> <span class='ocrx_word' id='word_1_657' title='bbox 1278 4446 1463 4501; x_wconf 85' lang='grc' dir='ltr'>αὐτοῦ</span> <span class='ocrx_word' id='word_1_658' title='bbox 1512 4446 1551 4515; x_wconf 80' lang='grc' dir='ltr'><strong>ἢ</strong></span> <span class='ocrx_word' id='word_1_659' title='bbox 1601 4444 1777 4515; x_wconf 62' lang='grc' dir='ltr'>γάλα.</span> 
     </span>
    </p>
   </div>
   <div class='ocr_carea' id='block_1_89' title="bbox 214 4537 1783 4616">
    <p class='ocr_par' dir='ltr' id='par_1_89' title="bbox 214 4537 1783 4616">
     <span class='ocr_line' id='line_1_89' title="bbox 214 4537 1783 4616; baseline -0.006 -17"><span class='ocrx_word' id='word_1_660' title='bbox 214 4544 438 4616; x_wconf 76' lang='grc' dir='ltr'>Ἐπειδὴ</span> <span class='ocrx_word' id='word_1_661' title='bbox 473 4544 581 4615; x_wconf 78' lang='grc' dir='ltr'>γάρ</span> <span class='ocrx_word' id='word_1_662' title='bbox 609 4542 718 4597; x_wconf 84' lang='grc' dir='ltr'>τῶν</span> <span class='ocrx_word' id='word_1_663' title='bbox 746 4542 876 4613; x_wconf 79' lang='grc' dir='ltr'>οἴνῳ</span> <span class='ocrx_word' id='word_1_664' title='bbox 903 4539 1083 4612; x_wconf 80' lang='grc' dir='ltr'>πολλῷ</span> <span class='ocrx_word' id='word_1_665' title='bbox 1106 4538 1460 4611; x_wconf 78' lang='grc' dir='ltr'>κεχρημένων</span> <span class='ocrx_word' id='word_1_666' title='bbox 1486 4537 1605 4601; x_wconf 76' lang='grc' dir='ltr'>ἔθος</span> <span class='ocrx_word' id='word_1_667' title='bbox 1626 4538 1783 4607; x_wconf 79' lang='grc' dir='ltr'>ὑφαί-</span> 
     </span>
    </p>
   </div>
   <div class='ocr_carea' id='block_1_90' title="bbox 206 4626 1782 4705">
    <p class='ocr_par' dir='ltr' id='par_1_90' title="bbox 206 4626 1782 4705">
     <span class='ocr_line' id='line_1_90' title="bbox 206 4626 1782 4705; baseline -0.004 -20"><span class='ocrx_word' id='word_1_668' title='bbox 206 4650 344 4705; x_wconf 84' lang='grc' dir='ltr'>μους</span> <span class='ocrx_word' id='word_1_669' title='bbox 390 4649 506 4696; x_wconf 81' lang='grc' dir='ltr'>πως</span> <span class='ocrx_word' id='word_1_670' title='bbox 547 4627 684 4687; x_wconf 72' lang='grc' dir='ltr'>εἶναι</span> <span class='ocrx_word' id='word_1_671' title='bbox 721 4632 849 4694; x_wconf 82' lang='grc' dir='ltr'>τοὺς</span> <span class='ocrx_word' id='word_1_672' title='bbox 880 4629 1193 4700; x_wconf 76' lang='grc' dir='ltr'>ὀφθαλμοὺς</span> <span class='ocrx_word' id='word_1_673' title='bbox 1215 4667 1232 4691; x_wconf 95' lang='lat'><strong>,</strong></span> <span class='ocrx_word' id='word_1_674' title='bbox 1258 4626 1417 4680; x_wconf 80' lang='grc' dir='ltr'>τοῦτο</span> <span class='ocrx_word' id='word_1_675' title='bbox 1462 4626 1609 4695; x_wconf 86' lang='grc' dir='ltr'>λέγει</span> <span class='ocrx_word' id='word_1_676' title='bbox 1632 4665 1649 4691; x_wconf 89' lang='lat'><strong>,</strong></span> <span class='ocrx_word' id='word_1_677' title='bbox 1699 4627 1782 4679; x_wconf 81' lang='grc' dir='ltr'><strong>ὅτι</strong></span> 
     </span>
    </p>
   </div>
   <div class='ocr_carea' id='block_1_91' title="bbox 202 4716 1782 4794">
    <p class='ocr_par' dir='ltr' id='par_1_91' title="bbox 202 4716 1782 4794">
     <span class='ocr_line' id='line_1_91' title="bbox 202 4716 1782 4794; baseline -0.004 -16"><span class='ocrx_word' id='word_1_678' title='bbox 202 4723 349 4778; x_wconf 79' lang='grc' dir='ltr'><strong>κατὰ</strong></span> <span class='ocrx_word' id='word_1_679' title='bbox 383 4724 485 4794; x_wconf 72' lang='grc' dir='ltr'>μὲν</span> <span class='ocrx_word' id='word_1_680' title='bbox 512 4722 575 4775; x_wconf 81' lang='grc' dir='ltr'><strong>τὺ</strong></span> <span class='ocrx_word' id='word_1_681' title='bbox 607 4721 778 4785; x_wconf 83' lang='grc' dir='ltr'>πάθος</span> <span class='ocrx_word' id='word_1_682' title='bbox 824 4721 918 4775; x_wconf 78' lang='grc' dir='ltr'><strong>καὶ</strong></span> <span class='ocrx_word' id='word_1_683' title='bbox 957 4720 1049 4774; x_wconf 76' lang='grc' dir='ltr'><strong>τὸν</strong></span> <span class='ocrx_word' id='word_1_684' title='bbox 1078 4718 1307 4773; x_wconf 84' lang='grc' dir='ltr'>θανάτον</span> <span class='ocrx_word' id='word_1_685' title='bbox 1345 4716 1628 4771; x_wconf 83' lang='grc' dir='ltr'>ἀλλοίωσίν</span> <span class='ocrx_word' id='word_1_686' title='bbox 1660 4735 1782 4771; x_wconf 85' lang='grc' dir='ltr'>τινα</span> 
     </span>
    </p>
   </div>
   <div class='ocr_carea' id='block_1_92' title="bbox 206 4807 1783 4884">
    <p class='ocr_par' dir='ltr' id='par_1_92' title="bbox 206 4807 1783 4884">
     <span class='ocr_line' id='line_1_92' title="bbox 206 4807 1783 4884; baseline -0.003 -17"><span class='ocrx_word' id='word_1_687' title='bbox 206 4815 455 4884; x_wconf 80' lang='grc' dir='ltr'>φανεῖται</span> <span class='ocrx_word' id='word_1_688' title='bbox 487 4811 809 4883; x_wconf 79' lang='grc' dir='ltr'>δεξάμενος·</span> <span class='ocrx_word' id='word_1_689' title='bbox 831 4810 1100 4881; x_wconf 81' lang='grc' dir='ltr'>τοσαύτην</span> <span class='ocrx_word' id='word_1_690' title='bbox 1127 4810 1186 4865; x_wconf 83' lang='grc' dir='ltr'>δὲ</span> <span class='ocrx_word' id='word_1_691' title='bbox 1215 4808 1327 4876; x_wconf 72' lang='grc' dir='ltr'><strong>ἕξει</strong></span> <span class='ocrx_word' id='word_1_692' title='bbox 1368 4808 1464 4861; x_wconf 77' lang='grc' dir='ltr'><strong>ἐπὶ</strong></span> <span class='ocrx_word' id='word_1_693' title='bbox 1498 4807 1560 4861; x_wconf 83' lang='grc' dir='ltr'>τὸ</span> <span class='ocrx_word' id='word_1_694' title='bbox 1603 4811 1783 4880; x_wconf 80' lang='grc' dir='ltr'>κρεῖτ-</span> 
     </span>
    </p>
   </div>
   <div class='ocr_carea' id='block_1_93' title="bbox 204 4900 1778 4977">
    <p class='ocr_par' dir='ltr' id='par_1_93' title="bbox 204 4900 1778 4977">
     <span class='ocr_line' id='line_1_93' title="bbox 204 4900 1778 4977; baseline -0.004 -18"><span class='ocrx_word' id='word_1_695' title='bbox 204 4923 296 4959; x_wconf 88' lang='grc' dir='ltr'>τον</span> <span class='ocrx_word' id='word_1_696' title='bbox 332 4905 632 4977; x_wconf 77' lang='grc' dir='ltr'>μεταϐολὴν</span> <span class='ocrx_word' id='word_1_697' title='bbox 653 4945 670 4970; x_wconf 88' lang='grc'><em>,</em></span> <span class='ocrx_word' id='word_1_698' title='bbox 702 4905 777 4968; x_wconf 88' lang='grc' dir='ltr'>ὡς</span> <span class='ocrx_word' id='word_1_699' title='bbox 820 4904 1093 4974; x_wconf 85' lang='grc' dir='ltr'>γάλακτος</span> <span class='ocrx_word' id='word_1_700' title='bbox 1123 4902 1356 4973; x_wconf 81' lang='grc' dir='ltr'>φανῆναι</span> <span class='ocrx_word' id='word_1_701' title='bbox 1381 4900 1778 4973; x_wconf 80' lang='grc' dir='ltr'>λαμπρότερος.</span> 
     </span>
    </p>
   </div>
   <div class='ocr_carea' id='block_1_94' title="bbox 218 4992 1781 5077">
    <p class='ocr_par' dir='ltr' id='par_1_94' title="bbox 218 4992 1781 5077">
     <span class='ocr_line' id='line_1_94' title="bbox 218 4992 1781 5077; baseline -0.003 -28"><span class='ocrx_word' id='word_1_702' title='bbox 218 4996 352 5049; x_wconf 76' lang='grc' dir='ltr'><strong>Ἀπὸ</strong></span> <span class='ocrx_word' id='word_1_703' title='bbox 378 4995 487 5067; x_wconf 81' lang='grc' dir='ltr'>γὰρ</span> <span class='ocrx_word' id='word_1_704' title='bbox 511 4995 621 5077; x_wconf 60' lang='grc' dir='ltr'><strong>τῷν</strong></span> <span class='ocrx_word' id='word_1_705' title='bbox 648 4994 875 5049; x_wconf 82' lang='grc' dir='ltr'><strong>ὀδόντων</strong></span> <span class='ocrx_word' id='word_1_706' title='bbox 901 5034 916 5057; x_wconf 87' lang='grc'>,</span> <span class='ocrx_word' id='word_1_707' title='bbox 949 4994 1025 5059; x_wconf 87' lang='grc' dir='ltr'>ὡς</span> <span class='ocrx_word' id='word_1_708' title='bbox 1053 4993 1162 5049; x_wconf 82' lang='grc' dir='ltr'><strong>ἀπὸ</strong></span> <span class='ocrx_word' id='word_1_709' title='bbox 1193 4993 1394 5065; x_wconf 88' lang='grc' dir='ltr'>μέρους</span> <span class='ocrx_word' id='word_1_710' title='bbox 1414 5032 1429 5055; x_wconf 83' lang='grc'><strong><em>,</em></strong></span> <span class='ocrx_word' id='word_1_711' title='bbox 1467 4992 1529 5046; x_wconf 82' lang='grc' dir='ltr'>τὸ</span> <span class='ocrx_word' id='word_1_712' title='bbox 1562 4993 1671 5045; x_wconf 81' lang='grc' dir='ltr'>πᾶν</span> <span class='ocrx_word' id='word_1_713' title='bbox 1699 4993 1781 5044; x_wconf 86' lang='grc' dir='ltr'>εί-</span> 
     </span>
    </p>
   </div>
   <div class='ocr_carea' id='block_1_95' title="bbox 209 5085 1785 5160">
    <p class='ocr_par' dir='ltr' id='par_1_95' title="bbox 209 5085 1785 5160">
     <span class='ocr_line' id='line_1_95' title="bbox 209 5085 1785 5160; baseline -0.004 -18"><span class='ocrx_word' id='word_1_714' title='bbox 209 5091 333 5142; x_wconf 89' lang='grc' dir='ltr'>πεῖν</span> <span class='ocrx_word' id='word_1_715' title='bbox 354 5088 630 5160; x_wconf 79' lang='grc' dir='ltr'><strong>ἡϐουλήθη</strong></span> <span class='ocrx_word' id='word_1_716' title='bbox 655 5105 669 5119; x_wconf 89' lang='grc'><strong>·</strong></span> <span class='ocrx_word' id='word_1_717' title='bbox 700 5089 794 5142; x_wconf 54' lang='grc' dir='ltr'><strong>καί¹</strong></span> <span class='ocrx_word' id='word_1_718' title='bbox 822 5087 1057 5157; x_wconf 77' lang='grc' dir='ltr'>μάλιστα</span> <span class='ocrx_word' id='word_1_719' title='bbox 1085 5086 1272 5156; x_wconf 72' lang='grc' dir='ltr'>ἐπειδή</span> <span class='ocrx_word' id='word_1_720' title='bbox 1302 5103 1417 5149; x_wconf 88' lang='grc' dir='ltr'>πως</span> <span class='ocrx_word' id='word_1_721' title='bbox 1438 5085 1785 5156; x_wconf 80' lang='grc' dir='ltr'>ἀποκεκρυμ-</span> 
     </span>
    </p>
   </div>
   <div class='ocr_carea' id='block_1_96' title="bbox 210 5174 1782 5252">
    <p class='ocr_par' dir='ltr' id='par_1_96' title="bbox 210 5174 1782 5252">
     <span class='ocr_line' id='line_1_96' title="bbox 210 5174 1782 5252; baseline -0.004 -19"><span class='ocrx_word' id='word_1_722' title='bbox 210 5180 406 5252; x_wconf 81' lang='grc' dir='ltr'>μένους</span> <span class='ocrx_word' id='word_1_723' title='bbox 443 5181 541 5251; x_wconf 84' lang='grc' dir='ltr'>μὲν</span> <span class='ocrx_word' id='word_1_724' title='bbox 563 5176 698 5235; x_wconf 78' lang='grc' dir='ltr'>εἶναι</span> <span class='ocrx_word' id='word_1_725' title='bbox 720 5182 834 5243; x_wconf 81' lang='grc' dir='ltr'>τοῖς</span> <span class='ocrx_word' id='word_1_726' title='bbox 854 5178 1057 5249; x_wconf 82' lang='grc' dir='ltr'>χείλεσι</span> <span class='ocrx_word' id='word_1_727' title='bbox 1081 5178 1206 5241; x_wconf 74' lang='grc' dir='ltr'>τοὺς</span> <span class='ocrx_word' id='word_1_728' title='bbox 1230 5176 1449 5239; x_wconf 76' lang='grc' dir='ltr'>ὀδόντας</span> <span class='ocrx_word' id='word_1_729' title='bbox 1475 5174 1782 5246; x_wconf 78' lang='grc' dir='ltr'>συμϐαίνει,</span> 
     </span>
    </p>
   </div>
   <div class='ocr_carea' id='block_1_97' title="bbox 206 5266 1786 5340">
    <p class='ocr_par' dir='ltr' id='par_1_97' title="bbox 206 5266 1786 5340">
     <span class='ocr_line' id='line_1_97' title="bbox 206 5266 1786 5340; baseline -0.004 -15"><span class='ocrx_word' id='word_1_730' title='bbox 206 5270 597 5340; x_wconf 81' lang='grc' dir='ltr'>ἀναφαίνεσθαι</span> <span class='ocrx_word' id='word_1_731' title='bbox 634 5270 692 5324; x_wconf 83' lang='grc' dir='ltr'>δὲ</span> <span class='ocrx_word' id='word_1_732' title='bbox 735 5269 1139 5339; x_wconf 85' lang='grc' dir='ltr'>διανοιγομένου</span> <span class='ocrx_word' id='word_1_733' title='bbox 1182 5266 1276 5321; x_wconf 77' lang='grc' dir='ltr'>τοῦ</span> <span class='ocrx_word' id='word_1_734' title='bbox 1316 5266 1603 5339; x_wconf 45' lang='grc' dir='ltr'>στόματος..</span> <span class='ocrx_word' id='word_1_735' title='bbox 1631 5266 1786 5319; x_wconf 80' lang='grc' dir='ltr'>Οὕτω</span> 
     </span>
    </p>
   </div>
   <div class='ocr_carea' id='block_1_98' title="bbox 1884 4448 3503 4519">
    <p class='ocr_par' dir='ltr' id='par_1_98' title="bbox 1884 4448 3503 4519">
     <span class='ocr_line' id='line_1_98' title="bbox 1884 4448 3503 4519; baseline 0.002 -17"><span class='ocrx_word' id='word_1_736' title='bbox 1884 4448 2102 4502; x_wconf 83' lang='lat' dir='ltr'><strong>candidi</strong></span> <span class='ocrx_word' id='word_1_737' title='bbox 2142 4448 2324 4503; x_wconf 82' lang='lat' dir='ltr'><strong>dentes</strong></span> <span class='ocrx_word' id='word_1_738' title='bbox 2361 4449 2474 4519; x_wconf 82' lang='lat' dir='ltr'><strong>ejus</strong></span> <span class='ocrx_word' id='word_1_739' title='bbox 2503 4465 2662 4519; x_wconf 86' lang='lat' dir='ltr'><strong>quam</strong></span> <span class='ocrx_word' id='word_1_740' title='bbox 2706 4449 2811 4504; x_wconf 85' lang='lat' dir='ltr'><strong>lac.</strong></span> <span class='ocrx_word' id='word_1_741' title='bbox 2844 4450 3075 4518; x_wconf 84' lang='lat' dir='ltr'><strong>Quando</strong></span> <span class='ocrx_word' id='word_1_742' title='bbox 3101 4450 3244 4505; x_wconf 88' lang='lat' dir='ltr'><strong>oculi</strong></span> <span class='ocrx_word' id='word_1_743' title='bbox 3279 4450 3459 4505; x_wconf 82' lang='lat' dir='ltr'><strong>homi-</strong></span> <span class='ocrx_word' id='word_1_744' title='bbox 3500 4510 3503 4515; x_wconf 89' lang='lat'><strong><em>_</em></strong></span> 
     </span>
    </p>
   </div>
   <div class='ocr_carea' id='block_1_99' title="bbox 1884 4541 3463 4606">
    <p class='ocr_par' dir='ltr' id='par_1_99' title="bbox 1884 4541 3463 4606">
     <span class='ocr_line' id='line_1_99' title="bbox 1884 4541 3463 4606; baseline 0.003 -12"><span class='ocrx_word' id='word_1_745' title='bbox 1884 4556 2016 4595; x_wconf 89' lang='lat' dir='ltr'><strong>num</strong></span> <span class='ocrx_word' id='word_1_746' title='bbox 2061 4541 2190 4596; x_wconf 84' lang='lat' dir='ltr'><strong>vino</strong></span> <span class='ocrx_word' id='word_1_747' title='bbox 2220 4541 2531 4598; x_wconf 87' lang='lat' dir='ltr'><strong>deditorum</strong></span> <span class='ocrx_word' id='word_1_748' title='bbox 2574 4543 2896 4598; x_wconf 87' lang='lat' dir='ltr'><strong>subcruenti</strong></span> <span class='ocrx_word' id='word_1_749' title='bbox 2928 4543 3219 4606; x_wconf 81' lang='lat' dir='ltr'><strong>videntur,</strong></span> <span class='ocrx_word' id='word_1_750' title='bbox 3253 4541 3463 4598; x_wconf 89' lang='lat' dir='ltr'><strong>indicat</strong></span> 
     </span>
    </p>
   </div>
   <div class='ocr_carea' id='block_1_100' title="bbox 1884 4631 3459 4704">
    <p class='ocr_par' dir='ltr' id='par_1_100' title="bbox 1884 4631 3459 4704">
     <span class='ocr_line' id='line_1_100' title="bbox 1884 4631 3459 4704; baseline 0.002 -18"><span class='ocrx_word' id='word_1_751' title='bbox 1884 4632 1973 4687; x_wconf 85' lang='lat' dir='ltr'><strong>bis</strong></span> <span class='ocrx_word' id='word_1_752' title='bbox 2009 4631 2293 4687; x_wconf 79' lang='lat' dir='ltr'><strong>CbriSIum</strong></span> <span class='ocrx_word' id='word_1_753' title='bbox 2335 4642 2457 4701; x_wconf 91' lang='lat' dir='ltr'><strong>post</strong></span> <span class='ocrx_word' id='word_1_754' title='bbox 2508 4635 2823 4704; x_wconf 88' lang='lat' dir='ltr'><strong>passionem</strong></span> <span class='ocrx_word' id='word_1_755' title='bbox 2874 4642 2929 4689; x_wconf 86' lang='lat' dir='ltr'><strong>et</strong></span> <span class='ocrx_word' id='word_1_756' title='bbox 2976 4644 3208 4690; x_wconf 90' lang='lat' dir='ltr'><strong>mortem</strong></span> <span class='ocrx_word' id='word_1_757' title='bbox 3260 4649 3459 4689; x_wconf 76' lang='lat' dir='ltr'><strong>novatn</strong></span> 
     </span>
    </p>
   </div>
   <div class='ocr_carea' id='block_1_101' title="bbox 1884 4723 3464 4794">
    <p class='ocr_par' dir='ltr' id='par_1_101' title="bbox 1884 4723 3464 4794">
     <span class='ocr_line' id='line_1_101' title="bbox 1884 4723 3464 4794; baseline 0.001 -14"><span class='ocrx_word' id='word_1_758' title='bbox 1884 4723 2125 4794; x_wconf 85' lang='lat' dir='ltr'><strong>speciem</strong></span> <span class='ocrx_word' id='word_1_759' title='bbox 2148 4732 2523 4794; x_wconf 89' lang='lat' dir='ltr'><strong>accepturum.</strong></span> <span class='ocrx_word' id='word_1_760' title='bbox 2556 4726 2707 4781; x_wconf 84' lang='lat' dir='ltr'><strong>Adeo</strong></span> <span class='ocrx_word' id='word_1_761' title='bbox 2736 4735 2915 4781; x_wconf 89' lang='lat' dir='ltr'><strong>autem</strong></span> <span class='ocrx_word' id='word_1_762' title='bbox 2944 4726 3171 4780; x_wconf 88' lang='lat' dir='ltr'><strong>meliora</strong></span> <span class='ocrx_word' id='word_1_763' title='bbox 3198 4726 3464 4781; x_wconf 85' lang='lat' dir='ltr'><strong>sortietur</strong></span> 
     </span>
    </p>
   </div>
   <div class='ocr_carea' id='block_1_102' title="bbox 1886 4814 3461 4887">
    <p class='ocr_par' dir='ltr' id='par_1_102' title="bbox 1886 4814 3461 4887">
     <span class='ocr_line' id='line_1_102' title="bbox 1886 4814 3461 4887; baseline 0.002 -18"><span class='ocrx_word' id='word_1_764' title='bbox 1886 4822 1947 4869; x_wconf 90' lang='lat' dir='ltr'><strong>ut</strong></span> <span class='ocrx_word' id='word_1_765' title='bbox 1992 4815 2136 4869; x_wconf 91' lang='lat' dir='ltr'><strong>lacte</strong></span> <span class='ocrx_word' id='word_1_766' title='bbox 2183 4814 2807 4887; x_wconf 75' lang='lat' dir='ltr'><strong>eandidiorappareat.</strong></span> <span class='ocrx_word' id='word_1_767' title='bbox 2872 4816 3007 4871; x_wconf 80' lang='lat' dir='ltr'><strong>Nam</strong></span> <span class='ocrx_word' id='word_1_768' title='bbox 3061 4834 3127 4871; x_wconf 88' lang='lat' dir='ltr'><strong>ex</strong></span> <span class='ocrx_word' id='word_1_769' title='bbox 3177 4817 3461 4880; x_wconf 85' lang='lat' dir='ltr'><strong>dentibus.</strong></span> 
     </span>
    </p>
   </div>
   <div class='ocr_carea' id='block_1_103' title="bbox 1885 4907 3465 4980">
    <p class='ocr_par' dir='ltr' id='par_1_103' title="bbox 1885 4907 3465 4980">
     <span class='ocr_line' id='line_1_103' title="bbox 1885 4907 3465 4980; baseline 0.003 -20"><span class='ocrx_word' id='word_1_770' title='bbox 1885 4912 2150 4977; x_wconf 88' lang='lat' dir='ltr'><strong>tanquam</strong></span> <span class='ocrx_word' id='word_1_771' title='bbox 2186 4922 2253 4961; x_wconf 93' lang='lat' dir='ltr'><strong>ex</strong></span> <span class='ocrx_word' id='word_1_772' title='bbox 2284 4917 2440 4977; x_wconf 82' lang='lat' dir='ltr'><strong>parte</strong></span> <span class='ocrx_word' id='word_1_773' title='bbox 2464 4946 2479 4972; x_wconf 91' lang='lat'><strong>,</strong></span> <span class='ocrx_word' id='word_1_774' title='bbox 2511 4916 2689 4963; x_wconf 87' lang='lat' dir='ltr'><strong>totum</strong></span> <span class='ocrx_word' id='word_1_775' title='bbox 2719 4910 2835 4963; x_wconf 78' lang='lat' dir='ltr'><strong>vult</strong></span> <span class='ocrx_word' id='word_1_776' title='bbox 2860 4908 3197 4979; x_wconf 72' lang='lat' dir='ltr'><strong>signiﬁcare.</strong></span> <span class='ocrx_word' id='word_1_777' title='bbox 3233 4907 3465 4980; x_wconf 79' lang='lat' dir='ltr'><strong>Insuper</strong></span> 
     </span>
    </p>
   </div>
   <div class='ocr_carea' id='block_1_104' title="bbox 1885 4997 3513 5069">
    <p class='ocr_par' dir='ltr' id='par_1_104' title="bbox 1885 4997 3513 5069">
     <span class='ocr_line' id='line_1_104' title="bbox 1885 4997 3513 5069; baseline 0.001 -17"><span class='ocrx_word' id='word_1_778' title='bbox 1885 4997 2345 5069; x_wconf 90' lang='lat' dir='ltr'><strong>quemadmodum</strong></span> <span class='ocrx_word' id='word_1_779' title='bbox 2396 4999 2590 5056; x_wconf 88' lang='lat' dir='ltr'><strong>dentes</strong></span> <span class='ocrx_word' id='word_1_780' title='bbox 2625 5000 2786 5056; x_wconf 86' lang='lat' dir='ltr'><strong>labiis</strong></span> <span class='ocrx_word' id='word_1_781' title='bbox 2838 5001 3187 5055; x_wconf 89' lang='lat' dir='ltr'><strong>occultantur</strong></span> <span class='ocrx_word' id='word_1_782' title='bbox 3229 5009 3284 5055; x_wconf 88' lang='lat' dir='ltr'><strong>et</strong></span> <span class='ocrx_word' id='word_1_783' title='bbox 3339 5000 3463 5055; x_wconf 88' lang='lat' dir='ltr'><strong>dein</strong></span> <span class='ocrx_word' id='word_1_784' title='bbox 3508 5010 3513 5019; x_wconf 90' lang='lat'>&#39;</span> 
     </span>
    </p>
   </div>
   <div class='ocr_carea' id='block_1_105' title="bbox 1886 5088 3466 5160">
    <p class='ocr_par' dir='ltr' id='par_1_105' title="bbox 1886 5088 3466 5160">
     <span class='ocr_line' id='line_1_105' title="bbox 1886 5088 3466 5160; baseline 0.001 -18"><span class='ocrx_word' id='word_1_785' title='bbox 1886 5098 2077 5159; x_wconf 90' lang='lat' dir='ltr'><strong>aperto</strong></span> <span class='ocrx_word' id='word_1_786' title='bbox 2106 5103 2202 5144; x_wconf 94' lang='lat' dir='ltr'><strong>ore</strong></span> <span class='ocrx_word' id='word_1_787' title='bbox 2227 5099 2529 5160; x_wconf 89' lang='lat' dir='ltr'><strong>apparent;</strong></span> <span class='ocrx_word' id='word_1_788' title='bbox 2553 5090 2630 5144; x_wconf 91' lang='lat' dir='ltr'><strong>ita</strong></span> <span class='ocrx_word' id='word_1_789' title='bbox 2658 5092 2823 5146; x_wconf 90' lang='lat' dir='ltr'><strong>etiam</strong></span> <span class='ocrx_word' id='word_1_790' title='bbox 2853 5088 3061 5145; x_wconf 84' lang='lat' dir='ltr'><strong>Christi</strong></span> <span class='ocrx_word' id='word_1_791' title='bbox 3088 5089 3297 5145; x_wconf 86' lang='lat' dir='ltr'><strong>candor</strong></span> <span class='ocrx_word' id='word_1_792' title='bbox 3326 5098 3466 5145; x_wconf 77' lang='lat' dir='ltr'><strong>tein-</strong></span> 
     </span>
    </p>
   </div>
   <div class='ocr_carea' id='block_1_106' title="bbox 1885 5180 3467 5251">
    <p class='ocr_par' dir='ltr' id='par_1_106' title="bbox 1885 5180 3467 5251">
     <span class='ocr_line' id='line_1_106' title="bbox 1885 5180 3467 5251; baseline 0.001 -18"><span class='ocrx_word' id='word_1_793' title='bbox 1885 5194 2020 5249; x_wconf 90' lang='lat' dir='ltr'><strong>pore</strong></span> <span class='ocrx_word' id='word_1_794' title='bbox 2045 5180 2240 5237; x_wconf 89' lang='lat' dir='ltr'><strong>mortis</strong></span> <span class='ocrx_word' id='word_1_795' title='bbox 2279 5182 2614 5248; x_wconf 84' lang='lat' dir='ltr'><strong>occultatus,</strong></span> <span class='ocrx_word' id='word_1_796' title='bbox 2646 5189 2838 5251; x_wconf 87' lang='lat' dir='ltr'><strong>postea</strong></span> <span class='ocrx_word' id='word_1_797' title='bbox 2864 5181 3121 5237; x_wconf 89' lang='lat' dir='ltr'><strong>omnibus</strong></span> <span class='ocrx_word' id='word_1_798' title='bbox 3158 5196 3254 5251; x_wconf 92' lang='lat' dir='ltr'><strong>per</strong></span> <span class='ocrx_word' id='word_1_799' title='bbox 3276 5196 3467 5237; x_wconf 83' lang='lat' dir='ltr'><strong>resur-</strong></span> 
     </span>
    </p>
   </div>
   <div class='ocr_carea' id='block_1_107' title="bbox 1886 5269 2536 5342">
    <p class='ocr_par' dir='ltr' id='par_1_107' title="bbox 1886 5269 2536 5342">
     <span class='ocr_line' id='line_1_107' title="bbox 1886 5269 2536 5342; baseline 0.006 -20"><span class='ocrx_word' id='word_1_800' title='bbox 1886 5269 2197 5325; x_wconf 88' lang='lat' dir='ltr'><strong>rectionem</strong></span> <span class='ocrx_word' id='word_1_801' title='bbox 2228 5271 2536 5342; x_wconf 81' lang='lat' dir='ltr'><strong>apparebit.</strong></span> 
     </span>
    </p>
   </div>
   <div class='ocr_carea' id='block_1_108' title="bbox 206 5360 3470 5439">
    <p class='ocr_par' dir='ltr' id='par_1_108' title="bbox 206 5360 3470 5439">
     <span class='ocr_line' id='line_1_108' title="bbox 206 5360 3470 5439; baseline 0.002 -22"><span class='ocrx_word' id='word_1_802' title='bbox 206 5362 267 5417; x_wconf 80' lang='grc' dir='ltr'>δέ</span> <span class='ocrx_word' id='word_1_803' title='bbox 298 5379 413 5429; x_wconf 89' lang='grc' dir='ltr'><strong>πως</strong></span> <span class='ocrx_word' id='word_1_804' title='bbox 466 5364 561 5418; x_wconf 79' lang='grc' dir='ltr'><strong>καὶ</strong></span> <span class='ocrx_word' id='word_1_805' title='bbox 614 5365 649 5436; x_wconf 77' lang='grc' dir='ltr'><strong>ἡ</strong></span> <span class='ocrx_word' id='word_1_806' title='bbox 698 5364 827 5435; x_wconf 76' lang='grc' dir='ltr'>περὶ</span> <span class='ocrx_word' id='word_1_807' title='bbox 868 5363 1030 5419; x_wconf 83' lang='grc' dir='ltr'>αὐτὸν</span> <span class='ocrx_word' id='word_1_808' title='bbox 1075 5361 1396 5434; x_wconf 83' lang='grc' dir='ltr'>λαμπρότης</span> <span class='ocrx_word' id='word_1_809' title='bbox 1444 5360 1803 5433; x_wconf 77' lang='grc' dir='ltr'>κεκρυμμένη</span> <span class='ocrx_word' id='word_1_810' title='bbox 1856 5364 1998 5419; x_wconf 75' lang='grc' dir='ltr'>κατὰ</span> <span class='ocrx_word' id='word_1_811' title='bbox 2048 5365 2139 5419; x_wconf 82' lang='grc' dir='ltr'><strong>τὸν</strong></span> <span class='ocrx_word' id='word_1_812' title='bbox 2192 5366 2289 5421; x_wconf 83' lang='grc' dir='ltr'><strong>τοῦ</strong></span> <span class='ocrx_word' id='word_1_813' title='bbox 2343 5366 2573 5423; x_wconf 86' lang='grc' dir='ltr'>θανάτου</span> <span class='ocrx_word' id='word_1_814' title='bbox 2636 5365 2824 5438; x_wconf 83' lang='grc' dir='ltr'>καιρὸν</span> <span class='ocrx_word' id='word_1_815' title='bbox 2876 5366 3284 5439; x_wconf 81' lang='grc' dir='ltr'>ἀναφανήσεται</span> <span class='ocrx_word' id='word_1_816' title='bbox 3331 5366 3470 5422; x_wconf 74' lang='grc' dir='ltr'>πᾶσι</span> 
     </span>
    </p>
   </div>
   <div class='ocr_carea' id='block_1_109' title="bbox 207 5456 855 5531">
    <p class='ocr_par' dir='ltr' id='par_1_109' title="bbox 207 5456 855 5531">
     <span class='ocr_line' id='line_1_109' title="bbox 207 5456 855 5531; baseline 0.002 -16"><span class='ocrx_word' id='word_1_817' title='bbox 207 5456 299 5515; x_wconf 72' lang='grc' dir='ltr'>διὰ</span> <span class='ocrx_word' id='word_1_818' title='bbox 326 5456 426 5531; x_wconf 84' lang='grc' dir='ltr'><strong>τῆς</strong></span> <span class='ocrx_word' id='word_1_819' title='bbox 467 5457 855 5521; x_wconf 53' lang='grc' dir='ltr'>ἀναστάσεως</span> 
     </span>
    </p>
   </div>
  </div>
