3834 6224
393 195 494 255 64⁷

1565 201 1921 263 THEODORI
1953 204 2188 266 MOPSU
2197 205 2446 267 ESTENI

3571 223 3674 280 618

1182 395 2010 493 FRAGMENTUM
2102 407 2229 497 IN
2314 406 2878 503 EXODUM.

986 613 1139 671 CAP.
1178 614 1368 672 XXVI.

453 698 615 761 Vera.
640 703 732 760 35.
773 734 844 746 —
882 704 1288 762 Candelabrum
1342 717 1463 765 erat
1502 708 1813 782 symbolum
1862 712 1973 768 diei

381 811 412 850 ε
458 796 567 851 Deo
593 795 846 866 perfecti.
882 795 1039 852 Unde
1063 798 1229 852 etiam
1260 811 1470 869 septem
1504 803 1768 858 lucernas
1805 804 1976 860 habe-

379 887 494 951 bat,
521 888 725 957 quibus
757 888 1057 943 hebdomas
1083 888 1297 943 dierum
1337 891 1698 962 figurabatur.
1732 894 1808 950 lta
1836 897 1967 966 qui-

378 979 503 1036 dem
542 979 909 1035 constitutum
930 989 1049 1034 erat
1076 982 1231 1050 prius
1252 982 1688 1040 tabernaculum.
1716 987 1782 1040 At
1808 988 1973 1042 simul

378 1074 560 1127 omnia
584 1072 755 1142 ﬁgura
776 1073 1126 1142 posterioris.
1150 1073 1288 1127 Nam
1320 1089 1446 1129 arca
1480 1078 1792 1132 testamenti
1832 1077 1973 1131 indi-

375 1166 541 1220 cabat
592 1166 801 1220 cultum
855 1175 911 1220 et
959 1166 1298 1235 agnitionem
1355 1166 1490 1235 Dei;
1539 1169 1737 1224 tabula:
1789 1180 1970 1225 autem

375 1257 692 1312 testamenti
737 1272 859 1327 qua:
896 1257 950 1311 in
992 1273 1143 1321 arca,
1169 1268 1224 1313 ct
1271 1261 1422 1329 virga
1466 1259 1649 1314 Aaron
1691 1260 1972 1330 significa-

373 1351 505 1406 bant
525 1351 768 1404 divinum
788 1350 996 1405 cultum
1020 1353 1154 1423 legis
1171 1354 1559 1409 observatione
1582 1360 1636 1408 et
1658 1353 1834 1407 sacris
1855 1351 1973 1406 riti-

373 1441 479 1496 bus
505 1443 712 1512 perlici.
748 1440 898 1496 Urna
924 1458 1124 1498 manna
1162 1445 1371 1501 habens
1402 1443 1823 1500 commendabat
1855 1457 1971 1497 me-

371 1534 609 1587 moriam
643 1535 930 1603 temporis,
964 1551 1076 1604 quo
1108 1536 1183 1590 ita
1210 1552 1241 1591 a
1277 1536 1388 1592 Deo
1415 1535 1643 1601 eruditi,
1676 1550 1877 1589 manna
1913 1536 1971 1589 in

370 1623 593 1678 deserto
619 1614 1006 1679 vescebantur.
1035 1622 1369 1680 Declarabat
1389 1626 1554 1681 etiam
1588 1639 1817 1680 aureum
1843 1623 1972 1677 thu-

373 1716 613 1772 ribulum
665 1725 881 1788 gratam
930 1733 1056 1773 esse
1099 1717 1213 1773 Deo
1257 1727 1315 1774 et
1359 1727 1674 1790 accceptam
1709 1718 1967 1772 virtutem

370 1822 494 1878 qua:
523 1808 609 1864 his
655 1809 966 1879 perficitur.
1009 1808 1279 1865 lnnuehat
1308 1824 1506 1866 aurum
1543 1826 1611 1866 ex
1634 1809 1783 1864 omni
1811 1818 1969 1880 parte

370 1904 511 1957 nihil
548 1903 607 1958 in
650 1904 817 1959 terris
853 1902 965 1959 Deo
1004 1903 1180 1974 magis
1223 1903 1441 1974 placere
1469 1918 1635 1975 quam
1678 1902 1963 1957 hominum

2630 628 2876 686 ΚΕΦΑΛ.
2929 633 3075 700 κεῖν.

2148 714 2296 786 Στίχ.
2325 715 2427 784 λε’.⁴
2452 747 2523 758 -
2569 719 2632 771 Ἦ
2673 721 2729 774 δὲ
2758 721 2945 792 λυχνία
2977 723 3244 794 σύμϐολον
3282 720 3350 797 ἦν
3390 725 3491 798 τῆς
3528 725 3670 780 ἀπο-

2074 807 2405 878 τελουμένης
2451 811 2602 881 παρὰ
2640 812 2733 865 τοῦ
2759 812 2894 867 Θεοῦ
2938 815 3171 885 ἡμέρας.
3207 814 3369 870 Ὅθεν
3408 819 3502 870 καὶ
3529 818 3673 871 ἑπτὰ

2073 897 2200 961 τοὺς
2221 902 2513 973 φωστῆρας
2534 898 2669 973 εἶχε,
2691 903 2955 973 σύμϐολον
2976 906 3075 975 τῆς
3096 907 3387 975 ἑϐδομάδος
3404 909 3511 962 τῶν
3532 911 3673 981 ἡμε-

2076 989 2204 1060 ρῶν.
2226 991 2381 1045 Οὖτω
2404 996 2502 1063 μὲν
2525 993 2617 1047 οὖν
2658 992 2852 1067 εἶχενὴ
2876 997 3068 1069 πρώτη
3092 1000 3283 1071 σκηνή.
3306 1001 3468 1068 Λέγει
3489 1002 3546 1055 δὲ
3571 1003 3670 1056 καὶ

2072 1081 2144 1134 τὰ
2160 1084 2257 1152 τῆς
2276 1083 2553 1156 δευτέρας.
2572 1087 2635 1139 Ἥ
2655 1089 2752 1156 μὲν
2780 1085 2872 1141 οὖν
2899 1089 3128 1154 κιϐωτὸς
3148 1092 3247 1162 τῆς
3262 1092 3547 1164 διαθήκης,
3562 1094 3669 1163 τῆς

2071 1172 2166 1225 τοῦ
2192 1173 2347 1237 Θείου
2377 1175 2668 1248 θεραπείας
2688 1196 2746 1231 τε
2770 1180 2863 1232 καὶ
2885 1181 3235 1249 ἐπιγνώσεως
3262 1183 3528 1253 σύμϐολον
3549 1180 3620 1256 ἦν
3648 1203 3664 1217 ο

2073 1265 2129 1317 αἱ
2152 1265 2207 1318 δὲ
2225 1267 2281 1318 ὲν
2313 1267 2449 1337 αὐτῇ
2483 1268 2689 1334 πλάκες
2710 1271 2808 1341 τῆς
2832 1272 3117 1345 διαθήκης,
3144 1278 3236 1329 καὶ
3261 1279 3293 1345 ἡ
3324 1276 3419 1329 τοῦ
3450 1276 3667 1348 ’Δαρὼν

2074 1360 2268 1430 ῥάϐδος
2286 1402 2299 1425 ,
2327 1362 2484 1416 τοῦτο
2521 1365 2818 1435 ἐσήμαινον
2839 1383 2853 1397 '
2901 1369 2962 1421 τὸ
2994 1368 3092 1440 τὴν
3125 1371 3253 1441 περὶ
3289 1371 3380 1425 τὸν
3410 1372 3541 1426 Θεὸν
3570 1371 3667 1425 θε-

2076 1452 2306 1522 ραπείαν
2336 1454 2425 1507 διά
2449 1472 2507 1507 τε
2556 1457 2654 1524 τῆς
2684 1458 2791 1509 τῶν
2834 1458 3079 1529 νομίμων
3110 1461 3450 1533 πληροῦσθαι
3487 1464 3665 1534 φυλα-

2071 1541 2173 1611 κῆς
2195 1582 2209 1606 ,
2239 1542 2332 1595 καὶ
2360 1543 2457 1614 τῆς
2486 1543 2623 1598 κατὰ
2661 1545 2755 1617 τὴν
2788 1548 3057 1618 ἱερατείαν
3090 1548 3450 1622 λειτουργίας.
3497 1552 3560 1606 Ἡ
3593 1552 3661 1605 δὲ

2069 1632 2129 1685 τδ
2158 1633 2332 1702 μάννα
2362 1634 2560 1704 ἔχουσα
2593 1638 2827 1706 στάμνος
2846 1681 2861 1705 ,
2891 1639 3191 1711 ὑπόμνημα
3219 1638 3286 1714 ἧν
3314 1642 3407 1697 τοῦ
3438 1642 3658 1714 καιροῦ,

2070 1724 2194 1778 καθ’
2230 1725 2289 1778 δν
2313 1725 2487 1779 ταῦτα
2512 1728 2663 1799 παρὰ
2688 1727 2781 1781 τοῦ
2809 1727 2945 1782 Θεοῦ
2980 1731 3379 1803 παιδευόμενοι,
3418 1734 3481 1787 τὸ
3518 1734 3663 1804 μάν-

2068 1830 2134 1868 να
2158 1814 2298 1869 κατὰ
2318 1816 2416 1888 τὴν
2444 1816 2651 1888 ἔρημον
2681 1817 3043 1889 διετρέφοντο.
3077 1821 3151 1874 Τὸ
3193 1821 3375 1892 μέντοι
3420 1823 3662 1894 χρυσοῦν

2068 1903 2453 1976 θυμιατήριον,
2486 1906 2753 1977 σύμϐολον
2782 1908 2875 1961 τοῦ
2909 1909 3095 1964 δεκτὸν
3134 1906 3273 1965 εἶναι
3313 1911 3392 1984 τῷ
3417 1913 3536 1985 Θεῷ
3558 1914 3661 1968 καὶ

368 1995 522 2049 circa
574 1995 831 2065 pietatem
875 1995 1143 2051 studium.
1191 1994 1492 2050 Cherubim
1549 2010 1673 2066 quae
1726 1995 1930 2065 desupe

2063 1996 2161 2069 ἡδὺ
2220 1997 2319 2069 τὴν
2371 1997 2480 2051 ἀπὸ
2532 1998 2739 2052 τούτων
2793 2000 3175 2073 πληρουμένην
3235 2004 3459 2075 ἀρετήν.
3514 2004 3658 2074 Περὶ

367 2096 548 2150 erant,
581 2094 741 2142 erant
772 2089 1038 2142 memoria
1061 2088 1425 2145 invisibilium
1449 2097 1503 2143 et
1526 2088 1957 2144 ministratoria-

365 2193 490 2232 rum
538 2178 827 2232 virtutum.
881 2178 1033 2245 Quas
1084 2180 1229 2236 inter
1280 2180 1451 2236 Deum
1486 2180 1696 2235 versari
1726 2179 1956 2234 decebat

364 2284 491 2325 cum
546 2270 915 2327 invisibilibus
961 2272 1301 2339 virtutibus,
1342 2283 1605 2345 tanquam
1658 2273 1951 2333 miniStris,

365 2363 445 2415 uti
477 2361 709 2425 soleret,
741 2370 796 2417 et
832 2377 933 2433 per
967 2378 1032 2418 ea
1076 2375 1277 2419 cuncta
1306 2379 1565 2436 peragere
1595 2378 1717 2433 qua:
1746 2363 1814 2417 ad
1842 2364 1954 2418 uti-

364 2453 571 2508 litatem
603 2455 912 2508 animarum
942 2462 1258 2509 nostrarum
1298 2458 1598 2527 pertinent.

2065 2091 2243 2146 πάντα
2276 2091 2332 2144 δὲ
2353 2091 2554 2163 χρυσὸς
2578 2132 2592 2155 ,
2624 2093 2704 2155 εἰς
2745 2094 2967 2164 μήνυμα
3005 2093 3097 2149 τοῦ
3124 2095 3342 2149 πάντων
3370 2092 3511 2149 εἶναι
3537 2095 3654 2148 τῶν

2063 2186 2156 2240 ἐπὶ
2182 2186 2284 2254 γῆς
2315 2186 2659 2257 τιμιωτέρων
2679 2186 2799 2256 Θεῷ
2820 2187 2918 2258 τὴν
2949 2188 3078 2259 περὶ
3103 2188 3277 2244 ταῦτα
3304 2188 3411 2242 τῶν
3433 2187 3651 2259 ἀνθρώ⁸

2060 2294 2179 2330 πων
2217 2276 2534 2348 ἐμμέλειαν.
2586 2276 2667 2330 Τὰ
2716 2278 2773 2330 δὲ
2822 2278 3079 2350 ὑπεράνω
3106 2280 3309 2334 τούτων
3341 2280 3652 2352 Χερουϐὶμ,

2060 2368 2287 2439 μήνυμα
2325 2368 2434 2422 τῶν
2465 2368 2714 2440 ἀοράτων
2758 2370 2854 2423 καὶ
2900 2370 3288 2444 λειτουργικῶν
3319 2371 3603 2444 δυνάμεων
3626 2388 3645 2405 ⁸

2056 2451 2131 2513 ὧν
2170 2461 2228 2512 ὲν
2278 2459 2429 2529 μέσῳ
2454 2459 2659 2513 τούτων
2688 2460 2777 2514 τὸν
2814 2459 2945 2514 Θεὸν
2971 2462 3329 2533 χρηματίζειν
3389 2464 3647 2519 συνέϐαι-

363 2558 488 2597 νενο
516 2546 705 2617 ἐπειδὴ
753 2548 847 2600 καὶ
896 2550 1016 2611 ταῖς
1077 2548 1330 2619 ἀοράτοις
1376 2548 1683 2621 δυνάμεσι,
1752 2551 2019 2615 διακόνοις
2050 2553 2355 2624 κεχρῆσθαι
2418 2553 2497 2625 τῷ
2546 2538 2666 2625 Θεῷ
2720 2555 2881 2621 ἔθος,
2929 2556 3026 2609 καὶ
3076 2555 3165 2609 διὰ
3210 2556 3414 2612 τούτων
3462 2561 3649 2613 πάντα

364 2636 608 2710 πληροῦν
639 2640 707 2694 τὰ
744 2642 828 2705 είς
861 2640 1130 2712 ὠφέλειαν
1159 2643 1500 2698 συντείνοντα
1525 2644 1635 2699 τῶν
1665 2646 1955 2718 ἡμετέρων
1994 2645 2202 2717 ψυχῶν.

398 2791 3619 2835 mw

1360 2924 1907 3019 EJUSDEM
2004 2929 2637 3025 THEODOBI

1076 3140 1852 3256 EXPOSITIO
1973 3144 2121 3256 IN
2226 3144 2909 3267 PSALMOS.

957 3360 1034 3413 Ex
1076 3364 1253 3412 catena
1288 3358 1587 3413 Corderiaua
1611 3358 1662 3410 in
1688 3360 1930 3424 Psalmos,
1956 3364 2162 3415 insertis
2181 3378 2274 3416 suo
2293 3367 2405 3419 loco
2427 3369 2716 3435 fragmentis
2737 3372 2859 3426 alias
2880 3376 3047 3428 editis.

935 3656 1267 3719 PSALMUS
1303 3660 1346 3717 1.

426 3752 594 3811 Vens.
623 3752 1014 3809 L—Theodori
1032 3754 1365 3809 Antiochem'.
1393 3754 1530 3810 Cum
1556 3754 1701 3810 Deus
1721 3752 1943 3825 proprie

355 3845 552 3902 beatus
574 3846 646 3901 sit
677 3843 903 3917 [Paulus
934 3845 1082 3899 enim
1106 3846 1183 3900 ait
1215 3865 1229 3901 :
1258 3845 1460 3901 Beatus
1489 3862 1551 3899 ac
1581 3846 1727 3900 solus
1756 3857 1939 3915 potens

356 3936 422 4009 (1
449 3936 586 3991 Tim.
630 3951 704 4001 νι,
740 3933 880 4008 15)],
906 3935 1069 4006 hujus
1101 3950 1202 3991 nos
1236 3936 1617 4006 appellationis
1647 3937 1943 4006 participes

355 4027 574 4096 effecit,
634 4036 696 4082 ut
755 4029 849 4098 qui
898 4028 1061 4084 etiam
1106 4027 1285 4083 fidelis
1339 4026 1524 4084 dictus
1563 4028 1685 4084 sit:
1735 4026 1941 4082 Fidelis

354 4118 527 4182 enim,
568 4116 767 4187 inquit,
799 4115 963 4182 Deus,
990 4131 1085 4185 per
1117 4132 1271 4187 quem
1296 4117 1473 4170 vocati
1531 4117 1658 4171 estis
1717 4114 1770 4187 (ι
1807 4114 1936 4172 Cor.

357 4223 397 4274 I,
425 4207 504 4277 9).
547 4206 634 4273 Et,
668 4206 811 4262 Deus
838 4207 1038 4277 ﬁdelis,
1067 4214 1119 4263 et
1160 4225 1265 4262 non
1296 4217 1376 4263 est
1413 4208 1670 4280 iniquitas
1714 4210 1770 4263 in
1819 4210 1934 4278 ipso

356 4298 541 4369 (Deut.
574 4314 745 4363 xxxii,
781 4298 862 4370 4).
890 4298 983 4354 Sic
1008 4300 1173 4354 etiam
1197 4299 1330 4355 deos
1358 4309 1539 4367 vocat,
1572 4300 1734 4371 juxta
1756 4301 1932 4357 illud:

353 4391 467 4462 Ego
512 4392 671 4446 dixi:
699 4391 792 4444 Dii
829 4391 959 4447 estis
1000 4391 1178 4463 (Psal.
1228 4408 1428 4461 um,
1458 4393 1537 4465 6).
1589 4392 1799 4449 Nomen
1829 4394 1934 4450 ita-

350 4498 459 4555 que
482 4483 641 4549 beati,
682 4482 901 4538 fructus
941 4491 1026 4539 est
1075 4485 1434 4556 perfectionis
1468 4487 1527 4543 in
1558 4487 1781 4545 virtute.

926 4574 1247 4633 PSALMUS
1281 4576 1345 4634 ll.

419 4665 588 4724 Vens.
612 4668 666 4723 1.
695 4696 764 4709 —
791 4665 1055 4724 Theodori
1073 4668 1405 4729 Antiocheni.
1443 4670 1564 4729 Non
1592 4674 1727 4731 dicit
1751 4686 1928 4749 gentes

2626 3673 2823 3727 ΨΑΛΜ
2834 3675 2918 3729 ΟΣ
2953 3680 3037 3732 A'.

2120 3760 2269 3831 Στίχ.
2303 3768 2374 3815 α’.
2422 3791 2492 3802 -
2532 3764 2834 3834 Θεοδώρου
2878 3770 3251 3841 Ἀντιοχείας.
3304 3775 3528 3848 κυρίως
3570 3780 3636 3835 δὲ

2047 3850 2321 3919 μακάριος
2348 3851 2424 3903 ὣν
2460 3854 2489 3905 ὀ
2527 3852 2660 3917 Θεὸς
2700 3855 2944 3925 (Παῦλος
2977 3861 3084 3932 γάρ
3114 3879 3308 3933 φησιν,
3352 3866 3413 3918 '0
3435 3870 3633 3937 μακά-

2036 3958 2168 4009 ριος
2209 3942 2309 3995 καὶ
2341 3944 2530 4011 μόνος
2561 3944 2872 4015 δυνάστης
2894 3953 2911 4019 )
2934 3990 2949 4014 ,
2988 3953 3262 4022 μετέδωκε
3298 3956 3504 4028 ταύτης
3528 3961 3633 4030 τῆς

2040 4034 2415 4104 προσηγορίας
2455 4037 2589 4105 ἡμῖν
2612 4076 2627 4101 ,
2653 4038 2728 4102 ὡς
2774 4041 2870 4093 καὶ
2913 4043 3107 4107 πιστὸς
3151 4045 3500 4117 καλούμενος.
3523 4053 3633 4104 Πι-

2040 4126 2188 4191 στὸς
2227 4126 2336 4196 γὰρ
2359 4165 2375 4189 ,
2408 4129 2600 4198 φησὶν,
2636 4133 2669 4184 ό
2702 4131 2846 4198 Θεὸς
2871 4174 2888 4199 ,
2926 4133 3003 4188 δι’
3037 4131 3110 4191 οὗ
3139 4136 3451 4206 ἐκλήθητε.
3488 4142 3627 4207 Καὶ,

2042 4216 2186 4284 Θεὸς
2209 4219 2458 4286 πιστὸς,
2493 4220 2594 4275 καὶ
2623 4224 2735 4277 οὐκ
2775 4223 2949 4278 ἐστιν
2979 4225 3179 4281 ἀδικία
3208 4229 3279 4282 ἐν
3311 4231 3490 4297 αὐτῷ.
3515 4233 3629 4287 Οὖ-

2034 4326 2143 4372 τως
2189 4310 2284 4363 καὶ
2321 4309 2478 4375 θεοὺς
2524 4313 2715 4379 καλεῖ,
2760 4316 2904 4370 κατὰ
2946 4317 3009 4370 τὸ
3031 4354 3049 4383 ,
3096 4318 3242 4388 Ἐγὼ
3285 4316 3455 4385 εἶπα,
3496 4326 3629 4378 θεοί

2037 4402 2201 4456 ἐστε.
2224 4403 2300 4456 Τὸ
2332 4400 2427 4458 οὖν
2448 4406 2743 4475 μακάριος
2782 4409 2974 4481 ὄνομα,
3004 4412 3106 4483 τῆς
3133 4414 3253 4467 κατ’
3281 4415 3483 4488 ἀρετὴν
3528 4435 3626 4473 τε-

2038 4492 2312 4566 λειότητος
2344 4496 2578 4571 ὑπάρχει
2602 4500 2829 4571 καρπός.

2628 4590 2920 4645 ΨΑΛΜΟΣ
2958 4592 3035 4650 Β’.

2106 4680 2255 4750 Στίχ.
2290 4679 2363 4735 α’.
2392 4712 2462 4723 -
2490 4681 2791 4751 Θεοδώρου
2836 4685 3173 4757 Ἀντιοχέως
3194 4689 3295 4762 (l).
3335 4692 3410 4746 Οὐ
3438 4692 3617 4763 λέγει,

346 4760 618 4827 absolute,
641 4760 718 4815 ita
748 4768 809 4816 ut
839 4761 1064 4817 omnino
1093 4776 1288 4820 omnes
1337 4767 1732 4838 comprehendi
1766 4779 1928 4841 pute-

2061 4772 2108 4828 ’ὰ
2131 4773 2298 4843 ἔθνη,
2315 4777 2453 4847 μετὰ
2472 4777 2566 4831 τοῦ
2590 4779 2813 4851 ἄρθρου,
2851 4781 2937 4835 ἵνα
2964 4782 3176 4847 πάντας
3206 4760 3619 4858 περιλαμϐάνε-

414 4912 1400 5005 Qlﬁpffgﬁiggidgpmigra!me
1429 4923 1917 5005 partesedjtgrugn
2019 4944 2240 5005 semper
2273 4932 2503 5005 intelligi
2558 4933 2907 4992 Theodorum
2964 4939 3161 5005 illum,
3196 4942 3292 5005 qui
3338 4944 3444 4999 fuit
3492 4943 3619 5001 uo-

345 4984 874 5039 commentariorum
915 4984 1192 5043 Theodori
1230 4984 1605 5059 Mopsuesteni
1651 4994 1718 5048 ad
1760 4994 1922 5051 Psal-

346 5067 515 5134 mos;.
544 5062 941 5134 verumtamen.
973 5072 1083 5112 non
1132 5061 1302 5134 semel
1357 5063 1599 5134 comperi
1653 5065 1921 5134 reliquias

344 5122 471 5200 ejus
503 5119 558 5175 in
579 5125 799 5200 caterﬂs
819 5124 1227 5200 obvias,_modo
1250 5144 1376 5185 esse
1395 5119 1672 5187 Theodori
1701 5119 1921 5200 incerti,

345 5192 513 5245 modo
536 5193 703 5246 etiam
729 5192 1099 5268 Theodoreti;
1126 5206 1328 5268 prater
1353 5200 1559 5258 multas
1592 5218 1623 5255 a
1652 5192 1922 5261 Corderio

344 5262 1271 5352 RW??.P3”§:JE"9‘.“E£¢31"“?
1305 5271 1626 5352 ψδίευιξει·
1670 5274 1915 5352 είέθτθιην

342 5331 439 5413 illa
467 5339 681 5415 tantum
722 5332 855 5387 mihi
898 5331 1179 5403 segmenta
1212 5331 1488 5394 vindicavi
1541 5342 1605 5412 (i.
1636 5360 1682 5397 ε.
1717 5331 1915 5415 fragm.

341 5402 399 5454 in
438 5402 578 5468 psal.
610 5415 673 5466 It,
720 5417 805 5464 Ill,
836 5419 892 5468 γ,
930 5402 1004 5466 vi,
1033 5421 1131 5471 vn,
1158 5421 1283 5473 vm,
1317 5425 1393 5473 ιχ,
1426 5427 1503 5475 xu,
1535 5402 1638 5476 in,
1669 5402 1914 5481 xiufxv,

341 5486 469 5551 avt,
498 5485 623 5551 .xvn
644 5510 660 5536 ,
693 5487 818 5551 xxvi
839 5513 855 5537 ,
886 5488 1057 5551 ιιχιιι
1084 5492 1299 5551 ,_xx|x_,
1333 5495 1431 5545 XL,
1482 5497 1630 5551 11:",
1661 5499 1779 5551 qua:
1803 5486 1915 5540 suis

342 5540 916 5617 locisinterseruimus.
943 5544 1053 5617 Ἐν.
1093 5540 1319 5614 Pium),
1358 5540 1482 5617 qua!
1519 5540 1786 5608 Theodori
1814 5571 1915 5608 no-

342 5611 591 5666 minatim
641 5613 955 5671 Antiocheni
1000 5630 1201 5674 nomen
1253 5611 1559 5689 gerebant,
1607 5638 1721 5693 quo
1753 5625 1917 5681 titulo

3233 5013 3349 5068 dita
3384 5016 3512 5070 item
3542 5021 3616 5072 ab

2024 5072 2150 5146 aliis
2167 5072 2471 5146 recudenda
2505 5072 2617 5131 non
2649 5072 2928 5146 iudicavi;
2959 5088 3017 5134 et
3054 5094 3179 5135 cum
3215 5084 3333 5138 otio
3378 5086 3616 5143 minime

2023 5139 2322 5225 abundem,
2356 5148 2500 5225 duos
2523 5139 2737 5225 tantum
2761 5139 2947 5225 ev_o_lv’i
2972 5150 3219 5225 codices,
3250 5168 3448 5225 nempe

2025 5219 2359 5292 sta_ntem_ac
2391 5224 2630 5292 veterem
2666 5215 2791 5271 Vat.
2818 5218 2925 5292 ’ζει
2965 5218 3079 5292 (Α),
3117 5233 3172 5292 et
3203 5215 3609 5292 recentiorem,

2026 5281 2350 5363 sed.mul.to
2400 5286 2771 5363 copiosiorem
2824 5281 3139 5345 Vat.'1682
3194 5292 3301 5363 (Β).
3352 5281 3608 5351 Latinam

2023 5349 2260 5429 denique
2284 5349 2534 5429 brevium
2560 5356 2754 5429 horum
2778 5367 3164 5429 excerptorum
3184 5349 3628 5421 translationem.

2024 5421 2460 5511 aliissiﬂlvolent
2512 5421 3283 5511 faciendampci'misiLMihi
3330 5435 3604 5511 integrum

2025 5495 2084 5544 in
2117 5495 2430 5576 .prophetas
2479 5495 2943 5579 commentarium
2988 5500 3058 5555 de
3097 5501 3290 5557 Graeco
3342 5495 3602 5560 Latinum

2024 5560 2227 5620 fecisse
2265 5574 2402 5621 satis
2438 5573 2545 5622 est.
2584 5565 2906 5637 (MM,Btbt.
2940 5585 3057 5625 nov.
3086 5569 3269 5640 Patr.,
3293 5570 3405 5641 Vll,
3438 5575 3595 5633 590.)

2022 5004 2289 5077 pstiestiae
2312 5006 2636 5077 episcopus,
2656 5009 3019 5077 exploratum
3048 5004 3155 5066 est.
