3804 6220
171 246 276 305 6ιὲ

1366 241 1736 301 EXPOSITIO
1768 240 1841 297 IN
1867 240 2210 299 I’SALMOS.

3303 250 3411 308 €50

172 368 293 418 σθαι
338 364 585 438 νομίσῃς,
615 364 753 431 ἀλλ’,
788 364 953 430 ἔθνη.
1001 365 1093 417 ἐπί
1126 365 1349 436 μερικὸν
1389 383 1443 419 τι
1470 367 1618 433 ἄγων
1647 365 1725 435 τηε

1848 363 1921 419 tis
1943 403 1959 426 ,
1989 363 2086 419 sed
2126 372 2325 435 gentes,
2353 364 2644 434 quamdam
2690 369 3070 438 exceptionem
3102 370 3413 426 subintelli-

170 453 411 507 ἔννοιαν·
448 454 635 525 ἐπειδὴ
663 456 773 525 γὰρ
819 456 868 507 οἰ
915 454 1156 507 Ἰουδαῖοι
1184 453 1437 518 λαϐόντες
1468 452 1580 524 [τὸν
1610 453 1743 525 Χρι-

174 544 342 615 στὸν].
372 548 486 608 τοῖς
526 544 732 598 ἔθνεσιν
761 544 923 597 αὐτὸν
953 543 1242 611 ἐξέδωκαν,
1270 544 1357 597 διὰ
1382 543 1539 597 τοῦτο
1568 544 1743 597 ταῦτά

170 651 333 702 φησιν
354 649 370 664 ⁸
406 635 503 699 Τίς
530 636 563 705 ὴ
589 634 825 706 τοσαύτη
860 634 1067 704 αἰτία,ἦ
1092 635 1145 687 τί
1173 634 1234 687 τὸ
1268 635 1510 703 γεγονὸς,
1538 636 1615 698 ὡς
1648 636 1743 689 καὶ

169 724 291 787 τοὺς
321 724 489 788 λαοὺς
514 726 900 796 συγκινηθῆναι
930 727 1047 779 κατ’
1091 724 1279 786 αὑτοῦ.
1317 728 1411 779 καὶ
1436 728 1519 790 εἰς
1551 729 1743 796 χεῖρας

168 815 328 868 αὐτὸν
356 817 724 887 παραδοθῆναι
772 816 880 869 τῶν
916 816 1121 880 ἐθνῶνς
1152 816 1225 869 Τὸ
1249 817 1325 883 δὲ,
1378 818 1739 886 Ἔφρύαξαν,

167 904 284 957 ἀντὶ
308 905 427 967 τοῦ,
463 904 894 970 Ἦλαζονεύοντο.

226 1018 379 1088 Στίχ.
413 1018 477 1083 ζ’.
509 1048 579 1059 —
614 1018 727 1089 Πρὸ
772 1017 983 1073 αἰώνων
1031 1018 1180 1084 Υἱὸς,
1210 1020 1446 1088 σήμερον
1487 1020 1739 1085 γεννᾶται

167 1110 453 1179 γενόμενος
487 1110 583 1163 ἄνθ
590 1128 794 1182 ρωπος.

233 1220 383 1290 Στίχ.
407 1220 473 1275 θ’.
499 1252 567 1262 -—
588 1222 698 1291 Οὐχ
724 1222 865 1276 ὥστε
892 1222 1152 1276 ἀπολέσαι
1191 1224 1285 1275 καὶ
1312 1222 1587 1276 ἀναλῶσαι
1616 1240 1738 1277 συν-

165 1308 359 1378 τρίϐει,
406 1309 520 1362 ἀλλ’
557 1310 697 1363 ὥστε
732 1312 1075 1367 ἀναπλάσαι’
1127 1313 1264 1383 πρὸς
1289 1312 1445 1367 τοῦτο
1469 1312 1577 1381 γὰρ
1612 1329 1739 1365 σκο-

165 1400 263 1461 πὸς
288 1398 370 1469 τῷ
399 1404 652 1472 κεραμεῖ,
675 1402 978 1475 συντρίϐειν
997 1403 1061 1456 τά
1079 1406 1254 1456 οἰκεῖα
1282 1404 1471 1474 σκεύη,
1506 1405 1635 1456 ὅταν
1661 1404 1736 1474 μὴ

163 1487 289 1556 ὑγιῆ
337 1490 431 1542 καὶ
456 1489 710 1559 ἀκέραιον
749 1490 899 1563 σώζῃ
935 1490 1029 1544 τοῦ
1064 1492 1361 1563 καραμέως
1394 1492 1488 1563 τὴν
1511 1492 1738 1546 διάπλα-

161 1596 266 1639 σιν,
312 1579 525 1633 οὐδέπω
558 1581 690 1652 πυρὶ
721 1583 1211 1653 προσωμιληκότα³
1254 1582 1464 1646 τούτοις
1497 1585 1554 1637 δὲ
1591 1580 1735 1655 μαρ-

158 1673 313 1739 τυρεῖ
355 1672 450 1724 καὶ
480 1673 507 1723 ὁ
554 1673 821 1743 μακάριος
863 1674 1133 1745 Ἱερεμίας
1172 1676 1201 1726 ὁ
1251 1676 1535 1745 προφήτης
1562 1676 1733 1743 λέγων
1764 1714 1807 1768 Β

156 1761 232 1823 ὡς
260 1765 326 1815 ἐκ
360 1762 494 1817 Θεοῦ
519 1781 528 1792 ·
570 1766 637 1819 Ἠ
660 1764 853 1831 καθὼς
883 1767 915 1819 ὁ
940 1768 1229 1835 κεραμεὺς
1248 1763 1427 1833 οὗτος
1450 1769 1521 1820 οὐ
1552 1766 1734 1833 avri}.

154 1864 339 1917 σομαι
369 1852 545 1906 τοῦτο
588 1853 839 1921 ποιῆσαι
869 1856 1029 1924 ὑμῖν,
1065 1852 1228 1922 οἶκος
1265 1856 1540 1925 Ἰσραὴλ,
1572 1856 1732 1926 λέγει

155 1944 413 2008 Κι¹Ῥιος;
434 1944 699 2008 τουτέστι,
721 1944 894 2009 οὕτως
916 1948 1010 2002 καὶ
1030 1947 1380 2011 διαπεσόντας
1401 1947 1729 2008 ἀναπλάσαι,

153 2034 251 2085 καὶ
284 2034 445 2089 πάλιν
478 2037 557 2099 εἰς
590 2036 651 2089 τὸ
684 2038 908 2109 ἀρχαῖον
925 2038 1390 2109 ἀποκαταστῆσαι.

223 2140 377 2211 Στίχ.
413 2148 502 2196 ια’.
534 2173 602 2184 -
644 2145 893 2199 Ἐπειδὰν
920 2146 1027 2217 γὰρ
1053 2146 1378 2217 φοϐηθέντες
1407 2149 1495 2201 τὸν
1529 2149 1730 2201 Δεσπό-

150 2246 276 2300 την,
307 2231 377 2283 τὰ
404 2234 751 2303 προσήκοντα
776 2236 1229 2307 διαπραξώμεθα,
1256 2237 1514 2309 πλείστην
1537 2240 1603 2291 ἐκ
1628 2239 1732 2291 τῶν

155 2320 512 2390 πραχθέντων
553 2325 686 2394 ἡμῖν
730 2324 927 2395 ἔχομεν
957 2327 1055 2397 τὴν
1085 2327 1420 2399 εὐφροσύνην
1447 2330 1732 2401 ἐγγινομέ-

153 2426 278 2479 νην,
329 2411 426 2465 τοῦ
477 2414 775 2479 συνειδότος
816 2418 1025 2484 ἀγαθοῦ
1075 2418 1174 2488 μὲν
1214 2420 1591 2489 τυγχάνοντος,
1630 2437 1731 2493 με-

152 2502 349 2573 γίστην
378 2503 434 2557 δὲ
464 2506 588 2575 ἐμοὶ
625 2506 815 2559 τούτου
858 2509 957 2578 τὴν
1003 2508 1175 2579 χαρὰν
1209 2510 1602 2579 παρεχομένου.
1646 2512 1751 2568 Ἑν

152 2597 349 2663 τρόμῳ
396 2596 473 2661 δὲ,
516 2598 793 2657 τουτέστιν
830 2601 889 2652 ὲν
940 2600 1254 2666 κατανύξει.
1306 2602 1379 2670 μή
1414 2619 1544 2655 ποτε
1567 2606 1601 2674 ὴ
1636 2603 1731 2656 τοῦ

151 2683 293 2737 Θεοῦ
332 2686 477 2756 χαρὰ
510 2690 590 2752 εἰς
620 2689 715 2759 τὴν
734 2689 827 2743 τοῦ
856 2689 1059 2761 κόσμου
1091 2692 1368 2761 μεταπέσῃ
1394 2692 1587 2762 χαράν.

225 2777 376 2846 Στίχ.
409 2777 495 2847 ιβ’.
524 2808 593 2819 -
638 2781 832 2855 ’Λπρίξ
856 2784 1000 2852 ἡμᾶς
1030 2781 1242 2853 ἔχεσθαι
1274 2782 1373 2853 τῆς
1408 2784 1502 2836 τοῦ
1528 2784 1731 2855 Κυρίου

151 2890 505 2957 διδασκαλίας
551 2894 906 2965 βουλόμενος,
944 2898 1165 2962 εἰκότως
1194 2902 1260 2970 τῇ
1307 2900 1400 2955 τοῦ
1433 2898 1732 2971 ἃρὰξασθε

154 2982 309 3051 φωνῇ
338 2981 622 3055 κέχρηται.

749 3099 1043 3156 ΨΑΛΜΟΣ
1080 3100 1155 3153 ιν.

225 3188 379 3257 Στίχ.
409 3195 477 3255 γ’.
501 3220 570 3232 -—
604 3187 776 3243 Τοῦτο
804 3190 1182 3261 φανερώτερον
1205 3190 1494 3257 δείκνυσιν,
1522 3191 1613 3244 ἐπὶ
1636 3192 1731 3245 τοῦ

150 3278 320 3333 Δαυῖδ
354 3279 606 3347 λέγεσθαι
635 3281 744 3335 δεῖν
772 3281 862 3333 τὸν
903 3281 1137 3351 ψαλμόν.
1189 3283 1261 3334 Τὸ
1293 3282 1400 3355 γὰρ
1435 3284 1728 3337 ἐπανίστα-

154 3370 284 3425 σθαι
327 3372 531 3442 κυρίως
568 3372 784 3443 λέγεται
832 3373 925 3427 ἐπὶ
965 3372 1076 3425 τῶν
1126 3374 1384 3442 πρότερον
1410 3374 1508 3443 μὲν
1540 3376 1597 3428 ἐν
1626 3374 1730 3431 ὐπ-

153 3462 340 3530 ηκόων
381 3463 530 3528 τάξει
586 3461 962 3529 καθεστώτων,
993 3464 1132 3534 μετά
1176 3464 1233 3517 δὲ
1280 3464 1448 3518 ταῦτα
1496 3465 1730 3534 πόλεμον

150 3553 469 3623 ἀραμένων.

744 3670 1037 3724 manus
1074 3671 1146 3725 ιε’.
1648 3646 1677 3683 ³

223 3777 376 3846 Στίχ.
396 3777 536 3832 θ’.-
552 3778 646 3844 Τὸ,
666 3779 1000 3849 Ὀδήτησόν
1010 3796 1108 3848 με,
1126 3781 1219 3833 καὶ
1247 3780 1328 3846 τὸ,
1346 3781 1728 3834 Κατεύθυνον

146 3868 409 3921 ἐγώπιόν
428 3885 547 3923 σου
578 3871 695 3937 τὴν
719 3871 864 3925 ὀδόν
890 3888 1032 3941 μου,
1048 3871 1110 3923 τὸ
1133 3870 1266 3942 αὐτὸ
1297 3871 1442 3939 λέγει
1466 3872 1588 3924 ἀντὶ
1605 3869 1722 3936 τοῦ,

162 3961 512 4029 Ἐπανάγαγε
533 3976 549 3991 ⁸
580 3962 639 4014 τὸ
666 3962 796 4033 γὰρ,
842 3962 1124 4015 ἐνώπιόν
1148 3978 1284 4026 σου,
1312 3963 1431 4015 ἀντὶ
1450 3961 1563 4025 τοῦ,
1582 3962 1722 4032 Πρὸς

148 4054 212 4104 σέ
245 4070 348 4122 μου
383 4052 710 4107 κατεύθυνον
739 4055 837 4126 τὴν
884 4055 1023 4117 ὁδὸν,
1062 4056 1147 4108 ἶνα
1176 4053 1453 4109 ἐπανέλθω
1488 4054 1624 4124 πρὸς
1662 4053 1722 4105 σὲ

145 4146 293 4199 κατά
317 4145 414 4216 τὴν
446 4147 739 4216 Ἰουδαῖκὴν
773 4146 1058 4217 ὑπόληψιν,
1100 4147 1175 4210 ὡς
1222 4148 1279 4199 ἐν
1320 4146 1399 4216 τῷ
1428 4145 1567 4202 Σιὼν
1605 4145 1721 4216 ὄρει

143 4233 243 4287 τοῦ
266 4232 401 4287 Θεοῦ
416 4235 714 4303 διάγοντος.
736 4235 809 4287 Τδ
831 4231 943 4299 οὖν,
965 4237 1177 4289 Ἕνεκα
1204 4235 1320 4288 τῶν
1337 4233 1565 4301 ἐχθρῶν
1577 4251 1718 4302 μου,

142 4322 235 4376 διὰ
303 4324 470 4392 μέσου
527 4324 662 4393 πρὸς
716 4325 1001 4394 ἀμφότερα
1052 4324 1173 4394 ἕχον
1222 4325 1321 4395 τὴν
1368 4325 1721 4381 ἀνταπόδοσιν

143 4414 549 4483 (Ἐπανάγαγε
586 4416 694 4483 γάρ
744 4432 833 4482 με,
866 4417 1050 4484 φησὶν.
1090 4417 1229 4473 ὥστε
1256 4416 1561 4482 ἀπαλλάξαι
1611 4416 1719 4469 τῶν

141 4505 483 4574 κατεχόντων
510 4507 735 4576 ἐχθρῶν,
760 4507 854 4560 καὶ
878 4508 1064 4580 ἐπειδὴ
1092 4506 1264 4572 εἶπεν,
1283 4511 1381 4563 Ἐν
1404 4508 1477 4576 τῇ
1501 4510 1720 4575 δικαιο-

140 4598 307 4663 σύνῃ
341 4613 480 4659 σου,
512 4600 787 4656 τουτέστιν
816 4600 995 4663 καθὼς
1038 4600 1157 4664 ἔθος
1199 4603 1281 4655 σοί
1326 4605 1470 4655 ἐστιν
1514 4601 1719 4671 κρίνειν

138 4688 411 4756 δικαίως),
433 4689 704 4745 δείκνυσιν
751 4692 912 4753 εὐθὺς
945 4693 1091 4755 ὅπως
1139 4692 1298 4745 αὐτὸν
1339 4692 1719 4761 ἀπαλλαγῆναι

137 4779 354 4833 δίκαιον
405 4781 513 4832 τῶν
561 4782 805 4851 ὲχθρῶν⁶
840 4783 949 4836 ἀπ’)
993 4783 1087 4836 τοῦ
1131 4783 1340 4836 ἐκείνοο
1371 4783 1573 4853 τρόπου
1619 4782 1717 4851 τὴν

137 4870 416 4939 ἀπόδειξιν
437 4872 782 4941 ποιούμενος.

721 4986 1015 5039 manu:
1054 4987 1145 5053 cr.

208 5095 359 5165 Στίχ.
551 5094 981 5168 Ἑξομολογεῖται
1006 5097 1084 5167 τῷ
1100 5098 1257 5168 Θεῷὁ
1276 5098 1540 5168 μακάριος
1556 5096 1720 5152 Δαυτδ

144 5186 271 5256 περὶ
298 5186 397 5255 τῆς
443 5186 579 5249 ἰδίας
627 5188 922 5260 ἁμαρτίας,
974 5189 1043 5263 ῆν
1081 5188 1373 5258 εἰργάσατο
1422 5188 1719 5255 συγκαθευ-

139 5273 309 5345 δησας
355 5279 423 5347 τῇ
474 5276 764 5347 Βερσαϐεέ.
806 5277 967 5345 Λέγει
1009 5276 1268 5330 δὲταῦτα
1314 5278 1372 5327 ἐν
1414 5277 1717 5347 συμφοραῖς

135 5365 233 5429 ὣν,
265 5368 327 5420 ἐν
353 5363 441 5431 αἶς
469 5369 561 5420 καὶ
589 5364 878 5439 ἐξητάζετο
905 5368 993 5421 διά
1015 5368 1113 5438 τὴν
1137 5368 1429 5438 ἁμαρτίαν.

208 5457 282 5510 Τὸ
310 5458 443 5510 αὐτὸ
476 5455 735 5527 μειζόνως
760 5455 912 5512 εἶπεν
931 5477 943 5490 ·
986 5460 1045 5512 τδ
1089 5460 1187 5529 μὲν
1212 5458 1341 5530 γὰρ,
1388 5458 1714 5527 Ἐταράχθη

134 5548 208 5600 τὰ
245 5545 398 5601 ὀστᾶ
418 5566 559 5615 μου,
601 5549 663 5600 τὸ
705 5550 918 5619 ἰσχυρὸν
960 5548 1053 5601 τοῦ
1097 5548 1432 5621 ουντριμμοῦ
1486 5550 1581 5603 καὶ
1620 5550 1717 5620 τῆς

132 5636 383 5706 ταραχῆς
438 5636 764 5706 παρίστησιν
784 5655 796 5667 ·
829 5638 890 5697 τὸ
920 5638 974 5689 δὲ
994 5680 1008 5702 ,
1038 5639 1143 5691 Καὶ
1179 5638 1216 5703 ὴ
1252 5638 1419 5707 ψυχή
1443 5655 1560 5706 μου
1582 5637 1715 5695 ἐτα-

466 5733 736 5793 ῖιτηοι..
782 5731 898 5794 Gn.
952 5731 1170 5796 LXVI.

1841 470 1975 523 gens
2000 473 2017 509 :
2046 470 2170 509 cum
2191 454 2219 509 .1
2229 455 2362 510 ιι(ιωὶ
2388 455 2713 527 (Christum)
2740 461 3139 530 apprehensum
3161 463 3415 531 gentibus

1842 553 1927 597 tra
1951 547 2190 611 liderint,
2218 557 2509 620 propterea
2531 549 2647 606 haec
2681 552 2897 621 inquit:
2928 553 3060 619 Quae
3089 554 3192 608 ista
3220 568 3411 618 causa,

1839 652 1935 695 aut
1967 642 2241 711 quodnam
2274 640 2501 705 factum,
2536 650 2595 696 ut
2628 645 2812 715 populi
2844 646 3237 715 coiiLraipsum
3267 662 3414 700 coin-

1839 741 2216 794 muverentur,
2266 744 2427 801 atque
2473 734 2528 790 in
2564 750 2759 788 manus
2793 737 3031 805 gentium
3063 737 3413 793 traderetur?

1841 820 2197 877 Frenmerunt
2221 831 2403 878 autem
2436 838 2535 894 pro
2559 826 2775 897 gloriati
2812 835 2964 884 sunt.

1912 1003 2079 1060 Vens.
2116 1007 2168 1058 7.
2193 1036 2263 1049 --—
2296 1006 2399 1072 Qui
2436 1014 2564 1063 ante
2585 1010 2783 1063 saecula
2807 1018 2927 1065 erat
2985 1009 3181 1073 Filius,
3248 1011 3413 1067 hodie

1837 1098 2088 1151 nascitur
2117 1098 2279 1151 homo
2312 1100 2512 1153 factus.

1910 1206 2075 1263 Vens.
2102 1211 2158 1264 9.
2178 1240 2247 1250 -—
2272 1210 2389 1265 Non
2418 1211 2484 1265 ad
2507 1211 2939 1268 destructionem
2958 1230 3021 1269 ac
3043 1216 3254 1271 ruinam
3277 1230 3412 1271 con-

1835 1295 2049 1367 fringit,
2086 1299 2179 1352 sed
2227 1300 2292 1354 ad
2339 1304 2794 1358 restaurationem
2831 1322 2844 1360 :
2881 1305 3078 1361 adhoc
3118 1308 3265 1361 enim
3296 1306 3411 1378 agit

1798 1408 1801 1411 π
1837 1390 2070 1458 ﬁgulus,
2114 1407 2247 1446 vasa
2303 1392 2608 1448 domestica
2668 1395 3063 1466 coniringens,
3105 1411 3228 1450 cum
3270 1412 3411 1463 opus

1836 1480 2078 1549 ﬁgmenti
2102 1524 2116 1543 ,
2158 1488 2402 1539 nomium
2456 1486 2579 1555 igne
2610 1495 2828 1541 coctum
2854 1526 2870 1550 ,
2909 1503 3009 1540 nec
3036 1488 3273 1541 solidum
3306 1504 3410 1544 nec

1838 1586 2033 1640 purum
2061 1574 2353 1628 salvaverit
2378 1594 2391 1629 :
2424 1577 2507 1631 his
2533 1578 2857 1633 testiﬁcatur
2876 1593 3094 1648 quoque
3114 1579 3305 1635 beatus
3320 1578 3410 1635 ,ιρ-

1837 1662 2039 1717 rentias
2070 1664 2334 1731 prOpheta
2382 1679 2445 1717 ex
2495 1663 2603 1719 Deo
2650 1667 2883 1735 loquens
2929 1684 2943 1719 :
2981 1666 3231 1738 Nunquid
3272 1669 3411 1723 sicut

1833 1752 2027 1819 ﬁgulus
2053 1754 2153 1807 iste
2183 1771 2288 1807 non
2328 1766 2510 1825 potero
2554 1759 2651 1811 hoc
2697 1759 2873 1827 facere
2902 1760 3069 1821 vobis,
3102 1761 3290 1814 domus
3322 1759 3407 1815 Is-

1833 1842 1970 1905 rael,
2002 1844 2131 1896 dicit
2164 1844 2424 1901 Dominus
2447 1849 2472 1900 ?
2497 1849 2632 1916 (Jer.
2655 1867 2817 1915 xvm,
2834 1851 2913 1919 6.)
2938 1850 3050 1905 Hoc
3077 1860 3163 1906 est
3193 1852 3407 1907 dirutos

1835 1942 2149 1988 restaurare
2174 1942 2229 1989 et
2258 1936 2311 1989 in
2345 1937 2637 2007 pristinum
2672 1950 2877 1996 statum
2918 1943 3227 1998 restituere.

1907 2137 2071 2195 Vens.
2108 2141 2191 2193 Η.
2226 2172 2286 2180 -
2314 2142 2469 2205 Cum,
2502 2142 2785 2199 Dominum
2809 2146 3085 2206 timentes.
3112 2155 3257 2200 recte
3278 2162 3408 2219 aga-

1836 2244 1980 2293 mus,
2014 2232 2305 2299 plurimam
2331 2247 2393 2287 ex
2418 2233 2576 2286 factis
2601 2233 2803 2303 nostris
2826 2235 3065 2291 laetitiam
3091 2238 3403 2304 referimus,

1832 2322 2172 2377 conscientia
2207 2323 2350 2378 bona
2390 2325 2689 2377 maximum
2728 2341 2948 2396 semper
2980 2328 3238 2398 gaudium
3270 2344 3404 2397 prato

1835 2412 2015 2467 bente.
2042 2411 2097 2467 In
2130 2424 2351 2468 tremore
2380 2424 2585 2479 autem,
2616 2417 2721 2473 hoe
2754 2425 2837 2473 est
2871 2420 2923 2473 in
2957 2420 3402 2487 compunctione.

1834 2505 2125 2573 nequando
2176 2505 2269 2559 Dei
2317 2506 2576 2577 gaudium
2613 2509 2667 2563 in
2702 2509 2963 2580 gaudium
3013 2510 3204 2565 mundi
3261 2510 3405 2567 rela-

1833 2595 2012 2649 batur.

1903 2799 2069 2857 Vens.
2105 2802 2192 2859 12.
2218 2834 2287 2844 -
2326 2802 2691 2861 Venementer
2714 2820 2817 2861 nos
2843 2806 3055 2861 Domini
3096 2806 3402 2865 doctrinam

1835 2894 2088 2965 amplecti
2124 2896 2336 2962 volens,
2365 2899 2562 2952 merito
2594 2912 2724 2952 voce
2750 2900 3123 2969 apprehendite
3150 2902 3344 2954 utitur.

2395 3095 2716 3154 PSALMUS
2752 3097 2839 3154 Ill.

1903 3186 2072 3242 Vsus.
2096 3188 2147 3242 2.
2178 3219 2246 3235 -η-
2280 3186 2392 3245 Hoc
2426 3190 2776 3247 manifestius
2805 3192 3115 3247 ostenditur
3152 3194 3258 3249 sub
3297 3192 3403 3249 Da-

1832 3276 1954 3330 vide
1990 3278 2133 3332 hunc
2167 3280 2437 3349 psalmum
2469 3281 2640 3335 fuisse
2666 3284 2952 3351 scriptum.
3002 3284 3117 3338 lioc
3145 3287 3292 3340 eiiim
3316 3289 3401 3340 in»

1828 3377 2052 3436 surgunt
2082 3370 2300 3438 proprie
2316 3369 2518 3424 dicitur
2537 3372 2607 3425 de
2628 3372 2716 3426 his
2745 3374 2861 3443 qui,
2898 3376 3133 3443 prirnum
3159 3377 3214 3431 iu
3240 3377 3404 3432 ditio-

1829 3470 1951 3510 nem
1994 3457 2268 3525 sapienter
2299 3459 2527 3525 redacti,
2562 3461 2763 3517 bellum
2791 3472 2981 3533 postea
3018 3476 3329 3523 moverunt.

2401 3660 2724 3720 PSALMUS
2758 3664 2822 3719 V.

1898 3773 2062 3829 Vens.
2091 3774 2145 3832 9.
2183 3805 2251 3818 μ
2289 3774 2468 3829 Deduc
2513 3792 2593 3829 me
2622 3784 2677 3830 et
2714 3776 2883 3847 dirige
2910 3780 2963 3832 in
3000 3791 3278 3849 conspectu
3310 3793 3399 3837 tuo

1822 3865 1961 3917 viam
2001 3882 2201 3929 meam,
2238 3865 2341 3921 hoc
2379 3867 2512 3920 dicit
2551 3883 2651 3937 pro
2695 3867 2881 3923 Reduc
2912 3858 2997 3925 me
3032 3889 3046 3925 :
3078 3875 3278 3927 etenim
3333 3873 3399 3930 In

1822 3968 2103 4026 conspectu
2150 3969 2240 4011 tuo
2277 3973 2375 4027 pro
2412 3959 2495 4013 Ad
2528 3970 2579 4013 te
2620 3961 2789 4029 dirige
2832 3962 2969 4017 viam
3001 3979 3190 4028 meam,
3222 3973 3282 4018 nt
3309 3983 3397 4019 re-

1822 4051 1978 4104 deam
2014 4050 2080 4103 ad
2114 4059 2164 4104 te
2197 4051 2497 4105 secundum
2530 4049 2814 4106 Iudaicam
2864 4066 3096 4108 mentem
3118 4095 3132 4119 ,
3161 4060 3315 4126 quasi
3344 4061 3397 4113 in

1823 4149 2063 4195 montem
2106 4140 2238 4195 Sion
2283 4141 2590 4198 adducente
2629 4144 2861 4201 Domino
2903 4165 2919 4203 :
2965 4160 3177 4216 propter
3216 4151 3397 4204 inimi-

1821 4246 1907 4283 cos
1949 4247 2088 4285 mos
2147 4232 2363 4285 interim
2420 4233 2618 4301 duplex
2674 4236 2805 4290 mihi
2875 4239 3168 4294 retributio
3210 4252 3331 4296 erat
3380 4260 3397 4299 :

1825 4318 2000 4374 Reduc
2031 4323 2178 4376 enim
2213 4338 2314 4385 me,
2347 4324 2549 4393 inquit,
2582 4326 2655 4377 ita
2683 4334 2739 4379 nt
2773 4327 2841 4381 ab
2873 4329 3107 4384 inimicis
3125 4331 3218 4401 qui
3239 4347 3397 4400 cepe-

1820 4421 1955 4464 runt
1986 4427 2071 4464 me
2102 4413 2289 4466 salvus
2326 4413 2445 4467 [inin
2468 4453 2483 4477 ,
2528 4424 2583 4469 et
2612 4426 2899 4485 postquam
2926 4419 3063 4473 dixit
3100 4418 3163 4473 In
3181 4422 3395 4488 justitia

1823 4510 1946 4564 tua,
2000 4502 2101 4556 hoc
2150 4513 2234 4559 cst
2283 4507 2580 4560 secundum
2628 4522 2830 4561 morem
2879 4519 3031 4563 tuum
3078 4511 3392 4579 judicandi,

1821 4593 2003 4647 statim
2044 4595 2284 4650 ostendit
2318 4598 2595 4666 quomodo
2630 4599 2701 4654 sit
2726 4600 2935 4668 justum
2961 4617 3021 4656 se
3050 4618 3114 4659 ex
3152 4604 3393 4662 inimicis

1821 4682 2047 4751 salvari,
2082 4686 2245 4739 modo
2272 4702 2375 4741 suo
2410 4689 2672 4745 rationem
2701 4689 2957 4745 aﬂ‘ercns.

2369 4976 2692 5033 PSALMUS
2742 4978 2833 5034 Vl.

1891 5084 2059 5140 Vens.
2086 5086 2141 5140 2.
2170 5117 2238 5128 -—
2268 5087 2577 5144 Conﬁtetur
2610 5090 2720 5147 Deo
2766 5093 2973 5149 beatus
2990 5093 3158 5149 David
3192 5096 3259 5151 de
3289 5112 3390 5151 suo

1816 5186 2045 5249 peccato
2093 5180 2239 5249 quod
2290 5180 2497 5235 fecerat
2555 5197 2681 5237 cum
2730 5183 3002 5240 Bersabee
3048 5186 3389 5242 dormienda.

1816 5267 1942 5323 Hac
1979 5276 2162 5324 autem
2196 5270 2331 5325 dicit
2361 5286 2485 5327 cum
2515 5282 2664 5328 esset
2692 5275 2750 5329 in
2795 5276 3225 5335 adversitatibus
3267 5280 3391 5349 qui-

1817 5361 1919 5415 bus
1944 5371 2169 5431 propter
2197 5372 2482 5431 peccatum
2514 5365 2876 5434 probabatur.

1884 5449 2031 5506 Idem
2062 5452 2261 5508 fortius
2294 5454 2471 5508 dixit:
2501 5455 2603 5510 hoc
2621 5471 2883 5525 namque,
2906 5456 3236 5511 Conturoata
3266 5468 3390 5513 sunt

1816 5560 1939 5597 oua
1986 5559 2100 5596 mea
2125 5582 2138 5606 ,
2173 5544 2600 5613 magnitudinem
2631 5546 2983 5602 contritionis
3010 5557 3063 5600 et
3094 5545 3392 5600 conturba-

1815 5637 1985 5697 tionis
2012 5634 2281 5692 ostendit:
2312 5634 2382 5692 Ε(
2410 5637 2586 5693 animo
2613 5650 2728 5693 mea
2757 5638 2968 5694 turbata
2997 5647 3073 5691 est
3094 5638 3263 5703 mide,
3288 5635 3392 5695 hoc

2995 5736 3062 5794 2!
