3804 6220
483 202 584 259 ὑδί

1656 201 2006 258 TIIEODORI
2046 202 2529 261 MOPSUESTENI

3600 215 3696 268 652

482 323 567 370 est
589 357 602 377 ,
635 330 754 384 qum
793 331 991 386 corpus
1043 332 1221 370 meum
1266 316 1542 381 contrivit,
1575 331 1751 386 usque
1776 317 1844 372 ad
1873 318 2047 386 ipsam

2171 320 2338 388 )άχοη
2362 321 2616 389 σφόδρα,
2657 321 2920 388 τουτέστι,
2951 323 3292 393 Συντρίψασά
3320 340 3421 395 μου
3450 321 3508 375 τὸ
3533 323 3702 392 σῶμα,

488 405 720 458 aiiimum
745 406 1042 474 penetravit
1073 407 1446 460 conturbatio.

1033 493 1355 552 PSALMUS
1386 496 1496 552 VII.

557 585 718 639 Vens.
751 587 804 640 4.
829 615 899 626 -
941 585 1002 642 Si
1040 588 1137 654 feci
1178 589 1321 641 istud
1351 589 1497 659 quod
1531 603 1679 643 nunc
1720 589 1923 658 patior,
1953 587 2054 641 hoc

486 685 587 739 est,
621 677 668 731 si
697 677 885 746 inique
914 678 998 749 egi
1035 695 1049 732 :
1089 679 1232 733 unde
1262 681 1506 748 apertius
1543 679 1693 734 addit
1721 679 1910 735 dicens
1941 697 1955 734 :
1990 679 2052 733 Si

485 777 559 820 est
604 768 858 838 iniquitas
890 769 946 822 in
981 773 1223 825 manibus
1251 773 1400 836 meis,
1434 785 1534 841 pro
1567 772 1614 826 si
1673 771 1859 840 iniquo
1885 783 2053 839 agens

485 869 737 914 iuventus
761 874 908 924 sum,
933 863 979 916 si
1005 861 1216 917 reddidi
1243 863 1673 918 retribuentibus
1695 862 1827 916 mihi
1871 861 2050 915 mala:

465 949 626 1018 quod
667 952 844 1020 majus
879 960 964 1006 est
998 953 1242 1008 secundo
1292 953 1414 1008 loco
1461 968 1678 1023 semper
1704 959 1830 1022 post
1865 948 2053 1008 minus

483 1041 735 1096 ordinat:
762 1043 915 1112 atqui
942 1059 1052 1100 non
1077 1046 1321 1116 incipere
1349 1045 1677 1115 injustitias,
1703 1043 1850 1114 quod
1875 1043 2052 1114 majus

463 1141 565 1187 est
599 1147 762 1202 quam
809 1133 996 1202 inique
1041 1143 1267 1205 agentes
1311 1135 1620 1198 sustinere,
1653 1133 1900 1191 secundo
1932 1133 2052 1188 loco

482 1220 636 1274 dicit.

553 1309 718 1366 Vens.
755 1313 804 1366 7.
846 1343 913 1354 -
939 1312 1057 1368 Non
1099 1315 1245 1385 quod
1298 1316 1414 1385 ipse
1439 1314 1732 1380 exaltatur,
1766 1329 1874 1368 non
1903 1313 2048 1369 enim

479 1402 810 1457 exultatione
838 1403 1068 1474 indiget,
1097 1405 1192 1460 sed
1225 1407 1370 1475 quod
1410 1406 1466 1460 in
1499 1413 1691 1460 nostro
1717 1405 1959 1476 cogitatu
1983 1403 2048 1460 de

475 1494 604 1561 ipso
643 1493 764 1550 idea
796 1495 926 1550 talis
958 1495 1135 1560 inest;
1168 1511 1292 1550 cum
1322 1497 1528 1566 aliquid
1554 1497 1798 1551 terribile
1829 1500 2047 1567 signum

483 1583 643 1636 faciat
664 1602 676 1637 :
699 1593 985 1654 pr0pterea
1013 1586 1169 1647 dicit,
1212 1584 1275 1638 In
1315 1585 1509 1654 ﬁnibus
1543 1587 1874 1640 inimicorum
1909 1601 2048 1640 meo-

2157 409 2299 462 διὲδυ
2321 411 2512 480 μέχρις
2542 411 2710 480 αὑτῆς
2731 412 2827 480 τῆς
2852 412 3029 482 ψυχῆς
3061 416 3093 482 ή
3121 415 3348 484 ταραχή.

2739 502 3028 556 ΨΛΛΜΟΣ
3064 505 3141 556 Ζ’.

2229 591 2370 660 Στίχ.
2403 591 2464 644 δ’.
2491 620 2554 630 --
2581 595 2651 645 El
2681 593 2936 660 ἐποίησα
2964 593 3138 646 τοῦτο
3156 593 3185 645 ὃ
3207 593 3300 647 νῦν
3324 593 3532 664 πάσχω,
3556 611 3703 647 τουτ-

2156 682 2321 743 έστιν,
2351 683 2412 734 Εἰ
2437 681 2668 752 ἠδίκησα
2689 697 2701 709 ·
2735 681 2856 735 ὃθεν
2891 681 3262 752 φανερώτερον
3288 682 3477 749 ἐπάγει
3507 683 3704 752 λέγων·

2156 771 2223 825 Ei
2247 773 2415 826 ἐστιν
2437 773 2634 827 ἀδικία
2653 772 2721 825 ἐν
2748 774 2918 841 χερσί
2938 791 3077 840 μου,
3102 772 3221 826 ἀντὶ
3247 773 3363 834 τοῦ,
3383 774 3444 825 Εἰ
3475 772 3708 843 εὑρημαί

2152 877 2203 912 τι
2237 861 2415 913 ἄδικον
2455 862 2845 932 ἐργασάμενος,
2882 865 2929 916 εί
2961 863 3317 922 ¹ἀνταπέδιοικιτ.
3343 867 3450 927 τοῖς
3481 865 3711 921 ἀνταπο-

2150 949 2354 1004 διδοὺσί
2382 968 2471 1020 μοι
2497 952 2642 1005 κακά
2664 969 2675 980 ·
2705 952 2790 1006 ἀεὶ
2818 953 2878 1005 τὸ
2913 955 3093 1023 μεῖζον
3130 955 3594 1027 δεύτεροντάττει
3623 955 3709 1008 τοῦ

2153 1041 2464 1106 ἐλάττονοςο
2505 1043 2688 1112 μεῖζον
2720 1044 2896 1099 τοίνυν
2933 1046 2990 1098 ὃν
3034 1045 3127 1099 τοῦ
3162 1046 3475 1110 ἀδικοῦντας
3513 1049 3713 1116 ὑποφὲ-

2154 1151 2288 1205 ρειν,
2322 1133 2382 1186 τὸ
2418 1135 2492 1204 μὴ
2520 1133 2678 1206 ἄρξαι
2713 1135 2944 1201 ἀδικίας,
2964 1126 3210 1206 δεύτερον
3243 1135 3408 1204 λέγει.

2222 1315 2368 1387 Στίχ.
2404 1315 2468 1378 ζ’.
2497 1345 2564 1356 -
2595 1315 2705 1384 Οὑχ
2727 1315 2806 1368 ὅτι
2843 1315 3000 1378 αὐτὸς
3034 1315 3259 1383 ὑψοῦται
3291 1315 3372 1379 (οὑ
3412 1314 3521 1385 γὰρ
3557 1331 3715 1384 προσ-

2150 1406 2316 1460 δεῖται
2346 1405 2646 1476 ὑψώσεως),
2676 1406 2788 1459 ἀλλ’
2809 1407 2889 1458 ὅτι
2917 1407 2973 1458 ὲν
3000 1409 3118 1470 ταῖς
3138 1407 3397 1469 διανοίαις
3423 1407 3579 1475 ἡμῶν
3605 1424 3712 1459 τοι-

2151 1497 2288 1568 αύτη
2319 1497 2589 1566 ἐγγίνεται
2618 1497 2792 1550 ἔννοια
2817 1497 2944 1568 περὶ
2979 1495 3162 1560 αὑτοῦ,
3191 1496 3407 1550 ἐπειδάν
3435 1513 3486 1549 τι
3518 1497 3714 1566 ποιήσει

2151 1588 2378 1660 φοϐερὸν
2409 1591 2632 1660 σημεῖον
2651 1605 2664 1618 ·
2698 1587 2787 1642 διὰ
2814 1587 2970 1641 τοῦτο
3008 1588 3176 1655 λέγει,
3219 1589 3316 1640 Ἐν
3349 1587 3472 1652 τοῖς
3497 1588 3712 1654 πέρασι

458 1688 633 1736 rum;
662 1674 763 1728 hoc
791 1683 897 1739 est,
924 1676 1135 1731 ultione
1168 1687 1260 1730 tua
1300 1692 1493 1732 omnes
1526 1677 1784 1732 inimicos
1813 1675 2048 1730 circum-

2171 1678 2266 1733 ’ὧν
2306 1679 2532 1748 ἐχθρῶν
2582 1695 2722 1748 μου,
2774 1679 3038 1741 τουτέστι,
3075 1679 3286 1740 Πάντας
3312 1677 3622 1749 περιλαϐὼν
3653 1680 3713 1747 τῇ

477 1765 636 1827 dans,
655 1774 839 1819 notam
854 1764 938 1820 fac
955 1767 1382 1837 magnitudinem
1401 1777 1548 1822 tuam
1565 1774 1620 1821 et
1639 1765 2041 1821 fortitudinem:

480 1853 608 1909 inde
627 1857 772 1910 enim
793 1857 1027 1914 maxime
1046 1858 1446 1921 eelebsabatur,
1485 1857 1542 1911 in
1565 1871 1755 1913 omnes
1787 1856 2050 1911 ultionem

479 1945 806 2002 exercendo.

555 2035 718 2093 Vens.
753 2038 806 2092 8.
841 2067 909 2076 —
941 2039 1076 2094 Cum
1125 2039 1178 2093 in
1221 2038 1464 2108 seipsum
1506 2045 1755 2108 tempore
1791 2036 2050 2094 Absalom

476 2126 716 2182 divisum
733 2137 878 2184 esset
894 2144 1140 2200 regnum,
1167 2130 1288 2184 aliis
1314 2127 1524 2192 Davidi,
1541 2129 1664 2184 aliis
1681 2129 1936 2182 Absalom
1950 2127 2048 2181 ad-

483 2219 834 2284 beerentibus,
885 2228 1282 2291 consequenter
1318 2222 1476 2283 dixit,
1524 2220 1939 2290 Insurgentibus
1995 2221 2051 2273 in

483 2325 570 2365 me
611 2309 819 2380 judicia
877 2313 1268 2367 exercentibus
1319 2311 1622 2366 secundum
1681 2319 1836 2364 tuum
1893 2323 2050 2363 man-

475 2401 668 2455 datum
694 2420 709 2467 ;
739 2416 960 2456 rursum
993 2411 1179 2458 autem
1210 2401 1696 2472 congregabuntur
1727 2401 1958 2471 (populi)
1995 2400 2051 2454 in

485 2508 676 2558 unum,
717 2493 930 2549 debitas
962 2494 1062 2548 tibi
1087 2494 1376 2549 reddentcs
1417 2495 1623 2563 gratias
1651 2509 1664 2545 :
1695 2502 1915 2564 propter
1947 2494 2052 2548 boc

480 2582 629 2635 enim
653 2582 907 2638 excelsus
929 2581 1224 2638 videberis.

552 2761 721 2818 Vens.
755 2763 809 2818 9.
833 2791 906 2805 —
935 2762 1045 2818 Nec
1072 2764 1418 2818 innocentem
1441 2777 1540 2818 nec
1568 2764 1778 2833 justum
1807 2777 1867 2819 se
1895 2763 2048 2830 dicit,

485 2855 577 2907 sed
598 2854 728 2907 nihil
753 2855 877 2907 mali
907 2855 1125 2924 egisse:
1157 2868 1323 2924 porro
1345 2853 1828 2924 quemadmodum,
1849 2854 2050 2924 inquit,

2150 1770 2389 1841 τιμωρία
2429 1771 2552 1834 τοὺς
2594 1769 2842 1840 ἐχθροὺς,
2875 1758 3146 1839 γνώριμον
3176 1767 3376 1822 ἅπασιν
3407 1768 3469 1820 τὸ
3518 1766 3715 1838 ὑψηλόν

2151 1876 2246 1913 σου
2277 1860 2369 1912 καὶ
2393 1858 2454 1912 τὸ
2475 1859 2693 1932 ἰσχυρόν
2716 1875 2730 1889 °
2781 1858 2939 1913 τοῦτο
2970 1858 3079 1930 γάρ
3127 1857 3356 1928 μάλιστα
3395 1856 3720 1926 ἐγνωρίζετο

2151 1951 2215 2003 ὲκ
2245 1949 2337 2002 τοῦ
2363 1949 2570 2010 πάντας
2601 1949 2998 2021 τιμωρηθῆναι.

2221 2041 2368 2112 Στίχ.
2390 2048 2459 2112 η’.
2489 2071 2560 2082 --
2588 2041 2808 2111 Ἐπειδὴ
2851 2039 3076 2112 διῃρέθη
3109 2039 3243 2109 πρὸς
3273 2037 3472 2108 ἑαυτὴν
3501 2036 3598 2090 ἐπὶ
3627 2037 3721 2089 τοῦ

2164 2129 2512 2201 Ἀϐεσσαλὼμ
2541 2131 2573 2200 ὴ
2597 2129 2856 2200 βασιλεία.
2881 2129 2989 2181 τῶν
3013 2128 3108 2198 μὲν
3135 2123 3401 2195 τῷΔανῒδ,
3423 2123 3533 2176 τῶν
3557 2123 3614 2175 δὲ
3644 2122 3722 2191 τῷ

2165 2220 2513 2291 Ἀϐεσσαλὼμ
2534 2219 2961 2291 προσκειμένων,
2979 2215 3283 2278 ἀκολούθως
3307 2211 3478 2279 εἷπεν,
3496 2215 3580 2266 ὅτι
3603 2212 3722 2265 Τῶν

2153 2311 2565 2366 ἐπαναστάντων
2594 2328 2681 2381 μοι
2721 2310 2874 2378 δίκην
2892 2308 3213 2375 ,δεδωκότων
3241 2307 3382 2359 κατὰ
3402 2307 3462 2358 τὸ
3484 2305 3721 2376 πρόστα-

2153 2421 2267 2475 γμα
2307 2404 2368 2457 τὸ
2407 2404 2517 2470 σὺν,
2550 2402 2732 2456 άπασα
2765 2402 2863 2472 μὲν
2898 2395 2965 2470 ἦν
2998 2399 3091 2452 νῦν
3122 2400 3232 2462 τοῖς
3266 2398 3414 2460 λαοῖς
3453 2398 3718 2448 ὲνουσα...

2154 2495 2508 2566 παυθήσεται,
2534 2493 2953 2564 συναχθήσονται
2984 2491 3040 2544 δὲ
3069 2491 3227 2543 πάλιν
3253 2491 3332 2552 εις
3363 2489 3440 2552 ἓν,
3468 2489 3569 2550 τὰς
3590 2487 3723 2539 καθ-

2150 2588 2390 2660 ηκούσας
2418 2605 2498 2641 σοι
2536 2587 2880 2658 εὐχαριστίας
2911 2585 3244 2646 ἀποδιδόντες
3269 2600 3280 2614 ·
3311 2583 3397 2636 διὰ
3427 2583 3536 2653 γὰρ
3567 2581 3723 2635 τοῦτο

2154 2679 2353 2749 ὑψηλὸς
2381 2677 2659 2749 δειχθήση.

2223 2769 2368 2838 Στίχ.
2397 2768 2460 2820 θ’.
2496 2797 2564 2806 -—
2602 2767 2858 2819 ’Λκακίαν
2889 2765 2945 2818 δὲ
2969 2762 3092 2816 οὑτε
3124 2764 3221 2834 τὴν
3252 2763 3553 2832 ἁπλότητα,
3589 2760 3726 2816 ἀλλὰ.

2151 2858 2212 2912 τὸ
2240 2859 2403 2928 μηδὲν
2425 2856 2757 2927 ἐργάσασθαι
2780 2856 2945 2908 κακὸν
2967 2855 3132 2922 λέγει.
3158 2855 3366 2922 Ὥσπερ
3397 2852 3605 2915 τοίνυν,
3624 2869 3724 2919 φη-

483 2945 625 2998 male
654 2960 778 2998 cum
809 2944 917 2999 illis
947 2958 1056 2998 non
1087 2944 1213 3014 egi,
1251 2943 1453 2997 malum
1500 2958 1630 2997 vero
1669 2958 1816 2997 nunc
1847 2945 1915 2997 ab
1944 2943 2050 2998 illis

2171 2949 2258 3009 τὶν,
2285 2947 2394 3015 ἐγὼ
2443 2947 2625 3010 κακῶς
2672 2947 2768 3013 μὲν
2813 2947 3009 3007 αὑτοὺς
3036 2945 3097 2996 οὑ
3141 2942 3384 3011 διέθηκα,
3417 2943 3620 3011 πάσχω
3669 2942 3723 2994 δὲ

481 3038 681 3105 patior,
719 3037 792 3089 ita
823 3052 907 3090 me
935 3011 1503 3105 judicavinnocentem
1525 3074 1538 3098 ,
1569 3035 1741 3106 gratis
1776 3050 1874 3090 nec
1902 3035 2050 3104 juste

2171 3037 2252 3090 νῦν
2269 3037 2357 3090 ὑπ’
2386 3037 2608 3089 ἐκείνων
2635 3034 2818 3096 κακῶς
2837 3051 2850 3064 ·
2883 3034 3024 3086 οὑτω
3060 3049 3148 3102 μοι
3173 3033 3355 3102 κρῖνον
3383 3030 3726 3100 ἀδικουμένῳ

483 3128 803 3195 patientem.

560 3216 722 3274 Vsus.
758 3218 844 3274 I0.
877 3247 946 3259 —-
979 3217 1128 3272 Loco
1156 3225 1505 3279 conﬁteretur,
1538 3217 1839 3286 perﬁcietur
1871 3217 2050 3285 posuit

489 3309 870 3381 Symmachus.
899 3309 1026 3363 Sive
1055 3311 1267 3363 vanitas
1287 3310 1403 3363 sive
1427 3311 1631 3361 malum
1652 3307 1792 3361 male
1810 3308 2054 3361 viventes

481 3409 720 3466 maneat,
759 3401 993 3456 studiosi
1025 3401 1244 3455 virtutis
1273 3401 1550 3462 cultores,
1585 3399 1782 3467 inquit,
1819 3400 1924 3452 sibi
1961 3399 2053 3453 bo-

483 3509 612 3545 num
644 3492 850 3546 exitum
881 3492 1176 3560 parabunt.

554 3675 716 3728 Vens.
758 3673 840 3726 I7.
877 3703 943 3713 —-
979 3670 1101 3725 Ilaec
1134 3669 1265 3723 milii
1299 3679 1485 3737 aperte
1515 3678 1677 3738 atque
1700 3668 1768 3722 de
1792 3667 1960 3721 verbo
1986 3668 2052 3722 ad

483 3766 706 3819 verbum
729 3763 782 3816 in
809 3761 1128 3829 Acbitopliel
1160 3760 1377 3828 impleta
1394 3776 1512 3813 esse
1537 3760 1807 3812 videntur.
1843 3758 2052 3812 Etenim

481 3872 606 3910 cum
638 3855 839 3909 Chusai
881 3856 1112 3909 consilio
1141 3870 1171 3907 e
1203 3869 1372 3921 scopo
1405 3868 1507 3907 suo
1537 3851 1784 3920 dejectus
1830 3851 2046 3913 I'uissct,

485 3949 565 3999 vir
605 3947 746 4000 inter
792 3960 982 3999 oumcs
1028 3945 1363 4014 praeclarus,
1412 3943 1671 3996 iuvuliam
1722 3956 1829 3995 non
1877 3942 2052 4010 pOittit

484 4039 786 4099 sustinere,
841 4035 1008 4089 futuri
1041 4034 1367 4102 prtevidcndi
1404 4035 1646 4102 peritus,
1686 4033 2054 4100 Absalomquc

484 4127 699 4196 prodita
733 4142 855 4180 esse
903 4128 1140 4195 negotia,
1176 4141 1346 4193 seque
1396 4140 1672 4193 nunquam
1723 4140 1754 4177 e
1797 4123 2054 4177 manibus

485 4219 706 4272 Davidis
736 4217 1080 4272 liberandum
1112 4230 1234 4270 esse
1269 4216 1632 4284 prospiciens,
1673 4217 1725 4267 in
1761 4214 1923 4268 domo
1951 4228 2052 4266 sua

484 4310 778 4380 suspendio
812 4309 1052 4376 seipsum
1085 4307 1275 4371 tradit,
1311 4322 1373 4359 ac
1404 4308 1588 4359 omnia
1620 4321 1742 4375 qua:
1773 4306 1889 4360 suis
1916 4320 2050 4359 con-

483 4404 621 4458 siliis
679 4407 978 4470 genuerat,
1017 4399 1295 4467 colligens
1347 4411 1410 4449 ac
1469 4412 1809 4466 congregans
1859 4397 2048 4449 eadem

484 4497 750 4564 pravitate
801 4505 906 4560 qua
943 4498 1136 4542 contra
1168 4489 1440 4554 Davidem,
1479 4491 1530 4541 in
1569 4488 1786 4556 propria
1811 4486 2050 4556 pernicie

484 4584 792 4655 parturivit.
828 4579 1257 4647 Profundiorem,
1287 4580 1488 4650 inquit,
1523 4580 1696 4632 lacum
1727 4578 1953 4646 aperuit,
1982 4592 2046 4628 ex

485 4675 799 4743 metaphora
849 4672 1036 4724 dolum
1087 4671 1518 4740 alitudinemque
1573 4672 1790 4724 consilii
1835 4669 2045 4737 signiti-

481 4785 634 4821 CIIIIS.

556 4950 720 5004 Vens.
759 4951 843 5002 I8.
878 4977 946 4986 —
978 4947 1090 5018 Ego
1127 4954 1309 5000 autem
1358 4946 1520 4999 talem
1567 4959 1597 4997 a
1648 4942 1757 5000 Deo
1791 4952 2051 5013 expertus

485 5040 904 5107 provit‘lentiam,
928 5039 1032 5090 hoc
1057 5036 1380 5092 beneficium
1413 5037 1468 5088 in
1497 5043 1763 5088 aeternum
1795 5035 2049 5098 cantabo,

483 5136 535 5184 et
565 5129 800 5182 narrabo
827 5127 1098 5197 justitiam
1127 5125 1461 5194 iudiciorum
1495 5124 1636 5191 ejus.

1021 5213 1343 5267 PSALMUS
1376 5211 1506 5267 VIII.

555 5307 724 5362 Vens.
753 5307 805 5359 5.
843 5335 908 5345 -
935 5303 992 5355 1η
1025 5305 1128 5356 hoc
1160 5319 1378 5372 quoque
1407 5303 1695 5356 Christum
1735 5301 1895 5355 nobis
1926 5315 2044 5368 pro-

489 5399 673 5466 phetat
700 5400 888 5449 beatus
915 5393 1102 5447 David.
1132 5394 1205 5447 Ex
1236 5397 1594 5464 inspiratione
1618 5392 1883 5460 Spiritus,
1915 5407 2053 5459 quo-

492 5488 650 5539 modo
700 5501 823 5540 cum
867 5485 1137 5538 laudaturi
1180 5486 1292 5540 sint
1327 5486 1394 5539 In
1433 5485 1636 5554 templo
1667 5482 1925 5542 infantes,
1974 5482 2054 5532 Ia-

491 5583 697 5631 etcntcs
715 5577 1003 5645 cmterique
1025 5578 1254 5646 parvuli,
1277 5575 1531 5645 przedicat
1561 5595 1574 5630 :
1600 5575 1818 5643 quidam
1840 5573 2052 5635 dicunt,

2161 3129 2358 3198 μάτην,
2389 3129 2481 3179 καὶ
2506 3128 2580 3197 μὴ
2610 3126 2830 3187 δικαίως
2860 3127 3137 3194 πάσχοντι.

2227 3218 2372 3288 Στίχ.
2396 3223 2445 3272 ι’.
2468 3216 2693 3268 -Ἂντὶ
2725 3215 2819 3267 τοῦ
2854 3211 3330 3278 σωοτελεσθήτω,
3353 3209 3727 3278 ἀπαρτισθῆ-

2154 3325 2232 3361 τω
2272 3311 2300 3360 ὁ
2343 3308 2632 3377 Σύμμαχος
2667 3305 2936 3358 τέθεικεν·
2972 3302 3119 3374 Ἢ[ν]
3149 3303 3369 3373 ματαία,
3396 3304 3589 3372 φησιν,
3621 3303 3726 3354 δει-

2157 3397 2306 3467 χθείη
2333 3396 2436 3448 τῶν
2474 3395 2638 3465 κακίᾳ
2664 3393 2946 3457 συζώντων
2975 3395 3006 3462 ἡ
3042 3392 3291 3462 πονηρία,
3319 3391 3726 3461 σπουδαιότερα

2155 3486 2250 3558 [οἱ]
2292 3486 2388 3555 τῆς
2439 3485 2637 3556 ἀρετῆς
2681 3485 2930 3554 τρόφιμοι
2986 3483 3081 3552 τὴν
3132 3481 3499 3551 προκειμένην
3547 3483 3729 3542 αὐτοῖς

2155 3578 2376 3647 πορείαν
2401 3578 2730 3650 ποιῄσονται.

2226 3665 2372 3734 Στίχ.
2413 3661 2498 3726 ιζ’.
2534 3690 2594 3701 --
2630 3661 2813 3715 Ταῦτά
2870 3680 2959 3732 μοι
3011 3660 3158 3714 δοκεῖ
3218 3659 3395 3730 ῥητῶς
3440 3661 3540 3712 καὶ
3593 3675 3730 3711 κατι

2153 3756 2296 3820 λέξιν
2335 3752 2724 3823 πεπληρῶσθαι
2757 3753 2849 3805 ἐπὶ
2872 3751 2962 3804 τοῦ
3000 3751 3296 3820 ’Λχιτόφελ.
3326 3750 3483 3804 Κατὰ
3497 3751 3616 3820 γάρ
3639 3751 3731 3816 τὴν

2154 3846 2246 3897 τοῦ
2281 3846 2446 3896 Χουσὶ
2471 3843 2794 3913 συμϐουλίαν
2823 3841 3067 3896 ἐκπεσὼν
3097 3842 3255 3903 αὐτὸς
3281 3840 3375 3893 τοῦ
3404 3840 3645 3902 σκοποῦ,
3663 3841 3732 3900 ὡς

2155 3936 2221 3988 ἂν
2249 3933 2760 4004 παρευδοκιμηθεὶς,
2784 3933 2878 3986 καὶ
2905 3934 2977 4002 μὴ
2994 3927 3168 3995 οἷὸςτε
3193 3931 3378 4000 φέρειν
3397 3931 3492 3982 τὸν
3512 3931 3731 3999 φθόνον,

2155 4026 2248 4078 καὶ
2285 4025 2550 4095 προορῶν,
2571 4027 2665 4077 ἆτε
2685 4025 2853 4088 δεινὸς
2874 4024 2949 4076 ὢν
2986 4021 3484 4091 καταστοχάζεσθαι
3511 4022 3579 4074 τὸ
3614 4021 3737 4090 μέλ-

2156 4116 2265 4180 λον,
2294 4117 2367 4177 ὡς
2393 4115 2706 4184 προδέδοται
2758 4116 2827 4168 τὰ
2868 4114 2961 4166 τοῦ
3002 4113 3355 4181 Ἀὅεσσαλὼμ
3388 4113 3734 4181 πράγματα,

2159 4207 2339 4277 μέλλει
2361 4223 2418 4258 τε
2443 4207 2565 4257 ὅσον
2599 4208 2690 4259 καὶ
2728 4207 2886 4267 αὐτὸς
2917 4204 3069 4257 οὑπω
3111 4204 3213 4256 ὑπὸ
3237 4203 3330 4254 τοῦ
3361 4202 3530 4256 Δαυῖδ
3557 4203 3735 4255 ἀπαλ-

2155 4298 2464 4362 λάττεσθαι,
2493 4299 2779 4367 γενόμενος
2809 4299 2865 4348 ὲν
2885 4299 2950 4364 τῇ
2978 4295 3153 4364 οἰκείᾳ
3178 4292 3342 4345 αὑτοῦ
3372 4292 3595 4364 ἀγχόνῃ
3613 4294 3735 4344 ἑαυ-

2157 4390 2246 4442 τὸν
2286 4392 2668 4459 παραδίδωσιν,
2705 4391 2799 4442 καὶ
2837 4389 3012 4442 πάντα
3065 4387 3163 4439 ὅσα
3205 4386 3317 4445 τοῖς
3351 4383 3563 4435 ἑαυτοῦ
3603 4385 3741 4448 λογι-

2158 4487 2313 4554 σμοῖς
2334 4483 2609 4553 ώδίνησεν,
2637 4482 2880 4548 συνάγων
2906 4480 2996 4531 καὶ
3017 4476 3403 4546 συλλαμϐάνων
3433 4477 3494 4528 ὲν
3520 4479 3597 4545 τῇ
3629 4477 3742 4527 ἑαυ-

2155 4577 2246 4629 τοῦ
2283 4575 2533 4646 πονηρίᾳ,
2567 4573 2752 4641 ὥσπερ
2790 4571 2923 4639 μετὰ
2959 4569 3219 4638 πονηρίας
3251 4564 3389 4618 κατὰ
3421 4564 3524 4617 τοῦ
3555 4565 3739 4623 Δαυῖδ,

2156 4663 2325 4717 ταῦτα
2343 4665 2428 4714 ἐπ’
2474 4662 2677 4730 ὀλέθρῳ
2699 4660 2775 4729 τῷ
2821 4657 3008 4712 ἑαυτοῦ
3046 4657 3326 4710 ἀπέτεκεν.
3351 4655 3741 4722 Βαθυτέρω·,

2158 4754 2341 4821 φησὶν,
2388 4749 2704 4817 εἰργάσατο
2736 4749 2848 4815 τὴν
2867 4745 3212 4810 ἐπιϐουλὴν,
3239 4746 3301 4795 ὲκ
3327 4747 3666 4813 μεταφορᾶς
3690 4744 3743 4792 τὸ

2154 4846 2364 4915 δολερὸν
2404 4846 2495 4896 καὶ
2520 4843 2653 4912 βαθὺ
2679 4844 2776 4911 τῆς
2809 4841 3000 4910 βουλῆς
3028 4837 3401 4908 παραστήσας.

2225 4937 2373 5006 Στίχ.
2402 4941 2489 5004 ιη’.
2514 4963 2582 4973 —-
2615 4932 2754 5000 Ἐγὼ
2773 4933 2829 4984 δὲ
2853 4929 3118 4998 τοσαύτης
3145 4928 3292 4997 παρὰ
3311 4925 3402 4978 τοῦ
3430 4926 3586 4980 Θεοῦ
3609 4944 3743 4997 προ-

2154 5029 2298 5090 νοίας
2357 5025 2552 5095 τυχὼν,
2607 5025 2830 5094 ὑμνήσω
2859 5022 2948 5074 τὸν
2978 5019 3266 5088 εὐεργέτην
3296 5017 3604 5086 διηνεκῶς,
3649 5019 3743 5084 τῆς

2157 5119 2385 5188 κρίσεως
2410 5115 2469 5167 τὸ
2495 5113 2698 5166 δίκαιον
2730 5108 3100 5179 διηγούμενος.

2743 5200 3034 5254 ΨΑΛΜΟΣ
3069 5200 3150 5251 H'.

2229 5297 2372 5366 Στίχ.
2394 5293 2657 5363 γ’.--Κσ.ὶ
2685 5295 2740 5344 ὲν
2767 5293 2937 5359 τούτῳ
2974 5292 3042 5344 τὰ
3071 5290 3209 5342 κατὰ
3225 5290 3312 5340 τὸν
3337 5289 3592 5356 Χριστὸν
3619 5295 3751 5360 ἡμῖν

2160 5390 2530 5460 προφητεύειὸ
2555 5387 2818 5457 μακάριος
2843 5384 3029 5437 Δαυῖδ·
3057 5384 3437 5451 προαναφωνεῖ
3467 5381 3749 5453 ἐκιτῖἡξς]

2160 5479 2252 5531 τοῦ
2271 5479 2577 5548 Πνεύματος
2607 5473 2950 5548 ἐνεργεία[;],
2977 5476 3050 5535 ὼς
3070 5474 3134 5525 ἂν
3161 5473 3476 5540 ὑμνήσωσιν
3503 5475 3752 5525 αὐτό-μὲι

2162 5567 2239 5640 τῷ
2271 5566 2397 5639 ἱερῷ
2420 5569 2467 5620 οἱ
2499 5567 2701 5630 παῖδες,
2734 5569 2786 5620 οἵ
2821 5585 2876 5619 τε
2905 5563 2997 5637 [οἱ]
3032 5561 3322 5630 ὑπομάζιοι
3355 5563 3447 5614 καὶ
3480 5565 3534 5613 οἱ
3569 5564 3749 5632 ἕτεραι-ι
