3856 6226
200 259 318 316 653

174 4945 207 5032 ’ἒ

1418 244 1508 300 ΕΧ
1519 241 1795 300 POSITIO
1833 242 1902 296 ΙΝ
1941 241 2277 300 PSALMOS.

3377 247 3482 305 εει

203 385 389 450 νήπιοι
415 393 424 402 ·
471 375 602 444 φασὶ
625 372 681 425 δέ
703 387 848 433 τινες
876 369 968 421 καὶ
999 368 1075 430 είς
1105 367 1196 418 τὴν
1225 366 1399 419 κοινὸν
1421 366 1674 436 εἰρῆσθαι
1698 365 1791 419 ἀνθ

1921 373 1948 417 :t
1983 366 2097 420 haec
2135 376 2222 420 est
2259 365 2533 422 sententia
2565 365 2900 430 communis,
2935 365 3216 422 hominem
3249 369 3487 424 interro-

207 472 236 520 0
244 484 426 539 ρωπον
445 467 500 517 ἐν
516 467 580 534 τῇ
602 462 707 514 τῶν
725 459 1116 531 Σκηνοπηγίων
1135 459 1296 528 ἑορτῇ
1313 457 1499 510 τοῦτον
1522 455 1796 528 [λελέχοη]

206 563 298 614 τὸν
330 557 545 628 ψαλμὸν
603 555 708 608 ὑπὸ
758 554 852 607 τοῦ
891 551 1160 624 μακαρίου
1208 549 1386 609 Δαυῒδ,
1424 548 1545 602 καθ’
1573 549 1658 618 δὴ
1692 547 1798 600 τῶν

208 651 441 724 καρπῶν
469 647 774 717 συγκομιδὴ
805 645 1014 714 γίνεται
1038 660 1050 672 ·
1075 643 1171 696 καὶ
1193 641 1279 694 διὰ
1312 639 1472 693 τοῦτο
1501 638 1796 709 ἐπιγέγρα-

210 762 366 808 πται,
391 741 559 810 Παρὰ
599 738 720 793 τῶν
753 736 983 804 ληνῶν.

796 848 1091 903 ΨΑΛΜΟΣ
1127 847 1181 900 Θ⁸
1191 886 1207 901 .

284 966 432 1035 Στίχ.
459 965 524 1035 β’.
550 961 794 1016 -Μετὰ
822 960 932 1032 γὰρ
969 959 1068 1030 τὴν
1104 959 1355 1029 διήγησιν
1386 957 1493 1009 τῶν
1529 956 1637 1010 σῶν
1671 956 1802 1008 θαυ-

213 1057 450 1128 μασίων,
487 1055 782 1125 προσέσται
817 1069 908 1124 μοι
939 1050 1118 1105 καὶτὸ
1151 1049 1539 1120 εὐφραίνεσθαι
1573 1049 1666 1101 ἐπὶ
1696 1048 1799 1113 σοὶ,

213 1147 759 1220 ἀναμιμνησκομένῳ
786 1145 888 1215 τῆς
919 1146 1018 1214 σῆς
1038 1143 1378 1214 εὐεργεσίας.

290 1242 442 1311 Στίχ.
477 1246 539 1292 ε’.
568 1268 638 1279 -
689 1236 1278 1308 Σύμμαχος,”Εὸρασε
1304 1235 1499 1302 κρίσει
1527 1232 1637 1285 τὸν
1667 1233 1800 1300 θρό-

212 1330 560 1395 νοναὺτοῦ,
606 1329 890 1392 τουτέστι,
950 1326 1182 1400 Βεϐαίαν
1226 1326 1328 1396 τὴν
1369 1324 1551 1395 κρίσιν
1600 1323 1804 1392 ταύτην

215 1425 535 1494 ἐποιήσατο,
582 1422 678 1474 καὶ
734 1418 1040 1491 μεταϐολὴν
1098 1419 1167 1472 τὰ
1201 1418 1292 1471 ὑπ’
1348 1417 1514 1470 αὐτοῦ
1551 1417 1805 1488 κριθέντα

213 1518 317 1569 οὐκ
361 1514 668 1584 ἐπιδέχεται
710 1512 811 1580 (1).

289 1605 436 1674 Στίχ.
470 1612 521 1657 ι’.
561 1634 629 1644 -
664 1601 808 1656 ’Λντὶ
836 1601 954 1664 τοῦ,
984 1601 1094 1654 Καὶ
1147 1601 1432 1668 γενήσεται
1475 1599 1766 1669 καταφυγὴ
1787 1614 1802 1630 ο

1902 467 2087 528 gatnm
2139 457 2310 513 fuisse
2363 459 2415 512 in
2455 457 2806 528 Scenopegia:
2839 458 3000 521 festo,
3035 458 3182 513 hunc
3206 461 3480 531 psalmum

1907 566 1934 602 a
1969 550 2172 604 llavide
2207 550 2383 605 fuisse
2418 551 2788 621 compositum
2822 567 2920 620 pro
2950 560 3195 622 tempore
3229 569 3340 622 quo
3363 539 3482 608 tiu-

1901 655 2091 699 ctunm
2142 645 2197 698 ﬁt
2228 645 2484 699 collectio
2517 666 2528 698 ;
2566 646 2688 716 ideo
2732 644 2837 698 Pro
2892 645 3246 700 torcularibus
3284 648 3485 702 inscri-

1904 736 2070 789 bitur.

2470 845 2790 902 PSALMUS
2821 847 2912 901 IX.

1979 954 2143 1010 Vens.
2172 956 2225 1008 2.
2260 986 2330 994 —
2355 955 2567 1010 Etenim
2601 965 2726 1025 post
2750 956 3120 1012 narrationem
3150 957 3485 1012 mirabilium

1903 1056 2167 1109 tuortnn,
2217 1048 2348 1101 mihi
2403 1048 2796 1103 beneticiornm
2849 1057 3068 1102 tuorum
3110 1049 3485 1104 reminiscenti

1907 1140 2076 1194 laetari
2113 1155 2332 1210 quoque
2371 1150 2647 1209 superest.

1989 1233 2150 1289 Vens.
2181 1235 2307 1287 5.-
2330 1233 2698 1306 Symmachus
2722 1233 2934 1288 Iudicio
2955 1235 3214 1290 stabilivit
3239 1236 3486 1290 thronum

1907 1327 2043 1395 ejus,
2076 1327 2129 1380 id
2163 1335 2270 1386 est.
2303 1325 2550 1380 Firmum
2592 1328 2695 1381 hoc
2725 1329 2995 1396 judicium
3031 1327 3193 1382 fecit.
3225 1328 3485 1383 mutatio-

1906 1433 2143 1489 nemque
2169 1419 2378 1488 judicia
2411 1419 2560 1474 illius
2586 1435 2697 1474 non
2735 1432 2956 1474 norunt.

1983 1595 2146 1651 Vens.
2184 1598 2268 1651 10.
2310 1627 2379 1636 -
2415 1597 2560 1651 Loco
2599 1600 2686 1666 ﬁet
2719 1601 2973 1668 refugium
2996 1639 3012 1664 ,
3045 1601 3148 1654 hoc
3189 1602 3335 1656 enim
3368 1604 3486 1667 vnlt

214 1699 376 1750 τοῦτο
401 1696 510 1766 γὰρ
540 1698 574 1764 ὴ
623 1693 914 1748 ἀκολουθία
969 1693 1252 1763 βούλεται·
1302 1692 1628 1761 ένήλλακται
1667 1693 1723 1743 δὲ
1777 1693 1798 1743 ὁ

1921 1697 2222 1752 :ontextus,
2259 1698 2474 1760 tempus
2506 1700 2774 1746 mutatum
2802 1701 2905 1746 est.
2933 1691 3315 1761 Opportunum
3339 1695 3486 1749 enim

215 1789 430 1860 χρόνος.
462 1786 730 1858 Εὖκαιρος
778 1785 886 1856 γὰρ
915 1787 947 1856 ἡ
981 1785 1221 1856 βοήθεια,
1257 1785 1399 1839 κατά
1436 1783 1527 1836 τὸν
1556 1783 1656 1854 τῆς
1692 1783 1802 1836 ολι-

212 1883 362 1954 om;
401 1881 657 1951 γινομένη
686 1897 776 1934 και
786 1880 894 1952 ρον.

287 1973 440 2043 Στίχ.
473 1971 554 2028 ιδ’.
581 2002 648 2012 -
682 1971 975 2026 Κάνταῦθα
1033 1970 1196 2024 πάλιν
1247 1969 1534 2040 ὐπαλλαγὴ
1585 1969 1800 2038 χρόνου,

214 2065 342 2120 ἀντὶ
369 2064 464 2117 τοῦ
498 2064 756 2133 Ἦλέησεν
776 2067 904 2133 γὰρ,
948 2062 1254 2128 Ἐλέησον,
1281 2060 1446 2130 φησιν
1466 2077 1479 2088 ·
1510 2060 1681 2123 οῦτως
1709 2060 1804 2113 καὶ

230 2154 461 2217 Ἀκύλας
492 2154 676 2224 φησίνο
713 2151 1088 2221 Ἐδωρύσατό
1119 2169 1240 2220 μοι·
1277 2152 1493 2218 Κύριος
1513 2146 1672 2204 εἶδεν
1703 2168 1799 2204 κα-

216 2247 475 2316 κουχίαν
496 2263 616 2314 μου
637 2261 648 2274 ·
680 2244 838 2303 τοῦτο
860 2244 917 2296 δὲ
948 2244 1040 2297 καὶ
1065 2245 1095 2313 ἠ
1133 2242 1420 2296 ἀκολουθία
1458 2241 1801 2312 βούλεται.-

221 2339 416 2398 Τοῦτο,
447 2340 632 2408 φησὶν,
667 2339 782 2390 ἐστὶ
817 2337 878 2389 τὸ
902 2336 1052 2398 τέλος
1075 2335 1182 2388 τῶν
1209 2335 1450 2403 ἀγαθῶν,
1491 2336 1523 2404 ἡ
1555 2335 1654 2404 τῆς
1683 2334 1803 2403 φθο-

219 2434 320 2500 ρᾶς
351 2429 658 2499 ἀπαλλαγὴ,
683 2429 776 2481 καὶ
819 2427 913 2480 τοῦ
948 2426 1179 2481 θανάτου
1223 2427 1537 2494 κατάλυσις,
1567 2421 1634 2496 ἦς
1670 2427 1803 2478 ἀπο-

216 2525 434 2586 λύοντες
463 2524 541 2584 είς
565 2521 652 2574 ἀεὶ
675 2519 771 2581 τὰς
797 2519 894 2582 σάς
920 2517 1234 2590 εὐεργεσίας
1270 2519 1624 2588 ὑμνήσωμεν.

293 2612 440 2680 Στίχ.
499 2616 580 2663 ιε’.
617 2639 686 2648 -
712 2610 918 2673 Πύλας
945 2607 1204 2661 θανάτου
1248 2605 1340 2658 τὸν
1373 2605 1617 2659 κίνδυνον
1650 2606 1806 2659 καλεῖ

215 2703 309 2755 τὸν
327 2702 528 2770 ἄγοντα
560 2700 651 2752 ἐπὶ
677 2700 768 2752 τὸν
792 2699 1039 2752 θάνατον.
1063 2724 1134 2737 ο-
1159 2695 1312 2750 Σιὼν
1337 2696 1491 2748 καλεί
1518 2696 1618 2766 τὴν
1643 2697 1804 2751 ἐπουο

220 2797 403 2868 ράνιον
442 2793 616 2858 πόλιν,
642 2791 716 2855 ὡς
743 2793 772 2844 ὁ
793 2791 1061 2860 μακάριος
1093 2788 1301 2850 [Ιαῦλος
1332 2787 1568 2854 ἐδίδαξεν
1587 2805 1599 2818 ·
1629 2788 1804 2851 πύλας

213 2887 273 2938 δὲ
304 2885 515 2954 ἐκείνης
544 2884 640 2946 τὰς
677 2879 988 2950 ἁπανταχοῦ
1023 2881 1124 2949 γῆς
1157 2878 1504 2946 Ἐκκλησίας,
1535 2879 1602 2931 δι’
1619 2873 1692 2932 ὧν
1723 2881 1803 2942 είς

215 2972 436 3043 ἐκείνην
483 2969 714 3024 εἰσίασιν
769 2969 819 3020 οἱ
877 2968 1242 3030 πιστεύοντες.
1281 2968 1544 3021 Ἐνταῦθα
1597 2969 1801 3033 τοίνυν,

217 3066 406 3134 φησιν,
440 3063 796 3132 ἀγαλλόμενοι
828 3062 920 3114 καὶ
950 3058 1268 3130 χορεύοντες
1290 3060 1383 3112 ἐπὶ
1429 3063 1548 3124 ταῖς
1589 3062 1802 3115 ἐλπίσιν
1828 3044 1876 3108 C

215 3158 317 3227 τῆς
347 3157 710 3218 ἀναστάσεως,
732 3155 822 3208 τὸν
846 3153 1050 3208 τούτων
1082 3153 1340 3224 πρόξενον
1380 3155 1799 3225 ἀνυμνήσωμεν·

219 3248 315 3300 καὶ
338 3247 525 3317 ἐπειδὴ
549 3247 648 3316 τῆς
675 3245 770 3298 τοῦ
813 3245 1044 3299 θανάτου
1076 3243 1428 3308 καταλύσεως
1458 3247 1804 3315 ἐμνημόνευ-

219 3356 336 3404 σεν,
391 3340 614 3402 εἰκότως
669 3339 968 3408 ἐπήγαγεν.
994 3368 1062 3378 -
1087 3339 1163 3408 (2)
1204 3339 1302 3392 Διά
1345 3339 1443 3410 τὴν
1475 3339 1802 3410 ὑπερϐολὴν,

218 3432 408 3500 φησὶν,
460 3430 559 3497 τῆς
603 3430 977 3500 ὑπερηφανίας
1023 3429 1189 3484 αὐτοῦ
1250 3431 1344 3482 καὶ
1381 3431 1476 3485 τοῦ
1507 3430 1679 3502 θυμοῦ
1709 3432 1802 3485 τοῦ

217 3522 366 3576 κατά
385 3522 493 3575 τῶν
518 3523 786 3592 πενήτων,
830 3523 930 3576 οὐκ
977 3522 1197 3594 ἐκζητεῖ
1227 3523 1318 3576 τὸν
1350 3524 1644 3593 Δεσπότην,
1683 3525 1802 3577 οὐδὲ

217 3615 334 3665 νοεῖ
363 3613 443 3665 ὅτι
470 3614 781 3682 ἀπαρέσκον
809 3611 958 3681 αὐτῷ
992 3612 1053 3666 τὸ
1085 3612 1390 3683 γινόμενον.
1415 3613 1800 3684 -Ἐναλλαγὴ

221 3703 500 3756 κάνταῦθα
548 3704 758 3772 χρόνου,
807 3705 928 3756 ἀντὶ
973 3721 1088 3770 του,
1130 3704 1566 3774 Κατακυριεύει·
1603 3705 1670 3758 τὸ
1695 3705 1804 3772 γὰρ

221 3797 538 3864 γινόμενον
583 3795 688 3847 ὑπὸ
731 3795 823 3848 τοῦ
861 3794 1171 3858 ἀδικοῦντος
1201 3797 1490 3866 διηγεῖται,
1536 3797 1658 3849 ἀντὶ
1683 3797 1799 3862 τοῦ,

217 3886 320 3939 διὰ
344 3885 517 3939 τοῦτο
538 3887 779 3939 πάντων
812 3887 1030 3955 κρατεῖ,
1061 3889 1152 3940 καὶ
1194 3889 1398 3951 πάντας
1429 3887 1662 3957 ἀφειδῶς
1691 3887 1803 3940 ἀδι-

223 3978 329 4028 κεῖ.
354 3975 688 4046 Σαφέστερον
727 3977 782 4028 δὲ
836 3977 1129 4047 Σύμμαχος
1175 3975 1356 4031 εἷπενυ
1385 3978 1622 4042 Πάντας
1662 3978 1804 4044 τοὺς

221 4067 473 4133 ἐχθροὺς
499 4068 684 4119 αὑτοῦ
714 4067 973 4134 ἐκφυσᾷ.
1006 4101 1070 4108 -
1105 4070 1180 4138 (5)
1213 4069 1552 4138 Σαφέστερον
1585 4069 1743 4122 τοῦτο
1774 4071 1803 4121 ὁ

223 4159 774 4230 Σύμμαχοςὴρμήνευ
786 4177 893 4211 σεν*
938 4163 1020 4212 Οὺ
1050 4159 1564 4228 περιτραπήσομαι
1592 4162 1678 4226 είς
1707 4177 1803 4228 γε·

221 4251 369 4302 νεὶιν
408 4249 505 4302 καί
565 4252 800 4318 γενεὰν,
835 4252 973 4303 οὔτε
1024 4251 1237 4319 ἔσομαι
1272 4251 1341 4303 ἐν
1377 4251 1634 4306 κακώσει
1660 4268 1672 4280 ’
1708 4254 1802 4305 καὶ

219 4343 394 4413 ταύτῃ
425 4343 688 4412 κέχρηται
716 4345 781 4412 τῇ
811 4340 1131 4412 θρασύτητι,
1153 4344 1247 4394 καὶ
1273 4344 1483 4411 ἡγεῖται
1509 4343 1673 4412 μηδὲν
1693 4343 1799 4396 δει-
1833 4378 1877 4432 D

221 4434 311 4488 νὺν
339 4433 758 4504 ὑποστήσεσθαι,
783 4434 958 4486 πάντα
986 4433 1183 4501 μετιὼν
1211 4434 1310 4503 τῆς
1339 4436 1536 4497 κακίας
1565 4435 1633 4489 τὰ
1657 4436 1792 4507 εἴδη.

294 4524 442 4592 Στίχ.
492 4529 586 4586 ις’.
615 4516 802 4584 -Οἴς
870 4521 946 4590 (4)
984 4524 1420 4592 ἐμηχανήσαντο,
1465 4525 1620 4592 φησι,
1669 4524 1793 4577 καθ’

221 4614 378 4683 ήμῶν
408 4615 466 4665 οί·
489 4612 753 4682 πολέμιοι,
785 4612 992 4675 τούτοις
1034 4614 1278 4666 ἑάλωσαν
1304 4614 1480 4668 αὐτοί.
1501 4617 1647 4668 Ἀντί
1677 4615 1793 4679 τοῦ,

223 4703 403 4775 Ἀπερ
425 4702 752 4766 ἐσπούδαζον
779 4701 900 4755 καθ’
933 4702 1109 4772 ἡμῶν,
1132 4702 1303 4756 ταῦτα
1336 4704 1557 4760 ἔπαθον.

741 4889 972 4941 ΨΑΛΜ.
989 4887 1193 4940 ἘΒΡΑ
1203 4890 1300 4941 ΙΚ.

199 4998 207 5045 ί
295 4999 442 5067 Στίχ.
472 4998 534 5050 δ’.
569 4999 740 5052 -Ὲν
782 5001 956 5070 τούτῳ
994 5002 1103 5072 γάρ
1149 5002 1405 5070 μάλιστα,
1441 5003 1593 5072 φησὶ,
1646 5005 1801 5069 Παρ-

219 5090 414 5153 ώξυνε
469 5090 574 5141 τὸν
612 5093 924 5156 Δεσπότην
952 5096 983 5144 ό
1012 5093 1260 5160 ἀσεϐὴς,
1294 5097 1352 5146 ἐν
1407 5094 1484 5162 τῷ
1533 5094 1800 5163 τολμῆσαι

221 5182 472 5251 ἐννοῆσαι
499 5183 626 5253 περὶ
674 5182 836 5235 αὐτοῦ
865 5185 945 5237 ὅτι
990 5185 1266 5253 ἐκδίκησιν
1299 5185 1407 5237 τῶν
1434 5186 1802 5256 ἀδικουμένων

220 5275 282 5326 οὐ
310 5276 564 5327 ποιεῖται.

293 5457 368 5522 (l)
389 5455 865 5530 Grammaticalem
893 5468 1198 5530 temporum
1224 5460 1508 5530 enallagen
1532 5473 1676 5530 saepe
1693 5459 1788 5511 ad-

224 5527 432 5579 notavit
459 5530 600 5596 apud
630 5532 926 5599 prophetas
948 5527 1136 5584 uoster
1161 5527 1501 5593 Theodorus,
1523 5529 1614 5597 qui
1645 5537 1708 5599 et
1733 5530 1786 5580 in

224 5614 320 5649 sna
359 5600 692 5666 psalmorum
723 5598 1130 5668 explanatione,
1162 5611 1219 5653 ut
1261 5615 1406 5652 nunc
1439 5608 1492 5651 et
1529 5598 1789 5668 posthinc

223 5670 302 5730 lit,
326 5669 390 5720 de
421 5670 609 5722 cadent
643 5687 700 5723 se
731 5666 964 5725 lectores
997 5671 1348 5724 admonuisse
1375 5677 1583 5723 narrat.
1623 5666 1753 5721 ΜΔ..

1905 1791 1988 1838 est
2013 1783 2348 1852 adjutorium
2381 1784 2528 1854 quod
2561 1793 2810 1856 tempore
2845 1786 3221 1843 tribulationis
3243 1788 3484 1844 advenit.

1976 1966 2141 2023 Vens.
2178 1967 2262 2021 M.
2293 1997 2361 2006 -—
2393 1966 2596 2022 Deinde
2643 1967 2840 2022 iterum
2896 1967 3130 2021 mutatio
3177 1970 3485 2039 temporis;

1906 2060 2026 2116 loco
2055 2061 2202 2115 enim
2229 2060 2494 2114 misertus
2516 2067 2622 2122 est,
2652 2059 2895 2113 miserere
2917 2059 3053 2114 dicit
3081 2079 3093 2113 :
3120 2061 3200 2114 sic
3222 2067 3275 2115 et
3294 2061 3488 2130 Aquila

1905 2152 2042 2206 dicit
2059 2151 2277 2206 donavit
2297 2151 2426 2204 mihi
2441 2167 2459 2204 :
2485 2148 2740 2204 Dominus
2759 2151 2887 2204 vidit
2906 2150 3260 2206 humilitatem
3281 2167 3488 2206 nteant:

1907 2246 2010 2299 hoc
2035 2246 2181 2300 enim
2218 2245 2336 2298 vult
2365 2258 2586 2314 quoque
2623 2250 2937 2297 contextus.
2973 2242 3134 2306 Illud,
3164 2245 3365 2313 inquit,
3401 2251 3488 2300 est

1905 2352 2120 2392 summa
2155 2337 2426 2391 bonorum
2451 2374 2468 2399 ,
2512 2335 2784 2388 malorum
2821 2335 3093 2398 remotio,
3125 2335 3488 2406 liheratioqne

1906 2428 2101 2483 mortis
2140 2443 2169 2480 a
2218 2443 2324 2497 qua
2379 2427 2596 2482 liberati
2655 2426 2710 2479 in
2755 2433 3024 2480 aeternum
3079 2435 3174 2479 tua
3225 2427 3488 2482 beneﬁcia

1904 2519 2271 2576 cantabimus.

1974 2593 2140 2667 Vens.
2179 2611 2263 2665 15.
2294 2641 2362 2650 -
2391 2609 2589 2664 Porta;
2621 2611 2806 2664 mortis
2836 2611 3140 2680 perieulum
3161 2611 3230 2671 ad
3254 2619 3487 2666 mortem

1905 2703 2116 2757 ducens
2144 2710 2324 2756 vocat.
2352 2700 2484 2756 Sion
2503 2711 2661 2755 vocat
2691 2699 2997 2756 Jerusalem
3018 2702 3319 2766 cmlestcm,
3343 2701 3490 2757 sicut

1906 2794 2101 2847 beatus
2159 2791 2363 2847 Paulus
2413 2791 2622 2848 docuit.
2674 2791 2870 2847 Portas
2902 2801 3086 2848 autem
3123 2793 3291 2863 hujus
3335 2794 3489 2851 orbis

1907 2893 2179 2938 terrarum
2201 2884 2486 2947 ecclesias,
2513 2899 2610 2953 per
2629 2899 2767 2953 quas
2792 2885 2846 2938 in
2872 2884 3018 2938 illam
3038 2885 3242 2938 intrant
3267 2885 3489 2940 creden-

1909 2986 1990 3032 tes
2021 2995 2034 3030 :
2071 2977 2144 3031 ibi
2171 2992 2323 3046 ergo,
2344 2977 2543 3046 inquit,
2570 2977 2826 3031 laatantes
2857 2985 2910 3030 et
2940 2977 3284 3032 exsultantes
3311 2978 3365 3031 in
3391 2993 3490 3048 spe

1910 3068 2357 3133 resurrectionis,
2400 3059 2906 3122 horum'bonorum
2954 3067 3186 3123 Domino
3234 3070 3489 3124 cantabi-

1910 3174 2033 3214 mus
2069 3177 2082 3212 :
2122 3173 2356 3226 cumque
2387 3157 2584 3212 mortis
2619 3157 2968 3214 liberationis
3005 3156 3106 3212 fuit
3138 3159 3483 3222 recordatus.

1909 3265 2010 3305 nos
2087 3251 2224 3304 bene
2290 3248 2537 3303 deduxit.
2610 3247 2842 3318 Propter
2907 3264 3234 3314 excessum,
3309 3253 3490 3322 inquit

1909 3341 2078 3404 (Psal.
2131 3340 2232 3409 ιι),
2262 3339 2533 3408 superbiae
2565 3338 2686 3406 ejus
2732 3347 2898 3408 atque
2935 3339 3030 3392 ira:
3051 3339 3317 3395 adversus
3356 3356 3490 3410 pau-

1908 3447 2104 3502 peres,
2157 3447 2265 3485 non
2320 3432 2520 3500 quaerit
2569 3430 2892 3491 Dominum,
2944 3447 3044 3485 nec
3097 3440 3250 3502 putat
3293 3434 3490 3503 displi-

1908 3537 2033 3577 cere
2063 3523 2138 3576 illi
2176 3522 2319 3592 quod
2346 3522 2550 3574 factum
2573 3529 2679 3576 est.
2714 3521 2812 3575 Hie
2845 3536 3066 3591 quoque
3097 3525 3328 3577 mutatio
3353 3531 3489 3577 tem-

1908 3614 2082 3685 poris,
2121 3614 2241 3668 loco
2269 3613 2675 3667 dominabitur:
2709 3613 2846 3681 quod
2885 3614 3087 3681 factum
3131 3623 3208 3668 est
3244 3615 3389 3669 enim
3419 3616 3489 3670 ab

1907 3707 2098 3776 iniquo
2122 3706 2345 3770 dicitur,
2372 3707 2493 3760 loco
2519 3715 2728 3774 propter
2761 3707 2857 3757 hoc
2887 3705 3120 3758 omnium
3159 3705 3486 3772 dominatur,

1905 3808 1960 3852 et
2005 3814 2199 3851 omnes
2235 3797 2423 3866 inique
2472 3797 2842 3866 persequitur.
2871 3796 3088 3850 Clarius
3116 3803 3300 3850 autem
3327 3795 3488 3868 Sym-

1907 3891 2135 3945 machus
2189 3890 2371 3956 dixit,
2404 3890 2597 3944 Omnes
2643 3888 2734 3941 hos
2784 3905 2903 3940 suos
2939 3887 3178 3941 inimicos
3221 3888 3484 3964 exsaniat.

1907 3981 2044 4034 illud
2066 3981 2313 4048 apertius
2338 3979 2651 4048 explanavit
2678 3978 3063 4046 Symmachus,
3093 3973 3214 4028 Non
3247 3976 3489 4031 rnovebor

1905 4073 1961 4125 in
2007 4073 2394 4141 generationem
2439 4079 2488 4124 et
2535 4071 2958 4140 generationem,
2992 4085 3082 4122 nec
3139 4085 3229 4122 ero
3260 4070 3313 4122 in
3344 4072 3487 4123 malo

1907 4161 1982 4230 (ν.
2015 4165 2068 4232 6)
2107 4181 2120 4216 :
2160 4163 2372 4232 hacque
2404 4163 2515 4231 agit
2563 4161 2818 4222 audacia,
2848 4159 3183 4229 conliditque
3217 4160 3352 4214 nihil
3379 4170 3483 4215 ter-

1905 4251 2065 4306 ribile
2093 4267 2214 4305 esse
2245 4261 2731 4320 superventurum,
2761 4261 2882 4319 post
2910 4263 3103 4302 omnes
3129 4249 3347 4317 species
3375 4266 3485 4304 ma-

1906 4341 2036 4396 litiae
2067 4343 2358 4397 festinans.

1995 4545 2152 4585 rens.
2203 4529 2285 4581 16.
2324 4558 2390 4567 --
2431 4527 2523 4592 lis,
2557 4529 2755 4597 inquit,
2792 4545 2911 4596 qua:
2942 4529 3236 4585 machinati
3270 4531 3486 4587 fuerant

1904 4633 2096 4679 contra
2137 4636 2238 4674 nos
2278 4619 2482 4672 inimici
2520 4618 2716 4684 nostri,
2765 4619 2955 4672 iisdem
2994 4621 3094 4689 ipsi
3131 4623 3274 4691 capti
3331 4635 3479 4681 sunt.

1907 4717 1962 4769 Id
1995 4721 2098 4775 est,
2137 4710 2209 4761 Ea
2239 4724 2362 4778 quae
2409 4715 2601 4761 contra
2635 4722 2735 4760 nos
2767 4709 3342 4775 conuniniscebantur,
3379 4714 3482 4784 ipsi

1907 4803 2054 4876 passi
2087 4810 2237 4857 sunt.

2463 4891 2666 4948 PSrlL.
2704 4891 2921 4945 IIEBR.

1972 5009 2138 5063 Vens.
2177 5009 2229 5060 4,
2270 5038 2336 5047 --
2368 5007 2468 5060 ilic
2515 5007 2660 5060 enim
2711 5007 2944 5061 multum
2991 5007 3126 5063 dicit
3151 5012 3482 5065 exacerbavit

1902 5099 2188 5152 Dominum
2234 5098 2461 5164 impius,
2512 5111 2635 5150 cum
2678 5095 2744 5149 de
2788 5097 2908 5164 ipso
2957 5095 3114 5164 (Deo)
3147 5095 3264 5152 fore
3291 5107 3348 5152 ut
3374 5115 3478 5152 nou

1903 5192 2207 5246 ulciscatur
2236 5189 2420 5254 iniqua
2452 5197 2674 5257 agentes
2709 5189 2956 5253 cogitare
2987 5187 3172 5243 audet.

1976 5460 2052 5526 (Ξ)
2123 5458 2296 5514 Verba
2370 5461 2658 5530 sequentia
2737 5457 3055 5530 referenda,
3093 5454 3477 5513 videntur'ad

1897 5531 2036 5598 psal.
2069 5545 2109 5598 ιι
2142 5529 2461 5583 secundum
2482 5529 2666 5592 Helm,
2697 5544 2834 5584 vers.
2863 5530 2919 5596 2,
2948 5529 2999 5595 5,
3032 5529 3082 5583 6.
3142 5530 3298 5583 Eutr.

1969 5602 2044 5665 (5)
2084 5597 2231 5653 Psal.
2269 5598 2430 5654 Hebr.
2463 5616 2636 5656 vcrss.
2669 5601 2720 5655 ti.

1977 5667 2052 5739 (Ξ)
2084 5667 2157 5722 Ex
2193 5669 2474 5726 Corderio.
