3804 6220
436 270 542 329 6L5

1577 261 1953 318 'TllEODORl
1991 259 2478 319 MOPSUESTENI

3597 268 3700 324 656

511 385 678 441 Vens.
711 385 794 457 l4.
821 413 890 424 -—
915 381 1038 438 lisse
1064 383 1227 436 verba
1259 389 1387 437 sunt
1410 397 1474 436 ex
1509 381 1818 435 inversione
1850 402 1862 433 :
1890 382 2009 436 loco

2185 383 2328 453 Στίχ.
2363 382 2510 438 ιδ’.-
2544 383 2935 455 Πρωθύστερόν
2960 384 3075 438 ἐστι
3101 383 3166 438 τὰ
3189 383 3426 455 ῥήματα·
3454 382 3576 436 ἀντὶ
3594 385 3698 451 γὰρ

439 480 585 534 enim
629 478 875 548 quoniam
923 475 1138 539 videns,
1188 475 1328 528 rides
1376 475 1613 544 legitur;
1645 490 1710 527 eo
1742 474 1889 543 quod
1932 475 2012 528 sic

2158 474 2365 539 οῦ,”οτι
2389 475 2624 544 βλέπεις,
2645 479 2840 543 κεῖται,
2855 476 3123 542 Βλέπεις·
3140 478 3221 530 ὅτι
3239 475 3465 529 τοῦτοδὲ
3483 475 3593 528 ἀπὸ
3605 477 3698 544 τῆς

439 571 557 625 vult
581 577 761 624 textus
793 568 1095 623 llebraicus
1123 585 1136 620 :
1175 583 1299 620 cum
1335 566 1478 619 enim
1503 567 1570 619 de
1604 566 1809 635 iniquis
1845 567 2012 619 dixit:

441 659 593 715 Dixit
621 661 756 714 enim
780 661 831 711 in
863 657 1015 710 corde
1042 673 1136 711 suo
1163 673 1180 710 :
1209 655 1330 710 Non
1360 657 1602 725 requiret,
1640 656 1889 716 adduxit,
1927 652 2017 708 γι-

440 754 528 805 des
590 751 836 819 quoniam
898 758 952 801 tu
1007 747 1238 801 laborem
1293 756 1342 800 et
1403 746 1637 802 dolorem
1690 745 2015 811 consideras,

440 844 594 912 quasi
639 841 826 896 volens
865 841 932 894 ad
989 838 1153 894 Deum
1193 839 1377 893 dicere
1425 839 1673 908 iniquum
1727 853 1901 905 usque
1951 852 2018 891 eo

440 933 663 987 venisse
691 941 751 987 ut
777 932 1008 994 diceret,
1045 945 1152 984 non
1175 930 1273 983 tibi
1303 944 1428 984 esse
1459 945 1650 983 curam
1690 929 1758 983 de
1791 928 2014 998 iniquis,

441 1040 543 1078 nec
575 1024 772 1078 delicta
805 1022 1108 1093 requirere,
1140 1035 1267 1074 cum
1303 1035 1494 1074 corum
1525 1019 1768 1072 l‘urorcm
1800 1033 1864 1071 ac
1897 1033 2014 1070 ma-

444 1116 616 1170 litiam
648 1116 858 1178 videns,
890 1129 999 1169 non
1027 1113 1137 1168 cito
1169 1112 1237 1166 ad
1270 1111 1531 1166 ultionem
1557 1125 1746 1172 exeas,
1777 1108 1871 1164 sed
1894 1124 2021 1161 con-

443 1212 670 1272 sideras,
695 1209 748 1262 id
782 1219 889 1271 est,
921 1207 1160 1262 moraris
1184 1247 1199 1271 ,
1239 1204 1544 1276 usquedum
1574 1220 1639 1257 ex
1673 1202 2022 1256 multitudine

443 1303 768 1357 delictorum
801 1301 1015 1371 seipsos
1058 1300 1112 1353 in
1147 1307 1270 1354 tuas
1304 1311 1499 1352 manus
1549 1294 1792 1359 tradant,
1822 1294 2020 1363 iniqui-

444 1400 619 1446 tatqu
655 1407 880 1446 suarum
924 1405 1154 1444 numero
1188 1391 1243 1442 in
1277 1388 1492 1458 seipsos
1522 1387 1816 1442 vindictam
1846 1385 2024 1440 conci-

446 1490 596 1538 tante
629 1501 641 1536 :
680 1483 782 1537 hoc
819 1483 952 1536 dicit
1004 1497 1071 1535 cx
1121 1481 1440 1550 metaphora
1485 1494 1675 1534 eorum
1724 1478 1817 1548 qui
1853 1493 2025 1546 usque

365 1589 370 1596 '
444 1575 515 1628 ad
560 1589 728 1628 unum
764 1575 843 1628 vel
885 1574 1186 1628 secumlum
1229 1572 1487 1626 delictum
1520 1587 1630 1624 non
1671 1572 1900 1631 sistunt.
1930 1571 2022 1625 sed

439 1679 590 1734 quos
629 1665 802 1719 multa
854 1665 1051 1718 delicta
1101 1663 1168 1718 ad
1208 1664 1506 1718 tribunalia
1537 1663 1766 1726 ducunt,
1799 1665 1892 1719 ubi
1921 1665 2026 1719 ini-

442 1769 680 1827 quorum
714 1755 1019 1825 frequentia
1051 1753 1202 1809 adest
1241 1771 1253 1805 :
1287 1753 1403 1806 vult
1431 1759 1616 1807 autem
1644 1750 1741 1807 Dei
1775 1752 2023 1824 longani-
2055 1788 2104 1850 Β

447 1848 698 1901 nitatem
730 1845 1044 1899 ostendere.

525 2128 694 2185 Vsns.
730 2129 816 2182 l7.
861 2157 916 2167 —
958 2126 1293 2182 Desiderium
1338 2127 1428 2182 hic
1476 2142 1576 2197 pro
1622 2142 1770 2197 prece
1821 2127 2026 2196 posuit,

449 2221 580 2292 quia
605 2234 729 2291 qua:
755 2219 1138 2276 desideramus
1168 2219 1310 2287 ﬁeri,
1347 2221 1403 2276 in
1437 2233 1629 2276 eorum
1658 2218 2031 2290 postulatione

449 2312 740 2367 insumus.
1961 2326 1967 2329 -

1016 2442 1339 2500 PSALMUS
1372 2443 1460 2500 XI.

536 2577 692 2618 rans.
724 2561 777 2615 3.
809 2591 877 2602 ——
921 2559 1068 2614 Vana
1099 2574 1200 2630 pro
1227 2559 1415 2615 dolosa
1440 2575 1459 2613 :
1485 2559 1858 2616 communiter
1884 2559 2030 2615 enim

451 2668 592 2708 vana
628 2659 786 2707 vocat
814 2653 999 2707 omnia
1023 2667 1146 2722 qua:
1170 2667 1280 2708 non
1313 2651 1539 2719 decent,
1575 2653 1719 2709 sicut
1741 2652 1882 2708 bona
1911 2667 2032 2722 quae

451 2745 524 2799 ab
543 2744 825 2815 agentibus
855 2751 1001 2800 recte
1021 2745 1176 2798 liunt.
1205 2773 1274 2783 —
1297 2741 1434 2799 Cum
1457 2744 1605 2810 dolo,
1626 2744 1826 2814 inquit,
1858 2758 2030 2799 unus-

447 2834 690 2905 quisque
720 2833 964 2904 loquitur
991 2833 1056 2888 ad
1091 2833 1425 2903 proximum,
1455 2834 1647 2906 sicque
1677 2833 1839 2888 labiis
1871 2840 2032 2888 utens

453 2927 510 2981 in
542 2941 636 2981 cor
669 2925 902 2996 proximi
943 2925 1229 2980 mendacia
1277 2928 1526 2982 immittit
1559 2928 1797 2998 :illeque
1833 2927 2029 2980 iterum

453 3017 709 3072 similiter
743 3017 944 3072 similia
970 3017 1223 3083 remittit,
1259 3016 1386 3073 inde
1411 3019 1682 3088 reliquum
1711 3027 1796 3075 est
1832 3027 1889 3072 ut
1922 3017 2031 3070 illis

454 3108 752 3163 vindictam
783 3109 1040 3163 minetur.

524 3197 692 3257 Vens.
728 3201 782 3256 5.
811 3230 881 3240 —
913 3200 1114 3258 Dicunt
1144 3201 1400 3266 scilicet,
1435 3199 1638 3271 inquit,
1670 3200 1726 3254 in
1763 3206 2036 3269 potestate

455 3298 647 3348 nostra
691 3306 816 3348 esse
860 3308 982 3362 quae
1017 3294 1271 3348 volumus
1307 3292 1457 3363 loqui
1494 3311 1508 3347 :
1547 3307 1710 3363 quem
1747 3291 1892 3346 enim
1937 3290 2036 3345 do-

453 3385 663 3439 .ninum
725 3383 992 3440 habemus
1034 3384 1128 3454 qui
1175 3384 1456 3440 timendus
1506 3383 1618 3438 sit?
1668 3380 1784 3436 Hoc
1851 3389 2033 3435 autem

452 3474 588 3532 dicit
641 3490 750 3529 non
799 3476 959 3547 quasi
996 3475 1078 3530 sic
1113 3476 1226 3531 illis
1263 3476 1489 3529 omnino
1522 3473 1908 3545 loquentibus,
1938 3471 2032 3526 sed

453 3567 666 3622 ratione
707 3567 904 3636 agendi
953 3566 1378 3622 ostendentibus
1424 3565 1608 3621 omnia
1638 3566 1720 3620 sic
1766 3563 1887 3620 sine
1920 3563 2034 3617 ullo

455 3656 653 3712 timore
678 3655 880 3723 facere,
909 3657 1067 3727 quasi
1096 3657 1284 3712 nullus
1311 3655 1667 3726 essetjudex.

524 3767 692 3823 Vsns.
717 3769 770 3823 9.
794 3798 861 3811 ——
881 3768 1016 3821 Cum
1042 3767 1285 3836 undique
1305 3766 1374 3821 ab
1397 3763 1584 3835 impiis
1601 3762 2031 3825 circumdemur,

453 3859 778 3928 neutiquam
813 3858 975 3914 aliter
998 3858 1244 3923 liberari,
1276 3856 1383 3911 nisi
1421 3854 1531 3910 Deo
1559 3854 1874 3924 adjuvante,
1900 3865 2032 3922 pos-

455 3966 670 4006 sumus.

987 4082 1312 4137 PSALMUS
1354 4081 1468 4136 XII.

525 4198 691 4254 Vens.
722 4197 778 4252 2.
816 4228 885 4239 ——
913 4198 972 4252 ln
1001 4197 1299 4253 solitudine
1338 4212 1439 4252 sua
1483 4196 1623 4251 bene
1677 4203 1912 4251 mentem
1965 4197 2032 4250 ad

454 4288 624 4343 Deum
654 4287 924 4354 elevabat,
961 4298 1127 4358 atque
1175 4287 1230 4340 in
1265 4287 1449 4341 animo
1478 4287 1718 4342 contrito
1749 4286 2031 4342 tremenda

452 4379 576 4448 ejus
605 4377 814 4448 judicia
851 4380 1222 4433 meditabatur
1251 4395 1264 4431 :
1289 4375 1427 4430 Num
1462 4379 1594 4432 mihi
1630 4378 1905 4449 propitius
1930 4377 2031 4432 fuit

2124 565 2419 635 ἑρμηνείας
2441 567 2728 639 γεγένηται
2751 568 2845 622 τοῦ
2887 567 3194 636 Ἑὸραῖκοῦ·
3229 568 3417 637 ἐπειδὴ
3443 567 3553 638 γὰρ
3577 567 3694 636 περ)

2125 656 2232 708 τῶν
2262 656 2590 711 ἀδικούντων
2619 655 2770 712 εἶπεν
2791 659 2850 713 τὸ
2869 702 2882 722 ,
2913 654 3097 712 Εἶπεν
3119 658 3228 727 γὰρ
3249 657 3320 711 ἐν
3349 657 3564 725 καρδίᾳ
3598 657 3702 709 αὑ-

2124 745 2250 809 τοῦ,
2285 749 2404 800 Οὐκ
2426 745 2758 816 ἐκζητήσει,
2787 751 3064 820 ἐπήγαγεν
3092 749 3175 814 τὸ,
3203 747 3473 814 Βλέπεις,
3498 747 3588 801 ὅτι
3620 747 3703 799 σὺ

2128 839 2323 890 πόνον
2361 838 2459 890 καὶ
2494 841 2684 908 θυμὲν
2734 838 3066 904 κατανοεῖς,
3093 838 3249 892 τοῦτο
3279 838 3604 909 βουλόμενος
3627 836 3702 898 ὡς

2127 928 2263 999 πρὸς
2291 929 2379 982 τὸν
2413 930 2545 984 Θεὸν
2565 933 2854 996 εἰπεῖν,ὂτι
2878 931 3132 1004 Προήχθη
3163 931 3221 984 δὲ
3247 932 3450 992 ἐκεῖνος
3470 930 3499 981 δ
3519 928 3701 992 ἄδικος

2125 1024 2299 1074 ταῦτα
2322 1020 2659 1088 λογίσασθαι,
2685 1024 2766 1076 ὅτι
2800 1024 2872 1093 μὴ
2899 1023 3050 1094 μέλει
3085 1039 3168 1075 σοι
3198 1021 3328 1092 περὶ
3352 1021 3458 1073 τῶν
3487 1020 3708 1074 ἀδικουο

2132 1114 2326 1183 μένων,
2355 1113 2487 1184 μηδὲ
2517 1115 2765 1185 ὲκζητεῖς
2787 1117 2854 1170 τά
2875 1115 3155 1186 γινόμενα,
3202 1114 3391 1183 ἐπειδὴ
3429 1113 3575 1184 ὁρῶν
3607 1113 3708 1164 αῦ-

2129 1205 2236 1258 τῶν
2265 1206 2363 1277 τὴν
2396 1206 2566 1277 ὀργὴν
2620 1207 2712 1259 καὶ
2743 1207 2843 1277 τὴν
2885 1207 3170 1279 πονηρίαν,
3201 1208 3300 1260 οὐκ
3326 1206 3487 1268 εὐθὺς
3507 1205 3709 1275 ὲξέρχῃ

2129 1301 2241 1360 τοῖς
2293 1299 2618 1368 γινομένοις,
2667 1297 2805 1352 ἀλλά
2849 1298 3179 1363 κατανοεῖς,
3212 1297 3458 1350 τουτέστι
3494 1297 3708 1367 μένεις,

2130 1388 2233 1450 ἕως
2280 1387 2346 1441 ἂν
2385 1389 2450 1440 ὲκ
2500 1387 2596 1440 τοῦ
2631 1387 2866 1458 πλήθους
2912 1388 3020 1442 τῶν
3063 1387 3208 1441 ἰδίων
3253 1380 3439 1440 κακῶν
3479 1387 3711 1448 ἑαυτοὺς

2131 1481 2330 1532 ἐκεῖνοι
2382 1481 2502 1544 ταῖς
2535 1481 2654 1543 σαῖς
2684 1478 2994 1550 παραδῶσιν
3023 1478 3230 1550 χερσὶν,
3273 1478 3334 1530 τὸ
3368 1477 3575 1548 πλῆθος
3610 1480 3712 1547 τῆς

2133 1571 2340 1633 οἰκείας
2361 1571 2574 1633 ἀδικίας
2621 1571 3053 1640 ἐπισπασάμενοι
3089 1569 3209 1624 καθ’
3235 1569 3445 1623 ἑαυτῶν
3495 1569 3596 1638 τὴν
3622 1586 3710 1621 τι-

2135 1663 2346 1733 μωρίαν
2365 1680 2377 1692 °
2403 1663 2561 1717 τοῦτο
2585 1664 2641 1717 δὲ
2667 1663 2816 1733 λέγει
2831 1664 2896 1718 ὲκ
2920 1665 3228 1735 μεταφορᾶς
3252 1662 3359 1716 τῶν
3381 1662 3577 1732 μέχρις
3609 1661 3714 1732 μὲν

2131 1754 2248 1817 ἑνὸς
2283 1754 2378 1808 καὶ
2410 1754 2663 1826 δευτέρου
2686 1753 2857 1808 κακοῦ
2885 1755 2960 1825 μὴ
2985 1753 3308 1826 ἱσταμένων,
3329 1753 3389 1806 τὸ
3411 1753 3468 1806 δὲ
3503 1752 3715 1821 πλῆθος

2132 1847 2239 1900 τῶν
2286 1847 2588 1919 γινομένων
2626 1847 2852 1911 ἑαυτοὺς
2895 1847 3138 1916 ἀγόντων
3176 1848 3254 1910 εἰς
3283 1846 3350 1900 τὰ
3381 1846 3716 1914 δικαστήρια

2128 1936 2189 1988 τὸ
2215 1935 2321 1989 τῶν
2347 1937 2723 2007 ἀδικουμένων
2747 1936 2952 2007 πλῆθος
2975 1951 2989 1966 ⁶
3041 1936 3288 2008 βούλεται
3314 1936 3372 1988 δὲ
3412 1934 3590 1999 δεῖξαι
3612 1933 3716 1986 τοῦ

2130 2028 2264 2082 Θεοῦ
2290 2029 2388 2100 τὴν
2420 2029 2820 2102 μακροθυμίαν.

2201 2143 2351 2215 Στίχ.
2402 2145 2486 2208 ιζ’.
2518 2176 2588 2186 -——
2631 2145 2988 2214 Ἐπιθυμίαν
3033 2145 3266 2200 ἐνταῦθα
3292 2145 3413 2199 ἀντὶ
3450 2144 3571 2209 τοῦ,
3612 2143 3720 2214 τὴν

2131 2238 2464 2308 προσευχὴν,
2483 2237 2628 2305 λέγει
2657 2252 2668 2266 ⁸
2695 2236 2884 2309 ἐπειδὴ
2924 2237 3068 2308 ἅπερ
3101 2235 3373 2308 ποθοῦμεν
3397 2236 3716 2306 γίγνεσθαι,

2129 2327 2303 2382 ταῦτα
2333 2329 2429 2382 καὶ
2468 2327 2722 2401 εὔχεσθαι
2755 2329 3037 2398 φιλοῦμεν.

2708 2457 2993 2511 -ΙἋΛΜΟΣ
3023 2457 3126 2511 IA'.

2203 2571 2352 2641 Στίχ.
2374 2571 2444 2638 γ’.
2477 2599 2545 2610 -
2571 2569 2801 2623 Μάταια
2826 2569 2902 2640 (l)
2935 2569 3056 2623 ἀντὶ
3086 2568 3204 2636 τοῦ,
3246 2568 3439 2641 δολερά
3458 2585 3472 2598 ·
3513 2568 3720 2634 κοινῶς

2132 2663 2186 2717 δὲ
2218 2663 2426 2733 μάταια
2484 2657 2626 2714 οἶδεν
2683 2662 2900 2715 ᾶπαντα
2941 2653 3125 2714 καλεῖν
3161 2661 3229 2715 τὰ
3257 2661 3454 2726 ἄτοπα,
3486 2661 3562 2726 ὡς
3589 2664 3719 2734 εἰκῆ

2134 2754 2284 2824 παρὰ
2334 2753 2440 2806 τῶν
2482 2754 2830 2824 πραττόντων
2885 2755 3164 2826 γινόμενα.
3199 2783 3272 2794 -
3316 2754 3477 2808 Μετὰ
3529 2754 3717 2818 δόλου,

2135 2845 2321 2914 φησὶν,
2349 2844 2596 2914 ἀλλήλοις
2627 2845 3126 2916 προσδιαλέγονται,
3152 2847 3246 2900 καὶ
3267 2847 3440 2910 οὕτως
3461 2849 3574 2910 τοῖς
3599 2849 3720 2916 χεί-

2133 2937 2249 2989 λεσι
2280 2935 2558 3007 χρώμενος
2601 2938 2679 3001 είς
2727 2938 2825 3008 τὴν
2853 2937 2947 2990 τοῦ
2986 2937 3155 3002 πέλας
3186 2938 3414 3007 καρδίαν
3440 2937 3512 2990 τὰ
3535 2937 3719 3007 ψευδῆ

2135 3028 2526 3098 παραπέμπει’
2566 3029 2812 3091 κάκεῖνος
2855 3029 3016 3082 πάλιν
3043 3030 3242 3100 ὁμοίως
3273 3029 3615 3098 ἀντιπέμπει
3652 3029 3721 3083 τὰ

2059 3133 2104 3190 c
2135 3119 2296 3190 ὅμοια
2315 3137 2329 3152 ο
2361 3118 2609 3172 ἐντεῦθεν
2634 3118 2818 3172 λοιπὸν
2853 3118 3034 3183 αὐτοῖς
3065 3119 3277 3174 ἀπειλεῖ
3308 3125 3609 3192 τιμωρίαν.

2207 3209 2356 3279 Στίχ.
2385 3215 2448 3262 ε’.
2477 3240 2546 3249 -
2577 3209 2844 3277 Λέγουσιν
2871 3209 2999 3280 γὰρ,
3017 3211 3205 3279 φησὶν,
3237 3209 3320 3262 ὅτι
3344 3209 3432 3263 ἐπ’
3463 3209 3723 3276 ἐξουσίας

2135 3301 2168 3370 ἡ
2177 3301 2291 3370 μῶν
2304 3300 2451 3354 ἐστιν
2475 3299 2512 3353 ἃ
2538 3298 2842 3370 βουλόμεθα
2858 3298 3190 3368 φθέγγεσθαι
3209 3316 3223 3330 ·
3244 3299 3366 3354 τίνα
3385 3299 3496 3370 γάρ
3515 3299 3724 3371 ἔχομεν

2133 3391 2418 3461 δεσπότην,
2448 3389 2506 3442 ὃν
2522 3391 2616 3443 καὶ
2637 3390 2809 3444 δεῖσαι
2833 3390 2914 3444 δεῖ
2933 3407 2949 3457 ;
2970 3390 3127 3445 τοῦτο
3149 3389 3372 3463 δὲ-[οὑχ]
3391 3391 3468 3454 ὡς
3495 3394 3723 3455 πάντως

2133 3480 2397 3548 λεγόντων
2422 3480 2649 3534 ἐκείνων
2701 3479 2888 3549 φησὶν,
2935 3480 3050 3534 ἀλλ’
3089 3480 3163 3545 ὡς
3189 3480 3268 3550 τῷ
3293 3481 3588 3551 πράγματι
3614 3482 3725 3533 δει-

2134 3569 2372 3623 κνύντων
2417 3571 2476 3622 τὸ
2517 3569 2692 3634 οὕτως
2737 3570 2906 3634 ἀδεῶς
2937 3570 3152 3625 ἅπαντα
3193 3573 3478 3643 πράττειν,
3506 3572 3591 3636 ὡς
3620 3574 3725 3625 οὐκ

2133 3661 2285 3724 ὄντος
2314 3660 2525 3732 κριτοῦ.

2203 3773 2352 3844 Στίχ.
2386 3772 2452 3827 θ’.
2482 3802 2552 3814 -—
2593 3773 2810 3845 Ἐπειδὴ
2834 3773 2961 3836 τοὺς
2983 3773 3088 3827 ὑπὸ
3125 3773 3232 3828 τῶν
3262 3773 3478 3827 ἀσεϐῶν
3502 3775 3726 3829 κυκλω-

2131 3863 2324 3928 θέντας
2351 3866 2453 3918 οὐκ
2503 3863 2709 3918 ἔνεστιν
2759 3865 2961 3937 ἑτέρως
3007 3866 3107 3935 τὴν
3146 3866 3351 3919 τούτων
3386 3867 3726 3937 ἀπαλλαγὴν

2133 3955 2393 4026 εὕρασθαι
2418 3958 2491 4029 μὴ
2519 3957 2598 4028 τῷ
2627 3957 2744 4028 Θεῷ
2785 3956 2962 4028 βοηθῷ
2987 3956 3370 4029 χρώμενο[ν]ς.

2701 4088 2986 4141 ΨΑΛΜΟΣ
3022 4087 3121 4142 IB'.

2203 4217 2350 4273 Attx.
2375 4202 2684 4272 β’.-Εἰκὸς
2709 4199 2775 4273 ἦν
2795 4202 2960 4256 αὐτοῦ
2988 4203 3179 4257 τούτου
3209 4204 3369 4272 μόνον
3395 4222 3731 4277 φροντιῳν-

2129 4311 2196 4347 τα
2225 4294 2410 4348 τοῦτον
2448 4294 2580 4347 Θεὸν
2610 4293 2822 4366 ἔχει[νῖ,
2856 4295 2949 4348 καὶ
2977 4295 3421 4366 κατηλλαγμένον
3451 4299 3729 4352 ἑκάστοτε

2132 4385 2538 4454 διαλογίζεσθαι
2567 4385 2898 4456 φοϐούμενον
2929 4386 2986 4440 ἐν
3016 4388 3080 4456 τῇ
3112 4385 3258 4457 ψυχῇ
3285 4402 3298 4414 ·
3332 4381 3484 4458 τΑρα
3514 4390 3732 4460 κατήλ-

455 4469 640 4526 Deus?
677 4469 818 4526 Nunt
851 4472 932 4524 ira
957 4471 1079 4540 ejus
1106 4469 1348 4540 quievit?
1381 4467 1633 4526 lratusne
1682 4480 1766 4526 est
1812 4469 2022 4525 adhuc?

2158 4478 2327 4530 ,ακταί
2376 4495 2466 4547 μοι
2521 4478 2549 4529 ὁ
2592 4477 2764 4539 Θεόςς
2805 4472 2915 4548 ἄρα
2969 4476 3247 4530 πέπαυται
3292 4479 3391 4547 τῆς
3423 4477 3547 4532 κατ’
3584 4479 3732 4550 ἐμοῦ

455 4561 672 4634 aliaque
719 4561 1057 4630 hujusmodi.
1103 4562 1194 4616 Sic
1229 4575 1360 4630 ergo
1412 4559 1700 4630 loquitur:
1731 4559 2030 4632 Usquequo

454 4653 569 4708 haec
613 4655 953 4716 meditabor,
999 4653 1287 4723 etjponam
1325 4653 1594 4708 consilia?
1629 4653 1799 4706 Donec
1839 4654 2028 4705 avertis

455 4748 664 4816 faciem,
690 4747 887 4817 inquit,
919 4747 972 4799 id
1003 4756 1105 4808 est,
1133 4746 1388 4800 irasceris
1415 4753 1607 4799 contra
1652 4759 1772 4808 me,
1803 4757 2030 4797 necesse

455 4849 537 4891 est
560 4839 810 4907 posthaec
831 4837 1094 4908 cogitare,
1120 4837 1345 4906 haecque
1366 4835 1644 4891 meditari.
1669 4834 1818 4888 Loco
1842 4833 2006 4902 hujus

459 4925 820 4996 Symmachus
850 4927 988 4982 dixit
1023 4946 1035 4980 :
1077 4927 1276 4981 Curam
1322 4929 1376 4980 in
1421 4925 1575 4980 corde
1621 4941 1733 4979 meo
1776 4924 2026 4994 quotidie.

457 5017 581 5072 llaec
608 5026 788 5072 autem
825 5019 1051 5088 scripsit
1086 5017 1441 5088 (Psalmist.)
1476 5017 1542 5070 ad
1573 5022 1818 5070 nostram
1847 5015 2032 5068 adnio-

458 5107 740 5169 uitioncm,
777 5107 1054 5175 quomodo
1098 5109 1363 5177 poenitere
1390 5113 1642 5177 oporteat
1683 5113 2031 5175 peccatorum

456 5197 657 5252 docens
710 5199 793 5252 his
849 5199 1064 5262 verbis,
1111 5203 1314 5266 quibus
1356 5207 1415 5254 ut
1449 5198 1735 5254 medicinis
1771 5197 2030 5252 utendum

456 5297 564 5342 est.

532 5397 694 5451 Vens.
726 5400 774 5451 5.
812 5427 880 5438 -—
910 5397 1020 5452 Deo
1065 5410 1290 5470 propter
1335 5410 1620 5471 peccatum
1653 5399 1762 5468 pati
1797 5413 2024 5453 consen-

462 5490 647 5549 tiente,
673 5488 843 5540 fortes
881 5488 1099 5541 interim
1134 5501 1291 5545 erant
1323 5493 1526 5546 inimici
1563 5493 1826 5547 adversus
1855 5489 2028 5554 illum.

529 5662 604 5730 (ι)
645 5662 748 5716 Mai
777 5664 906 5717 ibid.
951 5683 1004 5737 p.
1042 5665 1166 5722 592.

2134 4567 2322 4637 ὀργῆς,
2355 4566 2387 4636 ἢ
2416 4566 2690 4637 ὀργίζεται
2723 4565 2835 4632 Eat;
2869 4567 2960 4620 καὶ
3003 4568 3102 4620 ὅσα
3135 4565 3379 4620 τοιαῦτα.
3419 4568 3603 4622 Τοῦτο
3638 4568 3736 4624 οὖν

2137 4674 2317 4726 φησιν·
2339 4656 2480 4719 Ἕως
2498 4658 2624 4710 πότε
2645 4657 2714 4709 τὰ
2734 4658 2955 4710 τοιαῦτα
2975 4656 3465 4729 ὲνθυμηθήσωμαι,
3480 4661 3583 4714 καὶ
3606 4662 3738 4731 βου-

2135 4749 2440 4820 λεύσωμαι;
2462 4751 2643 4818 Μέχρι
2664 4747 3046 4818 ἀποστρέφῃς
3068 4748 3132 4801 τὸ
3154 4751 3506 4815 πρόσωπον,
3529 4754 3735 4820 φησὶν,

2135 4840 2412 4893 τουτέστιν
2439 4839 2631 4910 ὀργίζῃ
2669 4837 2787 4891 κατ’
2808 4837 2944 4908 ἐμοῦ
2968 4876 2983 4901 ,
3018 4836 3229 4906 ἀνάγκη
3268 4854 3336 4906 με
3369 4835 3552 4890 ταῦτα
3589 4841 3738 4892 ὑπο-

2138 4931 2356 4984 πτεύειν
2378 4929 2658 4983 καὶταῦτα
2673 4927 2978 4996 λογίζεσθαι
2997 4945 3010 4957 ·
3036 4927 3152 4980 ἀνθ’
3177 4921 3237 4979 οὗ
3269 4927 3579 4999 Σύμμαχος
3593 4932 3733 5004 ἔφη’

2137 5023 2440 5089 Μέριμναν
2461 5019 2528 5072 ἐν
2550 5018 2622 5085 τῇ
2655 5019 2866 5085 καρδίᾳ
2907 5035 3028 5086 μου
3055 5019 3184 5072 καθ’
3219 5017 3452 5088 ἡμέραν
3482 5038 3496 5050 ·
3547 5023 3737 5077 ταῦτα

2137 5112 2194 5164 δὲ
2216 5112 2428 5182 ἐγράφη
2459 5109 2596 5181 πρὸς
2651 5109 2930 5161 νουθεσίαν
2966 5109 3143 5179 ἡμῶν,
3171 5109 3284 5174 πῶς
3311 5110 3397 5162 δεῖ
3428 5119 3739 5181 μετανοεῖν

2139 5202 2225 5269 ἐφ’
2243 5201 2633 5270 ἁμαρτήμασιν
2664 5197 3043 5252 ὲκδιδάσκοντα
3061 5201 3172 5262 τοῖς
3194 5200 3428 5270 παροῦσι
3447 5204 3735 5272 ῥήμασιν,

2137 5286 2224 5344 οἷα
2254 5291 2311 5342 δὲ
2345 5288 2652 5358 φαρμάκοις
2668 5287 3000 5358 χρωμένους.

2211 5400 2356 5470 Στίχ,
2395 5407 2458 5468 γ’.
2495 5429 2562 5438 —
2610 5398 2716 5450 Τοῦ
2768 5397 2901 5451 Θεοῦ
2944 5399 3174 5468 πάσχειν
3219 5406 3736 5472 συγκεχωρηκότος

2138 5490 2224 5544 διὰ
2257 5492 2359 5562 τὴν
2389 5488 2684 5560 ἁμαρτίαν,
2712 5489 2919 5560 ἰσχυροὶ
2946 5491 3044 5561 μὲν
3065 5486 3204 5561 ἦσαν
3227 5492 3276 5543 οἱ
3309 5490 3571 5560 πολέμιοι
3601 5513 3682 5550 κα
3695 5497 3737 5550 τ’
