3804 6220
121 278 233 334 657

1295 286 1667 346 EXPOSITIO
1724 291 1788 345 IN
1834 292 2172 349 PSALMOS.

3294 293 3399 350 658

123 389 293 443 αὐτοῦ
315 408 327 421 ·
359 391 558 453 πάντες
582 391 636 446 δὲ
655 393 793 463 μετὰ
811 395 1013 468 πολλῆς
1030 392 1131 470 τῆς
1161 400 1345 466 ἁδείας
1364 403 1433 457 τὰ
1451 403 1701 458 δοκοῦντα

1854 423 2113 476 Inucsque
2173 422 2299 460 cum
2348 407 2498 461 omni
2554 406 2771 470 fiducia,
2805 421 2925 475 qua:
2971 406 3074 462 sibi
3112 407 3400 476 piam-haut

122 480 473 536 διατιθέασαν
499 500 514 515 ο
550 479 687 553 ἦσαν
714 486 770 539 δὲ
812 489 933 541 τότε
972 492 1174 563 οἱπερὶ
1212 493 1303 546 τὸν
1354 494 1711 567 ’Δόεσσαλὼμ

124 572 494 638 πολεμοῦντες
532 576 727 629 αὐτόν’
777 579 938 633 τοῦτο
979 577 1071 634 οῦν
1119 600 1313 653 φησιν·
1350 584 1537 655 Μέχρι
1569 589 1714 641 πότε

124 665 181 715 οι
205 662 409 732 ἐχθροὶ
427 668 659 734 ὑψηλοὶ
684 669 812 721 κατ’
835 671 981 739 ἐμοῦ
1005 671 1287 738 ἔσονται;

713 823 1002 878 ΨΑΛΜΟΣ
1028 827 1126 879 ll".

193 930 347 1000 Στίχ.
391 939 466 997 ς’.
487 963 561 975 -
584 936 830 1005 Πτωχοῦ
868 938 961 991 τοῦ
1011 940 1249 1005 Ἐζεκίου
1282 942 1515 997 ἐνταῦθα
1546 944 1715 1012 λέγει,

123 1021 213 1075 διὰ
260 1023 323 1074 τὸ
365 1024 582 1092 ὀλίγους
634 1024 777 1096 ἔχειν
808 1028 935 1091 τοὺς
983 1030 1075 1085 ὑπ’
1107 1032 1289 1086 αὐτόν.
1324 1034 1529 1105 Βουλὴν
1562 1035 1619 1088 δὲ
1650 1035 1716 1104 ἢν

127 1115 546 1171 συνεϐούλευσεν
571 1120 682 1182 τοῖς
698 1119 994 1185 Ἰουδαίοις,
1014 1123 1189 1191 λέγων
1218 1134 1583 1197 καταφρονεῖν
1616 1135 1716 1203 μὲν

123 1208 354 1272 ἐκεῖνον,
393 1209 708 1264 πεποιθέναι
736 1211 791 1264 δὲ
820 1213 911 1265 ἐπὶ
949 1215 1038 1267 τὸν
1071 1217 1346 1287 Δεσπότην
1373 1236 1385 1249 ·
1407 1221 1565 1291 ὑμεῖς
1591 1225 1712 1292 μὲν,

124 1303 313 1369 φησὶν,
345 1304 569 1371 ἐγελᾶτε
594 1305 692 1376 τὴν
726 1306 922 1379 βουλὴν
953 1308 1142 1377 αὐτοῦς
1173 1314 1201 1366 ὁ
1235 1312 1292 1365 δὲ
1323 1314 1528 1386 Κύριος
1560 1316 1714 1382 ἐλπὶς

122 1394 290 1445 αὑτοῦ
322 1394 496 1449 ἐστιν.

192 1507 440 1578 Στίχ.ζ’.
478 1540 547 1552 --
588 1511 807 1584 Ἐπειδὴ
855 1515 950 1568 καὶ
986 1516 1087 1581 τὰς
1137 1517 1329 1583 θυσίας
1380 1521 1437 1573 ἐν
1471 1520 1549 1592 τῷ
1595 1523 1713 1593 ὄρει

122 1597 266 1648 Σιὼν
285 1600 581 1670 ἀναφέρειν
604 1606 1068 1676 προστεταγμένοι
1101 1604 1261 1679 ἦσαν,
1287 1613 1383 1666 καὶ
1414 1613 1513 1676 τὰς
1549 1631 1714 1683 προσ-

123 1689 299 1759 φορὰς
330 1693 424 1745 καὶ
463 1694 644 1746 πᾶσαν
677 1696 857 1749 αὐτῶν
884 1697 983 1767 τὴν
1021 1699 1281 1771 λατρείαν
1298 1704 1415 1755 ἐκεῖ
1441 1706 1709 1758 ἐπιτελεῖν

1818 500 2196 553 .nstituebant.
2231 497 2600 551 Erantautcm
2637 513 2700 551 ex
2736 498 2982 567 partibus
3018 498 3271 552 Ahs:dom
3306 498 3399 567 qui

1814 586 2082 640 adversus
2117 586 2268 639 illum
2307 586 2726 654 prmliabantur;
2761 585 2883 640 ideo
2908 586 3041 640 dicit
3076 606 3087 639 :
3126 585 3400 657 Usqucquo

1815 677 2018 730 inimici
2048 676 2423 731 excitabuntur
2446 686 2633 729 centra
2663 692 2743 731 me
2766 677 2790 729 ?

2371 824 2696 879 PSALMUS
2726 824 2870 878 Xlll.

1886 937 2056 993 Vsus.
2093 939 2147 993 6.
2180 971 2247 980 ——
2278 939 2403 994 Haec
2453 940 2589 994 dicit
2633 939 2701 993 de
2730 938 2962 993 Ezecbia
2986 981 3000 1004 ,
3036 941 3186 1008 inope
3234 954 3400 992 causa

1817 1045 2119 1098 paucorum
2150 1031 2254 1085 sibi
2278 1031 2645 1085 subditorum.
2674 1029 2980 1085 Consilium
3005 1031 3151 1101 quod
3172 1030 3401 1085 dederat

1814 1124 2020 1182 Judaeis
2063 1126 2253 1187 dicens
2290 1128 2445 1183 illum
2499 1124 2896 1195 (Sennacherib)
2940 1141 3228 1196 spernere,
3260 1124 3403 1192 scip-

1818 1232 1939 1272 sum
1972 1234 2102 1272 vero
2127 1221 2181 1271 ln
2215 1217 2449 1273 Domino
2481 1216 2778 1272 conﬁdere.
2818 1216 2928 1273 Vos
2954 1225 3161 1279 autem,
3192 1216 3400 1285 inquit,

1819 1307 2054 1362 consilio
2088 1308 2210 1375 ejus
2242 1309 2479 1379 gaudete
2504 1325 2517 1374 ;
2542 1309 2801 1378 quoniam
2834 1308 3099 1363 Dominus
3131 1324 3256 1377 spes
3282 1305 3402 1377 ejus

1815 1408 1922 1452 CSI.

1887 1509 2055 1566 Vens.
2088 1512 2140 1566 ’1.
2178 1540 2241 1551 -
2271 1511 2409 1566 Cum
2449 1514 2615 1566 etiam
2648 1511 2861 1566 hostias
2909 1512 2962 1565 in
2996 1520 3232 1563 montem
3271 1508 3402 1563 Sion

1816 1602 2035 1660 deferre
2088 1605 2476 1673 sacriﬁciaque
2526 1620 2858 1674 onmcmque
2893 1604 3105 1657 cultum
3145 1603 3405 1670 perlicere

1815 1707 1880 1746 ex
1914 1693 2032 1763 lege
2060 1694 2348 1756 deberent,
2379 1693 2447 1749 de
2480 1695 2769 1763 praesentia
2798 1692 2893 1747 Dei
2925 1692 3015 1746 hic
3048 1694 3271 1745 sedente
3307 1706 3405 1761 po-

119 1774 265 1845 ἦσαν
316 1783 823 1854 νενομοθετημένοι,
884 1784 1029 1858 εἶχόν
1085 1807 1146 1843 τε
1168 1791 1324 1855 δόξαν
1357 1792 1431 1855 ὡς
1472 1794 1590 1847 ἐκεῖ
1616 1798 1701 1848 καὶ

1854 1793 1994 1837 :rant
2010 1784 2173 1839 etiam
2198 1784 2422 1854 gloriari
2451 1803 2464 1837 :
2492 1794 2780 1853 propterea
2805 1784 2942 1837 dicit
2973 1801 2987 1837 :
3013 1782 3143 1850 Quis
3175 1780 3317 1835 dabit
3341 1797 3407 1836 ea:

120 1872 215 1923 τοῦ
244 1872 384 1926 Θεοῦ
433 1876 794 1946 τυγχάνοντος
819 1894 832 1910 ·
872 1879 962 1933 διά
990 1881 1147 1934 τοῦτό
1189 1900 1373 1953 φησιν,
1405 1885 1502 1950 Τίς
1530 1885 1701 1940 δώσει

1854 1876 1945 1928 ion
1982 1874 2218 1928 salutare
2250 1873 2464 1929 Israel?
2511 1874 2560 1925 id
2607 1882 2722 1937 est,
2767 1872 2903 1938 Quis
2940 1887 3007 1926 ex
3048 1880 3232 1925 monte
3272 1868 3406 1923 Sion

120 1962 190 2014 ἐκ
217 1964 377 2017 Σιὼν
411 1966 476 2019 τὸ
502 1969 799 2035 σωτήριον
830 1971 939 2025 τοῦ
982 1972 1253 2042 Ἰσραήλ;
1286 1977 1586 2039 τουτέστιν,
1617 1978 1701 2041 Τίς

1856 1966 2085 2022 raabebit
2142 1967 2375 2023 salutem
2420 1966 2800 2034 auxiliumque
2846 1963 3043 2019 nobis?
3080 1974 3135 2016 ut
3162 1979 3227 2018 ex
3278 1962 3405 2017 reti-

120 2055 233 2108 ἀπὸ
266 2057 361 2110 τοῦ
412 2057 552 2110 Σιὼν
606 2060 765 2131 ὅρους
793 2063 1021 2133 παρέξει
1050 2064 1148 2136 τὴν
1183 2068 1462 2138 σωτηρίαν
1496 2071 1591 2122 καὶ
1618 2068 1715 2139 τὴν

124 2144 380 2213 βοήθειαν
407 2148 573 2216 ήμῖν;
601 2149 667 2200 ἵν’
695 2149 848 2221 εἴπῃ,
866 2152 924 2205 '0
957 2153 1112 2217 Θεὸς,
1146 2156 1285 2208 κατὰ
1310 2156 1713 2227 ἀποσιώπησιν,

120 2236 197 2299 ὡς
229 2238 663 2310 ὁμολογούμενον
695 2245 944 2314 σημήνας
981 2244 1039 2297 τὸ
1075 2247 1241 2316 μηδὲν
1270 2248 1457 2319 ἕτερον
1486 2244 1624 2303 εἶναι
1658 2252 1717 2304 ἐν

122 2327 199 2398 τῷ
226 2328 366 2382 Σιὼν
388 2328 479 2383 τὸν
508 2330 702 2395 σώζειν
734 2334 843 2387 ἀπὸ
869 2335 1153 2403 κινδύνων,
1185 2338 1218 2408 ἢ
1258 2339 1390 2393 Θεὸν
1422 2340 1606 2411 μόνον.

701 2468 998 2521 ΨΛΛΜΟΣ
1049 2470 1151 2525 IE'.

191 2577 342 2646 Στίχ.
381 2575 451 2631 α’.
484 2607 554 2618 -—
583 2580 810 2650 Ὄμοιὸς
845 2581 921 2651 (1)
956 2583 1074 2635 ἐστι
1116 2582 1194 2654 τῷ
1223 2585 1429 2656 ὲννάτῳ
1458 2587 1600 2640 κατὰ
1620 2587 1720 2658 τὴν

117 2666 403 2723 ὑπόθεσιν.
442 2669 733 2725 Κάνταῦθα
784 2672 891 2743 γὰρ
948 2674 1258 2745 εὐχαριστεῖ
1296 2676 1437 2748 ὑπὲρ
1484 2678 1584 2748 τῆς
1611 2679 1720 2732 τῶν

119 2760 419 2828 περιοίκων
448 2762 783 2833 ἀναιρέσεως
824 2765 1247 2835 τιμωρηθὲντων
1274 2767 1380 2820 ὑπὸ
1416 2767 1573 2831 Θεοῦ,
1608 2770 1635 2821 ὂ
1654 2770 1719 2841 δὴ

118 2852 214 2906 καὶ
236 2850 464 2918 γέγονεν
495 2854 581 2906 ἐπ’
606 2854 791 2907 αὐτοῦ.
832 2855 1066 2919 Πολλοὺς
1097 2857 1205 2928 γὰρ
1234 2858 1327 2911 καὶ
1357 2858 1556 2929 μικροῦ
1590 2862 1723 2914 πάνυ

117 2957 217 3003 τας
249 2942 380 3005 τοὺς
424 2943 737 3013 περιοίκους
765 2946 1151 3017 ἐτιμωρήσατο
1189 2946 1277 3001 διὰ
1332 2950 1431 3020 τῆς
1462 2949 1555 3002 τοῦ
1583 2949 1717 3003 Θεοῦ

122 3035 468 3104 συμμαχίας.
498 3036 750 3091 Ἃπαντα
804 3038 987 3109 μέντοι
1036 3039 1107 3092 τὰ
1157 3039 1251 3093 τοῦ
1297 3040 1515 3112 ψαλμοῦ
1550 3043 1625 3105 ὡς
1654 3044 1719 3096 ἐκ

1816 2058 1997 2112 centia
2038 2059 2387 2127 respondeat,
2416 2057 2592 2118 Deus;
2629 2056 2787 2127 quasi
2829 2070 2897 2109 ex
2923 2055 3047 2123 jure
3091 2054 3403 2122 signiﬁcans

1817 2151 2028 2203 nullum
2060 2150 2227 2203 alium
2267 2165 2389 2205 esse
2419 2151 2474 2203 in
2506 2150 2608 2203 hoc
2654 2156 2838 2203 monte
2871 2146 2938 2202 ad
2976 2146 3298 2203 salvandmu
3334 2163 3402 2199 ex

1820 2242 2082 2314 periculis
2112 2242 2218 2297 nisi
2244 2242 2423 2300 solum
2454 2241 2649 2297 Deum.

2356 2466 2693 2524 PSALMUS
2757 2466 2873 2520 XV.

1899 2582 2057 2638 Vens.
2090 2582 2140 2637 1.
2174 2610 2245 2623 --
2282 2579 2379 2633 Hie
2417 2580 2664 2651 psalmus
2689 2593 2834 2633 nono
2862 2575 3059 2635 similis
3087 2586 3195 2642 est,
3228 2592 3404 2648 quan-

1822 2683 1934 2729 tum
1964 2674 2028 2728 ad
2061 2679 2467 2743 argumentum.
2500 2669 2635 2723 Nam
2693 2670 2865 2726 etiam
2892 2669 2985 2725 hic
3021 2670 3231 2740 gratias
3265 2669 3401 2741 agit,

1821 2776 2044 2836 propter
2083 2763 2431 2820 eversionem
2488 2761 2728 2817 hostium
2778 2759 3161 2824 ﬁnitimorum,
3203 2774 3233 2813 a
3290 2756 3407 2815 Deo

1822 2858 2179 2928 punitorum;
2226 2854 2374 2925 quod
2435 2854 2601 2908 etiam
2656 2852 2763 2922 ipsi
2813 2852 3062 2923 contigit.
3126 2852 3405 2906 Plurimos

1822 2950 1993 3013 enim,
2040 2958 2096 3001 et
2127 2945 2241 3002 fere
2277 2961 2471 3001 omnes
2521 2944 2731 2999 vicinos
2765 2945 2914 2999 ultus
2954 2951 3059 3007 est,
3098 2944 3409 3014 opitulante

1823 3039 1954 3094 Deo.
1995 3038 2166 3093 Porro
2193 3038 2373 3093 omnia
2404 3052 2525 3107 qum
2561 3036 2615 3090 in
2648 3036 2858 3106 psalmo
2891 3036 3266 3100 continentur,
3298 3035 3404 3091 sub

119 3100 417 3195 προσώπου
450 3126 543 3179 τοῦ
588 3126 718 3181 λαοῦ
747 3100 934 3200 φησιν.
972 3130 1191 3201 Ἐπειδὴ
1219 3100 1328 3202 γὰρ
1362 3100 1621 3204 ἐκεῖνομὶ
1650 3128 1701 3203 ἧι

1854 3128 2008 3199 ιορυιὶ
2071 3141 2307 3198 persona
2375 3100 2664 3196 loquitur.-
2718 3123 3175 3194 Quandoquidem
3255 3124 3403 3180 enim

118 3215 323 3287 κέρδος·
359 3218 393 3287 ὴ
440 3220 548 3271 τῶν
577 3219 787 3291 ἐχθρῶν
830 3221 1128 3291 ἀναίρεσις,
1178 3222 1420 3287 ἐκείνους
1474 3225 1716 3278 διδάσκει

116 3309 274 3372 ὅπως
321 3310 520 3375 αὐτοὺς
553 3312 839 3382 προσήκει,
873 3314 971 3367 καὶ
1012 3315 1155 3367 τίσιν
1210 3314 1583 3385 κεχρημένους
1607 3318 1719 3378 τοῖς

118 3401 388 3471 ῥήμασιν,
420 3402 762 3473 εὐχαριστεῖν
778 3404 857 3463 τῶ
879 3405 997 3459 Θεῶ
1021 3407 1163 3477 ὑπὲρ
1190 3408 1287 3477 τῆς
1312 3407 1421 3460 τῶν
1446 3408 1718 3488 πολεμίων

116 3491 489 3561 ἀναιρέσεως.

194 3583 347 3653 Στίχ.
381 3584 455 3649 ς’.
489 3615 561 3626 -—
601 3587 819 3657 Ἐπειδὴ
868 3588 943 3659 (2)
980 3589 1231 3659 σχοινίοις
1277 3590 1365 3643 ἀεὶ
1401 3590 1715 3661 μετρεῖσθαι

120 3674 375 3743 πέφυκεν
410 3677 442 3746 ή
466 3676 559 3746 γῆ·
579 3676 766 3748 ὥσπερ
792 3678 849 3731 δὲ
878 3678 1107 3733 ἕκαστον
1137 3680 1289 3743 ἔθνος
1320 3680 1455 3734 ἰδίαν
1476 3675 1589 3750 εἶχε
1614 3682 1716 3752 γῆν

119 3768 192 3836 ἢν
217 3766 481 3837 κατῴκει,
507 3768 649 3822 οὕτω
664 3771 758 3823 καὶ
786 3770 863 3840 τῷ
877 3770 990 3841 λαῷ
1009 3772 1115 3825 τῶν
1132 3772 1501 3843 Ἰσραηλιτῶν,
1524 3772 1675 3826 ὥσπε
1683 3791 1715 3844 ρ

125 3856 267 3910 ἰδίαν
324 3857 450 3911 τινὰ
503 3860 608 3928 γῆν
648 3861 1044 3933 ἀπεκλήρωσεν
1071 3866 1171 3934 τὴν
1204 3865 1303 3935 τῆς
1345 3866 1677 3933 ἐπαγγελίας
1701 3882 1713 3894 ·

121 3947 291 4000 τοῦτο
317 3947 567 4017 βούλεται
596 3950 799 4018 λέγειν,
839 3954 922 4005 ὅτι
946 3954 1158 4023 ’Ὠσπερ
1193 3956 1332 4008 κατά
1362 3956 1717 4028 διαμέτρησιν

126 4038 419 4109 ἐκληρὼοη
481 4058 570 4111 μοι
597 4043 658 4095 τὸ
711 4044 933 4110 ἄριστον
986 4046 1155 4115 μέρος
1192 4047 1289 4117 τῆς
1326 4047 1428 4116 γῆς
1456 4064 1467 4077 ·
1495 4049 1555 4100 τὸ
1583 4048 1717 4118 γὰρ,

130 4132 421 4194 Ἔπεσεν,
454 4132 575 4185 ἀντὶ
600 4131 717 4195 τοῦ,
756 4133 1097 4204 Ἐκληρώθη,
1141 4134 1206 4186 ἐκ
1257 4138 1568 4206 μεταφορᾶς
1611 4136 1718 4190 τῶν

130 4219 368 4291 κλήρων,
397 4221 471 4284 Co;
501 4224 594 4275 καὶ
621 4225 678 4275 ὲν
698 4226 816 4287 ταῖς
840 4223 1079 4296 Πρὰξεσί
1102 4242 1285 4296 φησιν’
1312 4226 1421 4281 Καὶ
1443 4227 1667 4281 ἔπεσεν
1686 4230 1719 4281 ὁ

124 4311 357 4378 κλῆρος
384 4312 484 4366 ἐπὶ
516 4314 806 4368 Ματθίαν.

1820 3216 2175 3276 eversionem
2220 3217 2568 3273 inimicorum
2634 3216 2739 3272 sibi
2807 3217 2961 3271 lucro
3026 3215 3404 3286 apponebant,

1820 3314 1978 3367 docet
2006 3325 2102 3366 eos
2134 3309 2409 3380 quomodo
2458 3310 2609 3379 ipsos
2639 3308 2830 3363 deceat
2852 3347 2866 3370 ,
2900 3317 2952 3363 et
2982 3309 3183 3377 quibus
3222 3307 3404 3364 verbis

1819 3402 1890 3456 ob
1917 3399 2156 3456 hostium
2190 3400 2533 3453 eversionem
2571 3397 2677 3453 Deo
2707 3397 2915 3468 gratias
2946 3411 3127 3467 agere.

1891 3580 2057 3635 Vens.
2092 3580 2145 3636 6.
2174 3610 2241 3620 —
2273 3578 2409 3634 Cum
2445 3578 2669 3634 funibus
2704 3594 2922 3648 semper
2975 3586 3179 3633 terram
3216 3580 3403 3635 metiri

1821 3673 2053 3737 soleant,
2087 3672 2548 3742 quemadmodum
2589 3685 2933 3739 unaquaeque
2985 3684 3119 3740 gens
3163 3667 3401 3724 habebat

1819 3779 1984 3835 quam
2026 3772 2226 3818 terram
2260 3762 2566 3826 habitabat,
2605 3762 2677 3815 ita
2720 3776 2943 3831 quoque
3003 3760 3108 3816 hoc
3142 3761 3259 3814 vult
3304 3776 3400 3829 po-

1823 3857 1951 3927 pulo
2015 3855 2322 3911 Israelitico
2354 3854 2571 3909 dicere:
2611 3851 3081 3922 quemadmodum
3118 3851 3401 3923 propriam

1820 3949 2116 4020 quamdam
2146 3954 2349 4002 terram
2389 3962 2456 4001 ex
2501 3946 2869 4016 promissione
2901 3945 3236 4007 obtinuerat,
3273 3944 3401 3998 mihi

1822 4042 1970 4098 sicut.
1993 4056 2059 4095 ex
2081 4054 2341 4094 mensura
2366 4039 2576 4109 optima
2609 4053 2737 4107 pars
2766 4044 2929 4093 terra:
2956 4037 3165 4091 cecidit.
3198 4035 3400 4090 Cecidit

1821 4132 2051 4202 ponitur
2085 4146 2186 4201 pro
2220 4131 2441 4185 sortitus
2474 4145 2612 4192 sum,
2655 4145 2720 4183 ex
2773 4129 3093 4198 metaphora
3142 4128 3396 4191 sortium,

1820 4221 2284 4293 quemadmodum
2338 4221 2504 4276 etiam
2534 4221 2590 4275 in
2628 4221 2857 4275 Actibus
2884 4220 3087 4275 dicitur
3114 4239 3126 4273 :
3158 4220 3222 4273 Et
3262 4221 3398 4274 ceci-

1822 4315 1899 4369 dit
1928 4331 2044 4368 sors
2066 4330 2223 4381 super
2248 4313 2553 4369 Matt/tiam.
2590 4314 2728 4382 (Act.
2760 4329 2798 4376 ι,
2824 4313 2941 4379 9.6.)

196 4424 349 4494 Στίχ.
365 4423 431 4487 ζ’.
447 4425 735 4479 -ηυύκοῦν
759 4427 1139 4499 εὐχαριστήσω
1163 4446 1244 4482 σοι
1269 4429 1409 4500 ὑπὲρ
1434 4431 1701 4495 ἁπάντων,

1896 4428 2065 4484 Vsus.
2096 4428 2150 4480 7.
2181 4458 2250 4470 —
2278 4426 2404 4482 Ideo
2442 4426 2649 4498 gratias
2690 4441 2791 4495 ago
2819 4425 2911 4479 tibi
2943 4434 3164 4494 propter
3190 4424 3393 4486 omnia.

120 4518 205 4570 i'm
236 4517 302 4570 ού
329 4517 493 4588 μόνον
527 4520 631 4588 γῆν
672 4536 759 4588 μοι
792 4519 1032 4582 δέδωκας
1064 4520 1342 4592 ἐξαίρετον
1382 4524 1460 4585 εἰς
1492 4522 1708 4591 κτῆσιν,

119 4605 238 4659 ἀλλ’
268 4607 351 4659 ὅτι
381 4606 474 4660 καὶ
496 4606 711 4660 σύνεσιν
766 4607 1038 4678 παρέσχες
1069 4608 1161 4661 καὶ
1194 4609 1388 4678 σοφίαν
1422 4609 1516 4663 τοῦ
1542 4612 1714 4681 πράτ-

119 4715 237 4751 τειν
262 4698 300 4752 ἆ
320 4699 385 4769 δὴ
420 4698 864 4771 [ἐ]νομοθετήσας
891 4700 1020 4772 περὶ
1039 4702 1139 4772 τὴν
1160 4701 1269 4755 τῶν
1305 4703 1591 4773 πρακτέων
1621 4702 1716 4755 καὶ

122 4790 236 4843 τῶν
274 4791 350 4860 μὴ
376 4790 659 4845 τοιούτων.

197 4988 346 5057 Στίχ.
384 4995 454 5059 η’.
472 5018 542 5029 --
567 4990 667 5043 Διὰ
690 4989 866 5044 τοῦτο’
891 4993 1080 5059 ποῖον;
1119 4992 1333 5063 Ἐπειδὴ
1355 4996 1721 5062 Προωρώμην

1816 4536 1883 4577 eo
1919 4521 2067 4591 quod
2101 4534 2208 4574 non
2247 4518 2424 4574 solum
2463 4519 2597 4572 mihi
2633 4527 2837 4574 terram
2874 4517 3148 4585 egregiam
3192 4514 3395 4570 dedisti

1818 4616 1873 4667 in
1910 4612 2343 4683 possessionem,
2381 4608 2478 4664 sed
2514 4609 2680 4664 etiam
2726 4608 2869 4678 quod
2917 4606 3269 4676 prudentiam
3305 4620 3398 4660 sa-

1819 4705 2189 4777 pientiamque
2221 4700 2548 4757 concessisti
2598 4701 2666 4754 ad
2725 4699 2976 4754 facienda
3028 4712 3158 4768 quae
3194 4712 3397 4767 praece-

1821 4796 1953 4867 pisti
1982 4796 2048 4851 de
2079 4794 2187 4859 his,
2221 4792 2455 4859 scilicet,
2494 4807 2615 4862 quae
2667 4790 2877 4864 agenda
2910 4797 3041 4845 sunt
3092 4802 3157 4843 ac
3186 4787 3253 4843 de
3309 4786 3397 4843 his

1822 4903 1946 4959 qua:
1976 4903 2087 4941 non
2119 4884 2348 4957 agenda.

1895 4996 2060 5051 Vens.
2092 4995 2146 5051 8.
2170 5024 2240 5035 —
2269 4994 2501 5063 Propter
2550 4992 2657 5047 hoc
2706 4991 2985 5062 quodnam
3041 4989 3399 5060 (oﬂ‘eram)?

3480 5088 3492 5100 Ι

125 5081 351 5147 Κύριον
373 5078 633 5135 ἐνώπιόν
666 5100 786 5150 μου
830 5083 1178 5148 διαπαντὸς,
1212 5085 1307 5137 καὶ
1339 5086 1438 5138 οὐκ
1472 5086 1701 5154 ἀπεσφόι

1854 5087 1960 5141 lum
1996 5084 2322 5154 providerem
2340 5084 2628 5138 Dominum
2655 5085 2708 5138 in
2734 5093 3010 5152 conspectu
3039 5098 3151 5137 meo
3173 5097 3397 5151 semper,
3433 5112 3444 5175 ‘-

122 5172 248 5239 λην,
283 5172 471 5241 φησιν,
498 5172 608 5227 τῶν
658 5174 890 5228 ἐλπίδων
911 5192 927 5208 ο
961 5175 1076 5229 ἀλλ’
1114 5176 1301 5245 ἐπειδὴ
1324 5178 1413 5230 ἀεὶ
1441 5177 1539 5247 τὴν
1570 5178 1701 5249 ποιρέ

1854 5194 1949 5243 cc,
1984 5178 2183 5248 inquit,
2211 5193 2242 5231 a
2270 5192 2368 5247 spe
2399 5176 2728 5243 frustrarer;
2760 5175 2857 5232 sed
2890 5191 3015 5231 cum
3050 5190 3317 5247 sempera
3343 5183 3399 5231 te

129 5261 225 5313 τοῦ
255 5262 669 5334 προσεδεχόμην
706 5264 979 5337 βοήθειαν,
1016 5266 1203 5338 ἔτυχον
1243 5261 1318 5321 ὧν
1357 5268 1601 5339 ἐξῄτουν,
1627 5272 1701 5323 κα

1854 5269 2171 5338 tdjutorium
2222 5268 2553 5336 acciperem,
2595 5281 2718 5336 quae
2752 5265 3097 5336 postulabam
3126 5265 3259 5320 mihi
3298 5264 3399 5321 ob-
3428 5264 3439 5333 ξ

124 5355 187 5405 ὲν
219 5352 535 5425 εὐφροσύνῃ
564 5355 835 5426 κατέστην
856 5357 1024 5429 πολλῇ

200 5466 353 5535 Στίχ.
377 5473 427 5518 ι’.
449 5497 519 5505 —-
547 5467 843 5521 Κάνταῦθα
870 5470 1032 5524 πάλιν
1058 5471 1168 5525 ἀπὸ
1188 5473 1287 5543 τῆς
1312 5472 1489 5542 ψυχῆς
1518 5471 1579 5526 τὸ
1598 5472 1719 5525 ὅλον

123 5559 306 5611 καλεῖ·
351 5558 671 5614 ’Δπολαύσω
699 5560 756 5613 δὲ
786 5562 1008 5627 τούτων,
1034 5564 1220 5637 φησιν,
1253 5565 1437 5637 ἐπειδὴ
1468 5582 1536 5635 με
1560 5564 1722 5629 αὐτὸς

210 5736 296 5808 (ί)
326 5735 530 5793 Iterum
554 5754 621 5793 cx
656 5738 941 5796 Corderio.

1826 5367 2113 5423 venerunt,
2147 5365 2312 5429 atque
2337 5358 2393 5413 in
2431 5372 2628 5429 magna
2656 5358 2844 5413 lzetitia
2877 5358 3212 5413 constitutus
3247 5372 3394 5412 sum.
3423 5362 3439 5415 ἐ

1899 5471 2062 5525 Vens.
2098 5471 2183 5524 10.
2219 5470 2386 5524 --lbi
2418 5471 2653 5525 animam
2703 5486 2919 5525 omnem
2969 5484 3256 5540 personam
3294 5484 3396 5520 vn-

1828 5572 1935 5619 cat.
1969 5562 2067 5617 His
2109 5563 2365 5617 omnibus
2420 5562 2593 5631 fruar,
2651 5563 2849 5633 inquit,
2892 5578 3018 5617 cum
3077 5559 3398 5617 custodiens

1911 5739 1988 5811 (ι)
2032 5738 2137 5795 Mai
2167 5739 2299 5797 ibid.
2329 5756 2381 5811 p.
2406 5740 2532 5796 σοι.
