3804 6220
405 306 516 366 σεο

1572 319 1921 379 TIIEODORI
1955 321 2442 380 MOPSUESTENI

3546 324 3644 380 ϐω

405 438 494 477 me
531 421 584 476 in
620 424 880 492 periculis
942 429 1118 496 perire
1175 447 1280 483 nou
1339 433 1514 498 sinas,
1579 452 1680 490 uec
1737 454 1822 493 me
1872 439 1976 494 illis

2105 437 2370 506 ρυλάττων
2389 439 2487 491 οὐκ
2532 439 2626 508 ἐᾷς
2682 439 3038 493 ἐναπολέσθαι
3065 441 3174 502 τοῖς
3215 435 3497 499 κινδύνοις,
3531 436 3644 488 οὐδὲ

405 517 872 585 corrumpendum
921 521 1143 586 trades;
1207 535 1574 596 sanctumque
1623 543 1828 584 vocans
1877 546 1975 600 po-

404 611 592 680 pulum
620 613 640 679 (
666 612 1023 668 lsraeli’ticum
1046 614 1065 684 )
1089 614 1156 671 ad
1191 615 1616 675 discernendum
1648 621 1718 676 ab
1747 622 1872 678 aliis
1906 623 1976 676 ob

409 701 505 757 Dei
546 705 938 774 cognitionem.

474 858 642 916 Vens.
679 863 764 918 Η.
799 893 868 904 -
892 863 975 918 Ex
1006 877 1148 919 vuttu
1181 876 1292 929 tuo,
1323 868 1374 922 id
1402 879 1504 930 est,
1556 871 1628 922 Ex
1671 877 1759 924 tua
1797 873 1975 925 mani-

407 949 700 1008 festatione
748 960 914 1025 atque
961 954 1235 1025 adjutorio
1298 957 1600 1026 adimpleor
1654 959 1864 1012 lzetitia.
1904 987 1975 1000 ~—

403 1043 970 1101 Animadvertendum
1014 1057 1100 1104 est
1151 1059 1329 1104 autem
1395 1067 1612 1120 quoque
1671 1051 1755 1107 his
1795 1053 1977 1108 verbis

407 1135 532 1189 linis
563 1137 757 1206 psalmi
800 1137 1018 1194 beatum
1051 1143 1360 1210 apostolum
1392 1141 1612 1197 Petrum
1649 1145 1704 1197 in
1747 1144 1976 1199 Actibus

406 1225 634 1296 (11,25)
667 1235 726 1281 ut
765 1227 833 1283 de
863 1227 1090 1286 Domino
1135 1227 1299 1286 dictis
1350 1249 1508 1288 usum
1566 1233 1758 1292 fuisse.
1807 1233 1978 1290 Porro

406 1317 690 1372 sciendum
712 1326 798 1375 est
825 1321 1018 1376 eodem
1049 1337 1217 1378 sensu
1249 1324 1364 1380 haec
1401 1327 1562 1380 verba
1598 1336 1727 1381 tunc
1757 1342 1786 1380 a
1817 1327 1978 1383 beato

407 1407 572 1464 Petro
603 1410 845 1467 adhibita
875 1412 1068 1478 fuisse,
1100 1430 1226 1470 cum
1263 1424 1392 1471 tune
1436 1418 1504 1472 ad
1537 1417 1997 1476 convincendum

407 1502 625 1557 dixerit.
664 1501 895 1573 Proprie
935 1516 1140 1570 autem,
1201 1516 1254 1563 et
1298 1509 1454 1578 juxta
1509 1525 1699 1566 verum
1756 1527 1977 1568 sensum

404 1594 722 1658 verborum,
743 1596 870 1651 dico
895 1607 1151 1652 eventum
1178 1599 1380 1656 habere
1409 1601 1464 1656 iu
1497 1601 1748 1666 Domino,
1774 1604 1840 1660 de
1869 1623 1979 1676 quo

407 1699 628 1756 quoque
680 1689 734 1742 in
788 1688 1159 1744 testimonium
1215 1707 1351 1753 usus
1403 1701 1530 1760 est,
1577 1697 1737 1765 quasi
1793 1713 1976 1753 rerum

405 1785 602 1834 eventu
631 1777 700 1834 de
728 1779 824 1836 illo
839 1780 1150 1837 evidentius
1168 1784 1542 1839 testimonium
1579 1787 1851 1857 pratbente
1874 1790 1974 1846 (ll.

932 2113 1260 2174 PSALMUS
1297 2117 1433 2173 XVI.

477 2244 644 2302 Vens.
673 2247 724 2303 6.
757 2279 826 2288 —
848 2243 1074 2304 Mutatio
1105 2253 1369 2321 temporis
1407 2251 1548 2307 facta
1578 2262 1684 2317 est,
1718 2254 1840 2308 loco
1867 2252 1979 2308 Ex-

408 2333 508 2388 tuli
546 2333 808 2404 quoniam
837 2336 1068 2392 exaudis
1096 2353 1205 2404 me,
1234 2341 1494 2410 quoniam
1526 2342 1802 2398 cxaudisti
1834 2358 1942 2398 me.

481 2556 652 2615 Vsus.
687 2559 741 2615 8.
773 2589 843 2600 —
874 2559 932 2614 Id
959 2569 1045 2616 ext
1091 2562 1475 2617 resistentibus
1524 2565 1801 2634 adiutorio
1845 2574 1978 2631 tuo;

404 2658 532 2704 cum
567 2649 712 2704 enim
751 2647 990 2716 dixerit,
1029 2650 1138 2718 Qui
1159 2651 1332 2706 salvos
1363 2652 1497 2720 facis
1531 2663 1799 2722 sperantes
1831 2654 1886 2706 in
1933 2665 1984 2708 te

406 2740 498 2812 (ν.
523 2740 555 2794 7
581 2741 640 2811 );
675 2742 1029 2812 sperantibus
1077 2751 1259 2798 autem
1297 2744 1353 2798 in
1384 2760 1452 2799 eo
1499 2746 1776 2800 succurrit
1817 2757 1983 2817 atque

409 2830 739 2897 auxiliatur,
802 2833 1121 2890 resistentes
1174 2851 1304 2890 vero
1365 2836 1721 2906 sperantibus
1775 2837 1985 2894 auxilio

408 2939 514 2980 suo
538 2925 714 2982 bonos
741 2926 898 2980 dixit.

480 3013 745 3072 Dominus
803 3006 1121 3087 susccptor,
1167 3018 1422 3087 quoniam
1478 3017 1702 3089 adjuvat
1737 3034 1842 3082 me,
1882 3021 1982 3076 nec

409 3107 544 3164 sinit
585 3122 675 3164 me
706 3109 960 3177 perverti.
997 3108 1131 3164 Illud
1166 3110 1310 3164 enim
1347 3129 1360 3164 :
1397 3111 1437 3162 Α
1467 3111 1671 3165 dextris
1707 3121 1785 3166 est
1830 3111 1983 3177 mihi,

408 3216 474 3255 ne
510 3215 853 3264 commoveor,
888 3199 1029 3255 idem
1075 3209 1161 3256 est
1203 3209 1386 3271 atque.
1419 3202 1713 3257 auxiliatur
1750 3204 1918 3272 mibi;
1954 3221 1984 3260 a

411 3291 603 3347 dextra
646 3292 856 3349 scilicet
891 3302 943 3348 et
975 3293 1174 3363 potiori
1212 3302 1369 3364 parte
1392 3293 1666 3350 auxilium
1699 3310 1924 3352 vocans.

483 3425 650 3482 Vsus.
685 3427 772 3481 10.
801 3456 871 3468 -—
904 3426 1017 3491 Sic,
1053 3426 1252 3499 inquit,
1285 3427 1503 3483 delicati
1539 3439 1691 3496 sunt,
1720 3429 1794 3484 ita
1825 3437 1888 3484 ut
1919 3445 1990 3486 ne

412 3520 581 3576 ullius
621 3521 846 3576 turbent
900 3522 1182 3578 mollitiem
1216 3532 1434 3588 cavent,
1472 3523 1794 3579 conclusum
1841 3524 1985 3580 enim

411 3613 560 3668 hunc
593 3612 810 3683 adipem
854 3614 909 3668 in
960 3628 1156 3684 magna
1199 3615 1502 3671 securitate
1547 3617 1984 3674 constituerunt.

410 3702 557 3759 Dicit
585 3705 955 3761 conduxerunt
988 3721 1088 3775 pro
1105 3707 1510 3775 prosperitatem
1533 3724 1685 3762 suam
1710 3707 1764 3762 in
1793 3725 1987 3779 magna

411 3797 698 3852 securitate
730 3795 941 3864 habent,
977 3797 1052 3851 ita
1093 3805 1151 3851 ut
1189 3798 1374 3854 nullus
1426 3814 1593 3855 casus
1628 3799 1737 3856 illis
1786 3800 1989 3855 timen-

414 3888 516 3943 dus
550 3888 642 3952 sit,
676 3903 743 3943 ne
767 3889 983 3943 dicatur
1014 3889 1138 3943 vitae
1171 3887 1480 3944 felicitatem
1515 3889 1850 3959 perdidisse.

484 4110 653 4166 Vsus.
683 4111 865 4164 ll.—
893 4110 973 4164 Ad
1020 4110 1124 4164 hoc
1171 4112 1501 4179 respiciunt,
1545 4122 1718 4180 atque
1763 4109 1830 4164 ad
1889 4109 1994 4164 hoc

419 4202 556 4257 totis
588 4200 799 4257 viribus
836 4201 1092 4264 tendunt,
1122 4211 1181 4256 ut
1210 4218 1295 4257 me
1337 4219 1402 4258 ex
1445 4212 1594 4256 terra
1622 4201 1986 4266 haereditatis,

423 4289 480 4349 id
505 4299 618 4359 est,
647 4308 714 4347 ex
743 4298 889 4348 terra
925 4292 1311 4349 promissionis
1337 4294 1628 4351 deoellant.

2083 526 2424 598 παραδώσεις
2465 547 2535 599 με
2574 530 2934 600 διαφθαρῆναι
2990 529 3080 582 ὑπ’
3113 528 3312 582 αὐτῶν·
3353 529 3496 580 ὅσιον
3525 529 3645 578 κά»-

2079 617 2254 672 ταῦθα
2282 619 2372 672 τὸν
2403 618 2531 674 λαὸν
2569 619 2772 683 καλῶν,
2801 620 2938 690 πρὸς
2967 617 3374 686 ἀντιδιαστολὴν
3407 616 3649 678 ἐκείνων,

2081 709 2157 766 ὡς
2181 709 2372 781 ἔχοντα
2400 710 2492 764 τοῦ
2523 710 2658 764 Θεοῦ
2691 711 2790 780 τὴν
2818 710 3040 779 γνῶσιν.

2154 859 2299 930 Στίχ.
2327 867 2413 914 ια’.
2449 888 2516 900 -—-
2543 861 2686 913 Ἀντὶ
2727 859 2844 924 τοῦ,
2863 861 2963 915 Ἐκ
2996 860 3320 927 προσώπου
3350 875 3486 922 σου,
3511 875 3652 911 τουτ-

2084 949 2332 1012 έστι,Ἐκ
2360 951 2460 1020 τῆς
2492 950 2812 1020 ἐπιφανείας
2855 967 2947 1002 σου
2980 949 3073 1002 καὶ
3102 949 3199 1018 τῆς
3229 949 3376 1019 παρά
3405 948 3497 1001 σοῦ
3531 947 3625 1018 βοη

2085 1041 2234 1106 θείας
2283 1040 2602 1113 πληροῦμαι
2645 1041 3004 1112 εὐφροσύνης.
3037 1039 3555 1112 -Ἐπισημαντέον
3603 1039 3656 1091 δὲ

2085 1133 2363 1188 κάνταῦθα
2395 1136 2477 1188 ὅτι
2509 1137 2624 1198 τοῖς
2671 1133 3004 1196 τελευταίοις
3034 1130 3129 1185 τοῦ
3161 1132 3375 1201 ψαλμοῦ
3414 1133 3443 1184 ὁ
3480 1131 3656 1202 μακάο

2089 1243 2201 1296 ριος
2229 1226 2525 1290 ἀπόστολος
2553 1225 2758 1295 Πέτρος
2790 1227 2848 1278 ὲν
2880 1226 3000 1288 ταῖς
3037 1222 3274 1294 Πράξεσι
3305 1223 3382 1286 ὼς
3408 1223 3537 1290 περὶ
3565 1221 3656 1274 τοῦ

2085 1318 2291 1388 Κυρίου
2333 1317 2644 1388 εἰρημένοις
2694 1316 2985 1386 ἐχρήσατο.
3003 1313 3198 1367 ’ἰστέον
3224 1314 3402 1366 τοίνυν
3428 1314 3509 1366 ὃτι
3535 1313 3647 1366 κάν

2094 1411 2268 1464 ταῦθα
2286 1411 2428 1464 κατά
2444 1411 2542 1478 τὴν
2555 1409 2721 1479 αὐτὴν
2749 1408 2956 1462 ἔννοιαν
2970 1407 3282 1477 ἐξείληπται
3304 1405 3380 1475 τῷ
3411 1404 3659 1476 μακαρίῳ

2099 1503 2423 1571 Ἀποστόλῳ·
2457 1500 2644 1572 ἐπειδὴ
2694 1499 2928 1552 ἐνταῦθα
2979 1499 3076 1569 μὲν
3122 1495 3660 1567 προτρεπτικώτερον

2087 1591 2332 1663 εἴρηταιο
2366 1590 2572 1660 κυρίως
2592 1590 2647 1642 δέ
2679 1589 2774 1642 καὶ
2805 1587 2945 1641 κατά
2973 1587 3070 1658 τὴν
3098 1587 3272 1658 ἀληθῆ
3305 1586 3537 1648 ἔννοιαν,
3568 1585 3656 1654 “rip.

2087 1684 2223 1755 πρὸς
2243 1684 2311 1736 τὰ
2333 1683 2469 1754 ρητά
2492 1683 2658 1752 λέγω,
2688 1683 2787 1754 τὴν
2813 1681 3034 1736 ἔκϐασιν
3058 1681 3170 1752 ἔχει
3196 1681 3288 1732 ἐπὶ
3312 1678 3406 1732 τοῦ
3436 1677 3659 1748 Κυρίου,

2089 1777 2173 1843 ἐφ’
2201 1769 2262 1828 οὗ
2289 1775 2380 1828 καὶ
2412 1776 2479 1844 τῇ
2508 1774 2783 1845 μαρτυρίᾳ
2809 1773 3106 1843 ἐχρήσατο’
3137 1771 3211 1835 ὼς
3247 1771 3350 1840 τῆς
3377 1769 3486 1823 τῶν
3533 1786 3662 1838 πρα-

2081 1867 2306 1936 γμάτων
2333 1864 2608 1928 ἐκϐάσεως
2649 1865 2735 1918 ἐπ’
2761 1863 2923 1918 αὑτοῦ
2956 1862 3293 1936 κυριωτέραν
3320 1862 3419 1931 τὴν
3457 1878 3660 1932 μαρτυ-

2085 1957 2205 2029 ρίαν
2233 1957 2530 2026 ἀποφαινού
2539 1974 2654 2020 στες.

2655 2113 2942 2166 ΨΑΑΜΟΣ
2979 2114 3100 2180 ις’.

2154 2251 2300 2320 Στίχ.
2343 2256 2417 2315 ς’.
2436 2278 2507 2292 -
2537 2248 2829 2318 Ἐναλλαγὴ
2855 2248 3047 2320 χρόνου
3072 2263 3379 2318 γεγενηται,
3407 2246 3528 2300 ἀντὶ
3551 2244 3661 2308 τοῦ,

2083 2334 2274 2409 ’Δρονο
2325 2338 2419 2393 τοῦ
2466 2339 2586 2392 Ὅτι
2636 2337 2924 2401 ἐπακούεις
2972 2355 3096 2408 μοι,
3142 2337 3268 2391 Ὅτι
3320 2333 3666 2403 ἐπήκουσάς

2079 2448 2220 2503 μου.

2156 2568 2303 2637 Στίχ.
2331 2574 2402 2636 η’.
2433 2595 2504 2608 -
2528 2567 2834 2628 Τουτέστιν,
2854 2563 3323 2630 Ἀνθεστηκότων
3351 2561 3417 2631 τῇ
3450 2557 3662 2628 βοηθείᾳ

2089 2677 2182 2714 σου
2204 2676 2216 2689 '
2253 2658 2440 2730 ἐπειδὴ
2472 2657 2582 2728 γὰρ
2614 2654 2791 2721 εἶπεν,
2817 2657 2878 2710 '0
2915 2654 3115 2716 σώζων
3146 2653 3285 2719 τοὺς
3321 2651 3664 2712 ἐλπίζοντας

2088 2749 2190 2802 ἐπὶ
2222 2749 2324 2802 σοι
2347 2765 2360 2780 ’
2389 2750 2503 2811 τοῖς
2529 2747 2587 2800 δὲ
2631 2746 2940 2810 ἐλπίζουσιν
2975 2745 3062 2798 ἐπ’
3089 2741 3238 2812 αὐτῷ
3259 2741 3422 2804 αὐτὸς
3459 2737 3666 2809 ἐπαμύ-

2090 2857 2174 2893 νει
2227 2841 2324 2893 καὶ
2381 2837 2594 2909 βοηθεῖ·
2650 2838 2773 2902 τοὺς
2803 2835 3200 2904 ἀνθεστηκότας
3226 2833 3336 2895 τοῖς
3363 2829 3666 2894 ἐλπίζουσιν

2089 2931 2177 2983 ἐπ’
2203 2931 2366 2984 αὐτὸν
2395 2931 2460 3000 τῇ
2490 2928 2656 2982 αὑτοῦ
2689 2927 2911 2998 βοηθείᾳ
2933 2924 3129 2987 καλοὺς
3158 2922 3380 2992 ἔφησεν.

2158 3021 2362 3090 Κύριος
2388 3020 2464 3089 (2)
2489 3023 2518 3074 ὁ
2538 3019 2984 3089 προσδεχόμενος,
3017 3016 3103 3068 ὅτι
3127 3013 3327 3084 βοηθεῖ,
3365 3014 3460 3064 καὶ
3485 3009 3583 3062 οὐκ
3610 3009 3666 3076 ἐᾷ

2088 3111 2517 3183 περιτραπῆναι.
2552 3110 2625 3162 Τὸ
2652 3109 2760 3180 γάρ
2782 3149 2797 3172 ,
2832 3109 2926 3160 Ἐκ
2964 3105 3178 3170 δεξιῶν
3199 3104 3317 3173 μού
3345 3102 3547 3166 ἐστιν,
3576 3100 3671 3151 ἵνα

2083 3202 2168 3273 μὴ
2199 3201 2514 3264 σαλευθῶγ
2532 3201 2653 3254 ἀντὶ
2679 3200 2793 3262 τοῦ,
2824 3197 3016 3268 Βοηθεῖ
3051 3214 3174 3267 μοι,
3204 3194 3317 3249 ἀπὸ
3350 3192 3448 3246 τοῦ
3503 3188 3670 3256 δεξιοῦ

2088 3294 2308 3352 καὶτοῦ
2355 3294 2661 3365 κρείττονος
2710 3293 2812 3362 τὴν
2859 3289 3111 3360 βοήθειαν
3154 3286 3408 3348 καλέσας.

2142 3427 2307 3498 Στίχ.
2339 3435 2464 3482 ι’.-
2486 3426 2561 3496 (5)
2601 3424 2776 3488 Οὕτω,
2800 3423 2963 3494 φησὶν
2983 3464 2998 3487 ,
3031 3420 3168 3474 εἰσὶν
3205 3417 3480 3481 εὐπειθεῖς,
3502 3416 3576 3479 ὡς
3601 3416 3668 3485 μὴ

2089 3516 2327 3572 διαδῦναι
2345 3516 2522 3570 αὐτῶν
2542 3513 2912 3584 τὸνλιπασμόν
2931 3529 2944 3542 ·
2964 3509 3344 3581 ἐπειδὴγάρτὸ
3362 3505 3669 3574 συγκεκλει-

2093 3608 2286 3677 σμένον
2319 3608 2376 3660 ἐν
2405 3605 2673 3675 ἀσφαλείᾳ
2703 3603 2928 3676 πλείστῃ
2958 3602 3313 3668 καθέστηκεν,
3340 3595 3502 3650 τοῦτο
3533 3597 3668 3662 λέγει

2091 3700 2172 3761 τὸ,
2208 3697 2646 3758 Συνέκλεισαν,
2678 3695 2799 3748 ἀντὶ
2821 3693 2937 3755 τοῦ,
2966 3693 3077 3762 Τὴν
3104 3689 3358 3758 εὐθηνίαν
3399 3687 3582 3742 αὐτῶν
3619 3687 3670 3737 ἐν

2091 3790 2320 3860 πλείστῃ
2348 3787 2559 3857 ἔχουσιν
2588 3785 2874 3856 ἀσφαλείᾳ,
2899 3783 2974 3846 ὡς
3004 3783 3137 3853 μηδὲ
3161 3781 3466 3850 προσδοκᾷν
3501 3778 3670 3832 αὐτῶν

2090 3881 2390 3941 διαπεσεῖν,
2421 3879 2490 3931 ἵν’
2519 3877 2647 3949 εἴπῃ
2690 3879 2769 3930 ὃτι
2815 3877 2914 3930 οὐκ
2964 3873 3235 3930 ἀπέϐαλον
3272 3871 3363 3924 τοῦ
3412 3869 3537 3939 βίου
3578 3869 3669 3938 τὴν

2092 3971 2418 4043 εὐπραγίαν.

2167 4102 2316 4174 Στίχ.
2349 4109 2436 4157 ια’.
2460 4133 2530 4143 -
2554 4103 2696 4172 Πρὸς
2721 4100 2878 4154 τοῦτο
2902 4101 3197 4172 ἀφορῶσιν,
3229 4103 3319 4154 καὶ
3361 4101 3504 4170 πρὸς
3525 4097 3672 4152 τοῦτο

2095 4196 2276 4266 έχουσι
2305 4196 2483 4249 πᾶσαν
2510 4194 2608 4266 τὴν
2645 4196 2900 4265 σπουδὴν,
2934 4194 3074 4246 ὥστε
3108 4193 3209 4262 ἐμὲ
3241 4193 3339 4262 τῆς
3385 4193 3496 4262 γῆς
3522 4191 3672 4244 ἐκϐα-

2095 4287 2208 4339 λεῖν
2250 4286 2348 4356 τῆς
2390 4284 2778 4357 κληρονομίας,
2811 4284 3090 4338 τουτέστιν
3119 4284 3216 4354 τῆς
3245 4286 3346 4352 γῆς
3375 4283 3477 4353 τῆς
3514 4286 3672 4349 ἑπαγ-

2101 4379 2305 4448 γελίας.

481 4515 653 4586 -(4)
710 4513 813 4582 Qui
857 4517 1169 4586 quondam,
1215 4515 1418 4586 inquit},
1483 4533 1568 4572 me
1629 4518 1976 4587 beatumprae-

2163 4546 2227 4554 -——
2271 4515 2333 4566 Oi
2408 4515 2577 4576 ποτὲ,
2640 4515 2812 4582 φησὶ,
2882 4509 3308 4581 μακαρίζοντες,
3363 4508 3462 4561 νῦν
3515 4525 3671 4563 κατα-

415 4603 707 4669 dicabant,
791 4619 936 4660 nunc
999 4616 1401 4674 persequuntur
1477 4616 1532 4661 et
1599 4609 1976 4662 circumdant.

2105 4605 2352 4658 διώκουσι
2409 4605 2501 4656 καὶ
2555 4603 3011 4674 περικυκλοῦσιν,
3040 4603 3179 4656 ὥστε
3229 4601 3458 4655 ἀνελεῖν.
3495 4600 3672 4660 υῦτως

413 4701 527 4750 ute
568 4692 748 4749 medio
781 4695 992 4748 tollant.
1031 4693 1123 4749 Sic
1170 4697 1315 4750 enim
1355 4705 1410 4751 et
1459 4695 1826 4765 Symmachus
1889 4701 1987 4764 ait,

415 4782 640 4838 Beatum
673 4801 753 4838 me
783 4786 1130 4851 praedicantes
1152 4826 1167 4849 ,
1214 4787 1489 4853 confestim
1532 4788 1992 4842 circumdederunt

415 4893 516 4931 me.
557 4874 902 4945 Projicientes
935 4892 1064 4931 vero
1099 4878 1187 4932 hic
1221 4879 1433 4932 vocavit
1470 4894 1565 4932 eos
1608 4880 1698 4947 qui
1757 4880 1978 4935 beatum

418 4965 806 5034 praedicabant,
841 4969 969 5036 quia
1027 4983 1135 5021 non
1165 4970 1379 5024 sincera
1411 4978 1590 5024 mente
1635 4971 1786 5040 prius
1847 4972 1975 5026 bea-

419 5066 534 5109 tum
563 5054 858 5121 dixerant;
890 5056 984 5112 sed
1017 5066 1076 5110 ut
1123 5059 1399 5127 ejicerent,
1449 5069 1503 5116 et
1550 5077 1579 5114 a
1633 5062 1844 5117 decenti
1901 5064 1986 5116 via

421 5132 754 5200 diverterent
783 5184 798 5209 ,
856 5147 926 5200 ad
968 5147 1326 5216 imposturam
1365 5154 1449 5207 usi
1524 5162 1652 5208 sunt
1705 5155 1994 5209 vocabulis

419 5236 798 5292 beatitudinis.

491 5373 658 5430 Vsus.
686 5375 771 5429 l2.
801 5406 871 5415 ——
905 5374 1234 5448 Exspectant
1275 5397 1378 5440 me.
1436 5391 1493 5435 ut
1527 5381 1775 5452 perdant,
1837 5396 1988 5435 more

495 5601 568 5670 (l)
622 5600 746 5657 Hec
785 5602 976 5656 ultima
1006 5604 1167 5657 verba
1218 5619 1444 5657 erronea
1476 5613 1620 5657 sunt.
1668 5604 1789 5657 \"id.
1843 5602 1895 5657 S.
1941 5603 1995 5656 S.

423 5669 575 5727 Curs.
598 5673 782 5726 amnt.
808 5681 846 5726 t.
869 5671 983 5736 XV,
1022 5675 1125 5728 col.
1160 5675 1245 5727 55.
1277 5674 1432 5730 Eon.
1460 5673 1628 5729 Pun.

495 5741 573 5812 (3)
597 5739 673 5796 Ex
703 5741 991 5799 Cosderio.

2099 4698 2207 4768 γὰρ
2229 4697 2374 4764 λέγει
2401 4697 2491 4749 καὶ
2518 4695 2830 4765 Σύμμαχος,
2862 4695 3294 4764 Μακαρίζοντες
3312 4692 3671 4761 παραχρῆμα

2101 4786 2592 4854 περιεκύκλωσὰν
2615 4803 2707 4854 με.
2754 4787 3195 4851 Ἐκϐἁλλοντίις
3223 4786 3279 4838 δὲ
3329 4785 3456 4846 τοὺς
3504 4799 3673 4854 μακα-

2104 4878 2345 4948 ρίζοντας
2399 4875 2630 4929 ἐνταῦθα
2687 4877 2966 4938 ἐκάλεσεν,
3017 4877 3201 4946 ἐπειδὴ
3251 4876 3325 4946 μὴ
3369 4876 3570 4945 γνησίᾳ
3610 4874 3669 4942 τῇ

2097 4969 2302 5040 διανοίᾳ
2332 4969 2420 5021 τὸν
2445 4969 2795 5038 μακαρισμὸν
2823 4969 3100 5021 ἐποιοῦντο
3132 4968 3191 5021 τὸ
3211 4969 3474 5037 πρότερον
3499 4984 3510 4995 ·
3539 4965 3668 5018 ὥστε

2095 5059 2150 5112 δὲ
2202 5058 2454 5112 ἐκϐαλεῖν
2500 5058 2593 5111 καὶ
2651 5057 2910 5128 ἐκτρέψαι
2958 5059 3056 5127 τῆς
3094 5055 3480 5126 προσηκούσης
3526 5052 3664 5115 ὁδοῦ,

2094 5151 2311 5220 ἀπάτης
2339 5149 2527 5203 ἕνεκεν
2574 5142 2686 5212 τοῖς
2714 5149 2808 5202 τοῦ
2868 5149 3217 5220 μακαρισμοῦ
3275 5149 3514 5219 ῥήμασιν
3557 5143 3667 5197 ἐκέο

2100 5262 2317 5316 χρηντο.

2165 5379 2310 5450 Στίχ.
2347 5379 2432 5449 ιβ’.
2460 5407 2527 5418 -
2572 5375 2936 5449 Περιμένουσί
2969 5393 3058 5448 με,
3087 5376 3225 5429 ὥστε
3261 5374 3486 5438 ἀνελεῖν,
3519 5369 3664 5436 δίκην

2089 5608 2091 5610 ’
2182 5605 2259 5662 (Si
2292 5602 2547 5657 Maiibid.

2181 5675 2256 5728 t4)
2288 5673 2361 5727 Ex
2398 5673 2677 5727 Cerdcrio.
