  <div class='ocr_page' id='page_1' title='image "/cluster/home/n/w/nwhite01/storage/ocr_20150623/66/nnc1.0021886636/368.png"; bbox 0 0 3804 6220; ppageno 0'>
   <div class='ocr_carea' id='block_1_1' title="bbox 94 269 189 324">
    <p class='ocr_par' dir='ltr' id='par_1_1' title="bbox 94 269 189 324">
     <span class='ocr_line' id='line_1_1' title="bbox 94 269 189 324; baseline 0 0"><span class='ocrx_word' id='word_1_1' title='bbox 94 269 189 324; x_wconf 75' lang='grc' dir='ltr'><strong>οδι</strong></span> 
     </span>
    </p>
   </div>
   <div class='ocr_carea' id='block_1_2' title="bbox 1284 281 2130 351">
    <p class='ocr_par' dir='ltr' id='par_1_2' title="bbox 1284 281 2130 351">
     <span class='ocr_line' id='line_1_2' title="bbox 1284 281 2130 351; baseline 0.019 -16"><span class='ocrx_word' id='word_1_2' title='bbox 1284 281 1652 342; x_wconf 79' lang='lat' dir='ltr'><strong>EXPOSITIO</strong></span> <span class='ocrx_word' id='word_1_3' title='bbox 1686 288 1753 343; x_wconf 85' lang='lat' dir='ltr'><strong>IN</strong></span> <span class='ocrx_word' id='word_1_4' title='bbox 1798 290 2130 351; x_wconf 76' lang='lat' dir='ltr'><strong>l&#39;SALMOS.</strong></span> 
     </span>
    </p>
   </div>
   <div class='ocr_carea' id='block_1_3' title="bbox 3235 305 3338 359">
    <p class='ocr_par' dir='ltr' id='par_1_3' title="bbox 3235 305 3338 359">
     <span class='ocr_line' id='line_1_3' title="bbox 3235 305 3338 359; baseline 0.019 -2"><span class='ocrx_word' id='word_1_5' title='bbox 3235 305 3338 359; x_wconf 70' lang='lat'><strong>601</strong></span> 
     </span>
    </p>
   </div>
   <div class='ocr_carea' id='block_1_4' title="bbox 94 388 1682 482">
    <p class='ocr_par' dir='ltr' id='par_1_4' title="bbox 94 388 1671 482">
     <span class='ocr_line' id='line_1_4' title="bbox 94 388 1671 482; baseline 0.011 -44"><span class='ocrx_word' id='word_1_6' title='bbox 94 388 320 482; x_wconf 47' lang='grc' dir='ltr'>λέοντος</span> <span class='ocrx_word' id='word_1_7' title='bbox 335 388 507 459; x_wconf 83' lang='grc' dir='ltr'>θήραν</span> <span class='ocrx_word' id='word_1_8' title='bbox 534 390 959 482; x_wconf 73' lang='grc' dir='ltr'>προσδοκῶντος.</span> <span class='ocrx_word' id='word_1_9' title='bbox 978 395 1124 448; x_wconf 78' lang='grc' dir='ltr'><strong>Ἀντὶ</strong></span> <span class='ocrx_word' id='word_1_10' title='bbox 1147 396 1226 460; x_wconf 86' lang='grc' dir='ltr'>δὲ,</span> <span class='ocrx_word' id='word_1_11' title='bbox 1256 398 1671 470; x_wconf 82' lang='grc' dir='ltr'>Περιμένουσιν,</span> 
     </span>
    </p>
   </div>
   <div class='ocr_carea' id='block_1_5' title="bbox 1811 388 3339 482">
    <p class='ocr_par' dir='ltr' id='par_1_5' title="bbox 1811 409 3339 482">
     <span class='ocr_line' id='line_1_5' title="bbox 1811 409 3339 482; baseline 0.005 -23"><span class='ocrx_word' id='word_1_12' title='bbox 1811 409 1950 463; x_wconf 78' lang='lat' dir='ltr'><strong>mnis</strong></span> <span class='ocrx_word' id='word_1_13' title='bbox 1976 411 2208 477; x_wconf 58' lang='lat' dir='ltr'><strong>praedam</strong></span> <span class='ocrx_word' id='word_1_14' title='bbox 2248 411 2633 479; x_wconf 76' lang='lat' dir='ltr'><strong>exspectantis.</strong></span> <span class='ocrx_word' id='word_1_15' title='bbox 2667 411 2770 467; x_wconf 87' lang='lat' dir='ltr'><strong>Pro</strong></span> <span class='ocrx_word' id='word_1_16' title='bbox 2787 424 3087 482; x_wconf 69' lang='lat' dir='ltr'><strong>exspectant</strong></span> <span class='ocrx_word' id='word_1_17' title='bbox 3140 425 3339 479; x_wconf 86' lang='lat' dir='ltr'><strong>autem,</strong></span> 
     </span>
    </p>
   </div>
   <div class='ocr_carea' id='block_1_6' title="bbox 95 476 1668 557">
    <p class='ocr_par' dir='ltr' id='par_1_6' title="bbox 95 476 1668 557">
     <span class='ocr_line' id='line_1_6' title="bbox 95 476 1668 557; baseline 0.007 -24"><span class='ocrx_word' id='word_1_18' title='bbox 95 476 245 533; x_wconf 76' lang='grc' dir='ltr'>εἶπεν</span> <span class='ocrx_word' id='word_1_19' title='bbox 274 480 370 542; x_wconf 80' lang='grc' dir='ltr'>τὸ,</span> <span class='ocrx_word' id='word_1_20' title='bbox 420 480 769 534; x_wconf 79' lang='grc' dir='ltr'>’Υπέλαϐον.</span> <span class='ocrx_word' id='word_1_21' title='bbox 826 482 1042 554; x_wconf 79' lang='grc' dir='ltr'><strong>Ἐπειδὴ</strong></span> <span class='ocrx_word' id='word_1_22' title='bbox 1098 487 1145 538; x_wconf 78' lang='lat' dir='ltr'><strong>oi</strong></span> <span class='ocrx_word' id='word_1_23' title='bbox 1179 486 1668 557; x_wconf 76' lang='grc' dir='ltr'>ὑπολαμϐάνοντες,</span> 
     </span>
    </p>
   </div>
   <div class='ocr_carea' id='block_1_7' title="bbox 97 570 1674 651">
    <p class='ocr_par' dir='ltr' id='par_1_7' title="bbox 97 570 1674 651">
     <span class='ocr_line' id='line_1_7' title="bbox 97 570 1674 651; baseline 0.008 -29"><span class='ocrx_word' id='word_1_24' title='bbox 97 570 313 623; x_wconf 74' lang='grc' dir='ltr'>ἔσεσθαί</span> <span class='ocrx_word' id='word_1_25' title='bbox 355 588 406 623; x_wconf 90' lang='grc' dir='ltr'><strong>τι</strong></span> <span class='ocrx_word' id='word_1_26' title='bbox 435 570 757 641; x_wconf 86' lang='grc' dir='ltr'>προδοκῶσι.</span> <span class='ocrx_word' id='word_1_27' title='bbox 776 573 1055 637; x_wconf 86' lang='grc' dir='ltr'>Τουτέστι,</span> <span class='ocrx_word' id='word_1_28' title='bbox 1091 575 1305 645; x_wconf 83' lang='grc' dir='ltr'><strong>Ταύτην</strong></span> <span class='ocrx_word' id='word_1_29' title='bbox 1337 577 1517 647; x_wconf 73' lang='grc' dir='ltr'>ἔχουσι</span> <span class='ocrx_word' id='word_1_30' title='bbox 1545 582 1674 651; x_wconf 79' lang='grc' dir='ltr'>περὶ</span> 
     </span>
    </p>
   </div>
   <div class='ocr_carea' id='block_1_8' title="bbox 96 658 1670 741">
    <p class='ocr_par' dir='ltr' id='par_1_8' title="bbox 96 658 1670 741">
     <span class='ocr_line' id='line_1_8' title="bbox 96 658 1670 741; baseline 0.009 -29"><span class='ocrx_word' id='word_1_31' title='bbox 96 658 231 730; x_wconf 83' lang='grc' dir='ltr'>ἐμοῦ</span> <span class='ocrx_word' id='word_1_32' title='bbox 278 661 377 730; x_wconf 82' lang='grc' dir='ltr'>τὴν</span> <span class='ocrx_word' id='word_1_33' title='bbox 408 660 695 731; x_wconf 75' lang='grc' dir='ltr'><strong>ὑπόληψιν,</strong></span> <span class='ocrx_word' id='word_1_34' title='bbox 730 664 812 716; x_wconf 85' lang='grc' dir='ltr'>ὃτι</span> <span class='ocrx_word' id='word_1_35' title='bbox 837 663 1096 734; x_wconf 77' lang='grc' dir='ltr'>λήψονται</span> <span class='ocrx_word' id='word_1_36' title='bbox 1119 665 1309 739; x_wconf 86' lang='grc' dir='ltr'>ὥσπερ</span> <span class='ocrx_word' id='word_1_37' title='bbox 1346 670 1463 722; x_wconf 81' lang='grc' dir='ltr'>τινὰ</span> <span class='ocrx_word' id='word_1_38' title='bbox 1510 671 1670 741; x_wconf 79' lang='grc' dir='ltr'>θῆρα.</span> 
     </span>
    </p>
   </div>
   <div class='ocr_carea' id='block_1_9' title="bbox 97 750 1673 827">
    <p class='ocr_par' dir='ltr' id='par_1_9' title="bbox 97 750 1673 827">
     <span class='ocr_line' id='line_1_9' title="bbox 97 750 1673 827; baseline 0.01 -25"><span class='ocrx_word' id='word_1_39' title='bbox 97 750 254 804; x_wconf 79' lang='grc' dir='ltr'>Οὕτω</span> <span class='ocrx_word' id='word_1_40' title='bbox 284 752 377 804; x_wconf 80' lang='grc' dir='ltr'>καὶ</span> <span class='ocrx_word' id='word_1_41' title='bbox 410 752 490 816; x_wconf 85' lang='grc' dir='ltr'>τὸ,</span> <span class='ocrx_word' id='word_1_42' title='bbox 509 752 932 823; x_wconf 76' lang='grc' dir='ltr'>Ὑπελάὄομεν,</span> <span class='ocrx_word' id='word_1_43' title='bbox 963 758 995 809; x_wconf 83' lang='grc' dir='ltr'><em>ὀ</em></span> <span class='ocrx_word' id='word_1_44' title='bbox 1022 757 1186 822; x_wconf 83' lang='grc' dir='ltr'>θεὸς,</span> <span class='ocrx_word' id='word_1_45' title='bbox 1223 759 1289 812; x_wconf 84' lang='grc' dir='ltr'>τὸ</span> <span class='ocrx_word' id='word_1_46' title='bbox 1322 759 1495 827; x_wconf 77' lang='grc' dir='ltr'>ἔλεός</span> <span class='ocrx_word' id='word_1_47' title='bbox 1536 779 1673 825; x_wconf 86' lang='grc' dir='ltr'>σου.</span> 
     </span>
    </p>
   </div>
   <div class='ocr_carea' id='block_1_10' title="bbox 97 846 1678 922">
    <p class='ocr_par' dir='ltr' id='par_1_10' title="bbox 97 846 1678 922">
     <span class='ocr_line' id='line_1_10' title="bbox 97 846 1678 922; baseline 0.008 -27"><span class='ocrx_word' id='word_1_48' title='bbox 97 846 365 905; x_wconf 82' lang='grc' dir='ltr'><strong>τουτέστι,</strong></span> <span class='ocrx_word' id='word_1_49' title='bbox 390 846 822 917; x_wconf 87' lang='grc' dir='ltr'>Περιεμείναμεν</span> <span class='ocrx_word' id='word_1_50' title='bbox 841 848 934 900; x_wconf 78' lang='grc' dir='ltr'>καὶ</span> <span class='ocrx_word' id='word_1_51' title='bbox 960 849 1439 922; x_wconf 83' lang='grc' dir='ltr'><strong>προσεδοκήσαμεν</strong></span> <span class='ocrx_word' id='word_1_52' title='bbox 1460 853 1678 913; x_wconf 76' lang='grc' dir='ltr'>ἔσεσθαί</span> 
     </span>
    </p>
   </div>
   <div class='ocr_carea' id='block_1_11' title="bbox 102 936 1042 1008">
    <p class='ocr_par' dir='ltr' id='par_1_11' title="bbox 102 936 1042 1008">
     <span class='ocr_line' id='line_1_11' title="bbox 102 936 1042 1008; baseline 0.009 -23"><span class='ocrx_word' id='word_1_53' title='bbox 102 950 194 987; x_wconf 87' lang='grc' dir='ltr'><strong>σου</strong></span> <span class='ocrx_word' id='word_1_54' title='bbox 227 936 286 987; x_wconf 87' lang='grc' dir='ltr'><strong>ἐν</strong></span> <span class='ocrx_word' id='word_1_55' title='bbox 320 936 452 988; x_wconf 60' lang='grc' dir='ltr'>ὑμῖν</span> <span class='ocrx_word' id='word_1_56' title='bbox 479 936 578 1006; x_wconf 83' lang='grc' dir='ltr'><strong>τὴν</strong></span> <span class='ocrx_word' id='word_1_57' title='bbox 611 936 1042 1008; x_wconf 81' lang='grc' dir='ltr'><strong>φιλανθρωπίαν.</strong></span> 
     </span>
    </p>
   </div>
   <div class='ocr_carea' id='block_1_12' title="bbox 170 1136 1679 1213">
    <p class='ocr_par' dir='ltr' id='par_1_12' title="bbox 170 1136 1679 1213">
     <span class='ocr_line' id='line_1_12' title="bbox 170 1136 1679 1213; baseline 0.007 -27"><span class='ocrx_word' id='word_1_58' title='bbox 170 1136 320 1206; x_wconf 84' lang='grc' dir='ltr'>Στίχ.</span> <span class='ocrx_word' id='word_1_59' title='bbox 340 1143 407 1204; x_wconf 84' lang='grc' dir='ltr'>ιγ’</span> <span class='ocrx_word' id='word_1_60' title='bbox 415 1138 680 1201; x_wconf 87' lang='grc' dir='ltr'>.-·Τινὲς,</span> <span class='ocrx_word' id='word_1_61' title='bbox 706 1138 783 1209; x_wconf 85' lang='grc'><strong>(1)</strong></span> <span class='ocrx_word' id='word_1_62' title='bbox 816 1140 1103 1210; x_wconf 67' lang='grc' dir='ltr'>Ῥομφαίᾳ</span> <span class='ocrx_word' id='word_1_63' title='bbox 1122 1157 1261 1204; x_wconf 83' lang='grc' dir='ltr'>σου,</span> <span class='ocrx_word' id='word_1_64' title='bbox 1280 1146 1679 1213; x_wconf 83' lang='grc' dir='ltr'>ἀναγινώσκου-</span> 
     </span>
    </p>
   </div>
   <div class='ocr_carea' id='block_1_13' title="bbox 105 1228 1682 1306">
    <p class='ocr_par' dir='ltr' id='par_1_13' title="bbox 105 1228 1682 1306">
     <span class='ocr_line' id='line_1_13' title="bbox 105 1228 1682 1306; baseline 0.007 -30"><span class='ocrx_word' id='word_1_65' title='bbox 105 1243 209 1288; x_wconf 90' lang='grc' dir='ltr'>σιν,</span> <span class='ocrx_word' id='word_1_66' title='bbox 240 1229 432 1296; x_wconf 61' lang='grc' dir='ltr'>μιξτῆς</span> <span class='ocrx_word' id='word_1_67' title='bbox 453 1228 666 1299; x_wconf 83' lang='grc' dir='ltr'><strong>δοτικῆς</strong></span> <span class='ocrx_word' id='word_1_68' title='bbox 699 1229 957 1294; x_wconf 79' lang='grc' dir='ltr'><strong>πτώσεως</strong></span> <span class='ocrx_word' id='word_1_69' title='bbox 978 1231 1241 1301; x_wconf 84' lang='grc' dir='ltr'>λέγοντες·</span> <span class='ocrx_word' id='word_1_70' title='bbox 1261 1235 1447 1286; x_wconf 83' lang='grc' dir='ltr'>ἔστιδὲ</span> <span class='ocrx_word' id='word_1_71' title='bbox 1476 1236 1573 1306; x_wconf 81' lang='grc' dir='ltr'><strong>οὐχ</strong></span> <span class='ocrx_word' id='word_1_72' title='bbox 1598 1234 1682 1287; x_wconf 77' lang='grc' dir='ltr'><strong>οὖ-</strong></span> 
     </span>
    </p>
   </div>
   <div class='ocr_carea' id='block_1_14' title="bbox 103 1318 1681 1394">
    <p class='ocr_par' dir='ltr' id='par_1_14' title="bbox 103 1318 1681 1394">
     <span class='ocr_line' id='line_1_14' title="bbox 103 1318 1681 1394; baseline 0.005 -25"><span class='ocrx_word' id='word_1_73' title='bbox 103 1336 230 1383; x_wconf 85' lang='grc' dir='ltr'>τως,</span> <span class='ocrx_word' id='word_1_74' title='bbox 248 1318 407 1383; x_wconf 88' lang='grc' dir='ltr'>ἀλλά,</span> <span class='ocrx_word' id='word_1_75' title='bbox 443 1319 763 1390; x_wconf 66' lang='grc' dir='ltr'>Ῥομφαίας</span> <span class='ocrx_word' id='word_1_76' title='bbox 781 1338 919 1390; x_wconf 84' lang='grc' dir='ltr'>σου,</span> <span class='ocrx_word' id='word_1_77' title='bbox 940 1327 1006 1394; x_wconf 83' lang='grc' dir='ltr'><strong>τῇ</strong></span> <span class='ocrx_word' id='word_1_78' title='bbox 1030 1327 1217 1394; x_wconf 83' lang='grc' dir='ltr'>γενικῇ</span> <span class='ocrx_word' id='word_1_79' title='bbox 1240 1325 1441 1377; x_wconf 84' lang='grc' dir='ltr'><strong>πτώσει</strong></span> <span class='ocrx_word' id='word_1_80' title='bbox 1458 1324 1681 1394; x_wconf 82' lang='grc' dir='ltr'>λεγόμε-</span> 
     </span>
    </p>
   </div>
   <div class='ocr_carea' id='block_1_15' title="bbox 103 1410 1681 1485">
    <p class='ocr_par' dir='ltr' id='par_1_15' title="bbox 103 1410 1681 1485">
     <span class='ocr_line' id='line_1_15' title="bbox 103 1410 1681 1485; baseline 0.006 -24"><span class='ocrx_word' id='word_1_81' title='bbox 103 1425 210 1461; x_wconf 68' lang='grc' dir='ltr'>νον*</span> <span class='ocrx_word' id='word_1_82' title='bbox 234 1410 406 1473; x_wconf 77' lang='grc' dir='ltr'>οὕτως</span> <span class='ocrx_word' id='word_1_83' title='bbox 432 1411 540 1482; x_wconf 89' lang='grc' dir='ltr'><strong>γάρ</strong></span> <span class='ocrx_word' id='word_1_84' title='bbox 556 1412 568 1433; x_wconf 80' lang='lat'><strong><em>‘</em></strong></span> <span class='ocrx_word' id='word_1_85' title='bbox 587 1413 802 1478; x_wconf 84' lang='grc' dir='ltr'>Ακύλας</span> <span class='ocrx_word' id='word_1_86' title='bbox 827 1410 969 1480; x_wconf 85' lang='grc' dir='ltr'>εἷπε,</span> <span class='ocrx_word' id='word_1_87' title='bbox 1004 1418 1311 1485; x_wconf 80' lang='grc' dir='ltr'>Μαχαίρας</span> <span class='ocrx_word' id='word_1_88' title='bbox 1371 1432 1507 1471; x_wconf 87' lang='grc' dir='ltr'>σου.</span> <span class='ocrx_word' id='word_1_89' title='bbox 1532 1421 1597 1471; x_wconf 85' lang='grc' dir='ltr'><em>Ὃ</em></span> <span class='ocrx_word' id='word_1_90' title='bbox 1624 1419 1681 1471; x_wconf 86' lang='grc' dir='ltr'>δὲ</span> 
     </span>
    </p>
   </div>
   <div class='ocr_carea' id='block_1_16' title="bbox 106 1501 1681 1580">
    <p class='ocr_par' dir='ltr' id='par_1_16' title="bbox 106 1501 1681 1580">
     <span class='ocr_line' id='line_1_16' title="bbox 106 1501 1681 1580; baseline 0.007 -28"><span class='ocrx_word' id='word_1_91' title='bbox 106 1501 354 1569; x_wconf 81' lang='grc' dir='ltr'>βούλεται</span> <span class='ocrx_word' id='word_1_92' title='bbox 374 1506 568 1567; x_wconf 87' lang='grc' dir='ltr'>είπεῖν,</span> <span class='ocrx_word' id='word_1_93' title='bbox 588 1506 829 1561; x_wconf 85' lang='grc' dir='ltr'>τοιοῦτόν</span> <span class='ocrx_word' id='word_1_94' title='bbox 851 1509 998 1561; x_wconf 85' lang='grc' dir='ltr'>ἐστιν</span> <span class='ocrx_word' id='word_1_95' title='bbox 1016 1527 1027 1539; x_wconf 89' lang='grc'><strong>·</strong></span> <span class='ocrx_word' id='word_1_96' title='bbox 1045 1509 1233 1562; x_wconf 84' lang='grc' dir='ltr'>Ῥῦσαι</span> <span class='ocrx_word' id='word_1_97' title='bbox 1250 1510 1346 1579; x_wconf 80' lang='grc' dir='ltr'>τὴν</span> <span class='ocrx_word' id='word_1_98' title='bbox 1361 1510 1538 1580; x_wconf 77' lang='grc' dir='ltr'>ψυχήν</span> <span class='ocrx_word' id='word_1_99' title='bbox 1558 1528 1681 1580; x_wconf 90' lang='grc' dir='ltr'>μου,</span> 
     </span>
    </p>
   </div>
   <div class='ocr_carea' id='block_1_17' title="bbox 103 1593 1682 1665">
    <p class='ocr_par' dir='ltr' id='par_1_17' title="bbox 103 1593 1682 1665">
     <span class='ocr_line' id='line_1_17' title="bbox 103 1593 1682 1665; baseline 0.008 -22"><span class='ocrx_word' id='word_1_100' title='bbox 103 1593 381 1646; x_wconf 76' lang='grc' dir='ltr'><strong>τουτέστιν</strong></span> <span class='ocrx_word' id='word_1_101' title='bbox 417 1595 538 1665; x_wconf 78' lang='grc' dir='ltr'>ἐμὲ,</span> <span class='ocrx_word' id='word_1_102' title='bbox 575 1597 681 1649; x_wconf 83' lang='grc' dir='ltr'>ἀπὸ</span> <span class='ocrx_word' id='word_1_103' title='bbox 718 1598 920 1651; x_wconf 87' lang='grc' dir='ltr'>τούτων</span> <span class='ocrx_word' id='word_1_104' title='bbox 948 1600 1054 1653; x_wconf 88' lang='grc' dir='ltr'><strong>τῶν</strong></span> <span class='ocrx_word' id='word_1_105' title='bbox 1090 1600 1317 1663; x_wconf 78' lang='grc' dir='ltr'>ἀσεϐῶν,</span> <span class='ocrx_word' id='word_1_106' title='bbox 1345 1604 1437 1655; x_wconf 83' lang='grc' dir='ltr'>καὶ</span> <span class='ocrx_word' id='word_1_107' title='bbox 1458 1602 1565 1654; x_wconf 84' lang='grc' dir='ltr'>ἀπὸ</span> <span class='ocrx_word' id='word_1_108' title='bbox 1584 1602 1682 1664; x_wconf 78' lang='grc' dir='ltr'>τῆς</span> 
     </span>
    </p>
   </div>
   <div class='ocr_carea' id='block_1_18' title="bbox 104 1687 1683 1763">
    <p class='ocr_par' dir='ltr' id='par_1_18' title="bbox 104 1687 1683 1763">
     <span class='ocr_line' id='line_1_18' title="bbox 104 1687 1683 1763; baseline 0.006 -28"><span class='ocrx_word' id='word_1_109' title='bbox 104 1687 379 1754; x_wconf 74' lang='grc' dir='ltr'>ῥομφαίας</span> <span class='ocrx_word' id='word_1_110' title='bbox 412 1688 519 1741; x_wconf 88' lang='grc' dir='ltr'><strong>τῶν</strong></span> <span class='ocrx_word' id='word_1_111' title='bbox 555 1688 765 1759; x_wconf 78' lang='grc' dir='ltr'>ἐχθρῶν</span> <span class='ocrx_word' id='word_1_112' title='bbox 802 1689 1090 1762; x_wconf 66' lang='grc' dir='ltr'>τῆςιχειρός</span> <span class='ocrx_word' id='word_1_113' title='bbox 1107 1708 1233 1744; x_wconf 91' lang='grc' dir='ltr'>σου·</span> <span class='ocrx_word' id='word_1_114' title='bbox 1268 1692 1538 1761; x_wconf 78' lang='grc' dir='ltr'>ῥομφαίαν</span> <span class='ocrx_word' id='word_1_115' title='bbox 1575 1692 1683 1763; x_wconf 88' lang='grc' dir='ltr'><strong>γάρ</strong></span> 
     </span>
    </p>
   </div>
   <div class='ocr_carea' id='block_1_19' title="bbox 104 1774 1683 1853">
    <p class='ocr_par' dir='ltr' id='par_1_19' title="bbox 104 1774 1683 1853">
     <span class='ocr_line' id='line_1_19' title="bbox 104 1774 1683 1853; baseline 0.008 -29"><span class='ocrx_word' id='word_1_116' title='bbox 104 1774 257 1827; x_wconf 83' lang='grc' dir='ltr'>καλεῖ</span> <span class='ocrx_word' id='word_1_117' title='bbox 279 1776 384 1847; x_wconf 82' lang='grc' dir='ltr'>τὴν</span> <span class='ocrx_word' id='word_1_118' title='bbox 411 1777 532 1831; x_wconf 87' lang='grc' dir='ltr'>κατ’</span> <span class='ocrx_word' id='word_1_119' title='bbox 568 1778 732 1831; x_wconf 79' lang='grc' dir='ltr'>αὐτοῦ</span> <span class='ocrx_word' id='word_1_120' title='bbox 764 1781 1056 1851; x_wconf 82' lang='grc' dir='ltr'>γινομένην</span> <span class='ocrx_word' id='word_1_121' title='bbox 1087 1783 1177 1834; x_wconf 86' lang='grc' dir='ltr'><strong>ὑπ’</strong></span> <span class='ocrx_word' id='word_1_122' title='bbox 1205 1783 1381 1835; x_wconf 78' lang='grc' dir='ltr'>αὐτῶν</span> <span class='ocrx_word' id='word_1_123' title='bbox 1416 1784 1683 1853; x_wconf 77' lang='grc' dir='ltr'>μηχανὴν,</span> 
     </span>
    </p>
   </div>
   <div class='ocr_carea' id='block_1_20' title="bbox 106 1867 1683 1944">
    <p class='ocr_par' dir='ltr' id='par_1_20' title="bbox 106 1867 1683 1944">
     <span class='ocr_line' id='line_1_20' title="bbox 106 1867 1683 1944; baseline 0.006 -27"><span class='ocrx_word' id='word_1_124' title='bbox 106 1867 287 1937; x_wconf 78' lang='grc' dir='ltr'>πάσης</span> <span class='ocrx_word' id='word_1_125' title='bbox 325 1869 602 1938; x_wconf 79' lang='grc' dir='ltr'>μαχαίρας</span> <span class='ocrx_word' id='word_1_126' title='bbox 638 1872 758 1923; x_wconf 79' lang='grc' dir='ltr'>κατ’</span> <span class='ocrx_word' id='word_1_127' title='bbox 798 1871 961 1924; x_wconf 75' lang='grc' dir='ltr'>αὐτοῦ</span> <span class='ocrx_word' id='word_1_128' title='bbox 987 1873 1404 1944; x_wconf 80' lang='grc' dir='ltr'>τμητικωτέραν</span> <span class='ocrx_word' id='word_1_129' title='bbox 1433 1875 1531 1943; x_wconf 82' lang='grc' dir='ltr'><strong>τὴν</strong></span> <span class='ocrx_word' id='word_1_130' title='bbox 1563 1876 1683 1927; x_wconf 90' lang='grc' dir='ltr'>ἐπι-</span> 
     </span>
    </p>
   </div>
   <div class='ocr_carea' id='block_1_21' title="bbox 104 1958 1686 2035">
    <p class='ocr_par' dir='ltr' id='par_1_21' title="bbox 104 1958 1686 2035">
     <span class='ocr_line' id='line_1_21' title="bbox 104 1958 1686 2035; baseline 0.006 -26"><span class='ocrx_word' id='word_1_131' title='bbox 104 1958 303 2030; x_wconf 74' lang='grc' dir='ltr'>ϐουλὴν</span> <span class='ocrx_word' id='word_1_132' title='bbox 334 1960 738 2031; x_wconf 77' lang='grc' dir='ltr'><strong>ἐργαζομένην·</strong></span> <span class='ocrx_word' id='word_1_133' title='bbox 766 1963 993 2033; x_wconf 72' lang='grc' dir='ltr'>ἐχθροὺς</span> <span class='ocrx_word' id='word_1_134' title='bbox 1020 1964 1075 2017; x_wconf 82' lang='grc' dir='ltr'>δὲ</span> <span class='ocrx_word' id='word_1_135' title='bbox 1104 1966 1200 2035; x_wconf 86' lang='grc' dir='ltr'>τῆς</span> <span class='ocrx_word' id='word_1_136' title='bbox 1227 1966 1405 2035; x_wconf 84' lang='grc' dir='ltr'>χειρὸς</span> <span class='ocrx_word' id='word_1_137' title='bbox 1432 1965 1524 2018; x_wconf 81' lang='grc' dir='ltr'><strong>τοῦ</strong></span> <span class='ocrx_word' id='word_1_138' title='bbox 1552 1967 1686 2019; x_wconf 80' lang='grc' dir='ltr'>Θεοῦ</span> 
     </span>
    </p>
   </div>
   <div class='ocr_carea' id='block_1_22' title="bbox 104 2051 1688 2126">
    <p class='ocr_par' dir='ltr' id='par_1_22' title="bbox 104 2051 1688 2126">
     <span class='ocr_line' id='line_1_22' title="bbox 104 2051 1688 2126; baseline 0.004 -24"><span class='ocrx_word' id='word_1_139' title='bbox 104 2051 261 2103; x_wconf 87' lang='grc' dir='ltr'>καλεῖ</span> <span class='ocrx_word' id='word_1_140' title='bbox 286 2052 417 2114; x_wconf 68' lang='grc' dir='ltr'>τοὺς</span> <span class='ocrx_word' id='word_1_141' title='bbox 435 2053 661 2123; x_wconf 82' lang='grc' dir='ltr'>ἐχθροὺς</span> <span class='ocrx_word' id='word_1_142' title='bbox 685 2054 813 2116; x_wconf 78' lang='grc' dir='ltr'>τοὺς</span> <span class='ocrx_word' id='word_1_143' title='bbox 834 2055 999 2107; x_wconf 80' lang='grc' dir='ltr'>αὐτοῦ</span> <span class='ocrx_word' id='word_1_144' title='bbox 1019 2074 1031 2086; x_wconf 89' lang='grc'><strong>·</strong></span> <span class='ocrx_word' id='word_1_145' title='bbox 1062 2056 1249 2126; x_wconf 83' lang='grc' dir='ltr'>ἐπειδὴ</span> <span class='ocrx_word' id='word_1_146' title='bbox 1282 2057 1370 2109; x_wconf 85' lang='grc' dir='ltr'>τὸν</span> <span class='ocrx_word' id='word_1_147' title='bbox 1401 2058 1492 2110; x_wconf 82' lang='grc' dir='ltr'><strong>ὑπ’</strong></span> <span class='ocrx_word' id='word_1_148' title='bbox 1523 2057 1688 2110; x_wconf 79' lang='grc' dir='ltr'>αὐτοῦ</span> 
     </span>
    </p>
   </div>
   <div class='ocr_carea' id='block_1_23' title="bbox 106 2142 1689 2219">
    <p class='ocr_par' dir='ltr' id='par_1_23' title="bbox 106 2142 1689 2219">
     <span class='ocr_line' id='line_1_23' title="bbox 106 2142 1689 2219; baseline 0.003 -24"><span class='ocrx_word' id='word_1_149' title='bbox 106 2142 404 2212; x_wconf 81' lang='grc' dir='ltr'>χρισθέντα</span> <span class='ocrx_word' id='word_1_150' title='bbox 422 2146 500 2207; x_wconf 81' lang='grc' dir='ltr'><strong>είς</strong></span> <span class='ocrx_word' id='word_1_151' title='bbox 526 2143 746 2213; x_wconf 83' lang='grc' dir='ltr'>βασιλέα</span> <span class='ocrx_word' id='word_1_152' title='bbox 765 2147 904 2198; x_wconf 82' lang='grc' dir='ltr'>ἐλεῖν</span> <span class='ocrx_word' id='word_1_153' title='bbox 931 2148 1347 2211; x_wconf 85' lang='grc' dir='ltr'>ἐσπουδακότες,</span> <span class='ocrx_word' id='word_1_154' title='bbox 1375 2149 1523 2219; x_wconf 86' lang='grc' dir='ltr'>αὑτῴ</span> <span class='ocrx_word' id='word_1_155' title='bbox 1544 2149 1689 2219; x_wconf 82' lang='grc' dir='ltr'>δῆλοι</span> 
     </span>
    </p>
   </div>
   <div class='ocr_carea' id='block_1_24' title="bbox 104 2232 1690 2311">
    <p class='ocr_par' dir='ltr' id='par_1_24' title="bbox 104 2232 1690 2311">
     <span class='ocr_line' id='line_1_24' title="bbox 104 2232 1690 2311; baseline 0.003 -22"><span class='ocrx_word' id='word_1_156' title='bbox 104 2232 244 2307; x_wconf 73' lang='grc' dir='ltr'>ἦσαν</span> <span class='ocrx_word' id='word_1_157' title='bbox 274 2236 655 2306; x_wconf 74' lang='grc' dir='ltr'>ἐχθραίνοντες</span> <span class='ocrx_word' id='word_1_158' title='bbox 682 2239 761 2309; x_wconf 85' lang='grc' dir='ltr'>τῷ</span> <span class='ocrx_word' id='word_1_159' title='bbox 791 2238 931 2309; x_wconf 83' lang='grc' dir='ltr'>Θεῷ,</span> <span class='ocrx_word' id='word_1_160' title='bbox 965 2240 1058 2293; x_wconf 74' lang='grc' dir='ltr'>καὶ</span> <span class='ocrx_word' id='word_1_161' title='bbox 1089 2244 1200 2304; x_wconf 88' lang='grc' dir='ltr'>τοῖς</span> <span class='ocrx_word' id='word_1_162' title='bbox 1230 2241 1321 2295; x_wconf 80' lang='grc' dir='ltr'><strong>ὑπ’</strong></span> <span class='ocrx_word' id='word_1_163' title='bbox 1351 2241 1514 2295; x_wconf 74' lang='grc' dir='ltr'>αὑτοῦ</span> <span class='ocrx_word' id='word_1_164' title='bbox 1538 2259 1690 2311; x_wconf 87' lang='grc' dir='ltr'>γενο-</span> 
     </span>
    </p>
   </div>
   <div class='ocr_carea' id='block_1_25' title="bbox 109 2328 1117 2396">
    <p class='ocr_par' dir='ltr' id='par_1_25' title="bbox 109 2328 1117 2396">
     <span class='ocr_line' id='line_1_25' title="bbox 109 2328 1117 2396; baseline 0.006 -16"><span class='ocrx_word' id='word_1_165' title='bbox 109 2328 293 2396; x_wconf 73' lang='grc' dir='ltr'>μένοις</span> <span class='ocrx_word' id='word_1_166' title='bbox 320 2328 676 2384; x_wconf 86' lang='grc' dir='ltr'>ἀνθίστασθαι</span> <span class='ocrx_word' id='word_1_167' title='bbox 704 2332 1117 2396; x_wconf 88' lang='grc' dir='ltr'>ἐσπουδακότες.</span> 
     </span>
    </p>
   </div>
   <div class='ocr_carea' id='block_1_26' title="bbox 176 2422 1694 2496">
    <p class='ocr_par' dir='ltr' id='par_1_26' title="bbox 176 2422 1694 2496">
     <span class='ocr_line' id='line_1_26' title="bbox 176 2422 1694 2496; baseline 0.004 -22"><span class='ocrx_word' id='word_1_168' title='bbox 176 2422 329 2491; x_wconf 87' lang='grc' dir='ltr'>Στίχ.</span> <span class='ocrx_word' id='word_1_169' title='bbox 375 2422 457 2477; x_wconf 82' lang='grc' dir='ltr'>ιδ’.</span> <span class='ocrx_word' id='word_1_170' title='bbox 490 2453 561 2464; x_wconf 79' lang='grc'><strong><em>--</em></strong></span> <span class='ocrx_word' id='word_1_171' title='bbox 591 2424 665 2476; x_wconf 85' lang='grc' dir='ltr'><strong>Τὸ</strong></span> <span class='ocrx_word' id='word_1_172' title='bbox 697 2424 796 2494; x_wconf 84' lang='grc' dir='ltr'>μὲν</span> <span class='ocrx_word' id='word_1_173' title='bbox 844 2422 955 2490; x_wconf 77' lang='grc' dir='ltr'>οὖν,</span> <span class='ocrx_word' id='word_1_174' title='bbox 1002 2427 1306 2481; x_wconf 53' lang='grc' dir='ltr'>,Ἀπολύωνν</span> <span class='ocrx_word' id='word_1_175' title='bbox 1334 2428 1410 2496; x_wconf 70' lang='grc'><strong>(2)</strong></span> <span class='ocrx_word' id='word_1_176' title='bbox 1441 2427 1561 2482; x_wconf 76' lang='grc' dir='ltr'>ἀπὸ</span> <span class='ocrx_word' id='word_1_177' title='bbox 1587 2424 1694 2494; x_wconf 82' lang='grc' dir='ltr'>τῆς</span> 
     </span>
    </p>
   </div>
   <div class='ocr_carea' id='block_1_27' title="bbox 111 2515 1695 2596">
    <p class='ocr_par' dir='ltr' id='par_1_27' title="bbox 111 2515 1695 2596">
     <span class='ocr_line' id='line_1_27' title="bbox 111 2515 1695 2596; baseline 0.001 -24"><span class='ocrx_word' id='word_1_178' title='bbox 111 2517 245 2596; x_wconf 54' lang='grc' dir='ltr'>γῆς,</span> <span class='ocrx_word' id='word_1_179' title='bbox 275 2515 399 2573; x_wconf 80' lang='grc' dir='ltr'>εἷπε</span> <span class='ocrx_word' id='word_1_180' title='bbox 424 2519 559 2591; x_wconf 79' lang='grc' dir='ltr'>πρὸς</span> <span class='ocrx_word' id='word_1_181' title='bbox 578 2518 669 2571; x_wconf 84' lang='grc' dir='ltr'>τὸν</span> <span class='ocrx_word' id='word_1_182' title='bbox 694 2518 847 2581; x_wconf 84' lang='grc' dir='ltr'>Θεὸν,</span> <span class='ocrx_word' id='word_1_183' title='bbox 871 2519 946 2581; x_wconf 85' lang='grc' dir='ltr'>ὼς</span> <span class='ocrx_word' id='word_1_184' title='bbox 962 2519 1029 2572; x_wconf 85' lang='grc' dir='ltr'><strong>ἂν</strong></span> <span class='ocrx_word' id='word_1_185' title='bbox 1052 2519 1217 2573; x_wconf 80' lang='grc' dir='ltr'>αὐτοῦ</span> <span class='ocrx_word' id='word_1_186' title='bbox 1236 2519 1333 2588; x_wconf 86' lang='grc' dir='ltr'>τὴν</span> <span class='ocrx_word' id='word_1_187' title='bbox 1352 2520 1445 2573; x_wconf 80' lang='grc' dir='ltr'><strong>τοῦ</strong></span> <span class='ocrx_word' id='word_1_188' title='bbox 1464 2520 1695 2573; x_wconf 80' lang='grc' dir='ltr'>θανάτου</span> 
     </span>
    </p>
   </div>
   <div class='ocr_carea' id='block_1_28' title="bbox 108 2608 1696 2679">
    <p class='ocr_par' dir='ltr' id='par_1_28' title="bbox 108 2608 1696 2679">
     <span class='ocr_line' id='line_1_28' title="bbox 108 2608 1696 2679; baseline -0.001 -16"><span class='ocrx_word' id='word_1_189' title='bbox 108 2610 399 2679; x_wconf 83' lang='grc' dir='ltr'>ἀπόφασιν</span> <span class='ocrx_word' id='word_1_190' title='bbox 459 2608 600 2662; x_wconf 87' lang='grc' dir='ltr'><strong>κατά</strong></span> <span class='ocrx_word' id='word_1_191' title='bbox 662 2608 770 2661; x_wconf 91' lang='grc' dir='ltr'><strong>τῶν</strong></span> <span class='ocrx_word' id='word_1_192' title='bbox 825 2608 1131 2678; x_wconf 84' lang='grc' dir='ltr'>ἀνθρώπων</span> <span class='ocrx_word' id='word_1_193' title='bbox 1166 2608 1582 2676; x_wconf 80' lang='grc' dir='ltr'>ἐξενέγκαντος’</span> <span class='ocrx_word' id='word_1_194' title='bbox 1631 2609 1696 2662; x_wconf 84' lang='grc' dir='ltr'><strong>ἵν’</strong></span> 
     </span>
    </p>
   </div>
   <div class='ocr_carea' id='block_1_29' title="bbox 108 2699 1699 2773">
    <p class='ocr_par' dir='ltr' id='par_1_29' title="bbox 108 2699 1699 2773">
     <span class='ocr_line' id='line_1_29' title="bbox 108 2699 1699 2773; baseline 0 -19"><span class='ocrx_word' id='word_1_195' title='bbox 108 2703 264 2773; x_wconf 72' lang='grc' dir='ltr'>εἴπῃ,</span> <span class='ocrx_word' id='word_1_196' title='bbox 290 2703 374 2755; x_wconf 82' lang='grc' dir='ltr'>ὅτι</span> <span class='ocrx_word' id='word_1_197' title='bbox 404 2701 476 2755; x_wconf 75' lang='grc' dir='ltr'>Σὺ</span> <span class='ocrx_word' id='word_1_198' title='bbox 498 2702 527 2754; x_wconf 88' lang='grc' dir='ltr'>ὁ</span> <span class='ocrx_word' id='word_1_199' title='bbox 547 2701 751 2763; x_wconf 77' lang='grc' dir='ltr'>πάντας</span> <span class='ocrx_word' id='word_1_200' title='bbox 778 2699 1141 2770; x_wconf 79' lang='grc' dir='ltr'>ἀποθνήσκειν</span> <span class='ocrx_word' id='word_1_201' title='bbox 1170 2701 1336 2753; x_wconf 86' lang='grc' dir='ltr'>ποιῶν</span> <span class='ocrx_word' id='word_1_202' title='bbox 1353 2718 1364 2730; x_wconf 89' lang='grc'>·</span> <span class='ocrx_word' id='word_1_203' title='bbox 1395 2702 1476 2764; x_wconf 70' lang='grc' dir='ltr'><strong>τδ,</strong></span> <span class='ocrx_word' id='word_1_204' title='bbox 1501 2701 1699 2770; x_wconf 82' lang='grc' dir='ltr'>Διαμέ-</span> 
     </span>
    </p>
   </div>
   <div class='ocr_carea' id='block_1_30' title="bbox 105 2790 1699 2862">
    <p class='ocr_par' dir='ltr' id='par_1_30' title="bbox 105 2790 1699 2862">
     <span class='ocr_line' id='line_1_30' title="bbox 105 2790 1699 2862; baseline -0.003 -16"><span class='ocrx_word' id='word_1_205' title='bbox 105 2808 307 2860; x_wconf 76' lang='grc' dir='ltr'>ρισον,</span> <span class='ocrx_word' id='word_1_206' title='bbox 330 2792 456 2846; x_wconf 70' lang='grc' dir='ltr'>ἀντὶ</span> <span class='ocrx_word' id='word_1_207' title='bbox 502 2790 619 2858; x_wconf 83' lang='grc' dir='ltr'>τοῦ,</span> <span class='ocrx_word' id='word_1_208' title='bbox 668 2790 1080 2861; x_wconf 86' lang='grc' dir='ltr'>Διασκὸρπισον,</span> <span class='ocrx_word' id='word_1_209' title='bbox 1120 2791 1227 2845; x_wconf 82' lang='grc' dir='ltr'>ἀπὸ</span> <span class='ocrx_word' id='word_1_210' title='bbox 1258 2790 1352 2844; x_wconf 82' lang='grc' dir='ltr'><strong>τοῦ</strong></span> <span class='ocrx_word' id='word_1_211' title='bbox 1386 2791 1446 2844; x_wconf 85' lang='grc' dir='ltr'>τὸ</span> <span class='ocrx_word' id='word_1_212' title='bbox 1477 2807 1699 2862; x_wconf 87' lang='grc' dir='ltr'>σκορπι-</span> 
     </span>
    </p>
   </div>
   <div class='ocr_carea' id='block_1_31' title="bbox 109 2881 1703 2954">
    <p class='ocr_par' dir='ltr' id='par_1_31' title="bbox 109 2881 1703 2954">
     <span class='ocr_line' id='line_1_31' title="bbox 109 2881 1703 2954; baseline -0.001 -18"><span class='ocrx_word' id='word_1_213' title='bbox 109 2884 343 2954; x_wconf 81' lang='grc' dir='ltr'>ζόμενον</span> <span class='ocrx_word' id='word_1_214' title='bbox 374 2884 592 2945; x_wconf 82' lang='grc' dir='ltr'>πάντως</span> <span class='ocrx_word' id='word_1_215' title='bbox 616 2882 738 2952; x_wconf 75' lang='grc' dir='ltr'>τῇδε</span> <span class='ocrx_word' id='word_1_216' title='bbox 762 2883 984 2937; x_wconf 78' lang='grc' dir='ltr'>κάκεῖσε</span> <span class='ocrx_word' id='word_1_217' title='bbox 1003 2881 1320 2952; x_wconf 83' lang='grc' dir='ltr'>μερίζεσθαι</span> <span class='ocrx_word' id='word_1_218' title='bbox 1340 2899 1354 2912; x_wconf 76' lang='grc' dir='ltr'><strong>ο</strong></span> <span class='ocrx_word' id='word_1_219' title='bbox 1378 2881 1435 2935; x_wconf 71' lang='grc' dir='ltr'><strong>τὸ</strong></span> <span class='ocrx_word' id='word_1_220' title='bbox 1469 2882 1547 2945; x_wconf 84' lang='grc' dir='ltr'>δὲ,</span> <span class='ocrx_word' id='word_1_221' title='bbox 1582 2882 1703 2935; x_wconf 83' lang='grc' dir='ltr'><strong>Τῶν</strong></span> 
     </span>
    </p>
   </div>
   <div class='ocr_carea' id='block_1_32' title="bbox 111 2966 1703 3044">
    <p class='ocr_par' dir='ltr' id='par_1_32' title="bbox 111 2966 1703 3044">
     <span class='ocr_line' id='line_1_32' title="bbox 111 2966 1703 3044; baseline -0.003 -17"><span class='ocrx_word' id='word_1_222' title='bbox 111 2973 561 3042; x_wconf 77' lang='grc' dir='ltr'>κεκρυμμένων,</span> <span class='ocrx_word' id='word_1_223' title='bbox 592 2974 709 3026; x_wconf 83' lang='grc' dir='ltr'>ἀντὶ</span> <span class='ocrx_word' id='word_1_224' title='bbox 733 2971 848 3038; x_wconf 80' lang='grc' dir='ltr'>τοῦ,</span> <span class='ocrx_word' id='word_1_225' title='bbox 888 2973 1008 3026; x_wconf 86' lang='grc' dir='ltr'><strong>Τῶν</strong></span> <span class='ocrx_word' id='word_1_226' title='bbox 1040 2974 1317 3044; x_wconf 87' lang='grc' dir='ltr'>τιμωριῶν</span> <span class='ocrx_word' id='word_1_227' title='bbox 1348 2990 1440 3025; x_wconf 92' lang='grc' dir='ltr'><strong>σου</strong></span> <span class='ocrx_word' id='word_1_228' title='bbox 1458 2966 1531 3026; x_wconf 83' lang='grc' dir='ltr'>ὧν</span> <span class='ocrx_word' id='word_1_229' title='bbox 1560 2973 1703 3042; x_wconf 73' lang='grc' dir='ltr'>ἔχεις</span> 
     </span>
    </p>
   </div>
   <div class='ocr_carea' id='block_1_33' title="bbox 1775 497 3339 576">
    <p class='ocr_par' dir='ltr' id='par_1_33' title="bbox 1775 497 3339 576">
     <span class='ocr_line' id='line_1_33' title="bbox 1775 497 3339 576; baseline 0.007 -27"><span class='ocrx_word' id='word_1_230' title='bbox 1775 497 1910 551; x_wconf 75' lang='lat' dir='ltr'><strong>dixit</strong></span> <span class='ocrx_word' id='word_1_231' title='bbox 1970 513 2325 569; x_wconf 81' lang='lat' dir='ltr'><strong>susceperunt.</strong></span> <span class='ocrx_word' id='word_1_232' title='bbox 2367 504 2632 569; x_wconf 83' lang='lat' dir='ltr'><strong>Quoniam</strong></span> <span class='ocrx_word' id='word_1_233' title='bbox 2686 507 2777 574; x_wconf 85' lang='lat' dir='ltr'><strong>qui</strong></span> <span class='ocrx_word' id='word_1_234' title='bbox 2834 508 3178 576; x_wconf 87' lang='lat' dir='ltr'><strong>suscipiunt,</strong></span> <span class='ocrx_word' id='word_1_235' title='bbox 3239 509 3339 561; x_wconf 85' lang='lat' dir='ltr'><strong>ali-</strong></span> 
     </span>
    </p>
   </div>
   <div class='ocr_carea' id='block_1_34' title="bbox 1775 588 3341 666">
    <p class='ocr_par' dir='ltr' id='par_1_34' title="bbox 1775 588 3341 666">
     <span class='ocr_line' id='line_1_34' title="bbox 1775 588 3341 666; baseline 0.006 -26"><span class='ocrx_word' id='word_1_236' title='bbox 1775 588 1903 657; x_wconf 83' lang='lat' dir='ltr'><strong>quid</strong></span> <span class='ocrx_word' id='word_1_237' title='bbox 1941 590 2179 645; x_wconf 82' lang='lat' dir='ltr'><strong>futurum</strong></span> <span class='ocrx_word' id='word_1_238' title='bbox 2209 603 2546 661; x_wconf 82' lang='lat' dir='ltr'><strong>exspectant.</strong></span> <span class='ocrx_word' id='word_1_239' title='bbox 2577 595 2631 648; x_wconf 92' lang='lat' dir='ltr'><strong>Id</strong></span> <span class='ocrx_word' id='word_1_240' title='bbox 2655 602 2760 661; x_wconf 82' lang='lat' dir='ltr'><strong>est,</strong></span> <span class='ocrx_word' id='word_1_241' title='bbox 2794 594 2979 651; x_wconf 81' lang='lat' dir='ltr'><strong>Talem</strong></span> <span class='ocrx_word' id='word_1_242' title='bbox 3012 597 3079 657; x_wconf 84' lang='lat' dir='ltr'><strong>de</strong></span> <span class='ocrx_word' id='word_1_243' title='bbox 3104 612 3189 651; x_wconf 92' lang='lat' dir='ltr'><strong>me</strong></span> <span class='ocrx_word' id='word_1_244' title='bbox 3220 599 3341 666; x_wconf 87' lang='lat' dir='ltr'><strong>opi-</strong></span> 
     </span>
    </p>
   </div>
   <div class='ocr_carea' id='block_1_35' title="bbox 1778 679 3344 755">
    <p class='ocr_par' dir='ltr' id='par_1_35' title="bbox 1778 679 3344 755">
     <span class='ocr_line' id='line_1_35' title="bbox 1778 679 3344 755; baseline 0.006 -25"><span class='ocrx_word' id='word_1_245' title='bbox 1778 679 1993 731; x_wconf 82' lang='lat' dir='ltr'><strong>nionem</strong></span> <span class='ocrx_word' id='word_1_246' title='bbox 2022 680 2242 747; x_wconf 90' lang='lat' dir='ltr'><strong>habent,</strong></span> <span class='ocrx_word' id='word_1_247' title='bbox 2280 691 2338 735; x_wconf 92' lang='lat' dir='ltr'><strong>ut</strong></span> <span class='ocrx_word' id='word_1_248' title='bbox 2370 698 2454 737; x_wconf 88' lang='lat' dir='ltr'><strong>me</strong></span> <span class='ocrx_word' id='word_1_249' title='bbox 2496 685 2662 738; x_wconf 88' lang='lat' dir='ltr'><strong>veluti</strong></span> <span class='ocrx_word' id='word_1_250' title='bbox 2700 683 2869 739; x_wconf 81' lang='lat' dir='ltr'><strong>feram</strong></span> <span class='ocrx_word' id='word_1_251' title='bbox 2919 687 3212 755; x_wconf 82' lang='lat' dir='ltr'><strong>quamdam</strong></span> <span class='ocrx_word' id='word_1_252' title='bbox 3250 702 3344 739; x_wconf 88' lang='lat' dir='ltr'><strong>ve-</strong></span> 
     </span>
    </p>
   </div>
   <div class='ocr_carea' id='block_1_36' title="bbox 1779 774 3345 846">
    <p class='ocr_par' dir='ltr' id='par_1_36' title="bbox 1779 774 3345 846">
     <span class='ocr_line' id='line_1_36' title="bbox 1779 774 3345 846; baseline 0.005 -23"><span class='ocrx_word' id='word_1_253' title='bbox 1779 782 1976 824; x_wconf 82' lang='lat' dir='ltr'><strong>nentur</strong></span> <span class='ocrx_word' id='word_1_254' title='bbox 2007 780 2061 825; x_wconf 90' lang='lat' dir='ltr'><strong>et</strong></span> <span class='ocrx_word' id='word_1_255' title='bbox 2104 774 2337 841; x_wconf 80' lang='lat' dir='ltr'><strong>capiant.</strong></span> <span class='ocrx_word' id='word_1_256' title='bbox 2369 775 2556 829; x_wconf 86' lang='lat' dir='ltr'><strong>Simile</strong></span> <span class='ocrx_word' id='word_1_257' title='bbox 2584 788 2668 830; x_wconf 87' lang='lat' dir='ltr'><strong>est</strong></span> <span class='ocrx_word' id='word_1_258' title='bbox 2694 784 2746 830; x_wconf 88' lang='lat' dir='ltr'><strong>et</strong></span> <span class='ocrx_word' id='word_1_259' title='bbox 2773 777 2901 831; x_wconf 90' lang='lat' dir='ltr'><strong>illud</strong></span> <span class='ocrx_word' id='word_1_260' title='bbox 2943 795 2955 830; x_wconf 92' lang='lat'><strong>:</strong></span> <span class='ocrx_word' id='word_1_261' title='bbox 2984 776 3345 846; x_wconf 75' lang='lat' dir='ltr'><strong>Suscepimus,</strong></span> 
     </span>
    </p>
   </div>
   <div class='ocr_carea' id='block_1_37' title="bbox 1780 858 3345 934">
    <p class='ocr_par' dir='ltr' id='par_1_37' title="bbox 1780 858 3345 934">
     <span class='ocr_line' id='line_1_37' title="bbox 1780 858 3345 934; baseline 0.006 -22"><span class='ocrx_word' id='word_1_262' title='bbox 1780 858 2022 924; x_wconf 80' lang='lat' dir='ltr'><strong>Domine,</strong></span> <span class='ocrx_word' id='word_1_263' title='bbox 2064 863 2479 917; x_wconf 78' lang='lat' dir='ltr'><strong>misericordiam</strong></span> <span class='ocrx_word' id='word_1_264' title='bbox 2532 876 2674 918; x_wconf 85' lang='lat' dir='ltr'><strong>tuam</strong></span> <span class='ocrx_word' id='word_1_265' title='bbox 2735 865 2930 934; x_wconf 77' lang='lat' dir='ltr'><strong>(Psal.</strong></span> <span class='ocrx_word' id='word_1_266' title='bbox 2988 882 3157 930; x_wconf 72' lang='lat' dir='ltr'><strong>XLVII,</strong></span> <span class='ocrx_word' id='word_1_267' title='bbox 3221 868 3345 932; x_wconf 74' lang='lat'><strong>10),</strong></span> 
     </span>
    </p>
   </div>
   <div class='ocr_carea' id='block_1_38' title="bbox 1779 951 3351 1024">
    <p class='ocr_par' dir='ltr' id='par_1_38' title="bbox 1779 951 3351 1024">
     <span class='ocr_line' id='line_1_38' title="bbox 1779 951 3351 1024; baseline 0.005 -22"><span class='ocrx_word' id='word_1_268' title='bbox 1779 952 1881 1004; x_wconf 88' lang='lat' dir='ltr'><strong>hoc</strong></span> <span class='ocrx_word' id='word_1_269' title='bbox 1912 959 2015 1014; x_wconf 91' lang='lat' dir='ltr'><strong>est,</strong></span> <span class='ocrx_word' id='word_1_270' title='bbox 2047 951 2492 1024; x_wconf 80' lang='lat' dir='ltr'><strong>Exspectavimus</strong></span> <span class='ocrx_word' id='word_1_271' title='bbox 2541 955 2775 1010; x_wconf 76' lang='lat' dir='ltr'><strong>futuram</strong></span> <span class='ocrx_word' id='word_1_272' title='bbox 2811 956 2863 1008; x_wconf 91' lang='lat' dir='ltr'><strong>in</strong></span> <span class='ocrx_word' id='word_1_273' title='bbox 2902 957 3059 1011; x_wconf 91' lang='lat' dir='ltr'><strong>nobis</strong></span> <span class='ocrx_word' id='word_1_274' title='bbox 3099 958 3351 1010; x_wconf 54' lang='lat' dir='ltr'><strong>ltumanic</strong></span> 
     </span>
    </p>
   </div>
   <div class='ocr_carea' id='block_1_39' title="bbox 1781 1051 2142 1099">
    <p class='ocr_par' dir='ltr' id='par_1_39' title="bbox 1781 1051 2142 1099">
     <span class='ocr_line' id='line_1_39' title="bbox 1781 1051 2142 1099; baseline 0.008 -4"><span class='ocrx_word' id='word_1_275' title='bbox 1781 1051 1943 1098; x_wconf 90' lang='lat' dir='ltr'><strong>tatem</strong></span> <span class='ocrx_word' id='word_1_276' title='bbox 1974 1052 2142 1099; x_wconf 89' lang='lat' dir='ltr'><strong>tuam.</strong></span> 
     </span>
    </p>
   </div>
   <div class='ocr_carea' id='block_1_40' title="bbox 1854 1153 3352 1227">
    <p class='ocr_par' dir='ltr' id='par_1_40' title="bbox 1854 1153 3352 1227">
     <span class='ocr_line' id='line_1_40' title="bbox 1854 1153 3352 1227; baseline 0.003 -21"><span class='ocrx_word' id='word_1_277' title='bbox 1854 1153 2441 1220; x_wconf 65' lang='lat' dir='ltr'><strong>Vens.l3.-—Quidam</strong></span> <span class='ocrx_word' id='word_1_278' title='bbox 2470 1157 2710 1227; x_wconf 67' lang='grc' dir='ltr'>ῥομφαίᾳ</span> <span class='ocrx_word' id='word_1_279' title='bbox 2741 1157 2883 1227; x_wconf 89' lang='lat' dir='ltr'><strong>(cum</strong></span> <span class='ocrx_word' id='word_1_280' title='bbox 2899 1156 3103 1219; x_wconf 81' lang='lat' dir='ltr'><strong>[ramea</strong></span> <span class='ocrx_word' id='word_1_281' title='bbox 3128 1158 3239 1219; x_wconf 79' lang='lat' dir='ltr'><strong>tua)</strong></span> <span class='ocrx_word' id='word_1_282' title='bbox 3278 1160 3352 1210; x_wconf 47' lang='lat' dir='ltr'><strong>le:</strong></span> 
     </span>
    </p>
   </div>
   <div class='ocr_carea' id='block_1_41' title="bbox 1782 1245 3349 1318">
    <p class='ocr_par' dir='ltr' id='par_1_41' title="bbox 1782 1245 3349 1318">
     <span class='ocr_line' id='line_1_41' title="bbox 1782 1245 3349 1318; baseline 0.002 -21"><span class='ocrx_word' id='word_1_283' title='bbox 1782 1253 1913 1312; x_wconf 83' lang='lat' dir='ltr'><strong>gunt</strong></span> <span class='ocrx_word' id='word_1_284' title='bbox 1941 1245 2123 1298; x_wconf 89' lang='lat' dir='ltr'><strong>dativo</strong></span> <span class='ocrx_word' id='word_1_285' title='bbox 2150 1261 2303 1301; x_wconf 88' lang='lat' dir='ltr'><strong>casu.</strong></span> <span class='ocrx_word' id='word_1_286' title='bbox 2339 1246 2456 1301; x_wconf 80' lang='lat' dir='ltr'><strong>Non</strong></span> <span class='ocrx_word' id='word_1_287' title='bbox 2507 1256 2686 1302; x_wconf 89' lang='lat' dir='ltr'><strong>autem</strong></span> <span class='ocrx_word' id='word_1_288' title='bbox 2711 1256 2795 1303; x_wconf 90' lang='lat' dir='ltr'><strong>est</strong></span> <span class='ocrx_word' id='word_1_289' title='bbox 2821 1248 2917 1309; x_wconf 89' lang='lat' dir='ltr'><strong>ita,</strong></span> <span class='ocrx_word' id='word_1_290' title='bbox 2946 1247 3039 1302; x_wconf 89' lang='lat' dir='ltr'><strong>sed</strong></span> <span class='ocrx_word' id='word_1_291' title='bbox 3074 1249 3349 1318; x_wconf 80' lang='grc' dir='ltr'>ῥομφαίας</span> 
     </span>
    </p>
   </div>
   <div class='ocr_carea' id='block_1_42' title="bbox 1783 1335 3351 1407">
    <p class='ocr_par' dir='ltr' id='par_1_42' title="bbox 1783 1335 3351 1407">
     <span class='ocr_line' id='line_1_42' title="bbox 1783 1335 3351 1407; baseline 0.002 -20"><span class='ocrx_word' id='word_1_292' title='bbox 1783 1335 2065 1403; x_wconf 81' lang='lat' dir='ltr'><strong>(aframea</strong></span> <span class='ocrx_word' id='word_1_293' title='bbox 2087 1335 2201 1405; x_wconf 73' lang='lat' dir='ltr'><strong>tua)</strong></span> <span class='ocrx_word' id='word_1_294' title='bbox 2221 1339 2460 1407; x_wconf 75' lang='lat' dir='ltr'><strong>genitivo</strong></span> <span class='ocrx_word' id='word_1_295' title='bbox 2476 1353 2606 1391; x_wconf 87' lang='lat' dir='ltr'><strong>casu</strong></span> <span class='ocrx_word' id='word_1_296' title='bbox 2640 1337 2928 1407; x_wconf 83' lang='lat' dir='ltr'><strong>legendum</strong></span> <span class='ocrx_word' id='word_1_297' title='bbox 2958 1346 3072 1403; x_wconf 87' lang='lat' dir='ltr'><strong>est;</strong></span> <span class='ocrx_word' id='word_1_298' title='bbox 3102 1338 3181 1393; x_wconf 88' lang='lat' dir='ltr'><strong>sic</strong></span> <span class='ocrx_word' id='word_1_299' title='bbox 3209 1338 3351 1390; x_wconf 88' lang='lat' dir='ltr'><strong>enim</strong></span> 
     </span>
    </p>
   </div>
   <div class='ocr_carea' id='block_1_43' title="bbox 1781 1422 3349 1494">
    <p class='ocr_par' dir='ltr' id='par_1_43' title="bbox 1781 1422 3349 1494">
     <span class='ocr_line' id='line_1_43' title="bbox 1781 1422 3349 1494; baseline 0.001 -19"><span class='ocrx_word' id='word_1_300' title='bbox 1781 1422 1918 1475; x_wconf 80' lang='lat' dir='ltr'><strong>dixit</strong></span> <span class='ocrx_word' id='word_1_301' title='bbox 1947 1423 2136 1491; x_wconf 82' lang='lat' dir='ltr'><strong>Aquila</strong></span> <span class='ocrx_word' id='word_1_302' title='bbox 2165 1424 2436 1493; x_wconf 76' lang='grc' dir='ltr'>μαχαίρας</span> <span class='ocrx_word' id='word_1_303' title='bbox 2476 1430 2549 1493; x_wconf 84' lang='grc' dir='ltr'>(α</span> <span class='ocrx_word' id='word_1_304' title='bbox 2585 1425 2762 1493; x_wconf 80' lang='lat' dir='ltr'><strong>gladio</strong></span> <span class='ocrx_word' id='word_1_305' title='bbox 2798 1432 2885 1479; x_wconf 71' lang='lat' dir='ltr'><strong>tuo</strong></span> <span class='ocrx_word' id='word_1_306' title='bbox 2908 1428 2948 1494; x_wconf 86' lang='lat'><strong>).</strong></span> <span class='ocrx_word' id='word_1_307' title='bbox 2984 1424 3138 1490; x_wconf 81' lang='lat' dir='ltr'><strong>Quod</strong></span> <span class='ocrx_word' id='word_1_308' title='bbox 3166 1424 3349 1478; x_wconf 87' lang='lat' dir='ltr'><strong>dicere</strong></span> 
     </span>
    </p>
   </div>
   <div class='ocr_carea' id='block_1_44' title="bbox 1784 1513 3357 1585">
    <p class='ocr_par' dir='ltr' id='par_1_44' title="bbox 1784 1513 3357 1585">
     <span class='ocr_line' id='line_1_44' title="bbox 1784 1513 3357 1585; baseline 0.002 -19"><span class='ocrx_word' id='word_1_309' title='bbox 1784 1513 1918 1577; x_wconf 75' lang='lat' dir='ltr'><strong>vult,</strong></span> <span class='ocrx_word' id='word_1_310' title='bbox 1971 1515 2073 1567; x_wconf 87' lang='lat' dir='ltr'><strong>hoc</strong></span> <span class='ocrx_word' id='word_1_311' title='bbox 2103 1526 2225 1569; x_wconf 88' lang='lat' dir='ltr'><strong>est:</strong></span> <span class='ocrx_word' id='word_1_312' title='bbox 2264 1515 2425 1585; x_wconf 84' lang='lat' dir='ltr'><strong>Eripe</strong></span> <span class='ocrx_word' id='word_1_313' title='bbox 2460 1518 2698 1570; x_wconf 87' lang='lat' dir='ltr'><strong>animam</strong></span> <span class='ocrx_word' id='word_1_314' title='bbox 2756 1531 2956 1579; x_wconf 85' lang='lat' dir='ltr'><strong>meam,</strong></span> <span class='ocrx_word' id='word_1_315' title='bbox 3005 1516 3057 1570; x_wconf 92' lang='lat' dir='ltr'><strong>id</strong></span> <span class='ocrx_word' id='word_1_316' title='bbox 3106 1526 3193 1570; x_wconf 90' lang='lat' dir='ltr'><strong>est</strong></span> <span class='ocrx_word' id='word_1_317' title='bbox 3246 1531 3357 1569; x_wconf 85' lang='lat' dir='ltr'><strong>mc-</strong></span> 
     </span>
    </p>
   </div>
   <div class='ocr_carea' id='block_1_45' title="bbox 1785 1605 3356 1676">
    <p class='ocr_par' dir='ltr' id='par_1_45' title="bbox 1785 1605 3356 1676">
     <span class='ocr_line' id='line_1_45' title="bbox 1785 1605 3356 1676; baseline -0.001 -19"><span class='ocrx_word' id='word_1_318' title='bbox 1785 1605 1987 1673; x_wconf 78' lang='lat' dir='ltr'><strong>ipsum,</strong></span> <span class='ocrx_word' id='word_1_319' title='bbox 2019 1606 2086 1659; x_wconf 87' lang='lat' dir='ltr'><strong>ab</strong></span> <span class='ocrx_word' id='word_1_320' title='bbox 2112 1606 2197 1660; x_wconf 82' lang='lat' dir='ltr'><strong>bis</strong></span> <span class='ocrx_word' id='word_1_321' title='bbox 2228 1607 2436 1675; x_wconf 88' lang='lat' dir='ltr'><strong>impiis,</strong></span> <span class='ocrx_word' id='word_1_322' title='bbox 2480 1616 2646 1676; x_wconf 84' lang='lat' dir='ltr'><strong>atque</strong></span> <span class='ocrx_word' id='word_1_323' title='bbox 2681 1622 2708 1660; x_wconf 93' lang='lat' dir='ltr'><strong>a</strong></span> <span class='ocrx_word' id='word_1_324' title='bbox 2754 1608 2959 1661; x_wconf 81' lang='lat' dir='ltr'><strong>framea</strong></span> <span class='ocrx_word' id='word_1_325' title='bbox 3010 1606 3356 1661; x_wconf 82' lang='lat' dir='ltr'><strong>inimicorum</strong></span> 
     </span>
    </p>
   </div>
   <div class='ocr_carea' id='block_1_46' title="bbox 1789 1696 3351 1766">
    <p class='ocr_par' dir='ltr' id='par_1_46' title="bbox 1789 1696 3351 1766">
     <span class='ocr_line' id='line_1_46' title="bbox 1789 1696 3351 1766; baseline 0.001 -18"><span class='ocrx_word' id='word_1_326' title='bbox 1789 1712 1985 1752; x_wconf 89' lang='lat' dir='ltr'><strong>manus</strong></span> <span class='ocrx_word' id='word_1_327' title='bbox 2009 1704 2134 1751; x_wconf 73' lang='lat' dir='ltr'><strong>tum.</strong></span> <span class='ocrx_word' id='word_1_328' title='bbox 2164 1697 2447 1752; x_wconf 88' lang='lat' dir='ltr'><strong>Frameam</strong></span> <span class='ocrx_word' id='word_1_329' title='bbox 2480 1708 2660 1753; x_wconf 89' lang='lat' dir='ltr'><strong>autem</strong></span> <span class='ocrx_word' id='word_1_330' title='bbox 2694 1707 2854 1753; x_wconf 84' lang='lat' dir='ltr'><strong>vocat</strong></span> <span class='ocrx_word' id='word_1_331' title='bbox 2900 1698 3079 1751; x_wconf 87' lang='lat' dir='ltr'><strong>omnis</strong></span> <span class='ocrx_word' id='word_1_332' title='bbox 3132 1696 3351 1766; x_wconf 78' lang='lat' dir='ltr'><strong>generis</strong></span> 
     </span>
    </p>
   </div>
   <div class='ocr_carea' id='block_1_47' title="bbox 1789 1781 3360 1855">
    <p class='ocr_par' dir='ltr' id='par_1_47' title="bbox 1789 1781 3360 1855">
     <span class='ocr_line' id='line_1_47' title="bbox 1789 1781 3360 1855; baseline -0.001 -18"><span class='ocrx_word' id='word_1_333' title='bbox 1789 1801 1937 1838; x_wconf 88' lang='lat' dir='ltr'><strong>arma</strong></span> <span class='ocrx_word' id='word_1_334' title='bbox 1968 1786 2035 1842; x_wconf 89' lang='lat' dir='ltr'><strong>ab</strong></span> <span class='ocrx_word' id='word_1_335' title='bbox 2072 1786 2179 1840; x_wconf 90' lang='lat' dir='ltr'><strong>illis</strong></span> <span class='ocrx_word' id='word_1_336' title='bbox 2215 1787 2437 1840; x_wconf 71' lang='lat' dir='ltr'><strong>inventa</strong></span> <span class='ocrx_word' id='word_1_337' title='bbox 2464 1787 2666 1855; x_wconf 83' lang='lat' dir='ltr'><strong>quibus</strong></span> <span class='ocrx_word' id='word_1_338' title='bbox 2710 1786 2785 1840; x_wconf 88' lang='lat' dir='ltr'><strong>illi</strong></span> <span class='ocrx_word' id='word_1_339' title='bbox 2828 1784 3060 1839; x_wconf 84' lang='lat' dir='ltr'><strong>insidias</strong></span> <span class='ocrx_word' id='word_1_340' title='bbox 3092 1781 3360 1851; x_wconf 82' lang='lat' dir='ltr'><strong>periculo-</strong></span> 
     </span>
    </p>
   </div>
   <div class='ocr_carea' id='block_1_48' title="bbox 1791 1872 3363 1945">
    <p class='ocr_par' dir='ltr' id='par_1_48' title="bbox 1791 1872 3363 1945">
     <span class='ocr_line' id='line_1_48' title="bbox 1791 1872 3363 1945; baseline -0.006 -14"><span class='ocrx_word' id='word_1_341' title='bbox 1791 1876 1966 1932; x_wconf 85' lang='lat' dir='ltr'><strong>siores</strong></span> <span class='ocrx_word' id='word_1_342' title='bbox 1996 1876 2286 1945; x_wconf 88' lang='lat' dir='ltr'><strong>parabant.</strong></span> <span class='ocrx_word' id='word_1_343' title='bbox 2332 1875 2588 1931; x_wconf 83' lang='lat' dir='ltr'><strong>Inimicos</strong></span> <span class='ocrx_word' id='word_1_344' title='bbox 2638 1892 2767 1930; x_wconf 82' lang='lat' dir='ltr'><strong>vero</strong></span> <span class='ocrx_word' id='word_1_345' title='bbox 2809 1890 3003 1928; x_wconf 90' lang='lat' dir='ltr'><strong>manus</strong></span> <span class='ocrx_word' id='word_1_346' title='bbox 3064 1872 3157 1926; x_wconf 88' lang='lat' dir='ltr'><strong>Dci</strong></span> <span class='ocrx_word' id='word_1_347' title='bbox 3203 1879 3363 1925; x_wconf 87' lang='lat' dir='ltr'><strong>vocat</strong></span> 
     </span>
    </p>
   </div>
   <div class='ocr_carea' id='block_1_49' title="bbox 1791 1960 3364 2035">
    <p class='ocr_par' dir='ltr' id='par_1_49' title="bbox 1791 1960 3364 2035">
     <span class='ocr_line' id='line_1_49' title="bbox 1791 1960 3364 2035; baseline -0.004 -15"><span class='ocrx_word' id='word_1_348' title='bbox 1791 1967 2045 2020; x_wconf 84' lang='lat' dir='ltr'><strong>inimicos</strong></span> <span class='ocrx_word' id='word_1_349' title='bbox 2086 1967 2287 2035; x_wconf 88' lang='lat' dir='ltr'><strong>ipsius.</strong></span> <span class='ocrx_word' id='word_1_350' title='bbox 2323 1982 2448 2020; x_wconf 89' lang='lat' dir='ltr'><strong>cum</strong></span> <span class='ocrx_word' id='word_1_351' title='bbox 2481 1982 2644 2034; x_wconf 89' lang='lat' dir='ltr'><strong>quem</strong></span> <span class='ocrx_word' id='word_1_352' title='bbox 2674 1973 2909 2019; x_wconf 74' lang='lat' dir='ltr'><strong>tinxerat</strong></span> <span class='ocrx_word' id='word_1_353' title='bbox 2944 1962 2999 2018; x_wconf 87' lang='lat' dir='ltr'><strong>in</strong></span> <span class='ocrx_word' id='word_1_354' title='bbox 3050 1977 3230 2033; x_wconf 69' lang='lat' dir='ltr'><strong>regem</strong></span> <span class='ocrx_word' id='word_1_355' title='bbox 3265 1960 3364 2014; x_wconf 85' lang='lat' dir='ltr'><strong>de-</strong></span> 
     </span>
    </p>
   </div>
   <div class='ocr_carea' id='block_1_50' title="bbox 1792 2050 3380 2127">
    <p class='ocr_par' dir='ltr' id='par_1_50' title="bbox 1792 2050 3380 2127">
     <span class='ocr_line' id='line_1_50' title="bbox 1792 2050 3380 2127; baseline -0.006 -16"><span class='ocrx_word' id='word_1_356' title='bbox 1792 2058 1997 2127; x_wconf 86' lang='lat' dir='ltr'><strong>pellere</strong></span> <span class='ocrx_word' id='word_1_357' title='bbox 2031 2058 2332 2113; x_wconf 71' lang='lat' dir='ltr'><strong>sumerent.</strong></span> <span class='ocrx_word' id='word_1_358' title='bbox 2363 2055 2653 2113; x_wconf 73' lang='lat' dir='ltr'><strong>Manifesta</strong></span> <span class='ocrx_word' id='word_1_359' title='bbox 2679 2056 2913 2112; x_wconf 85' lang='lat' dir='ltr'><strong>oderant</strong></span> <span class='ocrx_word' id='word_1_360' title='bbox 2958 2053 3152 2115; x_wconf 83' lang='lat' dir='ltr'><strong>Deum,</strong></span> <span class='ocrx_word' id='word_1_361' title='bbox 3202 2050 3380 2105; x_wconf 81' lang='lat' dir='ltr'><strong>factis.</strong></span> 
     </span>
    </p>
   </div>
   <div class='ocr_carea' id='block_1_51' title="bbox 1795 2147 2656 2219">
    <p class='ocr_par' dir='ltr' id='par_1_51' title="bbox 1795 2147 2656 2219">
     <span class='ocr_line' id='line_1_51' title="bbox 1795 2147 2656 2219; baseline -0.005 -16"><span class='ocrx_word' id='word_1_362' title='bbox 1795 2151 1864 2204; x_wconf 87' lang='lat' dir='ltr'><strong>ab</strong></span> <span class='ocrx_word' id='word_1_363' title='bbox 1891 2151 2012 2219; x_wconf 80' lang='lat' dir='ltr'><strong>ipso</strong></span> <span class='ocrx_word' id='word_1_364' title='bbox 2046 2149 2320 2204; x_wconf 87' lang='lat' dir='ltr'><strong>obsistere</strong></span> <span class='ocrx_word' id='word_1_365' title='bbox 2350 2147 2656 2205; x_wconf 81' lang='lat' dir='ltr'><strong>studentes.</strong></span> 
     </span>
    </p>
   </div>
   <div class='ocr_carea' id='block_1_52' title="bbox 1875 2415 3373 2490">
    <p class='ocr_par' dir='ltr' id='par_1_52' title="bbox 1875 2415 3373 2490">
     <span class='ocr_line' id='line_1_52' title="bbox 1875 2415 3373 2490; baseline -0.007 -14"><span class='ocrx_word' id='word_1_366' title='bbox 1875 2422 2036 2479; x_wconf 70' lang='lat' dir='ltr'><strong>Vens.</strong></span> <span class='ocrx_word' id='word_1_367' title='bbox 2073 2424 2159 2478; x_wconf 77' lang='lat' dir='ltr'><strong>M.</strong></span> <span class='ocrx_word' id='word_1_368' title='bbox 2188 2452 2245 2461; x_wconf 89' lang='lat'><strong><em>—</em></strong></span> <span class='ocrx_word' id='word_1_369' title='bbox 2283 2422 2357 2476; x_wconf 86' lang='lat' dir='ltr'><strong>De</strong></span> <span class='ocrx_word' id='word_1_370' title='bbox 2408 2432 2550 2476; x_wconf 80' lang='lat' dir='ltr'><strong>terra</strong></span> <span class='ocrx_word' id='word_1_371' title='bbox 2578 2436 2701 2490; x_wconf 83' lang='lat' dir='ltr'><strong>ergo</strong></span> <span class='ocrx_word' id='word_1_372' title='bbox 2741 2415 3071 2487; x_wconf 76' lang='lat' dir='ltr'><strong>disperdens,</strong></span> <span class='ocrx_word' id='word_1_373' title='bbox 3098 2416 3163 2471; x_wconf 91' lang='lat' dir='ltr'><strong>ad</strong></span> <span class='ocrx_word' id='word_1_374' title='bbox 3200 2415 3373 2470; x_wconf 83' lang='lat' dir='ltr'><strong>Deum</strong></span> 
     </span>
    </p>
   </div>
   <div class='ocr_carea' id='block_1_53' title="bbox 1803 2506 3368 2585">
    <p class='ocr_par' dir='ltr' id='par_1_53' title="bbox 1803 2506 3368 2585">
     <span class='ocr_line' id='line_1_53' title="bbox 1803 2506 3368 2585; baseline -0.008 -15"><span class='ocrx_word' id='word_1_375' title='bbox 1803 2515 1943 2572; x_wconf 80' lang='lat' dir='ltr'><strong>dixit</strong></span> <span class='ocrx_word' id='word_1_376' title='bbox 1974 2524 2234 2585; x_wconf 90' lang='lat' dir='ltr'><strong>tanquam</strong></span> <span class='ocrx_word' id='word_1_377' title='bbox 2279 2513 2560 2568; x_wconf 90' lang='lat' dir='ltr'><strong>decretum</strong></span> <span class='ocrx_word' id='word_1_378' title='bbox 2617 2511 2810 2566; x_wconf 82' lang='lat' dir='ltr'><strong>mortis</strong></span> <span class='ocrx_word' id='word_1_379' title='bbox 2870 2518 3063 2565; x_wconf 88' lang='lat' dir='ltr'><strong>contra</strong></span> <span class='ocrx_word' id='word_1_380' title='bbox 3121 2506 3368 2561; x_wconf 72' lang='lat' dir='ltr'><strong>homines</strong></span> 
     </span>
    </p>
   </div>
   <div class='ocr_carea' id='block_1_54' title="bbox 1800 2594 3369 2668">
    <p class='ocr_par' dir='ltr' id='par_1_54' title="bbox 1800 2594 3369 2668">
     <span class='ocr_line' id='line_1_54' title="bbox 1800 2594 3369 2668; baseline -0.009 -7"><span class='ocrx_word' id='word_1_381' title='bbox 1800 2614 2172 2668; x_wconf 79' lang='lat' dir='ltr'><strong>exserentem,</strong></span> <span class='ocrx_word' id='word_1_382' title='bbox 2205 2613 2266 2658; x_wconf 91' lang='lat' dir='ltr'><strong>ut</strong></span> <span class='ocrx_word' id='word_1_383' title='bbox 2295 2602 2515 2657; x_wconf 88' lang='lat' dir='ltr'><strong>dicatur</strong></span> <span class='ocrx_word' id='word_1_384' title='bbox 2542 2601 2699 2655; x_wconf 90' lang='lat' dir='ltr'><strong>morti</strong></span> <span class='ocrx_word' id='word_1_385' title='bbox 2733 2601 2886 2656; x_wconf 88' lang='lat' dir='ltr'><strong>solus</strong></span> <span class='ocrx_word' id='word_1_386' title='bbox 2932 2600 3221 2668; x_wconf 84' lang='lat' dir='ltr'><strong>imperare.</strong></span> <span class='ocrx_word' id='word_1_387' title='bbox 3274 2594 3369 2648; x_wconf 48' lang='lat' dir='ltr'><strong>Die</strong></span> 
     </span>
    </p>
   </div>
   <div class='ocr_carea' id='block_1_55' title="bbox 1802 2688 3369 2766">
    <p class='ocr_par' dir='ltr' id='par_1_55' title="bbox 1802 2688 3369 2766">
     <span class='ocr_line' id='line_1_55' title="bbox 1802 2688 3369 2766; baseline -0.008 -14"><span class='ocrx_word' id='word_1_388' title='bbox 1802 2697 1917 2752; x_wconf 80' lang='lat' dir='ltr'><strong>vide</strong></span> <span class='ocrx_word' id='word_1_389' title='bbox 1952 2712 2051 2766; x_wconf 90' lang='lat' dir='ltr'><strong>pro</strong></span> <span class='ocrx_word' id='word_1_390' title='bbox 2081 2695 2355 2765; x_wconf 86' lang='lat' dir='ltr'><strong>disperge,</strong></span> <span class='ocrx_word' id='word_1_391' title='bbox 2404 2693 2549 2749; x_wconf 89' lang='lat' dir='ltr'><strong>unde</strong></span> <span class='ocrx_word' id='word_1_392' title='bbox 2595 2693 2905 2761; x_wconf 86' lang='lat' dir='ltr'><strong>dispersum</strong></span> <span class='ocrx_word' id='word_1_393' title='bbox 2952 2688 3179 2743; x_wconf 86' lang='lat' dir='ltr'><strong>omnino</strong></span> <span class='ocrx_word' id='word_1_394' title='bbox 3213 2688 3369 2741; x_wconf 86' lang='lat' dir='ltr'><strong>undi-</strong></span> 
     </span>
    </p>
   </div>
   <div class='ocr_carea' id='block_1_56' title="bbox 1802 2778 3374 2856">
    <p class='ocr_par' dir='ltr' id='par_1_56' title="bbox 1802 2778 3374 2856">
     <span class='ocr_line' id='line_1_56' title="bbox 1802 2778 3374 2856; baseline -0.006 -17"><span class='ocrx_word' id='word_1_395' title='bbox 1802 2803 1909 2856; x_wconf 71' lang='lat' dir='ltr'><strong>que</strong></span> <span class='ocrx_word' id='word_1_396' title='bbox 1940 2785 2292 2841; x_wconf 87' lang='lat' dir='ltr'><strong>dividendum</strong></span> <span class='ocrx_word' id='word_1_397' title='bbox 2322 2795 2426 2839; x_wconf 89' lang='lat' dir='ltr'><strong>est.</strong></span> <span class='ocrx_word' id='word_1_398' title='bbox 2459 2816 2526 2824; x_wconf 98' lang='lat'><strong>—</strong></span> <span class='ocrx_word' id='word_1_399' title='bbox 2550 2781 2886 2837; x_wconf 79' lang='lat' dir='ltr'><strong>Absconditis</strong></span> <span class='ocrx_word' id='word_1_400' title='bbox 2933 2788 3118 2835; x_wconf 88' lang='lat' dir='ltr'><strong>autem</strong></span> <span class='ocrx_word' id='word_1_401' title='bbox 3154 2794 3254 2848; x_wconf 87' lang='lat' dir='ltr'><strong>pro</strong></span> <span class='ocrx_word' id='word_1_402' title='bbox 3295 2778 3374 2830; x_wconf 88' lang='lat' dir='ltr'><strong>ul-</strong></span> 
     </span>
    </p>
   </div>
   <div class='ocr_carea' id='block_1_57' title="bbox 1804 2875 3375 2947">
    <p class='ocr_par' dir='ltr' id='par_1_57' title="bbox 1804 2875 3375 2947">
     <span class='ocr_line' id='line_1_57' title="bbox 1804 2875 3375 2947; baseline -0.008 -15"><span class='ocrx_word' id='word_1_403' title='bbox 1804 2879 2049 2933; x_wconf 88' lang='lat' dir='ltr'><strong>tionibus</strong></span> <span class='ocrx_word' id='word_1_404' title='bbox 2083 2893 2222 2947; x_wconf 87' lang='lat' dir='ltr'><strong>quas</strong></span> <span class='ocrx_word' id='word_1_405' title='bbox 2249 2875 2602 2931; x_wconf 84' lang='lat' dir='ltr'><strong>absconditas</strong></span> <span class='ocrx_word' id='word_1_406' title='bbox 2635 2884 2812 2939; x_wconf 89' lang='lat' dir='ltr'><strong>tenes,</strong></span> <span class='ocrx_word' id='word_1_407' title='bbox 2845 2887 3093 2943; x_wconf 87' lang='lat' dir='ltr'><strong>quasque</strong></span> <span class='ocrx_word' id='word_1_408' title='bbox 3125 2886 3248 2927; x_wconf 88' lang='lat' dir='ltr'><strong>cum</strong></span> <span class='ocrx_word' id='word_1_409' title='bbox 3276 2884 3375 2920; x_wconf 60' lang='lat' dir='ltr'><strong>va»</strong></span> 
     </span>
    </p>
   </div>
   <div class='ocr_carea' id='block_1_58' title="bbox 1807 2954 3376 3036">
    <p class='ocr_par' dir='ltr' id='par_1_58' title="bbox 1807 2954 3376 3036">
     <span class='ocr_line' id='line_1_58' title="bbox 1807 2954 3376 3036; baseline -0.005 -12"><span class='ocrx_word' id='word_1_410' title='bbox 1807 2970 1973 3024; x_wconf 85' lang='lat' dir='ltr'><strong>lueris</strong></span> <span class='ocrx_word' id='word_1_411' title='bbox 2008 2971 2219 3025; x_wconf 77' lang='lat' dir='ltr'><strong>exseris</strong></span> <span class='ocrx_word' id='word_1_412' title='bbox 2251 2968 2318 3021; x_wconf 88' lang='lat' dir='ltr'><strong>ad</strong></span> <span class='ocrx_word' id='word_1_413' title='bbox 2352 2968 2449 3023; x_wconf 84' lang='lat' dir='ltr'><strong>hos</strong></span> <span class='ocrx_word' id='word_1_414' title='bbox 2482 2967 2732 3022; x_wconf 83' lang='lat' dir='ltr'><strong>homines</strong></span> <span class='ocrx_word' id='word_1_415' title='bbox 2768 2966 3064 3036; x_wconf 86' lang='lat' dir='ltr'><strong>imparatos</strong></span> <span class='ocrx_word' id='word_1_416' title='bbox 3100 2971 3264 3032; x_wconf 89' lang='lat' dir='ltr'><strong>atque</strong></span> <span class='ocrx_word' id='word_1_417' title='bbox 3294 2954 3376 3016; x_wconf 64' lang='grc' dir='ltr'>ιλι-</span> 
     </span>
    </p>
   </div>
   <div class='ocr_carea' id='block_1_59' title="bbox 111 3060 1682 3155">
    <p class='ocr_par' dir='ltr' id='par_1_59' title="bbox 111 3065 1682 3137">
     <span class='ocr_line' id='line_1_59' title="bbox 111 3065 1682 3137; baseline -0.001 -19"><span class='ocrx_word' id='word_1_418' title='bbox 111 3068 166 3118; x_wconf 84' lang='grc' dir='ltr'><strong>ἐν</strong></span> <span class='ocrx_word' id='word_1_419' title='bbox 191 3066 527 3137; x_wconf 77' lang='grc' dir='ltr'>ἀποκρύφῳ,</span> <span class='ocrx_word' id='word_1_420' title='bbox 546 3066 633 3129; x_wconf 82' lang='grc' dir='ltr'><strong>ἀς,</strong></span> <span class='ocrx_word' id='word_1_421' title='bbox 654 3066 745 3118; x_wconf 81' lang='grc' dir='ltr'>ὅτε</span> <span class='ocrx_word' id='word_1_422' title='bbox 772 3066 966 3131; x_wconf 80' lang='grc' dir='ltr'>θέλεις,</span> <span class='ocrx_word' id='word_1_423' title='bbox 991 3065 1251 3137; x_wconf 82' lang='grc' dir='ltr'>ἐκφέρῃς,</span> <span class='ocrx_word' id='word_1_424' title='bbox 1291 3065 1534 3135; x_wconf 77' lang='grc' dir='ltr'>τιμωροῦ</span> <span class='ocrx_word' id='word_1_425' title='bbox 1546 3080 1682 3133; x_wconf 65' lang='grc' dir='ltr'>μενοι</span> 
     </span>
    </p>
   </div>
   <div class='ocr_carea' id='block_1_60' title="bbox 1811 3060 2361 3155">
    <p class='ocr_par' dir='ltr' id='par_1_60' title="bbox 1811 3060 2361 3118">
     <span class='ocr_line' id='line_1_60' title="bbox 1811 3060 2361 3118; baseline -0.007 0"><span class='ocrx_word' id='word_1_426' title='bbox 1811 3063 1953 3118; x_wconf 88' lang='lat' dir='ltr'><strong>scios</strong></span> <span class='ocrx_word' id='word_1_427' title='bbox 1990 3060 2361 3117; x_wconf 88' lang='lat' dir='ltr'><strong>uleiscendos.</strong></span> 
     </span>
    </p>
   </div>
   <div class='ocr_carea' id='block_1_61' title="bbox 112 3154 1654 3225">
    <p class='ocr_par' dir='ltr' id='par_1_61' title="bbox 112 3154 1654 3225">
     <span class='ocr_line' id='line_1_61' title="bbox 112 3154 1654 3225; baseline 0 -19"><span class='ocrx_word' id='word_1_428' title='bbox 112 3154 545 3225; x_wconf 78' lang='grc' dir='ltr'>ἀπροσδοκήτως</span> <span class='ocrx_word' id='word_1_429' title='bbox 568 3154 695 3216; x_wconf 85' lang='grc' dir='ltr'>τοὺς</span> <span class='ocrx_word' id='word_1_430' title='bbox 721 3154 1064 3225; x_wconf 84' lang='grc' dir='ltr'>ἀνθρώπους,</span> <span class='ocrx_word' id='word_1_431' title='bbox 1093 3157 1188 3208; x_wconf 69' lang='grc' dir='ltr'>καὶ</span> <span class='ocrx_word' id='word_1_432' title='bbox 1216 3155 1291 3218; x_wconf 82' lang='grc' dir='ltr'><strong>ῶς</strong></span> <span class='ocrx_word' id='word_1_433' title='bbox 1325 3154 1425 3207; x_wconf 86' lang='grc' dir='ltr'>οὑκ</span> <span class='ocrx_word' id='word_1_434' title='bbox 1452 3156 1654 3207; x_wconf 82' lang='grc' dir='ltr'>ῐσασιν.</span> 
     </span>
    </p>
   </div>
   <div class='ocr_carea' id='block_1_62' title="bbox 184 3246 1704 3318">
    <p class='ocr_par' dir='ltr' id='par_1_62' title="bbox 184 3246 1704 3318">
     <span class='ocr_line' id='line_1_62' title="bbox 184 3246 1704 3318; baseline 0 -19"><span class='ocrx_word' id='word_1_435' title='bbox 184 3247 340 3318; x_wconf 84' lang='grc' dir='ltr'>Στίχ.</span> <span class='ocrx_word' id='word_1_436' title='bbox 381 3248 462 3309; x_wconf 70' lang='grc' dir='ltr'>ιεΪ.</span> <span class='ocrx_word' id='word_1_437' title='bbox 495 3277 565 3289; x_wconf 90' lang='lat'><strong>-—</strong></span> <span class='ocrx_word' id='word_1_438' title='bbox 591 3248 903 3313; x_wconf 82' lang='grc' dir='ltr'>Τουτέστιν,</span> <span class='ocrx_word' id='word_1_439' title='bbox 954 3249 1180 3302; x_wconf 88' lang='grc' dir='ltr'>Ἐκεῖνοι</span> <span class='ocrx_word' id='word_1_440' title='bbox 1222 3249 1321 3317; x_wconf 89' lang='grc' dir='ltr'>μέν</span> <span class='ocrx_word' id='word_1_441' title='bbox 1364 3264 1447 3300; x_wconf 90' lang='grc' dir='ltr'><strong>τοι</strong></span> <span class='ocrx_word' id='word_1_442' title='bbox 1481 3246 1704 3300; x_wconf 81' lang='grc' dir='ltr'>τοιαῦτα</span> 
     </span>
    </p>
   </div>
   <div class='ocr_carea' id='block_1_63' title="bbox 111 3338 1700 3409">
    <p class='ocr_par' dir='ltr' id='par_1_63' title="bbox 111 3338 1700 3409">
     <span class='ocr_line' id='line_1_63' title="bbox 111 3338 1700 3409; baseline -0.001 -16"><span class='ocrx_word' id='word_1_443' title='bbox 111 3339 573 3409; x_wconf 71' lang='grc' dir='ltr'>διαπραξάμενοι,</span> <span class='ocrx_word' id='word_1_444' title='bbox 602 3338 808 3409; x_wconf 85' lang='grc' dir='ltr'>ταύτης</span> <span class='ocrx_word' id='word_1_445' title='bbox 828 3338 1027 3392; x_wconf 87' lang='grc' dir='ltr'>δίκαιοι</span> <span class='ocrx_word' id='word_1_446' title='bbox 1062 3338 1335 3409; x_wconf 86' lang='grc' dir='ltr'>τιμωρίας</span> <span class='ocrx_word' id='word_1_447' title='bbox 1365 3339 1700 3392; x_wconf 72' lang='grc' dir='ltr'>ἀπολαῦσαιο</span> 
     </span>
    </p>
   </div>
   <div class='ocr_carea' id='block_1_64' title="bbox 129 3430 1701 3501">
    <p class='ocr_par' dir='ltr' id='par_1_64' title="bbox 129 3430 1701 3501">
     <span class='ocr_line' id='line_1_64' title="bbox 129 3430 1701 3501; baseline -0.001 -16"><span class='ocrx_word' id='word_1_448' title='bbox 129 3432 289 3501; x_wconf 82' lang='grc' dir='ltr'><strong>Ἑτὼ</strong></span> <span class='ocrx_word' id='word_1_449' title='bbox 324 3430 396 3484; x_wconf 81' lang='grc' dir='ltr'>δὲ</span> <span class='ocrx_word' id='word_1_450' title='bbox 431 3430 583 3499; x_wconf 77' lang='grc' dir='ltr'>μετὰ</span> <span class='ocrx_word' id='word_1_451' title='bbox 615 3430 1010 3497; x_wconf 80' lang='grc' dir='ltr'>δικαιοσύνης</span> <span class='ocrx_word' id='word_1_452' title='bbox 1051 3447 1134 3483; x_wconf 92' lang='grc' dir='ltr'><strong>σοι</strong></span> <span class='ocrx_word' id='word_1_453' title='bbox 1161 3431 1370 3499; x_wconf 78' lang='grc' dir='ltr'>φανεὶς,</span> <span class='ocrx_word' id='word_1_454' title='bbox 1419 3430 1701 3484; x_wconf 80' lang='grc' dir='ltr'>τουτέστιν</span> 
     </span>
    </p>
   </div>
   <div class='ocr_carea' id='block_1_65' title="bbox 115 3520 1705 3593">
    <p class='ocr_par' dir='ltr' id='par_1_65' title="bbox 115 3520 1705 3593">
     <span class='ocr_line' id='line_1_65' title="bbox 115 3520 1705 3593; baseline -0.003 -16"><span class='ocrx_word' id='word_1_455' title='bbox 115 3525 276 3578; x_wconf 85' lang='grc' dir='ltr'>οὐδὲν</span> <span class='ocrx_word' id='word_1_456' title='bbox 302 3523 492 3577; x_wconf 73' lang='grc' dir='ltr'>ἄδικον</span> <span class='ocrx_word' id='word_1_457' title='bbox 522 3523 603 3585; x_wconf 83' lang='grc' dir='ltr'><strong>είς</strong></span> <span class='ocrx_word' id='word_1_458' title='bbox 624 3521 822 3585; x_wconf 82' lang='grc' dir='ltr'>αὐτοὺς</span> <span class='ocrx_word' id='word_1_459' title='bbox 858 3521 1320 3592; x_wconf 76' lang='grc' dir='ltr'>διαπραξάμενος,</span> <span class='ocrx_word' id='word_1_460' title='bbox 1346 3520 1705 3593; x_wconf 85' lang='grc' dir='ltr'>πληρωθήσο-</span> 
     </span>
    </p>
   </div>
   <div class='ocr_carea' id='block_1_66' title="bbox 122 3612 1707 3687">
    <p class='ocr_par' dir='ltr' id='par_1_66' title="bbox 122 3612 1707 3687">
     <span class='ocr_line' id='line_1_66' title="bbox 122 3612 1707 3687; baseline -0.003 -18"><span class='ocrx_word' id='word_1_461' title='bbox 122 3634 224 3687; x_wconf 75' lang='grc' dir='ltr'>μιαι</span> <span class='ocrx_word' id='word_1_462' title='bbox 255 3616 359 3685; x_wconf 86' lang='grc' dir='ltr'>τῆς</span> <span class='ocrx_word' id='word_1_463' title='bbox 388 3616 486 3685; x_wconf 88' lang='grc' dir='ltr'>σῆς</span> <span class='ocrx_word' id='word_1_464' title='bbox 522 3612 795 3685; x_wconf 82' lang='grc' dir='ltr'>βοηθείας,</span> <span class='ocrx_word' id='word_1_465' title='bbox 840 3614 938 3667; x_wconf 87' lang='grc' dir='ltr'><strong>καί</strong></span> <span class='ocrx_word' id='word_1_466' title='bbox 985 3613 1285 3670; x_wconf 77' lang='grc' dir='ltr'>ἀπολαύσω</span> <span class='ocrx_word' id='word_1_467' title='bbox 1301 3614 1400 3683; x_wconf 81' lang='grc' dir='ltr'>τῆς</span> <span class='ocrx_word' id='word_1_468' title='bbox 1426 3612 1584 3683; x_wconf 81' lang='grc' dir='ltr'>δόξης</span> <span class='ocrx_word' id='word_1_469' title='bbox 1612 3628 1707 3665; x_wconf 88' lang='grc' dir='ltr'><strong>σου</strong></span> 
     </span>
    </p>
   </div>
   <div class='ocr_carea' id='block_1_67' title="bbox 120 3706 1587 3781">
    <p class='ocr_par' dir='ltr' id='par_1_67' title="bbox 120 3706 1587 3781">
     <span class='ocr_line' id='line_1_67' title="bbox 120 3706 1587 3781; baseline -0.003 -18"><span class='ocrx_word' id='word_1_470' title='bbox 120 3709 281 3781; x_wconf 80' lang='grc' dir='ltr'><strong>παρά</strong></span> <span class='ocrx_word' id='word_1_471' title='bbox 317 3706 435 3762; x_wconf 76' lang='grc' dir='ltr'><strong>σοῦ.</strong></span> <span class='ocrx_word' id='word_1_472' title='bbox 1584 3736 1587 3737; x_wconf 53' lang='grc' dir='ltr'><strong>ν</strong></span> 
     </span>
    </p>
   </div>
   <div class='ocr_carea' id='block_1_68' title="bbox 710 3798 1129 3854">
    <p class='ocr_par' dir='ltr' id='par_1_68' title="bbox 710 3798 1129 3854">
     <span class='ocr_line' id='line_1_68' title="bbox 710 3798 1129 3854; baseline 0 -1"><span class='ocrx_word' id='word_1_473' title='bbox 710 3798 1005 3854; x_wconf 81' lang='grc' dir='ltr'><strong>ΨΑΛΜΟΣ</strong></span> <span class='ocrx_word' id='word_1_474' title='bbox 1032 3799 1129 3853; x_wconf 57' lang='grc' dir='ltr'><strong>ΙΖ¹ε⁸</strong></span> 
     </span>
    </p>
   </div>
   <div class='ocr_carea' id='block_1_69' title="bbox 192 3910 1714 3988">
    <p class='ocr_par' dir='ltr' id='par_1_69' title="bbox 192 3910 1714 3988">
     <span class='ocr_line' id='line_1_69' title="bbox 192 3910 1714 3988; baseline -0.006 -16"><span class='ocrx_word' id='word_1_475' title='bbox 192 3917 350 3988; x_wconf 83' lang='grc' dir='ltr'>Στίχ.</span> <span class='ocrx_word' id='word_1_476' title='bbox 385 3924 457 3983; x_wconf 84' lang='grc' dir='ltr'><strong>ς’.</strong></span> <span class='ocrx_word' id='word_1_477' title='bbox 490 3947 555 3958; x_wconf 92' lang='grc'><strong><em>--</em></strong></span> <span class='ocrx_word' id='word_1_478' title='bbox 579 3917 653 3976; x_wconf 76' lang='grc' dir='ltr'>Τὸ</span> <span class='ocrx_word' id='word_1_479' title='bbox 681 3915 737 3969; x_wconf 87' lang='grc' dir='ltr'><strong>δέ</strong></span> <span class='ocrx_word' id='word_1_480' title='bbox 759 3957 773 3980; x_wconf 91' lang='grc'><strong>,</strong></span> <span class='ocrx_word' id='word_1_481' title='bbox 818 3914 1214 3984; x_wconf 66' lang='grc' dir='ltr'>Προέφθασάν</span> <span class='ocrx_word' id='word_1_482' title='bbox 1253 3929 1342 3981; x_wconf 83' lang='grc' dir='ltr'><strong>με,</strong></span> <span class='ocrx_word' id='word_1_483' title='bbox 1386 3910 1623 3966; x_wconf 80' lang='grc' dir='ltr'>τοιοῦτόν</span> <span class='ocrx_word' id='word_1_484' title='bbox 1662 3928 1714 3963; x_wconf 91' lang='grc' dir='ltr'><strong>τι</strong></span> 
     </span>
    </p>
   </div>
   <div class='ocr_carea' id='block_1_70' title="bbox 124 4004 1712 4079">
    <p class='ocr_par' dir='ltr' id='par_1_70' title="bbox 124 4004 1712 4079">
     <span class='ocr_line' id='line_1_70' title="bbox 124 4004 1712 4079; baseline -0.004 -15"><span class='ocrx_word' id='word_1_485' title='bbox 124 4012 310 4079; x_wconf 79' lang='grc' dir='ltr'>λέγειν</span> <span class='ocrx_word' id='word_1_486' title='bbox 339 4009 591 4079; x_wconf 77' lang='grc' dir='ltr'>βούλεται</span> <span class='ocrx_word' id='word_1_487' title='bbox 610 4025 623 4039; x_wconf 85' lang='grc'><strong>·</strong></span> <span class='ocrx_word' id='word_1_488' title='bbox 648 4006 941 4070; x_wconf 82' lang='grc' dir='ltr'>Τοσαῦται,</span> <span class='ocrx_word' id='word_1_489' title='bbox 969 4007 1154 4076; x_wconf 67' lang='grc' dir='ltr'>φησιν,</span> <span class='ocrx_word' id='word_1_490' title='bbox 1190 4008 1288 4059; x_wconf 79' lang='grc' dir='ltr'>καὶ</span> <span class='ocrx_word' id='word_1_491' title='bbox 1313 4004 1560 4058; x_wconf 82' lang='grc' dir='ltr'>τοιαῦται</span> <span class='ocrx_word' id='word_1_492' title='bbox 1590 4005 1712 4057; x_wconf 80' lang='grc' dir='ltr'>κατ’</span> 
     </span>
    </p>
   </div>
   <div class='ocr_carea' id='block_1_71' title="bbox 127 4095 1717 4173">
    <p class='ocr_par' dir='ltr' id='par_1_71' title="bbox 127 4095 1717 4173">
     <span class='ocr_line' id='line_1_71' title="bbox 127 4095 1717 4173; baseline -0.006 -16"><span class='ocrx_word' id='word_1_493' title='bbox 127 4103 266 4173; x_wconf 80' lang='grc' dir='ltr'>ἐμοῦ</span> <span class='ocrx_word' id='word_1_494' title='bbox 288 4101 393 4156; x_wconf 78' lang='grc' dir='ltr'><strong>τῶν</strong></span> <span class='ocrx_word' id='word_1_495' title='bbox 416 4100 625 4171; x_wconf 83' lang='grc' dir='ltr'>ἐχθρῶν</span> <span class='ocrx_word' id='word_1_496' title='bbox 648 4098 931 4153; x_wconf 77' lang='grc' dir='ltr'>ἐπιϐουλαὶ</span> <span class='ocrx_word' id='word_1_497' title='bbox 961 4098 1268 4167; x_wconf 78' lang='grc' dir='ltr'>γεγόνασιν,</span> <span class='ocrx_word' id='word_1_498' title='bbox 1288 4097 1364 4161; x_wconf 86' lang='grc' dir='ltr'><strong>ῶς</strong></span> <span class='ocrx_word' id='word_1_499' title='bbox 1388 4095 1717 4169; x_wconf 78' lang='grc' dir='ltr'>προ[σ]φθά-</span> 
     </span>
    </p>
   </div>
   <div class='ocr_carea' id='block_1_72' title="bbox 131 4186 1717 4262">
    <p class='ocr_par' dir='ltr' id='par_1_72' title="bbox 131 4186 1717 4262">
     <span class='ocr_line' id='line_1_72' title="bbox 131 4186 1717 4262; baseline -0.004 -17"><span class='ocrx_word' id='word_1_500' title='bbox 131 4210 222 4245; x_wconf 87' lang='grc' dir='ltr'><strong>σαι</strong></span> <span class='ocrx_word' id='word_1_501' title='bbox 256 4208 359 4262; x_wconf 88' lang='grc' dir='ltr'><strong>μου</strong></span> <span class='ocrx_word' id='word_1_502' title='bbox 390 4193 484 4244; x_wconf 76' lang='grc' dir='ltr'>καὶ</span> <span class='ocrx_word' id='word_1_503' title='bbox 506 4193 597 4243; x_wconf 84' lang='grc' dir='ltr'>τὸν</span> <span class='ocrx_word' id='word_1_504' title='bbox 622 4190 905 4260; x_wconf 76' lang='grc' dir='ltr'>λογισμὸν,</span> <span class='ocrx_word' id='word_1_505' title='bbox 940 4190 1037 4242; x_wconf 81' lang='grc' dir='ltr'>καὶ</span> <span class='ocrx_word' id='word_1_506' title='bbox 1080 4189 1214 4259; x_wconf 85' lang='grc' dir='ltr'>μηδὲ</span> <span class='ocrx_word' id='word_1_507' title='bbox 1256 4189 1446 4259; x_wconf 84' lang='grc' dir='ltr'>καιρὸν</span> <span class='ocrx_word' id='word_1_508' title='bbox 1472 4186 1717 4241; x_wconf 82' lang='grc' dir='ltr'>ἐνδοῦναί</span> 
     </span>
    </p>
   </div>
   <div class='ocr_carea' id='block_1_73' title="bbox 134 4274 1716 4351">
    <p class='ocr_par' dir='ltr' id='par_1_73' title="bbox 134 4274 1716 4351">
     <span class='ocr_line' id='line_1_73' title="bbox 134 4274 1716 4351; baseline -0.003 -18"><span class='ocrx_word' id='word_1_509' title='bbox 134 4300 223 4350; x_wconf 89' lang='grc' dir='ltr'><strong>μοι</strong></span> <span class='ocrx_word' id='word_1_510' title='bbox 263 4281 358 4333; x_wconf 71' lang='grc' dir='ltr'>καὶ</span> <span class='ocrx_word' id='word_1_511' title='bbox 393 4279 720 4350; x_wconf 68' lang='grc' dir='ltr'>κατανόησιν</span> <span class='ocrx_word' id='word_1_512' title='bbox 761 4279 856 4331; x_wconf 88' lang='grc' dir='ltr'><strong>καί</strong></span> <span class='ocrx_word' id='word_1_513' title='bbox 896 4277 1033 4351; x_wconf 81' lang='grc' dir='ltr'>πρὸς</span> <span class='ocrx_word' id='word_1_514' title='bbox 1072 4278 1132 4330; x_wconf 84' lang='grc' dir='ltr'>τὸ</span> <span class='ocrx_word' id='word_1_515' title='bbox 1181 4278 1390 4347; x_wconf 81' lang='grc' dir='ltr'>ἀφιδεῖν</span> <span class='ocrx_word' id='word_1_516' title='bbox 1437 4277 1541 4329; x_wconf 86' lang='grc' dir='ltr'>τίνι</span> <span class='ocrx_word' id='word_1_517' title='bbox 1586 4274 1716 4348; x_wconf 57' lang='lat' dir='ltr'><strong>eam</strong></span> 
     </span>
    </p>
   </div>
   <div class='ocr_carea' id='block_1_74' title="bbox 130 4366 1468 4442">
    <p class='ocr_par' dir='ltr' id='par_1_74' title="bbox 130 4366 1468 4442">
     <span class='ocr_line' id='line_1_74' title="bbox 130 4366 1468 4442; baseline -0.003 -18"><span class='ocrx_word' id='word_1_518' title='bbox 130 4372 323 4442; x_wconf 81' lang='grc' dir='ltr'>τρόπῳ</span> <span class='ocrx_word' id='word_1_519' title='bbox 354 4371 452 4441; x_wconf 79' lang='grc' dir='ltr'>τὴν</span> <span class='ocrx_word' id='word_1_520' title='bbox 492 4369 669 4441; x_wconf 82' lang='grc' dir='ltr'>φυγὴν</span> <span class='ocrx_word' id='word_1_521' title='bbox 699 4370 797 4440; x_wconf 85' lang='grc' dir='ltr'><strong>τὴν</strong></span> <span class='ocrx_word' id='word_1_522' title='bbox 832 4369 890 4434; x_wconf 80' lang='grc' dir='ltr'>ἐξ</span> <span class='ocrx_word' id='word_1_523' title='bbox 916 4368 1094 4423; x_wconf 79' lang='grc' dir='ltr'>αὐτῶν</span> <span class='ocrx_word' id='word_1_524' title='bbox 1122 4366 1468 4439; x_wconf 86' lang='grc' dir='ltr'>πορίσασθαι.</span> 
     </span>
    </p>
   </div>
   <div class='ocr_carea' id='block_1_75' title="bbox 1879 3230 3395 3303">
    <p class='ocr_par' dir='ltr' id='par_1_75' title="bbox 1879 3230 3395 3303">
     <span class='ocr_line' id='line_1_75' title="bbox 1879 3230 3395 3303; baseline -0.003 -13"><span class='ocrx_word' id='word_1_525' title='bbox 1879 3236 2043 3291; x_wconf 71' lang='lat' dir='ltr'><strong>Vens.</strong></span> <span class='ocrx_word' id='word_1_526' title='bbox 2076 3236 2161 3290; x_wconf 86' lang='lat' dir='ltr'><strong>l5.</strong></span> <span class='ocrx_word' id='word_1_527' title='bbox 2196 3232 2343 3290; x_wconf 90' lang='lat' dir='ltr'><strong>-—ld</strong></span> <span class='ocrx_word' id='word_1_528' title='bbox 2381 3242 2487 3298; x_wconf 91' lang='lat' dir='ltr'><strong>est,</strong></span> <span class='ocrx_word' id='word_1_529' title='bbox 2524 3232 2605 3288; x_wconf 89' lang='lat' dir='ltr'><strong>Illi</strong></span> <span class='ocrx_word' id='word_1_530' title='bbox 2654 3232 2747 3303; x_wconf 90' lang='lat' dir='ltr'><strong>qui</strong></span> <span class='ocrx_word' id='word_1_531' title='bbox 2803 3230 2928 3286; x_wconf 92' lang='lat' dir='ltr'><strong>talia</strong></span> <span class='ocrx_word' id='word_1_532' title='bbox 2988 3230 3254 3293; x_wconf 81' lang='lat' dir='ltr'><strong>fecerunt,</strong></span> <span class='ocrx_word' id='word_1_533' title='bbox 3287 3230 3395 3285; x_wconf 51' lang='lat' dir='ltr'><strong>taliw</strong></span> 
     </span>
    </p>
   </div>
   <div class='ocr_carea' id='block_1_76' title="bbox 1811 3321 3371 3395">
    <p class='ocr_par' dir='ltr' id='par_1_76' title="bbox 1811 3321 3371 3395">
     <span class='ocr_line' id='line_1_76' title="bbox 1811 3321 3371 3395; baseline -0.007 -11"><span class='ocrx_word' id='word_1_534' title='bbox 1811 3329 2021 3384; x_wconf 82' lang='lat' dir='ltr'><strong>ultione</strong></span> <span class='ocrx_word' id='word_1_535' title='bbox 2049 3333 2108 3380; x_wconf 90' lang='lat' dir='ltr'><strong>ut</strong></span> <span class='ocrx_word' id='word_1_536' title='bbox 2138 3325 2394 3380; x_wconf 84' lang='lat' dir='ltr'><strong>fruantur</strong></span> <span class='ocrx_word' id='word_1_537' title='bbox 2422 3325 2571 3395; x_wconf 86' lang='lat' dir='ltr'><strong>digni</strong></span> <span class='ocrx_word' id='word_1_538' title='bbox 2604 3331 2755 3379; x_wconf 86' lang='lat' dir='ltr'><strong>sunt.</strong></span> <span class='ocrx_word' id='word_1_539' title='bbox 2779 3353 2838 3362; x_wconf 94' lang='lat'>—</span> <span class='ocrx_word' id='word_1_540' title='bbox 2879 3321 2990 3391; x_wconf 86' lang='lat' dir='ltr'><strong>Ego</strong></span> <span class='ocrx_word' id='word_1_541' title='bbox 3018 3330 3194 3375; x_wconf 78' lang='lat' dir='ltr'><strong>autent</strong></span> <span class='ocrx_word' id='word_1_542' title='bbox 3220 3321 3371 3389; x_wconf 79' lang='lat' dir='ltr'><strong>inju-</strong></span> 
     </span>
    </p>
   </div>
   <div class='ocr_carea' id='block_1_77' title="bbox 1807 3411 3381 3487">
    <p class='ocr_par' dir='ltr' id='par_1_77' title="bbox 1807 3411 3381 3487">
     <span class='ocr_line' id='line_1_77' title="bbox 1807 3411 3381 3487; baseline -0.008 -11"><span class='ocrx_word' id='word_1_543' title='bbox 1807 3421 1957 3476; x_wconf 78' lang='lat' dir='ltr'><strong>stitia</strong></span> <span class='ocrx_word' id='word_1_544' title='bbox 1983 3432 2169 3473; x_wconf 89' lang='lat' dir='ltr'><strong>coram</strong></span> <span class='ocrx_word' id='word_1_545' title='bbox 2210 3428 2263 3473; x_wconf 88' lang='lat' dir='ltr'><strong>te</strong></span> <span class='ocrx_word' id='word_1_546' title='bbox 2293 3432 2586 3487; x_wconf 86' lang='lat' dir='ltr'><strong>apparens,</strong></span> <span class='ocrx_word' id='word_1_547' title='bbox 2635 3414 2690 3470; x_wconf 91' lang='lat' dir='ltr'><strong>id</strong></span> <span class='ocrx_word' id='word_1_548' title='bbox 2743 3421 2848 3478; x_wconf 85' lang='lat' dir='ltr'><strong>est,</strong></span> <span class='ocrx_word' id='word_1_549' title='bbox 2898 3411 3193 3482; x_wconf 87' lang='lat' dir='ltr'><strong>Postquam</strong></span> <span class='ocrx_word' id='word_1_550' title='bbox 3250 3411 3381 3465; x_wconf 76' lang='lat' dir='ltr'><strong>nihil</strong></span> 
     </span>
    </p>
   </div>
   <div class='ocr_carea' id='block_1_78' title="bbox 1809 3502 3381 3583">
    <p class='ocr_par' dir='ltr' id='par_1_78' title="bbox 1809 3502 3381 3583">
     <span class='ocr_line' id='line_1_78' title="bbox 1809 3502 3381 3583; baseline -0.008 -15"><span class='ocrx_word' id='word_1_551' title='bbox 1809 3512 1981 3583; x_wconf 90' lang='lat' dir='ltr'><strong>iniqui</strong></span> <span class='ocrx_word' id='word_1_552' title='bbox 2023 3525 2188 3582; x_wconf 80' lang='lat' dir='ltr'><strong>egero</strong></span> <span class='ocrx_word' id='word_1_553' title='bbox 2219 3524 2348 3580; x_wconf 85' lang='lat' dir='ltr'><strong>erga</strong></span> <span class='ocrx_word' id='word_1_554' title='bbox 2388 3509 2534 3572; x_wconf 90' lang='lat' dir='ltr'><strong>illos,</strong></span> <span class='ocrx_word' id='word_1_555' title='bbox 2567 3506 2909 3577; x_wconf 84' lang='lat' dir='ltr'><strong>adimplebor</strong></span> <span class='ocrx_word' id='word_1_556' title='bbox 2957 3502 3229 3573; x_wconf 72' lang='lat' dir='ltr'><strong>adiutorio</strong></span> <span class='ocrx_word' id='word_1_557' title='bbox 3269 3512 3381 3569; x_wconf 88' lang='lat' dir='ltr'><strong>tuo,</strong></span> 
     </span>
    </p>
   </div>
   <div class='ocr_carea' id='block_1_79' title="bbox 1812 3598 2682 3676">
    <p class='ocr_par' dir='ltr' id='par_1_79' title="bbox 1812 3598 2682 3676">
     <span class='ocr_line' id='line_1_79' title="bbox 1812 3598 2682 3676; baseline -0.009 -17"><span class='ocrx_word' id='word_1_558' title='bbox 1812 3604 2094 3676; x_wconf 75' lang='lat' dir='ltr'><strong>gloriaque</strong></span> <span class='ocrx_word' id='word_1_559' title='bbox 2122 3609 2216 3657; x_wconf 90' lang='lat' dir='ltr'><strong>tua</strong></span> <span class='ocrx_word' id='word_1_560' title='bbox 2244 3599 2389 3672; x_wconf 87' lang='lat' dir='ltr'><strong>apud</strong></span> <span class='ocrx_word' id='word_1_561' title='bbox 2425 3606 2479 3654; x_wconf 85' lang='lat' dir='ltr'><strong>te</strong></span> <span class='ocrx_word' id='word_1_562' title='bbox 2507 3598 2682 3653; x_wconf 80' lang='lat' dir='ltr'><strong>fruar.</strong></span> 
     </span>
    </p>
   </div>
   <div class='ocr_carea' id='block_1_80' title="bbox 2333 3793 2866 3855">
    <p class='ocr_par' dir='ltr' id='par_1_80' title="bbox 2333 3793 2866 3855">
     <span class='ocr_line' id='line_1_80' title="bbox 2333 3793 2866 3855; baseline -0.013 -1"><span class='ocrx_word' id='word_1_563' title='bbox 2333 3795 2657 3855; x_wconf 73' lang='lat' dir='ltr'><strong>PSALMUS</strong></span> <span class='ocrx_word' id='word_1_564' title='bbox 2703 3793 2866 3850; x_wconf 77' lang='lat' dir='ltr'><strong>XVII.</strong></span> 
     </span>
    </p>
   </div>
   <div class='ocr_carea' id='block_1_81' title="bbox 1885 3898 3389 3975">
    <p class='ocr_par' dir='ltr' id='par_1_81' title="bbox 1885 3898 3389 3975">
     <span class='ocr_line' id='line_1_81' title="bbox 1885 3898 3389 3975; baseline -0.011 -7"><span class='ocrx_word' id='word_1_565' title='bbox 1885 3914 2055 3968; x_wconf 72' lang='lat' dir='ltr'><strong>Vens.</strong></span> <span class='ocrx_word' id='word_1_566' title='bbox 2090 3911 2145 3966; x_wconf 86' lang='lat'><strong>6.</strong></span> <span class='ocrx_word' id='word_1_567' title='bbox 2179 3939 2248 3950; x_wconf 90' lang='lat'><strong>—-</strong></span> <span class='ocrx_word' id='word_1_568' title='bbox 2292 3908 2800 3975; x_wconf 74' lang='lat' dir='ltr'><strong>Prwoccupaverunt</strong></span> <span class='ocrx_word' id='word_1_569' title='bbox 2832 3918 2912 3957; x_wconf 84' lang='lat' dir='ltr'><strong>me</strong></span> <span class='ocrx_word' id='word_1_570' title='bbox 2961 3900 3259 3971; x_wconf 90' lang='lat' dir='ltr'><strong>quidquam</strong></span> <span class='ocrx_word' id='word_1_571' title='bbox 3292 3898 3389 3952; x_wconf 88' lang='lat' dir='ltr'><strong>hu-</strong></span> 
     </span>
    </p>
   </div>
   <div class='ocr_carea' id='block_1_82' title="bbox 1812 3988 3371 4076">
    <p class='ocr_par' dir='ltr' id='par_1_82' title="bbox 1812 3988 3371 4076">
     <span class='ocr_line' id='line_1_82' title="bbox 1812 3988 3371 4076; baseline -0.012 -17"><span class='ocrx_word' id='word_1_572' title='bbox 1812 4003 2052 4076; x_wconf 76' lang='lat' dir='ltr'><strong>iusmodi</strong></span> <span class='ocrx_word' id='word_1_573' title='bbox 2076 4002 2258 4061; x_wconf 79' lang='lat' dir='ltr'><strong>dicere</strong></span> <span class='ocrx_word' id='word_1_574' title='bbox 2284 4001 2434 4055; x_wconf 83' lang='lat' dir='ltr'><strong>vult:</strong></span> <span class='ocrx_word' id='word_1_575' title='bbox 2465 3996 2568 4052; x_wconf 83' lang='lat' dir='ltr'><strong>Tot</strong></span> <span class='ocrx_word' id='word_1_576' title='bbox 2594 4003 2652 4053; x_wconf 76' lang='lat' dir='ltr'><strong>et</strong></span> <span class='ocrx_word' id='word_1_577' title='bbox 2679 4000 2851 4049; x_wconf 67' lang='lat' dir='ltr'><strong>tanta:</strong></span> <span class='ocrx_word' id='word_1_578' title='bbox 2871 3998 3063 4049; x_wconf 89' lang='lat' dir='ltr'><strong>contra</strong></span> <span class='ocrx_word' id='word_1_579' title='bbox 3091 4004 3178 4045; x_wconf 90' lang='lat' dir='ltr'><strong>me</strong></span> <span class='ocrx_word' id='word_1_580' title='bbox 3214 3988 3371 4043; x_wconf 90' lang='lat' dir='ltr'><strong>inimi</strong></span> 
     </span>
    </p>
   </div>
   <div class='ocr_carea' id='block_1_83' title="bbox 1817 4078 3391 4154">
    <p class='ocr_par' dir='ltr' id='par_1_83' title="bbox 1817 4078 3391 4154">
     <span class='ocr_line' id='line_1_83' title="bbox 1817 4078 3391 4154; baseline -0.013 -3"><span class='ocrx_word' id='word_1_581' title='bbox 1817 4110 2011 4151; x_wconf 87' lang='lat' dir='ltr'><strong>corum</strong></span> <span class='ocrx_word' id='word_1_582' title='bbox 2041 4093 2253 4149; x_wconf 66' lang='lat' dir='ltr'><strong>insidiae</strong></span> <span class='ocrx_word' id='word_1_583' title='bbox 2292 4088 2456 4145; x_wconf 56' lang='lat' dir='ltr'><strong>factae.</strong></span> <span class='ocrx_word' id='word_1_584' title='bbox 2479 4094 2640 4150; x_wconf 91' lang='lat' dir='ltr'><strong>sunt,</strong></span> <span class='ocrx_word' id='word_1_585' title='bbox 2677 4092 2737 4140; x_wconf 93' lang='lat' dir='ltr'><strong>ut</strong></span> <span class='ocrx_word' id='word_1_586' title='bbox 2762 4089 3177 4154; x_wconf 67' lang='lat' dir='ltr'><strong>praeoccupetur</strong></span> <span class='ocrx_word' id='word_1_587' title='bbox 3226 4078 3391 4133; x_wconf 89' lang='lat' dir='ltr'><strong>etiam</strong></span> 
     </span>
    </p>
   </div>
   <div class='ocr_carea' id='block_1_84' title="bbox 1817 4168 3392 4248">
    <p class='ocr_par' dir='ltr' id='par_1_84' title="bbox 1817 4168 3392 4248">
     <span class='ocr_line' id='line_1_84' title="bbox 1817 4168 3392 4248; baseline -0.013 -8"><span class='ocrx_word' id='word_1_588' title='bbox 1817 4185 1961 4241; x_wconf 90' lang='lat' dir='ltr'><strong>ratio</strong></span> <span class='ocrx_word' id='word_1_589' title='bbox 1991 4199 2143 4248; x_wconf 69' lang='lat' dir='ltr'><strong>mea,</strong></span> <span class='ocrx_word' id='word_1_590' title='bbox 2162 4196 2268 4238; x_wconf 86' lang='lat' dir='ltr'><strong>nec</strong></span> <span class='ocrx_word' id='word_1_591' title='bbox 2314 4179 2475 4236; x_wconf 90' lang='lat' dir='ltr'><strong>detur</strong></span> <span class='ocrx_word' id='word_1_592' title='bbox 2528 4185 2745 4245; x_wconf 88' lang='lat' dir='ltr'><strong>tempus</strong></span> <span class='ocrx_word' id='word_1_593' title='bbox 2789 4189 2971 4243; x_wconf 87' lang='lat' dir='ltr'><strong>neque</strong></span> <span class='ocrx_word' id='word_1_594' title='bbox 3032 4168 3392 4240; x_wconf 77' lang='lat' dir='ltr'><strong>intelligentia</strong></span> 
     </span>
    </p>
   </div>
   <div class='ocr_carea' id='block_1_85' title="bbox 1821 4265 3392 4344">
    <p class='ocr_par' dir='ltr' id='par_1_85' title="bbox 1821 4265 3392 4344">
     <span class='ocr_line' id='line_1_85' title="bbox 1821 4265 3392 4344; baseline -0.011 -13"><span class='ocrx_word' id='word_1_595' title='bbox 1821 4278 1888 4331; x_wconf 86' lang='lat' dir='ltr'><strong>ad</strong></span> <span class='ocrx_word' id='word_1_596' title='bbox 1921 4277 2143 4331; x_wconf 88' lang='lat' dir='ltr'><strong>modum</strong></span> <span class='ocrx_word' id='word_1_597' title='bbox 2186 4271 2574 4344; x_wconf 81' lang='lat' dir='ltr'><strong>inquirendum</strong></span> <span class='ocrx_word' id='word_1_598' title='bbox 2618 4285 2685 4324; x_wconf 79' lang='lat' dir='ltr'><strong>ex</strong></span> <span class='ocrx_word' id='word_1_599' title='bbox 2726 4265 2980 4323; x_wconf 87' lang='lat' dir='ltr'><strong>manibus</strong></span> <span class='ocrx_word' id='word_1_600' title='bbox 3020 4277 3213 4319; x_wconf 88' lang='lat' dir='ltr'><strong>eorum</strong></span> <span class='ocrx_word' id='word_1_601' title='bbox 3264 4276 3392 4315; x_wconf 82' lang='lat' dir='ltr'><strong>cva-</strong></span> 
     </span>
    </p>
   </div>
   <div class='ocr_carea' id='block_1_86' title="bbox 1822 4368 2007 4425">
    <p class='ocr_par' dir='ltr' id='par_1_86' title="bbox 1822 4368 2007 4425">
     <span class='ocr_line' id='line_1_86' title="bbox 1822 4368 2007 4425; baseline -0.027 0"><span class='ocrx_word' id='word_1_602' title='bbox 1822 4368 2007 4425; x_wconf 72' lang='lat' dir='ltr'><strong>dendL</strong></span> 
     </span>
    </p>
   </div>
   <div class='ocr_carea' id='block_1_87' title="bbox 202 4449 1682 4555">
    <p class='ocr_par' dir='ltr' id='par_1_87' title="bbox 202 4478 1682 4555">
     <span class='ocr_line' id='line_1_87' title="bbox 202 4478 1682 4555; baseline -0.004 -18"><span class='ocrx_word' id='word_1_603' title='bbox 202 4484 351 4553; x_wconf 84' lang='grc' dir='ltr'>Στίχ.</span> <span class='ocrx_word' id='word_1_604' title='bbox 389 4490 457 4553; x_wconf 66' lang='grc' dir='ltr'><strong>ηι.</strong></span> <span class='ocrx_word' id='word_1_605' title='bbox 489 4478 836 4555; x_wconf 82' lang='grc' dir='ltr'><strong>-“1ν”εἷπῃ,</strong></span> <span class='ocrx_word' id='word_1_606' title='bbox 857 4483 1032 4552; x_wconf 79' lang='grc' dir='ltr'>(5)ὅτι</span> <span class='ocrx_word' id='word_1_607' title='bbox 1067 4481 1160 4535; x_wconf 80' lang='grc' dir='ltr'><strong>τοῦ</strong></span> <span class='ocrx_word' id='word_1_608' title='bbox 1190 4480 1324 4534; x_wconf 87' lang='grc' dir='ltr'><strong>Θεοῦ</strong></span> <span class='ocrx_word' id='word_1_609' title='bbox 1359 4480 1682 4541; x_wconf 79' lang='grc' dir='ltr'>ἀκούσαντος</span> 
     </span>
    </p>
   </div>
   <div class='ocr_carea' id='block_1_88' title="bbox 1811 4449 3392 4555">
    <p class='ocr_par' dir='ltr' id='par_1_88' title="bbox 1893 4457 3392 4531">
     <span class='ocr_line' id='line_1_88' title="bbox 1893 4457 3392 4531; baseline -0.013 -1"><span class='ocrx_word' id='word_1_610' title='bbox 1893 4474 2059 4531; x_wconf 73' lang='lat' dir='ltr'><strong>Vens.</strong></span> <span class='ocrx_word' id='word_1_611' title='bbox 2093 4473 2146 4529; x_wconf 89' lang='lat'><strong>8.</strong></span> <span class='ocrx_word' id='word_1_612' title='bbox 2176 4498 2245 4513; x_wconf 73' lang='grc' dir='ltr'><strong>-ο</strong></span> <span class='ocrx_word' id='word_1_613' title='bbox 2276 4472 2353 4526; x_wconf 78' lang='lat' dir='ltr'><strong>Ac</strong></span> <span class='ocrx_word' id='word_1_614' title='bbox 2381 4471 2427 4525; x_wconf 90' lang='lat' dir='ltr'><strong>si</strong></span> <span class='ocrx_word' id='word_1_615' title='bbox 2460 4469 2605 4524; x_wconf 89' lang='lat' dir='ltr'><strong>dicat</strong></span> <span class='ocrx_word' id='word_1_616' title='bbox 2640 4485 2653 4521; x_wconf 85' lang='lat'><strong>:</strong></span> <span class='ocrx_word' id='word_1_617' title='bbox 2693 4466 2829 4520; x_wconf 89' lang='lat' dir='ltr'><strong>Cum</strong></span> <span class='ocrx_word' id='word_1_618' title='bbox 2863 4461 3007 4517; x_wconf 86' lang='lat' dir='ltr'><strong>Deus</strong></span> <span class='ocrx_word' id='word_1_619' title='bbox 3054 4457 3349 4514; x_wconf 81' lang='lat' dir='ltr'><strong>audivisset</strong></span> <span class='ocrx_word' id='word_1_620' title='bbox 3378 4496 3392 4519; x_wconf 85' lang='lat'><strong>,</strong></span> 
     </span>
    </p>
   </div>
   <div class='ocr_carea' id='block_1_89' title="bbox 132 4572 1719 4645">
    <p class='ocr_par' dir='ltr' id='par_1_89' title="bbox 132 4572 1719 4645">
     <span class='ocr_line' id='line_1_89' title="bbox 132 4572 1719 4645; baseline -0.006 -15"><span class='ocrx_word' id='word_1_621' title='bbox 132 4576 230 4630; x_wconf 70' lang='grc' dir='ltr'>καὶ</span> <span class='ocrx_word' id='word_1_622' title='bbox 278 4574 693 4644; x_wconf 83' lang='grc' dir='ltr'>συγκινηθέντος</span> <span class='ocrx_word' id='word_1_623' title='bbox 726 4576 806 4638; x_wconf 80' lang='grc' dir='ltr'><strong>εἰς</strong></span> <span class='ocrx_word' id='word_1_624' title='bbox 847 4574 1037 4645; x_wconf 82' lang='grc' dir='ltr'>ὀργὴν,</span> <span class='ocrx_word' id='word_1_625' title='bbox 1081 4573 1297 4645; x_wconf 88' lang='grc' dir='ltr'>πρῶτον</span> <span class='ocrx_word' id='word_1_626' title='bbox 1353 4572 1450 4643; x_wconf 78' lang='grc' dir='ltr'>μὲν</span> <span class='ocrx_word' id='word_1_627' title='bbox 1503 4572 1719 4624; x_wconf 79' lang='grc' dir='ltr'>ἅπαντα</span> 
     </span>
    </p>
   </div>
   <div class='ocr_carea' id='block_1_90' title="bbox 134 4661 1718 4737">
    <p class='ocr_par' dir='ltr' id='par_1_90' title="bbox 134 4661 1718 4737">
     <span class='ocr_line' id='line_1_90' title="bbox 134 4661 1718 4737; baseline -0.004 -17"><span class='ocrx_word' id='word_1_628' title='bbox 134 4666 449 4729; x_wconf 76' lang='grc' dir='ltr'>ἐσαλεύετο,</span> <span class='ocrx_word' id='word_1_629' title='bbox 481 4669 642 4737; x_wconf 74' lang='grc' dir='ltr'>γῆτε</span> <span class='ocrx_word' id='word_1_630' title='bbox 673 4666 767 4720; x_wconf 69' lang='grc' dir='ltr'><strong>καὶ</strong></span> <span class='ocrx_word' id='word_1_631' title='bbox 799 4666 922 4737; x_wconf 82' lang='grc' dir='ltr'>ὅρη.</span> <span class='ocrx_word' id='word_1_632' title='bbox 950 4662 1083 4719; x_wconf 78' lang='grc' dir='ltr'>Εἶτα</span> <span class='ocrx_word' id='word_1_633' title='bbox 1131 4663 1345 4734; x_wconf 86' lang='grc' dir='ltr'>ἐδείχθη</span> <span class='ocrx_word' id='word_1_634' title='bbox 1386 4662 1590 4726; x_wconf 73' lang='grc' dir='ltr'>καπνὸς</span> <span class='ocrx_word' id='word_1_635' title='bbox 1618 4661 1718 4730; x_wconf 79' lang='grc' dir='ltr'>τῆς</span> 
     </span>
    </p>
   </div>
   <div class='ocr_carea' id='block_1_91' title="bbox 134 4742 1720 4829">
    <p class='ocr_par' dir='ltr' id='par_1_91' title="bbox 134 4742 1720 4829">
     <span class='ocr_line' id='line_1_91' title="bbox 134 4742 1720 4829; baseline -0.006 -18"><span class='ocrx_word' id='word_1_636' title='bbox 134 4760 311 4829; x_wconf 79' lang='grc' dir='ltr'>ὀργῆς</span> <span class='ocrx_word' id='word_1_637' title='bbox 366 4742 647 4810; x_wconf 13' lang='grc' dir='ltr'><strong>αὐτοῦντὸ</strong></span> <span class='ocrx_word' id='word_1_638' title='bbox 697 4757 1018 4828; x_wconf 85' lang='grc' dir='ltr'>προοίμιον,</span> <span class='ocrx_word' id='word_1_639' title='bbox 1052 4757 1146 4810; x_wconf 75' lang='grc' dir='ltr'>καὶ</span> <span class='ocrx_word' id='word_1_640' title='bbox 1202 4753 1340 4826; x_wconf 81' lang='grc' dir='ltr'>μετὰ</span> <span class='ocrx_word' id='word_1_641' title='bbox 1395 4752 1553 4806; x_wconf 81' lang='grc' dir='ltr'>τοῦτο</span> <span class='ocrx_word' id='word_1_642' title='bbox 1609 4750 1720 4821; x_wconf 83' lang='grc' dir='ltr'>πῦρ</span> 
     </span>
    </p>
   </div>
   <div class='ocr_carea' id='block_1_92' title="bbox 136 4832 1721 4916">
    <p class='ocr_par' dir='ltr' id='par_1_92' title="bbox 136 4832 1721 4916">
     <span class='ocr_line' id='line_1_92' title="bbox 136 4832 1721 4916; baseline -0.004 -17"><span class='ocrx_word' id='word_1_643' title='bbox 136 4832 383 4916; x_wconf 77' lang='grc' dir='ltr'>ἀνήφθη,</span> <span class='ocrx_word' id='word_1_644' title='bbox 404 4838 661 4897; x_wconf 65' lang='grc' dir='ltr'>’τουτέστι</span> <span class='ocrx_word' id='word_1_645' title='bbox 703 4845 950 4915; x_wconf 82' lang='grc' dir='ltr'>φανερῶς</span> <span class='ocrx_word' id='word_1_646' title='bbox 997 4842 1348 4915; x_wconf 78' lang='grc' dir='ltr'>ὀργιζόμενος</span> <span class='ocrx_word' id='word_1_647' title='bbox 1378 4841 1610 4912; x_wconf 89' lang='grc' dir='ltr'>ἐδείχθη,</span> <span class='ocrx_word' id='word_1_648' title='bbox 1634 4839 1721 4893; x_wconf 87' lang='grc' dir='ltr'><strong>διά</strong></span> 
     </span>
    </p>
   </div>
   <div class='ocr_carea' id='block_1_93' title="bbox 138 4931 1728 5008">
    <p class='ocr_par' dir='ltr' id='par_1_93' title="bbox 138 4931 1728 5008">
     <span class='ocr_line' id='line_1_93' title="bbox 138 4931 1728 5008; baseline -0.004 -17"><span class='ocrx_word' id='word_1_649' title='bbox 138 4938 241 5008; x_wconf 80' lang='grc' dir='ltr'>τῆς</span> <span class='ocrx_word' id='word_1_650' title='bbox 289 4935 429 4989; x_wconf 82' lang='grc' dir='ltr'><strong>κατά</strong></span> <span class='ocrx_word' id='word_1_651' title='bbox 479 4936 587 4990; x_wconf 88' lang='grc' dir='ltr'><strong>τῶν</strong></span> <span class='ocrx_word' id='word_1_652' title='bbox 636 4936 847 5007; x_wconf 88' lang='grc' dir='ltr'>ἐχθρῶν</span> <span class='ocrx_word' id='word_1_653' title='bbox 891 4931 1369 5008; x_wconf 49' lang='grc' dir='ltr'>τιμωρίαςιΕῐτα</span> <span class='ocrx_word' id='word_1_654' title='bbox 1403 4933 1728 5003; x_wconf 85' lang='grc' dir='ltr'>βουλόμενος</span> 
     </span>
    </p>
   </div>
   <div class='ocr_carea' id='block_1_94' title="bbox 141 5023 1727 5099">
    <p class='ocr_par' dir='ltr' id='par_1_94' title="bbox 141 5023 1727 5099">
     <span class='ocr_line' id='line_1_94' title="bbox 141 5023 1727 5099; baseline -0.004 -17"><span class='ocrx_word' id='word_1_655' title='bbox 141 5029 236 5082; x_wconf 77' lang='grc' dir='ltr'>καὶ</span> <span class='ocrx_word' id='word_1_656' title='bbox 279 5032 379 5097; x_wconf 79' lang='grc' dir='ltr'>τῆς</span> <span class='ocrx_word' id='word_1_657' title='bbox 404 5029 673 5099; x_wconf 84' lang='grc' dir='ltr'>τιμωρίας</span> <span class='ocrx_word' id='word_1_658' title='bbox 709 5030 808 5099; x_wconf 62' lang='grc' dir='ltr'>τὴν</span> <span class='ocrx_word' id='word_1_659' title='bbox 850 5029 1099 5082; x_wconf 86' lang='grc' dir='ltr'>ἐπίτασιν</span> <span class='ocrx_word' id='word_1_660' title='bbox 1156 5030 1349 5089; x_wconf 82' lang='grc' dir='ltr'>εἰπεῖν,</span> <span class='ocrx_word' id='word_1_661' title='bbox 1384 5028 1449 5096; x_wconf 81' lang='grc' dir='ltr'><strong>τῇ</strong></span> <span class='ocrx_word' id='word_1_662' title='bbox 1502 5023 1727 5078; x_wconf 87' lang='grc' dir='ltr'>ἀκολου-</span> 
     </span>
    </p>
   </div>
   <div class='ocr_carea' id='block_1_95' title="bbox 139 5117 1727 5191">
    <p class='ocr_par' dir='ltr' id='par_1_95' title="bbox 139 5117 1727 5191">
     <span class='ocr_line' id='line_1_95' title="bbox 139 5117 1727 5191; baseline -0.004 -18"><span class='ocrx_word' id='word_1_663' title='bbox 139 5120 235 5191; x_wconf 68' lang='grc' dir='ltr'><strong>θίςμ⁵</strong></span> <span class='ocrx_word' id='word_1_664' title='bbox 282 5121 384 5189; x_wconf 79' lang='grc' dir='ltr'>τῆς</span> <span class='ocrx_word' id='word_1_665' title='bbox 434 5120 639 5184; x_wconf 83' lang='grc' dir='ltr'>οἰκείας</span> <span class='ocrx_word' id='word_1_666' title='bbox 692 5120 1036 5191; x_wconf 77' lang='grc' dir='ltr'>χρησάμενος</span> <span class='ocrx_word' id='word_1_667' title='bbox 1079 5118 1594 5190; x_wconf 83' lang='grc' dir='ltr'>σωματοποιήσεως,</span> <span class='ocrx_word' id='word_1_668' title='bbox 1628 5117 1727 5168; x_wconf 78' lang='grc' dir='ltr'>ἐπ-</span> 
     </span>
    </p>
   </div>
   <div class='ocr_carea' id='block_1_96' title="bbox 142 5212 917 5282">
    <p class='ocr_par' dir='ltr' id='par_1_96' title="bbox 142 5212 917 5282">
     <span class='ocr_line' id='line_1_96' title="bbox 142 5212 917 5282; baseline -0.001 -17"><span class='ocrx_word' id='word_1_669' title='bbox 142 5212 375 5282; x_wconf 78' lang='grc' dir='ltr'>ήγαγεν·</span> <span class='ocrx_word' id='word_1_670' title='bbox 427 5212 637 5280; x_wconf 77' lang='grc' dir='ltr'>Ἀνέϐη</span> <span class='ocrx_word' id='word_1_671' title='bbox 669 5213 917 5276; x_wconf 78' lang='grc' dir='ltr'>καπνός.</span> 
     </span>
    </p>
   </div>
   <div class='ocr_carea' id='block_1_97' title="bbox 217 5394 1719 5485">
    <p class='ocr_par' dir='ltr' id='par_1_97' title="bbox 217 5394 1719 5485">
     <span class='ocr_line' id='line_1_97' title="bbox 217 5394 1719 5485; baseline -0.005 -17"><span class='ocrx_word' id='word_1_672' title='bbox 217 5414 366 5484; x_wconf 85' lang='grc' dir='ltr'>Στίχ.</span> <span class='ocrx_word' id='word_1_673' title='bbox 395 5414 459 5466; x_wconf 83' lang='grc' dir='ltr'><strong>θ’.</strong></span> <span class='ocrx_word' id='word_1_674' title='bbox 494 5444 562 5455; x_wconf 90' lang='lat'><strong><em>-—</em></strong></span> <span class='ocrx_word' id='word_1_675' title='bbox 593 5413 768 5485; x_wconf 87' lang='grc' dir='ltr'>Πυρός</span> <span class='ocrx_word' id='word_1_676' title='bbox 818 5412 926 5483; x_wconf 89' lang='grc' dir='ltr'><strong>γάρ</strong></span> <span class='ocrx_word' id='word_1_677' title='bbox 960 5411 1035 5481; x_wconf 67' lang='grc'><strong>(4)</strong></span> <span class='ocrx_word' id='word_1_678' title='bbox 1078 5411 1171 5464; x_wconf 74' lang='grc' dir='ltr'>ἐπὶ</span> <span class='ocrx_word' id='word_1_679' title='bbox 1220 5411 1352 5463; x_wconf 82' lang='grc' dir='ltr'>πολὺ</span> <span class='ocrx_word' id='word_1_680' title='bbox 1406 5394 1719 5480; x_wconf 77' lang='grc' dir='ltr'>γενομένου,</span> 
     </span>
    </p>
   </div>
   <div class='ocr_carea' id='block_1_98' title="bbox 220 5593 1734 5735">
    <p class='ocr_par' dir='ltr' id='par_1_98' title="bbox 220 5593 1734 5735">
     <span class='ocr_line' id='line_1_98' title="bbox 220 5593 1734 5735; baseline -0.005 -16"><span class='ocrx_word' id='word_1_681' title='bbox 322 5593 647 5719; x_wconf 42' lang='grc' dir='ltr'>ῧῗέοίίὺόῗιιε</span> <span class='ocrx_word' id='word_1_682' title='bbox 668 5679 789 5717; x_wconf 88' lang='lat' dir='ltr'><strong>cum</strong></span> <span class='ocrx_word' id='word_1_683' title='bbox 810 5661 947 5716; x_wconf 76' lang='lat' dir='ltr'><strong>LXX</strong></span> <span class='ocrx_word' id='word_1_684' title='bbox 966 5663 1092 5731; x_wconf 84' lang='lat' dir='ltr'><strong>legit</strong></span> <span class='ocrx_word' id='word_1_685' title='bbox 1111 5662 1381 5735; x_wconf 67' lang='grc' dir='ltr'>ἀπολύων,</span> <span class='ocrx_word' id='word_1_686' title='bbox 1404 5659 1734 5735; x_wconf 65' lang='lat' dir='ltr'><strong>dispcrdcns,</strong></span> 
     </span>
    </p>
   </div>
   <div class='ocr_carea' id='block_1_99' title="bbox 147 5730 1732 5802">
    <p class='ocr_par' dir='ltr' id='par_1_99' title="bbox 147 5730 1732 5802">
     <span class='ocr_line' id='line_1_99' title="bbox 147 5730 1732 5802; baseline -0.003 -15"><span class='ocrx_word' id='word_1_687' title='bbox 147 5752 248 5802; x_wconf 66' lang='lat' dir='ltr'><strong>pro</strong></span> <span class='ocrx_word' id='word_1_688' title='bbox 284 5730 390 5791; x_wconf 68' lang='grc' dir='ltr'><strong>ἀπὺ</strong></span> <span class='ocrx_word' id='word_1_689' title='bbox 421 5734 651 5797; x_wconf 68' lang='grc' dir='ltr'>ὀλίγων,</span> <span class='ocrx_word' id='word_1_690' title='bbox 686 5752 715 5788; x_wconf 85' lang='grc' dir='ltr'><strong>α</strong></span> <span class='ocrx_word' id='word_1_691' title='bbox 749 5737 964 5797; x_wconf 68' lang='lat' dir='ltr'><strong>Daucia,</strong></span> <span class='ocrx_word' id='word_1_692' title='bbox 988 5733 1131 5800; x_wconf 81' lang='lat' dir='ltr'><strong>quod</strong></span> <span class='ocrx_word' id='word_1_693' title='bbox 1157 5743 1239 5788; x_wconf 84' lang='lat' dir='ltr'><strong>cst</strong></span> <span class='ocrx_word' id='word_1_694' title='bbox 1280 5730 1520 5801; x_wconf 76' lang='lat' dir='ltr'><strong>Vulgata:</strong></span> <span class='ocrx_word' id='word_1_695' title='bbox 1554 5730 1732 5785; x_wconf 80' lang='lat' dir='ltr'><strong>lectio.</strong></span> 
     </span>
    </p>
   </div>
   <div class='ocr_carea' id='block_1_100' title="bbox 1822 4549 3394 4626">
    <p class='ocr_par' dir='ltr' id='par_1_100' title="bbox 1822 4549 3394 4626">
     <span class='ocr_line' id='line_1_100' title="bbox 1822 4549 3394 4626; baseline -0.016 -1"><span class='ocrx_word' id='word_1_696' title='bbox 1822 4578 1877 4625; x_wconf 92' lang='lat' dir='ltr'><strong>et</strong></span> <span class='ocrx_word' id='word_1_697' title='bbox 1905 4569 1977 4623; x_wconf 39' lang='lat' dir='ltr'><strong>ad.</strong></span> <span class='ocrx_word' id='word_1_698' title='bbox 2001 4568 2136 4621; x_wconf 89' lang='lat' dir='ltr'><strong>iram</strong></span> <span class='ocrx_word' id='word_1_699' title='bbox 2173 4562 2480 4619; x_wconf 89' lang='lat' dir='ltr'><strong>concitatus</strong></span> <span class='ocrx_word' id='word_1_700' title='bbox 2516 4566 2684 4625; x_wconf 83' lang='lat' dir='ltr'><strong>esset,</strong></span> <span class='ocrx_word' id='word_1_701' title='bbox 2728 4556 2963 4626; x_wconf 90' lang='lat' dir='ltr'><strong>primum</strong></span> <span class='ocrx_word' id='word_1_702' title='bbox 3006 4549 3225 4622; x_wconf 89' lang='lat' dir='ltr'><strong>quidem</strong></span> <span class='ocrx_word' id='word_1_703' title='bbox 3274 4564 3394 4602; x_wconf 88' lang='lat' dir='ltr'><strong>om-</strong></span> 
     </span>
    </p>
   </div>
   <div class='ocr_carea' id='block_1_101' title="bbox 1825 4647 3392 4715">
    <p class='ocr_par' dir='ltr' id='par_1_101' title="bbox 1825 4647 3392 4715">
     <span class='ocr_line' id='line_1_101' title="bbox 1825 4647 3392 4715; baseline -0.015 -1"><span class='ocrx_word' id='word_1_704' title='bbox 1825 4660 1912 4715; x_wconf 86' lang='lat' dir='ltr'><strong>nia</strong></span> <span class='ocrx_word' id='word_1_705' title='bbox 1967 4662 2239 4712; x_wconf 89' lang='lat' dir='ltr'><strong>commota</strong></span> <span class='ocrx_word' id='word_1_706' title='bbox 2295 4659 2445 4715; x_wconf 87' lang='lat' dir='ltr'><strong>sunt,</strong></span> <span class='ocrx_word' id='word_1_707' title='bbox 2506 4659 2617 4703; x_wconf 84' lang='lat' dir='ltr'><strong>tam</strong></span> <span class='ocrx_word' id='word_1_708' title='bbox 2685 4655 2855 4709; x_wconf 89' lang='lat' dir='ltr'><strong>terra,</strong></span> <span class='ocrx_word' id='word_1_709' title='bbox 2925 4657 3089 4714; x_wconf 86' lang='lat' dir='ltr'><strong>quam</strong></span> <span class='ocrx_word' id='word_1_710' title='bbox 3156 4647 3392 4696; x_wconf 87' lang='lat' dir='ltr'><strong>montes.</strong></span> 
     </span>
    </p>
   </div>
   <div class='ocr_carea' id='block_1_102' title="bbox 1825 4732 3397 4816">
    <p class='ocr_par' dir='ltr' id='par_1_102' title="bbox 1825 4732 3397 4816">
     <span class='ocr_line' id='line_1_102' title="bbox 1825 4732 3397 4816; baseline -0.014 -11"><span class='ocrx_word' id='word_1_711' title='bbox 1825 4748 2031 4805; x_wconf 88' lang='lat' dir='ltr'><strong>Deinde</strong></span> <span class='ocrx_word' id='word_1_712' title='bbox 2088 4746 2342 4816; x_wconf 87' lang='lat' dir='ltr'><strong>apparuit</strong></span> <span class='ocrx_word' id='word_1_713' title='bbox 2374 4741 2534 4797; x_wconf 90' lang='lat' dir='ltr'><strong>initio</strong></span> <span class='ocrx_word' id='word_1_714' title='bbox 2568 4738 2754 4795; x_wconf 83' lang='lat' dir='ltr'><strong>fumus</strong></span> <span class='ocrx_word' id='word_1_715' title='bbox 2776 4737 2872 4791; x_wconf 66' lang='lat' dir='ltr'><strong>irae</strong></span> <span class='ocrx_word' id='word_1_716' title='bbox 2922 4733 3065 4805; x_wconf 88' lang='lat' dir='ltr'><strong>ejus,</strong></span> <span class='ocrx_word' id='word_1_717' title='bbox 3123 4732 3178 4787; x_wconf 82' lang='lat' dir='ltr'><strong>et</strong></span> <span class='ocrx_word' id='word_1_718' title='bbox 3238 4737 3397 4801; x_wconf 81' lang='lat' dir='ltr'><strong>post-</strong></span> 
     </span>
    </p>
   </div>
   <div class='ocr_carea' id='block_1_103' title="bbox 1828 4822 3397 4909">
    <p class='ocr_par' dir='ltr' id='par_1_103' title="bbox 1828 4822 3397 4909">
     <span class='ocr_line' id='line_1_103' title="bbox 1828 4822 3397 4909; baseline -0.014 -11"><span class='ocrx_word' id='word_1_719' title='bbox 1828 4842 2050 4898; x_wconf 82' lang='lat' dir='ltr'><strong>modum</strong></span> <span class='ocrx_word' id='word_1_720' title='bbox 2091 4839 2232 4909; x_wconf 83' lang='lat' dir='ltr'><strong>ignis</strong></span> <span class='ocrx_word' id='word_1_721' title='bbox 2276 4847 2540 4889; x_wconf 87' lang='lat' dir='ltr'><strong>accensus</strong></span> <span class='ocrx_word' id='word_1_722' title='bbox 2571 4830 2722 4904; x_wconf 72' lang='lat' dir='ltr'><strong>fuit;</strong></span> <span class='ocrx_word' id='word_1_723' title='bbox 2748 4826 2835 4894; x_wconf 61' lang='lat' dir='ltr'><strong>tid</strong></span> <span class='ocrx_word' id='word_1_724' title='bbox 2860 4834 2967 4891; x_wconf 86' lang='lat' dir='ltr'><strong>est,</strong></span> <span class='ocrx_word' id='word_1_725' title='bbox 3007 4825 3186 4894; x_wconf 88' lang='lat' dir='ltr'><strong>palam</strong></span> <span class='ocrx_word' id='word_1_726' title='bbox 3222 4822 3397 4877; x_wconf 88' lang='lat' dir='ltr'><strong>iratus</strong></span> 
     </span>
    </p>
   </div>
   <div class='ocr_carea' id='block_1_104' title="bbox 1827 4913 3398 5004">
    <p class='ocr_par' dir='ltr' id='par_1_104' title="bbox 1827 4913 3398 5004">
     <span class='ocr_line' id='line_1_104' title="bbox 1827 4913 3398 5004; baseline -0.014 -16"><span class='ocrx_word' id='word_1_727' title='bbox 1827 4932 2080 5004; x_wconf 82' lang='lat' dir='ltr'><strong>apparuit</strong></span> <span class='ocrx_word' id='word_1_728' title='bbox 2106 4969 2121 4993; x_wconf 92' lang='lat'><strong>,</strong></span> <span class='ocrx_word' id='word_1_729' title='bbox 2145 4936 2365 4999; x_wconf 86' lang='lat' dir='ltr'><strong>propter</strong></span> <span class='ocrx_word' id='word_1_730' title='bbox 2397 4922 2726 4994; x_wconf 86' lang='lat' dir='ltr'><strong>supplicium</strong></span> <span class='ocrx_word' id='word_1_731' title='bbox 2782 4916 2933 4988; x_wconf 81' lang='lat' dir='ltr'><strong>quod</strong></span> <span class='ocrx_word' id='word_1_732' title='bbox 2981 4913 3223 4970; x_wconf 87' lang='lat' dir='ltr'><strong>inimicis</strong></span> <span class='ocrx_word' id='word_1_733' title='bbox 3254 4914 3398 4968; x_wconf 87' lang='lat' dir='ltr'><strong>irro-</strong></span> 
     </span>
    </p>
   </div>
   <div class='ocr_carea' id='block_1_105' title="bbox 1827 5006 3398 5097">
    <p class='ocr_par' dir='ltr' id='par_1_105' title="bbox 1827 5006 3398 5097">
     <span class='ocr_line' id='line_1_105' title="bbox 1827 5006 3398 5097; baseline -0.015 -17"><span class='ocrx_word' id='word_1_734' title='bbox 1827 5026 2010 5097; x_wconf 81' lang='lat' dir='ltr'><strong>gabat.</strong></span> <span class='ocrx_word' id='word_1_735' title='bbox 2069 5021 2315 5090; x_wconf 84' lang='lat' dir='ltr'><strong>Denique</strong></span> <span class='ocrx_word' id='word_1_736' title='bbox 2406 5031 2531 5071; x_wconf 90' lang='lat' dir='ltr'><strong>cum</strong></span> <span class='ocrx_word' id='word_1_737' title='bbox 2606 5023 2662 5069; x_wconf 88' lang='lat' dir='ltr'><strong>et</strong></span> <span class='ocrx_word' id='word_1_738' title='bbox 2733 5009 2991 5080; x_wconf 77' lang='lat' dir='ltr'><strong>supplicii</strong></span> <span class='ocrx_word' id='word_1_739' title='bbox 3070 5006 3398 5078; x_wconf 83' lang='lat' dir='ltr'><strong>gravitatem</strong></span> 
     </span>
    </p>
   </div>
   <div class='ocr_carea' id='block_1_106' title="bbox 1828 5096 3401 5183">
    <p class='ocr_par' dir='ltr' id='par_1_106' title="bbox 1828 5096 3401 5183">
     <span class='ocr_line' id='line_1_106' title="bbox 1828 5096 3401 5183; baseline -0.013 -13"><span class='ocrx_word' id='word_1_740' title='bbox 1828 5096 2104 5183; x_wconf 74' lang='lat' dir='ltr'><strong>explicare</strong></span> <span class='ocrx_word' id='word_1_741' title='bbox 2170 5109 2353 5174; x_wconf 88' lang='lat' dir='ltr'><strong>vellet,</strong></span> <span class='ocrx_word' id='word_1_742' title='bbox 2422 5106 2479 5160; x_wconf 90' lang='lat' dir='ltr'><strong>in</strong></span> <span class='ocrx_word' id='word_1_743' title='bbox 2529 5103 2691 5159; x_wconf 89' lang='lat' dir='ltr'><strong>obvia</strong></span> <span class='ocrx_word' id='word_1_744' title='bbox 2762 5102 3083 5168; x_wconf 84' lang='lat' dir='ltr'><strong>metaphora</strong></span> <span class='ocrx_word' id='word_1_745' title='bbox 3146 5111 3177 5150; x_wconf 89' lang='lat' dir='ltr'><strong>a</strong></span> <span class='ocrx_word' id='word_1_746' title='bbox 3232 5096 3401 5150; x_wconf 86' lang='lat' dir='ltr'><strong>rebus</strong></span> 
     </span>
    </p>
   </div>
   <div class='ocr_carea' id='block_1_107' title="bbox 1830 5187 3399 5273">
    <p class='ocr_par' dir='ltr' id='par_1_107' title="bbox 1830 5187 3399 5273">
     <span class='ocr_line' id='line_1_107' title="bbox 1830 5187 3399 5273; baseline -0.011 -13"><span class='ocrx_word' id='word_1_747' title='bbox 1830 5205 2111 5273; x_wconf 73' lang='lat' dir='ltr'><strong>corporeis</strong></span> <span class='ocrx_word' id='word_1_748' title='bbox 2160 5201 2448 5269; x_wconf 83' lang='lat' dir='ltr'><strong>desumpta</strong></span> <span class='ocrx_word' id='word_1_749' title='bbox 2503 5209 2757 5265; x_wconf 79' lang='lat' dir='ltr'><strong>pergens,</strong></span> <span class='ocrx_word' id='word_1_750' title='bbox 2822 5187 3153 5260; x_wconf 72' lang='lat' dir='ltr'><strong>subiunxit,</strong></span> <span class='ocrx_word' id='word_1_751' title='bbox 3206 5188 3399 5243; x_wconf 80' lang='lat' dir='ltr'><strong>Ascen-</strong></span> 
     </span>
    </p>
   </div>
   <div class='ocr_carea' id='block_1_108' title="bbox 1835 5296 2143 5365">
    <p class='ocr_par' dir='ltr' id='par_1_108' title="bbox 1835 5296 2143 5365">
     <span class='ocr_line' id='line_1_108' title="bbox 1835 5296 2143 5365; baseline 0 -17"><span class='ocrx_word' id='word_1_752' title='bbox 1835 5296 1912 5349; x_wconf 83' lang='lat' dir='ltr'><strong>dit</strong></span> <span class='ocrx_word' id='word_1_753' title='bbox 1945 5296 2143 5365; x_wconf 76' lang='lat' dir='ltr'><strong>fumus.</strong></span> 
     </span>
    </p>
   </div>
   <div class='ocr_carea' id='block_1_109' title="bbox 1904 5387 3400 5464">
    <p class='ocr_par' dir='ltr' id='par_1_109' title="bbox 1904 5387 3400 5464">
     <span class='ocr_line' id='line_1_109' title="bbox 1904 5387 3400 5464; baseline -0.014 -5"><span class='ocrx_word' id='word_1_754' title='bbox 1904 5405 2070 5459; x_wconf 70' lang='lat' dir='ltr'><strong>Vens.</strong></span> <span class='ocrx_word' id='word_1_755' title='bbox 2115 5399 2422 5456; x_wconf 90' lang='lat' dir='ltr'><strong>9.—Cum</strong></span> <span class='ocrx_word' id='word_1_756' title='bbox 2467 5394 2613 5451; x_wconf 88' lang='lat' dir='ltr'><strong>enim</strong></span> <span class='ocrx_word' id='word_1_757' title='bbox 2673 5393 2815 5464; x_wconf 79' lang='lat' dir='ltr'><strong>ignis</strong></span> <span class='ocrx_word' id='word_1_758' title='bbox 2869 5392 3140 5464; x_wconf 89' lang='lat' dir='ltr'><strong>plurimus</strong></span> <span class='ocrx_word' id='word_1_759' title='bbox 3222 5387 3400 5442; x_wconf 83' lang='lat' dir='ltr'><strong>factus</strong></span> 
     </span>
    </p>
   </div>
   <div class='ocr_carea' id='block_1_110' title="bbox 1844 5600 2413 5722">
    <p class='ocr_par' dir='ltr' id='par_1_110' title="bbox 1844 5600 2413 5722">
     <span class='ocr_line' id='line_1_110' title="bbox 1844 5600 1992 5639; baseline -0.02 0"><span class='ocrx_word' id='word_1_760' title='bbox 1844 5600 1969 5639; x_wconf 71' lang='grc' dir='ltr'>ιιυιτ</span> <span class='ocrx_word' id='word_1_761' title='bbox 1982 5627 1992 5636; x_wconf 93' lang='grc'><strong>.</strong></span> 
     </span>
     <span class='ocr_line' id='line_1_111' title="bbox 1915 5649 2413 5722; baseline -0.006 -18"><span class='ocrx_word' id='word_1_762' title='bbox 1915 5656 1990 5722; x_wconf 73' lang='grc'><strong>(5)</strong></span> <span class='ocrx_word' id='word_1_763' title='bbox 2020 5651 2095 5703; x_wconf 70' lang='lat' dir='ltr'><strong>Ex</strong></span> <span class='ocrx_word' id='word_1_764' title='bbox 2117 5649 2413 5722; x_wconf 15' lang='lat' dir='ltr'><strong>rCOl‘tleJiO.</strong></span> 
     </span>
    </p>
   </div>
   <div class='ocr_carea' id='block_1_111' title="bbox 1917 5720 2284 5793">
    <p class='ocr_par' dir='ltr' id='par_1_111' title="bbox 1917 5720 2284 5793">
     <span class='ocr_line' id='line_1_112' title="bbox 1917 5720 2284 5793; baseline 0 -19"><span class='ocrx_word' id='word_1_765' title='bbox 1917 5720 1993 5793; x_wconf 53' lang='grc' dir='ltr'>(ιι)</span> <span class='ocrx_word' id='word_1_766' title='bbox 2028 5721 2127 5774; x_wconf 75' lang='lat' dir='ltr'><strong>Mai</strong></span> <span class='ocrx_word' id='word_1_767' title='bbox 2151 5720 2284 5779; x_wconf 84' lang='lat' dir='ltr'><strong>ibid.</strong></span> 
     </span>
    </p>
   </div>
  </div>
